3988 6156
331 316 334 318 -
418 281 516 335 787

489 396 579 451 68.
607 395 812 452 Deinde
843 397 1032 452 Celsus
1061 398 1322 454 olfaciens
1347 397 1635 454 adductum
1659 397 1726 452 iri
1750 413 1868 467 qua}
1895 395 1985 452 Je-
2018 405 2067 460 Α

417 509 510 548 suis
535 490 661 547 fecit
681 494 966 559 miracula,
997 503 1051 548 et
1077 509 1143 548 ex
1189 493 1385 562 quibus
1409 506 1580 562 pauca
1612 491 1986 557 delibavimus,

420 581 573 651 ﬁngit
603 597 660 636 se
690 581 985 636 concedere
1010 595 1137 634 vera
1179 595 1300 634 esse
1331 595 1450 650 quae
1499 579 1706 646 scripta
1740 586 1866 631 sunt
1918 576 1988 630 de

417 674 817 737 curationibus,
840 677 905 727 de
927 674 1348 735 resurrectione,
1375 672 1438 726 de
1457 671 1644 742 paucis
1667 671 1900 738 panibus
1919 685 1985 724 ex

416 764 613 833 quibus
635 773 752 831 post
774 762 970 817 multos
998 772 1271 818 saturatos
1291 763 1456 816 multa
1485 761 1894 830 superfuerunt,
1929 768 1983 814 et

414 863 680 924 quotquot
718 853 995 908 existimat
1029 855 1226 920 mirum
1262 854 1315 907 in
1355 855 1573 908 modum
1614 853 1681 905 ab
1721 850 1982 921 apostolis

413 943 739 1010 amplilicata
766 944 950 1008 fuisse,
973 954 1107 1008 tum,
1133 947 1298 1013 «Age,
1319 944 1514 1011 inquit,
1534 943 1724 996 demus
1749 943 1862 996 hwc
1887 950 1986 996 ate

413 1043 582 1104 gesta.
623 1053 643 1086 ι
675 1035 786 1089 Sed
815 1035 1102 1089 confestim
1139 1035 1328 1090 eodem
1365 1034 1454 1088 illa
1486 1048 1710 1087 numero
1740 1033 1985 1088 habenda

410 1139 530 1198 esse
549 1126 697 1196 aitac
721 1141 780 1180 ea
799 1141 918 1196 quae
933 1126 1358 1195 praestigiatores
1374 1125 1598 1190 faciunt,
1622 1125 1823 1194 majora
1841 1123 1988 1180 sem?

411 1232 509 1287 per
537 1233 599 1272 ac
635 1217 841 1285 majora
872 1217 1224 1284 pollicentes;
1258 1226 1311 1270 et
1343 1232 1462 1286 quae
1499 1217 1704 1272 faciunt
1732 1218 1821 1286 qui
1854 1224 1982 1271 sunt

409 1307 754 1381 Egyptiacis
774 1309 980 1364 artibus
1010 1310 1226 1374 eruditi,
1257 1310 1344 1379 qui
1372 1310 1549 1365 medio
1568 1311 1619 1363 in
1644 1309 1778 1375 foro,
1798 1311 1981 1378 paucis

406 1404 584 1459 obolis
624 1403 958 1458 venerandas
1003 1418 1132 1458 suas
1171 1415 1316 1458 artes
1353 1401 1657 1466 venditant,
1713 1403 1977 1457 daemonia

405 1513 477 1554 ex
505 1495 814 1551 hominibus
829 1495 1138 1568 proﬂigant,
1164 1494 1452 1550 cxsuﬂlant
1490 1486 1726 1559 morbos,
1754 1496 1978 1552 hercum

407 1589 618 1643 animas
647 1595 898 1653 evocant,
916 1588 1137 1657 opipara
1172 1587 1442 1653 convivia,
1465 1601 1700 1651 mensas,
1724 1583 1977 1648 bellaria,

407 1679 634 1750 opsonia
653 1693 772 1747 qua:
803 1693 1074 1747 nunquam
1099 1677 1318 1732 fuerunt
1341 1677 1619 1741 exhibent,
1637 1676 1980 1745 agitantani-

407 1773 570 1826 malia
607 1787 726 1840 qua:
750 1786 874 1825 vere
906 1771 1047 1824 nulla
1070 1781 1216 1834 sunt,
1252 1771 1346 1825 sed
1379 1785 1532 1824 vanae
1571 1771 1833 1822 duntaxat
1864 1768 1980 1820 ami-

406 1864 670 1916 mantium
693 1863 976 1932 imagines.
997 1862 1114 1916 Mox
1136 1864 1209 1915 ait
1227 1880 1239 1916 :
1254 1862 1361 1914 «An
1379 1861 1502 1930 quia
1520 1861 1634 1913 lucc
1655 1859 1727 1912 illi
1747 1859 1974 1919 faciunt,

405 1953 568 2024 383
599 1953 799 2008 idcirco
835 1953 1164 2007 credendum
1216 1952 1377 2006 nobis
1421 1950 1532 2005 erit
1570 1949 1692 2004 illos
1722 1962 1843 2004 esse
1879 1946 1975 2001 Dei

407 2046 586 2100 ﬁlios?
620 2045 700 2100 An
736 2045 914 2114 potius
941 2044 1231 2098 dicendum
1264 2041 1636 2112 improborum
1667 2050 1725 2095 et
1748 2040 1977 2095 nebulo-

404 2154 533 2192 num
559 2152 678 2192 csse
702 2136 1014 2205 ltujusmodi
1044 2135 1225 2190 artes?
1250 2154 1268 2186 ι
1302 2133 1440 2190 Hinc
1465 2133 1733 2204 perspicis
1757 2131 1974 2187 Celsum

402 2231 473 2283 ab
507 2230 845 2284 admittenda
877 2230 1053 2298 magia
1085 2243 1190 2282 non
1235 2227 1475 2282 alienum
1505 2241 1626 2282 esse
1657 2225 1972 2279 admodum.

399 2321 597 2377 Nescio
628 2333 811 2377 tamen
857 2338 923 2376 an
975 2321 1065 2376 ille
1121 2321 1234 2390 ipse
1285 2319 1356 2375 sit
1388 2320 1477 2390 qui
1533 2319 1733 2373 multos
1787 2325 1971 2372 contra

399 2413 636 2483 magiam
664 2413 833 2468 libros
859 2412 1270 2481 conscripserit.
1301 2410 1694 2465 Verumtamen
1721 2408 1845 2478 quia
1871 2407 1972 2463 hoc

397 2505 513 2573 ejus
537 2508 814 2574 proposito
843 2503 1191 2558 commodum
1219 2510 1373 2568 erat,
1409 2516 1531 2569 quae
1563 2500 1630 2554 de
1665 2498 1790 2554 Jesu
1841 2514 1972 2552 nar-

398 2608 592 2650 rantur
652 2603 939 2665 comparat
961 2610 1085 2650 cum
1116 2595 1182 2648 iis
1211 2608 1331 2661 quae
1367 2592 1540 2662 magia
1570 2590 1754 2646 efﬁcit.
1791 2588 1858 2642 Et
1886 2604 1972 2643 es-

396 2695 517 2742 sent
552 2687 750 2740 similia
786 2687 831 2741 si
875 2686 1055 2752 Jesus,
1095 2694 1152 2739 ut
1186 2684 1277 2753 qui
1329 2684 1570 2752 magicas
1621 2691 1768 2736 artes
1804 2680 1970 2748 proii-

401 2788 601 2842 .entur,
657 2778 790 2832 nihil
841 2787 1042 2846 praeter
1094 2791 1290 2830 vanam
1340 2774 1577 2844 Speciem
1613 2773 1968 2827 ostendisset.

397 2865 552 2920 Nunc
581 2882 710 2921 vero
752 2865 932 2921 nullus
959 2864 1326 2935 pramtigiator
1376 2876 1474 2930 per
1519 2876 1582 2915 ea
1628 2876 1748 2930 qua:
1793 2859 1967 2924 facit,

398 2967 741 3027 spectatores
773 2959 841 3012 ad
875 2971 1086 3010 morum
1138 2954 1574 3010 emendationem
1613 2952 1850 3016 excitat,
1878 2958 1971 3004 aut

1893 277 2210 336 ORIGENIS

3567 277 3661 336 788

2176 396 2332 470 Ἑξῆς
2371 394 2428 450 δέ
2457 392 2664 460 τούτοις
2691 396 2720 450 6
2748 396 2974 462 Κέλσος,
3004 394 3322 466 ὑπιδόμενος
3363 393 3430 446 τὰ
3463 395 3661 449 ἐπιδει-

2091 489 2398 561 χθησόμενα
2433 488 2537 541 ὑπὸ
2567 487 2660 540 τοῦ
2700 488 2872 560 Ἰησοῦ
2903 487 3243 558 γεγενημένα
3273 485 3502 556 μεγάλα,
3539 487 3662 558 περὶ

2089 576 2164 635 ὧν
2195 582 2349 651 ὀλίγα
2378 581 2485 635 ἀπὸ
2530 583 2738 636 πολλῶν
2781 581 3105 651 εἰρήκαμεν,
3135 579 3509 648 προσποιεῖται
3534 594 3662 646 συγ-

2089 679 2282 748 χωρεῖν
2316 676 2485 747 ἀληθῆ
2519 673 2677 738 εἶναι,
2713 677 2814 729 ὅσα
2839 674 2966 744 περὶ
2997 670 3325 744 θεραπειῶν,
3360 669 3393 740 ἦ
3425 670 3652 724 ἀναστά-

2090 784 2244 831 σεως,
2277 766 2308 836 ἣ
2336 769 2462 838 περὶ
2495 768 2672 838 ἄρτων
2697 767 2893 834 ὀλίγων
2925 764 3240 836 θρεψάντων
3282 760 3507 824 πολλοὺς
3541 761 3662 815 ἀνα-

2086 857 2412 927 γέγραπται,
2465 857 2556 924 ἀφ’
2605 849 2679 908 ὧν
2730 855 2956 924 λείψανα
3001 852 3172 905 πολλά
3216 849 3655 912 καταλέλειπται,

2085 947 2118 1017 ἢ
2164 948 2262 999 ὅσα
2296 946 2428 999 ἀλλα
2474 948 2643 1000 οἴεται
2697 944 3190 1017 τερατευσαμένους
3238 942 3364 1006 τοὺς
3417 941 3660 1013 μαθητὰς

2089 1037 2449 1109 ίστορηκέναι,
2481 1038 2575 1092 καὶ
2605 1038 2852 1108 ἐπιφέρει
2886 1036 3085 1098 αὐτοῖς·
3128 1051 3146 1084 ι
3183 1033 3319 1105 Φέρε
3354 1032 3658 1086 πιστεύσωο

2087 1144 2186 1198 μεν
2223 1123 2360 1180 εἷναί
2411 1145 2491 1180 σοι
2530 1127 2680 1180 ταῦτ’
2711 1126 3064 1197 εἰργασμέναο
3101 1145 3119 1177 ι
3151 1126 3245 1178 καὶ
3274 1124 3475 1187 εὐθέως
3495 1142 3660 1178 κοινο-

2084 1221 2229 1271 ποιεῖ
2256 1218 2393 1271 αὐτά
2423 1219 2558 1289 πρὸς
2587 1219 2653 1271 τὰ
2683 1218 2817 1290 ἔργα
2855 1218 2962 1271 τῶν
2993 1221 3224 1288 γοήτων,
3252 1217 3328 1279 ὡς
3366 1218 3659 1286 ὑπισχνουο

2086 1311 2261 1381 μένων
2301 1309 2742 1382 θαυμασιώτερα,
2787 1312 2880 1364 καὶ
2926 1310 3060 1381 πρὸς
3089 1310 3159 1364 τὰ
3193 1309 3296 1363 ὑπὸ
3327 1309 3436 1362 τῶν
3462 1308 3660 1379 μαθόν-

2080 1419 2188 1455 των
2215 1401 2323 1454 ἀπὺ
2346 1402 2655 1470 Αἰγυπτίων
2671 1401 2779 1474 (24)
2803 1402 3214 1471 ἐπιτελούμενα,
3237 1404 3295 1455 ἐν
3321 1401 3514 1473 μέσαις
3530 1402 3656 1468 ἀγο-

2087 1495 2206 1564 ραῖς
2227 1493 2419 1561 ὀλίγων
2439 1492 2640 1546 ὀϐολῶν
2664 1494 3010 1564 ἀποδομένων
3041 1493 3111 1546 τὰ
3135 1511 3191 1546 σε
3200 1493 3304 1564 μνά
3337 1491 3652 1563 μαθήματα,

2081 1587 2173 1639 καὶ
2234 1586 2494 1656 δαίμονας
2553 1586 2661 1639 ἀπὸ
2720 1584 3017 1656 ἀνθρώπων
3078 1584 3495 1649 ἐξελαυνόντων,
3561 1582 3656 1635 καὶ

2080 1678 2268 1742 νόσους
2297 1677 2720 1747 ἀποφυσῶντων,
2756 1679 2850 1731 καὶ
2889 1677 3067 1748 ψυχὰς
3097 1675 3292 1748 ήρώων
3325 1672 3656 1729 ἀνακαλούν-

2079 1787 2208 1834 των,
2263 1770 2456 1825 δεῖπνά
2499 1789 2558 1824 τε
2615 1770 2879 1842 πολυτελῆ
2927 1770 3020 1822 καὶ
3064 1768 3342 1842 τραπέζας
3373 1753 3483 1821 και
3513 1766 3656 1836 πέμ-

2083 1878 2227 1932 ματα
2254 1861 2347 1915 καὶ
2375 1861 2480 1931 ὄψα
2509 1862 2576 1914 τὰ
2606 1863 2706 1915 οὐκ
2735 1861 2863 1915 ὄντα
2907 1860 3253 1925 δεικνύντων,
3292 1861 3386 1912 καὶ
3430 1858 3507 1919 ὡς
3538 1854 3655 1920 ζῶα

2079 1955 2369 2009 κινούντων
2394 1955 2492 2008 οὐκ
2520 1954 2734 2024 ἀληθῶς
2758 1953 2887 2007 ὄντα
2931 1954 3065 2019 ζῶα,
3093 1953 3227 2007 ἀλλὰ
3259 1953 3418 2024 μέχρι
3450 1967 3657 2020 φαντα-

2080 2047 2198 2110 σίας
2228 2047 2524 2117 φαινόμενα
2553 2047 2661 2117 (25)
2695 2047 2936 2100 τοιαῦτα.
2969 2047 3078 2099 Καί
3106 2063 3287 2118 φησιν·
3319 2064 3336 2095 ι
3366 2039 3492 2114 ’Ἆρ’
3529 2041 3654 2096 ἐπεὶ

2077 2138 2244 2190 ταῦτα
2268 2137 2507 2190 ποιοῦσιν
2535 2141 2750 2202 ἐκεῖνοι,
2774 2138 2955 2210 δεήσει
2984 2140 3130 2209 ἡμᾶς
3165 2138 3360 2201 αὐτοὺς
3397 2135 3653 2208 ἡγεῖσθαι

2077 2230 2227 2293 υἱοὺς
2280 2225 2417 2282 εἶναι
2461 2229 2629 2294 Θεοῦ;
2687 2231 2756 2282 Ἦ
2803 2229 3019 2282 λεκτέον
3051 2229 3189 2283 αύτά
3243 2227 3650 2300 ἐπιτηδεύματα

2076 2314 2215 2373 εἶναι
2235 2320 2330 2373 ἀνθ
2342 2319 2534 2391 ρώπων
2555 2319 2803 2391 πονηρῶν
2837 2321 2930 2373 καὶ
2963 2319 3405 2390 κακοδαιμόνων;
3435 2339 3454 2372 ι
3487 2320 3652 2391 Ὁρᾷς

2073 2411 2149 2476 ώς
2194 2412 2281 2465 διὰ
2333 2412 2538 2465 τούτων
2579 2413 2740 2465 οἱονεὶ
2792 2411 3155 2483 παραδέχεται
3206 2410 3439 2482 μαγείαν
3482 2407 3645 2464 εἶναι’

2074 2505 2174 2558 οὐκ
2207 2499 2322 2556 οἴδα
2355 2505 2402 2556 εἰ
2447 2505 2475 2556 ὀ
2521 2505 2681 2567 αὐτὸς
2729 2504 2802 2555 ὢν
2833 2503 2910 2574 τῷ
2939 2503 3208 2574 γράψαντι
3241 2503 3381 2556 κατά
3417 2503 3647 2573 μαγείας

2075 2596 2252 2666 βιϐλία
2286 2596 2521 2650 πλείονα.
2559 2596 2704 2667 Πλὴν
2727 2596 2809 2658 ώς
2839 2597 3108 2668 χρήσιμον
3136 2594 3282 2666 αὐτῷ
3314 2597 3392 2659 εἰς
3417 2594 3487 2648 τὰ
3509 2611 3646 2666 προ-

2073 2689 2321 2759 κείμενα,
2370 2691 2482 2752 τοῖς
2539 2688 2646 2741 ἀπὸ
2689 2687 2920 2758 μαγείας
2950 2687 3127 2756 ὁμοιοῖ
3170 2685 3239 2739 τὰ
3290 2687 3416 2755 περὶ
3469 2683 3642 2756 Ἰησοῦ

2073 2780 2447 2852 ἱστορούμενα.
2481 2779 2591 2832 Καὶ
2633 2774 2700 2848 ἦν
2754 2778 2820 2830 ἂν
2852 2778 3032 2848 ὅμοια,
3067 2777 3114 2829 εί
3143 2775 3300 2846 μέχρι
3322 2774 3646 2841 ἀποδείξεως

2070 2871 2272 2940 ὁμοίως
2306 2873 2419 2933 τοῖς
2467 2868 2896 2940 μαγγανεύουσιν
2953 2866 3151 2936 ἔφθανε
3196 2866 3395 2932 δείξας·
3426 2866 3542 2919 νυνὶ
3584 2864 3643 2918 δὲ

2069 2961 2244 3025 οὐδεὶς
2286 2961 2383 3031 μὲν
2428 2960 2534 3029 τῶν
2583 2961 2793 3030 γοήτων
2825 2959 2893 3012 δι’
2925 2951 2999 3012 ὧν
3033 2959 3206 3022 ποιεῖ,
3259 2957 3352 3010 ἐπὶ
3387 2957 3489 3027 τὴν
3531 2954 3643 3008 τῶν

395 3051 494 3106 Dei
526 3051 774 3106 timorem
799 3051 958 3107 docet
984 3050 1076 3120 qui
1107 3048 1431 3118 spectaculis
1457 3054 1703 3116 stupent,
1732 3052 1826 3098 aut
1856 3053 1966 3098 stu-

2075 3053 2218 3125 ἠθῶν
2265 3052 2636 3124 ἐπανόρθωσιν
2697 3052 2852 3104 καλεῖ
2911 3052 3036 3114 τοὺς
3090 3049 3493 3120 θεασαμένους,
3522 3048 3643 3102 οὐδὲ

395 3142 486 3198 det
516 3143 847 3211 persuadere
875 3151 934 3196 ut
963 3142 1170 3206 vivant,
1203 3140 1359 3210 quasi
1385 3139 1496 3194 Deo
1533 3138 1799 3192 rationem
1839 3135 1963 3190 red-

395 3234 582 3289 dituri.
612 3231 758 3287 Nihil
785 3233 976 3287 horum
1009 3231 1436 3301 praestigiatores
1463 3229 1672 3284 faciunt
1698 3229 1821 3298 quia
1860 3243 1964 3281 non

392 3333 658 3394 possunt,
713 3331 812 3378 aut
875 3338 980 3377 non
1013 3323 1300 3378 consilium
1357 3322 1586 3388 habent,
1632 3330 1725 3374 aut
1777 3320 1966 3374 nolunt

393 3417 738 3492 corrigendis
787 3415 1100 3472 hominibus
1132 3431 1355 3486 operam
1408 3414 1574 3480 dare,
1629 3413 1828 3482 quippe
1872 3411 1964 3481 qui

393 3511 496 3578 ipsi
535 3508 870 3579 turpissimis
913 3508 1402 3577 iul‘amissimisque
1428 3506 1575 3560 vitiis
1596 3505 1782 3561 referti
1813 3515 1962 3559 sunt.

392 3599 494 3656 Hic
519 3615 668 3663 vero,
703 3600 793 3670 qui
824 3599 1108 3653 miraculis
1136 3599 1249 3653 suis
1274 3605 1610 3668 spectatores
1633 3610 1818 3650 eorum
1844 3611 1963 3664 quae

390 3690 529 3743 bene
561 3689 796 3744 faciebat
822 3688 889 3742 ad
935 3702 1146 3741 morum
1200 3685 1600 3742 correctionem
1639 3685 1961 3747 adducebat,

388 3779 664 3848 quomodo
695 3794 802 3832 non
838 3779 942 3831 erit
978 3779 1378 3832 existimandus
1423 3793 1482 3832 se
1527 3775 1822 3846 prmbuisse
1851 3789 1961 3828 non

391 3870 566 3925 solum
600 3870 704 3924 illis
735 3870 826 3937 qui
881 3869 1098 3938 proprie
1130 3869 1381 3938 discipuli
1431 3868 1550 3936 ejus
1582 3867 1758 3921 vocati
1806 3873 1960 3930 sunt,

389 3961 486 4015 sed
521 3961 682 4014 etiam
741 3958 966 4027 reliquis
1014 3959 1309 4024 omnibus,
1375 3958 1682 4028 exemplum
1738 3955 1962 4025 optima:

386 4051 548 4105 vitae?
579 4050 867 4120 Discipulis
893 4048 1137 4119 quidem,
1171 4058 1230 4103 ut
1258 4050 1636 4104 excitarentur
1679 4048 1746 4101 ad
1781 4046 1961 4101 homi-

385 4158 482 4198 nes
509 4143 782 4197 docendos
835 4156 956 4210 quae
987 4141 1059 4196 sit
1091 4139 1345 4194 voluntas
1386 4139 1519 4205 Dei;
1570 4138 1798 4208 reliquis
1831 4153 1962 4192 vero

385 4235 714 4297 hominibus,
751 4243 810 4289 ut
837 4236 954 4306 ejus
980 4235 1166 4289 verbis
1191 4242 1245 4288 et
1302 4233 1547 4287 moribus
1587 4231 1767 4300 potius
1797 4245 1959 4300 quam

385 4323 667 4378 miraculis
695 4325 873 4379 edocti
903 4323 1178 4393 quomodo
1211 4321 1395 4376 vivere
1419 4330 1704 4391 oporteat,
1732 4335 1798 4375 eo
1829 4333 1960 4388 spe-

2072 3144 2220 3216 φόϐῳ
2247 3144 2379 3197 Θεοῦ
2423 3144 2758 3212 παιδαγωγεῖ
2791 3144 2916 3208 τοὺς
2953 3142 3397 3210 καταπλαγέντας
3422 3140 3491 3194 τά
3526 3140 3646 3194 θεά-

2074 3256 2239 3309 ματα,
2277 3238 2396 3290 οὐδὲ
2429 3238 2682 3307 πειρᾶται
2716 3233 2920 3287 πείθειν
2950 3233 3091 3287 οὓτω
3125 3235 3222 3304 ζῇν
3249 3235 3374 3296 τοὺς
3412 3232 3639 3294 ἰδόντας,

2067 3330 2142 3392 ώς
2174 3328 2702 3399 δικαιωθήσομένους
2750 3326 2854 3380 ὑπὸ
2876 3323 3032 3380 Θεοῦ.
3085 3327 3195 3379 Καὶ
3237 3325 3388 3378 οὐδὲν
3436 3322 3645 3377 τούτων

2069 3417 2280 3471 ποιοῦσι
2313 3419 2505 3490 γόητες
2523 3459 2537 3483 ,
2570 3417 2757 3488 ἐπειδὴ
2785 3418 2844 3470 οὐ
2881 3416 3129 3470 δύνανται
3150 3458 3166 3483 ,
3205 3416 3238 3487 ἢ
3267 3417 3399 3488 μηδέ
3428 3414 3643 3486 βούλον-

2066 3525 2176 3573 ται,
2216 3509 2350 3580 μηδὲ
2379 3508 2587 3562 θέλουσι
2613 3505 3094 3579 πραγματεύεσθαι
3129 3506 3240 3577 (26)
3282 3506 3348 3559 τὰ
3386 3504 3514 3575 περ)⁵
3542 3503 3644 3573 τῆς

2066 3598 2174 3652 τῶν
2199 3597 2499 3670 ἀνθρώπων
2542 3597 2902 3668 διορθώσεως,
2941 3597 3035 3650 ἅτε
3081 3597 3177 3650 καὶ
3222 3596 3374 3650 αὐτοὶ
3416 3595 3644 3668 πλήρεις

2066 3689 2219 3754 ὀντες
2261 3690 2556 3760 αἰσχίστων
2591 3691 2687 3743 καὶ
2720 3688 3164 3761 ἐπιρρητοτάτων
3198 3688 3641 3760 ἁμαρτημάτων.

2077 3780 2136 3832 '0
2174 3779 2230 3831 δὲ
2275 3779 2342 3832 δι’
2382 3772 2456 3831 ὧν
2506 3778 2679 3832 ἐποίει
2704 3777 3024 3850 παραδόξων
3078 3777 3172 3830 ἐπὶ
3217 3779 3316 3849 τὴν
3356 3779 3465 3832 τῶν
3494 3779 3642 3850 ήθῶν

2069 3869 2440 3940 ἐπανόρθωσιν
2481 3870 2820 3941 ἐπαγόμενος
2879 3872 2990 3943 (27)
3038 3873 3164 3934 τοὺς
3208 3869 3544 3942 θεωροῦντας
3572 3869 3641 3922 τὰ

2063 3960 2356 4030 γιγνόμενα
2385 3961 2587 4025 καλῶς,
2624 3962 2740 4026 πῶς
2768 3963 2868 4015 οὐκ
2901 3962 3047 4026 είκὸς
3070 4003 3085 4028 ,
3113 3963 3194 4015 ὅτι
3227 3963 3485 4032 παρεῖχεν
3512 3960 3638 4011 ἐαυ-

2063 4053 2154 4105 τὸν
2187 4053 2245 4105 ob
2271 4053 2431 4124 μόνον
2455 4055 2564 4117 τοῖς
2597 4053 2840 4124 γνησίοις
2871 4053 3036 4107 αὑτοῦ
3071 4053 3361 4124 μαθηταῖς,
3387 4051 3522 4105 ἀλλά
3546 4052 3639 4104 καὶ

2062 4148 2174 4209 τοῖς
2221 4145 2427 4208 λοιποῖς
2468 4141 2821 4216 παράδειγμα
2855 4145 3076 4216 ἀρίστου
3113 4145 3264 4214 piae;
3313 4144 3398 4196 ἵνα
3443 4145 3536 4197 καὶ
3588 4145 3638 4196 οἱ

2067 4235 2307 4307 μαθηταὶ
2332 4235 2719 4308 προτραπῶσιν
2747 4237 2838 4288 ἐπὶ
2865 4237 2925 4289 τὸ
2953 4235 3226 4289 διδάσκειν
3263 4235 3402 4289 κατά
3445 4234 3505 4287 τὸ
3543 4233 3639 4288 τοῦ

2064 4327 2198 4380 Θεοῦ
2229 4327 2473 4398 βούλημα
2505 4330 2632 4390 τοὺς
2669 4326 3020 4400 ἀνθρώπους,
3054 4327 3148 4381 καὶ
3171 4329 3218 4380 οἱ
3247 4328 3442 4395 λοιποὶ,
3479 4327 3638 4380 πλέον

385 4425 616 4482 ctarent,
650 4425 706 4469 ut
736 4430 1075 4485 quaecunque
1110 4414 1375 4480 facerent,
1399 4414 1507 4466 Deo
1535 4413 1810 4482 placerent
1841 4425 1958 4464 om-

2075 4419 2399 4488 Ξιδαχθέντες
2435 4419 2542 4472 ἀπὸ
2562 4419 2654 4472 τοῦ
2689 4418 2847 4488 λόγου
2880 4421 2973 4473 καὶ
3001 4421 3164 4490 ἤθους
3195 4421 3226 4492 ἢ
3264 4421 3356 4474 καλ¹
3388 4421 3495 4474 τῶν
3529 4438 3636 4473 πα-

383 4505 496 4557 nia.
525 4504 581 4560 Si
614 4514 796 4558 autem
820 4503 946 4558 Jesu
975 4505 1086 4558 vita
1105 4504 1205 4557 fuit
1235 4504 1524 4572 ejusmodi,
1552 4519 1660 4573 quo
1684 4505 1809 4574 jure
1834 4504 1957 4573 quis

382 4612 505 4650 eum
529 4612 652 4652 cum
696 4594 1188 4664 prmstigiatoribus
1215 4595 1490 4658 conferat,
1529 4607 1582 4649 et
1623 4611 1730 4649 non
1777 4596 1956 4663 petius

382 4686 677 4742 crediderit
707 4699 856 4749 eum,
885 4701 1010 4740 cum
1037 4686 1180 4740 Deus
1205 4696 1374 4752 esset,
1401 4694 1456 4738 ut
1485 4685 1811 4755 promissum
1845 4685 1960 4738 fue-

385 4783 493 4838 rat,
526 4776 704 4829 visum
739 4774 910 4830 fuisse
945 4775 997 4830 in
1026 4777 1265 4830 humano
1293 4791 1544 4846 corpore,
1575 4786 1632 4829 ut
1655 4785 1841 4830 nostro
1864 4787 1956 4844 ge-

386 4867 502 4920 neri
543 4866 862 4936 prodesset?

453 5047 544 5103 69.
574 5046 876 5101 Permiscet
905 5056 1089 5116 postea
1118 5061 1423 5102 sermonem
1476 5048 1668 5103 Celsus
1690 5087 1705 5111 ,
1745 5058 1798 5103 et
1834 5064 1954 5118 quae

381 5149 414 5188 a
442 5134 696 5203 quapiam
727 5143 874 5187 secta
907 5133 1049 5187 dicta
1084 5145 1246 5199 sunt,
1296 5136 1546 5191 omnibus
1585 5136 1954 5192 Christianam

452 5291 566 5364 (24)
603 5291 736 5364 Ἀπό
756 5291 1112 5364 ᾼὶγρπτίων.
1141 5293 1264 5346 llch
1291 5302 1373 5347 est
1401 5294 1685 5349 iuterlinea
1698 5297 1769 5349 ris
1791 5295 1953 5351 lectio

377 5361 581 5432 veteris
614 5362 816 5432 codicis
863 5361 1134 5432 Vaticani;
1181 5364 1372 5432 reliqui
1422 5378 1551 5417 mss.
1612 5380 1732 5418 cum
1789 5367 1952 5421 editis

381 5429 735 5501 habent,bst6
756 5431 1090 5501 Αἰγυπτίων,
1127 5429 1379 5497 ιιιειιθίιλη,
1410 5434 1640 5488 videtur.

474 5501 564 5574 c£254)
588 5500 1366 5574 _Lil_)l_).ieditiAadgntarginem
1391 5544 1405 5567 ,
1446 5502 1776 5574 βλεπόμενα.

473 5570 561 5638 26)
579 5569 746 5642 Codd.
768 5573 922 5642 ﬂag"
947 5569 1273 5642 liasileensis
1299 5583 1352 5628 et
1384 5569 1942 5642 uterque'Vaticanus,

382 5639 924 5722 πραγματεύσασθαι.
965 5640 1172 5712 Reliqui
1206 5660 1325 5699 cum
1353 5639 1535 5712 editis,
1572 5644 1950 5716 πραγματεύες

381 5715 520 5758 σθαι.

2067 4509 2303 4580 ραδόξων
2327 4511 2402 4573 ὡς
2436 4510 2539 4580 χρὴ
2572 4509 2737 4579 βιοῦν,
2771 4511 2949 4564 πάντα
2983 4512 3260 4581 πράττωσι
3287 4513 3407 4566 κατ’
3439 4515 3639 4581 ἀναφο-

2069 4600 2167 4671 ρὰν
2204 4599 2294 4652 τοῦ
2328 4601 2585 4669 ἀρέσκειν
2625 4601 2702 4670 τῷ
2743 4601 2836 4653 ἐπὶ
2873 4603 3006 4654 πᾶσι
3039 4603 3174 4672 Θεῷ.
3217 4604 3278 4656 El
3309 4604 3366 4656 δέ
3401 4604 3636 4666 τοιοῦτος

2062 4689 2130 4761 ἦν
2159 4693 2186 4744 6
2215 4690 2308 4742 τοῦ
2356 4691 2529 4760 Ἰησοῦ
2578 4691 2720 4761 βίος,
2753 4692 2871 4756 πῶς
2899 4692 3132 4760 εὐλόγως
3165 4695 3228 4748 ἄν
3258 4711 3340 4756 τις
3373 4694 3536 4747 αὑτὸν
3567 4697 3633 4767 τῇ

2064 4781 2382 4853 προαιρέσει
2427 4781 2534 4833 τῶν
2588 4783 2798 4853 γοήτων
2849 4784 3174 4856 παραϐάλοι,
3239 4787 3331 4839 καὶ
3391 4785 3464 4856 μὴ
3516 4803 3618 4839 κατ

2062 4869 2391 4936 ἐπαγγελίαν
2424 4869 2516 4923 τοῦ
2539 4869 2669 4923 Θεὸν
2691 4867 2826 4924 εἷναι
2851 4873 3093 4926 πιστεύοι
3112 4874 3220 4944 (28)
3240 4876 3294 4927 ἐν
3313 4874 3636 4946 ἀνθρωπίνῳ

2067 4963 2299 5031 φανέντα
2327 4963 2537 5034 σώματι
2567 4966 2652 5018 ἐπ’
2683 4966 2970 5036 εὐεργεσίᾳ
2995 4965 3090 5019 τοῦ
3120 4967 3308 5035 γένους
3334 4965 3522 5036 ήμῶν;

2135 5054 2286 5107 Μετὰ
2315 5054 2484 5108 ταῦτα
2519 5053 2703 5126 φύρων
2735 5056 2824 5108 τὸν
2858 5055 3014 5124 λόγον
3043 5056 3135 5109 καὶ
3155 5056 3223 5108 τὰ
3249 5055 3351 5108 ὑπὸ
3368 5052 3632 5125 αἱρέσεώς

2064 5164 2208 5210 τινος
2261 5147 2545 5218 λεγόμενα,
2596 5148 2671 5212 ὡς
2733 5148 2888 5202 κοινὰ
2918 5147 3258 5218 Χριστιανῶν
3312 5148 3627 5218 ἐγκλήματα

2135 5303 2246 5372 (27)
2291 5304 2701 5373 Ἐπαγόμενοᾳ
2757 5304 2907 5360 llauc
2955 5320 3138 5360 vocem
3175 5306 3223 5358 in
3267 5314 3421 5359 antea
3470 5302 3626 5357 editis

2058 5375 2318 5426 omissam
2351 5375 2589 5426 restituit
2619 5376 2782 5427 codex
2813 5374 3078 5428 Julianus.
3110 5375 3228 5427 Mox
3260 5389 3622 5436 omnesmss.,

2058 5443 2440 5524 τάχέγνόμενα
2467 5441 2666 5507 καλῶς.
2704 5444 2863 5497 Liblt.
2892 5447 3019 5500 editi
3051 5460 3148 5513 pro
3193 5443 3370 5507 καλῶς
3431 5443 3626 5498 habent

2058 5530 2088 5564 κ
2095 5530 2236 5564 αΑων
2245 5551 2258 5564 ι

2129 5578 2507 5654 (28λβιιίριο
2558 5584 3194 5654 scribemlumwvidetur,
3233 5583 3334 5654 καὶ
3389 5582 3462 5654 μὴ
3504 5575 3623 5635 κατ’

2055 5650 2384 5720 ἐπαγγελίαν
2405 5652 2509 5728 τοῦ
2547 5652 2701 5717 Θεοῦ,
2729 5654 2857 5706 Θεζν
2890 5651 3025 5707 εἶναι
3056 5653 3316 5708 πιστεύοι.
