3988 6156
327 302 429 358 ’189

1518 287 1795 347 CONTRA
1832 285 2109 345 CELSUM
2140 286 2269 342 LIB.
2310 285 2352 340 ι.

3442 276 3546 330 798

329 415 460 467 πᾶσι
482 413 593 474 τοῖς
614 407 720 463 ἀπὸ
748 406 840 460 τοῦ
862 405 1006 460 θείου
1043 404 1332 475 προσάγων
1365 403 1546 471 λόγου,
1579 404 1741 474 φησὶν
1762 443 1777 467 ,
1809 403 1889 455 ὅτι

1992 402 2299 457 doctrinam
2329 394 2769 453 consectantibus
2812 403 2872 448 ut
2909 391 3218 449 communia
3263 390 3547 460 objicieus,

334 522 354 557 1
384 501 514 556 Θεοῦ
559 499 658 552 οὐκ
703 497 769 551 ἂν
810 498 895 569 εῐη
944 494 1182 548 τοιοῦτον
1222 493 1379 564 σῶμα
1399 533 1415 558 ,
1448 488 1559 547 οἷον
1602 493 1662 546 τὸ
1701 493 1812 546 σόν.
1860 510 1879 543 ι

339 592 471 647 Ἀλλ’
511 592 672 660 ἡμεῖς
716 588 853 659 πρὸς
882 585 1073 650 ταῦτα,
1111 584 1269 655 σῶμα
1298 584 1458 638 αὑτὸν
1492 584 1717 653 λέγομεν
1746 584 1887 636 ἀνει-

326 682 571 754 ληφέναι,
606 681 680 743 ὼς
710 680 817 732 ἀπὸ
841 677 1079 748 θηλείας,
1104 675 1183 745 τῷ
1217 675 1313 745 βίῳ
1340 674 1773 743 ἐπιδημήσαντα,
1803 674 1891 725 ἀν-

327 774 625 845 θρώπινον,
673 771 768 823 καὶ
814 769 1041 822 θανάτου
1087 763 1426 836 ἀνθρωπίνου
1471 762 1578 835 (29)
1622 762 1886 817 δεκτικόν.

323 864 411 919 Διὸ
459 864 595 936 πρὸς
646 866 756 925 τοῖς
794 861 972 924 ἄλλοις
1018 860 1112 911 καὶ
1155 858 1324 927 μέγαν
1366 856 1666 925 ἀγωνιστὴν
1727 852 1888 906 αὐτόν

323 970 497 1025 φαμεν
535 954 834 1023 γεγονέναι,
864 950 950 1004 διὰ
981 950 1042 1002 τὸ
1070 946 1405 1018 ἀνθρώπινον
1438 945 1614 1016 σῶμα,
1654 962 1671 994 1
1701 960 1889 996 πεπει-

326 1047 592 1118 ρασμένον
640 1062 660 1097 ι
717 1044 815 1115 μὲν
865 1044 1066 1113 ὁμοίως
1109 1041 1273 1093 πᾶσιν
1330 1037 1633 1109 ἀνθρώποις
1682 1057 1702 1089 1
1748 1037 1890 1091 κατὰ

324 1136 498 1189 πάντα
524 1174 539 1199 ,
593 1154 612 1187 ι
656 1134 837 1188 οὐκέτι
860 1133 928 1196 δ’,
958 1132 1032 1195 ὠς
1064 1130 1340 1201 ἄνθρωποι
1386 1128 1529 1198 μετὰ
1579 1128 1886 1200 ἁμαρτίας,

323 1227 455 1282 ἀλλὰ
480 1227 660 1293 πάντη
694 1246 712 1277 1
748 1226 917 1296 χωρὶς
952 1223 1245 1293 ἁμαρτίας.
1293 1241 1312 1273 ι
1347 1221 1573 1294 Τρανῶς
1614 1221 1722 1292 γὰρ
1760 1223 1890 1292 ἡμῖν

324 1318 595 1387 φαίνεται,
626 1317 711 1369 ὅτι
746 1334 764 1366 1
801 1315 1072 1386 ἁμαρτίαν
1102 1314 1201 1366 οὐκ
1230 1312 1482 1382 ἐποίησεν
1502 1351 1516 1376 ,
1543 1312 1662 1365 οὐδὲ
1694 1312 1890 1384 εὑρέθη

326 1410 475 1473 δόλος
504 1412 562 1463 ὲν
591 1409 667 1479 τῷ
701 1408 930 1478 στόματι
959 1405 1143 1460 αὑτοῦ·
1180 1424 1199 1458 ι
1229 1405 1323 1457 κα)⁸
1352 1424 1372 1455 1
1405 1405 1479 1475 μὴ
1506 1406 1698 1473 γνόντα
1731 1405 1890 1457 αὐτὸν

321 1500 616 1570 ἁμαρτίαν,
642 1518 660 1549 ›
683 1499 758 1561 ὡς
787 1496 1024 1565 καθαρὸν
1043 1495 1151 1566 (50)
1170 1494 1482 1565 παρέδωκεν
1513 1494 1651 1565 ὑπὲρ
1676 1494 1890 1546 πάντων

320 1589 430 1640 τῶν
443 1587 838 1658 ἡμαρτηκότων
852 1588 879 1639 ὁ
892 1584 1039 1647 Θεός.
1056 1580 1188 1637 Εἶτα
1198 1585 1230 1636 6
1241 1582 1443 1645 Κέλσος
1457 1583 1638 1652 φησιν,
1651 1583 1731 1634 ὅτι
1754 1600 1774 1633 1
1794 1583 1891 1635 οὐκ

320 1679 388 1735 ἂν
421 1681 509 1749 εἴη
533 1678 667 1734 Θεοῦ
702 1679 860 1750 σῶμα
884 1679 942 1732 τὸ
971 1678 1111 1731 οὕτω
1135 1678 1359 1747 σπαρέν,
1399 1676 1475 1740 ὡς
1504 1678 1589 1742 σὺ,
1620 1671 1663 1728 ὦ
1694 1675 1888 1745 Ἰησοῦ,

322 1733 590 1841 ἑσπάριης.
623 1733 658 1822 ⁷»
710 1733 857 1841 Πλιὴν
891 1768 1156 1832 ὑπείδετο,
1187 1733 1268 1822 δτὶ
1319 1733 1366 1821 εἰ
1418 1733 1513 1834 (ως
1560 1733 1886 1837 γέγραπται)
1923 1733 1963 1787 Β

324 1858 617 1929 γεγέννητο
640 1898 656 1923 ,
716 1857 937 1911 δύναταί
972 1875 1088 1920 πως
1117 1852 1254 1909 εἶναι
1288 1855 1348 1908 τὸ
1388 1855 1544 1925 σῶμα
1587 1854 1750 1908 αὑτοῦ
1796 1856 1889 1908 καὶ

324 1947 592 2019 θειότερον
624 1949 775 2021 παρὰ
802 1950 913 2012 τοῖς
948 1948 1158 2010 πολλοῖς
1206 1947 1340 2017 (51),
1376 1949 1469 2000 καὶ
1510 1947 1651 2001 κατά
1692 1964 1742 1999 τι
1795 1964 1891 2017 ση-

328 2036 650 2106 μαινόμενον
680 2036 815 2090 Θεοῦ
848 2036 1027 2108 σῶμα.
1066 2036 1223 2091 Ἀλλά
1252 2035 1358 2107 γὰρ
1393 2038 1609 2090 ἀπιστεῖ
1639 2040 1748 2101 τοῖς
1771 2039 1893 2091 ἀνα-

323 2124 581 2191 γραφεῖσι
616 2123 869 2194 περὶτῆς
918 2123 977 2189 ἐξ
1020 2124 1175 2192 ἁγίου
1222 2123 1535 2194 Πνεύματος
1581 2125 1891 2196 συλλήψεως

324 2212 509 2277 αὐτοῦ,
542 2215 633 2267 καὶ
663 2216 903 2267 πιστεύει
930 2215 1090 2267 αὐτὸν
1122 2214 1226 2267 ὑπό
1252 2231 1395 2277 τινος
1435 2214 1695 2285 Πανθήρα
1744 2214 1892 2283 φθεί-

331 2319 521 2373 ραντος
548 2305 644 2374 τὴν
672 2304 948 2374 Παρθένον
976 2304 1246 2376 ὲσπάρθαι
1287 2306 1423 2375 (.32)-
1467 2304 1657 2375 διόπερ
1702 2297 1887 2367 εἶπεν,

325 2394 409 2448 ὅτι
444 2413 462 2446 1
500 2396 613 2450 Οὐκ
646 2394 709 2449 ἂν
744 2398 829 2465 εἴη
866 2395 1001 2448 Θεοῦ
1050 2396 1207 2466 σῶμα
1249 2396 1393 2449 οὕτω
1442 2395 1678 2466 σπαρὲν,
1712 2394 1787 2457 ὡς
1826 2396 1890 2448 σὺ

326 2487 592 2559 ὲσπάρης.
634 2506 652 2539 ι
699 2487 855 2540 Ἀλλὰ
882 2487 990 2559 γὰρ
1025 2489 1153 2558 περὶ
1184 2487 1385 2541 τούτων
1419 2488 1476 2539 ὲν
1503 2490 1615 2549 τοῖς
1638 2486 1890 2557 ἀνωτέρω

326 2577 546 2631 πλείονα
577 2580 771 2648 είρήκα
779 2594 896 2647 μεν.

400 2669 562 2735 Λέγει
582 2668 625 2720 δ’
654 2669 735 2719 ὅτι
768 2686 785 2718 1
824 2668 945 2720 οὐδὲ
972 2667 1195 2722 τοιαῦτα
1228 2670 1452 2722 σιτεῖται
1487 2669 1647 2740 σῶμα
1679 2670 1835 2723 Θεοῦ·
1867 2690 1885 2724 ι

327 2759 408 2821 ὡς
439 2758 575 2828 ἔχων
631 2759 790 2811 αὐτὸν
837 2760 1185 2830 παραστῆσαι
1229 2761 1337 2814 ἀπὸ
1380 2761 1487 2814 τῶν
1530 2762 1894 2830 εύαγγελικῶν

326 2850 669 2919 γραμμάτων
703 2848 1034 2918 σιτούμενον,
1072 2850 1166 2901 καὶ
1204 2852 1332 2903 ποῖα
1379 2850 1710 2921 σιτούμενον.
1755 2851 1891 2904 Ἀλλ’

324 2936 500 3000 ἔστω,
534 2936 738 3003 λεγέτω
766 2937 929 2990 αὐτὸν
963 2936 1295 3008 βεϐρωκέναι
1332 2938 1468 3008 μετά
1498 2940 1604 2991 τῶν
1637 2940 1891 3010 μαθητῶν

323 3026 387 3079 τὸ
419 3026 630 3095 Πάσχα,
661 3026 719 3078 ού
758 3026 917 3096 μόνον
946 3027 1167 3078 εἰπόντα
1209 3027 1288 3079 τό·
1322 3044 1342 3078 1
1389 3028 1650 3101 ἐπιθυμίᾳ
1692 3030 1889 3083 ἐπεθύ-

329 3133 481 3186 μησα
510 3116 666 3188 τοῦτο
693 3116 752 3169 τὸ
785 3117 976 3187 Πάσχα
1007 3120 1197 3185 φαγεῖν
1234 3108 1350 3188 μεθ’
1384 3118 1557 3189 ὑμῶν,
1594 3138 1610 3171 ι
1641 3120 1775 3173 ἀλλὰ
1798 3121 1889 3174 καὶ

328 3204 668 3275 βεϐρωκότα.
698 3207 915 3273 Λεγέτω
937 3207 981 3258 δ’
1013 3206 1172 3259 αὐτὸν
1208 3206 1301 3258 καὶ
1328 3206 1625 3277 διψήσαντα
1647 3209 1797 3277 παρὰ
1822 3213 1887 3280 τῇ

326 3296 478 3364 πηγῇ
518 3294 609 3347 τοῦ
652 3295 846 3347 Ἰακὼϐ
874 3297 1206 3350 πεπωκέναι”
1237 3298 1288 3351 τί
1320 3298 1476 3351 τοῦτο
1502 3300 1636 3370 πρὸς
1665 3300 1734 3354 τὰ
1762 3302 1889 3373 περὶ

323 3382 422 3436 τοῦ
454 3383 703 3454 σώματος
724 3385 886 3438 αὐτοῦ
926 3387 1013 3454 ὑφ’
1047 3387 1201 3457 ἡμῶν
1241 3388 1540 3459 λεγόμενα;
1590 3390 1783 3459 Σαφῶς
1832 3392 1889 3444 δὲ

326 3471 574 3541 φαίνεται
609 3473 787 3542 ἰχθύος
816 3474 953 3544 μετὰ
982 3476 1079 3546 τὴν
1106 3476 1393 3531 ἀνάστασιν
1412 3479 1719 3550 βεϐρωκὼς
1750 3481 1890 3535 κατὰ

322 3563 436 3635 γὰρ
473 3565 619 3634 ἡμᾶς
648 3561 807 3634 σῶμα
838 3565 1124 3636 ἀνείληφεν
1142 3606 1156 3631 ,
1183 3567 1259 3631 ὠς
1280 3568 1569 3638 γενόμενος
1599 3571 1664 3623 ὲκ
1704 3587 1890 3639 γυναι-

321 3654 440 3718 κός.
473 3673 490 3705 1
525 3653 662 3706 Ἀλλ’
702 3655 822 3711 οὐδὲ
861 3658 1019 3729 σῶμα
1045 3698 1060 3722 ,
1100 3660 1267 3731 φησὶ,
1330 3657 1462 3711 Θεοῦ
1492 3660 1891 3731 χρῆταιτοιαύ-

319 3760 390 3819 τῃ
423 3747 595 3816 φωνῇ,
628 3745 747 3798 οὐδὲ
775 3746 952 3817 τοιᾷδε
982 3747 1175 3800 πειθοῖ.
1215 3766 1233 3799 ι
1272 3748 1380 3801 Καὶ
1414 3750 1583 3804 ταῦτα
1620 3750 1663 3802 δ’
1698 3752 1887 3823 εὐτελῆ

320 3836 417 3887 καὶ
458 3834 660 3904 σφόδρα
691 3834 1162 3907 εύκαταφρόνητα’
1187 3833 1461 3902 λελέξεται
1494 3840 1600 3910 γὰρ
1630 3840 1764 3912 πρὸς
1792 3841 1888 3893 αύ-

316 3925 432 3987 τὸν,
463 3925 544 3978 ὅτι
568 3926 766 3995 χρῆται
793 3927 821 3978 6
850 3928 1283 3995 πεπιστευμένος
1309 3931 1436 4000 παρ’
1466 3930 1718 4001 Ἕλλησιν
1748 3927 1887 3986 εῖναι

319 4016 476 4079 θεὸς,
505 4018 532 4068 6
566 4015 790 4079 Πύθιος,
825 4017 919 4070 καὶ
951 4019 979 4068 6
1016 4018 1277 4088 Διδυμεὺς
1304 4020 1481 4089 τοιᾷδε
1503 4024 1649 4092 φωνῇ
1678 4024 1743 4092 τῇ
1788 4022 1888 4092 τῆς

316 4106 544 4168 Πυθίας,
572 4106 604 4176 ἢ
638 4105 747 4175 τῆς,
766 4107 822 4157 ὲν
848 4105 1068 4176 Μιλήτῳ
1097 4108 1391 4178 γενομένης
1422 4109 1767 4179 προφήτιδος,
1795 4110 1888 4161 καὶ

314 4198 376 4251 ού
404 4196 495 4248 διὰ
518 4196 677 4249 τοῦτο
698 4195 1007 4264 ἐγκαλεῖται
1044 4199 1174 4268 παρ’
1210 4196 1464 4267 Ἕλλησιν
1496 4198 1571 4261 ὡς
1612 4200 1673 4251 ού
1705 4198 1825 4261 θεὸς
1858 4201 1887 4251 6

314 4288 540 4351 Πύθιος,
571 4288 602 4357 ἢ
634 4290 661 4340 ὁ
693 4287 974 4357 Διδυμεὺς,
1002 4288 1035 4357 ἦ
1068 4304 1150 4349 τις
1175 4287 1332 4350 ἄλλος
1363 4288 1599 4352 τοιοῦτος
1638 4290 1717 4341 έν).
1740 4290 1887 4359 τόπῳ

1996 510 2015 543 1
2051 491 2142 545 Dei
2174 504 2391 560 corpus,
2423 486 2620 557 inquit,
2652 501 2758 540 non
2792 492 2955 549 esset,
2986 481 3283 551 cuiusmodi
3316 490 3399 534 est
3426 496 3547 533 cor-

1987 597 2088 652 pus
2120 594 2292 635 tuum.
2324 599 2342 631 ι
2375 579 2481 633 Nos
2507 578 2573 631 ad
2611 578 2725 631 haec
2754 594 2767 629 :
2795 574 2953 630 Jesus
2988 575 3040 628 in
3073 575 3171 627 bac
3202 572 3313 625 vita
3351 586 3549 639 corpus

1989 674 2282 728 humanum
2312 670 2566 738 suscepit,
2598 668 2756 738 quale
2783 683 2812 721 a
2846 667 3043 720 femina
3078 665 3357 732 suscipere
3390 671 3547 731 pote-

1988 775 2094 829 rat,
2128 764 2365 830 illudque
2391 760 2550 814 morti
2576 758 2824 812 humana:
2846 758 3163 811 obnoxium.
3193 754 3373 819 Quare
3405 756 3549 807 inter

1991 854 2095 907 alia
2128 854 2360 909 dicimus
2397 851 2548 904 illum
2577 849 2747 903 fuisse
2770 864 3021 916 magnum
3040 847 3295 917 pugilem,
3327 850 3550 913 propter

1991 948 2286 1002 humanum
2320 959 2536 1014 corpus,
2556 962 2575 993 1
2598 957 2692 1011 per
2727 941 2908 994 omnia
2939 948 3202 993 tentatum
3223 939 3288 1001 ⁵⁸,
3310 957 3328 989 ι
3355 945 3413 992 ιιι
3439 950 3558 991 ειη-⁸

1994 1039 2090 1091 teri
2126 1037 2407 1101 homines;
2439 1049 2543 1088 non
2578 1042 2759 1088 tamen
2796 1040 2854 1085 ut
2895 1032 3078 1085 caeteri
3127 1031 3393 1091 homines,
3427 1044 3547 1083 cum

1991 1136 2247 1196 peccato,
2275 1125 2368 1180 sed
2400 1139 2622 1195 prorsus
2653 1142 2671 1174 1
2708 1123 2827 1176 sine
2853 1129 3096 1201 peccato.
3125 1140 3145 1171 ι
3194 1119 3547 1190 PerSpicuum

1991 1217 2134 1272 enim
2166 1217 2322 1271 nobis
2344 1217 2584 1278 videtur,
2616 1230 2737 1270 eum
2779 1234 2798 1265 1
2846 1228 2952 1267 non
2999 1212 3195 1267 fecisse
3235 1222 3547 1281 peccatum,

1992 1321 2093 1362 nec
2121 1308 2392 1362 inventum
2426 1321 2544 1361 esse
2579 1305 2755 1361 dolum
2808 1306 2861 1358 in
2893 1318 2989 1357 ore
3028 1302 3236 1372 ejus“;
3269 1322 3288 1355 ›
3321 1314 3375 1357 et
3407 1303 3550 1370 quod

1997 1416 2014 1449 1
2042 1406 2319 1467 peccatum
2352 1413 2457 1452 non
2486 1395 2879 1467 cognoverit",
2900 1414 2917 1446 ι
2939 1395 3058 1449 ideo
3084 1394 3232 1448 illum
3262 1404 3319 1447 ut
3353 1408 3548 1462 purum

1992 1508 2019 1543 a
2053 1491 2160 1544 Deo
2192 1489 2446 1543 traditum
2470 1504 2587 1543 esse
2619 1499 2836 1559 propter
2886 1501 3078 1541 omnes
3134 1485 3226 1554 qui
3286 1498 3548 1552 peccave-

1995 1589 2141 1633 runt.
2167 1579 2374 1634 Deinde
2398 1580 2475 1635 ait
2501 1580 2688 1634 Celsus
2726 1596 2738 1631 :
2777 1596 2796 1631 1
2830 1579 2920 1633 Dei
2970 1592 3167 1647 corpus
3214 1590 3321 1630 non
3358 1575 3428 1627 ita
3459 1589 3552 1628 sa—

1996 1680 2107 1724 tum
2142 1670 2335 1725 luisset
2366 1686 2428 1724 ac
2480 1680 2534 1724 tu
2557 1709 2572 1735 ,
2613 1685 2645 1724 o
2675 1669 2826 1735 Jesu,
2860 1677 3012 1723 satus
3047 1684 3124 1723 es.
3159 1686 3178 1719 ι
3226 1664 3555 1733 Suspicaba-

1994 1772 2080 1816 tur
2107 1770 2285 1817 tamen
2313 1760 2498 1834 384,
2530 1763 2573 1818 si
2602 1772 2760 1817 natus
2793 1773 2877 1816 cst
2913 1760 3072 1815 Jesus
3098 1757 3554 1828 quemadmodum

1990 1853 2251 1923 scriptum
2282 1864 2387 1919 est,
2407 1854 2524 1923 ejus
2555 1868 2750 1923 corpus
2773 1867 2930 1922 posse
2960 1850 3310 1921 aliquomodo
3341 1847 3553 1904 caeteris

1990 1959 2114 2001 esse
2163 1944 2419 2010 divinius,
2468 1956 2523 2000 et
2574 1946 2752 2014 aliquo
2784 1960 2945 2000 sensu
2999 1944 3091 2003 Dei
3125 1957 3342 2012 corpus.
3377 1943 3553 2011 Atque

1990 2036 2112 2091 ideo
2150 2044 2311 2106 negat
2336 2051 2522 2089 verum
2550 2050 2669 2091 esse
2723 2038 2865 2103 quod
2900 2037 3163 2105 scriptum
3192 2043 3310 2097 est,
3342 2034 3493 2087 illum
3522 2047 3553 2087 e

1992 2127 2198 2196 Spiritu
2228 2138 2421 2183 sancto
2450 2143 2571 2183 esse
2602 2137 2918 2196 conceptum
2941 2168 2956 2191 ,
2995 2127 3276 2196 ereditquo
3314 2138 3379 2177 ex
3409 2122 3548 2178 Pan-

1992 2220 2158 2274 thera:
2174 2235 2295 2273 cum
2313 2219 2521 2288 virgine
2544 2234 2837 2288 congressu
2867 2228 3051 2272 uatum
3080 2232 3223 2272 esse.
3248 2216 3363 2283 Qua
3388 2230 3551 2270 causa

1991 2310 2122 2364 dicit
2156 2327 2170 2365 :
2210 2327 2229 2361 1
2269 2310 2476 2379 Corpus
2503 2310 2593 2363 Dei
2625 2324 2730 2363 non
2763 2310 2838 2362 ita
2868 2319 3042 2362 satum
3066 2317 3214 2362 esset
3237 2322 3298 2360 ac
3322 2315 3376 2359 tu
3405 2315 3554 2359 satus

1990 2414 2070 2455 es.
2107 2418 2126 2452 ι
2163 2399 2271 2456 Sed
2305 2401 2371 2455 de
2396 2400 2480 2457 his
2506 2399 2661 2468 plura
2701 2400 2971 2470 superius.

2063 2665 2150 2721 70.
2181 2665 2400 2735 Pergit:
2434 2684 2452 2717 1
2494 2665 2680 2734 Neque
2706 2680 2903 2735 corpus
2940 2664 3031 2719 Dei
3079 2662 3275 2718 talibus
3302 2660 3554 2715 vescitur

1994 2757 2161 2824 cibis;
2194 2776 2214 2810 ι
2250 2757 2402 2827 quasi
2444 2771 2513 2811 ex
2546 2757 2849 2826 Evangeliis
2884 2757 3115 2825 probare
3152 2761 3344 2823 posset
3366 2751 3549 2806 Jesum

1992 2848 2127 2904 cibis
2149 2864 2308 2903 usum
2336 2863 2476 2916 esse,
2496 2864 2551 2904 et
2567 2850 2817 2918 qualibus
2842 2848 2977 2904 cibis
3002 2863 3130 2902 usus
3154 2845 3336 2901 fuerit.
3352 2843 3554 2899 Verum

1992 2949 2132 3003 esto,
2162 2941 2308 2994 dicat
2334 2955 2455 2993 eum
2487 2940 3064 3007 manducassepasclta
3095 2953 3218 2993 cum
3252 2935 3553 3005 discipulis,

1918 3068 1959 3125 ε
1995 3038 2051 3085 et
2099 3046 2207 3084 non
2256 3030 2427 3085 solum
2467 3030 2669 3084 dixisse
2704 3046 2718 3082 :
2753 3047 2771 3079 1
2801 3026 3077 3084 Desiderio
3115 3025 3416 3081 desideravi
3450 3024 3555 3078 hoc

1994 3119 2192 3188 pascha
2229 3118 2557 3173 manducare
2582 3117 2950 3182 vobiscum“,
2984 3136 3005 3171 ι
3044 3117 3142 3172 sed
3171 3117 3331 3171 etiam
3366 3130 3553 3171 revera

1993 3210 2452 3275 manducavisse;
2507 3209 2676 3264 addat
2723 3210 2887 3263 etiam
2932 3210 3203 3264 sitientem
3231 3210 3299 3264 ad
3335 3217 3553 3280 puteum

1988 3298 2154 3354 Jacob
2184 3301 2476 3363 bibisse",
2526 3302 2659 3370 quid
2715 3303 2820 3356 hoc
2850 3309 3043 3355 contra
3072 3315 3135 3355 ea
3167 3315 3287 3369 quae
3338 3301 3402 3354 de
3437 3300 3555 3364 ejus

1989 3406 2219 3459 corpore
2253 3392 2523 3447 dicimus?
2542 3395 2768 3449 Constat
2790 3407 2913 3447 eum
2941 3399 3062 3462 post
3095 3391 3550 3446 resurrectionem

1990 3481 2193 3550 piscem
2218 3482 2477 3537 edisse".
2520 3480 2716 3536 Nostra
2756 3482 2903 3537 enim
2944 3480 3213 3536 sententia
3250 3487 3368 3547 est,
3398 3479 3551 3533 illum

1990 3572 2229 3628 induisse
2258 3586 2479 3642 corpus,
2507 3580 2697 3639 utpote
2737 3580 2921 3625 natum
2971 3584 3003 3624 e
3036 3569 3259 3624 femina.
3303 3586 3322 3620 1
3365 3570 3434 3623 At
3462 3571 3553 3624 tali

1989 3677 2144 3725 voce,
2170 3662 2366 3730 inquit,
2398 3676 2504 3713 non
2539 3660 2709 3712 utitur
2738 3659 2831 3711 Dei
2860 3672 3057 3727 corpus
3086 3672 3185 3713 nec
3211 3657 3407 3713 talibus
3434 3672 3557 3727 per-

1990 3751 2249 3805 suadendi
2279 3751 2472 3804 moilis.
2512 3767 2531 3800 ›
2566 3748 2693 3803 Haec
2740 3748 2909 3803 etiam
2937 3746 3064 3801 vilia
3116 3757 3242 3802 sunt
3286 3764 3349 3803 ac
3397 3748 3554 3803 valde

1990 3842 2407 3897 contemnenda.
2438 3839 2570 3893 Nam
2602 3840 2762 3895 Celso
2792 3841 2912 3907 quis
2939 3840 3139 3896 dixerit
3167 3841 3421 3911 Pythium
3454 3844 3549 3911 qui

1989 3948 2018 3986 a
2052 3933 2253 3987 Grmcis
2296 3934 2428 3987 deus
2469 3932 2717 3997 habetur,
2748 3941 2804 3986 et
2835 3932 3151 4002 Didymeum
3182 3933 3447 4003 ejusmodi
3476 3934 3553 3987 uti

1988 4037 2141 4083 voce,
2175 4037 2372 4091 nempe
2402 4021 2607 4093 Pythia:
2648 4030 2745 4076 aut
2768 4021 3021 4078 Miletinze
3052 4024 3419 4092 prophetidis;
3456 4038 3557 4078 nec

1989 4113 2194 4168 idcirco
2225 4126 2404 4168 tamen
2433 4130 2463 4169 e
2511 4128 2736 4169 numero
2776 4115 3001 4169 deorum
3036 4114 3251 4167 excludi
3300 4114 3554 4183 Pythium

1988 4213 2081 4257 aut
2113 4206 2429 4275 Didymeum
2460 4207 2545 4261 vel
2578 4208 2875 4275 quemlibet
2896 4209 3059 4261 alium
3085 4208 3316 4261 similem
3347 4206 3558 4261 Graeca-

1988 4295 2166 4347 nicum
2201 4297 2363 4348 Deum
2397 4297 2449 4349 in
2481 4311 2589 4349 uno
2621 4298 2741 4351 loco
2767 4298 3145 4351 constitutum.
3177 4295 3346 4349 Multo
3370 4307 3555 4350 autem

316 4377 779 4449 ὲγκαθιδρυμένος
829 4376 1135 4448 Ἐλληνικὸς
1186 4377 1324 4440 θεός.
1374 4378 1561 4448 Πολλῷ
1603 4379 1658 4431 δὲ
1697 4379 1884 4432 τούτου

1993 4383 2167 4437 satius
2198 4384 2298 4437 fuit
2329 4384 2496 4438 Deum
2529 4386 2605 4439 uti
2646 4400 2780 4439 voce
2802 4400 2920 4454 quas
2947 4395 3228 4456 propterea
3262 4389 3401 4455 quod
3432 4403 3556 4443 cum

317 4469 528 4539 βέλτιον
556 4465 622 4539 ἦν
654 4467 955 4540 χρήσασθαι
989 4469 1077 4520 τὸν
1108 4468 1237 4521 Θεὸν
1265 4471 1413 4540 φωνῇ
1449 4470 1769 4541 ὲμποιούσῃ,
1798 4471 1884 4525 διὰ

314 4564 377 4617 τὸ
412 4562 547 4633 μετά
566 4562 845 4632 δυνάμεως
879 4561 1334 4631 ἀπαγγέλλεσθαι,
1371 4563 1573 4631 ἄφατόν
1608 4563 1721 4633 (55)
1759 4581 1880 4617 τινα

315 4652 487 4705 πειθὼ
515 4656 626 4716 τοῖς
651 4653 956 4706 ἀκούουσιν.

386 4740 521 4797 Εἶτά
541 4762 673 4815 φησι
698 4744 1107 4816 λοιδορούμενος
1137 4743 1214 4813 τῷ
1257 4744 1428 4815 Ἰησοῦ
1464 4746 1491 4796 6
1528 4743 1613 4798 διὰ
1634 4744 1732 4816 τὴν
1756 4744 1881 4797 ἀσέ-

317 4833 469 4886 ϐειαν
494 4837 585 4887 καὶ
614 4836 680 4888 τὰ
713 4836 960 4907 μοχθηρά
987 4836 1250 4906 δόγματα,
1288 4836 1353 4888 ἵν’
1385 4836 1556 4898 οὕτως
1584 4838 1742 4899 εἴπω,
1768 4837 1884 4890 θεοι

390 4949 435 4982 ⁸⁸
470 4948 636 5003 llebr.
662 4966 735 5014 tv,
766 4952 852 5005 15.
931 4953 974 4983 ⁶⁹
1012 4952 1115 5007 Isa.
1184 4967 1304 5015 Lut,
1333 4951 1397 5017 9;
1436 4952 1451 5005 Ι
1489 4951 1631 5006 Petr.
1667 4968 1740 5018 ιι,
1773 4952 1864 5008 22.

2029 4954 2070 5008 Il
2102 4955 2227 5012 Cor.
2254 4971 2309 5017 ν,
2352 4956 2442 5015 21.

316 5020 364 5053 ⁷³
404 5018 562 5073 Joan.
589 5034 706 5084 ιιι,
735 5022 822 5074 15.

388 5112 504 5186 (29)
539 5112 696 5186 Libb.
746 5115 899 5186 editi,
938 5104 1245 5186 ἀνθρώπού,
1298 5117 1390 5169 sed
1446 5116 1692 5186 quinque
1721 5132 1876 5182 mss.,

311 5182 679 5256 ἀνθρωπίνου,
708 5184 934 5256 rectius.
961 5182 1159 5256 ibidem
1196 5194 1306 5238 tres
1335 5182 1647 5256 Anglicani.
1682 5185 1881 5255 Regius

314 5252 789 5323 etiliasileensis,
846 5253 1025 5323 οιὺτόν⁸
1052 5269 1230 5323 φαμεν
1284 5252 1584 5320 γεγονέναι.
1624 5252 1681 5307 In
1718 5252 1879 5308 antea

313 5322 477 5375 editis
497 5322 651 5375 deest
682 5322 978 5390 γεγονέναι.
1004 5320 1166 5377 Paulo
1185 5334 1304 5390 post
1331 5323 1669 5377 Hoeschelius
1694 5332 1748 5377 et
1778 5333 1889 5378 tres

314 5407 475 5452 "135.,
504 5391 906 5460 πεπειραμένον
944 5391 1039 5461 μὲν
1065 5392 1287 5461 ὁμοίως.
1326 5392 1634 5461 Spcuccrus
1669 5404 1725 5446 et
1757 5392 1881 5446 reli-

315 5463 595 5531 quiimssq
628 5460 1063 5531 πεπειρασμένον
1102 5460 1199 5529 μὲν
1224 5460 1445 5531 ὁμοίως.

1993 4486 2266 4545 potestate
2289 4478 2757 4547 pronuntiaretur,
2795 4477 3053 4534 ineil‘abili
3082 4479 3311 4549 quadam
3346 4481 3553 4534 ratione

1992 4572 2347 4638 persuaderet
2372 4570 2667 4626 auditores.

2062 4748 2148 4800 7|.
2189 4747 2387 4801 Deinde
2415 4748 2721 4801 cenvicium
2748 4747 2874 4800 .Iesu
2900 4746 3105 4800 faciens
3141 4745 3252 4810 ille,
3294 4745 3386 4813 qui
3419 4760 3545 4813 pro-

1990 4850 2110 4909 pter
2145 4839 2476 4908 impietatcm
2516 4855 2787 4909 pravaque
2812 4840 3158 4905 opinamenta
3198 4837 3308 4892 Deo
3334 4874 3350 4900 ,
3385 4847 3441 4889 ιιι
3470 4837 3551 4890 sic

2520 4954 2561 4985 '”
2605 4954 2735 5007 Luc.
2777 4967 2923 5017 xxtt,
2956 4949 3041 5004 15.
3117 4950 3159 4981 ⁷¹
3199 4948 3352 5003 Joan.
3383 4965 3456 5012 tv,
3490 4947 3544 5003 6.

1989 5118 2166 5177 detur,
2190 5112 2340 5185 παρὰ
2368 5111 2493 5174 τοὺς
2528 5110 2771 5185 πολλούς.

2060 5175 2172 5255 (52)
2206 5175 2314 5241 Κὰὶ
2346 5182 2613 5255 πιστεύει
2638 5178 2855 5255 αὑτὸν,
2892 5178 3012 5255 ὑπο
3041 5194 3235 5255 τινος·
3268 5175 3549 5255 Παγθήρα

1987 5246 2335 5323 φθείραντος
2357 5250 2473 5323 τὴν
2499 5250 2796 5318 παρθένον
2831 5247 3142 5323 ἐσπάρθαι.
3180 5246 3317 5323 _l_laec
3362 5246 3413 5297 in
3456 5260 3547 5323 ve-

1994 5315 2591 5379 iericodiceVaticano
2625 5334 2781 5373 erasa
2818 5329 2942 5371 sunt
2988 5329 3041 5369 et
3079 5316 3460 5369 desiderantur
3490 5315 3542 5366 in

1991 5393 2216 5447 recenti.
2248 5392 2381 5446 Vide
2414 5406 2576 5458 supra
2606 5388 2701 5442 lib.
2739 5404 2755 5441 ι
2788 5397 2973 5458 contra
3005 5383 3235 5458 Qelsum,
3268 5395 3417 5458 num.
3448 5381 3540 5436 52.

2059 5462 2169 5533 (55)
2196 5449 2586 5533 "Asparem-Sic
2613 5468 2758 5533 recte
2782 5454 3119 5533 llmsclielius
3145 5460 3199 5505 et
3227 5449 3382 5533 codd.
3410 5464 3540 5533 mss.

388 5527 497 5598 (50)
537 5528 630 5593 Ὠς
681 5523 962 5598 καθάρόὶκ
1004 5523 1200 5585 ῦιιιόιο
1250 5523 1593 5584 Scribcndum
1646 5530 1877 5595 videtur,

1989 5523 2122 5586 Ma‘le
2151 5523 2276 5584 vero
2310 5532 2618 5596 Spencerus
2642 5529 2694 5598 in
2732 5535 2878 5579 textu
2902 5523 3122 5592 ἅφανον,
3154 5532 3327 5589 neque
3350 5532 3537 5573 asseu-

312 5596 373 5655 ἓν
388 5529 654 5670 ἓξὲἐαὲόῖ.

391 5665 498 5737 (51)
526 5665 691 5739 Παρὰ
717 5668 841 5739 τοῖς
874 5667 1148 5741 πολλοῖς.
1181 5667 1377 5725 Guielo
1418 5669 1765 5727 scribendam
1795 5670 1873 5729 γι·

1986 5603 2089 5659 tior
2126 5600 2404 5661 Bolterello
2424 5599 2617 5669 legenti
2642 5597 2872 5665 ἄφωνον.
