3988 6156
363 253 466 310 795
490 290 491 293 η

360 453 535 508 voluit
562 462 799 523 gustare.
827 452 1152 508 Parantibus
1170 464 1351 509 autem
1380 456 1519 522 illis,
1546 456 1743 510 cecidit
1764 471 1927 524 super

362 558 486 597 eum
516 544 713 596 mentis
738 556 991 595 excessus
1012 582 1025 605 ,
1056 550 1110 596 et
1137 543 1271 598 vidit
1309 544 1502 599 omium
1548 553 1792 614 apertum
1818 588 1832 609 ,
1873 555 1927 599 et

365 632 700 685 descendens
730 646 825 684 vas
870 632 1141 699 quoddam
1181 632 1331 687 velut
1380 635 1604 688 linteum
1638 650 1923 705 magnum,

363 731 597 791 quatuor
626 722 793 775 initiis
844 722 909 774 de
960 722 1100 777 caelo
1136 724 1467 778 submissum
1514 726 1567 778 in
1602 737 1835 788 terrain,
1872 727 1924 778 in

362 826 469 879 quo
495 821 652 864 erant
691 812 873 865 omnia
907 815 1281 881 quadrupedis
1303 854 1317 878 ,
1350 822 1403 867 et
1436 816 1710 883 serpentia
1747 825 1924 883 terrm,

362 906 417 949 et
447 896 684 949 volatilia
715 898 860 954 caeli.
900 900 964 953 Et
1000 899 1141 954 facta
1174 910 1258 954 cst
1304 916 1404 954 vox
1439 905 1504 954 ad
1538 918 1659 955 eum
1688 921 1701 956 :
1733 904 1925 972 Surge,

359 984 540 1049 Petrc.
563 988 746 1041 occide
767 998 822 1043 et
840 992 1122 1045 manduca.
1148 993 1236 1045 Ait
1256 1002 1433 1045 autem
1457 992 1679 1048 Petrus:
1748 996 1927 1061 Absit,

360 1076 603 1137 Domine,
636 1078 760 1144 quia
794 1095 1069 1147 nunquam
1106 1081 1427 1135 manducavi
1463 1098 1623 1136 omne
1645 1098 1929 1139 commune

358 1174 410 1219 et
444 1166 805 1221 immundum.
845 1167 912 1221 Et
947 1185 1050 1222 vox
1086 1170 1282 1223 iterum
1313 1172 1379 1223 ad
1411 1187 1533 1225 eum
1578 1189 1591 1225 :
1632 1172 1761 1237 Quae
1791 1175 1929 1228 Deus

358 1253 697 1323 puriﬁcavit,
759 1266 811 1309 tu
863 1259 1169 1311 communia
1222 1273 1287 1312 ne
1341 1260 1676 1314 dixeris7'.»
1735 1261 1791 1315 ln
1842 1263 1928 1317 his

358 1346 582 1399 adverte
629 1348 902 1414 quomodo
957 1348 1151 1403 Petrus
1201 1362 1617 1418 reprarsentetur
1657 1364 1715 1407 ut
1743 1353 1929 1409 Judai-

359 1452 547 1492 corum
580 1440 647 1491 de
701 1439 917 1493 mundis
952 1449 1005 1492 et
1050 1442 1341 1497 immundis
1390 1444 1587 1497 rituum
1619 1446 1793 1499 adlmc
1828 1448 1927 1499 oh-

365 1528 835 1583 Servantissimus.
913 1530 1044 1596 Quae
1111 1534 1520 1601 sequuntur",
1586 1536 1927 1590 manifestum

360 1618 577 1673 faciunt
606 1620 753 1672 illum
787 1636 921 1689 opus
955 1622 1209 1677 habuisse
1240 1625 1485 1690 visione,
1530 1634 1589 1678 ut
1621 1626 1926 1681 Cornelius:

1839 255 2158 313 ORIGENIS

252 434 269 442 π
360 373 421 418 ut
456 371 641 418 oraret
672 362 819 417 circa
873 362 1061 417 horam
1096 370 1327 417 sextam.
1380 363 1448 419 Et
1496 380 1619 419 cum
1669 366 1921 431 esuriret,

2025 363 2407 432 ὑποτιθέμενον
2452 360 2598 431 αὐτῷ
2643 359 2754 431 (42)
2805 360 3016 431 πέμψαι
3070 361 3149 423 εἰς
3212 358 3433 429 Ἰόππην
3497 358 3582 413 ἐπὶ

3488 247 3581 303 796

2026 456 2242 524 Σίμωνα
2274 452 2364 504 τὸν
2406 451 2734 519 καλούμενον
2760 451 2982 521 Πέτρον,
3017 469 3035 501 ι
3059 450 3245 520 Ἀνέϐη
3275 450 3480 521 Πέτρος
3508 452 3581 514 είς

2023 547 2083 597 τὸ
2112 544 2355 615 ὑπερῷον
2390 540 2785 613 προσεύξασθαι
2825 544 2951 612 περὶ
2992 542 3142 613 ῶραν
3196 541 3380 610 ἒκτην.
3433 538 3579 606 Ἐγέ-

2025 654 2144 689 νετο
2201 637 2257 689 δὲ
2308 635 2663 706 πρόσπεινος,
2718 634 2809 687 καὶ
2843 634 2995 704 ἤθελε
3048 632 3365 701 γεύσασθαι.
3400 632 3582 701 Παρα-

2028 727 2395 790 σκευαζόντων
2445 725 2490 776 δ’
2532 724 2729 788 αὐτῶν,
2760 726 2971 792 ἐγένετο
3012 724 3261 786 ἔκστασις
3290 725 3376 774 ἐπ’
3407 722 3582 786 αὑτὸν,

2028 820 2123 871 καὶ
2159 816 2351 885 θεωρεῖ
2380 814 2469 866 τὸν
2496 815 2721 885 οὐρανὸν
2753 815 3109 885 ἀνεῳγμένον.
3151 815 3243 866 καὶ
3271 814 3586 866 καταϐαῖνον

2028 912 2219 975 σκεῦός
2246 930 2299 964 τι
2327 915 2401 976 ὡς
2429 912 2615 982 ὀθόνην
2651 907 2910 979 μεγάλην,
2934 907 3222 975 τέσσαρσιν
3258 907 3453 976 ἀρχαῖς
3493 922 3587 957 κα-

2028 996 2414 1074 θιέμενονμὸ)
2450 1004 2541 1056 ἐπὶ
2572 1002 2673 1071 τῆς
2712 1000 2815 1068 γῆς
2839 1038 2852 1061 ,
2888 1001 2945 1050 ὲν
2979 991 3023 1064 ᾧ
3062 998 3271 1067 ὑπῆρχε
3318 998 3493 1050 πάντα
3522 997 3589 1050 τά

2025 1091 2329 1162 τετράποδα
2352 1092 2445 1143 καὶ
2476 1089 2680 1161 ἑρπετά
2702 1088 2801 1155 τῆς
2826 1088 2927 1156 γῆς
2957 1086 3050 1139 καὶ
3079 1086 3298 1138 πετεινὰ
3322 1085 3415 1138 τοῦ
3442 1087 3592 1156 ούρα-

2028 1181 2142 1237 νοῦ.
2175 1183 2284 1234 Kal
2319 1182 2534 1249 ἐγένετο
2563 1180 2713 1248 φωνὴ
2748 1178 2883 1249 πρὸς
2910 1176 3070 1230 αὐτόν
3094 1193 3105 1206 ·
3152 1175 3444 1238 Ἀναστάς,
3489 1177 3591 1229 Πέ-

2027 1289 2123 1342 τρε
2141 1311 2155 1336 ,
2188 1270 2351 1323 θῦσον
2369 1271 2459 1322 καὶ
2482 1271 2641 1338 φάγε.
2681 1269 2738 1321 Ὀ
2766 1269 2821 1320 δὲ
2849 1267 3053 1337 Πέτρος
3086 1262 3204 1318 εἷπε
3227 1306 3241 1329 ,
3274 1265 3553 1336 Μηδαμῶς
3572 1304 3589 1330 ,

2029 1362 2197 1433 Κύριε
2218 1402 2231 1423 ,
2265 1362 2347 1413 ὃτι
2374 1360 2625 1413 οὐδέποτε
2656 1358 2857 1427 ἔφαγον
2886 1360 2994 1411 πᾶν
3024 1357 3198 1410 κοινὸν
3227 1358 3320 1409 καὶ
3351 1356 3593 1427 ἀκάθαρ-

2026 1469 2137 1505 τον.
2181 1450 2289 1504 Kal
2318 1449 2468 1520 φωνὴ
2511 1452 2575 1502 ὲκ
2608 1450 2860 1519 δευτέρου
2889 1448 3025 1518 πρὸς
3057 1448 3248 1500 αύτόνο
3308 1448 3373 1499 'A
3404 1448 3431 1499 ὁ
3464 1446 3594 1510 Θεὸς

2030 1545 2321 1617 ὲκαθάρισε
2344 1543 2478 1616 (44),
2511 1544 2573 1596 σὺ
2601 1542 2672 1612 μὴ
2701 1541 2901 1596 κοίνου.
2928 1559 2947 1591 ι
2986 1541 3125 1611 Ὅρα
3150 1538 3257 1609 γὰρ
3284 1540 3340 1592 ὲν
3366 1538 3590 1601 τούτοις,

2028 1630 2151 1690 τίνα
2175 1636 2375 1706 τρόπον
2408 1633 2734 1703 παρίσταται
2778 1631 2849 1685 τά
2892 1630 3158 1683 Ἰουδαῖκά
3187 1628 3280 1699 ἔθη
3325 1627 3452 1699 περὶ
3492 1645 3595 1679 κα-

359 1712 623 1780 sanguine
668 1726 773 1764 non
806 1712 1129 1779 lsraelitam,
1156 1726 1211 1768 et
1246 1730 1338 1769 eos
1376 1716 1467 1784 qui
1506 1731 1627 1769 cum
1659 1732 1724 1771 eo
1748 1726 1922 1779 erant,

2029 1722 2208 1793 θαρῶν
2236 1724 2329 1776 καὶ
2359 1721 2679 1791 ἀκαθάρτων
2722 1719 2801 1772 ἔτι
2842 1718 3023 1789 τηρῶν
3054 1720 3082 1770 ό
3112 1718 3337 1787 Πέτρος.
3382 1716 3491 1768 Kal
3532 1717 3596 1767 ὲκ

361 1802 619 1855 doctrinm
648 1804 769 1858 ﬁdei
800 1806 1091 1876 participes
1120 1808 1323 1863 faceret
1351 1828 1364 1863 :
1400 1810 1597 1877 quippe
1626 1809 1845 1865 Judmus
1874 1824 1929 1866 et

360 1906 425 1945 ex
464 1889 704 1947 Judaicis
753 1896 1142 1951 traditionibus
1190 1899 1354 1951 vitam
1387 1901 1630 1971 exigens,
1685 1912 1929 1955 contem-

360 1983 525 2037 nebat
574 2000 925 2055 quoscunque
961 1998 1113 2040 extra
1163 1988 1501 2045 Judaismuni
1551 1994 1824 2048 vivebant.
1863 1995 1928 2048 Et

360 2073 559 2129 Paulus
585 2075 636 2127 in
666 2090 761 2128 sua
801 2077 867 2130 ad
903 2074 1123 2132 Galatas
1158 2079 1398 2148 Epistola
1435 2092 1663 2137 testatur
1710 2084 1925 2138 Petrum

362 2172 508 2216 metu
558 2161 904 2227 Iudaeorum,
944 2180 1068 2219 cum
1114 2165 1349 2221 Jacobus
1399 2168 1464 2221 ad
1494 2184 1616 2223 eum
1671 2170 1925 2233 venisset,

360 2268 483 2307 cum
521 2255 774 2322 gentibus
802 2256 964 2309 edere
988 2256 1242 2323 desiisse,
1275 2276 1293 2308 ι
1318 2274 1485 2327 seque
1515 2259 1583 2314 ab
1610 2260 1715 2315 illis
1743 2275 1928 2329 segre-

362 2359 520 2413 gasse
545 2384 559 2403 .
601 2346 879 2399 timentem
934 2347 1099 2417 387
1154 2363 1249 2403 eos
1276 2351 1366 2418 qui
1404 2364 1474 2404 ex
1511 2351 1928 2406 circumcisione

359 2435 631 2499 eranl",)
674 2435 922 2505 idemque
967 2433 1209 2506 reliquos
1256 2438 1472 2494 Iudaeos
1517 2451 1571 2493 et
1622 2440 1925 2495 Barnabam

357 2521 579 2577 fecisse.
627 2524 805 2593 Atque
859 2540 1286 2582 consentaneum
1325 2538 1448 2583 erat
1493 2545 1586 2584 eos
1614 2546 1643 2583 a
1688 2531 1928 2586 Judaicis

358 2614 557 2670 ritibus
587 2631 693 2669 non
745 2618 1048 2683 discedere,
1095 2622 1187 2688 qui
1221 2622 1288 2673 ad
1334 2619 1551 2675 Iudaeos
1611 2632 1720 2675 tum
1776 2624 1925 2677 missi

358 2703 607 2769 fuerant,
669 2722 831 2761 «cum
867 2709 900 2763 ii
956 2712 1045 2779 qui
1092 2713 1418 2766 videbantur
1465 2713 1728 2768 columna:
1779 2730 1923 2781 esse,

361 2794 581 2851 dextras
610 2798 874 2853 dederunt
908 2800 1072 2855 Paulo
1093 2811 1146 2857 et
1175 2802 1434 2857 Barnabre
1461 2804 1762 2870 societatis,
1791 2806 1925 2872 ipsi--

359 2900 465 2952 que
494 2887 549 2940 in
582 2889 1051 2945 circunicisionem
1082 2893 1332 2946 abierunt
1354 2892 1420 2955 ⁷⁸,
1451 2912 1468 2944 ι
1499 2904 1556 2945 ut
1576 2894 1649 2946 illi
1682 2895 1930 2962 gentibus

360 2975 710 3045 Evangelium
764 2982 1167 3035 annuntiarent.
1254 2982 1318 3035 Et
1382 2983 1509 3050 quid
1558 2982 1679 3035 dico
1726 2999 1820 3038 eos
1871 3001 1929 3039 se

359 3071 609 3139 gentibus
645 3072 1003 3136 Subtraxisse,
1053 3074 1140 3141 qui
1190 3072 1403 3127 Judzcos
1444 3073 1795 3145 Evangeliuin
1829 3075 1926 3129 do-

361 3161 606 3217 cebant?
674 3162 784 3216 lmo
826 3162 1025 3216 Paulus
1104 3163 1300 3218 ludatis
1340 3164 1556 3219 Judmus
1600 3167 1773 3222 factus
1817 3178 1923 3232 est,

360 3262 420 3307 ut
450 3251 663 3308 Judazos
697 3252 998 3306 lucraretur
1024 3254 1091 3308 ".
1144 3253 1257 3318 Qua
1290 3255 1355 3310 de
1397 3271 1558 3311 causa
1594 3264 1647 3311 et
1689 3257 1835 3325 ipse,
1866 3268 1923 3311 ut

359 3344 414 3399 in
472 3346 621 3399 Actis
669 3345 1034 3414 apostolorum
1082 3356 1333 3401 narratur
1354 3348 1424 3413 ⁸ο,
1477 3349 1805 3402 oblationem
1857 3351 1921 3402 ad

358 3435 531 3490 altare
553 3436 786 3499 obtulit,
820 3444 877 3489 ut
923 3433 1122 3489 Judazis
1152 3437 1502 3504 persuaderet
1533 3455 1591 3491 se
1636 3439 1769 3507 legis
1815 3453 1920 3491 non

358 3539 482 3580 esse
506 3526 863 3580 desertorem.
904 3524 1025 3578 llaec
1049 3526 1227 3577 omnia
1253 3525 1299 3579 si
1330 3534 1511 3580 nosset
1560 3527 1773 3591 Celsus,
1815 3543 1918 3581 non

357 3616 443 3670 his
502 3618 680 3671 verbis
733 3615 918 3671 ﬁdeles
976 3631 1039 3669 ex
1074 3614 1274 3670 Judaais
1326 3616 1723 3683 interpellasset
1767 3617 1922 3672 fictus

359 3707 426 3760 ab
469 3707 559 3760 illo
611 3705 826 3760 Iudaeus
860 3724 873 3759 :
906 3706 1079 3770 «Quae
1130 3720 1225 3759 vos
1280 3705 1615 3774 intemperiae
1671 3708 1921 3777 agebant,

357 3798 583 3857 ocivcs,
627 3806 683 3848 ut
736 3798 966 3865 patriam
1008 3799 1179 3865 legem
1226 3797 1624 3865 relinqueretis,
1651 3807 1705 3852 et
1725 3797 1792 3850 ab
1831 3798 1922 3851 illo

359 3901 519 3957 quem
548 3887 704 3939 modo
735 3887 1163 3955 alloquebamur,
1215 3886 1394 3942 allecti
1447 3903 1669 3956 prorsus
1700 3889 1922 3943 ridicule

1026 4024 1073 4054 ⁷⁸
1112 4023 1270 4090 lbid.,
1302 4023 1392 4080 54.
1466 4024 1510 4055 ""
1550 4024 1669 4079 Gal.
1718 4040 1779 4092 ll,
1814 4027 1902 4083 12.

358 4139 448 4207 qui
478 4137 817 4192 Christianos
847 4151 966 4189 esse
993 4150 1050 4188 se
1089 4134 1607 4207 siniiilatit?_Usque
1638 4136 1797 4207 hodie
1822 4152 1916 4203 per

356 4203 499 4263 totas
541 4208 776 4261 Orientis
807 4222 1109 4277 synagogas
1142 4206 1282 4277 inter
1315 4204 1529 4277 Jndaeos
1559 4203 1781 4258 haeresis
1812 4216 1914 4271 est,

357 4294 477 4345 quze
503 4277 698 4330 dicitur
735 4275 1031 4330 Mineoruin
1054 4315 1068 4336 ,
1103 4284 1151 4327 et
1190 4291 1216 4326 a
1254 4275 1539 4328 Pharis'eis
1572 4290 1714 4327 nunc
1746 4291 1916 4342 usque

359 4348 670 4409 damnatur,
716 4362 851 4412 quos
901 4348 1060 4410 vulgo
1095 4345 1375 4398 Nazarzeos
1426 4354 1775 4411 nuncupant,
1823 4346 1912 4413 qui

358 4418 583 4470 credunt
632 4418 683 4467 in
710 4418 982 4469 Christum
1014 4416 1203 4469 Filium
1234 4414 1346 4478 Dei,
1381 4425 1565 4466 natum
1600 4416 1665 4467 de
1700 4415 1916 4476 Virgine

358 4486 559 4546 Maria,
590 4495 641 4538 et
683 4502 806 4537 eum
846 4488 1033 4538 dicunt
1072 4498 1210 4545 esse,
1237 4485 1329 4551 qui
1374 4486 1473 4535 sub
1521 4482 1712 4535 Pontio
1750 4483 1917 4537 Pilato

357 4570 550 4622 passus
580 4567 659 4607 est
688 4567 739 4607 et
773 4556 1087 4616 resurrexit,
1122 4554 1171 4605 in
1211 4569 1366 4619 quem
1402 4562 1451 4604 ct
1484 4567 1581 4603 nos
1606 4554 1914 4617 credimus;

360 4627 450 4676 sed
478 4663 492 4685 ,
534 4624 660 4675 dum
704 4626 885 4676 volunt
925 4634 976 4676 et
1009 4623 1173 4675 .luda-i
1208 4638 1328 4675 esse
1368 4630 1416 4673 et
1448 4622 1775 4683 Christiani,
1822 4638 1919 4675 nec

359 4691 525 4744 Judaei
551 4701 693 4751 sunt.
723 4710 820 4746 nec
841 4693 1149 4745 Christiani.
1176 4711 1192 4742 ι
1229 4694 1390 4759 Aug,
1420 4690 1615 4741 Dehwr
1645 4707 1662 4752 ;
1688 4691 1917 4753 Theod”

360 4760 451 4813 lib.
486 4776 520 4813 it
561 4760 632 4812 De
675 4767 801 4815 lia'r.
848 4763 979 4823 fab;
1018 4761 1203 4829 Cypr.,
1255 4761 1492 4826 Exposit.
1523 4766 1693 4823 symb.
1724 4771 1918 4823 opust;

357 4830 531 4892 Orig,
581 4831 629 4881 in
670 4848 786 4899 rap.
839 4847 904 4882 xv
953 4831 1135 4883 Matth.
1200 4831 1374 4883 Credo
1426 4838 1589 4899 ettani
1637 4829 1921 4899 Ebionmos

357 4899 563 4961 διττούς
596 4898 745 4965 apud
784 4901 1069 4967 Origenein
1120 4901 1239 4952 ideo
1273 4898 1607 4967 nuncupari.
1643 4901 1783 4963 quod
1817 4898 1922 4951 Na—

359 4972 516 5022 z:tra-i
566 4986 683 5020 cum
732 4966 998 5022 Ebioiia-is
1048 4970 1491 5022 consuettnlinem
1546 4966 1833 5033 aliqualeni
1867 4978 1921 5021 et

360 5039 784 5091 familiaritatem
821 5043 1217 5099 contraxerint;
1268 5038 1387 5088 audi
1441 5036 1731 5101 l".piphan.,
1786 5039 1916 5090 liter.

356 5110 426 5179 50
460 5128 470 5161 2
510 5108 705 5179 νἘνθεν
739 5108 962 5179 ἄρχεται
990 5108 1088 5179 τῆς
1124 5104 1489 5179 κακῆςαύτοῦ
1542 5104 1919 5179 διδασκαλίας,

356 5178 475 5231 εθεν
500 5178 657 5246 δῆθεν
692 5176 786 5231 καῐ
814 5176 880 5229 οἱ
923 5178 1228 5249 Ναζαρηνοὶ
1262 5178 1318 5249 λοὶ
1345 5176 1540 5249 ἄνομοι.
1562 5176 1923 5249 προδεδήλων-

354 5266 461 5301 ται.
500 5243 793 5317 Συναφθεὶς
834 5248 941 5317 γάρ
974 5243 1382 5309 οῦτὺςὶκείνοις
1401 5284 1414 5305 ,
1440 5245 1554 5317 Ακαί
1582 5243 1783 5317 ἐκείνοι
1802 5246 1921 5298 τού-

354 5334 432 5388 τῳ
452 5357 466 5379 ,
510 5314 765 5389 ἑκάτερος
810 5314 920 5371 aea
964 5321 1061 5386 τῆς
1094 5317 1302 5389 ἑαυτοῦ
1330 5314 1624 5389 μοχθηρίας
1648 5315 1733 5389 τῷ-
1754 5317 1922 5389 ἑτέρῳ

352 5385 646 5474 μετέδωκε.
676 5385 817 5474 ’,Καὶ
855 5385 1196 5456 διαφέρονται
1253 5385 1348 5460 μὲν
1393 5385 1776 5474 Ιὲτερρηςωπρὸς
1802 5385 1921 5474 ,τὸν

355 5451 539 5529 ἕτερον
567 5458 706 5511 κατά
739 5477 790 5511 τι
815 5500 828 5522 ,
891 5451 968 5511 ἐν”
994 5451 1050 5512 δὲ
1079 5462 1142 5529 τῇ
1192 5451 1456 5529 κακονοίᾳί
1486 5451 1742 5529 animos;
1791 5457 1923 5529 άπε-

360 5523 617 5599 μάξαντο.
664 5548 681 5578 ι
714 5529 835 5582 Inde
867 5530 1081 5597 pessimi
1118 5523 1460 5599 praedicandi
1505 5523 1770 5592 dogmatis
1818 5527 1921 5599 ini-

365 5594 968 5669 tiutnsumpsilltttttle
1000 5609 1055 5652 et
1089 5594 1282 5669 impios
1333 5596 1640 5669 Nazarenos
1694 5597 1922 5665 cmpisse

363 5665 674 5721 docuimus.
706 5668 877 5722 Atnbo
923 5670 1090 5732 enim,
1137 5665 1344 5725 collatis
1377 5668 1515 5722 inter
1549 5678 1607 5721 se
1648 5669 1920 5740 capitulis,

429 4021 474 4055 ⁷⁵
508 4025 630 4077 Act.
659 4039 713 4087 χ,
745 4022 777 4077 9
800 4038 953 4092 seqq.

1977 4031 2022 4062 ⁷⁸
2060 4029 2217 4094 lbid.,
2250 4030 2303 4083 9.
2376 4030 2421 4060 ⁷⁵
2464 4028 2478 4080 l
2509 4027 2633 4083 Cor.
2660 4042 2734 4090 ix,
2759 4025 2851 4079 20.

2026 1812 2133 1865 τῶν
2173 1811 2300 1881 ἑξῆς
2332 1810 2616 1881 δηλοῦται,
2673 1810 2754 1862 ὅτι
2801 1807 3064 1869 ὀπτασίας
3094 1804 3287 1876 ἐδεήθη
3308 1845 3323 1869 ,
3370 1805 3455 1857 ἵνα
3486 1821 3598 1856 κοι-

2026 1906 2241 1977 νωνήσῃ
2279 1903 2386 1956 τῶν
2424 1902 2594 1970 λόγων
2625 1902 2724 1971 τῆς
2752 1900 2985 1962 πίστεως
3024 1897 3101 1968 τῷ
3133 1897 3205 1968 μὴ
3246 1896 3390 1949 κατὰ
3421 1896 3597 1967 σάρκα

2041 1991 2342 2062 Ἰσραηλίτῃ
2398 1988 2680 2059 Κορνηλίῳ
2725 1986 2818 2040 καὶ
2858 1988 2969 2048 τοῖς
3015 1986 3110 2037 σὺν
3159 1982 3345 2053 αὐτῷ,
3396 1982 3470 2043 ὡς
3516 1982 3596 2034 ἔτι

2041 2088 2289 2150 Ἰουδαῖος
2310 2126 2323 2149 ,
2353 2088 2446 2139 καὶ
2478 2085 2618 2139 κατὰ
2647 2085 2745 2147 τάς
2780 2083 3046 2137 Ἰουδαίων
3094 2081 3420 2154 παραδόσεις
3467 2077 3596 2142 ζῶν,

2027 2177 2383 2248 καταφρονῶν
2426 2177 2534 2229 τῶν
2584 2175 2687 2239 ἔξω
2734 2174 2827 2227 τοῦ
2879 2170 3230 2242 ’ῐουδαῖσμοῦ.
3302 2170 3411 2223 Kal
3441 2171 3497 2222 ὲν
3530 2168 3597 2239 τῇ

2027 2270 2163 2339 πρὸς
2190 2269 2430 2331 Γαλάτας
2459 2269 2514 2321 δὲ
2544 2267 2795 2337 ἐπιστολῇ
2830 2265 3041 2327 Παῦλος
3069 2264 3338 2335 ἐμφαίνει,
3384 2264 3463 2316 ὅτι
3490 2258 3597 2313 Πέ-

2026 2378 2186 2431 τρος,
2219 2360 2297 2412 ἔτι
2340 2360 2673 2429 φοϐούμενος
2714 2358 2842 2419 τοὺς
2888 2354 3201 2417 Ἰουδαίους,
3254 2352 3600 2420 παυσάμενος

2026 2448 2118 2502 τοῦ
2174 2448 2311 2519 μετά
2357 2448 2464 2502 τῶν
2498 2448 2667 2500 ὲθνῶν
2700 2444 3017 2508 συνεσθίειν,
3052 2444 3292 2506 ἐλθόντος
3343 2440 3595 2495 Ἰακώϐου

2030 2540 2166 2610 πρὸς
2224 2538 2414 2602 αὑτὸν,
2484 2536 2794 2609 ιάφώριξεν
2844 2535 3035 2589 ἑαυτὸν
3089 2535 3195 2588 ἀπὸ
3242 2533 3351 2586 τῶν
3405 2531 3595 2589 ἐθνῶν.

2029 2631 2359 2702 φοϐούμενος
2390 2630 2518 2693 τοὺς
2551 2632 2615 2682 ὲκ
2643 2629 2745 2696 τῆς
2794 2626 3091 2699 περιτομῆς
3111 2642 3126 2657 ο
3152 2645 3170 2679 ι
3227 2625 3319 2678 καὶ
3363 2622 3425 2677 τὸ
3468 2622 3598 2675 αὐτὸ

2029 2723 2389 2792 πεποιήκασιν
2414 2720 2561 2790 αύτῷ
2589 2721 2637 2772 οἱ
2677 2719 2851 2771 λοιποὶ
2886 2718 3122 2770 Ἰουδαῖοι
3170 2715 3262 2770 καὶ
3293 2714 3593 2785 Βαρνάϐας.

2029 2813 2140 2865 Kal
2153 2811 2438 2866 ἀκόλουθόν
2458 2828 2521 2879 γε
2536 2806 2603 2880 ἦν
2624 2808 2696 2880 μὴ
2714 2808 3009 2877 ἀποστῆναι
3024 2806 3131 2859 τῶν
3146 2804 3445 2859 Ἰουδαϊκῶν
3464 2804 3595 2858 ὲθῶν

2029 2900 2157 2961 τοὺς
2187 2901 2266 2961 εἰς
2297 2898 2397 2967 τὴν
2424 2897 2724 2969 περιτομὴν
2763 2895 3164 2957 ἀποσταλέντας
3185 2935 3199 2958 ,
3257 2913 3276 2944 ι
3302 2894 3389 2947 ὅτε
3418 2895 3467 2947 οἱ
3508 2894 3589 2946 δο-

2033 2988 2249 3051 κοῦντες
2281 2988 2460 3041 στύλοι
2488 2984 2622 3040 εἶναι
2652 2987 2831 3051 δεξιὰς
2861 2986 3064 3039 ἔδωκαν
3096 2985 3290 3055 Παύλῳ
3321 2986 3416 3038 καὶ
3452 2986 3594 3055 Βαρο

2032 3080 2170 3149 νάϐᾳ
2192 3078 2504 3140 κοινωνίας,
2534 3078 2687 3130 αὐτοὶ¹
2716 3079 2795 3139 εἰς
2824 3074 2920 3145 τὴν
2948 3076 3245 3145 περιτομὴν
3277 3074 3588 3137 ἀπιόντες,ι

2032 3172 2096 3222 ἵν’
2148 3173 2343 3222 ἐκεῖνοι
2394 3172 2503 3231 τοῖς
2546 3169 2720 3221 ἔθνεσι
2764 3167 3059 3238 κηρύξωσι.
3114 3166 3179 3217 Τί
3218 3165 3275 3218 δὲ
3316 3164 3477 3233 λέγω,
3514 3164 3593 3216 ὅτι

2029 3262 2076 3312 οἱ
2124 3259 2485 3330 κηρύσσοντες
2526 3260 2605 3321 εἰς
2644 3259 2741 3328 τὴν
2786 3256 3083 3327 περιτομὴν
3114 3254 3431 3309 ὑπέστελλον
3475 3255 3597 3307 ἑαυ-

2027 3351 2153 3412 τοὺς
2178 3351 2283 3403 ἀπὸ
2316 3349 2421 3401 τῶν
2449 3349 2616 3401 ἐθνῶν
2655 3349 2747 3401 καὶ
2776 3347 3083 3418 ἀφώριζονς
3123 3348 3214 3401 ὅτε
3257 3345 3350 3399 καὶ
3381 3344 3543 3408 αὐτὸς
3568 3346 3596 3397 ό

2028 3440 2237 3503 Παῦλος
2282 3443 2393 3510 τοῖς
2438 3438 2705 3499 Ἰουδαίοις
2746 3437 2995 3498 Ἰουδαῖος
3046 3436 3273 3502 ἐγίνετο,
3319 3434 3407 3487 ἵνα
3469 3434 3596 3486 Ἰουο

2026 3531 2204 3593 δαίους
2251 3529 2505 3601 κερδήσῃ.
2560 3527 2648 3579 Διὸ
2697 3526 2773 3589 ὡς
2817 3526 2911 3578 καὶ
2954 3526 3009 3577 ὲν
3042 3526 3158 3585 ταῖς
3202 3522 3439 3593 Πράξεσι
3490 3522 3596 3575 τῶν

2030 3622 2338 3673 ἀποστόλων
2368 3619 2691 3689 γέγραπται,
2732 3616 2825 3669 καὶ
2870 3614 3181 3686 προσφορὰν
3229 3614 3595 3684 προσήνεγκεν

2029 3712 2119 3762 ἐπὶ
2151 3711 2210 3762 τὸ
2256 3709 2658 3779 θυσιαστήριον,
2691 3707 2776 3759 ἵνα
2817 3706 2975 3775 πείσῃ
3020 3704 3303 3767 Ἰουδαίους
3345 3704 3472 3774 περὶ
3500 3702 3593 3755 τοῦ

2032 3803 2105 3871 μὴ
2162 3798 2301 3853 εἶναι
2352 3800 2659 3869 ἀποστάτης
2700 3798 2884 3868 νόμου.
2950 3794 3133 3849 Ταῦτα
3194 3796 3251 3848 δὲ
3314 3796 3489 3848 πάντα
3546 3796 3593 3847 εί

2030 3892 2286 3943 ἐπίστατο
2313 3892 2340 3941 ό
2386 3889 2621 3954 Κέλσος,
2670 3888 2767 3939 οὐκ
2810 3886 2875 3939 ἂν
2903 3885 3455 3956 ὲπροσωποποιήσατο
3504 3882 3593 3937 τὸν

2926 4022 2971 4055 ⁸ο
3010 4022 3131 4079 Act.
3162 4037 3331 4083 xxvn.
3363 4020 3453 4075 26.

2023 4157 2177 4197 suam
2210 4142 2345 4193 alter
2375 4155 2493 4192 cum
2543 4138 2712 4192 altero
2747 4136 3145 4198 improbitatem
3180 4149 3243 4188 ac
3295 4132 3589 4201 nequitiam

2022 4212 2463 4271 communicavit.
2504 4209 2679 4277 Atque
2712 4207 2817 4277 etsi
2848 4206 3242 4274 quadamtenus
3272 4218 3299 4277 a
3332 4217 3391 4277 se
3428 4203 3594 4277 multo

2025 4282 2323 4334 dissideant
2349 4319 2362 4339 ,
2418 4280 2467 4330 in
2501 4272 2879 4343 excogitando
2912 4286 3089 4327 tamen
3122 4272 3459 4343 pravissimo
3489 4273 3586 4326 do-

1950 4381 1995 4439 ι)
2022 4362 2199 4415 gntate
2230 4366 2345 4401 sese
2371 4348 2599 4400 invicem
2628 4342 3034 4411 eXpresserunt.
3064 4362 3082 4393 ι
3120 4342 3185 4395 Et
3209 4342 3367 4405 paulo
3391 4352 3545 4394 antea
3574 4360 3587 4395 :

2023 4419 2371 4439 u-_,,__--._,-,.
2403 4418 2497 4439 με...
2522 4416 2623 4439 --λη
2659 4416 2764 4439 2-.-.
2795 4414 2851 4439 ,λ
2904 4412 3149 4439 annm)...
3216 4409 3482 4439 ’l-..k-!.....
3535 4409 3587 4439 τι.

2023 4409 2371 4488 Σαμαρειτῶν
2401 4418 2497 4484 μὲν
2521 4416 2626 4488 γάρ
2658 4409 2768 4488 Eiet
2794 4414 2855 4488 τί)
2893 4412 3171 4488 ρδελυρὸν,
3216 4409 3482 4488 Ἰουδαίων
3534 4409 3589 4467 δὲ

2021 4490 2082 4542 τὸ
2106 4480 2314 4557 ’όνὀμα,
2363 4480 2622 4557 Ὀσσαίων
2760 4485 2849 4557 καί
2892 4480 3245 4557 ΝαζωραίωνΔ
3267 4480 3591 4557 καὶ-’Νασα-

2025 4559 2191 4630 ραίων
2220 4545 2314 4638 την
2348 4556 2569 4638 γνιῦμην
2590 4595 2603 4615 ,
2649 4552 3033 4638 Κνηρινθιανῶνι
3062 4545 3129 4638 τὲ
3170 4545 3337 4612 εἶδος,
3357 4551 3593 4638 ’Καρποο

2022 4616 2327 4698 κρατιανῶν
2361 4616 2476 4698 ’τὴν
2516 4616 2902 4698 κακοτροπίαν,
2952 4622 3043 4698 καὶ
3086 4618 3422 4698 Χριστιανῶν
3466 4616 3591 4687 Ἲβού-
3681 4623 3687 4627 ’

2022 4690 2170 4749 λέται
2199 4696 2339 4764 ἔχειν
2365 4690 2461 4764 τὴν
2491 4690 2876 4765 προσηγορίαν.
2924 4710 2940 4741 ι
2964 4690 3092 4765 Nam
3128 4690 3587 4765 saniztritanorum

2026 4757 2289 4831 impuram
2316 4757 2753 4831 superstitionem
2790 4761 3079 4831 allectavit.
3121 4760 3163 4831 Α
3193 4757 3392 4831 ίιιιιίξίβ
3428 4770 3590 4831 porro

2024 4824 2219 4890 nomen
2258 4824 2503 4899 act-epit;
2563 4834 2627 4886 ab
2660 4830 2877 4889 Ossmis.
2926 4829 3197 4899 Nazoraais
3242 4837 3293 4879 et
3326 4824 3591 4899 Nasat'aais

2024 4906 2293 4969 dogmata.
2332 4896 2805 4957 Cérinthianorum
2850 4899 3042 4951 deinde
3079 4898 3342 4961 formam,
3377 4896 3585 4969 Carpo-

2024 4965 2388 5026 cratianorum
2462 4972 2791 5038 nequitiam,
2864 4969 3294 5038 Christianorum
3356 4965 3587 5032 denique

2023 5042 2432 5112 appellationem
2467 5037 2727 5112 usurpare
2768 5038 3071 5112 contendit.
3094 5055 3111 5087 ι
3171 5037 3444 5112 ﬁnances.

2095 5104 2203 5179 (4⁸2)
2247 5104 2682 5164 ΙΙωδοΙιιξΙὶυδἸιι
2720 5119 2868 5163 textu
2904 5108 3096 5167 habet,
3128 5104 3311 5179 αὑτοῦ,
3348 5108 3585 5179 Spence-

2024 5174 2115 5235 rus
2148 5174 2313 5251 αύτῷ,
2360 5182 2583 5244 rectius,
2619 5181 2803 5246 sicque
2830 5192 3019 5251 omnes
3046 5191 3194 5238 mss.,
3227 5176 3269 5251 si
3310 5174 3587 5240 exceperis

2020 5246 2377 5319 Anglicanum
2418 5253 2659 5316 'priinum
2692 5258 2771 5303 .et
2822 5247 3114 5311 lulianum,
3153 5246 3243 5313 qui
3304 5255 3587 5310 utramque

2021 5320 2305 5374 lectionem
2331 5320 2607 5376 exhibent.

2095 5391 2201 5459 (45)
2242 5391 2442 5445 Omnes
2471 5390 2625 5443 codd.
2657 5403 2810 5450 mss.,
2851 5388 3139 5459 τέσσαρσιν
3182 5384 3375 5453 ἀρχαῖς
3409 5378 3588 5459 καθιέ-

2095 5452 2204 5515 vov.
2238 5461 2493 5528 Vulgatus
2522 5462 2780 5528 Actorum
2810 5467 2986 5512 textus
3007 5452 3032 5521 ,⁷
3063 5452 3352 5524 τέσσαρσιν
3398 5452 3586 5525 ἀρχαῖς

2052 5530 2134 5582 εδε
2145 5532 2300 5599 μένον
2337 5526 2428 5582 καὶ
2451 5526 2789 5599 καθιέμενον.

2095 5588 2206 5669 (Π)
2251 5588 3265 5669 Vetuscodeiﬁl’atieanusalicgius
3326 5601 3379 5647 et
3440 5588 3586 5645 Basiv

2025 5665 2257 5734 lec'nsi's,
2294 5668 2599 5741 ἑκαθάρισε.
2653 5667 2884 5738 Reliqui,
2924 5665 3177 5740 ἐκάθηρε.
