3988 6156
347 311 454 367 197
1525 310 1807 368 CONTRA
1843 309 2119 366 CELSUM
2157 308 2286 366 LIB.
2320 309 2385 366 ll.
3489 303 3595 360 798

347 422 623 478 Ἰουδαῖον
656 423 880 493 λέγοντα
928 422 1065 494 πρὸς
1116 424 1241 487 τοὺς
1287 425 1396 478 ἀπὸ
1463 426 1793 497 Ἰουδαῖσμοῦ
1841 445 1933 480 πι-

2052 426 2446 496 leciperemini,
2471 432 2525 480 et
2553 439 2581 478 a
2613 423 2767 478 nobis
2806 422 2856 476 in
2904 419 3050 476 aliud
3098 431 3291 474 nomen
3329 414 3597 484 aliamque

337 513 649 578 στεύοντας
691 515 785 568 τό’
827 534 845 566 ι
874 515 938 568 Τί
990 515 1282 579 παθόντες,
1327 509 1372 568 ὦ
1414 516 1660 582 πολῖται,
1718 517 1932 570 κατελίο

2052 519 2201 571 vitatn
2239 515 2698 585 transfugerelis?
2732 515 2767 576 »ἶ
3011 501 3016 504 ”

333 623 481 660 πετε
525 609 622 662 τὸν
661 609 888 679 πάτριον
947 609 1142 679 νόμον,
1186 611 1280 663 καὶ
1349 612 1441 662 ὑπ’
1487 611 1719 674 ἐκείνου,
1767 611 1902 682 πρὸς
1947 611 2006 664 ὃν
2041 611 2165 683 ἄρτι
2211 611 2567 680 διειλέγμεθα,
2614 607 3135 679 ψυχαγωγηθέντες,
3193 602 3332 656 πάνυ
3379 599 3600 670 γελοίως

335 697 768 773 ἐξηπατήθητε,
832 703 926 754 καὶ
981 703 1071 771 ἀφ’
1118 703 1274 774 ήμῶν
1321 703 1807 775 ἀπηυτομολήσατε
1851 707 1930 768 εἰς
1974 705 2101 759 ἄλλο
2128 707 2296 777 ὄνομα
2326 707 2416 759 καὶ
2448 707 2528 769 εἰς
2559 702 2713 757 ἄλλον
2762 702 2907 771 βίον;
2947 721 2965 752 ι

326 787 332 831 ¹
425 793 598 847 Ἐπεὶ
645 795 690 848 δ’
719 793 865 858 ἅπαξ
913 794 1212 865 γεγόναμεν
1252 797 1309 848 ἐν
1333 795 1410 865 τῷ
1439 795 1686 867 περὶτοῦ
1729 797 1934 866 Πέτρου

2109 799 2165 850 2.
2211 797 2314 850 Sed
2365 797 2488 864 quia
2538 809 2716 848 sermo
2769 793 2956 846 incidit
3008 797 3074 846 de
3122 790 3281 844 Petro
3324 799 3378 842 et
3407 787 3472 840 iis
3506 783 3598 854 qui

329 883 496 953 λόγῳ
535 885 766 938 καὶτῶν
795 883 1117 949 διδαξὰντων
1161 887 1288 947 τοὺς
1331 886 1390 940 ὲν
1433 889 1499 956 τῇ
1543 889 1813 956 περιτομῇ
1845 886 1936 938 τὸν

2052 887 2404 943 Christianam
2439 886 2754 952 religionem
2786 899 2878 938 eos
2928 883 3018 950 qui
3065 897 3131 935 ex
3187 875 3600 932 circumcisione

334 973 812 1045 Χριστιανισμὸν,
841 976 939 1028 οὑκ
963 975 1161 1029 ἄτοπον
1189 976 1428 1047 ἠγοῦμαι
1472 976 1810 1046 παραθέσθαι
1844 976 1935 1030 τοῦ

2052 988 2199 1034 erant
2225 1016 2242 1042 ,
2272 977 2612 1039 docuerunt,
2645 990 2751 1027 non
2772 974 3004 1026 alienum
3033 970 3195 1023 fuerit
3223 969 3310 1022 hic
3335 983 3401 1020 ex
3426 967 3603 1019 Evan-

2110 1066 2143 1076 ι.
2397 1062 2410 1076 ι
2545 1059 2562 1076 l
2923 1060 2972 1076 ,I
2996 1058 3008 1076 1
3067 1074 3095 1076 η
3142 1056 3260 1076 I-___
3296 1055 3486 1076 ,IEA.--_..
3520 1069 3574 1076 ..ιι

348 1064 553 1134 Ἰησοῦ
584 1083 704 1119 τινα
732 1066 911 1138 φωνὴν
945 1067 1050 1119 ἀπὸ
1093 1066 1186 1119 τοῦ
1230 1067 1372 1120 κατὰ
1412 1067 1661 1137 Ἰωάννην
1690 1068 1936 1136 Εὑαγγε-

2052 1066 2181 1137 gelio
2212 1062 2506 1118 secundum
2535 1059 2800 1115 Joannem
2834 1058 3101 1128 quoddam
3136 1056 3260 1110 Jesu
3290 1055 3490 1108 dietum
3520 1069 3604 1107 re-

2052 1159 2068 1168 ..
2107 1159 2118 1168 ε.
2258 1167 2263 1168 ,
2610 1152 2664 1168 nu
2809 1160 2849 1168 ,κ
2943 1151 2967 1168 ι
3019 1153 3102 1168 ις-.
3136 1165 3148 1168 _
3197 1165 3209 1168 _
3247 1148 3265 1168 Α
3290 1145 3600 1168 ιιι.---..-..ιι..

337 1151 468 1206 λίου
525 1155 624 1208 καὶ
672 1154 767 1226 τὴν
807 1157 1057 1227 διήγησιν
1095 1156 1283 1226 αὐτῆς.
1323 1157 1633 1227 Γέγραπται
1665 1157 1729 1227 δὴ
1775 1157 1936 1210 αὑτὸν

2052 1159 2190 1212 lei're
2218 1167 2272 1210 et
2300 1169 2579 1209 enarrare.
2610 1152 2701 1206 Sic
2736 1160 2912 1204 autem
2943 1151 3108 1204 habet
3135 1165 3149 1201 :
3191 1165 3209 1197 ι
3238 1148 3420 1200 Adhuc
3439 1145 3604 1198 multa

341 1245 678 1350 εἰρηκέναι·
717 1265 736 1298 ι
781 1248 901 1300 Ἔτι
949 1247 1118 1300 πολλὰ
1159 1247 1269 1317 ἔχω
1315 1247 1493 1316 λέγειν
1552 1248 1701 1317 ὑμῖν,
1731 1245 1846 1300 ἀλλ’
1873 1245 1934 1297 οὑ

2052 1251 2225 1304 habeo
2246 1248 2404 1302 vobis
2433 1247 2634 1308 dicere,
2667 1243 2762 1297 sed
2794 1258 2898 1296 non
2923 1240 3147 1309 potestis
3175 1247 3395 1308 portare
3421 1237 3602 1292 modo.

2052 1337 2082 1350 η
2278 1344 2315 1350 ,ν
2431 1349 2461 1350 η
2522 1348 2532 1350 μ
2577 1333 2614 1350 ο-
2659 1332 2738 1350 9n.
2773 1329 3005 1350 L‘,_!_:.-_-
3037 1326 3279 1350 ...η-εικῆ..
3330 1325 3485 1350 ιιι-ΑΛ.
3510 1337 3602 1350 -υ-ιη

341 1333 597 1389 δύνασθε
653 1337 937 1407 βαστάζειν
986 1339 1129 1411 ἄρτι.
1163 1340 1330 1392 Ὅταν
1356 1339 1412 1393 δὲ
1435 1338 1562 1408 ἔλθῃ
1601 1341 1839 1400 ἐκεῖνος,
1877 1337 1940 1390 τὸ

2052 1337 2178 1392 Cum
2205 1344 2382 1390 autem
2408 1333 2620 1388 venerit
2659 1332 2746 1386 ille
2773 1329 3008 1400 Spiritus
3037 1326 3302 1388 veritatis,
3328 1325 3489 1380 ducet
3510 1337 3608 1378 vos

347 1426 597 1498 Πνεῦμα
623 1429 724 1498 τῆς
771 1429 1059 1500 ἀληθείας,
1090 1431 1342 1502 ὁδηγήσει
1374 1431 1519 1500 ὑμᾶς
1553 1431 1632 1493 είς
1664 1429 1761 1500 τὴν
1803 1429 1939 1500 ἀλή-

2052 1426 2099 1478 in
2131 1440 2348 1478 onmem
2385 1426 2686 1479 veritatem.
2733 1421 2846 1474 Non
2883 1419 3026 1472 enim
3059 1417 3310 1484 loquetur
3340 1430 3369 1468 a
3410 1422 3610 1468 semet-

344 1517 520 1572 θειαν
567 1521 744 1573 πᾶσαν
764 1537 778 1550 ·
811 1521 871 1573 ού
918 1521 1026 1592 γὰρ
1055 1521 1278 1592 λαλήσει
1317 1523 1409 1590 ἀφ’
1435 1519 1649 1584 ἑαυτοῦ,
1695 1519 1808 1573 ἀλλ’
1842 1520 1942 1572 ὅσα.

2052 1517 2186 1585 ipso,
2212 1515 2304 1569 sed
2336 1528 2669 1581 quazcnnque
2693 1511 2873 1563 audiet
2901 1508 3151 1576 loquetur
3177 1505 3242 1558 ⁸⁸.
3280 1524 3298 1556 ι
3343 1504 3439 1558 llic
3463 1519 3610 1573 quaa-

348 1607 426 1661 ἃν
484 1609 710 1663 ἀκούσει
743 1611 852 1680 (45)
879 1650 893 1674 ,
949 1611 1185 1682 λαλήσει.
1217 1631 1236 1662 ι
1304 1613 1413 1665 Καὶ
1451 1610 1716 1680 ζητοῦμεν
1764 1611 1819 1662 ὲν
1859 1608 1938 1679 τῷ

2052 1609 2216 1662 rimus
2247 1619 2557 1675 ecquzenam
2588 1603 2791 1657 fuerint
2819 1598 2988 1652 multa
3025 1597 3112 1650 illa
3147 1611 3267 1664 quae
3294 1593 3450 1648 Jesus
3493 1594 3608 1648 dis-

343 1700 550 1771 τόπῳ,
577 1701 697 1755 τίνα
721 1697 788 1772 ἦν
816 1701 884 1754 τὰ
913 1702 1101 1766 πολλὰ,
1135 1702 1170 1755 ἂ
1197 1697 1308 1773 εἷχε
1343 1703 1437 1773 μὲν
1463 1702 1638 1770 λέγειν
1668 1704 1696 1754 6
1736 1699 1941 1772 Ἰησοῦς

2052 1698 2240 1768 cipulis
2266 1698 2378 1750 suis
2395 1696 2577 1750 dicere
2607 1692 2860 1754 habebat,
2886 1697 2940 1742 et
2970 1703 3088 1755 quae
3116 1695 3226 1739 tum
3259 1695 3477 1754 portare
3501 1698 3609 1737 non

349 1795 481 1856 τοῖς
532 1793 796 1864 μαθηταῖς
825 1793 1041 1857 ἑαυτοῦ,
1073 1796 1173 1848 οὑκ
1210 1795 1470 1864 ἠδύναντο
1494 1795 1550 1847 δὲ
1576 1793 1713 1848 αὐτὰ
1743 1793 1940 1863 βαστά-

352 1881 485 1948 ζειν
531 1883 673 1938 τότε.
730 1886 839 1939 Καὶ
871 1886 1044 1957 φημίο
1092 1885 1307 1958 Μήποθ⁹
1354 1886 1430 1949 ὡς
1497 1885 1799 1950 Ἰουδαίοις,
1846 1884 1940 1937 καὶ

355 1978 720 2047 συντραφεῖσι
744 1977 822 2048 τῷ
849 1977 986 2030 κατὰ
1008 1978 1068 2031 τὸ
1089 1979 1321 2049 γράμμα
1352 1979 1627 2041 Μωῦσέως
1657 1977 1804 2048 νόμῳ
1830 1979 1941 2039 τοῖς

356 2064 718 2132 ἀποστόλοις,
748 2063 860 2137 εἶχε
909 2068 1006 2138 μὲν
1038 2067 1214 2136 λέγειν
1245 2068 1328 2132 τίς
1356 2071 1383 2122 6
1407 2068 1611 2140 ἀληθὴς
1637 2067 1817 2137 νόμος,
1849 2067 1942 2120 καὶ¹

354 2154 531 2207 τίνων
565 2158 898 2228 ἐπουρανίων
927 2159 1281 2230 ὑποδείγματι
1314 2159 1406 2212 xa‘t
1447 2161 1628 2229 σκιᾷὴ
1661 2156 1810 2226 παρὰ
1832 2159 1942 2221 τοῖς

369 2245 657 2310 Ἰουδαίοις
699 2247 922 2320 λατρεία
969 2249 1290 2315 έπετελεῖτο,
1324 2250 1419 2302 καὶ
1453 2250 1614 2302 τίνων
1646 2249 1942 2319 μελλόντων

357 2335 589 2406 ἀγαθῶν
636 2339 792 2392 σκιὰν
839 2345 1110 2412 περιεῖχεν
1155 2343 1183 2394 6
1222 2342 1350 2412 περὶ
1410 2341 1664 2412 βρώσεως
1709 2342 1802 2394 καὶ
1851 2339 1946 2393 πό-

359 2445 512 2493 σεως
537 2431 648 2501 (46)
691 2432 785 2485 καὶ
827 2433 1027 2503 ἑορτῶν
1068 2433 1160 2486 καλ¹
1189 2432 1494 2503 νουμηνιῶν
1529 2434 1623 2484 καὶ
1655 2431 1946 2486 Σαϐϐἁτων

358 2521 559 2590 νόμος.
600 2522 712 2575 Καὶ
741 2522 912 2576 πολλὰ
956 2518 1025 2594 ἦν
1065 2523 1240 2589 ταῦθ’,
1273 2524 1308 2576 ἂ
1337 2519 1482 2593 εἶχεν
1512 2525 1695 2586 αὐτοῖς
1732 2523 1941 2590 λέγειν·

359 2610 517 2680 ὁρῶν
557 2609 603 2661 δ’
627 2609 711 2661 ὅτι
735 2610 876 2664 πάνυ
904 2610 1139 2681 χαλεπόν
1171 2614 1315 2664 ἐστιν
1356 2613 1464 2664 ἀπὸ
1502 2611 1681 2681 ψυχῆς
1721 2612 1947 2683 ἀνατρέ-

363 2716 497 2752 πειν
562 2701 748 2769 σχεδὸν
803 2702 1232 2770 συγγεννηθέντα
1282 2702 1376 2755 καὶ
1445 2703 1813 2772 συντραφέντα
1865 2702 1949 2755 δό-

366 2803 562 2857 γματα
603 2788 764 2859 μέχρι
794 2788 892 2859 τῆς
931 2787 1025 2842 τοῦ
1060 2787 1252 2858 ἀνδρὸς
1281 2787 1529 2858 ἡλικίας,
1559 2788 1651 2840 καὶ⁴
1688 2787 1948 2842 πείσαντα

362 2877 500 2939 τοὺς
529 2878 884 2948 ἀνειληφότας
922 2878 1081 2942 αὐτὰ,
1115 2879 1195 2931 ὅτι
1221 2878 1393 2931 ταῦτα
1422 2879 1522 2948 μέν
1546 2881 1667 2934 ,ἐστι
1710 2879 1846 2942 θεῖα,
1889 2879 1948 2931 τὸ

363 2965 431 3018 δὲ
485 2967 866 3037 μετασαλεὺειν
925 2967 1085 3030 αὐτὰ,
1138 2968 1283 3020 ἐστὶν
1339 2967 1567 3030 ἀσεϐές·
1627 2967 1720 3020 καὶ
1769 2969 1826 3022 έν
1881 2969 1946 3037 τῇ

2039 1798 2312 1861 poterant.
2336 1789 2402 1841 Et
2428 1787 2548 1840 dico
2583 1803 2597 1838 :
2628 1783 2812 1847 Forte,
2840 1783 2964 1850 quia
2993 1779 3160 1834 Judaai
3189 1785 3345 1831 erant
3379 1773 3611 1845 apostoli

2041 1860 2344 1934 etblosaica
2373 1875 2490 1943 lege
2515 1872 2810 1928 secundum
2840 1870 3074 1923 litteram
3097 1875 3312 1934 accepta
3343 1860 3609 1926 innutriti,

2042 1972 2158 2025 haec
2184 1969 2400 2022 fuerunt
2424 1980 2543 2034 qua:
2568 1964 2674 2017 illis
2700 1964 2878 2016 dicere
2907 1960 3126 2015 haberet
3155 1975 3168 2012 :
3201 1969 3444 2025 quaenam
3467 1959 3610 2006 esset

2047 2075 2175 2115 vera
2206 2060 2315 2122 lex,
2342 2072 2571 2126 quarum
2603 2069 2783 2107 rerum
2806 2050 3107 2104 rmlesrium
3130 2048 3317 2102 umbra
3335 2045 3610 2116 signisque

2043 2153 2220 2210 cultus
2250 2149 2515 2205 Judaicus
2543 2152 2852 2209 constaret,
2904 2157 3023 2211 quae
3065 2141 3248 2194 futura
3300 2138 3439 2191 bona
3473 2151 3612 2204 prae-

2044 2244 2232 2313 scripti
2285 2241 2350 2294 de
2393 2239 2512 2294 cibo
2555 2247 2610 2291 et
2653 2245 2817 2304 potu,
2875 2234 2943 2288 de
2995 2232 3174 2294 festis,
3225 2227 3524 2284 neomeniis
3556 2232 3613 2278 et

2046 2335 2296 2391 Sabbatis
2316 2334 2451 2386 ritus
2474 2328 2880 2383 adumbrarent.
2918 2322 3236 2393 llujusmodi
3269 2323 3433 2373 multa
3457 2325 3612 2372 erant

2045 2443 2162 2498 quae
2202 2425 2437 2481 habebat
2467 2423 2548 2478 eis
2571 2422 2788 2486 dicere;
2819 2433 2942 2473 cum
2987 2426 3167 2470 autem
3203 2414 3456 2482 dogmata
3491 2423 3613 2478 qua:

2043 2534 2182 2590 pene
2211 2517 2492 2586 congenita
2527 2524 2581 2569 et
2612 2515 2678 2567 ad
2711 2512 2925 2565 virilem
2962 2521 3129 2576 usque
3163 2515 3377 2560 aetatem
3413 2501 3613 2556 coalita

2045 2587 2204 2663 erant
2225 2646 2241 2671 ,
2267 2619 2498 2674 quaeque
2521 2613 2576 2657 et
2602 2601 2782 2654 divina
2817 2613 2937 2653 esse
2963 2608 3018 2652 et
3052 2597 3170 2650 sine
3197 2593 3477 2661 impietate
3501 2587 3611 2642 tolli

2048 2714 2152 2754 non
2187 2712 2344 2767 posse
2370 2695 2472 2751 sibi
2499 2699 2883 2764 persuaserant
2910 2689 2944 2742 ii
2977 2688 3068 2758 qui
3103 2687 3213 2756 ipsa
3242 2689 3612 2750 susceperant,

2048 2787 2363 2862 perdiliicile
2409 2799 2532 2840 esse
2585 2791 2838 2839 cerneret
2885 2795 2953 2834 ex
2999 2777 3180 2831 anima
3235 2771 3514 2833 revellere,
3561 2779 3616 2825 et

2047 2897 2164 2953 prae
2199 2877 2485 2934 excellenti
2513 2889 2630 2944 qua:
2660 2871 2955 2927 secundum
2993 2867 3294 2927 Christum,
3327 2863 3380 2916 id
3413 2871 3496 2916 est
3525 2875 3616 2916 se-

2049 2973 2284 3027 cundum
2319 2968 2602 3022 veritatem
2631 2975 2744 3030 est,
2780 2960 3089 3030 cognitione
3114 2957 3399 3010 ostendere
3431 2963 3486 3008 et
3517 2967 3616 3005 au-

367 3057 612 3130 ὑπεροχῇ
660 3060 754 3130 τῆς
785 3059 924 3113 κατὰ
975 3059 1229 3130 Χριστὸν,
1253 3061 1497 3136 τουτέστι
1524 3058 1622 3129 τὴν
1668 3057 1946 3129 ἀλήθειαν,

2052 3062 2320 3118 ditoribus
2348 3059 2679 3128 persuadere
2727 3056 2816 3110 illa
2864 3065 2986 3106 esse
3041 3068 3059 3101 ι
3085 3059 3328 3104 stercora
3363 3055 3417 3101 et
3451 3042 3618 3098 detri-

368 3147 628 3217 γνώσεως
665 3150 903 3222 ἐλέγχειν
929 3151 1068 3203 αύτά
1097 3152 1371 3205 σκύϐαλα
1411 3149 1510 3204 καὶ
1552 3148 1778 3218 ζημίαν,
1807 3148 1946 3201 ὥστε

372 3239 665 3310 πεισθῆναι
713 3241 836 3303 τοὺς
901 3240 1223 3303 ἀκούοντας·
1296 3239 1641 3311 ὑπερετίθετο
1697 3240 1774 3302 εἰς
1828 3239 1949 3292 ἐπι-

373 3327 714 3399 τηδειότερον
746 3329 934 3401 καιρὸν
975 3334 1066 3384 τὸν
1107 3330 1243 3401 μετὰ
1275 3331 1334 3384 τὸ
1361 3329 1530 3401 πάθος
1555 3329 1649 3382 καὶ
1687 3329 1784 3400 τήν
1819 3329 1950 3382 ἀνά-

379 3435 571 3472 στασιν
600 3419 787 3476 αὑτοῦ.
825 3423 935 3474 Καὶ
980 3421 1087 3494 γὰρ
1126 3421 1338 3492 ἀληθῶς
1377 3417 1444 3493 ἦν
1479 3421 1720 3492 ἀκαίρως
1749 3438 1950 3492 προσα-

373 3509 609 3581 γόμενον
657 3512 719 3565 τὸ
767 3511 1014 3584 βοήθημα
1057 3517 1168 3577 τοῖς
1215 3513 1435 3585 μηδέπω
1483 3513 1746 3585 χωροῦσιν
1795 3515 1947 3578 αὐτὸ,

375 3603 775 3674 ἀνατρεπτικὺν
807 3606 903 3677 τῆς
934 3607 1062 3677 περὶ
1098 3605 1192 3659 τοῦ
1249 3605 1420 3678 Ἰησοῦ
1454 3605 1772 3676 ὑπολήψεως
1823 3623 1952 3674 τυγ-

377 3695 564 3764 χάνον,
616 3696 683 3768 ἣν
731 3697 831 3768 ἤδη
880 3699 1236 3770 ἀνειλήφεσαν
1281 3699 1357 3762 ὡς
1409 3699 1536 3769 περὶ
1575 3697 1810 3770 Χριστοῦ
1857 3699 1951 3753 καὶ

376 3785 514 3839 Υίοῦ
544 3785 636 3840 τοῦ
665 3787 799 3841 Θεοῦ
823 3789 918 3842 τοῦ
948 3789 1166 3853 ζῶντος.
1204 3790 1312 3844 Καὶ
1343 3790 1576 3859 πρόσχες
1625 3791 1673 3841 εἰ
1721 3788 1794 3860 μὴ
1829 3788 1952 3842 νοῦν

378 3877 500 3948 ἔχει
554 3880 652 3932 οὑκ
703 3881 1172 3952 εὐκαταφρόνητον
1227 3879 1287 3932 τὸ
1335 3879 1506 3942 οὕτως
1547 3878 1776 3932 ἀκοῦσαι
1819 3878 1947 3932 τοῦ*

380 3989 402 4023 ι
433 3969 610 4023 Πολλὰ
655 3970 762 4042 ἔχω
791 3973 916 4042 ὑμῖν
949 3972 1149 4041 λέγειν,
1177 3971 1289 4024 ἀλλ’
1313 3972 1373 4024 οὐ
1403 3970 1628 4025 δύνασθε
1665 3971 1952 4042 βαστάζειν

372 4061 507 4133 ἄρτι
531 4078 545 4092 ο
571 4081 590 4114 ι
629 4062 799 4114 πολλὰ
823 4063 932 4133 γὰρ
955 4063 1023 4115 τὰ
1060 4063 1159 4132 τῆς
1199 4062 1292 4115 τοῦ
1322 4062 1505 4132 νόμου,
1530 4061 1670 4115 κατὰ
1704 4063 1772 4115 τὰ
1795 4080 1956 4115 πνευ-

379 4152 611 4225 ματικὰ,
643 4153 945 4224 διηγήσεως
976 4155 1069 4206 καὶ
1101 4153 1398 4224 σαφηνείας
1417 4170 1428 4182 ·
1459 4153 1552 4206 καί
1575 4153 1674 4205 οὑκ
1698 4152 1954 4222 ήδύναντό

376 4261 500 4308 πως
532 4242 819 4314 βαστάζειν
852 4244 990 4296 αὐτὰ
1049 4245 1097 4294 οἱ
1138 4242 1404 4314 μαθηταὶ,
1461 4245 1515 4294 ὲν
1549 4243 1822 4306 Ἰουδαίοις
1864 4260 1956 4312 γε-

377 4337 706 4408 γεννημένοι
745 4336 839 4390 καὶ
880 4334 1350 4407 ἀνατεθραμμένοι
1393 4335 1534 4388 τότε.
1579 4330 1744 4406 Οἶμαι
1784 4335 1828 4387 δ’
1873 4337 1954 4388 ὅτι

380 4427 480 4481 καὶ
520 4426 642 4478 ἐπεὶ
669 4424 836 4488 τύπος
867 4419 965 4495 μὲν
1001 4419 1069 4495 ἦν
1101 4425 1305 4489 ἐκεῖνα,
1338 4423 1560 4494 ἀλήθεια
1593 4424 1651 4477 δὲ
1692 4423 1728 4478 ἂ
1765 4422 1955 4493 ἔμελλε

383 4517 654 4571 διδάσκειν
695 4516 891 4578 αὑτοὺς
923 4514 984 4567 τὸ
1029 4515 1181 4583 ἆγιον
1216 4513 1474 4586 Πνεῦμα,
1527 4514 1612 4568 διὰ
1658 4513 1814 4566 τοῦτο
1863 4512 1953 4565 λέ·-

384 4608 605 4663 λεκταιο
645 4627 664 4659 ι
693 4607 860 4660 Ὅταν
889 4604 1014 4676 ἔλθῃ
1044 4607 1277 4670 ἐκεῖνος,
1321 4606 1380 4660 τὸ
1410 4603 1636 4675 Πνεῦμα
1675 4605 1772 4674 τῆς
1819 4603 1954 4673 ἀλη-

389 4697 573 4764 θείας,
624 4699 880 4770 ὁδηγήσει
927 4698 1071 4768 ὑμᾶς
1113 4699 1191 4762 είς
1240 4698 1336 4768 τὴν
1386 4695 1639 4767 ἀλήθειαν
1689 4697 1903 4748 πᾶσαν
1932 4712 1950 4744 ι

389 4795 463 4858 ὡς
493 4797 539 4848 εἰ
567 4795 770 4864 ἔλεγεν,
812 4797 893 4859 είς
937 4795 1116 4849 πᾶσαν
1154 4794 1250 4862 τὴν
1279 4794 1534 4865 ἀλήθειαν
1563 4792 1671 4845 τῶν
1710 4791 1961 4863 πραγμά-

390 4904 518 4951 των,
549 4881 624 4942 ὧν
661 4892 718 4941 ὲν
757 4893 870 4953 τοῖς
903 4890 1092 4952 τύποις
1123 4888 1422 4958 γενόμενοι,
1461 4884 1631 4956 ᾤεσθε
1657 4884 1756 4954 τὴν
1786 4881 1957 4953 ἁληθῆ

393 4979 641 5050 λατρείαν
689 4981 967 5052 λατρεύειν
1017 4981 1096 5050 τῷ
1138 4978 1274 5050 Θεῷ.
1349 4977 1458 5032 Καὶ
1490 4977 1628 5030 κατὰ
1657 4975 1754 5044 τὴν
1798 4975 1962 5041 ἐπαγ-

393 5068 578 5137 γελίαν
607 5067 700 5121 τοῦ
740 5068 912 5139 Ἰησοῦ
941 5065 1072 5141 ἦλθε
1099 5069 1160 5122 τὸ
1200 5068 1426 5138 Πνεῦμα
1454 5068 1552 5136 τῆς
1587 5063 1839 5135 ἀληθείας
1869 5061 1961 5113 ἐπὶ

392 5162 485 5216 τὸν
515 5160 740 5232 Πέτρον,
766 5159 922 5228 λέγον
949 5161 1086 5232 πρὸς
1115 5159 1428 5230 αὑτὸν,περ“ι
1470 5156 1576 5209 τῶν
1616 5149 1957 5222 τετραπόδων

391 5255 488 5310 καὶ
525 5251 766 5324 ἑρπετῶν
814 5253 914 5322 τῆς
961 5253 1062 5322 γῆς
1113 5253 1206 5305 καὶ
1255 5247 1512 5304 πετεινῶν
1553 5245 1645 5299 τοῦ
1695 5241 1954 5314 οὐρανοῦ’

399 5365 418 5398 ι
455 5344 754 5411 Ἀναστὰς,
801 5343 997 5414 Πέτρε,
1053 5341 1212 5396 θῦσον
1255 5342 1350 5395 καὶ
1402 5339 1561 5408 φάγε.
1589 5356 1607 5387 ι
1672 5336 1781 5388 Καὶ
1830 5329 1959 5404 ἦλθε

2051 3163 2234 3210 menta
2249 3152 2316 3217 ⁸²,
2344 3170 2363 3203 ι
2390 3160 2603 3218 tempus
2626 3144 2981 3216 opportunius
3007 3139 3361 3209 exspectavit,
3381 3137 3504 3190 dum
3538 3135 3617 3187 vi-

2049 3244 2241 3300 delicet
2269 3249 2324 3296 et
2355 3231 2570 3294 crucem
2607 3248 2794 3306 passus
2825 3243 2968 3288 esset
2995 3241 3048 3285 et
3083 3231 3272 3283 luisset
3304 3241 3334 3280 e
3387 3223 3617 3278 mortuis

2049 3333 2364 3390 suscitatus.
2433 3330 2724 3384 Enimvero
2779 3323 3038 3377 auxilium
3105 3315 3490 3386 intempestive
3549 3313 3617 3367 iis

2050 3418 2351 3490 pra-:stitum
2372 3417 2464 3486 qui
2498 3415 2627 3469 illud
2656 3412 2891 3466 nondum
2923 3423 3116 3479 capere
3148 3415 3397 3475 paterant
3419 3444 3434 3468 ,
3463 3417 3617 3457 ever-

2052 3522 2168 3567 tere
2197 3510 2463 3577 potuisset
2490 3504 2820 3576 Opinionem,
2851 3516 3014 3570 quam
3049 3500 3113 3554 de
3138 3498 3264 3552 Jesu
3301 3503 3615 3562 conceptam

2052 3604 2236 3656 animo
2267 3599 2565 3662 habebant,
2586 3613 2712 3651 eum
2738 3609 2856 3648 esse
2879 3593 3151 3646 Christum
3187 3600 3240 3644 et
3267 3587 3496 3641 viventis
3523 3583 3617 3639 Dei

2051 3691 2218 3762 388
2265 3689 2484 3743 Filium.
2552 3688 2618 3741 Et
2669 3687 2791 3739 vide
2835 3698 3016 3737 annon
3057 3693 3198 3733 recta
3251 3680 3318 3731 sit
3351 3675 3616 3731 sententia

2055 3784 2217 3852 hujus
2267 3781 2371 3836 loci
2407 3799 2420 3834 :
2458 3799 2475 3831 ι
2502 3777 2664 3832 Multa
2715 3775 2890 3829 habeo
2920 3774 3075 3827 vobis
3116 3771 3326 3832 dicere,
3376 3767 3468 3822 sed
3511 3781 3617 3820 non

2054 3874 2280 3945 potestis
2312 3881 2529 3942 portare
2563 3868 2722 3922 modo
2740 3867 2805 3919 ⁸³.
2840 3885 2858 3917 ι
2895 3864 3059 3918 Multa
3092 3871 3217 3917 sunt
3242 3863 3382 3914 enim
3420 3859 3470 3910 in
3503 3855 3619 3925 lege

2055 3981 2175 4038 quae
2205 3979 2364 4019 sensu
2399 3959 2628 4031 spiritali
2659 3957 2882 4012 edisseri
2938 3965 2992 4009 et
3050 3952 3305 4023 explicari
3353 3949 3616 4011 debeant;

2055 4035 2154 4113 nec
2176 4071 2237 4109 ea
2277 4054 2383 4108 ullo
2408 4051 2567 4107 modo
2595 4058 2718 4104 tunc
2755 4045 3055 4114 intelligere
3098 4049 3345 4112 poterant
3371 4035 3618 4107 apostoli,

2055 4148 2170 4203 nati
2205 4149 2347 4202 inter
2376 4144 2590 4198 Judaros
2611 4149 2664 4196 et
2700 4140 2934 4194 educati.
2969 4139 3142 4193 Credo
3200 4132 3449 4201 equidem
3483 4141 3619 4195 quo-

2056 4240 2200 4295 niam
2237 4239 2406 4308 tigura
2435 4245 2590 4290 erant
2630 4231 2842 4285 Judaici
2879 4231 2952 4283 illi
2997 4231 3156 4291 ritus,
3195 4227 3396 4278 veritas
3439 4227 3621 4272 autem

2057 4345 2179 4398 qua:
2223 4328 2462 4396 Spiritus
2506 4334 2728 4379 sanctus
2772 4341 2867 4378 eos
2907 4323 3164 4375 docturus
3198 4321 3351 4375 erat,
3406 4319 3624 4378 pmpter

2059 4419 2198 4473 hanc
2234 4432 2347 4470 rem
2378 4416 2582 4468 dictum
2614 4429 2732 4468 esse
2762 4430 2776 4466 :
2810 4410 3074 4478 (Quando
3109 4405 3320 4459 venerit
3368 4403 3455 4454 ille
3507 4398 3622 4468 Spi-

2059 4513 2196 4565 ritus
2233 4506 2499 4570 veritatis,
2542 4506 2702 4558 ducet
2735 4519 2830 4558 vos
2865 4503 2916 4555 in
2949 4513 3162 4553 omnem
3196 4494 3473 4546 veritatem
3491 4489 3570 4554 3‘;
3597 4507 3617 4542 ι

2059 4600 2213 4671 quasi
2242 4600 2471 4663 (liceret,
2509 4598 2559 4651 in
2588 4611 2801 4651 omnem
2833 4593 3120 4646 veritatem
3151 4601 3361 4648 rerum,
3393 4597 3623 4652 quarum

2058 4693 2189 4747 licet
2212 4691 2397 4760 ﬁgurae
2424 4698 2631 4742 tantum
2659 4686 2797 4756 apud
2827 4700 2920 4738 vos
2953 4681 3176 4743 fuerint,
3211 4690 3396 4728 verum
3431 4671 3626 4726 nihilo-

2062 4787 2240 4838 minus
2259 4781 2368 4835 Deo
2391 4778 2592 4835 cultum
2611 4795 2639 4831 a
2663 4777 2815 4832 vobis
2833 4771 3079 4828 exhiberi
3107 4766 3398 4837 putabatis.
3429 4765 3622 4832 Atque,

2063 4885 2122 4930 ιιι
2143 4875 2301 4931 Jesus
2333 4866 2679 4946 promiserat,
2713 4867 2864 4921 venit
2899 4864 3134 4935 Spiritus
3163 4859 3406 4914 veritatis
3438 4856 3491 4909 in
3529 4855 3625 4907 Pe-

2062 4976 2228 5031 trum,
2265 4967 2426 5034 eique
2455 4964 2520 5015 de
2563 4956 3024 5027 quadrupedibus,
3073 4949 3416 5021 serpentibus
3467 4954 3625 4997 terra:

2061 5068 2117 5112 et
2147 5055 2461 5112 volatilibus
2487 5052 2609 5107 eceli
2636 5051 2772 5105 diiit
2809 5065 2822 5101 :
2861 5067 2880 5100 ι
2905 5046 3103 5114 Surge,
3136 5041 3316 5105 Petre,
3355 5038 3542 5092 occide
3570 5043 3626 5087 et

2064 5149 2328 5203 manduca
2350 5147 2418 5200 ⁸⁸.
2451 5163 2470 5197 ι
2515 5144 2580 5197 Et
2611 5143 2758 5195 venit
2789 5139 2854 5193 ad
2877 5153 3001 5193 eum
3039 5132 3422 5204 superstitione
3446 5126 3625 5179 adhuc

2066 5240 2431 5296 laborantem.
2493 5237 2574 5289 Ad
2609 5234 2848 5288 divinam
2883 5231 3027 5285 enim
3064 5241 3247 5280 vocem
3296 5220 3623 5287 respondet:

2075 5349 2094 5382 ι
2126 5330 2315 5395 Absit,
2344 5328 2593 5392 Domine,
2621 5327 2746 5395 quia
2789 5335 3066 5390 nunquam
3113 5308 3432 5370 manducavi
3462 5315 3627 5360 omne

463 5477 507 5511 ⁸¹
542 5477 702 5532 Joan.
735 5492 848 5538 ενι,
883 5476 950 5529 12
970 5474 1134 5529 ειίό.
1208 5474 1253 5506 ⁸³
1292 5471 1520 5540 Philipp.
1553 5486 1632 5530 ιιι..
1669 5471 1723 5524 8.
1797 5468 1844 5500 ⁸³
1882 5465 1950 5521 Jo

2065 5463 2296 5533 κν1,12.
2368 5461 2414 5494 ⁸⁸
2450 5461 2584 5516 Ibid.
2615 5461 2699 5513 15.
2777 5456 2823 5488 ⁸⁵
2861 5455 2981 5508 Act.
3016 5401 3082 5510 κ,
3116 5447 3200 5500 l5.

467 5589 580 5659 (45)
618 5587 711 5644 Sic
737 5602 928 5643 omnes
961 5602 1089 5659 mss.
1123 5583 1459 5659 Hmsehelins
1482 5597 1610 5659 vero
1643 5581 1710 5635 ad
1750 5582 1974 5651 margi-.

396 5651 518 5714 nein
549 5651 601 5713 et
629 5659 932 5726 Spencerus
967 5658 1019 5710 in
1053 5667 1236 5723 textu,
1261 5657 1360 5726 ὅσα
1387 5652 1453 5726 ἂν
1475 5651 1704 5726 ἀκούσῃ.

468 5729 577 5799 (46)
619 5721 690 5785 Ita
735 5729 893 5786 codd.
949 5727 1148 5800 Regius
1211 5721 1266 5784 et
1323 5721 1679 5782 Parisiensis.
1739 5721 1948 5792 Reliqui

2055 5594 2186 5632 vero
2211 5591 2337 5632 cum
2358 5575 2519 5630 editis
2558 5573 2781 5632 habent,
2821 5564 2948 5634 περὶ
2976 5557 3230 5634 βρῴσεων
3269 5554 3362 5634 κα).
3389 5550 3627 5611 πόσεων.

2058 5627 2586 5734 ρξιὶιὶόρὀέιιιὶίιιεε
2614 5627 2778 5704 mss.,'
2801 5627 3228 5700 συγγεννηθέντα
3265 5629 3356 5680 καὶ
3393 5635 3621 5693 συντρα-

2057 5734 2243 5788 φεντα.
