3998 6170
418 253 525 310 799

1900 243 2238 315 ORIGENIS;

3572 236 3694 294 800

419 385 713 429 commune
732 384 828 429 aut
856 372 1219 429 immundum.
1245 388 1265 423 ι
1344 370 1484 426 Tum
1510 368 1748 441 Spiritus
1775 378 1999 424 sanctus

2125 364 2237 437 ιρδς
2264 362 2425 419 αὑτὸν
2450 361 2530 416 ἔτι
2560 358 3051 431 δεισιδαιμονοῦντα
3076 372 3089 388 ο
3129 356 3262 427 φησὶ
3283 354 3393 427 γὰρ
3422 353 3514 408 καὶ
3541 356 3699 427 πρὸς

422 463 630 520 docens
657 464 916 535 quidnam
944 466 1011 520 de
1036 464 1173 519 cibis
1210 476 1279 517 ex
1306 462 1542 518 veritate
1589 469 1648 517 et
1689 459 2007 531 spiritaliter

424 563 574 610 esset
613 555 952 611 sentiendum
982 572 996 608 :
1037 573 1059 608 ι
1080 554 1232 622 Quae,
1273 552 1473 623 inquit,
1505 552 1647 607 Deus
1673 550 2004 622 puriﬁcavit,

430 652 488 699 tu
514 646 820 702 communia
848 658 915 698 ne
940 643 1167 699 dixeris.
1196 662 1216 696 ι
1249 643 1385 699 Post
1412 645 1553 698 hanc
1582 641 1850 698 visionem
1881 639 2006 710 Spi-

430 738 572 792 ritus
609 735 851 790 veritatis
891 732 1117 790 Petrum
1160 734 1214 789 in
1246 732 1465 789 omnem
1515 733 1798 787 veritatem
1828 730 2006 796 duxit,

432 824 595 893 eique
624 822 765 877 dixit
792 822 985 889 multa,
1009 837 1134 892 quae
1176 823 1305 877 dum
1344 822 1526 876 adhuc
1556 836 1680 876 cum
1715 820 1809 875 illo
1851 818 2010 876 Jesus

428 915 727 969 secundum
748 929 970 970 carnem
992 923 1332 978 versaretur,
1355 923 1576 982 portare
1599 927 1705 968 non
1732 921 2007 983 potuerat.

433 1001 635 1060 Verum
665 1005 734 1061 de
758 1005 846 1061 his
884 1004 992 1061 alia
1015 1021 1075 1062 se
1099 1005 1250 1060 dabit
1278 1005 1581 1060 disserendi
1605 1004 1853 1069 occasio,
1883 1019 2008 1059 cum

429 1102 622 1165 agetur
655 1095 722 1150 de
766 1096 836 1152 iis
875 1111 997 1168 qua:
1022 1097 1091 1153 ad
1116 1096 1414 1153 litteralem
1443 1095 1580 1167 legis
1607 1095 1856 1151 Mosaicae
1886 1109 2012 1154 sen~

428 1199 549 1238 sum
588 1187 886 1256 pertinent.

503 1450 559 1506 ὃ.
601 1449 755 1508 Nunc
788 1460 970 1507 autem
1004 1452 1347 1524 propositum
1385 1460 1469 1508 est
1492 1452 1646 1507 nobis
1668 1451 1809 1508 Celsi
1855 1451 2009 1521 igno-

433 1541 671 1598 rantiam
699 1543 1052 1614 redarguere,
1082 1543 1223 1613 apud
1251 1556 1412 1613 quem
1446 1540 1666 1598 Iudaeus
1703 1542 1792 1596 bis
1832 1540 2013 1595 verbis

435 1654 566 1696 suos
599 1637 893 1709 populares
923 1646 979 1694 et
1003 1638 1304 1704 lsraelitas,
1328 1639 1424 1708 qui
1453 1639 1507 1693 in
1536 1635 1721 1693 Iesum
1760 1639 2010 1702 credunt,

436 1726 730 1797 compellat
779 1744 794 1781 :
853 1726 1028 1795 «Quae
1078 1743 1178 1785 vos
1230 1727 1572 1798 intemperiae
1633 1726 1898 1798 agebant,

438 1819 670 1890 patriam
701 1818 877 1890 legem
907 1818 1342 1889 relinqueretis?
1375 1837 1395 1872 ι
1433 1825 1484 1874 et
1525 1815 1754 1886 reliqua.
1794 1816 2021 1885 Atquo-

440 1911 603 1967 modo
644 1924 676 1965 a
725 1910 844 1979 lege
888 1910 1064 1981 patria
1117 1908 1469 1975 defecerunt,
1523 1908 1616 1977 qui
1663 1906 1782 1977 ejus
1827 1920 2018 1977 parum

439 2002 720 2057 studiosos
777 2001 1068 2072 objurgant
1111 2002 1190 2057 sic
1221 2023 1234 2056 :
1276 2018 1295 2052 ι
1321 1999 1496 2055 Dicite
1520 1997 1652 2053 mihi
1677 2038 1692 2062 ,
1721 1996 1813 2067 qui
1841 1998 2016 2068 legem

438 2093 663 2165 legitis,
716 2092 889 2163 legem
940 2108 1047 2148 non
1094 2092 1338 2147 auditis?
1401 2090 1679 2160 Scriptum
1727 2097 1810 2145 est
1848 2089 2018 2153 enim,

439 2184 699 2254 quoniam
732 2182 1007 2237 Abraham
1040 2182 1175 2238 duos
1208 2182 1348 2237 ﬁlios
1401 2182 1590 2237 habuit
1608 2180 1678 2245 ³⁸,
1709 2198 1728 2232 ι
1791 2189 1846 2235 et
1898 2195 2021 2250 quae

438 2286 773 2345 sequuntur,
811 2276 877 2331 ad
905 2276 1023 2331 haec
1056 2277 1220 2331 verba
1258 2293 1273 2331 :
1318 2293 1338 2327 ι
1361 2274 1494 2343 Quae
1526 2283 1657 2330 sunt
1683 2288 1782 2343 per
1812 2272 2019 2342 allego-

438 2364 578 2425 riam
609 2366 776 2422 dicta.
803 2385 823 2419 ι
866 2366 948 2421 An
974 2367 1207 2437 patriam
1233 2367 1527 2422 deseruere
1556 2367 1750 2437 legem,
1778 2364 1870 2436 qui
1899 2380 2018 2419 eam

440 2472 719 2529 nunquam
748 2473 855 2512 non
887 2457 940 2513 in
970 2473 1068 2515 ore
1099 2459 1324 2524 habent,
1351 2458 1598 2514 dicentes
1635 2473 1650 2513 :
1694 2476 1714 2510 ι
1734 2458 1815 2511 Αη
1844 2466 1899 2511 et
1933 2456 2019 2511 lex

440 2547 559 2604 haec
591 2564 696 2603 non
728 2549 898 2604 dicit?
932 2549 1195 2619 scriptum
1237 2558 1320 2604 est
1348 2550 1495 2606 enim
1550 2550 1604 2604 in
1645 2548 1764 2620 lege
1801 2547 1971 2618 Moysi
2002 2564 2018 2603 :

440 2636 559 2691 Non
590 2637 836 2709 alligabis
868 2653 930 2694 os
959 2639 1083 2695 bovi
1116 2639 1421 2694 trituranti.
1461 2637 1715 2709 Nunquid
1752 2638 1819 2692 de
1848 2638 2021 2693 bobus

442 2741 574 2783 cura
609 2739 696 2784 est
734 2729 902 2785 Deo?
955 2744 1021 2784 an
1076 2740 1304 2800 propter
1341 2745 1441 2785 nos
1469 2730 1655 2801 utique
1699 2731 1816 2785 hare
1846 2729 2022 2783 dicit?

442 2816 578 2874 Nam
622 2830 841 2891 propter
886 2835 984 2876 nos
1027 2822 1232 2891 scripta
1270 2829 1395 2876 sunt
1416 2819 1485 2887 ⁸⁷,
1527 2840 1547 2873 ι
1605 2829 1712 2875 etc.
1763 2819 1871 2875 Sed
1905 2820 2021 2873 haec

441 2911 625 2965 omnia
656 2908 873 2966 Iudaeus
916 2912 1057 2981 apud
1085 2912 1304 2967 Celsum
1351 2909 1666 2977 confundit;
1710 2925 1833 2965 cum
1864 2909 2023 2977 longe

443 3000 778 3072 probabilior
826 3002 948 3072 ejus
1011 3001 1205 3057 fuisset
1267 3001 1579 3068 accusatio,
1632 3001 1679 3055 si
1748 3000 2019 3055 dixisset:
2051 3033 2092 3089 ε

450 3110 472 3144 ι
504 3090 735 3159 Quidam
765 3107 831 3147 ex
872 3092 1027 3147 vobis
1076 3091 1335 3161 pristinos
1367 3092 1509 3147 ritus
1550 3089 1894 3161 reliquerunt
1924 3105 2019 3146 cx-

444 3181 807 3253 plicationum
870 3192 927 3238 ct
994 3183 1383 3253 allegoriarum
1449 3184 1699 3250 nomine;
1780 3182 2022 3240 nonnulli

446 3272 574 3329 illos
605 3273 987 3345 interpretati,
1018 3285 1076 3329 ut
1120 3273 1267 3343 loqui
1313 3274 1545 3342 amatis,
1578 3274 1806 3345 spiritali
1836 3290 2023 3342 sensu,

445 3363 620 3421 nihilo
656 3365 835 3420 secius
868 3366 1043 3436 patria
1076 3366 1383 3421 observatis
1433 3366 1719 3430 instituta;
1774 3365 1863 3421 alii
1904 3367 2027 3436 qui-

446 3454 573 3513 dam
606 3454 833 3511 litterali
863 3470 1025 3512 sensu
1066 3456 1307 3513 contenti
1338 3455 1391 3511 in
1428 3470 1602 3526 eoque
1633 3466 1805 3511 totum
1843 3458 2025 3513 conti-

445 3549 568 3605 neri
603 3546 906 3619 spiritalem
939 3564 1158 3603 sensum
1202 3548 1560 3615 arbitrantes,
1585 3549 1751 3605 vultis
1780 3548 1941 3604 simul
1972 3559 2027 3604 et

446 3640 632 3698 Jesum
677 3641 896 3712 agnosci
933 3655 1031 3711 pro
1053 3657 1117 3697 eo
1148 3656 1309 3712 quem
1330 3641 1499 3712 389
1529 3642 2028 3712 prmnuntiaverunt

448 3734 750 3802 prophetm,
783 3742 839 3786 et
859 3732 1151 3788 Mosaicam
1185 3731 1356 3802 legem
1388 3748 1455 3787 ex
1483 3733 1733 3789 instituto
1760 3732 2025 3802 majorum

450 3837 673 3877 suorum
708 3823 1023 3878 observare.
1055 3843 1076 3877 ι
1119 3824 1189 3877 At
1222 3824 1367 3879 unde
1392 3824 1551 3881 Celso
1575 3833 1725 3879 tanta
1753 3824 1947 3880 fuisset
1975 3824 2027 3878 in

449 3913 539 3968 his
565 3914 968 3985 distinguendis
1004 3915 1396 3985 perspicacitas
1417 3957 1433 3980 ,
1458 3917 1550 3985 qui
1586 3918 1640 3971 in
1674 3918 2028 3987 sequentibus

451 4003 743 4074 imp’iarum
781 4006 1115 4076 omninoque
1171 4021 1200 4059 a
1243 4006 1371 4062 Jesu
1414 4006 1715 4062 alienarum
1748 4010 2028 4065 hmreseon

452 4096 701 4152 meminit
721 4137 737 4164 ,
763 4097 871 4152 imo
893 4107 947 4153 et
977 4098 1359 4167 quarumdam,
1394 4114 1515 4169 qua:
1542 4098 1854 4170 supremum
1879 4117 2033 4170 pror-

450 4202 544 4243 sus
611 4189 885 4256 abnegant
921 4189 1294 4254 conditorem;
1354 4203 1533 4258 neque
1567 4190 1716 4245 novit
1758 4190 2031 4246 lsraelitas

448 4274 566 4345 qui,
596 4285 816 4330 servata
848 4282 1024 4346 patria
1047 4276 1186 4346 lege,
1223 4276 1277 4331 in
1303 4274 1486 4333 Jesum
1520 4280 1897 4337 crediderint?
1923 4279 2033 4336 Nec

1956 1696 2091 1779 ..ιθ

2106 457 2207 528 τὴν
2251 455 2402 510 θείαν
2432 454 2616 524 φωνήν
2640 469 2654 484 ο
2696 470 2716 503 ι
2746 449 3049 521 Μηδαμῶς,
3085 447 3280 520 Κύριε,
3309 447 3392 499 ὅτι
3427 446 3694 501 οὐδέποτε

2108 546 2309 615 ἔφαγον
2342 546 2454 598 πᾶν
2486 542 2662 597 κοινὸν
2691 541 2725 612 ἣ
2755 540 3080 612 ἀκάθαρτον.
3107 557 3126 590 ι
3184 538 3296 591 Καὶ
3340 535 3544 601 ἐδίδαξε
3590 537 3694 592 τὸν

2108 636 2239 707 περὶ
2276 635 2581 708 βρωμάτων
2612 633 2826 705 ἀληθῶν
2849 631 2943 685 καὶ
2968 629 3352 701 πνευματικῶν
3377 628 3487 700 (47)
3521 628 3695 697 λόγον

2108 729 2168 781 ὲν
2195 727 2274 799 τῷ
2293 745 2307 758 ·
2344 746 2365 779 ι
2397 728 2465 780 Ἀ
2496 728 2525 780 6
2547 726 2678 789 Θεὸς
2705 724 3021 795 ὲκαθάρισε,
3055 723 3120 774 σὺ
3164 721 3239 793 μὴ
3269 720 3473 774 κοίνου.
3498 738 3517 772 ι
3574 719 3696 774 Καὶ

2111 815 2238 887 ἑξῆς
2279 814 2466 888 ἐκείνῃ
2489 817 2558 886 τῇ
2593 813 2830 882 ὀπτασίᾳ
2878 812 2940 865 τὸ
2990 811 3215 882 Πνεῦμα
3247 810 3349 880 τῆς
3393 809 3691 881 ἀληθείας,

2108 905 2335 977 ὁδηγοῦν
2386 906 2466 968 είς
2534 904 2633 976 τὴν
2678 902 2935 975 ἀλήθειαν
2984 903 3163 955 πᾶσαν
3205 900 3298 953 τὸν
3326 902 3563 972 Πέτρον,
3622 901 3695 955 τά

2111 997 2284 1051 πολλά
2322 996 2507 1064 ἔλεγεν
2540 993 2722 1065 αὐτῷ,
2767 993 2803 1047 ἀ
2847 994 2948 1047 οὐκ
2992 991 3213 1046 ἐδύνατο
3241 991 3549 1063 βαστάζειν,
3599 992 3695 1045 ὅτε

2111 1088 2253 1143 κατὰ
2272 1087 2451 1159 σάρκα
2478 1085 2627 1157 αὐτῷ
2648 1085 2727 1139 ἔτι
2754 1087 2783 1139 ό
2806 1084 3010 1155 Ἰησοῦς
3033 1082 3218 1153 συνῆν.
3248 1081 3408 1137 Ἀλλά
3429 1083 3559 1154 περὶ
3590 1082 3695 1153 μὲν

2111 1176 2319 1231 τούτων
2380 1176 2541 1239 ἄλλος
2580 1168 2739 1229 ⁶ἔσται
2801 1174 2992 1244 καιρὸς
3043 1173 3180 1246 πρὸς
3224 1173 3286 1228 τὸ
3327 1173 3695 1245 διηγήσασθαι

2112 1269 2240 1338 περὶ
2295 1269 2403 1323 τῶν
2468 1268 2609 1323 κατὰ
2674 1268 2769 1339 τὴν
2828 1265 3049 1338 ἐκδοχὴν
3096 1264 3206 1337 (48)
3259 1266 3354 1320 τοῦ
3412 1265 3695 1329 Μωῦσέως

2113 1377 2303 1431 νομου.

2182 1451 2299 1506 Νῦν
2320 1448 2377 1506 δὲ
2407 1450 2690 1522 πρόκειται
2714 1448 2927 1518 ἐλέγξαι
2950 1449 3049 1520 τὴν
3079 1446 3173 1502 τοῦ
3199 1448 3405 1501 Κέλσου
3418 1446 3693 1519 ἀμαθίαν,

2116 1547 2244 1617 παρ’
2274 1537 2319 1613 ᾧ
2370 1548 2399 1599 6
2439 1543 2687 1608 Ἰουδαῖος
2750 1543 2899 1613 λέγει
2948 1547 3061 1608 τοῖς
3137 1543 3383 1607 πολίταις
3438 1543 3538 1597 καὶ
3582 1544 3697 1607 τοῖς

2129 1635 2491 1709 Ἰσραηλίταις
2535 1634 2889 1689 πιστεύσασιν
2915 1636 3007 1689 ἐπὶ
3047 1635 3139 1689 τὸν
3177 1633 3385 1705 Ἰησοῦν
3426 1635 3523 1689 τό*
3589 1654 3608 1686 ι
3632 1637 3698 1689 Τί

2120 1729 2383 1792 παθόντες
2416 1726 2737 1781 κατελίπετε
2783 1726 2875 1779 τὸν
2923 1726 3152 1799 πάτριον
3189 1727 3387 1798 νόμον;
3412 1746 3429 1778 ι
3489 1726 3589 1781 καὶ
3631 1725 3702 1779 τά

2119 1821 2266 1892 ἑξῆς.
2309 1819 2435 1883 Πῶς
2474 1819 2531 1872 δὲ
2562 1817 2981 1873 καταλελοίπασι
3028 1818 3119 1872 τὸν
3165 1819 3391 1891 πάτριον
3434 1818 3604 1889 νόμον
3650 1818 3701 1870 οἱ

2118 1910 2482 1983 ἐπιτιμῶντες
2509 1912 2623 1974 τοῖς
2652 1910 2727 1981 μὴ
2762 1908 3053 1964 ἀκούουσιν
3078 1908 3266 1975 αὐτοῦ,
3290 1908 3384 1963 καὶ
3412 1908 3697 1977 λέγοντες·

2124 2023 2143 2054 ‹
2172 2002 2373 2071 Λέγετέ
2400 2018 2512 2072 μοι,
2550 2002 2599 2054 οἱ
2624 2000 2716 2054 τὸν
2753 2000 2917 2071 νόμον
2957 1999 3448 2070 ἀναγινώσκοντες,
3481 2000 3581 2055 τὸν
3623 2000 3701 2053 νό-

2123 2112 2222 2166 μον
2248 2095 2349 2147 οὑκ
2390 2092 2654 2159 timuere;
2685 2091 3000 2163 Γέγραπται
3025 2092 3156 2164 γὰρ,
3188 2093 3270 2146 ὅτι
3316 2091 3568 2163 ’Δὸραάμ
3608 2089 3701 2145 δύο

2122 2186 2274 2248 υἱοὺς
2318 2183 2442 2254 ἔσχε
2464 2201 2477 2214 ·
2507 2203 2526 2235 ι
2568 2183 2730 2255 μέχρι
2771 2181 2901 2249 τοῦ,
2958 2203 2976 2235 ι
3004 2182 3160 2238 ἅτινά
3191 2183 3338 2237 ἐστιν
3366 2181 3701 2254 ἀλληγορού-

2123 2292 2293 2348 μενα,
2323 2296 2341 2328 ι
2382 2277 2477 2329 καὶ
2531 2273 2602 2328 τά
2644 2274 2793 2345 ὲξῆς.
2835 2274 2948 2328 Καὶ
2997 2273 3112 2337 πῶς
3142 2273 3563 2328 καταλελοίπασι
3612 2271 3703 2324 τὸν

2121 2372 2350 2442 πάτριον
2401 2367 2563 2439 νόμον
2619 2368 2669 2420 οί
2731 2365 2819 2419 ἀεὶ
2882 2365 3221 2437 μεμνημένοι
3259 2366 3317 2419 ἐν
3361 2368 3473 2429 τοῖς
3520 2365 3703 2433 λόγοις

2122 2460 2329 2516 ἑαυτῶν
2380 2459 2491 2513 τῶν
2550 2458 2828 2530 πατρίων;
2882 2451 2975 2512 καὶ
3021 2458 3301 2527 λέγοντες·
3379 2459 3490 2510 (Ἥ
3544 2457 3642 2510 καὶ
3676 2457 3704 2509 6

2120 2553 2285 2623 νόμος
2325 2549 2498 2605 ταῦτα
2529 2549 2589 2603 οὐ
2632 2549 2814 2617 λέγεις
2866 2550 2925 2603 ὲν
2964 2548 3072 2619 γὰρ
3117 2547 3195 2618 τῷ
3238 2547 3506 2610 Μωῦσέως
3550 2547 3702 2618 νόμῳ

2120 2642 2469 2711 γέγραπται⁸
2514 2640 2588 2693 Οὐ
2635 2639 2904 2710 φιμώσεις
2959 2638 3085 2709 βοῦν
3129 2638 3392 2692 ἀλοῶντα.
3449 2637 3543 2709 Μὴ
3597 2637 3704 2691 τῶν

2123 2733 2261 2804 βοῶν
2309 2732 2460 2804 μέλει
2493 2731 2572 2802 τῷ
2603 2731 2744 2803 Θεῷ,
2783 2732 2818 2804 ἢ
2849 2731 2914 2785 δι’
2956 2732 3103 2802 ἡμᾶς
3153 2732 3365 2794 πάντως
3411 2730 3596 2798 λέγεις
3637 2728 3702 2783 δι’

2122 2826 2267 2895 ἡμᾶς
2300 2823 2409 2896 γάρ
2441 2825 2675 2896 ἐγράφη,
2729 2844 2747 2875 ι
2785 2825 2879 2878 καὶ
2908 2823 2977 2878 τά
3008 2824 3156 2895 ἑξῆς.
3197 2824 3307 2879 Καὶ
3339 2823 3412 2887 ὡς
3438 2840 3705 2893 συγκεχυ-

2126 2916 2302 2987 μένως
2342 2933 2405 2985 γε
2438 2917 2590 2970 ταῦθ’
2630 2920 2658 2971 6
2691 2917 2842 2988 παρά
2873 2916 2953 2988 τῷ
3000 2917 3193 2987 Κέλσῳ
3236 2916 3485 2979 Ἰουδαῖος
3529 2914 3701 2983 λέγει,

2124 2990 2419 3076 δυνάμενος
2472 3004 2838 3078 πιθανώτερον
2903 3007 3114 3070 εἰπεῖν,
3178 3006 3260 3059 ὅτι
3318 3026 3337 3057 ι
3378 3006 3534 3070 Τινὲς
3609 3006 3703 3077 μὲν

2126 3093 2281 3165 ὑμῶν
2307 3093 2417 3166 (49)
2452 3096 2878 3150 καταλελοίπασι
2923 3096 2995 3150 τά
3027 3096 3144 3169 ἔθη,
3196 3098 3465 3168 προφάσει
3515 3098 3706 3171 διηγή-

2128 3201 2265 3238 σεων
2296 3184 2391 3238 καὶ
2428 3184 2764 3257 ἀλληγοριῶν
2786 3203 2800 3218 ν
2833 3187 2980 3251 τινὲς
3008 3186 3065 3240 δὲ
3099 3187 3192 3239 καὶ
3223 3185 3593 3257 διηγούμενοι,
3633 3186 3705 3249 ὡς

2127 3275 2547 3345 ὲπαγγέλλεσθε,
2583 3277 2966 3347 πνευματικῶς
2988 3318 3003 3343 ,
3026 3278 3175 3333 οὐδὲν
3204 3272 3364 3351 ἦττον
3393 3278 3464 3332 τά
3495 3279 3707 3351 πάτρια

2126 3371 2373 3441 τηρεῖτε·
2410 3369 2554 3433 τινὲς
2602 3369 2660 3422 δὲ
2712 3369 2833 3423 οὐδὲ
2882 3369 3259 3442 διηγούμενοι,
3309 3370 3558 3443 βούλεσθε
3613 3368 3707 3425 καὶ

2125 3458 2218 3512 τὸν
2266 3458 2476 3531 Ἰησοῦν
2511 3460 2917 3531 παραδέξασθαι
2967 3460 3043 3524 ὡς
3097 3462 3573 3533 προφητευθέντα,
3614 3460 3707 3515 καὶ

2126 3550 2215 3602 τὸν
2239 3551 2517 3615 Μωῦσέως
2548 3552 2710 3623 νόμον
2741 3553 2976 3624 τηρῆσαι
3002 3553 3144 3609 κατὰ
3175 3555 3243 3607 τά
3283 3555 3518 3625 πάτρια⁶
3545 3553 3627 3617 ὡς
3652 3553 3706 3605 ἐν

2126 3644 2193 3713 τῇ
2241 3641 2384 3706 λέξει
2428 3642 2639 3713 ἔχοντες
2678 3644 2770 3697 τὸν
2814 3645 2990 3700 πάντα
3031 3645 3125 3699 τοῦ
3161 3645 3465 3717 πνεύματος
3507 3644 3655 3699 νοῦν.
3682 3663 3699 3697 ι

2143 3732 2304 3786 Ἀλλὰ
2335 3731 2443 3805 γὰρ
2469 3732 2630 3787 πόθεν
2662 3734 2855 3805 Κέλσῳ
2884 3735 2954 3788 τά
2993 3736 3135 3789 κατά
3165 3737 3255 3791 τὸν
3299 3737 3461 3790 τόπον
3490 3736 3676 3806 τρανῶ

2132 3839 2257 3886 σαι,
2314 3823 2373 3887 ὃς
2420 3824 2516 3877 καὶ
2572 3824 2835 3896 αἱρέσεων
2872 3828 2968 3897 μὲν
3016 3827 3188 3880 ἀθέων
3235 3828 3329 3880 καὶ
3379 3827 3472 3880 τοῦ
3529 3824 3703 3899 Ἰησοῦ

2132 3912 2308 3982 πάντη
2334 3910 2625 3983 ἀλλοτρίων
2650 3913 2707 3967 ὲν
2731 3916 2843 3977 τοῖς
2875 3914 3001 3985 ἑξῆς
3039 3915 3432 3986 ἐμνημόνευσε,
3473 3916 3567 3970 καὶ
3614 3916 3707 3970 ἀλ-

2131 4002 2237 4056 λων
2264 4002 2706 4057 καταλειπουσῶν
2738 4004 2829 4058 τὸν
2863 4004 3189 4076 δημιουργόν
3210 4024 3223 4035 ·
3251 4007 3350 4059 οὐκ
3378 4003 3490 4060 οἶδε
3522 4006 3578 4059 δὲ
3611 4004 3705 4059 καὶ

2143 4091 2485 4163 Ἰσραηλίτας
2518 4094 2597 4156 είς
2652 4092 2859 4163 Ἰησοῦν
2893 4094 3243 4160 πιστεύοντας
3264 4137 3279 4161 ,
3321 4098 3415 4150 καὶ
3448 4097 3507 4149 οὐ
3541 4112 3705 4149 κατα-

2131 4180 2388 4245 λιπόντας
2418 4181 2510 4234 τὸν
2537 4181 2766 4251 πάτριον
2798 4180 2991 4252 νόμον;
3027 4185 3099 4237 Οὐ
3124 4184 3230 4255 γὰρ
3257 4185 3537 4256 προέκειτο
3558 4181 3703 4254 αὐτῷ

2134 4274 2442 4347 φιλαληθῶς
2466 4274 2562 4327 ὅλα
2580 4274 2647 4327 τὰ
2672 4272 2815 4327 κατὰ
2844 4274 2936 4327 τὸν
2962 4278 3123 4331 τόπον
3155 4278 3406 4343 ἐξετάσαι
3428 4318 3443 4341 ,
3478 4279 3544 4331 ἵν’
3567 4276 3622 4330 ετ
3650 4294 3701 4330 τι

448 4369 591 4422 enim
636 4370 685 4424 ei
732 4371 1071 4440 propositum
1120 4370 1222 4425 fuit
1270 4370 1485 4427 sincero
1548 4372 1798 4429 veritatis
1845 4374 2023 4429 studio

2131 4369 2398 4440 χρήσιμον
2454 4368 2718 4439 εὑρίσκοι,
2757 4368 3156 4440 παραδέξηταν
3211 4370 3426 4433 ἀλλ’ὡς
3477 4369 3698 4442 ἐχθρὸς,

447 4460 631 4514 omnia
673 4461 774 4516 hoc
815 4461 933 4518 loco
964 4461 1313 4532 investigare,
1350 4472 1411 4518 ut
1443 4465 1487 4519 si
1527 4464 1655 4534 quid
1706 4464 1837 4521 utile
1887 4479 2027 4519 nan-

450 4553 771 4618 cisceretur,
813 4553 867 4608 id
900 4553 1254 4619 admitteret;
1306 4554 1400 4609 sed
1434 4555 1616 4611 animo
1651 4556 1861 4612 infenso
1913 4558 2030 4613 haec

451 4645 691 4713 scripsit,
726 4654 872 4700 totus
902 4645 966 4699 ad
997 4647 1354 4700 evertendum
1385 4647 1629 4704 intentus
1662 4648 1827 4703 simul
1868 4657 2032 4718 atque

453 4735 705 4789 audierit.

523 4825 577 4879 4.
622 4823 824 4893 Deinde
857 4823 1001 4880 illius
1028 4823 1247 4881 Judaeus
1278 4841 1381 4896 eos.
1415 4827 1506 4897 qui
1535 4843 1566 4883 e
1618 4829 1815 4900 populo
1840 4829 2024 4884 Jesum

454 4917 629 4973 secuti
676 4925 838 4981 sunt,
882 4916 962 4972 sic
1008 4915 1341 4985 alloquitur:
1373 4936 1392 4970 ι
1425 4917 1552 4974 Heri
1582 4928 1638 4975 et
1674 4921 1873 4976 nudius
1910 4929 2021 4981 ter-

456 5010 563 5064 tius
582 5048 601 5076 ,
632 5022 753 5062 cum
780 5008 835 5061 in
866 5023 990 5063 eum
1017 5009 1110 5079 qui
1139 5011 1293 5066 vobis
1319 5025 1382 5067 os
1409 5011 1746 5077 sublinebat,
1775 5013 2023 5069 animad-

521 5122 569 5155 ⁸⁸
595 5122 773 5179 Galat.
803 5139 877 5190 Iv,
903 5123 994 5189 2|,
1021 5123 1112 5179 22.
1188 5126 1232 5157 ⁸⁷
1266 5124 1287 5180 l
1315 5124 1443 5180 Cor.
1473 5141 1552 5192 Ix,
1582 5127 1644 5194 8;
1698 5126 1852 5183 Deut.
1879 5145 2010 5197 xxv,
2039 5131 2093 5185 4.

524 5239 665 5312 (47)-
686 5239 951 5309 Ἀληθῶν
976 5239 1074 5294 καὶ
1114 5241 1547 5310 πνευματικῶν.
1604 5242 1744 5297 Bene
1770 5245 2029 5302 Velserns

453 5310 595 5380 apud
626 5310 989 5385 Hmsqheligm
1011 5313 1376 5385 scribendum
1411 5321 1613 5385 ιιιοιιετίΔ
1634 5312 1884 5385 ἀληθινὸν
1931 5317 2026 5369 καὶ

456 5379 839 5461 πνευματικόν.
895 5379 1061 5436 Paulo
1089 5389 1211 5449 post
1239 5380 1345 5434 dno
1372 5382 1527 5435 codd.
1575 5379 1813 5438 Vaticani
1839 5396 1894 5439 et
1923 5385 2028 5439 Ba-

456 5449 722 5513 sdeensrs,
778 5451 814 5505 ἃ
862 5453 891 5503 ὁ
942 5452 1073 5516 Θεὸς
1106 5450 1420 5516 ὲκαθάρισε,
1469 5461 1524 5505 et
1573 5455 1642 5507 ita
1699 5455 2025 5516 Anglicanus

456 5466 722 5530 sugeensus,
778 5466 814 5505 α
862 5466 891 5503 ο
942 5466 1073 5533 ergo;
1106 5466 1420 5533 εκαυαρισε,
1469 5466 1524 5505 et
1573 5466 2022 5534 ttaungncanus

455 5520 1127 5646 prgngsaﬂdéuggrgntem.
1184 5521 1397 5591 Reliqui
1441 5539 1564 5579 cum
1595 5524 1754 5578 editis
1798 5526 2022 5591 habent,

646 5606 728 5646 εδ
791 5609 822 5643 Λ
896 5607 1015 5646 ποι.

529 5606 559 5641 ο
600 5606 731 5652 uso;
759 5606 1015 5670 εκαυηρε.

529 5657 638 5728 (48)
676 5660 814 5726 Περὶ
868 5676 979 5714 των
1027 5664 1177 5718 κατὰ
1217 5663 1331 5733 τὴν
1368 5662 1647 5736 ἐκδοχήν.
1697 5664 2019 5723 'Boberellus

2125 4461 2220 4514 καὶ
2264 4460 2383 4523 ὅλος
2435 4458 2530 4512 τοῦ
2578 4459 2901 4531 ἀνατρέπειν
2952 4458 3067 4530 ἅμα
3105 4459 3185 4532 τῷ
3234 4461 3461 4515 ἀκοῦσαι
3492 4460 3702 4533 γενόμεο

2127 4569 2247 4619 νος,
2282 4551 2353 4606 τὰ
2380 4550 2605 4606 τοιαῦτα
2636 4551 2964 4624 ἀνέγραψεν.

2202 4827 2335 4886 Εἶτα
2372 4833 2519 4902 λέγει
2556 4835 2584 4887 ό
2621 4837 2750 4906 παρ’
2790 4834 2937 4906 αὐτῷ
2988 4837 3235 4902 Ἰουδαῖος
3268 4838 3404 4911 πρὸς
3442 4840 3568 4905 τοὺς
3597 4836 3703 4895 ἀπὶ

2128 4924 2224 4977 τοῦ
2250 4923 2381 4977 λαοῦ
2407 4924 2829 4990 πιστεύσαντας’
2865 4929 2947 4981 ὅτι
2981 4948 2999 4979 ι
3040 4928 3182 4993 Χθὲς
3210 4931 3303 4983 καὶ
3332 4929 3540 5002 πρώην,
3567 4934 3699 5000 ὀπη-

2128 5016 2252 5070 νίκα
2275 5016 2461 5069 τοῦτον
2489 5016 2814 5089 ἐκολάζομεν
2843 5019 3198 5090 βουκολοῦντα
3227 5023 3390 5094 ὑμᾶς,
3431 5025 3696 5094 ἀπέστητε

2131 5250 2241 5330 τῶν
2288 5254 2657 5330 masculinum
2677 5270 2797 5312 esse
2833 5264 3020 5330 putat,
3058 5265 3114 5310 et
3156 5258 3283 5321 τοὺς
3312 5257 3453 5313 κατά
3480 5257 3579 5330 τὴν
3609 5258 3699 5330 ὲκτ

2130 5319 2289 5401 δοχὴν
2316 5323 2420 5401 ,τοῦ
2454 5326 2753 5401 Muttinem;
2786 5319 2952 5401 νόμου
3006 5319 3396 5397 interpretatur
3428 5347 3448 5380 ι
3478 5319 3571 5384 eos
3608 5327 3695 5398 qni

2132 5389 2419 5463 Iit’tie’ralem
2454 5389 2875 5463 Mosaicm’legi's
2909 5411 3129 5450 sensum
3150 5389 3475 5451 'sectantnr.
3503 5418 3522 5451 ι

2204 5460 2314 5532 (49)
2374 5463 2585 5534 Τριῶν.
2627 5460 2981 5531 Recte—mss,
3029 5475 3085 5519 et
3124 5467 3199 5519 ita
3255 5466 3453 5534 legisse
3492 5468 3698 5523 videtur

2129 5529 2399 5656 iligegprcs
2438 5529 2730 5591 'Gelenius.
2803 5529 2974 5592 Libb.
3020 5534 3153 5592 editi
3217 5529 3458 5605 habent,
3511 5535 3691 5609 ἡμῶν,
