3998 6170
326 290 445 348 801
1511 288 1789 346 CONTRA
1827 288 1924 345 CEJ

2026 287 2099 343 ΕΜ
2129 286 2257 342 LIB.
2299 283 2362 340 ΙΙ.
3487 286 3595 343 802

322 406 439 462 τοῦ
487 408 711 478 πατρίου
746 405 936 478 νόμων
988 426 1007 459 ι
1053 405 1202 461 οὐδὲν
1245 408 1490 480 ἀκριϐῶς
1532 409 1641 480 (50)
1686 409 1838 472 εἰδὼς
1869 411 1924 462 ὲν

2031 422 2249 464 versum
2300 413 2421 472 est,
2467 419 2496 459 a
2542 403 2659 475 lege
2700 403 2876 473 patria
2920 404 3218 461 defecistis.
3254 423 3274 458 ι
3307 404 3409 462 Ubi
3458 408 3598 462 nihil

326 495 425 559 οἷς
462 499 667 567 ἔλεγεν,
706 496 781 560 ῶς
814 497 1111 568 ἐδείξαμεν.
1155 498 1307 551 Μετὰ
1345 499 1401 552 δὲ
1435 499 1608 553 ταῦτα
1652 500 1797 552 δοκεῖ
1840 516 1924 569 μοι

2032 497 2250 567 quidem
2300 502 2613 549 accuratum
2659 493 2796 547 vidit
2839 493 2890 545 in
2934 492 3001 548 iis
3043 509 3162 563 quae
3191 494 3359 559 dixit,
3396 503 3453 548 ut
3481 494 3595 560 jam

328 586 653 657 δεινότητος
673 585 888 656 ἔχεσθαι
920 586 1009 638 τόδ
1040 604 1057 636 ι
1091 587 1160 638 Ἢ
1178 586 1294 649 πῶς
1322 586 1551 657 ἄρχεσθε
1577 588 1674 657 μὲν
1697 587 1803 639 ἀπὸ
1822 587 1924 639 τῶν

2032 589 2317 657 probatum
2351 596 2457 641 est.
2494 584 2622 650 Quae
2653 593 2956 654 sequuntur
2983 585 3179 653 aliquid
3208 588 3463 655 ponderis
3494 588 3595 641 ha-

331 675 637 747 ήμετέρων
678 674 859 747 ἱερῶν,
897 676 1171 747 προϊόντες
1198 676 1255 728 δὲ
1293 677 1430 729 αύτά
1464 676 1788 747 ἀτιμάζετε;
1830 677 1924 729 οὐκ

2030 678 2161 733 bere
2194 679 2446 731 videmur
2473 690 2487 729 :
2519 695 2538 727 ι
2569 674 2885 742 Quomodo,
2922 692 3045 730 cum
3093 693 3121 729 a
3176 678 3378 732 nostris
3422 681 3596 734 sacris

331 767 572 837 ἔχοντες
601 766 765 837 ἄλλην
788 766 958 837 ἀρχὴν
985 766 1160 819 εἰπεῖν
1186 766 1278 819 τοῦ
1307 766 1591 837 δόγματος,
1620 767 1652 837 ἢ
1678 767 1768 819 τὸν
1795 768 1924 837 ἡμέ-

2031 770 2240 823 dueatis
2276 768 2487 821 initium
2515 809 2530 834 ,
2579 768 2740 836 paulo
2780 768 3062 837 progressi
3106 768 3293 821 eadem
3334 768 3421 822 illa
3468 785 3598 824 con-

334 880 402 915 τε
415 880 519 933 ρον
536 861 717 932 νόμον
743 879 760 911 ι
778 858 990 929 ἀληθῶς
1009 857 1106 934 μὲν
1120 857 1229 930 γὰρ
1247 860 1590 930 Χριστιανοῖς
1605 861 1638 931 ἡ
1656 861 1928 933 εἰσαγωγή

338 953 511 1005 ἐστιν
536 951 641 1006 ἀπὸ
665 950 771 1003 τῶν
804 948 964 1019 ἱερῶν
1004 947 1299 1013 Μωῦσέως,
1327 947 1421 1001 καὶ
1448 948 1554 1001 τῶν
1580 952 1932 1021 προφητικῶν

340 1043 707 1112 νοαμμάτων
724 1057 737 1070 '
767 1040 861 1093 καὶ
886 1039 1021 1110 μετὰ
1042 1039 1139 1110 τὴν
1161 1040 1487 1109 εἰσαγωγὴν.
1516 1034 1659 1113 ὲντῇ
1685 1043 1931 1113 διηγήσει

330 1125 441 1178 καὶ
486 1126 752 1195 σαφηνείᾳ
790 1125 968 1179 αὐτῶν
1011 1127 1124 1178 ἐστι
1162 1129 1272 1189 τοῖς
1318 1128 1689 1198 εἰσαγομένοις
1730 1131 1762 1198 ἡ
1804 1146 1929 1199 προ-

330 1216 499 1287 κοπὴ
529 1216 749 1287 ζητοῦσι
781 1215 840 1269 τὸ
869 1234 888 1267 ι
922 1216 1062 1268 κατά
1088 1216 1428 1286 ἀποκάλυψιν
1459 1218 1773 1288 μυστήριον,
1805 1219 1929 1288 χρό-

329 1324 457 1370 νοις
485 1307 723 1370 αἰωνίοις
742 1306 1115 1376 σεσιγημένον.
1142 1308 1448 1378 φανερωθὲν
1473 1308 1529 1360 δὲ
1554 1307 1648 1360 νῦν
1677 1311 1797 1371 ταῖς
1819 1308 1927 1377 (51)

330 1401 722 1468 προφητικαῖς
751 1401 978 1466 φωναῖς,
1016 1418 1034 1449 ι
1071 1399 1163 1451 καὶ
1187 1401 1253 1469 τῇ
1280 1398 1370 1450 τοῦ
1399 1398 1603 1469 Κυρίου
1633 1400 1788 1469 ἡμῶν
1828 1401 1929 1471 Ἰη-

334 1484 445 1537 σοῦ
482 1487 717 1557 Χριστοῦ
746 1487 1052 1557 ἐπιφανείᾳ.
1077 1487 1209 1557 Ούχ,
1235 1488 1310 1550 ὡς
1328 1487 1510 1557 λέγετε
1537 1490 1612 1553 δὲ,
1641 1492 1687 1542 οἱ
1715 1492 1930 1562 προῖόν-

328 1591 441 1637 τες
504 1576 827 1646 ἀτιμάζουσι
884 1576 951 1628 τὰ
1009 1577 1064 1627 ὲν
1131 1576 1280 1647 νόμῳ
1338 1580 1726 1649 γεγραμμένα·
1794 1581 1929 1635 ἀλλὰ

333 1664 576 1718 πλείονα
626 1667 789 1738 τιμὴν
835 1672 1015 1733 αὐτοῖς
1067 1672 1460 1743 περιτιθέασιν,
1510 1672 1927 1736 ἀποδεικνύντες

330 1756 478 1809 ὅσον
512 1757 623 1827 ἔχει
653 1758 813 1828 βάθος
852 1762 1027 1831 σοφῶν
1055 1764 1148 1817 καὶ
1180 1765 1504 1835 ἀπορρήτων
1545 1764 1717 1832 λόγων
1748 1766 1928 1819 ἐκεῖνα

333 1846 413 1900 τὰ
444 1848 769 1919 γράμματα,
798 1852 866 1905 τά
888 1853 991 1905 ὑπὸ
1023 1854 1285 1907 Ἰουδαίων
1313 1855 1373 1907 οὐ
1396 1855 1799 1925 τεθεωρημένα,
1818 1855 1927 1909 τῶν

334 1937 441 1988 ὲπι
451 1938 695 1992 πολαιότε
702 1958 791 2012 ρον
803 1943 893 1995 καὶ
907 1943 1009 2012 μυθ
1020 1943 1173 1995 ικὼτε
1185 1961 1270 2014 ρον
1283 1944 1462 2007 αὐτοῖς
1476 1947 1924 2016 ἐντυγχανόντων.

336 2025 412 2081 Τί
450 2025 507 2077 δὲ
535 2027 733 2081 ἄτοπον
759 2028 818 2082 τὸ
848 2031 1022 2102 ἀρχὴν
1051 2030 1143 2083 τοῦ
1162 2032 1428 2103 ἡμετέρου
1440 2032 1927 2102 δόγματος,τουτέ-

341 2135 438 2169 στι
456 2118 547 2170 τοῦ
570 2120 915 2188 Εὖαγγελίου,
944 2119 1083 2176 εἶναι
1104 2125 1194 2176 τὸν
1210 2124 1370 2194 νόμον
1387 2140 1400 2188 ;
1432 2124 1527 2176 ἆτε
1541 2125 1635 2178 καὶ
1656 2124 1817 2179 αὑτοῦ
1834 2126 1926 2179 τοῦ

355 2208 536 2277 Ἰησοῦ
553 2212 752 2280 Κυρίου
770 2213 925 2283 ἡμῶν
954 2214 1201 2282 λέγοντος
1227 2214 1360 2286 πρὸς
1390 2216 1515 2278 τοὺς
1548 2216 1620 2286 μὴ
1650 2216 1930 2270 πιστεύον-

336 2313 451 2360 τας
472 2298 616 2369 αύτῷ
638 2301 768 2369 (52)·
798 2323 815 2354 ι
846 2304 906 2355 ΕΞ
926 2304 1237 2357 ἐπιστεύετε
1258 2308 1497 2371 Μωῦσεῖ,
1523 2308 1833 2360 ἐπιστεύετε
1862 2308 1928 2361 ἂν

341 2389 369 2439 ὲ
380 2389 500 2458 μοί·
527 2391 654 2459 περὶ
678 2390 786 2461 γὰρ
816 2392 949 2463 ἐμοῦ
977 2394 1179 2456 ἐκεῖνος
1205 2395 1438 2466 ἔγραψεν
1457 2412 1470 2426 ⁸
1502 2397 1552 2448 εί
1575 2396 1631 2448 δὲ
1657 2399 1767 2460 τοῖς
1789 2397 1929 2450 ὲκεί-

338 2496 443 2531 νου
479 2481 797 2551 γράμμασιν
826 2483 885 2534 οὐ
928 2484 1227 2548 πιστεύετε,
1256 2486 1372 2548 πῶς
1402 2488 1509 2548 τοῖς
1542 2486 1695 2555 ἐμοῖς
1722 2487 1928 2557 ῥήμασι

341 2570 668 2621 πιστεύσετε
705 2571 847 2639 (5⁵5);
891 2590 909 2621 ι
954 2572 1113 2625 Ἀλλά
1151 2574 1244 2626 καὶ
1272 2570 1351 2637 εἷς
1379 2576 1485 2628 τῶν
1532 2576 1929 2643 εύαγγελιστῶν

340 2660 374 2708 ὁ
414 2658 639 2726 Μάρκος
677 2659 856 2728 φησίν·
876 2680 892 2711 ι
952 2662 1113 2732 Ἀρχὴ
1145 2662 1255 2733 (54)
1288 2663 1381 2715 τοῦ
1414 2665 1742 2733 Εὐαγγελίου
1776 2666 1930 2736 ἡμῶν

359 2747 541 2815 Ἰησοῦ
558 2748 816 2819 Χριστοῦ,
834 2749 908 2811 ὼς
922 2750 1228 2822 γέγραπται
1256 2754 1312 2804 ὲν
1328 2748 1523 2825 Ἡσαΐᾳ
1546 2754 1622 2825 τῷ
1643 2757 1895 2826 προφήτῃ
1910 2774 1923 2786 ’

360 2838 495 2889 ’ἰδοὺ
524 2837 635 2905 ἐγὼ
664 2838 977 2891 ἀποστέλλω
1000 2841 1087 2893 τὸν
1117 2841 1345 2909 ἄγγελόν
1373 2861 1473 2914 μου
1501 2844 1605 2914 πρὸ
1638 2845 1928 2915 προσώπου

347 2943 469 2987 σου,
502 2927 559 2990 ὃς
594 2929 989 2982 κατασκευάσει
1021 2930 1117 3001 τὴν
1143 2932 1258 2984 ὁδόν
1286 2950 1378 2984 σου
1410 2933 1714 3005 ἔμπροσθέν
1738 2953 1829 2989 σου
1850 2954 1864 2967 ·
1903 2955 1922 2989 ι

343 3014 583 3078 δεικνὺς,
618 3017 697 3068 ὅτι
727 3018 758 3086 ἡ
795 3017 887 3069 τοῦ
918 3018 1248 3086 Εύαγγελίου
1285 3022 1425 3092 ἀρχὴ
1466 3022 1575 3075 τῶν
1626 3024 1926 3078 Ἰουδαϊκῶν

345 3107 694 3174 γραμμάτων
721 3108 970 3179 ἤρτηται.
1001 3109 1064 3160 Τί
1097 3105 1190 3162 οῦν
1230 3110 1348 3162 καθ’
1381 3110 1536 3180 ἡμῶν
1567 3111 1781 3180 λέγεται
1824 3114 1927 3166 ὑπὸ

348 3194 446 3245 τοῦ
476 3192 630 3264 παρά
653 3195 729 3264 τῷ
752 3196 940 3265 Κέλσῳ
970 3198 1219 3253 Ἰουδαίου
1252 3200 1383 3269 (55),
1408 3202 1465 3253 ὲν
1486 3201 1591 3271 τῷ·
1626 3222 1643 3253 ι
1676 3204 1797 3255 Εἴτε
1821 3203 1925 3276 γὰρ

350 3284 728 3355 προηγόρευσέ
762 3304 845 3350 τις
875 3289 1023 3359 ὑμῖν,
1062 3290 1143 3341 ὅτι
1176 3290 1347 3361 ἄραὸ
1379 3292 1472 3344 τοῦ
1511 3292 1645 3345 Θεοῦ
1688 3297 1815 3358 παῖς
1847 3298 1926 3358 εἰς

351 3374 673 3444 ἀνθρώπους
698 3376 966 3446 ἀφίξεται,
992 3372 1145 3442 οὗτος
1176 3382 1439 3451 ἡμέτερος
1465 3378 1531 3453 ἧν
1564 3385 1592 3435 ὁ
1622 3388 1919 3457 προφήτης,

353 3466 562 3518 καὶτοῦ
585 3468 850 3539 ἡμετέρου
880 3469 1047 3533 Θεοῦ;
1086 3489 1103 3520 ι
1135 3472 1290 3523 Ποῖον
1314 3472 1368 3523 δὲ
1396 3472 1560 3542 ἐγκλη
1570 3491 1643 3542 μα
1668 3476 1924 3544 Χριστια-

349 3554 532 3625 νισμῷ
586 3558 751 3619 ἐστιν,
795 3558 842 3609 εί
887 3561 914 3610 ὀ
961 3557 1225 3627 βαπτίσας
1268 3559 1358 3611 τὸν
1407 3560 1614 3630 Ἰησοῦν
1676 3562 1924 3634 Ἰωάννης

363 3645 614 3709 Ἰουδαῖος
648 3642 746 3716 ἧν;
791 3648 865 3700 Οὐ
898 3649 1005 3718 γὰρ
1046 3648 1168 3701 ἐπεὶ
1210 3649 1455 3713 Ἰουδαῖος
1480 3646 1569 3720 ἧν,
1612 3651 1921 3721 συνάγεται,

348 3736 434 3789 ὅτι
476 3737 557 3788 δεῖ
588 3738 762 3791 πάντα
800 3738 891 3793 τὸν
932 3741 1272 3804 πιστεύοντα,
1320 3741 1418 3792 εἶτ’
1459 3742 1566 3793 ἀπὸ
1602 3742 1709 3795 τῶν
1754 3744 1923 3796 ἐθνῶν

350 3826 712 3897 προσέρχεται
750 3827 828 3893 τῷ
852 3828 1015 3899 λόγῳ,
1051 3830 1160 3882 εἴτε
1197 3830 1305 3883 ἀπὸ
1356 3831 1641 3898 Ἰουδαίων,
1683 3835 1823 3885 κατά
1863 3833 1923 3885 τὸ

349 3921 585 3991 γράμμα
613 3921 702 3973 τὸν
731 3922 1007 3986 Μωῦσέως
1032 3926 1217 3993 τηρεῖν
1245 3924 1427 3993 νόμον.

423 4136 575 4189 Μετά
612 4134 783 4189 ταῦτα
820 4136 867 4187 εἰ
904 4135 998 4188 καὶ
1025 4134 1335 4203 ταυτολογεῖ
1374 4138 1400 4189 ὁ
1428 4136 1630 4198 Κέλσος
1659 4136 1785 4207 περὶ
1829 4136 1920 4189 τοῦ

361 4226 540 4297 Ἰησοῦ
576 4226 708 4295 (56),
735 4225 985 4296 δεύτερον
1013 4225 1113 4295 ἤδη
1143 4225 1312 4293 λέγων
1335 4226 1797 4296 πλημμελήσαντα
1828 4226 1924 4278 αὐ-

348 4315 444 4368 τὸν
469 4315 752 4367 δεδωκέναι
786 4315 934 4385 παρά
976 4313 1249 4377 Ἰουδαίοις
1280 4316 1433 4385 δίκην
1455 4332 1468 4345 ·
1500 4315 1610 4368 ἀλλ’
1637 4318 1796 4386 ἡμεῖς
1823 4318 1921 4369 οὐκ

2030 858 2315 913 temnitis?
2346 858 2529 926 Neque
2558 857 2703 910 enim
2735 855 2879 910 aliud
2913 865 3105 910 vestra:
3132 857 3389 910 doctrina:
3418 858 3598 914 dicere

2030 948 2247 1003 habetis
2280 947 2496 1000 initium
2532 961 2695 1015 quam
2733 958 2974 1000 nostram
3010 948 3204 1017 legem.
3238 967 3255 999 ι
3282 949 3483 1003 Verum
3517 959 3600 1005 est

2031 1040 2287 1094 Mosaicaa
2322 1038 2457 1107 legis
2486 1038 2625 1091 ritus
2658 1036 2975 1106 litterasque
3002 1040 3344 1108 propheticas
3368 1056 3485 1097 esse
3515 1055 3603 1096 re-

2028 1129 2248 1197 ligionis
2279 1128 2609 1182 Christianae
2640 1127 2818 1195 prima
2853 1128 3023 1182 veluti
3062 1129 3372 1183 rudimenta
3395 1170 3411 1197 ,
3444 1141 3498 1185 et
3530 1132 3599 1187 ab

2031 1219 2111 1273 eis
2145 1230 2464 1286 progressos
2499 1225 2609 1269 tum
2652 1214 2955 1284 proﬁcere,
2994 1231 3116 1269 cum
3158 1217 3247 1270 illa
3285 1227 3603 1273 scrutantur

2036 1322 2336 1376 eorumque
2370 1315 2604 1360 mentem
2643 1304 2943 1374 inspiciunt
2965 1346 2979 1371 ,
3015 1320 3138 1359 cum
3177 1316 3425 1375 quaerunt
3456 1327 3475 1359 ‹
3507 1323 3595 1363 se-

2034 1401 2271 1453 cundum
2308 1399 2695 1453 revelationem
2728 1398 3047 1467 mysterium
3083 1399 3409 1466 temporibus
3440 1410 3596 1454 acter-

2032 1489 2116 1541 nis
2155 1488 2403 1551 tacitum,
2438 1486 2577 1554 quod
2602 1499 2743 1539 nunc
2775 1482 3102 1553 patefactum
3124 1491 3206 1537 est
3228 1496 3322 1550 per
3344 1484 3593 1555 Scriptu-

2033 1592 2120 1631 ras
2152 1578 2543 1646 prophetarum
2567 1575 2631 1608 δ’·
2660 1594 2679 1626 ι
2708 1582 2760 1629 et
2787 1574 2997 1627 Domini
3028 1574 3195 1627 nostri
3228 1571 3355 1627 Jesu
3388 1573 3595 1629 Christi

2030 1670 2341 1721 adventum.
2392 1668 2460 1719 At
2505 1681 2611 1720 non
2655 1679 2843 1719 verum
2877 1665 3021 1733 quod
3051 1663 3269 1731 dicitis,
3300 1664 3390 1733 qui
3426 1664 3596 1733 proii-

1957 1754 1999 1807 B
2030 1758 2219 1823 ciunt,
2265 1760 2333 1811 ab
2381 1758 2462 1812 eis
2507 1756 2803 1810 Mosaicam
2842 1754 3016 1823 legem
3050 1754 3348 1823 despicatui
3384 1755 3595 1811 haberi.

2031 1850 2142 1904 lino
2168 1849 2287 1919 plus
2309 1848 2385 1902 illi
2406 1848 2629 1902 honoris
2647 1846 2896 1901 deferunt
2919 1866 2929 1901 :
2954 1845 3246 1900 ostendunt
3266 1847 3409 1900 enim
3432 1860 3596 1915 quam

2034 1937 2143 1991 alta
2168 1977 2183 2002 ,
2213 1952 2377 2006 quam
2412 1938 2665 1991 abstrusa
2699 1937 2772 1990 sit
2803 1935 3068 2004 sapientia
3112 1950 3302 1989 eorum
3345 1951 3466 2004 qua:
3497 1935 3597 1990 sub

2032 2030 2142 2084 illis
2188 2029 2356 2083 latent
2385 2029 2610 2091 litteris,
2648 2029 2700 2081 in
2737 2042 2873 2094 quas
2904 2045 3181 2100 nunquam
3214 2028 3384 2082 Judaei
3426 2028 3599 2083 intro-

2031 2130 2331 2190 spexerunt
2353 2160 2367 2182 ,
2401 2130 2460 2173 ut
2486 2120 2578 2188 qui
2612 2118 2718 2173 illis
2748 2119 2994 2187 legendis
3024 2122 3081 2175 in
3113 2120 3399 2189 superficie
3430 2129 3486 2174 et
3517 2118 3598 2173 fa-

2028 2213 2172 2269 bulis
2208 2212 2438 2267 luerent.
2478 2212 2619 2279 Quid
2655 2227 2787 2268 vero
2824 2215 3116 2268 absurdum
3160 2221 3242 2264 est
3274 2210 3444 2280 legem
3478 2226 3599 2267 esse

2030 2312 2230 2357 nostra:
2274 2303 2564 2368 doctrince,
2614 2317 2746 2368 seu,
2780 2303 2924 2371 quod
2968 2304 3107 2355 idem
3148 2310 3269 2365 est,
3310 2301 3596 2372 Evangelii

2030 2396 2354 2466 principium
2384 2435 2399 2460 ,
2425 2410 2546 2449 cum
2575 2394 2688 2463 ipse
2715 2392 2873 2447 Jesus
2898 2393 3161 2447 Dominus
3184 2401 3365 2447 noster
3387 2393 3473 2457 iis,
3501 2394 3596 2462 qui

2030 2487 2134 2555 ipsi
2177 2486 2340 2541 fidem
2390 2501 2497 2539 non
2540 2484 2847 2548 habebant,
2884 2482 3083 2537 dixerit
3114 2505 3125 2537 :
3157 2501 3175 2533 ι
3208 2480 3265 2535 Si
3299 2483 3597 2537 crederetis

2030 2576 2239 2647 Moysi,
2274 2577 2576 2630 crederetis
2604 2585 2661 2630 et
2689 2575 2821 2629 mihi
2853 2591 2868 2640 ;
2905 2575 2973 2629 de
3011 2589 3096 2628 me
3127 2573 3273 2629 enim
3333 2573 3421 2628 ille
3463 2574 3599 2629 seri-

2030 2666 2173 2734 psit;
2208 2664 2251 2719 si
2291 2673 2475 2719 autem
2512 2664 2659 2719 illius
2690 2662 2889 2717 litteris
2921 2676 3027 2715 non
3058 2662 3301 2727 creditis,
3328 2663 3597 2731 quomodo

2032 2752 2215 2806 verbis
2259 2754 2395 2806 meis
2440 2752 2681 2807 credetis
2710 2751 2797 2803 δεῖν
2828 2770 2844 2802 ι
2880 2748 2983 2805 Sed
3027 2759 3082 2803 et
3104 2750 3316 2805 Marcus
3358 2765 3497 2805 unus
3527 2765 3597 2804 ex

2029 2842 2377 2911 evangelistis
2427 2842 2502 2896 ait
2536 2861 2548 2896 :
2588 2840 2853 2893 «initium
2903 2840 3180 2911 Evangelii
3235 2840 3410 2895 nostri
3466 2838 3595 2894 Jesu

2029 2933 2256 2995 Christi,
2282 2933 2422 2987 sicut
2458 2932 2724 3001 scriptum
2755 2942 2838 2987 est
2869 2932 2922 2986 in
2954 2933 3090 2987 isaia
3122 2933 3386 3001 propheta
3412 2948 3429 2987 :
3456 2932 3597 2986 Ecce

2030 3036 2131 3091 ego
2168 3022 2324 3076 mitto
2369 3021 2620 3089 angelum
2665 3036 2842 3075 meum
2886 3030 3014 3076 ante
3066 3021 3259 3076 faciem
3291 3031 3470 3088 tuam,
3503 3020 3596 3090 qui

2032 3113 2362 3183 pra-parabit
2406 3114 2548 3165 viam
2595 3122 2740 3166 tuam
2785 3121 2913 3169 ante
2946 3124 2997 3167 te
3029 3112 3074 3145 ”
3104 3130 3119 3179 ;
3149 3132 3168 3164 ι
3196 3112 3397 3181 quibus
3434 3113 3597 3168 docet

2026 3205 2303 3274 Evangelii
2360 3205 2572 3258 initium
2628 3220 2657 3257 a
2710 3203 3019 3272 Scripturis
3047 3202 3285 3259 Judaicis
3332 3206 3591 3273 pendere.

2025 3298 2165 3363 Quid
2199 3311 2329 3364 ergo
2361 3297 2520 3351 nobis
2551 3298 2874 3351 adversatur
2926 3296 2979 3348 id
3028 3296 3170 3363 quod
3196 3295 3343 3350 Celsi
3372 3293 3592 3352 Iudaeus

2025 3389 2193 3459 390
2233 3390 2308 3442 ait
2341 3407 2353 3443 τ
2400 3406 2418 3438 ι
2465 3386 2520 3441 Si
2563 3390 2687 3456 quis
2727 3387 2872 3442 enim
2912 3385 3072 3443 vobis
3108 3387 3357 3453 pmdixit
3390 3386 3590 3442 Filium

2026 3482 2122 3535 Dei
2163 3483 2311 3534 inter
2351 3480 2601 3533 homines
2634 3493 2754 3531 esse
2797 3489 3121 3541 venturum,
3167 3478 3267 3531 fuit
3310 3478 3354 3532 is
3404 3488 3593 3534 noster

2024 3572 2285 3627 et'nostri
2332 3571 2426 3625 Dei
2482 3570 2767 3638 prOpheta.
2798 3585 2816 3619 ι
2844 3566 2983 3633 Quid
3031 3577 3218 3623 contra
3266 3569 3591 3625 Christiani-

2026 3680 2202 3720 smum
2234 3663 2388 3726 facit,
2418 3660 2706 3724 Joannem,
2735 3661 2825 3730 qui
2851 3660 3033 3715 Jesum
3063 3661 3393 3730 baptizavit,
3422 3663 3595 3719 fuisse

2022 3755 2313 3811 Judzeum?
2360 3752 2469 3807 Nec
2498 3752 2642 3805 enim
2678 3751 2800 3804 inde
2831 3765 3175 3820 consequens
3210 3763 3292 3807 est
3324 3762 3380 3807 ut
3415 3757 3594 3811 omnis

2025 3849 2116 3915 qui
2177 3846 2388 3910 credit,
2437 3846 2551 3900 sive
2605 3859 2632 3897 a
2687 3844 2972 3913 gentibus,
3035 3844 3149 3898 sive
3194 3859 3223 3897 a
3278 3843 3478 3901 Iuda-is
3523 3848 3591 3902 ad

2022 3939 2391 3993 Christianam
2444 3936 2751 3992 doctrinam
2793 3937 3049 3998 accedat,
3087 3934 3374 3989 Mosaicam
3415 3937 3590 4008 legem

2023 4029 2239 4085 litterali
2275 4043 2435 4084 sensu
2469 4028 2878 4098 interpretatam
2912 4026 3203 4081 observare
3232 4026 3447 4081 debeat.

2092 4123 2146 4180 5.
2192 4123 2385 4178 Postea
2404 4161 2419 4187 ,
2450 4121 2549 4175 etsi
2584 4119 2777 4188 repetit
2806 4117 2993 4173 Celsus
3020 4119 3161 4186 quod
3187 4126 3345 4171 antea
3372 4117 3437 4171 de
3463 4116 3589 4172 Jesu

2025 4219 2272 4278 dixerat,
2307 4213 2459 4266 illum
2492 4212 2632 4281 apud
2668 4210 2884 4263 Judmos
2915 4222 3135 4262 suorum
3166 4207 3433 4261 scelerum
3475 4220 3589 4274 pm-

2026 4322 2123 4360 nas
2164 4306 2365 4370 luisse,
2398 4318 2494 4357 nos
2536 4316 2642 4355 non
2690 4300 3004 4354 iterabimus
3039 4298 3436 4364 defensionem,
3464 4312 3586 4351 cum

350 4406 809 4477 ὲπαναληψὸμεθα
835 4384 933 4477 τὴν
959 4406 1270 4474 ἀπολογίαν,
1294 4384 1617 4478 ἀρκούμενοι
1738 4424 1920 4478 προειη

2026 4398 2181 4467 prior
2209 4395 2423 4448 abunde
2451 4391 2704 4449 suﬂiciat.
2732 4389 2932 4445 Deinde
2954 4388 3207 4457 quoniam
3233 4385 3351 4455 ejus
3374 4384 3591 4441 Iudaeus

357 4497 585 4570 ρημένῃ.
616 4493 728 4550 Εἶτ’
760 4498 882 4550 ἐπεὶ
919 4498 994 4561 ὡς
1026 4498 1165 4551 ἕωλα
1191 4499 1258 4552 τά
1287 4499 1413 4568 περί
1452 4499 1796 4561 ἀναστάσεως
1842 4515 1926 4551 νε-

353 4587 521 4656 κρῶν,
554 4587 647 4639 καὶ
681 4586 911 4659 κρίσεως
942 4587 1098 4652 Θεοῦ,
1130 4588 1223 4641 καὶ
1254 4586 1419 4658 τιμῆς
1456 4588 1552 4658 μὲν
1581 4586 1673 4641 ἐπὶ
1695 4587 1928 4650 τοὺςιδι-

2034 4498 2091 4543 ut
2136 4486 2377 4542 obsoleta
2422 4494 2475 4539 et
2523 4482 2747 4538 rancida
2794 4479 3022 4549 despicit
3061 4493 3180 4547 qua:
3224 4480 3361 4548 apud
3396 4492 3493 4533 nos
3524 4478 3590 4533 de

2033 4587 2372 4633 mortuorum
2398 4573 2800 4629 resurrectione
2820 4610 2835 4635 ,
2864 4568 2932 4624 de
2961 4568 3055 4623 Dei
3079 4569 3310 4637 judicio,
3341 4568 3413 4624 de
3444 4580 3588 4623 nier-

423 4678 491 4709 ³⁷⁶
525 4678 681 4733 Rom.
713 4678 919 4745 “1,25.
987 4680 1032 4711 ⁸⁸
1069 4678 1224 4733 Joan.
1252 4694 1303 4741 v,
1337 4679 1427 4745 46,
1462 4679 1553 4733 47.
1621 4680 1665 4711 ⁸⁹
1703 4679 1871 4733 Marc.
1902 4692 1940 4743 I,
1974 4675 2026 4741 1,
2058 4673 2113 4726 2-

428 4766 538 4834 (50)
567 4766 721 4840 Libb.
759 4768 887 4840 editi
920 4768 971 4822 in
999 4769 1243 4840 margine
1274 4769 1490 4840 habent,
1522 4768 1766 4840 ἀκριϐές,
1804 4768 1913 4823 sic-

359 4836 648 4905 queeodd.
680 4836 877 4905 Regius
910 4843 965 4891 et
996 4836 1334 4892 Basileensis.

427 4903 538 4974 (51)
569 4903 984 4974 Σεσιγῆμένον,
1036 4908 1371 4976 φανερωθὲν
1395 4906 1464 4959 δὲ
1504 4907 1621 4960 νῦν
1666 4905 1811 4971 ταῖς.
1841 4905 1918 4960 lla

358 4985 506 5047 recte
550 4988 737 5047 omnes
768 4977 928 5047 codd.
965 4992 1097 5032 mss.
1138 4977 1296 5032 Libb.
1349 4992 1475 5031 vero
1515 4977 1663 5044 editi,
1697 4992 1917 5047 σεσιγη-

360 5041 530 5112 μένονὲ
556 5044 613 5093 ὲν
638 5046 771 5107 ταῖς,
806 5045 962 5100 male.

429 5110 758 5179 (52)Αὺτῷ.
814 5112 891 5166 lta
946 5116 1081 5169 bene
1137 5114 1304 5171 codex
1358 5114 1698 5170 Basileensis.
1756 5113 1915 5169 Libb.

356 5179 506 5242 editi.
539 5181 721 5233 αὑτοῦ.

428 5251 538 5321 (55)
568 5251 903 5309 stchelius
926 5254 977 5307 in
1006 5264 1174 5319 textu,
1198 5255 1498 5310 πιστεύετε.

424 5322 537 5394 (54)
573 5322 762 5394 ᾏρχή,
790 5336 891 5394 etc.
937 5324 1067 5378 Cum
1118 5329 1256 5381 bona
1304 5325 1547 5394 Origenis
1582 5333 1635 5378 et
1678 5322 1913 5383 aliorum

354 5392 511 5463 venia
543 5392 770 5446 dixerim
802 5393 987 5463 (verba
1020 5404 1147 5449 sunt
1191 5392 1501 5463 Bohereili),
1539 5409 1643 5447 non
1678 5407 1797 5463 esse
1832 5394 1912 5446 le-

355 5462 598 5529 gitimum
618 5477 773 5530 quem
792 5460 967 5524 affert.
984 5466 1205 5518 istorum
1221 5460 1503 5519 verborum
1525 5478 1759 5518 sensum.
1777 5460 1911 5529 imo,

357 5534 559 5596 primus
592 5531 756 5586 Marci
806 5534 1099 5588 versiculus
1141 5533 1363 5588 seorsim
1408 5542 1490 5587 est
1521 5532 1864 5600 explicandus
1895 5550 1907 5585 :

362 5617 381 5672 ᾳ
419 5602 605 5669 Incipit
636 5602 981 5672 Evangelium
1030 5603 1154 5658 Jesu
1192 5603 1387 5658 Christi
1425 5602 1541 5656 Filii
1576 5604 1687 5656 Dei.
1718 5622 1734 5652 ι
1762 5602 1912 5655 Sicut

361 5670 418 5742 in
439 5674 541 5725 lino
566 5670 811 5739 ejusdeuf
834 5673 1123 5741 Evangelii,
1154 5675 1293 5742 apud
1322 5673 1512 5742 Syrum
1544 5673 1908 5741 interpretem,

358 5741 607 5795 additur:
639 5761 657 5794 ι
692 5743 920 5810 Explicit
950 5741 1294 5808 Evangelium
1323 5741 1588 5805 sanctum,
1624 5761 1641 5794 ι
1675 5755 1775 5796 etc.
1815 5742 1910 5796 Se-

2019 4760 2237 4831 quentia
2261 4772 2389 4812 vero
2413 4758 2490 4812 sic
2503 4766 2637 4831 sunt
2657 4757 2885 4831 invicem
2912 4757 3275 4831 connectenda
3304 4773 3317 4808 :
3342 4771 3361 4806 ι
3386 4753 3589 4831 Quem-

2018 4825 2302 4885 admodum
2353 4828 2662 4896 prwdictum
2713 4827 2892 4880 fuerat
2930 4840 2975 4892 la
3020 4826 3382 4893 prophetis....
3435 4825 3590 4881 Venit

2016 4900 2270 4955 Joannes.
2308 4916 2326 4948 ι
2362 4898 2558 4952 Ibidem
2588 4896 2871 4966 νοχγὴμῶν
2904 4910 3019 4966 qua;
3045 4897 3238 4963 legitur
3274 4896 3587 4966 postebay-

2017 4968 2224 5037 γελίου,
2264 4967 2413 5037 abest
2445 4980 2646 5037 amss.
2697 4964 2865 5034 Regio
2892 4976 2968 5037 et_
2997 4965 3289 5037 Basileeusi
3321 4964 3412 5032 qui
3458 4983 3588 5037 mox

2020 5035 2253 5103 habent,
2313 5036 2388 5099 ὡς
2443 5036 2747 5106 γέγραπται
2790 5039 2845 5089 ὲν
2898 5035 3008 5097 τοῖς
3062 5035 3395 5105 προφήταις’
3455 5036 3586 5089 Ἰδοὺ

2021 5106 2151 5160 ἐγώ.
2182 5116 2285 5160 etc.

2050 5124 2569 5254 Ῡῖὲρῗῗῗίωεοίιρίἰιις
2600 5176 2650 5254 in
2678 5182 2850 5254 textu,
2871 5174 2927 5254 ὲν
2956 5172 3033 5254 τῇ)
3058 5174 3185 5254 παρ’
3216 5171 3364 5253 αύτῷ
3395 5174 3587 5254 ζίέλσιρ

2037 5242 2312 5300 Ἰουδαίου.
2378 5246 2549 5300 Codd.
2610 5244 2808 5314 Regius
2870 5253 2924 5298 et
2986 5242 3347 5305 Basileensis,
3402 5244 3459 5295 ὲν
3507 5242 3586 5313 τῷ

2025 5321 2161 5388 παρ’
2219 5314 2365 5385 αὐτῷ
2410 5315 2602 5385 Κέλσῳ
2651 5313 2923 5367 Ἰουδαίου.
2979 5314 3085 5379 Sed
3135 5322 3361 5379 utraque
3423 5314 3583 5366 lectio

2022 5393 2234 5447 vitiosa.

2089 5460 2199 5533 (56)
2227 5459 2439 5533 ’Ino'oi},
2476 5457 2551 5513 ita
2584 5458 2887 5533 Spence‘rus
2930 5458 2983 5511 in
3011 5462 3180 5533 te__xtu,
3224 5450 3414 5533 sicque
3437 5458 3584 5533 certe

2017 5518 2320 5599 leg‘enduni,
2352 5518 2739 5583 reluctantibus
2770 5528 2893 5599 licet
2924 5525 3172 5599 omnibus
3203 5535 3329 5573 mss.
3366 5528 3421 5598 et
3454 5518 3585 5573 ιιωο

2017 5597 2245 5661 schelio,
2274 5602 2411 5667 apud
2443 5613 2580 5671 quos
2609 5597 3097 5671 legitur,’loidv_vou-
3120 5597 3462 5670 nequeenim
3493 5604 3588 5671 ns-

2018 5686 2177 5737 quam
2231 5664 2388 5722 aniea
2443 5664 2809 5737 dixitCelsus
2849 5667 2943 5737 _(le_
2976 5664 3589 5737 Joannanknupexii-

2020 5730 2181 5795 σαντα
2215 5739 2373 5793 αὐτὸν
2409 5735 2690 5790 δεδωκέναι
2726 5734 2873 5795 παρὰ
2911 5730 3174 5792 Ἰουδαίοις
3200 5732 3373 5789 δίκην.
