3998 6170
442 227 546 283 803

1927 221 2254 282 ORIGENlS

3582 212 3689 267 80'!

445 342 580 399 cede
604 339 768 409 justis
800 342 1100 407 destinata,
1134 344 1199 395 de
1236 342 1359 410 igne
1387 341 1479 411 qui
1521 341 1758 410 injustos
1793 354 2010 407 manet,

2139 341 2326 403 ιαίους,
2365 337 2534 410 πυρὸς
2576 337 2620 392 δ’
2663 337 2756 392 ἐπὶ
2801 338 2924 401 τοὺς
2961 336 3179 399 ἀδίκους
3210 330 3471 397 εὐτελίζει
3500 332 3529 386 6
3559 329 3694 406 παρ’

448 433 760 500 traduntur,
805 434 1126 504 videturque
1155 435 1256 490 sibi
1286 433 1759 489 Christianismum
1790 436 2014 490 subver-

453 524 590 580 tisse
613 564 628 588 ,
681 540 802 580 cum
836 525 966 581 dicit
1002 525 1135 578 nihil
1168 540 1364 579 novum
1396 527 1448 579 in
1483 525 1600 580 istis
1632 541 1660 578 a
1691 525 2015 580 Christianis

449 617 638 671 doceri
667 635 681 682 ;
719 616 783 669 ad
816 616 931 670 haec
969 615 1407 684 respondendum
1441 625 1524 670 est
1550 614 1738 670 Jesum
1771 625 2014 669 nostrum

453 720 578 759 cum
626 705 836 758 videret
874 704 1005 756 nihil
1039 721 1067 757 a
1097 702 1300 758 Iudicis
1327 703 1443 758 ﬁeri
1466 747 1481 771 ,
1514 707 1654 774 quod
1688 707 2018 774 pr0pheticis

456 796 794 850 documentis
850 793 1072 864 dignum
1131 805 1312 860 esset,
1371 797 1628 864 parabola
1681 797 2019 864 significasse

459 886 573 940 fore
612 893 670 938 ut
698 885 767 938 ab
794 885 900 939 illis
957 884 1272 940 auferretur
1305 901 1525 956 regnum
1555 887 1650 940 Dei
1679 896 1733 940 et
1765 889 2020 956 gentibus

446 978 671 1032 daretur
700 977 770 1030 σθ.
813 976 1184 1042 Quamobrem
1233 992 1360 1032 vere
1404 993 1549 1032 nunc
1586 979 1773 1033 videre
1805 990 1886 1033 est
1920 978 2018 1031 Ju-

447 1070 593 1124 daeos
650 1069 784 1122 nihil
833 1081 1032 1138 praeter
1084 1068 1296 1122 fabulas
1351 1085 1632 1138 nugasquo
1679 1073 2017 1136 consectari,

448 1160 645 1228 quippe
668 1159 761 1227 qui
787 1158 988 1212 lumine
1011 1168 1233 1214 careant
1252 1161 1393 1228 quod
1419 1159 1540 1213 illos
1569 1160 1620 1212 in
1655 1160 2020 1228 cognitionem

448 1249 855 1317 Scripturarum
875 1249 1132 1314 deducat;
1159 1264 1320 1317 penes
1338 1259 1518 1303 autem
1535 1249 1883 1306 Christianos
1901 1266 2023 1306 esse

446 1341 732 1394 veritatem
754 1380 769 1406 ,
803 1355 909 1408 qua
938 1340 1173 1394 hominis
1201 1342 1379 1393 anima
1416 1349 1470 1395 et
1505 1355 1660 1395 meus
1690 1341 1827 1410 erigi
1859 1351 2024 1411 atque

453 1431 626 1486 attolli
666 1431 866 1499 possit,
898 1447 1128 1499 quaeque
1167 1431 1288 1484 illos
1329 1431 1616 1498 persuadet
1653 1442 1712 1484 ut
1745 1433 2022 1486 civitatem

447 1521 687 1577 habeant
708 1560 723 1582 ,
752 1536 856 1573 non
884 1522 1098 1588 qualem
1142 1531 1437 1576 terrestres
1468 1521 1639 1576 Judaei
1669 1562 1684 1586 ,
1713 1531 1982 1577 terrenam
2005 1561 2022 1589 ,

448 1613 544 1668 sed
589 1612 868 1667 caelestem
904 1614 976 1665 9‘.
1013 1612 1074 1667 ld
1110 1613 1458 1667 manifestum
1492 1622 1587 1677 est
1623 1614 1675 1666 in
1715 1614 1780 1668 iis
1825 1614 1913 1682 qui
1945 1613 2021 1666 le-

2116 431 2264 501 αύτῷ
2306 426 2588 492 Ἰουδαῖος·
2629 429 2792 500 μηδὲν
2819 430 2873 482 δὲ
2900 426 3082 482 καινὸν
3117 425 3173 479 ὲν
3202 419 3409 487 τούτοις
3443 423 3692 478 διδάσκε-

2119 521 2239 574 σθαι
2263 522 2483 589 φάσκων
2505 520 2880 591 Χριστιανοὺς,
2902 521 3068 571 οίεται
3090 515 3415 588 ἀνατρέπειν
3435 517 3700 586 Χριστια-

2117 611 2307 682 νισμόν
2327 628 2339 642 ³
2366 611 2580 664 λεκτέον
2606 605 2740 683 πρὸς
2767 612 2947 674 αὑτὸν,
2971 611 3049 662 ὅτι
3077 609 3104 662 6
3142 606 3346 679 Ἰησοῦς
3372 609 3405 677 ή
3416 607 3530 676 μῶν
3559 606 3697 676 (57),

2119 703 2258 773 δρῶν
2299 702 2580 764 Ἰουδαίους
2617 698 2779 773 μηδὲν
2821 701 2966 765 ἄξιον
3005 701 3114 752 τῶν
3150 701 3206 751 ἐν
3238 701 3348 760 τοῖς
3389 698 3698 768 προφήταις

2125 793 2461 864 μαθημάτων
2497 791 2856 862 πράττοντας,
2892 789 3095 856 ἐδίδαξε
3127 787 3215 841 διά
3246 787 3581 859 παραϐολῆς,
3615 789 3698 841 ὅτι

2121 887 2154 954 ή
2192 883 2433 953 βασιλεία
2460 882 2553 936 τοῦ
2581 880 2714 935 Θεοῦ
2740 881 3037 953 ἀρθήσεται
3068 882 3166 952 μὲν
3199 880 3292 932 ἀπ’
3325 879 3573 944 ἐκείνων,
3604 878 3701 935 καὶ

2121 976 2400 1046 δοθήσεται
2427 979 2539 1039 τοῖς
2568 975 2674 1028 ἀπὸ
2705 973 2812 1027 τῶν
2844 974 3032 1026 ἐθνῶν.
3062 970 3152 1025 Διὸ
3180 973 3274 1026 καὶ
3304 972 3449 1025 ἔστιν
3481 972 3700 1041 ἀληθῶς

2127 1069 2272 1128 ἰδεῖν,
2297 1067 2472 1120 πάντα
2501 1068 2598 1138 μὲν
2619 1066 2686 1120 τὰ
2721 1067 2986 1120 Ἰουδαίων
3011 1064 3119 1117 τῶν
3140 1063 3235 1119 νῦν
3265 1057 3465 1134 μύθους
3491 1063 3584 1117 καὶ
3605 1064 3701 1136 λή-

2125 1177 2246 1232 ρους
2269 1177 2280 1188 ·
2317 1161 2378 1212 ού
2418 1158 2525 1230 γάρ
2561 1157 2737 1228 έχουσι
2767 1159 2825 1210 τὸ
2859 1157 2973 1226 φῶς
3005 1157 3105 1226 τῆς
3131 1154 3383 1224 γνώσεως
3413 1155 3522 1208 τῶν
3557 1153 3699 1226 Γρα-

2123 1252 2237 1322 φῶν
2261 1269 2274 1281 ·
2330 1251 2397 1304 τὰ
2435 1251 2490 1302 δὲ
2530 1250 2870 1322 Χριστιανῶν
2910 1248 3190 1318 ἀλήθειαν,
3229 1248 3429 1319 ὲπάραι
3470 1250 3564 1301 καὶ
3607 1267 3702 1318 με-

2122 1344 2380 1414 τεωρίσαι
2427 1342 2712 1414 ἀνθρώπου
2756 1342 2931 1412 ψυχὴν
2979 1341 3074 1394 καὶ
3107 1339 3231 1393 νοῦν
3261 1339 3569 1409 δυνάμενα,
3609 1340 3702 1393 καὶ

2125 1437 2378 1489 πείθοντα
2419 1435 2562 1506 ἔχειν
2594 1453 2647 1487 τι
2688 1435 2983 1504 πολίτευμα
3029 1433 3127 1503 οὐχ
3164 1435 3347 1503 ὅμοιον
3387 1434 3499 1495 τοῖς
3552 1433 3702 1486 κάτω

2139 1528 2432 1590 Ἰουδαίοις,
2476 1529 2625 1581 κάτω
2665 1545 2792 1591 που,
2816 1525 2927 1579 ἀλλ’
2954 1525 3012 1577 ὲν
3043 1524 3288 1594 οὐρανοῖς
3312 1541 3326 1554 ·
3357 1524 3495 1595 ὅπερ
3522 1524 3704 1592 φαίνε-

2124 1636 2214 1672 ται
2251 1618 2401 1688 παρὰ
2430 1621 2542 1680 τοῖς
2573 1617 2634 1670 τὸ
2670 1617 2898 1687 μέγεθος
2931 1614 3039 1669 τῶν
3075 1616 3132 1667 ἐν
3167 1613 3243 1684 τῷ
3280 1614 3427 1684 νόμῳ
3461 1615 3556 1666 καὶ
3591 1616 3704 1677 τοῖς

454 1704 538 1771 gis
593 1703 1147 1772 prepheticarumque
1193 1703 1588 1758 sententiarum
1633 1704 2020 1757 sublimitatem

2139 1709 2431 1778 προφήταις
2462 1705 2749 1775 νοημάτων
2777 1702 3059 1775 θεωροῦσι,
3090 1701 3186 1756 καὶ
3214 1702 3391 1766 ἄλλοις
3422 1703 3702 1774 παραστῆ-

462 1787 834 1857 perspiciunt,
869 1803 1096 1857 eamque
1122 1789 1239 1844 aliis
1268 1792 1480 1860 aperire
1509 1803 1754 1858 possunt.

526 1878 579 1932 6.
615 1879 767 1942 Esto,
790 1877 948 1933 Jcsus
974 1879 1108 1932 ritus
1133 1896 1318 1934 omnes
1342 1879 1596 1935 Judaicos
1619 1882 2023 1946 observaverit,

455 1971 623 2025 etiam
669 1985 764 2024 eos
811 1969 904 2038 qui
952 1970 1019 2024 ad
1066 1971 1335 2024 sacrificia
1369 1973 1681 2040 pertinent,
1718 1971 1846 2040 quid
1882 1975 2025 2028 istud

457 2061 683 2131 impedit
721 2061 1014 2130 quominus
1046 2059 1123 2114 illi
1155 2071 1212 2113 ut
1267 2059 1408 2115 Filio
1433 2062 1522 2115 Dei
1557 2064 1850 2116 credatur?
1871 2063 2027 2119 Jcsus

459 2153 631 2222 igitur
658 2162 740 2206 est
767 2151 937 2206 Filius
967 2151 1088 2215 Dei,
1121 2152 1212 2219 qui
1244 2161 1297 2206 et
1329 2152 1500 2221 legem
1531 2164 1584 2207 ct
1616 2155 1908 2222 prOphetas
1933 2157 2028 2208 dc—

460 2243 539 2297 dit
571 2259 586 2307 ;
633 2257 734 2297 nec
764 2259 863 2297 nos
884 2282 900 2308 ,
927 2243 1015 2310 qui
1049 2245 1101 2295 in
1134 2242 1370 2296 Ecclesia
1405 2259 1589 2297 sumus
1611 2285 1626 2308 ,
1658 2245 1925 2299 violamus
1957 2246 2030 2298 le-

461 2349 584 2402 gem
605 2374 621 2401 ,
657 2334 750 2389 sed
774 2375 789 2400 ,
821 2335 1020 2402 spretis
1046 2333 1358 2388 Judworum
1388 2334 1583 2388 labulis
1607 2375 1621 2398 ,
1655 2336 2030 2406 investigando

455 2425 598 2497 legis
651 2435 705 2481 et
763 2427 1156 2498 pr0phetarum
1207 2426 1425 2480 occulto
1468 2441 1630 2480 sensu
1677 2431 2031 2481 emcndamnr

459 2527 624 2587 atque
653 2520 955 2574 erudimur.
994 2518 1286 2572 Enimvero
1329 2519 1606 2586 propbctm
1630 2558 1645 2580 ,
1683 2528 1740 2570 ut
1771 2519 1859 2586 qui
1902 2535 2030 2571 sen-

457 2625 576 2665 sum
614 2627 803 2666 eorum
838 2626 961 2680 qua:
993 2611 1220 2675 dicunt,
1254 2609 1488 2678 simplici
1523 2610 1750 2664 historia
1792 2609 2032 2679 legisque

458 2703 644 2758 verbis
673 2712 726 2757 et
757 2702 938 2756 littera
971 2717 1076 2756 non
1105 2702 1564 2756 circumscribunt
1588 2742 1601 2764 ,
1631 2701 1922 2769 aliquando
1956 2701 2033 2756 sic

456 2792 777 2864 loquuntur,
807 2792 1058 2846 nimirum
1093 2793 1349 2848 historias
1380 2795 1653 2846 narraturi
1685 2810 1697 2844 :
1730 2811 1748 2844 ι
1779 2792 2032 2862 Aperiam

457 2902 521 2942 os
555 2902 766 2953 meum,
806 2886 998 2956 loquar
1032 2886 1436 2956 propositiones
1470 2887 1538 2940 ab
1569 2887 1728 2939 initio
1757 2888 1841 2940 ἰι
1881 2907 1895 2936 ι
1928 2885 2033 2939 ali-

461 2979 681 3045 quando
713 2975 889 3048 iegis,
923 2984 984 3030 ut
1018 2979 1094 3031 rei
1130 2981 1383 3032 obscurae
1415 2988 1464 3032 et
1500 2993 1620 3046 qua:
1671 2978 1886 3031 nonnisi
1937 2993 2034 3032 au-

463 3068 696 3122 xiliante
730 3067 842 3122 Deo
874 3067 993 3134 capi
1038 3075 1244 3136 potest,
1291 3068 1702 3137 intelligentiam
1756 3068 2034 3136 postulant

464 3160 554 3214 his
591 3158 776 3212 verbis
807 3174 822 3211 :
860 3175 880 3208 ι
915 3157 1118 3211 Revela
1154 3159 1340 3213 oculos
1373 3174 1522 3214 meos
1543 3197 1559 3225 ,
1591 3168 1646 3213 ct
1677 3159 2037 3215 considerabo

467 3249 737 3304 mirabilia
769 3248 835 3303 de
868 3248 986 3316 lege
1018 3257 1108 3301 tua
1144 3248 1216 3301 ".
1248 3267 1266 3298 ι

2128 1817 2215 1852 σαι
2245 1797 2580 1869 δυναμένοις.
3537 1838 3542 1844 .

2200 1884 2388 1942 Ἔστω
2412 1887 2470 1941 δὲ
2502 1887 2596 1940 καὶ
2638 1885 2812 1939 πάντα
2849 1884 2917 1937 τὰ
2953 1882 3094 1936 κατὰ
3135 1881 3419 1945 Ἰουδαίους
3447 1881 3564 1952 ἔθη,
3606 1881 3701 1953 μέ-

2127 1999 2216 2053 χρι
2253 1981 2347 2033 καὶ
2385 1980 2492 2032 τῶν
2536 1978 2666 2048 παρ’
2713 1978 2895 2040 αὐτοῖς
2937 1973 3154 2037 θυσιῶν,
3207 1973 3563 2044 πεποιηκέναι
3612 1974 3703 2026 τὸν

2142 2069 2375 2141 Ἰησοῦν·
2418 2068 2470 2121 τί
2500 2067 2658 2121 τοῦτο
2701 2066 3062 2136 συμϐάλλεται
3099 2065 3233 2137 πρὸς
3266 2064 3325 2116 τὸ
3365 2064 3439 2135 μὴ
3469 2065 3578 2117 δεῖν
3611 2081 3702 2117 πι-

2133 2162 2338 2214 στεύειν
2367 2160 2514 2232 αύτῷ
2541 2161 2616 2224 ὡς
2646 2158 2760 2228 Υἱῷ
2787 2158 2878 2211 τοῦ
2912 2157 3077 2222 Θεοῦ;
3112 2159 3298 2209 Ἔστιν
3332 2152 3423 2210 οὖν
3463 2157 3592 2219 Υἱὸς
3613 2155 3702 2210 τοῦ

2129 2253 2309 2316 δόντος
2353 2252 2463 2321 (58)
2505 2251 2595 2304 τὸν
2639 2251 2799 2320 νόμον
2838 2250 2930 2302 καὶ
2972 2249 3098 2312 τοὺς
3145 2247 3429 2318 προφήτας
3477 2247 3630 2310 Θεοῦ,
3677 2250 3706 2303 6

2145 2343 2350 2415 Ἰησοῦς
2368 2361 2379 2372 ·
2413 2343 2506 2396 καὶ
2531 2341 2718 2395 τοῦτον
2751 2344 2910 2413 ἡμεῖς
2933 2342 2979 2393 οἱ
3003 2339 3110 2392 ἀπὸ
3133 2340 3230 2410 τῆς
3269 2339 3589 2407 Ἐκκλησίας
3613 2339 3704 2407 οὐχ

2133 2435 2555 2506 ὑπερϐαίνομεν,
2599 2433 2732 2487 ἀλλὰ
2761 2433 2854 2486 καὶ
2891 2431 3272 2502 ἀπεδράσαμεν
3312 2430 3409 2500 μὲν
3441 2429 3539 2492 τὰς
3575 2429 3702 2482 Ἰου-

2132 2527 2294 2580 δαίων
2343 2526 2686 2597 μυθολογίας,
2723 2523 3168 2596 σωφρονιζόμεθα
3205 2522 3312 2594 (59)
3351 2523 3407 2576 δὲ
3443 2523 3536 2575 καὶ
3581 2541 3702 2576 παι-

2132 2619 2397 2689 δευόμεθα
2437 2621 2503 2688 τῇ
2554 2618 2646 2670 τοῦ
2678 2617 2845 2686 νόμου
2877 2616 2970 2668 καὶ
3003 2615 3111 2669 τῶν
3144 2614 3437 2687 προφητῶν
3475 2615 3701 2686 μυστικῇ

2136 2709 2353 2784 θεωρίᾳ.
2399 2712 2509 2763 Καὶ
2541 2709 2647 2781 γὰρ
2681 2711 2727 2762 οἱ
2757 2708 3052 2780 προφῆται,
3087 2707 3161 2771 ὼς
3198 2708 3270 2778 μὴ
3306 2703 3704 2768 καταπαύοντες

2133 2801 2227 2857 τὸν
2268 2804 2391 2856 νοῦν
2433 2802 2544 2855 τῶν
2584 2800 2888 2872 λεγομένων
2939 2801 2997 2853 ὲν
3041 2802 3106 2870 τῇ
3168 2802 3432 2871 προφανεῖ
3480 2797 3704 2869 ἱστορίᾳ,

2141 2895 2263 2968 μηδ’
2292 2897 2348 2947 ἐν
2381 2896 2447 2964 τῇ
2484 2891 2624 2945 κατά
2654 2893 2753 2955 τὰς
2789 2891 2958 2957 λέξεις
2999 2891 3092 2943 καὶ
3124 2890 3182 2943 τὸ
3221 2890 3454 2961 γράμμα
3487 2889 3706 2960 νομοθε-

2141 2985 2248 3056 σίᾳ,
2272 2985 2404 3036 ὅπου
2430 2984 2527 3052 μέν
2557 2998 2739 3051 φασιν,
2766 2981 3003 3051 ἱστορίας
3031 2978 3186 3048 δῆθεν
3214 2978 3587 3048 ὲκθησόμενοι,
3616 2977 3672 3029 τό
3691 2992 3706 3007 ο

2142 3095 2161 3127 ι
2216 3075 2435 3140 Ἀνοίξω
2467 3076 2523 3126 ὲν
2569 3072 2903 3144 παραϐολαῖς
2939 3072 3000 3124 τὸ
3035 3071 3206 3141 στόμα
3242 3087 3365 3140 μου,
3414 3069 3707 3140 φθέγξομαι

2140 3166 2500 3237 προϐλήματα
2550 3165 2643 3217 ἀπ’
2676 3163 2882 3234 ἀρχῆς·
2929 3182 2947 3214 ›
2993 3163 3123 3215 ὅπου
3162 3161 3219 3214 δὲ
3260 3161 3542 3231 εὐχόμενοι
3590 3159 3711 3230 περὶ

2141 3253 2235 3308 τοῦ
2263 3255 2428 3325 νόμου
2457 3254 2530 3316 ὡς
2555 3253 2816 3322 ἀσαφοῦς,
2848 3253 2942 3306 καὶ
2969 3252 3222 3322 δεομένου
3247 3250 3381 3302 Θεοῦ
3411 3251 3499 3303 ἵνα
3529 3249 3708 3320 νοηθῇ,

463 3341 710 3410 λέγουσιν
724 3344 781 3394 ὲν
803 3341 935 3412 εὐχῇ
957 3358 969 3370 ’
1001 3360 1020 3392 ι
1044 3341 1414 3412 Ἀποκάλυψον
1426 3345 1550 3408 τοὺς
1575 3343 1885 3416 ὀφθαλμούς
1914 3363 2038 3418 μου,
2056 3351 2149 3403 καὶ
2168 3352 2489 3420 κατανοήσω
2514 3349 2580 3402 τὰ
2598 3349 2884 3419 θαμμάσιά
2906 3365 2998 3400 σου
3025 3347 3132 3416 (60)
3157 3349 3219 3399 ὲκ
3237 3346 3326 3399 τοῦ
3349 3346 3510 3416 νόμου
3545 3362 3656 3397 σου.
3688 3367 3707 3397 ι

541 3433 700 3504 391
730 3433 779 3485 7.
812 3433 1116 3488 Ostendant
1147 3449 1276 3488 vero
1309 3434 1397 3487 ubi
1431 3436 1513 3488 vcl
1547 3437 1598 3488 in
1625 3439 1858 3502 speciem
1889 3454 2044 3493 arro-

465 3538 657 3594 ganter
682 3525 887 3580 dictum
918 3540 947 3577 a
991 3522 1117 3578 Jcsu
1141 3525 1344 3594 aliquid
1378 3527 1706 3582 inueniatur.
1755 3528 2040 3595 Quomodo

464 3632 747 3686 arrogans,
773 3618 862 3684 qui
899 3617 975 3669 ait
1004 3633 1016 3667 :
1049 3634 1068 3666 ι
1101 3616 1302 3672 Discite
1323 3633 1350 3670 a
1381 3633 1466 3671 me
1491 3619 1623 3688 quia
1661 3619 1810 3673 mitis
1840 3630 2044 3675 sumet

468 3707 687 3761 humilis
715 3707 901 3772 corde,
949 3715 1004 3760 et
1031 3706 1318 3761 invenietis
1343 3709 1582 3776 requiem
1608 3710 1892 3764 animabus
1947 3725 2044 3763 ve-

472 3796 602 3849 stris
625 3796 717 3848 “?
749 3815 768 3847 ι
799 3796 1083 3862 Quomodo
1107 3811 1368 3866 arrogans
1386 3797 1475 3864 qui
1503 3807 1624 3867 post
1645 3812 1877 3863 cmuam,
1898 3808 2045 3853 veste

466 3900 656 3939 coram
684 3888 967 3956 discipulis
1003 3888 1266 3954 deposita,
1297 3891 1576 3944 accinctus
1605 3889 1773 3944 linteo
1797 3891 1868 3955 νδ,
1903 3905 2044 3959 aqua

469 3981 524 4036 in
555 3981 754 4050 pelvim
798 3981 995 4049 injecta
1020 4021 1036 4045 ,
1065 3981 1399 4050 singulorum
1435 3981 1606 4034 abluit
1633 3983 1832 4050 pedes,
1870 3992 1925 4036 et
1950 3997 2045 4036 eos

468 4073 752 4142 porrigere
803 4080 1145 4126 recusantem
1197 4073 1443 4138 increpat
1487 4072 1571 4126 his
1606 4073 1824 4127 verbis:
1884 4092 1902 4124 ι
1931 4072 2044 4126 Nisi

467 4163 652 4218 lavero
685 4173 735 4217 te
756 4203 770 4227 ,
821 4179 926 4216 non
977 4162 1205 4216 habebis
1258 4171 1468 4231 partem
1502 4178 1714 4217 mecum
1735 4164 1826 4217 9°?
1855 4181 1875 4216 ι
1902 4163 2047 4228 Quo-

469 4257 631 4312 modo
655 4270 940 4326 arrogans,
972 4256 1060 4322 qui
1099 4256 1231 4310 dicit
1263 4274 1277 4311 :
1317 4247 1336 4308 ε
1364 4254 1477 4326 Ego
1513 4255 1566 4308 in
1601 4255 1776 4308 medio
1804 4266 2042 4309 vestrum

469 4362 612 4412 sum,
639 4362 746 4402 non
772 4358 830 4401 ut
854 4347 944 4417 qui
979 4348 1270 4415 recumbit,
1305 4348 1398 4402 sed
1431 4355 1488 4401 ut
1521 4349 1612 4418 qui
1643 4346 2036 4401 ministrat"?i

469 4441 676 4510 Arguat
699 4456 821 4494 eum
848 4440 1139 4510 quispiam,
1175 4441 1320 4508 quod
1357 4439 1493 4494 falsa
1521 4441 1846 4509 protulerit;
1883 4449 2046 4506 atque

471 4539 531 4582 ut
561 4532 752 4598 probet
785 4545 981 4599 magna
1029 4528 1148 4597 ejus
1199 4529 1369 4583 fuisse
1404 4531 1717 4597 mendacia,
1753 4531 1896 4584 dicat
1923 4543 2046 4598 quae

473 4633 686 4686 magna,
717 4635 836 4685 qua:
867 4633 1031 4688 parva
1065 4621 1348 4676 mendacia
1378 4623 1507 4676 sint.
1537 4621 1632 4674 Est
1659 4631 1714 4673 et
1744 4620 1847 4673 alia
1884 4619 2038 4672 illum

2215 3442 2587 3495 Δεικνύτωσαν
2617 3441 2674 3494 δὲ
2708 3439 2808 3494 ποῦ
2840 3439 2942 3493 κᾶν
2971 3439 3204 3510 ἔμφασις
3229 3438 3424 3504 λέξεως
3450 3437 3559 3492 ἀπὸ
3590 3437 3715 3490 ἀλα-

2144 3532 2354 3597 ζονείας
2384 3530 2800 3603 προφερομένης
2839 3529 2988 3600 παρὰ
3032 3528 3110 3600 τῷ
3147 3528 3323 3598 Ἰησοῦ
3367 3529 3713 3597 εὑρίσκεται·

2145 3624 2261 3687 πῶς
2292 3624 2400 3694 γὰρ
2434 3623 2498 3676 ἂν
2533 3622 2746 3686 ἀλαζὼν
2776 3625 2803 3674 6
2831 3620 3023 3690 λέγων·
3052 3641 3070 3673 ι
3101 3620 3312 3674 Μάθετε
3347 3621 3438 3674 ἀπ’
3459 3621 3616 3691 ἐμοῦ,
3637 3621 3714 3673 ὅτι

2145 3714 2317 3786 πρᾶός
2357 3716 2471 3784 εἰμι
2513 3713 2608 3765 καὶ
2647 3712 2900 3775 ταπεινὸς
2941 3715 3006 3782 τῇ
3047 3711 3272 3782 καρδία·
3320 3712 3415 3765 καὶ
3457 3712 3714 3782 εὑρήσετε

2144 3809 2447 3860 ἀνάπαυσιν
2484 3807 2602 3868 ταῖς
2643 3805 2841 3875 ψυχαῖς
2879 3803 3060 3874 ὑμῶν;
3103 3823 3122 3855 ι
3163 3802 3231 3856 "ll
3271 3803 3387 3867 πῶς
3433 3801 3647 3865 ἀλαζὼν
3689 3803 3716 3855 6

2143 3898 2360 3950 δείπνου
2405 3896 2720 3966 γενομένου,
2760 3895 3117 3964 ἐκδυσάμενος
3156 3895 3248 3948 ἐπὶ
3296 3892 3403 3946 τῶν
3439 3891 3712 3963 μαθητῶν,

2145 3986 2457 4058 ζωσάμενος
2504 3987 2560 4039 δὲ
2604 3985 2828 4048 λέντιον,
2870 3985 2962 4040 καὶ
3003 3983 3179 4055 βαλὼν
3217 3983 3358 4054 ὕδωρ
3396 3985 3472 4046 εἰς
3513 3983 3602 4035 τὸν
3635 3999 3717 4034 νιο

2145 4077 2346 4147 πτῆρα,
2379 4076 2474 4128 καὶ
2494 4075 2695 4128 νίπτων
2717 4075 2944 4126 ἑκάστου
2973 4074 3099 4137 τοὺς
3126 4073 3310 4136 πόδας,
3333 4073 3426 4125 καὶ
3449 4070 3718 4141 ἐπιτιμῶν

2143 4165 2221 4236 τῷ
2257 4165 2330 4236 μὴ
2364 4165 2568 4218 θέλοντι
2615 4163 2874 4237 παρέχειν
2906 4163 3119 4226 αὐτοὺς,
3151 4163 3245 4215 καὶ
3284 4161 3477 4230 λέγων,
3525 4179 3544 4212 ι
3595 4161 3718 4213 Ἐὰν

2148 4260 2222 4328 μὴ
2253 4257 2390 4325 νίψω
2423 4273 2502 4319 σε,
2536 4256 2635 4308 οὑκ
2670 4254 2811 4324 ἔχεις
2846 4255 3008 4326 μέρος
3056 4254 3170 4325 μετ’
3212 4253 3382 4324 ὲμοῦ;
3425 4273 3442 4305 ι
3493 4253 3561 4306 Ἣ
3600 4251 3716 4314 πῶς

2145 4345 2360 4410 ἀλαζὼν
2388 4346 2416 4397 ὁ
2450 4346 2695 4414 φάσκων,
2732 4363 2749 4395 ι
2783 4343 2951 4412 Κάγὼ
2984 4343 3247 4413 ἐγενόμην
3282 4344 3338 4395 ὲν
3367 4341 3516 4414 μέσῳ
3543 4340 3711 4410 ὑμῶν,

2144 4436 2242 4506 οὐχ
2273 4436 2347 4498 ὡς
2372 4438 2399 4488 ό
2425 4435 2800 4506 ἀνακείμενος,
2827 4435 2937 4487 ἀλλ’
2966 4434 3039 4497 ὡς
3077 4437 3105 4487 ό
3139 4433 3436 4498 διακονῶνς
3470 4451 3488 4483 ι
3534 4432 3712 4497 Ἐλεγ-

2145 4530 2288 4600 χέτω
2315 4527 2372 4582 δέ
2394 4545 2478 4590 τις
2497 4527 2619 4579 τίνα
2643 4524 2927 4595 ἐψεύσατο,
2956 4526 3047 4578 καὶ
3076 4524 3478 4597 παραστησάτω
3511 4523 3715 4594 μεγάλα

2145 4621 2232 4673 καὶ
2258 4617 2427 4690 μικρά
2451 4618 2558 4688 (61)
2576 4616 2765 4687 ψεύδη,
2789 4617 2873 4668 ἵνα
2893 4615 3040 4688 δείξῃ
3057 4616 3125 4668 τὰ
3160 4616 3368 4686 μεγάλα
3381 4615 3716 4684 ψευσάμενον

473 4708 760 4763 refellendi
795 4710 905 4764 via.
940 4709 1073 4764 Nam
1099 4711 1291 4765 falsum
1333 4727 1438 4765 non
1466 4712 1717 4767 estaliud
1743 4711 1849 4765 alio
1874 4713 2031 4781 magis

2147 4710 2237 4762 τὸν
2284 4707 2508 4779 Ἰησοῦν.
2545 4709 2701 4760 Ἐστι
2725 4706 2781 4760 δὲ
2815 4707 2906 4759 καὶ
2932 4705 3105 4769 ἄλλως
3131 4707 3288 4759 αὐτὸν
3317 4705 3567 4774 ἐλέγξειν
3599 4706 3718 4757 Ὀτι

475 4799 721 4852 minusve
767 4800 1014 4865 falsum;
1067 4804 1522 4870 quemadmodum
1577 4818 1675 4856 nec
1727 4816 1910 4854 verum
1957 4809 2042 4854 est

474 4889 617 4942 aliud
647 4890 753 4944 alio
785 4893 958 4962 magis
992 4893 1235 4947 minusve
1265 4909 1469 4948 verum.
1501 4892 1823 4961 Ecqumnain
1857 4899 2039 4945 autem

543 5003 589 5076 ’ξ
627 5002 818 5057 Matth.
862 5020 990 5076 ιιιι,
1052 5007 1140 5058 45.
1251 5007 1298 5038 ⁹¹
1337 5007 1565 5076 Philipp.
1597 5022 1681 5068 ιιι,
1709 5006 1798 5061 20.

474 5072 519 5104 ⁹²
553 5071 711 5126 Joan.
743 5089 869 5141 xui,
900 5075 955 5126 4.
1027 5076 1072 5107 ⁸⁸
1110 5077 1268 5141 lbid.,
1299 5078 1354 5132 8.
1432 5071 1490 5108 ’7'
1514 5071 1647 5133 Luc.
1677 5093 1812 5149 uti,
1840 5075 1929 5130 Ξῖ.

545 5208 656 5280 (57)
683 5205 848 5261 Codd.
873 5206 1073 5276 Regius
1105 5216 1158 5261 et
1188 5206 1532 5273 Basileensis,
1563 5207 1591 5258 6
1626 5205 1829 5276 Κύριος
1862 5203 2037 5275 ἡμῶν.

541 5301 654 5373 (58)
689 5299 923 5373 Δᾴντος.
971 5299 1045 5352 Ita
1102 5300 1206 5373 duo
1241 5298 1506 5373 \[a_ti_cani,
1557 5297 1756 5367 Regius
1794 5305 1848 5350 et
1893 5295 2043 5350 Basi-

474 5369 694 5426 leeusis.
729 5371 875 5424 Libri
919 5385 1046 5422 vero
1075 5371 1223 5432 editi,
1257 5369 1507 5430 διδόντος.

546 5463 656 5533 (59)
685 5461 1186 5533 Σωφρονιζόμεθα.
1220 5459 1554 5516 llceschelius
1597 5461 1648 5515 in
1683 5467 1834 5514 textu
1865 5457 2044 5522 habet,

475 5531 898 5602 σαφηνιζόμεθα.

550 5621 656 5695 (60)
689 5624 995 5696 Θαυμάσιά
1018 5642 1152 5680 σου.
1183 5625 1270 5683 Sic
1295 5636 1519 5696 uterque
1549 5623 1840 5682 Vaticanus
1863 5629 1915 5678 et
1941 5621 2046 5696 duo

1910 5006 1956 5037 ⁹²
1995 5003 2138 5059 Psal.
2169 5020 2375 5068 Lxxvu,
2409 5005 2465 5058 2.

2145 4801 2221 4863 ὡς
2250 4800 2351 4852 οὐκ
2380 4798 2494 4851 ἔστι
2523 4798 2742 4868 ψεῦσμα
2779 4796 3089 4866 ψεύσματος
3125 4797 3322 4867 μᾶλλον
3345 4796 3588 4867 ψεῦσμα,
3628 4793 3718 4848 οῦ-

2147 4907 2253 4952 τως
2282 4888 2402 4940 οὐδὲ
2446 4887 2732 4959 μειζόνως·
2769 4888 2844 4950 ὡς
2880 4887 3000 4939 οὐδὲ
3032 4886 3229 4958 ἀληθὲς
3263 4887 3494 4960 ἀληθοῦς
3522 4883 3717 4957 μᾶλλον

2545 5001 2589 5034 ⁸³
2629 5001 2770 5056 Ρεειι.
2798 5014 2987 5064 vatit,
3022 5000 3109 5055 18.
3185 4999 3234 5031 ³⁵
3270 4999 3464 5052 Matth.
3501 5013 3590 5063 ιιι,
3623 4996 3710 5052 29.

2148 5198 2424 5268 Anglicani
2451 5215 2465 5262 ;
2500 5199 2554 5251 in
2583 5196 2722 5268 aliis,
2746 5195 2885 5268 sicut
2912 5192 2964 5268 i_n
2994 5192 3177 5256 editis,
3202 5193 3346 5268 deest
3383 5193 3716 5268 aou.lbi_den_1

2147 5264 2535 5346 cod'dzllegius
2569 5277 2622 5321 et
2657 5264 3000 5346 Ba_sileeﬂsis,
3033 5265 3430 5346 προφερομένη.
3462 5265 3717 5346 παρὰ..τῷ

2159 5338 2332 5409 Ἰησοῦ
2357 5332 2686 5409 εὑρίσκεται.
2719 5335 2836 5409 Mos
2861 5332 3350 5409 Βέιείιρειιείεζπῶς
3371 5332 3479 5405 γὰρ
3502 5332 3717 5409 ἀλαζὼν

2146 5409 2174 5460 ὁ
2205 5401 2394 5476 λέγων.
2424 5401 2570 5461 Infra
2610 5407 2768 5476 idem,
2815 5401 2843 5451 6
2893 5401 3106 5476 δείπνου
3153 5401 3465 5476 γινομένουί
3507 5404 3715 5476 Reliqui

2149 5472 2286 5530 cum'
2308 5479 2485 5542 editis,
2513 5477 2542 5528 6
2569 5474 2784 5528 δείπνου
2815 5472 3158 5542 γιγνομένου.
3192 5472 3390 5530 Ibidem
3432 5474 3633 5542 Regius
3663 5483 3715 5530 et

2149 5539 2488 5611 Basileensis,
2516 5545 2826 5614 ζωσάμενος
2848 5541 2906 5593 δὲ
2928 5539 3136 5614 λεντίῳ.

2231 5617 2342 5689 (61)
2365 5616 2522 5672 Libb.
2555 5610 2685 5672 editi
2711 5616 2765 5670 in
2791 5610 3055 5681 margine,
3083 5610 3291 5681 μεγάλα
3317 5611 3420 5666 κᾶν
3449 5612 3641 5686 μικρά.
