3998 6170
389 256 516 316 805

1567 262 1843 320 CONTRA
1875 261 2151 322 CELSUM
2187 265 2316 323 LIB.
2354 265 2420 323 II.

3537 277 3645 335 806

387 378 628 452 ἀληθὲς,
668 380 702 452 ἢ
745 378 1005 451 μειζόνως
1041 379 1260 452 ἀληθές.
1296 381 1426 449 Τίνα
1466 381 1521 434 δέ
1552 384 1647 434 καὶ
1691 381 1759 434 τὰ
1790 381 1969 435 ἀνόσια

2084 384 2244 453 impia
2274 381 2546 439 commisit
2582 381 2783 441 Jesus?
2815 387 2940 444 llzec
2972 390 3180 447 indicet
3221 387 3436 446 Judazus
3472 392 3642 450 Celsi.

386 472 498 524 τοῦ
565 470 736 542 Ἰησοῦ
777 472 1185 542 ἀωγγελλέτω,
1227 474 1318 526 καὶ
1364 473 1596 543 μάλιστα
1634 475 1662 526 6
1708 473 1858 543 παρά
1897 473 1975 544 τῷ

387 560 603 632 Κέλσῳ
637 562 902 626 Ἰουδαῖος.
934 563 1003 615 Ἦ
1044 563 1254 616 ἀνόσιον
1288 562 1385 633 μὲν
1417 563 1478 614 τὸ
1507 563 1822 630 ἀφιστάνειν
1869 579 1974 614 σω-

389 654 648 724 ματικῆς
687 653 1004 724 περιτομῆς,
1052 655 1144 706 καὶ
1185 654 1499 724 σωματικοῦ
1546 654 1841 718 Σα66ἀτου,
1878 653 1974 706 καὶ

388 743 735 814 σωματικῶν
774 744 993 814 ἐορτῶν,
1029 744 1122 796 καὶ
1162 745 1488 814 σωματικῶν
1522 744 1845 814 νουμηνιῶν,
1880 744 1972 796 καὶ

386 833 662 904 καθαρῶν
707 835 798 888 καὶ¹
837 834 1192 906 ἀκαθάρτωνο
1243 833 1585 904 μετατιθέναι
1627 833 1684 886 δὲ
1718 833 1818 885 τὸν
1847 831 1973 884 νοῦν

384 923 495 976 ἐπὶ
531 924 696 994 νόμον
733 925 865 977 Θεοῦ
910 924 1056 988 ἄξιον
1090 926 1182 978 καὶ
1226 924 1402 994 ἀληθῆ
1450 925 1542 978 καὶ
1580 922 1970 993 πνευματικὸν,

391 1014 553 1082 μετά
601 1014 693 1068 τοῦ
745 1015 833 1069 τὸν
889 1015 1257 1086 πρεσϐεύοντα
1313 1015 1454 1085 ὑπὲρ
1501 1014 1734 1085 Χριστοῦ
1779 1012 1975 1065 εἰδέναι

393 1123 416 1156 ι
463 1110 586 1172 τοῖς
621 1108 891 1171 Ἰουδαίοις
938 1110 1185 1162 Ἰουδαῖον
1219 1109 1520 1177 γίγνεσθαι,
1559 1109 1646 1160 ἴνα
1676 1106 1958 1167 Ἰουδαίους

2081 477 2163 527 Au
2205 475 2426 543 impium
2459 473 2580 539 fuit,
2629 476 2910 545 neglectis,
2965 495 3085 548 qua;
3135 495 3419 550 corporum
3461 494 3643 551 erant,

2082 562 2439 629 ca-remOuiis,
2477 563 2915 632 circumcisione,
2955 569 3216 631 sabbatis,
3248 568 3436 623 diebus
3467 569 3644 637 festis,

2083 652 2421 715 neomeuiis,
2481 662 2535 705 et
2583 667 2846 720 purorum
2909 659 2977 711 ab
3031 659 3254 725 impuris
3305 659 3644 727 discrimine,

2085 741 2315 794 evehere
2347 752 2578 796 mentem
2609 745 2672 796 ad
2706 747 2874 815 legem
2902 746 3011 800 Deo
3034 749 3274 817 dignam,
3302 765 3506 814 veram,
3533 753 3647 821 spi-

2069 828 2112 881 ri
2125 829 2317 893 talem;
2346 829 2610 898 simulque
2641 833 2851 889 efﬁcere
2879 845 2955 900 ut,
2984 841 3072 908 qui
3103 842 3366 912 legatione
3399 848 3641 916 fungitur

2069 934 2166 987 pro
2187 918 2402 972 Christo
2428 920 2492 982 ³⁸,
2521 920 2654 974 sciat
2680 941 2697 972 ι
2727 923 2926 980 Judzeis
2948 929 3165 986 Judaeus
3188 935 3319 997 tieri.
3345 947 3401 990 ut
3424 937 3638 994 Judnecs

2068 1009 2342 1067 lucretur;
2378 1007 2442 1060 iis
2469 1007 2558 1074 qui
2589 1010 2690 1064 sub
2718 1012 2832 1083 lege
2874 1027 3000 1069 sunt
3029 1021 3179 1087 quasi
3215 1024 3314 1078 sub
3345 1024 3460 1096 lege
3494 1042 3631 1091 esse,

2073 1108 2132 1154 ut
2159 1114 2252 1154 eos
2280 1099 2370 1168 qui
2399 1097 2498 1152 sub
2521 1097 2638 1169 lege
2666 1112 2794 1158 sunt
2823 1104 3116 1163 lucrifaciat
3143 1111 3240 1178 ’⁸7-
3266 1132 3280 1158 -.

387 1198 646 1271 κερδήσῃ
669 1215 682 1227 °
727 1199 820 1252 καὶ
842 1201 954 1259 τοῖς
979 1199 1082 1252 ὑπὸ
1107 1199 1288 1268 νόμον,
1323 1199 1398 1260 ὡς
1431 1197 1536 1250 ὑπὸ
1562 1197 1744 1266 νόμον,
1772 1196 1857 1247 ἵνα
1893 1193 2015 1254 τοὺς
2046 1191 2151 1242 ὑπὸ
2179 1193 2339 1260 νόμον
2376 1192 2642 1264 κερδήσῃ;
2684 1211 2702 1243 ι

469 1292 614 1360 Φησὶ
638 1291 693 1343 δέ
724 1310 741 1341 ‹
770 1291 1004 1354 Πολλοὺς
1025 1291 1089 1344 ἂν
1115 1291 1207 1344 καὶ
1228 1290 1417 1352 ἄλλους
1445 1289 1678 1358 φανῆναι
1704 1285 1977 1346 τοιούτους

385 1380 519 1440 τοῖς
549 1377 918 1441 ἐξαπατᾶσθαι
943 1378 1204 1443 θέλουσιν,
1228 1379 1407 1441 ὁποῖος
1430 1373 1497 1447 ἦν
1523 1379 1550 1428 6
1581 1375 1804 1446 Ἰησοῦς.
1837 1394 1854 1424 ι
1884 1375 1974 1445 Μὴ

390 1466 635 1528 πολλοὺς
665 1462 780 1530 οὖν,
822 1465 958 1519 ἀλλά
1001 1467 1124 1537 μηδ’
1161 1466 1395 1534 ὀλίγους,
1432 1465 1567 1518 ἀλλά
1596 1467 1690 1518 καὶ
1731 1466 1825 1516 ἕνα
1867 1464 1976 1516 δει-

390 1554 590 1608 κνύτω
625 1554 731 1624 (62)
778 1557 807 1607 6
861 1555 1011 1623 παρά
1053 1555 1130 1625 τῷ
1178 1557 1368 1626 Κέλσῳ
1426 1556 1672 1618 Ἰουδαῖος
1718 1554 1974 1616 τοιοῦτον,

390 1647 592 1709 ὁποῖος
618 1643 685 1716 ἦν
713 1650 752 1702 ὁ,
779 1647 982 1718 Ἰησοῦς
1015 1647 1170 1714 λόγον
1193 1648 1301 1720 (65)
1332 1647 1425 1701 καὶ
1448 1648 1690 1716 δόγματα
1721 1646 1855 1739 μετὰ
1879 1647 1978 1739 τῆς
2009 1686 2050 1739 Β

392 1737 464 1789 ἐν
516 1736 662 1802 αὐτῷ
704 1739 982 1809 δυνάμεως
1031 1738 1270 1808 βιωφελῆ
1310 1738 1666 1805 ἐπεισάγοντα
1715 1736 1792 1806 τῷ
1831 1735 1978 1803 γένει

391 1825 516 1878 τῶν
545 1826 866 1898 ἀνθρώπων,
890 1829 982 1881 καὶ
1005 1828 1398 1898 ἐπιστρέφοντα
1425 1829 1530 1881 ἀπὸ
1563 1827 1771 1898 χύσεως
1803 1829 1982 1898 ἀμαρ-

393 1915 686 1985 τημάτων.
723 1918 860 1986 Φησὶ
899 1918 954 1970 δέ
991 1917 1147 1995 τοῦτο
1185 1917 1436 1987 ἔγκλημα
1468 1917 1573 1970 ἀπὸ
1617 1916 1725 1969 τῶν
1769 1919 1848 1979 είς
1891 1917 1981 1969 τὸν

393 2003 639 2072 Χριστὸν
698 2006 1062 2058 πιστευόντων
1105 2005 1473 2075 προσάγεσθαι
1526 2004 1817 2067 Ἰουδαίοις,
1862 2005 1981 2057 ἐπεὶ

399 2093 484 2161 μὴ
515 2093 933 2147 πεπιστεύκασιν
961 2096 1036 2158 ὡς
1072 2097 1152 2158 εἰς
1182 2095 1312 2148 Θεὸν
1337 2095 1428 2146 τὸν
1465 2094 1670 2165 Ἰησοῦν
1690 2112 1703 2125 ο
1731 2096 1824 2147 καὶ
1854 2094 1982 2165 περὶ

395 2182 592 2235 τούτου
624 2183 667 2234 δ’
708 2185 765 2235 ἐν
803 2186 919 2246 τοῖς
949 2182 1203 2254 ἀνωτέρω
1244 2181 1829 2253 προαπελογησάμεθα,
1869 2182 1978 2235 δει-

396 2271 626 2336 κνύντες
649 2273 784 2344 ἅμα,
809 2273 926 2337 πῶς
953 2275 1052 2344 μὲν
1078 2273 1209 2326 Θεὸν
1234 2273 1395 2328 αὐτὸν
1411 2273 1655 2343 νοοῦμεν,
1681 2273 1821 2329 κατά
1844 2273 1898 2324 τί
1919 2272 1979 2326 δὲ

397 2362 689 2434 ἄνθρωπον
746 2371 968 2439 λγομεν.
1031 2385 1051 2418 ‹
1112 2369 1237 2433 Πῶς
1290 2369 1394 2433 δὲ,
1455 2367 1666 2438 φησιν,
1733 2364 1892 2433 ἡμεῖς
1929 2363 1980 2414 οι

398 2455 570 2506 πᾶσιν
617 2453 924 2524 ἀνθρώποις
967 2450 1307 2522 δηλώσαντες
1357 2452 1506 2522 ἥξειν
1552 2455 1661 2508 ἀπὸ
1710 2451 1842 2505 Θεοῦ
1887 2451 1979 2505 τὸν

399 2543 704 2596 κολάσοντα
731 2545 854 2605 τοὺς
879 2543 1119 2605 ἀδίκους,
1148 2543 1368 2596 ἐλθόντα
1395 2543 1760 2613 ἡτιμάζομενς
1792 2564 1810 2594 ›
1836 2543 1980 2613 Πρὸς

394 2631 560 2683 τοῦτο
580 2632 636 2683 δὲ
665 2630 1101 2701 ἀπολογήσασθαι
1134 2633 1275 2685 πάνυ
1303 2631 1496 2701 εὔηθες
1519 2632 1599 2695 ὃν,
1627 2633 1687 2684 ού
1719 2631 1864 2684 δοκεῖ
1889 2647 1979 2701 μοι

392 2721 547 2776 εἶναι
592 2721 832 2792 εὔλογον.
876 2724 966 2787 Ὠς
997 2727 1044 2776 εἰ
1076 2725 1171 2777 καὶ
1223 2723 1379 2788 ἄλλος
1417 2717 1500 2788 τις
1546 2725 1720 2792 ἔλεγε,
1757 2724 1871 2787 πῶς
1911 2722 1981 2776 ἂν

391 2812 585 2882 ἡμεῖς,
623 2815 672 2866 οἱ
699 2813 1009 2878 διδάξαντες
1037 2814 1144 2884 (6-4)
1175 2819 1490 2886 σωφρονεῖν,
1515 2816 1809 2868 ἀκόλαστον
1834 2815 1899 2869 ἄν
1927 2830 1978 2867 τι

390 2901 769 2972 ἐποιήσαμενζ
805 2903 836 2971 ἦ
873 2903 1000 2973 περὶ
1031 2903 1377 2974 δικαιοσύνης
1411 2906 1822 2974 πρεσϐεύοντες,
1857 2904 1974 2975 ἠδι-

2151 1282 2206 1337 8.
2234 1283 2393 1335 Addit
2417 1282 2632 1338 Judaeus
2655 1285 2795 1354 apud
2815 1285 3049 1352 Celsum,
3084 1307 3101 1340 ‹
3145 1288 3338 1343 Multos
3387 1291 3521 1347 alios
3548 1292 3638 1359 iis,

2082 1371 2172 1438 qui
2203 1372 2374 1441 decipi
2418 1373 2746 1438 voluissent,
2787 1377 2920 1430 tales
2958 1379 3197 1444 potuisse
3227 1381 3429 1444 videri,
3466 1385 3646 1451 qualis

2081 1459 2184 1512 fuit
2214 1457 2392 1514 Jesus.
2422 1479 2441 1510 ι
2477 1460 2738 1515 Ostendat
2768 1463 2932 1530 igitur
2957 1480 3060 1518 non
3091 1466 3286 1520 mullos
3307 1509 3323 1534 ,
3361 1486 3465 1524 non
3507 1488 3644 1541 pau-

2080 1560 2196 1611 cos,
2227 1549 2317 1602 sed
2344 1564 2527 1612 unum,
2567 1550 2657 1618 qui
2693 1560 2838 1606 tanta
2881 1569 3002 1622 cum
3041 1566 3307 1624 potestate
3342 1560 3643 1619 doctrinam

2079 1649 2231 1705 teque
2280 1637 2517 1691 humano
2560 1640 2746 1707 generi
2791 1642 2975 1696 utilem
2999 1685 3013 1709 ,
3049 1659 3203 1713 aeque
3231 1662 3259 1698 a
3295 1660 3640 1714 peccatorum

2084 1725 2315 1779 colluvie
2349 1738 2666 1784 avocantem
2699 1732 3001 1807 tradiderit.
3042 1734 3193 1800 Quod
3222 1737 3297 1789 ait
3330 1736 3542 1793 Judzeos
3577 1743 3645 1798 ab

2083 1815 2150 1868 iis
2181 1815 2274 1884 qui
2312 1815 2364 1868 in
2400 1815 2674 1872 Christum
2704 1823 2934 1875 credunt
2968 1838 3092 1878 reos
3120 1825 3238 1892 agi,
3284 1827 3426 1895 quod
3460 1827 3643 1885 Jesum

2082 1915 2141 1960 ut
2168 1906 2338 1960 Deum
2365 1909 2607 1978 recipere
2638 1909 2948 1978 noluerint;
3005 1916 3070 1968 ad
3108 1917 3158 1968 id
3184 1917 3298 1986 jam
3354 1933 3517 1986 supra
3556 1937 3646 1976 re-

2081 2012 2336 2066 sponsum
2357 2008 2475 2063 est,
2499 1999 2590 2053 ubi
2614 2001 2881 2057 declaravi
2911 2005 3071 2058 simul
3091 2015 3148 2059 et
3173 2008 3440 2075 quomodo
3474 2011 3643 2066 Deum

2081 2086 2230 2140 illum
2257 2087 2628 2156 intelligimus,
2664 2101 2719 2144 et
2747 2099 3046 2147 secundum
3071 2096 3200 2164 quid
3227 2099 3498 2152 hominem
3523 2115 3643 2156 esse

2080 2176 2332 2230 dicimus.
2362 2193 2383 2227 ι
2421 2177 2510 2243 At,
2541 2178 2747 2249 inquit,
2777 2185 3046 2250 quomodo
3083 2201 3200 2248 nos,
3233 2203 3330 2256 per
3357 2203 3494 2256 quos
3525 2203 3646 2243 om-

2080 2267 2238 2321 nibus
2270 2266 2582 2324 homiuibus
2629 2272 2932 2326 nuntiatum
2982 2285 3065 2329 cst
3103 2287 3396 2332 venturum
3440 2292 3471 2331 a
3509 2277 3640 2342 Deo,

2078 2356 2169 2424 qui
2194 2357 2260 2410 de
2282 2357 2546 2427 improbis
2570 2361 2893 2428 supplicium
2927 2375 3322 2431 sumeret,eum
3350 2367 3644 2435 ignominia

2079 2442 2388 2510 aﬂ‘ecimus,
2435 2458 2721 2518 postquam
2745 2451 2972 2504 venit?»
3018 2453 3151 2508 Tam
3185 2455 3379 2523 inepta:
3407 2457 3643 2512 interro-

2081 2535 2288 2604 gationi
2323 2540 2652 2606 respondere
2694 2542 2906 2596 videtur
2948 2557 3069 2598 esse
3115 2544 3374 2616 ineptum.
3413 2547 3646 2604 Perinde

2081 2633 2164 2676 est
2190 2625 2335 2677 enim
2366 2641 2431 2678 ac
2477 2629 2520 2680 si
2560 2630 2682 2697 quis
2725 2631 2946 2697 diceret,
2972 2648 3070 2688 nos
3094 2635 3184 2703 qui
3223 2639 3641 2704 temperantiam

2081 2712 2384 2780 docuimus,
2409 2719 2678 2783 quomodo
2707 2719 2759 2773 in
2795 2717 2937 2777 hanc
2961 2722 3213 2778 virtutem
3239 2729 3645 2794 peccassemus?

2079 2801 2191 2858 Nos
2217 2805 2307 2874 qui
2344 2805 2570 2874 justiti;e
2606 2821 2788 2877 partes
2850 2807 3094 2876 tuemur,
3119 2816 3406 2882 quomodo
3445 2817 3643 2886 injuste

2079 2894 2382 2962 egissemus
2417 2895 2440 2949 ?
2492 2895 2561 2950 Ut
2602 2899 2742 2952 enim
2776 2899 2915 2969 apud
2954 2901 3197 2956 homines
3222 2903 3321 2956 ista
3357 2904 3643 2960 inveniun-

391 2991 684 3060 κήσαμεν;
733 2993 818 3054 Ὡς
849 2991 958 3060 γὰρ
983 2995 1165 3046 ἐκεῖνα
1203 2994 1262 3045 ἐν
1291 2993 1592 3064 ἀνθρώποις
1635 2996 1966 3063 εὑρίσκεται,

2081 2989 2188 3048 tur,
2233 2985 2310 3037 sic
2357 2984 2652 3039 humanum
2696 3000 2816 3043 erat
2868 2989 3115 3055 Christo,
3159 3003 3442 3061 postquam
3482 2995 3641 3065 juxta

395 3077 541 3131 δῦτω
571 3081 876 3147 φάσκοντας
912 3079 1021 3150 (65)
1063 3083 1367 3152 προφήταις
1419 3083 1839 3135 πεπιστευκέναι
1885 3083 1972 3136 λέ-

393 3184 552 3235 γουσι
593 3171 716 3242 περὶ
752 3171 1175 3242 ἐπιδημήσοντος
1209 3172 1466 3243 Χριστοῦ,
1498 3173 1860 3243 ἡπιστηκὲναι
1895 3173 1973 3244 τῷ

397 3257 678 3326 ἐληλυθότι
713 3259 851 3312 κατά
892 3261 958 3313 τά
1006 3262 1475 3332 προφητευόμενα,
1510 3262 1843 3333 ἀνθρώπινον
1878 3258 1966 3333 ἦν.

397 3346 462 3399 Εἰ
491 3347 548 3400 δὲ
587 3348 666 3400 δεῖ
702 3349 1013 3419 προσθεῖναι
1041 3354 1135 3405 καὶ
1164 3352 1327 3423 ἄλλην
1351 3353 1553 3418 αἰτίαν,
1595 3355 1857 3426 φήσομεν,
1886 3356 1968 3408 ὅτι

399 3437 493 3488 καὶ
535 3436 680 3489 τοῦτ’
722 3438 852 3491 αὐτὸ
899 3443 1157 3509 προεῖπον
1196 3443 1244 3493 οἱ
1286 3443 1578 3512 προφῆται.
1617 3444 1810 3511 Σαφῶς
1835 3443 1965 3511 γοῦν

411 3521 634 3588 Ἡσαΐας
661 3524 810 3594 λέγει
829 3543 843 3556 ·
877 3545 896 3577 ι
937 3529 1093 3599 Ἀκοῇ
1119 3528 1399 3592 ἀκούσετε,
1431 3531 1519 3584 καὶ
1548 3532 1609 3584 οὐ
1629 3532 1702 3602 μὴ
1733 3533 1928 3602 συνῆτε
1949 3549 1964 3564 ⁸

393 3616 489 3668 καὶ
519 3615 807 3686 βλέποντες
853 3617 1094 3688 βλέψετε,
1133 3620 1227 3672 καὶ
1253 3621 1312 3672 ού
1340 3620 1412 3691 μὴ
1449 3621 1610 3691 ἴδητε.
1659 3623 1964 3696 Ἐπαχύνθη

389 3706 503 3778 γὰρ
521 3709 553 3778 ή
574 3708 770 3779 καρδία
791 3709 884 3762 τοῦ
903 3709 1032 3762 λαοῦ
1061 3710 1271 3774 τούτου,
1308 3729 1326 3762 ι
1360 3711 1456 3764 καὶ
1478 3711 1546 3764 τὰ
1569 3711 1715 3782 ἑξῆς.
1744 3713 1854 3766 Καὶ
1875 3716 1968 3770 λε·-

389 3797 634 3867 γέτωσαν
657 3799 805 3869 ἡμῖν,
834 3799 886 3850 τί
907 3799 1178 3864 ἀκούουσι,
1206 3801 1299 3854 καὶ
1323 3801 1375 3853 τί
1409 3800 1663 3870 βλέπουσι
1693 3805 1804 3866 τοῖς
1837 3804 1967 3856 Ἰου-

388 3885 563 3949 δαίοις
583 3887 692 3959 (66)
715 3889 1113 3960 προφητεύεται
1132 3891 1206 3961 μὴ
1222 3891 1469 3960 συνήσειν
1488 3891 1554 3944 τὰ
1566 3892 1853 3964 λεγόμενα,
1872 3896 1966 3948 καὶ

393 3977 471 4047 μὴ
497 3977 554 4029 ὃν
583 3977 663 4031 δεῖ
682 3968 880 4049 τρόπον
918 3979 1142 4048 ὄψεσθαι
1170 3981 1231 4032 τὸ
1271 3981 1488 4053 ὁραθέν.
1541 3983 1700 4037 Ἀλλὰ
1731 3985 1838 4056 μὴν
1865 3986 1962 4056 δῆ-

386 4067 501 4132 λον,
532 4070 612 4122 ὅτι
652 4070 848 4132 ἰδόντες
872 4071 963 4123 τὸν
1019 4071 1243 4142 Ἰησοῦν,
1273 4074 1375 4126 οὐκ
1403 4070 1540 4126 εἶδον
1563 4075 1710 4138 ὅστις
1738 4072 1805 4146 ἦν
1826 4095 1839 4107 ο
1869 4077 1963 4129 καὶ

385 4157 676 4222 ἀκούοντες
707 4159 892 4224 αὑτοῦ,
921 4163 982 4214 οὐ
1018 4162 1258 4230 συνῆκαν
1289 4164 1353 4216 ἐκ
1379 4165 1486 4218 τῶν
1525 4165 1830 4236 λεγομένων
1858 4168 1959 4238 τὴν

386 4251 448 4301 ἐν
472 4249 622 4319 αὐτῷ
649 4249 916 4321 θειότητα,
948 4253 1408 4322 μεταϐιϐάζουσαν
1429 4254 1524 4325 τὴν
1547 4255 1639 4307 ἐπὶ
1680 4256 1962 4322 Ἰουδαίους

2074 3073 2382 3142 pmphetias
2409 3076 2588 3151 venit,
2616 3076 2776 3132 [idem
2810 3093 2916 3134 non
2948 3080 3186 3148 habere,
3229 3084 3321 3151 qui
3351 3087 3632 3154 pr0phetis

2074 3160 2349 3216 Christum
2409 3176 2692 3218 venturum
2763 3168 3250 3234 praanuutiautibus
3299 3176 3524 3228 credere
3579 3159 3677 3230 se.

2073 3252 2494 3320 proﬁtebantur.
2518 3255 2681 3325 392
2707 3256 2857 3322 Quod
2886 3261 2930 3312 si
2956 3259 3202 3315 addenda
3233 3273 3316 3316 est
3347 3263 3508 3317 etiam
3532 3265 3638 3319 alia

2071 3358 2258 3410 causa,
2282 3346 2526 3401 dicemus
2564 3350 2666 3402 hoc
2705 3347 2879 3416 ipsum
2917 3365 2946 3404 a
2987 3353 3262 3422 prOphetis
3297 3353 3466 3410 fuisse
3497 3370 3638 3426 prte-

2071 3435 2295 3490 dictum.
2317 3437 2472 3490 Clare
2501 3439 2647 3492 enim
2684 3439 2854 3494 Isaias
2881 3442 3012 3496 dicit
3043 3460 3058 3496 :
3095 3461 3114 3494 ι
3139 3443 3377 3499 Auribus
3405 3447 3637 3501 audietis

2069 3528 2124 3576 et
2155 3537 2260 3576 non
2291 3523 2649 3594 intelligetis;
2681 3526 2853 3582 oculis
2880 3529 3187 3596 aspicietis,
3215 3545 3314 3585 nec
3339 3529 3516 3586 tamen
3552 3534 3637 3586 iu-

2072 3611 2374 3666 tuebimini.
2420 3613 2788 3670 lucrassatum
2831 3626 2915 3671 est
2957 3620 3101 3672 enim
3147 3633 3242 3673 cor
3299 3623 3477 3690 populi
3524 3624 3628 3676 bu-

2063 3701 2152 3772 jus
2185 3703 2226 3770 ί,
2264 3722 2285 3756 ι
2314 3715 2420 3759 etc.
2476 3706 2668 3761 Dicant
2701 3709 2857 3763 nobis
2885 3710 3010 3777 quid
3037 3710 3179 3772 istud
3204 3712 3295 3777 sit,
3319 3714 3482 3780 quod,
3508 3712 3638 3771 licet

2067 3791 2308 3845 audituri
2339 3802 2393 3846 et
2430 3795 2701 3864 aspecturi
2749 3807 2906 3851 erant
2968 3796 3134 3854 Judmi
3157 3844 3171 3865 ,
3203 3803 3516 3870 praedictum
3554 3813 3637 3857 ta.-

2068 3897 2190 3936 meu
2220 3883 2321 3936 fuit
2353 3883 2491 3949 fore,
2523 3894 2582 3939 ut
2614 3900 2713 3941 nec
2757 3889 3156 3960 intelligerent,
3187 3907 3286 3949 nec
3325 3895 3634 3963 aspicerent

2064 3973 2335 4040 quomodo
2389 3975 2557 4045 aspici
2619 3978 2877 4046 oportuit.
2938 3979 3290 4050 Perspicuum
3342 3996 3427 4039 est
3475 3988 3625 4056 ipsos

2061 4061 2246 4117 Jesum
2283 4065 2545 4133 videntes,
2579 4069 2839 4124 nesciisse
2869 4071 2992 4140 quis
3018 4081 3190 4138 esset;
3216 4088 3314 4128 nec
3350 4074 3500 4128 ilhun
3527 4091 3630 4128 au-

2062 4153 2308 4220 dientes,
2341 4170 2406 4209 εχ
2434 4155 2550 4226 ejus
2592 4157 2751 4213 dictis
2784 4160 3120 4216 intellexisse
3158 4178 3276 4230 qua:
3325 4164 3374 4216 iu
3410 4177 3475 4218 ο.)
3509 4175 3630 4220 erat

2063 4245 2594 4316 divinitatum-qua:
2626 4251 2958 4317 peculiarem
3003 4252 3097 4305 Dei
3130 4267 3257 4321 erga
3289 4252 3505 4307 Judaaos
3532 4269 3629 4308 cu-

384 4338 480 4391 τοῦ
507 4338 641 4392 Θεοῦ
667 4342 990 4412 ἐπισκοπὴν,
1015 4342 1106 4394 ἐπὶ
1125 4343 1248 4406 τοὺς
1275 4343 1382 4395 ἀπὸ
1413 4343 1520 4396 τῶν
1546 4344 1712 4398 ἐθνῶν
1736 4347 1821 4398 ἐπ’
1851 4347 1951 4399 αύ-

2072 4347 2177 4390 ram
2209 4346 2264 4391 et
2289 4337 2641 4406 vigilantiam,
2674 4340 2725 4393 in
2754 4355 2847 4394 eos
2879 4341 3240 4396 transferebat
3267 4344 3358 4412 qui
3390 4359 3420 4399 e
3448 4345 3629 4414 genti-

383 4430 477 4484 τὸν
526 4431 894 4496 πιστεύοντας.
935 4433 1120 4486 Ἔστιν
1162 4429 1255 4486 οὖν
1299 4435 1425 4492 ἰδεῖν
1465 4435 1600 4505 μετά
1640 4436 1737 4507 τὴν
1787 4437 1960 4508 Ἰησοῦ

387 4521 680 4592 ἐπιδημίαν
721 4523 1001 4587 Ἰουδαίους
1052 4523 1578 4594 καταλελειμμένους
1621 4526 1819 4597 πάντη,
1869 4527 1960 4580 καὶ

390 4613 552 4682 μηδὲν
587 4613 807 4684 ἔχοντας
843 4613 950 4668 τῶν
989 4614 1156 4668 πάλαι
1190 4615 1564 4685 νομιζομένων
1603 4617 1786 4680 αὐτοῖς
1819 4613 1960 4672 εἶναι

388 4703 596 4772 σεμνῶν
613 4719 628 4734 ο
663 4703 798 4757 ἀλλά
818 4703 912 4757 καὶ
935 4703 1101 4774 μηδὲν
1126 4704 1348 4774 σημεῖον
1370 4703 1467 4756 τοῦ
1502 4700 1643 4758 εἶναί
1667 4721 1789 4759 τινα
1818 4705 1957 4760 θειό-

457 4895 503 4927 ⁹⁸
541 4896 579 4949 ll
609 4897 732 4952 Cor.
761 4914 815 4964 ν,
846 4899 938 4954 20.
1016 4898 1240 4955 l‘i'lCor.
1268 4916 1344 4967 Ix,
1375 4899 1468 4955 20.
1546 4900 1706 4957 ‘lsai.
1734 4917 1811 4970 τι,
1843 4903 1899 4960 9.

460 5075 712 5154 (62)_Duo
745 5079 1013 5154 Yaticanj,
1049 5081 1216 5154 Reg,
1239 5081 1581 5147 Basilceusis,
1609 5093 1665 5136 et
1697 5081 1947 5154 Anglica-

386 5147 486 5201 nus
510 5149 736 5216 primus,
759 5147 894 5201 ἀλλά
919 5150 1018 5203 κᾶν
1044 5147 1321 5206 δεικνύτω.

455 5280 564 5353 (65)
589 5283 727 5335 Ante
755 5297 938 5337 vocem
962 5284 1138 5353 λόγον,
1171 5288 1297 5342 libb.
1341 5289 1468 5342 editi
1499 5288 1758 5342 exhibent
1795 5289 1947 5345 micis

382 5350 643 5429 inclusam
697 5350 1346 5429 particulam—negantem
1385 5359 1644 5429 pi},_quae
1682 5359 1835 5429 abest
1876 5360 1945 5429 ab

380 5422 636 5499 omnibus
673 5436 804 5475 mss.
833 5431 888 5499 et
917 5434 1064 5478 certe
1083 5422 1284 5499 abesse
1308 5422 1487 5499 debet;
1506 5422 1671 5499 Infra,
1707 5427 1814 5480 ἀπὸ
1848 5427 1944 5499 χύ-

380 5505 516 5554 σεως
571 5491 1004 5564 ἁμαρτημάτων,
1051 5495 1145 5566 εἰςΔ
1187 5495 1314 5566 libb.
1360 5496 1486 5566 editi
1520 5497 1573 5548 in
1606 5491 1943 5566 margine"et

379 5575 564 5640 oruues
620 5562 788 5640 iuss.,'
826 5574 1069 5640 Lexcepto
1116 5562 1326 5619 Iuliano
1369 5565 1422 5640 in
1459 5580 1565 5634 quo
1607 5562 1800 5637 legitur
1833 5567 1942 5621 ἀπὸ

379 5627 582 5699 χύσεως
609 5631 912 5703 ἁμαρτιῶν.

2059 4428 2160 4482 bus
2208 4430 2264 4488 in
2317 4428 2493 4498 ipsum
2539 4431 2844 4486 crederent.
2901 4433 3263 4498 Quamobrem
3311 4434 3492 4489 videre
3542 4446 3626 4490 est

2056 4517 2272 4574 Judaeos
2308 4533 2376 4573 ex
2420 4535 2530 4589 quo
2557 4519 2715 4576 Jesus
2749 4522 3002 4591 advenit,
3049 4525 3271 4579 omnino
3311 4525 3619 4592 derelictos,

2059 4626 2162 4665 nec
2210 4611 2511 4682 quidquam
2553 4612 2663 4682 jam
2707 4614 2906 4669 habere
2948 4629 3162 4683 eorum,
3198 4631 3318 4685 quae.
3347 4616 3474 4673 olim
3522 4617 3628 4674 illis

2059 4702 2219 4772 digna
2244 4703 2598 4758 veneratione
2627 4705 2970 4773 videbantur,
2997 4705 3200 4762 nullum
3224 4709 3433 4778 signum
3463 4707 3622 4763 ullam

2124 5082 2236 5148 (64)
2261 5082 2440 5138 Codex
2468 5083 2686 5152 Regius,
2719 5082 3077 5149 διδάσκοντες.

2126 5152 2236 5224 (65)
2265 5153 2619 5224 Hmsehclius,
2654 5155 2968 5224 φάσκοντες,
2997 5159 3153 5208 male.

2123 5221 2234 5300 (66)
2284 5224 2346 5300 Τί
2385 5221 2674 5278 ἀκούουσι
2691 5292 2703 5300 _
2723 5223 2834 5300 grai
2868 5224 2927 5300 τί
2952 5225 3260 5300 ,βλέπουσι
3298 5221 3421 5300 τοῖς
3475 5221 3623 5300 ’13”-

2049 5289 2260 5358 δαῖοις.
2297 5293 2371 5346 lla
2411 5303 2558 5347 recte
2608 5292 2764 5346 codd.
2796 5293 2999 5358 Regius
3031 5307 3084 5348 et
3121 5293 3468 5358 Basileeusis.
3512 5290 3622 5342 lie-

2051 5361 2184 5429 liqui
2211 5356 2331 5415 cum
2371 5363 2531 5416 editis
2577 5363 2807 5424 habent,
2837 5356 2906 5414 τῖ’
2919 5363 3173 5416 ἀκούουσι
3199 5362 3311 5421 τοῖς
3349 5356 3622 5421 Ἰουδαίοις

2050 5431 2145 5483 καὶ
2168 5430 2226 5507 τί
2265 5430 2531 5507 βλέπουσι.
2560 5434 2678 5507 ,τοῖς
2713 5431 3001 5507 Ἰουδαίοις.
3023 5432 3188 5507 Paulo
3223 5436 3350 5507 post
3379 5430 3619 5507 Speuce:

2049 5515 2142 5574 rus
2159 5486 2419 5574 intexti},
2451 5500 2584 5574 ἀλλὰ
2611 5486 2912 5574 μήν-δῆλον,
2943 5486 3046 5574 ὅτι,
3085 5486 3622 5574 ῌῳεέιιςιιίιιεξλᾲλλᾲ

2051 5568 2132 5689 μη
2154 5568 2328 5689 δῖιόλον,
2362 5570 2463 5622 ὃτι.
2503 5563 2683 5624 Codd:
2701 5563 2898 5636 Regius
2921 5578 2976 5623 et
3006 5563 3355 5632 Basilceusis,
3379 5563 3516 5618 ἀλλά
3539 5563 3619 5636 μὴ

2051 5651 2106 5689 οτῖ
2130 5656 2170 5689 ιο
2229 5656 2300 5689 τι.

2077 5656 2259 5711 ηλονοτ
2265 5656 2300 5692 ι.
3670 5683 3674 5686 ’

2045 5641 2300 5692 δηλονότι.
