3998 6170
478 217 582 276 8οῚ
1957 228 2037 282 Cll

2139 229 2277 286 ENIS
3616 246 3710 306 808

482 338 565 394 eis
600 338 794 396 adesse
823 339 1189 399 divinitatem.
1214 341 1335 400 Non
1367 344 1510 400 enim
1547 345 1777 416 amplius
1805 346 1884 402 eis
1918 360 2037 402 sunt

2145 368 2279 421 τητα
2313 354 2444 424 παρ’
2469 354 2670 417 αὐτοῖς.
2695 356 2808 408 Οὐκ
2838 356 2919 409 ἔτι
2946 357 3053 430 γὰρ
3084 364 3389 433 προφῆται,
3417 365 3535 418 οὐδὲ
3560 370 3709 439 τερά-

484 431 798 499 prophetae,
842 446 948 486 non
991 434 1287 499 miracula;
1331 449 1452 488 cum
1483 445 1671 491 contra
1713 438 1851 506 apud
1888 438 2045 492 Chri-

493 519 702 574 stianos
734 521 1028 574 etiamnum
1059 521 1443 576 miraculorum
1488 523 1820 595 aliquantum
1851 543 2042 597 super-
2071 542 2076 553 '

479 611 586 665 sint
618 611 856 680 vestigia,
890 611 997 665 imo
1047 614 1274 682 majora,
1323 629 1486 683 quam
1523 618 1666 684 apud
1715 617 1835 672 illos
1863 617 2042 684 fuere,

480 699 768 770 aliquando
793 699 960 764 fiant;
989 709 1042 754 et
1068 701 1112 756 si
1141 702 1245 757 hac
1269 703 1323 756 in
1358 717 1414 757 re
1439 705 1567 773 quid
1596 705 1852 774 ponderis
1880 707 2044 762 habet

480 803 726 848 nostrum
796 792 1191 861 testimonium,
1255 811 1356 851 nos
1405 797 1506 866 ipsi
1566 798 1821 855 vidimus.
1875 799 2041 866 «Qua

477 897 662 947 causa,
709 885 882 955 pergit
929 887 1070 942 Celsi
1118 886 1356 952 Judreus,
1413 888 1772 956 ignominiose
1815 905 1842 942 a
1887 891 2043 945 nobis

479 972 570 1027 ille
601 973 820 1028 habitus
848 985 931 1029 est
959 991 1122 1044 quem
1155 977 1686 1045 prmnuntiavimus?
1735 980 1815 1033 An
1847 991 1903 1032 ut
1925 995 2041 1033 ma-

469 1061 616 1131 jores
637 1079 800 1132 quam
835 1064 926 1119 alii
955 1066 1143 1120 demus
1167 1079 1357 1134 poenas
1377 1066 1444 1118 ἰ»
1478 1065 1656 1132 Certe,
1683 1067 1898 1135 inquam
1921 1083 2039 1136 ego,

478 1153 711 1223 majores
745 1155 867 1210 aliis
896 1155 1101 1209 dabunt
1142 1155 1316 1210 Judaei
1341 1195 1357 1221 ,
1390 1172 1511 1211 cum
1553 1167 1774 1226 propter
1805 1175 1958 1212 suam
1987 1161 2040 1214 in

481 1243 755 1298 Christum
787 1245 1219 1301 incredulitatem
1246 1287 1260 1312 ,
1296 1258 1410 1301 tum
1447 1258 1668 1317 propter
1707 1249 1812 1302 alia
1846 1265 2043 1319 oppro-

473 1337 590 1390 bria
623 1337 822 1405 quibus
888 1337 1038 1391 illum
1072 1336 1404 1406 affecerunt;
1430 1355 1607 1409 neque
1635 1343 1954 1410 supplicium
1988 1343 2039 1396 in

469 1427 656 1495 iudicii
685 1430 826 1498 quod
850 1431 1131 1486 credimus
1163 1441 1370 1500 tempus
1396 1431 1712 1501 differetur;
1740 1434 1850 1500 jam
1879 1435 2039 1489 dede-

475 1528 619 1573 runt.
648 1520 843 1588 Ecqua:
867 1521 1011 1575 enim
1041 1536 1192 1590 gens,
1226 1533 1422 1589 praeter
1449 1523 1594 1578 solos
1620 1523 1857 1592 Judazos,
1883 1540 1911 1578 a
1940 1539 2035 1578 sua

474 1608 741 1675 prazcipua
786 1609 918 1665 urbe
967 1621 1076 1664 eta
1129 1612 1248 1665 loco
1291 1613 1512 1680 expulsa
1553 1624 1654 1678 est,
1698 1614 1787 1667 ubi
1833 1615 2036 1682 patrius

2150 460 2300 496 στια·
2331 438 2404 498 ὧν
2437 446 2540 499 κᾶν
2570 445 2688 519 ἴχνη
2729 449 2817 502 ἐπὶ
2847 451 3012 504 ποσὸν
3046 455 3195 524 παρὰ
3239 458 3586 526 Χριστιανοῖς
3628 464 3708 516 εὑ-

2150 533 2391 602 ρίσκεται
2423 534 2553 606 (67),
2597 539 2690 590 καί
2733 540 2855 592 τινά
2888 558 2951 609 γε
3000 541 3256 611 μείζονα·
3307 547 3402 597 καὶ
3445 550 3492 599 εί
3544 553 3706 606 πιστοί

2145 624 2310 694 ἐσμεν
2333 625 2582 694 λέγοντες
2617 628 2750 697 (68),
2785 632 3106 703 ἑωράκαμεν
3138 637 3228 687 καὶ
3260 637 3444 706 ἡμεῖς.
3476 639 3628 706 Λέγει
3650 642 3701 696 δὲ

2143 713 2172 763 6
2201 713 2351 783 παρὰ
2375 713 2451 782 τῷ
2479 716 2669 786 Κέλσῳ
2712 719 2978 783 Ἰουδαῖος·
3021 742 3037 771 ι
3079 723 3177 774 Διὰ
3203 724 3255 774 τί
3291 727 3625 797 ἠτιμάζομεν
3649 731 3702 783 ὃν

2144 803 2653 876 προεκηρὺσσομεν;
2692 809 2761 859 "II
2785 810 2870 862 ἵνα
2899 811 3058 864 πλέον
3091 813 3196 866 τῶν
3230 815 3410 867 ἄλλων
3440 818 3700 872 κολασθῶ-

2147 910 2271 963 μεν;
2306 913 2323 944 ι
2357 895 2467 947 Καὶ
2495 896 2630 966 πρὸς
2656 898 2813 951 τοῦτο
2834 900 2877 951 δ’
2903 901 3049 955 ἔστιν
3077 907 3269 964 εἰπεῖν,
3309 907 3392 958 ὅτι
3424 908 3581 963 πλέον
3606 912 3701 966 τῶν

2142 982 2316 1036 ἄλλων
2375 985 2608 1038 Ἰουδαῖοι
2650 987 2736 1040 διὰ
2777 990 2876 1060 τὴν
2918 995 2998 1054 εἰς
3029 995 3261 1064 Χριστὸν
3304 998 3585 1064 ἀπιστίαν,
3620 1004 3702 1057 καὶ

2141 1074 2240 1126 ὅσα
2272 1074 2405 1127 ἄλλα
2447 1077 2594 1147 αὐτῷ
2633 1078 2937 1149 ὲνύϐρισαν,
2966 1085 3024 1136 οὐ
3063 1085 3220 1155 μόνον
3246 1087 3395 1140 κατὰ
3431 1089 3528 1160 τὴν
3559 1109 3703 1146 πεπι-

2144 1166 2441 1238 στευμένην
2469 1169 2648 1237 κρίσιν
2669 1171 2966 1237 πείσονται,
2991 1175 3123 1228 ἀλλὰ
3146 1175 3253 1246 γὰρ
3277 1179 3372 1230 καὶ
3393 1180 3492 1250 ἤδη
3519 1183 3702 1235 πεπόν-

2142 1255 2284 1308 θασι.
2334 1258 2490 1309 Ποῖον
2522 1257 2629 1328 γὰρ
2661 1261 2810 1324 ἔθνος
2850 1266 3250 1332 πεφυγάδευται
3291 1270 3404 1322 ἀπὸ
3444 1273 3539 1342 τῆς
3581 1273 3699 1336 ἰδίας

2144 1345 2524 1415 μητροπόλεως
2555 1348 2647 1400 καὶ
2674 1348 2766 1402 τοῦ
2802 1352 3000 1403 οἰκείου
3030 1354 3193 1408 τόπου
3230 1360 3300 1428 τῇ
3343 1359 3556 1430 πατρίῳ
3583 1361 3700 1430 θρη-

2143 1439 2298 1509 σκείᾳ
2329 1439 2434 1509 (69)
2476 1441 2508 1510 ἢ
2556 1443 2706 1510 μόνοι
2763 1444 3041 1510 Ἰουδαῖοι;
3083 1447 3252 1500 Τοῦτο
3284 1449 3344 1501 δὲ
3385 1451 3699 1507 πεπόνθασιν

2141 1528 2216 1590 ὡς
2232 1529 2628 1596 ἀγεννέστατοι,
2649 1535 2695 1586 εἰ
2712 1535 2806 1588 καὶ
2824 1536 3268 1608 πολλὰῆμαρτον,
3288 1540 3356 1592 δι’
3374 1541 3526 1594 οὐδὲν
3547 1543 3700 1604 οὓτως

2141 1615 2382 1682 ἐκείνων,
2413 1619 2488 1682 ὡς
2519 1619 2606 1672 διὰ
2639 1620 2708 1674 τὰ
2736 1623 2874 1677 κατὰ
2916 1625 3008 1677 τοῦ
3046 1627 3218 1696 Ἰησοῦ
3263 1629 3427 1699 ἡμῶν
3453 1631 3698 1702 τετολμη-

476 1695 653 1750 cultus
711 1695 890 1752 fuerat
944 1699 1291 1766 peculiariter
1329 1702 1692 1755 constitutus?
1739 1701 1792 1753 Id
1849 1711 2031 1756 tamen
2065 1699 2106 1753 Β
2139 1705 2293 1774 μένα.

475 1787 618 1854 passi
647 1795 774 1841 sunt.
807 1797 863 1842 ut
904 1789 1152 1845 vilissimi
1191 1792 1460 1857 homines,
1506 1809 1610 1847 non
1647 1803 1754 1848 tam
1787 1805 2006 1863 propter
2029 1795 2133 1849 alia
2167 1812 2265 1853 sua
2301 1800 2529 1854 crimina
2555 1842 2571 1868 ,
2604 1819 2722 1872 quae
2751 1820 2884 1862 sane
2917 1809 3082 1864 multa
3113 1822 3526 1881 perpetrarent,
3552 1829 3697 1883 quam

471 1876 540 1931 ob
563 1891 625 1931 ea
657 1891 777 1945 qua:
803 1877 855 1931 in
895 1877 1079 1933 Jesum
1117 1881 1230 1934 ausi
1255 1889 1401 1934 sunt:

541 1969 594 2024 9.
627 1970 763 2023 Dicit
795 1979 979 2039 postea
1011 1968 1227 2025 Iudaeus
1256 1988 1269 2023 :
1306 1989 1327 2022 ι
1375 1970 1658 2037 Quomodo
1693 1972 1835 2026 Deus
1869 1987 1896 2024 a
1938 1987 2034 2026 no-

473 2062 559 2118 bis
613 2063 832 2116 habitus
855 2061 1049 2116 fuisset
1090 2062 1158 2128 is,
1191 2064 1304 2130 qui,
1348 2073 1506 2134 prout
1533 2064 1693 2133 vulgo
1741 2063 2034 2131 ferebatur,

473 2153 607 2208 nihil
635 2154 886 2224 prtesdtit
925 2168 1114 2206 eorum
1157 2168 1275 2221 qua:
1321 2155 1690 2224 promiserat;
1739 2156 1830 2223 qui
1884 2165 2035 2223 post-

471 2258 634 2312 quam
669 2260 698 2298 a
728 2245 882 2298 nobis
916 2244 1220 2306 convictus,
1247 2245 1550 2306 damnatus.
1575 2245 1879 2314 dignusque
1910 2262 2036 2315 sup-

469 2335 633 2405 plicio
663 2335 935 2406 judicatus
967 2343 1071 2399 est,
1101 2335 1348 2404 quzesivit
1370 2334 1613 2390 latebras
1639 2344 1694 2390 et
1729 2336 2037 2404 turpissime

472 2427 686 2497 fugiens
714 2437 905 2496 captus
941 2436 1047 2492 est,
1083 2428 1329 2495 proditus
1360 2426 1428 2481 ab
1455 2426 1520 2481 iis
1543 2425 1674 2496 ipsis
1701 2441 1838 2496 quos
1869 2426 2036 2481 disci-

467 2518 623 2590 pulos
650 2520 1016 2574 nominabat?
1045 2519 1209 2588 Atqui
1257 2533 1364 2573 non
1404 2518 1758 2573 conveniebat
1793 2517 1902 2584 illi,
1942 2517 2032 2588 qui

470 2609 612 2665 Deus
637 2620 801 2676 esset,
836 2608 1054 2680 fugere,
1096 2619 1150 2664 et
1178 2609 1422 2664 vinctum
1457 2607 1690 2662 abduci:
1725 2608 2037 2676 indignissi-

467 2714 616 2754 mum
659 2713 836 2754 autem
883 2714 970 2764 eo,
1001 2697 1094 2768 qui
1144 2696 1424 2762 Servator,
1461 2693 1553 2748 Dei
1595 2695 1813 2748 maximi
1845 2694 2031 2759 Filius,

469 2790 690 2861 angelus
713 2790 1060 2856 credebatur,
1090 2789 1323 2858 relinqui
1355 2795 1408 2842 et
1432 2787 1586 2856 prodi
1616 2787 1683 2841 ab
1719 2785 1787 2839 iis
1813 2785 2038 2853 quibus-

470 2898 598 2938 cum
626 2883 856 2947 vixerat,
881 2896 1018 2950 quos
1042 2880 1144 2935 sibi
1181 2881 1231 2934 in
1260 2879 1374 2934 suis
1402 2878 1656 2932 omnibus
1693 2875 1928 2946 privatis
1950 2891 2036 2932 re-

468 2973 572 3026 bus
617 2972 868 3027 conscios
896 2971 1138 3035 fecerat,
1163 2970 1362 3038 quique
1391 2967 1482 3022 illo
1524 2977 1584 3022 ut
1620 2968 1884 3036 magistro
1915 2975 2038 3021 ute-

469 3063 730 3117 bantur.»
760 3063 841 3116 Ad
867 3077 989 3130 qua:
1021 3062 1320 3128 respondeo
1351 3059 1518 3113 Deum
1549 3074 1577 3111 a
1610 3059 1761 3112 nobis
1778 3057 2037 3111 noueris-

2206 1969 2361 2024 Μετὰ
2392 1970 2565 2024 ταῦτὰ
2594 1990 2756 2042 φησιν
2778 1976 2805 2027 6
2839 1977 3113 2042 Ἰουδαὶος·
3147 1999 3165 2031 ‹
3197 1981 3326 2045 Πῶς
3353 1983 3397 2034 δ’
3425 1984 3696 2056 ἐμέλλομεν

2134 2061 2322 2115 τοῦτον
2365 2063 2603 2131 νομίζειν
2646 2064 2798 2130 Θεὸν,
2839 2067 2898 2130 ὃς
2935 2069 3005 2121 τά
3042 2088 3102 2122 τε
3145 2070 3307 2136 ἄλλοι,
3354 2073 3541 2144 ὥσπερ
3579 2077 3698 2146 ὲπη-

2135 2151 2326 2205 κούετο
2365 2151 2501 2223 (70),
2537 2154 2690 2207 οὐδὲν
2716 2148 2790 2208 ὧν
2827 2158 3187 2227 ἐπηγγέλλετο
3215 2162 3584 2226 ἐπεδείκνυτο,
3617 2166 3695 2218 καὶ

2135 2244 2320 2316 ἐπειδὴ
2334 2247 2496 2316 ἡμεῖς
2515 2246 2829 2315 ὲλέγξαντες
2840 2249 3018 2314 αὐτὸν,
3039 2253 3133 2306 καὶ
3154 2256 3519 2323 καταγνόντες
3534 2255 3671 2325 ἡξιοῢ
3692 2291 3698 2298 -

2139 2353 2237 2405 μεν
2277 2336 2618 2401 κολάζεσθαι,
2648 2341 3019 2411 κρυπτόμενος
3057 2343 3176 2413 μὲν,
3208 2347 3308 2399 καὶ
3332 2347 3693 2418 διαδιδράσκων

2136 2427 2604 2480 ὲπονειδιστότατα
2629 2429 2797 2483 ἑάλω·
2829 2432 2919 2484 ὑπ’
2944 2433 3119 2486 αὐτῶν
3142 2435 3199 2488 δὲ
3225 2429 3309 2490 ὧν
3335 2437 3575 2508 ὠνόμαζε
3605 2457 3695 2509 μα·-

2137 2518 2312 2590 θητῶν
2333 2519 2632 2590 προὺδόθη;
2655 2521 2846 2575 Καίτοι
2865 2523 3014 2588 Θεὸν,
3042 2526 3225 2594 φησὶν,
3292 2527 3423 2583 ὄντα
3445 2527 3560 2582 οὔτε
3583 2529 3693 2598 φεύ-

2135 2625 2251 2678 γειν
2291 2610 2436 2680 ὲνῆν,
2472 2608 2594 2664 οὔτε
2629 2611 2848 2667 δεθέντα
2887 2615 3228 2685 ἀπάγεσθαιο
3261 2620 3470 2690 ἣκιστα
3509 2621 3563 2673 δὲ
3602 2621 3692 2675 ὑπὸ

2135 2699 2242 2753 τῶν
2273 2701 2539 2753 συνόντων
2573 2702 2741 2772 αὐτῷ,
2785 2706 2881 2757 καὶ
2919 2708 3120 2772 παντὸς
3169 2710 3277 2782 ἰδίᾳ
3326 2711 3692 2782 κεκοινωνηκό-

2133 2807 2261 2857 των,
2291 2792 2388 2845 καὶ
2417 2793 2722 2866 διδασκάλῳ
2753 2799 3067 2868 χρωμένων,
3102 2801 3196 2855 καὶ
3230 2804 3464 2876 Σωτῆρα
3499 2803 3689 2874 νομιζό-

2139 2898 2295 2951 μενον
2327 2883 2462 2953 (71),
2497 2886 2590 2938 κα)⁸
2617 2886 2750 2940 Θεοῦ
2784 2889 2879 2942 τοῦ
2911 2891 3166 2961 μεγίστου
3202 2898 3400 2959 παῖδα,
3439 2897 3524 2949 καὶ
3554 2895 3692 2962 ἄγγε-

2134 2972 2244 3038 λον,
2272 2977 2762 3043 ὲγκαταλείπεσθαί
2783 2999 2842 3035 τε
2860 2986 2955 3038 καὶ
2976 2985 3297 3042 ἐκδίδοσθαι.
3341 3009 3358 3041 ι
3385 2990 3522 3060 Πρὸς
3541 2987 3692 3040 ταῦτα

2133 3063 2189 3115 δὲ
2227 3067 2489 3135 φήσομεν,
2537 3069 2619 3122 ὅτι
2662 3071 2770 3124 οὐδ’
2812 3075 2974 3144 ἡμεῖς
3012 3077 3471 3151 ὑπολαμϐάνομεν
3511 3079 3568 3131 τὸ
3597 3076 3692 3146 βλε-

472 3153 659 3208 timari
684 3167 880 3221 corpus
899 3151 1030 3204 illud
1058 3150 1185 3204 Jesu
1210 3152 1352 3220 quod
1373 3152 1470 3204 sub
1499 3157 1770 3241 aspectum
1801 3148 2035 3200 cadebat

2139 3153 2371 3223 πόμενον
2413 3156 2533 3210 τότε
2569 3161 2664 3213 καὶ
2701 3163 2958 3235 αἰσθητὸν
2995 3166 3089 3219 τοῦ
3140 3169 3323 3239 Ἰησοῦ
3363 3171 3531 3241 σῶμα,
3571 3165 3692 3221 εἶναι

473 3253 526 3297 et
559 3242 858 3310 subjectum
885 3240 1134 3295 sensibus
1157 3249 1274 3293 erat
1293 3239 1477 3309 393.
1499 3238 1640 3333 Quid
1664 3230 1782 3293 dico
1811 3237 2034 3308 corpus?

2139 3243 2288 3300 Θεόν.
2310 3248 2440 3333 ,Καὶ
2470 3250 2522 3302 τί
2547 3250 2689 3320 λέγω
2729 3255 2789 3307 τὸ
2823 3230 3012 3326 σιῖιμα;
3063 3230 3211 3312 Ἀλλ’·
3238 3262 3367 3315 οὐδὲ
3393 3230 3485 3333 την
3514 3230 3688 3330 ψυχὴν,

483 3329 616 3382 Idne
647 3330 713 3385 de
745 3335 924 3388 anima
953 3333 1167 3402 quidem
1193 3352 1222 3390 a
1254 3337 1411 3392 nobis
1441 3312 1695 3407 erediiur,
1731 3345 1798 3398 de
1827 3360 1931 3414 qua
1959 3347 2040 3402 di-

482 3425 631 3471 ctum
660 3427 742 3474 est
771 3437 784 3472 :
819 3441 837 3472 ι
873 3421 1061 3476 Tristis
1103 3433 1185 3478 est
1215 3425 1392 3480 anima
1436 3443 1554 3483 mea
1601 3446 1769 3500 usque
1797 3434 1864 3488 ad
1891 3451 2039 3490 mor-

431 3507 436 3511 ’
483 3515 592 3560 tem
619 3508 675 3561 '?
710 3527 728 3560 ι
766 3509 872 3564 Sed
909 3513 1358 3580 quemadmodum
1389 3517 1482 3586 qui
1519 3518 1689 3574 dicit:
1728 3540 1746 3573 ι
1782 3524 1892 3594 Ego
1933 3523 2038 3580 Do-

480 3595 662 3652 minus
701 3598 843 3654 Deus
883 3601 1058 3656 omnis
1098 3603 1277 3658 carnis
1303 3605 1352 3671 ³;
1393 3625 1412 3658 ι
1447 3617 1543 3663 et:
1588 3626 1607 3660 ι
1641 3611 1781 3667 Ante
1811 3629 1896 3668 me
1928 3631 2037 3669 non

482 3695 565 3739 est
592 3687 852 3744 formatus
875 3691 1044 3756 Deus,
1069 3702 1123 3747 et
1151 3704 1273 3764 post
1294 3712 1379 3750 me
1408 3714 1516 3753 non
1545 3701 1646 3754 erit
1669 3700 1708 3765 ⁸,
1747 3721 1766 3753 ι
1801 3705 2039 3760 creditur

476 3773 639 3827 etiam
669 3792 700 3829 a
727 3777 925 3833 Judaﬁs
953 3781 1096 3836 Deus
1126 3799 1245 3838 esse
1270 3787 1359 3853 qui
1386 3789 1561 3844 anima
1588 3801 1640 3846 et
1668 3809 1891 3862 corpore
1915 3812 2038 3864 pro-

469 3863 648 3931 phetae
691 3874 940 3934 tanquam
975 3870 1335 3928 instrumento
1373 3879 1556 3943 utitur,
1587 3863 2038 3950 quemadmodum

470 3951 630 4005 etiam
657 3953 844 4019 Graeci,
877 3960 966 4027 qui
999 3961 1113 4015 hzec
1142 3963 1209 4018 de
1234 3980 1293 4018 se
1324 3968 1578 4032 prazdicat
1603 3988 1615 4022 :

535 4044 794 4119 quuon’s
821 4058 870 4103 et
897 4049 1128 4118 spatium
1149 4060 1196 4104 et
1227 4065 1470 4104 numerus
1491 4048 1619 4102 mihi
1646 4057 1798 4102 notus
1819 4064 2026 4103 arente:

533 4181 711 4236 Culleo
735 4183 872 4236 muti
902 4182 1158 4248 animum,
1193 4188 1242 4235 et
1266 4180 1428 4250 [antis
1459 4178 1594 4233 nihil
1621 4179 1781 4232 audio
1804 4179 2025 4243 vacem”,

462 4287 584 4328 eum
618 4271 865 4342 iudicant
912 4271 1078 4326 Deum
1121 4287 1244 4327 esse
1285 4285 1420 4327 voce
1461 4269 1669 4341 Pythia:
1713 4278 1768 4323 et
1806 4269 2028 4323 auribus

460 4373 739 4417 utentem:
778 4363 860 4418 sic
885 4377 952 4417 ex
979 4363 1136 4417 nobis
1170 4363 1403 4417 Verbum
1440 4362 1582 4416 Deus
1607 4371 1659 4417 et
1687 4361 1777 4416 Dei
1811 4362 2028 4414 univer-

463 4467 646 4508 sorum
678 4453 850 4509 Filius
873 4453 1010 4508 dixit
1039 4455 1090 4507 in
1117 4451 1246 4508 Jesu
1282 4467 1339 4506 τι
1376 4453 1487 4524 Ego
1520 4469 1638 4510 sum
1665 4454 1769 4516 via,
1803 4445 2023 4517 veritas,

2141 3337 2266 3405 περὶ
2299 3331 2368 3408 ἧς
2391 3339 2638 3396 λέλεκται
2671 3345 2733 3398 τό
2753 3362 2766 3375 ο
2809 3365 2826 3398 ι
2858 3349 3159 3420 Περίλυπός
3194 3353 3346 3406 ἐστιν
3377 3355 3408 3424 ἡ
3439 3331 3572 3422 ᾦυχή
3604 3366 3690 3421 μου

2137 3427 2241 3491 ἕως
2271 3429 2518 3486 θανάτου.
2557 3452 2575 3486 ι
2622 3437 2759 3488 Ἀλλ’
2798 3438 2984 3511 ὥσπερ
3012 3442 3152 3495 κατὰ
3189 3444 3287 3513 μὲν
3313 3445 3412 3497 τὸν
3446 3444 3548 3496 τῶν
3588 3442 3691 3493 Ἰου-

2136 3515 2302 3571 δαίων
2337 3519 2491 3590 λόγον
2523 3525 2552 3576 6
2582 3524 2774 3593 λέγων,
2820 3546 2839 3578 ‹
2897 3529 3036 3597 Ἐγὼ
3073 3530 3278 3602 Κύριος
3317 3535 3352 3587 ὁ
3380 3533 3506 3596 Θεὸς
3532 3530 3690 3600 πάσης

2138 3609 2366 3678 σαρκός*
2396 3630 2414 3662 ι
2445 3613 2539 3666 καὶ
2564 3615 2625 3668 τὸ
2649 3635 2668 3667 ‹
2701 3618 3047 3690 Ἐμπροσθέν
3080 3612 3178 3692 μου
3199 3623 3297 3676 οὐκ
3317 3625 3530 3694 ἐγένετο
3553 3621 3688 3682 ἄλλος

2136 3695 2286 3759 Θεὸς,
2329 3700 2422 3752 καὶ
2461 3703 2576 3772 μετ’
2621 3707 2721 3775 ἐμὲ
2766 3710 2865 3760 οὐκ
2899 3709 3071 3776 ἔσται,
3113 3731 3130 3763 ι
3168 3715 3196 3766 6
3225 3714 3366 3778 Θεὸς
3405 3711 3533 3766 εἶναι
3571 3710 3686 3782 (72),

2133 3787 2508 3856 πεπίστευται,
2555 3794 2771 3868 ὀργάνῳ
2817 3801 2880 3869 τῇ
2924 3799 3067 3871 ψυχῇ
3109 3802 3201 3854 καὶ
3248 3802 3325 3872 τῷ
3363 3804 3560 3872 σώματι
3601 3797 3684 3850 τοῦ

2133 3880 2412 3949 προφήτου
2437 3881 2742 3954 χρώμενος·
2774 3889 2913 3942 κατὰ
2943 3891 3000 3943 δὲ
3027 3891 3289 3956 ’Έλληνας
3315 3897 3348 3948 6
3376 3893 3557 3961 λέγων·

2225 4049 2368 4108 Οἶδα
2404 4058 2454 4110 δ’
2493 4057 2606 4127 ἐγὼ
2637 4060 2883 4130 ψάμμου
2919 4063 2968 4115 τ’
3000 4064 3245 4133 ἀρθμὸν,
3281 4067 3384 4149 καί
3403 4064 3575 4149 μέτρα
3595 4065 3681 4115 θα-

2203 4193 2315 4246 Καὶ
2330 4195 2529 4262 κωφοῦ
2545 4196 2806 4266 ξυνίημι,
2828 4200 2920 4253 καὶ
2940 4204 3011 4256 οὐ
3026 4137 3676 4276 λαλέοντοὲιῖῗῶοαῗιῗύωο

2134 4282 2254 4347 θεὸς
2286 4287 2615 4357 νενόμισται,
2643 4288 2731 4342 διὰ
2755 4291 2853 4361 τῆς
2881 4292 3085 4356 Πυθίας
3117 4295 3292 4363 λέγων
3322 4297 3414 4352 καὶ
3441 4293 3678 4362 ἀκουόμε-

2135 4392 2224 4438 νος
2240 4393 2252 4406 ·
2283 4377 2425 4431 οὕτω
2453 4379 2574 4433 καθ’
2595 4383 2744 4450 ἡμᾶς
2765 4384 2792 4434 ὁ
2812 4383 2980 4452 Λόγος
3000 4385 3131 4450 Θεὸς
3155 4389 3249 4441 καὶ
3278 4389 3410 4443 Θεοῦ
3438 4387 3536 4441 τῶν
3559 4384 3678 4436 ὅλων

2134 4465 2280 4530 Υἱὸς,
2318 4467 2500 4538 ἔλεγεν
2545 4471 2602 4523 ὲν
2635 4471 2711 4542 τῷ
2753 4473 2925 4543 Ἰησοῦ
2967 4475 3047 4527 τόο
3101 4496 3119 4528 ι
3180 4478 3321 4547 Ἐγώ
3365 4481 3475 4549 είμι
3511 4477 3541 4546 ἠ
3576 4470 3678 4533 ὁδὸς

528 4616 549 4647 ³
571 4614 757 4668 Matth.
783 4628 933 4680 χχιιι,
955 4614 1043 4669 58.
1123 4612 1360 4670 ’Jerem.
1391 4616 1642 4681 xxn,'-27.
1719 4617 1856 4672 ‘Isa.
1890 4635 2046 4687 xuu,
2076 4625 2162 4678 I0.
2238 4625 2259 4656 ⁵
2280 4626 2559 4695 Ilerodot.,
2596 4627 2690 4684 lib.
2717 4645 2757 4686 ι.

519 4729 649 4836 167).
671 4749 838 4833 C'odd.
866 4749 1021 4839 Περὶ
1041 4757 1096 4802 et
1133 4748 1460 4839 Halsileen’sis
1479 4791 1503 4830 ,-
1598 4753 1748 4839 παρὰ
1769 4756 2037 4839 ριδστια-

2146 4761 2234 4839 _58,
2260 4772 2316 4817 et
2336 4778 2456 4839 xvr,
2477 4765 2542 4830 4;
2571 4763 2884 4839 Luc._xxm,
2919 4768 3015 4835 II;
3049 4768 3212 4826 Joan.
3233 4787 3294 4839 ιι,
3325 4774 3408 4836 I8,
3433 4780 3483 4826 et
3506 4784 3571 4832 v1,
3593 4764 3672 4818 50-

461 4819 570 4894 νοῖς
599 4817 907 4894 εὑρίσκεται
925 4836 937 4849 ·
955 4817 1112 4894 λέγει
1129 4819 1171 4870 δ’
1196 4821 1224 4871 6
1252 4820 1401 4890 παρὰ
1437 4820 1515 4890 τῷ
1538 4817 1728 4891 Κέλσῳ
1769 4817 2038 4894 Ἰουδαῖος,

461 4888 647 4953 sicque
683 4888 933 4940 nonnulla
965 4889 1168 4941 omissa
1206 4888 1350 4941 sunt.

532 4957 644 5024 (68)
675 4957 744 5008 El
777 4957 979 5008 πιστοί
1015 4956 1202 5024 ἐσμεν
1239 4958 1538 5026 λέγοντες.
1600 4959 1937 5018 Ilmsclielius
1986 4975 2041 5019 et

463 5023 772 5100 ﬁpencerus
802 5027 854 5078 in
888 5023 1165 5100 margine,
1218 5029 1284 5100 οἱΔ
1316 5023 1507 5082 πιστοί
1549 5031 1716 5100 ἐσμεν
1766 5032 2035 5100 λέγοντες.

462 5094 743 5172 β’(ιιιει-θιιο
771 5095 1138 5172 _scribendum
1200 5097 1430 5172 videtur,
1480 5101 1528 5151 εἰ
1574 5094 1754 5172 πίστοί
1786 5094 1952 5172 ἐσμεν
1984 5094 2034 5157 οἱ

457 5163 1086 5242 λέγοντες,ᾼὲωράκαμεν
1131 5166 1222 5216 καὶ
1264 5168 1441 5242 ἡμεῖς,
1500 5171 1725 5226 subaudi
1788 5163 2030 5242 μείζονα.

460 5234 697 5355 negtio“.
727 5231 1167 5313 9rig’euesdoau.
1200 5231 1314 5318 κιιξζ
1349 5239 1434 5290 12.

527 5317 537 5355 t
584 5304 636 5355 9i
674 5307 748 5355 Tn
785 5305 1009 5355 πατοίω
1039 5306 1346 5355 Bonam-2m.
1381 5308 1434 5355 Al

527 5302 636 5374 (69)
674 5302 752 5370 Τῇ
785 5305 1009 5371 πατρίῳ
1039 5305 1346 5374 θρησκείᾳ.
1381 5307 1592 5361 Absuut
1648 5308 1752 5366 ista
1791 5325 1822 5365 a
1863 5313 2022 5368 codd.

455 5372 624 5440 Regio
657 5383 712 5426 et
738 5374 1052 5430 Basileensi.

530 5441 642 5512 (70)
673 5443 895 5518 Ὥσπερ
911 5443 1339 5518 ἐπιηκούετοιιιι
1362 5455 1466 5511 est,
1495 5447 1665 5517 inquit
1694 5451 2031 5518 Boherellus,

464 5514 888 5584 [prout‘vulgo
939 5527 1103 5584 etiam
1149 5516 1490 5584 audiebatur,
1545 5514 1624 5573 vel
1671 5521 1961 5574 ferebatur.
2009 5514 2027 5574 ἰ

455 5580 650 5637 Melius
682 5580 1179 5653 ίοιιόὺπηκσύετο.
1211 5585 1449 5648 Respicit
1475 5580 1661 5646 Celsus
1686 5590 1878 5646 Μιιίιιι.
1909 5607 2032 5659 χιιι,

2148 4833 2278 4886 Item
2308 4849 2404 4896 vn,
2431 4834 2484 4896 4,
2511 4845 2563 4886 et
2585 4835 2788 4890 similes
2812 4837 2975 4891 locos.

2217 4902 2771 4978 l7l)_Noyc_(‘,’c_2’ysror.
2800 4906 3033 4978 Mallem,
3057 4909 3229 4978 inquit
3251 4909 3569 4972 Boherellus,
3595 4919 3674 4956 νο·

2151 4972 2558 5051 μιςρεένιρνιίιὲ
2583 4972 3028 5051 θεινομιςτὲντωγὶ
3066 5048 3099 5051 __
3131 4972 3145 4978 “
3285 5050 3296 5051 ί
3625 5040 3634 5051 .

2218 4991 2277 5034 go
2327 4991 2477 5030 ενων.
2508 4991 2558 5025 lu
2583 4991 2666 5026 BSI.
2684 4991 3028 5044 νομιςοντων.

2218 4991 2329 5120 (7;)
2376 5041 2600 5120 '0_§edq
2623 5039 2794 5120 εἶναι.
2832 5045 3169 5120 Ηοεεοιιειίιιε
3189 5059 3242 5102 et
3277 5050 3569 5120 Spencerus
3623 5040 3671 5092 in

2149 5107 2414 5188 margine,
2439 5107 2758 5188 ὅθενεῑναι,
2807 5130 2967 5182 quam
3009 5117 3258 5188 vitiosam
3288 5107 3554 5188 lectionem
3583 5124 3669 5188 cx-

2145 5180 2335 5234 hibent
2359 5198 2547 5237 omnes
2580 5185 2740 5236 codd.
2761 5180 2916 5246 mss.,
2945 5197 3179 5254 excepto
3207 5187 3416 5243 Joliano
3445 5183 3504 5236 ad
3531 5180 3668 5254 09195

2142 5265 2299 5335 o'ram
2345 5260 2553 5306 attexta
2586 5263 2686 5316 est,
2739 5244 2982 5322 apposita
3017 5244 3260 5312 in'textu
3298 5259 3461 5312 altera
3495 5254 3522 5304 ό
3554 5244 3670 5305 Θεὸς

2139 5336 2296 5373 ειναι.
2474 5391 2479 5392 ν
2505 5389 2515 5392 _
2749 5391 2754 5392 ί
3511 5388 3540 5392 __
3621 5380 3632 5392 ,

2210 5392 2323 5460 (75)
2358 5389 2708 5458 Λαλέοντος.
2739 5391 2828 5447 Sic
2846 5407 3033 5448 omnes
3055 5409 3182 5450 mss.
3213 5404 3266 5450 et
3293 5388 3667 5460 HmscheliuSiq

2138 5446 2286 5535 texite
2306 5446 2328 5526 ’;
2378 5462 2444 5514 ad
2474 5446 2769 5535 marginem
2800 5446 2929 5535 vero
2957 5446 3491 5535 réjéé'ifkpbv‘e’ditoc,
3541 5446 3667 5523 quod

2141 5530 2450 5597 Speucerus
2487 5530 2658 5585 textui
2700 5547 2797 5588 suo
2822 5532 3069 5588 inseruit.

3925 3403 3935 3440 ί
