3998 6170
431 223 543 280 8'09

1630 219 1908 275 CONTRA
1941 221 2217 276 CELSUM
2257 221 2383 275 LIB.
2423 219 2485 274 ll.

3579 221 3684 275 8lu

435 344 534 397 καὶ
567 343 600 414 ή
641 324 866 413 ἀλήθεια
900 343 993 396 καὶ
1026 343 1059 414 ἡ
1093 342 1205 413 ζωή
1229 360 1242 375 ·
1282 360 1301 393 3
1341 342 1430 394 καὶ
1467 343 1547 406 τό,
1595 361 1612 392 ι
1659 342 1799 411 Ἐγώ
1831 344 1946 413 εἰμι
1977 346 2009 414 ἡ

2118 351 2165 398 et
2192 344 2304 398 vita
2330 345 2383 410 ⁸;
2413 362 2430 421 3
2461 351 2514 394 et
2543 339 2728 395 istud:
2766 356 2784 390 ι
2817 337 2929 408 Ego
2958 351 3075 391 sum
3107 339 3306 391 ostium
3339 339 3360 368 "
3391 357 3410 390 3
3445 354 3458 402 ;
3493 348 3549 392 et
3583 341 3686 395 hoc

438 431 608 504 θύρα·
652 450 670 481 3
704 432 796 483 καὶ
829 431 910 496 τό,
944 450 962 481 ι
1006 429 1145 499 Ἐγὼ
1177 433 1290 501 εἰμι
1319 431 1346 480 6
1373 430 1536 501 ἄρτος
1561 433 1587 484 6
1621 431 1748 496 ζῶν,
1779 432 1807 483 ὁ
1831 435 1895 485 ὲκ
1918 432 2011 484 τοῦ

435 521 660 593 οὐρανοῦ
689 521 931 585 καταϐάς
954 538 966 550 ·
1003 541 1021 572 3
1048 523 1140 574 καί
1167 521 1290 573 εἴτι
1321 521 1446 575 ἄλλο
1474 520 1684 584 τούτοις
1717 523 2013 595 παραπλή-

437 631 570 668 σιον.
615 613 984 684 Ἑγκαλοῦμεν
1007 610 1099 667 οὖν
1140 613 1408 676 Ἰουδαίοις
1438 613 1625 665 τοῦτον
1655 613 1728 685 μὴ
1762 616 2012 686 νομίσασι

434 706 586 770 Θεὸν,
617 704 720 758 ὑπὸ
749 705 855 758 τῶν
890 704 1184 776 προφητῶν
1213 703 1478 774 πολλαχοῦ
1515 708 2012 777 μεμαρτυρημένον

432 798 508 861 ὡς
557 797 798 868 μεγάλην
840 797 966 850 ὄντα
1006 796 1253 866 δύναμιν,
1297 797 1390 850 καὶ
1433 797 1566 850 Θεὸν
1607 798 1744 851 κατὰ
1782 799 1872 851 τὸν
1905 798 2012 851 τῶν

433 890 569 942 ὅλων
604 889 735 941 Θεὸν
758 889 851 942 καὶ
877 889 1095 959 Πατέρα
1123 886 1256 956 (74).
1282 887 1468 958 Τούτῳ
1499 889 1607 960 γάρ
1649 907 1828 960 φαμεν
1862 892 1918 942 ὲν
1944 893 2009 960 τῇ

439 980 577 1033 κατὰ
607 980 843 1034 Μωῦσέα
876 980 1196 1049 κοσμοποιία
1224 979 1623 1049 προστάττοντα
1658 981 1747 1034 τὸν
1797 981 2014 1052 Πατέρα

437 1070 714 1140 εἰρηκέναι
732 1072 813 1133 τὸ,
847 1089 865 1119 ‹
893 1069 1178 1139 Γενηθήτω
1200 1070 1314 1138 φῶς
1334 1111 1347 1135 ,
1364 1090 1380 1120 3
1403 1072 1513 1134 καὶ,
1539 1090 1556 1121 ‹
1588 1072 1874 1142 Γενηθήτω
1896 1090 2014 1124 στε-

439 1164 647 1235 ρέωμα,
693 1182 710 1213 3
748 1162 842 1214 καὶ
875 1161 943 1214 τὰ
973 1161 1154 1224 λοιπὰ,
1184 1161 1283 1214 ὃσα
1315 1162 1642 1230 προσέταξεν
1687 1165 1716 1216 6
1756 1163 1887 1225 Θεὸς
1920 1180 2013 1230 γε-

437 1255 617 1308 νέσθαι
637 1272 649 1285 ⁸
687 1256 779 1308 καὶ
797 1254 972 1325 τούτῳ
995 1253 1275 1325 εἰρηκέναι
1303 1255 1382 1314 τὸ,
1413 1272 1430 1303 ι
1455 1255 1774 1324 Ποιήσωμεν
1803 1254 2012 1326 ἅνθρω-

436 1365 538 1400 πον
571 1351 688 1400 κατ’
724 1350 908 1401 εἰκόνα
942 1348 1036 1401 καὶ
1080 1348 1337 1417 ὁμοίωσιν
1378 1346 1673 1417 ἡμετέραν·
1716 1364 1734 1396 3
1781 1363 2016 1415 προστα-

389 1489 394 1492 ,
437 1441 633 1513 χθέντα
659 1441 714 1494 δὲ
748 1441 836 1493 τὸν
878 1441 1048 1508 Λόγον
1085 1439 1196 1510 (75)
1234 1438 1591 1509 πεποιηκέναι
1630 1436 1805 1489 πάντα
1839 1437 1937 1488 ὅσα
1989 1439 2016 1490 ὀ

438 1532 626 1602 Πατὴρ
676 1531 822 1600 αὐτῷ
877 1531 1197 1584 ἐνετείλατο.
1250 1529 1362 1582 Καὶ
1407 1528 1578 1582 ταῦτα
1620 1527 1867 1598 λέγομεν,
1917 1531 2017 1582 ούκ

439 1624 593 1676 αὐτοὶ
633 1623 1010 1685 ἐπιϐάλλοντες
1047 1621 1178 1692 (76),
1216 1621 1350 1675 ἀλλὰ
1397 1625 1516 1685 ταῖς
1547 1621 1695 1692 παρὰ
1751 1622 2017 1686 Ἰουδαίοις

2115 434 2307 488 aliud:
2359 451 2376 483 ι
2411 431 2523 500 Ego
2554 445 2671 484 sum
2724 429 2878 498 panis
2934 428 3090 480 vivus
3147 427 3238 494 qui
3287 428 3354 479 de
3402 426 3540 479 caelo
3588 428 3685 480 de-

2113 524 2297 578 scendi
2330 524 2351 554 ⁸
2376 540 2389 587 ;
2415 543 2433 574 3
2473 531 2526 576 et
2553 522 2598 576 si
2624 521 2750 589 quid
2777 519 2921 573 aliud
2955 519 3042 573 his
3066 518 3262 571 simile.
3293 515 3493 570 Damus
3524 517 3689 586 igitur

2113 614 2313 670 Jndmis
2344 615 2591 677 crimini,
2648 603 3028 682 quod’Jesum
3083 626 3188 664 non
3245 608 3686 662 existirnaverint

2117 707 2284 760 Deum
2314 722 2457 767 esse,
2491 704 2742 774 quamvis
2787 705 3068 771 propheta:
3113 702 3264 754 illum
3309 715 3558 769 magnam
3594 715 3684 764 νος

2117 799 2409 851 tentiamet
2429 798 2668 850 secundo
2695 805 2816 865 post
2839 810 3016 848 rerum
3048 793 3287 846 omnium
3312 797 3475 846 Deum
3506 802 3559 845 et
3589 792 3688 844 Pa-

2114 893 2253 939 trem
2289 887 2405 940 loco
2443 883 2607 938 Deum
2659 885 3084 938 esse'testilicati
3133 881 3353 937 iuerint.
3381 885 3687 936 Asserimns

2115 977 2259 1031 cnim
2289 976 2504 1029 Patrem
2563 976 2614 1028 in
2673 975 2948 1028 creatione
2993 991 3022 1027 a
3067 975 3247 1043 Moyse
3286 975 3556 1038 descripta
3599 976 3686 1042 ju-

2117 1067 2290 1120 bendu
2341 1065 2414 1118 illi
2479 1064 2679 1118 dixisse
2717 1082 2729 1117 :
2771 1081 2790 1113 ι
2825 1063 2942 1117 Fiat
2982 1063 3110 1125 lux,
3155 1082 3172 1115 3
3209 1074 3263 1118 et
3303 1081 3315 1116 :
3356 1082 3374 1114 ‹
3424 1063 3546 1117 Fiat
3594 1067 3686 1118 lir-

2116 1165 2445 1210 mamentnm
2481 1156 2524 1218 9,
2552 1175 2568 1207 3
2592 1165 2642 1208 et
2666 1171 3000 1224 qumcunque
3019 1155 3158 1207 Deus
3182 1155 3287 1208 alia
3314 1155 3426 1209 ﬁeri
3454 1157 3689 1225 impera-

2127 1249 2242 1313 vit;
2302 1249 2478 1302 eidem
2527 1247 2600 1300 illi
2664 1248 2911 1300 dixisse:
2993 1265 3011 1297 ε
3048 1247 3336 1302 Faciamus
3411 1251 3684 1305 hominem

2118 1341 2185 1394 ad
2207 1340 2493 1407 imaginem
2520 1348 2574 1394 et
2598 1339 3004 1393 similitudinem
3031 1349 3267 1392 nostram
3295 1341 3360 1407 ¹⁰;
3397 1359 3414 1390 3
3450 1340 3684 1396 Verbum

2119 1443 2296 1486 autem
2322 1473 2337 1498 ,
2369 1443 2426 1485 ut
2448 1432 2658 1500 jussum
2696 1431 2768 1484 illi
2805 1431 3000 1494 fuerat,
3045 1432 3239 1485 l'ecisse
3270 1437 3450 1487 omnia
3477 1452 3594 1504 qua:
3626 1438 3688 1488 il-

2119 1523 2228 1577 lum
2270 1522 2430 1576 Pater
2478 1525 2656 1576 facere
2693 1523 2880 1590 jussit.
2927 1523 3101 1592 Atque
3147 1524 3262 1577 [nec
3302 1525 3532 1581 dicimus
3578 1543 3681 1582 non

2118 1613 2272 1683 quasi
2308 1614 2622 1681 conjectura
2669 1613 2815 1666 ducti
2846 1630 2860 1677 ;
2894 1616 2986 1667 sed
3024 1613 3267 1681 ipsismct
3298 1617 3682 1684 prophetarum

439 1715 765 1785 φερομέναις
797 1691 1153 1783 προφητείαις
1186 1713 1551 1777 πιστεύοντες,
1595 1691 1651 1768 ὲν
1681 1709 1768 1778 αἷς
1800 1714 2010 1783 λέγεται

2121 1705 2447 1759 testimoniis
2475 1705 2638 1760 etiam
2665 1706 2803 1773 apud
2847 1705 3063 1759 Iudaeos
3091 1709 3326 1776 receptis
3356 1709 3604 1777 nitimur,
3630 1714 3684 1767 in

439 1807 566 1877 περὶ
597 1804 754 1870 Θεοῦ,
799 1805 894 1858 καί
923 1804 1030 1857 τῶν
1078 1804 1574 1876 δημιουργημὰτων
1601 1807 1794 1870 αὐταῖς
1837 1806 2011 1875 λέξεσι

436 1896 504 1949 τὰ
531 1895 702 1960 οὔτως
730 1896 923 1966 ἔχοντα
948 1913 960 1925 ·
999 1896 1082 1948 ὅτι
1117 1915 1134 1946 ι
1167 1896 1336 1959 Αὐτὸς
1362 1891 1504 1960 εἷπε,
1534 1897 1626 1949 καί
1649 1897 2007 1968 ἐγενήθησαν·

438 1989 598 2051 αὐτὸς
625 1989 943 2052 ἐνετείλατο,
981 1988 1074 2040 καὶ
1106 1987 1451 2059 ἐκτίσθησαν.
1493 2008 1510 2040 3
1559 1991 1622 2042 Εἰ
1657 1989 1765 2060 γὰρ
1813 1990 2012 2042 ἐνετεί-

437 2081 566 2134 λατο
599 2083 627 2132 6
653 2081 803 2146 Θεὸς,
836 2081 926 2133 καὶ
960 2080 1178 2151 ἐκτίσθη
1208 2080 1277 2133 τὰ
1308 2082 1770 2152 δημιουργήματα
1789 2099 1801 2111 ·
1839 2083 1922 2144 τίς
1949 2081 2013 2136 ἂν

439 2171 576 2225 κατὰ
604 2172 662 2225 τὸ
692 2173 920 2243 ἀρέσκον
948 2171 1024 2242 τῷ
1053 2172 1374 2243 προφητικῷ
1415 2172 1687 2242 πνεύματι
1731 2171 1816 2242 εἰή
1855 2174 1883 2224 6
1916 2173 2014 2243 τὴν

437 2267 767 2336 τηλικαύτην
783 2263 873 2318 τοῦ
898 2267 1106 2336 Πατρὸς
1129 2265 1346 2336 ἐντολὴν
1369 2266 1724 2336 ἐκπληρῶσαι
1744 2265 2012 2337 δυνηθεὶς,

438 2357 471 2428 ἦ
504 2361 531 2412 6
557 2360 644 2429 (ἵν’
669 2359 840 2421 οὕτως
868 2357 1161 2427 ὀνομάσω),
1185 2357 1424 2428 ἔμψυχος
1460 2359 1629 2426 Λόγος
1663 2358 1758 2411 καὶ
1790 2359 2015 2429 ἀλήθεια

437 2449 754 2518 τυγχάνων;
805 2449 926 2500 Ὅτι
971 2450 1027 2500 δὲ
1073 2451 1164 2500 τὸν
1209 2449 1267 2501 ὲν
1311 2447 1387 2516 τῷ
1443 2448 1614 2517 Ἰησοῦ
1659 2449 1885 2515 λέγοντα
1933 2451 2012 2511 τὸ,

445 2559 465 2590 ι
513 2539 652 2606 Ἐγὼ
683 2542 797 2608 εἰμι
830 2540 862 2608 ὴ
891 2539 1006 2600 ὁδὸς
1040 2540 1132 2591 καὶ
1165 2541 1198 2609 ἡ
1234 2539 1457 2609 ἀλήθεια
1486 2541 1579 2592 καὶ
1605 2543 1638 2610 ὴ
1674 2540 1809 2610 ζωὴ,
1849 2561 1864 2590 3
1895 2540 2014 2592 οὐδὲ

439 2629 511 2682 τὰ
537 2629 846 2698 Εὑαγγέλια
878 2627 984 2683 οἶδε
1017 2630 1528 2702 περιγεγραμμένον
1560 2632 1680 2684 τινὰ
1717 2633 2012 2700 γεγονέναι,

441 2719 518 2783 ὡς
542 2720 774 2791 οὐδαμοῦ
807 2720 908 2785 ἔξω
934 2723 1030 2793 τῆς
1052 2721 1227 2792 ψυχῆς
1258 2722 1352 2774 καί
1381 2722 1474 2774 τοῦ
1507 2721 1753 2793 σώματος
1781 2724 1872 2776 τοῦ
1913 2726 2015 2795 Ἰη-

443 2811 535 2864 σοῦ
574 2813 936 2882 τυγχάνοντα’
977 2813 1133 2883 δῆλον
1166 2814 1262 2883 μὲν
1297 2814 1391 2866 καί
1425 2814 1530 2866 ἀπὸ
1563 2814 1793 2879 πολλῶν,
1823 2817 1916 2869 καὶ
1957 2816 2013 2883 ἐξ

439 2902 635 2971 ὀλίγων
655 2903 733 2969 δὲ,
751 2897 825 2955 ὧν
853 2904 1302 2975 παραθησόμεθα,
1327 2903 1499 2966 οὔτως
1531 2904 1783 2974 ἐχόντων.
1831 2907 1886 2959 Ὀ
1920 2907 2015 2976 βα-

411 2993 668 3063 ’πτιστὴς
727 2995 976 3065 Ἰωάννης
1010 2995 1538 3074 προφητεύῳνδσον
1572 2997 1781 3049 οὐδέπω
1825 2998 2012 3067 ἐνστή-

439 3084 625 3137 σεσθαι
651 3085 740 3138 τὸν
772 3085 898 3139 Υἰὸν
929 3085 1024 3138 τοῦ
1053 3086 1208 3150 Θεοῦ,
1243 3089 1343 3140 οὐκ
1371 3090 1428 3140 ὲν
1457 3089 1650 3158 ἐκείνῳ
1683 3087 1758 3158 τῷ
1799 3088 2011 3159 σώματι

438 3176 534 3228 καὶ
565 3179 630 3247 τῇ
657 3177 799 3247 ψυχῇ
832 3178 1185 3248 τυγχάνοντα,
1219 3179 1353 3232 ἀλλὰ
1382 3181 1488 3250 γὰρ
1512 3181 1778 3250 φθάνοντα
1810 3199 2014 3235 παντα-

442 3262 558 3332 χοῦ,
584 3263 728 3331 λέγει
760 3267 888 3336 περὶ
916 3265 1110 3318 αὑτοῦ·
1136 3285 1154 3317 ‹
1182 3266 1359 3332 Μέσος
1389 3269 1542 3338 ὑμῶν
1574 3271 1762 3340 στήκει
1788 3271 1922 3340 (77),
1953 3270 2013 3324 ὂν

441 3355 596 3424 ὑμεῖς
614 3357 714 3408 ούκ
733 3355 931 3421 οἴδατε,
954 3358 982 3410 6
998 3358 1172 3410 ὀπίσω
1200 3377 1299 3429 μου
1322 3361 1632 3431 ἐρχόμενος
1661 3382 1678 3412 3
1701 3361 1859 3432 εἰπερ
1877 3363 2012 3416 ἐνόει

441 3447 558 3500 ἐκεῖ
591 3447 751 3517 μόνον
794 3445 931 3501 εἶναι
963 3449 1052 3502 τὸν
1085 3449 1210 3503 Υἱὸν
1237 3450 1328 3503 τοῦ
1364 3451 1519 3516 Θεοῦ,
1557 3453 1687 3505 ὅπου
1716 3453 1776 3505 τὸ
1820 3454 2012 3524 βλεπό-

443 3555 602 3608 μενον
625 3534 693 3608 ἦν
722 3538 882 3609 σῶμα
924 3539 1116 3610 Ἰησοῦ,
1149 3541 1265 3604 πῶς
1293 3541 1528 3610 ἔφασκεν
1566 3544 1630 3597 ἂν
1654 3545 1740 3597 τό·
1772 3565 1789 3596 ι
1833 3546 2012 3610 Μέσος

441 3628 592 3698 ὑμῶν
619 3631 825 3700 στήκει,
853 3630 911 3683 ὃν
940 3631 1095 3700 ὑμεῖς
1121 3631 1218 3684 οὐκ
1245 3632 1419 3684 οἴδατε
1445 3650 1458 3697 ;
1503 3653 1520 3684 3
1567 3635 1676 3688 Καὶ
1707 3635 1868 3700 αὐτὸς
1899 3638 2014 3700 δὲ,ὁ

452 3721 679 3790 Ἰησοῦς,
730 3722 973 3794 ἐπαίρων
1023 3722 1084 3774 τὸ
1129 3723 1383 3794 φρόνημα
1445 3725 1552 3778 τῶν
1602 3727 2011 3799 μαθητευόντων

439 3813 586 3884 αὐτῷ
610 3817 688 3878 εἰς
713 3815 774 3867 τὸ
811 3814 1030 3885 μείζονα
1057 3819 1271 3885 φρονεῖν
1301 3817 1429 3888 περὶ
1460 3817 1590 3870 Υἰοῦ
1629 3819 1785 3884 Θεοῦ,
1812 3821 1974 3892 φησίν
1994 3839 2006 3851 ·

446 3924 465 3956 ι
514 3907 686 3958 Ὅπου
736 3905 828 3958 δύο
852 3905 962 3976 (78)
1009 3905 1041 3974 ἢ
1085 3909 1234 3976 τρεῖς
1284 3909 1609 3978 συνηγμένοι
1652 3912 1732 3974 εἰς
1779 3911 1840 3963 τὸ
1881 3911 2012 3981 ἐμὸν

439 3998 629 4069 ὄνομα,
658 4000 773 4051 ἐκεῖ
811 4000 925 4066 εἰμι
956 3998 1014 4050 ὲν
1051 3999 1201 4068 μέσῳ
1234 3999 1428 4052 αὐτῶν.
1465 4019 1482 4050 3
1515 4002 1745 4074 Τοιαύτη
1771 4003 1813 4055 δ’
1848 4003 2010 4056 αὑτοῦ

439 4091 554 4140 ἐστι
584 4088 679 4142 καὶ
717 4091 749 4158 ὴ
785 4087 922 4160 πρὸς
960 4087 1083 4150 τοὺς
1119 4087 1364 4158 μαθητὰς
1402 4091 1702 4158 ἐπαγγελία
1743 4092 2008 4160 λέγοντος·

445 4198 465 4230 ι
495 4179 605 4232 Καὶ
649 4179 758 4231 ἰδοὺ
794 4177 904 4246 ἐγὼ
940 4178 1055 4247 μεθ’
1090 4179 1242 4248 ὑμῶν
1275 4181 1390 4250 εἰμι
1435 4181 1614 4244 πάσας
1653 4182 1751 4244 τὰς
1778 4183 2008 4254 ἡμέρας,

438 4268 544 4331 ἕως
568 4269 668 4339 τῆς
696 4267 1001 4331 συντελείας
1023 4267 1115 4321 τοῦ
1139 4269 1349 4333 αἰῶνος.
1389 4290 1406 4322 3
1440 4270 1623 4323 Ταῦτα
1643 4271 1697 4322 δέ
1722 4289 1920 4342 φαμεν,
1952 4276 2010 4326 ού

2117 1799 2313 1866 quibus
2345 1799 2411 1852 de
2436 1798 2546 1852 Deo
2586 1798 2856 1865 rebusque
2884 1801 2951 1850 ah
2978 1797 3070 1852 illo
3093 1799 3331 1854 conditis
3353 1802 3465 1856 hmo
3497 1805 3686 1859 dican-

2119 1900 2206 1944 tur
2223 1890 2498 1958 conceptis
2515 1891 2697 1944 verbis
2722 1905 2736 1942 :
2761 1908 2778 1940 ε
2807 1889 2927 1958 Ipse
2959 1890 3113 1954 dixit,
3141 1898 3194 1943 et
3224 1891 3363 1945 facta
3396 1903 3544 1959 sunt,
3571 1897 3685 1966 ipse

2117 1981 2392 2034 mandavit
2423 1989 2478 2034 et
2505 1990 2686 2034 creata
2722 1991 2845 2034 sunt
2874 1981 2937 2032 “.
2975 1999 2994 2032 3
3027 1981 3083 2035 Si
3124 1981 3268 2035 enim
3320 1983 3458 2040 Deus
3501 1987 3684 2055 jussit,

2117 2083 2172 2125 et
2202 2086 2289 2124 res
2316 2079 2512 2124 creatae
2548 2077 2694 2134 sunt,
2755 2085 2914 2138 quem
2938 2071 3092 2140 juxta
3123 2082 3354 2128 mentem
3387 2080 3685 2147 prophetici

2117 2163 2338 2233 spiritus
2367 2163 2677 2228 putabimus
2725 2163 2830 2216 tale
2887 2162 3063 2217 Patris
3113 2167 3397 2234 imperium
3454 2174 3682 2239 exsequi

2115 2254 2378 2325 potuisse,
2415 2264 2610 2324 praeter
2644 2269 2799 2319 eum,
2838 2259 2929 2326 qui
2975 2258 3210 2312 Verbum
3243 2270 3362 2324 est,
3399 2270 3458 2314 ut
3500 2263 3572 2316 ita
3605 2263 3685 2316 lo-

2117 2361 2272 2415 quar,
2314 2347 2611 2399 animatum
2657 2354 2711 2400 et
2744 2347 2990 2402 veritas?
3027 2347 3145 2402 Jam
3181 2363 3302 2402 eum
3349 2350 3441 2419 qui
3474 2352 3528 2406 in
3556 2352 3685 2409 Iesu

2116 2439 2248 2493 dicit
2283 2461 2293 2494 :
2335 2457 2353 2490 ι
2386 2439 2498 2506 Ego
2521 2455 2636 2494 sum
2665 2440 2774 2503 via,
2806 2440 3030 2505 veritas,
3065 2447 3120 2493 et
3147 2442 3258 2492 vita
3293 2441 3354 2506 ¹²,
3384 2460 3402 2492 3
3440 2459 3543 2498 non
3564 2458 3687 2499 esse

2116 2545 2182 2584 ex
2239 2531 2554 2600 Evangeliis
2609 2531 3084 2600 circumscriptum
3135 2533 3465 2600 quempiam,
3499 2533 3568 2588 ita
3627 2545 3688 2590 ut

2115 2631 2270 2676 extra
2307 2623 2541 2676 animam
2565 2634 2621 2676 et
2654 2638 2851 2692 corpus
2883 2639 2987 2676 non
3017 2625 3108 2688 sit,
3154 2638 3219 2677 ex
3261 2625 3503 2694 pluribus
3551 2627 3687 2684 locis

2116 2711 2253 2767 elIici
2281 2721 2496 2783 potest;
2552 2728 2722 2781 pauca
2764 2723 2970 2768 tantum
3022 2714 3266 2770 all‘eram.
3310 2716 3546 2775 Joannes
3582 2721 3684 2774 Ba-

2117 2806 2282 2876 ptista
2305 2806 2602 2874 praedicens
2630 2806 2777 2860 brevi
2799 2805 2916 2859 fore
2937 2818 2994 2860 ut
3023 2807 3115 2861 Dei
3138 2806 3306 2863 Filius
3330 2811 3565 2878 adesset,
3582 2827 3685 2867 non

2118 2899 2210 2954 illo
2238 2914 2466 2968 corpore
2489 2898 2692 2966 illaque
2732 2899 2910 2950 anima
2941 2898 3407 2969 circumscriptus,
3443 2903 3536 2958 sed
3570 2905 3687 2958 ubi-

2038 3028 2081 3084 ρ
2116 3005 2221 3059 que
2237 3005 2492 3059 prmsens,
2511 2990 2574 3044 de
2592 2989 2680 3043 illo
2703 2989 2860 3043 dicit:
2883 2988 3071 3060 3944
3084 2989 3290 3047 Medius
3315 3002 3549 3047 vestrum
3573 3006 3685 3051 ste.-

2118 3081 2204 3145 tit,
2237 3095 2397 3149 quem
2426 3095 2522 3134 vos
2553 3080 2798 3145 nescitis,
2824 3081 2913 3148 qni
2941 3089 3064 3148 post
3092 3098 3175 3137 me
3200 3095 3458 3139 venturus
3483 3087 3682 3144 est".3

2116 3168 2174 3224 Si
2189 3171 2490 3225 censuisset
2511 3169 2603 3223 Dei
2620 3170 2815 3224 Filium
2842 3171 2913 3226 ibi
2932 3180 3139 3226 tantum
3159 3187 3285 3228 esse
3319 3176 3408 3229 ubi
3432 3173 3553 3232 Jesu
3573 3193 3690 3232 cor-

2113 3278 2213 3333 pus
2228 3263 2804 3333 videbatur,quomodo
2819 3263 3090 3318 dixissetzt
3106 3263 3309 3320 Medius
3325 3279 3562 3323 vestrum
3583 3281 3687 3326 ste.

2111 3348 2200 3422 'tit,
2221 3369 2379 3424 quem
2399 3370 2495 3410 vos
2515 3353 2736 3409 nescitis
2752 3354 3046 3411 ?3Et.lesus
3067 3357 3180 3427 ipse
3199 3371 3432 3414 mentem
3460 3362 3690 3432 discipu-

2115 3446 2288 3502 lorum
2316 3449 2382 3502 ad
2409 3449 2692 3503 sublimius
2715 3449 2784 3502 de
2798 3448 2934 3504 Filio
2958 3449 3050 3504 Dei
3102 3452 3439 3505 sentiendum
3496 3455 3679 3524 erigit,

2115 3555 2236 3594 cum
2262 3541 2337 3595 ait
2365 3557 2378 3594 :
2408 3560 2424 3591 ι
2443 3541 2541 3595 Ubi
2566 3551 2692 3594 sunt
2711 3540 2816 3594 duo
2834 3540 3037 3594 veltres
3055 3543 3364 3610 congregati
3391 3543 3441 3595 in
3464 3545 3684 3600 nomine

2118 3647 2256 3696 meo,
2290 3632 2497 3686 ibisum
2527 3631 2580 3684 in
2613 3631 2792 3685 medio
2816 3645 3003 3684 eorum
3032 3633 3129 3684 “.3
3169 3632 3277 3700 Nec
3307 3633 3573 3689 absimilis
3597 3646 3685 3690 est

2115 3722 2229 3791 ejus
2258 3724 2323 3776 ad
2354 3723 2651 3792 discipulos
2673 3724 2961 3792 promissio
2992 3723 3219 3778 dicentis
3250 3741 3263 3778 :
3302 3743 3321 3776 ι
3346 3725 3413 3780 Et
3437 3741 3564 3782 ecce
3589 3743 3686 3798 ego

2115 3810 2396 3865 vobiscum
2427 3827 2546 3865 sum
2588 3812 2842 3866 omnibus
2887 3812 3074 3866 diebus
3115 3827 3284 3882 usque
3310 3815 3378 3870 ad
3425 3831 3687 3871 consum-

2117 3903 2408 3957 mationem
2434 3903 2612 3956 saeculi
2650 3904 2713 3956 ”‘.
2742 3922 2760 3955 3
2798 3902 2922 3957 Haec
2970 3915 3150 3958 autem
3191 3921 3295 3960 non
3342 3921 3407 3960 eo
3451 3909 3685 3964 dicimus

2116 4004 2174 4048 ut
2204 3993 2398 4048 Filium
2424 3995 2517 4049 Dei
2543 4010 2571 4048 a
2602 3994 2726 4050 Jesu
2762 4009 3096 4064 separemus.
3144 3997 3374 4052 Verbum
3410 3999 3554 4052 enim
3587 4000 3682 4055 Dei

2117 4102 2238 4140 Cum
2270 4088 2452 4141 anima
2485 4098 2537 4142 et
2564 4102 2796 4157 corpore
2825 4087 2952 4143 Jesu
2983 4105 3147 4142 unum
3175 4092 3407 4144 maxime
3430 4101 3551 4161 post
3576 4093 3686 4146 dis-

2120 4180 2486 4246 pensationem
2539 4178 2736 4234 factum
2793 4190 2894 4234 est.
2931 4178 3064 4232 Nam
3130 4182 3173 4234 si
3229 4182 3476 4250 quisquis
3527 4183 3687 4235 intel-

2118 4269 2235 4338 ligit
2288 4271 2415 4338 quid
2470 4271 2542 4324 sit
2604 4271 2880 4325 adhaerere
2936 4271 3183 4331 Domino.
3247 4281 3301 4325 et
3349 4272 3425 4324 illi
3501 4273 3684 4327 adlim-

438 4359 764 4432 χωρίζοντες
806 4359 898 4413 τὸν
933 4359 1058 4412 Υἰὸν
1096 4359 1189 4412 τοῦ
1225 4360 1359 4413 Θεοῦ
1389 4361 1496 4415 ἀπὸ
1525 4359 1619 4414 τοῦ
1674 4361 1867 4433 Ἰησοῦ.
1919 4367 2010 4418 Ἓν

2119 4369 2233 4424 ret,
2291 4362 2334 4414 is
2383 4376 2507 4418 cum
2566 4363 2682 4426 ipso
2740 4377 2882 4415 unus
2924 4369 3008 4416 est
3049 4362 3315 4429 spiritus,
3374 4371 3434 4417 ut
3479 4363 3682 4418 Paulus

437 4451 547 4523 γὰρ
579 4451 812 4522 μάλιστα
840 4451 976 4522 μετὰ
1004 4450 1101 4520 τὴν
1122 4452 1428 4522 οἰκονομίαν
1449 4452 1738 4524 γεγένηται
1768 4454 1903 4525 πρὸς
1922 4455 2012 4508 τὸν

509 4567 530 4596 ⁶
568 4565 724 4622 Joan.
750 4580 864 4629 xrv,
895 4565 946 4619 6.
1041 4566 1061 4596 ⁷
1094 4564 1251 4619 Joan.
1289 4582 1340 4629 κ,
1369 4567 1422 4622 7.
1531 4567 1552 4598 ⁸
1586 4566 1742 4621 Joan.
1770 4584 1842 4629 vr,
1878 4569 1966 4622 50.

442 4637 484 4667 ¹³
525 4637 683 4692 Joan.
713 4652 827 4702 xw,
853 4635 906 4690 6.

531 4759 618 4822 ’74)
638 4758 798 4813 Κατὰ
811 4757 916 4811 τὸν
929 4755 1043 4810 τῶν·
1055 4757 1213 4811 ὅλων
1230 4757 1378 4811 Θεὸν
1393 4757 1488 4811 καὶ
1501 4757 1746 4826 Πατέρα.
1768 4759 1841 4812 Ex
1861 4774 2010 4814 men-

440 4838 494 4883 te
516 4829 786 4898 Origenis,
815 4829 1340 4893 inquitBoherelIus,
1371 4831 1711 4898 vertendum,
1733 4831 2006 4885 «secundo

442 4907 564 4966 post
605 4899 838 4951 universi
890 4899 1059 4952 Deum
1106 4906 1268 4965 atque
1319 4907 1598 4965 parentem
1654 4897 1804 4963 loco;
1845 4919 1863 4950 3
1901 4915 2005 4955 non

440 4965 564 5019 cum
590 4967 884 5034 interprete
909 4965 1188 5031 Gelenio,t
1213 4967 1382 5034 ipsius
1415 4981 1594 5020 rerum
1629 4968 2006 5024 universarum

443 5037 537 5089 Dei
589 5042 748 5102 atque
777 5037 1016 5103 parentis
1058 5037 1392 5090 testimonio.
1439 5055 1457 5086 3
1495 5036 1626 5088 Nam
1670 5039 1712 5090 si
1748 5039 1833 5092 hic
1860 5049 2006 5093 esset

441 5119 657 5176 sensus,
714 5104 911 5176 l'r_ns_tra
941 5113 1070 5176 post
1096 5103 1200 5159 ὑπὸ
1231 5106 1339 5157 τῶν
1366 5105 1680 5176 προφητῶν,
1711 5108 2004 5161 adderetur

441 5173 582 5227 κατὰ
607 5172 697 5226 τὸν
738 5172 888 5226 Θεόν.
937 5172 1242 5239 Prw-terea,
1284 5172 1698 5241 haac'epitheta,
1738 5178 1830 5229 τὸν
1890 5177 1998 5229 τῶν

437 5245 575 5326 ὅλων
607 5243 738 5326 Θεὸν
767 5244 863 5323 καὶ
900 5243 1142 5326 Πατέρα,
1180 5243 1520 5326 manifestam
1551 5248 2002 5326 contine’t‘itIanti-

439 5315 632 5385 thesim
669 5314 734 5366 ad
767 5314 888 5385 ista,
932 5313 1170 5385 μεγάλην
1206 5315 1333 5366 ὅντα
1357 5315 1582 5385 δύναμιν
1629 5317 1722 5367 καὶ
1755 5316 1906 5381 Θεόν,
1946 5327 2004 5370 ut

433 5384 603 5442 Pater
641 5398 804 5448 supra
839 5383 1031 5436 Filium
1064 5383 1349 5446 evehatur,
1379 5383 1834 5452 quemadmodum
1877 5401 2005 5438 eve-

433 5456 586 5509 aitur
617 5456 683 5506 ab
712 5452 946 5522 Origene
978 5452 1114 5506 infra
1145 5454 1278 5506 libro
1313 5467 1524 5516 octavo,
1569 5471 1718 5509 num.
1750 5457 1833 5508 15.
1874 5455 2002 5518 Τοῦ,

435 5523 597 5586 κατὰ,
637 5523 949 5576 infer-iurent
983 5525 1227 5575 ordinem
1272 5525 1578 5578 deuotantis
1628 5527 1872 5593 exempla
1924 5525 2004 5578 af-

440 5595 581 5647 ferre
605 5595 959 5661 supersedeo,
989 5608 1110 5645 cum
1143 5593 1296 5645 obvia
1331 5595 1459 5647 sint.
1497 5595 1547 5647 ιι]
1585 5611 1746 5647 unum
1785 5597 2004 5663 insuper

438 5678 633 5720 moneo
656 5665 707 5716 in
741 5665 924 5718 codice
945 5664 1246 5733 Anglic-ano
1274 5666 1447 5733 primo
1471 5666 1658 5722 deesse
1686 5667 1822 5723 istud
1841 5668 2001 5736 κατὰ,

711 5755 984 5817 ΡΔΤιιοι.
1022 5756 1139 5820 Gn.
1182 5755 1294 5822 XI.

2061 4570 2081 4601 ⁹
2121 4568 2256 4624 Gen.
2285 4585 2322 4632 ι,
2355 4567 2388 4619 '5
2413 4574 2464 4620 et
2495 4565 2548 4618 6.

989 4636 1032 4667 ¹³
1068 4635 1225 4690 Joan.
1259 4651 1300 4700 t,
1331 4638 1421 4693 ‘26.
1493 4637 1535 4668 ”
1575 4637 1763 4692 Matth.
1800 4655 1963 4703 xviii,
1995 4637 2086 4694 20.

2121 4457 2280 4508 docet
2310 4452 2392 4507 his
2421 4453 2634 4507 verbis:
2664 4471 2682 4504 ι
2717 4452 2818 4519 Qui
2849 4454 3089 4507 adhaeret
3122 4452 3371 4520 Domino,
3406 4449 3546 4511 unus
3569 4459 3684 4528 Spi-

2659 4567 2700 4597 ¹⁰
2741 4566 2900 4633 lbid.,
2925 4567 3015 4622 26.

3125 4568 3165 4598 “
3202 4566 3344 4622 Psal.
3371 4584 3593 4639 cxtvut,
3626 4572 3679 4627 5.

2168 4640 2209 4670 ’⁵
2249 4637 2442 4692 Matth.
2468 4651 2660 4703 χχι-ιιι,
2691 4636 2784 4690 20.
2817 4679 2840 4706 ,

2078 4782 2086 4790 -
2117 4763 2187 4814 ita
2214 4768 2271 4812 ut
2293 4773 2397 4829 una
2432 4757 2572 4829 serie
2605 4757 2834 4829 legatur,
2862 4758 3089 4829 δύναμιν
3115 4759 3207 4813 καὶ
3237 4758 3388 4823 Θεὸν,
3417 4761 3526 4816 τῶν
3545 4763 3685 4819 ὅλων

2113 4831 2246 4884 Θεὸν
2283 4828 2378 4882 καὶ
2403 4827 2641 4898 Πατέρα.
2665 4827 2929 4900 ξνὶιΙθιίΙ).
2966 4827 3364 4900 ιιξΟτὶᾳεηὶαηη
3393 4844 3588 4900 ιμιωει.
3624 4839 3683 4888 ‘2.

2183 4900 2294 4972 (75)
2329 4897 2789 4972 Προστάχθέντίι
2837 4897 2904 4951 δὲ
2951 4899 3342 4972 τόν-ΑΛόγον,
3391 4897 3498 4972 etc.
3547 4904 3684 4958 Vide

2110 4969 2233 5040 quia
2277 4969 2658 5092 a4dnotavimus
2707 4971 2758 5022 in
2805 4985 2928 5038 cap.
2978 4970 3002 5022 1
3070 4969 3163 5022 lib.
3209 4985 3224 5022 ι
3274 4971 3414 5037 Περὶ
3458 4972 3681 5042 ἀρχῶν,

2108 5056 2259 5093 num.
2333 5075 2346 5089 .

2182 5130 2292 5200 (76)
2334 5129 2814 5200 Ἐπιϐἀλλοντες.
2848 5127 2939 5184 Sic
2967 5141 3115 5186 recte
3135 5147 3323 5186 omnes
3348 5133 3506 5186 codd.
3526 5147 3685 5198 mss.,

2107 5198 2332 5321 (6335;33'310
2349 5198 2564 5254 Joliano
2588 5200 2677 5269 qui
2698 5215 2818 5254 cum
2838 5201 2994 5255 libris
3015 5202 3290 5270 impressis
3316 5202 3496 5265 habet,
3513 5203 3685 5272 ἀμφι-

2143 5287 2177 5324 α
2229 5287 2414 5333 ιοντες.

2181 5363 2291 5433 (77)
2335 5361 2566 5428 Στήκει.
2599 5362 2690 5416 Sic
2712 5378 2901 5416 omnes
2927 5379 3054 5417 mss.
3087 5372 3140 5416 et
3170 5363 3526 5433 llaasohelius.
3552 5376 3686 5433 quo-

2111 5432 2228 5486 rum
2257 5435 2499 5502 neglecta
2539 5433 2768 5486 lcetiune
2801 5435 3109 5502 Speucerus
3154 5435 3424 5500 vulgatum
3457 5432 3683 5486 Joannis

2115 5512 2321 5557 textum
2355 5514 2577 5557 secutus
2613 5512 2714 5558 est.

2146 5596 2295 5725 ἱρῇ)
2327 5597 2496 5702 ΗΜ).
2546 5600 2695 5665 editi,
2740 5599 2871 5652 ὅπου
2903 5598 3007 5649 εἱσί
3032 5595 3142 5659 δύο,
3181 5595 3272 5651 sed
3299 5612 3325 5649 a
3353 5611 3489 5650 mss.
3523 5595 3684 5649 cudd.

2183 5685 2239 5722 es
2292 5684 2416 5720 ε.σ..

2111 5684 2262 5723 ουεδι
2292 5684 2416 5720 εισι.

3300 5757 3379 5818 26
