3998 6170
428 247 538 305 813

1641 245 1917 303 CONTRA
1959 239 2236 301 CELSUM
2275 240 2404 296 LIB.
2442 239 2509 295 ll.

3590 229 3693 296 su

427 366 712 439 βοηθῆσαι,
749 363 842 418 καὶ
869 364 1185 429 πατάξαντα
1217 364 1308 418 τὸν
1332 363 1428 418 τοῦ
1464 363 1766 436 ἀρχιερέως
1805 360 2008 424 δοῦλον,

2126 356 2258 422 Quin
2290 367 2346 412 et
2371 356 2439 411 ad
2466 370 2589 411 eum
2621 357 2712 428 qui
2752 372 2908 426 opem
2937 356 2985 411 ei
3015 356 3156 412 ferre
3185 357 3414 424 volebat,
3444 373 3692 412 servum-

426 459 524 512 καὶ
551 457 817 525 ἀφελόντα
842 456 1005 509 αὐτοῦ
1025 457 1086 509 τὸ
1111 457 1270 508 ὠτίον
1289 495 1304 519 ,
1341 452 1515 509 εἶπεν⁹
1569 474 1587 503 ι
1645 453 2009 524 Ἀπόστρεψον

426 547 526 616 τὴν
561 546 834 617 μάχαιράν
869 562 962 597 σου
990 545 1070 608 εἰς
1102 545 1191 597 τὸν
1223 545 1387 597 τόπον
1421 543 1607 613 αὐτῆς⁵
1659 542 1859 604 πάντες
1901 541 2009 614 γὰρ

426 637 478 691 οἱ
499 636 753 699 λαϐόντες
788 635 1059 706 μάχαιραν
1087 636 1142 687 ὲν
1178 635 1421 706 μαχαίρᾳ
1447 631 1786 686 ἀπολοῦνται.
1829 633 1901 684 ’Ἡ
1929 632 2014 683 δο-

427 732 517 782 κεῖ
567 746 646 782 σοι
681 729 791 799 (85)
837 730 918 780 ὅτι
951 730 1010 780 οὐ
1054 727 1284 798 δύναμαι
1328 727 1451 798 ἀρτι
1503 724 1878 796 παρακαλέσαι
1921 724 2013 776 τὸν

430 821 647 892 Πατέρα
674 838 796 891 μου,
829 821 922 873 καὶ
961 823 1297 891 παραστήσει
1331 835 1420 889 μοι
1448 810 1548 870 ὧδε
1579 816 1795 879 πλείους
1837 814 1870 886 ἢ
1909 814 2012 866 δὼ-

429 911 562 964 δεκα
595 910 866 977 λεγεῶνας
910 909 1193 978 ἀγγέλων;
1243 908 1368 972 Πῶς
1412 903 1504 960 οῦν
1551 903 1911 977 ,πληρωθῶσιν
1957 903 2012 954 αἱ

431 1001 666 1072 Γραφαὶ,
693 1001 774 1053 ὅτι
795 999 935 1052 οὕτω
958 1001 1039 1053 δεῖ
1067 998 1338 1067 γενέσθαι;
1363 1019 1380 1050 ι
1405 1000 1468 1051 Εἰ
1497 997 1552 1050 δὲ
1580 996 1874 1066 πλάσματα
1900 995 2012 1046 τῶν

432 1091 756 1164 γραψάντων
781 1091 849 1144 τά
877 1091 1181 1160 Εὐαγγέλια
1205 1090 1375 1144 οἴεταί
1399 1108 1482 1154 τις
1512 1086 1650 1143 εἶναι
1677 1088 1870 1152 ταῦτα,
1899 1086 2014 1150 πῶς

433 1183 552 1254 οὐχ).
587 1183 788 1255 μᾶλλον
825 1183 1119 1255 πλάσματα
1169 1183 1268 1254 μέν
1310 1182 1520 1236 ἐστιτὰ
1553 1182 1664 1236 ἀπὸ
1697 1181 1886 1252 ἔχθους
1923 1180 2018 1232 καὶ

437 1276 628 1346 μίσους
660 1277 753 1330 τοῦ
800 1276 935 1348 πρὸς
967 1276 1127 1332 αὑτὸν
1167 1277 1260 1329 καὶ
1303 1275 1662 1345 Χριστιανοὺς
1709 1273 1975 1344 λεγόμενα
2001 1312 2015 1335 ,

434 1366 660 1437 ἀλήθεια
685 1367 742 1419 δὲ
773 1366 842 1419 τά
864 1367 969 1419 τῶν
1005 1366 1066 1420 τὸ
1095 1367 1317 1437 γνήσιον
1355 1365 1454 1435 τῆς
1485 1365 1622 1436 πρὸς
1661 1363 1755 1417 τὸν
1814 1362 2019 1434 Ἰησοῦν

433 1458 726 1523 διαθέσεως
751 1458 1164 1530 ἀποδεξαμένων
1210 1458 1320 1528 (81)
1377 1453 1527 1528 ἐντῷ
1561 1459 1669 1511 πᾶν
1698 1456 1900 1510 ὃτιποτ⁹
1925 1452 2020 1510 οῦν

437 1551 912 1622 ὑπομτμενηκέναι
952 1550 1039 1604 διὰ
1077 1550 1202 1613 τοὺς
1249 1549 1438 1619 λόγους
1487 1549 1684 1614 αύτοῦ;
1737 1547 2018 1618 Τοσαύτην

437 1643 546 1714 γὰρ
582 1643 858 1712 ὑπομονὴν
887 1642 982 1695 καὶ
1009 1641 1257 1694 ἔνστασιν
1290 1641 1450 1712 μέχρι
1476 1639 1702 1693 Θανάτου
1732 1639 2019 1709 ἀνειληφέ-

2110 463 2218 520 que
2245 448 2515 520 pontificis
2529 459 2874 518 percusserat
2890 458 3051 518 atque
3076 449 3191 517 ejus
3212 450 3518 504 absciderat
3542 454 3659 504 auri
3683 481 3695 493 -

2112 542 2310 608 culam,
2330 542 2465 596 dixit
2489 559 2532 596 ιι
2555 540 2826 596 Converte
2846 541 3078 610 gladium
3095 553 3240 595 tuum
3258 542 3310 594 in
3329 541 3501 596 locum
3517 556 3694 598 suum.

2112 635 2313 691 Omnes
2336 637 2478 690 enim
2499 635 2591 704 qui
2606 643 2934 704 acceperunt
2949 633 3208 703 gladium,
3229 634 3403 702 gladio
3422 633 3696 703 peribunt.

2113 725 2197 778 An
2228 736 2384 795 putas
2430 725 2554 793 quia
2588 739 2694 777 non
2729 739 2947 793 possum
2984 740 3175 793 rogare
3211 723 3429 779 Patrem
3488 739 3694 789 meum,

2113 824 2168 870 et
2191 815 2473 869 exhibebit
2497 812 2628 864 mihi
2651 814 2810 867 modo
2831 813 2949 882 plus
2969 828 3132 882 quam
3158 813 3436 867 duodecim
3458 813 3698 884 legiones

2118 904 2479 975 angelorum?
2511 904 2793 970 Quomodo
2823 919 2953 974 ergo
2983 903 3350 973 implebuntur
3377 903 3696 973 Scriptum,

2117 999 2242 1066 quia
2276 998 2356 1052 sic
2382 1007 2599 1068 oportet
2630 997 2748 1052 ﬁeri
2776 997 2866 1049 “‘3
2901 1016 2919 1049 ι
2957 996 3110 1064 Quod
3136 998 3308 1069 siquis
3338 997 3449 1051 haec
3475 1011 3704 1067 evange-

2120 1092 2370 1147 listarum
2401 1092 2656 1162 ﬁgmenta
2689 1106 2812 1146 esse
2841 1092 3118 1161 opinatur,
3146 1107 3246 1145 cur
3284 1107 3391 1146 non
3427 1093 3605 1164 potius
3633 1092 3698 1146 ﬁ-

2120 1197 2336 1254 gmenta
2366 1183 2588 1248 fuerint,
2615 1197 2735 1251 quae
2761 1182 3026 1236 adversus
3054 1182 3236 1237 Jesum
3271 1192 3325 1237 et
3351 1184 3700 1239 Christianos

2121 1275 2399 1329 infensum
2431 1275 2614 1329 odium
2652 1284 3017 1328 commentum
3066 1282 3181 1341 est;
3230 1277 3439 1330 veritas
3489 1285 3696 1338 autem,

2122 1383 2241 1437 quae
2269 1367 2462 1420 litteris
2487 1366 2882 1420 mandaverunt
2919 1367 2979 1430 ii,
3004 1365 3094 1434 qui
3127 1367 3274 1419 omni
3303 1381 3584 1435 poenarum
3609 1384 3700 1438 ge-

2123 1474 2255 1518 nere
2281 1469 2502 1529 propter
2525 1457 2652 1514 Jesu
2681 1459 2981 1514 doctrinam
3006 1458 3334 1528 perferendo
3356 1457 3697 1514 demonstra-

2128 1557 2249 1602 runt
2271 1563 2433 1616 quam
2458 1548 2671 1602 sincero
2696 1562 2822 1618 erga
2864 1547 3011 1601 illum
3045 1548 3227 1600 animo
3256 1549 3465 1602 essent?
3520 1549 3695 1602 Tanta

2124 1637 2294 1701 enim,
2346 1646 2454 1690 tam
2515 1637 2669 1691 lirma
2723 1637 2788 1689 ad
2821 1645 3046 1690 mortem
3076 1651 3247 1705 usque
3274 1637 3583 1692 constantia
3611 1655 3702 1691 ar-

437 1753 524 1788 ναι
555 1735 682 1797 τοὺς
718 1733 892 1805 Ἰησοῦ
923 1732 1190 1804 μαθητὰς,
1232 1733 1368 1804 μετὰ
1401 1731 1692 1794 διαθέσεως
1743 1731 1842 1783 οὐκ
1883 1731 2013 1783 ἀνα-

2126 1738 2376 1798 gumenlo
2411 1737 2518 1793 est,
2547 1729 2842 1798 discipulos
2889 1727 3018 1784 Jesu
3050 1745 3152 1783 non
3202 1728 3368 1786 fuisse
3416 1746 3510 1785 eos
3537 1771 3552 1798 ,
3607 1734 3697 1800 qui

438 1826 782 1896 πλασσούσης
813 1826 922 1897 (85)
951 1828 1076 1898 περὶ
1099 1825 1190 1878 τοῦ
1215 1825 1534 1879 διδασκάλου
1565 1823 1631 1876 τὰ
1651 1823 1723 1894 μὴ
1750 1823 1897 1877 ὄντα·
1925 1823 2022 1875 καὶ

437 1915 568 1968 πολὺ
596 1918 707 1977 τοῖς
729 1914 1127 1986 εύγνωμονοῦσι
1158 1915 1217 1967 τ’)
1245 1913 1472 1985 ἐναργές
1501 1914 1617 1965 ἐστι
1648 1914 1773 1984 περὶ
1797 1911 1889 1965 τοῦ
1922 1927 2022 1964 πε-

436 2007 648 2061 πεῖσθαι
683 2008 878 2071 αὐτοὺς
902 2007 1029 2078 περὶ
1055 1999 1129 2059 ὧν
1157 2005 1490 2076 ἀνέγραψαν,
1516 2007 1580 2058 ὲκ
1603 2004 1694 2057 τοῦ
1721 2004 2022 2074 τηλικαῦτα

437 2102 528 2153 καὶ
558 2099 810 2164 τοσαῦτα,
839 2099 928 2154 διὰ
949 2101 1038 2152 τὸν
1067 2102 1492 2173 πεπιστευμένον
1518 2099 1700 2162 αὐτοῖς
1729 2094 1867 2152 εἶναι
1895 2097 2022 2152 Υἱδν

433 2189 590 2252 Θεοῦ,
609 2190 1104 2262 ὑπομεμενηκέναι.
1456 2251 1462 2257 _

504 2277 658 2345 Εἶτα,
682 2283 761 2334 ὅτι
809 2283 907 2352 μὲν
947 2283 1034 2350 ὑφ’
1057 2274 1391 2352 ὧνώνόμαζε
1428 2280 1681 2351 μαθητῶν
1730 2279 2020 2352 προύδόθη,

433 2371 634 2444 ἔμαθεν
666 2374 694 2424 ὁ
730 2374 879 2442 παρά
923 2371 1001 2441 τῷ
1041 2371 1233 2440 Κέλσῳ
1277 2370 1523 2432 Ἰουδαῖος
1557 2369 1664 2422 ἀπὸ
1704 2370 1812 2422 τῶν
1847 2369 2022 2438 Εὐαγ-

433 2465 648 2533 γελίων,
685 2463 913 2526 πολλοὺς
943 2461 1113 2516 εἰπὼν
1141 2461 1386 2534 μαθητὰς
1417 2463 1506 2516 τὸν
1537 2462 1632 2514 ἕνα
1677 2462 1899 2524 Ἰούδαν,
1936 2461 2021 2514 ἵνα

433 2554 560 2625 δόξῃ
597 2553 780 2619 αὔξειν
804 2555 902 2623 τὴν
931 2555 1283 2625 κατηγορίαν·
1309 2552 1491 2605 οὐκέτι
1517 2553 1572 2604 δὲ
1603 2551 1779 2604 πάντα
1798 2551 1865 2603 τὰ
1894 2551 2021 2622 περὶ

438 2645 534 2699 τοῦ
575 2644 744 2696 Ἰούδα
779 2643 1238 2714 ἀναγεγραμμένα
1273 2641 1712 2713 περιειργάσατο·
1750 2642 1830 2693 ὅτι
1858 2659 2024 2711 μαχο-

443 2734 634 2805 μέναις
673 2735 765 2786 καὶ
809 2734 1081 2796 ἐναντίαις
1131 2732 1346 2804 κρίσεσι
1393 2731 1704 2804 περιπεσὼν
1745 2733 1774 2784 ὁ
1824 2733 2023 2796 Ἰούδας

440 2827 569 2897 περὶ
600 2826 691 2879 τοῦ
715 2826 1055 2889 διδασκάλου,
1086 2825 1199 2878 οὔθ’
1228 2825 1322 2896 ὅλῃ
1362 2824 1507 2895 ψυχῇ
1547 2824 1737 2893 γέγονε
1777 2826 1896 2878 κατ’
1928 2825 2023 2878 αὐ-

427 2903 550 2979 τοῦ,
581 2918 690 2971 οὐδ’
716 2917 811 2992 ὅλῃ
825 2919 967 2988 ψυχῇ
999 2919 1229 2988 ἐτήρησε
1260 2916 1358 2988 τὴν
1380 2915 1513 2970 αίδὼ
1540 2915 1676 2987 πρὸς
1704 2917 2024 2972 διδάσκαλον

437 3007 711 3078 φοιτητοῦ.
754 3008 809 3062 Ὁ
837 3007 943 3080 γὰρ
975 3008 1300 3077 παραδιδοὺς
1329 3008 1489 3060 αὑτὸν
1516 3007 1682 3060 ἔδωκε
1712 3007 1790 3078 τῷ
1831 3008 2024 3078 ἐληλυ-

438 3101 552 3156 θότι
584 3103 676 3155 ἐπὶ
698 3102 758 3154 τὸ
784 3100 1067 3154 συλλαϐεῖν
1093 3100 1184 3154 τὸν
1227 3097 1433 3171 Ἰησοῦν
1457 3101 1681 3170 σημεῖον
1713 3099 1853 3169 ὄχλῳ
1877 3137 1892 3162 ,
1934 3099 2020 3152 λέ-

437 3210 621 3263 γωνϊ‹
651 3197 745 3248 Ὃν
766 3194 830 3248 ἂν
853 3194 1080 3264 φιλήσω,
1101 3192 1260 3254 αὐτός
1291 3194 1424 3244 ἔστι·
1449 3192 1758 3263 κρατήσατε
1781 3191 1961 3244 αὐτόν’
1996 3212 2013 3242 ι

441 3282 628 3348 σώζων
653 3301 706 3336 τι
738 3283 838 3352 τῆς
869 3284 1004 3354 πρὸς
1028 3283 1188 3335 αύτδν
1221 3281 1421 3346 αἰδοῦς·
1466 3285 1514 3335 εί
1559 3282 1667 3354 γὰρ
1701 3282 1776 3354 μὴ
1816 3281 2019 3347 ἔσωζεν

440 3374 646 3445 αὐτὴν,
680 3374 782 3428 κᾶν
830 3374 968 3444 μετά
1013 3373 1351 3445 παρρησίας,
1399 3373 1568 3444 χωρὶς
1610 3374 2020 3444 προσποιήσεως

440 3467 763 3537 φιλήματος,
792 3465 1102 3536 παρέδωκεν
1133 3464 1314 3518 αὐτόν.
1346 3463 1516 3517 Τοῦτο
1551 3465 1648 3535 μὲν
1687 3460 1779 3519 οῦν
1813 3464 2020 3527 πάντας

440 3559 617 3612 πείσει
648 3559 774 3630 περὶ
823 3559 923 3628 τῆς
965 3556 1059 3610 τοῦ
1100 3556 1268 3609 ’ἰούδα
1300 3556 1670 3627 προαιρέσεως
1696 3595 1710 3620 ,
1757 3556 1839 3609 ὅτι
1883 3556 2020 3627 μετὰ

436 3651 535 3722 τῆς
562 3650 925 3722 φιλαργυρίας
953 3650 1047 3703 καὶ
1071 3649 1170 3718 τῆς
1210 3647 1489 3720 μοχθηρᾶς
1525 3646 1634 3718 (86)
1682 3650 1760 3710 εἷς
1790 3649 1850 3700 τδ
1885 3667 2018 3721 προ-

436 3743 620 3796 δοῦναι
654 3744 744 3797 τὸν
773 3741 1086 3799 διδάσκαλον
1121 3740 1493 3810 προαιρέσεως
1518 3734 1631 3810 εἶχέ
1667 3757 1718 3792 τι
1751 3741 2020 3811 ἀναμεμι-

438 3836 634 3906 γμένον
667 3837 721 3888 ὲν
752 3839 819 3906 τῇ
857 3835 1001 3905 ψυχῇ
1028 3833 1134 3887 ἀπὸ
1164 3834 1270 3886 τῶν
1287 3833 1459 3904 Ἰησοῦ
1483 3832 1654 3900 λόγων
1688 3833 1836 3904 αὐτῷ
1866 3836 2021 3903 ἐγγε-

439 3924 735 3996 γενημένον
773 3924 903 3995 (87),
941 3924 1175 3994 ἔμφασιν
1213 3923 1332 3994 ἔχον
1375 3923 1672 3994 λείμματος
1715 3923 1802 3995 (ἵν’
1848 3925 2021 3988 οὕτως

437 4016 705 4087 ὀνομάσω)
732 4016 1116 4087 χρηστότητος.
1148 4015 1455 4086 Γέγραπται
1486 4016 1614 4087 γὰρ,
1644 4018 1724 4070 ὃτι
1756 4036 1774 4068 ι
1821 4017 1964 4071 Ἰδὼν
1992 4020 2020 4070 ὀ

451 4106 669 4171 Ἰούδας,
699 4109 727 4159 ὁ
753 4106 1076 4177 παραδιδοὺς
1122 4106 1281 4160 αὐτὸν
1305 4145 1319 4170 ,
1366 4108 1449 4159 ὅτι
1499 4109 1818 4181 κατεκρίθη,
1854 4127 2018 4180 μετα-

440 4195 691 4266 μεληθε“ις
709 4194 933 4266 ἔστρεψε
949 4194 1018 4248 τὰ
1034 4191 1328 4267 τριάκοντα
1345 4196 1582 4268 ἀργύρια
1605 4201 1715 4261 τοῖς
1734 4199 2020 4269 ἀρχιερεῦο

439 4305 492 4339 σι
521 4286 615 4339 καὶ
633 4286 1040 4357 πρεσϐυτέροις,
1069 4285 1260 4356 λέγων·
1289 4288 1567 4357 Ἥμαρτον
1589 4289 1862 4358 παραδοὺς
1882 4285 2021 4361 αἷμα

2125 1820 2392 1889 [ingerent
2439 1819 2506 1873 de
2557 1821 2816 1888 magistro
2853 1836 2954 1879 suo
2999 1836 3118 1890 qure
3161 1821 3471 1890 neutiquam
3517 1833 3697 1889 erant;

2125 1910 2396 1976 apostolos
2422 1919 2601 1965 autem
2633 1925 2733 1978 pro
2750 1913 2912 1966 certis
2937 1912 3193 1966 habuisse
3219 1928 3340 1983 quae
3357 1914 3697 1984 scripserint,

2123 2001 2295 2071 aequis
2327 2017 2510 2056 rerum
2542 2005 2959 2057 :rstimatoribus
3007 2006 3130 2058 inde
3182 2005 3523 2074 perSpicuum
3575 2016 3700 2070 est,

2125 2095 2266 2164 quod
2303 2103 2382 2150 tot
2420 2110 2484 2152 ac
2514 2103 2660 2149 tanta
2696 2095 3016 2166 pertulerint
3059 2108 3281 2168 prepter
3326 2115 3447 2152 eum
3471 2141 3486 2167 ,
3538 2115 3696 2170 quem

2057 2211 2060 2213 ·
2125 2187 2218 2242 Dei
2252 2188 2449 2242 Filium
2473 2204 2593 2244 esse
2615 2189 2932 2244 credebant.

2197 2284 2285 2338 ‘ll.
2317 2283 2523 2338 Deinde
2554 2283 2697 2352 quod
2729 2283 2802 2336 ait
2830 2282 2972 2338 Celsi
3013 2282 3254 2348 Judaeus,
3294 2282 3480 2338 Jesum
3517 2284 3584 2339 ab
3632 2285 3700 2340 iis

2122 2373 2399 2443 proditum
2431 2387 2574 2438 esse,
2609 2389 2745 2442 quos
2777 2388 2904 2428 suos
2930 2374 3228 2442 discipulos
3253 2383 3564 2436 vocaverat,
3617 2376 3702 2427 di—

2125 2468 2257 2520 dicit
2283 2467 2500 2534 quidem
2530 2481 2595 2520 ex
2635 2464 2965 2532 Evangeliis,
3001 2465 3096 2518 sed
3135 2463 3367 2531 plurium
3398 2464 3698 2534 discipulo-

2125 2573 2245 2610 rum
2277 2572 2502 2610 numcro
2538 2574 2704 2610 unmn
2735 2557 2928 2610 ludam
2955 2570 3017 2608 ea
3052 2564 3232 2608 mente
3261 2553 3610 2624 signiﬁcavit,
3643 2568 3701 2607 ut

2125 2648 2457 2702 accusationi
2495 2649 2617 2717 plus
2649 2647 2903 2716 ponderis
2932 2647 3174 2700 adderet.
3207 2647 3275 2700 At
3303 2662 3422 2716 qua:
3449 2647 3516 2701 de
3561 2647 3695 2702 Juda
3762 2677 3782 2699 κ

2125 2739 2327 2808 scripta
2358 2749 2500 2802 Sunt,
2537 2755 2642 2794 non
2672 2740 2803 2794 satis
2837 2737 3226 2801 consideravit,
3266 2737 3460 2792 Jud-m
3507 2753 3700 2809 nempe

2126 2829 2417 2884 contrariis
2440 2831 2505 2883 de
2535 2830 2796 2896 magistro
2831 2829 3150 2883 distractum
3180 2828 3434 2897 judiciis,
3486 2845 3586 2884 nec
3631 2846 3697 2883 ex

2127 2929 2244 2974 toto
2273 2921 2455 2975 animo
2503 2920 2775 2975 infensum
2811 2921 2858 2973 ei
2897 2920 3084 2984 fuisse,
3122 2936 3222 2975 ncc
3251 2936 3314 2973 ex
3375 2930 3487 2974 toto
3517 2922 3699 2974 animo

2127 3026 2372 3066 servasse
2399 3012 2632 3065 debitam
2669 3013 2930 3082 magistro
2958 3014 3341 3065 reverentiam.
3380 3011 3516 3066 Nam
3549 3014 3698 3067 illum

2126 3103 2461 3170 proditurus.
2519 3102 2620 3156 hoc
2671 3105 2843 3156 turba:
2887 3104 2954 3156 ad
2995 3104 3569 3172 comprehendendum
3611 3123 3702 3159 vc-

2123 3192 2290 3244 nienti
2325 3193 2535 3262 signum
2565 3194 2711 3247 dedit
2745 3211 2759 3248 :
2800 3212 2818 3244 (
2850 3197 3244 3263 Quemcunque
3271 3196 3548 3249 osculatus
3584 3196 3700 3250 fue-

2123 3299 2206 3347 το,
2242 3285 2353 3352 ipse
2376 3294 2479 3350 est,
2511 3293 2692 3340 tenete
2716 3301 2837 3340 eum
2864 3289 2931 3341 ’³.
2974 3307 2992 3340 ι
3021 3289 3134 3356 Qua
3187 3289 3240 3342 in
3267 3289 3460 3358 agendi
3492 3290 3701 3341 ratione

2121 3374 2370 3428 nonnihil
2405 3383 2490 3428 est
2530 3376 2870 3441 reverentiae;
2903 3393 3065 3446 quam
3093 3378 3136 3432 si
3179 3385 3344 3430 totam
3378 3377 3702 3448 396mm-

2125 3468 2309 3532 sisset,
2348 3465 2518 3519 libere
2554 3467 2824 3535 profecto,
2854 3475 2905 3520 et
2936 3468 3078 3520 nulla
3112 3469 3285 3523 osculi
3338 3470 3580 3523 adhibita
3625 3471 3701 3521 si-

2124 3559 2464 3622 mulatione,
2517 3557 2700 3612 Jesum
2760 3559 3094 3615 tradidisset.
3159 3559 3308 3614 Unde
3365 3561 3701 3628 perspicient

2121 3666 2310 3704 oumes
2340 3651 2392 3705 in
2423 3655 2604 3706 anima
2635 3651 2808 3717 Judae,
2856 3661 3052 3719 praeter
3085 3651 3296 3720 argenti
3345 3652 3698 3720 cupiditatem

2122 3745 2560 3814 sceleratumque
2586 3743 2874 3798 consilium
2905 3742 3226 3812 magistrum
3265 3742 3555 3812 prodendi,
3599 3743 3704 3797 ali-

2123 3839 2250 3906 quid
2280 3839 2566 3892 admistum
2597 3837 2765 3890 fuisse
2791 3836 2935 3906 quod
2985 3834 3112 3889 Jesu
3161 3850 3442 3890 sermones
3493 3837 3702 3891 indide-

2123 3937 2267 3993 rant,
2297 3938 2351 3982 et
2379 3943 2442 3982 ex
2458 3927 2754 3999 quoaliqua
2790 3927 2978 3981 saltem
3015 3926 3268 3990 residuae,
3294 3937 3352 3981 ut
3385 3928 3458 3981 ita
3493 3930 3692 3992 dicam,

2123 4021 2378 4075 bonitatis
2406 4022 2617 4090 species
2640 4030 2969 4090 erumperet.
2997 4019 3087 4074 Sic
3110 4022 3254 4073 enim
3282 4021 3543 4090 scriptum
3573 4032 3654 4076 est
3681 4041 3697 4076 :

2127 4129 2146 4163 ι
2192 4110 2392 4166 Videns
2421 4110 2615 4177 .ludas,
2641 4112 2730 4179 qui
2757 4125 2878 4164 eum
2931 4111 3194 4172 tradidit,
3235 4112 3377 4178 quod
3412 4115 3702 4165 damnatus

2121 4213 2288 4266 esset,
2321 4204 2644 4272 paenitentia
2681 4203 2903 4266 ductus,
2930 4203 3115 4256 retulit
3155 4204 3374 4271 triginta
3409 4213 3698 4274 argenteos

2125 4293 2456 4360 principibus
2491 4291 2835 4346 sacerdotum
2863 4301 2918 4345 et
2939 4292 3264 4354 senioribus,
3298 4293 3483 4348 dicens
3521 4310 3536 4347 :
3570 4293 3705 4349 Per-

434 4379 642 4433 δίκαιον
668 4377 796 4449 (88).
825 4379 888 4432 Οἱ
911 4377 967 4431 δὲ
996 4376 1166 4432 εἷποψ
1191 4378 1262 4431 ’Τί
1288 4379 1420 4450 πρὸς
1451 4379 1619 4450 ἡμᾶς
1648 4381 1712 4432 σὺ
1740 4379 1880 4449 ὄψεις.
1914 4383 2017 4436 Καὶ

2127 4385 2244 4439 cavi
2289 4387 2510 4440 tradens
2544 4386 2866 4454 sanguinem
2919 4385 3147 4454 justum.
3179 4390 3244 4442 At
3269 4387 3364 4440 'illi
3395 4387 3650 4442 dixerunt
3683 4403 3698 4440 :

439 4465 600 4542 ῥίψας
625 4471 695 4527 τὰ
725 4469 963 4543 ἀργύρια
984 4473 1062 4534 είς
1085 4471 1174 4524 τὸν
1195 4470 1342 4533 ναὸν,
1370 4470 1702 4543 ἀνεχώρησεο
1732 4473 1825 4526 καὶ
1847 4474 2017 4527 ἀπελ-

436 4563 543 4619 θὼν
573 4564 874 4637 ἀπήγξατο.
912 4582 932 4616 ι
966 4564 1134 4618 Είδ’ὁ
1157 4564 1489 4636 φιλάργυρος
1521 4565 1742 4629 Ἰούδας,
1778 4567 1872 4619 καὶ
1895 4566 2016 4622 κλέ-

507 4727 551 4764 ﬂ
577 4717 928 4788 Mattlmuvr,
951 4725 1042 4788 52,
1069 4724 1156 4791 55,
1189 4725 1276 4779 δι.

515 4908 824 4980 (85)Δοκεῖ
845 4926 960 4965 σοι.
1013 4911 1105 4968 Sic
1153 4927 1342 4967 omnes
1393 4911 1549 4966 codd.
1599 4927 1728 4967 mss.
1784 4913 2007 4980 Vulgata

443 4992 573 5051 vero
604 4979 836 5051 Matthxi
867 4983 1219 5051 exemplaria,
1259 4983 1453 5045 δοκεῖς.
1489 4983 1658 5035 Paulo
1700 4994 1818 5051 post
1848 4979 2009 5045 codd.

445 5048 642 5120 Regius
664 5059 718 5120 et
751 5047 1096 5116 Basileensis,
1123 5051 1266 5105 οὕτω
1299 5053 1379 5105 δεῖ
1428 5047 1712 5120 γενέσθαιξ
1748 5054 2026 5111 Ηωεειιο-’

441 5119 553 5190 lius,
577 5129 630 5190 et
659 5116 961 5190 Speucerus
985 5121 1035 5190 i_u
1078 5132 1247 5185 textu,
1275 5116 1449 5184 οὕτως
1481 5121 1586 5173 ἔδει
1617 5123 1889 5190 γενέσθαι.

510 5185 1143 5262 (δυ-ἶᾼπΟδεξαμένων.
1174 5191 1333 5262 Lego,
1351 5185 1807 5262 ἀποδειξαμένων.
1839 5195 2006 5247 Paulo

439 5270 560 5327 post
593 5258 722 5311 libb.
765 5258 916 5332 editi,
964 5260 1058 5310 καὶ
1094 5260 1362 5332 τοσαύτην
1405 5262 1512 5331 ἄρα
1551 5258 1848 5332 ὑπομονήν.
1901 5263 2008 5318 Sed

437 5343 627 5400 omnes
659 5341 786 5380 mss.
811 5335 873 5400 ιιι
899 5329 949 5400 in
985 5340 1169 5382 nostro
1201 5329 1367 5389 textu,
1397 5329 1709 5400 si'excipias
1734 5329 2004 5388 Juliauum

436 5400 526 5469 qui
555 5399 779 5450 alteram
811 5397 1094 5469 lectionem
1130 5401 1394 5466 sequitur.

505 5469 790 5539 (85)_0-z’m
826 5467 1372 5534 ἀνίιπλασσούσης.
1411 5468 1464 5522 In
1509 5483 1644 5522 mss.
1695 5470 1843 5524 deest
1886 5471 2006 5536 οὐκ,

438 5541 576 5608 quod
600 5537 793 5590 abesse
815 5546 990 5606 potest
1017 5539 1060 5608 si
1085 5548 1284 5608 cretera
1315 5541 1705 5606 interrogative
1739 5541 2007 5608 legantur.

443 5607 509 5662 Ut
538 5617 594 5659 ut
626 5617 736 5682 est,
779 5616 902 5682 post
934 5607 1078 5682 μετὰ
1117 5606 1410 5674 διαθέσεως
1464 5606 1811 5664 scribendum
1853 5612 2008 5682 γέγο-

436 5693 524 5730 νεν
562 5676 643 5732 vel
669 5677 871 5748 aliquid
901 5679 1098 5735 simile.

2124 4479 2261 4545 Quid
2291 4480 2357 4531 ad
2383 4479 2514 4532 nos?
2542 4487 2595 4532 tu
2637 4479 2862 4534 videris.
2909 4480 2975 4534 Et
3022 4478 3281 4548 projectis
3325 4481 3594 4549 argenteis
3646 4482 3698 4534 in

2126 4571 2344 4642 templo,
2377 4573 2620 4638 recessit,
2647 4581 2699 4626 ct
2731 4572 2918 4627 abiens
2950 4573 3144 4644 laqueo
3183 4587 3240 4627 se.
3266 4575 3634 4646 suspendit“.
3675 4595 3693 4626 ι

1382 4726 1426 4756 ²³
1468 4725 1659 4780 Matth.
1716 4743 1864 4790 xxvr,
1919 4727 2009 4783 48.
2085 4730 2132 4764 ’⁸
2159 4705 2345 4785 Matth.
2378 4746 2545 4792 xxvii,
2574 4731 2626 4793 '5,
2658 4731 2708 4791 4,
2738 4731 2791 4784 5.

2187 4919 2300 4988 (86)
2334 4917 2678 4971 Ιῐωιιίιρῑίιις
2709 4919 3030 4990 μοχθηρίας,
3066 4921 3248 4986 male;
3303 4924 3403 4978 nisi
3441 4923 3577 4980 forte
3613 4941 3703 4982 sc-

2113 5006 2286 5059 quens
2313 5004 2413 5041 vox
2449 4989 2814 5059 ⁴προαιρέσεως
2839 4989 3199 5059 expungatur.
3647 5053 3651 5056 ,

2186 5060 2299 5128 (87)
2329 5056 2502 5129 Αὺζῷ
2524 5056 3130 5129 ἐγγεγενημένονζὸἰο
3179 5078 3350 5128 mss.;
3399 5075 3452 5119 at
3499 5065 3699 5121 Guieto

2115 5127 2231 5183 lucc
2259 5127 2526 5198 superﬂua
2564 5127 2618 5181 et
2662 5127 2905 5182 addititia
2939 5132 3206 5186 videntur.
3264 5127 3605 5189 llmschelius
3644 5148 3698 5189 et

2115 5201 2466 5271 Spencerus‘,
2522 5199 3184 5271 abstpéyyeyevqpéqu.
3235 5203 3402 5256 Paulo
3466 5215 3589 5271 post
3641 5207 3692 5256 in

2115 5269 2272 5342 codd.
2311 5268 2480 5337 Regio
2506 5279 2560 5322 et
2586 5268 2878 5342 Basileeusi
2909 5268 3068 5342 dei-st
3108 5268 3135 5324 ό
3158 5268 3482 5342 παραδιδοὺς
3509 5272 3694 5342 αὐτόν.

2115 5339 2314 5415 [bidem
2347 5355 2537 5415 θιιιιιςιε
2567 5338 2984 5415 ιιιδεηηέστρεψε
3018 5339 3085 5415 τὰ
3115 5338 3406 5415 τριάκοντα
3431 5341 3694 5415 ἀργύρια.

2117 5409 2441 5482 Spen_cer_us,
2471 5409 2781 5482 ἀπέστρεψε
2815 5409 2880 5482 τὶ
2914 5409 3492 5482 τριάκονταλάργύρια.

2186 5479 2298 5548 (88)
2324 5478 2503 5532 Codex
2539 5476 2755 5546 Regius.
2781 5476 3148 5549 αἷμαίὰθῶον,
3187 5476 3352 5532 Paulo
3385 5476 3519 5548 post
3566 5477 3698 5549 Hm-

2113 5545 2350 5603 schelius
2379 5558 2433 5602 et
2461 5545 2652 5617 omnes
2698 5564 2809 5617 mss
2839 5545 2854 5608 ζ
2891 5547 2958 5598 τὰ
2987 5545 3246 5617 *ἀργύρια
3291 5550 3370 5613 είς
3398 5545 3500 5604 ’τὸν
3544 5548 3693 5605 ναόν.

2115 5621 2442 5690 Spencerus,
2478 5616 2548 5670 τὰ
2579 5615 2820 5691 ἀργύρια
2853 5619 2910 5669 ὲν
2942 5614 3019 5686 τῷ
3051 5614 3185 5688 ναῷ.
