3998 6170
434 251 540 306 815

1886 245 2210 302 ORIGENIS

3604 251 3710 306 8l6

434 367 590 433 Quod
621 365 664 420 si
702 380 900 422 avarus
931 365 1018 420 ille
1043 363 1211 421 ludas
1232 365 1300 429 ",
1324 363 1493 418 furari
1520 365 1714 419 solitus
1742 379 1988 434 qumpau

2114 381 2264 416 πτων
2293 362 2361 414 τὰ
2395 364 2472 426 είς
2498 363 2653 431 λόγον
2690 363 2797 416 τῶν
2829 365 3074 435 πενήτων
3107 366 3184 428 είς
3210 364 3268 416 τὺ
3314 364 3714 438 γλωσσόκομον

393 530 396 535 Ι
431 472 626 526 perum
659 472 820 512 causa
845 459 896 510 in
925 471 1236 511 crumenam
1275 455 1650 520 mittebantur,
1687 455 2004 525 pmnitentia

432 549 629 602 ductus
681 547 898 616 triginta
946 555 1232 615 argenteos
1281 546 1615 614 principibus
1661 545 2004 600 sacerdotum

431 639 854 708 senioribusque
887 639 1143 703 restituit;
1181 638 1354 707 liquet
1389 638 1525 692 hanc
1557 639 2004 692 documentorum

429 727 558 784 Jesu
591 730 695 783 vim
721 728 907 794 fuisse,
941 745 1062 798 qua:
1085 731 1417 798 proditorem
1451 729 1623 792 illum,
1648 729 1737 797 qui
1764 729 2001 781 nondum

431 837 495 875 ea
533 836 756 891 prorsus
779 829 1189 890 contempserat
1225 830 1280 873 et
1325 820 1734 890 proculcaverat
1759 859 1773 883 ,
1806 820 1871 872 ad
1906 819 2006 872 nli-

430 929 594 984 quam
615 913 987 983 paenitentiam
1024 912 1338 967 adduceret.
1374 911 1478 966 Sed
1513 921 1565 965 et
1592 911 1729 964 istud
1766 930 1777 964 :
1819 930 1836 962 ‹
1873 911 2018 966 Ρθοοι

429 1007 546 1062 cavi
616 1005 839 1062 tradens
906 1004 1227 1074 sanguinem
1265 1003 1471 1072 justum
1502 1004 1568 1067 ’⁸,
1612 1022 1629 1053 ›
1658 1003 1897 1056 hominis
1919 1011 2003 1056 est

425 1115 580 1155 suum
609 1099 814 1154 crimen
835 1097 1166 1152 conﬁtentis.
1194 1093 1310 1146 Jam
1337 1095 1458 1148 vide
1490 1108 1652 1161 quam
1678 1092 1999 1160 ﬂagrantem

426 1192 523 1256 illi,
554 1205 714 1260 quam
744 1190 1122 1242 vehementem
1158 1186 1399 1240 dolorem
1445 1184 1692 1251 injccerit
1739 1185 1854 1238 haec
1895 1185 2003 1238 cri-

424 1285 628 1337 minum
656 1281 1002 1350 poenitentia,
1021 1289 1079 1332 ut
1105 1293 1204 1332 nec
1234 1278 1440 1331 diutius
1464 1277 1647 1331 vivere
1682 1279 1997 1344 sustineret,

420 1383 474 1428 et
503 1372 786 1428 confestim
819 1369 1055 1440 projecta
1093 1369 1145 1422 in
1175 1367 1428 1437 templum
1457 1367 1682 1436 pecunia
1706 1409 1719 1432 ,
1773 1367 2000 1422 recede-

420 1474 526 1533 ret,
572 1464 776 1527 abiret,
822 1476 879 1517 se
928 1461 1278 1529 suspenderet
1314 1459 1394 1513 sui
1430 1459 1602 1527 ipsius
1643 1459 1842 1526 judex;
1891 1473 1998 1529 quo

421 1558 604 1627 palam
637 1557 789 1623 fecit,
828 1562 1090 1622 quantum
1127 1552 1412 1622 potestatis
1446 1552 1679 1606 haberet
1721 1549 1846 1606 Jesu
1897 1554 1994 1605 do-

420 1647 597 1703 ctrina
621 1648 674 1700 in
709 1645 1062 1708 sceleratum,
1089 1643 1287 1708 furem,
1312 1643 1644 1712 proditorem
1669 1641 1883 1706 Judam,
1904 1643 1995 1711 qui

2113 454 2434 525 βαλλόμενα,
2475 453 2872 524 μεταμεληθεὶς
2909 455 3135 526 ἔστρεψε
3163 455 3227 508 τά
3264 457 3568 526 τριάκοντα
3611 459 3717 531 ἀρ-

2108 545 2273 616 γύριά
2303 548 2416 608 τοῖς
2449 545 2764 616 ἀρχιερεῦσι
2802 548 2894 600 καὶ
2929 547 3335 619 πρεσϐυτέροις·
3378 548 3572 617 δῆλον,
3627 552 3712 605 ὅτι

2106 637 2387 708 δεδύνηταί
2414 655 2532 689 τινα
2570 638 2927 708 μεταμέλειαν
2955 639 3249 709 ἐμποιῆσαι
3280 640 3425 710 αὑτῴ
3476 641 3551 693 τὰ
3602 643 3711 712 Ἰη-

2109 728 2203 781 σοῦ
2238 729 2554 798 μαθήματα,
2588 729 2646 780 οὺ
2687 731 2929 800 πανταχῆ
2960 730 3436 802 καταφρονηθέντα
3476 732 3592 784 ὑπὸ
3615 732 3709 786 τοῦ

2107 820 2366 891 προδότου
2398 820 2488 872 καὶ
2518 820 2951 873 ἀποπτυσθέντα.
2999 821 3156 873 Ἀλλά
3179 821 3272 873 καὶ
3301 822 3379 880 τὸ,
3415 841 3432 871 ι
3476 823 3710 892 ’Ἥμαρ-

2103 930 2195 965 τον
2234 911 2510 984 παραδοὺς
2537 905 2676 982 αἷμα
2704 911 2930 972 δίκαιον,
2979 931 2994 963 ι
3029 913 3527 983 ἐξομολογουμένου
3557 911 3626 985 ῆν
3648 915 3709 968 τὸ

2105 1003 2509 1076 ἡμαρτημένον.
2552 1004 2691 1073 Ὅρα
2719 1003 2774 1054 δὲ
2804 1004 2899 1073 ὅση
2941 1003 3201 1075 διάπυρος
3232 1007 3326 1057 καὶ
3360 1006 3583 1076 σῃοδρὲι
3613 1009 3706 1074 γέ-

2103 1113 2259 1166 γονεν
2287 1093 2434 1164 αὐτῷ
2465 1095 2570 1147 ἀπὸ
2599 1093 2960 1165 μεταμελείας
2979 1095 3078 1164 τῆς
3100 1097 3194 1149 ὲπῖ
3225 1101 3335 1161 τοῖς
3368 1100 3706 1170 ἡμαρτημέ-

2101 1206 2213 1251 νοις
2242 1187 2406 1258 λύπη,
2443 1187 2518 1250 ὡς
2555 1186 2692 1257 μηδὲ
2720 1187 2779 1239 τὸ
2809 1186 2905 1258 ζῇν
2939 1189 3100 1241 αὑτὸν
3128 1189 3204 1241 ἔτι
3231 1191 3555 1260 ὑπομεῖναι,
3589 1192 3706 1245 ἀλλ’

2101 1281 2180 1342 είς
2205 1280 2294 1332 τὸν
2326 1280 2451 1332 ναὸν
2484 1277 2714 1349 ῥίψαντα
2747 1278 2806 1329 τὸ
2828 1279 3106 1350 ἀργύριον,
3159 1282 3525 1352 ἀναχωρῆσαι
3547 1323 3562 1345 ,
3613 1286 3705 1337 καὶ

2101 1369 2374 1432 ἀπελθεῖν,
2410 1370 2502 1423 καὶ
2539 1367 2904 1437 ἀπάγξασθαι·
2957 1371 3145 1424 ἐαυτὸν
3191 1373 3299 1444 γὰρ
3345 1375 3702 1437 κατεδίκασε,

2101 1461 2334 1526 δεικνὺς,
2365 1463 2486 1514 ὅσον
2511 1461 2729 1516 ἐδύνατο
2754 1465 2844 1514 καὶ
2868 1463 2922 1515 ἐν
2954 1462 3030 1532 τῷ
3058 1464 3364 1535 ἁμαρτωλῷ
3387 1465 3468 1534 τῷ
3505 1466 3696 1537 Ἰούδᾳ,

2100 1554 2177 1624 τῷ
2208 1554 2412 1624 κλέπτῃ
2448 1555 2538 1606 καὶ
2567 1555 2818 1627 προδότῃ,
2860 1558 2892 1626 ἡ
2935 1555 3106 1627 Ἰησοῦ
3139 1557 3484 1620 διδασκαλία,
3516 1559 3579 1610 οὐ
3609 1559 3702 1610 δυ-

2102 1646 2314 1715 νηθέντι
2349 1646 2521 1716 πάντη
2547 1649 2954 1718 καταφρονῆσαι
2988 1643 3060 1701 ὧν
3090 1649 3196 1702 ἀπὸ
3230 1649 3322 1702 τοῦ
3365 1650 3553 1720 Ἰησοῦ
3605 1669 3698 1721 με·

423 1755 528 1795 non
564 1739 784 1793 omnino
813 1746 1059 1805 potuerat
1090 1753 1154 1792 ex
1192 1737 1375 1791 animo
1420 1735 1601 1790 delere
1629 1751 1750 1807 quae
1799 1751 1828 1788 a
1868 1735 1988 1791 Jesu

2103 1737 2367 1809 μάθηκεν.
2401 1740 2468 1789 Ἢ
2490 1738 2557 1790 τὰ
2586 1739 2681 1809 μὲν
2705 1740 3032 1809 ἐμφαίνοντα
3055 1741 3113 1794 τὸ
3143 1741 3216 1812 μὴ
3241 1743 3420 1813 πάντη
3447 1745 3700 1796 ἀποστα-

427 1833 751 1901 accepisset.
783 1832 866 1885 An
906 1831 1088 1886 dicent
1111 1828 1253 1884 Celsi
1289 1829 1563 1899 gregales,
1600 1845 1719 1898 quae
1763 1831 1995 1900 probant

420 1923 638 1991 ludam,
665 1923 1004 1993 quantalibet
1036 1922 1199 1975 fuerit
1229 1923 1280 1975 in
1316 1925 1633 1991 magistrum
1665 1938 1823 1977 suum
1867 1937 1994 1990 per-

426 2018 575 2082 tidia,
613 2032 716 2071 non
751 2017 916 2070 fuisse
943 2026 1119 2068 tamen
1153 2014 1221 2067 ab
1255 2013 1346 2068 illo
1367 2030 1587 2084 prorsus
1615 2015 1888 2080 alienum,
1928 2029 1992 2068 ea

418 2109 588 2163 fuisse
617 2107 869 2170 conficta;
898 2106 948 2158 id
977 2118 1105 2158 vero
1131 2119 1294 2156 unum
1323 2118 1443 2158 esse
1470 2120 1682 2168 verum,
1717 2103 1901 2157 Jesum
1929 2104 1996 2158 ab

419 2216 526 2255 uno
546 2213 578 2255 e
603 2199 716 2252 suis
747 2196 1028 2265 discipulis
1056 2195 1326 2264 proditum
1354 2194 1521 2250 fuisse
1546 2196 1569 2249 ?
1599 2196 1676 2249 An
1699 2195 1996 2264 Scripturis

415 2295 616 2349 addent
651 2291 842 2346 Judam
876 2306 940 2344 ex
993 2298 1104 2343 toto
1142 2291 1322 2342 animo
1350 2290 1697 2358 prodidisse?
1739 2289 1904 2358 Atqui
1941 2291 1991 2342 in

415 2385 765 2441 admittendis
784 2383 867 2438 vel
899 2382 1203 2452 rejiciendis
1233 2383 1546 2438 earumdem
1582 2382 1991 2449 Scripturarum

416 2480 767 2544 testimoniis,
797 2477 932 2532 nihil
964 2487 1162 2548 praeter
1187 2477 1370 2532 odium
1402 2475 1554 2543 sequi
1593 2474 1990 2544 perabsurdum

414 2585 518 2632 εει.
543 2573 652 2628 Sed
682 2570 927 2637 de_Juda,
959 2572 1002 2625 si
1025 2571 1096 2624 ita
1121 2584 1256 2638 opus
1282 2578 1384 2633 est,
1419 2567 1681 2620 addemus
1705 2581 1992 2635 argumen-

415 2681 556 2734 tum,
591 2668 736 2737 quod
771 2664 1104 2721 adversariis
1148 2663 1411 2733 pudorem
1460 2659 1708 2714 incutiat.
1759 2658 1811 2711 In
1851 2657 1992 2710 libro

409 2759 754 2816 Psalmorum
790 2757 1124 2812 centesimus
1154 2763 1379 2810 octavus
1413 2762 1583 2816 totus,
1616 2750 1706 2820 qui
1746 2750 1825 2804 sie
1856 2750 1990 2802 inci-

411 2854 540 2922 pit:
585 2871 602 2903 :
641 2853 804 2916 Deus,
835 2850 1048 2906 laudem
1100 2862 1275 2901 meam
1313 2859 1382 2901 ne
1432 2844 1663 2900 tacueris
1691 2883 1707 2909 ,
1757 2842 1881 2914 quia
1926 2856 1988 2894 os

411 2945 719 3014 peccatoris
748 2950 802 2998 et
841 2957 902 2998 os
934 2941 1108 2996 dolosi
1136 2953 1300 3007 super
1327 2953 1414 2992 me
1448 2949 1692 3007 apertum
1745 2945 1829 2989 est
1859 2935 1925 2999 ³⁷,
1964 2951 1982 2983 ι

411 3035 732 3092 vaticinium
760 3033 827 3088 de
851 3033 986 3088 Juda
1021 3030 1283 3087 continet.
1331 3028 1408 3084 lbi
1455 3029 1769 3099 praedicitur
1793 3025 1984 3082 Judam
2017 3059 2061 3121 Ο

412 3145 478 3186 ex
506 3127 877 3198 apostolorum
905 3138 1133 3179 numero
1163 3123 1334 3176 fuisse
1380 3130 1570 3190 suapte
1603 3119 1758 3189 culpa
1801 3118 1986 3174 exclu-

413 3237 554 3285 sum;
586 3219 748 3274 alimu
777 3226 960 3271 autem
993 3215 1046 3268 in
1075 3215 1193 3283 ejus
1227 3213 1402 3266 locum
1433 3210 1597 3265 fuisse
1635 3208 1987 3279 subrogatum

415 3311 492 3366 sic
527 3307 970 3378 praenuntiatum
1023 3323 1040 3355 ι
1080 3303 1146 3357 Ει
1175 3302 1542 3370 episcopatum
1597 3297 1714 3367 ejus
1757 3299 1990 3367 accipiat

411 3399 549 3454 alter
571 3397 639 3452 ”.
665 3414 684 3448 ι
726 3393 860 3450 Volo
883 3403 1058 3446 tamen
1085 3390 1266 3446 Jesum
1295 3391 1463 3446 fuisse
1491 3390 1760 3461 proditum
1788 3388 1856 3441 ab
1881 3401 1986 3442 uno

409 3507 438 3540 (ι
471 3488 587 3544 suis
619 3482 919 3553 discipulis,
963 3482 1052 3552 qui
1084 3479 1221 3536 Juda
1271 3479 1423 3550 pejor
1473 3479 1681 3543 fuerit,
1727 3487 1783 3532 et
1831 3477 1986 3545 quasi

407 3578 570 3651 397
597 3593 663 3631 ex
689 3577 872 3630 animo
893 3571 1183 3644 projecerit
1211 3571 1391 3628 omnia
1425 3587 1544 3642 qua:
1578 3589 1605 3626 a
1633 3570 1759 3626 .lesu
1785 3570 1987 3625 didice-

410 3681 496 3723 rat
529 3687 542 3723 :
587 3667 716 3737 quid
747 3664 988 3720 hocJesu
1018 3673 1112 3717 aut
1140 3661 1384 3734 religioni
1420 3665 1747 3718 Christiana:
1774 3662 1985 3718 nocet?

407 3760 688 3826 Quomodo
717 3759 841 3813 inde
862 3756 1082 3824 colligas
1109 3755 1302 3810 falsam
1334 3770 1455 3810 esse
1481 3755 1807 3810 doctrinam?
1829 3755 1982 3822 Quod

407 3853 674 3919 sequitur,
698 3849 810 3916 jam
842 3856 1002 3901 antea
1049 3846 1367 3903 refellimus.
1407 3845 1702 3901 Probatum
1753 3846 1898 3901 enim
1952 3859 1984 3900 a

412 3943 564 3998 nobis
614 3948 697 3994 est
733 3937 917 3993 .Iesum
964 3952 1067 3992 non
1122 3953 1245 3992 cum
1292 3938 1502 4003 fugeret
1559 3945 1772 4004 captum
1819 3951 1982 4002 esse,

405 4027 502 4085 sed
531 4034 843 4082 nostrorum
892 4025 1132 4078 omnium
1190 4039 1354 4080 causa
1390 4024 1659 4078 volentem
1708 4039 1766 4078 se
1813 4025 1982 4078 tradi-

404 4121 551 4176 disse
579 4136 594 4174 :
622 4135 688 4174 ex
713 4133 821 4188 quo
847 4130 1188 4185 consequens
1220 4125 1302 4170 est
1329 4125 1408 4181 ut,
1439 4115 1482 4170 si
1506 4116 1722 4170 vinctus
1749 4115 1840 4181 sit,
1864 4116 1983 4170 vin-

403 4217 526 4262 ctus
564 4206 634 4261 sit
656 4206 868 4262 volens.
911 4203 1030 4271 Quo
1079 4219 1181 4260 nos
1223 4203 1408 4259 docuit
1456 4204 1570 4259 haec
1597 4203 1827 4260 libenter
1871 4205 1980 4274 pati

401 4299 614 4366 pietatis
634 4313 814 4355 causa.

2098 1830 2247 1883 τικὸν
2267 1831 2360 1883 τοῦ
2404 1831 2596 1895 Ἰούδα,
2629 1835 2722 1886 καὶ
2761 1835 2896 1906 μετά
2926 1834 2990 1888 τὰ
3022 1834 3392 1906 τετολμημένα
3428 1833 3578 1887 κατά
3605 1835 3696 1888 τοῦ

2096 1922 2436 1984 διδασκάλου,
2476 1923 2766 1994 πλάσματα
2814 1926 3025 1996 ἐροῦσιν
3071 1927 3118 1978 οἱ
3162 1927 3290 1999 περί
3323 1927 3416 1979 τὸν
3462 1929 3692 1980 Κέλσονο

2100 2015 2257 2084 μόνον
2289 2013 2332 2065 δ’
2364 2013 2580 2084 ἀληθὲς,
2612 2017 2693 2069 ὅτι
2723 2012 2803 2080 εἷς
2824 2017 2930 2069 τῶν
2964 2017 3218 2088 μαθητῶν
3249 2018 3570 2090 προέδωκεν
3598 2020 3691 2072 αὖ·

2097 2103 2188 2156 τόν
2214 2121 2226 2134 ’
2266 2107 2358 2159 καὶ
2405 2107 2772 2178 προσθήσουσι
2817 2107 2895 2178 τῷ
2949 2110 3317 2180 γεγραμμένῳ
3351 2112 3434 2163 ὅτι
3467 2112 3567 2163 καὶ
3601 2111 3693 2182 ὅλῃ

2094 2195 2238 2267 ψυχῇ
2275 2197 2580 2269 προέδωκεν
2603 2199 2784 2262 αύτόν;
2811 2201 2946 2270 ὅπερ
2971 2201 3117 2253 ἐστὶν
3143 2200 3422 2263 ἀπίθανον,
3442 2202 3558 2254 ἀπὸ
3585 2201 3688 2254 τῶν

2095 2287 2258 2340 αὑτοῦ
2304 2289 2646 2358 γραμμάτων
2700 2291 2874 2343 πάντα
2901 2290 2974 2353 ὡς
3007 2292 3198 2362 ἐχθρὸν
3238 2297 3442 2357 ποιεῖν,
3499 2297 3593 2346 καὶ
3631 2291 3688 2346 τὸ

2095 2377 2370 2432 πιστεύειν
2405 2380 2496 2432 καὶ
2529 2380 2589 2432 τὸ
2631 2382 2897 2434 ἀπιστεῖν.
2941 2383 3004 2434 Εἰ
3051 2381 3106 2434 δὲ
3158 2383 3239 2435 δεῖ
3283 2383 3375 2436 καὶ
3419 2385 3557 2455 περὶ
3598 2381 3684 2437 τοῦ

2107 2465 2276 2519 Ἰούδα
2300 2469 2678 2539 δυσωπητικόν
2705 2489 2822 2522 τινα
2847 2471 3186 2543 παραθέσθαι
3210 2473 3388 2542 λόγον,
3413 2477 3684 2545 φήσομεν,

2092 2556 2172 2608 ὅτι
2205 2559 2260 2609 ἐν
2287 2561 2350 2627 τῇ
2391 2558 2558 2628 βίϐλῳ
2584 2559 2690 2611 τῶν
2708 2559 2951 2630 ιΓαλμῶν
2984 2561 3102 2624 ὅλος
3125 2564 3152 2614 ὁ
3179 2563 3474 2626 ἑκατοστὸς
3507 2563 3684 2631 ὄγδοος

2091 2646 2304 2717 ψαλμὸς
2322 2649 2420 2718 τὴν
2446 2649 2572 2720 περί
2601 2647 2690 2700 τοῦ
2729 2648 2896 2700 Ἰούδα
2921 2651 3161 2721 περιέχει
3191 2652 3298 2721 (89)
3319 2655 3681 2724 προφητείαν,

2091 2731 2149 2790 οὗ
2221 2737 2383 2808 ἀρχή’
2425 2756 2443 2787 ι
2480 2739 2535 2790 '0
2558 2738 2688 2802 Θεὸς
2709 2738 2807 2809 τὴν
2835 2739 3040 2792 αἴνεσίν
3067 2757 3167 2810 μου
3210 2742 3282 2812 μὴ
3317 2745 3682 2815 παρασιωπή-

2094 2843 2191 2900 σῃς
2245 2829 2325 2880 ὅτι
2359 2829 2533 2899 στόμα
2565 2829 2890 2900 ἀμαρτωλοῦ
2923 2830 3017 2883 καὶ
3049 2831 3219 2902 στόμα
3244 2833 3419 2885 δολίου
3468 2835 3555 2887 ἐπ’
3585 2833 3680 2904 ἐμὲ

2091 2917 2335 2986 ἠνοίχθη.
2377 2937 2392 2968 ι
2428 2919 2833 2989 Προφητεύεται
2863 2919 2906 2972 δ’
2938 2920 2995 2971 ἐν
3026 2918 3191 2988 αύτῷ,
3223 2921 3317 2973 καὶ
3355 2923 3438 2974 ὅτι
3487 2924 3681 2986 Ἰούδας

2093 3009 2185 3062 τοῦ
2219 3009 2315 3078 μὲν
2349 3009 2456 3061 τῶν
2495 3009 2804 3062 ἀποστόλων
2843 3009 3186 3083 ἀπεχώρισεν
3225 3009 3418 3066 ἑαυτὸν
3463 3015 3555 3068 διὰ
3586 3016 3679 3089 τὴν

2093 3100 2367 3170 ἁμαρτίαν
2401 3099 2658 3171 ἀριθμοῦ,
2691 3103 2770 3164 εἰς
2796 3101 2853 3154 δὲ
2885 3102 2974 3154 τὸν
3002 3101 3165 3155 τόπον
3198 3101 3306 3172 (90)
3351 3105 3526 3159 αὑτοῦ
3569 3107 3678 3158 ἐτε-

2092 3207 2182 3262 ρος
2212 3191 2484 3262 ἐνεκρίθη·
2518 3192 2612 3244 καὶ
2641 3191 2796 3246 τοῦτο
2820 3192 3070 3262 δηλοῦται
3109 3195 3167 3246 ἐν
3199 3193 3303 3264 τῷο
3353 3215 3371 3246 ι
3424 3198 3542 3251 Καὶ
3586 3197 3678 3268 τὴν

2089 3281 2395 3352 ἐπισκοπὴν
2421 3282 2584 3334 αὑτοῦ
2609 3282 2761 3334 λάϐοι
2789 3283 2993 3354 ἕτερος.
3036 3302 3053 3334 ι
3093 3284 3251 3337 Ἀλλά
3270 3285 3378 3357 γὰρ
3409 3288 3549 3361 φέρε
3578 3288 3678 3341 ὑπό

2087 3391 2232 3437 τινος
2256 3373 2363 3427 τῶν
2384 3373 2640 3445 μαΟητῶν
2665 3375 2826 3428 αὑτὸν
2843 3375 3194 3444 προδεδόσθαι
3219 3379 3481 3448 χειρόνως
3513 3380 3675 3433 Ἰούδα

2087 3464 2440 3530 διατεθέντος,
2460 3466 2552 3519 καὶ
2573 3466 2810 3537 ὡσπερεὶ
2834 3466 3119 3536 ἐκχέαντος
3139 3468 3344 3532 πάντας
3359 3469 3449 3533 οὓς
3477 3474 3673 3541 ἤκουσε

2088 3557 2239 3630 παρὰ
2270 3558 2360 3611 τοῦ
2409 3557 2584 3628 Ἰησοῦ
2619 3558 2826 3627 λόγους
2869 3560 2921 3611 τί
2955 3559 3112 3614 τοῦτο
3161 3563 3296 3632 πρὸς
3339 3565 3672 3637 κατηγορίαν

2100 3651 2272 3722 Ἰησοῦ
2298 3651 2329 3721 ἢ
2352 3649 2780 3721 Χριστιανισμοῦ
2821 3651 3206 3721 συμϐάλλεται;
3231 3656 3342 3707 Καὶ
3368 3655 3488 3719 πῶς
3520 3656 3672 3709 τοῦτο

2084 3748 2249 3820 ψευδῆ
2297 3749 2387 3801 τὸν
2429 3749 2584 3818 λόγον
2616 3749 3030 3812 ἀποδείκνυσιν;
3089 3747 3576 3818 Ἀπελογησάμεθα
3614 3747 3669 3800 δέ

2085 3840 2350 3912 περὶτῶν
2384 3840 2509 3911 ἑξῆς
2553 3841 2647 3893 καὶ
2691 3843 2747 3893 ὲν
2779 3844 2890 3904 τοῖς
2931 3841 3035 3911 πρὸ
3076 3839 3300 3902 τούτων,
3339 3839 3665 3904 δεικνύντες,

2084 3933 2165 3985 ὅτι
2198 3933 2257 3986 οὐ
2295 3933 2510 4002 φεύγων
2541 3933 2682 3986 ἑάλω
2704 3935 2730 3985 ὁ
2773 3931 2998 4003 Ἰησοῦ-ς,
3029 3931 3142 3984 ἀλλ’
3169 3930 3308 3983 ἐκὼν
3340 3931 3480 4002 ὑπὲρ
3515 3929 3667 4002 ἡμῶν

2084 4019 2301 4072 πάντων
2335 4019 2649 4090 παρέδωκεν
2683 4019 2891 4071 ἑαυτόν·
2930 4011 2973 4084 ᾧ
3002 4018 3287 4072 ἀκόλουθόν
3319 4020 3463 4072 ἐστιν
3491 4062 3509 4084 ,
3552 4019 3662 4074 ὅτι.

2085 4115 2132 4165 εί
2183 4114 2275 4166 καὶ
2307 4112 2460 4184 ἐδέθη
2488 4153 2501 4177 ,
2543 4111 2684 4167 ἐκὼν
2724 4113 2878 4183 ἐδέθη
2906 4130 2918 4143 ·
2959 4112 3225 4165 διδάσκων
3276 4110 3349 4183 μὴ
3397 4112 3663 4172 ἀκουσίως

2083 4203 2230 4273 ἡμᾶς
2254 4204 2392 4275 ὑπὲρ
2426 4203 2705 4267 εὐσεϐείας
2733 4203 2906 4257 ταῦτα
2938 4201 3362 4274 ἀναλαμϐάνειν.

473 4391 562 4446 12.
599 4389 724 4447 Haec
763 4392 928 4447 etiam
982 4405 1210 4462 prorsus
1242 4389 1473 4460 puerilia
1507 4389 1641 4444 mihi
1671 4389 1925 4444 videntur
1957 4408 1968 4442 :

2153 4381 2497 4454 Παιδαριώδη
2555 4382 2614 4434 δέ
2679 4398 2766 4451 μοι
2800 4381 2946 4434 δοκεῖ
2998 4381 3090 4434 καὶ
3160 4380 3228 4433 τά
3284 4378 3529 4445 τοιαῦτα,
3579 4379 3657 4432 ὅτι

406 4479 632 4537 «Bonus
681 4482 1003 4551 imperator,
1047 4481 1248 4552 inquit,
1289 4489 1344 4535 et
1397 4482 1690 4536 multorum
1741 4481 1973 4536 millium

401 4571 511 4625 dux
544 4587 819 4641 nunquam
851 4571 1100 4642 proditus
1135 4579 1254 4636 est;
1291 4585 1358 4624 ne
1386 4570 1726 4627 facinorosus
1754 4571 1974 4642 quidem

402 4664 677 4717 latronum
709 4664 984 4732 princeps,
1013 4669 1068 4716 et
1099 4662 1487 4732 perditissimis
1530 4663 1844 4720 hominibus
1871 4663 1976 4716 im-

397 4770 618 4826 perans,
664 4757 777 4810 suis
825 4756 988 4810 modo
1021 4755 1298 4810 videretur
1340 4753 1513 4808 utilis.
1542 4753 1706 4809 .lesus
1736 4768 1867 4808 vero
1907 4753 1974 4809 ab

400 4853 470 4906 iis
520 4851 790 4920 proditus,
821 4850 916 4920 qui
971 4850 1072 4920 ipsi
1123 4849 1326 4905 subditi
1365 4857 1562 4916 erant,
1618 4861 1716 4902 nec
1770 4849 1970 4901 bonum

399 4941 782 5009 imperatorem
822 4941 956 5009 egit,
988 4957 1090 4996 nec
1127 4956 1225 4996 sua
1283 4939 1585 4992 calliditate
1615 4936 1857 5006 deceptis
1889 4936 1970 4989 di-

398 5031 624 5102 scipulis
665 5031 749 5086 vel
796 5046 916 5088 eam
973 5045 1100 5102 erga
1163 5046 1220 5086 se
1264 5029 1460 5084 indidit
1505 5028 1968 5090 benevolentiam,

396 5119 610 5189 qualem
645 5133 772 5190 erga
809 5133 990 5183 suum,
1018 5127 1078 5171 ut
1113 5119 1184 5173 ita
1226 5119 1426 5182 dicam,
1459 5117 1758 5187 principem
1803 5117 1971 5172 latro-

392 5230 492 5268 nes
533 5213 823 5278 exhibent;
857 5231 876 5264 ι
915 5226 1040 5265 nam
1090 5225 1197 5264 non
1248 5209 1446 5264 desunt
1475 5211 1736 5264 historica
1769 5224 1965 5263 monu-

457 5333 504 5365 ’⁸
542 5331 702 5387 Joan.
733 5349 809 5386 xu
837 5373 851 5396 ,
899 5332 953 5387 6.
1073 5328 1119 5359 "
1148 5327 1340 5381 Matth.
1400 5343 1576 5397 xxvn,
1616 5329 1670 5383 4.

394 5491 404 5502 .
465 5420 579 5490 (89)
615 5421 728 5502 Duo
756 5419 912 5474 codd.
937 5416 1248 5488 Anglicani,
1277 5415 1411 5486 ἔχει,
1442 5417 1625 5486 sicque
1657 5415 1791 5470 libb.
1839 5416 1967 5469 editi

394 5505 781 5630 Hi
817 5559 1034 5630 Regius,
1064 5555 1406 5630 ἀπεχώρισεν
1441 5557 1631 5612 ἑαυτὸν
1672 5555 1832 5630 χοροῦ
1872 5554 1974 5630 ’διὰ

393 5628 495 5698 τὴν
524 5630 814 5714 ἁμαρτίανο
841 5631 918 5692 εἰς
941 5629 994 5681 δέ
1014 5629 1123 5714 τόν.
1150 5627 1309 5714 l‘f‘iu‘l'o
1335 5640 1451 5714 ppst
1471 5631 1577 5711 duo
1601 5627 1974 5714 Anglicaninet

399 5711 590 5753 recens
624 5698 934 5762 Vaticanus,
966 5703 1145 5767 χεῖρον
1178 5699 1212 5768 ἢ
1253 5698 1440 5766 Ἰούδα,
1471 5701 1656 5772 sicque
1682 5698 1806 5755 libri
1840 5698 1972 5753 editi

1750 5330 1793 5360 ’⁷
1829 5327 1977 5382 Psal.
2004 5343 2155 5390 cvm,
2187 5327 2236 5381 1.

2087 4492 2105 4524 ι
2128 4473 2438 4544 Στρατηγὸς
2476 4471 2572 4542 μὲν
2606 4471 2809 4540 ἀγαθὸς
2839 4471 2933 4524 καὶ
2973 4469 3184 4524 πολλῶν
3222 4471 3498 4542 μυριάδων
3523 4474 3656 4542 ἡγηο

2082 4563 2312 4634 σάμενος
2340 4562 2680 4616 οὐδεπώποτε
2729 4560 2998 4633 προὺδόθη
3021 4579 3034 4591 ·
3070 4561 3182 4614 ἀλλ’
3211 4561 3330 4614 οὐδὲ
3358 4561 3653 4632 λῄσταρχος

2079 4655 2313 4727 πονηρὸς
2362 4656 2457 4709 καὶ
2519 4656 2892 4726 παμπονήρων
2948 4654 3152 4725 ἄρχων,
3209 4654 3482 4724 ὠφέλιμος
3542 4651 3647 4711 τοῖς

2081 4748 2328 4802 συνοῦσιν
2370 4744 2507 4802 εἶναι
2545 4747 2715 4800 δοκῶν
2743 4762 2756 4776 ⁸
2795 4747 2956 4811 αὐτὸς
2997 4748 3070 4811 δέ,
3105 4747 3380 4818 προδοθεὶς
3412 4747 3514 4799 ὑπὸ
3539 4743 3643 4796 τῶν

2079 4841 2168 4892 ὑπ’
2209 4838 2376 4910 αὐτῷ,
2416 4837 2538 4891 οὔτε
2587 4838 2662 4900 ὼς
2703 4837 3004 4908 στρατηγὸς
3042 4832 3205 4907 ἧρξεν
3250 4835 3484 4904 ἀγαθὸς,
3537 4830 3639 4885 οὔτ’

2077 4933 2366 5003 ἀπατήσας
2400 4932 2528 4994 τοὺς
2569 4930 2814 5001 μαθητὰς
2857 4930 2994 5000 (91),
3029 4929 3130 4982 κᾶν
3162 4929 3259 4999 τὴν
3288 4929 3363 4991 ὡς
3395 4927 3529 4998 πρὸς
3561 4921 3644 4994 λῄο

2079 5041 2310 5095 σταρχον
2345 5024 2432 5094 (ἵν’
2457 5021 2628 5085 οὕτως
2667 5022 2960 5092 ὀνομάσω),
2988 5021 3198 5076 εὔνοιαν
3234 5022 3512 5090 ἐνεποίησε
3538 5019 3640 5075 τοῖς

2077 5114 2433 5184 ἀπατηθεῖσι·
2469 5133 2486 5165 ›
2536 5112 2734 5176 πολλὰς
2794 5113 2901 5183 γὰρ
2953 5115 3016 5167 ἄν
3075 5131 3160 5176 τις
3202 5113 3352 5184 εὖροι
3409 5109 3638 5182 ἱστορίας

2077 5207 2205 5276 περὶ
2246 5203 2566 5275 στρατηγῶν
2610 5201 2976 5272 προδοθέντων
3025 5203 3130 5256 ὑπὸ
3163 5203 3270 5255 τῶν
3305 5202 3516 5254 οἰκείων
3547 5193 3635 5249 καὶ

2315 5324 2360 5355 ’⁸
2396 5323 2556 5389 lbid.,
2588 5324 2642 5378 8.

2076 5415 2128 5467 in
2175 5412 2436 5482 margine.
2484 5413 2653 5482 tiodd.
2709 5410 2930 5482 Regius,
2993 5409 3323 5482 pasileensis
3391 5420 3445 5462 et
3489 5411 3631 5482 vetus

2079 5472 2387 5552 Vaticanus.
2424 5480 2662 5552 χείρονος
2692 5481 2723 5550 ἦ
2771 5472 2956 5532 Ἰούδα.
2985 5479 3248 5552 Julianus,
3278 5483 3464 5552 χεῖρον
3501 5475 3533 5547 ἧ
3559 5472 3631 5533 ὡς

2085 5553 2299 5613 Ἰούδας.
2344 5549 2660 5605 [Λιιιιίοιιίιί
2688 5549 2746 5621 in
2777 5560 2948 5621 textu,
2979 5549 3233 5619 χειρόνως
3277 5549 3464 5621 Ἰούδα.
3520 5614 3557 5621 __
3587 5609 3599 5621 .

2149 5624 2259 5693 (9i)
2305 5621 2450 5693 Τοὺς
2467 5618 2753 5689 μαθητάς.
2785 5614 3158 5693 imaginem":
3190 5635 3241 5672 ιιι
3291 5619 3440 5693 libris
3468 5614 3635 5672 editis

2075 5703 2130 5749 et
2159 5689 2353 5748 codice
2385 5690 2622 5759 Joliano,
2657 5693 2750 5746 sed
2782 5692 2832 5745 in
2873 5689 2993 5745 aliis
3037 5704 3167 5744 mss.
3201 5691 3578 5759 reperiuntur.
