3998 6170
485 329 590 383 819

1937 319 2258 375 ORlGE-NIS

3618 312 3739 369 820

555 441 643 494 15.
707 440 800 494 Sic
835 450 1016 509 postea
1070 438 1290 493 Judaeus
1343 437 1483 506 apud
1534 436 1753 492 Celsum
1789 451 1854 488 ι(
1881 432 2022 487 Mult:

2218 429 2372 484 Μετὰ
2425 428 2597 484 ταῦτά
2642 449 2804 502 φησιν
2855 433 2883 484 ὁ
2933 430 3085 500 παρὰ
3125 427 3202 498 τῷ
3227 426 3418 496 Κέλσῳ
3453 424 3732 488 Ἰουδαῖος,

482 532 659 586 habeo
715 547 833 598 qua:
869 531 936 583 de
980 529 1105 583 Jcsu
1139 531 1300 588 rebus
1331 528 1547 593 dicam,
1586 541 1759 595 eaque
1814 540 1940 580 vera
1994 534 2050 579 et

481 621 694 675 diversa
726 621 794 673 ab
831 622 896 673 iis
955 634 1074 686 quae
1120 617 1240 686 ejus
1283 618 1530 686 discipuli
1558 618 1927 685 scripserunt;
1953 617 2048 670 sed

478 727 544 763 ea
585 711 774 763 lubens
820 718 1097 775 praetereo.
1125 727 1144 758 ι
1189 709 1469 772 Quantam,
1509 708 1758 770 obsecro,
1798 707 1887 760 illa
1916 721 2045 760 vera

478 813 622 862 sunt,
661 801 743 862 iis,
771 815 890 868 qua:
940 800 1140 868 scripta
1184 800 1404 855 fuerunt
1444 803 1497 853 itt
1534 799 1861 870 Evangeliis,
1885 799 2045 854 dissi-

479 893 648 955 milia,
670 908 788 959 qttze
805 890 951 944 Celsi
975 887 1194 946 .ludacus
1224 892 1626 962 prmtermittit?
1647 893 1726 944 Att
1757 890 1898 944 forte
1923 889 2047 943 rhe—

477 983 650 1036 torico
679 981 964 1036 schemate
998 999 1128 1037 usus
1174 983 1329 1051 fingit
1369 998 1427 1037 se
1463 982 1666 1036 habere
1692 984 1838 1050 quod
1873 980 2042 1044 dicat,

474 1087 573 1126 nec
621 1087 799 1126 tamen
857 1083 1053 1141 prmter
1103 1073 1460 1142 Evangelium
1530 1073 1695 1127 habet
1741 1072 2040 1142 quidquam

472 1166 614 1239 quod
665 1165 894 1219 veritate
943 1179 1163 1219 movere
1208 1166 1514 1218 auditorem
1565 1174 1753 1233 queat,
1807 1174 1901 1218 aut
1932 1179 2041 1232 quo

477 1256 635 1310 Jesus
669 1256 1024 1323 doctrinaque
1055 1254 1170 1321 ejus
1200 1255 1487 1309 mauichte
1520 1255 1769 1308 accusari
1807 1253 2043 1321 possint?

469 1344 813 1399 Criminatur
861 1343 1057 1397 deinde
1107 1343 1444 1412 discipulos,
1511 1343 1708 1411 «quasi
1777 1341 2040 1395 finmtint

470 1438 760 1507 praescisse
811 1437 959 1489 illum
991 1445 1046 1489 et
1077 1437 1392 1504 praedixisse
1419 1451 1759 1503 quaecunque
1811 1434 1914 1488 sibi
1949 1449 2038 1488 ac-

467 1531 740 1584 ciderunt.
773 1549 791 1580 ›
833 1528 936 1582 Sed
967 1527 1066 1581 hoc
1115 1544 1302 1582 verum
1336 1543 1481 1588 esse,
1510 1526 1595 1580 vel
1642 1525 1812 1579 invito
1853 1523 2034 1588 Celso,

465 1618 984 1673 demonstrabimus.
1042 1614 1246 1670 Prtesto
1302 1626 1429 1671 sunt
1490 1615 1636 1668 enim
1692 1614 1886 1679 multa,
1917 1629 2039 1682 quae

464 1709 718 1765 Christus
763 1709 954 1774 edidit,
990 1708 1244 1762 vaticinia
1285 1707 1352 1761 de
1391 1708 1569 1771 rebus,
1605 1721 1727 1774 qua:
1778 1705 2036 1759 Christia-

470 1802 558 1855 nis
608 1803 950 1870 contigerunt
1000 1800 1164 1854 etiam
1217 1799 1524 1853 subsecutis
1573 1797 1934 1867 temporibus.
1967 1797 2035 1852 Et

462 1893 590 1961 quis
621 1911 725 1948 non
757 1893 1053 1948 admiretur
1081 1892 1224 1946 istud
1257 1909 1270 1945 :
1306 1910 1324 1943 ι
1347 1892 1487 1946 Ante
1517 1906 1671 1960 reges
1699 1900 1752 1945 et
1776 1890 2033 1960 praesides

465 1983 736 2036 dueemini
764 1994 983 2052 pr0pter
1019 1998 1102 2036 me
1134 1981 1187 2036 itt
1235 1983 1611 2036 testimonium
1638 1981 1745 2035 illis
1766 1990 1821 2036 et
1852 1982 2029 2052 genti-

461 2076 679 2140 lius'9,»
715 2077 888 2129 aliave
923 2075 1246 2141 similia,ubi
1275 2075 1608 2142 praenuntiat
1638 2073 1878 2127 futurum
1909 2087 2032 2128 esse

471 2181 531 2222 ut
580 2171 662 2223 sui
718 2169 966 2237 discipuli
1024 2169 1366 2222 vexationem
1451 2166 1768 2235 patiantur?
1831 2166 2030 2234 Ecqua:

459 2259 838 2334 euim_exot-ta
897 2270 980 2310 est
1037 2258 1179 2310 inter
1221 2257 1468 2309 homines
1521 2257 1764 2309 doctrina
1805 2267 2029 2325 pr0pter

459 2364 621 2406 quam
674 2350 835 2402 etiam
870 2350 962 2402 alii
1000 2349 1316 2417 puniantur,
1360 2355 1416 2400 ttt
1446 2347 1714 2415 quispiam
1742 2363 1808 2401 ex
1839 2347 1904 2402 iis
1935 2347 2026 2414 qui

460 2437 644 2492 .lesum
672 2439 1036 2492 criminantur
1076 2439 1220 2492 dicat
1261 2439 1534 2493 videntem
1573 2456 1694 2493 cum
1737 2439 1900 2507 impia
1927 2454 2021 2492 sua

457 2529 699 2596 falsaque
761 2529 1014 2597 dogmata
1073 2529 1126 2582 itt
1191 2527 1400 2583 eri.nen
1460 2532 1664 2593 vocari,
1720 2531 1866 2584 laudi
1913 2533 2018 2588 sibi

459 2620 576 2674 fore
628 2632 873 2687 putasse,
903 2619 944 2671 si
981 2620 1122 2672 idem
1163 2629 1487 2674 eventurum
1533 2622 1647 2675 suis
1690 2622 1857 2676 multo
1901 2633 2026 2676 ante

456 2710 934 2778 prwsiguiﬁcat'et?
978 2711 1109 2763 Nam
1153 2711 1198 2764 si
1252 2727 1388 2778 quos
1437 2714 1684 2781 oportuit
1715 2723 1840 2767 ante
1871 2728 2024 2781 rcges

453 2813 509 2854 et
549 2801 806 2870 pra'sides
863 2801 1004 2852 trahi
1068 2811 1290 2868 prepter
1346 2802 1680 2864 doctrinam,
1725 2816 1862 2868 quos
1890 2800 2024 2854 alios

453 2893 719 2959 oportuit,
752 2908 916 2959 quam
949 2892 1251 2960 Epicureos
1284 2894 1375 2960 qui
1405 2893 1811 2947 Providentiam
1845 2911 1875 2948 e
1910 2909 2025 2948 me-

457 2986 545 3035 dio
577 2983 813 3035 tollunt?
853 2983 999 3046 Quos
1051 2981 1210 3047 alios,
1264 2999 1424 3050 quam
1472 2983 1874 3050 Peripateticos
1929 2984 2020 3052 qui

2149 522 2255 585 ὅτι,
2297 541 2315 572 t
2346 521 2521 575 Πολλά
2569 521 2707 593 έχων
2731 521 2910 591 λέγειν
2933 520 3187 592 περὶτῶν
3215 518 3356 572 κατά
3386 516 3477 570 τὸν
3513 517 3732 588 Ἰησοῦν

2148 613 2459 683 γενομένων
2488 612 2582 665 καὶ
2633 611 2829 682 ἀληθῆ,
2884 613 3055 665 καὶού
3081 609 3432 680 παραπλήσια
3473 612 3584 672 τοῖς
3617 611 3731 662 ὑπὸ

2147 703 2254 756 τῶν
2287 701 2540 773 μαθητῶν
2573 699 2667 754 τοῦ
2705 701 2874 771 Ἰησοῦ
2903 702 3210 771 γραφεῖσιν,
3241 695 3381 749 ὲκὼν
3404 697 3583 748 ἐκεῖνα
3611 713 3728 748 πα-

2150 794 2410 865 ραλείπω.
2439 811 2456 844 ι
2495 794 2630 846 Τίνα
2662 788 2754 844 οὖν
2797 788 2907 863 ἆρα
2935 790 3163 859 τάληθῆ,
3191 795 3287 847 καὶ
3321 788 3418 856 ούχ
3459 789 3615 839 ὁποῖα
3661 786 3728 836 ἐν

2145 890 2256 950 τοῖς
2292 885 2641 954 Εύαγγελίοις
2678 885 3011 956 γέγραπται,
3055 882 3090 936 ἃ
3130 878 3450 950 παραλείπει
3496 879 3525 929 ὁ
3568 878 3727 947 παρὰ

2146 977 2336 1048 Κέλσῳ
2381 977 2662 1040 Ίουδαῖος;
2725 977 2816 1039 Ἢ,
2853 974 3083 1046 δοκούσῃ
3134 972 3393 1040 δεινότητι
3456 972 3721 1041 ῥητορικῇ

2146 1069 2528 1140 χρησάμενος,
2575 1070 2945 1138 προσποιεῖται
2987 1064 3083 1134 μὲν
3123 1063 3264 1133 ἔχειν
3309 1062 3514 1130 λέγειν’
3561 1061 3724 1114 οὐδὲν

2141 1161 2199 1213 δὲ
2231 1157 2374 1230 εἶχεν
2405 1161 2514 1228 (97)
2549 1159 2747 1225 ἔξωθεν
2785 1159 2876 1211 τοῦ
2925 1156 3253 1225 Εὐαγγελίου
3307 1155 3511 1225 φέρειν,
3549 1153 3721 1206 δυνά-

2146 1270 2303 1322 μενον
2347 1251 2546 1322 πλῆξαι
2587 1251 2661 1314 ὡς
2712 1250 2906 1320 ἀληθὲς
2942 1250 3000 1302 ὃν
3048 1250 3138 1302 τὸν
3184 1247 3469 1310 ἀκούοντα,
3499 1247 3592 1299 καὶ
3637 1245 3721 1310 ὡς

2140 1344 2385 1414 ἐναργῶς
2413 1342 2752 1414 κατηγοροῦν
2789 1343 2960 1412 Ἰησοῦ
2993 1343 3085 1395 καὶ
3120 1342 3217 1412 τῆς
3247 1339 3592 1402 διδασκαλίας
3616 1341 3719 1392 αύ-

2139 1435 2266 1500 τοῦ;
2309 1435 2558 1504 Ἐγκαλεῖ
2596 1435 2652 1488 δὲ
2684 1438 2796 1498 τοῖς
2831 1433 3120 1504 μαθηταῖς,
3155 1452 3172 1484 ι
3193 1433 3267 1496 ὡς
3316 1433 3713 1502 πλασαμένοις,

2137 1528 2218 1581 ὃτι
2269 1527 2448 1582 πάντα
2488 1528 2554 1580 τὰ
2594 1527 2876 1598 συμϐάντα
2918 1525 3063 1596 αὐτῷ
3107 1526 3310 1588 ἐκεῖνος
3359 1524 3577 1594 προῄδει
3615 1523 3714 1576 καὶ

2139 1619 2476 1690 προειρήκει.
2502 1636 2520 1670 ι
2560 1617 2670 1671 Καὶ
2695 1616 2852 1670 τοῦτο
2890 1616 2947 1669 δέ
2994 1614 3190 1684 ἀληθὲς
3225 1614 3303 1676 ὃν,
3330 1614 3431 1666 κᾶν
3463 1615 3534 1684 μὴ
3565 1614 3713 1666 Κέλ-

2140 1727 2231 1776 σος
2269 1710 2542 1781 βούληται,
2579 1710 3001 1780 παραστήσομεν
3034 1707 3142 1761 ἀπὸ
3177 1707 3385 1760 πολλῶν
3416 1709 3507 1759 καὶ
3531 1706 3713 1761 ἄλλων

2136 1802 2489 1874 προφητικῶς
2545 1801 2650 1854 ὑπὸ
2697 1800 2790 1854 τοῦ
2847 1801 3098 1870 Σωτῆρος
3153 1799 3474 1870 εἰρημένων,
3519 1801 3578 1853 ἐν
3625 1793 3714 1862 οἷς

2134 1897 2361 1964 προεῖπε
2396 1894 2462 1946 τὰ
2513 1895 2858 1964 Χριστιανοῖς
2905 1892 2998 1943 καὶ
3047 1892 3101 1942 ἐν
3146 1893 3262 1954 ταῖς
3296 1889 3517 1960 ὕστερον
3548 1890 3712 1958 γενό-

2135 2003 2268 2055 μενα
2292 1988 2522 2053 γενεαῖς.
2551 1986 2660 2038 Καὶ
2687 1984 2768 2046 τίς
2797 2000 2858 2052 γε
2891 1982 2991 2035 οὐκ
3028 1982 3097 2034 ἂν
3128 1980 3402 2052 θαυμάσαι
3436 1980 3496 2033 τὸ
3521 1999 3714 2052 προει-

2133 2074 2385 2145 ρημένον,
2419 2073 2507 2126 τό·
2539 2092 2558 2124 ι
2594 2073 2715 2125 Ἐπὶ
2744 2072 3014 2143 ἡγεμόνας
3047 2070 3102 2123 δέ
3142 2071 3236 2123 καὶ
3269 2070 3502 2140 βασιλεῖς
3534 2071 3714 2141 ἀχθή-

2132 2164 2288 2216 σεσθε
2329 2164 2512 2217 ἕνεκεν
2553 2163 2686 2233 ἐμοῦ
2741 2164 2819 2225 εἰς
2884 2160 3180 2232 μαρτύριον
3224 2160 3407 2222 αὐτοῖς
3445 2159 3536 2212 καὶ
3590 2163 3707 2222 τοῖς

2126 2255 2330 2307 ἔθνεσι·
2359 2275 2376 2306 ι
2407 2253 2500 2307 καὶ
2547 2255 2600 2306 εῖ
2620 2271 2671 2306 τι
2709 2253 2837 2308 ἄλλο
2890 2253 3017 2324 περὶ
3044 2251 3137 2305 τοῦ
3161 2251 3552 2323 διωχθήσεσθαι
3574 2253 3704 2314 τοὺς

2129 2345 2378 2417 μαθητάς
2415 2344 2579 2399 αὐτοῦ
2613 2347 2879 2415 προεῖπε;
2930 2344 3027 2397 Διά
3065 2347 3215 2398 ποῖον
3248 2343 3355 2414 γὰρ
3391 2343 3564 2413 δόγμα
3591 2345 3702 2396 τῶν

2123 2439 2181 2489 ἐν
2212 2435 2518 2508 ἀνθρώποις
2554 2435 2932 2506 γεγενημένων
2961 2432 3278 2497 κολάζονται
3311 2436 3403 2487 καὶ
3427 2434 3591 2498 ἄλλοι,
3612 2437 3699 2488 ῖνα

2120 2547 2204 2592 τις
2236 2529 2342 2581 τῶν
2376 2525 2824 2598 κατηγορούντων
2867 2523 3038 2596 Ἰησοῦ
3092 2526 3259 2593 λέγοι,
3307 2527 3410 2588 ὅτι,
3447 2526 3586 2597 ὁρῶν
3629 2527 3698 2580 τὰ

2123 2620 2296 2693 ἀσεϐῆ
2346 2620 2378 2690 ἢ
2415 2619 2482 2672 τὰ
2533 2618 2702 2688 ψευδῆ
2748 2617 2856 2671 τῶν
2899 2618 3184 2688 δογμάτων
3226 2618 3694 2690 κατηγορούμενα,

2122 2711 2267 2776 ἔδοξε
2303 2711 2398 2763 καὶ
2443 2709 2601 2762 τοῦτο
2629 2707 2911 2779 σεμνύνειν
2957 2707 3041 2760 διά
3084 2707 3178 2760 τοῦ
3226 2709 3505 2778 προλέγειν
3537 2708 3695 2778 δῆθεν

2125 2803 2250 2872 περὶ
2303 2800 2502 2865 αὐτοῦς
2559 2801 2730 2870 Εἴπερ
2769 2799 2877 2869 γὰρ
2933 2799 3100 2870 ἐχρῆν
3166 2799 3251 2852 διά
3307 2799 3548 2868 δόγματα
3599 2801 3694 2854 ἐπὶ

2122 2891 2394 2962 ἡγεμόνας
2455 2892 2550 2944 καὶ
2604 2889 2840 2960 βασιλεῖς
2901 2891 3127 2959 ἄγεσθαί
3181 2907 3350 2953 τινας,
3405 2889 3498 2942 καὶ
3542 2890 3693 2954 τίνας

2123 2983 2290 3052 ἐχρῆν
2352 2979 2544 3044 ἄλλους
2601 2982 2634 3052 ἢ
2695 2982 3096 3053 Ἐπικουρείους
3144 2979 3254 3052 (98)
3315 2981 3440 3044 τοὺς
3514 2981 3687 3053 πάντη

457 3083 658 3142 negant
690 3073 986 3141 quidquam
1021 3073 1284 3139 proficere
1315 3089 1501 3140 preces
1530 3086 1585 3126 et
1623 3085 1884 3128 mactatas
1909 3073 2019 3128 Nu-

2124 3073 2376 3144 πρόνοιαν
2432 3072 2820 3142 ἀναιροῦντας;
2893 3072 3049 3125 Ἀλλά
3101 3073 3194 3126 καὶ
3246 3073 3371 3136 τοὺς
3436 3071 3543 3126 ἀπὸ
3596 3073 3690 3126 τοῦ

459 3165 588 3216 mini
645 3163 929 3217 victimas?
976 3162 1184 3217 Dixetit
1238 3163 1405 3232 399
1456 3164 1688 3216 fortasse
1727 3165 2016 3233 quispiam,

456 3255 740 3309 Samaritis
781 3255 942 3307 etiam
993 3265 1213 3322 propter
1268 3269 1423 3307 suam
1473 3253 1786 3321 religionem
1825 3268 2017 3322 poenas

455 3349 704 3414 irrogari.
747 3345 1066 3414 Respondco
1111 3344 1349 3399 Sicarius
1392 3345 1568 3414 capite
1611 3345 1855 3399 damnari
1888 3361 2014 3415 pro-

527 3480 573 3510 ²⁹
609 3478 1024 3545 Maltlt.x,18._

523 3591 634 3663 (97)
694 3593 1031 3666 Anglicanus
1090 3595 1298 3662 primus
1367 3605 1420 3648 et
1474 3595 1598 3651 libri
1661 3596 1912 3666 impressi
1947 3602 2012 3653 ad

448 3659 624 3736 oratu.
654 3659 967 3736 ούδὲςεῖχεν.
995 3659 1159 3718 Paulo
1202 3677 1322 3733 post
1360 3681 1550 3719 omnes
1598 3659 1756 3728 mss.,
1813 3667 2012 3736 πλῆξαι

448 3733 524 3854 gos
553 3732 748 3802 ἀληθὲς
782 3733 859 3786 ὅν.
895 3735 1014 3790 Lib.
1054 3737 1182 3790 editi
1207 3732 1270 3788 diu
1310 3746 1487 3799 textu,
1531 3735 1731 3806 πλῆξαι
1772 3735 1848 3802 ὼς
1880 3732 2014 3810 ἁλη-

483 3819 574 3854 ως.

483 3819 574 3863 ως.

521 3870 745 3943 (98)]Ἠ
780 3872 1236 3943 Ἐπικοιφείους.
1267 3872 1493 3943 Elian”
1525 3875 1616 3929 lib.
1666 3891 1741 3943 Ix,
1771 3891 1888 3943 cap.
1946 3883 2015 3930 12

459 3938 588 3992 Var.
639 3939 763 3992 hist.
794 3959 812 3996 :
853 3942 970 3994 ’Ὁτι
1014 3938 1270 4010 Ῥωμαῖοι
1313 3942 1556 3996 Ἀλκαῖον
1615 3938 2011 4000 καῖ’Φιλίσκον

445 4010 573 4082 τοὺς
618 4011 1033 4082 Ἐπικουρείους
1076 4009 1325 4082 ἐξέϐαλον
1373 4011 1473 4081 τῆς
1508 4014 1731 4078 πόλεως,
1767 4015 1846 4066 ὃτι
1880 4017 2012 4068 πολ-

447 4079 552 4133 λῶν
587 4079 678 4134 καὶ
721 4079 938 4153 ἀτόπων
981 4079 1514 4153 ἡδονῶνμείσηγηταὶ
1554 4087 1666 4146 τοῖς
1710 4083 1849 4146 νέοις
1895 4086 2014 4153 ἐγέ-

446 4167 618 4224 νοντο.
635 4150 744 4224 Καὶ
760 4148 1055 4224 Μεσσήνιοι
1078 4151 1140 4224 δέ
1159 4148 1394 4224 ἐξέωσαν
1408 4148 1544 4224 ’τοῦς
1585 4148 2010 4224 Ἐπικουρείους.

451 4238 469 4270 ι
497 4221 724 4274 Romani
762 4220 1002 4275 Alcaeum
1034 4231 1088 4273 et
1122 4220 1416 4273 l’hiliscum
1456 4222 1748 4288 Epicureos
1773 4220 1836 4274 ei
1880 4227 2013 4277 urbe

446 4293 728 4357 ejecerunt
777 4293 937 4361 quod
967 4295 1257 4361 multarum
1287 4300 1340 4342 et
1371 4291 1732 4344 absurdarttm
1761 4294 2008 4361 volupta-

448 4375 558 4413 tum
615 4361 862 4430 magistri
922 4359 1213 4426 juvenibus
1249 4371 1455 4412 essent.
1503 4364 1596 4416 Sic
1649 4373 1702 4415 ct
1761 4359 2008 4418 Mess—cuii

444 4431 740 4501 Epicureos
772 4432 1120 4501 expulerunt.
1146 4448 1164 4501 ι
1194 4431 1458 4501 δνεκσειι.

516 4499 880 4581 ς99)ξὺχάς,
910 4511 1018 4581 etc.
1063 4500 1270 4581 'ArisL',
1328 4500 1418 4553 lih.
1455 4516 1552 4581 vlt,
1582 4500 1775 4581 (τοι).ιὸ
1933 4518 2030 4554 re-.

444 4564 567 4640 nuli.
597 4564 860 4640 ε’Πρῶτον
899 4569 996 4640 μὲν
1029 4564 1121 4621 οὖν
1155 4569 1419 4640 ὑπάρχειν
1452 4569 1532 4621 δεῖ
1572 4564 1800 4640 τροφὴν,
1836 4570 2022 4623 ἔπειτα

441 4639 635 4710 τέχνας
665 4637 909 4710 ςπολλῶνί
931 4638 1040 4707 γὰρ
1073 4637 1335 4710 δργάνων
1373 4638 1541 4710 δεῖται
1587 4637 1646 4691 τὸ
1693 4637 1821 4709 ζῇν)
1851 4656 1863 4668 ·
1899 4641 2020 4710 τρί-

441 4723 534 4758 τον
571 4707 625 4758 es
660 4707 830 4758 ὅπλαο
867 4710 992 4769 τοὺς
1040 4707 1148 4776 γὰρ
1183 4707 1571 4776 κοινωνοῦντας
1604 4707 1896 4775 ἀναγκαῖον
1928 4707 2020 4762 καὶ

443 4777 502 4847 ἐν
525 4777 713 4847 ἀὐτοῖς
747 4776 888 4845 ἔχειν
925 4773 1063 4828 ὅπλα
1096 4773 1325 4847 πρόςτε
1363 4773 1472 4847 τὴν
1509 4778 1683 4847 ἀρχὴν
1721 4773 1832 4830 τῶν
1866 4778 2020 4830 ἀπει-

445 4844 680 4916 θούντων
709 4844 868 4915 χάριν
900 4848 990 4898 καὶ
1014 4844 1157 4914 πρὸς
1181 4846 1305 4916 τοὺς
1347 4844 1774 4916 ἔξωθενάδικεῖν
1809 4849 2017 4916 ἐπιχει-

445 4913 816 4986 ροῦνταςίέτι
847 4913 1144 4986 χρημάτων
1190 4915 1312 4967 τινά
1349 4915 1628 4986 εὐπορίαν,
1663 4918 1809 4980 ὅπως
1855 4913 2016 4985 ἔχωσι

442 4983 537 5056 καὶ
571 4985 704 5056 πρὸς
737 4983 1202 5056 caesura-amo;
1241 4985 1427 5056 χρείας
1471 4983 1564 5038 καί
1612 4987 1746 5056 πρὸς
1793 4983 2017 5056 πολεμι-

441 5055 563 5126 κάς.
602 5053 857 5124 Πέμπτον
890 5055 946 5126 δέ
975 5056 1065 5126 καὶ
1089 5053 1301 5126 πρῶτον
1332 5055 1430 5126 τὴν
1459 5056 1588 5126 περὶ
1618 5053 1679 5108 τὸ
1708 5057 1859 5110 Θεῖον
1891 5053 2013 5109 ἐπι-

443 5124 682 5195 μέλειαν,
729 5126 795 5194 ἢν
854 5124 1448 5193 καλοῦσινίερατείαν.
1507 5124 1787 5179 (Primum
1851 5127 2014 5196 igitur

440 5196 619 5250 victus
672 5212 766 5246 seu
804 5196 1122 5249 alimentum
1155 5203 1441 5262 suppetere
1469 5195 1651 5257 debet.
1692 5195 1888 5250 deinde
1921 5213 2011 5251 ar-

441 5275 544 5320 tes.
588 5266 774 5319 Multis
817 5268 960 5318 enim
1007 5266 1381 5318 instrumentis
1407 5280 1544 5330 opus
1582 5277 1665 5318 est
1697 5267 1762 5319 ad
1812 5268 2011 5333 degen-

438 5336 562 5388 dam
595 5338 779 5388 vitam.
809 5335 999 5389 Tertio
1033 5336 1150 5388 loco
1189 5349 1359 5404 arma.
1397 5335 1500 5386 Eos
1523 5334 1667 5387 enim
1709 5336 1798 5404 qui
1826 5337 2006 5389 socie-

440 5415 608 5458 tatem
658 5406 872 5458 civilem
914 5413 1184 5466 coierunt,
1218 5402 1388 5456 armis
1419 5402 1879 5458 instruetos'esse
1910 5421 2007 5458 ne-

437 5491 590 5528 cesse
613 5487 715 5528 est.
754 5486 808 5528 et
834 5478 1097 5528 adversus
1151 5490 1244 5527 eos
1274 5473 1362 5541 qui
1395 5474 1684 5540 imperium
1717 5485 2001 5542 respuunt,

439 5545 754 5610 leuibusmte
793 5561 984 5608 parere
1021 5545 1231 5602 uolunt,
1260 5555 1312 5596 et
1347 5544 1612 5595 adversus
1638 5554 1895 5596 externos
1921 5545 2005 5596 itt-

436 5614 631 5681 iuriam
669 5618 849 5666 facere
877 5624 1160 5667 conantes.
1197 5612 1399 5666 Deinde.
1432 5612 1612 5679 aliqua
1649 5616 1894 5681 pecuniae
1920 5615 2002 5667 vis

435 5695 489 5732 et
516 5683 667 5748 copia
705 5693 815 5733 ltttn
851 5685 915 5734 ad
949 5699 1101 5735 usum
1129 5683 1484 5735 domesticum
1516 5694 1682 5751 atque
1712 5685 1997 5746 urbanum,

439 5763 550 5802 tum
577 5751 644 5804 ad
666 5761 940 5820 sumptum
967 5753 1040 5807 tei
1068 5752 1342 5809 militaris.
1364 5754 1623 5819 Quintum
1647 5765 1730 5810 est
1756 5754 1830 5821 id,
1857 5756 1999 5825 quod

2125 3165 2472 3236 Περιπάτου,
2532 3164 2697 3234 μηδὲν
2749 3165 3055 3233 φάσκοντας
3109 3164 3290 3218 ἀνύειν
3358 3164 3522 3234 εὐχὰς
3577 3165 3686 3238 (99)

2125 3259 2219 3310 καὶ
2269 3256 2366 3319 τὰς
2413 3257 2488 3320 ὡς
2534 3257 2670 3327 πρὸς
2719 3257 2780 3308 τὸ
2823 3255 2964 3308 θεῖον
3019 3255 3243 3320 θυσίας;
3301 3255 3460 3309 Ἀλλά
3527 3257 3687 3328 φήσει

2122 3367 2226 3416 τις,
2262 3349 2342 3402 ὅτι
2377 3349 2470 3402 καὶ
2495 3349 2767 3420 Σαμαρεῖς
2798 3348 2874 3419 (l)
2903 3347 2990 3402 διὰ
3015 3349 3111 3420 τὴν
3145 3346 3349 3402 ἑαυτῶν
3382 3349 3687 3402 θεοσέϐειαν

2123 3601 2299 3672 primo
2338 3601 2455 3653 loco
2497 3599 2806 3672 ponendum
2861 3597 2983 3662 fuit,
3019 3613 3199 3672 rerum
3233 3597 3537 3672 divinarum
3586 3612 3674 3672 eu-

2121 3668 2285 3728 i'atio.
2319 3685 2477 3738 quam
2513 3668 2882 3738 sacerdotium
2917 3671 3205 3737 appellant.
3235 3687 3254 3720 ι
3285 3668 3428 3738 Idem
3459 3682 3580 3738 cap.
3601 3668 3633 3720 9
3659 3685 3675 3721 :

2120 3741 2317 3792 Λοιπὸν
2338 3736 2400 3791 δ’
2443 3740 2507 3807 ἐκ
2543 3736 2651 3807 τῶν
2678 3736 3206 3807 καταριθμηθέντων
3239 3738 3297 3790 τὸ
3329 3737 3438 3789 τῶν
3495 3737 3681 3806 ἱερέων

2117 3806 2517 3878 γένοςφανερὰ
2533 3806 2587 3858 δὲ
2606 3806 2700 3857 καὶ
2727 3806 3180 3878 ήτούτωντάξις.
3209 3807 3343 3860 Οὔτε
3371 3807 3476 3876 γὰρ
3505 3823 3683 3878 γεωρ-

2116 3876 2232 3946 γὸν,
2283 3877 2406 3930 οὔτε
2453 3876 2744 3946 βάναυσον,
2793 3877 2940 3946 ἱερέα
2989 3878 3389 3930 καταστατέον’
3426 3876 3530 3928 ὑπὸ
3575 3892 3608 3942 γ

2115 3944 2223 4028 τῶν
2257 3944 2487 4028 πολιτῶν
2525 3944 2729 4028 πρέπει
2769 3944 3029 4028 τιμᾶσθαι
3058 3950 3181 4028 τοὺς
3225 3947 3410 4028 θεούς..
3445 3946 3594 4028 Ἐπε)
3622 3945 3650 3996 δ

2117 4017 2366 4089 διῄρηται
2407 4016 2468 4068 τὸ
2501 4015 2892 4089 πολιτικὸν-εἰς
2931 4017 3022 4089 δύο
3056 4017 3214 4089 μέρη,
3257 4016 3500 4089 τουτέστι
3529 4015 3587 4066 τό
3605 4031 3676 4089 Δτις

2107 4082 2393 4140 ὁπλιτικὸν
2435 4086 2530 4137 καὶ
2555 4082 2633 4155 τὺ
2685 4082 3274 4155 βουλευτικὸν,’πρέπει
3306 4086 3361 4138 δὲ
3387 4087 3484 4155 τήν
3514 4101 3570 4136 τε
3599 4084 3678 4136 Θε-

2118 4156 2348 4226 ραπείαν
2389 4153 2692 4226 ἀποδιδόναι
2742 4157 2863 4226 τοῖς⁸
2900 4155 3058 4226 θεοῖς,
3085 4153 3177 4226 καῖ
3237 4155 3334 4225 τὴν
3377 4153 3677 4226 ἀνάπαυσιν

2115 4223 2257 4295 ἔχειν
2294 4227 2420 4295 περὶ
2460 4225 2653 4286 αὐτοὺς
2681 4225 2816 4295 ,τοὺς
2844 4223 2933 4295 διὰ
2961 4225 3050 4276 τὸν
3082 4225 3267 4295 χρόνον
3293 4223 3675 4295 ἀπειρηκότας,

2113 4293 2332 4359 τούτους
2347 4293 2412 4349 διν
2437 4295 2520 4364 εῐη
2542 4298 2658 4364 ταῖς
2677 4293 3302 4364 ίερωσύναιςνάποὸοτέον
3325 4293 3450 4364 (leg.
3469 4293 3675 4356 τούτοις

2115 4365 2181 4418 ἂν
2213 4365 2298 4436 εἴη
2334 4366 2430 4428 τὰς
2458 4362 2754 4433 ἱερωσύνας
2783 4363 3116 4430 ἀποδοτέον).
3150 4362 3465 4436 «Reliquum
3491 4373 3574 4416 est
3608 4379 3672 4415 ex

2053 4470 2096 4524 Β
2127 4437 2215 4524 iis,
2254 4435 2392 4524 quos
2423 4449 2586 4500 supra
2628 4436 3086 4524 enumeravimus,
3119 4435 3672 4524 sacerdqiutugcnus.

2127 4501 2302 4570 Atque
2330 4505 2522 4558 horum
2549 4501 2766 4568 quidem
2811 4502 3103 4570 descriptio
3151 4512 3205 4555 et
3247 4503 3525 4556 ordinatio
3569 4516 3670 4553 nou

2126 4574 2352 4626 obscura
2383 4581 2490 4625 est.
2516 4571 2650 4640 Nam
2680 4586 2855 4639 neque
2885 4573 3144 4640 agricola,
3183 4585 3356 4638 neque
3399 4572 3675 4625 illiberalis

2124 4652 2179 4694 et
2227 4643 2481 4695 sordidus
2523 4639 2718 4693 artifex
2771 4639 3027 4694 sacerdos
3079 4643 3440 4695 instituendus
3487 4651 3590 4694 est.
3626 4641 3667 4692 A

2123 4712 2329 4764 civibus
2357 4712 2499 4762 enim
2531 4711 2660 4762 deos
2692 4710 2797 4774 coli_
2825 4712 3002 4764 deaet.
3032 4711 3292 4775 Quoniam
3321 4722 3502 4764 autem
3533 4711 3669 4764 civi-

2123 4780 2191 4834 lis
2223 4780 2510 4832 multitudo
2537 4780 2588 4831 in
2619 4779 2756 4833 duas
2784 4791 2964 4848 partes
2990 4781 3274 4833 distributa
3305 4792 3413 4841 est.
3440 4782 3540 4833 hoc
3587 4790 3666 4832 est

2122 4849 2175 4902 iu
2213 4851 2414 4903 milites
2451 4850 2722 4916 gravioris
2756 4859 3047 4903 armaturae
3083 4860 3138 4902 et
3171 4861 3488 4913 senatores,
3517 4850 3672 4904 decet

2121 4929 2300 4972 autem
2351 4928 2406 4972 et
2455 4919 2558 4972 diis
2609 4918 3006 4972 immortalibus
3043 4920 3242 4972 cultum
3301 4922 3565 4983 tribuere,
3617 4927 3671 4971 et

2118 4998 2278 5041 nitate
2329 4988 2626 5057 grandibus
2673 4988 3038 5057 temporisque
3085 4991 3260 5056 spatio
3309 4991 3536 5044 defessis
3587 5004 3671 5040 re-

2117 5057 2432 5124 quiescendi
2476 5056 2747 5110 licentiam
2796 5058 2908 5111 dat'i
2932 5056 3057 5120 {his
3089 5060 3338 5113 videntur
3365 5058 3667 5112 sacerdotia

2114 5143 2232 5180 esse
2260 5127 2572 5180 deferenda.
2598 5147 2614 5179 ι
2646 5129 2837 5188 Arist.,
2875 5126 2968 5181 lib.
3003 5143 3054 5190 χ,
3083 5144 3198 5194 cap.
3236 5132 3288 5192 8,
3316 5130 3389 5183 De
3421 5129 3668 5181 moribus.

2116 5194 2312 5250 Verius
2355 5197 2457 5249 dici
2511 5207 2685 5262 potest
2717 5200 2782 5248 de
2824 5196 3218 5265 Pythagoricis.
3247 5198 3426 5251 Laert.
3464 5199 3516 5251 itt
3558 5196 3665 5264 Py:

2114 5267 2301 5339 11:09.:
2321 5267 2433 5319 Ούκ
2474 5267 2540 5339 ἐᾷ
2572 5265 2822 5339 εὔχεσθαι
2849 5267 2989 5337 ὑπὲρ
3027 5267 3204 5320 αὐτῶν
3227 5269 3313 5321 διὰ
3335 5269 3394 5320 τὺ
3429 5269 3502 5339 μὴ
3531 5266 3660 5339 εἰδέ-

2110 5352 2196 5386 ναι
2229 5336 2290 5388 τὸ
2319 5337 2612 5409 συμφέρον.
2641 5355 2667 5409 Δι
2692 5337 2802 5409 Non
2834 5336 2969 5409 sinit
2995 5354 3088 5409 eos
3127 5354 3287 5392 orare
3312 5357 3407 5409 pro
3431 5336 3512 5402 se,
3543 5337 3666 5405 quia

2110 5409 2361 5458 nesciunt
2391 5411 2517 5472 quid
2554 5406 2654 5458 sibi
2680 5407 2808 5458 utile
2836 5407 2958 5460 sit.»
2984 5408 3239 5461 SPENCtzn.

2181 5475 2255 5545 (l)
2297 5474 2605 5545 Σαμαρεῖς.
2655 5477 2935 5539 Quondam
2969 5477 3122 5544 longa
3154 5493 3284 5544 pace
3325 5477 3663 5536 fruebantur,

2110 5555 2168 5597 ιιι
2201 5543 2417 5597 constat
2447 5561 2508 5597 ex
2539 5543 2772 5609 Justino,
2802 5546 2851 5597 itt
2893 5543 3113 5613 Apolog.
3153 5543 3207 5609 2,
3243 5563 3364 5614 pag.
3397 5548 3503 5600 69:
3536 5545 3666 5614 Τρία

2106 5630 2196 5687 τον
2226 5614 2385 5687 δ’-ὅτι
2428 5615 2527 5687 καί
2559 5615 2692 5687 μετὰ
2721 5614 3125 5687 τὴν-ἀνέλευσιν
3165 5617 3260 5687 τοῦ
3306 5615 3538 5687 Χριστοῦ
3587 5617 3663 5687 είς

2103 5685 2328 5756 οὐρανὸν
2364 5683 2754 5756 προεϐάλλοντο
2776 5683 2844 5756 ὀί
2883 5685 3134 5756 δαίμονες
3175 5683 3489 5756 ἀνθρώπους
3517 5686 3663 5756 τινας

2105 5749 2608 5823 λέγονταξὲλντοῦς
2646 5749 2775 5805 εἶναι
2802 5755 2949 5816 θεούς
2973 5749 2989 5782 ί
3016 5749 3062 5804 οἳ
3096 5757 3153 5806 ού
3185 5749 3342 5825 μόνον
3369 5757 3470 5808 οῦκ
3518 5755 3665 5808 ἐδιώ-
