3998 6170
393 274 500 330 825

1844 270 2167 340 outer:le

3546 282 3681 338 824

397 394 583 439 tentur
628 386 818 445 sedulo
863 390 1030 463 Eoo
1077 393 1460 463 cogitaverim,
1516 403 1632 449 tum
1680 397 1963 452 credemus

2072 398 2263 452 σκαλία
2281 396 2354 467 (6)
2381 397 2490 450 τῶν
2523 395 2695 464 λόγων
2726 393 2820 447 τοῦ
2848 393 3047 464 Ἰησοῦ,
3078 393 3155 457 ὡς
3187 392 3492 464 φροντίζειν
3526 395 3676 456 τοὺς

395 492 594 547 magna
629 479 777 534 illum
814 497 842 535 a
878 482 988 538 Deo
1019 485 1140 539 data
1171 494 1440 555 potestate
1485 487 1646 542 talem
1698 489 1751 543 in
1797 492 1970 545 homi-

394 584 528 623 num
554 586 730 641 genus
763 574 1066 629 doctrinam
1107 577 1395 638 invexisse.
1436 578 1660 648 haecque
1694 595 1800 635 non
1832 595 1968 648 prae-

397 663 697 729 nuntiasse,
726 664 827 718 nisi
876 666 1003 734 quia
1041 668 1518 735 persuasissimum
1550 668 1801 725 habuerit
1836 672 1969 725 nihil

395 768 507 809 suae
535 756 791 811 doctrinae
834 760 1244 815 adversaturum
1273 763 1416 831 quod
1463 778 1571 816 non
1604 763 1763 818 facile
1798 779 1959 835 supe-

396 853 563 898 raret.
598 846 795 914 Ecquis
841 850 1005 903 etiam
1039 851 1219 905 animo
1269 852 1480 922 fingens
1528 851 1695 908 fuisse
1740 868 1799 909 se
1845 870 1967 910 eum

394 934 644 992 Christus
676 938 1009 1007 loqueretur,
1040 958 1143 998 non
1172 944 1532 998 admirabitur
1562 946 1706 999 istud
1734 964 1749 999 :
1786 964 1805 997 ι
1834 946 1973 1001 Prte-

394 1026 667 1081 dicabitur
700 1030 1050 1101 Evangelinm
1085 1033 1228 1088 istud
1254 1034 1306 1088 in
1340 1043 1457 1090 toto
1484 1037 1703 1101 mundo,
1739 1038 1793 1091 in
1821 1039 1971 1091 testi-

393 1117 637 1171 monium
688 1119 799 1174 illis
826 1130 880 1174 et
916 1123 1173 1191 gentibus
1207 1124 1284 1188 ³¹;
1319 1142 1339 1175 ι
1375 1125 1421 1179 si
1460 1126 1618 1179 modo
1652 1140 1837 1180 secum
1882 1143 1972 1182 re-

393 1210 596 1278 cogitet
619 1210 745 1266 Jesu
774 1212 976 1268 Christi
1007 1213 1380 1285 Evangelium,
1403 1226 1461 1269 ut
1482 1220 1596 1285 ipse
1620 1219 1966 1287 praedixerat,

392 1300 649 1355 onmihus
678 1301 907 1368 Grmcis,
943 1302 1216 1372 barbaris,
1254 1307 1590 1376 sapientibus
1618 1320 1671 1363 et
1712 1308 1970 1379 insipien-

395 1394 541 1448 tibus
577 1394 778 1463 ubique
819 1405 1086 1450 terrarum
1122 1395 1289 1451 fuisse
1313 1399 1705 1468 prazdicatum?
1739 1400 1966 1457 Omnem

394 1486 540 1539 enim
579 1486 870 1540 humanam
907 1496 1154 1542 naturam
1196 1492 1406 1562 subegit
1440 1493 1543 1547 sibi
1591 1494 1810 1548 verbum
1847 1510 1968 1550 cum

392 1578 597 1631 virtute
627 1579 999 1646 przcdicatum,
1035 1598 1134 1636 nec
1167 1582 1332 1637 ullum
1363 1584 1547 1638 videre
1582 1594 1665 1639 est
1695 1585 1970 1640 hominum

395 1684 568 1735 genus
603 1672 746 1738 quod
779 1670 905 1725 Jesu
932 1673 1235 1729 doctrinam
1277 1678 1568 1731 admittere
1607 1681 1966 1735 recusaverit.

2070 490 2340 563 ἡγεμόνας
2389 490 2481 542 καὶ
2528 489 2655 551 τοὺς
2707 487 2943 558 βασιλεῖς
2994 489 3238 558 ἀναιρεῖν
3284 488 3415 549 τοὺς
3458 486 3675 557 ὁμολο-

2070 574 2299 641 γοῦντας
2329 576 2420 629 τὸν
2465 576 2667 647 Ἰησοῦν
2687 593 2700 607 ·
2735 576 2856 630 τότε
2887 575 3272 646 πιστεύσομεν,
3326 576 3409 628 ὅτι
3441 576 3536 647 (-7),
3572 577 3669 640 ὡς

2073 668 2316 739 μεγάλην
2348 668 2595 735 ἐξουσίαν
2616 667 2795 723 λαϐὼν
2829 669 2936 721 ἀπὸ
2955 667 3048 721 τοῦ
3073 668 3208 721 Θεοῦ
3242 668 3377 739 πρὸς
3407 668 3469 721 τὸ
3497 671 3671 721 σπεῖ-

2074 776 2161 831 ραι
2191 761 2377 815 τοῦτον
2418 761 2510 815 τὸν
2541 760 2695 829 λόγον
2733 760 2811 831 τῷ
2849 762 2997 830 γένει
3038 760 3148 813 τῶν
3191 758 3512 831 ἀνθρώπιον,
3554 760 3667 813 καὶ

2071 850 2391 919 πειθόμενος
2435 853 2731 923 κρατήσειν
2775 851 2959 914 αὐτὸν,
2988 849 3165 902 ταῦτά
3196 866 3346 919 φησι.
3383 849 3478 911 Τίς
3506 848 3551 901 δ’
3584 849 3663 901 οὐ

2077 940 2413 1012 θαυμάσεται
2463 942 2769 997 ἀναϐαίνων
2815 941 2893 1012 τῷ
2944 941 3085 1012 λόγῳ
3116 943 3201 993 ἐπ’
3260 942 3463 993 ἐκεῖνον
3507 940 3670 995 διδά-

2074 1050 2268 1087 σκοντα
2293 1034 2411 1086 τότε
2454 1034 2548 1088 καὶ
2579 1034 2823 1102 λέγοντα,
2864 1052 2882 1084 ι
2923 1032 3349 1105 Κηρυχθήσεται
3377 1031 3439 1084 τὸ
3472 1032 3669 1100 Εὐαγ-

2071 1125 2249 1193 γέλιον
2274 1125 2431 1179 τοῦτο
2462 1127 2520 1179 ὲν
2564 1126 2671 1196 ὅλῳ
2703 1125 2780 1195 τῷ
2807 1124 2995 1194 κόσμῳ
3023 1127 3101 1187 εἰς
3141 1123 3437 1195 μαρτύριον
3468 1124 3666 1187 αὐτοῖς

2072 1217 2301 1280 καὶτοῖς
2334 1217 2533 1281 ἔθνεσι,
2585 1236 2603 1268 ι
2641 1217 2736 1269 καὶ
2769 1215 2990 1286 θεωρῶν
3029 1215 3168 1268 κατὰ
3215 1215 3284 1269 τὰ
3323 1216 3416 1268 ὑπ’
3441 1216 3664 1269 ἐκείνου

2071 1309 2335 1379 εἰρημένα
2369 1310 2784 1380 κεκηρυγμένον
2812 1308 2871 1362 τὸ
2922 1307 3094 1379 Ἰησοῦ
3132 1307 3369 1379 Χριστοῦ
3410 1307 3667 1376 Εὐαγγέο

2071 1399 2183 1453 λιον
2212 1403 2269 1453 ὲν
2300 1403 2366 1471 τῇ
2406 1400 2511 1453 ὑπὸ
2549 1400 2640 1454 τὸν
2678 1400 2904 1471 οὐρανὸν
2946 1400 3167 1470 Ἕλλησι
3207 1401 3300 1453 καὶ
3331 1399 3659 1471 βαρϐάροις,

2074 1495 2252 1559 σοφοῖς
2288 1494 2381 1545 καὶ
2417 1494 2696 1564 ἀνοήτοιςς
2739 1494 2927 1547 Πᾶσαν
2957 1494 3064 1565 γὰρ
3098 1492 3259 1562 φύσιν
3288 1492 3596 1565 ἀνθρώπων
3621 1494 3659 1546 ὁ

2075 1584 2211 1653 μετὰ
2244 1584 2526 1655 δυνάμεως
2569 1584 2823 1654 λαληθεὶς
2863 1584 3018 1653 λόγος
3054 1586 3358 1657 κεκράτηκε
3379 1601 3393 1614 ο
3428 1586 3521 1639 καὶ
3552 1588 3664 1640 οὐκ

2074 1671 2186 1725 ἔστι
2238 1690 2290 1725 τι
2346 1673 2501 1742 γένος
2532 1674 2659 1727 ἰδεῖν
2693 1672 3015 1744 ἀνθρώπων,
3059 1674 3087 1727 ὃ
3124 1675 3431 1743 ἐκπέφευγε
3477 1692 3663 1746 παρα-

393 1761 667 1816 Praeterea
700 1764 896 1832 cogitet
926 1763 1071 1819 Celsi
1104 1764 1321 1822 Judazus
1347 1768 1436 1823 ille
1466 1770 1557 1839 qui
1603 1780 1760 1839 negat
1784 1771 1966 1827 Jesutn

2072 1762 2325 1829 δέξασθαι
2372 1765 2471 1836 τὴν
2539 1765 2711 1834 Ἰησοῦ
2761 1742 3126 1819 διδασκαλίαν.
3193 1766 3251 1819 '0
3280 1742 3347 1819 δὲ
3382 1742 3659 1821 ames”

395 1854 714 1921 praevidisse
759 1872 880 1925 qua:
927 1857 1030 1911 sibi
1080 1870 1339 1914 eventura
1393 1870 1597 1927 essent,
1650 1877 1758 1932 quo
1811 1876 1970 1934 pacto

392 1944 577 2012 Jesus,
606 1948 729 2001 dum
777 1950 957 2004 adhuc
1001 1948 1307 2005 Jerusalem
1345 1961 1516 2007 staret
1559 1962 1613 2008 et
1647 1963 1791 2010 totus
1841 1958 1974 2010 reli-

394 2038 573 2107 gionis
596 2036 833 2095 Judaiete
867 2041 1048 2096 cultus
1076 2044 1128 2097 in
1178 2058 1240 2097 ea
1282 2044 1623 2110 consisteret,
1656 2046 1970 2114 praedixerit

395 2145 516 2197 quae
551 2130 624 2184 illi
664 2131 781 2185 urbi
828 2146 856 2185 a
918 2132 1183 2189 Romanis
1227 2134 1367 2187 mala
1414 2134 1805 2204 impenderent.
1858 2136 1971 2192 Nec.

395 2221 540 2273 enim
580 2222 684 2275 dici
732 2232 909 2290 potest
938 2223 1066 2278 .lesu
1118 2224 1413 2279 familiares
1458 2237 1513 2279 et
1544 2228 1822 2282 auditores
1851 2228 1969 2283 sine

394 2312 614 2381 scriptis
642 2312 943 2367 doctrinam
975 2314 1027 2368 in
1070 2314 1380 2385 Evangeliis
1418 2316 1750 2386 descriptam
1798 2319 1969 2373 tradi-

393 2402 561 2468 disse,
600 2411 654 2458 et
686 2405 821 2458 nihil
855 2405 1164 2460 litterarqu
1195 2406 1311 2461 suis
1340 2407 1626 2476 discipulis
1649 2408 1967 2478 reliquisse,

394 2496 539 2551 unde
566 2511 653 2551 res
681 2499 749 2551 ab
780 2498 872 2552 illo
900 2507 1083 2567 gestas
1113 2498 1410 2556 discerent.
1444 2500 1609 2569 Atqui
1658 2501 1711 2554 in
1745 2502 1810 2556 iis
1834 2503 1969 2556 scri-

395 2590 505 2659 ptis
551 2589 656 2644 hoe
705 2588 946 2660 legitur:
984 2610 1001 2642 ι
1040 2590 1177 2646 Cum
1238 2593 1484 2648 videritis
1518 2594 1846 2648 circumdari
1900 2597 1967 2649 ab

394 2682 637 2737 exercitu
691 2679 1029 2745 Jerusalem,
1086 2684 1281 2737 scitote
1328 2685 1455 2752 quia
1512 2687 1968 2756 appropinquavit

394 2771 660 2826 desolatio
704 2773 822 2842 ejus
848 2773 915 2826 ³².
957 2791 977 2824 ι
1015 2771 1167 2827 Tune
1212 2774 1392 2829 nullus
1422 2777 1702 2831 exercitus
1743 2775 1969 2833 Jerusa-

396 2864 501 2917 lem
543 2864 935 2929 circumdabat,
989 2864 1455 2930 circumvallabat,
1497 2867 1801 2924 obsidebat.
1858 2870 1971 2926 lloc

396 2955 542 3010 enim
574 2956 689 3008 fieri
737 2965 974 3023 emptum
1017 2957 1118 3010 sub
1154 2956 1367 3013 Nerone
1400 2961 1611 3015 duravit
1644 2964 1711 3016 ad
1764 2962 1968 3034 Vespa-

2072 1856 2222 1926 παρὰ
2275 1855 2352 1927 τῷ
2404 1856 2594 1927 Κέλσῳ
2663 1857 2912 1920 Ἰουδαῖος
2965 1857 3094 1927 περὶ
3151 1856 3245 1910 τοῦ
3307 1858 3504 1929 Ἰησοῦ,
3571 1860 3656 1912 ὅτι

2074 1947 2251 2000 πάντα
2317 1947 2387 2001 τὰ
2431 1948 2718 2018 συμϐάντα
2763 1948 2911 2019 αὑτῷ
2955 1950 3197 2021 προῄδει,
3266 1950 3657 2023 κατανοησάτω

2071 2039 2193 2093 τίνα
2239 2040 2458 2111 τρόπον,
2494 2039 2574 2092 ἔτι
2624 2040 2965 2108 συνεστώσης
3004 2040 3099 2110 τῆς
3149 2041 3522 2113 Ἰερουσαλὴμ,
3559 2045 3656 2097 καὶ

2078 2130 2256 2199 πάσης
2298 2130 2396 2200 τῆς
2439 2130 2733 2200 Ἰουδαϊκῆς
2776 2129 3026 2201 λατρείας
3058 2130 3348 2200 γινομένης
3390 2133 3449 2184 ὲν
3491 2134 3651 2204 αὐτῇ,

2076 2225 2335 2293 προεῖπεν
2381 2221 2588 2293 Ἰησοῦς
2633 2222 2702 2275 τὰ
2755 2220 3140 2292 συμϐησόμενα
3178 2223 3315 2294 αὐτῇ
3367 2224 3472 2276 ὑπὸ
3517 2225 3650 2277 Ῥω-

2074 2314 2268 2384 μαίων.
2304 2314 2378 2366 Οὔ
2408 2312 2516 2384 γὰρ
2547 2313 2610 2385 δὴ
2640 2313 2764 2376 τοὺς
2797 2311 2960 2365 αὐτοῦ
3009 2312 3181 2382 Ἰησοῦ
3225 2314 3531 2385 γνωρίμους
3557 2314 3650 2368 καὶ

2072 2403 2348 2475 ἀκροατὰς
2389 2406 2620 2473 φήσουσι
2648 2405 2817 2475 χωρὶς
2850 2402 3069 2474 γραφῆς
3106 2404 3206 2474 τὴν
3251 2405 3360 2457 τῶν
3402 2406 3651 2474 suam-

2066 2494 2196 2548 λίων
2252 2493 2690 2565 παραδεδωκέναι
2746 2491 3089 2545 διδασκαλίαν
3113 2533 3127 2555 ,
3180 2492 3274 2546 καὶ
3320 2493 3638 2547 καταλιπεῖν

2069 2589 2194 2650 τοὺς
2222 2585 2467 2657 μαθητὰς
2496 2585 2663 2655 χωρίς
2681 2585 2788 2636 τῶν
2825 2584 2950 2654 περὶ
2991 2584 3165 2653 Ἰησοῦ
3213 2584 3271 2636 ὲν
3313 2584 3634 2655 γράμμασιν

2073 2676 2501 2747 ὑπομνημάτων.
2539 2673 2846 2743 Γέγραπται
2880 2672 2943 2743 δὴ
2974 2674 3032 2726 ὲν
3079 2673 3266 2737 αὐτοῖς
3302 2673 3383 2737 τὸ,
3424 2693 3441 2724 ι
3484 2675 3650 2728 Ὅταν

2072 2767 2128 2820 δὲ
2162 2767 2309 2836 ἴδητε
2354 2763 2727 2834 κυκλουμένην
2769 2762 2872 2814 ὑπὸ
2905 2762 3277 2832 στρατοπέδων
3316 2762 3411 2833 τὴν
3453 2764 3648 2833 Ἰερου-

2073 2858 2208 2928 σαλὴ
2217 2876 2274 2928 μ,
2308 2856 2427 2909 τότε
2455 2854 2653 2923 γνῶτε,
2678 2854 2757 2906 ὅτι
2787 2854 3014 2923 ἦγγισεν
3042 2853 3373 2924 ἡὲρήμωσις
3404 2855 3591 2924 αὐτῆς.
3621 2874 3644 2905 ι

2072 2948 2182 3000 Καὶ
2216 2946 2466 3016 οὐδαμῶς
2500 2947 2621 2999 τότε
2656 2942 2724 3016 ἦν
2756 2944 3093 3016 στρατόπεδα
3139 2945 3266 3016 περὶ
3316 2946 3415 3017 τὴν
3455 2947 3650 3019 Ἰερου-

397 3044 537 3100 siani
589 3054 851 3114 tempora,
900 3046 1054 3115 cujus
1102 3047 1415 3117 Vespasiani
1465 3051 1606 3107 illius
1652 3054 1811 3108 Titus
1856 3056 1968 3110 solo

2075 3036 2255 3108 σαλὴμ
2282 3036 2586 3090 κυκλοῦντα
2613 3036 2802 3106 αὐτὴν,
2835 3036 2927 3088 καὶ
2958 3035 3277 3106 περιέχοντα
3308 3036 3402 3089 καὶ
3431 3037 3648 3110 πολιορ-

397 3136 630 3205 teqnavit
670 3135 994 3191 Jerusalem.
1025 3137 1177 3203 Quod
1207 3141 1424 3209 quidem
1473 3153 1661 3199 narrat
1700 3144 1966 3216 Josephus

397 3228 661 3282 accidisse
712 3236 933 3297 propter
978 3227 1238 3284 Jacobum
1281 3229 1517 3298 Justum,
1565 3234 1787 3293 fratrem
1836 3237 1966 3294 Jesu

398 3318 491 3386 qui
521 3317 804 3372 dicebatur
836 3318 1122 3387 Christus;
1155 3330 1211 3374 ut
1238 3332 1419 3377 autem
1450 3326 1653 3382 veritas
1696 3328 1810 3397 ipsa
1857 3330 1970 3384 cla-

397 3418 535 3476 mat,
569 3419 792 3481 propter
816 3406 998 3472 Jesum
1032 3411 1181 3467 illum
1214 3412 1521 3483 Christum,
1553 3419 1644 3488 qui
1677 3419 1770 3475 Dei
1799 3419 1969 3477 Filius

394 3509 499 3555 est.

468 3743 556 3798 14.
596 3744 866 3800 Craterum
918 3754 1129 3816 poterat
1178 3746 1385 3815 Celsus,
1432 3750 1645 3805 etiamsi
1703 3751 1973 3809 fateretur

399 3844 495 3888 aut
522 3836 715 3890 saltem
745 3838 901 3893 daret
937 3840 1166 3909 praevisa
1199 3841 1365 3895 fuisse
1389 3858 1419 3896 a
1456 3841 1676 3900 Christo
1724 3862 1842 3916 qua:
1867 3849 1969 3903 sibi

397 3937 662 3982 eventura
711 3937 917 3993 essent,
951 3930 1113 4000 hujus
1150 3931 1225 3984 rei
1273 3943 1643 4004 contemptum
1686 3939 1967 4006 simulare,

397 4027 455 4073 ut
491 4036 620 4089 erga
668 4021 931 4075 miracula
963 4022 1191 4087 fecerat,
1236 4038 1414 4079 meras
1458 4029 1758 4099 prmstigias
1804 4031 1971 4088 fuisse

394 4120 686 4178 causatus;
724 4121 939 4183 poterat
975 4116 1155 4170 dicere
1190 4115 1388 4171 multos
1432 4115 1622 4183 fuisse,
1657 4120 1751 4188 qui
1787 4133 1877 4176 aut
1902 4138 1967 4179 ex

394 4204 654 4273 auspiciis
703 4215 794 4260 aut
850 4221 916 4260 ex
962 4208 1229 4277 auguriis,
1278 4217 1373 4262 aut
1417 4209 1769 4277 inspiciendis
1804 4216 1966 4279 extis,

394 4305 490 4348 aut
556 4298 895 4352 observando
956 4297 1123 4351 natali
1182 4300 1267 4354 die
1328 4299 1639 4356 divinarent
1683 4304 1810 4372 quid
1864 4306 1966 4360 sibi

393 4399 715 4439 eventurum
748 4398 914 4442 esset.
959 4390 1027 4442 At
1062 4389 1232 4444 noluit
1266 4391 1407 4445 istud
1434 4393 1752 4458 concedere,
1784 4405 1841 4450 ut
1869 4397 1968 4451 mi-

396 4476 598 4531 raculis
634 4478 827 4545 majus,
873 4482 996 4548 qua"
1022 4492 1050 4532 a
1081 4479 1299 4535 Christo
1329 4482 1471 4536 facta
1509 4482 1674 4541 fuisse
1703 4488 1967 4556 quodam-

396 4568 556 4620 modo
580 4570 850 4631 concedit,
878 4569 1006 4625 licet
1031 4586 1092 4624 ea
1120 4573 1517 4641 praestigiarum
1547 4577 1765 4630 nomine
1789 4578 1971 4632 videa-

399 4665 488 4710 tur
527 4658 843 4715 obscurare.
884 4659 1267 4717 Verumtamen
1314 4663 1554 4733 Phlegon
1606 4666 1659 4720 in
1695 4684 1814 4733 xm,
1853 4680 1969 4736 aut,

474 4774 517 4842 ξι
558 4775 930 4844 Μοιιιινιχιν,
964 4779 1051 4833 14.
1130 4780 1174 4811 ⁸¹
1213 4781 1346 4837 an.
1383 4798 1497 4849 xxi,
1527 4784 1615 4839 20,

394 4863 489 4944 τοῦ
520 4864 654 4944 Θεοῦ
686 4866 822 4944 πρὸς
852 4869 913 4919 τὸ
947 4871 1381 4944 σπεῖραιᾼτοῦτον
1414 4873 1505 4924 τὸν
1531 4872 1685 4940 λόγον
1713 4872 1790 4944 τῷ
1822 4875 1966 4942 γένει

396 4934 506 5014 τῶν
534 4934 869 5058 ζἑὶνθρὼλπων,
920 4939 1015 4991 καὶ
1075 4934 1392 5010 πειθόμενος
1436 4934 1728 5014 κρατήσειν
1762 4934 1965 5010 ἀῦτὸν,

396 5020 531 5058 ταυτ
592 5022 744 5058 φησι.

395 5020 570 5059 ταυτα
592 5022 744 5073 φησι.

820 5079 858 5144 ἠ
897 5075 1276 5147 διδασκαλία.
1316 5078 1597 5137 Boherello
1621 5082 1967 5139 scribendum

396 5145 635 5218 videtur,
672 5149 900 5218 συστῇή
936 5145 1180 5217 ἀλήθεια.
1324 5178 1327 5181 -

468 5216 543 5290 (7)
588 5219 736 5271 Ὅτι.
776 5216 934 5272 Deest
972 5216 1033 5271 in
1065 5226 1224 5272 antea
1266 5218 1452 5286 editis,
1485 5221 1577 5275 sed
1612 5222 1879 5290 reperitur
1914 5224 1964 5278 in

397 5287 571 5342 tribus
608 5304 736 5341 mss.

465 5357 543 5425 (8)
582 5357 687 5433 Διά
729 5357 1008 5433 Ἰάκῳᾷον
1039 5358 1145 5412 τὸν
1170 5357 1422 5433 δίκαιον.
1468 5357 1599 5415 Vide
1649 5375 1768 5430 qua:
1799 5378 1962 5433 supra

395 5426 778 5481 adnotavimus
813 5431 877 5481 ad
909 5429 1000 5483 lib.
1033 5444 1074 5491 ι,
1113 5444 1261 5483 nutu.
1294 5429 1385 5485 57.

467 5496 545 5563 (9)
569 5498 725 5570 __Tdr_
740 5498 897 5570 Υἱόν.
920 5499 1088 5570 Abest
1106 5513 1142 5570 7a
1180 5500 1333 5570 libris
1362 5498 1541 5562 editis,
1572 5500 1665 5554 sed
1696 5502 1964 5570 reperitur

392 5563 448 5617 iu
476 5568 664 5637 codice
697 5566 885 5637 Regio,
912 5578 965 5620 et
996 5569 1068 5621 ita
1104 5569 1230 5636 legit
1261 5568 1518 5626 Gelenius
1547 5563 1834 5637 interpres.

465 5633 576 5705 (ιθ)
617 5633 876 5705 Φλέγων.
920 5637 1050 5693 Vide
1092 5633 1253 5705 hujus
1305 5641 1425 5695 lihri
1473 5658 1622 5695 num.
1665 5633 1733 5697 53
1766 5653 1822 5697 et
1868 5642 1959 5697 59.

396 5698 616 5757 Adriani
659 5698 887 5762 libertus
920 5718 1059 5776 erat,
1095 5698 1492 5768 et'Chronicon
1538 5713 1778 5785 scripsit,
1814 5715 1955 5785 quod

2071 3128 2287 3182 κοῦντα.
2327 3128 2494 3181 Τοῦτο
2532 3126 2640 3199 γὰρ
2673 3127 2873 3197 ἤρξατο
2919 3127 3016 3197 μὲν
3067 3127 3148 3180 ἔτι
3194 3128 3449 3199 Νέρωνος
3493 3128 3646 3199 βασι-

2070 3219 2337 3283 λεύοντος,
2372 3219 2656 3291 παρέτεινε
2703 3218 2759 3271 δὲ
2806 3218 2909 3281 ἓως
2948 3218 3046 3286 τῆς
3082 3218 3489 3274 Οὐεσπασιανοῦ
3517 3223 3647 3292 ἡγεο-

2077 3312 2287 3383 μονίας,
2321 3305 2381 3365 οῦ
2435 3313 2462 3365 ὁ
2503 3310 2619 3375 υίὸς
2662 3310 2820 3373 Τίτος
2870 3310 3087 3364 καθεῖλε
3117 3310 3215 3381 τὴν
3256 3313 3647 3384 Ἰερουσαλήμ“

2074 3403 2150 3466 ὡς
2197 3402 2295 3473 μὲν
2336 3400 2595 3473 Ἰώσηπος
2632 3402 2853 3473 γράφει,
2898 3401 2985 3453 διὰ
3028 3402 3280 3456 Ἰάκωϐον
3312 3404 3403 3456 τὸν
3445 3404 3649 3457 δίκαιον

2076 3492 2173 3564 (8),
2205 3494 2296 3546 τὸν
2327 3493 2551 3562 ἀδελφὸν
2599 3490 2776 3562 Ἰησοῦ
2811 3491 2905 3544 τοῦ
2944 3490 3238 3562 λεγομένου
3270 3494 3525 3564 Χριστοῦ,
3571 3494 3646 3559 ὡς

2072 3585 2184 3655 δὲὴ
2217 3583 2440 3655 ἀλήθεια
2468 3584 2786 3655 παρίστησι,
2818 3581 2905 3634 διὰ
2949 3581 3158 3652 Ἰησοῦν
3185 3584 3276 3636 τὸν
3304 3585 3535 3655 Χριστὸν
3559 3586 3648 3640 τὸν

2074 3676 2203 3729 Υἱὸν
2238 3674 2312 3745 (9)
2348 3673 2441 3727 τοῦ
2476 3674 2630 3727 Θεοῦ.
3292 3680 3301 3686 ⁷

2155 3764 2407 3818 Ἐδύνατο
2462 3764 2661 3835 μέντοι,
2710 3763 3153 3835 παραδεξάμενος
3197 3762 3230 3833 ἢ
3291 3767 3644 3837 συγχωρήσας

2036 3838 2039 3841 ν
2073 3859 2102 3910 ὁ
2137 3856 2343 3919 Κέλσος
2400 3855 2461 3908 τὸ
2519 3855 2923 3926 προεγνωκέναι
2974 3855 3138 3907 αὐτὸν
3170 3855 3237 3908 τὰ
3264 3856 3644 3928 συμϐησόμενα

2077 3946 2246 4017 αὐτῷ,
2278 3945 2629 4011 ὲξευτελίζειν
2662 3946 2761 4017 μὲν
2777 3945 2934 3999 τοῦτο
2959 3945 3135 4000 δοκεῖν
3156 3964 3169 3977 ·
3192 3949 3327 4019 ὅπερ
3348 3949 3641 4019 πεποίηκεν

2084 4038 2306 4092 ἐπὶτῶν
2326 4038 2626 4109 δυνάμεων,
2662 4038 2883 4109 γοητείᾳ
2907 4039 3129 4107 φάσκων
3150 4039 3319 4103 αὐτὰς
3334 4040 3641 4108 γεγονέναι·

2077 4131 2168 4183 καὶ
2201 4130 2421 4185 ἐδύνατό
2445 4148 2507 4198 γε
2529 4130 2727 4198 λέγειν,
2762 4131 2844 4183 ὅτι
2866 4130 3049 4183 πολλοὶ
3081 4131 3189 4184 ἀπὸ
3224 4131 3513 4202 μαντειῶν,
3541 4131 3644 4187 τῶν

2074 4223 2133 4275 ἐν
2180 4220 2475 4291 οἱωνοῖς,ἢ
2527 4221 2752 4294 ὄρνισιν,
2796 4223 2827 4294 ἢ
2869 4222 3082 4294 θυτικῇ,
3136 4223 3167 4293 ἦ
3220 4223 3639 4297 γενεθλιαλογίᾳ,

2073 4313 2316 4383 ἔγνωσαν
2347 4314 2413 4367 τὰ
2442 4314 2863 4387 ἀπαντησόμενα
2913 4318 3111 4379 αὐτοῖς.
3159 4315 3317 4369 Ἀλλὰ
3350 4315 3506 4370 τοῦτο
3549 4317 3643 4387 μὲν

2073 4405 2173 4458 οὐκ
2204 4404 2436 4475 ἠθέλησε
2470 4406 2842 4477 συγχωρῆσαι,
2876 4406 2950 4470 ὠς
2983 4406 3190 4478 μεῖζον,
3220 4405 3280 4458 τὸ
3312 4405 3369 4458 δὲ
3412 4405 3511 4469 τὰς
3554 4405 3639 4459 δυ-

2073 4496 2264 4567 νάμεις
2297 4496 2653 4567 πεποιηκέναι
2699 4498 3140 4569 παραδεξάμενός
3178 4515 3314 4561 πως,
3342 4497 3490 4550 δοκεῖ
3515 4496 3642 4551 αὐτὸ

2074 4587 2342 4658 προφάσει
2367 4587 2620 4657 γοητείας
2648 4587 3078 4659 διαϐεϐληκέναι.
3124 4587 3340 4654 Φλέγων
3371 4586 3483 4659 (10)
3516 4586 3639 4657 μέν·

2072 4694 2153 4730 τοι
2185 4680 2241 4730 εν
2266 4678 2695 4750 τρισκαιδεκάτῳ
2737 4680 2771 4749 ἢ
2822 4680 3396 4751 τεσσαρεσκαιδεκάτῳ
3427 4679 3635 4753 (οἶμαι),

2072 4880 2360 4951 constabat
2392 4894 2457 4933 ex
2498 4879 2660 4951 libris
2701 4882 2991 4943 sexdecim,
3026 4882 3312 4937 continens
3342 4898 3427 4937 res
3469 4891 3639 4951 gestas

2074 4963 2266 5021 ccxxtx
2296 4947 2708 5021 Olympiadum;
2737 4967 2967 5021 quarum
2996 4953 3179 5006 ultima
3209 4953 3367 5005 desiit
3397 4955 3446 5006 in
3471 4947 3638 5021 quar-

2075 5028 2186 5091 [itm
2217 5018 2471 5091 Antonini
2501 5018 2581 5072 Pii
2611 5018 2834 5074 annuin.
2870 5021 3132 5091 Scaliger,
3190 5022 3243 5076 in
3276 5018 3632 5078 Animadurrs.

2074 5085 2600 5159 Euseb.,adauuum
2638 5106 2875 5155 ulxuv;
2910 5085 3155 5150 Vossius.
3189 5092 3280 5144 lib.
3302 5106 3362 5152 ll,
3400 5108 3519 5159 cap.
3553 5095 3632 5156 ll,

2071 5156 2148 5230 με
2181 5158 2445 5230 historicis
2474 5158 2709 5223 Graecis;
2741 5160 2932 5215 Suidas
2963 5160 3015 5213 in
3049 5162 3310 5230 Φλέγων,
3345 5156 3635 5216 Salinasius

2074 5227 2127 5279 iu
2178 5224 2557 5294 Spartiannm;
2594 5229 2817 5284 Photius
2867 5239 3125 5286 tmemate
3172 5224 3336 5284 icui.
3388 5231 3468 5285 Ex
3518 5232 3633 5285 Ste—

2072 5298 2347 5370 phan0_,in
2375 5297 2671 5370 Ταραχίνη,
2704 5310 2918 5354 constat
2943 5301 3102 5369 quale
3128 5300 3288 5370 fuerit
3316 5302 3631 5370 praecipuum

2070 5366 2185 5431 ejus
2222 5365 2597 5441 Chronicorujn
2638 5365 3058 5441 argumentum;
3102 5370 3187 5438 ἐφ’
3221 5365 3489 5434 οἶςἰ·δοὺς⁷
3510 5370 3635 5441 μάν-

2067 5452 2182 5511 τεις
2215 5436 2652 5511 προσαγορεῦσαι
2672 5438 2945 5511 »ὄλεθρον
2997 5454 3119 5493 nam
3146 5436 3269 5495 sub
3299 5436 3633 5511 _Itnaquaque

2069 5504 2385 5578 Qlymp‘iade
2434 5504 2709 5578 recensuit
2751 5504 2931 5563 omnia
2994 5525 3114 5577 quae
3167 5504 3458 5578 contigere
3514 5504 3632 5578 pro—

2068 5575 2244 5642 digia;
2275 5590 2379 5643 qua
2415 5576 2480 5629 de
2513 5591 2675 5631 causa
2705 5575 3122 5645 reprehenditur
3148 5595 3175 5632 a
3212 5575 3422 5636 l’botio.
3457 5597 3475 5629 ι
3515 5575 3630 5633 ’δειι

2069 5660 2176 5718 non
2208 5647 2425 5718 penitus
2474 5649 2705 5718 probare
2740 5664 2956 5715 possum
2989 5649 3132 5718 quod
3176 5649 3316 5718 idem
3345 5648 3631 5718 reprelien-

2067 5714 2166 5778 dit,
2202 5714 2446 5768 anxiam
2473 5715 2621 5770 illam
2660 5714 2849 5774 ctu-am
2895 5719 2949 5773 iu
2984 5714 3627 5786 Olympiadibus'receu-
