3998 6170
21 444 68 464 uid

22 1465 69 1479 "rl'
82 1466 87 1472 .

22 1477 91 1497 διδ...

351 331 462 388 8-35
1574 340 1856 396 CONTRA
1894 340 2169 398 CELSUM
2207 342 2335 397 LIB.
2376 341 2440 398 ll.
3517 355 3621 414 826

347 451 461 503 τῶν
494 450 819 519 Χρονικῶν,
855 451 949 506 καὶ
994 452 1091 523 τὴν
1129 453 1256 524 περί
1286 470 1446 507 τινων
1479 457 1782 526 μελλόντων
1812 461 1933 534 πρό-

2048 461 2097 515 ni
2149 460 2306 532 40],
2360 461 2536 528 fallor,
2589 462 2641 516 iu
2693 477 2784 516 Juv
2828 461 3238 531 Chronicorum,
3282 482 3462 523 rerum
3493 487 3621 540 qua-

347 560 555 612 γνωσιν
601 544 770 597 ἔδωκε
815 545 893 616 τῷ
924 545 1166 617 Χριστῷ,
1213 546 1500 616 συγχυθεὶς
1543 552 1599 602 ὲν
1651 556 1763 615 τοῖς
1813 555 1940 624 περὶ

348 636 566 706 Πέτρου
597 636 672 700 ὼς
702 638 830 709 περὶ⁴
875 637 968 691 τοῦ
1023 638 1218 709 Ἰησοῦ·
1275 641 1370 691 καὶ
1418 641 1819 714 ἐμαρτύρησεν,
1859 635 1940 698 ὅτι

345 726 491 780 κατᾶ
521 727 592 780 τὰ
615 728 878 798 εἰρημένα
901 729 992 780 ὑπ’
1022 728 1184 780 αὐτοῦ
1215 728 1283 781 τὰ
1324 728 1600 800 λεγόμενα.
1636 732 1937 804 ἀπήντησε.

345 816 500 889 Πλὴν
532 821 783 884 κάκεῖνος
807 821 899 873 καὶ
929 820 1016 873 διὰ
1045 820 1151 874 τῶν
1175 821 1315 873 κατὰ
1331 823 1428 891 τὴν
1457 823 1764 894 πρόγνωσιν
1793 826 1940 880 ἄκων

344 907 597 980 ὡσπερεὶ
651 911 711 962 ού
769 911 922 964 κενὸν
979 911 1090 984 (ΙΙ)
1150 911 1428 984 θειοτέρας
1481 914 1760 986 δυνάμεως
1809 919 1942 970 ἀπε-

348 1000 562 1070 φήνατο
622 998 757 1056 εἶναι
803 1003 894 1056 τὸν
939 1005 997 1055 ὲν
1049 1007 1164 1068 τοῖς
1213 1006 1453 1077 πατράσι
1497 1007 1605 1060 τῶν
1659 1009 1940 1080 δογμάτων

346 1091 528 1161 λόγον.

416 1184 560 1253 Φησὶ
598 1184 655 1236 δὲ
695 1187 723 1236 ὁ
758 1185 984 1249 Κέλσος,
1011 1185 1092 1238 ὅτι
1116 1205 1133 1236 ι
1161 1187 1272 1238 Καὶ
1313 1187 1550 1259 μαθηταὶ⁸
1599 1189 1692 1242 τοῦ
1744 1190 1938 1261 Ἰησοῦ,

345 1274 442 1326 ἐπὶ
474 1275 763 1346 πράγματι
787 1279 1069 1346 περιφανεῖ
1091 1277 1254 1347 μηδὲν
1279 1277 1493 1348 ἔχοντες
1509 1281 1939 1350 ἐπισκήψασθαι,

345 1364 508 1418 τοῦτο
542 1366 860 1436 ἐπενόησαν,
892 1367 950 1419 τὸ
972 1366 1147 1436 λέγειν
1179 1369 1340 1421 αὑτὸν
1381 1369 1558 1423 πάντα
1591 1373 1939 1443 προεγνωκέ-

345 1473 456 1509 ναιο
507 1477 526 1506 ι
569 1459 667 1510 οὐκ
718 1459 1017 1528 ἐπιστήσας
1051 1461 1082 1530 ἢ
1119 1459 1178 1510 οὐ
1213 1459 1490 1528 βουληθεὶς
1528 1463 1817 1531 ἐπιστῆσαι
1863 1463 1940 1533 τῷ

347 1548 637 1619 φιλαλήθει
665 1548 770 1602 τῶν
815 1550 1140 1620 γραψάντων
1193 1553 1642 1623 ὁμολογησάντων
1678 1555 1770 1606 καὶ
1810 1571 1940 1625 προ-

346 1642 636 1712 ειρηκέναι
676 1642 766 1694 τὸν
818 1643 1022 1712 Ἰησοῦν
1064 1647 1175 1707 τοῖς
1221 1644 1512 1714 μαθηταῖς,
1545 1645 1626 1697 ὅτι
1668 1664 1686 1694 ‹
1734 1646 1939 1708 Πάντες

343 1733 514 1802 ἡμεῖς
543 1732 1068 1804 σκανδαλισθήσεσθε
1085 1737 1282 1804 ένὲμοὶ
1316 1737 1372 1788 ἐν
1411 1739 1474 1805 τῇ
1508 1738 1662 1788 νυκτὶ
1695 1737 1888 1806 ταύτῃ,
1914 1756 1930 1786 ι

2048 554 2291 606 rumdam
2345 552 2648 607 futurarum
2699 555 3098 622 prmscientiam
3150 556 3366 611 Christo
3407 559 3614 625 tribuit,

2042 644 2290 712 quamvis
2327 654 2474 699 erret
2506 645 2558 699 in
2594 646 2831 710 nomine,
2871 647 3086 700 Petrum
3137 663 3235 716 pro
3257 647 3382 703 Jesu
3431 653 3614 721 appel-

2045 735 2199 800 lans;
2255 743 2598 806 testaturque
2647 737 2915 792 accidisse
2945 755 3065 809 qua:
3113 742 3477 810 praedixerat:
3512 759 3616 813 qua

2045 843 2102 881 re
2142 829 2336 894 probat
2382 829 2466 881 vel
2493 877 2496 880 .
2527 829 2725 883 invitus
2765 846 3072 886 sermonem
3102 848 3260 902 quem
3312 835 3380 888 ab
3425 850 3615 890 aucto-

2045 915 2193 969 ribus
2228 927 2432 970 nostrze
2457 917 2719 972 doctrinae
2751 921 3077 989 accepimus,
3111 937 3216 977 non
3244 921 3412 978 fuisse
3436 925 3616 979 divina

2042 1009 2240 1062 virtute
2270 1022 2524 1064 vacuum.

2116 1181 2200 1235 15.
2237 1181 2396 1236 Addit
2447 1181 2641 1236 Celsus
2695 1201 2713 1234 ε
2751 1184 3041 1253 discipulos
3090 1187 3242 1252 Jesu,
3299 1203 3420 1244 cum
3468 1190 3522 1244 in
3556 1207 3616 1249 re

2046 1275 2329 1328 manifesta
2356 1275 2700 1328 dissimulare
2731 1276 2865 1329 nihil
2899 1288 3137 1345 possent.
3166 1281 3216 1334 id
3250 1285 3612 1354 excogitasse,

2044 1376 2098 1416 ut
2121 1367 2362 1418 dicereut
2394 1366 2490 1434 ipsi
2525 1367 2850 1436 praecognita
2891 1368 3059 1422 fuisse
3082 1371 3285 1426 omnia.
3327 1391 3346 1425 ι
3381 1376 3450 1428 At
3485 1392 3616 1432 vero

2044 1471 2146 1508 non
2190 1457 2444 1522 advertit,
2492 1463 2586 1510 aut
2635 1459 2926 1512 advertere
2963 1460 3134 1542 noluit
3180 1463 3247 1514 ad
3282 1465 3614 1534 scriptorum

2043 1546 2256 1598 illorum
2284 1547 2679 1612 sinceritatem,
2705 1548 2794 1615 qui
2831 1547 3102 1604 fateantur
3125 1553 3256 1620 ipsis
3288 1569 3316 1605 a
3334 1554 3461 1610 Jesu
3486 1573 3618 1627 pra:-

2042 1636 2242 1688 dictum
2279 1637 2483 1702 fuisse:
2529 1655 2547 1686 ι
2595 1637 2798 1692 Omnes
2849 1653 2945 1693 vos
2992 1643 3504 1700 seamtalizabimini
3557 1649 3612 1700 in

2042 1742 2126 1779 me
2159 1727 2211 1779 in
2257 1736 2412 1781 nocte
2437 1728 2537 1780 ista
2573 1727 2638 1791 ³³,
2687 1746 2705 1778 ι
2745 1744 2910 1796 seque
2950 1747 3138 1785 revera
3190 1733 3358 1788 fuisse
3385 1739 3615 1793 scanda-

344 1821 443 1873 καὶ
473 1821 856 1890 ἠληθευκέναι,
902 1823 1391 1876 σκανδαλισθέντων
1418 1825 1613 1877 αὐτῶνο
1652 1843 1933 1896 προπεφη-

2045 1818 2268 1884 lizatos;
2303 1821 2402 1873 hoc
2433 1820 2598 1872 etiam
2631 1821 2946 1888 praedictum
2986 1822 3153 1878 fuisse
3203 1825 3396 1880 Petro:
3433 1844 3454 1878 ς
3495 1829 3613 1882 An-

342 1913 603 1965 τευκέναι
629 1911 684 1964 δὲ
710 1913 800 1965 καὶ
825 1912 901 1982 τῷ
922 1913 1130 1984 Πέτρῳ,
1156 1914 1236 1966 ὅτι
1269 1934 1286 1963 ‹
1326 1915 1436 1985 Πρὸ
1471 1915 1936 1983 ἀλεκτοροφωνίας

343 2001 563 2072 ἀρνήσῃ
599 2019 664 2071 με
693 2003 831 2072 τρίς
873 2021 890 2052 ι
931 2003 1023 2054 καὶ
1051 2004 1131 2055 ὅτι
1169 2003 1374 2073 Πέτρος
1399 2005 1518 2073 τρὶς
1551 2005 1847 2075 ἠρνήσατο.
1874 2007 1937 2058 Εἰ

342 2093 457 2164 γὰρ
495 2094 570 2164 μὴ
616 2090 755 2163 ἦσαν
808 2094 1136 2165 φιλαλήθεις,
1192 2096 1310 2148 ἀλλ’
1345 2097 1439 2167 (ὡς
1481 2096 1650 2149 οἴεται
1685 2098 1933 2162 Κέλσος),

343 2185 645 2256 πλάσματα
674 2187 1100 2257 ἀναγράφοντες,
1143 2189 1240 2240 οὐκ
1270 2187 1334 2241 ἂν
1383 2190 1590 2259 Πέτρον
1620 2191 1936 2261 ἀνέγραψαν

344 2279 746 2348 ἀρνησάμενον,
779 2280 812 2350 ἢ
850 2281 975 2343 τοὺς
1011 2279 1259 2350 μαθητὰς
1301 2281 1475 2352 Ἰησοῦ
1515 2281 1938 2352 σκανδαλιζομέ-

343 2387 495 2434 νους.
525 2372 616 2434 Τίς
645 2372 773 2443 γὰρ,
799 2375 845 2425 εἰ
875 2373 968 2426 καὶ
984 2373 1173 2440 γέγονε
1205 2372 1394 2435 ταῦτα,
1424 2374 1615 2444 ἤλεγξε
1649 2374 1934 2441 τὸνλόγον,

343 2462 427 2514 ὅτι
509 2462 679 2526 οὔτως
734 2466 1046 2534 ἁπήντησες
1108 2465 1410 2530 Καίτοιγε,
1462 2465 1602 2518 κατὰ
1660 2465 1720 2517 τὸ
1768 2466 1933 2528 εἰκὸς,

344 2553 517 2621 ἐχρῆν
574 2553 944 2622 σεσιωπῆσθαι
995 2553 1168 2606 ταῦτα
1219 2553 1527 2624 ἀνθρώποις
1593 2553 1937 2624 βουλομένοις

345 2642 620 2696 διδάσκειν
671 2645 796 2705 τοὺς
849 2644 1270 2712 ἐντυγχάνοντας
1306 2645 1658 2711 Εύαγγελίοις
1709 2645 1936 2699 θανάτου

348 2737 713 2804 καταρρονείν
747 2735 887 2805 ὑπὲρ
922 2735 1018 2804 τῆς
1055 2735 1346 2804 ὁμολογίας
1376 2736 1467 2788 τοῦ
1487 2737 1933 2807 Χριστιανισμοῦ.

347 2823 486 2874 Νυνὶ
516 2822 581 2885 δ’,
617 2823 870 2892 ὁρῶντες,
902 2824 984 2875 ὅτι
1017 2827 1044 2876 ὁ
1091 2824 1246 2891 λόγος
1275 2825 1500 2895 δυνάμει
1534 2827 1796 2896 κρατήσει
1829 2826 1936 2881 τῶν

346 2912 672 2983 ἀνθρώπων,
706 2913 906 2982 ἔθηκαν
934 2914 1026 2966 καὶ
1060 2913 1127 2965 τὰ
1152 2915 1394 2978 τοιαῦτα,
1423 2917 1524 2968 οὐκ
1571 2912 1664 2968 οἷδ’
1699 2916 1846 2978 ὅπως
1875 2916 1934 2967 οὐ

346 3000 619 3071 βλάψοντα
640 3003 766 3066 τοὺς
795 3003 1242 3073 ἐντυγχάνοντας,
1271 3004 1391 3056 οὐδὲ
1414 3004 1680 3076 πρόφασιν
1699 3004 1938 3059 δώσοντα

345 3094 650 3166 ἀρνήσεως.

438 3185 587 3237 Πάνυ
621 3185 665 3236 δ’
710 3185 917 3257 εὐήθως
967 3187 1119 3258 φησι,
1143 3207 1160 3236 ι
1185 3186 1322 3250 Τοὺς
1358 3186 1605 3258 μαθητὰς
1636 3189 1772 3259 πρὸς
1823 3207 1900 3243 πα

349 3277 600 3348 ραετησιν
650 3277 758 3330 τῶν
785 3277 926 3330 κατὰ
970 3277 1060 3330 τὸν
1103 3279 1310 3348 Ἰησοῦν
1339 3280 1775 3350 ἀναγεγραφέναι
1806 3283 1935 3354 περὶ

346 3366 512 3419 αὐτοῦ
537 3367 775 3420 τοιαῦτω
811 3368 1039 3440 Ὥσπερ,
1075 3371 1256 3439 φησιν,
1294 3371 1346 3421 εἴ
1377 3387 1460 3432 τις
1487 3369 1658 3438 λέγων
1691 3367 1828 3424 εἷναί
1852 3390 1934 3425 τι-

345 3476 413 3512 να
468 3459 694 3523 δίκαιον,
752 3459 984 3512 δεικνύει
1043 3461 1204 3512 αὐτὸν
1255 3461 1570 3514 ἀδικοῦντα·
1617 3465 1709 3516 καὶ
1756 3464 1930 3532 λέγων

341 3551 511 3616 ὅσιον,
541 3549 773 3604 δεικνύει
806 3550 1116 3620 φονεύοντα·
1157 3553 1249 3604 καὶ
1294 3551 1465 3620 λέγων
1497 3552 1788 3617 ἀθάνατον,
1824 3555 1932 3607 δει-

341 3642 497 3696 κνύει
544 3644 754 3713 νεκρόψ
789 3645 921 3696 πᾶσι
954 3642 1163 3706 τούτοις
1212 3644 1489 3714 ἐπιφέρων
1528 3643 1661 3714 (1‘2),
1691 3645 1772 3697 ὅτι
1803 3663 1934 3716 προ-

341 3731 582 3804 ειρηκὼς
616 3732 754 3784 αὐτὰ
784 3732 990 3803 ἔτυχεν.
1023 3753 1041 3783 ι
1079 3734 1312 3786 Λύτὸθεν
1346 3733 1454 3802 γὰρ
1489 3733 1741 3803 ἀνόμοιον
1768 3733 1932 3786 αὑτοῦ

341 3823 402 3876 τὸ
431 3824 802 3895 παράδειγμα,
845 3827 965 3877 ἐπεὶ
997 3825 1148 3877 οὐδὲν
1170 3824 1369 3877 ἄτοπόν
1407 3825 1575 3888 ἐστιν,
1607 3825 1935 3896 ἀνειληφότα

415 3933 461 3965 ³³
504 3932 692 3986 Matth.
720 3949 869 3999 xxvr,
898 3933 987 3986 51.
1055 3933 1100 3964 ³⁵
1131 3929 1301 3999 lbid.,_
1324 3933 1414 3987 5i.

346 4051 553 4114 scndis,
593 4059 754 4116 atque
803 4050 868 4102 iis
899 4049 1223 4118 adnotandis
1255 4065 1374 4118 quae
1413 4051 1750 4118 singularum
1785 4058 1925 4104 tem-

346 4136 479 4188 pore
512 4122 876 4188 contigerunt.
904 4117 1018 4171 Imo
1051 4135 1201 4183 vero,
1247 4117 1450 4172 utinam
1488 4117 1654 4174 totum
1702 4121 1928 4174 Clu-oni-

344 4209 443 4243 ι·οη
499 4198 783 4242 exstaret:
835 4189 1061 4240 multum
1116 4191 1260 4240 enim
1317 4189 1452 4242 lucis
1502 4192 1708 4257 absque
1761 4191 1924 4242 dubio

347 4263 540 4326 prisca:
575 4259 702 4312 inde
736 4258 996 4313 Ecclesia:
1032 4259 1370 4325 temporibus
1397 4260 1674 4312 accederet
1702 4277 1716 4322 ;
1759 4268 1925 4326 atque

347 4330 452 4382 huc
487 4343 554 4380 eo
585 4329 790 4394 jnstius
822 4339 1094 4396 putamus,
1126 4329 1270 4393 quod
1318 4328 1462 4381 inter
1501 4330 1605 4380 alia
1652 4330 1930 4382 industria:

351 4400 668 4452 testimonia
720 4400 884 4452 etiam
937 4397 1206 4463 celipseos
1253 4397 1396 4449 illius
1447 4399 1777 4460 meminerit,
1812 4414 1932 4462 quae

352 4470 645 4521 l.)nminie:e
678 4469 950 4538 passionis
979 4481 1228 4538 tempore
1255 4469 1500 4538 contigit,
1541 4487 1558 4519 ι
1602 4469 1773 4536 inquit
1803 4467 1936 4521 Vos-

2041 1915 2253 1973 tequam
2307 1907 2478 1974 gallus
2524 1917 2737 1971 cantet,
2772 1920 2855 1962 ter
2885 1925 2968 1963 me
2998 1912 3222 1980 negabis
3251 1913 3317 1979 3",
3358 1932 3378 1966 ι
3426 1925 3616 1984 terque

2040 2009 2264 2063 negasse
2319 1996 2559 2053 Petrum.
2595 1998 2707 2052 Nisi
2759 2000 2902 2053 enim
2967 2003 3172 2056 sinceri
3229 2012 3284 2057 et
3329 2004 3467 2059 bona
3510 2005 3617 2062 fide

2040 2087 2286 2152 fuissent,
2321 2090 2431 2148 sed.
2467 2091 2608 2156 quod
2647 2091 3036 2158 putatCelsus,
3067 2095 3322 2160 figmenta
3363 2098 3616 2166 scripsis-

2038 2191 2178 2244 sent,
2208 2181 2274 2234 de
2312 2181 2677 2250 abnegatione
2710 2181 2878 2246 Petri,
2917 2185 2985 2239 de
3019 2186 3416 2254 discipulorum
3448 2204 3612 2243 sean-

2039 2272 2159 2326 dalo
2187 2287 2460 2340 nunquam
2489 2273 2747 2327 fecissent.
2782 2277 3138 2331 mentionem.
3171 2276 3328 2343 Nam,
3363 2281 3464 2334 etsi
3497 2282 3613 2336 haec

2039 2365 2356 2430 acciderint,
2400 2367 2521 2434 quis
2573 2367 2646 2419 ita
2689 2367 2957 2421 accidisse
3001 2371 3324 2437 probasset?
3356 2372 3496 2437 Quin
3559 2385 3616 2428 et

2041 2458 2342 2525 hujusmodi
2407 2458 2548 2512 facta
2599 2459 2940 2526 prsetermitti
2980 2461 3288 2528 oportebat,
3343 2463 3612 2529 siquidem

2038 2549 2311 2618 Evangelii
2370 2550 2596 2603 lectores
2653 2550 2848 2604 docere
2889 2549 3089 2605 vellent
3139 2554 3602 2607 contemnendam

2037 2654 2158 2693 csse
2213 2652 2464 2704 mortem,
2518 2656 2640 2692 eum
2677 2641 2858 2709 agitur
2918 2644 2986 2694 de
3031 2640 3437 2696 Christianismi
3489 2660 3618 2714 pro-

2041 2729 2298 2785 fessione.
2363 2731 2470 2785 Sed
2527 2747 2648 2785 cum
2692 2733 2899 2786 scirent
2964 2733 3014 2786 vi
3069 2743 3232 2802 atque
3266 2735 3466 2789 virtute
3501 2750 3618 2789 ser-

2039 2825 2216 2897 monis
2250 2823 2498 2877 homines
2550 2824 2819 2878 devictum
2858 2824 2945 2889 iri,
3001 2824 3117 2878 haec
3161 2840 3469 2880 memorare
3507 2843 3615 2881 non

2038 2913 2401 2979 dubitarunt,
2459 2913 2646 2968 neseio
2703 2914 2974 2983 quomodo
3025 2913 3162 2967 nihil
3232 2916 3481 2970 nocitura
3533 2917 3614 2970 ie-

2038 3007 2302 3068 ctoribus,
2363 3020 2464 3059 nec
2527 3005 2690 3058 ullam
2749 3005 2942 3059 datura
3006 3007 3314 3073 negationis
3366 3007 3619 3061 occasio-

2038 3110 2183 3148 nem.

2112 3186 2199 3242 16.
2231 3186 2463 3241 Omnino
2493 3196 2672 3241 autem
2707 3187 2903 3241 stolide
2934 3187 3047 3241 ait:
3090 3206 3109 3239 ί
3143 3187 3452 3258 Discipulos
3500 3189 3619 3244 haec

2038 3277 2104 3331 de
2131 3277 2256 3332 Jesu
2288 3278 2581 3346 scripsisse
2616 3288 2674 3331 ut
2707 3294 2829 3348 quae
2877 3291 3068 3333 contra
3109 3279 3262 3333 illum
3301 3290 3483 3345 erant,
3519 3294 3620 3334 ex-

2019 3377 2314 3434 ,cusarent.
2349 3369 2608 3431 Perinde,
2666 3369 2863 3438 inquit,
2917 3386 2981 3424 ac
3031 3370 3078 3424 si
3117 3370 3261 3438 quis,
3321 3381 3380 3425 ut
3425 3370 3620 3440 probet

2038 3458 2310 3512 hominem
2342 3474 2463 3514 esse
2484 3459 2714 3528 justum,
2747 3460 2946 3529 injusta
2971 3463 3037 3514 ab
3067 3476 3131 3515 eo
3165 3464 3307 3516 facta
3330 3471 3618 3530 narraret;

2041 3559 2098 3602 ut
2131 3553 2320 3618 probet
2349 3565 2470 3605 esse
2514 3561 2790 3616 sanctum,
2821 3553 2996 3607 caedes
3036 3553 3107 3606 ab
3138 3553 3232 3606 illo
3265 3563 3508 3620 patratas
3540 3569 3624 3608 re-

2040 3639 2238 3707 ferret;
2284 3651 2342 3695 ut
2368 3645 2561 3710 probet
2593 3657 2714 3696 esse
2757 3643 3144 3706 immortalem,
3193 3653 3621 3714 mortuumesse

2043 3729 2374 3798 aﬂirmaret;
2429 3733 2692 3802 prarfatus
2741 3736 2807 3787 ad
2867 3733 3100 3801 singula,
3150 3733 3267 3787 haec
3317 3733 3461 3787 illum
3493 3745 3621 3787 ante

2043 3824 2383 3894 praedixisse.
2430 3843 2448 3876 ι
2511 3823 2704 3879 Statim
2762 3825 2934 3894 liquet
2989 3824 3226 3895 exempli
3276 3824 3616 3895 disparitas:

2035 4050 2088 4104 in
2117 4049 2455 4103 tenebrosam
2491 4058 2702 4104 noctem
2731 4066 2941 4112 versus,
2969 4058 3023 4103 ut
3050 4049 3217 4103 stellae
3243 4049 3294 4100 in
3322 4049 3463 4103 coelo
3487 4049 3617 4104 visre

2036 4123 2165 4183 sint,
2204 4133 2471 4188 IEI‘I'IBQIIC
2499 4131 2679 4174 motus
2709 4121 2761 4173 in
2799 4120 3048 4190 Bithynia
3081 4120 3451 4190 Niczeteurhjs
3475 4119 3618 4190 mul-

2035 4201 2122 4242 tas
2157 4191 2300 4242 mdes
2326 4186 2686 4242 subverteret.
2725 4209 2743 4240 ι
2774 4186 2947 4256 Οτίςξ,
2979 4199 3193 4242 tractat.
3221 4188 3289 4241 55
3314 4189 3363 4239 in
3392 4186 3615 4242 Matth.:

2056 4279 2074 4310 ι
2116 4260 2179 4312 Et
2209 4259 2448 4326 Phlegon
2485 4260 2702 4326 quidem
2751 4261 2799 4311 iu
2838 4259 3111 4312 Chronicis
3153 4259 3266 4311 suis
3299 4257 3518 4324 scripsit
3564 4260 3617 4310 in

2036 4330 2344 4398 principatu
2385 4329 2588 4398 Tiberii
2633 4327 2864 4382 Caesaris
2903 4329 3141 4398 factum“,
3185 4327 3427 4398 sed__nun
3455 4327 3625 4395 signi-

2042 4396 2295 4451 iieavitin
2317 4398 2441 4450 luna
2469 4397 2623 4464 plena
2662 4400 2763 4452 hoc
2793 4398 3018 4452 factum.
3051 4415 3069 4449 ι
3102 4396 3351 4457 'l‘ertull.,
3371 4398 3618 4465 Apologu,

2040 4483 2160 4535 cap.
2189 4467 2252 4519 21
2285 4481 2299 4516 :
2334 4485 2352 4517 ι
2411 4467 2608 4520 Eodem
2663 4478 2936 4520 momento
2975 4469 3112 4529 dies,
3150 4468 3384 4519 medium
3429 4469 3618 4520 orhent

349 4541 461 4593 sius
493 4526 712 4592 ibideni.
742 4542 805 4591 At
835 4526 1106 4593 Christuui
1156 4537 1286 4590 dicit
1324 4526 1501 4590 futura
1554 4526 1931 4603 przcscivisset
1969 4526 2015 4582 ι)
2045 4526 2293 4604 signante
2337 4539 2470 4600 sole,
2513 4536 2781 4589 subducta
2817 4547 2922 4601 est,
2961 4526 3257 4604 deliquiqu
3297 4538 3488 4604 utique
3517 4552 3616 4603 pu-

350 4624 418 4660 an
451 4610 577 4676 quia
625 4611 898 4662 excidium
944 4606 1504 4676 llierosolymilanum
1539 4607 1742 4660 aliusve
1778 4607 1936 4676 istius

355 4675 568 4743 generis
602 4680 943 4732 calamitates
975 4675 1264 4746 praedixit?
1295 4679 1427 4730 Cum
1465 4677 1621 4730 istius
1655 4677 1773 4730 libri
1825 4675 1935 4730 sint

352 4749 656 4814 deperditi,
704 4750 806 4803 hoc
850 4761 992 4801 esset
1037 4748 1307 4800 divinare.
1366 4747 1438 4799 De
1491 4747 1620 4800 solis
1670 4746 1932 4814 deliquio,

357 4820 498 4888 quod
530 4828 658 4872 tunc
689 4820 947 4888 temporis
977 4817 1185 4878 evenit,
1214 4833 1336 4869 eum
1367 4815 1534 4870 Juda-i
1560 4815 1744 4888 Jesum
1781 4817 1934 4888 cruci

357 4885 691 4954 suffixerunt,
744 4885 861 4954 ejus
917 4888 1292 4940 testimonium
1343 4896 1522 4940 exstat
1569 4885 1931 4954 locupletissi-

358 4971 503 5006 mum
543 4958 595 5008 in
631 4958 842 5011 Eusebii
876 4957 1156 5020 Chronico,
1188 4957 1256 5008 ad
1296 4973 1497 5009 annum
1538 4972 1684 5009 auxi.
1718 4973 1731 5008 :
1772 4973 1790 5007 ι
1838 4954 1930 5010 Je-

355 5039 452 5095 sus
529 5027 801 5090 Christus,
859 5030 1161 5080 secundum
1215 5029 1529 5094 praphetias
1574 5042 1693 5095 qua:
1743 5027 1809 5078 de
1867 5041 1932 5078 ea

357 5094 574 5147 fuerant
604 5097 918 5163 prolocutus,
939 5099 1004 5148 ad
1032 5097 1340 5162 passionem
1375 5098 1518 5148 venit
1548 5094 1690 5149 anno
1725 5095 1930 5148 Tiberii

356 5179 513 5228 xvttt,
546 5180 653 5230 quo
688 5173 928 5232 tempore
957 5173 1116 5219 etiam
1156 5166 1207 5217 in
1256 5167 1378 5219 aliis
1405 5167 1749 5219 ethnicorum
1779 5182 1932 5217 eom-

359 5236 644 5304 mentariis
675 5235 790 5288 lucc
817 5239 880 5287 ad
910 5241 1132 5288 verbum
1165 5237 1364 5304 scripta
1401 5238 1702 5302 reperimus
1736 5250 1752 5288 :
1789 5234 1932 5288 Solis

355 5304 497 5358 facta
524 5303 787 5368 defectio;
824 5305 1077 5374 Bithynia
1115 5303 1452 5358 terraeinotu
1484 5320 1771 5367 concussa,
1800 5306 1930 5358 etin

357 5377 490 5428 urbe
524 5375 700 5428 Nicaea
735 5376 880 5429 aedes
914 5375 1155 5444 plurima:
1185 5384 1529 5428 corruerunt.
1560 5377 1692 5440 Quae
1742 5376 1925 5428 omnia

358 5446 441 5498 his
471 5455 798 5514 congruunt.
831 5443 952 5513 qua:
1001 5445 1050 5496 in
1097 5445 1349 5512 passione
1384 5443 1686 5498 Salvatoris
1715 5445 1931 5498 accide--

357 5527 502 5567 runt.
529 5515 732 5568 Scribit
761 5529 1067 5581 verosuper
1095 5517 1178 5566 his
1201 5523 1256 5566 et
1276 5515 1490 5582 Phlego,
1523 5516 1613 5582 qui
1649 5516 1931 5583 Olympia-

358 5586 543 5654 darum
573 5586 826 5654 egregius
849 5592 1170 5654 supputator
1193 5595 1297 5646 est,
1317 5583 1368 5635 in
1389 5585 1548 5638 tertio
1569 5583 1777 5654 decimo
1796 5584 1933 5638 libro

355 5651 428 5705 ita
480 5651 665 5709 dicens
696 5651 731 5707 τ’
767 5651 970 5721 Quarto
1026 5665 1204 5708 autem
1251 5668 1392 5707 anno
1432 5669 1536 5708 cett
1597 5652 1932 5724 Olympiadis

361 5737 548 5793 magna
579 5733 634 5779 et
663 5727 939 5782 excellens
964 5727 1108 5779 inter
1135 5739 1346 5789 omnes,
1375 5740 1495 5793 qua:
1523 5734 1652 5781 ante
1684 5740 1807 5779 eam
1841 5739 1930 5778 ac-

360 5792 624 5862 ciderant,
669 5797 901 5852 defectio
941 5795 1074 5853 solis
1117 5795 1281 5852 facta.
1325 5792 1447 5853 Dies
1500 5799 1635 5852 hora
1663 5804 1818 5854 sexta
1855 5795 1929 5851 ita

2045 4615 2321 4668 laverunt,
2355 4607 2444 4673 qui
2494 4607 2544 4658 id
2573 4621 2792 4675 quoque
2820 4622 2983 4674 super
3011 4607 3229 4660 Christo
3271 4607 3618 4673 prmdicatunt

2041 4693 2146 4728 nnn
2179 4676 2458 4740 scierunt;
2488 4678 2700 4729 ratione
2732 4694 2836 4732 non
2862 4678 3220 4744 deprehensa,
3249 4684 3618 4743 negaverunt;

2037 4755 2090 4799 ct
2132 4755 2311 4796 tamen
2348 4761 2470 4798 eum
2529 4747 2713 4798 mundi
2765 4763 2954 4800 casum
3003 4747 3232 4800 relatum
3270 4745 3322 4796 in
3380 4746 3625 4798 archivis

2037 4815 2236 4868 vestris
2277 4815 2509 4868 habetis.
2546 4833 2564 4865 ι
2597 4846 2666 4854 -
2698 4834 2716 4867 ‹
2762 4817 2995 4870 Archiva
3056 4824 3214 4868 vocat
3267 4815 3509 4866 Annales
3563 4824 3622 4868 et

2037 4885 2330 4938 Chronica.
2367 4885 2520 4950 Quod
2568 4887 2718 4938 enim
2765 4890 2838 4939 ait
2869 4886 3094 4954 eclipsin
3125 4900 3307 4954 veram
3351 4887 3618 4951 quosdam

2039 4965 2280 5019 putasse,
2339 4957 2458 5008 sine
2515 4957 2682 5011 dubio
2739 4953 2993 5022 intelligit
3043 4964 3097 5008 et
3140 4953 3512 5019 l’lilegontent,
3567 4960 3623 5006 et

2038 5026 2288 5094 Thallum
2314 5025 2812 5094 chronographum.
2841 5028 3133 5078 Africanus
3161 5044 3173 5077 :
3207 5024 3374 5076 Τοῦτο
3404 5022 3464 5094 τὸ
3496 5022 3624 5094 σκο-

2038 5111 2129 5165 τος
2184 5093 2424 5164 ἔκλειψιν
2471 5092 2636 5165 ἡλίου*
2677 5096 2879 5158 Θάλλος
2933 5094 3196 5148 ἀποκαλεῖ
3236 5096 3292 5145 ὲν
3327 5093 3488 5162 τρίτῃ
3514 5092 3625 5143 τῶν

2050 5164 2362 5233 Ἰστοριῶν,
2389 5165 2464 5228 ὡς
2493 5164 2614 5234 ἐμοὶ
2635 5165 2798 5231 δοκεῖ,
2819 5167 3046 5235 ἀλόγως
3076 5181 3196 5218 nant
3219 5165 3460 5228 eclipsim
3488 5177 3622 5228 quu-

2037 5250 2142 5301 que
2176 5251 2358 5288 veram
2384 5236 2622 5304 Phlegon
2653 5241 2860 5303 putavit
2887 5256 2900 5288 :
2937 5241 3063 5290 inde
3095 5235 3619 5304 'l‘crtullianus._pu-

2039 5299 2276 5378 {nuerunt
2320 5299 2626 5378 mundi-it,
2653 5299 2766 5360 non
2807 5322 2971 5359 unum
3010 5305 3380 5378 Plilegonti-in,
3418 5299 3512 5378 sed
3564 5309 3621 5351 et.

2036 5374 2286 5444 Thallum
2307 5376 2465 5429 simul
2492 5366 2954 5444 comprehet‘tdit.)
2979 5366 3206 5440 Sealigi,
3251 5366 3618 5444 Animadvefs.

2037 5443 2254 5505 Euseb..
2281 5463 2405 5515 pag.
2432 5447 2552 5499 171.
2583 5436 3058 5500 Sirenem—Vide
3085 5436 3305 5515 iii—super
3327 5452 3445 5504 quae
3471 5436 3618 5489 infra

2035 5509 2446 5569 adnotahitniur
2475 5517 2541 5568 ad
2582 5518 2740 5582 hujus
2775 5515 2898 5568 libri
2931 5525 3214 5582 numerum
3240 5509 3328 5582 55Σ

2108 5584 2218 5657 (Η)
2254 5584 2408 5640 Lihb.
2453 5586 2584 5640 editi
2632 5577 2685 5639 in
2737 5585 3002 5651 margine,
3041 5577 3245 5633 καινόν.
3298 5579 3429 5644 Quae
3459 5577 3621 5634 lectio

2033 5655 2250 5710 vitiosa.

2105 5724 2216 5796 (ιῖ)
2288 5725 2626 5794 Ἐπιςρέρων.
2712 5723 2787 5779 Ita
2848 5734 2980 5776 mss.
3047 5718 3188 5774 Editi
3261 5734 3423 5793 vero,
3485 5733 3622 5789 προ-

2035 5796 2238 5866 φέρων.
2976 5813 2994 5818 -
