3998 6170
399 306 500 363 851

1900 299 2223 356 ORIGENIS
3556 303 3682 356 83?.

401 429 471 482 ile
508 424 756 488 muliere,
790 423 874 479 cui
905 421 1206 494 praeclusus
1236 428 1357 477 erat
1387 421 1634 491 spiritus.
1667 419 1817 476 Multi
1848 435 1986 491 prae-

2094 421 2314 491 ἐναργῆ,
2351 421 2425 483 ὡς
2457 420 2530 491 μὴ
2560 419 2854 492 δυνάμενον
2886 420 2993 491 (18)
3027 421 3338 490 ἀντιϐλέψαι
3384 420 3462 490 τῷ
3505 437 3670 488 γεγο-

406 526 556 571 terea
590 516 838 570 feruntur
868 530 898 568 e
927 513 1294 568 monumentis
1320 528 1424 568 non
1459 514 1574 583 ipso
1608 523 1816 568 tantum
1862 516 1973 578 die,

407 621 516 674 quo
553 605 746 672 sepulti
779 602 1014 663 fuerant.
1049 604 1146 657 sed
1192 603 1358 656 etiam
1396 603 1741 672 insequenti,
1776 605 1982 673 egressi

407 699 599 752 inisse.
635 697 771 762 Quid
803 711 936 763 ergo
966 696 1183 757 mirum,
1216 694 1283 761 si,
1317 696 1408 764 qui
1443 703 1517 749 tot
1547 695 1844 748 humanam
1880 711 1979 749 na-

411 800 588 842 turam
623 787 930 855 superantia
968 786 1229 839 miracula
1267 787 1440 839 edidit
1491 795 1714 853 tamque
1761 787 1984 840 eviden-

410 880 502 940 tia,
554 889 610 930 ut
658 879 748 945 qui
787 877 876 930 illa
925 887 1136 946 patrata
1193 891 1319 931 esse
1373 893 1479 932 non
1517 887 1692 946 potest
1725 877 1982 942 iuliciari,

407 972 476 1024 ad
506 970 803 1039 prrestigias
835 969 1136 1037 confugere
1165 979 1395 1038 cogatur
1432 986 1447 1034 ;
1479 972 1609 1040 quid
1643 972 1868 1034 mirum,
1903 974 1986 1025 in-

407 1077 588 1129 quani.
624 1062 667 1113 si
718 1077 867 1114 mors
919 1061 1036 1128 ejus
1086 1061 1214 1130 quid
1251 1061 1422 1128 majus
1468 1078 1580 1131 prae
1631 1078 1687 1116 se
1718 1065 1852 1116 ferat
1878 1105 1892 1128 ,
1929 1071 1985 1116 ut

413 1154 591 1204 anima
638 1153 755 1219 ejus
787 1167 1008 1221 engSsa
1043 1161 1235 1218 sponte
1269 1167 1298 1206 e
1334 1168 1586 1220 corpore,
1635 1155 1738 1208 huc
1769 1170 1864 1222 pro
1892 1170 1982 1208 ar-

410 1241 574 1294 liitrio
606 1243 811 1305 redeat,
844 1250 1131 1310 postquam
1165 1251 1319 1295 extra
1353 1243 1478 1296 illud
1526 1245 1772 1312 quaedam
1801 1245 1984 1312 dispo-

410 1334 628 1385 suerit?
657 1333 779 1386 llaec
811 1330 970 1388 Jesus
997 1333 1136 1399 apud
1167 1332 1430 1388 Joannem
1459 1335 1661 1389 dixisse
1695 1345 1979 1390 narratur:

416 1439 435 1471 ι
471 1421 639 1475 Nemo
690 1421 825 1474 tollit
871 1422 1107 1474 animam
1162 1437 1334 1474 meam
1370 1439 1396 1475 a
1443 1439 1559 1488 ine,
1593 1425 1685 1478 sed
1715 1439 1816 1491 ego
1845 1440 1984 1492 pono

411 1529 532 1566 eam
585 1530 612 1564 a
665 1529 750 1566 me
804 1513 940 1581 ipso.
979 1512 1308 1566 Potestatem
1353 1513 1522 1568 habeo
1568 1516 1800 1582 ponendi
1839 1531 1980 1581 eam,

409 1612 466 1655 et
517 1619 702 1656 rursus
759 1612 1079 1671 potestatem
1138 1605 1309 1658 habeo
1361 1607 1603 1658 sumendi
1660 1607 1778 1658 eam
1836 1607 1902 1660 ³⁵.
1960 1627 1979 1659 ι

414 1694 669 1748 Fortasse
699 1695 860 1748 etiam
896 1711 926 1748 e
963 1711 1194 1763 corpore
1239 1697 1388 1749 exire
1422 1698 1730 1764 occupavit,
1769 1708 1826 1752 ut
1855 1699 1982 1753 illud

414 1791 679 1843 servaret,
711 1797 808 1836 nec
837 1783 951 1847 ejus
987 1784 1366 1848 frangerentur
1401 1800 1558 1838 crura
1581 1827 1595 1847 ,
1630 1797 1687 1840 ut
1715 1787 1981 1844 latronum
2018 1765 2058 1819 Β

413 1875 503 1942 qui
535 1876 586 1926 iu
619 1888 834 1926 crucem
868 1891 990 1928 cum
1021 1890 1086 1928 eo
1116 1877 1314 1929 sublati
1348 1877 1583 1930 fuerant.
1621 1879 1752 1930 Nam
1787 1879 1983 1934 milites

418 1982 437 2012 σ
470 1965 626 2032 primi
661 1965 874 2032 quidem
909 1965 1184 2035 fregerunt
1209 1982 1368 2020 crura
1395 1981 1446 2020 et
1476 1968 1702 2021 alterius
1729 1971 1820 2038 qui
1858 1987 1981 2024 cru-

413 2056 606 2109 (‘iﬁxus
659 2066 776 2109 erat
823 2073 942 2110 cum
971 2073 1055 2111 eo.
1092 2059 1171 2111 Ad
1202 2057 1385 2113 Jesum
1419 2069 1595 2114 autem
1629 2077 1751 2115 cum
1801 2064 1984 2118 venis-

414 2156 556 2208 sent.
592 2155 649 2200 ut
673 2148 923 2202 viderunt
954 2164 1075 2202 eum
1099 2147 1208 2216 jam
1240 2161 1537 2215 mortuum,
1567 2167 1672 2206 non
1704 2153 1984 2226 fregerunt

411 2237 528 2304 ejus
565 2253 723 2291 crura
751 2239 815 2292 ".
855 2257 873 2289 ι
910 2238 1027 2292 Jam
1063 2241 1228 2308 igitur
1257 2241 1554 2298 refellimus
1590 2245 1730 2298 istud
1763 2264 1775 2298 :
1815 2265 1834 2297 ‹
1870 2246 1982 2301 Un-

412 2331 478 2381 de
532 2333 631 2384 hoc
682 2332 750 2384 ab
789 2331 880 2386 illo
914 2333 1233 2399 praedictum
1271 2348 1392 2388 esse
1443 2334 1633 2388 confici
1688 2338 1909 2405 potest?
1956 2358 1976 2390 ι

415 2420 526 2474 lloc
561 2431 740 2476 autem
771 2424 912 2476 aliud
941 2441 955 2476 :
997 2442 1015 2476 ι
1054 2423 1206 2478 Unde
1241 2425 1582 2493 probabitur,
1609 2429 1700 2497 qui
1737 2440 1984 2485 mortuus

409 2521 515 2576 est,
548 2515 692 2566 illum
719 2530 838 2569 esse
865 2516 1226 2569 immortalem
1252 2518 1275 2569 ?
1305 2535 1322 2567 ι
1353 2519 1443 2586 qui
1471 2519 1684 2585 objicit,
1709 2521 1907 2585 discat,
1935 2522 1982 2576 si

411 2602 652 2666 libuerit,
683 2605 1042 2660 immortalem
1069 2622 1173 2659 non
1197 2622 1317 2661 esse
1347 2608 1438 2677 qui
1476 2619 1720 2664 mortuus
1747 2621 1863 2676 est;
1889 2613 1982 2668 sed

411 2696 500 2762 qui
555 2698 795 2750 surrexit
848 2714 875 2750 e
909 2702 1162 2754 mortuis.
1194 2699 1381 2768 Neque
1427 2702 1599 2756 solum
1631 2719 1734 2756 non
1762 2714 1842 2759 est
1877 2705 1981 2759 im-

412 2788 654 2844 mortalis
685 2789 770 2842 ille
799 2790 888 2859 qui
927 2802 1170 2846 mortuus
1201 2801 1285 2846 est
1313 2809 1326 2855 ;
1359 2792 1449 2846 sed
1480 2809 1545 2846 ne
1581 2797 1798 2863 quidem
1831 2796 1984 2852 Jesus

407 2873 504 2932 ille
541 2889 605 2928 ex
639 2877 840 2945 duplici
872 2891 1060 2932 natura
1084 2880 1436 2947 compositus,
1480 2893 1772 2951 antequam
1805 2901 1986 2940 more-

416 2976 588 3033 retur,
625 2968 948 3023 immortalis
977 2983 1129 3034 erat,
1167 2984 1353 3042 utpote
1391 2973 1480 3042 qui
1522 2976 1820 3031 moriturus
1857 2977 1980 3032 fuit.

2083 511 2228 565 νέναι
2259 513 2416 575 αὐτὰ,
2451 511 2698 575 κακίζειν
2741 512 2830 566 διὰ
2855 511 2950 566 τοῦ
2983 515 3302 566 κοινοποιεῖν
3355 510 3498 564 αὐτὰ
3525 513 3676 583 πρὸς

2081 602 2180 673 τᾲς
2212 603 2482 674 γοητείας,
2534 603 2626 656 καὶ
2674 603 2801 673 περ).
2828 603 2925 673 τὴν
2956 601 3147 654 ἑαυτοῦ
3175 601 3432 671 τελευτὴν
3465 597 3576 670 εἶχέ
3603 619 3670 654 τι

2083 694 2263 747 πλεῖον
2283 734 2297 756 ,
2343 695 2428 746 ἴνα
2473 692 2672 746 ἑκοῦσα
2719 695 2814 763 μὲν
2853 694 2912 745 τὸ
2943 693 3097 763 σῶμα
3125 693 3398 764 καταλίπῃ
3427 694 3461 762 ἡ
3490 692 3662 764 ψυχὴ,

2081 785 2548 855 οἰκονομησαμένη
2585 785 2693 854 (19)
2711 785 2766 836 δέ
2794 803 2913 838 τινα
2945 785 3049 850 ἔξω
3080 784 3264 847 αὑτοῦ,
3303 785 3464 852 πάλιν
3521 786 3658 838 ἐπα-

2083 877 2245 949 νέλθῃ
2279 879 2367 929 ὅτε
2399 876 2642 946 βούλεται
2669 894 2682 942 ;
2717 877 2966 930 Τοιοῦτον
2995 877 3038 929 δ’
3069 877 3479 948 ἀναγέγραπται
3511 877 3655 946 παρὰ

2082 970 2160 1039 τῷ
2196 970 2417 1042 Ἰωάννῃ
2461 970 2741 1040 εἰρηκέναι
2787 973 2814 1024 6
2859 970 3064 1040 Ἰησοῦς
3115 970 3268 1038 λόγον
3303 970 3411 1040 (90)
3457 971 3514 1021 ἐν
3559 972 3655 1041 τῷ,

2091 1080 2108 1113 ι
2151 1062 2338 1125 Οὐδεὶς
2387 1064 2530 1132 αἴρει
2575 1064 2672 1133 τὴν
2711 1063 2888 1132 ψυχήν
2941 1080 3040 1133 μου
3073 1064 3166 1116 ἀπ’
3201 1063 3356 1133 ἐμοῦ,
3406 1063 3519 1116 ἀλλ’
3550 1059 3661 1131 ἐγὼ

2083 1152 2270 1224 τίθημι
2300 1154 2466 1223 αὐτὴν
2497 1154 2589 1205 ἀπ’
2621 1153 2878 1224 ἐμαυτοῦ.
2922 1154 3198 1220 Ἐξουσίαν
3233 1154 3339 1223 ἔχω
3366 1154 3536 1206 θεῖναι
3562 1153 3660 1206 αῦ-

2082 1242 2208 1312 τὴν,
2251 1244 2341 1294 καὶ
2389 1242 2550 1295 πάλιν
2584 1242 2830 1307 ἐξουσίαν
2880 1242 2986 1311 ἐχω
3029 1241 3211 1293 λαϐεῖν
3249 1240 3437 1310 αὐτήν.
3487 1259 3504 1291 ι
3551 1239 3661 1293 Καὶ

2084 1332 2224 1402 τάχα
2270 1332 2358 1386 διὰ
2404 1333 2562 1385 τοῦτο
2605 1331 2888 1403 προλαϐὼν
2926 1331 3033 1400 (21)
3077 1330 3391 1395 ἐξελήλυθεν
3431 1329 3538 1383 ἀπὸ
3565 1330 3657 1383 τοῦ

2086 1423 2356 1495 σώματος,
2391 1425 2477 1477 ἵνα
2508 1425 2638 1476 αὐτὸ
2674 1427 2906 1494 τηρήσῃ,
2940 1423 3030 1476 καὶ
3066 1424 3140 1493 μὴ
3169 1422 3411 1491 καταχθῇ
3439 1421 3509 1473 τὰ
3540 1422 3658 1474 σκέ⁴

2083 1515 2148 1586 λη
2176 1557 2188 1578 ,
2242 1517 2317 1579 ὼς
2354 1516 2421 1570 τὰ
2471 1517 2577 1569 τῶν
2626 1517 2719 1570 σὺν
2760 1516 2907 1586 αὐτῷ
2956 1515 3372 1586 σταυρωθέντων
3427 1514 3652 1584 λῃστῶν.

2091 1629 2109 1659 ι
2146 1608 2251 1660 Τοῦ
2287 1610 2386 1679 μὲν
2424 1629 2441 1659 ι
2473 1608 2580 1679 γὰρ
2615 1628 2631 1658 ι
2674 1607 2888 1679 πρώτου
2931 1627 2948 1659 ι
2981 1610 3030 1660 οἱ
3064 1607 3389 1678 στρατιῶται
3423 1625 3439 1657 ι
3473 1606 3659 1658 κατέα-

2089 1699 2184 1765 ξαν
2230 1701 2297 1753 τὰ
2346 1701 2539 1770 σκέλη,
2593 1702 2684 1753 καὶ
2726 1700 2817 1752 τοῦ
2861 1700 3019 1753 ἄλλου
3060 1698 3150 1751 τοῦ
3192 1696 3658 1768 συσταυρωθέντος

2089 1791 2262 1862 αὐτῷ’
2301 1793 2391 1844 ἐπὶ
2419 1792 2474 1844 δὲ
2501 1792 2591 1844 τὸν
2633 1791 2836 1862 Ἰησοῦν
2867 1791 3142 1853 ἐλθόντες,
3174 1790 3267 1842 καὶ
3319 1788 3516 1850 ἰδόντες
3535 1829 3548 1852 ,
3579 1788 3656 1840 ὅτι

2089 1881 2410 1947 ἐξέπνευσεν
2430 1924 2443 1948 ,
2473 1883 2533 1935 οὐ
2564 1881 2833 1948 κατέαξαν
2860 1881 3024 1936 αὐτοῦ
3052 1881 3120 1934 τὰ
3148 1879 3332 1950 σκέλη.
3375 1900 3392 1930 ›
3426 1881 3658 1948 Εἴπομεν

2089 1972 2182 2030 οῦν
2211 1977 2346 2047 πρὸς
2371 1984 2452 2037 τὸ,
2478 1994 2495 2026 ι
2524 1974 2694 2027 Πόθεν
2722 1970 2814 2027 οῦν
2847 1973 3036 2026 πιστὸν
3052 1975 3110 2026 τὸ
3138 1969 3659 2043 προειρηκέναι;ιΐδ

2088 2066 2167 2129 δέ,
2204 2085 2220 2116 ι
2255 2066 2420 2122 Πόθεν
2455 2065 2719 2128 ἀθάνατος
2747 2068 2773 2118 ό
2802 2064 2990 2135 νεκρός
3016 2081 3030 2128 ;
3070 2088 3083 2109 ι
3141 2062 3453 2134 μανθανέτω
3479 2063 3508 2114 6
3539 2061 3660 2130 βου-

2089 2155 2332 2225 λόμενος,
2381 2157 2461 2209 ὅτι
2502 2157 2598 2225 οὐχ
2631 2158 2658 2207 6
2692 2155 2880 2225 νεκρὸς
2907 2153 3190 2216 ἀθάνατος,
3222 2153 3335 2207 ἀλλ’
3371 2154 3406 2205 ὁ·
3428 2151 3661 2214 ἀναστὰς

2085 2250 2149 2300 ἐκ
2186 2248 2414 2318 νεκρῶν.
2469 2249 2543 2300 Οὐ
2597 2247 2752 2317 μόνον
2800 2242 2892 2299 οῦν
2925 2246 3022 2314 οὐχ
3063 2247 3091 2298 ὁ
3135 2245 3324 2315 νεκρὸς
3369 2243 3657 2305 ἀθάνατος,

2090 2339 2202 2393 ἀλλ’
2236 2341 2341 2392 οὐδ’
2379 2342 2407 2389 ὁ
2438 2339 2542 2410 πρὸ
2571 2339 2662 2391 τοῦ
2701 2337 2894 2410 νεκροῦ
2937 2335 3144 2406 Ἰησοῦς
3192 2338 3220 2389 6
3254 2334 3502 2397 σύνθετος
3529 2333 3670 2387 sed-

2090 2451 2244 2495 νατος
2271 2429 2336 2502 ἦν
2360 2473 2374 2497 ,
2400 2434 2458 2495 ὃς
2482 2449 2544 2501 γε
2577 2431 2768 2502 ἔμελλε
2796 2429 3164 2500 τεθνήξεσθαι.
3207 2428 3394 2490 Οὐδεὶς
3426 2427 3535 2496 γὰρ
3569 2443 3662 2479 τεο

2089 2524 2417 2596 θνηξόμενος
2445 2524 2709 2587 ἀθάνατος
2733 2542 2744 2554 ·
2781 2524 2914 2576 ἀλλὰ
2944 2521 3229 2584 ἀθάνατος,
3275 2521 3362 2573 ὅτε
3392 2520 3503 2590 (22)
3531 2518 3660 2571 οὑκ-

2084 2617 2164 2669 έτι
2205 2617 2538 2688 τεθνήξεται.
2580 2638 2598 2669 ι
2639 2616 2872 2686 Χριστὸς
2913 2616 3004 2680 δὲ,
3057 2613 3300 2684 ἐγερθεὶς
3331 2617 3394 2666 ἐκ
3432 2611 3661 2682 νεκρῶν,

2085 2709 2266 2762 οὐκέτι
2313 2711 2664 2781 ἀποθνήσκει,
2705 2709 2927 2771 θάνατος
2979 2706 3141 2759 αὑτοῦ
3174 2705 3282 2775 ('23)
3335 2703 3518 2757 οὐκέτι
3565 2717 3662 2755 κυ-

2089 2800 2291 2869 ριεύει’
2331 2822 2348 2853 ι
2394 2803 2495 2855 κᾶν
2539 2803 2610 2873 μὴ
2659 2802 2950 2871 βούλωνται
2985 2801 3033 2852 οἱ
3079 2799 3252 2852 ταῦτα
3284 2797 3400 2860 πῶς
3449 2795 3672 2868 εἴρηται.

2087 2893 2275 2963 νοῆσαι
2306 2893 2382 2965 μὴ
2413 2894 2563 2965 χωρή
2574 2911 2786 2957 σαντες.

414 3059 528 3113 Non
576 3063 720 3114 enim
774 3064 1095 3119 immortalis
1144 3067 1235 3135 qui
1269 3068 1559 3122 moriturus
1601 3077 1680 3122 est
1711 3085 1725 3133 ;
1759 3071 1850 3124 sed
1878 3073 1968 3141 qui
2000 3089 2104 3128 non
2134 3075 2368 3143 amplius
2419 3075 2711 3130 moriturus
2768 3082 2875 3138 est,
2925 3075 2968 3128 is
3036 3074 3252 3128 demum
3305 3079 3388 3126 est
3445 3071 3660 3124 immor-

415 3152 558 3204 talis.
604 3171 622 3203 ι
653 3153 900 3207 Christus
941 3165 1119 3209 autem
1155 3172 1441 3226 resurgens
1467 3174 1530 3212 ex
1583 3161 1810 3215 mortuis
1857 3161 1968 3230 jam
2007 3180 2112 3218 non
2149 3167 2418 3230 moritur,
2479 3181 2624 3220 mors
2685 3163 2757 3218 illi
2824 3163 2960 3218 ultra
3006 3178 3109 3218 non
3139 3160 3506 3216 dominabitur
3534 3159 3603 3225 ³⁷,
3637 3177 3664 3211 ι

414 3248 624 3300 etiamsi
662 3249 1149 3320 refragenlur,qui,
1174 3267 1280 3320 quo
1311 3268 1471 3307 sensu
1507 3254 1619 3308 haec
1643 3255 1787 3311 dicta
1823 3259 1951 3323 sint,
1979 3274 2176 3326 capere
2205 3275 2307 3312 non
2343 3269 2586 3329 possunt.

486 3339 573 3393 17.
610 3338 774 3396 Valde
804 3343 1026 3396 Stultum
1057 3355 1110 3399 et
1142 3345 1268 3398 illud
1297 3363 1311 3400 :
1352 3365 1370 3398 ι
1408 3347 1540 3414 Quis
1577 3349 1752 3414 Deus,
1786 3350 1977 3420 inquit,

2156 3354 2364 3425 Σφόδρα
2410 3354 2466 3406 δέ
2507 3353 2686 3425 μωρὸν
2735 3353 2828 3406 καὶ
2856 3351 2917 3404 τό
2937 3369 2949 3381 ·
2979 3371 2997 3402 ι
3025 3349 3118 3412 Τίς
3153 3347 3218 3401 ἂν
3247 3349 3280 3420 ἢ
3313 3346 3464 3411 Θεὸς,
3497 3347 3530 3417 ἢ
3557 3344 3665 3398 δαίμ-

415 3440 506 3482 aut
533 3432 764 3494 daemon,
797 3443 888 3485 aut
916 3434 998 3486 vir
1026 3436 1284 3503 prudens,
1313 3438 1400 3504 qui
1434 3439 1744 3506 hujusmodi
1779 3441 1988 3496 incom-

415 3523 570 3575 moda
603 3523 703 3576 sibi
757 3528 1054 3578 obrentura
1092 3541 1212 3581 esse
1249 3530 1564 3597 pra-videat,
1600 3547 1705 3585 non
1754 3533 1862 3599 illa,
1913 3535 1987 3588 si-

414 3617 633 3680 quidem
665 3627 864 3683 posset,
900 3617 1172 3678 evitaret;
1211 3622 1305 3673 sed
1341 3621 1392 3674 in
1426 3636 1489 3675 ea
1519 3661 1533 3686 ,
1565 3638 1684 3691 qua:
1718 3625 1986 3693 prawidit,

414 3719 472 3756 se
502 3706 827 3772 praecipitem
871 3707 1020 3762 daret
1051 3710 1074 3762 ?
1114 3729 1132 3760 ›
1169 3710 1301 3765 Nam
1337 3713 1592 3768 Socrates
1637 3725 1862 3769 iiOverat
1905 3731 1986 3780 se,

417 3796 460 3848 si
491 3798 720 3849 cicutam
757 3799 983 3864 biberet,
1013 3800 1176 3872 404
1196 3805 1518 3859 moriturum
1553 3821 1714 3871 esse;
1749 3816 1986 3876 poterat,

417 3885 460 3936 si
492 3885 700 3938 Critoni
735 3890 1091 3953 credidisset,
1125 3894 1355 3946 evadere
1390 3909 1419 3949 c
1462 3897 1710 3951 custodia
1760 3912 1990 3968 seseque

417 3975 552 4026 adeo
601 3977 794 4029 mortis
847 3979 1090 4046 periculo
1143 3983 1444 4037 subducere
1492 4003 1506 4050 ;
1558 3987 1648 4040 sed
1683 3987 1900 4051 maluit,
1939 3988 1991 4041 id

416 4067 557 4134 quod
590 4068 787 4119 rationi
817 4081 1249 4124 consentaneum
1283 4074 1587 4139 videbatur,
1616 4088 1842 4130 mortem
1871 4079 1994 4145 phi-

415 4156 639 4225 losnpho
669 4159 886 4226 dignam
918 4169 1206 4227 oppetere,
1243 4177 1402 4230 quain
1436 4164 1711 4234 indignam
1755 4166 1991 4235 philoso-

415 4253 522 4317 pho
553 4254 717 4303 vitam
756 4253 995 4319 exigere.
1035 4252 1100 4305 Et
1136 4253 1404 4309 Leonidas
1451 4255 1990 4312 Lacedmmmiioruin

415 4343 520 4395 dux
558 4345 708 4396 novit
750 4341 974 4412 jamjain
1013 4359 1070 4397 se
1101 4346 1424 4399 moriturum
1455 4361 1576 4402 esse
1623 4365 1746 4402 cum
1778 4351 1842 4404 iis
1873 4353 1997 4420 qui-

416 4434 643 4487 buscum
696 4437 761 4486 ad
813 4434 1203 4502 Thermopylas
1249 4453 1491 4506 pugnare
1541 4450 1766 4508 paratus
1829 4450 1988 4506 erat;

416 4541 512 4588 pro
542 4527 708 4579 nihilo
738 4535 916 4579 tamen
950 4527 1101 4579 duxit
1127 4527 1216 4580 ille
1249 4531 1479 4598 turpiter
1504 4533 1686 4586 vivere
1715 4547 1728 4598 ;
1755 4533 1834 4587 sic
1854 4549 1985 4587 suos

417 4613 680 4666 allocutus
725 4633 737 4668 :
781 4635 800 4666 ι
838 4616 928 4670 Sic
975 4619 1377 4686 prandeamus,
1419 4628 1674 4688 tanquam
1713 4623 1850 4689 apud
1905 4623 1989 4675 in-

2099 3461 2236 3515 μων,
2280 3445 2312 3514 ἢ
2359 3445 2644 3515 ἄνθρωπος
2685 3444 2947 3515 φρόνιμος
2986 3441 3246 3514 προειδὼς
3274 3439 3422 3510 αὐτῷ
3445 3438 3666 3493 τοιαῦτα

2091 3536 2500 3606 συμϐησόμενα,
2534 3537 2634 3590 οὐκ
2667 3535 2752 3600 ἂν,
2787 3535 2926 3604 εἴγε
2954 3534 3194 3599 ἐδύνατο,
3227 3530 3664 3599 ἐξέκλινεν,ἀλλά

2092 3620 2414 3672 συνέπιπτεν
2438 3615 2519 3682 οἷς
2557 3621 2968 3690 προηπίστατο;
3008 3638 3024 3669 ι
3065 3619 3175 3671 Καὶ
3221 3616 3514 3687 Σωκράτης
3538 3614 3664 3682 γοῦν

2089 3709 2204 3778 ᾔδει
2239 3709 2298 3760 τὸ
2333 3708 2554 3761 κώνειον
2589 3709 2842 3777 πιόμενος
2873 3707 2966 3758 καὶ
2994 3705 3398 3774 τεθνηξόμενος,
3433 3703 3527 3754 καὶ
3555 3700 3667 3753 ἐδύ-

2091 3817 2240 3864 νατο,
2273 3800 2428 3871 εἴπερ
2457 3800 2681 3868 ἐπείσθη
2717 3797 2793 3867 τῷ
2827 3798 3065 3868 Κρίτωνι
3095 3796 3206 3867 (‘24)
3233 3791 3540 3859 ὑπεξελθὼν
3568 3791 3666 3860 τὴν

2093 3892 2335 3963 φυλακὴν
2370 3892 2533 3963 μηδὲν
2562 3891 2764 3943 τούτων
2795 3889 2987 3942 παθεῖν
3016 3904 3029 3916 ·
3067 3888 3178 3941 ἀλλ’
3209 3887 3402 3949 είλετο,
3437 3885 3576 3938 κατὰ
3608 3881 3667 3935 τὸ

2095 3985 2416 4054 φαινόμενον
2450 3981 2598 4052 αὐτῷ
2627 3980 2844 4049 εὔλογον
2865 4020 2878 4043 ,
2909 3982 3154 4050 κρεῖττον
3183 3977 3328 4047 αὐτῷ
3359 3973 3496 4029 εἶναι
3524 3974 3670 4043 φιλο-

2097 4075 2274 4141 σόφως
2307 4072 2670 4143 ἀποθανεῖν,ἣ
2706 4071 3046 4140 ἁφιλοσόφως
3079 4070 3195 4139 ζῇν.
3233 4067 3389 4120 Ἀλλὰ
3417 4068 3511 4120 καὶ
3531 4068 3667 4119 Λεω-

2094 4166 2241 4228 νίδας
2275 4166 2384 4232 (25)
2405 4205 2417 4227 ,
2453 4165 2480 4216 6
2508 4161 2945 4232 Λακεδαιμονίων
2988 4159 3324 4231 στρατηγὸς,
3359 4157 3514 4221 εἰδὼς
3548 4159 3668 4209 ὅσον

2095 4258 2304 4309 οὐδέπω
2328 4256 2712 4325 τεθνηξόμενος
2743 4253 2881 4323 μετὰ
2909 4253 3015 4306 τῶν
3054 4255 3109 4304 ἐν
3137 4251 3535 4323 Θερμοπύλαις,
3571 4250 3670 4303 οὐκ

2096 4347 2584 4421 ἐπραγματεύσατο
2629 4347 2689 4398 τὸ
2724 4346 2883 4416 ζῆσαι
2927 4346 3202 4417 αἰσχρῶς’
3246 4342 3361 4395 ἀλλ’
3408 4338 3526 4394 εἷπε
3559 4344 3669 4403 τοῖς

2099 4442 2194 4493 σὺν
2225 4437 2392 4506 αὐτῷ,
2428 4457 2446 4488 ι
2493 4439 2898 4508 Ἀριστὴσωμεν
2929 4439 3003 4501 ὡς
3030 4441 3086 4490 ἐν
3114 4437 3240 4506 ᾅδου
3273 4432 3672 4500 δειπνοποιησά-

2100 4549 2249 4601 μενοι
2287 4533 2416 4600 (26).
2460 4551 2479 4584 ›
2515 4528 2609 4594 Οἷς
2641 4532 2696 4584 δὲ
2733 4531 2880 4601 μέλει
2923 4530 3162 4600 ἱστορίας
3214 4528 3466 4590 τοιαύτας
3505 4541 3668 4578 συνα-

2098 4628 2286 4691 γαγεῖν
2311 4665 2323 4686 ,
2374 4623 2541 4676 πολλὰ
2590 4625 2901 4696 εὑρήσουσι.
2947 4622 3056 4673 Καὶ
3097 4621 3148 4672 τί
3193 4619 3535 4688 θαυμαστὸν,
3568 4618 3614 4668 εἰ
3642 4617 3671 4667 6

419 4702 561 4756 feros
606 4710 897 4760 coenaturi.
935 4727 955 4758 ›
1014 4709 1107 4763 llis
1153 4711 1321 4764 multa
1367 4711 1562 4765 similia
1601 4713 1862 4779 reperiet,
1896 4713 1986 4781 qui

2107 4715 2332 4785 Ἰησοῦς,
2361 4716 2718 4785 ἐπιστάμενος
2736 4713 2803 4766 τὰ
2828 4713 3232 4784 συμϐησόμενα,
3258 4711 3356 4762 οὐκ
3376 4708 3667 4775 ἐξέκλινεν,

421 4793 724 4860 hujusmodi
776 4799 1018 4854 historiis
1070 4801 1386 4868 colligendis
1438 4801 1815 4855 delectabitur.
1846 4802 1984 4868 Quid

495 4909 539 4940 ”
575 4909 731 4966 Joan.
769 4929 822 4978 κ,
856 4913 940 4966 18.
1020 4914 1064 4945 ³⁸
1102 4912 1390 4976 loan.xrx,
1429 4913 1518 4967 52.

492 5005 603 5076 (18)
652 5007 806 5060 Libb.
837 5009 964 5060 editi
1016 5009 1066 5060 in
1119 5009 1399 5075 margine,
1427 5009 1778 5077 δυναμένους.
1820 5007 1984 5062 Paulo

419 5087 540 5146 post
581 5079 717 5140 idem
771 5080 822 5129 in
858 5079 1101 5144 margine
1126 5119 1140 5142 ,
1194 5083 1513 5130 κοινοποιείν
1542 5077 1690 5130 αὑτό.
1722 5078 1866 5141 Quas
1912 5079 1990 5132 le-

421 5149 630 5201 ctiones
664 5148 926 5200 exhibent
958 5163 1112 5208 "155.,
1150 5159 1376 5214 excepto
1407 5147 1637 5200 1Ιιιιξιιιιο.

491 5217 602 5286 (19)
635 5217 1180 5285 Οἰκονομησαμένη.
1218 5217 1350 5270 Vide
1380 5219 1505 5269 adn.
1533 5219 1595 5269 ad
1627 5218 1718 5272 lib.
1740 5234 1798 5277 ll,
1825 5233 1878 5270 n.
1899 5217 1990 5271 45.

492 5289 604 5354 (20)
649 5289 710 5340 'U
765 5287 1004 5355 Ἰησοῦς
1031 5287 1232 5354 λόγον.
1266 5287 1447 5341 Codex
1493 5286 1727 5356 Regius,
1769 5287 1858 5340 τὸν
1896 5288 1994 5357 ’1η-

423 5358 549 5412 σοῦν
578 5358 750 5426 λόγον.

495 5430 605 5496 (il)
639 5425 978 5496 Προλαϐὡν.
1011 5428 1150 5497 Lege
1175 5425 1518 5498 προλαϐοῦσα
1538 5470 1552 5493 ,
1596 5441 1719 5480 nam
1757 5425 1992 5481 refertur

426 5500 490 5549 ad
519 5498 615 5586 τὴν
642 5501 969 5586 θυχήνιῖιιίεί
1006 5501 1139 5553 velis
1161 5513 1285 5586 esse
1306 5499 1667 5586 ριιίυίεῃμιιη.

499 5564 610 5635 (2-2.)
642 5564 795 5622 “ore.
826 5569 1020 5624 Guieto
1068 5569 1411 5624 scribendum
1462 5567 1714 5629 videtur,
1759 5566 1858 5618 ὅτι.
1909 5564 1986 5618 Ad

429 5638 700 5724 Christum
729 5641 871 5694 enim
899 5677 914 5706 ,
959 5640 1164 5710 inquit,
1213 5638 1444 5694 refertur
1471 5637 1529 5691 τό
1551 5676 1564 5702 ,
1595 5636 1779 5690 οὐκέτι
1811 5635 1990 5706 τεθνή-

432 5723 599 5761 ςεται..

2095 4805 2229 4858 ἀλλὰ
2276 4807 2632 4876 περιέπιπτεν
2675 4801 2756 4868 οἷς
2805 4806 2900 4858 καὶ
2941 4804 3316 4876 προηπίστατο
3349 4817 3362 4865 ;
3400 4801 3532 4852 ὅπου
3578 4797 3671 4850 καὶ

1666 4912 1708 4943 ³⁷
1745 4912 1901 4966 Rom.
1933 4929 2010 4978 γι,
2041 4915 2092 4972 9.

2163 5011 2277 5079 (‘25)
2333 5009 2543 5063 Αὑτοῦ.
2594 5008 2672 5062 Ita
2723 5007 2883 5079 codd.
2931 5005 3135 5076 Regius
3188 5011 3259 5071 et
3315 4999 3666 5056 Basileensis.

2094 5081 2235 5134 Libri
2262 5077 2396 5132 ivero
2423 5081 2573 5143 editi,
2607 5077 2775 5148 αὐτῷ.

2167 5151 2277 5219 (24)
2317 5149 2398 5215 Τῷ
2427 5140 2695 5219 Κρίτωνι.
2717 5140 2856 5219 _'Vid_e
2882 5145 3162 5219 Platonem
3193 5144 3244 5219 in
3274 5140 3670 5219 Apolog.,_pag.

2093 5208 2181 5274 '5".
2214 5208 2333 5273 Mox
2357 5208 2450 5288 pro
2471 5208 2779 5288 ῦπεξελθὼν
2795 5217 2888 5286 τὴν
2908 5215 3180 5288 φυλακήνζ
3205 5212 3401 5266 Guieto
3427 5208 3676 5263 scriben-

2095 5292 2218 5344 tlum
2249 5284 2478 5351 videtur,
2507 5284 2942 5360 busﬁsmi‘ovﬁﬁ;
2976 5284 3257 5360 cpulari-71;:
3383 5349 3442 5360 ω
3469 5350 3480 5360 _
3546 5346 3601 5360 Ν

2167 5361 2280 5430 (25)
2308 5347 3036 5430 Λεωνίδας(Ιιωδεῃοίιιιέ,
3056 5347 3346 5423 Λεωνίδης.
3383 5349 3518 5404 Vide
3545 5347 3676 5400 Dio-

2101 5425 2290 5482 dorum
2321 5429 2559 5481 Siculum
2598 5429 2691 5482 lib.
2732 5442 2782 5480 χι
2816 5425 2956 5478 Bibl.
2987 5426 3172 5477 histor.

2170 5499 2279 5568 (ἳσ)
2316 5499 2484 5552 Codd.
2520 5497 2720 5568 lii-gius
2767 5507 2820 5548 et
2851 5495 3196 5568 Basileensis,
3229 5487 3662 5568 6s_i1tvqc§psvot.

2097 5555 2437 5638 Plutarchus,
2491 5555 2661 5638 οῦτῶς
2694 5567 2988 5638 ἀριστᾶτε,
3043 5563 3118 5625 ὼς
3272 5555 3417 5630 ᾅδου⁷
3451 5555 3670 5638 δειπνή-

2099 5654 2300 5701 σοντες.
2343 5624 2476 5692 Vide
2505 5624 2775 5692 Valerium
2809 5624 3124 5698 Maximum,
3157 5633 3246 5686 lib.
3276 5624 3359 5697 ιίι,
3390 5643 3507 5699 cap.
3537 5624 3592 5677 2.
