3998 6170
417 281 489 336 '55
1581 273 1859 331 CONTRA
1896 270 2174 327 CELSUM
2208 271 2337 326 LIB.
2375 271 2440 327 11.

3535 271 3644 329 851

378 394 611 458 Παῦλος,
646 395 674 447 δ
705 391 951 463 μαθητὴς
979 388 1165 454 αὑτοῦ,
1186 390 1424 455 ἀκούσας
1463 391 1530 444 τὰ
1575 393 1958 466 συμϐησόμενα

2064 393 2230 464 igitur
2267 391 2464 445 mirum
2496 390 2664 445 videri
2701 389 2859 446 debet
2904 391 2948 446 si
2994 391 3176 458 Jesus,
3205 391 3332 449 licet
3374 395 3638 462 praescius

382 485 531 555 αὑτῷ
563 484 823 538 ἀναϐάντι
851 485 932 545 είς
972 482 1040 534 τὰ
1085 481 1457 553 Ἱεροσόλυμα,
1514 485 1681 554 ὁμόσε
1709 487 1821 547 τοῖς
1847 501 1962 537 κιν-

380 576 559 639 δύνοις
589 575 887 646 ἐχώρησεν,
909 573 1260 643 ἐπιπλήσσων
1286 573 1376 626 καὶ
1404 578 1513 636 τοῖς
1543 574 1960 644 δεδακρυμένοις

383 669 512 739 περί
551 667 711 722 αὑτὸν
755 665 850 718 καὶ
895 664 1192 716 κωλύουσιν
1232 663 1496 734 ἀναϐῆναι
1525 665 1604 726 εἰς
1631 664 1698 715 τὰ
1734 666 1961 735 Ἱεροσό-

385 759 550 828 λυμα.
587 757 779 810 Πολλοὶ
804 756 859 808 δὲ
890 757 981 808 καὶ
1014 755 1120 808 τῶν
1163 755 1283 808 καθ’
1316 757 1465 826 ἡμᾶς
1509 756 1858 826 ἐπιστάμενοι
1887 757 1962 818 ώς

385 850 816 921 ὁμολογήσαντες
858 848 955 917 μὲν
1027 847 1477 916 Χριστιανισμὸν,
1526 846 1956 900 ἀποθανοῦνται·

389 943 754 1016 ἀρνησάμενοι
799 941 853 993 δὲ
899 939 1358 1010 ἀπολυθήσονται,
1408 940 1502 991 καὶ
1541 940 1608 992 τά
1650 939 1960 1009 ὑπάρχοντα

390 1034 775 1105 ἀπολήψονται,
808 1029 1215 1100 κατεφρόνησαν
1248 1029 1344 1100 μὲν
1384 1029 1476 1082 τοῦ
1520 1029 1667 1099 βίου,
1699 1028 1961 1091 ἑκουσίως

388 1127 444 1179 δὲ
469 1126 558 1178 τὸν
585 1124 726 1194 ὑπὲρ
755 1121 1033 1184 εὐσεϐείας
1063 1121 1291 1174 θάνατον
1317 1121 1537 1173 εἴλοντο.

2066 499 2245 538 rerum
2273 499 2392 553 quae
2417 484 2518 539 sibi
2549 493 2732 538 essent
2760 483 3098 547 obventurae,
3127 498 3190 537 ea
3223 492 3402 539 tamen
3435 485 3636 538 discri-

2063 576 2207 628 mina
2242 577 2413 630 subiit
2442 591 2561 644 qute
2591 575 2960 645 praeviderat?
2991 575 3188 630 Paulus
3239 577 3356 645 ejus
3389 576 3636 645 discipu-

2061 666 2162 728 lus.
2191 683 2313 720 cum
2360 667 2622 721 audiisset
2669 681 2786 734 qum
2838 667 2939 720 sibi
2972 669 3223 735 patienda
3257 668 3634 732 imminerent,

2061 759 2105 812 si
2135 757 2436 812 Jerusalem
2481 769 2691 826 peteret
2727 759 2794 823 ³⁸,
2825 759 3067 828 periculo
3120 775 3178 814 se
3214 759 3514 824 commisit,
3552 759 3635 812 in-

2064 863 2292 914 crepans
2321 863 2414 902 eos
2441 850 2530 918 qui
2568 851 2736 916 ipsius
2773 860 2972 902 sortem
3005 850 3251 918 lugerent
3281 851 3638 918 impedirent-

2066 953 2169 1006 qne
2199 941 2488 1007 quominus
2535 939 2661 992 illuc
2709 949 2981 1008 pergeret.
3017 941 3156 1006 Quin
3207 949 3259 995 et
3292 941 3442 994 multi
3479 956 3509 995 e
3539 955 3638 994 no-

2064 1028 2217 1088 stris,
2253 1027 2500 1094 quamvis
2552 1029 2716 1095 probe
2761 1029 2966 1081 scirent
3013 1045 3091 1092 se,
3131 1031 3173 1083 si
3224 1030 3277 1082 in
3328 1029 3636 1083 confitendo

2065 1118 2484 1174 Christianismo
2518 1129 2849 1189 perstarent,
2880 1122 3175 1177 morituros
3207 1139 3221 1187 ;
3249 1133 3442 1177 contra
3474 1125 3638 1178 abso-

391 1219 557 1271 lutum
594 1218 658 1270 iri
705 1227 759 1270 et
815 1232 940 1269 suas
988 1215 1268 1269 facultates
1331 1223 1775 1284 recuperaturos,
1825 1213 1871 1268 si
1929 1213 2252 1268 desisterent
2294 1232 2308 1280 ;
2368 1216 2571 1279 tamen,
2625 1215 2875 1283 despecta
2919 1217 3049 1283 vita,
3119 1216 3360 1273 volentes
3407 1227 3634 1274 mortem

389 1310 606 1377 pietatis
635 1324 794 1362 causa
827 1311 1222 1362 occubuerunt.

469 1397 626 1467 Ἐξῆς
688 1397 744 1450 δέ
794 1396 966 1466 τούτῳ
1009 1397 1103 1450 καὶ
1158 1397 1284 1451 ἄλλο
1315 1395 1506 1466 εὔηθές
1566 1399 1779 1468 φησινδ
1809 1397 1958 1470 παρά

390 1485 467 1556 τῷ
490 1485 683 1555 Κέλσῳ
723 1484 969 1546 Ἰουδαῖος
990 1525 1003 1548 ,
1038 1485 1118 1536 ὅτι
1149 1484 1266 1547 πῶς
1287 1523 1300 1546 ,
1335 1503 1352 1534 ι
1390 1484 1560 1556 Εἴπερ
1599 1489 1826 1556 προεῖπε
1858 1488 1956 1540 καὶ

390 1577 480 1628 τὸν
500 1575 843 1647 προδώσοντα
877 1575 1078 1628 καὶτὸν
1100 1576 1236 1646 ἀρνη
1246 1576 1303 1628 σό
1311 1592 1486 1645 μενον,
1511 1577 1610 1629 οὐκ
1644 1577 1707 1630 ἂν
1738 1578 1812 1640 ὡς
1827 1578 1958 1630 Θεὸν

2137 1397 2222 1452 18.
2262 1394 2520 1464 Sequitur
2544 1394 2689 1449 aliud
2721 1409 2872 1463 teque
2918 1396 3180 1451 stultum:
3214 1416 3233 1450 ι
3271 1397 3326 1452 Si
3359 1400 3634 1470 praadixit,

2066 1487 2239 1554 inquit
2269 1488 2408 1554 apud
2435 1487 2650 1541 Celsum
2677 1485 2912 1550 Iudaeus,
2941 1487 3102 1540 istum
3130 1489 3464 1556 proditurum
3487 1505 3633 1554 esse,

2068 1578 2216 1630 illuni
2248 1593 2377 1631 vero
2406 1588 2729 1648 negaturum
2761 1597 2774 1645 ;
2812 1597 2911 1636 cur
2947 1580 3094 1633 illum
3133 1591 3188 1633 ut
3219 1581 3383 1634 Deum
3415 1600 3519 1636 non
3547 1599 3638 1636 ve-

389 1666 754 1737 ἐφοϐήθησαν,
777 1669 849 1728 ὡς
878 1666 967 1718 τὸν
1001 1667 1096 1736 μὲν
1127 1668 1198 1737 μὴ
1231 1667 1520 1738 προδοῦναι
1550 1667 1648 1731 ἔτι,
1677 1669 1766 1721 τὸν
1795 1669 1851 1722 δὲ
1885 1671 1958 1740 μὴ

2065 1669 2152 1723 riti
2201 1680 2347 1736 sunt,
2379 1682 2749 1739 caverttntque
2799 1674 2920 1736 iste,
2963 1689 3029 1727 ne
3073 1674 3366 1742 proderet,
3426 1675 3532 1740 ille,
3568 1693 3635 1729 ne

389 1756 772 1830 ἀρνήσασθαι;
812 1775 828 1807 ι
880 1760 990 1811 Καὶ
1041 1758 1138 1812 οὐκ
1185 1755 1288 1811 εἶδέ
1333 1759 1442 1829 (27)
1487 1777 1549 1828 γε
1599 1761 1627 1812 ὁ
1657 1759 1962 1828 σοφώτατος

388 1847 592 1910 Κέλσος
623 1847 681 1899 ἐν
709 1846 786 1916 τῷ
823 1847 972 1918 τόπῳ
1005 1848 1103 1918 τὴν
1148 1849 1358 1921 μάχην,
1394 1851 1476 1902 ὅτι
1518 1852 1565 1903 εἰ
1609 1852 1705 1922 μὲν
1741 1851 1848 1922 (28)
1887 1853 1964 1914 ὡς

387 1940 519 2002 Θεὸς
553 1941 820 2010 προέγνω,
867 1940 961 1993 καὶ
1012 1941 1110 2010 οὐχ
1155 1935 1266 1994 οἷόν
1315 1959 1372 1995 τε
1414 1937 1482 2012 ἦν
1510 1942 1674 1994 αὐτοῦ
1703 1944 1800 2012 τὴν
1834 1944 1964 2013 πρό-

387 2048 584 2099 γνωσιν
609 2030 908 2100 ψεύσασθαι
933 2048 946 2061 ·
975 2033 1073 2102 οὐχ
1108 2029 1217 2084 οἷόν
1245 2051 1306 2085 τε
1335 2030 1402 2104 ἦν
1433 2033 1554 2086 οὔτε
1579 2034 1668 2086 τὸν
1697 2036 1964 2105 ἐγνωσμέ-

387 2141 476 2176 νον
515 2124 590 2186 ὡς
634 2122 974 2194 προδώσοντα
1018 2124 1091 2194 μὴ
1138 2123 1459 2195 προδοῦναι,
1515 2123 1637 2177 οὔτε
1675 2125 1764 2177 τὸν
1813 2125 1964 2194 ἐλεγ-

389 2215 580 2286 χθέν-τα
607 2215 973 2285 ἀρνησόμενον
1009 2216 1082 2286 μὴ
1111 2214 1470 2286 ἀρνήσασθαι·
1513 2217 1561 2266 εἰ
1595 2214 1639 2267 δ’
1682 2210 1791 2268 οἷόν
1819 2217 1865 2269 τ’
1894 2212 1962 2287 ἧν

389 2307 533 2360 τόνδε
563 2307 660 2377 μὲν
688 2305 760 2376 μὴ
789 2305 1108 2376 προδώσειν,
1139 2305 1284 2357 τόνδε
1312 2305 1369 2357 δὲ
1403 2303 1478 2374 μὴ
1507 2303 1861 2374 ἀρνήσασθαι,
1887 2305 1962 2367 ὡς

389 2399 480 2451 καὶ
519 2397 770 2466 γενέσθαι
811 2397 874 2448 ἂν
897 2397 958 2448 τὸ
983 2397 1058 2466 μὴ
1085 2395 1372 2466 προδοῦναι
1407 2395 1498 2448 καὶ
1525 2395 1585 2446 τὸ
1615 2394 1690 2464 μὴ
1718 2395 1960 2464 ἀρνήσα-

389 2490 509 2544 σθαι
537 2491 594 2541 ὲν
623 2491 733 2551 τοῖς
767 2488 940 2539 ταῦτα
973 2487 1460 2556 προμεμαθηκόσιν
1487 2524 1501 2548 ,
1542 2485 1722 2538 οὐκέτι
1759 2485 1962 2556 ἀληθὴς

383 2575 452 2650 ἦν
479 2581 508 2630 ὁ
535 2579 728 2646 λέγων,
755 2578 836 2629 ὅτι
874 2577 961 2628 ὅδε
1003 2577 1100 2644 μὲν
1134 2576 1420 2646 προδώσει,
1450 2577 1532 2628 ὅδε
1561 2576 1618 2628 δὲ
1648 2576 1957 2646 ἀρνήσεται.

389 2670 499 2723 Καὶ
525 2669 632 2740 γάρ
655 2670 702 2720 εἰ
729 2668 976 2738 προέγνω
1009 2666 1372 2738 προδώσοντα,
1403 2665 1500 2737 τὴν
1531 2667 1792 2736 πονηρίαν
1823 2662 1962 2718 οἶδεν

387 2762 480 2830 ἀφ’
517 2757 584 2831 ἧς
620 2757 919 2830 προδώσει,
954 2758 1080 2827 ἥτις
1116 2756 1176 2808 οὑ
1231 2756 1448 2818 πάντως
1484 2757 1549 2808 ἐκ
1575 2757 1672 2826 τῆς
1717 2755 1962 2826 προγνώο

389 2869 524 2914 σεως
546 2851 928 2920 ἀνετέτραπτο.
965 2849 1132 2900 Πάλιν
1159 2865 1218 2900 τε
1247 2847 1314 2901 αὖ
1348 2850 1393 2900 εί
1426 2847 1715 2916 κατείληφε
1748 2847 1838 2900 τὸν
1863 2849 1962 2917 ἀρ-

385 2945 680 3015 νησόμενον
703 2982 717 3006 ,
754 2942 851 3012 τὴν
889 2940 1171 2993 ἀσθένειαν
1210 2937 1364 3001 ἰδὼν,
1399 2939 1492 3006 ἀφ’
1537 2933 1605 3008 ἦς
1643 2938 1956 3008 ἀρνήσεται,

386 3035 662 3104 προεῖπεν,
708 3031 789 3083 ὅτι
815 3030 1141 3100 ἀρνήσεται·
1178 3029 1212 3097 ἡ
1241 3027 1285 3079 δ’
1318 3026 1569 3080 ἀσθένεια
1598 3027 1696 3079 οὐκ
1737 3026 1958 3096 ἔμελλεν

387 3122 785 3194 ἀνατρέπεσθαι
825 3121 996 3184 οὕτως
1030 3120 1242 3190 ἀθρόως
1287 3120 1392 3172 ἀπὸ
1441 3120 1538 3190 τῆς
1578 3117 1957 3190 προγνώσεως.

387 3215 557 3268 Πόθεν
584 3215 640 3266 δὲ
673 3215 767 3267 καὶ
798 3213 875 3265 τό·
909 3231 925 3262 ι
969 3211 1106 3263 Ἀλλ’
1131 3210 1284 3264 αὑτοὶ
1317 3209 1628 3280 προέδωκάν
1655 3227 1710 3262 τε
1742 3211 1836 3262 καὶ
1866 3210 1962 3281 ἠρ-

389 3306 643 3375 νήσαντο,
680 3303 841 3373 μηδέν
866 3301 1026 3356 αὐτοῦ
1055 3301 1464 3371 φροντίσαντες;
1500 3319 1518 3351 ι
1559 3300 1795 3372 Ἐδείχθη
1826 3301 1958 3372 γὰρ,

386 3397 469 3453 ὅτι
503 3396 630 3468 περὶ
660 3395 756 3466 μὲν
793 3395 886 3446 τοῦ
915 3393 1200 3465 προδόντος
1243 3392 1436 3461 ψεῦδος
1471 3393 1532 3444 τὸ
1579 3392 1838 3464 μηδαμῶς
1865 3393 1962 3445 αὑ-

385 3489 476 3540 τὸν
542 3486 933 3558 πεφροντικότα
989 3484 1080 3537 τοῦ
1143 3484 1462 3538 διδασκάλου
1529 3486 1952 3556 προδεδωκέναι·

383 3578 536 3632 οὐδὲν
564 3577 608 3630 δ’
629 3565 798 3648 ’ἦττον
828 3576 922 3628 καὶ
967 3576 1095 3646 περὶ
1145 3573 1240 3626 τοῦ
1275 3575 1647 3646 ἀρνησαμένου
1671 3577 1834 3629 τοῦτο
1861 3576 1962 3630 δεί-

386 3669 669 3733 κνυται,δς
699 3666 927 3734 ἐξελθὼν
949 3665 1072 3732 ἔξω,
1089 3663 1225 3736 μετὰ
1250 3665 1310 3718 τὸ
1338 3666 1696 3741 ἀρνήσασθαι,
1728 3667 1958 3722 ἕκλαυσε

388 3759 618 3832 πικρῶς.

472 3851 814 3904 Ἐπιπόλαιον
862 3847 917 3902 δὲ
968 3848 1062 3901 καὶ
1094 3849 1154 3902 τό
1176 3866 1190 3878 ·
1232 3868 1250 3900 ι
1282 3849 1418 3920 Ἤδη
1466 3849 1574 3920 γάρ
1604 3867 1704 3902 που
1748 3849 1839 3907 καὶ
1867 3849 1959 3904 ἀν-

389 3943 604 4014 θρωπος
637 3941 1115 4009 ὲπιϐουλευόμενός
1163 3957 1222 3991 τε
1263 3940 1356 3991 καὶ¹
1385 3939 1828 4010 προαισθόμενος,
1863 3940 1958 3993 ἐὰν

389 4033 625 4103 προείπῃ
657 4034 769 4093 τοῖς
812 4030 1277 4092 ἐπιϐουλεύουσιν,
1317 4030 1710 4100 ἀποτρέπονται
1746 4031 1836 4084 καὶ
1869 4048 1961 4098 φυ-

385 4123 692 4176 λάσσονται.
745 4139 765 4173 ι
813 4119 1003 4173 Πολλοὶ
1042 4119 1150 4190 γὰρ
1201 4119 1294 4172 καὶ
1348 4120 1792 4190 προαισθομένοις
1848 4124 1958 4184 τοῖς

384 4210 885 4280 ἐπιϐουλευομένοις
933 4208 1347 4262 ἐπεϐούλευσαν.
1393 4209 1550 4278 Ἑξῆς
1589 4209 1646 4261 δὲ
1669 4249 1682 4273 ,
1718 4211 1957 4280 ὡσπερεὶ

384 4305 445 4356 τὸ
475 4302 842 4374 συμπέρασμα
875 4301 1093 4370 ἐπάγων
1121 4300 1197 4372 τῷ
1225 4300 1368 4370 λόγῳ
1388 4343 1401 4366 ,
1433 4300 1625 4370 φησίν·
1690 4320 1708 4352 ‹
1751 4301 1955 4354 Οὔκουν

383 4393 568 4466 ἐπειδὴ
613 4393 902 4466 προείρητο
951 4391 1156 4453 ταῦτα,
1207 4391 1466 4460 γέγονεν·
1515 4389 1772 4442 ἀδύνατον
1824 4390 1951 4460 γάρ.

393 4485 533 4538 Ἀλλ’
575 4485 762 4554 ἐπειδὴ
805 4485 1026 4553 γέγονε,
1071 4481 1262 4553 ψεῦδος
1302 4481 1580 4550 ἐλέγχεται
1613 4481 1672 4533 τὸ
1705 4497 1957 4552 προειρη-

381 4578 530 4632 κέναι
549 4595 562 4608 ·
597 4578 772 4648 πάντη
801 4576 909 4648 γὰρ
939 4576 1217 4646 ἀμήχανον
1248 4575 1371 4636 τοὺς
1401 4571 1846 4644 προακούσαντας
1874 4571 1954 4624 ἐτι

383 4669 666 4741 προδοῦναι
701 4670 793 4722 καὶ
833 4667 1190 4740 ἀρνήσασθαι.
1241 4684 1261 4719 ι
1313 4666 1696 4736 Ἀνατραπεῖσι
1736 4664 1794 4718 δὲ
1842 4667 1956 4728 τοῖς

382 4761 794 4832 προειρημένοις
819 4759 1194 4832 συνανετράπη
1215 4757 1273 4812 τὺ
1306 4757 1674 4828 συμπέρασμα
1701 4758 1782 4818 τὸ,
1803 4775 1820 4806 ι
1846 4757 1956 4808 Καὶ

381 4849 500 4901 ἐπεὶ
532 4849 640 4920 (29)
684 4851 970 4922 προείρητο
1010 4849 1202 4912 ταῦτα,
1243 4847 1452 4915 γέγονε.
1498 4865 1516 4897 ι
1555 4846 1738 4917 Φαμὲν
1783 4845 1827 4898 δ’
1870 4846 1952 4898 ὄτι

382 4941 475 4993 καὶ
497 4940 734 5008 γέγονεν,
760 4943 835 5004 ώς
859 4943 1078 4996 δυνατόν
1236 4959 1249 4972 ·
1279 4941 1371 4994 καὶ
1401 4941 1522 4994 ἐπεὶ
1548 4941 1792 5010 γέγονεν,
1828 4939 1956 5010 ἀλη-

381 5031 474 5093 θὲς
498 5030 768 5084 δείκνυται
796 5033 856 5084 τὸ
882 5034 1300 5104 προειρηκέναι·
1335 5032 1394 5084 τὸ
1427 5031 1534 5103 γάρ
1565 5031 1694 5102 περὶ
1729 5028 1948 5100 μελλόν-

377 5140 486 5176 των
521 5121 719 5192 ἀληθὲς
758 5125 875 5186 ταῖς
921 5125 1173 5178 έκϐἀσεσι
1204 5126 1464 5197 κρίνεται.
1497 5123 1705 5186 Ψεῦδος
1751 5118 1844 5175 οὖν
1894 5121 1954 5173 τὸ

379 5217 470 5268 ὑπ’
499 5213 665 5269 αὑτοῦ
694 5213 861 5277 οὕτως
888 5217 1174 5287 εἰρημένον
1193 5258 1206 5283 ,
1233 5219 1314 5271 ὅτι
1352 5215 1543 5288 ψεῦδος
1584 5214 1861 5283 ἐλέγχεται
1891 5212 1952 5265 τὸ

448 5357 491 5389 ³³
528 5356 652 5410 Act.
681 5371 796 5421 xxx,
830 5357 918 5410 12.
991 5357 1034 5390 ³⁸
1074 5357 1266 5412 Matth.
1301 5373 1451 5422 xxvr,
1495 5356 1582 5410 75.

447 5496 563 5566 ('27)
590 5495 749 5550 Εἷδε.
779 5495 945 5550 Codd.
975 5497 1176 5566 Regius
1201 5538 1216 5563 ,
1247 5497 1574 5566 Basiieensis
1600 5503 1654 5551 et
1684 5493 1939 5564 Anglica-

379 5563 480 5618 nus
513 5563 735 5630 p'rimns.
763 5567 909 5620 Libri
940 5563 1118 5620 autent
1151 5569 1305 5629 editi,
1333 5563 1459 5619 οἶδε.

453 5635 562 5705 (28)
598 5636 714 5688 Ὅτι
740 5638 791 5688 εὶ
817 5635 952 5705 μέν.
983 5637 1073 5690 Sit:
1111 5649 1257 5691 ret-te
1281 5653 1412 5691 mss.
1449 5635 1745 5689 restituunt
1772 5634 1941 5705 parti-

369 5701 552 5764 .t-ulani
579 5706 651 5775 et,
684 5701 903 5777 quaa'ab
935 5708 1094 5765 editis
1137 5707 1291 5764 libris
1332 5707 1542 5764 incuria
1573 5701 1938 5778 typograpb'o-

2063 1763 2326 1830 negaret?
2362 1783 2379 1815 ι
2418 1763 2531 1818 Non
2561 1765 2690 1818 vidit
2722 1766 2908 1820 Celsus
2951 1767 3110 1820 homo
3171 1765 3259 1819 ille
3291 1765 3634 1834 sapientissi-

2066 1869 2182 1908 mus
2209 1858 2525 1924 pngnantia,
2567 1873 2625 1912 se
2655 1859 2821 1927 loqui.
2854 1857 2986 1910 Nam
3045 1858 3090 1911 si
3127 1868 3186 1911 ut
3244 1843 3383 1912 Deus
3425 1874 3634 1927 pruino-

2066 1948 2165 2012 vit,
2212 1964 2310 2001 nec
2361 1949 2474 2002 fieri
2527 1961 2739 2018 poterat
2797 1963 2851 2004 ttt
2906 1952 3170 2020 prmnotio
3227 1950 3630 2016 frusuaretur;

2063 2040 2178 2093 fieri
2235 2041 2421 2108 utique
2474 2057 2578 2094 non
2629 2043 2838 2110 potuit,
2883 2053 2938 2095 ut
2988 2044 3078 2111 qui
3147 2044 3634 2113 praecognosceba-

2063 2141 2150 2183 tur
2179 2131 2522 2198 proditurus,
2561 2133 2604 2186 is
2637 2147 2741 2186 non
2789 2135 3044 2200 proderet
3084 2175 3100 2200 ,
3149 2145 3239 2188 attt
3271 2150 3376 2188 non
3411 2141 3635 2203 negaret

2063 2221 2172 2286 ille,
2206 2222 2317 2290 qui,
2351 2232 2410 2276 nt
2436 2235 2750 2292 negaturus,
2785 2226 3145 2293 reprehensus
3175 2225 3373 2280 fuerat.
3407 2227 3500 2280 Sin
3534 2241 3635 2280 au-

2064 2328 2168 2372 tem
2194 2318 2332 2372 alter
2359 2333 2464 2372 non
2496 2319 2745 2387 prodere,
2791 2320 2930 2371 alter
2975 2335 3080 2372 non
3097 2323 3308 2389 1tegare
3344 2322 3629 2388 potuisset,

2064 2410 2132 2462 ita
2169 2421 2224 2462 ut
2261 2409 2585 2477 prmmoniti,
2621 2409 2712 2463 ille
2745 2424 2850 2462 non
2888 2409 3257 2476 prodidisset,
3292 2412 3376 2463 hic
3404 2427 3506 2464 non
3539 2425 3632 2462 ne-

2062 2511 2280 2570 gasset;
2313 2517 2476 2555 verax
2505 2517 2609 2554 non
2650 2500 2841 2555 fuisset
2875 2502 2982 2564 ille,
3033 2503 3120 2568 qtti
3172 2502 3403 2555 alterum
3450 2503 3632 2570 prodi-

2065 2601 2270 2655 turum,
2303 2593 2532 2644 alterunt
2587 2600 2906 2660 negaturum
2951 2607 3070 2645 esse
3104 2592 3338 2646 dixerat.
3387 2592 3443 2646 Si
3488 2595 3630 2647 enim

2063 2688 2321 2754 przenovit
2351 2687 2712 2754 proditurum,
2744 2686 2892 2740 novit
2939 2687 3200 2740 malitiam
3250 2687 3391 2739 unde
3446 2686 3632 2740 nasci-

2065 2788 2185 2832 tura
2215 2789 2332 2831 erat
2361 2778 2616 2846 proditio.
2650 2791 2920 2846 quamque
2951 2788 3196 2830 evertere
3227 2777 3486 2845 pra‘notio
3513 2793 3633 2830 om-

2062 2869 2192 2922 nino
2220 2883 2324 2922 non
2359 2877 2590 2936 poterat.
2617 2867 3081 2932 Quemadmodum
3112 2867 3155 2920 si
3180 2868 3636 2936 pra-scivitnega-

2065 2967 2265 3018 turum,
2297 2957 2450 3011 novit
2475 2956 2923 3019 imbecillitatem,
2955 2970 3073 3024 qua
3095 2956 3486 3010 dalura‘locnm
3513 2967 3632 3012 erat

2067 3049 2367 3118 negationi,
2403 3051 2612 3119 liaeque
2660 3050 2726 3103 de
2771 3064 2936 3105 causa
2987 3060 3310 3116 negaturum
3343 3065 3464 3105 esse
3497 3065 3632 3118 prte-

2065 3141 2353 3194 nuntiavit.
2387 3139 2512 3195 Haec
2537 3157 2662 3195 vero
2699 3142 3038 3197 imbecillitas
3068 3143 3312 3197 coerceri
3343 3141 3630 3196 confestim

2065 3247 2169 3286 non
2206 3233 2379 3300 potuit
2425 3249 2454 3285 a
2492 3235 2843 3300 prmnotione.
2881 3235 3032 3290 Unde
3062 3244 3245 3288 autem
3294 3238 3438 3302 cepit
3488 3235 3634 3304 quod

2064 3325 2176 3378 ait:
2211 3343 2229 3376 ι
2267 3324 2342 3378 Illi
2389 3333 2565 3378 tamen
2615 3340 2738 3380 eum
2775 3326 2928 3380 nihili
2976 3324 3242 3380 facientes
3273 3328 3633 3395 prodiderunt

2062 3426 2115 3473 et
2143 3418 2518 3488 negaverunt?
2551 3438 2569 3469 ι
2607 3419 2776 3485 Quam
2804 3419 2946 3472 enim
2983 3420 3085 3474 hoc
3117 3420 3185 3473 de
3209 3418 3346 3472 Juda
3394 3421 3465 3472 sit
3497 3419 3632 3472 alie-

2067 3527 2194 3564 num
2221 3525 2249 3563 a
2270 3511 2520 3572 veritate,
2550 3509 2662 3577 jam
2687 3520 2811 3562 ante
2832 3510 3195 3570 ostendimus;
3221 3525 3322 3562 nec
3351 3511 3524 3577 magis
3544 3525 3635 3562 ar-

2061 3601 2224 3655 duum
2238 3612 2319 3655 est
2335 3602 2472 3654 idem
2484 3602 2550 3653 de
2563 3601 2724 3654 Petro
2737 3599 3134 3665 demonstrare,
3151 3601 3348 3668 quippe
3360 3601 3472 3668 qui,
3489 3608 3637 3667 post-

2061 3707 2221 3761 quam
2253 3700 2566 3758 negaverat,
2590 3705 2840 3760 egressus
2871 3689 3019 3745 foras
3051 3705 3236 3744 amare
3270 3690 3479 3745 ﬂeverit
3501 3691 3567 3744 ³⁸.

2131 3845 2219 3900 19.
2251 3843 2423 3898 Futile
2451 3844 2612 3898 etiam
2641 3853 2723 3899 est
2758 3845 2899 3899 istud
2930 3861 2944 3898 :
2988 3863 3006 3896 ι
3043 3845 3222 3913 Certe,
3274 3845 3471 3914 inquit,
3506 3861 3628 3901 cum

2057 3935 2218 4008 405
2255 3937 2414 3990 Ιιοιιιο
2447 3945 2660 4005 paratas
2686 3937 2785 3990 sibi
2827 3936 3056 3990 insidias
3101 3940 3380 4006 praesentit
3409 3949 3463 3990 et
3494 3939 3630 3992 iesi-

2057 4031 2298 4082 diatores
2331 4041 2646 4096 praemonet,
2697 4029 2750 4082 lti
2793 4029 3133 4084 deterrentur
3177 4045 3206 4082 a
3250 4030 3528 4098 proposito
3571 4039 3629 4084 et

2057 4128 2250 4174 cavent
2277 4119 2399 4172 sibi.
2438 4137 2456 4170 ι
2489 4119 2640 4174 Multi
2671 4120 2814 4174 enim
2866 4121 3030 4173 etiam
3063 4121 3130 4173 iis
3179 4121 3270 4188 qui
3310 4122 3631 4186 prtesentie-

2058 4212 2208 4276 bant,
2245 4211 2597 4266 nihilominus
2642 4211 2867 4265 insidias
2895 4211 3065 4266 moliti
3102 4221 3246 4265 sunt.
3281 4211 3404 4264 llatc
3434 4211 3631 4266 deinde

2060 4304 2211 4370 quasi
2247 4301 2364 4368 ejus
2413 4302 2686 4357 conclusio
2730 4312 2814 4356 est
2865 4319 2878 4354 :
2918 4321 2936 4353 ι
2987 4300 3106 4355 Νοη
3156 4302 3324 4370 igitur
3371 4301 3626 4370 quoniam

2061 4395 2174 4448 haec
2197 4394 2454 4464 praedicta
2480 4404 2624 4460 sunt,
2651 4395 2985 4448 acciderunt.
3014 4395 3147 4447 Nam
3174 4393 3503 4462 impossibile
3518 4404 3622 4450 est.

2059 4482 2176 4539 lmo
2221 4486 2362 4553 quod
2417 4485 2747 4549 acciderint,
2793 4486 2916 4540 ideo
2960 4485 3155 4540 falsum
3201 4495 3285 4540 est
3328 4485 3418 4538 illa
3461 4485 3630 4540 fuisse

2059 4574 2336 4645 praadicta.
2369 4574 2500 4628 Nam
2533 4574 2648 4629 fieri
2683 4590 2787 4629 non
2821 4577 2996 4644 potuit
3038 4586 3095 4631 ut
3122 4577 3387 4645 proditori
3421 4589 3515 4631 aut
3537 4593 3628 4631 ne-

2059 4661 2235 4731 gaturi
2284 4670 2484 4729 essent,
2532 4665 2621 4732 qui
2675 4665 2978 4734 prtemoniti
3022 4665 3266 4719 fuerant.
3303 4685 3322 4718 ι
3361 4665 3466 4721 Sed
3498 4668 3626 4722 sub-

2058 4757 2233 4808 versis
2273 4769 2390 4820 quae
2420 4765 2544 4808 ante
2592 4758 2752 4816 dixit.
2803 4768 3024 4812 corruat
3057 4771 3281 4812 necesse
3328 4766 3411 4812 est
3439 4768 3493 4813 et
3524 4759 3624 4814 ista

2057 4845 2336 4900 conclusio
2362 4863 2376 4900 :
2413 4863 2433 4896 ι
2472 4845 2588 4902 Non
2619 4848 2785 4917 igitur
2810 4849 2941 4918 quia
2972 4851 3226 4918 praedicta
3257 4861 3446 4918 erant,
3479 4853 3628 4908 acci-

2057 4937 2272 4994 derunt.
2304 4957 2325 4988 ι
2352 4939 2511 4992 Certe
2538 4940 2855 4995 acciderunt
2877 4950 2933 4995 et
2966 4943 3187 5012 quidem
3223 4952 3279 4996 ut
3303 4946 3581 5013 possibilia
3605 4964 3622 5010 ;

2058 5040 2111 5085 et
2130 5030 2255 5098 quia
2286 5032 2622 5098 acciderunt,
2643 5043 2928 5103 propterea
2962 5035 3218 5104 pra'dicta
3246 5034 3415 5090 fuisse
3437 5051 3624 5090 verum

2057 5129 2158 5175 est.
2187 5120 2322 5175 Nam
2357 5138 2482 5176 vera
2518 5113 2695 5178 rerum
2730 5125 3040 5179 futurarum
3069 5129 3344 5195 pmdictio
3373 5142 3437 5180 ex
3461 5142 3624 5179 even-

2060 5213 2200 5268 tibus
2225 5214 2522 5283 judicatur.
2558 5216 2689 5273 Cum
2725 5217 2890 5289 igitur
2930 5220 3009 5274 ait
3049 5219 3236 5274 Celsus
3277 5218 3470 5272 falsum
3501 5231 3625 5272 eSse

2047 5507 2166 5545 rum
2203 5493 2506 5548 exciderat.

2072 5563 2228 5644 ﬂ(-29)
2253 5564 2358 5618 Kal
2388 5565 2533 5618 ἐπει.
2567 5564 2897 5638 Legendum,
2921 5565 3021 5618 οὐκ
3047 5565 3188 5628 ἐπεί,
3221 5577 3286 5618 ex
3315 5564 3625 5634 praeceden.

2267 5704 2360 5771 Ὡς
2390 5703 2672 5760 δυνατόν.
2727 5705 2926 5761 Guieto
2982 5703 3335 5763 scribendum
3389 5707 3623 5782 videtur,
