3998 6170
492 240 598 300 855

1975 229 2301 285 OlilGENlS

3652 238 3768 292 856

494 366 608 419 haac
649 377 679 415 a
708 360 834 414 .lesu
863 358 1028 413 fuisse
1054 355 1332 426 praedicta,
1374 353 1492 408 falsi
1527 353 1644 422 ipse
1679 353 2047 407 convincitur.

2170 350 2587 421 προειρηκέναισ
2637 349 2746 402 καὶ¹
2778 347 2957 420 μάτην
3003 348 3247 404 λέλεκται
3299 350 3376 420 τῷ
3428 351 3625 424 Κέλσῳ
3679 361 3769 418 τὸ,

491 455 636 508 sicut
667 463 722 506 et
750 453 852 505 hoc
874 449 1015 503 aliud
1047 445 1187 517 quod
1219 445 1357 499 dixit
1383 463 1396 498 :
1430 464 1449 497 ι
1485 444 1631 499 Fieri
1661 445 1805 499 enim
1832 459 1936 498 non
1973 459 2072 513 po-

494 550 597 603 tuit
633 558 692 602 ut
735 541 998 617 prodituri
1036 550 1130 596 aut
1163 543 1410 613 negaturi
1455 549 1670 608 essent,
1704 539 1798 610 qui
1831 553 2068 611 praemo-

492 641 589 694 niti
635 640 866 693 fuerant.
907 656 927 688 ι

562 732 653 785 20.
684 730 821 796 Quid
856 738 1039 798 postea
1078 726 1256 790 dicat,
1305 723 1594 778 audiamus
1633 739 1646 776 :
1689 741 1707 774 ι
1748 722 1890 775 Deus
1924 729 2064 781 erat,

494 825 687 892 inquit,
717 823 806 890 qui
838 824 952 876 hinc
983 821 1271 891 praedixit;
1303 817 1530 885 proinde
1560 817 1784 869 omnino
1818 827 2070 868 necessa-

491 918 628 971 rium
666 917 796 980 fuit,
835 925 914 978 ut,
951 929 1070 982 quae
1129 911 1387 981 praedicta
1441 901 1678 974 fuerant,
1735 905 2064 961 acciderent.

489 1015 629 1069 Deus
658 1013 820 1082 igitur
849 1018 976 1065 sues
1009 1008 1180 1077 ipsius
1199 1003 1494 1075 discipulos
1511 1011 1564 1058 et
1587 1002 1905 1072 prophetas,
1941 1001 2064 1069 qui-

487 1104 712 1159 buscum
744 1103 922 1157 cibum
951 1109 1248 1170 potumque
1277 1095 1542 1157 sumebat,
1575 1109 1642 1150 eo
1668 1095 1871 1164 adegit,
1903 1093 2065 1162 utjus

484 1211 645 1252 omne
675 1195 860 1264 fasque
914 1190 1323 1262 proculcarent;
1365 1188 1456 1257 qui
1496 1197 1824 1242 tamencum
1861 1186 1913 1240 in
1947 1200 2066 1240 om-

485 1303 582 1341 nes
604 1285 850 1340 homines
873 1282 1163 1346 beneﬁcus,
1190 1291 1302 1333 tum
1329 1279 1558 1333 maxime
1585 1279 1637 1331 in
1664 1292 1792 1331 suos
1822 1276 2063 1331 familia-

484 1391 573 1430 res
605 1391 725 1430 esse
755 1374 1038 1428 debuerat.
1084 1371 1372 1438 Nunquam
1413 1371 1574 1424 homo
1625 1366 1832 1422 homini
1887 1367 2064 1421 factus

481 1467 598 1534 ejus
630 1481 832 1521 mensae
893 1465 1165 1532 particeps
1220 1463 1433 1532 paravit
1466 1461 1718 1525 insidias;
1752 1459 1839 1514 hic
1881 1469 2061 1513 autem

484 1559 593 1612 Deo
619 1558 777 1610 struit
813 1557 1032 1610 insidias
1062 1555 1150 1624 qui
1182 1555 1356 1608 eidem
1391 1568 1514 1606 eum
1547 1553 1654 1606 Deo
1696 1567 1898 1606 mensae
1967 1565 2062 1603 ac-

482 1649 722 1712 cumbit;
758 1656 833 1704 et.
856 1646 998 1715 quod
1030 1644 1318 1699 absurdius
1343 1651 1449 1706 est,
1473 1644 1614 1696 Deus
1642 1641 1756 1709 ipse
1795 1640 1909 1695 suis
1935 1655 2064 1695 con-

481 1742 777 1796 victoribus
808 1741 1116 1805 insidiatur,
1156 1739 1265 1794 imo
1294 1753 1388 1793 eos
1439 1738 1741 1808 proditores
1777 1744 1832 1791 et
1872 1736 2064 1804 impios

443 1832 664 1888 .ellicit.
707 1853 726 1886 ι
765 1833 846 1886 Ad
879 1835 1012 1897 haec,
1056 1832 1183 1900 quia
1226 1831 1386 1900 jubes
1440 1843 1526 1883 me
1593 1829 1756 1882 etiam
1805 1828 1870 1883 iis
1925 1827 2065 1882 Celsi

483 1923 1043 1993 argumentationibus
1078 1935 1392 1984 occurrere,
1433 1933 1553 1988 qua:
1584 1917 1716 1971 mihi
1745 1916 1953 1971 frivola:
1989 1917 2066 1970 vi-

482 2017 697 2077 dentur,
737 2013 1036 2083 respondeo
1065 2013 1114 2064 in
1153 2013 1297 2064 hunc
1361 2012 1598 2064 modum.
1647 2009 1837 2063 Celsus
1891 2018 2062 2078 putat,

479 2106 622 2174 quod
661 2105 972 2174 praedictum
998 2111 1101 2167 CSI,
1125 2101 1244 2154 ideo
1273 2100 1386 2153 tieri
1450 2098 1574 2167 quia
1606 2098 1922 2162 praedictum
1947 2107 2059 2165 est;

478 2197 532 2250 id
568 2212 695 2249 vero
727 2195 800 2248 illi
831 2195 978 2248 nullo
1012 2194 1174 2246 modo
1215 2191 1570 2246 assentimur.
1607 2189 1718 2242 Nec
1751 2189 1896 2243 enim
1925 2189 2061 2244 dici-

478 2304 598 2342 mus
631 2303 752 2341 eum
783 2288 873 2355 qui
917 2285 1190 2354 praedixit,
1234 2298 1456 2338 causam
1490 2282 1611 2335 ideo
1667 2295 1787 2334 esse
1833 2297 1930 2335 cur
1977 2296 2063 2335 res

475 2381 654 2434 futura
696 2380 788 2441 sit,
826 2377 953 2446 quia
1018 2375 1270 2444 prrcdixit
1313 2390 1431 2428 eam
1481 2388 1599 2428 esse
1632 2373 1914 2436 futuram;
1966 2373 2058 2426 sed

472 2487 594 2524 eum
630 2486 717 2523 res
742 2469 942 2532 futura,
977 2466 1190 2520 etiamsi
1251 2467 1511 2534 praedicta
1544 2482 1649 2520 non
1679 2474 1845 2528 esset,
1876 2463 2057 2517 futura

471 2562 560 2626 sit,
594 2560 735 2614 illam
759 2560 841 2612 sui
875 2559 1226 2628 praedicenda:
1255 2557 1428 2611 locum
1479 2556 1777 2626 przebuisse
1823 2555 1926 2620 illi,
1959 2555 2054 2622 qui

471 2653 779 2720 praenoscit.
813 2652 992 2720 Atque
1029 2659 1197 2704 totum
1225 2650 1325 2704 hoc
1355 2651 1539 2704 animo
1568 2651 1703 2716 ejus,
1735 2649 1826 2719 qui
1857 2649 2057 2718 pracdi-

467 2741 568 2806 cit,
602 2743 971 2797 obversatur:
1005 2758 1128 2796 cum
1157 2757 1244 2795 res
1292 2743 1407 2795 haec
1457 2743 1710 2796 accidere
1759 2742 1948 2810 possit,
2002 2750 2057 2795 et

428 2852 430 2854 ·
469 2834 640 2900 possit
669 2850 774 2887 non
809 2832 1090 2897 accidere,
1125 2847 1156 2885 e
1203 2832 1414 2886 duobus
1450 2832 1552 2886 hoc
1601 2848 1765 2886 unum
1824 2834 2052 2887 accidet.

472 2925 656 2992 Neque
685 2923 916 2977 dicimus
949 2939 977 2975 a
1007 2932 1382 2990 pramosccnte
1407 2923 1566 2986 ellici,
1602 2930 1658 2975 ut
1701 2938 1786 2976 res
1813 2931 1905 2976 aut
1938 2937 2056 2975 eve.

471 3017 591 3070 nire
619 3025 710 3069 aut
755 3031 860 3070 non
910 3016 1131 3068 evenire
1185 3015 1390 3083 possit;
1425 3017 1497 3067 ita
1535 3024 1591 3066 ut
1621 3013 1710 3078 qui
1742 3015 2048 3082 praenoscit,

471 3108 640 3173 dicat,
672 3108 788 3160 haec
837 3122 923 3159 res
971 3105 1194 3159 omnino
1257 3104 1440 3158 futura
1489 3114 1593 3169 cst,
1631 3112 1684 3157 et
1717 3103 2048 3172 impossibile

467 3209 552 3256 est
590 3198 746 3250 aliter
781 3196 922 3250 ﬁeri.
977 3195 1162 3262 Atque
1221 3193 1324 3246 hac
1374 3192 1538 3263 5.06
1571 3193 1778 3246 ratione
1821 3192 2045 3260 intelligi

468 3305 566 3358 par
593 3299 675 3342 est
709 3301 897 3340 onmes
921 3283 1318 3354 praedictiones,
1345 3298 1464 3350 quae
1495 3281 1574 3335 vel
1604 3281 1657 3334 in
1684 3282 1862 3336 divina
1900 3282 2048 3336 Scri-

467 3391 651 3451 ptura,
686 3379 764 3432 \‘cl
801 3379 850 3432 in
879 3377 1186 3432 Grazcorum
1233 3375 1476 3429 historiis
1507 3374 1854 3443 reperiuntur
1886 3374 1953 3428 de
1982 3376 2047 3430 iis

466 3488 588 3542 quae
618 3472 668 3524 in
711 3480 898 3524 nostro
921 3468 1094 3538 posita
1131 3476 1258 3521 sunt
1288 3466 1459 3520 libero
1487 3466 1735 3520 arbitrio.
1789 3464 2044 3535 Alioquin

463 3581 632 3619 vanas
662 3565 806 3618 inter
839 3562 1122 3631 captiones
1170 3559 1342 3614 locum
1381 3573 1446 3612 ex
1478 3557 1635 3612 Celso
1665 3573 1770 3612 non
1813 3559 2036 3612 haberet

465 3657 555 3708 illa
621 3669 785 3723 quam
846 3653 1115 3708 dialectici
1165 3659 1363 3704 vocant
1431 3651 1646 3704 inertem
1695 3661 1740 3702 et
1795 3651 2036 3720 ignavam

465 3749 742 3813 rationem,
786 3760 947 3813 quam
988 3751 1168 3798 tamen
1199 3757 1343 3797 sana:
1386 3741 1580 3796 mentis
1607 3757 1796 3796 omnes
1833 3741 2038 3809 captio-

465 3857 588 3894 ncm
615 3840 878 3906 iudicant.
907 3837 976 3893 Ut
1002 3847 1180 3890 autem
1216 3853 1302 3891 res
1342 3837 1695 3908 intelligatur,
1725 3852 1756 3892 e
1784 3836 2034 3906 Scriptu-

464 3931 541 3985 ris
580 3929 801 3983 afferam
831 3930 1090 3983 vaticinia
1117 3930 1182 3984 dc
1205 3928 1362 3993 Inda,
1386 3939 1480 3982 aut
1525 3929 1652 3983 illud
1683 3928 1857 3998 ipsum
1887 3928 2030 3995 quod

462 4022 530 4078 de
557 4023 735 4075 futura
782 4021 924 4074 illius
955 4019 1261 4090 proditione
1313 4018 1562 4073 Salvator
1608 4029 1794 4072 noster
1839 4017 2026 4083 edidit;

459 4143 536 4206 ὡς
565 4141 786 4208 δυνατά,
818 4151 876 4197 ut
908 4140 1174 4196 referatur
1211 4141 1278 4196 ad
1318 4140 1406 4204 τό,
1452 4138 1545 4192 καὶ
1598 4137 1720 4191 ἐπεὶ
1753 4139 2043 4210 προείρητο

457 4231 650 4266 ταυτα.

488 4231 650 4351 ιαῗὲῗῇ
676 4281 944 4352 Ἰὃωμεν.
984 4281 1088 4352 Sic
1111 4295 1298 4334 omnes
1333 4295 1464 4352 mss.
1519 4278 1666 4352 Libri
1698 4291 1844 4352 ‘vero
1885 4277 2042 4352 editi,

2178 461 2196 491 ι
2237 441 2420 510 Πάντη
2449 439 2558 511 γὰρ
2588 440 2868 510 ἀμήχανον
2888 442 3014 503 τοὺς
3045 440 3493 512 προακούσαντας
3524 442 3604 495 ἔτι
3634 462 3770 519 προ-

2169 529 2352 585 δοῦναι
2377 530 2471 584 καὶ
2499 529 2857 601 ἀρνήσασθαι.
2893 548 2912 582 ι

2239 729 2393 783 Μετὰ
2479 728 2655 784 ταῦτα
2717 729 2912 801 ἴδωμεν
2965 731 3078 802 (51)
3112 732 3228 798 πῶς
3268 732 3448 802 λέγει·
3505 754 3524 787 ι
3573 735 3760 790 Ταῦτα

2169 821 2324 886 Θεὸς,
2354 825 2546 892 φησιν,
2567 821 2664 887 ῶν,
2691 827 2937 893 προεῖπε,
2965 825 3059 877 καὶ
3071 825 3287 889 πάντως
3309 827 3476 897 ἐχρῆν
3504 827 3759 895 γενέσθαι

2166 913 2228 966 τὸ
2261 915 2682 986 προειρημένον.
2717 916 2848 980 Θεὸς
2879 913 2970 970 οῦν
3001 919 3127 982 τοὺς
3159 919 3322 973 αὐτοῦ
3365 921 3616 992 μαθητὰς
3661 923 3759 974 καὶ

2167 1007 2479 1078 προφήτας,
2521 1007 2638 1077 μεθ’
2683 1001 2759 1061 ὧν
2809 1008 3140 1063 συνεδείπνει
3188 1012 3282 1064 καὶ
3323 1011 3630 1077 συνέπινεν,
3674 1016 3758 1077 εἰς

2165 1097 2322 1150 τοῦτο
2357 1099 2714 1168 περιήγαγεν,
2747 1097 2887 1152 ὥστε
2926 1099 3143 1162 ἀσεϐεῖς
3183 1102 3276 1154 καὶ
3319 1102 3566 1164 ἀνοσίους
3597 1104 3758 1169 γενέ⁸

2169 1188 2312 1252 σθαι,
2372 1189 2431 1242 ὃν
2466 1191 2631 1260 ἐχρῆν
2669 1191 2902 1260 μάλιστα
2936 1190 3145 1254 πάντας
3176 1191 3497 1264 ἀνθρώπους
3533 1193 3756 1264 εὐεργε-

2165 1283 2297 1346 τεῖν,
2330 1281 2694 1352 διαφερόντως
2735 1281 2791 1334 δέ
2821 1283 2948 1346 τοῦς
2975 1282 3166 1335 ἐαυτοῦ
3198 1286 3523 1347 συνεστίους.
3563 1287 3635 1337 Ἢ
3660 1287 3755 1338 ἀνη-

2167 1369 2368 1440 θρώπῳ
2401 1370 2499 1440 μὲν
2529 1372 2556 1421 6
2597 1373 2930 1443 κοινωνήσας
2957 1373 3236 1443 τραπέζης
3269 1374 3368 1427 οὐκ
3404 1374 3468 1428 ἂν
3495 1375 3577 1427 ἐτι
3620 1377 3752 1428 ἐπε-

2166 1459 2425 1513 ϐούλευσε
2453 1477 2467 1491 ο
2504 1460 2623 1531 Θεῷ
2655 1463 2712 1514 δέ
2746 1464 3161 1534 συνευωχηθεὶς,
3197 1466 3479 1529 ἐπίϐουλος
3509 1468 3746 1535 ἐγίνετοο

2165 1554 2275 1606 Καὶ
2297 1553 2432 1624 ὅπερ
2460 1552 2539 1605 ἔτι
2569 1554 2936 1626 ἀτοπώτερον,
2976 1556 3137 1620 αὐτὸς
3164 1558 3192 1608 6
3218 1557 3348 1620 Θεὸς
3379 1561 3492 1621 τοῖς
3522 1577 3750 1633 συντρα-

2166 1647 2350 1710 πέζοις
2379 1646 2758 1712 ἐπεϐούλευσε,
2787 1649 3052 1719 προδότας
3079 1651 3172 1702 καὶ
3197 1650 3476 1714 δυσσεϐεῖς
3501 1651 3689 1706 ποιῶν.
3723 1673 3742 1705 ι

2167 1739 2277 1791 Καὶ
2307 1738 2443 1807 πρὸς
2469 1738 2640 1792 ταῦτα
2671 1739 2746 1801 δὲ,
2784 1740 2906 1793 ἐπεὶ
2938 1739 3115 1810 βούλει
3149 1743 3379 1806 καὶτοῖς
3406 1744 3529 1812 ἐμοὶ
3563 1763 3750 1814 φαινο-

2170 1830 2351 1898 μένοις
2387 1830 2626 1883 εὐτελέσι
2662 1829 2756 1882 τοῦ
2790 1831 2997 1884 Κέλσου
3029 1833 3448 1903 ἐπιχειρήμασιν
3480 1835 3746 1906 ἀπαντᾷν,

2164 1921 2385 1974 τοιαῦτα
2414 1923 2674 1992 φήσομεν.
2716 1923 2772 1974 '0
2801 1923 2899 1993 μὲν
2927 1923 3132 1988 Κέλσος
3159 1925 3327 1978 οἴεται
3356 1924 3444 1977 διὰ
3474 1926 3632 1979 τοῦτο
3663 1928 3748 1995 γί-

2165 2012 2348 2066 νεσθαι
2401 2013 2460 2066 τὺ
2507 2012 2612 2066 ὑπό
2663 2030 2806 2077 τινος
2857 2013 3218 2084 προγνώσεως
3267 2015 3574 2081 θεσπισθὲν,
3621 2019 3746 2069 ἐπεὶ

2164 2101 2456 2172 ἐθεσπίσθη
2480 2119 2493 2132 ·
2531 2105 2690 2174 ἡμεῖς
2726 2105 2802 2167 δὲ,
2834 2103 2990 2157 τοῦτο
3021 2106 3080 2158 οὐ
3117 2105 3369 2170 διδόντες,
3405 2108 3582 2178 φαμὲν
3624 2110 3745 2178 οὐχὶ

2161 2193 2252 2247 τὸν
2281 2193 2610 2247 θεσπίσαντα
2634 2195 2803 2249 αἴτιον
2828 2191 2962 2248 εἶναι
2986 2196 3078 2249 τοῦ
3107 2197 3385 2268 ἐσομένου,
3417 2200 3537 2251 ἐπεὶ
3558 2205 3742 2271 προεῖ-

2162 2302 2260 2337 πεν
2299 2285 2430 2339 αὐτὸ
2463 2287 2846 2356 γενησόμενον,
2897 2287 3033 2340 ἀλλὰ
3079 2288 3138 2340 τὸ
3170 2289 3445 2358 ἐσόμενον,
3481 2289 3741 2360 ἐσόμενον

2159 2377 2245 2443 ἂν,
2275 2377 2369 2431 καὶ
2401 2377 2474 2449 μὴ
2514 2377 2824 2442 θεσπισθέν,
2855 2377 2952 2449 τὴν
2986 2378 3162 2431 αἰτίαν
3193 2379 3302 2450 (52)
3327 2379 3405 2449 τῷ
3444 2380 3741 2450 προγιγνώ-

2161 2489 2340 2524 σκοντι
2368 2471 2770 2541 παρεσχηκέναι
2800 2471 2891 2524 τοῦ
2925 2470 3054 2523 αὐτὸ
3082 2473 3379 2541 προειπεῖν.
3406 2473 3516 2526 Καὶ
3535 2473 3650 2526 ὅλον
3671 2490 3734 2542 γε

2156 2559 2314 2613 τοῦτο
2329 2562 2385 2613 ἐν
2405 2563 2469 2632 τῇ
2492 2559 2795 2631 προγνώσει
2815 2560 2907 2613 τοῦ
2933 2559 3274 2624 θεσπίζοντος
3297 2561 3426 2615 αὐτὸ
3444 2563 3730 2633 τυγχάνει·

2156 2650 2378 2705 δυνατοῦ
2412 2651 2562 2714 ὄντος
2605 2650 2756 2704 τοῦδέ
2795 2669 2938 2714 τινος
2970 2651 3240 2720 γενέσθαι,
3285 2652 3508 2705 δυνατοῦ
3541 2654 3597 2706 δέ
3641 2655 3731 2707 καὶ

2161 2743 2233 2813 μὴ
2258 2741 2530 2810 γενέσθαι,
2567 2742 2718 2796 ἔσται
2757 2742 2818 2795 τὸ
2844 2742 3028 2814 ἕτερον
3063 2742 3239 2796 αὐτῶν
3278 2743 3394 2795 τόδε
3425 2761 3499 2796 τι.
3534 2745 3642 2796 Καὶ
3671 2743 3730 2798 οῦ

2157 2848 2354 2901 φαμεν,
2391 2833 2471 2885 ὅτι
2502 2834 2529 2886 6
2573 2832 2964 2904 προγινώσκων
3002 2831 3211 2900 ὑφελὼν
3254 2833 3312 2885 τὸ
3345 2833 3561 2887 δυνατὸν
3594 2831 3730 2888 εἶναι

2155 2923 2404 2990 γενέσθαι
2437 2923 2529 2976 καὶ
2565 2925 2639 2995 μὴ
2686 2925 2936 2992 γενέσθαι
2977 2925 3140 2977 οἱονεὶ
3183 2925 3416 2978 τοιοῦτόν
3462 2944 3512 2978 τι
3549 2925 3724 2995 λέγει’

2155 3012 2270 3064 τόδε
2305 3014 2519 3076 πάντως
2569 3013 2720 3065 ἔσται
2766 3013 2858 3066 καὶ
2916 3013 3168 3067 ἀδύνατον
3215 3014 3417 3085 ἑτέρως
3460 3015 3725 3082 γενέσθαι.

2154 3103 2265 3157 Καὶ
2303 3105 2364 3156 τὸ
2399 3104 2607 3158 τοιοῦτο
2640 3104 2828 3174 φθάνει
2863 3104 2972 3176 (55)
3006 3105 3097 3158 ἐπὶ
3132 3107 3311 3158 πᾶσαν
3349 3105 3447 3176 τὴν
3481 3107 3604 3177 περ).
3635 3106 3726 3158 τοῦ

2155 3200 2240 3267 ἐφ’
2279 3199 2406 3269 ἡμῖν
2449 3215 2593 3260 τινος
2625 3198 2932 3270 πρόγνωσιν
2964 3198 3071 3250 εἴτε
3103 3198 3243 3251 κατὰ
3273 3198 3371 3262 τὰς
3405 3198 3554 3262 θείας
3587 3200 3626 3251 Γ
3631 3217 3728 3270 ρα-

2156 3288 2261 3358 φὰς
2287 3291 2394 3342 εἴτε
2435 3288 2575 3342 κατὰ
2601 3289 2700 3352 τὰς
2738 3289 3004 3360 Ἑλλήνων
3041 3290 3298 3361 ἱστορίας.
3332 3291 3444 3342 Καὶ
3478 3293 3506 3344 6
3537 3290 3727 3344 καλού-

2158 3381 2314 3452 μενός
2346 3398 2409 3450 γε
2444 3380 2591 3452 παρὰ
2629 3384 2740 3444 τοῖς
2775 3381 3132 3444 διαλεκτικοῖς
3169 3382 3350 3450 ἀργὸς
3379 3383 3559 3450 λόγος
3592 3383 3722 3451 (54),

2156 3474 2396 3542 σόφισμα
2438 3472 2740 3541 τυγχάνων,
2775 3471 2874 3524 οὐκ
2902 3470 3054 3524 ἔσται
3089 3472 3185 3541 μὲν
3220 3473 3459 3542 σόιρισμα
3485 3474 3606 3526 ὅσον
3634 3474 3725 3526 ἐπὶ

2141 3562 2217 3633 τῷ
2260 3564 2471 3634 Κέλσῳ,
2513 3564 2654 3617 κατὰ
2702 3564 2757 3616 δὲ
2790 3563 2879 3617 τὸν
2917 3565 3045 3633 ὑγιῆ
3089 3563 3244 3632 λόγον
3285 3565 3522 3636 σόφισμά
3556 3567 3719 3618 ἐστιν.

2145 3658 2262 3710 Ἵνα
2289 3657 2345 3710 δὲ
2375 3656 2436 3710 τὸ
2462 3657 2702 3711 τοιοῦτον
2735 3657 2897 3729 νοηθῇ
2932 3657 3063 3729 (55),
3105 3659 3213 3712 ἀπὸ
3249 3659 3346 3729 μὲν
3373 3660 3470 3731 τῆς
3504 3661 3724 3731 Γραφῆς

2143 3749 2414 3819 χρήσομαι
2440 3751 2558 3811 ταῖς
2578 3749 2704 3822 περ).
2743 3749 2908 3802 Ἰούδα
2939 3751 3314 3822 προφητείαις,
3340 3751 3373 3821 ἢ
3401 3753 3467 3822 τῇ
3492 3750 3585 3804 τοῦ
3612 3753 3721 3804 Σω-

2137 3841 2301 3910 τῆρος
2334 3840 2487 3911 ἡμῶν
2527 3841 2656 3912 περὶ
2686 3841 2849 3894 αὑτοῦ
2882 3841 2957 3906 ὡς
2986 3842 3349 3914 προδώσοντος
3384 3843 3716 3914 προγνώσειο

2138 3931 2246 3983 ἀπὸ
2269 3931 2324 3983 δέ
2359 3932 2466 3984 τῶν
2512 3932 2839 4002 Ἑλληνικῶν
2876 3935 3122 4005 ἱστοριῶν
3152 3936 3230 4006 τῷ
3263 3937 3398 4008 πρὸς
3429 3937 3517 3991 τὸν
3557 3939 3718 3992 Λάϊον

2135 4020 2388 4092 χρησμῷ,
2443 4022 2734 4094 συγχωρῶν
2787 4023 2878 4076 ἐπὶ
2925 4023 3016 4077 τοῦ
3052 4025 3314 4095 παρόντος
3362 4022 3499 4081 εἶναι
3560 4027 3718 4082 αὑτὸν

2142 4142 2378 4215 scientia
2401 4143 2721 4215 sentiamus,
2746 4157 2851 4195 non
2885 4154 3169 4215 propterea
3213 4145 3318 4200 erit
3341 4145 3564 4215 aliquid,
3590 4147 3712 4212 quia

2143 4212 2195 4264 id
2225 4213 2326 4265 scit
2350 4211 2488 4265 Deus
2515 4212 2752 4266 futurum
2785 4230 2799 4266 :
2832 4215 2942 4275 sed,
2973 4211 3100 4280 quia
3127 4214 3362 4268 futurum
3403 4211 3520 4279 est,
3548 4211 3716 4269 Scitur

2142 4297 2171 4334 a
2203 4282 2331 4354 Deo_
2347 4292 2630 4350 antequam
2657 4282 2768 4336 ﬁat.
2795 4281 2924 4334 Nam
2954 4285 3080 4346 etsi,
3119 4286 3264 4338 verbi
3305 4286 3505 4352 gratia,
3555 4287 3714 4354 lingi-

459 4347 666 4438 ἴδομεν,
692 4347 966 4441 mendose.
1008 4350 1150 4405 Infra
1179 4368 1329 4415 mss.,
1383 4349 1522 4404 ὥστε
1585 4347 1820 4410 ἀσεϐεῖς.
1881 4349 2038 4402 Libb.

2155 4367 2268 4441 quis.
2307 4347 2986 4441 Deum'nonlprrcnoscere
3022 4354 3222 4441 aliquid
3263 4347 3565 4441 ί¹ιῖιιιι·ιιιιι,⁸
3598 4347 3715 4409 sine

455 4425 603 4483 editi.
633 4423 784 4486 ὥζγε
809 4424 1037 4486 ἀσεϐεῖς.

529 4495 638 4564 (52)
678 4492 795 4564 Τὴν
824 4494 1039 4554 αἰτίαν,
1067 4500 1171 4547 etc.
1207 4491 1341 4564 V_id_e
1370 4491 1467 4548 lib.
1505 4490 1580 4564 De
1595 4501 1771 4564 _orat.,
1799 4505 1948 4564 num.
1981 4489 2038 4554 6,

457 4560 853 4630 et‘Ea'planut.
915 4579 1039 4629 cap.
1103 4577 1175 4614 vit
1227 4561 1398 4626 Epist.
1454 4563 1518 4612 ad
1593 4560 1752 4615 Ιίοιιι.
1809 4560 2036 4630 Justin.,

457 4632 668 4698 Dialog.
701 4647 816 4683 cum
851 4631 1064 4700 Trypln.
1097 4647 1217 4698 pag.
1247 4631 1349 4683 570
1374 4670 1386 4682 .
1411 4631 1470 4682 El
1497 4631 1554 4683 δέ
1576 4633 1603 4683 ὁ
1622 4630 1775 4698 λόγος
1795 4629 1886 4700 τοῦ
1903 4630 2036 4681 Θεοῦ

457 4699 760 4771 προμηνύει
789 4699 1006 4771 πάντως
1033 4701 1181 4771 τινὰς
1208 4700 1577 4771 καὶίὰγγέλους
1605 4701 1696 4752 καὶ
1721 4700 1815 4753 ἀνθ
1827 4699 2037 4769 ρώπους

457 4719 760 4821 προμηρυει
789 4719 1006 4761 παντως
1033 4719 1181 4762 τινας
1208 4719 1300 4753 και
1318 4719 1577 4766 αγγελους
1605 4719 1696 4752 και
1721 4719 1815 4753 ανυ
1827 4719 2037 4769 ρώπους

457 4772 622 4823 κολασ
662 4769 885 4838 ήσεσθαι
939 4770 1245 4840 μέλλοντας,
1298 4769 1430 4840 διότι
1485 4771 1882 4838 προεγίνωσκεν
1941 4771 2038 4821 αύ-

457 4841 581 4911 τούς
609 4839 1014 4911 ἀμεταϐλήτους
1056 4839 1448 4911 γενησομένους
1480 4839 1785 4911 πονηροὺςη
1809 4841 2034 4907 προεῖπε

455 4907 657 4962 ταῦτα.
683 4929 700 4960 ι
739 4907 890 4974 Quod
920 4911 964 4962 si
993 4907 1212 4964 verbum
1238 4907 1332 4961 Dei
1359 4907 1740 4975 prtemonstrat
1763 4907 1878 4960 fore
1914 4924 2033 4960 om-

460 4981 585 5032 nino
616 4990 671 5031 ut
695 4981 866 5048 angeli
897 4981 1116 5047 quidam
1144 4988 1200 5032 et
1231 4979 1478 5048 homines
1526 4976 1930 5048 excrucientur,
1968 4992 2033 5031 eo

455 5049 596 5115 quod
626 5046 927 5117 praescierit
957 5049 1079 5117 illos
1127 5046 1538 5117 immutabiliter
1585 5047 1772 5117 malos
1801 5046 2029 5117 futuros,

455 5115 682 5186 idipsuin
713 5115 1190 5185 praedixit.)Clem.
1211 5118 1363 5171 Alex.
1393 5116 1590 5186 Strom.
1616 5131 1689 5169 vn
1717 5134 1729 5168 :
1762 5116 1909 5179 Ἐνὸς
1936 5115 2028 5168 τοῦ

447 5185 584 5241 Θεοῦ
615 5188 694 5259 τῷ
729 5189 1046 5259 βουλήματι,
1078 5188 1145 5259 δι’
1179 5187 1296 5249 ἐνὸς
1325 5185 1415 5259 τοῦ
1445 5185 1646 5259 Κυρίου
1695 5187 2030 5259 συναγουσαν

448 5261 574 5320 τοὺς
604 5255 702 5329 ἤδη
730 5255 1286 5329 ’κατατεταγμένους,
1317 5257 1424 5329 οῦς
1468 5255 1768 5329 προώρισεν
1803 5256 1830 5306 6
1876 5256 2027 5329 636;,

448 5324 1002 5399 δικαίουςέσομένους
1035 5324 1139 5398 πρὸ
1166 5325 1466 5394 καταϐολῆς
1484 5324 1707 5399 *κόσμου
1753 5324 2025 5393 ἐγνωκώς.

456 5419 475 5451 ι
528 5400 694 5452 Unius
725 5397 819 5454 Dei
841 5397 1118 5452 voluntate
1155 5414 1250 5466 par
1283 5411 1444 5448 unum
1483 5397 1766 5449 Dominum
1795 5411 2026 5466 congre-

451 5482 538 5539 gat
563 5488 655 5526 eos
685 5471 772 5539 qui
808 5477 931 5524 sunt
960 5471 1070 5538 jam
1105 5464 1382 5539 ordinati,
1429 5481 1563 5539 quos
1617 5464 2026 5539 praedestinavit

453 5535 613 5603 Deus,
637 5535 756 5592 cuin
781 5556 872 5594 eos
895 5535 1071 5608 justos
1098 5537 1307 5590 futuros
1330 5537 1673 5608 cognovisset
1691 5546 1816 5588 ante
1840 5535 2022 5588 mundi

446 5606 907 5663 constitutionem;
951 5629 969 5660 ι
1005 5609 1286 5677 Origenes,
1343 5608 1394 5660 in
1427 5606 1712 5675 Explanat.
1779 5621 1920 5677 cap.‘
1948 5621 2020 5660 vu

449 5677 515 5730 ad
544 5677 734 5734 noun;
767 5698 783 5731 ι
817 5678 950 5737 Nam
991 5675 1414 5755 etsi'_c0tnmuni
1469 5679 1746 5735 intellectu
1775 5675 1843 5734 de
1873 5691 2015 5748 pra:-

2146 4423 2308 4474 dubio
2337 4422 2466 4492 erit;
2499 4422 2640 4488 quod
2674 4421 2769 4484 ita,
2800 4432 2855 4474 ut
2883 4431 3007 4489 puta
3034 4422 3199 4476 Judas
3242 4425 3488 4492 proditor
3541 4424 3714 4478 factus

2144 4499 2244 4551 est,
2280 4499 2334 4543 et
2369 4491 2467 4544 hoc
2501 4492 2572 4543 ita
2605 4492 2844 4544 l'uturum
2877 4493 3150 4558 prophetze
3181 4491 3575 4559 praedixerunt;
3603 4509 3709 4548 non

2142 4573 2290 4632 ergo,
2325 4561 2455 4632 quia
2480 4560 2760 4632 prophetat
2815 4562 3216 4632 praedixerunt,
3239 4563 3440 4616 idcirco
3476 4564 3712 4632 prodidit

2141 4627 2336 4693 Judas;
2367 4630 2459 4683 sed
2484 4627 2613 4700 quia
2642 4627 2852 4700 futurus
2874 4641 3018 4684 esset
3069 4631 3334 4698 proditor,
3364 4648 3451 4696 ea,
3477 4627 3601 4700 'qu.e
3624 4633 3710 4686 ille

2142 4713 2205 4750 ex
2235 4700 2489 4770 propositi
2521 4699 2600 4750 sui
2631 4699 2875 4770 nequitia
2902 4710 3153 4770 gesturus
3182 4711 3318 4762 erat,
3339 4699 3708 4770 praedixerunt

2140 4766 2444 4834 prephetae;
2473 4782 2597 4820 cum
2633 4766 2816 4836 utique
2851 4768 3092 4823 Judasin
3119 4766 3383 4836 potestate
3433 4772 3708 4825 habuisset

2139 4845 2195 4888 ut
2223 4845 2366 4889 esset
2397 4837 2589 4891 similis
2649 4837 2808 4890 Petro
2840 4848 2894 4890 ct
2931 4836 3126 4892 Joanni
3149 4879 3162 4903 ,
3195 4840 3236 4892 si
3277 4840 3561 4902 voluisset;
3613 4841 3704 4894 sed

2135 4905 2298 4973 elegit
2331 4907 2570 4971 pecuniae
2614 4909 2959 4974 cupiditatem
2990 4911 3160 4976 magis
3223 4925 3385 4975 quam
3421 4925 3521 4976 apo
3558 4911 3702 4964 tolici

2135 4977 2393 5028 consortii
2423 4975 2648 5043 gloriam
2673 4993 2689 5041 ;
2717 4987 2770 5030 et
2801 4978 2940 5029 hanc
2965 4975 3432 5045 ejusvoluntatem
3456 4975 3702 5032 ’futurani

2134 5045 2489 5110 prievidentes
2529 5049 2800 5114 propheta:
2835 5047 3093 5100 librorum
3131 5048 3469 5101 tradiderunt
3517 5064 3703 5102 monu-

2136 5115 2346 5184 tnentis.
2381 5132 2397 5164 ι
2433 5115 2934 5170 SPENCER.—Pattll)
2960 5128 3082 5184 post
3122 5118 3257 5170 intra
3288 5118 3340 5170 in
3368 5130 3522 5171 antea
3544 5118 3703 5170 editis

2133 5183 2576 5258 drsiderabuntur
2611 5189 2722 5240 haec
2746 5186 2934 5258 verba,
2963 5183 3188 5240 δυνατοῦ
3225 5188 3281 5240 δέ
3324 5189 3417 5240 καὶ
3449 5189 3521 5258 μὴ
3554 5187 3698 5256 γενέι

2132 5252 2275 5315 σθαι,
2297 5269 2426 5325 qua:
2452 5271 2490 5325 _e
2518 5254 3132 5325 Philocaliaﬁsupplcnda
3166 5274 3286 5311 cs~'e
3319 5252 3590 5310 duxiinus.

2201 5323 2312 5394 (55)
2343 5323 2575 5378 Φθάνει.
2607 5325 2772 5377 Recte
2812 5323 3140 5392 Philocalia;
3203 5329 3345 5381 male
3400 5343 3526 5382 vero
3577 5325 3703 5381 ιίωο

2129 5394 2364 5448 schelius
2390 5405 2445 5446 et
2473 5394 2798 5459 Spenccrus,
2824 5394 3067 5462 φθάνειν.

2199 5465 2308 5532 (54)
2327 5465 2524 5532 Ἀργὸς
2539 5465 2874 5534 λόγοςΝἰιίο
2894 5464 3236 5519 Plutarchum
3257 5464 3704 5534 Ιίι).Περὶείμαρ-

2120 5535 2307 5603 μένης
2331 5542 2572 5586 extremo
2591 5547 2643 5586 et
2665 5535 2980 5588 Ciceronem
3005 5536 3142 5590 libro
3169 5536 3240 5587 De
3263 5536 3394 5602 fato,
3416 5537 3502 5587 ubi
3533 5551 3703 5601 genus

2126 5604 2702 5676 hoc_‘i_nterrogationis
2749 5605 3001 5676 ignavum
3045 5617 3206 5676 atque
3259 5608 3403 5660 iners
3433 5605 3698 5660 nontinat.

2193 5673 2301 5744 (55)
2334 5671 2644 5739 Pbildcalia,
2673 5672 2908 5744 νοηθείη.
