3998 6170
333 237 409 292 5"
1501 234 1787 290 CONTRA
1825 231 2103 289 CELSUM
2143 233 2269 287 LIB.
2313 233 2373 288 ll.

3481 240 3588 298 853

290 357 505 429 ἀληθῆ,
558 358 681 412 ἐπεὶ
729 359 802 430 μὴ
840 359 998 411 λυπεῖ
1039 358 1131 411 τὸν
1173 356 1349 424 λόγον.
1397 355 1535 426 Περὶ
1577 354 1668 409 τοῦ
1728 354 1885 410 Ἰούδα

1995 370 2060 409 ex
2086 353 2402 410 Graecorum
2432 364 2612 410 autem
2645 355 2884 411 historiis
2917 357 3198 412 oraculum
3236 358 3366 412 Laio
3401 363 3584 416 reddi-

290 449 483 502 τοίνυν
515 449 624 520 (56)
658 451 714 501 ἐν
746 449 1020 519 ἑκατοστῷ
1051 449 1144 502 καὶ
1175 447 1342 518 ὀγδόῳ
1369 446 1586 515 λέγεται
1619 449 1684 499 ἐκ
1719 463 1893 517 προσ-

293 540 450 594 ώπου
491 540 586 595 τοῦ
638 541 889 612 Σωτῆρος
924 539 1146 610 ψαλμῷ,
1188 532 1248 592 οὗ
1298 540 1332 609 ή
1371 538 1546 609 ἀρχή·
1589 557 1608 588 ‹
1651 537 1708 590 Ὀ
1741 536 1892 599 Θεὸς,

225 697 230 702 ‘
291 632 393 703 τὴν
421 632 631 686 αἵνεσίν
666 650 765 703 μου
800 631 873 702 μὴ
903 631 1340 702 παρασιωπήσῃς
1362 647 1375 660 ·
1404 631 1485 682 ὅτι
1513 629 1684 698 στόμα
1716 629 1896 698 ἁμαρ-

291 723 471 776 τωλοῦ
504 725 600 778 καὶ
625 724 800 794 στόμα
819 722 991 776 δολίου
1023 721 1107 774 ἐπ’
1141 722 1240 791 ἐμὲ
1268 721 1508 791 ἠνοίχθη·
1547 741 1564 771 ι
1593 720 1702 774 Καὶ
1727 719 1896 789 τηρή-

294 832 400 878 σας
434 831 502 884 γε
536 817 605 868 τὰ
632 817 690 869 ὲν
722 815 801 886 τῷ
834 813 1031 885 ψαλμῷ
1063 813 1424 884 γεγραμμένα
1458 813 1591 883 (57),
1619 811 1888 882 εὑρήσεις,

290 908 379 960 δτι
419 908 501 971 ὡς
557 899 929 978 προέγνωσται
983 903 1276 976 προδώσων
1317 903 1407 956 τὸν
1459 903 1706 972 Σωτῆρα,
1751 898 1892 952 οὕτω

292 998 394 1050 καὶ
420 997 597 1060 αἴτιος
643 995 718 1049 ὢν
751 997 850 1066 τῆς
897 995 1217 1065 προδοσίας,
1251 994 1346 1046 καὶ
1391 991 1540 1058 ἄξιος
1576 989 1684 1042 τῶν
1732 991 1790 1042 ὲν
1824 990 1889 1058 τῇ

293 1087 616 1158 προφητείᾳ
660 1085 967 1156 λεγομένων
1008 1083 1097 1136 διὰ
1139 1084 1237 1154 τὴν
1272 1081 1434 1136 αὑτοῦ
1476 1081 1675 1134 κακίαν
1720 1077 1889 1150 ἀρῶν.

292 1179 440 1230 Τάδε
473 1179 583 1248 γὰρ
623 1177 862 1240 παθέτω,
898 1197 915 1227 ί
953 1175 1067 1228 ἀνθ’
1099 1167 1194 1236 ὧν,
1231 1174 1420 1244 φησὶν,
1486 1178 1585 1231 οὐκ
1650 1168 1891 1242 ἐμνήσθη

291 1267 392 1320 τοῦ
436 1269 665 1338 ποιῆσαι
709 1266 874 1330 ἕλεος,
931 1266 1024 1318 κοιί⁵
1068 1263 1391 1328 κατεδίωξεν
1449 1263 1728 1334 ἄνθρωπον
1792 1260 1892 1313 πέ-

294 1377 441 1430 νητα
485 1360 580 1412 καὶ
629 1359 873 1428 πτωχόν·
912 1377 930 1408 ι
975 1357 1169 1411 οὐκοῦν
1204 1357 1427 1410 ἐδύνατο
1464 1355 1762 1426 μνησθῆναι
1798 1352 1892 1406 τοῦ

295 1452 532 1520 ποιῆσαι
560 1450 725 1514 ἔλεον,
761 1449 854 1501 καὶ
885 1447 958 1519 μὴ
991 1447 1321 1514 καταδιῶξαι
1359 1446 1418 1500 ὃν
1451 1444 1760 1508 κατεδίωξε.
1791 1445 1893 1496 Δυ-

293 1543 538 1611 νάμενος
585 1542 641 1594 δὲ
686 1541 746 1593 οὐ
803 1539 1117 1609 πεποίηκεν,
1169 1538 1304 1591 ἀλλὰ
1361 1538 1696 1608 προέδωκενο
1751 1535 1891 1588 ὥστε

296 1632 460 1698 ἄξιος
495 1628 766 1685 εἶναιτῶν
800 1633 859 1684 ὲν
897 1634 960 1701 τῇ
1007 1630 1310 1701 προφητείᾳ
1349 1629 1466 1682 κατ’
1513 1628 1675 1681 αὐτοῦ
1721 1627 1889 1698 ἀρῶν.

1999 451 2131 509 ιυιιι,
2158 445 2301 512 quod
2336 445 2388 498 in
2427 446 2717 514 praesenti,
2758 447 2882 515 quia
2913 448 3047 500 nihil
3086 450 3582 517 mcmdisputatioui

1997 532 2184 598 ollicit,
2215 548 2346 588 vere
2385 536 2655 590 redditum
2688 553 2810 591 esse
2861 537 3079 608 largior.
3121 540 3192 592 Dc
3218 537 3355 594 Juda
3420 542 3586 609 igitur

1994 636 2058 675 ex
2086 638 2316 686 persona
2349 625 2649 681 Salvatoris
2698 628 2900 682 dicitur
2932 645 3058 682 cvm
3105 629 3341 696 psalmo,
3373 633 3461 698 qui
3501 632 3582 685 sic

1996 711 2187 782 incipit
2227 731 2240 766 :
2280 732 2297 766 ι
2327 717 2488 782 Deus,
2521 717 2728 770 laudent
2761 735 2934 771 meam
2966 735 3030 773 ne
3071 723 3318 783 tacueris,
3357 722 3480 790 quia
3517 738 3582 776 os

1996 805 2302 870 peccatoris
2351 816 2406 858 et
2439 821 2500 858 os
2531 806 2700 860 dolosi
2746 823 2910 877 super
2947 826 3029 863 me
3071 823 3317 878 apertum
3358 814 3521 868 est“.
3553 832 3572 864 ο

1993 891 2288 949 Considera
2319 912 2438 964 qua:
2473 897 2523 951 in
2576 899 2680 952 hoc
2714 901 2921 968 psalmo
2969 903 3179 971 scripta
3211 915 3335 958 sunt.
3362 946 3374 970 ,
3405 918 3459 960 ct
3497 909 3578 960 in-

1994 985 2178 1040 venies
2204 987 2343 1040 sicut
2395 989 2713 1057 praedictum
2751 1002 2834 1044 est
2868 992 3019 1046 illum
3072 996 3188 1048 fore
3223 999 3574 1065 proditorem,

1994 1071 2067 1128 ita
2109 1077 2427 1144 praedictum
2460 1095 2579 1132 esse
2606 1082 2658 1132 in
2692 1080 2782 1134 illo
2813 1080 2928 1134 fore
2954 1098 3176 1137 causam
3228 1088 3572 1156 proditionis,

1993 1176 2046 1222 et
2081 1168 2252 1237 ipsum
2288 1170 2406 1224 fore
2442 1171 2660 1240 dignum
2721 1172 2878 1227 malis
2933 1175 3187 1230 omnibus
3220 1194 3339 1247 qum
3376 1181 3475 1249 ipsi
3506 1185 3574 1235 ob

1995 1262 2254 1316 malitiam
2281 1262 2543 1330 propheta
2590 1262 2920 1331 imprecatus
2947 1275 3048 1317 est.
3083 1265 3188 1320 llas
3228 1284 3414 1336 pugnas
3438 1271 3572 1334 luat,

1999 1371 2017 1401 ‹
2061 1368 2158 1420 pro
2192 1368 2255 1406 eo
2295 1353 2459 1420 quod,
2495 1352 2689 1420 inquit,
2739 1370 2843 1406 non
2882 1364 2964 1408 est
3015 1359 3334 1413 recordatus
3395 1360 3575 1415 facere

1995 1441 2518 1503 tnisericordiant,el
2545 1453 2864 1510 persecutus
2911 1454 2992 1497 cst
3043 1447 3310 1502 hominem
3357 1451 3570 1520 inopem

1993 1539 2047 1584 rt
2105 1531 2496 1585 mendicum“.
2534 1551 2552 1583 ›
2614 1531 2793 1585 Potuit
2853 1534 3017 1603 igitur
3073 1539 3346 1592 recordari
3393 1539 3572 1596 facere

1993 1621 2444 1687 misericordiam,
2479 1630 2532 1676 et
2565 1638 2670 1676 non
2716 1626 2965 1692 persequi
3023 1641 3183 1695 quem
3251 1642 3570 1696 persecutus

297 1725 417 1775 Καὶ
453 1722 591 1794 πρὸς
625 1723 887 1794 ’Έλληνας
918 1724 974 1776 δὲ
1010 1721 1322 1794 χρησόμεθα
1354 1719 1430 1791 τῷ
1463 1719 1734 1791 εἰρημένῳ
1766 1717 1885 1770 τοῦ·

1990 1722 2092 1764 est.
2120 1710 2380 1777 Quamvis
2413 1727 2545 1780 ergo
2594 1721 2795 1781 posset,
2836 1729 2940 1769 non
2991 1716 3142 1782 fecit,
3174 1719 3268 1772 sed
3304 1719 3524 1773 tradidit
3552 1739 3567 1787 ;

204 1841 208 1845 -
295 1831 392 1866 τον
433 1814 526 1868 τὸν
552 1814 750 1884 τρόπον
781 1814 919 1884 πρὸς
950 1814 1040 1867 τὸν
1065 1813 1229 1866 Λάϊον
1265 1809 1400 1881 (58),
1432 1811 1540 1863 εἴτε
1576 1811 1765 1872 αὐταῖς
1797 1809 1885 1861 λέ-

300 1903 454 1967 ξεσιν
490 1903 598 1957 εἴτε
643 1904 702 1958 τὸ
738 1904 1088 1974 ἰσοδυναμοῦν
1118 1905 1308 1966 αὑταῖς
1347 1901 1760 1971 ἀναγράψαεθτος
1791 1897 1884 1952 τοῦ

298 1993 604 2063 Τραγικοῦ.
635 1993 862 2061 Λέγεται
893 1994 1070 2048 τοίνυν
1105 1992 1239 2064 πρὸς
1267 1992 1426 2046 αὐτὸν
1457 1992 1564 2045 ἀπὸ
1601 1991 1694 2044 τοῦ
1728 2007 1887 2063 προε-

299 2083 580 2150 γνωκότος
610 2083 675 2154 δὴ
703 2083 770 2136 τὰ
792 2083 1023 2154 ἐσόμενα
1044 2101 1056 2114 ο

300 2343 403 2411 Μὴ
439 2343 637 2411 στεζοε
671 2345 895 2396 τέκνων
925 2342 1116 2396 ἄλοκα
1146 2341 1255 2412 (59)
1288 2341 1584 2410 δαιμόνων
1606 2341 1740 2412 βίᾳ.

302 2409 523 2482 Εἰγὰρ
556 2409 870 2477 τεκνώσεις
896 2412 1072 2482 παῖδ’,
1107 2409 1422 2482 ἀποκτενεῖ
1446 2412 1503 2463 σ’
1536 2413 1567 2462 ὀ
1595 2409 1734 2478 φὺς,

302 2480 429 2536 Καί
455 2482 574 2549 πᾶς
603 2486 715 2548 σὸς
757 2483 922 2547 οἶκος
947 2480 1202 2547 βήσεται
1229 2481 1301 2533 δι’
1336 2482 1584 2548 αἵματος

297 2575 413 2627 Καὶ
457 2577 514 2626 ὲν
553 2573 726 2642 τούτῳ
759 2571 1006 2642 δηλοῦται
1049 2570 1249 2634 τοίνυν,
1294 2572 1374 2622 ὅτι
1418 2568 1637 2621 δυνατὸν
1689 2569 1785 2637 μὲν
1820 2562 1886 2638 ἦν

297 2664 382 2734 τῷ
433 2665 584 2733 Λαΐῳ
627 2662 698 2732 μὴ
733 2662 977 2730 σπείρειν
1019 2661 1221 2714 παίδων
1275 2661 1472 2715 ἄλοκα·
1515 2660 1613 2710 οὐκ
1665 2658 1730 2711 ἂν
1783 2658 1887 2729 γὰρ

299 2753 364 2807 τὸ
401 2753 479 2825 μὴ
511 2753 732 2806 δυνατὸν
764 2749 1096 2821 προσέταξεν
1122 2751 1269 2820 αὐτῷ
1295 2753 1322 2803 6
1353 2749 1619 2820 χρησμός.
1653 2749 1888 2802 Δυνατὺν

299 2843 360 2897 δὲ
390 2839 460 2914 ἦν
501 2844 593 2896 καὶ
620 2843 680 2896 τὸ
708 2843 970 2914 σπείρειν,
1002 2844 1094 2896 καὶ
1129 2842 1404 2912 οὐδέτερον
1435 2840 1888 2906 αὑτῶνκατηνγά-

300 2944 500 2984 γαστο-
567 2933 929 3004 Ἠκολούθησε
947 2933 1002 2985 δὲ
1024 2933 1101 3002 τῷ
1125 2933 1198 3002 μὴ
1223 2931 1334 3001 (40)
1355 2930 1712 3001 φυλαξαμένῳ
1743 2933 1889 2983 σπεῖ-

1987 1803 2214 1872 proinde
2243 1805 2439 1871 dignus
2476 1805 2576 1858 fuit
2624 1806 2780 1860 malis
2809 1822 2927 1874 quae
2961 1809 3009 1861 ei
3055 1809 3235 1879 Proph
3276 1821 3324 1863 ta
3382 1813 3575 1881 impre-

1987 1904 2144 1948 catus
2169 1901 2269 1947 est.
2299 1895 2378 1947 Ad
2410 1893 2626 1949 Graecos
2666 1897 2810 1963 quod
2844 1897 3056 1962 attinet,
3114 1901 3314 1955 celebri
3345 1909 3568 1958 oraculo

1988 1997 2200 2037 utemur
2230 1987 2370 2052 quod
2397 1984 2525 2038 Laio
2562 1987 2828 2040 redditum
2853 1998 2930 2042 est
2960 1990 3061 2044 hoc
3092 1994 3272 2054 modo,
3307 2009 3400 2046 seu
3439 2011 3562 2048 ver-

1988 2075 2069 2129 bis
2101 2076 2230 2143 ipsis
2252 2116 2266 2142 ,
2305 2091 2399 2130 seu
2441 2078 2620 2130 verbis
2651 2078 2757 2131 vim
2787 2081 3032 2134 eamdem
3086 2083 3402 2138 habeut'bus
3435 2086 3564 2140 illud

1990 2164 2227 2230 tragitus
2255 2163 2520 2218 retulerit.
2563 2164 2624 2217 Ei
2657 2166 2820 2236 igitur
2860 2171 3121 2237 przescius
3151 2173 3453 2228 futurorum
3487 2177 3567 2230 sic

1987 2251 2226 2322 loquitur
2255 2271 2270 2308 :

2165 2343 2247 2396 Ne
2278 2347 2432 2398 serito
2467 2346 2667 2399 sulcum
2701 2347 2922 2402 liberum
2955 2352 3130 2404 inritis
3170 2354 3271 2405 diis
3303 2369 3324 2407 :

2166 2414 2306 2489 {Your
2337 2417 2379 2468 si
2408 2419 2646 2489 genueris
2675 2419 2874 2484 ﬁlium,
2913 2431 2960 2471 le
2987 2424 3142 2473 morti
3176 2423 3344 2489 dabit,

2163 2482 2229 2535 Et
2266 2496 2353 2536 tua
2385 2485 2561 2553 refuso
2595 2482 2849 2555 sanguine
2884 2488 3107 2542 undabit
3145 2482 3352 2545 domus.

1989 2571 2065 2625 Ex
2099 2586 2206 2639 quo
2242 2572 2572 2641 perstricitur
2609 2574 2796 2629 Laium
2845 2580 3084 2645 potuisse
3130 2581 3422 2637 liberarunt
3450 2585 3563 2639 Stti-

1989 2677 2109 2714 eum
2143 2677 2247 2715 non
2277 2671 2482 2717 serere.
2519 2663 2627 2718 Nec
2656 2667 2802 2719 enim
2836 2670 2910 2722 illi
2959 2673 3306 2738 pra-cepisset
3365 2692 3564 2730 oracu-

1989 2751 2097 2805 lum
2117 2753 2258 2820 quod
2284 2753 2333 2806 in
2357 2753 2471 2820 ejus
2496 2765 2760 2823 potestate
2782 2775 2886 2814 non
2913 2761 3124 2818 luisset.
3157 2763 3374 2820 Poterat
3402 2771 3562 2822 etiam

1987 2856 2190 2907 serere,
2222 2859 2320 2898 nec
2347 2844 2451 2897 ulla
2481 2861 2600 2899 eum
2631 2849 2696 2901 ad
2729 2850 3054 2906 alterutrunt
3097 2858 3397 2912 neceSsitas
3443 2861 3563 2913 adi—

1987 2934 2166 3001 gebat.
2195 2934 2326 2987 tlunt
2363 2946 2542 2988 autent
2583 2939 2686 2992 sibi
2724 2955 2828 2993 non
2860 2948 3243 3010 temperaverit
3275 2950 3564 3015 quominus

303 3043 398 3095 ραι
434 3025 634 3078 παίδων
662 3024 830 3077 ἄλοκα
864 3024 1050 3078 παθεῖν
1090 3026 1153 3077 ἐκ
1185 3022 1276 3075 τοῦ
1315 3023 1644 3092 ὲσπαρκέναι
1685 3022 1751 3074 τὰ
1782 3023 1882 3091 τῆς

1988 3035 2212 3088 sereret,
2237 3037 2663 3082 consentaneum
2711 3029 2813 3082 fuit
2845 3043 2899 3084 ut
2934 3031 3269 3090 calamitates
3294 3037 3409 3091 illas
3439 3055 3561 3094 om-

301 3114 450 3168 κατὰ
477 3115 727 3170 Οἰδίποδα
758 3115 852 3170 καὶ
897 3115 1172 3186 Ἰοκάστην
1203 3114 1296 3167 καὶ
1328 3115 1453 3176 τοὺς
1487 3115 1634 3176 υἱοὺς
1662 3131 1880 3185 τραγῳ-

301 3203 442 3264 δίας.
482 3202 640 3255 Ἀλλὰ
670 3205 762 3256 καί
781 3206 808 3256 6
837 3204 1012 3273 ἀργὸς
1043 3203 1372 3273 καλούμενος
1404 3205 1605 3272 λόγος,
1644 3205 1881 3274 σόφισμα

301 3289 402 3353 ὣν,
429 3291 666 3354 τοιοῦτός
694 3292 829 3356 ἐστι,
859 3292 1148 3362 λεγόμενος
1171 3292 1262 3344 ἐπὶ
1293 3290 1600 3354 ὑποθέσεως
1628 3291 1762 3362 πρὸς
1789 3293 1880 3345 τὸν

303 3382 586 3448 νοσοῦντα,
625 3384 719 3436 καὶ
768 3382 842 3446 ὡς
894 3383 1131 3454 σόφισμα
1184 3384 1506 3455 ἀποτρέπων
1560 3383 1670 3454 (41)
1721 3384 1879 3439 αὐτὸν

301 3472 540 3542 χρῆσθαι
568 3473 644 3544 τῷ
675 3472 842 3544 ἰατρῷ
875 3474 1008 3544 πρὸς
1037 3475 1266 3542 ὑγίειαν,
1293 3476 1386 3528 καὶ
1414 3474 1526 3546 ἔχει
1554 3492 1615 3544 γε
1645 3475 1816 3538 οὕτως
1849 3478 1876 3528 6

302 3563 462 3631 λόγος
481 3581 493 3594 °
529 3566 591 3617 Et
619 3565 871 3636 εἵμαρταί
901 3565 1008 3637 (42)
1043 3583 1124 3618 σοι
1156 3567 1453 3637 ἀναστῆναι
1484 3568 1547 3620 ὲκ
1575 3568 1674 3638 τῆς
1695 3568 1874 3632 κόσου,

301 3655 396 3710 ἐάν
427 3647 487 3709 τε
530 3657 826 3730 εἰσαγάγῃς
857 3657 946 3712 τὸν
995 3658 1196 3727 ἰατρὸν,
1228 3658 1322 3711 ἐάν
1357 3674 1415 3711 τε
1453 3659 1526 3730 μὴ
1561 3659 1876 3730 εἰσαγάγῃς,

376 3830 423 3862 ⁸ο
457 3830 598 3885 l’sal.
629 3847 778 3897 cvttt,
810 3832 860 3886 1.
937 3832 978 3863 ⁸¹
1012 3829 1174 3894 lbid.,
1207 3831 1294 3889 16.

514 4017 670 4092 Libb.
723 4028 878 4092 antea
934 4019 1084 4092 editi,
1130 4020 1220 4092 τὸν
1259 4019 1434 4092 λόγον,
1471 4021 1563 4074 τὸν
1603 4023 1728 4092 περί
1779 4022 1871 4075 τοῦ

315 4087 487 4142 Ἰούδα
517 4087 645 4169 νῦν,⁹
674 4090 767 4143 sed
805 4099 1027 4158 prtestat
1054 4089 1212 4144 lectio
1267 4090 1574 4146 Plnlocalia:
1624 4087 1784 4160 quam
1818 4095 1870 4146 in

303 4168 455 4213 textu
497 4168 794 4227 posuimus.

369 4225 833 4299 (37)_P_hi|0calia,
879 4227 1166 4298 εἰρημένα,
1194 4237 1249 4282 et
1276 4226 1439 4295 infra,
1473 4225 1560 4281 διὰ
1586 4228 1684 4299 τὴν
1712 4230 1873 4282 αὑτοῦ

303 4297 640 4366 κακουργίαν
675 4296 843 4367 ἀρῶν.

375 4365 493 4439 (58)
518 4367 675 4434 Πρὸς
705 4365 906 4420 Λάϊον.
931 4366 1137 4435 Eurip.,
1166 4365 1426 4421 Pliteniss.
1451 4383 1470 4420 :

444 4458 714 4530 Καλοῦσι
745 4458 796 4510 δ’
839 4457 1154 4530 Ἰοκάστην
1181 4476 1259 4528 με
1291 4460 1487 4527 (τοῦτο
1515 4461 1623 4530 γὰρ
1651 4461 1845 4530 πατὴρ

383 4528 616 4598 ξΕθετο)
639 4545 652 4558 ·
688 4527 948 4598 γαμεῐγδὲ
976 4527 1156 4594 Λάϊός
1177 4527 1241 4598 μ’
1261 4569 1274 4582 .
1317 4530 1469 4583 Ἐπεί
1504 4527 1556 4583 δ’
1584 4527 1766 4598 ἄπαις

377 4594 518 4670 fur,
538 4594 773 4670 yﬂ'pdr'ta—
795 4597 1012 4670 ζλέκτρα
1043 4594 1358 4670 τᾶμξὲχων
1388 4599 1469 4670 ἐν
1487 4594 1772 4670 δώμασιν,

389 4668 608 4722 Ἐλθὼν
634 4666 820 4736 ἐρωτᾷ
849 4666 1346 4738 Φοῖϐονῇἐξαιτεῐ
1365 4671 1414 4722 θ’
1445 4666 1566 4738 ἅμα

381 4738 610 4790 Παίδων
635 4739 700 4803 ἐς
731 4738 935 4802 οἴκους
961 4736 1234 4802 ἀρσένων
1261 4736 1597 4793 κοινωνὶάν.

390 4805 457 4877 ’ολ
478 4807 526 4859 δ’
559 4803 724 4877 εἶπεν
743 4825 755 4838 ·
791 4803 864 4862 Ὦ
896 4806 1181 4876 Θήϐαισιν
1207 4810 1482 4874 εὐΐπποις
1506 4809 1680 4877 ἄναξ,

382 4875 476 4944 Μὴ
511 4875 737 4943 σπεῖρε,
765 4887 872 4932 etc.

389 4965 589 5038 Vocant
625 4983 742 5038 pero
768 4983 847 5020 me
875 4967 1141 5038 locustam
1171 4967 1289 5038 (hoc
1315 4970 1452 5022 enim
1480 4987 1665 5024 nomen
1693 4981 1846 5038 pater

310 5036 536 5106 Indidit)
559 5050 578 5098 ,°
600 5037 751 5089 duxit
772 5052 888 5106 vero
905 5053 983 5090 me
1003 5036 1187 5090 Laius.
1216 5037 1345 5092 Cum
1379 5052 1549 5092 autent
1574 5036 1880 5095 sine—liberis

311 5105 486 5169 Esset,
517 5107 610 5156 diu
645 5105 834 5158 habens
863 5110 1180 5175 connubium
1207 5124 1375 5160 meum
1407 5109 1458 5161 in
1489 5111 1665 5175 domo,

318 5176 543 5229 Veniens
573 5177 858 5241 interrogat
891 5173 1177 5239 Phoebum;
1213 5186 1261 5230 et
1283 5179 1450 5242 poscit
1490 5179 1652 5230 simul

309 5245 617 5299 Liberorum
642 5244 694 5296 in
717 5244 914 5312 rudibus
938 5247 1287 5297 masculorum
1316 5261 1636 5298 communem
1658 5247 1879 5312 prolem.

309 5313 411 5369 Ille
458 5316 725 5380 respondet
755 5313 802 5364 ei
833 5311 916 5364 :0
950 5329 1041 5365 rea:
1077 5317 1390 5381 equestrium
1428 5311 1738 5381 Thebarum,

314 5384 394 5439 Ne
421 5387 640 5446 semina,
673 5392 779 5437 etc.
812 5381 1072 5436 Srescsu.

381 5475 492 5547 (59)
524 5473 883 5536 illest-hellus,
914 5471 1120 5547 παίδων
1146 5472 1361 5547 *ἄλοκαε
1392 5485 1442 5528 et
1465 5473 1631 5547 paulo
1674 5485 1792 5541 post
1814 5475 1882 5528 δι’

315 5543 574 5616 αἱμάτων,
621 5548 718 5598 sed
766 5551 986 5612 prtestat
1036 5544 1195 5597 lectio
1244 5543 1547 5597 l’hilocaliac
1588 5558 1747 5612 quam
1793 5561 1881 5600 se-

315 5631 543 5684 quunur.

384 5685 492 5755 (40)
528 5683 595 5741 Τὸ
629 5681 716 5754 μὴ
753 5681 1009 5739 δυνατὸν
1061 5680 1434 5752 προσέταξεν
1477 5681 1636 5748 αὐτῷ
1674 5684 1707 5737 δ
1733 5701 1879 5755 χρη-

1987 3127 2082 3166 nes
2117 3123 2418 3181 pateretur,
2449 3104 2588 3182 quas
2630 3117 2694 3170 de
2720 3117 3014 3185 OE-lipodc,
3040 3119 3254 3177 Jocasta
3277 3165 3290 3188 ,
3317 3142 3563 3182 commu-

1987 3203 2250 3271 nibusque
2279 3204 2458 3258 liberis
2490 3217 2657 3275 poeta:
2690 3209 2876 3277 tragici
2910 3211 3274 3268 celebrarunt.
3306 3217 3436 3282 anP
3465 3236 3564 3274 au-

1988 3301 2091 3346 tem
2153 3295 2351 3348 dicitur
2418 3297 2605 3364 ignava
2671 3303 3076 3368 urgtunentatio,
3128 3320 3191 3359 ea
3221 3317 3295 3361 est
3345 3326 3450 3376 qua
3491 3313 3562 3367 ad

1983 3385 2238 3453 aliquem,
2271 3386 2362 3455 qui
2391 3398 2620 3451 u‘grotus
2651 3391 3004 3456 supponitur,
3037 3394 3104 3448 ab
3139 3397 3442 3454 adhibendo
3491 3403 3560 3457 ad

1984 3477 2268 3530 sanitatem
2301 3465 2731 3545 recuperandam
2787 3483 2994 3537 medico
3049 3487 3438 3543 dehortandum
3468 3509 3557 3546 ca-

1985 3567 2161 3635 ptiose
2189 3567 2311 3634 quis
2342 3577 2606 3631 uteretur,
2637 3570 2714 3622 sic
2753 3569 3021 3639 interroga
3048 3577 3134 3627 nlo
3167 3593 3179 3628 :
3212 3577 3374 3648 407
3398 3582 3445 3635 si
3481 3586 3561 3636 ra-

1986 3667 2096 3712 tum
2135 3657 2227 3711 tibi
2257 3667 2338 3713 est
2372 3673 2438 3713 ex
2464 3659 2567 3713 hoc
2595 3660 2786 3714 morbo
2830 3663 3250 3734 convalescere;
3297 3671 3410 3725 sive
3443 3687 3556 3727 nte-

1978 4021 2150 4089 σμός.
2183 4015 2448 4096 Auguror
2465 4017 2532 4069 δὲ
2558 4013 2638 4096 ἦν
2666 4017 2764 4072 καὶ
2787 4019 2854 4073 τὸ
2879 4023 3167 4096 σξτειλοειν,
3200 4025 3300 4082 καί
3324 4028 3559 4084 οὺὸἐτε-

1971 4087 2088 4166 ρον
2141 4087 2339 4166 αὐτῶν
2381 4087 2856 4166 κατηνᾴγκαστομ.
2926 4087 3324 4166 Ἠκρλούθησε
3364 4099 3432 4150 δὲ
3477 4099 3558 4166 τῷ

1977 4156 2088 4229 μή,
2140 4168 2252 4234 etc.
2280 4156 2684 4234 -llmc‘inulibb.
2716 4161 2876 4215 editis
2925 4162 3122 4216 omissa
3165 4156 3483 4234 supplentur
3523 4156 3554 4224 ξι

1984 4226 2117 4282 inss.
2154 4229 2312 4281 codd.
2347 4237 2400 4280 et
2425 4226 2740 4282 Philocalia.

2006 4293 2013 4300 ”
2053 4296 2182 4373 (41).
2208 4296 2598 4363 Ἀποτρέπων.
2648 4295 2815 4352 Recte
2855 4295 3169 4366 Philocalia,
3219 4303 3362 4360 male
3395 4305 3551 4373 alias,

1981 4365 2306 4420 ἀποτρέπον.

2057 4434 2169 4504 (42)
2202 4434 2584 4506 Εὶνεῖμαρται,
2609 4444 2714 4488 etc.
2751 4435 2963 4500 Cicero,
2997 4436 3132 4490 libro
3159 4436 3237 4491 De
3258 4439 3370 4506 fato
3396 4457 3416 4496 :
3443 4460 3464 4494 ι
3495 4443 3551 4498 Si

1986 4505 2159 4560 fatum
2199 4505 2293 4557 tibi
2345 4514 2518 4574 estex
2572 4505 2678 4574 hcc
2721 4507 2910 4558 morbo
2960 4505 3373 4574 convalescere,
3438 4515 3554 4567 sive

1989 4575 2254 4628 medicum
2311 4573 2646 4637 adhibueris,
2697 4575 2810 4628 sive
2852 4590 2980 4640 non,
3015 4573 3382 4634 convalesces.
3422 4583 3550 4636 ltem

1985 4645 2029 4717 si
2059 4644 2227 4698 fatum
2268 4643 2361 4717 tibi
2414 4651 2496 4694 cst
2525 4646 2723 4717 euhoe
2760 4646 2948 4717 morbo
2997 4662 3102 4698 non
3141 4649 3546 4717 ceuvalescerc,

1984 4716 2101 4769 sive
2129 4722 2182 4765 tu
2212 4712 2477 4781 medicum
2525 4711 2860 4778 adhibueris,
2904 4715 3016 4767 sive
3050 4729 3175 4781 non,
3209 4733 3311 4770 non
3344 4711 3548 4774 conval.

1986 4783 2276 4855 lesces,r_et_
2297 4780 2851 4855 a|terutrmn_l'actum
2879 4801 2898 4855 _:
2944 4780 3209 4838 medicum
3235 4802 3365 4855 ergo
3395 4794 3552 4844 adhi-

1984 4853 2117 4929 bere
2139 4850 2278 4929 nihil
2310 4851 2574 4929 attinet.)
2617 4850 2749 4929 Tum
2773 4853 3046 4920 subjungit
3073 4869 3085 4902 :
3111 4873 3146 4929 Δι
3190 4850 3354 4912 [lecte
3383 4876 3550 4929 genus

1985 4923 2087 4975 hoc
2139 4921 2581 4988 interrogationis
2621 4923 2868 4990 ignavum
2901 4935 3061 4990 atque
3111 4925 3257 4979 iners
3303 4921 3550 4984 nomina-

1987 4999 2094 5043 tmn
2129 4999 2232 5050 est,
2281 4991 2423 5057 quod
2470 4993 2656 5044 eadem
2691 4991 2902 5044 ratione
2930 4993 3108 5047 omnis
3131 5009 3162 5048 e
3190 4996 3293 5048 vita
3329 4999 3549 5053 tolletur

1984 5063 2159 5138 actio._
2187 5078 2204 5108 ι
2337 5059 2496 5138 paulo
2543 5069 2668 5138 post
2701 5077 2713 5111 :
2757 5079 2776 5110 ι
2809 5061 2954 5138 _l-l:ec
2995 5064 3134 5138 ratio
3175 5066 3547 5138 a_Chrysippo

1984 5128 2421 5206 reprehenditur.
2457 5128 2712 5206 Qua-dam
2737 5131 3031 5206 enimsunt
3064 5134 3117 5185 in
3161 5135 3320 5188 rebus
3350 5128 3524 5206 simpli

1984 5201 2088 5264 cia,
2121 5198 2365 5265 quanlatn
2410 5200 2679 5267 copulata.
2736 5199 2970 5267 Simplex
3023 5211 3126 5266 cst,
3171 5198 3548 5259 morietur'eo

1985 5267 2375 5338 dieSocrales,
2409 5266 2570 5332 lluic,
2608 5270 2721 5321 sive
2751 5266 2879 5338 quid
2921 5270 3133 5336 fecerit,
3178 5272 3291 5324 sive
3331 5289 3435 5325 non
3468 5274 3550 5327 le-

1985 5337 2147 5400 cerit,
2175 5335 2361 5406 ﬁnitus
2383 5345 2466 5389 est
2499 5335 2783 5391 moriendi—
2805 5339 2941 5401 d_ies.
2973 5343 3041 5390 At
3068 5335 3125 5392 si
3151 5342 3222 5390 ita
3253 5340 3426 5393 fatum
3455 5344 3545 5406 sit,

1986 5417 2238 5460 nascetur
2259 5403 2498 5474 (lEdipus
2523 5407 2675 5472 Laio,
2703 5422 2807 5460 non
2856 5409 3054 5475 poterit
3095 5409 3198 5460 dici
3230 5425 3243 5459 :
3284 5411 3398 5462 sive
3432 5403 3551 5464 lue?

1984 5475 2068 5548 ritA
2091 5476 2253 5528 Laius
2282 5491 2405 5528 cunt
2444 5479 2691 5548 muliere,
2719 5479 2871 5548 sive
2893 5492 3018 5548 non
3044 5475 3208 5528 fuerit
3232 5493 3246 5542 ;
3301 5481 3549 5548 copulata

1980 5545 2126 5618 enim
2159 5560 2244 5598 res
2275 5554 2376 5618 est,
2411 5556 2464 5599 et
2495 5545 2798 5618 confatalis.
2819 5543 2907 5596 Sic
2935 5545 3079 5596 enim
3111 5543 3383 5613 appellati
3418 5553 3553 5618 quia

1986 5615 2059 5668 ita
2083 5615 2396 5691 factumnsit
2432 5625 2485 5670 et
2515 5615 2926 5691 concubiturum
2959 5627 3081 5666 cum
3129 5615 3552 5691 nxoreLaium,

1985 5693 2039 5740 et
2070 5701 2136 5742 ex
2173 5699 2235 5740 ca
2263 5682 2526 5753 OEdipum
2556 5689 2988 5755 procreaturum,
3025 5701 3044 5735 ι
3084 5694 3193 5740 etc.
