3998 6170
345 221 472 277 841

1551 210 1828 284 contra
1865 225 2142 283 CELSUM
2175 225 2304 282 LlB.
2346 225 2410 280 u.

3531 229 3636 282 843

345 341 515 408 ἃλας
543 344 636 398 καὶ
663 342 938 414 τράπεζαν
967 344 1237 414 συνθήκας
1268 343 1629 416 ἀθετήσαντα,
1657 350 1790 418 φησι
1822 345 1940 419 πρὸς

2064 348 2308 416 prohrat,
2338 347 2597 404 violatum
2631 347 2826 413 fcedus,
2853 349 2995 418 quod
3021 348 3099 404 sal
3125 355 3180 404 et
3210 361 3394 402 mensa
3445 352 3632 404 conci-

340 434 539 487 αὐτόν
559 452 574 465 υ

343 523 598 593 "Opsecr
634 526 703 579 δὲ
739 526 1116 596 ἐνοσφίσθης
1147 529 1360 600 μέγαν,
1399 529 1554 598 ἅλας
1582 549 1647 585 τε
1688 532 1788 672 aele
1817 535 1954 663 Epd-

1754 619 1828 656 πε
1856 621 1952 657 αν.

1754 619 1952 657 πεςαν.

340 679 463 749 Οἷς
494 687 550 740 δὲ
578 688 726 758 μέλει
750 690 848 760 τῆς
871 690 928 742 ἐν
965 691 1225 760 ἱστορίαις
1254 689 1599 760 φιλομαθίας,
1631 692 1773 756 ὅλοις
1803 710 1956 760 γενο-

343 775 557 844 μένοις
582 779 771 849 αὐτῆς,
800 780 896 832 καὶ
921 781 1275 833 καταλιποῦσι
1306 781 1373 832 τὰ
1403 781 1802 853 ἀναγκαιότερα
1826 785 1954 854 περὶ

339 866 457 920 τοῦ
503 869 578 933 ὡς
605 869 668 940 δὴ
699 870 918 940 βιωτέον
953 871 1252 943 μαθήματα
1284 870 1414 942 (48),
1452 873 1670 928 πλείονα
1703 875 1954 945 παραθή-

343 977 580 1029 σονται,
624 963 950 1026 δεικνύντες,
995 964 1070 1027 ὡς
1107 966 1156 1016 οἱ
1195 967 1619 1036 κοινωνήσαντες
1671 967 1948 1038 τραπέζης

339 1051 511 1104 τισὶν
536 1051 926 1104 ἐπεϐούλευσαν
950 1051 1153 1116 αὐτοῖς.

426 1229 602 1295 Εἶτα,
663 1232 739 1296 ὡς
799 1231 1119 1301 συναγαγὼν
1169 1235 1458 1305 άραρυίαις
1496 1236 1800 1302 ἀποδείξεσι
1856 1238 1952 1290 καὶ

337 1323 706 1387 ἀκολουθίαις
739 1325 827 1377 τὸν
853 1325 1029 1392 λόγον,
1065 1321 1187 1378 εἷπε
1210 1326 1297 1378 τό·
1337 1345 1354 1376 ι
1392 1329 1520 1391 Καὶ,
1554 1328 1691 1398 ὅπερ
1718 1328 1798 1380 ἔτι
1829 1330 1953 1382 ἀτο-

340 1414 632 1482 πώτερον,
659 1416 820 1478 αὐτὸς
844 1418 871 1469 ὁ
893 1415 1025 1478 Θεὸς
1051 1418 1162 1478 τοῖς
1193 1417 1581 1489 συντραπέςοις
1603 1419 1946 1481 ἐπεϐούλευε,

341 1507 634 1577 ’προδότας
654 1509 747 1559 καὶ
768 1506 1044 1570 δυσσεϐεῖς
1079 1508 1266 1562 ποιῶν.
1309 1529 1326 1559 ι
1355 1508 1478 1572 Πῶς
1499 1509 1607 1581 γὰρ
1624 1512 1653 1562 ὁ
1686 1510 1890 1580 Ἰησοῦς
1913 1511 1946 1581 ἢ

341 1598 779 1662 ἐπεϐούλευσεν,
821 1598 854 1668 ἦ
909 1598 1172 1669 προδότας
1216 1600 1249 1669 ἢ
1289 1599 1569 1664 δυσσεϐεῖς
1612 1601 1739 1664 τοὺς
1779 1602 1950 1670 μαθη-

2065 440 2309 496 liaverat.
2341 438 2433 493 Sic
2459 439 2608 494 enim
2635 441 2782 493 canit
2811 452 2828 492 :

2313 531 2429 586 Tibi
2457 532 2630 586 soluta
2657 531 2788 599 jura
2825 547 3116 600 mensaeque
3153 541 3204 586 et
3231 533 3384 586 satis.

2059 688 2265 754 Quibus
2290 690 2438 745 cordi
2473 696 2556 744 est
2592 688 2945 744 historiarum
2996 689 3221 744 scientia
3254 734 3269 756 ,
3327 690 3527 759 quique
3579 691 3633 746 in

2061 778 2164 832 illis
2223 780 2318 832 toti
2375 780 2587 832 discere
2633 780 2914 850 negligunt
2941 781 3087 848 quod
3121 779 3261 834 scitu
3323 781 3494 849 magis
3541 797 3637 836 ne-

2057 869 2356 922 cessarium
2411 881 2526 934 est,
2573 884 2768 938 nempe
2823 871 3094 938 quomodo
3138 871 3319 926 vivere
3369 883 3636 941 oporteat,

2054 958 2090 1011 ii
2117 959 2270 1027 plura
2301 959 2546 1026 exempla
2577 958 2825 1024 afferent,
2865 960 3060 1027 quibus
3104 963 3325 1017 evidens
3357 965 3426 1018 sit
3456 965 3636 1033 plures

2057 1051 2242 1114 fuisse,
2280 1051 2371 1119 qui
2423 1049 2648 1104 insidias
2691 1051 2988 1104 struxerint
3030 1052 3097 1107 iis
3156 1070 3383 1123 quorum
3435 1072 3636 1113 mensa:

2056 1140 2182 1195 facti
2215 1141 2434 1195 fuerant
2457 1139 2774 1209 participes.

2120 1233 2213 1309 22.
2248 1232 2407 1296 llinc,
2457 1231 2614 1301 quasi
2648 1230 2782 1284 nihil
2827 1231 2928 1286 nisi
2965 1241 3148 1300 aptum
3199 1244 3459 1305 recteque
3505 1253 3635 1293 con-

2054 1338 2251 1376 nexum
2299 1322 2564 1387 dixisset,
2626 1321 2898 1376 concludit
2928 1336 2943 1373 :
2985 1339 3004 1372 ι
3042 1321 3129 1384 Ει,
3157 1326 3297 1390 quod
3329 1326 3511 1380 adhuc
3545 1329 3639 1381 ah-

2053 1415 2269 1470 surdius
2293 1423 2397 1480 est,
2436 1414 2577 1468 Deus
2626 1414 2744 1483 ipse
2791 1415 2906 1469 suis
2939 1415 3342 1471 convictoribus
3405 1418 3632 1474 insidia-

2054 1514 2162 1569 tur,
2191 1518 2390 1574 eosque
2422 1504 2728 1572 proditores
2749 1513 2803 1557 et
2829 1504 3023 1571 impios
3056 1505 3237 1558 cilicit.
3283 1523 3304 1557 ι
3344 1505 3457 1571 Qua
3483 1493 3630 1562 enim

2053 1597 2264 1652 ratione
2301 1596 2485 1650 Jesutn
2523 1605 2616 1650 aut
2669 1597 2898 1650 insidias
2959 1595 3276 1649 meditatum
3327 1597 3492 1652 fuisse
3540 1611 3637 1654 aut

338 1688 464 1751 τὰς
497 1690 772 1757 ἐποίησεν,
794 1690 893 1742 οὐκ
918 1688 983 1743 ἂν
1009 1690 1121 1759 ἔχοι
1149 1691 1585 1761 παραδεικνύειν,
1612 1693 1659 1743 εί
1691 1691 1764 1761 μὴ
1796 1691 1852 1757 ἐξ
1882 1688 1940 1762 ἧς

2055 1687 2348 1756 discipulos
2377 1687 2684 1755 proditores
2727 1688 2992 1756 impiosve
3027 1687 3224 1742 fecisse
3259 1691 3636 1758 approbaret?

341 1780 615 1849 ἐνόμισεν
664 1777 1000 1844 ἀκολουθίας,
1041 1781 1251 1850 ἦνκαὶ
1295 1781 1324 1831 ὁ
1354 1779 1532 1850 τυχὼν
1582 1781 1948 1852 εὐχερέστατα

336 1870 636 1938 διελέγξαι
667 1869 753 1922 ἄν.

425 2053 589 2109 Μετά
629 2053 800 2108 ταῦτα
843 2053 1011 2122 λέγει,
1047 2054 1129 2106 δτι
1169 2072 1187 2103 ι
1228 2055 1290 2106 Εἰ
1337 2053 1550 2107 δέδοκτο
1581 2054 1728 2125 αὐτῷ
1758 2055 1945 2118 ταῦτα,

343 2149 460 2203 καὶ
499 2148 575 2218 τῷ
605 2149 779 2218 Πατρι
813 2146 1130 2212 πειθόμενος
1173 2146 1477 2210 ἐκολάζετο,
1512 2146 1689 2215 δῆλον,
1721 2148 1801 2200 ὅτι
1831 2148 1950 2218 Θεῷ

343 2255 420 2305 γε
459 2239 572 2292 δντι
605 2239 699 2290 καὶ
740 2237 1046 2308 βουλομένῳ
1079 2237 1203 2290 οὔτε
1233 2237 1454 2304 ἀλγεινὰ
1491 2235 1616 2290 οὔτε
1635 2237 1836 2309 ἀνιαρὰ
1881 2235 1949 2310 ἦν

341 2331 424 2384 τὰ
447 2329 590 2383 κατὰ
617 2328 840 2398 γνώμην
865 2328 1122 2400 χρώμενα
1153 2328 1284 2397 (49).
1323 2347 1341 2378 ι
1379 2328 1489 2381 Καὶ
1515 2329 1611 2398 οὐχ
1642 2328 1853 2398 ἑώρακέ
1885 2346 1948 2396 γε

347 2419 524 2482 αὐτὸς
558 2419 736 2488 ἐαυτῷ
768 2419 1082 2490 παραπόδας
1117 2419 1333 2470 ἐναντία
1366 2417 1554 2470 εἰπών.
1585 2421 1646 2470 Εἰ
1677 2419 1782 2490 γὰρ
1817 2419 1945 2472 ἔδω-

347 2527 459 2563 κεν
491 2511 571 2563 ὅτι
604 2510 909 2573 ἐκολάζετο,
953 2510 1074 2562 ἐπεὶ⁹
1103 2509 1319 2562 δέδοκτο
1351 2509 1500 2579 αὐτῴ
1529 2509 1719 2573 ταῦτα,
1751 2511 1843 2564 καὶ
1872 2510 1948 2581 τῷ

349 2603 541 2671 Πατρὶ
568 2601 886 2670 πειθόμενον
917 2603 1250 2670 ἐμπαρεῖχεν
1275 2599 1462 2652 ἑαυτόν
1479 2617 1491 2630 ·
1517 2599 1698 2670 δῆλον,
1718 2601 1798 2654 ὅτι
1823 2603 1948 2654 ἐκο-

349 2691 576 2755 λάζετο,
608 2691 702 2744 καὶ
727 2691 823 2760 οὐχ
851 2687 960 2743 οἷόν
980 2707 1039 2743 τε
1065 2687 1132 2760 ἦν
1165 2692 1236 2762 μὴ
1267 2687 1400 2742 εἶναι
1435 2690 1658 2758 ἀλγεινὰ
1681 2692 1752 2743 τὰ
1782 2707 1951 2763 προσ⁴

350 2781 607 2851 αγόμενα
631 2781 734 2833 om
763 2780 872 2833 τῶν
903 2779 1178 2833 κολαστῶν
1208 2781 1317 2849 (50)
1341 2797 1352 2810 '
1390 2781 1751 2852 ἀπροαίρετον
1784 2781 1892 2853 γὰρ
1917 2782 1948 2833 6

355 2874 548 2934 πόνος.
581 2874 645 2924 El
673 2873 732 2926 δὲ
765 2872 1070 2942 βουλομένῳ
1089 2871 1219 2940 οὔτε
1252 2873 1474 2940 ἀλγεινά
1507 2873 1629 2925 οὔτε
1657 2875 1855 2944 ἀνιαρὰ
1879 2871 1946 2946 ἦν

351 2965 432 3017 τὰ
470 2965 878 3037 προσαγόμενα,
908 2963 1026 3026 πῶς
1058 2963 1224 3016 ἔδωκε
1257 2964 1318 3016 τὸ
1359 2964 1673 3029 ἐκολάζετο;
1715 2966 1824 3036 Οὐχ
1846 2966 1944 3018 ἐώ-

355 3073 498 3126 pars
533 3056 608 3118 δὲ,
644 3057 744 3117 ὅτι,
769 3053 915 3118 ἅπαξ
943 3053 1226 3108 ἀναλαϐὼν
1250 3053 1312 3105 τὸ
1337 3054 1425 3106 διὰ
1464 3057 1729 3122 γενέσεως
1756 3058 1936 3127 σῶμα,

351 3145 649 3215 ἀνείληφεν
693 3145 826 3198 αὐτὸ
875 3145 967 3198 καί
1001 3145 1177 3198 πόνων
1223 3144 1470 3197 δεκτικὸν
1516 3147 1801 3214 τυγχάνον,
1845 3149 1939 3201 καὶ

353 3235 472 3288 τῶν
500 3239 610 3298 τοῖς
649 3238 706 3288 ἐν
741 3237 953 3306 σώμασι
987 3237 1097 3306 (Si)
1141 3235 1547 3306 συμϐαινόντων
1587 3239 1846 3310 ἀνιαρῶν,
1889 3245 1938 3294 εὶ

350 3325 457 3380 τοῦ
505 3328 726 3398 ἀνιαροῦ
779 3327 852 3397 μὴ
906 3327 981 3390 ὡς
1035 3328 1420 3399 προαιρετικοῦ
1457 3327 1567 3397 (52)
1619 3330 1932 3402 ἀκούοιμεν.

349 3421 574 3490 Ὥσπερ
602 3415 694 3472 οὖν
730 3419 1006 3489 βουληθεὶς
1041 3419 1293 3488 ἀνείληφε
1339 3420 1498 3490 σῶμα
1530 3421 1590 3472 οὐ
1634 3423 1808 3494 πάντη
1845 3425 1938 3476 άλ-

347 3512 456 3584 λης
487 3512 698 3581 φύσεως
729 3513 877 3583 παρὰ
908 3513 1004 3584 τὴν
1037 3512 1380 3584 ἀνθρωπίνην
1415 3513 1610 3582 σάρκα,
1645 3513 1788 3567 οὕτω
1815 3533 1937 3569 συν-

345 3604 614 3675 ἀνείληφε
660 3603 736 3674 τῷ
766 3603 977 3674 σώματι
1025 3605 1117 3657 καὶ
1156 3603 1225 3655 τὰ
1271 3602 1495 3671 ἀλγεινὰ
1527 3605 1690 3658 αὐτοῦ
1739 3607 1832 3660 κοιλ⁸
1872 3609 1938 3660 τά

345 3696 574 3768 ἀνιαρὰ,
607 3689 682 3750 ὧν
726 3696 861 3766 πρὸς
910 3696 970 3749 τὸ
1015 3697 1089 3767 μὴ
1122 3695 1314 3763 παθεῖν
1342 3695 1532 3766 κύριος
1575 3697 1675 3749 οὐκ
1719 3693 1808 3768 ἦν,
1846 3700 1937 3751 ἐπὶ

347 3794 469 3853 τοῖς
492 3789 801 3843 διατιθεῖσιν
834 3788 982 3851 ὄντος
1011 3789 1306 3858 προσάγειν
1329 3786 1476 3857 αὐτῷ
1501 3788 1594 3840 καὶ
1620 3788 1686 3841 τὰ
1715 3789 1933 3859 ἀνιαρά,

317 3885 452 3936 ικαὶ
482 3883 550 3934 τὰ
583 3881 823 3948 ἀλγεινά.
861 3877 1434 3949 Προαπελογησάμεθα
1473 3878 1529 3931 δὲ
1564 3881 1620 3930 ἐν
1650 3882 1762 3942 τοῖς
1797 3880 1936 3931 ἀνω-

346 3975 518 4046 τέρω,
559 3975 641 4027 ὃτι
675 3971 951 4042 βουληθεὶς
987 3969 1059 4039 μὴ
1087 3970 1240 4038 ἥκειν
1273 3971 1353 4030 εἰς
1381 3972 1568 4039 χεῖρας
1611 3969 1932 4040 ἀνθρώπων,

343 4067 458 4120 οὐκ
511 4063 758 4135 ἐληλύθει
806 4062 890 4115 ἄν.
938 4059 1108 4114 ἾΙλθε
1155 4061 1234 4119 δὲ,
1281 4062 1402 4138 ἐπεςι
1431 4062 1704 4125 ἐϐούλετο,
1740 4064 1825 4116 διὰ
1875 4064 1935 4117 τὸ

347 4155 856 4230 προαποδεδομένον
891 4153 1001 4223 (55)
1036 4154 1099 4206 ἐκ
1131 4151 1224 4204 τοῦ
1268 4151 1427 4204 αὑτὸν
1461 4153 1600 4222 ὑπὲρ
1634 4153 1932 4224 ἀνθρώπων

349 4248 647 4304 ἀποθανεῖν
679 4245 756 4316 τῷ
789 4245 949 4298 παντὶ
981 4243 1268 4314 χρήσιμον.

2059 1776 2208 1830 Dicet
2233 1776 2465 1831 fortasse
2490 1777 2542 1831 id
2562 1792 2627 1830 ex
2657 1777 3102 1832 antecedentibus
3129 1793 3252 1832 esse
3271 1793 3632 1848 consequens.

2054 1866 2160 1920 Sed
2193 1881 2355 1922 nemo
2381 1874 2468 1921 est
2493 1867 2577 1921 vel
2611 1868 2851 1937 vulgaris
2911 1867 3144 1938 ingenii,
3177 1869 3308 1939 quin
3362 1871 3518 1928 facile
3550 1889 3635 1928 re-

2055 1956 2227 2010 fellat.

2121 2051 2213 2104 25.
2241 2049 2368 2104 Post
2395 2051 2510 2104 haec
2541 2050 2711 2105 dicit:
2743 2070 2762 2101 ι
2801 2051 2855 2105 Si
2904 2051 2975 2105 ita
3031 2053 3202 2107 visum
3235 2062 3318 2109 est
3362 2056 3500 2125 ipsi,
3537 2071 3634 2111 nec

2051 2155 2241 2208 passus
2266 2149 2350 2196 est
2375 2141 2476 2195 nisi
2503 2149 2562 2194 ut
2585 2141 2735 2195 Patri
2766 2157 2970 2196 morem
3008 2154 3244 2211 gereret,
3283 2146 3630 2200 manifesuun

2051 2244 2136 2286 est
2170 2245 2503 2300 quaecunque
2537 2241 2591 2286 et
2615 2232 2726 2286 Deo
2777 2243 2831 2286 et
2860 2235 3058 2289 volenti
3115 2244 3169 2288 et
3219 2245 3411 2302 sponte
3450 2239 3631 2304 perfe-

2055 2325 2194 2378 renti
2217 2323 2362 2377 illata
2384 2331 2512 2378 sunt
2528 2323 2809 2394 supplicia,
2828 2324 3028 2378 nullam
3057 2325 3130 2378 illi
3157 2340 3368 2394 poenam
3386 2328 3633 2382 attulisse

2053 2413 2365 2483 nullamque
2397 2413 2724 2469 molestiam.
2761 2433 2782 2465 ι
2815 2415 3000 2482 Neque
3025 2415 3111 2468 hic
3136 2417 3268 2470 vidit
3299 2432 3356 2470 se
3389 2433 3416 2470 a
3447 2420 3631 2488 seipsn

2053 2505 2337 2559 dissidere.
2394 2503 2528 2578 Nam
2563 2505 2606 2557 si
2635 2508 2974 2560 concesserit
3018 2505 3205 2560 Jesum
3263 2509 3449 2564 tulisse
3500 2527 3629 2581 sup-

2050 2597 2272 2663 plicium
2305 2597 2426 2665 quia
2464 2598 2538 2650 ita
2568 2599 2666 2667 ipsi
2693 2599 2866 2653 visum
2900 2606 3007 2661 est,
3040 2612 3206 2666 seque
3249 2598 3424 2670 ipsum
3467 2605 3632 2656 tradi-

2052 2690 2195 2744 disse
2222 2697 2280 2742 ut
2322 2689 2468 2744 Patri
2510 2691 2964 2758 morigeraretur,
3017 2691 3363 2745 manifestum
3417 2703 3500 2748 est
3543 2696 3629 2764 ip-

2051 2796 2170 2834 sum
2204 2783 2391 2838 tulisse
2420 2783 2766 2852 supplicium,
2799 2797 2900 2837 nec
2934 2783 3051 2836 ﬁcri
3103 2784 3349 2852 potuisse
3382 2796 3441 2840 ut
3485 2791 3626 2855 quod

2051 2875 2151 2942 ipsi
2183 2890 2210 2927 a
2241 2875 2593 2930 carnificibus
2648 2876 2854 2929 illatum
2907 2885 3010 2941 est,
3046 2892 3150 2930 non
3183 2886 3327 2931 esset
3358 2877 3430 2931 illi
3458 2878 3628 2931 mole-

2050 2973 2192 3016 stum
2223 2971 2278 3018 et
2311 2979 2497 3034 grave.
2553 2965 2919 3020 Involuntaria
2977 2968 3118 3020 enim
3170 2983 3255 3023 res
3320 2979 3405 3024 est
3450 2971 3626 3025 dolor.

2049 3055 2103 3109 Si
2138 3065 2318 3110 autem
2351 3071 2470 3124 quae
2499 3057 2574 3110 illi
2607 3057 2825 3111 inﬂictae
2869 3069 2996 3112 sunt
3027 3073 3222 3128 paenae,
3251 3061 3378 3130 quia
3409 3064 3480 3116 ita
3532 3078 3625 3116 vo-

2047 3146 2211 3211 lebat,
2242 3147 2444 3201 nullam
2469 3147 3107 3214 attuleruntmolestiam,
3141 3151 3343 3205 nullum
3362 3151 3626 3236 dolorem,

2045 3241 2314 3309 quomodo
2338 3239 2608 3294 concessit
2627 3239 2774 3292 illum
2811 3239 2999 3295 tulisse
3025 3241 3392 3310 supplicium?
3420 3243 3625 3313 Nempe

2046 3330 2312 3400 ignoravit
2335 3346 2459 3384 eum
2489 3329 2580 3398 qui
2613 3329 2883 3383 nascendo
2941 3345 3141 3399 corpus
3198 3333 3460 3401 sumpsit,
3495 3334 3628 3388 illud

2046 3419 2352 3491 hujusmodi
2385 3420 2764 3487 assumpsisse,
2795 3419 2844 3470 in
2874 3420 3015 3485 quod
3068 3433 3240 3486 parum
3274 3431 3330 3474 et
3361 3423 3623 3491 quidquid

2045 3513 2111 3566 iis
2139 3513 2232 3581 qui
2275 3526 2507 3580 corpore
2544 3509 2717 3564 induti
2752 3519 2880 3563 sunt
2926 3509 3208 3564 molestum
3263 3513 3491 3579 accidit,
3531 3530 3625 3568 ca-

2044 3606 2172 3658 dere
2199 3611 2400 3671 posset,
2435 3602 2702 3670 siquidem
2726 3613 3007 3668 poenarum
3026 3613 3092 3653 ae
3120 3601 3378 3656 molestiae
3405 3606 3625 3658 nomine

2043 3699 2476 3755 intellexerimus
2505 3696 2645 3766 quod
2666 3709 2823 3748 nemo
2852 3694 2955 3750 sibi
2985 3695 3117 3748 vult.
3151 3693 3490 3760 Quemadmo
3513 3701 3620 3750 lum

2043 3794 2208 3864 igitur
2237 3791 2425 3846 volens
2446 3789 2684 3859 suscepit
2718 3804 2914 3857 corpus
2945 3789 3136 3844 eadem
3164 3803 3390 3857 prorsus
3418 3803 3483 3844 ac
3520 3792 3623 3844 hii--

2042 3899 2263 3938 manum
2293 3891 2512 3944 natura,
2545 3880 2624 3936 sic
2649 3880 2812 3933 etiam
2846 3880 3090 3949 suscepit
3118 3880 3380 3948 quidquid
3404 3880 3482 3934 illi
3507 3897 3623 3934 mo-

2039 3976 2253 4030 lestiam
2287 3974 2475 4044 parit:
2514 3985 2616 4026 nec
2663 3969 2892 4038 amplius
2928 3971 2982 4024 in
3012 3970 3127 4038 ejus
3154 3979 3429 4040 potestate
3479 3981 3619 4033 erat,

2041 4078 2102 4122 ut
2137 4067 2444 4122 molestiam
2478 4079 2584 4120 non
2631 4063 2888 4127 sentiret,
2927 4063 3021 4116 sed
3058 4063 3111 4116 in
3157 4062 3370 4116 illorum
3417 4063 3619 4131 quibus

2043 4160 2096 4213 id
2127 4158 2466 4228 propositum
2493 4165 2610 4209 erat
2644 4161 2907 4223 potestate
2931 4152 3031 4206 fuit
3068 4151 3371 4206 molestiam
3408 4152 3456 4205 ei
3505 4165 3619 4219 pte-

2043 4262 2276 4318 namque
2305 4247 2518 4302 aﬁ'erre.
2546 4239 2837 4298 Proliatum
2879 4251 3059 4295 autem
3109 4256 3271 4309 supra
3312 4241 3413 4294 fuit
3464 4240 3612 4294 illum

353 4353 410 4406 in
444 4363 637 4405 manus
689 4347 967 4400 hominum
1015 4359 1122 4396 non
1168 4352 1460 4397 venturum
1520 4342 1708 4405 fuisse,
1739 4345 1785 4398 si
1820 4345 2105 4400 noluisset.
2144 4344 2307 4398 Venit
2351 4341 2477 4410 quia
2537 4338 2739 4402 voluit,
2785 4337 2945 4406 idque
2997 4345 3280 4406 propterea
3332 4334 3476 4404 quod
3517 4351 3618 4404 pro

353 4445 666 4503 hominibus
717 4440 1022 4503 moriendo,
1054 4438 1201 4491 omni
1247 4447 1514 4492 creatura;
1534 4479 1548 4501 ,
1575 4448 1634 4490 ut
1664 4447 1820 4492 autca
1857 4438 2243 4501 demonstravi,
2273 4444 2420 4492 esset
2447 4434 2784 4505 profuturus.

435 4542 592 4614 Ἑξῆς
629 4541 685 4594 δὲ
719 4537 926 4600 τούτοις
959 4535 1125 4589 θέλων
1167 4533 1535 4606 παραστῆσαι,
1579 4535 1660 4586 ὅτι
1712 4534 1933 4603 ἀλγεινά

2109 4536 2200 4590 ει.
2233 4533 2288 4588 In
2320 4529 2672 4600 sequentibus
2693 4527 2982 4582 ostendere
3025 4534 3256 4580 conatur
3299 4523 3486 4595 gravia
3535 4523 3612 4577 illi

352 4637 448 4690 καὶ
474 4634 670 4706 ἀνιαρὰ
700 4628 768 4704 ἦν
794 4630 860 4684 τά
889 4629 1170 4699 συμϐάντα
1196 4626 1364 4697 αὐτῷ,
1385 4628 1479 4680 καὶ
1498 4629 1576 4680 ὅτι
1603 4629 1702 4697 οὐχ
1731 4623 1840 4680 οἷον
1867 4645 1926 4680 τε

351 4725 422 4799 ἦν
455 4727 778 4799 βουληθέντα
810 4724 971 4778 αὐτὸν
997 4722 1223 4791 ποιῆσαι
1246 4717 1383 4774 εἶναι
1414 4720 1550 4773 αὐτὰ
1579 4718 1653 4789 μὴ
1680 4718 1922 4782 τοιαῦτα,

354 4819 521 4888 λέγει·
552 4838 570 4870 ι
607 4820 672 4872 Τί
696 4813 790 4872 οὖν
825 4817 1124 4877 ποτνιᾶται,
1155 4813 1248 4866 και
1277 4811 1545 4882 ὀδύρεται,
1575 4812 1668 4864 καὶ
1697 4810 1786 4864 τὸν
1824 4809 1919 4863 τοῦ

427 5023 536 5108 με)
581 5022 718 5108 Kal
753 5019 1147 5108 καταλιποξοί
1195 5016 1268 5069 τὰ
1296 5013 1925 5108 ηάηαγξιαέιὶεξαηίερί

351 5084 460 5150 τοῦ
476 5104 556 5160 ὡς
572 5092 646 5159 δὴ
673 5090 923 5156 βιωτέον
945 5089 1277 5160 μαθήματα.
1295 5084 1490 5160 Quieto
1527 5084 1922 5160 l_i_.'ec__addit_itia

357 5153 836 5224 νὶιΙθιιίιιΓξί-ιιιιριςι
867 5171 920 5213 et
945 5153 1264 5211 recidenda.
1301 5155 1483 5224 Eidem
1515 5153 1764 5221 displicet
1787 5153 1926 5224 Alme

353 5235 586 5303 phrasis,
616 5222 693 5294 ὡς
731 5222 793 5300 δὴ
827 5227 1071 5310 βιωτέονζ
1118 5226 1398 5310 ξοτιξιεεο,
1445 5223 1652 5310 inquit:
1683 5222 1926 5310 scgiiisc-

356 5287 438 5356 rat
485 5287 859 5370 interpolator,
889 5298 962 5360 ὡς
991 5297 1071 5349 δεῖ
1117 5295 1334 5365 βιωτέον
1373 5308 1471 5362 pro
1501 5287 1577 5355 ὧς
1623 5292 1704 5343 δεῖ
1750 5287 1953 5360 βιοῦν,⁴

353 5381 860 5510 ωῖῗθῖΧρώμε-να.
889 5438 1031 5510 Lege
1051 5434 1330 5510 γινδμενα,
1363 5441 1421 5485 ιιι
1453 5440 1636 5510 mpnct
1670 5430 1923 5510 Velserus

353 5499 488 5582 apud
514 5499 909 5582 ilaisehelium.
943 5499 1128 5582 Pvauio_
1160 5499 1321 5582 infra,
1350 5517 1446 5568 pro
1476 5503 1530 5582 εἰ
1560 5499 1668 5582 γάρ
1699 5499 1919 5582 ξδωϋκεν,

353 5568 560 5636 dubitat
589 5571 818 5636 Guietus
879 5592 1060 5632 annon
1116 5573 1401 5643 legendum
1447 5571 1518 5626 sit
1561 5571 1609 5622 εί
1640 5568 1764 5642 ’γὰρ
1792 5568 1920 5631 ἐθη-

354 5665 468 5704 κεν.

680 5748 952 5810 Ροιτιιοι.
999 5743 1116 5804 ϐυ.
1168 5740 1274 5802 XI,

2037 4634 2092 4680 et
2139 4623 2368 4677 molesta
2412 4620 2576 4674 fuisse
2618 4633 2738 4686 quas
2785 4614 3088 4685 patiebatur
3146 4627 3247 4668 nec
3291 4614 3473 4669 facere
3512 4629 3612 4682 po-

2039 4717 2208 4772 tuisse
2255 4713 2467 4770 etiamsi
2519 4710 2801 4771 voluisset,
2838 4715 2898 4760 ut
2926 4705 3017 4760 illa
3078 4706 3318 4762 dolorem
3375 4706 3480 4776 ipsi
3499 4720 3613 4760 non

2028 4809 2193 4882 409
2225 4807 2502 4863 aﬂ'errent.
2531 4804 2662 4874 Ejus
2692 4801 2854 4856 verba
2886 4809 3012 4856 sunt
3041 4816 3055 4852 :
3088 4815 3108 4850 ι
3146 4799 3288 4867 Quid
3325 4814 3458 4871 ergo
3487 4801 3611 4869 qui-

2098 5011 2210 5082 (50)
2237 5011 2395 5066 Lihb.
2432 5017 2592 5064 antea
2641 5007 2770 5062 editi
2805 5007 2860 5060 in
2911 5005 3154 5074 margine
3180 5003 3405 5069 habent,
3442 5001 3604 5056 κολα-

2027 5083 2244 5146 ζόντων.

2096 5151 2214 5218 (51)
2260 5151 2362 5203 Ἐν
2388 5147 2644 5218 σώμασι.
2685 5145 2869 5200 Mallet
2904 5141 3244 5210 Boherellus,
3273 5143 3333 5195 ὲν
3366 5140 3600 5210 σώματι,

2024 5231 2086 5273 ιιι
2111 5219 2279 5273 Hebr.
2311 5235 2432 5281 xm,
2466 5219 2520 5274 5.

2092 5288 2207 5370 ςὸἳ)
2233 5289 2327 5357 Μὴ
2357 5278 2435 5355 ὡς
2467 5284 2898 5356 προαιρετικοῦ.
2929 5281 3100 5350 Lego,
3137 5280 3214 5342 ὡς
3247 5278 3319 5349 μὴ
3343 5292 3601 5348 προαιρε·

2025 5376 2140 5414 του.

2099 5411 2335 5502 ζδδλᾼιά
2369 5428 2441 5502 *τὸ
2473 5422 3050 5502 προαποδεδομᾴνον.
3083 5419 3225 5502 Lege
3261 5430 3385 5502 eum

2029 5489 2161 5554 rello
2191 5489 2289 5552 ’διὰ
2336 5499 2396 5552 τὸ
2442 5489 3022 5568 προαποδεδειγμένον,
3073 5497 3162 5541 aut
3194 5489 3385 5541 eodem
3439 5495 3600 5538 sensu

2029 5570 2259 5641 exphca.

3203 5712 3283 5772 ΞΤ
