  <div class='ocr_page' id='page_1' title='image "/cluster/home/n/w/nwhite01/storage/ocr_20150623/11/mdp.39015013266690/435.png"; bbox 0 0 3998 6170; ppageno 0'>
   <div class='ocr_carea' id='block_1_1' title="bbox 453 208 557 263">
    <p class='ocr_par' dir='ltr' id='par_1_1' title="bbox 453 208 557 263">
     <span class='ocr_line' id='line_1_1' title="bbox 453 208 557 263; baseline -0.019 -1"><span class='ocrx_word' id='word_1_1' title='bbox 453 208 557 263; x_wconf 68' lang='grc' dir='ltr'><strong>8ιό</strong></span> 
     </span>
    </p>
   </div>
   <div class='ocr_carea' id='block_1_2' title="bbox 1926 216 2243 275">
    <p class='ocr_par' dir='ltr' id='par_1_2' title="bbox 1926 216 2243 275">
     <span class='ocr_line' id='line_1_2' title="bbox 1926 216 2243 275; baseline 0.013 -4"><span class='ocrx_word' id='word_1_2' title='bbox 1926 216 2243 275; x_wconf 76' lang='lat' dir='ltr'><strong>ORIGENIS</strong></span> 
     </span>
    </p>
   </div>
   <div class='ocr_carea' id='block_1_3' title="bbox 3607 235 3719 289">
    <p class='ocr_par' dir='ltr' id='par_1_3' title="bbox 3607 235 3719 289">
     <span class='ocr_line' id='line_1_3' title="bbox 3607 235 3719 289; baseline -0.009 0"><span class='ocrx_word' id='word_1_3' title='bbox 3607 235 3719 289; x_wconf 68' lang='lat'><strong>8-“</strong></span> 
     </span>
    </p>
   </div>
   <div class='ocr_carea' id='block_1_4' title="bbox 454 323 1993 416">
    <p class='ocr_par' dir='ltr' id='par_1_4' title="bbox 454 323 1993 394">
     <span class='ocr_line' id='line_1_4' title="bbox 454 323 1993 394; baseline 0.006 -18"><span class='ocrx_word' id='word_1_4' title='bbox 454 326 653 376; x_wconf 88' lang='lat' dir='ltr'><strong>ritatur</strong></span> <span class='ocrx_word' id='word_1_5' title='bbox 687 335 741 378; x_wconf 88' lang='lat' dir='ltr'><strong>et</strong></span> <span class='ocrx_word' id='word_1_6' title='bbox 769 323 915 394; x_wconf 85' lang='lat' dir='ltr'><strong>luget</strong></span> <span class='ocrx_word' id='word_1_7' title='bbox 938 325 1296 394; x_wconf 76' lang='lat' dir='ltr'><strong>obsecratque</strong></span> <span class='ocrx_word' id='word_1_8' title='bbox 1336 334 1394 379; x_wconf 93' lang='lat' dir='ltr'><strong>ut</strong></span> <span class='ocrx_word' id='word_1_9' title='bbox 1425 328 1618 383; x_wconf 85' lang='lat' dir='ltr'><strong>mortis</strong></span> <span class='ocrx_word' id='word_1_10' title='bbox 1650 336 1794 384; x_wconf 90' lang='lat' dir='ltr'><strong>metu</strong></span> <span class='ocrx_word' id='word_1_11' title='bbox 1826 330 1993 387; x_wconf 86' lang='lat' dir='ltr'><strong>libere</strong></span> 
     </span>
    </p>
   </div>
   <div class='ocr_carea' id='block_1_5' title="bbox 2097 323 3716 416">
    <p class='ocr_par' dir='ltr' id='par_1_5' title="bbox 2122 336 3716 416">
     <span class='ocr_line' id='line_1_5' title="bbox 2122 336 3716 416; baseline 0.01 -28"><span class='ocrx_word' id='word_1_12' title='bbox 2122 336 2342 408; x_wconf 82' lang='grc' dir='ltr'><strong>ὀλέθρου</strong></span> <span class='ocrx_word' id='word_1_13' title='bbox 2375 340 2537 407; x_wconf 74' lang='grc' dir='ltr'>φόϐον</span> <span class='ocrx_word' id='word_1_14' title='bbox 2571 341 2788 412; x_wconf 82' lang='grc' dir='ltr'>εὐχεται</span> <span class='ocrx_word' id='word_1_15' title='bbox 2814 346 3213 416; x_wconf 81' lang='grc' dir='ltr'><strong>παραδραμεῖν,</strong></span> <span class='ocrx_word' id='word_1_16' title='bbox 3236 348 3410 415; x_wconf 87' lang='grc' dir='ltr'>λέγων</span> <span class='ocrx_word' id='word_1_17' title='bbox 3427 341 3535 402; x_wconf 82' lang='grc' dir='ltr'>ὧδέ</span> <span class='ocrx_word' id='word_1_18' title='bbox 3562 367 3716 413; x_wconf 86' lang='grc' dir='ltr'>πως·</span> 
     </span>
    </p>
   </div>
   <div class='ocr_carea' id='block_1_6' title="bbox 450 415 2019 483">
    <p class='ocr_par' dir='ltr' id='par_1_6' title="bbox 450 415 2019 483">
     <span class='ocr_line' id='line_1_6' title="bbox 450 415 2019 483; baseline 0.006 -14"><span class='ocrx_word' id='word_1_19' title='bbox 450 425 542 469; x_wconf 92' lang='lat' dir='ltr'><strong>tur</strong></span> <span class='ocrx_word' id='word_1_20' title='bbox 565 415 652 469; x_wconf 89' lang='lat' dir='ltr'><strong>his</strong></span> <span class='ocrx_word' id='word_1_21' title='bbox 676 416 855 470; x_wconf 85' lang='lat' dir='ltr'><strong>verbis</strong></span> <span class='ocrx_word' id='word_1_22' title='bbox 884 432 896 467; x_wconf 91' lang='lat'><strong>:</strong></span> <span class='ocrx_word' id='word_1_23' title='bbox 929 416 1091 472; x_wconf 87' lang='lat' dir='ltr'><strong>Pater</strong></span> <span class='ocrx_word' id='word_1_24' title='bbox 1115 416 1207 479; x_wconf 92' lang='lat' dir='ltr'><strong>mi,</strong></span> <span class='ocrx_word' id='word_1_25' title='bbox 1235 418 1279 471; x_wconf 90' lang='lat' dir='ltr'><strong>si</strong></span> <span class='ocrx_word' id='word_1_26' title='bbox 1312 425 1486 483; x_wconf 85' lang='lat' dir='ltr'><strong>potest</strong></span> <span class='ocrx_word' id='word_1_27' title='bbox 1516 419 1661 473; x_wconf 82' lang='lat' dir='ltr'><strong>calix</strong></span> <span class='ocrx_word' id='word_1_28' title='bbox 1707 421 1808 475; x_wconf 86' lang='lat' dir='ltr'><strong>iste</strong></span> <span class='ocrx_word' id='word_1_29' title='bbox 1837 430 2019 478; x_wconf 88' lang='lat' dir='ltr'><strong>trans—</strong></span> 
     </span>
    </p>
   </div>
   <div class='ocr_carea' id='block_1_7' title="bbox 448 504 2021 577">
    <p class='ocr_par' dir='ltr' id='par_1_7' title="bbox 448 504 2021 577">
     <span class='ocr_line' id='line_1_7' title="bbox 448 504 2021 577; baseline 0.004 -18"><span class='ocrx_word' id='word_1_30' title='bbox 448 504 530 559; x_wconf 89' lang='lat' dir='ltr'><strong>ire</strong></span> <span class='ocrx_word' id='word_1_31' title='bbox 554 505 621 559; x_wconf 77' lang='lat'><strong>“.</strong></span> <span class='ocrx_word' id='word_1_32' title='bbox 655 524 674 557; x_wconf 70' lang='grc' dir='ltr'><strong>ι</strong></span> <span class='ocrx_word' id='word_1_33' title='bbox 700 507 760 559; x_wconf 83' lang='lat' dir='ltr'><strong>Et</strong></span> <span class='ocrx_word' id='word_1_34' title='bbox 792 507 843 559; x_wconf 89' lang='lat' dir='ltr'><strong>in</strong></span> <span class='ocrx_word' id='word_1_35' title='bbox 871 506 955 559; x_wconf 86' lang='lat' dir='ltr'><strong>his</strong></span> <span class='ocrx_word' id='word_1_36' title='bbox 990 505 1210 559; x_wconf 89' lang='lat' dir='ltr'><strong>adverte</strong></span> <span class='ocrx_word' id='word_1_37' title='bbox 1232 506 1373 561; x_wconf 86' lang='lat' dir='ltr'><strong>Celsi</strong></span> <span class='ocrx_word' id='word_1_38' title='bbox 1400 507 1807 577; x_wconf 80' lang='lat' dir='ltr'><strong>malignitatem.</strong></span> <span class='ocrx_word' id='word_1_39' title='bbox 1832 512 1903 573; x_wconf 91' lang='lat' dir='ltr'><strong>Is,</strong></span> <span class='ocrx_word' id='word_1_40' title='bbox 1923 528 2021 566; x_wconf 84' lang='lat' dir='ltr'><strong>ne-</strong></span> 
     </span>
    </p>
   </div>
   <div class='ocr_carea' id='block_1_8' title="bbox 449 596 2018 671">
    <p class='ocr_par' dir='ltr' id='par_1_8' title="bbox 449 596 2018 671">
     <span class='ocr_line' id='line_1_8' title="bbox 449 596 2018 671; baseline 0.004 -23"><span class='ocrx_word' id='word_1_41' title='bbox 449 596 577 650; x_wconf 88' lang='lat' dir='ltr'><strong>dum</strong></span> <span class='ocrx_word' id='word_1_42' title='bbox 604 597 965 665; x_wconf 76' lang='lat' dir='ltr'><strong>amplectatur</strong></span> <span class='ocrx_word' id='word_1_43' title='bbox 1013 596 1301 664; x_wconf 85' lang='lat' dir='ltr'><strong>ingenuam</strong></span> <span class='ocrx_word' id='word_1_44' title='bbox 1354 600 1683 667; x_wconf 89' lang='lat' dir='ltr'><strong>scriptorum</strong></span> <span class='ocrx_word' id='word_1_45' title='bbox 1740 600 2018 671; x_wconf 82' lang='lat' dir='ltr'><strong>Evangelii</strong></span> 
     </span>
    </p>
   </div>
   <div class='ocr_carea' id='block_1_9' title="bbox 451 685 2015 759">
    <p class='ocr_par' dir='ltr' id='par_1_9' title="bbox 451 685 2015 759">
     <span class='ocr_line' id='line_1_9' title="bbox 451 685 2015 759; baseline 0.003 -18"><span class='ocrx_word' id='word_1_46' title='bbox 451 689 844 752; x_wconf 77' lang='lat' dir='ltr'><strong>sinceritatem,</strong></span> <span class='ocrx_word' id='word_1_47' title='bbox 894 685 1008 755; x_wconf 87' lang='lat' dir='ltr'><strong>qui,</strong></span> <span class='ocrx_word' id='word_1_48' title='bbox 1066 700 1188 740; x_wconf 90' lang='lat' dir='ltr'><strong>cum</strong></span> <span class='ocrx_word' id='word_1_49' title='bbox 1223 698 1447 756; x_wconf 89' lang='lat' dir='ltr'><strong>possent</strong></span> <span class='ocrx_word' id='word_1_50' title='bbox 1481 689 1697 745; x_wconf 91' lang='lat' dir='ltr'><strong>silentio</strong></span> <span class='ocrx_word' id='word_1_51' title='bbox 1748 707 2015 759; x_wconf 85' lang='lat' dir='ltr'><strong>premere,</strong></span> 
     </span>
    </p>
   </div>
   <div class='ocr_carea' id='block_1_10' title="bbox 448 774 2013 849">
    <p class='ocr_par' dir='ltr' id='par_1_10' title="bbox 448 774 2013 849">
     <span class='ocr_line' id='line_1_10' title="bbox 448 774 2013 849; baseline 0.005 -22"><span class='ocrx_word' id='word_1_52' title='bbox 448 792 589 843; x_wconf 76' lang='lat' dir='ltr'><strong>quae,</strong></span> <span class='ocrx_word' id='word_1_53' title='bbox 609 774 865 828; x_wconf 91' lang='lat' dir='ltr'><strong>utCelsus</strong></span> <span class='ocrx_word' id='word_1_54' title='bbox 880 782 1053 843; x_wconf 90' lang='lat' dir='ltr'><strong>putat,</strong></span> <span class='ocrx_word' id='word_1_55' title='bbox 1082 777 1367 829; x_wconf 86' lang='lat' dir='ltr'><strong>accusandi</strong></span> <span class='ocrx_word' id='word_1_56' title='bbox 1392 792 1578 831; x_wconf 91' lang='lat' dir='ltr'><strong>ansam</strong></span> <span class='ocrx_word' id='word_1_57' title='bbox 1599 783 1840 849; x_wconf 62' lang='lat' dir='ltr'><strong>praebent</strong></span> <span class='ocrx_word' id='word_1_58' title='bbox 1858 821 1873 846; x_wconf 90' lang='lat'><strong>,</strong></span> <span class='ocrx_word' id='word_1_59' title='bbox 1908 798 2013 835; x_wconf 92' lang='lat' dir='ltr'><strong>non</strong></span> 
     </span>
    </p>
   </div>
   <div class='ocr_carea' id='block_1_11' title="bbox 444 864 2011 940">
    <p class='ocr_par' dir='ltr' id='par_1_11' title="bbox 444 864 2011 940">
     <span class='ocr_line' id='line_1_11' title="bbox 444 864 2011 940; baseline 0.004 -20"><span class='ocrx_word' id='word_1_60' title='bbox 444 881 505 920; x_wconf 90' lang='lat' dir='ltr'><strong>ca</strong></span> <span class='ocrx_word' id='word_1_61' title='bbox 535 875 710 919; x_wconf 88' lang='lat' dir='ltr'><strong>tamen</strong></span> <span class='ocrx_word' id='word_1_62' title='bbox 759 865 1025 919; x_wconf 85' lang='lat' dir='ltr'><strong>siluerunt</strong></span> <span class='ocrx_word' id='word_1_63' title='bbox 1065 864 1251 921; x_wconf 92' lang='lat' dir='ltr'><strong>multis</strong></span> <span class='ocrx_word' id='word_1_64' title='bbox 1275 867 1339 921; x_wconf 92' lang='lat' dir='ltr'><strong>de</strong></span> <span class='ocrx_word' id='word_1_65' title='bbox 1358 871 1537 923; x_wconf 87' lang='lat' dir='ltr'><strong>causis</strong></span> <span class='ocrx_word' id='word_1_66' title='bbox 1561 886 1694 938; x_wconf 89' lang='lat' dir='ltr'><strong>quas</strong></span> <span class='ocrx_word' id='word_1_67' title='bbox 1725 872 1922 940; x_wconf 91' lang='lat' dir='ltr'><strong>aliquis</strong></span> <span class='ocrx_word' id='word_1_68' title='bbox 1959 874 2011 927; x_wconf 94' lang='lat' dir='ltr'><strong>in</strong></span> 
     </span>
    </p>
   </div>
   <div class='ocr_carea' id='block_1_12' title="bbox 442 954 2008 1030">
    <p class='ocr_par' dir='ltr' id='par_1_12' title="bbox 442 954 2008 1030">
     <span class='ocr_line' id='line_1_12' title="bbox 442 954 2008 1030; baseline 0.005 -20"><span class='ocrx_word' id='word_1_69' title='bbox 442 956 762 1025; x_wconf 90' lang='lat' dir='ltr'><strong>explicando</strong></span> <span class='ocrx_word' id='word_1_70' title='bbox 789 954 1087 1024; x_wconf 83' lang='lat' dir='ltr'><strong>Evangelio</strong></span> <span class='ocrx_word' id='word_1_71' title='bbox 1114 966 1422 1025; x_wconf 87' lang='lat' dir='ltr'><strong>opportune</strong></span> <span class='ocrx_word' id='word_1_72' title='bbox 1462 960 1685 1025; x_wconf 82' lang='lat' dir='ltr'><strong>reddet;</strong></span> <span class='ocrx_word' id='word_1_73' title='bbox 1722 976 1841 1030; x_wconf 73' lang='lat' dir='ltr'><strong>qua:</strong></span> <span class='ocrx_word' id='word_1_74' title='bbox 1871 964 2008 1018; x_wconf 87' lang='lat' dir='ltr'><strong>scri-</strong></span> 
     </span>
    </p>
   </div>
   <div class='ocr_carea' id='block_1_13' title="bbox 2122 422 3712 509">
    <p class='ocr_par' dir='ltr' id='par_1_13' title="bbox 2122 422 3712 509">
     <span class='ocr_line' id='line_1_13' title="bbox 2122 422 3712 509; baseline 0.009 -31"><span class='ocrx_word' id='word_1_75' title='bbox 2122 422 2192 477; x_wconf 82' lang='grc' dir='ltr'><strong><em>Ὦ</em></strong></span> <span class='ocrx_word' id='word_1_76' title='bbox 2205 428 2404 500; x_wconf 80' lang='grc' dir='ltr'><strong>Πάτερ,</strong></span> <span class='ocrx_word' id='word_1_77' title='bbox 2422 433 2468 483; x_wconf 87' lang='grc' dir='ltr'><strong>εί</strong></span> <span class='ocrx_word' id='word_1_78' title='bbox 2480 431 2696 486; x_wconf 88' lang='grc' dir='ltr'>δύναται</span> <span class='ocrx_word' id='word_1_79' title='bbox 2711 434 2770 487; x_wconf 84' lang='grc' dir='ltr'><strong>τὸ</strong></span> <span class='ocrx_word' id='word_1_80' title='bbox 2786 437 3039 506; x_wconf 85' lang='grc' dir='ltr'>ποτήριον</span> <span class='ocrx_word' id='word_1_81' title='bbox 3054 437 3211 489; x_wconf 87' lang='grc' dir='ltr'>τοῦτο</span> <span class='ocrx_word' id='word_1_82' title='bbox 3224 438 3511 509; x_wconf 84' lang='grc' dir='ltr'>παρελθεῖν</span> <span class='ocrx_word' id='word_1_83' title='bbox 3525 440 3650 509; x_wconf 73' lang='grc'><strong>(54)</strong></span> <span class='ocrx_word' id='word_1_84' title='bbox 3661 481 3673 492; x_wconf 96' lang='grc'><em>.</em></span> <span class='ocrx_word' id='word_1_85' title='bbox 3692 461 3712 492; x_wconf 74' lang='grc' dir='ltr'><strong>ι</strong></span> 
     </span>
    </p>
   </div>
   <div class='ocr_carea' id='block_1_14' title="bbox 2123 520 3715 600">
    <p class='ocr_par' dir='ltr' id='par_1_14' title="bbox 2123 520 3715 600">
     <span class='ocr_line' id='line_1_14' title="bbox 2123 520 3715 600; baseline 0.007 -30"><span class='ocrx_word' id='word_1_86' title='bbox 2123 520 2231 571; x_wconf 82' lang='grc' dir='ltr'><strong>Καὶ</strong></span> <span class='ocrx_word' id='word_1_87' title='bbox 2270 522 2327 573; x_wconf 93' lang='lat' dir='ltr'><strong>tv</strong></span> <span class='ocrx_word' id='word_1_88' title='bbox 2357 521 2569 586; x_wconf 75' lang='grc' dir='ltr'><strong>τούτοις</strong></span> <span class='ocrx_word' id='word_1_89' title='bbox 2608 524 2663 577; x_wconf 84' lang='grc' dir='ltr'>δὲ</span> <span class='ocrx_word' id='word_1_90' title='bbox 2712 526 2814 597; x_wconf 80' lang='grc' dir='ltr'><strong>ὅρα</strong></span> <span class='ocrx_word' id='word_1_91' title='bbox 2847 527 2906 578; x_wconf 88' lang='grc' dir='ltr'>τὸ</span> <span class='ocrx_word' id='word_1_92' title='bbox 2942 526 3033 578; x_wconf 90' lang='grc' dir='ltr'><strong>τοῦ</strong></span> <span class='ocrx_word' id='word_1_93' title='bbox 3088 528 3295 580; x_wconf 84' lang='grc' dir='ltr'>Κέλσου</span> <span class='ocrx_word' id='word_1_94' title='bbox 3348 529 3715 600; x_wconf 79' lang='grc' dir='ltr'>κακοῦργον,</span> 
     </span>
    </p>
   </div>
   <div class='ocr_carea' id='block_1_15' title="bbox 2118 611 3712 690">
    <p class='ocr_par' dir='ltr' id='par_1_15' title="bbox 2118 611 3712 690">
     <span class='ocr_line' id='line_1_15' title="bbox 2118 611 3712 690; baseline 0.008 -29"><span class='ocrx_word' id='word_1_95' title='bbox 2118 611 2219 675; x_wconf 85' lang='grc' dir='ltr'>ὅτι,</span> <span class='ocrx_word' id='word_1_96' title='bbox 2251 612 2324 683; x_wconf 83' lang='grc' dir='ltr'>μὴ</span> <span class='ocrx_word' id='word_1_97' title='bbox 2356 614 2757 684; x_wconf 81' lang='grc' dir='ltr'><strong>ἀποδεξάμενος</strong></span> <span class='ocrx_word' id='word_1_98' title='bbox 2781 616 2839 668; x_wconf 85' lang='grc' dir='ltr'>τὸ</span> <span class='ocrx_word' id='word_1_99' title='bbox 2874 616 3166 685; x_wconf 80' lang='grc' dir='ltr'>φιλάληθες</span> <span class='ocrx_word' id='word_1_100' title='bbox 3192 618 3303 673; x_wconf 83' lang='grc' dir='ltr'><strong>τῶν</strong></span> <span class='ocrx_word' id='word_1_101' title='bbox 3338 620 3712 690; x_wconf 77' lang='grc' dir='ltr'>ἀναγραψάν-</span> 
     </span>
    </p>
   </div>
   <div class='ocr_carea' id='block_1_16' title="bbox 2116 704 3710 778">
    <p class='ocr_par' dir='ltr' id='par_1_16' title="bbox 2116 704 3710 778">
     <span class='ocr_line' id='line_1_16' title="bbox 2116 704 3710 778; baseline 0.005 -24"><span class='ocrx_word' id='word_1_102' title='bbox 2116 718 2222 756; x_wconf 89' lang='grc' dir='ltr'><strong>των</strong></span> <span class='ocrx_word' id='word_1_103' title='bbox 2246 704 2313 756; x_wconf 88' lang='grc' dir='ltr'><strong>τά</strong></span> <span class='ocrx_word' id='word_1_104' title='bbox 2331 705 2637 772; x_wconf 88' lang='grc' dir='ltr'>Εὐαγγέλια</span> <span class='ocrx_word' id='word_1_105' title='bbox 2664 706 3000 776; x_wconf 82' lang='grc' dir='ltr'><strong>δυνηθέντων</strong></span> <span class='ocrx_word' id='word_1_106' title='bbox 3020 709 3116 777; x_wconf 82' lang='grc' dir='ltr'><strong>μὲν</strong></span> <span class='ocrx_word' id='word_1_107' title='bbox 3144 709 3583 778; x_wconf 80' lang='grc' dir='ltr'>παρασιωπῆσαι</span> <span class='ocrx_word' id='word_1_108' title='bbox 3612 709 3710 772; x_wconf 83' lang='grc' dir='ltr'><strong>τά,</strong></span> 
     </span>
    </p>
   </div>
   <div class='ocr_carea' id='block_1_17' title="bbox 2115 793 3713 870">
    <p class='ocr_par' dir='ltr' id='par_1_17' title="bbox 2115 793 3713 870">
     <span class='ocr_line' id='line_1_17' title="bbox 2115 793 3713 870; baseline 0.006 -26"><span class='ocrx_word' id='word_1_109' title='bbox 2115 793 2193 856; x_wconf 86' lang='grc' dir='ltr'>ὡς</span> <span class='ocrx_word' id='word_1_110' title='bbox 2226 794 2432 858; x_wconf 83' lang='grc' dir='ltr'>Κέλσος</span> <span class='ocrx_word' id='word_1_111' title='bbox 2476 797 2667 859; x_wconf 77' lang='grc' dir='ltr'>οἴεται,</span> <span class='ocrx_word' id='word_1_112' title='bbox 2711 797 2967 867; x_wconf 76' lang='grc' dir='ltr'>ἑγκλητα,</span> <span class='ocrx_word' id='word_1_113' title='bbox 3004 799 3065 850; x_wconf 92' lang='grc' dir='ltr'><strong>οὐ</strong></span> <span class='ocrx_word' id='word_1_114' title='bbox 3096 800 3488 870; x_wconf 79' lang='grc' dir='ltr'>σιωπησάντων</span> <span class='ocrx_word' id='word_1_115' title='bbox 3524 800 3588 853; x_wconf 80' lang='grc' dir='ltr'>δὲ</span> <span class='ocrx_word' id='word_1_116' title='bbox 3616 800 3713 854; x_wconf 83' lang='grc' dir='ltr'><strong>διά</strong></span> 
     </span>
    </p>
   </div>
   <div class='ocr_carea' id='block_1_18' title="bbox 2114 882 3707 958">
    <p class='ocr_par' dir='ltr' id='par_1_18' title="bbox 2114 882 3707 958">
     <span class='ocr_line' id='line_1_18' title="bbox 2114 882 3707 958; baseline 0.006 -25"><span class='ocrx_word' id='word_1_117' title='bbox 2114 882 2340 947; x_wconf 86' lang='grc' dir='ltr'>πολλοὺς</span> <span class='ocrx_word' id='word_1_118' title='bbox 2352 884 2561 953; x_wconf 83' lang='grc' dir='ltr'><strong>λόγους,</strong></span> <span class='ocrx_word' id='word_1_119' title='bbox 2586 886 2679 949; x_wconf 79' lang='grc' dir='ltr'><strong>οὒς</strong></span> <span class='ocrx_word' id='word_1_120' title='bbox 2702 888 2758 939; x_wconf 90' lang='lat' dir='ltr'><strong>tv</strong></span> <span class='ocrx_word' id='word_1_121' title='bbox 2780 887 2955 957; x_wconf 88' lang='grc' dir='ltr'>καιρῷ</span> <span class='ocrx_word' id='word_1_122' title='bbox 2970 905 3053 950; x_wconf 90' lang='grc' dir='ltr'><strong>τις</strong></span> <span class='ocrx_word' id='word_1_123' title='bbox 3070 888 3340 942; x_wconf 86' lang='grc' dir='ltr'>ἀποδώσει</span> <span class='ocrx_word' id='word_1_124' title='bbox 3358 890 3418 942; x_wconf 79' lang='grc' dir='ltr'>τὸ</span> <span class='ocrx_word' id='word_1_125' title='bbox 3444 891 3707 958; x_wconf 86' lang='grc' dir='ltr'>Εὐαγγέ-</span> 
     </span>
    </p>
   </div>
   <div class='ocr_carea' id='block_1_19' title="bbox 2111 972 3705 1049">
    <p class='ocr_par' dir='ltr' id='par_1_19' title="bbox 2111 972 3705 1049">
     <span class='ocr_line' id='line_1_19' title="bbox 2111 972 3705 1049; baseline 0.006 -25"><span class='ocrx_word' id='word_1_126' title='bbox 2111 972 2222 1027; x_wconf 91' lang='grc' dir='ltr'>λιον</span> <span class='ocrx_word' id='word_1_127' title='bbox 2244 975 2615 1046; x_wconf 88' lang='grc' dir='ltr'>διηγούμενος,</span> <span class='ocrx_word' id='word_1_128' title='bbox 2638 980 2933 1047; x_wconf 87' lang='grc' dir='ltr'>κατηγορεῖ</span> <span class='ocrx_word' id='word_1_129' title='bbox 2951 979 3049 1048; x_wconf 85' lang='grc' dir='ltr'><strong>τῆς</strong></span> <span class='ocrx_word' id='word_1_130' title='bbox 3074 979 3436 1049; x_wconf 84' lang='grc' dir='ltr'>εὐαγγελικῆς</span> <span class='ocrx_word' id='word_1_131' title='bbox 3470 980 3705 1047; x_wconf 80' lang='grc' dir='ltr'>λέξεως,</span> 
     </span>
    </p>
   </div>
   <div class='ocr_carea' id='block_1_20' title="bbox 438 1047 1993 1141">
    <p class='ocr_par' dir='ltr' id='par_1_20' title="bbox 438 1047 1993 1117">
     <span class='ocr_line' id='line_1_20' title="bbox 438 1047 1993 1117; baseline 0.005 -16"><span class='ocrx_word' id='word_1_132' title='bbox 438 1056 663 1117; x_wconf 92' lang='lat' dir='ltr'><strong>pserunt</strong></span> <span class='ocrx_word' id='word_1_133' title='bbox 697 1048 748 1100; x_wconf 93' lang='lat' dir='ltr'><strong>in</strong></span> <span class='ocrx_word' id='word_1_134' title='bbox 782 1047 984 1101; x_wconf 88' lang='lat' dir='ltr'><strong>crimen</strong></span> <span class='ocrx_word' id='word_1_135' title='bbox 1014 1056 1193 1111; x_wconf 88' lang='lat' dir='ltr'><strong>vocat,</strong></span> <span class='ocrx_word' id='word_1_136' title='bbox 1220 1056 1297 1112; x_wconf 89' lang='lat' dir='ltr'><strong>et,</strong></span> <span class='ocrx_word' id='word_1_137' title='bbox 1325 1058 1383 1103; x_wconf 91' lang='lat' dir='ltr'><strong>ut</strong></span> <span class='ocrx_word' id='word_1_138' title='bbox 1419 1050 1802 1109; x_wconf 89' lang='lat' dir='ltr'><strong>declamitandi</strong></span> <span class='ocrx_word' id='word_1_139' title='bbox 1832 1055 1993 1111; x_wconf 85' lang='lat' dir='ltr'><strong>locurr</strong></span> 
     </span>
    </p>
   </div>
   <div class='ocr_carea' id='block_1_21' title="bbox 2097 1047 3700 1141">
    <p class='ocr_par' dir='ltr' id='par_1_21' title="bbox 2111 1047 3700 1141">
     <span class='ocr_line' id='line_1_21' title="bbox 2111 1047 3700 1141; baseline 0.003 -22"><span class='ocrx_word' id='word_1_140' title='bbox 2111 1067 2609 1137; x_wconf 86' lang='grc' dir='ltr'>προσεκτραγῳδῶν</span> <span class='ocrx_word' id='word_1_141' title='bbox 2641 1068 2735 1120; x_wconf 78' lang='grc' dir='ltr'><strong>καὶ</strong></span> <span class='ocrx_word' id='word_1_142' title='bbox 2762 1069 2930 1130; x_wconf 73' lang='grc' dir='ltr'>τιθεὶς</span> <span class='ocrx_word' id='word_1_143' title='bbox 2964 1047 3038 1139; x_wconf 71' lang='grc' dir='ltr'>μὴ</span> <span class='ocrx_word' id='word_1_144' title='bbox 3069 1068 3135 1121; x_wconf 84' lang='grc' dir='ltr'>τὰ</span> <span class='ocrx_word' id='word_1_145' title='bbox 3187 1047 3700 1141; x_wconf 80' lang='grc' dir='ltr'>ἀναγεγραμμένα·</span> 
     </span>
    </p>
   </div>
   <div class='ocr_carea' id='block_1_22' title="bbox 437 1141 1993 1226">
    <p class='ocr_par' dir='ltr' id='par_1_22' title="bbox 437 1141 1993 1212">
     <span class='ocr_line' id='line_1_22' title="bbox 437 1141 1993 1212; baseline 0.005 -18"><span class='ocrx_word' id='word_1_146' title='bbox 437 1141 658 1205; x_wconf 82' lang='lat' dir='ltr'><strong>habeat,</strong></span> <span class='ocrx_word' id='word_1_147' title='bbox 709 1155 828 1209; x_wconf 74' lang='lat' dir='ltr'><strong>qua:</strong></span> <span class='ocrx_word' id='word_1_148' title='bbox 861 1156 968 1195; x_wconf 91' lang='lat' dir='ltr'><strong>non</strong></span> <span class='ocrx_word' id='word_1_149' title='bbox 1015 1142 1354 1209; x_wconf 87' lang='lat' dir='ltr'><strong>scripserunt</strong></span> <span class='ocrx_word' id='word_1_150' title='bbox 1402 1146 1682 1212; x_wconf 90' lang='lat' dir='ltr'><strong>pr0ponit.</strong></span> <span class='ocrx_word' id='word_1_151' title='bbox 1714 1145 1829 1200; x_wconf 88' lang='lat' dir='ltr'><strong>Non</strong></span> <span class='ocrx_word' id='word_1_152' title='bbox 1864 1150 1993 1202; x_wconf 86' lang='lat' dir='ltr'><strong>enitr</strong></span> 
     </span>
    </p>
   </div>
   <div class='ocr_carea' id='block_1_23' title="bbox 2097 1141 3704 1226">
    <p class='ocr_par' dir='ltr' id='par_1_23' title="bbox 2108 1153 3704 1226">
     <span class='ocr_line' id='line_1_23' title="bbox 2108 1153 3704 1226; baseline 0 -20"><span class='ocrx_word' id='word_1_153' title='bbox 2108 1155 2169 1207; x_wconf 91' lang='grc' dir='ltr'><strong>οὐ</strong></span> <span class='ocrx_word' id='word_1_154' title='bbox 2204 1154 2309 1226; x_wconf 83' lang='grc' dir='ltr'><strong>γὰρ</strong></span> <span class='ocrx_word' id='word_1_155' title='bbox 2338 1154 2646 1224; x_wconf 83' lang='grc' dir='ltr'>εὑρίσκεται</span> <span class='ocrx_word' id='word_1_156' title='bbox 2683 1154 2847 1217; x_wconf 83' lang='grc' dir='ltr'><strong>πῶςὸ</strong></span> <span class='ocrx_word' id='word_1_157' title='bbox 2875 1154 3082 1225; x_wconf 75' lang='grc' dir='ltr'>Ἰησοῦς</span> <span class='ocrx_word' id='word_1_158' title='bbox 3126 1153 3395 1225; x_wconf 82' lang='grc' dir='ltr'>ὀδύρεται.</span> <span class='ocrx_word' id='word_1_159' title='bbox 3438 1156 3556 1206; x_wconf 71' lang='grc' dir='ltr'><strong>Καὶ</strong></span> <span class='ocrx_word' id='word_1_160' title='bbox 3594 1172 3704 1206; x_wconf 88' lang='grc' dir='ltr'>πα-</span> 
     </span>
    </p>
   </div>
   <div class='ocr_carea' id='block_1_24' title="bbox 438 1231 1993 1315">
    <p class='ocr_par' dir='ltr' id='par_1_24' title="bbox 438 1231 1993 1307">
     <span class='ocr_line' id='line_1_24' title="bbox 438 1231 1993 1307; baseline 0.005 -23"><span class='ocrx_word' id='word_1_161' title='bbox 438 1232 702 1300; x_wconf 88' lang='lat' dir='ltr'><strong>scriptum</strong></span> <span class='ocrx_word' id='word_1_162' title='bbox 776 1231 1068 1286; x_wconf 81' lang='lat' dir='ltr'><strong>invenitur‘</strong></span> <span class='ocrx_word' id='word_1_163' title='bbox 1096 1233 1304 1288; x_wconf 79' lang='lat' dir='ltr'><strong>luxisse</strong></span> <span class='ocrx_word' id='word_1_164' title='bbox 1348 1233 1550 1289; x_wconf 87' lang='lat' dir='ltr'><strong>Jesum.</strong></span> <span class='ocrx_word' id='word_1_165' title='bbox 1583 1237 1661 1291; x_wconf 85' lang='lat' dir='ltr'><strong>Ac</strong></span> <span class='ocrx_word' id='word_1_166' title='bbox 1692 1236 1849 1291; x_wconf 82' lang='lat' dir='ltr'><strong>all‘ert</strong></span> <span class='ocrx_word' id='word_1_167' title='bbox 1885 1241 1993 1307; x_wconf 88' lang='lat' dir='ltr'><strong>qui-</strong></span> 
     </span>
    </p>
   </div>
   <div class='ocr_carea' id='block_1_25' title="bbox 2097 1231 3705 1315">
    <p class='ocr_par' dir='ltr' id='par_1_25' title="bbox 2109 1243 3705 1315">
     <span class='ocr_line' id='line_1_25' title="bbox 2109 1243 3705 1315; baseline 0.001 -20"><span class='ocrx_word' id='word_1_168' title='bbox 2109 1243 2372 1313; x_wconf 80' lang='grc' dir='ltr'>ραφράζει</span> <span class='ocrx_word' id='word_1_169' title='bbox 2406 1244 2502 1313; x_wconf 86' lang='grc' dir='ltr'><strong>μὲν</strong></span> <span class='ocrx_word' id='word_1_170' title='bbox 2522 1245 2603 1307; x_wconf 85' lang='grc' dir='ltr'><strong>τὸ,</strong></span> <span class='ocrx_word' id='word_1_171' title='bbox 2628 1264 2645 1294; x_wconf 78' lang='grc' dir='ltr'><strong>ι</strong></span> <span class='ocrx_word' id='word_1_172' title='bbox 2671 1245 2870 1315; x_wconf 82' lang='grc' dir='ltr'>Πάτερ,</span> <span class='ocrx_word' id='word_1_173' title='bbox 2890 1246 2937 1296; x_wconf 85' lang='grc' dir='ltr'><strong>εί</strong></span> <span class='ocrx_word' id='word_1_174' title='bbox 2966 1244 3188 1297; x_wconf 87' lang='grc' dir='ltr'>δυνατόν</span> <span class='ocrx_word' id='word_1_175' title='bbox 3203 1246 3339 1307; x_wconf 82' lang='grc' dir='ltr'>ὲστι,</span> <span class='ocrx_word' id='word_1_176' title='bbox 3369 1243 3705 1314; x_wconf 83' lang='grc' dir='ltr'>παρελθέτω</span> 
     </span>
    </p>
   </div>
   <div class='ocr_carea' id='block_1_26' title="bbox 437 1323 1993 1404">
    <p class='ocr_par' dir='ltr' id='par_1_26' title="bbox 437 1323 1993 1395">
     <span class='ocr_line' id='line_1_26' title="bbox 437 1323 1993 1395; baseline 0.004 -19"><span class='ocrx_word' id='word_1_177' title='bbox 437 1325 559 1377; x_wconf 92' lang='lat' dir='ltr'><strong>dem</strong></span> <span class='ocrx_word' id='word_1_178' title='bbox 593 1323 723 1376; x_wconf 92' lang='lat' dir='ltr'><strong>licet</strong></span> <span class='ocrx_word' id='word_1_179' title='bbox 746 1323 926 1377; x_wconf 81' lang='lat' dir='ltr'><strong>verbis</strong></span> <span class='ocrx_word' id='word_1_180' title='bbox 954 1324 1231 1392; x_wconf 88' lang='lat' dir='ltr'><strong>paululum</strong></span> <span class='ocrx_word' id='word_1_181' title='bbox 1263 1325 1495 1380; x_wconf 89' lang='lat' dir='ltr'><strong>diversis</strong></span> <span class='ocrx_word' id='word_1_182' title='bbox 1534 1327 1678 1382; x_wconf 85' lang='lat' dir='ltr'><strong>istud</strong></span> <span class='ocrx_word' id='word_1_183' title='bbox 1714 1344 1730 1382; x_wconf 88' lang='lat'><strong>:</strong></span> <span class='ocrx_word' id='word_1_184' title='bbox 1771 1346 1791 1380; x_wconf 76' lang='grc' dir='ltr'><strong>ι</strong></span> <span class='ocrx_word' id='word_1_185' title='bbox 1820 1329 1993 1395; x_wconf 82' lang='lat' dir='ltr'><strong>Pater,</strong></span> 
     </span>
    </p>
   </div>
   <div class='ocr_carea' id='block_1_27' title="bbox 2097 1323 3702 1404">
    <p class='ocr_par' dir='ltr' id='par_1_27' title="bbox 2105 1333 3702 1404">
     <span class='ocr_line' id='line_1_27' title="bbox 2105 1333 3702 1404; baseline 0 -19"><span class='ocrx_word' id='word_1_186' title='bbox 2105 1334 2165 1386; x_wconf 81' lang='grc' dir='ltr'><strong>τὸ</strong></span> <span class='ocrx_word' id='word_1_187' title='bbox 2177 1336 2430 1404; x_wconf 85' lang='grc' dir='ltr'>ποτήριον</span> <span class='ocrx_word' id='word_1_188' title='bbox 2452 1333 2625 1387; x_wconf 80' lang='grc' dir='ltr'>τοῦτο’</span> <span class='ocrx_word' id='word_1_189' title='bbox 2643 1354 2659 1385; x_wconf 76' lang='grc' dir='ltr'><strong>ι</strong></span> <span class='ocrx_word' id='word_1_190' title='bbox 2682 1335 2861 1387; x_wconf 87' lang='grc' dir='ltr'>οὐκέτι</span> <span class='ocrx_word' id='word_1_191' title='bbox 2876 1334 2932 1387; x_wconf 85' lang='grc' dir='ltr'>δὲ</span> <span class='ocrx_word' id='word_1_192' title='bbox 2962 1334 3056 1387; x_wconf 76' lang='grc' dir='ltr'>καὶ</span> <span class='ocrx_word' id='word_1_193' title='bbox 3078 1334 3138 1386; x_wconf 80' lang='grc' dir='ltr'>τὸ</span> <span class='ocrx_word' id='word_1_194' title='bbox 3168 1334 3391 1386; x_wconf 82' lang='grc' dir='ltr'>αὐτόθεν</span> <span class='ocrx_word' id='word_1_195' title='bbox 3422 1334 3702 1403; x_wconf 79' lang='grc' dir='ltr'>ἐμφαῖνον</span> 
     </span>
    </p>
   </div>
   <div class='ocr_carea' id='block_1_28' title="bbox 433 1414 1993 1497">
    <p class='ocr_par' dir='ltr' id='par_1_28' title="bbox 433 1414 1993 1489">
     <span class='ocr_line' id='line_1_28' title="bbox 433 1414 1993 1489; baseline 0.004 -21"><span class='ocrx_word' id='word_1_196' title='bbox 433 1416 478 1468; x_wconf 89' lang='lat' dir='ltr'><strong>si</strong></span> <span class='ocrx_word' id='word_1_197' title='bbox 528 1414 785 1483; x_wconf 86' lang='lat' dir='ltr'><strong>possibile</strong></span> <span class='ocrx_word' id='word_1_198' title='bbox 813 1423 917 1479; x_wconf 90' lang='lat' dir='ltr'><strong>est,</strong></span> <span class='ocrx_word' id='word_1_199' title='bbox 951 1423 1193 1470; x_wconf 85' lang='lat' dir='ltr'><strong>transeat</strong></span> <span class='ocrx_word' id='word_1_200' title='bbox 1223 1416 1361 1469; x_wconf 83' lang='lat' dir='ltr'><strong>calix</strong></span> <span class='ocrx_word' id='word_1_201' title='bbox 1403 1418 1542 1483; x_wconf 85' lang='lat' dir='ltr'><strong>iste;</strong></span> <span class='ocrx_word' id='word_1_202' title='bbox 1580 1437 1600 1471; x_wconf 75' lang='grc' dir='ltr'><strong>ι</strong></span> <span class='ocrx_word' id='word_1_203' title='bbox 1637 1421 1993 1489; x_wconf 60' lang='lat' dir='ltr'><strong>praetermittit</strong></span> 
     </span>
    </p>
   </div>
   <div class='ocr_carea' id='block_1_29' title="bbox 2097 1414 3696 1497">
    <p class='ocr_par' dir='ltr' id='par_1_29' title="bbox 2103 1424 3696 1497">
     <span class='ocr_line' id='line_1_29' title="bbox 2103 1424 3696 1497; baseline -0.002 -19"><span class='ocrx_word' id='word_1_204' title='bbox 2103 1426 2201 1496; x_wconf 82' lang='grc' dir='ltr'>τὴν</span> <span class='ocrx_word' id='word_1_205' title='bbox 2235 1426 2368 1496; x_wconf 80' lang='grc' dir='ltr'>πρὸς</span> <span class='ocrx_word' id='word_1_206' title='bbox 2398 1427 2485 1479; x_wconf 77' lang='grc' dir='ltr'><strong>τὸν</strong></span> <span class='ocrx_word' id='word_1_207' title='bbox 2502 1426 2718 1497; x_wconf 88' lang='grc' dir='ltr'>Πατέρα</span> <span class='ocrx_word' id='word_1_208' title='bbox 2746 1426 3024 1479; x_wconf 74' lang='grc' dir='ltr'>εὐσέϐειαν</span> <span class='ocrx_word' id='word_1_209' title='bbox 3046 1425 3211 1478; x_wconf 84' lang='grc' dir='ltr'>αὐτοῦ</span> <span class='ocrx_word' id='word_1_210' title='bbox 3252 1426 3346 1477; x_wconf 68' lang='grc' dir='ltr'>καὶ</span> <span class='ocrx_word' id='word_1_211' title='bbox 3368 1424 3696 1494; x_wconf 77' lang='grc' dir='ltr'>μεγαλοψυ-</span> 
     </span>
    </p>
   </div>
   <div class='ocr_carea' id='block_1_30' title="bbox 433 1504 1993 1587">
    <p class='ocr_par' dir='ltr' id='par_1_30' title="bbox 433 1504 1993 1578">
     <span class='ocr_line' id='line_1_30' title="bbox 433 1504 1993 1578; baseline 0.005 -21"><span class='ocrx_word' id='word_1_212' title='bbox 433 1514 615 1559; x_wconf 88' lang='lat' dir='ltr'><strong>autem</strong></span> <span class='ocrx_word' id='word_1_213' title='bbox 645 1504 787 1573; x_wconf 88' lang='lat' dir='ltr'><strong>quod</strong></span> <span class='ocrx_word' id='word_1_214' title='bbox 817 1505 1067 1573; x_wconf 84' lang='lat' dir='ltr'><strong>proxime</strong></span> <span class='ocrx_word' id='word_1_215' title='bbox 1097 1507 1360 1573; x_wconf 88' lang='lat' dir='ltr'><strong>sequitur,</strong></span> <span class='ocrx_word' id='word_1_216' title='bbox 1390 1515 1443 1561; x_wconf 95' lang='lat' dir='ltr'><strong>et</strong></span> <span class='ocrx_word' id='word_1_217' title='bbox 1464 1522 1529 1561; x_wconf 90' lang='lat' dir='ltr'><strong>ex</strong></span> <span class='ocrx_word' id='word_1_218' title='bbox 1556 1524 1661 1578; x_wconf 86' lang='lat' dir='ltr'><strong>quo</strong></span> <span class='ocrx_word' id='word_1_219' title='bbox 1679 1511 1851 1578; x_wconf 87' lang='lat' dir='ltr'><strong>pietas</strong></span> <span class='ocrx_word' id='word_1_220' title='bbox 1873 1511 1993 1566; x_wconf 85' lang='lat' dir='ltr'><strong>Jesu</strong></span> 
     </span>
    </p>
   </div>
   <div class='ocr_carea' id='block_1_31' title="bbox 2097 1504 3694 1587">
    <p class='ocr_par' dir='ltr' id='par_1_31' title="bbox 2103 1512 3694 1587">
     <span class='ocr_line' id='line_1_31' title="bbox 2103 1512 3694 1587; baseline -0.003 -19"><span class='ocrx_word' id='word_1_221' title='bbox 2103 1517 2246 1585; x_wconf 89' lang='grc' dir='ltr'>χίαν,</span> <span class='ocrx_word' id='word_1_222' title='bbox 2295 1516 2420 1587; x_wconf 80' lang='grc' dir='ltr'>ἑξῆς</span> <span class='ocrx_word' id='word_1_223' title='bbox 2440 1516 2612 1587; x_wconf 84' lang='grc' dir='ltr'>τούτῳ</span> <span class='ocrx_word' id='word_1_224' title='bbox 2638 1516 2749 1587; x_wconf 82' lang='lat'><strong>(55)</strong></span> <span class='ocrx_word' id='word_1_225' title='bbox 2784 1514 3268 1586; x_wconf 82' lang='grc' dir='ltr'>ἀναγεγραμμένον</span> <span class='ocrx_word' id='word_1_226' title='bbox 3300 1512 3694 1584; x_wconf 80' lang='grc' dir='ltr'>παρατίθεται,</span> 
     </span>
    </p>
   </div>
   <div class='ocr_carea' id='block_1_32' title="bbox 433 1596 1998 1666">
    <p class='ocr_par' dir='ltr' id='par_1_32' title="bbox 433 1596 1998 1666">
     <span class='ocr_line' id='line_1_32' title="bbox 433 1596 1998 1666; baseline 0.003 -14"><span class='ocrx_word' id='word_1_227' title='bbox 433 1613 563 1666; x_wconf 89' lang='lat' dir='ltr'><strong>erga</strong></span> <span class='ocrx_word' id='word_1_228' title='bbox 594 1596 809 1649; x_wconf 87' lang='lat' dir='ltr'><strong>Patrem</strong></span> <span class='ocrx_word' id='word_1_229' title='bbox 848 1597 1377 1666; x_wconf 78' lang='lat' dir='ltr'><strong>magnanimitasque</strong></span> <span class='ocrx_word' id='word_1_230' title='bbox 1407 1599 1673 1666; x_wconf 89' lang='lat' dir='ltr'><strong>imprimis</strong></span> <span class='ocrx_word' id='word_1_231' title='bbox 1706 1600 1998 1657; x_wconf 89' lang='lat' dir='ltr'><strong>elucescit:</strong></span> 
     </span>
    </p>
   </div>
   <div class='ocr_carea' id='block_1_33' title="bbox 2102 1600 3696 1674">
    <p class='ocr_par' dir='ltr' id='par_1_33' title="bbox 2102 1600 3696 1674">
     <span class='ocr_line' id='line_1_33' title="bbox 2102 1600 3696 1674; baseline -0.003 -18"><span class='ocrx_word' id='word_1_232' title='bbox 2102 1604 2273 1667; x_wconf 78' lang='grc' dir='ltr'>οὓτως</span> <span class='ocrx_word' id='word_1_233' title='bbox 2288 1603 2428 1673; x_wconf 81' lang='grc' dir='ltr'>ἔχον·</span> <span class='ocrx_word' id='word_1_234' title='bbox 2467 1623 2483 1653; x_wconf 82' lang='lat' dir='ltr'><strong>t</strong></span> <span class='ocrx_word' id='word_1_235' title='bbox 2508 1604 2652 1674; x_wconf 83' lang='grc' dir='ltr'>Πλὴν</span> <span class='ocrx_word' id='word_1_236' title='bbox 2674 1605 2771 1673; x_wconf 87' lang='grc' dir='ltr'>οὐχ</span> <span class='ocrx_word' id='word_1_237' title='bbox 2788 1605 2862 1666; x_wconf 86' lang='grc' dir='ltr'>ὼς</span> <span class='ocrx_word' id='word_1_238' title='bbox 2879 1602 2988 1671; x_wconf 78' lang='grc' dir='ltr'>ἐγὼ</span> <span class='ocrx_word' id='word_1_239' title='bbox 3006 1602 3163 1666; x_wconf 88' lang='grc' dir='ltr'>θέλω,</span> <span class='ocrx_word' id='word_1_240' title='bbox 3179 1602 3376 1664; x_wconf 79' lang='grc' dir='ltr'>ἀλλ’ὡς</span> <span class='ocrx_word' id='word_1_241' title='bbox 3398 1601 3485 1655; x_wconf 89' lang='grc' dir='ltr'><strong>σύ.</strong></span> <span class='ocrx_word' id='word_1_242' title='bbox 3501 1619 3518 1651; x_wconf 76' lang='grc' dir='ltr'><strong>ι</strong></span> <span class='ocrx_word' id='word_1_243' title='bbox 3546 1600 3696 1654; x_wconf 79' lang='grc' dir='ltr'>Ἀλλ’</span> 
     </span>
    </p>
   </div>
   <div class='ocr_carea' id='block_1_34' title="bbox 442 1686 1993 1765">
    <p class='ocr_par' dir='ltr' id='par_1_34' title="bbox 442 1686 1993 1756">
     <span class='ocr_line' id='line_1_34' title="bbox 442 1686 1993 1756; baseline 0.003 -15"><span class='ocrx_word' id='word_1_244' title='bbox 442 1707 463 1741; x_wconf 72' lang='grc' dir='ltr'><strong>ι</strong></span> <span class='ocrx_word' id='word_1_245' title='bbox 492 1686 877 1741; x_wconf 77' lang='lat' dir='ltr'><strong>Verumtamen</strong></span> <span class='ocrx_word' id='word_1_246' title='bbox 914 1700 1020 1739; x_wconf 93' lang='lat' dir='ltr'><strong>non</strong></span> <span class='ocrx_word' id='word_1_247' title='bbox 1042 1687 1183 1740; x_wconf 86' lang='lat' dir='ltr'><strong>sicut</strong></span> <span class='ocrx_word' id='word_1_248' title='bbox 1210 1702 1308 1756; x_wconf 90' lang='lat' dir='ltr'><strong>ego</strong></span> <span class='ocrx_word' id='word_1_249' title='bbox 1332 1688 1473 1755; x_wconf 91' lang='lat' dir='ltr'><strong>volo,</strong></span> <span class='ocrx_word' id='word_1_250' title='bbox 1499 1689 1593 1744; x_wconf 92' lang='lat' dir='ltr'><strong>sed</strong></span> <span class='ocrx_word' id='word_1_251' title='bbox 1622 1690 1762 1745; x_wconf 90' lang='lat' dir='ltr'><strong>sicut</strong></span> <span class='ocrx_word' id='word_1_252' title='bbox 1791 1699 1846 1744; x_wconf 93' lang='lat' dir='ltr'><strong>tu</strong></span> <span class='ocrx_word' id='word_1_253' title='bbox 1874 1691 1940 1745; x_wconf 71' lang='lat'><strong>“.</strong></span> <span class='ocrx_word' id='word_1_254' title='bbox 1976 1712 1993 1745; x_wconf 80' lang='grc' dir='ltr'><strong>ι</strong></span> 
     </span>
    </p>
   </div>
   <div class='ocr_carea' id='block_1_35' title="bbox 2097 1686 3693 1765">
    <p class='ocr_par' dir='ltr' id='par_1_35' title="bbox 2102 1690 3693 1765">
     <span class='ocr_line' id='line_1_35' title="bbox 2102 1690 3693 1765; baseline -0.003 -20"><span class='ocrx_word' id='word_1_255' title='bbox 2102 1693 2221 1745; x_wconf 87' lang='grc' dir='ltr'>οὐδὲ</span> <span class='ocrx_word' id='word_1_256' title='bbox 2248 1693 2345 1762; x_wconf 83' lang='grc' dir='ltr'><strong>τὴν</strong></span> <span class='ocrx_word' id='word_1_257' title='bbox 2372 1694 2506 1765; x_wconf 82' lang='grc' dir='ltr'>πρὸς</span> <span class='ocrx_word' id='word_1_258' title='bbox 2520 1694 2579 1744; x_wconf 82' lang='grc' dir='ltr'>τὸ</span> <span class='ocrx_word' id='word_1_259' title='bbox 2595 1692 2839 1762; x_wconf 84' lang='grc' dir='ltr'>βούλημα</span> <span class='ocrx_word' id='word_1_260' title='bbox 2864 1692 2955 1743; x_wconf 84' lang='grc' dir='ltr'><strong>τοῦ</strong></span> <span class='ocrx_word' id='word_1_261' title='bbox 2975 1692 3184 1761; x_wconf 83' lang='grc' dir='ltr'>Πατρὸς</span> <span class='ocrx_word' id='word_1_262' title='bbox 3211 1691 3337 1761; x_wconf 78' lang='grc' dir='ltr'>περὶ</span> <span class='ocrx_word' id='word_1_263' title='bbox 3365 1690 3474 1742; x_wconf 82' lang='grc' dir='ltr'><strong>τῶν</strong></span> <span class='ocrx_word' id='word_1_264' title='bbox 3491 1706 3693 1759; x_wconf 87' lang='grc' dir='ltr'>κεκρι-</span> 
     </span>
    </p>
   </div>
   <div class='ocr_carea' id='block_1_36' title="bbox 436 1776 2001 1850">
    <p class='ocr_par' dir='ltr' id='par_1_36' title="bbox 436 1776 2001 1850">
     <span class='ocr_line' id='line_1_36' title="bbox 436 1776 2001 1850; baseline 0.002 -17"><span class='ocrx_word' id='word_1_265' title='bbox 436 1778 656 1833; x_wconf 88' lang='lat' dir='ltr'><strong>Diceres</strong></span> <span class='ocrx_word' id='word_1_266' title='bbox 678 1777 843 1831; x_wconf 90' lang='lat' dir='ltr'><strong>etiam</strong></span> <span class='ocrx_word' id='word_1_267' title='bbox 880 1776 1031 1829; x_wconf 89' lang='lat' dir='ltr'><strong>illum</strong></span> <span class='ocrx_word' id='word_1_268' title='bbox 1062 1792 1166 1829; x_wconf 90' lang='lat' dir='ltr'><strong>non</strong></span> <span class='ocrx_word' id='word_1_269' title='bbox 1203 1776 1402 1846; x_wconf 82' lang='lat' dir='ltr'><strong>legisse</strong></span> <span class='ocrx_word' id='word_1_270' title='bbox 1437 1779 1597 1832; x_wconf 88' lang='lat' dir='ltr'><strong>istum</strong></span> <span class='ocrx_word' id='word_1_271' title='bbox 1634 1780 1809 1834; x_wconf 90' lang='lat' dir='ltr'><strong>locum</strong></span> <span class='ocrx_word' id='word_1_272' title='bbox 1831 1820 1845 1844; x_wconf 96' lang='lat'><strong>,</strong></span> <span class='ocrx_word' id='word_1_273' title='bbox 1892 1796 2001 1850; x_wconf 87' lang='lat' dir='ltr'><strong>quo</strong></span> 
     </span>
    </p>
   </div>
   <div class='ocr_carea' id='block_1_37' title="bbox 430 1864 2003 1940">
    <p class='ocr_par' dir='ltr' id='par_1_37' title="bbox 430 1864 2003 1940">
     <span class='ocr_line' id='line_1_37' title="bbox 430 1864 2003 1940; baseline 0.003 -18"><span class='ocrx_word' id='word_1_274' title='bbox 430 1868 691 1937; x_wconf 90' lang='lat' dir='ltr'><strong>probatur</strong></span> <span class='ocrx_word' id='word_1_275' title='bbox 713 1875 914 1935; x_wconf 89' lang='lat' dir='ltr'><strong>quanta</strong></span> <span class='ocrx_word' id='word_1_276' title='bbox 938 1864 1096 1920; x_wconf 74' lang='lat' dir='ltr'><strong>Iesus</strong></span> <span class='ocrx_word' id='word_1_277' title='bbox 1126 1866 1401 1921; x_wconf 86' lang='lat' dir='ltr'><strong>docilitate</strong></span> <span class='ocrx_word' id='word_1_278' title='bbox 1437 1868 1577 1921; x_wconf 90' lang='lat' dir='ltr'><strong>mala</strong></span> <span class='ocrx_word' id='word_1_279' title='bbox 1602 1870 1851 1934; x_wconf 85' lang='lat' dir='ltr'><strong>subierit,</strong></span> <span class='ocrx_word' id='word_1_280' title='bbox 1883 1886 2003 1940; x_wconf 71' lang='lat' dir='ltr'><strong>quae</strong></span> 
     </span>
    </p>
   </div>
   <div class='ocr_carea' id='block_1_38' title="bbox 430 1955 2000 2031">
    <p class='ocr_par' dir='ltr' id='par_1_38' title="bbox 430 1955 2000 2031">
     <span class='ocr_line' id='line_1_38' title="bbox 430 1955 2000 2031; baseline 0.001 -17"><span class='ocrx_word' id='word_1_281' title='bbox 430 1958 595 2014; x_wconf 84' lang='lat' dir='ltr'><strong>Pater</strong></span> <span class='ocrx_word' id='word_1_282' title='bbox 623 1957 903 2012; x_wconf 90' lang='lat' dir='ltr'><strong>subeunda</strong></span> <span class='ocrx_word' id='word_1_283' title='bbox 944 1957 1022 2011; x_wconf 90' lang='lat' dir='ltr'><strong>illi</strong></span> <span class='ocrx_word' id='word_1_284' title='bbox 1052 1971 1173 2012; x_wconf 90' lang='lat' dir='ltr'><strong>esse</strong></span> <span class='ocrx_word' id='word_1_285' title='bbox 1201 1955 1550 2023; x_wconf 80' lang='lat' dir='ltr'><strong>iudicaverat</strong></span> <span class='ocrx_word' id='word_1_286' title='bbox 1579 1976 1591 2013; x_wconf 92' lang='lat'><strong>:</strong></span> <span class='ocrx_word' id='word_1_287' title='bbox 1623 1977 1642 2011; x_wconf 77' lang='grc' dir='ltr'><strong>ι</strong></span> <span class='ocrx_word' id='word_1_288' title='bbox 1677 1960 1734 2015; x_wconf 92' lang='lat' dir='ltr'><strong>Si</strong></span> <span class='ocrx_word' id='word_1_289' title='bbox 1764 1977 1870 2016; x_wconf 92' lang='lat' dir='ltr'><strong>non</strong></span> <span class='ocrx_word' id='word_1_290' title='bbox 1903 1977 2000 2031; x_wconf 86' lang='lat' dir='ltr'><strong>po-</strong></span> 
     </span>
    </p>
   </div>
   <div class='ocr_carea' id='block_1_39' title="bbox 431 2048 2002 2119">
    <p class='ocr_par' dir='ltr' id='par_1_39' title="bbox 431 2048 2002 2119">
     <span class='ocr_line' id='line_1_39' title="bbox 431 2048 2002 2119; baseline 0.002 -15"><span class='ocrx_word' id='word_1_291' title='bbox 431 2060 538 2105; x_wconf 90' lang='lat' dir='ltr'><strong>test</strong></span> <span class='ocrx_word' id='word_1_292' title='bbox 565 2050 653 2106; x_wconf 80' lang='lat' dir='ltr'><strong>liic</strong></span> <span class='ocrx_word' id='word_1_293' title='bbox 685 2050 828 2105; x_wconf 81' lang='lat' dir='ltr'><strong>calix</strong></span> <span class='ocrx_word' id='word_1_294' title='bbox 860 2048 1124 2112; x_wconf 86' lang='lat' dir='ltr'><strong>transire,</strong></span> <span class='ocrx_word' id='word_1_295' title='bbox 1176 2048 1282 2102; x_wconf 90' lang='lat' dir='ltr'><strong>nisi</strong></span> <span class='ocrx_word' id='word_1_296' title='bbox 1331 2050 1514 2103; x_wconf 87' lang='lat' dir='ltr'><strong>bibam</strong></span> <span class='ocrx_word' id='word_1_297' title='bbox 1547 2050 1730 2119; x_wconf 90' lang='lat' dir='ltr'><strong>illum,</strong></span> <span class='ocrx_word' id='word_1_298' title='bbox 1782 2052 1878 2107; x_wconf 83' lang='lat' dir='ltr'><strong>ﬁat</strong></span> <span class='ocrx_word' id='word_1_299' title='bbox 1906 2068 2002 2107; x_wconf 81' lang='lat' dir='ltr'><strong>vo-</strong></span> 
     </span>
    </p>
   </div>
   <div class='ocr_carea' id='block_1_40' title="bbox 429 2139 2002 2212">
    <p class='ocr_par' dir='ltr' id='par_1_40' title="bbox 429 2139 2002 2212">
     <span class='ocr_line' id='line_1_40' title="bbox 429 2139 2002 2212; baseline 0.003 -19"><span class='ocrx_word' id='word_1_300' title='bbox 429 2141 609 2195; x_wconf 86' lang='lat' dir='ltr'><strong>luntas</strong></span> <span class='ocrx_word' id='word_1_301' title='bbox 643 2149 733 2195; x_wconf 90' lang='lat' dir='ltr'><strong>tua</strong></span> <span class='ocrx_word' id='word_1_302' title='bbox 758 2140 825 2193; x_wconf 70' lang='lat'><strong>&quot;&#39;.</strong></span> <span class='ocrx_word' id='word_1_303' title='bbox 866 2158 893 2192; x_wconf 71' lang='grc' dir='ltr'><em>ν</em></span> <span class='ocrx_word' id='word_1_304' title='bbox 918 2139 1034 2205; x_wconf 85' lang='lat' dir='ltr'><strong>Qua</strong></span> <span class='ocrx_word' id='word_1_305' title='bbox 1068 2139 1119 2191; x_wconf 90' lang='lat' dir='ltr'><strong>in</strong></span> <span class='ocrx_word' id='word_1_306' title='bbox 1152 2154 1210 2193; x_wconf 89' lang='lat' dir='ltr'><strong>re</strong></span> <span class='ocrx_word' id='word_1_307' title='bbox 1237 2139 1435 2194; x_wconf 88' lang='lat' dir='ltr'><strong>similis</strong></span> <span class='ocrx_word' id='word_1_308' title='bbox 1462 2141 1571 2195; x_wconf 92' lang='lat' dir='ltr'><strong>illis</strong></span> <span class='ocrx_word' id='word_1_309' title='bbox 1596 2151 1706 2208; x_wconf 88' lang='lat' dir='ltr'><strong>est,</strong></span> <span class='ocrx_word' id='word_1_310' title='bbox 1739 2143 1833 2212; x_wconf 88' lang='lat' dir='ltr'><strong>qui</strong></span> <span class='ocrx_word' id='word_1_311' title='bbox 1860 2143 2002 2197; x_wconf 89' lang='lat' dir='ltr'><strong>man</strong></span> 
     </span>
    </p>
   </div>
   <div class='ocr_carea' id='block_1_41' title="bbox 428 2228 1997 2302">
    <p class='ocr_par' dir='ltr' id='par_1_41' title="bbox 428 2228 1997 2302">
     <span class='ocr_line' id='line_1_41' title="bbox 428 2228 1997 2302; baseline 0.003 -19"><span class='ocrx_word' id='word_1_312' title='bbox 428 2232 609 2285; x_wconf 79' lang='lat' dir='ltr'><strong>animo</strong></span> <span class='ocrx_word' id='word_1_313' title='bbox 642 2231 852 2284; x_wconf 91' lang='lat' dir='ltr'><strong>divinas</strong></span> <span class='ocrx_word' id='word_1_314' title='bbox 896 2228 1212 2297; x_wconf 82' lang='lat' dir='ltr'><strong>Scripturas</strong></span> <span class='ocrx_word' id='word_1_315' title='bbox 1244 2232 1491 2296; x_wconf 90' lang='lat' dir='ltr'><strong>audiunt,</strong></span> <span class='ocrx_word' id='word_1_316' title='bbox 1520 2241 1578 2287; x_wconf 89' lang='lat' dir='ltr'><strong>et</strong></span> <span class='ocrx_word' id='word_1_317' title='bbox 1602 2250 1620 2283; x_wconf 72' lang='grc' dir='ltr'>ς</span> <span class='ocrx_word' id='word_1_318' title='bbox 1654 2233 1997 2302; x_wconf 77' lang='lat' dir='ltr'><strong>iniquitatem</strong></span> 
     </span>
    </p>
   </div>
   <div class='ocr_carea' id='block_1_42' title="bbox 426 2320 1999 2388">
    <p class='ocr_par' dir='ltr' id='par_1_42' title="bbox 426 2320 1999 2388">
     <span class='ocr_line' id='line_1_42' title="bbox 426 2320 1999 2388; baseline 0.001 -13"><span class='ocrx_word' id='word_1_319' title='bbox 426 2323 481 2375; x_wconf 93' lang='lat' dir='ltr'><strong>in</strong></span> <span class='ocrx_word' id='word_1_320' title='bbox 515 2321 730 2375; x_wconf 89' lang='lat' dir='ltr'><strong>excelso</strong></span> <span class='ocrx_word' id='word_1_321' title='bbox 763 2321 1080 2388; x_wconf 90' lang='lat' dir='ltr'><strong>loquuntur.</strong></span> <span class='ocrx_word' id='word_1_322' title='bbox 1114 2340 1133 2373; x_wconf 77' lang='grc' dir='ltr'><strong>ι</strong></span> <span class='ocrx_word' id='word_1_323' title='bbox 1171 2320 1237 2375; x_wconf 91' lang='lat' dir='ltr'><strong>Ili</strong></span> <span class='ocrx_word' id='word_1_324' title='bbox 1276 2322 1419 2375; x_wconf 91' lang='lat' dir='ltr'><strong>enim</strong></span> <span class='ocrx_word' id='word_1_325' title='bbox 1471 2323 1728 2377; x_wconf 90' lang='lat' dir='ltr'><strong>videntur</strong></span> <span class='ocrx_word' id='word_1_326' title='bbox 1772 2326 1874 2378; x_wconf 89' lang='lat' dir='ltr'><strong>hoc</strong></span> <span class='ocrx_word' id='word_1_327' title='bbox 1903 2339 1999 2376; x_wconf 90' lang='lat' dir='ltr'><strong>au-</strong></span> 
     </span>
    </p>
   </div>
   <div class='ocr_carea' id='block_1_43' title="bbox 426 2408 1999 2481">
    <p class='ocr_par' dir='ltr' id='par_1_43' title="bbox 426 2408 1999 2481">
     <span class='ocr_line' id='line_1_43' title="bbox 426 2408 1999 2481; baseline 0.002 -17"><span class='ocrx_word' id='word_1_328' title='bbox 426 2411 621 2465; x_wconf 81' lang='lat' dir='ltr'><strong>diisse:</strong></span> <span class='ocrx_word' id='word_1_329' title='bbox 646 2428 665 2461; x_wconf 72' lang='grc' dir='ltr'><strong>ι</strong></span> <span class='ocrx_word' id='word_1_330' title='bbox 695 2410 806 2479; x_wconf 89' lang='lat' dir='ltr'><strong>Ego</strong></span> <span class='ocrx_word' id='word_1_331' title='bbox 834 2408 1160 2464; x_wconf 75' lang='lat' dir='ltr'><strong>interficiant</strong></span> <span class='ocrx_word' id='word_1_332' title='bbox 1192 2408 1259 2474; x_wconf 67' lang='grc'>⁸³,</span> <span class='ocrx_word' id='word_1_333' title='bbox 1295 2427 1314 2460; x_wconf 84' lang='grc'>›</span> <span class='ocrx_word' id='word_1_334' title='bbox 1353 2419 1407 2463; x_wconf 82' lang='lat' dir='ltr'><strong>et</strong></span> <span class='ocrx_word' id='word_1_335' title='bbox 1435 2410 1487 2465; x_wconf 88' lang='lat' dir='ltr'><strong>id</strong></span> <span class='ocrx_word' id='word_1_336' title='bbox 1513 2412 1671 2466; x_wconf 91' lang='lat' dir='ltr'><strong>nobis</strong></span> <span class='ocrx_word' id='word_1_337' title='bbox 1703 2412 1834 2466; x_wconf 87' lang='lat' dir='ltr'><strong>dant</strong></span> <span class='ocrx_word' id='word_1_338' title='bbox 1858 2427 1999 2481; x_wconf 86' lang='lat' dir='ltr'><strong>saepe</strong></span> 
     </span>
    </p>
   </div>
   <div class='ocr_carea' id='block_1_44' title="bbox 432 2502 1996 2568">
    <p class='ocr_par' dir='ltr' id='par_1_44' title="bbox 432 2502 1996 2568">
     <span class='ocr_line' id='line_1_44' title="bbox 432 2502 1996 2568; baseline 0.001 -11"><span class='ocrx_word' id='word_1_339' title='bbox 432 2503 692 2568; x_wconf 89' lang='lat' dir='ltr'><strong>crimini;</strong></span> <span class='ocrx_word' id='word_1_340' title='bbox 732 2504 876 2556; x_wconf 91' lang='lat' dir='ltr'><strong>istud</strong></span> <span class='ocrx_word' id='word_1_341' title='bbox 924 2512 1130 2565; x_wconf 88' lang='lat' dir='ltr'><strong>autem,</strong></span> <span class='ocrx_word' id='word_1_342' title='bbox 1174 2519 1194 2552; x_wconf 71' lang='grc' dir='ltr'><strong>ι</strong></span> <span class='ocrx_word' id='word_1_343' title='bbox 1229 2503 1413 2556; x_wconf 83' lang='lat' dir='ltr'><strong>vivere</strong></span> <span class='ocrx_word' id='word_1_344' title='bbox 1455 2502 1676 2568; x_wconf 81' lang='lat' dir='ltr'><strong>faciam,</strong></span> <span class='ocrx_word' id='word_1_345' title='bbox 1708 2522 1727 2555; x_wconf 79' lang='grc' dir='ltr'><strong>ι</strong></span> <span class='ocrx_word' id='word_1_346' title='bbox 1758 2504 1866 2557; x_wconf 89' lang='lat' dir='ltr'><strong>alto</strong></span> <span class='ocrx_word' id='word_1_347' title='bbox 1920 2504 1996 2558; x_wconf 84' lang='lat' dir='ltr'><strong>si-</strong></span> 
     </span>
    </p>
   </div>
   <div class='ocr_carea' id='block_1_45' title="bbox 424 2593 1991 2663">
    <p class='ocr_par' dir='ltr' id='par_1_45' title="bbox 424 2593 1991 2663">
     <span class='ocr_line' id='line_1_45' title="bbox 424 2593 1991 2663; baseline -0.002 -13"><span class='ocrx_word' id='word_1_348' title='bbox 424 2594 596 2650; x_wconf 84' lang='lat' dir='ltr'><strong>lentio</strong></span> <span class='ocrx_word' id='word_1_349' title='bbox 624 2595 903 2660; x_wconf 85' lang='lat' dir='ltr'><strong>obruunt;</strong></span> <span class='ocrx_word' id='word_1_350' title='bbox 939 2610 1057 2663; x_wconf 63' lang='lat' dir='ltr'><strong>qua:</strong></span> <span class='ocrx_word' id='word_1_351' title='bbox 1088 2600 1199 2648; x_wconf 89' lang='lat' dir='ltr'><strong>tota</strong></span> <span class='ocrx_word' id='word_1_352' title='bbox 1248 2593 1519 2647; x_wconf 88' lang='lat' dir='ltr'><strong>sententia</strong></span> <span class='ocrx_word' id='word_1_353' title='bbox 1564 2594 1834 2661; x_wconf 85' lang='lat' dir='ltr'><strong>signiﬁcat</strong></span> <span class='ocrx_word' id='word_1_354' title='bbox 1881 2607 1991 2653; x_wconf 81' lang='lat' dir='ltr'><strong>eos.</strong></span> 
     </span>
    </p>
   </div>
   <div class='ocr_carea' id='block_1_46' title="bbox 424 2686 1994 2759">
    <p class='ocr_par' dir='ltr' id='par_1_46' title="bbox 424 2686 1994 2759">
     <span class='ocr_line' id='line_1_46' title="bbox 424 2686 1994 2759; baseline -0.003 -17"><span class='ocrx_word' id='word_1_355' title='bbox 424 2689 517 2757; x_wconf 89' lang='lat' dir='ltr'><strong>qui</strong></span> <span class='ocrx_word' id='word_1_356' title='bbox 550 2688 767 2759; x_wconf 85' lang='lat' dir='ltr'><strong>publico</strong></span> <span class='ocrx_word' id='word_1_357' title='bbox 801 2689 974 2743; x_wconf 82' lang='lat' dir='ltr'><strong>exitio</strong></span> <span class='ocrx_word' id='word_1_358' title='bbox 1003 2690 1190 2742; x_wconf 86' lang='lat' dir='ltr'><strong>vivunt</strong></span> <span class='ocrx_word' id='word_1_359' title='bbox 1226 2700 1389 2755; x_wconf 86' lang='lat' dir='ltr'><strong>seque</strong></span> <span class='ocrx_word' id='word_1_360' title='bbox 1421 2686 1661 2754; x_wconf 87' lang='lat' dir='ltr'><strong>peccatis</strong></span> <span class='ocrx_word' id='word_1_361' title='bbox 1689 2686 1994 2754; x_wconf 87' lang='lat' dir='ltr'><strong>inquinant,</strong></span> 
     </span>
    </p>
   </div>
   <div class='ocr_carea' id='block_1_47' title="bbox 424 2776 1994 2846">
    <p class='ocr_par' dir='ltr' id='par_1_47' title="bbox 424 2776 1994 2846">
     <span class='ocr_line' id='line_1_47' title="bbox 424 2776 1994 2846; baseline -0.003 -13"><span class='ocrx_word' id='word_1_362' title='bbox 424 2796 455 2833; x_wconf 86' lang='lat' dir='ltr'><strong>a</strong></span> <span class='ocrx_word' id='word_1_363' title='bbox 499 2781 608 2835; x_wconf 91' lang='lat' dir='ltr'><strong>Deo</strong></span> <span class='ocrx_word' id='word_1_364' title='bbox 657 2780 925 2846; x_wconf 82' lang='lat' dir='ltr'><strong>interﬁci;</strong></span> <span class='ocrx_word' id='word_1_365' title='bbox 964 2781 1057 2835; x_wconf 91' lang='lat' dir='ltr'><strong>sed</strong></span> <span class='ocrx_word' id='word_1_366' title='bbox 1091 2782 1191 2843; x_wconf 89' lang='lat' dir='ltr'><strong>ita,</strong></span> <span class='ocrx_word' id='word_1_367' title='bbox 1243 2786 1302 2829; x_wconf 90' lang='lat' dir='ltr'><strong>ut</strong></span> <span class='ocrx_word' id='word_1_368' title='bbox 1350 2776 1631 2831; x_wconf 92' lang='lat' dir='ltr'><strong>meliorem</strong></span> <span class='ocrx_word' id='word_1_369' title='bbox 1683 2777 1790 2830; x_wconf 90' lang='lat' dir='ltr'><strong>illis</strong></span> <span class='ocrx_word' id='word_1_370' title='bbox 1829 2777 1994 2830; x_wconf 87' lang='lat' dir='ltr'><strong>vitam</strong></span> 
     </span>
    </p>
   </div>
   <div class='ocr_carea' id='block_1_48' title="bbox 425 2866 1995 2941">
    <p class='ocr_par' dir='ltr' id='par_1_48' title="bbox 425 2866 1995 2941">
     <span class='ocr_line' id='line_1_48' title="bbox 425 2866 1995 2941; baseline -0.004 -15"><span class='ocrx_word' id='word_1_371' title='bbox 425 2872 691 2935; x_wconf 82' lang='lat' dir='ltr'><strong>conferat,</strong></span> <span class='ocrx_word' id='word_1_372' title='bbox 718 2872 930 2941; x_wconf 89' lang='lat' dir='ltr'><strong>qualem</strong></span> <span class='ocrx_word' id='word_1_373' title='bbox 958 2872 1210 2923; x_wconf 89' lang='lat' dir='ltr'><strong>nimirum</strong></span> <span class='ocrx_word' id='word_1_374' title='bbox 1236 2870 1379 2923; x_wconf 88' lang='lat' dir='ltr'><strong>Deus</strong></span> <span class='ocrx_word' id='word_1_375' title='bbox 1413 2868 1621 2923; x_wconf 83' lang='lat' dir='ltr'><strong>confert</strong></span> <span class='ocrx_word' id='word_1_376' title='bbox 1647 2867 1713 2921; x_wconf 93' lang='lat' dir='ltr'><strong>iis</strong></span> <span class='ocrx_word' id='word_1_377' title='bbox 1743 2866 1835 2935; x_wconf 92' lang='lat' dir='ltr'><strong>qui</strong></span> <span class='ocrx_word' id='word_1_378' title='bbox 1870 2881 1995 2934; x_wconf 89' lang='lat' dir='ltr'><strong>pec-</strong></span> 
     </span>
    </p>
   </div>
   <div class='ocr_carea' id='block_1_49' title="bbox 425 2957 1989 3022">
    <p class='ocr_par' dir='ltr' id='par_1_49' title="bbox 425 2957 1989 3022">
     <span class='ocr_line' id='line_1_49' title="bbox 425 2957 1989 3022; baseline -0.006 -5"><span class='ocrx_word' id='word_1_379' title='bbox 425 2972 550 3017; x_wconf 87' lang='lat' dir='ltr'><strong>cato</strong></span> <span class='ocrx_word' id='word_1_380' title='bbox 582 2962 906 3016; x_wconf 92' lang='lat' dir='ltr'><strong>moriuntur.</strong></span> <span class='ocrx_word' id='word_1_381' title='bbox 926 2961 1058 3015; x_wconf 93' lang='lat' dir='ltr'><strong>Item</strong></span> <span class='ocrx_word' id='word_1_382' title='bbox 1079 2960 1370 3014; x_wconf 90' lang='lat' dir='ltr'><strong>audierunt</strong></span> <span class='ocrx_word' id='word_1_383' title='bbox 1403 2959 1540 3013; x_wconf 90' lang='lat' dir='ltr'><strong>boc:</strong></span> <span class='ocrx_word' id='word_1_384' title='bbox 1570 2977 1588 3010; x_wconf 77' lang='grc' dir='ltr'><strong>ι</strong></span> <span class='ocrx_word' id='word_1_385' title='bbox 1614 2957 1920 3011; x_wconf 89' lang='lat' dir='ltr'><strong>Percutiam</strong></span> <span class='ocrx_word' id='word_1_386' title='bbox 1941 2973 1989 3022; x_wconf 75' lang='grc'><strong>;›</strong></span> 
     </span>
    </p>
   </div>
   <div class='ocr_carea' id='block_1_50' title="bbox 2108 1780 3692 1853">
    <p class='ocr_par' dir='ltr' id='par_1_50' title="bbox 2108 1780 3692 1853">
     <span class='ocr_line' id='line_1_50' title="bbox 2108 1780 3692 1853; baseline -0.003 -18"><span class='ocrx_word' id='word_1_387' title='bbox 2108 1784 2280 1853; x_wconf 89' lang='grc' dir='ltr'>μένων</span> <span class='ocrx_word' id='word_1_388' title='bbox 2304 1784 2464 1837; x_wconf 82' lang='grc' dir='ltr'>αὐτὸν</span> <span class='ocrx_word' id='word_1_389' title='bbox 2489 1784 2678 1836; x_wconf 84' lang='grc' dir='ltr'>παθεῖν</span> <span class='ocrx_word' id='word_1_390' title='bbox 2699 1783 3003 1835; x_wconf 84' lang='grc' dir='ltr'>εὐπείθειαν</span> <span class='ocrx_word' id='word_1_391' title='bbox 3020 1782 3112 1836; x_wconf 90' lang='grc' dir='ltr'><strong>τοῦ</strong></span> <span class='ocrx_word' id='word_1_392' title='bbox 3148 1781 3320 1851; x_wconf 87' lang='grc' dir='ltr'>Ἰησοῦ</span> <span class='ocrx_word' id='word_1_393' title='bbox 3342 1780 3692 1852; x_wconf 74' lang='grc' dir='ltr'>δηλουμένην</span> 
     </span>
    </p>
   </div>
   <div class='ocr_carea' id='block_1_51' title="bbox 2103 1870 3691 1945">
    <p class='ocr_par' dir='ltr' id='par_1_51' title="bbox 2103 1870 3691 1945">
     <span class='ocr_line' id='line_1_51' title="bbox 2103 1870 3691 1945; baseline -0.003 -18"><span class='ocrx_word' id='word_1_394' title='bbox 2103 1877 2160 1928; x_wconf 97' lang='lat' dir='ltr'><strong>tv</strong></span> <span class='ocrx_word' id='word_1_395' title='bbox 2195 1875 2288 1945; x_wconf 84' lang='grc' dir='ltr'>τῷ·</span> <span class='ocrx_word' id='word_1_396' title='bbox 2319 1894 2336 1926; x_wconf 78' lang='lat' dir='ltr'><strong>t</strong></span> <span class='ocrx_word' id='word_1_397' title='bbox 2362 1877 2423 1927; x_wconf 83' lang='lat' dir='ltr'><strong>El</strong></span> <span class='ocrx_word' id='word_1_398' title='bbox 2453 1876 2513 1928; x_wconf 88' lang='grc' dir='ltr'><strong>οὐ</strong></span> <span class='ocrx_word' id='word_1_399' title='bbox 2542 1875 2759 1927; x_wconf 88' lang='grc' dir='ltr'>δύναται</span> <span class='ocrx_word' id='word_1_400' title='bbox 2789 1873 2946 1926; x_wconf 83' lang='grc' dir='ltr'>τοῦτο</span> <span class='ocrx_word' id='word_1_401' title='bbox 2979 1873 3289 1944; x_wconf 88' lang='grc' dir='ltr'>παρελθεῖν,</span> <span class='ocrx_word' id='word_1_402' title='bbox 3323 1873 3417 1925; x_wconf 84' lang='grc' dir='ltr'><strong>ὲάν</strong></span> <span class='ocrx_word' id='word_1_403' title='bbox 3448 1873 3524 1943; x_wconf 83' lang='grc' dir='ltr'>μὴ</span> <span class='ocrx_word' id='word_1_404' title='bbox 3551 1870 3691 1924; x_wconf 83' lang='grc' dir='ltr'>αὐτὸ</span> 
     </span>
    </p>
   </div>
   <div class='ocr_carea' id='block_1_52' title="bbox 2103 1964 3688 2035">
    <p class='ocr_par' dir='ltr' id='par_1_52' title="bbox 2103 1964 3688 2035">
     <span class='ocr_line' id='line_1_52' title="bbox 2103 1964 3688 2035; baseline -0.002 -15"><span class='ocrx_word' id='word_1_405' title='bbox 2103 1968 2231 2030; x_wconf 90' lang='grc' dir='ltr'>πίω,</span> <span class='ocrx_word' id='word_1_406' title='bbox 2259 1966 2540 2035; x_wconf 85' lang='grc' dir='ltr'>γενηθήτω</span> <span class='ocrx_word' id='word_1_407' title='bbox 2572 1966 2631 2017; x_wconf 87' lang='grc' dir='ltr'><strong>τὸ</strong></span> <span class='ocrx_word' id='word_1_408' title='bbox 2670 1964 2882 2035; x_wconf 89' lang='grc' dir='ltr'>θέλημά</span> <span class='ocrx_word' id='word_1_409' title='bbox 2925 1982 3039 2017; x_wconf 86' lang='grc' dir='ltr'>σου·</span> <span class='ocrx_word' id='word_1_410' title='bbox 3079 1984 3097 2015; x_wconf 78' lang='grc' dir='ltr'><strong>ι</strong></span> <span class='ocrx_word' id='word_1_411' title='bbox 3142 1967 3517 2035; x_wconf 85' lang='grc' dir='ltr'>προσποιεῖται</span> <span class='ocrx_word' id='word_1_412' title='bbox 3555 1966 3688 2017; x_wconf 71' lang='lat' dir='ltr'><strong>dve—</strong></span> 
     </span>
    </p>
   </div>
   <div class='ocr_carea' id='block_1_53' title="bbox 2101 2054 3687 2127">
    <p class='ocr_par' dir='ltr' id='par_1_53' title="bbox 2101 2054 3687 2127">
     <span class='ocr_line' id='line_1_53' title="bbox 2101 2054 3687 2127; baseline -0.002 -16"><span class='ocrx_word' id='word_1_413' title='bbox 2101 2057 2384 2125; x_wconf 87' lang='grc' dir='ltr'>γνωκέναι,</span> <span class='ocrx_word' id='word_1_414' title='bbox 2401 2057 2581 2127; x_wconf 84' lang='grc' dir='ltr'>ὅμοιόν</span> <span class='ocrx_word' id='word_1_415' title='bbox 2600 2074 2653 2109; x_wconf 94' lang='grc' dir='ltr'><strong>τι</strong></span> <span class='ocrx_word' id='word_1_416' title='bbox 2671 2056 2836 2109; x_wconf 79' lang='grc' dir='ltr'>ποιῶν</span> <span class='ocrx_word' id='word_1_417' title='bbox 2852 2059 2962 2119; x_wconf 91' lang='grc' dir='ltr'>τοῖς</span> <span class='ocrx_word' id='word_1_418' title='bbox 2975 2056 3403 2126; x_wconf 89' lang='grc' dir='ltr'>κακουργότερον</span> <span class='ocrx_word' id='word_1_419' title='bbox 3418 2054 3687 2108; x_wconf 76' lang='grc' dir='ltr'>ἀκούουσι</span> 
     </span>
    </p>
   </div>
   <div class='ocr_carea' id='block_1_54' title="bbox 2100 2145 3683 2217">
    <p class='ocr_par' dir='ltr' id='par_1_54' title="bbox 2100 2145 3683 2217">
     <span class='ocr_line' id='line_1_54' title="bbox 2100 2145 3683 2217; baseline -0.001 -17"><span class='ocrx_word' id='word_1_420' title='bbox 2100 2148 2207 2200; x_wconf 84' lang='grc' dir='ltr'><strong>τῶν</strong></span> <span class='ocrx_word' id='word_1_421' title='bbox 2238 2147 2393 2200; x_wconf 88' lang='grc' dir='ltr'>θείων</span> <span class='ocrx_word' id='word_1_422' title='bbox 2424 2147 2650 2217; x_wconf 86' lang='grc' dir='ltr'>Γραφῶν</span> <span class='ocrx_word' id='word_1_423' title='bbox 2670 2147 2909 2211; x_wconf 75' lang='grc' dir='ltr'>ἀσεϐέσι,</span> <span class='ocrx_word' id='word_1_424' title='bbox 2938 2149 3031 2199; x_wconf 76' lang='grc' dir='ltr'>καὶ</span> <span class='ocrx_word' id='word_1_425' title='bbox 3063 2166 3082 2197; x_wconf 84' lang='lat' dir='ltr'><strong>t</strong></span> <span class='ocrx_word' id='word_1_426' title='bbox 3107 2147 3316 2200; x_wconf 83' lang='grc' dir='ltr'>ἀδικίαν</span> <span class='ocrx_word' id='word_1_427' title='bbox 3334 2148 3412 2209; x_wconf 87' lang='grc' dir='ltr'><strong>εἰς</strong></span> <span class='ocrx_word' id='word_1_428' title='bbox 3443 2147 3505 2199; x_wconf 82' lang='grc' dir='ltr'><strong>τὸ</strong></span> <span class='ocrx_word' id='word_1_429' title='bbox 3540 2145 3683 2214; x_wconf 73' lang='grc' dir='ltr'>ὕψος</span> 
     </span>
    </p>
   </div>
   <div class='ocr_carea' id='block_1_55' title="bbox 2100 2236 3676 2308">
    <p class='ocr_par' dir='ltr' id='par_1_55' title="bbox 2100 2236 3676 2308">
     <span class='ocr_line' id='line_1_55' title="bbox 2100 2236 3676 2308; baseline -0.001 -20"><span class='ocrx_word' id='word_1_430' title='bbox 2100 2237 2334 2290; x_wconf 81' lang='grc' dir='ltr'>λαλοῦσι.</span> <span class='ocrx_word' id='word_1_431' title='bbox 2351 2256 2369 2287; x_wconf 78' lang='grc' dir='ltr'><strong>ι</strong></span> <span class='ocrx_word' id='word_1_432' title='bbox 2387 2238 2494 2290; x_wconf 80' lang='grc' dir='ltr'><strong>Καὶ</strong></span> <span class='ocrx_word' id='word_1_433' title='bbox 2508 2238 2617 2308; x_wconf 84' lang='grc' dir='ltr'>γὰρ</span> <span class='ocrx_word' id='word_1_434' title='bbox 2639 2239 2834 2291; x_wconf 87' lang='grc' dir='ltr'>ὲκεῖνοι</span> <span class='ocrx_word' id='word_1_435' title='bbox 2856 2237 2947 2290; x_wconf 88' lang='grc' dir='ltr'><strong>τοῦ</strong></span> <span class='ocrx_word' id='word_1_436' title='bbox 2978 2238 3095 2308; x_wconf 87' lang='grc' dir='ltr'>μὲν,</span> <span class='ocrx_word' id='word_1_437' title='bbox 3120 2257 3139 2288; x_wconf 78' lang='lat' dir='ltr'><strong>t</strong></span> <span class='ocrx_word' id='word_1_438' title='bbox 3162 2237 3304 2306; x_wconf 85' lang='grc' dir='ltr'>Ἐγὼ</span> <span class='ocrx_word' id='word_1_439' title='bbox 3328 2236 3639 2298; x_wconf 83' lang='grc' dir='ltr'>ἀποκτενῶ,</span> <span class='ocrx_word' id='word_1_440' title='bbox 3654 2255 3676 2286; x_wconf 71' lang='grc' dir='ltr'><strong>ι</strong></span> 
     </span>
    </p>
   </div>
   <div class='ocr_carea' id='block_1_56' title="bbox 2098 2325 3678 2397">
    <p class='ocr_par' dir='ltr' id='par_1_56' title="bbox 2098 2325 3678 2397">
     <span class='ocr_line' id='line_1_56' title="bbox 2098 2325 3678 2397; baseline -0.002 -18"><span class='ocrx_word' id='word_1_441' title='bbox 2098 2325 2342 2379; x_wconf 89' lang='grc' dir='ltr'>δοκοῦσιν</span> <span class='ocrx_word' id='word_1_442' title='bbox 2372 2327 2683 2397; x_wconf 86' lang='grc' dir='ltr'>ἀκηκοέναι,</span> <span class='ocrx_word' id='word_1_443' title='bbox 2715 2328 2809 2380; x_wconf 71' lang='grc' dir='ltr'><strong>καὶ</strong></span> <span class='ocrx_word' id='word_1_444' title='bbox 2830 2326 3089 2390; x_wconf 81' lang='grc' dir='ltr'>πολλάκις</span> <span class='ocrx_word' id='word_1_445' title='bbox 3123 2329 3251 2397; x_wconf 85' lang='grc' dir='ltr'>ἡμῖν</span> <span class='ocrx_word' id='word_1_446' title='bbox 3289 2327 3421 2378; x_wconf 84' lang='grc' dir='ltr'>αὐτὸ</span> <span class='ocrx_word' id='word_1_447' title='bbox 3480 2325 3678 2378; x_wconf 80' lang='grc' dir='ltr'>ὀνειδί-</span> 
     </span>
    </p>
   </div>
   <div class='ocr_carea' id='block_1_57' title="bbox 2101 2416 3677 2490">
    <p class='ocr_par' dir='ltr' id='par_1_57' title="bbox 2101 2416 3677 2490">
     <span class='ocr_line' id='line_1_57' title="bbox 2101 2416 3677 2490; baseline -0.001 -19"><span class='ocrx_word' id='word_1_448' title='bbox 2101 2420 2284 2484; x_wconf 81' lang='grc' dir='ltr'>ζουσι·</span> <span class='ocrx_word' id='word_1_449' title='bbox 2320 2418 2411 2471; x_wconf 90' lang='grc' dir='ltr'><strong>τοῦ</strong></span> <span class='ocrx_word' id='word_1_450' title='bbox 2441 2419 2516 2482; x_wconf 82' lang='grc' dir='ltr'><strong>δὲ,</strong></span> <span class='ocrx_word' id='word_1_451' title='bbox 2555 2437 2573 2469; x_wconf 88' lang='grc'><strong>‹</strong></span> <span class='ocrx_word' id='word_1_452' title='bbox 2618 2418 2716 2490; x_wconf 80' lang='grc' dir='ltr'><strong>ζῆν</strong></span> <span class='ocrx_word' id='word_1_453' title='bbox 2762 2421 3021 2490; x_wconf 81' lang='grc' dir='ltr'>ποιήσω,›</span> <span class='ocrx_word' id='word_1_454' title='bbox 3043 2418 3161 2471; x_wconf 83' lang='grc' dir='ltr'>οὐδὲ</span> <span class='ocrx_word' id='word_1_455' title='bbox 3207 2417 3540 2487; x_wconf 83' lang='grc' dir='ltr'>μέμνηνται·</span> <span class='ocrx_word' id='word_1_456' title='bbox 3580 2416 3677 2469; x_wconf 88' lang='grc' dir='ltr'><strong>τοῦ</strong></span> 
     </span>
    </p>
   </div>
   <div class='ocr_carea' id='block_1_58' title="bbox 2098 2509 3674 2580">
    <p class='ocr_par' dir='ltr' id='par_1_58' title="bbox 2098 2509 3674 2580">
     <span class='ocr_line' id='line_1_58' title="bbox 2098 2509 3674 2580; baseline -0.001 -16"><span class='ocrx_word' id='word_1_457' title='bbox 2098 2510 2220 2564; x_wconf 79' lang='grc' dir='ltr'>ὅλου</span> <span class='ocrx_word' id='word_1_458' title='bbox 2260 2509 2424 2580; x_wconf 78' lang='grc' dir='ltr'>ῥητοῦ</span> <span class='ocrx_word' id='word_1_459' title='bbox 2450 2510 2761 2580; x_wconf 83' lang='grc' dir='ltr'>δηλοῦντος,</span> <span class='ocrx_word' id='word_1_460' title='bbox 2791 2512 2916 2574; x_wconf 86' lang='grc' dir='ltr'>τοὺς</span> <span class='ocrx_word' id='word_1_461' title='bbox 2943 2512 3034 2564; x_wconf 75' lang='grc' dir='ltr'><strong>ἐπὶ</strong></span> <span class='ocrx_word' id='word_1_462' title='bbox 3080 2510 3241 2580; x_wconf 88' lang='grc' dir='ltr'>κοινῷ</span> <span class='ocrx_word' id='word_1_463' title='bbox 3279 2510 3432 2580; x_wconf 85' lang='grc' dir='ltr'>κακῷ</span> <span class='ocrx_word' id='word_1_464' title='bbox 3464 2511 3674 2575; x_wconf 79' lang='grc' dir='ltr'>ζῶντας</span> 
     </span>
    </p>
   </div>
   <div class='ocr_carea' id='block_1_59' title="bbox 2098 2600 3675 2673">
    <p class='ocr_par' dir='ltr' id='par_1_59' title="bbox 2098 2600 3675 2673">
     <span class='ocr_line' id='line_1_59' title="bbox 2098 2600 3675 2673; baseline -0.001 -19"><span class='ocrx_word' id='word_1_465' title='bbox 2098 2602 2191 2654; x_wconf 79' lang='grc' dir='ltr'>καὶ</span> <span class='ocrx_word' id='word_1_466' title='bbox 2218 2600 2569 2673; x_wconf 75' lang='grc' dir='ltr'>ἐνεργοῦντας</span> <span class='ocrx_word' id='word_1_467' title='bbox 2597 2601 2737 2654; x_wconf 87' lang='grc' dir='ltr'><strong>κατά</strong></span> <span class='ocrx_word' id='word_1_468' title='bbox 2758 2602 2953 2654; x_wconf 86' lang='grc' dir='ltr'>κακίαν</span> <span class='ocrx_word' id='word_1_469' title='bbox 2979 2601 3390 2654; x_wconf 88' lang='grc' dir='ltr'>ἀποκτείνεσθαι</span> <span class='ocrx_word' id='word_1_470' title='bbox 3425 2601 3535 2671; x_wconf 80' lang='grc'><strong>(56)</strong></span> <span class='ocrx_word' id='word_1_471' title='bbox 3563 2600 3675 2654; x_wconf 84' lang='grc' dir='ltr'><strong>ἀπὺ</strong></span> 
     </span>
    </p>
   </div>
   <div class='ocr_carea' id='block_1_60' title="bbox 2096 2691 3667 2764">
    <p class='ocr_par' dir='ltr' id='par_1_60' title="bbox 2096 2691 3667 2764">
     <span class='ocr_line' id='line_1_60' title="bbox 2096 2691 3667 2764; baseline -0.001 -20"><span class='ocrx_word' id='word_1_472' title='bbox 2096 2691 2191 2746; x_wconf 87' lang='grc' dir='ltr'><strong>τοῦ</strong></span> <span class='ocrx_word' id='word_1_473' title='bbox 2230 2693 2364 2746; x_wconf 87' lang='grc' dir='ltr'>Θεοῦ</span> <span class='ocrx_word' id='word_1_474' title='bbox 2386 2710 2398 2723; x_wconf 91' lang='grc'><strong>·</strong></span> <span class='ocrx_word' id='word_1_475' title='bbox 2424 2692 2568 2764; x_wconf 75' lang='grc' dir='ltr'>ζωὴν</span> <span class='ocrx_word' id='word_1_476' title='bbox 2608 2692 2651 2745; x_wconf 86' lang='grc' dir='ltr'>δ’</span> <span class='ocrx_word' id='word_1_477' title='bbox 2680 2694 2863 2755; x_wconf 90' lang='grc' dir='ltr'>αὐτοῖς</span> <span class='ocrx_word' id='word_1_478' title='bbox 2897 2693 3177 2763; x_wconf 85' lang='grc' dir='ltr'>κρείττονα</span> <span class='ocrx_word' id='word_1_479' title='bbox 3228 2692 3667 2759; x_wconf 90' lang='grc' dir='ltr'>ἀντεισάγεσθαι,</span> 
     </span>
    </p>
   </div>
   <div class='ocr_carea' id='block_1_61' title="bbox 2098 2782 3666 2855">
    <p class='ocr_par' dir='ltr' id='par_1_61' title="bbox 2098 2782 3666 2855">
     <span class='ocr_line' id='line_1_61' title="bbox 2098 2782 3666 2855; baseline -0.001 -17"><span class='ocrx_word' id='word_1_480' title='bbox 2098 2786 2191 2838; x_wconf 73' lang='grc' dir='ltr'><strong>καὶ</strong></span> <span class='ocrx_word' id='word_1_481' title='bbox 2233 2785 2301 2855; x_wconf 86' lang='grc' dir='ltr'>ἢν</span> <span class='ocrx_word' id='word_1_482' title='bbox 2331 2783 2440 2855; x_wconf 80' lang='grc' dir='ltr'><strong>δῴη</strong></span> <span class='ocrx_word' id='word_1_483' title='bbox 2471 2784 2534 2838; x_wconf 82' lang='grc' dir='ltr'>ἂν</span> <span class='ocrx_word' id='word_1_484' title='bbox 2560 2786 2587 2837; x_wconf 97' lang='lat'><strong>6</strong></span> <span class='ocrx_word' id='word_1_485' title='bbox 2608 2783 2737 2845; x_wconf 84' lang='grc' dir='ltr'>Θεὸς</span> <span class='ocrx_word' id='word_1_486' title='bbox 2768 2785 2879 2845; x_wconf 88' lang='grc' dir='ltr'>τοῖς</span> <span class='ocrx_word' id='word_1_487' title='bbox 2920 2786 2985 2854; x_wconf 83' lang='grc' dir='ltr'>τῇ</span> <span class='ocrx_word' id='word_1_488' title='bbox 3019 2784 3260 2854; x_wconf 80' lang='grc' dir='ltr'>ἁμαρτίᾳ</span> <span class='ocrx_word' id='word_1_489' title='bbox 3287 2782 3666 2836; x_wconf 87' lang='grc' dir='ltr'>ἀποθανοῦσιν.</span> 
     </span>
    </p>
   </div>
   <div class='ocr_carea' id='block_1_62' title="bbox 2100 2873 3667 2944">
    <p class='ocr_par' dir='ltr' id='par_1_62' title="bbox 2100 2873 3667 2944">
     <span class='ocr_line' id='line_1_62' title="bbox 2100 2873 3667 2944; baseline -0.001 -16"><span class='ocrx_word' id='word_1_490' title='bbox 2100 2874 2257 2929; x_wconf 75' lang='grc' dir='ltr'>Οὕτω</span> <span class='ocrx_word' id='word_1_491' title='bbox 2278 2875 2322 2927; x_wconf 81' lang='grc' dir='ltr'>δ’</span> <span class='ocrx_word' id='word_1_492' title='bbox 2363 2877 2556 2927; x_wconf 78' lang='grc' dir='ltr'>ἐκεῖνοι</span> <span class='ocrx_word' id='word_1_493' title='bbox 2586 2875 2822 2944; x_wconf 67' lang='grc' dir='ltr'>ἥκουσαν</span> <span class='ocrx_word' id='word_1_494' title='bbox 2848 2873 2943 2943; x_wconf 82' lang='grc' dir='ltr'><strong>μὲν</strong></span> <span class='ocrx_word' id='word_1_495' title='bbox 2971 2874 3084 2937; x_wconf 90' lang='grc' dir='ltr'>τοῦ,</span> <span class='ocrx_word' id='word_1_496' title='bbox 3114 2893 3131 2925; x_wconf 82' lang='lat' dir='ltr'><strong>t</strong></span> <span class='ocrx_word' id='word_1_497' title='bbox 3154 2874 3402 2938; x_wconf 76' lang='grc' dir='ltr'>Πατάξω,</span> <span class='ocrx_word' id='word_1_498' title='bbox 3430 2892 3447 2925; x_wconf 81' lang='grc' dir='ltr'><strong>ι</strong></span> <span class='ocrx_word' id='word_1_499' title='bbox 3480 2874 3667 2926; x_wconf 84' lang='grc' dir='ltr'>οὐκέτι</span> 
     </span>
    </p>
   </div>
   <div class='ocr_carea' id='block_1_63' title="bbox 2097 2963 3668 3035">
    <p class='ocr_par' dir='ltr' id='par_1_63' title="bbox 2097 2963 3668 3035">
     <span class='ocr_line' id='line_1_63' title="bbox 2097 2963 3668 3035; baseline -0.001 -18"><span class='ocrx_word' id='word_1_500' title='bbox 2097 2965 2154 3017; x_wconf 87' lang='grc' dir='ltr'>δὲ</span> <span class='ocrx_word' id='word_1_501' title='bbox 2183 2965 2349 3033; x_wconf 85' lang='grc' dir='ltr'>ὁρῶσι</span> <span class='ocrx_word' id='word_1_502' title='bbox 2369 2965 2447 3026; x_wconf 79' lang='grc' dir='ltr'><strong>τὸ,</strong></span> <span class='ocrx_word' id='word_1_503' title='bbox 2489 2982 2506 3014; x_wconf 77' lang='lat' dir='ltr'><strong>t</strong></span> <span class='ocrx_word' id='word_1_504' title='bbox 2539 2963 2692 3032; x_wconf 83' lang='grc' dir='ltr'><strong>κάγὼ</strong></span> <span class='ocrx_word' id='word_1_505' title='bbox 2721 2964 2959 3034; x_wconf 80' lang='grc' dir='ltr'>ἰάσομαι·</span> <span class='ocrx_word' id='word_1_506' title='bbox 2995 2984 3012 3015; x_wconf 77' lang='grc' dir='ltr'><strong>ι</strong></span> <span class='ocrx_word' id='word_1_507' title='bbox 3048 2966 3132 3018; x_wconf 78' lang='grc' dir='ltr'>ὅτι</span> <span class='ocrx_word' id='word_1_508' title='bbox 3158 2965 3339 3035; x_wconf 84' lang='grc' dir='ltr'>ὅμοιόν</span> <span class='ocrx_word' id='word_1_509' title='bbox 3372 2966 3481 3017; x_wconf 79' lang='grc' dir='ltr'>ἐστι</span> <span class='ocrx_word' id='word_1_510' title='bbox 3506 2964 3668 3032; x_wconf 83' lang='grc' dir='ltr'>λεγο-</span> 
     </span>
    </p>
   </div>
   <div class='ocr_carea' id='block_1_64' title="bbox 425 3030 1993 3125">
    <p class='ocr_par' dir='ltr' id='par_1_64' title="bbox 425 3046 1983 3117">
     <span class='ocr_line' id='line_1_64' title="bbox 425 3046 1983 3117; baseline -0.006 -10"><span class='ocrx_word' id='word_1_511' title='bbox 425 3053 569 3107; x_wconf 89' lang='lat' dir='ltr'><strong>istud</strong></span> <span class='ocrx_word' id='word_1_512' title='bbox 604 3066 734 3106; x_wconf 85' lang='lat' dir='ltr'><strong>vero</strong></span> <span class='ocrx_word' id='word_1_513' title='bbox 766 3052 1008 3105; x_wconf 85' lang='lat' dir='ltr'><strong>additum</strong></span> <span class='ocrx_word' id='word_1_514' title='bbox 1033 3066 1139 3103; x_wconf 88' lang='lat' dir='ltr'><strong>non</strong></span> <span class='ocrx_word' id='word_1_515' title='bbox 1169 3048 1387 3102; x_wconf 90' lang='lat' dir='ltr'><strong>vident:</strong></span> <span class='ocrx_word' id='word_1_516' title='bbox 1417 3065 1436 3099; x_wconf 75' lang='grc' dir='ltr'><strong>ι</strong></span> <span class='ocrx_word' id='word_1_517' title='bbox 1462 3048 1525 3100; x_wconf 83' lang='grc' dir='ltr'>Ει</span> <span class='ocrx_word' id='word_1_518' title='bbox 1542 3062 1642 3117; x_wconf 86' lang='lat' dir='ltr'><strong>ego</strong></span> <span class='ocrx_word' id='word_1_519' title='bbox 1665 3046 1870 3101; x_wconf 89' lang='lat' dir='ltr'><strong>sanabo</strong></span> <span class='ocrx_word' id='word_1_520' title='bbox 1886 3046 1983 3112; x_wconf 76' lang='grc'><strong>⁸⁷;›</strong></span> 
     </span>
    </p>
   </div>
   <div class='ocr_carea' id='block_1_65' title="bbox 2097 3030 3665 3125">
    <p class='ocr_par' dir='ltr' id='par_1_65' title="bbox 2097 3030 3665 3125">
     <span class='ocr_line' id='line_1_65' title="bbox 2097 3030 3665 3125; baseline 0.002 -20"><span class='ocrx_word' id='word_1_521' title='bbox 2097 3030 2241 3123; x_wconf 70' lang='grc' dir='ltr'>μένω</span> <span class='ocrx_word' id='word_1_522' title='bbox 2268 3053 2370 3105; x_wconf 77' lang='grc' dir='ltr'>ὑπὸ</span> <span class='ocrx_word' id='word_1_523' title='bbox 2410 3052 2589 3123; x_wconf 77' lang='grc' dir='ltr'>ἰατροῦ</span> <span class='ocrx_word' id='word_1_524' title='bbox 2622 3030 2885 3118; x_wconf 81' lang='grc' dir='ltr'>διελόντος</span> <span class='ocrx_word' id='word_1_525' title='bbox 2927 3054 3155 3125; x_wconf 87' lang='grc' dir='ltr'>σώματα</span> <span class='ocrx_word' id='word_1_526' title='bbox 3173 3030 3204 3120; x_wconf 40' lang='grc'>,-</span> <span class='ocrx_word' id='word_1_527' title='bbox 3246 3057 3338 3109; x_wconf 73' lang='grc' dir='ltr'><strong>καὶ</strong></span> <span class='ocrx_word' id='word_1_528' title='bbox 3374 3030 3665 3125; x_wconf 82' lang='grc' dir='ltr'>τραύματα</span> 
     </span>
    </p>
   </div>
   <div class='ocr_carea' id='block_1_66' title="bbox 423 3139 1991 3210">
    <p class='ocr_par' dir='ltr' id='par_1_66' title="bbox 423 3139 1991 3210">
     <span class='ocr_line' id='line_1_66' title="bbox 423 3139 1991 3210; baseline -0.003 -13"><span class='ocrx_word' id='word_1_529' title='bbox 423 3143 517 3197; x_wconf 92' lang='lat' dir='ltr'><strong>ubi</strong></span> <span class='ocrx_word' id='word_1_530' title='bbox 552 3143 692 3196; x_wconf 91' lang='lat' dir='ltr'><strong>Deus</strong></span> <span class='ocrx_word' id='word_1_531' title='bbox 725 3141 964 3210; x_wconf 89' lang='lat' dir='ltr'><strong>loquitur</strong></span> <span class='ocrx_word' id='word_1_532' title='bbox 1004 3148 1062 3193; x_wconf 91' lang='lat' dir='ltr'><strong>ut</strong></span> <span class='ocrx_word' id='word_1_533' title='bbox 1088 3141 1355 3202; x_wconf 89' lang='lat' dir='ltr'><strong>medicus,</strong></span> <span class='ocrx_word' id='word_1_534' title='bbox 1404 3141 1493 3207; x_wconf 92' lang='lat' dir='ltr'><strong>qui</strong></span> <span class='ocrx_word' id='word_1_535' title='bbox 1548 3139 1839 3193; x_wconf 90' lang='lat' dir='ltr'><strong>incidendo</strong></span> <span class='ocrx_word' id='word_1_536' title='bbox 1869 3153 1991 3192; x_wconf 89' lang='lat' dir='ltr'><strong>cor-</strong></span> 
     </span>
    </p>
   </div>
   <div class='ocr_carea' id='block_1_67' title="bbox 422 3230 1995 3305">
    <p class='ocr_par' dir='ltr' id='par_1_67' title="bbox 422 3230 1995 3305">
     <span class='ocr_line' id='line_1_67' title="bbox 422 3230 1995 3305; baseline -0.004 -17"><span class='ocrx_word' id='word_1_537' title='bbox 422 3247 555 3305; x_wconf 90' lang='lat' dir='ltr'><strong>pore</strong></span> <span class='ocrx_word' id='word_1_538' title='bbox 576 3232 923 3299; x_wconf 87' lang='lat' dir='ltr'><strong>molestisque</strong></span> <span class='ocrx_word' id='word_1_539' title='bbox 950 3231 1252 3287; x_wconf 81' lang='lat' dir='ltr'><strong>inferendis</strong></span> <span class='ocrx_word' id='word_1_540' title='bbox 1278 3232 1620 3296; x_wconf 80' lang='lat' dir='ltr'><strong>vulneribus,</strong></span> <span class='ocrx_word' id='word_1_541' title='bbox 1654 3232 1815 3284; x_wconf 90' lang='lat' dir='ltr'><strong>noxia</strong></span> <span class='ocrx_word' id='word_1_542' title='bbox 1846 3230 1995 3283; x_wconf 88' lang='lat' dir='ltr'><strong>sani-</strong></span> 
     </span>
    </p>
   </div>
   <div class='ocr_carea' id='block_1_68' title="bbox 425 3320 1993 3393">
    <p class='ocr_par' dir='ltr' id='par_1_68' title="bbox 425 3320 1993 3393">
     <span class='ocr_line' id='line_1_68' title="bbox 425 3320 1993 3393; baseline -0.003 -15"><span class='ocrx_word' id='word_1_543' title='bbox 425 3325 638 3393; x_wconf 86' lang='lat' dir='ltr'><strong>tatique</strong></span> <span class='ocrx_word' id='word_1_544' title='bbox 662 3324 939 3378; x_wconf 89' lang='lat' dir='ltr'><strong>contraria</strong></span> <span class='ocrx_word' id='word_1_545' title='bbox 966 3322 1167 3386; x_wconf 89' lang='lat' dir='ltr'><strong>evellit,</strong></span> <span class='ocrx_word' id='word_1_546' title='bbox 1200 3322 1402 3391; x_wconf 89' lang='lat' dir='ltr'><strong>quique</strong></span> <span class='ocrx_word' id='word_1_547' title='bbox 1430 3322 1482 3375; x_wconf 93' lang='lat' dir='ltr'><strong>in</strong></span> <span class='ocrx_word' id='word_1_548' title='bbox 1523 3320 1772 3376; x_wconf 89' lang='lat' dir='ltr'><strong>cruciatu</strong></span> <span class='ocrx_word' id='word_1_549' title='bbox 1805 3320 1993 3374; x_wconf 91' lang='lat' dir='ltr'><strong>vulne-</strong></span> 
     </span>
    </p>
   </div>
   <div class='ocr_carea' id='block_1_69' title="bbox 422 3410 1991 3484">
    <p class='ocr_par' dir='ltr' id='par_1_69' title="bbox 422 3410 1991 3484">
     <span class='ocr_line' id='line_1_69' title="bbox 422 3410 1991 3484; baseline -0.004 -15"><span class='ocrx_word' id='word_1_550' title='bbox 422 3417 684 3484; x_wconf 86' lang='lat' dir='ltr'><strong>ribusque</strong></span> <span class='ocrx_word' id='word_1_551' title='bbox 719 3430 826 3470; x_wconf 89' lang='lat' dir='ltr'><strong>non</strong></span> <span class='ocrx_word' id='word_1_552' title='bbox 860 3413 1227 3484; x_wconf 90' lang='lat' dir='ltr'><strong>conquiescit,</strong></span> <span class='ocrx_word' id='word_1_553' title='bbox 1283 3415 1379 3468; x_wconf 90' lang='lat' dir='ltr'><strong>sed</strong></span> <span class='ocrx_word' id='word_1_554' title='bbox 1413 3414 1477 3468; x_wconf 91' lang='lat' dir='ltr'><strong>iis</strong></span> <span class='ocrx_word' id='word_1_555' title='bbox 1511 3427 1711 3482; x_wconf 91' lang='lat' dir='ltr'><strong>corpus</strong></span> <span class='ocrx_word' id='word_1_556' title='bbox 1750 3410 1991 3466; x_wconf 90' lang='lat' dir='ltr'><strong>restituit</strong></span> 
     </span>
    </p>
   </div>
   <div class='ocr_carea' id='block_1_70' title="bbox 425 3501 1989 3575">
    <p class='ocr_par' dir='ltr' id='par_1_70' title="bbox 425 3501 1989 3575">
     <span class='ocr_line' id='line_1_70' title="bbox 425 3501 1989 3575; baseline -0.006 -13"><span class='ocrx_word' id='word_1_557' title='bbox 425 3506 649 3562; x_wconf 87' lang='lat' dir='ltr'><strong>sanitati</strong></span> <span class='ocrx_word' id='word_1_558' title='bbox 700 3505 767 3559; x_wconf 93' lang='lat' dir='ltr'><strong>ad</strong></span> <span class='ocrx_word' id='word_1_559' title='bbox 802 3520 967 3575; x_wconf 91' lang='lat' dir='ltr'><strong>quam</strong></span> <span class='ocrx_word' id='word_1_560' title='bbox 995 3504 1140 3557; x_wconf 89' lang='lat' dir='ltr'><strong>velut</strong></span> <span class='ocrx_word' id='word_1_561' title='bbox 1171 3505 1236 3557; x_wconf 92' lang='lat' dir='ltr'><strong>ad</strong></span> <span class='ocrx_word' id='word_1_562' title='bbox 1270 3502 1431 3559; x_wconf 85' lang='lat' dir='ltr'><strong>ﬁnem</strong></span> <span class='ocrx_word' id='word_1_563' title='bbox 1465 3504 1655 3557; x_wconf 89' lang='lat' dir='ltr'><strong>tendit.</strong></span> <span class='ocrx_word' id='word_1_564' title='bbox 1688 3501 1799 3556; x_wconf 85' lang='lat' dir='ltr'><strong>Nec</strong></span> <span class='ocrx_word' id='word_1_565' title='bbox 1827 3502 1989 3555; x_wconf 91' lang='lat' dir='ltr'><strong>etiam</strong></span> 
     </span>
    </p>
   </div>
   <div class='ocr_carea' id='block_1_71' title="bbox 425 3593 1982 3667">
    <p class='ocr_par' dir='ltr' id='par_1_71' title="bbox 425 3593 1982 3667">
     <span class='ocr_line' id='line_1_71' title="bbox 425 3593 1982 3667; baseline -0.003 -17"><span class='ocrx_word' id='word_1_566' title='bbox 425 3605 593 3651; x_wconf 93' lang='lat' dir='ltr'><strong>totum</strong></span> <span class='ocrx_word' id='word_1_567' title='bbox 624 3598 768 3652; x_wconf 90' lang='lat' dir='ltr'><strong>istud</strong></span> <span class='ocrx_word' id='word_1_568' title='bbox 798 3597 1021 3667; x_wconf 89' lang='lat' dir='ltr'><strong>legunt:</strong></span> <span class='ocrx_word' id='word_1_569' title='bbox 1061 3615 1079 3648; x_wconf 75' lang='grc' dir='ltr'><strong>ι</strong></span> <span class='ocrx_word' id='word_1_570' title='bbox 1111 3596 1228 3667; x_wconf 90' lang='lat' dir='ltr'><strong>Ipse</strong></span> <span class='ocrx_word' id='word_1_571' title='bbox 1250 3596 1501 3651; x_wconf 89' lang='lat' dir='ltr'><strong>vulnerat</strong></span> <span class='ocrx_word' id='word_1_572' title='bbox 1537 3602 1594 3650; x_wconf 90' lang='lat' dir='ltr'><strong>et</strong></span> <span class='ocrx_word' id='word_1_573' title='bbox 1623 3593 1982 3658; x_wconf 65' lang='lat' dir='ltr'><strong>medetur“;i</strong></span> 
     </span>
    </p>
   </div>
   <div class='ocr_carea' id='block_1_72' title="bbox 420 3683 1989 3756">
    <p class='ocr_par' dir='ltr' id='par_1_72' title="bbox 420 3683 1989 3756">
     <span class='ocr_line' id='line_1_72' title="bbox 420 3683 1989 3756; baseline -0.001 -16"><span class='ocrx_word' id='word_1_574' title='bbox 420 3687 519 3741; x_wconf 87' lang='lat' dir='ltr'><strong>sed</strong></span> <span class='ocrx_word' id='word_1_575' title='bbox 540 3685 643 3741; x_wconf 87' lang='lat' dir='ltr'><strong>hoc</strong></span> <span class='ocrx_word' id='word_1_576' title='bbox 671 3695 878 3740; x_wconf 88' lang='lat' dir='ltr'><strong>tantum</strong></span> <span class='ocrx_word' id='word_1_577' title='bbox 902 3702 915 3740; x_wconf 89' lang='lat'><strong>:</strong></span> <span class='ocrx_word' id='word_1_578' title='bbox 942 3704 962 3737; x_wconf 75' lang='grc' dir='ltr'><strong>ι</strong></span> <span class='ocrx_word' id='word_1_579' title='bbox 993 3686 1111 3756; x_wconf 89' lang='lat' dir='ltr'><strong>Ipse</strong></span> <span class='ocrx_word' id='word_1_580' title='bbox 1140 3688 1408 3743; x_wconf 83' lang='lat' dir='ltr'><strong>vulnerat.</strong></span> <span class='ocrx_word' id='word_1_581' title='bbox 1440 3704 1459 3738; x_wconf 75' lang='grc' dir='ltr'><strong>ι</strong></span> <span class='ocrx_word' id='word_1_582' title='bbox 1498 3683 1591 3739; x_wconf 92' lang='lat' dir='ltr'><strong>Sic</strong></span> <span class='ocrx_word' id='word_1_583' title='bbox 1626 3685 1809 3754; x_wconf 91' lang='lat' dir='ltr'><strong>itaque</strong></span> <span class='ocrx_word' id='word_1_584' title='bbox 1846 3683 1989 3739; x_wconf 87' lang='lat' dir='ltr'><strong>Celsi</strong></span> 
     </span>
    </p>
   </div>
   <div class='ocr_carea' id='block_1_73' title="bbox 421 3774 1988 3845">
    <p class='ocr_par' dir='ltr' id='par_1_73' title="bbox 421 3774 1988 3845">
     <span class='ocr_line' id='line_1_73' title="bbox 421 3774 1988 3845; baseline -0.001 -15"><span class='ocrx_word' id='word_1_585' title='bbox 421 3776 641 3831; x_wconf 64' lang='lat' dir='ltr'><strong>Iudaeus</strong></span> <span class='ocrx_word' id='word_1_586' title='bbox 680 3776 785 3831; x_wconf 87' lang='lat' dir='ltr'><strong>hoc</strong></span> <span class='ocrx_word' id='word_1_587' title='bbox 828 3784 1089 3830; x_wconf 88' lang='lat' dir='ltr'><strong>memorat</strong></span> <span class='ocrx_word' id='word_1_588' title='bbox 1134 3776 1356 3845; x_wconf 89' lang='lat' dir='ltr'><strong>quidem</strong></span> <span class='ocrx_word' id='word_1_589' title='bbox 1388 3794 1401 3832; x_wconf 90' lang='lat'>:</span> <span class='ocrx_word' id='word_1_590' title='bbox 1433 3793 1452 3827; x_wconf 73' lang='grc' dir='ltr'><strong>ι</strong></span> <span class='ocrx_word' id='word_1_591' title='bbox 1490 3775 1535 3831; x_wconf 92' lang='lat'><strong>0</strong></span> <span class='ocrx_word' id='word_1_592' title='bbox 1565 3774 1745 3841; x_wconf 88' lang='lat' dir='ltr'><strong>Pater,</strong></span> <span class='ocrx_word' id='word_1_593' title='bbox 1780 3775 1988 3829; x_wconf 91' lang='lat' dir='ltr'><strong>utinam</strong></span> 
     </span>
    </p>
   </div>
   <div class='ocr_carea' id='block_1_74' title="bbox 423 3866 1987 3936">
    <p class='ocr_par' dir='ltr' id='par_1_74' title="bbox 423 3866 1987 3936">
     <span class='ocr_line' id='line_1_74' title="bbox 423 3866 1987 3936; baseline -0.001 -14"><span class='ocrx_word' id='word_1_594' title='bbox 423 3868 596 3936; x_wconf 86' lang='lat' dir='ltr'><strong>possit</strong></span> <span class='ocrx_word' id='word_1_595' title='bbox 644 3866 785 3921; x_wconf 90' lang='lat' dir='ltr'><strong>calix</strong></span> <span class='ocrx_word' id='word_1_596' title='bbox 838 3866 940 3920; x_wconf 87' lang='lat' dir='ltr'><strong>iste</strong></span> <span class='ocrx_word' id='word_1_597' title='bbox 991 3867 1266 3921; x_wconf 89' lang='lat' dir='ltr'><strong>transirel</strong></span> <span class='ocrx_word' id='word_1_598' title='bbox 1307 3885 1325 3919; x_wconf 72' lang='grc' dir='ltr'><strong>ι</strong></span> <span class='ocrx_word' id='word_1_599' title='bbox 1361 3867 1455 3923; x_wconf 89' lang='lat' dir='ltr'><strong>sed</strong></span> <span class='ocrx_word' id='word_1_600' title='bbox 1509 3875 1708 3923; x_wconf 84' lang='lat' dir='ltr'><strong>caetera</strong></span> <span class='ocrx_word' id='word_1_601' title='bbox 1738 3867 1884 3931; x_wconf 89' lang='lat' dir='ltr'><strong>silet,</strong></span> <span class='ocrx_word' id='word_1_602' title='bbox 1919 3882 1987 3921; x_wconf 85' lang='lat' dir='ltr'><strong>ex</strong></span> 
     </span>
    </p>
   </div>
   <div class='ocr_carea' id='block_1_75' title="bbox 422 3957 1986 4028">
    <p class='ocr_par' dir='ltr' id='par_1_75' title="bbox 422 3957 1986 4028">
     <span class='ocr_line' id='line_1_75' title="bbox 422 3957 1986 4028; baseline -0.001 -16"><span class='ocrx_word' id='word_1_603' title='bbox 422 3958 619 4028; x_wconf 88' lang='lat' dir='ltr'><strong>quibus</strong></span> <span class='ocrx_word' id='word_1_604' title='bbox 653 3957 1003 4025; x_wconf 82' lang='lat' dir='ltr'><strong>cognoscitur</strong></span> <span class='ocrx_word' id='word_1_605' title='bbox 1048 3971 1157 4025; x_wconf 89' lang='lat' dir='ltr'><strong>quo</strong></span> <span class='ocrx_word' id='word_1_606' title='bbox 1204 3958 1389 4011; x_wconf 93' lang='lat' dir='ltr'><strong>animo</strong></span> <span class='ocrx_word' id='word_1_607' title='bbox 1428 3968 1484 4013; x_wconf 90' lang='lat' dir='ltr'><strong>et</strong></span> <span class='ocrx_word' id='word_1_608' title='bbox 1524 3974 1631 4027; x_wconf 87' lang='lat' dir='ltr'><strong>qua</strong></span> <span class='ocrx_word' id='word_1_609' title='bbox 1680 3958 1986 4014; x_wconf 89' lang='lat' dir='ltr'><strong>constantia</strong></span> 
     </span>
    </p>
   </div>
   <div class='ocr_carea' id='block_1_76' title="bbox 421 4048 1985 4117">
    <p class='ocr_par' dir='ltr' id='par_1_76' title="bbox 421 4048 1985 4117">
     <span class='ocr_line' id='line_1_76' title="bbox 421 4048 1985 4117; baseline -0.001 -12"><span class='ocrx_word' id='word_1_610' title='bbox 421 4064 575 4105; x_wconf 89' lang='lat' dir='ltr'><strong>suam</strong></span> <span class='ocrx_word' id='word_1_611' title='bbox 605 4048 765 4104; x_wconf 83' lang='lat' dir='ltr'><strong>Jesus</strong></span> <span class='ocrx_word' id='word_1_612' title='bbox 788 4048 1097 4117; x_wconf 89' lang='lat' dir='ltr'><strong>passionem</strong></span> <span class='ocrx_word' id='word_1_613' title='bbox 1132 4048 1440 4115; x_wconf 89' lang='lat' dir='ltr'><strong>pertulerit.</strong></span> <span class='ocrx_word' id='word_1_614' title='bbox 1472 4049 1529 4102; x_wconf 91' lang='lat' dir='ltr'><strong>In</strong></span> <span class='ocrx_word' id='word_1_615' title='bbox 1562 4049 1675 4103; x_wconf 66' lang='lat' dir='ltr'><strong>haec</strong></span> <span class='ocrx_word' id='word_1_616' title='bbox 1706 4059 1985 4104; x_wconf 89' lang='lat' dir='ltr'><strong>scrutatus</strong></span> 
     </span>
    </p>
   </div>
   <div class='ocr_carea' id='block_1_77' title="bbox 419 4136 1985 4209">
    <p class='ocr_par' dir='ltr' id='par_1_77' title="bbox 419 4136 1985 4209">
     <span class='ocr_line' id='line_1_77' title="bbox 419 4136 1985 4209; baseline -0.003 -14"><span class='ocrx_word' id='word_1_617' title='bbox 419 4139 517 4195; x_wconf 88' lang='lat' dir='ltr'><strong>Dei</strong></span> <span class='ocrx_word' id='word_1_618' title='bbox 559 4138 885 4209; x_wconf 86' lang='lat' dir='ltr'><strong>sapientiam</strong></span> <span class='ocrx_word' id='word_1_619' title='bbox 929 4138 1197 4193; x_wconf 89' lang='lat' dir='ltr'><strong>disserere</strong></span> <span class='ocrx_word' id='word_1_620' title='bbox 1227 4136 1393 4191; x_wconf 89' lang='lat' dir='ltr'><strong>multa</strong></span> <span class='ocrx_word' id='word_1_621' title='bbox 1433 4152 1651 4207; x_wconf 91' lang='lat' dir='ltr'><strong>possem</strong></span> <span class='ocrx_word' id='word_1_622' title='bbox 1691 4154 1811 4207; x_wconf 83' lang='lat' dir='ltr'><strong>quae</strong></span> <span class='ocrx_word' id='word_1_623' title='bbox 1856 4152 1985 4192; x_wconf 89' lang='lat' dir='ltr'><strong>con-</strong></span> 
     </span>
    </p>
   </div>
   <div class='ocr_carea' id='block_1_78' title="bbox 420 4229 1979 4301">
    <p class='ocr_par' dir='ltr' id='par_1_78' title="bbox 420 4229 1979 4301">
     <span class='ocr_line' id='line_1_78' title="bbox 420 4229 1979 4301; baseline -0.003 -14"><span class='ocrx_word' id='word_1_624' title='bbox 420 4233 672 4288; x_wconf 85' lang='lat' dir='ltr'><strong>venirent</strong></span> <span class='ocrx_word' id='word_1_625' title='bbox 705 4232 772 4287; x_wconf 89' lang='lat' dir='ltr'><strong>iis</strong></span> <span class='ocrx_word' id='word_1_626' title='bbox 794 4245 931 4301; x_wconf 88' lang='lat' dir='ltr'><strong>quos</strong></span> <span class='ocrx_word' id='word_1_627' title='bbox 965 4230 1164 4286; x_wconf 85' lang='lat' dir='ltr'><strong>Paulus</strong></span> <span class='ocrx_word' id='word_1_628' title='bbox 1215 4229 1489 4300; x_wconf 82' lang='lat' dir='ltr'><strong>perfectos</strong></span> <span class='ocrx_word' id='word_1_629' title='bbox 1518 4239 1836 4294; x_wconf 85' lang='lat' dir='ltr'><strong>vocat,cum</strong></span> <span class='ocrx_word' id='word_1_630' title='bbox 1862 4231 1937 4284; x_wconf 92' lang='lat' dir='ltr'><strong>ait</strong></span> <span class='ocrx_word' id='word_1_631' title='bbox 1967 4246 1979 4282; x_wconf 92' lang='lat'><strong>:</strong></span> 
     </span>
    </p>
   </div>
   <div class='ocr_carea' id='block_1_79' title="bbox 2092 3142 3665 3214">
    <p class='ocr_par' dir='ltr' id='par_1_79' title="bbox 2092 3142 3665 3214">
     <span class='ocr_line' id='line_1_79' title="bbox 2092 3142 3665 3214; baseline -0.001 -17"><span class='ocrx_word' id='word_1_632' title='bbox 2092 3144 2302 3214; x_wconf 83' lang='grc' dir='ltr'>χαλεπά</span> <span class='ocrx_word' id='word_1_633' title='bbox 2335 3145 2682 3214; x_wconf 87' lang='grc' dir='ltr'>ποιήσαντος,</span> <span class='ocrx_word' id='word_1_634' title='bbox 2731 3145 2822 3196; x_wconf 75' lang='grc' dir='ltr'><strong>ἐπὶ</strong></span> <span class='ocrx_word' id='word_1_635' title='bbox 2859 3143 2934 3214; x_wconf 80' lang='grc' dir='ltr'>τῷ</span> <span class='ocrx_word' id='word_1_636' title='bbox 2974 3143 3171 3209; x_wconf 78' lang='grc' dir='ltr'>ἐξελεῖν</span> <span class='ocrx_word' id='word_1_637' title='bbox 3212 3144 3387 3195; x_wconf 81' lang='grc' dir='ltr'>αὐτῶν</span> <span class='ocrx_word' id='word_1_638' title='bbox 3426 3142 3493 3195; x_wconf 82' lang='grc' dir='ltr'>τὰ</span> <span class='ocrx_word' id='word_1_639' title='bbox 3536 3144 3665 3212; x_wconf 68' lang='grc' dir='ltr'>βλάν</span> 
     </span>
    </p>
   </div>
   <div class='ocr_carea' id='block_1_80' title="bbox 2091 3232 3666 3305">
    <p class='ocr_par' dir='ltr' id='par_1_80' title="bbox 2091 3232 3666 3305">
     <span class='ocr_line' id='line_1_80' title="bbox 2091 3232 3666 3305; baseline -0.001 -19"><span class='ocrx_word' id='word_1_640' title='bbox 2091 3252 2292 3288; x_wconf 90' lang='grc' dir='ltr'>πτοντα</span> <span class='ocrx_word' id='word_1_641' title='bbox 2332 3236 2425 3287; x_wconf 73' lang='grc' dir='ltr'>καὶ</span> <span class='ocrx_word' id='word_1_642' title='bbox 2453 3234 2807 3304; x_wconf 73' lang='grc' dir='ltr'>ἐμποδίζοντα</span> <span class='ocrx_word' id='word_1_643' title='bbox 2841 3237 2906 3305; x_wconf 83' lang='grc' dir='ltr'>τῇ</span> <span class='ocrx_word' id='word_1_644' title='bbox 2964 3235 3166 3304; x_wconf 69' lang='grc' dir='ltr'>ὑγιείᾳ,</span> <span class='ocrx_word' id='word_1_645' title='bbox 3215 3233 3308 3286; x_wconf 66' lang='grc' dir='ltr'><strong>καὶ</strong></span> <span class='ocrx_word' id='word_1_646' title='bbox 3330 3232 3390 3285; x_wconf 85' lang='grc' dir='ltr'><strong>οὐ</strong></span> <span class='ocrx_word' id='word_1_647' title='bbox 3426 3233 3666 3302; x_wconf 76' lang='grc' dir='ltr'>καταλή-</span> 
     </span>
    </p>
   </div>
   <div class='ocr_carea' id='block_1_81' title="bbox 2092 3323 3664 3394">
    <p class='ocr_par' dir='ltr' id='par_1_81' title="bbox 2092 3323 3664 3394">
     <span class='ocr_line' id='line_1_81' title="bbox 2092 3323 3664 3394; baseline 0.001 -18"><span class='ocrx_word' id='word_1_648' title='bbox 2092 3323 2277 3390; x_wconf 80' lang='grc' dir='ltr'>ξαντος</span> <span class='ocrx_word' id='word_1_649' title='bbox 2318 3327 2398 3388; x_wconf 79' lang='grc' dir='ltr'>εἰς</span> <span class='ocrx_word' id='word_1_650' title='bbox 2434 3326 2559 3387; x_wconf 85' lang='grc' dir='ltr'>τοὺς</span> <span class='ocrx_word' id='word_1_651' title='bbox 2591 3324 2785 3387; x_wconf 80' lang='grc' dir='ltr'>πόνους</span> <span class='ocrx_word' id='word_1_652' title='bbox 2818 3326 2910 3377; x_wconf 80' lang='grc' dir='ltr'><strong>καὶ</strong></span> <span class='ocrx_word' id='word_1_653' title='bbox 2939 3323 3036 3394; x_wconf 84' lang='grc' dir='ltr'>τὴν</span> <span class='ocrx_word' id='word_1_654' title='bbox 3064 3324 3341 3394; x_wconf 88' lang='grc' dir='ltr'>διαίρεσιν,</span> <span class='ocrx_word' id='word_1_655' title='bbox 3382 3323 3495 3375; x_wconf 86' lang='grc' dir='ltr'>ἀλλ’</span> <span class='ocrx_word' id='word_1_656' title='bbox 3530 3324 3664 3377; x_wconf 88' lang='grc' dir='ltr'>ἀπο-</span> 
     </span>
    </p>
   </div>
   <div class='ocr_carea' id='block_1_82' title="bbox 2090 3413 3663 3486">
    <p class='ocr_par' dir='ltr' id='par_1_82' title="bbox 2090 3413 3663 3486">
     <span class='ocr_line' id='line_1_82' title="bbox 2090 3413 3663 3486; baseline -0.003 -17"><span class='ocrx_word' id='word_1_657' title='bbox 2090 3416 2451 3480; x_wconf 83' lang='grc' dir='ltr'>καθιστῶντος</span> <span class='ocrx_word' id='word_1_658' title='bbox 2474 3419 2539 3486; x_wconf 78' lang='grc' dir='ltr'>τῇ</span> <span class='ocrx_word' id='word_1_659' title='bbox 2562 3416 2824 3486; x_wconf 80' lang='grc' dir='ltr'>θεραπείᾳ</span> <span class='ocrx_word' id='word_1_660' title='bbox 2845 3415 2905 3467; x_wconf 86' lang='grc' dir='ltr'><strong>τὸ</strong></span> <span class='ocrx_word' id='word_1_661' title='bbox 2930 3413 3088 3484; x_wconf 84' lang='grc' dir='ltr'>σῶμα</span> <span class='ocrx_word' id='word_1_662' title='bbox 3123 3415 3213 3467; x_wconf 76' lang='grc' dir='ltr'>ἐπὶ</span> <span class='ocrx_word' id='word_1_663' title='bbox 3234 3415 3330 3484; x_wconf 84' lang='grc' dir='ltr'>τὴν</span> <span class='ocrx_word' id='word_1_664' title='bbox 3369 3414 3663 3485; x_wconf 84' lang='grc' dir='ltr'>προκειμέ-</span> 
     </span>
    </p>
   </div>
   <div class='ocr_carea' id='block_1_83' title="bbox 2089 3504 3657 3578">
    <p class='ocr_par' dir='ltr' id='par_1_83' title="bbox 2089 3504 3657 3578">
     <span class='ocr_line' id='line_1_83' title="bbox 2089 3504 3657 3578; baseline -0.003 -18"><span class='ocrx_word' id='word_1_665' title='bbox 2089 3524 2185 3578; x_wconf 85' lang='grc' dir='ltr'><strong>νην</strong></span> <span class='ocrx_word' id='word_1_666' title='bbox 2214 3507 2363 3576; x_wconf 84' lang='grc' dir='ltr'>αὐτῷ</span> <span class='ocrx_word' id='word_1_667' title='bbox 2402 3508 2630 3577; x_wconf 82' lang='grc' dir='ltr'>ὑγίειαν.</span> <span class='ocrx_word' id='word_1_668' title='bbox 2678 3506 2841 3561; x_wconf 72' lang='grc' dir='ltr'><strong>Ἀλλά</strong></span> <span class='ocrx_word' id='word_1_669' title='bbox 2872 3507 2965 3558; x_wconf 73' lang='grc' dir='ltr'>καὶ</span> <span class='ocrx_word' id='word_1_670' title='bbox 2996 3506 3095 3557; x_wconf 87' lang='grc' dir='ltr'><strong>οὐκ</strong></span> <span class='ocrx_word' id='word_1_671' title='bbox 3123 3506 3359 3575; x_wconf 65' lang='grc' dir='ltr'>ἥκουσαν</span> <span class='ocrx_word' id='word_1_672' title='bbox 3391 3504 3511 3556; x_wconf 81' lang='grc' dir='ltr'>ὅλου</span> <span class='ocrx_word' id='word_1_673' title='bbox 3543 3504 3657 3566; x_wconf 90' lang='grc' dir='ltr'>τοῦ,</span> 
     </span>
    </p>
   </div>
   <div class='ocr_carea' id='block_1_84' title="bbox 2095 3594 3661 3667">
    <p class='ocr_par' dir='ltr' id='par_1_84' title="bbox 2095 3594 3661 3667">
     <span class='ocr_line' id='line_1_84' title="bbox 2095 3594 3661 3667; baseline -0.001 -19"><span class='ocrx_word' id='word_1_674' title='bbox 2095 3616 2113 3648; x_wconf 81' lang='lat' dir='ltr'><strong>t</strong></span> <span class='ocrx_word' id='word_1_675' title='bbox 2141 3597 2310 3659; x_wconf 83' lang='grc' dir='ltr'>Αὐτὸς</span> <span class='ocrx_word' id='word_1_676' title='bbox 2358 3595 2467 3667; x_wconf 91' lang='grc' dir='ltr'><strong>γάρ</strong></span> <span class='ocrx_word' id='word_1_677' title='bbox 2500 3598 2682 3664; x_wconf 86' lang='grc' dir='ltr'>ἀλγεῖν</span> <span class='ocrx_word' id='word_1_678' title='bbox 2741 3598 2912 3659; x_wconf 87' lang='grc' dir='ltr'>ποιεῖ,</span> <span class='ocrx_word' id='word_1_679' title='bbox 2959 3594 3052 3647; x_wconf 77' lang='grc' dir='ltr'>καὶ</span> <span class='ocrx_word' id='word_1_680' title='bbox 3097 3595 3257 3648; x_wconf 90' lang='grc' dir='ltr'>πάλιν</span> <span class='ocrx_word' id='word_1_681' title='bbox 3292 3594 3661 3665; x_wconf 80' lang='grc' dir='ltr'>ἀποκαθίστη-</span> 
     </span>
    </p>
   </div>
   <div class='ocr_carea' id='block_1_85' title="bbox 2090 3683 3659 3755">
    <p class='ocr_par' dir='ltr' id='par_1_85' title="bbox 2090 3683 3659 3755">
     <span class='ocr_line' id='line_1_85' title="bbox 2090 3683 3659 3755; baseline -0.002 -16"><span class='ocrx_word' id='word_1_682' title='bbox 2090 3704 2191 3740; x_wconf 78' lang='grc' dir='ltr'>σιν’</span> <span class='ocrx_word' id='word_1_683' title='bbox 2232 3705 2249 3736; x_wconf 81' lang='lat' dir='ltr'><strong>t</strong></span> <span class='ocrx_word' id='word_1_684' title='bbox 2286 3686 2419 3738; x_wconf 89' lang='grc' dir='ltr'><strong>ἀλλά</strong></span> <span class='ocrx_word' id='word_1_685' title='bbox 2455 3687 2612 3755; x_wconf 87' lang='grc' dir='ltr'>μόνου</span> <span class='ocrx_word' id='word_1_686' title='bbox 2634 3683 2750 3749; x_wconf 91' lang='grc' dir='ltr'>τοῦ,</span> <span class='ocrx_word' id='word_1_687' title='bbox 2776 3704 2793 3736; x_wconf 85' lang='lat' dir='ltr'><strong>t</strong></span> <span class='ocrx_word' id='word_1_688' title='bbox 2827 3684 3010 3752; x_wconf 87' lang='grc' dir='ltr'>ἀλγεῖν</span> <span class='ocrx_word' id='word_1_689' title='bbox 3038 3687 3196 3737; x_wconf 89' lang='grc' dir='ltr'>ποιεῖ.</span> <span class='ocrx_word' id='word_1_690' title='bbox 3238 3702 3255 3735; x_wconf 79' lang='grc' dir='ltr'><strong>ι</strong></span> <span class='ocrx_word' id='word_1_691' title='bbox 3300 3684 3453 3738; x_wconf 72' lang='grc' dir='ltr'>Οὕτω</span> <span class='ocrx_word' id='word_1_692' title='bbox 3481 3686 3659 3736; x_wconf 85' lang='grc' dir='ltr'>τοίνυν</span> 
     </span>
    </p>
   </div>
   <div class='ocr_carea' id='block_1_86' title="bbox 2088 3773 3655 3845">
    <p class='ocr_par' dir='ltr' id='par_1_86' title="bbox 2088 3773 3655 3845">
     <span class='ocr_line' id='line_1_86' title="bbox 2088 3773 3655 3845; baseline -0.001 -19"><span class='ocrx_word' id='word_1_693' title='bbox 2088 3775 2181 3827; x_wconf 75' lang='grc' dir='ltr'><strong>καὶ</strong></span> <span class='ocrx_word' id='word_1_694' title='bbox 2227 3778 2256 3827; x_wconf 89' lang='lat'><strong>6</strong></span> <span class='ocrx_word' id='word_1_695' title='bbox 2301 3774 2450 3845; x_wconf 90' lang='grc' dir='ltr'><strong>παρά</strong></span> <span class='ocrx_word' id='word_1_696' title='bbox 2490 3774 2569 3844; x_wconf 83' lang='grc' dir='ltr'>τῷ</span> <span class='ocrx_word' id='word_1_697' title='bbox 2618 3774 2806 3843; x_wconf 83' lang='grc' dir='ltr'>Κέλσῳ</span> <span class='ocrx_word' id='word_1_698' title='bbox 2853 3774 3097 3834; x_wconf 82' lang='grc' dir='ltr'>Ἰουδαῖος</span> <span class='ocrx_word' id='word_1_699' title='bbox 3139 3773 3511 3843; x_wconf 82' lang='grc' dir='ltr'>ὲκτεθειμένος</span> <span class='ocrx_word' id='word_1_700' title='bbox 3561 3774 3655 3837; x_wconf 78' lang='grc' dir='ltr'>τὸ,</span> 
     </span>
    </p>
   </div>
   <div class='ocr_carea' id='block_1_87' title="bbox 2093 3862 3657 3936">
    <p class='ocr_par' dir='ltr' id='par_1_87' title="bbox 2093 3862 3657 3936">
     <span class='ocr_line' id='line_1_87' title="bbox 2093 3862 3657 3936; baseline -0.001 -19"><span class='ocrx_word' id='word_1_701' title='bbox 2093 3884 2111 3917; x_wconf 84' lang='lat' dir='ltr'><strong>t</strong></span> <span class='ocrx_word' id='word_1_702' title='bbox 2142 3862 2211 3917; x_wconf 70' lang='grc' dir='ltr'><strong>τΩ</strong></span> <span class='ocrx_word' id='word_1_703' title='bbox 2238 3865 2437 3936; x_wconf 83' lang='grc' dir='ltr'>Πάτερ,</span> <span class='ocrx_word' id='word_1_704' title='bbox 2480 3864 2590 3917; x_wconf 78' lang='grc' dir='ltr'>εἴθε</span> <span class='ocrx_word' id='word_1_705' title='bbox 2640 3864 2853 3917; x_wconf 88' lang='grc' dir='ltr'>δύναιτο</span> <span class='ocrx_word' id='word_1_706' title='bbox 2886 3865 2946 3916; x_wconf 86' lang='grc' dir='ltr'><strong>τὸ</strong></span> <span class='ocrx_word' id='word_1_707' title='bbox 2980 3864 3234 3935; x_wconf 84' lang='grc' dir='ltr'>ποτήριον</span> <span class='ocrx_word' id='word_1_708' title='bbox 3278 3863 3435 3917; x_wconf 87' lang='grc' dir='ltr'>τοῦτο</span> <span class='ocrx_word' id='word_1_709' title='bbox 3469 3864 3657 3934; x_wconf 88' lang='grc' dir='ltr'>παρελ-</span> 
     </span>
    </p>
   </div>
   <div class='ocr_carea' id='block_1_88' title="bbox 2087 3953 3657 4026">
    <p class='ocr_par' dir='ltr' id='par_1_88' title="bbox 2087 3953 3657 4026">
     <span class='ocr_line' id='line_1_88' title="bbox 2087 3953 3657 4026; baseline -0.001 -19"><span class='ocrx_word' id='word_1_710' title='bbox 2087 3953 2227 4008; x_wconf 77' lang='grc' dir='ltr'>θεῖνῐ</span> <span class='ocrx_word' id='word_1_711' title='bbox 2266 3974 2282 4004; x_wconf 77' lang='grc' dir='ltr'><strong>ι</strong></span> <span class='ocrx_word' id='word_1_712' title='bbox 2308 3955 2488 4007; x_wconf 88' lang='grc' dir='ltr'>οὐκέτι</span> <span class='ocrx_word' id='word_1_713' title='bbox 2509 3954 2566 4007; x_wconf 86' lang='grc' dir='ltr'>δὲ</span> <span class='ocrx_word' id='word_1_714' title='bbox 2588 3954 2681 4007; x_wconf 72' lang='grc' dir='ltr'><strong>καὶ</strong></span> <span class='ocrx_word' id='word_1_715' title='bbox 2706 3954 2773 4007; x_wconf 90' lang='grc' dir='ltr'><strong>τά</strong></span> <span class='ocrx_word' id='word_1_716' title='bbox 2801 3954 2943 4025; x_wconf 74' lang='grc' dir='ltr'>ἑξῆς,</span> <span class='ocrx_word' id='word_1_717' title='bbox 2978 3955 3071 4006; x_wconf 80' lang='grc' dir='ltr'>καὶ</span> <span class='ocrx_word' id='word_1_718' title='bbox 3102 3954 3169 4006; x_wconf 90' lang='grc' dir='ltr'><strong>τά</strong></span> <span class='ocrx_word' id='word_1_719' title='bbox 3199 3956 3533 4026; x_wconf 88' lang='grc' dir='ltr'>παριστάντα</span> <span class='ocrx_word' id='word_1_720' title='bbox 3558 3954 3657 4024; x_wconf 79' lang='grc' dir='ltr'>τὴν</span> 
     </span>
    </p>
   </div>
   <div class='ocr_carea' id='block_1_89' title="bbox 2099 4044 3654 4117">
    <p class='ocr_par' dir='ltr' id='par_1_89' title="bbox 2099 4044 3654 4117">
     <span class='ocr_line' id='line_1_89' title="bbox 2099 4044 3654 4117; baseline 0.001 -21"><span class='ocrx_word' id='word_1_721' title='bbox 2099 4044 2271 4115; x_wconf 83' lang='grc' dir='ltr'>Ἰησοῦ</span> <span class='ocrx_word' id='word_1_722' title='bbox 2303 4046 2438 4117; x_wconf 80' lang='grc' dir='ltr'>πρὸς</span> <span class='ocrx_word' id='word_1_723' title='bbox 2458 4046 2517 4098; x_wconf 84' lang='grc' dir='ltr'><strong>τὸ</strong></span> <span class='ocrx_word' id='word_1_724' title='bbox 2547 4044 2719 4108; x_wconf 88' lang='grc' dir='ltr'>πάθος</span> <span class='ocrx_word' id='word_1_725' title='bbox 2750 4047 3103 4116; x_wconf 85' lang='grc' dir='ltr'>παρασκευὴν</span> <span class='ocrx_word' id='word_1_726' title='bbox 3130 4047 3221 4099; x_wconf 76' lang='grc' dir='ltr'>καὶ</span> <span class='ocrx_word' id='word_1_727' title='bbox 3245 4047 3510 4099; x_wconf 80' lang='grc' dir='ltr'>εὐτονίαν.</span> <span class='ocrx_word' id='word_1_728' title='bbox 3545 4046 3654 4098; x_wconf 79' lang='grc' dir='ltr'><strong>Καὶ</strong></span> 
     </span>
    </p>
   </div>
   <div class='ocr_carea' id='block_1_90' title="bbox 2085 4134 3654 4206">
    <p class='ocr_par' dir='ltr' id='par_1_90' title="bbox 2085 4134 3654 4206">
     <span class='ocr_line' id='line_1_90' title="bbox 2085 4134 3654 4206; baseline 0.001 -20"><span class='ocrx_word' id='word_1_729' title='bbox 2085 4134 2257 4187; x_wconf 88' lang='grc' dir='ltr'>ταῦτα</span> <span class='ocrx_word' id='word_1_730' title='bbox 2293 4134 2369 4198; x_wconf 86' lang='grc' dir='ltr'><strong>δὲ,</strong></span> <span class='ocrx_word' id='word_1_731' title='bbox 2410 4135 2608 4204; x_wconf 85' lang='grc' dir='ltr'>πολλὴν</span> <span class='ocrx_word' id='word_1_732' title='bbox 2646 4136 2835 4206; x_wconf 75' lang='grc' dir='ltr'>ἔχοντα</span> <span class='ocrx_word' id='word_1_733' title='bbox 2872 4135 3121 4205; x_wconf 88' lang='grc' dir='ltr'>διήγησιν</span> <span class='ocrx_word' id='word_1_734' title='bbox 3150 4137 3257 4189; x_wconf 85' lang='grc' dir='ltr'><strong>ἀπὸ</strong></span> <span class='ocrx_word' id='word_1_735' title='bbox 3300 4134 3490 4204; x_wconf 83' lang='grc' dir='ltr'>σοφίας</span> <span class='ocrx_word' id='word_1_736' title='bbox 3519 4134 3654 4187; x_wconf 81' lang='grc' dir='ltr'>Θεοῦ</span> 
     </span>
    </p>
   </div>
   <div class='ocr_carea' id='block_1_91' title="bbox 2084 4220 3655 4296">
    <p class='ocr_par' dir='ltr' id='par_1_91' title="bbox 2084 4220 3655 4296">
     <span class='ocr_line' id='line_1_91' title="bbox 2084 4220 3655 4296; baseline -0.001 -18"><span class='ocrx_word' id='word_1_737' title='bbox 2084 4220 2165 4288; x_wconf 78' lang='grc' dir='ltr'><strong>οἷς</strong></span> <span class='ocrx_word' id='word_1_738' title='bbox 2194 4228 2222 4278; x_wconf 91' lang='lat'><strong>6</strong></span> <span class='ocrx_word' id='word_1_739' title='bbox 2250 4225 2460 4289; x_wconf 84' lang='grc' dir='ltr'>Παῦλος</span> <span class='ocrx_word' id='word_1_740' title='bbox 2486 4226 2733 4296; x_wconf 81' lang='grc' dir='ltr'>ὠνόμασε</span> <span class='ocrx_word' id='word_1_741' title='bbox 2760 4226 2981 4289; x_wconf 90' lang='grc' dir='ltr'>τελείοις</span> <span class='ocrx_word' id='word_1_742' title='bbox 3021 4226 3253 4293; x_wconf 90' lang='grc' dir='ltr'>εὐλόγως</span> <span class='ocrx_word' id='word_1_743' title='bbox 3284 4225 3655 4296; x_wconf 85' lang='grc' dir='ltr'>παραδοθησο-</span> 
     </span>
    </p>
   </div>
   <div class='ocr_carea' id='block_1_92' title="bbox 423 4314 1993 4416">
    <p class='ocr_par' dir='ltr' id='par_1_92' title="bbox 423 4320 1982 4396">
     <span class='ocr_line' id='line_1_92' title="bbox 423 4320 1982 4396; baseline -0.002 -17"><span class='ocrx_word' id='word_1_744' title='bbox 423 4345 445 4379; x_wconf 71' lang='grc' dir='ltr'><strong>ι</strong></span> <span class='ocrx_word' id='word_1_745' title='bbox 491 4325 825 4396; x_wconf 89' lang='lat' dir='ltr'><strong>Sapientiam</strong></span> <span class='ocrx_word' id='word_1_746' title='bbox 854 4323 1130 4391; x_wconf 85' lang='lat' dir='ltr'><strong>loquimur</strong></span> <span class='ocrx_word' id='word_1_747' title='bbox 1156 4322 1300 4375; x_wconf 87' lang='lat' dir='ltr'><strong>inter</strong></span> <span class='ocrx_word' id='word_1_748' title='bbox 1326 4320 1597 4391; x_wconf 82' lang='lat' dir='ltr'><strong>perfectos</strong></span> <span class='ocrx_word' id='word_1_749' title='bbox 1619 4321 1696 4387; x_wconf 74' lang='lat'><strong>&quot;;</strong></span> <span class='ocrx_word' id='word_1_750' title='bbox 1740 4339 1759 4373; x_wconf 83' lang='grc'><strong>›</strong></span> <span class='ocrx_word' id='word_1_751' title='bbox 1790 4323 1882 4377; x_wconf 90' lang='lat' dir='ltr'><strong>sed</strong></span> <span class='ocrx_word' id='word_1_752' title='bbox 1917 4323 1982 4376; x_wconf 87' lang='lat' dir='ltr'><strong>iis</strong></span> 
     </span>
    </p>
   </div>
   <div class='ocr_carea' id='block_1_93' title="bbox 2097 4314 3647 4416">
    <p class='ocr_par' dir='ltr' id='par_1_93' title="bbox 2097 4314 3647 4387">
     <span class='ocr_line' id='line_1_93' title="bbox 2097 4314 3647 4387; baseline -0.001 -18"><span class='ocrx_word' id='word_1_753' title='bbox 2097 4316 2277 4387; x_wconf 84' lang='grc' dir='ltr'>μένην,</span> <span class='ocrx_word' id='word_1_754' title='bbox 2304 4316 2494 4385; x_wconf 88' lang='grc' dir='ltr'>λέγων·</span> <span class='ocrx_word' id='word_1_755' title='bbox 2526 4336 2545 4368; x_wconf 76' lang='grc' dir='ltr'><strong>ι</strong></span> <span class='ocrx_word' id='word_1_756' title='bbox 2564 4317 2761 4386; x_wconf 76' lang='grc' dir='ltr'>Σοφίαν</span> <span class='ocrx_word' id='word_1_757' title='bbox 2790 4317 2845 4368; x_wconf 85' lang='grc' dir='ltr'><strong>δὲ</strong></span> <span class='ocrx_word' id='word_1_758' title='bbox 2861 4314 3123 4386; x_wconf 87' lang='grc' dir='ltr'>λαλοῦμεν</span> <span class='ocrx_word' id='word_1_759' title='bbox 3156 4318 3212 4369; x_wconf 89' lang='lat' dir='ltr'><strong>tv</strong></span> <span class='ocrx_word' id='word_1_760' title='bbox 3233 4321 3343 4380; x_wconf 88' lang='grc' dir='ltr'>τοῖς</span> <span class='ocrx_word' id='word_1_761' title='bbox 3371 4317 3647 4379; x_wconf 70' lang='grc' dir='ltr'>τελείοις»</span> 
     </span>
    </p>
   </div>
   <div class='ocr_carea' id='block_1_94' title="bbox 420 4407 1993 4485">
    <p class='ocr_par' dir='ltr' id='par_1_94' title="bbox 420 4413 1981 4485">
     <span class='ocr_line' id='line_1_94' title="bbox 420 4413 1981 4485; baseline -0.001 -14"><span class='ocrx_word' id='word_1_762' title='bbox 420 4419 474 4471; x_wconf 92' lang='lat' dir='ltr'><strong>in</strong></span> <span class='ocrx_word' id='word_1_763' title='bbox 505 4417 655 4471; x_wconf 90' lang='lat' dir='ltr'><strong>aliud</strong></span> <span class='ocrx_word' id='word_1_764' title='bbox 686 4428 896 4485; x_wconf 88' lang='lat' dir='ltr'><strong>tempus</strong></span> <span class='ocrx_word' id='word_1_765' title='bbox 944 4414 1148 4477; x_wconf 87' lang='lat' dir='ltr'><strong>dilatis,</strong></span> <span class='ocrx_word' id='word_1_766' title='bbox 1179 4415 1314 4469; x_wconf 87' lang='lat' dir='ltr'><strong>satis</strong></span> <span class='ocrx_word' id='word_1_767' title='bbox 1343 4413 1559 4468; x_wconf 88' lang='lat' dir='ltr'><strong>habebo</strong></span> <span class='ocrx_word' id='word_1_768' title='bbox 1585 4413 1773 4481; x_wconf 90' lang='lat' dir='ltr'><strong>paucis</strong></span> <span class='ocrx_word' id='word_1_769' title='bbox 1801 4414 1981 4469; x_wconf 90' lang='lat' dir='ltr'><strong>dicere</strong></span> 
     </span>
    </p>
   </div>
   <div class='ocr_carea' id='block_1_95' title="bbox 2097 4407 3653 4485">
    <p class='ocr_par' dir='ltr' id='par_1_95' title="bbox 2097 4407 3653 4481">
     <span class='ocr_line' id='line_1_95' title="bbox 2097 4407 3653 4481; baseline 0 -21"><span class='ocrx_word' id='word_1_770' title='bbox 2097 4409 2182 4460; x_wconf 64' lang='grc' dir='ltr'>ἐπὶ</span> <span class='ocrx_word' id='word_1_771' title='bbox 2213 4408 2305 4461; x_wconf 89' lang='grc' dir='ltr'><strong>τοῦ</strong></span> <span class='ocrx_word' id='word_1_772' title='bbox 2346 4409 2607 4480; x_wconf 88' lang='grc' dir='ltr'>παρόντος</span> <span class='ocrx_word' id='word_1_773' title='bbox 2644 4407 3085 4481; x_wconf 85' lang='grc' dir='ltr'>ὑπερτιθέμενοι,</span> <span class='ocrx_word' id='word_1_774' title='bbox 3141 4410 3225 4460; x_wconf 74' lang='grc' dir='ltr'>ἐπ’</span> <span class='ocrx_word' id='word_1_775' title='bbox 3246 4409 3421 4476; x_wconf 82' lang='grc' dir='ltr'>ὀλίγον</span> <span class='ocrx_word' id='word_1_776' title='bbox 3457 4409 3653 4479; x_wconf 84' lang='grc' dir='ltr'>ὑπομι-</span> 
     </span>
    </p>
   </div>
   <div class='ocr_carea' id='block_1_96' title="bbox 420 4503 1695 4574">
    <p class='ocr_par' dir='ltr' id='par_1_96' title="bbox 420 4503 1695 4574">
     <span class='ocr_line' id='line_1_96' title="bbox 420 4503 1695 4574; baseline 0 -16"><span class='ocrx_word' id='word_1_777' title='bbox 420 4521 539 4574; x_wconf 75' lang='lat' dir='ltr'><strong>qua:</strong></span> <span class='ocrx_word' id='word_1_778' title='bbox 569 4506 825 4574; x_wconf 77' lang='lat' dir='ltr'><strong>praesenti</strong></span> <span class='ocrx_word' id='word_1_779' title='bbox 852 4504 1128 4573; x_wconf 91' lang='lat' dir='ltr'><strong>proposito</strong></span> <span class='ocrx_word' id='word_1_780' title='bbox 1161 4503 1312 4556; x_wconf 89' lang='lat' dir='ltr'><strong>utilia</strong></span> <span class='ocrx_word' id='word_1_781' title='bbox 1348 4505 1695 4558; x_wconf 77' lang='lat' dir='ltr'><strong>videbuntur.</strong></span> 
     </span>
    </p>
   </div>
   <div class='ocr_carea' id='block_1_97' title="bbox 491 4594 1980 4663">
    <p class='ocr_par' dir='ltr' id='par_1_97' title="bbox 491 4594 1980 4663">
     <span class='ocr_line' id='line_1_97' title="bbox 491 4594 1980 4663; baseline -0.001 -15"><span class='ocrx_word' id='word_1_782' title='bbox 491 4596 585 4650; x_wconf 76' lang='lat'><strong>25.</strong></span> <span class='ocrx_word' id='word_1_783' title='bbox 619 4594 736 4649; x_wconf 73' lang='lat' dir='ltr'><strong>lam</strong></span> <span class='ocrx_word' id='word_1_784' title='bbox 766 4610 932 4663; x_wconf 90' lang='lat' dir='ltr'><strong>supra</strong></span> <span class='ocrx_word' id='word_1_785' title='bbox 979 4594 1217 4647; x_wconf 86' lang='lat' dir='ltr'><strong>diximus</strong></span> <span class='ocrx_word' id='word_1_786' title='bbox 1244 4594 1489 4661; x_wconf 65' lang='lat' dir='ltr'><strong>quaedam</strong></span> <span class='ocrx_word' id='word_1_787' title='bbox 1519 4608 1638 4648; x_wconf 90' lang='lat' dir='ltr'><strong>esse</strong></span> <span class='ocrx_word' id='word_1_788' title='bbox 1673 4596 1815 4648; x_wconf 88' lang='lat' dir='ltr'><strong>dicta</strong></span> <span class='ocrx_word' id='word_1_789' title='bbox 1844 4596 1980 4662; x_wconf 83' lang='lat' dir='ltr'><strong>ejus,</strong></span> 
     </span>
    </p>
   </div>
   <div class='ocr_carea' id='block_1_98' title="bbox 419 4682 1980 4755">
    <p class='ocr_par' dir='ltr' id='par_1_98' title="bbox 419 4682 1980 4755">
     <span class='ocr_line' id='line_1_98' title="bbox 419 4682 1980 4755; baseline -0.002 -17"><span class='ocrx_word' id='word_1_790' title='bbox 419 4686 514 4755; x_wconf 88' lang='lat' dir='ltr'><strong>qui</strong></span> <span class='ocrx_word' id='word_1_791' title='bbox 551 4687 603 4738; x_wconf 91' lang='lat' dir='ltr'><strong>in</strong></span> <span class='ocrx_word' id='word_1_792' title='bbox 629 4682 757 4738; x_wconf 84' lang='lat' dir='ltr'><strong>Jesu</strong></span> <span class='ocrx_word' id='word_1_793' title='bbox 782 4693 924 4746; x_wconf 89' lang='lat' dir='ltr'><strong>erat,</strong></span> <span class='ocrx_word' id='word_1_794' title='bbox 959 4700 978 4734; x_wconf 81' lang='grc' dir='ltr'><strong>ι</strong></span> <span class='ocrx_word' id='word_1_795' title='bbox 1009 4683 1355 4751; x_wconf 87' lang='lat' dir='ltr'><strong>primogeniti</strong></span> <span class='ocrx_word' id='word_1_796' title='bbox 1388 4684 1565 4738; x_wconf 91' lang='lat' dir='ltr'><strong>omnis</strong></span> <span class='ocrx_word' id='word_1_797' title='bbox 1599 4687 1980 4747; x_wconf 64' lang='lat' dir='ltr'><strong>creaturaa&#39;°,i</strong></span> 
     </span>
    </p>
   </div>
   <div class='ocr_carea' id='block_1_99' title="bbox 420 4771 1986 4842">
    <p class='ocr_par' dir='ltr' id='par_1_99' title="bbox 420 4771 1986 4842">
     <span class='ocr_line' id='line_1_99' title="bbox 420 4771 1986 4842; baseline -0.003 -17"><span class='ocrx_word' id='word_1_798' title='bbox 420 4782 480 4825; x_wconf 94' lang='lat' dir='ltr'><strong>ut</strong></span> <span class='ocrx_word' id='word_1_799' title='bbox 505 4772 647 4825; x_wconf 89' lang='lat' dir='ltr'><strong>istud</strong></span> <span class='ocrx_word' id='word_1_800' title='bbox 680 4788 695 4824; x_wconf 88' lang='lat'><strong>:</strong></span> <span class='ocrx_word' id='word_1_801' title='bbox 733 4790 753 4822; x_wconf 69' lang='grc' dir='ltr'><strong>ι</strong></span> <span class='ocrx_word' id='word_1_802' title='bbox 792 4771 906 4839; x_wconf 85' lang='lat' dir='ltr'><strong>Ego</strong></span> <span class='ocrx_word' id='word_1_803' title='bbox 929 4786 1046 4824; x_wconf 93' lang='lat' dir='ltr'><strong>sum</strong></span> <span class='ocrx_word' id='word_1_804' title='bbox 1074 4774 1184 4836; x_wconf 87' lang='lat' dir='ltr'><strong>via,</strong></span> <span class='ocrx_word' id='word_1_805' title='bbox 1215 4773 1420 4824; x_wconf 91' lang='lat' dir='ltr'><strong>veritas</strong></span> <span class='ocrx_word' id='word_1_806' title='bbox 1444 4779 1497 4823; x_wconf 90' lang='lat' dir='ltr'><strong>et</strong></span> <span class='ocrx_word' id='word_1_807' title='bbox 1528 4771 1636 4824; x_wconf 90' lang='lat' dir='ltr'><strong>vita</strong></span> <span class='ocrx_word' id='word_1_808' title='bbox 1666 4772 1735 4836; x_wconf 81' lang='grc'><strong>⁸¹,</strong></span> <span class='ocrx_word' id='word_1_809' title='bbox 1778 4790 1795 4821; x_wconf 74' lang='grc' dir='ltr'><strong>ι</strong></span> <span class='ocrx_word' id='word_1_810' title='bbox 1822 4771 1986 4842; x_wconf 67' lang='grc'><strong>410</strong></span> 
     </span>
    </p>
   </div>
   <div class='ocr_carea' id='block_1_100' title="bbox 422 4858 1986 4928">
    <p class='ocr_par' dir='ltr' id='par_1_100' title="bbox 422 4858 1986 4928">
     <span class='ocr_line' id='line_1_100' title="bbox 422 4858 1986 4928; baseline 0.001 -13"><span class='ocrx_word' id='word_1_811' title='bbox 422 4868 480 4915; x_wconf 84' lang='lat' dir='ltr'><strong>et</strong></span> <span class='ocrx_word' id='word_1_812' title='bbox 532 4859 640 4912; x_wconf 89' lang='lat' dir='ltr'><strong>alia</strong></span> <span class='ocrx_word' id='word_1_813' title='bbox 686 4858 929 4928; x_wconf 86' lang='lat' dir='ltr'><strong>ejusdem</strong></span> <span class='ocrx_word' id='word_1_814' title='bbox 966 4860 1218 4928; x_wconf 90' lang='lat' dir='ltr'><strong>generis;</strong></span> <span class='ocrx_word' id='word_1_815' title='bbox 1246 4860 1347 4912; x_wconf 91' lang='lat' dir='ltr'><strong>alia</strong></span> <span class='ocrx_word' id='word_1_816' title='bbox 1383 4868 1565 4913; x_wconf 90' lang='lat' dir='ltr'><strong>autem</strong></span> <span class='ocrx_word' id='word_1_817' title='bbox 1601 4874 1724 4913; x_wconf 87' lang='lat' dir='ltr'><strong>esse</strong></span> <span class='ocrx_word' id='word_1_818' title='bbox 1752 4861 1986 4916; x_wconf 87' lang='lat' dir='ltr'><strong>hominis</strong></span> 
     </span>
    </p>
   </div>
   <div class='ocr_carea' id='block_1_101' title="bbox 422 4947 1978 5020">
    <p class='ocr_par' dir='ltr' id='par_1_101' title="bbox 422 4947 1978 5020">
     <span class='ocr_line' id='line_1_101' title="bbox 422 4947 1978 5020; baseline 0 -15"><span class='ocrx_word' id='word_1_819' title='bbox 422 4951 589 5014; x_wconf 91' lang='lat' dir='ltr'><strong>illius,</strong></span> <span class='ocrx_word' id='word_1_820' title='bbox 643 4951 733 5019; x_wconf 90' lang='lat' dir='ltr'><strong>qui</strong></span> <span class='ocrx_word' id='word_1_821' title='bbox 769 4950 823 5003; x_wconf 94' lang='lat' dir='ltr'><strong>in</strong></span> <span class='ocrx_word' id='word_1_822' title='bbox 857 4964 923 5003; x_wconf 92' lang='lat' dir='ltr'><strong>eo</strong></span> <span class='ocrx_word' id='word_1_823' title='bbox 952 4949 1303 5020; x_wconf 89' lang='lat' dir='ltr'><strong>intelligitur,</strong></span> <span class='ocrx_word' id='word_1_824' title='bbox 1352 4947 1657 5015; x_wconf 72' lang='lat' dir='ltr'><strong>cuiusmodi</strong></span> <span class='ocrx_word' id='word_1_825' title='bbox 1692 4949 1792 5003; x_wconf 86' lang='lat' dir='ltr'><strong>hoc</strong></span> <span class='ocrx_word' id='word_1_826' title='bbox 1839 4960 1922 5005; x_wconf 90' lang='lat' dir='ltr'><strong>est</strong></span> <span class='ocrx_word' id='word_1_827' title='bbox 1962 4967 1978 5005; x_wconf 88' lang='lat'><strong>:</strong></span> 
     </span>
    </p>
   </div>
   <div class='ocr_carea' id='block_1_102' title="bbox 427 5038 1978 5108">
    <p class='ocr_par' dir='ltr' id='par_1_102' title="bbox 427 5038 1978 5108">
     <span class='ocr_line' id='line_1_102' title="bbox 427 5038 1978 5108; baseline -0.001 -12"><span class='ocrx_word' id='word_1_828' title='bbox 427 5042 629 5096; x_wconf 65' lang='lat' dir='ltr'><strong>chunc</strong></span> <span class='ocrx_word' id='word_1_829' title='bbox 680 5050 858 5094; x_wconf 88' lang='lat' dir='ltr'><strong>autem</strong></span> <span class='ocrx_word' id='word_1_830' title='bbox 906 5040 1149 5108; x_wconf 64' lang='lat' dir='ltr'><strong>quaeritis</strong></span> <span class='ocrx_word' id='word_1_831' title='bbox 1203 5054 1287 5094; x_wconf 87' lang='lat' dir='ltr'><strong>me</strong></span> <span class='ocrx_word' id='word_1_832' title='bbox 1325 5038 1654 5105; x_wconf 76' lang='lat' dir='ltr'><strong>interficere,</strong></span> <span class='ocrx_word' id='word_1_833' title='bbox 1708 5041 1978 5095; x_wconf 84' lang='lat' dir='ltr'><strong>hominem</strong></span> 
     </span>
    </p>
   </div>
   <div class='ocr_carea' id='block_1_103' title="bbox 420 5129 1981 5205">
    <p class='ocr_par' dir='ltr' id='par_1_103' title="bbox 420 5129 1981 5205">
     <span class='ocr_line' id='line_1_103' title="bbox 420 5129 1981 5205; baseline -0.002 -17"><span class='ocrx_word' id='word_1_834' title='bbox 420 5134 512 5205; x_wconf 90' lang='lat' dir='ltr'><strong>qui</strong></span> <span class='ocrx_word' id='word_1_835' title='bbox 549 5132 832 5187; x_wconf 86' lang='lat' dir='ltr'><strong>veritatem</strong></span> <span class='ocrx_word' id='word_1_836' title='bbox 864 5130 1018 5184; x_wconf 89' lang='lat' dir='ltr'><strong>vobis</strong></span> <span class='ocrx_word' id='word_1_837' title='bbox 1062 5129 1275 5183; x_wconf 86' lang='lat' dir='ltr'><strong>locutus</strong></span> <span class='ocrx_word' id='word_1_838' title='bbox 1327 5144 1468 5193; x_wconf 91' lang='lat' dir='ltr'><strong>sum,</strong></span> <span class='ocrx_word' id='word_1_839' title='bbox 1516 5144 1679 5198; x_wconf 90' lang='lat' dir='ltr'><strong>quam</strong></span> <span class='ocrx_word' id='word_1_840' title='bbox 1728 5132 1910 5185; x_wconf 85' lang='lat' dir='ltr'><strong>audivi</strong></span> <span class='ocrx_word' id='word_1_841' title='bbox 1951 5146 1981 5185; x_wconf 91' lang='lat' dir='ltr'><strong>a</strong></span> 
     </span>
    </p>
   </div>
   <div class='ocr_carea' id='block_1_104' title="bbox 482 5245 1385 5309">
    <p class='ocr_par' dir='ltr' id='par_1_104' title="bbox 482 5245 1385 5309">
     <span class='ocr_line' id='line_1_104' title="bbox 482 5245 1385 5309; baseline -0.007 -5"><span class='ocrx_word' id='word_1_842' title='bbox 482 5250 530 5281; x_wconf 76' lang='lat'>&quot;</span> <span class='ocrx_word' id='word_1_843' title='bbox 552 5248 740 5303; x_wconf 82' lang='lat' dir='ltr'><strong>Matth.</strong></span> <span class='ocrx_word' id='word_1_844' title='bbox 776 5262 926 5309; x_wconf 71' lang='grc' dir='ltr'>χχιιι,</span> <span class='ocrx_word' id='word_1_845' title='bbox 973 5246 1063 5301; x_wconf 82' lang='grc'><strong>59.</strong></span> <span class='ocrx_word' id='word_1_846' title='bbox 1166 5245 1211 5277; x_wconf 71' lang='grc'>⁸⁸</span> <span class='ocrx_word' id='word_1_847' title='bbox 1249 5246 1385 5300; x_wconf 90' lang='lat' dir='ltr'><strong>Ibid.</strong></span> 
     </span>
    </p>
   </div>
   <div class='ocr_carea' id='block_1_105' title="bbox 419 5313 1920 5382">
    <p class='ocr_par' dir='ltr' id='par_1_105' title="bbox 419 5313 1920 5382">
     <span class='ocr_line' id='line_1_105' title="bbox 419 5313 1920 5382; baseline -0.002 -9"><span class='ocrx_word' id='word_1_848' title='bbox 419 5320 466 5352; x_wconf 74' lang='grc' dir='ltr'><strong>δ’</strong></span> <span class='ocrx_word' id='word_1_849' title='bbox 492 5320 511 5373; x_wconf 93' lang='grc' dir='ltr'><strong>ι</strong></span> <span class='ocrx_word' id='word_1_850' title='bbox 533 5320 659 5374; x_wconf 86' lang='lat' dir='ltr'><strong>Cor.</strong></span> <span class='ocrx_word' id='word_1_851' title='bbox 688 5336 746 5382; x_wconf 90' lang='grc' dir='ltr'><strong>ιι,</strong></span> <span class='ocrx_word' id='word_1_852' title='bbox 786 5318 841 5371; x_wconf 83' lang='grc'><strong>6.</strong></span> <span class='ocrx_word' id='word_1_853' title='bbox 914 5318 959 5348; x_wconf 85' lang='grc'><strong>⁸⁰</strong></span> <span class='ocrx_word' id='word_1_854' title='bbox 992 5315 1202 5369; x_wconf 57' lang='grc' dir='ltr'><strong>(Τίδιοδε.</strong></span> <span class='ocrx_word' id='word_1_855' title='bbox 1235 5332 1275 5379; x_wconf 90' lang='grc' dir='ltr'><strong>ι,</strong></span> <span class='ocrx_word' id='word_1_856' title='bbox 1307 5316 1393 5370; x_wconf 79' lang='grc'><strong>15.</strong></span> <span class='ocrx_word' id='word_1_857' title='bbox 1468 5316 1509 5347; x_wconf 82' lang='grc'>⁸¹</span> <span class='ocrx_word' id='word_1_858' title='bbox 1538 5313 1694 5370; x_wconf 82' lang='lat' dir='ltr'><strong>Joan.</strong></span> <span class='ocrx_word' id='word_1_859' title='bbox 1727 5330 1834 5381; x_wconf 83' lang='lat' dir='ltr'><strong>xlv,</strong></span> <span class='ocrx_word' id='word_1_860' title='bbox 1869 5317 1920 5370; x_wconf 89' lang='lat'><em>6.</em></span> 
     </span>
    </p>
   </div>
   <div class='ocr_carea' id='block_1_106' title="bbox 496 5404 1981 5481">
    <p class='ocr_par' dir='ltr' id='par_1_106' title="bbox 496 5404 1981 5481">
     <span class='ocr_line' id='line_1_106' title="bbox 496 5404 1981 5481; baseline -0.005 -16"><span class='ocrx_word' id='word_1_861' title='bbox 496 5411 608 5481; x_wconf 56' lang='grc' dir='ltr'>(δέ)</span> <span class='ocrx_word' id='word_1_862' title='bbox 648 5407 991 5481; x_wconf 77' lang='grc' dir='ltr'>Παρελθεῖν.</span> <span class='ocrx_word' id='word_1_863' title='bbox 1036 5404 1342 5481; x_wconf 67' lang='lat' dir='ltr'><strong>Scripserat</strong></span> <span class='ocrx_word' id='word_1_864' title='bbox 1366 5404 1613 5481; x_wconf 58' lang='lat' dir='ltr'><strong>fortasse</strong></span> <span class='ocrx_word' id='word_1_865' title='bbox 1656 5404 1843 5481; x_wconf 37' lang='lat' dir='ltr'><strong>Cels-us</strong></span> <span class='ocrx_word' id='word_1_866' title='bbox 1872 5418 1887 5456; x_wconf 91' lang='lat'><strong>:</strong></span> <span class='ocrx_word' id='word_1_867' title='bbox 1918 5407 1981 5458; x_wconf 82' lang='grc' dir='ltr'>Εί</span> 
     </span>
    </p>
   </div>
   <div class='ocr_carea' id='block_1_107' title="bbox 421 5472 1878 5548">
    <p class='ocr_par' dir='ltr' id='par_1_107' title="bbox 421 5472 1878 5548">
     <span class='ocr_line' id='line_1_107' title="bbox 421 5472 1878 5548; baseline -0.008 -13"><span class='ocrx_word' id='word_1_868' title='bbox 421 5472 640 5535; x_wconf 78' lang='grc' dir='ltr'>δύναται</span> <span class='ocrx_word' id='word_1_869' title='bbox 672 5472 1009 5548; x_wconf 58' lang='grc' dir='ltr'>τὸ⁷ποτήριον</span> <span class='ocrx_word' id='word_1_870' title='bbox 1036 5472 1191 5548; x_wconf 82' lang='grc' dir='ltr'>τοῦτο</span> <span class='ocrx_word' id='word_1_871' title='bbox 1224 5475 1529 5547; x_wconf 89' lang='grc' dir='ltr'>παρελθεῖν,</span> <span class='ocrx_word' id='word_1_872' title='bbox 1549 5472 1878 5548; x_wconf 65' lang='grc' dir='ltr'>παρελθέτω,</span> 
     </span>
    </p>
   </div>
   <div class='ocr_carea' id='block_1_108' title="bbox 496 5542 1979 5617">
    <p class='ocr_par' dir='ltr' id='par_1_108' title="bbox 496 5542 1979 5617">
     <span class='ocr_line' id='line_1_108' title="bbox 496 5542 1979 5617; baseline -0.003 -14"><span class='ocrx_word' id='word_1_873' title='bbox 496 5550 609 5617; x_wconf 83' lang='grc'><strong>(55)</strong></span> <span class='ocrx_word' id='word_1_874' title='bbox 655 5549 833 5616; x_wconf 80' lang='grc' dir='ltr'><strong>Ἑξῆς</strong></span> <span class='ocrx_word' id='word_1_875' title='bbox 850 5542 1050 5617; x_wconf 66' lang='grc' dir='ltr'>τούτῳ.</span> <span class='ocrx_word' id='word_1_876' title='bbox 1074 5546 1163 5617; x_wconf 67' lang='lat' dir='ltr'><strong>Sic</strong></span> <span class='ocrx_word' id='word_1_877' title='bbox 1186 5542 1328 5601; x_wconf 74' lang='lat' dir='ltr'><strong>recte</strong></span> <span class='ocrx_word' id='word_1_878' title='bbox 1349 5548 1517 5602; x_wconf 78' lang='lat' dir='ltr'><strong>codex</strong></span> <span class='ocrx_word' id='word_1_879' title='bbox 1544 5542 1809 5599; x_wconf 84' lang='lat' dir='ltr'><strong>Jolianus.</strong></span> <span class='ocrx_word' id='word_1_880' title='bbox 1826 5542 1979 5598; x_wconf 84' lang='lat' dir='ltr'><strong>Libb.</strong></span> 
     </span>
    </p>
   </div>
   <div class='ocr_carea' id='block_1_109' title="bbox 424 5613 1220 5682">
    <p class='ocr_par' dir='ltr' id='par_1_109' title="bbox 424 5613 1220 5682">
     <span class='ocr_line' id='line_1_109' title="bbox 424 5613 1220 5682; baseline -0.006 -8"><span class='ocrx_word' id='word_1_881' title='bbox 424 5613 599 5674; x_wconf 55' lang='lat' dir='ltr'><strong>antea&#39;</strong></span> <span class='ocrx_word' id='word_1_882' title='bbox 620 5613 927 5682; x_wconf 68' lang='lat' dir='ltr'><strong>editi,t&amp;ﬁc</strong></span> <span class='ocrx_word' id='word_1_883' title='bbox 964 5613 1019 5667; x_wconf 66' lang='grc' dir='ltr'>δὲ</span> <span class='ocrx_word' id='word_1_884' title='bbox 1047 5613 1220 5669; x_wconf 82' lang='grc' dir='ltr'>τοῦτο.</span> 
     </span>
    </p>
   </div>
   <div class='ocr_carea' id='block_1_110' title="bbox 2093 4498 3532 4569">
    <p class='ocr_par' dir='ltr' id='par_1_110' title="bbox 2093 4498 3532 4569">
     <span class='ocr_line' id='line_1_110' title="bbox 2093 4498 3532 4569; baseline 0 -17"><span class='ocrx_word' id='word_1_885' title='bbox 2093 4500 2445 4569; x_wconf 85' lang='grc' dir='ltr'>μνησκόμεθα</span> <span class='ocrx_word' id='word_1_886' title='bbox 2475 4499 2582 4551; x_wconf 82' lang='grc' dir='ltr'><strong>τῶν</strong></span> <span class='ocrx_word' id='word_1_887' title='bbox 2605 4498 2737 4568; x_wconf 82' lang='grc' dir='ltr'>πρὸς</span> <span class='ocrx_word' id='word_1_888' title='bbox 2760 4500 2819 4550; x_wconf 85' lang='grc' dir='ltr'><strong>τὸ</strong></span> <span class='ocrx_word' id='word_1_889' title='bbox 2843 4500 3199 4569; x_wconf 85' lang='grc' dir='ltr'>προκείμενον</span> <span class='ocrx_word' id='word_1_890' title='bbox 3231 4498 3532 4569; x_wconf 84' lang='grc' dir='ltr'>χρησίμων.</span> 
     </span>
    </p>
   </div>
   <div class='ocr_carea' id='block_1_111' title="bbox 2175 4587 3658 4659">
    <p class='ocr_par' dir='ltr' id='par_1_111' title="bbox 2175 4587 3658 4659">
     <span class='ocr_line' id='line_1_111' title="bbox 2175 4587 3658 4659; baseline -0.001 -17"><span class='ocrx_word' id='word_1_891' title='bbox 2175 4591 2460 4659; x_wconf 84' lang='grc' dir='ltr'>Ἐλέγομεν</span> <span class='ocrx_word' id='word_1_892' title='bbox 2498 4588 2562 4659; x_wconf 84' lang='grc' dir='ltr'>δὴ</span> <span class='ocrx_word' id='word_1_893' title='bbox 2600 4589 2693 4640; x_wconf 75' lang='grc' dir='ltr'><strong>καὶ</strong></span> <span class='ocrx_word' id='word_1_894' title='bbox 2756 4587 2813 4640; x_wconf 88' lang='lat' dir='ltr'><strong>tv</strong></span> <span class='ocrx_word' id='word_1_895' title='bbox 2859 4592 2969 4651; x_wconf 89' lang='grc' dir='ltr'>τοῖς</span> <span class='ocrx_word' id='word_1_896' title='bbox 3021 4589 3292 4657; x_wconf 86' lang='grc' dir='ltr'>ἀνωτέρω,</span> <span class='ocrx_word' id='word_1_897' title='bbox 3342 4590 3423 4641; x_wconf 79' lang='grc' dir='ltr'>ὅτι</span> <span class='ocrx_word' id='word_1_898' title='bbox 3464 4589 3520 4640; x_wconf 87' lang='grc' dir='ltr'>αἱ</span> <span class='ocrx_word' id='word_1_899' title='bbox 3550 4587 3658 4657; x_wconf 82' lang='grc' dir='ltr'><strong>μέν</strong></span> 
     </span>
    </p>
   </div>
   <div class='ocr_carea' id='block_1_112' title="bbox 2085 4678 3649 4750">
    <p class='ocr_par' dir='ltr' id='par_1_112' title="bbox 2085 4678 3649 4750">
     <span class='ocr_line' id='line_1_112' title="bbox 2085 4678 3649 4750; baseline -0.003 -15"><span class='ocrx_word' id='word_1_900' title='bbox 2085 4683 2229 4745; x_wconf 85' lang='grc' dir='ltr'>τινές</span> <span class='ocrx_word' id='word_1_901' title='bbox 2246 4685 2350 4735; x_wconf 79' lang='grc' dir='ltr'>εἰσι</span> <span class='ocrx_word' id='word_1_902' title='bbox 2374 4682 2546 4749; x_wconf 68' lang='grc' dir='ltr'>φωναὶ</span> <span class='ocrx_word' id='word_1_903' title='bbox 2568 4678 2659 4731; x_wconf 91' lang='grc' dir='ltr'><strong>τοῦ</strong></span> <span class='ocrx_word' id='word_1_904' title='bbox 2680 4681 2736 4731; x_wconf 91' lang='lat' dir='ltr'><strong>tv</strong></span> <span class='ocrx_word' id='word_1_905' title='bbox 2756 4680 2833 4750; x_wconf 82' lang='grc' dir='ltr'>τῷ</span> <span class='ocrx_word' id='word_1_906' title='bbox 2858 4680 3030 4750; x_wconf 83' lang='grc' dir='ltr'>Ἰησοῦ</span> <span class='ocrx_word' id='word_1_907' title='bbox 3056 4700 3073 4732; x_wconf 78' lang='grc' dir='ltr'><strong>ι</strong></span> <span class='ocrx_word' id='word_1_908' title='bbox 3104 4680 3444 4749; x_wconf 87' lang='grc' dir='ltr'>πρωτοτόκου</span> <span class='ocrx_word' id='word_1_909' title='bbox 3474 4680 3649 4748; x_wconf 86' lang='grc' dir='ltr'>πάσης</span> 
     </span>
    </p>
   </div>
   <div class='ocr_carea' id='block_1_113' title="bbox 2086 4771 3648 4845">
    <p class='ocr_par' dir='ltr' id='par_1_113' title="bbox 2086 4771 3648 4845">
     <span class='ocr_line' id='line_1_113' title="bbox 2086 4771 3648 4845; baseline -0.005 -16"><span class='ocrx_word' id='word_1_910' title='bbox 2086 4775 2332 4839; x_wconf 83' lang='grc' dir='ltr'>κτίσεως,</span> <span class='ocrx_word' id='word_1_911' title='bbox 2357 4794 2374 4825; x_wconf 78' lang='grc' dir='ltr'><strong>ι</strong></span> <span class='ocrx_word' id='word_1_912' title='bbox 2396 4776 2471 4836; x_wconf 84' lang='grc' dir='ltr'>ὡς</span> <span class='ocrx_word' id='word_1_913' title='bbox 2492 4776 2544 4843; x_wconf 85' lang='grc' dir='ltr'><strong>ή·</strong></span> <span class='ocrx_word' id='word_1_914' title='bbox 2574 4796 2591 4827; x_wconf 88' lang='grc'><strong>‹</strong></span> <span class='ocrx_word' id='word_1_915' title='bbox 2622 4775 2760 4841; x_wconf 81' lang='grc' dir='ltr'><strong>Ἐγώ</strong></span> <span class='ocrx_word' id='word_1_916' title='bbox 2780 4776 2891 4842; x_wconf 85' lang='grc' dir='ltr'>εἰμι</span> <span class='ocrx_word' id='word_1_917' title='bbox 2914 4778 2945 4845; x_wconf 83' lang='grc' dir='ltr'>ἡ</span> <span class='ocrx_word' id='word_1_918' title='bbox 2970 4773 3105 4836; x_wconf 79' lang='grc' dir='ltr'>ὁδὸς,</span> <span class='ocrx_word' id='word_1_919' title='bbox 3127 4773 3271 4841; x_wconf 75' lang='grc' dir='ltr'>καὶὴ</span> <span class='ocrx_word' id='word_1_920' title='bbox 3297 4771 3537 4840; x_wconf 79' lang='grc' dir='ltr'>ἀλήθεια,</span> <span class='ocrx_word' id='word_1_921' title='bbox 3560 4772 3648 4822; x_wconf 75' lang='grc' dir='ltr'>καὶ</span> 
     </span>
    </p>
   </div>
   <div class='ocr_carea' id='block_1_114' title="bbox 2086 4858 3646 4936">
    <p class='ocr_par' dir='ltr' id='par_1_114' title="bbox 2086 4858 3646 4936">
     <span class='ocr_line' id='line_1_114' title="bbox 2086 4858 3646 4936; baseline -0.006 -18"><span class='ocrx_word' id='word_1_922' title='bbox 2086 4867 2119 4935; x_wconf 85' lang='grc' dir='ltr'><strong>ή</strong></span> <span class='ocrx_word' id='word_1_923' title='bbox 2152 4865 2282 4936; x_wconf 81' lang='grc' dir='ltr'>ζωὴ,</span> <span class='ocrx_word' id='word_1_924' title='bbox 2324 4884 2341 4915; x_wconf 80' lang='grc' dir='ltr'><strong>ι</strong></span> <span class='ocrx_word' id='word_1_925' title='bbox 2378 4866 2469 4917; x_wconf 77' lang='grc' dir='ltr'>καὶ</span> <span class='ocrx_word' id='word_1_926' title='bbox 2504 4867 2558 4917; x_wconf 82' lang='lat' dir='ltr'><strong>al</strong></span> <span class='ocrx_word' id='word_1_927' title='bbox 2586 4864 2793 4926; x_wconf 83' lang='grc' dir='ltr'>τούτοις</span> <span class='ocrx_word' id='word_1_928' title='bbox 2822 4862 3212 4932; x_wconf 84' lang='grc' dir='ltr'>παραπλήσιαι·</span> <span class='ocrx_word' id='word_1_929' title='bbox 3241 4861 3297 4911; x_wconf 81' lang='grc' dir='ltr'><strong>αἱ</strong></span> <span class='ocrx_word' id='word_1_930' title='bbox 3330 4859 3385 4910; x_wconf 86' lang='grc' dir='ltr'><strong>δὲ</strong></span> <span class='ocrx_word' id='word_1_931' title='bbox 3410 4858 3503 4910; x_wconf 89' lang='grc' dir='ltr'><strong>τοῦ</strong></span> <span class='ocrx_word' id='word_1_932' title='bbox 3532 4859 3646 4910; x_wconf 82' lang='grc' dir='ltr'>κατ’</span> 
     </span>
    </p>
   </div>
   <div class='ocr_carea' id='block_1_115' title="bbox 2086 4948 3646 5025">
    <p class='ocr_par' dir='ltr' id='par_1_115' title="bbox 2086 4948 3646 5025">
     <span class='ocr_line' id='line_1_115' title="bbox 2086 4948 3646 5025; baseline -0.007 -16"><span class='ocrx_word' id='word_1_933' title='bbox 2086 4956 2248 5009; x_wconf 86' lang='grc' dir='ltr'>αὐτὸν</span> <span class='ocrx_word' id='word_1_934' title='bbox 2299 4956 2584 5025; x_wconf 88' lang='grc' dir='ltr'>νοουμένου</span> <span class='ocrx_word' id='word_1_935' title='bbox 2618 4952 2924 5024; x_wconf 86' lang='grc' dir='ltr'>ἀνθρώπου,</span> <span class='ocrx_word' id='word_1_936' title='bbox 2960 4953 3034 5014; x_wconf 87' lang='grc' dir='ltr'><strong>ὡς</strong></span> <span class='ocrx_word' id='word_1_937' title='bbox 3067 4954 3100 5021; x_wconf 82' lang='grc' dir='ltr'>ἡ</span> <span class='ocrx_word' id='word_1_938' title='bbox 3131 4950 3223 5002; x_wconf 89' lang='grc' dir='ltr'><strong>τοῦ</strong></span> <span class='ocrx_word' id='word_1_939' title='bbox 3244 4966 3256 4978; x_wconf 91' lang='grc'><strong>·</strong></span> <span class='ocrx_word' id='word_1_940' title='bbox 3298 4968 3316 4999; x_wconf 83' lang='lat' dir='ltr'><strong>t</strong></span> <span class='ocrx_word' id='word_1_941' title='bbox 3353 4948 3466 5000; x_wconf 84' lang='grc' dir='ltr'>Νῦν</span> <span class='ocrx_word' id='word_1_942' title='bbox 3489 4948 3544 4999; x_wconf 85' lang='grc' dir='ltr'><strong>δέ</strong></span> <span class='ocrx_word' id='word_1_943' title='bbox 3582 4964 3646 5016; x_wconf 83' lang='grc' dir='ltr'><strong>με</strong></span> 
     </span>
    </p>
   </div>
   <div class='ocr_carea' id='block_1_116' title="bbox 2088 5039 3647 5117">
    <p class='ocr_par' dir='ltr' id='par_1_116' title="bbox 2088 5039 3647 5117">
     <span class='ocr_line' id='line_1_116' title="bbox 2088 5039 3647 5117; baseline -0.006 -18"><span class='ocrx_word' id='word_1_944' title='bbox 2088 5044 2294 5117; x_wconf 81' lang='grc' dir='ltr'>ζητεῖτε</span> <span class='ocrx_word' id='word_1_945' title='bbox 2323 5047 2655 5109; x_wconf 87' lang='grc' dir='ltr'>ἀποκτεῖναι,</span> <span class='ocrx_word' id='word_1_946' title='bbox 2700 5044 2981 5115; x_wconf 78' lang='grc' dir='ltr'>ἄνθρωπον</span> <span class='ocrx_word' id='word_1_947' title='bbox 3012 5043 3070 5103; x_wconf 83' lang='grc' dir='ltr'>ὃς</span> <span class='ocrx_word' id='word_1_948' title='bbox 3100 5042 3198 5111; x_wconf 82' lang='grc' dir='ltr'>τὴν</span> <span class='ocrx_word' id='word_1_949' title='bbox 3240 5039 3495 5111; x_wconf 83' lang='grc' dir='ltr'>ἀλήθειαν</span> <span class='ocrx_word' id='word_1_950' title='bbox 3524 5039 3647 5108; x_wconf 85' lang='grc' dir='ltr'>ύμῖν</span> 
     </span>
    </p>
   </div>
   <div class='ocr_carea' id='block_1_117' title="bbox 2088 5130 3647 5211">
    <p class='ocr_par' dir='ltr' id='par_1_117' title="bbox 2088 5130 3647 5211">
     <span class='ocr_line' id='line_1_117' title="bbox 2088 5130 3647 5211; baseline -0.006 -20"><span class='ocrx_word' id='word_1_951' title='bbox 2088 5138 2376 5210; x_wconf 88' lang='grc' dir='ltr'>λελάληκα,</span> <span class='ocrx_word' id='word_1_952' title='bbox 2421 5140 2487 5211; x_wconf 80' lang='grc' dir='ltr'>ἣν</span> <span class='ocrx_word' id='word_1_953' title='bbox 2525 5140 2732 5209; x_wconf 73' lang='grc' dir='ltr'>ἥκουσα</span> <span class='ocrx_word' id='word_1_954' title='bbox 2771 5135 2921 5206; x_wconf 84' lang='grc' dir='ltr'>παρὰ</span> <span class='ocrx_word' id='word_1_955' title='bbox 2951 5134 3045 5187; x_wconf 88' lang='grc' dir='ltr'><strong>τοῦ</strong></span> <span class='ocrx_word' id='word_1_956' title='bbox 3076 5132 3285 5204; x_wconf 83' lang='grc' dir='ltr'>Πατρός</span> <span class='ocrx_word' id='word_1_957' title='bbox 3314 5130 3456 5201; x_wconf 82' lang='grc'><strong>(57)·</strong></span> <span class='ocrx_word' id='word_1_958' title='bbox 3492 5148 3515 5181; x_wconf 73' lang='grc' dir='ltr'><strong>ι</strong></span> <span class='ocrx_word' id='word_1_959' title='bbox 3540 5131 3647 5183; x_wconf 74' lang='grc' dir='ltr'>Καὶ</span> 
     </span>
    </p>
   </div>
   <div class='ocr_carea' id='block_1_118' title="bbox 1498 5242 3641 5315">
    <p class='ocr_par' dir='ltr' id='par_1_118' title="bbox 1498 5242 3641 5315">
     <span class='ocr_line' id='line_1_118' title="bbox 1498 5242 3641 5315; baseline -0.004 -15"><span class='ocrx_word' id='word_1_960' title='bbox 1498 5246 1561 5315; x_wconf 29' lang='lat' dir='ltr'><strong>&quot;A</strong></span> <span class='ocrx_word' id='word_1_961' title='bbox 1587 5245 1718 5301; x_wconf 83' lang='lat' dir='ltr'><strong>Ibid.</strong></span> <span class='ocrx_word' id='word_1_962' title='bbox 1741 5285 1756 5310; x_wconf 90' lang='lat'><strong>,</strong></span> <span class='ocrx_word' id='word_1_963' title='bbox 1802 5246 1889 5301; x_wconf 72' lang='grc'><strong>42.</strong></span> <span class='ocrx_word' id='word_1_964' title='bbox 1960 5246 2475 5307; x_wconf 67' lang='lat' dir='ltr'><strong>“Deut.xxxtt,59.</strong></span> <span class='ocrx_word' id='word_1_965' title='bbox 2557 5253 2601 5285; x_wconf 76' lang='grc'><strong>⁸⁷</strong></span> <span class='ocrx_word' id='word_1_966' title='bbox 2626 5252 2731 5307; x_wconf 84' lang='lat' dir='ltr'><strong>Isa.</strong></span> <span class='ocrx_word' id='word_1_967' title='bbox 2774 5266 2904 5314; x_wconf 74' lang='lat' dir='ltr'><strong>Lvn,</strong></span> <span class='ocrx_word' id='word_1_968' title='bbox 2934 5250 3018 5315; x_wconf 79' lang='grc'><strong>17,</strong></span> <span class='ocrx_word' id='word_1_969' title='bbox 3052 5250 3139 5303; x_wconf 80' lang='grc'><strong>18.</strong></span> <span class='ocrx_word' id='word_1_970' title='bbox 3246 5248 3291 5279; x_wconf 72' lang='grc'><strong>⁸⁸</strong></span> <span class='ocrx_word' id='word_1_971' title='bbox 3321 5246 3420 5301; x_wconf 84' lang='lat' dir='ltr'><strong>Job</strong></span> <span class='ocrx_word' id='word_1_972' title='bbox 3472 5260 3523 5310; x_wconf 72' lang='grc' dir='ltr'>ν,</span> <span class='ocrx_word' id='word_1_973' title='bbox 3558 5242 3641 5300; x_wconf 79' lang='lat' dir='ltr'><strong>I8.</strong></span> 
     </span>
    </p>
   </div>
   <div class='ocr_carea' id='block_1_119' title="bbox 2164 5401 3335 5477">
    <p class='ocr_par' dir='ltr' id='par_1_119' title="bbox 2164 5401 3335 5477">
     <span class='ocr_line' id='line_1_119' title="bbox 2164 5401 3335 5477; baseline -0.005 -18"><span class='ocrx_word' id='word_1_974' title='bbox 2164 5405 2276 5477; x_wconf 66' lang='grc' dir='ltr'>(ὅθ)</span> <span class='ocrx_word' id='word_1_975' title='bbox 2316 5404 2492 5477; x_wconf 62' lang='grc' dir='ltr'><strong>ροᾴοκ</strong></span> <span class='ocrx_word' id='word_1_976' title='bbox 2526 5401 3335 5477; x_wconf 36' lang='grc' dir='ltr'>βδεῖίαηιςῖεζἀποκτίννυσθαι.</span> 
     </span>
    </p>
   </div>
   <div class='ocr_carea' id='block_1_120' title="bbox 2162 5468 3635 5543">
    <p class='ocr_par' dir='ltr' id='par_1_120' title="bbox 2162 5468 3635 5543">
     <span class='ocr_line' id='line_1_120' title="bbox 2162 5468 3635 5543; baseline -0.007 -14"><span class='ocrx_word' id='word_1_977' title='bbox 2162 5468 2272 5543; x_wconf 80' lang='grc'><strong>(57)</strong></span> <span class='ocrx_word' id='word_1_978' title='bbox 2311 5474 2481 5527; x_wconf 86' lang='lat' dir='ltr'><strong>Codd.</strong></span> <span class='ocrx_word' id='word_1_979' title='bbox 2534 5472 2732 5543; x_wconf 71' lang='lat' dir='ltr'><strong>Regius</strong></span> <span class='ocrx_word' id='word_1_980' title='bbox 2776 5485 2829 5527; x_wconf 83' lang='lat' dir='ltr'><strong>et</strong></span> <span class='ocrx_word' id='word_1_981' title='bbox 2854 5468 3201 5543; x_wconf 26' lang='lat' dir='ltr'><strong>&#39;Basileeusis,</strong></span> <span class='ocrx_word' id='word_1_982' title='bbox 3248 5468 3460 5540; x_wconf 88' lang='grc' dir='ltr'>Πατρός</span> <span class='ocrx_word' id='word_1_983' title='bbox 3507 5481 3635 5538; x_wconf 69' lang='grc' dir='ltr'>μου.</span> 
     </span>
    </p>
   </div>
   <div class='ocr_carea' id='block_1_121' title="bbox 2089 5542 3119 5611">
    <p class='ocr_par' dir='ltr' id='par_1_121' title="bbox 2089 5542 3119 5611">
     <span class='ocr_line' id='line_1_121' title="bbox 2089 5542 3119 5611; baseline -0.004 -12"><span class='ocrx_word' id='word_1_984' title='bbox 2089 5542 2243 5599; x_wconf 87' lang='lat' dir='ltr'><strong>Libb.</strong></span> <span class='ocrx_word' id='word_1_985' title='bbox 2276 5544 2406 5600; x_wconf 88' lang='lat' dir='ltr'><strong>editi</strong></span> <span class='ocrx_word' id='word_1_986' title='bbox 2440 5546 2505 5597; x_wconf 85' lang='lat' dir='ltr'><strong>ad</strong></span> <span class='ocrx_word' id='word_1_987' title='bbox 2534 5556 2684 5596; x_wconf 86' lang='lat' dir='ltr'><strong>oram</strong></span> <span class='ocrx_word' id='word_1_988' title='bbox 2714 5542 2930 5611; x_wconf 85' lang='lat' dir='ltr'><strong>habent,</strong></span> <span class='ocrx_word' id='word_1_989' title='bbox 2963 5542 3119 5595; x_wconf 86' lang='grc' dir='ltr'>Θεοῦ.</span> 
     </span>
    </p>
   </div>
  </div>
