3998 6170
354 265 473 321 845

1562 264 1842 323 CONTRA
1880 261 2157 320 CELSUM
2195 262 2319 318 LIB.
2364 264 2425 319 11.

3501 276 3608 331 846

356 386 556 439 ἐνθάδε
580 384 757 439 τοίνυν
790 385 1080 458 διαγράφει
1133 388 1189 440 ἐν
1214 387 1292 459 τῷ
1322 388 1647 460 ἀνθρωπίνῳ
1670 386 1834 441 αὑτοῦ
1857 386 1949 438 καὶ

2059 382 2212 439 Patre
2243 383 2309 439 “.
2349 401 2369 434 ι
2406 380 2507 437 llic
2543 380 2710 452 igitur
2736 379 2995 439 describit
3043 384 3202 441 Jesus
3234 401 3377 456 eam,
3410 405 3529 459 quae
3560 397 3612 449 in

355 475 425 528 τὸ
457 478 559 544 τῆς
584 476 932 550 ἀνθρωπίνης
955 479 1155 550 σαρκὸς
1182 480 1428 544 ἀσθενὲς,
1462 481 1554 532 καὶ
1578 481 1637 532 τὸ
1660 478 1752 531 τοῦ
1776 478 1939 531 πνεύ-

360 582 540 634 ματος
569 567 865 638 πρόθυμον·
906 569 966 622 τὸ
998 570 1094 640 μὲν
1119 570 1365 633 ἀσθενὲς,
1390 572 1447 623 ἐν
1472 570 1571 641 τῷ,
1600 590 1617 620 ‹
1650 572 1830 641 Πάτερ
1854 610 1867 633 ,
1894 572 1941 622 εί

354 656 592 711 δυνατόν
615 662 751 723 ἐστι,
781 660 1096 731 παρελθέτω
1112 663 1203 714 ἀπ’
1222 661 1355 731 ἐμοῦ
1370 661 1431 713 τὸ
1450 664 1706 732 ποτήριον
1726 660 1900 713 τοῦτο’
1918 679 1935 710 ι

356 747 423 800 τὸ
451 748 513 801 δὲ
539 750 815 820 πρόθυμον
835 751 927 804 τοῦ
959 752 1282 823 πνεύματος,
1312 753 1369 805 ἐν
1390 752 1488 822 τῷ,
1522 772 1542 803 ‹
1579 752 1722 822 Πλὴν
1746 753 1842 822 οὐχ
1868 753 1944 814 ὡς

359 838 482 905 ἐγὼ
506 839 662 903 θέλω,
701 841 814 893 ἀλλ’
842 842 917 904 ὡς
952 842 1036 896 σύ.
1078 858 1097 892 ι
1124 845 1184 895 Εἰ
1213 844 1270 895 δὲ
1296 844 1388 896 καὶ
1416 843 1511 913 τὴν
1534 843 1685 906 τάξιν
1717 842 1823 895 τῶν
1846 843 1932 893 λε-

357 930 651 1001 λεγμένων
691 932 929 1003 τηρῆσαι
979 933 1079 995 δεῖ,
1132 933 1386 1003 πρόσχες,
1435 933 1517 985 ὅτι
1549 932 1812 1003 πρότερον
1848 933 1944 1001 μὲν

360 1020 587 1093 εἴρηται
613 1022 674 1074 τὸ
704 1020 799 1091 (ὡς
833 1022 897 1075 ἂν
926 1022 1065 1076 εἴποι
1094 1029 1196 1091 τις)
1231 1024 1371 1077 κατὰ
1412 1025 1508 1094 τὴν
1537 1024 1817 1078 ἀσθένειαν
1848 1026 1946 1095 τῆς

362 1113 578 1184 σαρκὸς
610 1113 667 1165 ἓν
686 1113 952 1182 τυγχάνον
968 1115 1099 1185 (58),
1121 1114 1342 1186 ὕστερον
1366 1116 1421 1168 δὲ
1443 1115 1510 1168 τὰ
1538 1116 1678 1169 κατὰ
1704 1119 1802 1187 τὴν
1824 1135 1949 1188 προ-

362 1203 573 1274 θυμίαν
592 1204 684 1257 τοῦ
717 1205 1022 1275 πνεύματος
1054 1206 1181 1259 ὄντα
1211 1207 1450 1260 πλείονα.
1487 1209 1583 1263 ’Ἐν
1609 1210 1704 1279 μὲν
1734 1208 1839 1280 γάρ
1866 1210 1945 1273 τὸ,

366 1296 615 1368 «Πάτερ,
638 1298 689 1349 εἰ
717 1297 938 1349 δυνατόν
963 1300 1097 1361 ἐστι,
1130 1296 1444 1368 παρελθέτω
1471 1300 1563 1351 ἀπ’
1598 1299 1729 1368 ἐμοῦ
1758 1301 1817 1352 τὸ
1850 1316 1947 1351 πο-

360 1386 560 1455 τήριον
592 1386 765 1438 τοῦτο·
800 1405 818 1436 ι
843 1386 1061 1439 πλείονα
1090 1386 1145 1438 δὲ
1175 1387 1235 1439 τό
1257 1404 1339 1450 τε,
1361 1406 1378 1438 ι
1409 1388 1522 1457 Οὐχ
1548 1388 1622 1451 ὡς
1648 1390 1756 1458 ἐγὼ
1789 1390 1946 1453 θέλω,

358 1474 488 1526 ἀλλ’
517 1475 593 1538 ὡς
627 1475 710 1528 σύο
748 1496 765 1527 ›
810 1477 902 1529 καὶ
940 1477 1035 1539 τὸ,
1078 1495 1097 1526 ‹
1140 1477 1323 1547 Πάτερ
1375 1496 1495 1548 μου,
1542 1481 1592 1531 εἰ
1636 1480 1695 1532 οὐ
1728 1480 1949 1534 δύναται

364 1566 532 1619 τοῦτο
560 1568 867 1637 παρελθεῖν,
890 1568 983 1622 ἐὰν
1014 1568 1088 1640 μὴ
1124 1570 1255 1623 αὐτὸ
1281 1570 1409 1635 πίω,
1456 1572 1739 1643 γενηθήτω
1766 1574 1826 1626 τὸ
1860 1575 1948 1628 θέ-

364 1657 526 1728 λημά
552 1676 665 1711 σου.
709 1679 726 1709 ι
753 1660 1026 1730 Τηρητέον
1075 1661 1131 1713 δὲ
1174 1662 1268 1714 καὶ
1312 1661 1373 1715 τὸ
1425 1663 1499 1733 μὴ
1543 1664 1794 1734 εἰρῆσθαι
1828 1667 1948 1736 μὲν,

2050 493 2145 534 sua
2174 479 2407 532 humana
2444 485 2634 531 natura
2662 485 2801 539 erat.
2831 478 3080 532 humanm
3112 483 3295 534 carnis
3327 482 3616 539 infirmita-

2052 577 2159 622 tem
2208 575 2262 622 et
2311 567 2649 622 alacritatem
2691 568 2959 636 spiritus:
2992 570 3364 627 infirmitatem
3391 575 3617 642 quidem

2049 674 2170 713 cum
2206 660 2321 712 ait:
2361 676 2380 710 ι
2417 658 2604 723 Pater,
2647 660 2691 713 si
2726 658 2983 728 possibile
3027 669 3143 725 est,
3186 672 3433 718 transeat
3468 682 3495 719 a
3533 683 3620 724 me

2050 752 2188 805 calix
2219 752 2352 815 iste;
2398 771 2417 803 ι
2471 751 2809 806 alacritatem
2841 767 2972 807 vero
2999 753 3224 823 spiritus
3268 756 3356 811 his
3390 759 3568 813 verbis
3598 777 3613 812 :

2055 860 2074 892 ι
2125 842 2512 895 Verumtamen
2546 858 2648 896 non
2697 843 2838 897 sicut
2875 858 2977 913 ego
3013 844 3155 910 volo,
3185 845 3278 900 sed
3301 845 3440 901 sicut
3474 857 3553 901 tu.
3594 868 3614 899 ι

2050 928 2164 981 Imo
2202 932 2245 982 si
2282 917 2557 982 dictorum
2609 932 2802 985 seriem
2856 936 3198 990 considerari
3246 947 3481 1008 Oportet,
3519 942 3621 991 ad-

2050 1026 2202 1071 verte
2229 1016 2480 1085 praemitti
2512 1018 2675 1084 quod,
2707 1029 2765 1070 ut
2792 1021 2870 1074 sic
2894 1021 3107 1091 loquar.
3145 1027 3210 1081 ad
3247 1032 3427 1084 carnis
3468 1030 3620 1085 infir-

2053 1106 2295 1158 mitatem
2324 1104 2581 1173 pertinet,
2611 1113 2663 1158 et
2690 1121 2852 1158 unum
2893 1119 3015 1176 est;
3065 1121 3247 1179 postea
3301 1129 3453 1175 vero,
3502 1131 3622 1181 qua:

2054 1195 2279 1261 Spiritus
2334 1195 2676 1250 alacritatem
2726 1205 3138 1263 repraesentant,
3188 1208 3243 1253 et
3282 1202 3440 1270 plura
3471 1211 3617 1257 sunt.

2016 1322 2023 1323 κ
2056 1283 2233 1339 Unttm
2254 1287 2399 1340 enim
2425 1297 2507 1340 est
2533 1288 2669 1339 hoc:
2694 1304 2711 1336 ι
2741 1286 2919 1349 Pater,
2953 1288 2996 1341 si
3028 1290 3287 1358 possibile
3314 1302 3417 1357 est,
3441 1300 3624 1348 trans-

2054 1390 2145 1430 eat
2182 1393 2210 1430 a
2245 1392 2330 1432 me
2353 1377 2493 1430 calix
2524 1378 2656 1443 iste;
2685 1398 2703 1429 ι
2740 1379 2891 1445 plura
2920 1388 3104 1431 autem
3128 1387 3259 1431 sunt
3291 1380 3391 1436 hoc
3417 1398 3430 1433 :
3456 1401 3474 1432 ‹
3506 1382 3620 1436 Non

2055 1466 2202 1520 sicut
2261 1481 2361 1536 ego
2408 1466 2550 1531 volo,
2582 1467 2677 1522 sed
2729 1469 2874 1522 sicut
2908 1477 2997 1533 tu;
3034 1488 3053 1521 ι
3095 1477 3149 1523 et
3183 1469 3364 1524 istud:
3410 1490 3428 1522 ‹
3466 1471 3625 1527 Pater

2058 1557 2151 1621 mi,
2181 1558 2224 1612 si
2246 1572 2351 1611 non
2376 1557 2664 1625 potesthic
2688 1558 2827 1611 calix
2857 1559 3090 1613 transire
3116 1559 3221 1613 nisi
3239 1559 3417 1614 bibam
3447 1561 3623 1623 illum.

2060 1649 2152 1703 fiat
2181 1649 2432 1704 voluntas
2469 1659 2581 1703 tua.
2619 1668 2638 1701 ι
2693 1650 3108 1705 Observandum
3140 1667 3359 1722 quoque
3400 1663 3483 1707 est
3518 1671 3624 1708 non

372 1766 395 1798 ς
440 1748 724 1803 ἀπελθέτω
750 1729 848 1802 άπί
874 1729 1007 1820 ἐμοῦ
1041 1752 1100 1804 τὸ
1126 1754 1381 1823 ποτήριον
1404 1729 1562 1805 τοῦτο
1581 1729 1610 1782 ⁸-
1638 1729 1664 1805 »⁷
1702 1729 1950 1825 λελέὶθαι

2059 1739 2255 1793 dictum
2289 1738 2505 1794 fuisse:
2554 1759 2573 1790 ι
2614 1739 2881 1794 Transeat
2918 1756 2948 1793 a
2993 1757 3079 1795 me
3111 1742 3252 1796 calix
3303 1743 3442 1811 iste;
3482 1764 3497 1796 ι
3528 1746 3623 1798 sed

366 1839 436 1892 δὲ
469 1840 708 1903 εὐσεϐῶς
732 1841 824 1894 καὶ
853 1842 970 1912 μεθ’
1002 1843 1383 1915 ὑποτιμήσεως
1416 1843 1533 1897 ὅλον
1581 1845 1758 1898 τοῦτο’
1794 1865 1812 1896 ι
1845 1848 1953 1900 Πά-

369 1946 493 2000 τερ,
520 1931 568 1980 εί
595 1929 813 1982 δυνατόν
840 1933 975 1993 ἐστι,
1007 1931 1316 2003 παρελθέτω
1336 1933 1430 1985 ἀπ’
1453 1932 1588 2002 ἐμοῦ
1615 1933 1675 1986 τὸ
1699 1935 1952 2005 ποτήριον

366 2022 552 2074 τοῦτο.
593 2041 611 2073 ›
648 2017 778 2075 Οἶδα
825 2022 882 2075 δέ
929 2040 1048 2076 τινα
1090 2024 1184 2077 καὶ
1228 2022 1485 2095 τοιαύτην
1531 2026 1610 2087 εἰς
1654 2025 1743 2078 τὸν
1789 2026 1954 2079 τόπον

365 2113 644 2184 διήγησιν·
679 2115 761 2166 ὅτι
786 2114 928 2184 ὁρῶν
962 2116 990 2167 6
1020 2114 1210 2185 Σωτὴρ
1237 2112 1325 2167 οἷα
1349 2116 1377 2167 6
1397 2115 1524 2178 λαὸς
1553 2115 1645 2168 καὶ
1688 2116 1955 2188 Ἰερουσα-

369 2201 490 2274 λὴμ
512 2204 756 2257 πείσεται
790 2204 881 2257 ἐπὶ
914 2205 1265 2277 τῇέκδικήσει
1296 2204 1403 2257 τῶν
1436 2204 1554 2258 κατ’
1582 2206 1741 2259 αὐτοῦ
1770 2207 1947 2259 τετολ-

375 2292 637 2362 μημένων
664 2293 768 2345 ὑπὸ
809 2294 1098 2359 Ἰουδαίων,
1135 2295 1195 2346 οὐ
1220 2295 1286 2347 δι’
1310 2295 1435 2348 ἄλλο
1461 2313 1515 2348 τι
1543 2296 1576 2367 ἢ
1610 2296 1697 2349 διὰ
1725 2297 1785 2349 τὸ
1820 2298 1955 2368 πρὸς

368 2382 618 2446 ἐκείνους
662 2383 1060 2454 φιλάνθρωπον,
1095 2384 1265 2437 θέλων
1299 2384 1373 2454 μὴ
1408 2385 1601 2438 παθεῖν
1630 2385 1722 2440 τὸν
1764 2385 1891 2438 λαὸν
1919 2386 1955 2439 ἃ

369 2471 568 2542 ἔμελλε
602 2475 849 2543 πάσχειν,
890 2476 1022 2544 φησὶ
1054 2474 1137 2536 τὸ,
1183 2492 1201 2523 ‹
1242 2475 1444 2546 Πάτερ,
1475 2478 1524 2527 εἰ
1559 2475 1779 2528 δυνατόν
1809 2477 1951 2539 ἐστι,

369 2563 697 2632 παρελθέτω
719 2565 813 2615 ἀπ’
845 2562 977 2632 ἐμοῦ
1009 2564 1068 2615 τὸ
1089 2564 1344 2633 ποτήριον
1374 2564 1553 2617 τοῦτο.
1596 2584 1613 2615 ι
1668 2565 1753 2629 Ὠς
1774 2567 1820 2617 εί
1841 2565 1957 2617 ἕλε-

375 2670 496 2720 γεν·
541 2654 692 2705 Ἐπεὶ
714 2655 777 2706 ἐκ
804 2652 895 2705 τοῦ
926 2671 991 2722 με
1014 2656 1154 2705 πιεῖν
1180 2654 1287 2723 (59)
1317 2655 1466 2706 τουτὶ
1484 2655 1544 2707 τὸ
1564 2658 1661 2727 τῆς
1684 2657 1957 2720 κολάσεως

373 2744 661 2814 ποτήριον,
715 2744 834 2796 ὅλον
877 2742 1026 2806 ἔθνος
1069 2743 1174 2796 ὑπὸ
1219 2743 1313 2797 σοῦ
1361 2746 1951 2818 ἐγκαταλειφθήσεταισ

372 2834 634 2906 εὔχομαι,
670 2836 718 2886 εί
750 2835 970 2887 δυνατόν
1005 2837 1141 2899 ἐστι,
1176 2835 1463 2905 παρελθεῖν
1484 2837 1578 2889 ἀπ’
1611 2836 1743 2907 ἐμοῦ
1769 2838 1829 2890 τὸ
1861 2854 1956 2891 πο-

373 2929 568 2997 τήριον
602 2924 789 2978 τοῦτο’
838 2927 923 2978 ἴνα
957 2927 1030 2997 μὴ
1073 2929 1106 2996 ὴ
1143 2927 1296 2998 μερίς
1330 2945 1444 2991 σου,
1482 2929 1797 2998 τολμήσασα
1837 2930 1953 2983 κατ’

379 3014 539 3084 ἐμοῦ,
566 3016 739 3086 πάντη
764 3016 866 3069 ὑπὸ
901 3016 994 3069 σοῦ
1025 3017 1443 3088 ἐγκαταλειφθῇ.
1484 3018 1640 3071 Ἀλλά
1659 3021 1748 3072 καὶ
1778 3022 1848 3082 εἰ,
1879 3020 1954 3084 ὥς
1981 3055 2022 3110 C

380 3122 549 3175 φησιν
586 3108 614 3158 6
649 3107 874 3169 Κέλσος,
916 3107 1041 3177 μήτ’
1079 3107 1323 3175 ἀλγεινόν
1371 3126 1423 3160 τι
1469 3109 1596 3178 μήτ’
1624 3109 1846 3178 άνιαρδν
1878 3109 1955 3178 τῷ

390 3194 569 3264 Ἰησοῦ
609 3197 749 3248 κατὰ
784 3196 875 3248 τὸν
915 3196 1101 3269 καιρὸν
1132 3196 1321 3249 τοῦτον
1367 3197 1632 3264 ἐγίγνετο,
1673 3197 1788 3259 πῶς
1815 3197 1880 3250 ἂν
1908 3201 1955 3250 oi

388 3285 531 3354 μετὰ
561 3285 732 3338 ταῦτα
764 3287 1168 3357 παραδείγματι
1186 3286 1280 3339 τοῦ
1314 3286 1602 3356 ὑπομένειν
1624 3286 1691 3339 τά
1708 3286 1773 3339 δι’
1804 3288 1956 3340 εὐσέ-

384 3376 541 3429 ϐειαν
584 3377 815 3429 ἐπίπονα
853 3378 1105 3431 ἐδύναντο
1146 3377 1451 3449 χρήσασθαι
1497 3376 1692 3448 Ἰησοῦ,
1732 3378 1806 3447 μὴ
1848 3397 1953 3431 πα-

384 3466 536 3521 θόντι
581 3467 679 3537 μὲν
712 3467 781 3520 τὰ
808 3466 1141 3538 ἀνθρώπινα,
1176 3468 1333 3537 μόνον
1370 3467 1427 3520 δὲ
1459 3467 1667 3533 δόξαντι
1698 3469 1957 3524 πεπονθέ-

378 3574 471 3611 ναι
496 3574 510 3623 ;

460 3651 582 3704 Ἔτι
640 3650 698 3701 δὲ
757 3648 903 3717 λέγει
950 3651 977 3702 6
1008 3650 1156 3720 παρὰ
1200 3649 1277 3720 τῷ
1314 3649 1506 3720 Κέλσῳ
1545 3652 1792 3714 Ἰουδαῖος
1823 3652 1957 3725 πρὸς

378 3742 509 3804 τοὺς
541 3741 712 3813 Ἰησοῦ
739 3740 983 3813 μαθητὰς
1006 3741 1080 3804 ὡς
1110 3741 1488 3811 πλασαμένους
1502 3740 1691 3806 ταῦτα,
1715 3744 1821 3794 ὅτι(
1839 3743 1956 3795 οὐδὲ

381 3830 701 3899 ψευδόμενοι
740 3830 808 3881 τά
840 3830 1128 3899 πλάσματα
1171 3828 1326 3897 ὑμῶν
1357 3827 1595 3889 πιθανῶς
1627 3826 1956 3895 ἐπικαλύψαι

382 3922 708 3992 ἠδυνήθητε.
742 3940 760 3970 ι
790 3920 901 3972 Καὶ
919 3919 1055 3991 πρὸς
1075 3919 1202 3972 τάδε
1230 3917 1497 3983 λελέξεται
1527 3916 1661 3988 (60),
1690 3919 1773 3970 ὅτι
1805 3917 1958 3986 εὐχε-

386 4014 488 4083 ρὴς
520 4014 617 4082 μὲν
646 4008 714 4082 ἦν
746 4010 862 4073 ὁδὸς
891 4010 1027 4080 πρὸς
1049 4010 1110 4061 τὸ
1139 4008 1471 4077 ἐπικαλύψαι
1510 4010 1577 4062 τὰ
1617 4008 1865 4071 τοιαῦτα,
1895 4009 1958 4060 τὸ

388 4104 525 4173 μηδὲ
562 4103 658 4172 τὴν
694 4100 867 4172 ἀρχὴν
914 4099 1057 4151 αὐτὰ
1101 4097 1432 4167 ἀναγράψαι.
1467 4098 1563 4159 Τίς
1591 4101 1697 4168 γὰρ
1730 4099 1815 4159 ἂν,
1849 4097 1957 4150 τῶν

386 4193 733 4261 Εὑαγγελίων
757 4192 929 4244 ταῦτα
961 4192 1035 4260 μὴ
1066 4190 1442 4260 περιεχόντων,
1466 4188 1718 4241 ὀνειδίσαι
1738 4190 1959 4242 ἐδύνατο

386 4287 520 4354 ἡμῖν
555 4285 647 4335 ἐπὶ
674 4282 752 4353 τῷ
776 4282 864 4334 τὸν
902 4279 1108 4350 Ἰησοῦν
1147 4278 1370 4331 τοιαῦτα
1404 4277 1555 4348 παρὰ
1584 4280 1649 4347 τῇ
1678 4277 1959 4348 οἰκονομίᾳ

2052 1828 2310 1896 adjuncta
2362 1830 2452 1897 pia
2504 1829 2667 1884 veluti
2721 1830 3095 1895 correctione,
3134 1832 3211 1884 sic
3247 1849 3261 1884 :
3296 1850 3314 1882 ι
3363 1830 3548 1897 Pater,
3580 1834 3628 1887 si

2053 1920 2304 1989 possibile
2330 1931 2435 1983 est,
2464 1929 2709 1975 transeat
2736 1934 2768 1973 a
2805 1934 2891 1974 me
2917 1921 3061 1975 calix
3086 1921 3207 1976 istc.
3248 1940 3266 1973 ι
3298 1922 3425 1979 Scio
3461 1925 3625 1978 aliam

2054 2011 2169 2064 dari
2196 2011 2417 2079 hujusce
2449 2009 2556 2064 loci
2588 2011 3125 2080 interpretationem.
3162 2027 3281 2081 quae
3312 2014 3625 2082 hujusmodi

2053 2111 2157 2157 est.
2192 2101 2329 2155 Cum
2360 2100 2613 2156 Salvator
2639 2093 2967 2170 praevideret
3013 2117 3151 2171 quas
3178 2104 3412 2173 populus
3443 2103 3630 2159 Jmtai-

2054 2208 2151 2249 cus
2182 2202 2237 2249 et
2273 2190 2578 2247 Jerusalem
2612 2193 2797 2247 luituri
2834 2182 3015 2249 essent
3049 2210 3239 2264 poenas
3270 2197 3338 2250 ob
3370 2197 3625 2253 facinora

2055 2301 2177 2356 quae
2210 2288 2262 2340 in
2291 2288 2463 2356 ipsum
2496 2286 2611 2340 ausi
2643 2286 2877 2352 fuerant,
2902 2301 3015 2355 prae
3044 2302 3143 2341 suo
3194 2289 3248 2342 in
3287 2287 3409 2344 illos
3442 2305 3629 2345 amore

2054 2378 2242 2433 volens
2273 2379 2444 2433 averti
2471 2379 2541 2432 ab
2566 2377 2654 2431 illo
2687 2376 2891 2446 populo
2923 2387 3001 2431 tot
3032 2378 3194 2443 mala,
3238 2394 3359 2447 qute
3398 2380 3498 2449 ipsi
3528 2383 3630 2434 im-

2054 2470 2388 2537 pendebant,
2423 2468 2561 2523 dixit
2587 2487 2602 2524 :
2644 2487 2664 2519 ‹
2700 2469 2881 2533 Pater,
2904 2469 2946 2523 si
2977 2469 3233 2538 possibile
3258 2479 3362 2530 est.
3394 2480 3632 2526 transeat

2058 2574 2087 2612 a
2126 2574 2219 2615 me
2272 2560 2413 2613 calix
2467 2560 2591 2614 iste.
2632 2580 2650 2613 ι
2692 2561 2854 2627 Qua'si
2892 2561 3166 2615 dixisset:
3201 2563 3469 2628 Quoniam
3522 2579 3627 2616 non

2056 2665 2277 2718 possum
2324 2650 2548 2705 ebibere
2593 2652 2737 2706 hunc
2782 2646 3030 2722 supplicii
3074 2653 3320 2719 calicem,
3355 2656 3482 2723 quin
3516 2671 3547 2709 a
3579 2665 3631 2710 te

2058 2750 2166 2794 tota
2205 2756 2337 2810 gens
2362 2731 2665 2808 deseratur,
2700 2758 2795 2799 oro
2818 2751 2875 2796 ut
2904 2752 3149 2797 transeat
3173 2758 3204 2797 a
3234 2759 3319 2799 me
3339 2744 3475 2798 calix
3504 2746 3627 2809 istc,

2057 2832 2100 2886 si
2130 2832 2242 2887 fieri
2273 2833 2462 2902 possit,
2498 2849 2567 2889 ne
2600 2843 2690 2888 tua
2728 2836 2842 2889 haec
2880 2833 3062 2903 portio
3087 2843 3314 2905 propter
3362 2836 3630 2891 nefarium

2058 2923 2109 2976 in
2144 2939 2229 2978 me
2268 2925 2623 2980 commissum
2679 2926 2894 2980 facinus
2934 2941 2963 2977 a
3017 2935 3069 2980 te
3116 2927 3477 2995 relinquatur.
3530 2928 3629 2982 Sin

2057 3024 2262 3078 autem,
2312 3025 2372 3069 ut
2424 3017 2555 3070 dicit
2603 3016 2815 3083 Celsus,
2874 3033 3048 3088 neque
3111 3018 3401 3072 molestum
3456 3034 3631 3088 neque

2058 3117 2219 3170 grave
2255 3103 2382 3159 Jesu
2413 3103 2623 3166 fuisset,
2654 3110 2800 3175 quod
2832 3108 2932 3175 ipsi
2972 3117 3097 3162 tunc
3124 3108 3389 3177 temporis
3424 3107 3629 3163 illatum

2055 3201 2141 3244 est
2172 3194 2526 3261 supplicium;
2564 3198 2834 3263 quomodo
2860 3199 2952 3267 qui
2984 3200 3151 3253 secuti
3182 3209 3340 3273 sunt,
3390 3199 3484 3255 illo
3517 3200 3631 3256 vel-

2056 3293 2114 3336 ut
2149 3286 2394 3355 exemplo
2440 3288 2739 3343 tolerandae
2786 3299 3010 3358 propter
3048 3291 3306 3359 pietatem
3356 3292 3626 3347 molestiae

2060 3375 2137 3426 uti
2171 3377 2499 3444 potuissent,
2536 3394 2660 3433 cum
2686 3394 2791 3432 non
2833 3396 3026 3449 passus
3050 3392 3197 3438 esset
3233 3383 3497 3448 humana,
3532 3388 3628 3440 sed

2059 3476 2263 3521 tantum
2290 3468 2401 3536 pati
2423 3470 2568 3525 visus
2598 3468 2829 3525 fuisset?

2128 3643 2219 3698 26.
2253 3644 2444 3700 Adhuc
2474 3643 2603 3699 Jesu
2638 3643 2958 3714 discipulos,
2994 3661 3130 3716 quos
3166 3662 3382 3717 semper
3406 3649 3631 3704 finxisse

2058 3734 2230 3799 ponit,
2264 3732 2345 3787 sic
2376 3732 2834 3801 compellatCelsi
2861 3730 3078 3788 Iudaeus
3115 3751 3127 3785 :
3165 3752 3184 3784 ι
3221 3737 3482 3802 Quamvis
3513 3754 3629 3793 me-

2059 3838 2148 3878 ras
2187 3823 2396 3878 fabulas
2433 3825 2799 3891 obtruseritis,
2839 3835 3018 3881 vestra
3049 3837 3231 3882 tamen
3276 3828 3531 3899 figmenta
3563 3846 3630 3885 ne

2058 3912 2242 3967 colore
2276 3915 2495 3983 quidem
2545 3914 2661 3970 veri
2708 3915 2924 3971 illinere
2974 3917 3251 3986 potuistis.
3307 3937 3325 3971 ι
3360 3920 3445 3974 Ad
3485 3922 3631 3990 quod

2060 4018 2265 4072 repono
2295 4018 2383 4059 res
2407 4004 2530 4060 illas
2567 4007 2636 4061 ab
2684 4006 2765 4060 eis
2814 4005 2962 4062 facili
3016 4009 3259 4078 potuisse
3292 4015 3509 4081 negotio
3537 4026 3630 4066 oc-

2057 4096 2277 4163 cultari,
2309 4095 2355 4149 si
2388 4096 2643 4151 videlicet
2685 4096 2890 4152 nullam
2923 4099 2989 4153 de
3024 4099 3131 4152 illis
3168 4099 3429 4155 fecissent
3471 4115 3629 4156 men-

2063 4186 2283 4241 tionem.
2317 4185 2450 4240 Nam
2487 4187 2609 4255 quis
2646 4187 2752 4242 nisi
2788 4188 2905 4242 haec
2938 4190 2993 4241 in
3030 4188 3341 4258 Evangeliis
3389 4191 3631 4260 legisset,

2062 4280 2327 4346 potuisset
2371 4280 2528 4335 nobis
2577 4281 2919 4348 exprobrare
2971 4279 3100 4333 talia
3147 4279 3332 4335 Jesum
3390 4293 3633 4352 tempore

391 4374 501 4445 (6i)
542 4372 930 4442 λελαληκέναι;
966 4372 1040 4423 Οὐ
1085 4370 1289 4423 συνεῖδε
1331 4369 1387 4421 δὲ
1429 4372 1456 4421 6
1487 4368 1714 4430 Κέλσος,
1744 4368 1952 4421 ὅτιούκ

2063 4368 2490 4434 dispensationis
2520 4383 2633 4424 sua:
2680 4370 2923 4424 dixisse?
2956 4369 3071 4423 Non
3122 4369 3393 4425 intellexit
3442 4372 3633 4427 Celsus

387 4466 503 4519 ἔστι
532 4464 672 4518 κατὰ
699 4464 822 4527 τοὺς
858 4463 1054 4524 αὐτοὺς
1088 4462 1181 4514 καὶ
1212 4459 1523 4530 ἠπατῆσθαι
1556 4460 1681 4529 περὶ
1708 4457 1801 4511 τοῦ
1848 4459 1955 4528 Ἰη-

389 4558 505 4620 σοῦ,
545 4558 620 4620 ώς
660 4554 793 4608 Θεοῦ
838 4556 930 4606 καὶ
970 4551 1455 4624 προφητευθέντος,
1503 4551 1599 4603 καὶ
1644 4549 1957 4602 πλάσασθαι

388 4653 515 4722 περὶ
548 4649 711 4705 αὐτοῦ
754 4647 995 4717 δηλονότι
1043 4644 1367 4713 ἐγνωκότας,
1410 4644 1491 4695 ὅτι
1532 4643 1631 4694 οὐκ
1672 4640 1844 4713 ἀληθῆ
1890 4640 1960 4693 τά

392 4739 701 4810 πλάσματα.
719 4738 876 4790 Ἤτοι
895 4732 986 4789 οὖν
1011 4736 1110 4788 οὐκ
1142 4734 1385 4786 ἔπλασαν
1402 4771 1415 4795 ,
1451 4731 1563 4783 ἀλλ’
1590 4729 1761 4793 οὕτως
1791 4731 1953 4803 ἐφρό-

391 4847 534 4896 νουν,
566 4833 661 4884 καὶ
702 4832 763 4884 οὐ
798 4829 1115 4899 ψευδόμενοι
1162 4824 1502 4897 ἀνέγραψαν·
1546 4824 1580 4894 ἢ
1622 4824 1956 4893 ψευσάμενοι

392 4921 722 4991 ἀνέγραψαν,
755 4923 848 4975 καὶ
877 4920 1047 4974 ταῦτα
1072 4921 1171 4973 οὐκ
1193 4918 1471 4989 ἐφρόνουν,
1505 4915 1626 4979 οὑδὲ
1655 4915 1957 4984 ἀπατηθέν-

390 5026 482 5073 τες
513 5010 641 5063 Θεὸν
666 5011 823 5063 αὐτὸν
846 5011 1109 5081 ἐνόμιζον.

463 5169 509 5201 ³²
547 5166 702 5224 Joan.
731 5183 846 5231 vm,
871 5168 961 5223 40.

462 5330 576 5401 (58)
605 5329 734 5401 ῨἛξν
769 5326 1089 5401 τυγχάνον.
1138 5324 1230 5378 Sic
1265 5322 1405 5401 ἣξει),
1438 5322 1563 5401 licet
1597 5332 1754 5401 antea
1808 5321 1948 5373 scri-

390 5391 539 5469 pttim
558 5391 643 5451 'sit
676 5391 1019 5467 ἐντυγχάνον,
1051 5411 1173 5448 nam
1199 5393 1486 5447 manifeste
1513 5392 1614 5444 hoc
1642 5391 1760 5445 loco
1782 5405 1945 5443 unum

391 5469 968 5544 opponitttrpluribus.
1181 5535 1193 5544 _
1338 5531 1362 5541 _
1439 5530 1451 5544 ἶ
1627 5530 1649 5544 ,

462 5529 574 5608 (59)
615 5529 766 5594 [.ἰΙ›ἰ›.
806 5547 962 5608 antea
997 5535 1148 5608 editi.
1177 5535 1242 5585 ἐκ
1273 5530 1496 5608 τοῦμὲν
1536 5530 1699 5608 πιεῖν,
1731 5529 1827 5608 sed
1858 5544 1945 5608 re-

393 5595 531 5663 etius
551 5595 738 5660 omnes
768 5607 1014 5682 πῆξεν-ἐκ
1038 5603 1130 5682 τοῦ
1165 5620 1230 5673 με
1272 5595 1430 5682 πιεῖν.
1459 5599 1622 5682 Paulo
1651 5608 1767 5682 post
1790 5595 1948 5651 Gele-

393 5678 513 5733 nius
554 5679 821 5748 interpres
851 5676 1062 5733 videtur
1090 5669 1302 5739 legisse,
1335 5671 1423 5723 ἴνα
1455 5670 1526 5740 μὴ
1556 5669 1588 5738 ἡ
1617 5669 1773 5740 μερίς
1804 5685 1908 5738 μου
1929 5683 1945 5749 ι

2064 4460 2179 4513 hac
2215 4459 2319 4514 duo
2359 4460 2415 4513 in
2456 4462 2675 4516 eosdem
2716 4477 2824 4516 non
2867 4462 3097 4528 cadere,
3151 4462 3330 4530 decipi
3360 4466 3632 4519 credendo

2065 4547 2244 4602 Iesum
2286 4550 2457 4604 Deum
2488 4565 2609 4607 esse
2642 4566 2875 4621 eumque
2923 4568 2953 4606 a
2993 4554 3278 4622 prophetis
3310 4556 3634 4623 praenuntia-

2067 4648 2203 4703 tum,
2240 4650 2295 4694 et
2324 4640 2530 4710 fingere
2554 4642 2620 4696 de
2653 4642 2747 4697 illo
2776 4657 2895 4711 quae
2929 4657 3059 4697 vera
3090 4658 3194 4697 non
3218 4657 3339 4698 esse
3362 4654 3515 4699 certo
3541 4661 3636 4700 no-

2065 4731 2259 4784 verint.
2290 4732 2400 4785 Aut
2422 4731 2584 4803 511
2619 4732 2785 4803 igitur
2812 4749 2917 4787 non
2946 4733 3245 4802 finxerunt,
3281 4737 3377 4790 sed
3406 4736 3485 4791 sic
3508 4752 3633 4792 sen-

2067 4821 2296 4887 tiebant,
2317 4830 2373 4875 et
2400 4823 2545 4877 nullo
2571 4823 2697 4878 dolo
2726 4824 3094 4891 scripserunt;
3130 4833 3224 4879 aut
3255 4828 3468 4882 mentiti
3495 4830 3630 4883 scri-

2064 4922 2312 4981 pserunt,
2357 4922 2413 4967 et
2460 4913 2577 4969 haec
2629 4929 2741 4968 non
2790 4914 3136 4980 sentiebant,
3188 4930 3367 4986 neque
3421 4919 3630 4988 decepti

2069 5003 2233 5057 Deum
2259 5003 2406 5059 illum
2445 5005 2730 5073 putabant.

2057 5336 2180 5376 nam
2210 5319 2396 5377 vertit:
2433 5340 2449 5370 ι
2485 5316 2562 5372 Ne

2586 5319 3005 5391 ροιέιίίὶηιςέιοι
3092 5381 3127 5391 _
3202 5379 3235 5391 ..
3382 5377 3394 5389 .
3484 5376 3627 5391 ....-.

2070 5430 2071 5433 η
2127 5391 2238 5460 (60)
2282 5391 2353 5444 Ita
2391 5400 2539 5460 recte
2562 5376 2957 5460 cbgltl_._l§egius
2992 5391 3047 5436 et
3092 5377 3449 5433 Basileensis.
3483 5376 3628 5433 Editi

2055 5456 2376 5532 νώθζπρὸς
2410 5458 2529 5512 τόδε
2554 5456 2939 5532 δέῂλελέξεται.

2127 5516 2239 5599 (6i)
2284 5516 2483 5585 Ctiieto
2522 5516 2875 5584 scribendum
2905 5521 3147 5583 videtur,
3175 5516 3327 5589 mpii
3363 5518 3460 5585 τὴν
3494 5516 3631 5571 οίκφ

2054 5601 2265 5669 νομίαν.
