3998 6170
433 252 540 306 847

1885 247 2205 304 ORIGENIS

3585 255 3690 311 848

499 363 808 420 27,-Postea
837 380 902 419 ex
933 365 1179 419 fidelibus
1205 363 1280 418 ait
1305 376 1445 426 esse,
1471 381 1488 414 ι
1519 363 1612 432 qui
1643 363 1849 419 similes
1872 364 1980 420 illis

2179 353 2334 417 Μετά
2376 361 2549 419 ταῦτά
2591 381 2742 428 τινας
2781 363 2888 417 τῶν
2931 364 3292 419 πιστευόντων
3336 367 3501 438 φησὶν
3548 387 3568 420 ι
3613 372 3687 434 ὡς

431 474 571 526 quos
600 473 664 511 eo
712 457 935 526 impellit
964 459 1201 511 ebrietas
1245 465 1304 509 ut
1347 453 1449 509 sibi
1496 470 1690 510 manus
1747 457 2002 523 inferant,

431 551 670 615 primum
710 546 986 617 Evangelii
1029 553 1344 601 contextum
1396 554 1497 611 ter,
1538 556 1755 615 quater,
1802 547 2006 617 pluries

432 649 666 704 mutant,
702 647 1150 708 pervertuntque,
1198 648 1260 691 ut
1309 637 1550 692 habeant
1597 653 1706 706 quo
1759 653 1848 694 res
1902 640 2003 694 sibi

434 732 680 800 obiectas
712 731 1043 784 inficientur.
1089 747 1106 781 ι
1144 729 1410 799 Equidem
1440 745 1546 784 non
1573 730 1707 784 alios
1736 733 1883 795 novi,
1911 733 2001 800 qui

434 821 710 892 Evangelii
731 828 1045 876 contextum
1069 822 1494 886 immutaverint,
1515 837 1675 890 quam
1695 821 2001 888 Marcionis,

433 911 991 978 Valentini,fortasse
1037 925 1092 968 et
1138 912 1343 968 Lucani
1396 923 1717 968 sectatores.
1770 914 1824 966 ld
1871 930 2002 969 vero

429 1004 679 1058 criminis
705 1013 910 1059 nostra:
936 1005 1199 1058 doctrina:
1230 1020 1336 1060 non
1377 1005 1750 1073 imputandum
1784 1015 1866 1060 est
1893 1023 1906 1058 :
1947 1006 2001 1060 in

429 1092 584 1161 culpa
615 1102 744 1146 sunt
789 1093 880 1160 qui
932 1092 1222 1159 Evangelia
1257 1095 1556 1160 depravare
1595 1095 1816 1148 audent.
1867 1092 2002 1147 Nam

427 1181 885 1252 quemadmodum
942 1181 994 1234 in
1051 1181 1454 1250 philosophiam
1518 1184 1654 1238 male
1701 1182 1999 1249 conferres,

427 1289 545 1342 quae
595 1289 624 1326 a
673 1273 955 1340 sophistis,
1013 1272 1318 1340 Epicureis,
1376 1275 1760 1343 Peripateticis
1807 1277 2000 1330 aliisve

428 1363 576 1418 falsae
613 1363 942 1432 excogitatae
971 1372 1103 1416 sunt
1128 1363 1409 1432 opiniones
1439 1384 1450 1418 :
1477 1365 1574 1428 sic,
1605 1368 1727 1435 quia
1757 1367 1999 1422 nonnulli

426 1451 718 1523 Evangelia
765 1461 1142 1521 corruperunt,
1171 1469 1449 1524 novasque
1475 1465 1659 1510 sectas
1683 1472 1713 1511 a
1747 1456 1873 1512 Jesu
1910 1455 2000 1510 do-

425 1545 601 1598 ctrina
631 1544 840 1600 alieuas
866 1544 1220 1611 induxerunt,
1267 1563 1372 1601 non
1409 1549 1671 1603 continuo
1703 1549 1755 1602 in
1791 1549 1998 1603 crimen

425 1639 608 1693 vocari
640 1648 854 1706 oportet
881 1653 1067 1693 verum
1106 1638 1607 1696 Christianismum.

497 1818 586 1873 28.
625 1818 890 1884 Quoniam
930 1834 1057 1872 vero
1111 1827 1299 1887 postea
1351 1819 1684 1874 Christianis
1706 1821 2002 1888 exprobrat

425 1909 565 1965 Celsi
591 1908 834 1987 Judzeus,
876 1929 893 1961 ι
930 1911 1076 1979 quod
1106 1912 1392 1978 prophetis
1432 1920 1652 1965 utantur
1686 1912 1776 1980 qui
1804 1912 2000 1979 praedi-

427 2005 608 2057 xerint
637 2018 755 2070 quze
786 2005 851 2057 ad
885 2001 1067 2057 Iesum
1091 2003 1379 2070 pertinent,
1412 2022 1429 2052 ι
1451 2003 1537 2070 iis,
1563 2018 1682 2071 qum
1701 2017 1861 2072 supra
1884 2004 1996 2070 jam

435 2093 538 2147 hac
563 2094 630 2147 de
650 2108 707 2147 re
730 2093 886 2147 nobis
919 2093 1190 2160 diSputata
1211 2101 1356 2153 sunt,
1385 2091 1524 2144 addo
1549 2093 1802 2147 debuisse
1828 2093 1994 2158 illum,

423 2183 517 2249 qui
555 2198 614 2236 se
667 2183 976 2237 hominibus
1019 2197 1241 2252 parcere
1281 2183 1442 2248 dicit,
1502 2183 1755 2236 vaticinia
1795 2183 1909 2250 ipsa
1941 2186 1993 2236 in

426 2272 662 2326 medium
714 2272 1006 2336 adducere,
1059 2273 1349 2339 simulque,
1386 2287 1644 2326 concesso
1673 2273 1995 2327 verisimiles

417 2376 540 2416 esse
567 2377 702 2431 quas
733 2362 838 2415 illis
877 2361 1454 2416 adhibentChristiaui
1492 2363 1990 2431 interpretationes,

421 2453 622 2507 all'erre
656 2453 1009 2508 nihilominus
1033 2469 1154 2522 quae
1184 2455 1287 2508 sibi
1324 2455 1652 2508 videbantur
1676 2456 1992 2525 prophetia-

417 2559 538 2597 rum
567 2560 723 2599 usum
757 2557 1028 2598 evertere.
1061 2543 1153 2598 Sic
1182 2544 1376 2598 saltem
1431 2561 1536 2600 nou
1582 2547 1729 2600 visus
1777 2546 1989 2615 fuisset,

415 2635 665 2705 pauculis
707 2636 886 2691 allatis
919 2637 1122 2701 verbis,
1165 2652 1383 2692 sumere
1419 2637 1522 2692 sibi
1551 2653 1664 2692 rem
1704 2641 1835 2693 tanti
1879 2655 1993 2695 mo-

414 2728 606 2783 menti.
632 2727 708 2780 Ac
731 2743 796 2782 eo
831 2728 1005 2797 magis
1045 2728 1096 2781 id
1142 2730 1514 2782 necessarium
1551 2729 1671 2793 fuit,
1698 2731 1840 2796 quod
1878 2730 1992 2799 ipse

415 2821 585 2884 dicat,
622 2837 640 2870 ι
682 2821 958 2874 sexcentis
987 2821 1108 2874 aliis
1161 2820 1501 2889 probabilius
1545 2835 1705 2888 quam
1743 2820 1869 2875 Jesu
1902 2837 1988 2875 ac-

415 2911 752 2965 commodari
789 2927 948 2981 posse
979 2911 1364 2981 prophetarum
1400 2911 1673 2966 vaticinia.
1718 2931 1736 2964 ι
1774 2912 1839 2966 Ει
1868 2914 1991 2966 huic

2109 457 2172 507 ἐκ
2225 455 2396 526 μέθης
2420 457 2654 527 ἥκοντας
2685 459 2764 518 είς
2797 456 2858 508 τὸ
2887 457 3178 524 ἐφεστάναι
3209 458 3412 522 αὐτοῖς,
3451 477 3689 532 μετακα-

2111 549 2322 616 ράττειν
2349 549 2414 600 ἐκ
2439 548 2539 618 τῆς
2565 546 2788 619 πρώτης
2813 547 3031 618 γραφῆς
3064 549 3126 600 τδ
3157 549 3489 618 Εὐαγγέλιον
3523 553 3687 622 τριχῆ

2107 638 2201 691 καὶ
2251 639 2487 710 τετραχῆ
2539 640 2631 692 καὶ
2680 638 2944 709 πολλαχῆ,
2995 640 3123 704 καὶ,
3150 639 3570 709 μεταπλάττειν,
3619 643 3688 695 ἵν’

2108 729 2281 800 ἔχοιεν
2317 731 2454 802 πρὸς
2500 732 2626 794 τοὺς
2668 730 2921 800 ἐλέγχους
2960 731 3260 800 ἀρνεῖσθαι.
3305 750 3324 782 ›
3362 733 3690 804 Μεταχαρά-

2108 821 2300 884 ξαντας
2355 821 2410 873 δὲ
2462 821 2522 874 τὸ
2566 822 2898 889 ΕὐαΠέλιον
2939 821 3131 884 ἄλλους
3176 822 3276 874 οὐκ
3319 818 3456 888 οἶδα,
3492 823 3524 892 ἦ
3560 824 3688 886 τοὺς

2105 913 2213 965 ἀπὸ
2239 912 2563 983 Μαρκίωνος
2597 911 2729 981 (62),
2763 911 2858 964 καὶ
2887 913 3015 974 τοὺς
3053 910 3160 964 ἀπὸ
3193 911 3576 984 Οὐαλεντίνου,
3605 909 3684 964 οἷ-

2109 1021 2204 1074 μαι
2237 1004 2292 1057 δὲ
2323 1005 2416 1056 καὶ
2459 1004 2584 1066 τοὺς
2628 1003 2735 1055 ἀπὸ
2767 1003 3066 1055 Λουκάνου.
3094 1003 3265 1055 Τοῦτο
3307 1003 3360 1074 δέ
3394 1003 3686 1073 λεγόμενον

2105 1071 2167 1148 οὐ
2199 1096 2291 1148 τοῦ
2327 1095 2485 1163 λόγου
2523 1095 2669 1146 ἐστὶν
2703 1093 2975 1163 ἔγκλημα,
3007 1093 3142 1146 ἀλλὰ
3162 1093 3269 1146 τῶν
3297 1071 3685 1164 τῦλμησᾶντων

2107 1186 2498 1258 ρᾳδιουργῆσαι
2546 1184 2615 1238 τὰ
2661 1185 2998 1252 Εὐαγγέλια·
3036 1184 3129 1237 καὶ
3169 1184 3354 1255 ὥσπερ
3381 1184 3440 1236 οὐ
3474 1185 3686 1253 φιλοσο-

2105 1278 2231 1345 φίας
2263 1277 2511 1346 ἔγκλημά
2540 1277 2676 1328 εἰσιν
2703 1276 2753 1326 οἱ
2779 1273 3050 1341 σοφισταὶ,
3077 1273 3109 1342 ἢ
3146 1275 3194 1325 οἱ
3233 1272 3614 1344 Ἐπικούρειοι,
3647 1276 3679 1344 ἣ

2103 1371 2152 1421 οἱ
2198 1369 2620 1440 Περιπατητικοὶ
2661 1367 2791 1437 (65),
2845 1367 2878 1437 ἢ
2933 1368 2985 1420 οἵ
3019 1367 3161 1430 τινές
3211 1369 3330 1420 ποτ’
3373 1368 3438 1422 ἂν
3470 1363 3600 1422 ὦσιν
3631 1373 3679 1422 οξ

2101 1459 2566 1528 ψευδοδοξοῦντες·
2602 1457 2774 1520 οὕτως
2817 1458 2878 1509 οὐ
2925 1457 3017 1511 τοῦ
3071 1457 3324 1526 ἀληθινοῦ
3369 1461 3682 1530 Χριστιανι-

2106 1549 2244 1620 σμοῦ
2267 1550 2517 1619 ἔγκλημα
2541 1549 2590 1602 οἱ
2623 1549 3121 1620 μεταχαράττοντες
3141 1549 3210 1601 τὰ
3236 1549 3562 1618 Εὐαγγέλια,
3587 1553 3682 1604 καὶ

2103 1643 2343 1707 αἱρέσεις
2381 1640 2536 1704 ξένας
2577 1640 2960 1708 ἐπεισάγοντες
3001 1639 3078 1710 τῷ
3111 1640 3406 1710 βουλήματι
3439 1641 3540 1712 τῆς
3579 1645 3681 1713 ’1η-

2107 1731 2199 1783 σοῦ
2225 1729 2594 1792 διδασκαλίας.

2189 1822 2340 1874 Ἐπεὶ
2382 1821 2438 1873 δέ
2485 1821 2623 1890 μετὰ
2669 1821 2838 1876 ταῦτα
2881 1824 2977 1901 κῇ
3009 1841 3027 1873 ι
3082 1821 3143 1874 τὸ
3192 1824 3496 1894 προφήταις
3543 1824 3676 1896 χρῆ-

2104 1914 2227 1966 σθαι
2253 1933 2270 1962 ›
2289 1912 2644 1983 Χριστιανοὺς
2670 1932 2689 1960 ι
2717 1913 3092 1983 προκηρύξασι
3118 1911 3184 1964 τὰ
3204 1913 3329 1982 περὶ
3345 1913 3436 1965 τοῦ
3453 1914 3625 1983 Ἰησοῦ
3651 1933 3672 1966 ι

2100 2002 2345 2066 ὀνειδίζει
2378 2003 2406 2052 6
2438 2001 2588 2071 παρὰ
2619 2000 2696 2070 τῷ
2730 2001 2922 2071 Κέλσῳ
2965 2001 3232 2064 Ἰουδαῖος,
3265 2001 3508 2072 φήσομεν
3541 2003 3676 2074 πρὸς

2099 2095 2211 2154 τοῖς
2243 2091 2497 2162 ἀνωτέρω
2539 2091 2619 2153 εἰς
2650 2089 2806 2142 τοῦτο
2856 2089 3220 2158 λελεγμένοις,
3258 2091 3352 2143 καὶ
3395 2092 3476 2142 ὅτι
3510 2091 3678 2160 ἐχρῆν

2099 2181 2256 2235 αὐτὸν
2284 2180 2380 2251 (ὥς
2433 2180 2584 2250 φησι)
2644 2181 2954 2250 φειδόμενον
3007 2180 3115 2250 (64)
3156 2180 3455 2252 ἀνθρώπων
3508 2184 3675 2246 αὐτὰς

2098 2271 2349 2325 ἐκθέσθαι
2383 2271 2482 2333 τὰς
2530 2271 2882 2342 προφητείας,
2914 2273 3006 2324 καὶ
3036 2269 3505 2342 συναγορεύσαντα
3557 2276 3675 2339 ταῖς

2096 2363 2447 2433 πιθανότησιν
2487 2364 2686 2427 αὐτῶν,
2720 2363 2817 2433 τὴν
2861 2363 3190 2433 φαινομένην
3235 2364 3414 2416 αὐτῶν
3447 2365 3673 2434 ἀνατρο-

2096 2452 2204 2526 ltili:
2251 2456 2348 2525 τῆς
2386 2457 2630 2526 χρήσεως
2677 2453 2784 2506 τῶν
2831 2453 3182 2523 προφητικῶν
3210 2453 3482 2506 ἐκθέσθαι.
3520 2453 3674 2507 Οὕτω

2094 2550 2203 2620 γὰρ
2237 2551 2302 2603 ἂν
2329 2547 2474 2611 ἔδοξε
2513 2547 2584 2617 μὴ
2630 2546 2995 2616 συναρπάζειν
3037 2544 3350 2617 τηλικοῦτον
3384 2544 3671 2612 κεφάλαιον

2093 2641 2180 2694 διὰ
2206 2640 2475 2706 λεξειδίων
2502 2637 2716 2706 ὀλίγων,
2753 2638 2846 2689 καὶ
2882 2637 3134 2706 μάλιστα,
3174 2638 3294 2689 ἐπεί
3328 2655 3460 2708 φησι
3500 2657 3519 2687 ι
3568 2655 3669 2708 μυ-

2097 2733 2228 2803 ρίοις
2259 2731 2438 2793 ἄλλοις
2465 2727 2876 2799 ἐφαρμοσθῆναι
2909 2726 3166 2778 δύνασθαι
3207 2727 3340 2780 πολὺ
3376 2725 3671 2779 πιθανώτε-

2095 2841 2188 2896 ρον
2216 2822 2285 2875 τὰ
2310 2819 2623 2893 προφητικὰ
2654 2819 2687 2889 ἢ
2716 2817 2795 2888 τῷ
2827 2816 3022 2887 Ἰησοῦ.
3064 2836 3080 2868 ι
3131 2816 3254 2870 Καὶ
3275 2817 3439 2889 ἐχρῆν
3472 2834 3536 2885 γε
3575 2818 3670 2870 αὑ-

2091 2915 2181 2966 τὸν
2233 2911 2367 2982 πρὸς
2417 2911 2516 2980 τὴν
2567 2909 2916 2980 κρατήσασαν
2957 2907 3296 2979 Χριστιανῶν
3343 2907 3546 2976 ταύτην
3593 2907 3671 2970 ὡς

414 3017 549 3057 sane
587 3002 836 3055 validiori
871 3011 925 3056 et
960 3017 1068 3069 quo
1101 3001 1336 3055 maxime
1361 3002 1641 3056 confidunt
1669 3001 1980 3070 Christiani,

2095 3003 2456 3075 ἰσχυροτάτην
2500 2999 2772 3063 ἀπόδειξιν
2811 2999 3001 3068 στῆναι
3048 2998 3341 3068 ἐπιμελῶς,
3393 3000 3487 3051 καὶ
3546 2997 3667 3054 καθ’

415 3102 741 3164 argumento
772 3093 1064 3162 diligenter
1103 3094 1376 3148 obsistere
1409 3093 1618 3158 debuit,
1660 3101 1714 3147 et
1752 3095 1987 3160 arreptis

413 3185 697 3255 sigillatim
732 3185 837 3238 illis
865 3183 1160 3246 vaticiniis,
1195 3185 1570 3238 demonstrare
1600 3187 1874 3252 quomodo
1896 3183 1986 3237 illa

412 3278 688 3334 sexcentis
717 3277 839 3330 aliis
870 3276 1026 3345 longe
1047 3274 1404 3344 probabilius,
1425 3273 1747 3344 quamJesu,
1775 3290 1989 3328 accom-

413 3371 626 3426 modari
685 3369 918 3439 possint.
964 3367 1162 3422 Verum
1225 3382 1329 3422 non
1373 3368 1756 3421 animadvertit
1795 3366 1986 3422 Celsus

410 3463 485 3528 id,
516 3463 560 3516 si
604 3462 882 3516 diceretur
915 3459 984 3514 ab
1019 3459 1237 3513 homine
1273 3461 1364 3527 qui
1410 3458 1713 3527 scripturas
1747 3459 1981 3526 prophe-

409 3555 548 3609 ticas
591 3570 692 3607 non
752 3552 1084 3614 admitteret,
1125 3551 1368 3605 nonnihil
1403 3551 1627 3619 quidem
1685 3550 1981 3618 probabili-

409 3647 536 3700 tatis
564 3645 909 3709 habiturum;
943 3658 1216 3712 nunquam
1257 3657 1388 3697 vero
1423 3642 1695 3696 dicturum
1729 3657 1848 3696 esse
1878 3641 1976 3695 Ju-

405 3740 604 3802 daeum,
633 3739 775 3806 quod
803 3735 970 3791 Iudici
997 3749 1242 3804 personae
1271 3734 1514 3788 ascribit.
1547 3733 1655 3788 Nec
1698 3736 1844 3788 enim
1880 3733 1977 3788 de-

409 3829 554 3881 derit
585 3826 804 3880 Judaeus
845 3828 1235 3894 prophetarum
1271 3825 1524 3878 vaticinia
1555 3825 1826 3879 sexcentis
1859 3823 1983 3878 aliis

405 3915 682 3986 quadrare
713 3915 906 3982 magis,
952 3929 1110 3981 quam
1164 3912 1333 3978 Jesu;
1381 3914 1476 3966 sed
1508 3913 1684 3968 allieta
1729 3913 1977 3982 singulis,

404 4022 526 4077 quae
557 4006 664 4060 sibi
701 4006 877 4074 magis
911 4005 1247 4071 probabitur,
1304 4004 1597 4069 sententia,
1649 4003 1980 4058 Christiano-

403 4113 526 4153 rum
561 4093 1064 4164 interpretationem
1100 4089 1422 4160 propulsare
1447 4092 1737 4146 conabitur
1775 4107 1788 4143 :
1832 4093 1978 4162 quod

400 4191 447 4244 si
489 4205 596 4244 non
615 4188 758 4242 dicet
782 4201 901 4257 quae
945 4184 1151 4240 faciant
1181 4183 1365 4251 ﬁdem,
1395 4183 1586 4238 saltem
1634 4182 1688 4236 id
1723 4193 1846 4252 aget
1890 4199 1978 4239 se:

397 4283 545 4337 dulo.

473 4418 586 4489 (62)
641 4418 809 4489 Τοὺς-
836 4415 955 4470 ἀπὸ
1007 4417 1378 4489 Μαρκίωνος.
1427 4413 1762 4489 Marcienitge
1806 4416 1976 4489 solum
2012 4421 2057 4476 D

398 4483 927 4555 Lucae'Evaugelium
944 4483 1423 4554 amplectebantur,
1453 4485 1664 4552 rejectis
1685 4483 1958 4550 Matthaso,

399 4557 579 4611 Marco
608 4567 663 4608 et
685 4556 1038 4626 .loaune._sed
1070 4557 1223 4609 istius
1249 4556 1527 4626 Evangelii
1563 4556 1960 4626 auct_orem_di-

398 4629 595 4679 eebant
623 4639 727 4677 non
761 4641 881 4678 esse
915 4623 1138 4684 Lucam,
1188 4625 1280 4679 sed
1325 4623 1571 4687 Paulum,
1604 4623 1760 4692 cuius
1795 4623 1959 4677 etiam

399 4695 570 4748 solius
601 4693 875 4759 Epistolis,
906 4709 1010 4746 non
1048 4705 1222 4748 tamen
1265 4696 1535 4752 omnibus.
1580 4707 1680 4746 nec
1729 4693 1960 4761 integris

393 4765 495 4817 sub
521 4764 738 4817 nomine
769 4763 1124 4816 ἀποστολικοῦ
1167 4765 1478 4818 utebantur.
1513 4763 1740 4816 Eosdem
1777 4761 1955 4825 Lucae,

389 4831 547 4901 juxta
595 4831 733 4901 illos,
771 4833 918 4886 Pauli
969 4834 1310 4901 Evangelium
1369 4835 1504 4884 mire
1545 4837 1855 4901 truncatum
1906 4841 1960 4884 et

401 4899 783 4970 interpolatum
817 4903 1068 4955 habuisse
1094 4899 1322 4955 testatur
1354 4901 1584 4954 [renatus
1636 4899 1727 4970 lib.
1763 4915 1799 4963 ι,
1837 4915 1957 4968 cap.

400 4973 508 5036 29;
537 4969 906 5024 r’l‘ertullianus
929 4982 1110 5023 contra
1140 4971 1487 5032 Marcionem,
1525 4980 1579 5024 et
1627 4969 1958 5038 Epiphanius

400 5041 594 5096 ltmresi
629 5039 721 5094 42.
763 5041 844 5093 Ad
876 5040 1281 5095 Valentinianus
1323 5046 1466 5108 quod
1499 5041 1714 5100 attinet,
1764 5039 1816 5091 iu
1863 5055 1958 5093 eo-

395 5127 515 5166 rum
543 5110 860 5164 commentis
892 5125 1010 5176 quae
1033 5108 1220 5164 Gratce
1255 5117 1467 5163 exstant
1494 5110 1558 5162 ad
1595 5110 1796 5161 calcem
1835 5109 1954 5162 Cle-

389 5181 591 5234 mentis
627 5179 1002 5240 Alexandrini,
1042 5177 1159 5232 loca
1195 5197 1223 5232 e
1251 5180 1504 5232 Matthaeo
1528 5178 1747 5232 etLuca
1775 5179 1954 5245 profe-

387 5259 602 5314 runtur,
621 5261 673 5303 et
689 5249 790 5302 Ter
801 5249 944 5303 tullia
955 5263 1074 5312 nus,
1093 5263 1208 5316 cap.
1225 5248 1314 5303 58.
1329 5247 1406 5301 De
1419 5250 1727 5314 prwscripl.,
1753 5249 1953 5302 diserte

392 5328 618 5374 testatur
653 5319 993 5373 Valentinum
1030 5336 1048 5369 ι
1084 5320 1292 5388 integro
1317 5323 1673 5371 instrumento
1712 5336 1735 5369 ι
1767 5333 1944 5382 usum,

387 5401 442 5459 et
477 5389 773 5459 Scripturis
809 5389 1136 5456 pepercisse,
1176 5404 1273 5441 uec
1302 5405 1320 5438 ι
1367 5389 1632 5459 machaera
1659 5403 1813 5459 usum
1846 5402 1943 5459 pa-

389 5456 517 5522 lam,
551 5477 572 5510 »
601 5455 742 5513 licet
796 5455 1013 5512 sensum
1069 5461 1429 5525 pervertendo
1474 5457 1591 5525 plus
1639 5455 1938 5510 abstulerit.

390 5527 573 5594 Itaque
599 5528 883 5580 dicendum
918 5526 1177 5596 Ot'igeuis
1198 5538 1355 5581 aetate
1386 5529 1645 5596 quosdam
1675 5525 1937 5596 Valentini

390 5543 573 5594 Ilaqlle
599 5543 883 5580 utceuuum
918 5543 1168 5596 urtgems
1198 5543 1355 5581 aetate
1427 5543 1645 5583 uosuam
1680 5543 1935 5579 vateuunt

387 5596 676 5667 discipulos
693 5597 938 5667 fortassis
960 5594 1178 5659 fecisse,
1213 5597 1353 5667 quod
1378 5543 1722 5651 Qalentiuum
1755 5595 1935 5667 facere

386 5659 756 5720 'l‘ertuliiauus
801 5659 926 5721 vere
991 5659 1245 5742 negavitf
1303 5665 1632 5725 Lucianistte
1685 5665 1934 5735 discipuli

2090 3096 2324 3164 ἑκάστην
2362 3092 2696 3164 προφητείαν
2731 3090 2985 3143 ἐκθέσθαι
3036 3088 3152 3151 πῶς
3204 3089 3381 3152 ἄλλοις
3426 3092 3668 3159 ἐφαρμοσ-

2091 3186 2278 3257 σθῆναι
2330 3185 2554 3238 δύναται
2619 3182 2752 3235 πολὺ
2817 3179 3186 3251 πιθανώτερον
3246 3181 3278 3250 ἦ
3341 3180 3419 3250 τῷ
3470 3179 3663 3249 Ἰησοῦ.

2101 3277 2240 3329 Ἀλλ’
2284 3277 2404 3328 οὐδὲ
2440 3275 2695 3336 συνεῖδεν,
2737 3275 2819 3326 ὅτι
2851 3274 3002 3325 τουτὶ
3042 3274 3150 3344 ἄρα
3206 3272 3429 3326 πιθανὸν
3463 3269 3528 3343 ἦν
3563 3273 3666 3325 ὑπό

2087 3385 2232 3431 τινος
2256 3367 2508 3436 λέγεσθαι
2538 3364 2681 3418 κατὰ
2725 3363 3064 3434 Χριστιανῶν
3093 3363 3200 3416 τῶν
3229 3363 3524 3434 ἀλλοτρίων
3559 3364 3665 3418 τῶν

2089 3460 2442 3530 προφητικῶν
2496 3455 2858 3528 γραμμάτωνο
2899 3455 3017 3507 νυνὶ
3054 3455 3110 3507 δὲ
3141 3455 3278 3524 ὅπερ
3315 3454 3566 3518 Ἰουδαῖος
3597 3454 3668 3507 ἂν

2084 3551 2184 3602 οὐκ
2211 3545 2351 3610 εἷπε,
2381 3546 2704 3616 περιέθηκεν
2737 3546 2764 3596 6
2785 3544 2989 3606 Κέλσος
3004 3543 3082 3612 τῷ
3107 3542 3200 3595 τοῦ
3217 3542 3465 3594 Ἰουδαίου
3499 3560 3664 3614 προσ-

2085 3640 2237 3711 ώπῳ.
2288 3640 2362 3691 Οὐ
2409 3636 2876 3706 συγκαταθήσεται
2923 3635 3030 3704 γὰρ
3070 3637 3098 3686 6
3139 3634 3408 3697 Ἰουδαῖος,
3443 3635 3524 3688 ὃτι
3563 3653 3663 3705 μυ·

2088 3733 2222 3804 ρίοις
2255 3729 2663 3800 ἐφαρμοσθῆναι
2690 3727 2909 3780 δύναται
2946 3725 3015 3778 τὰ
3044 3724 3354 3796 προφητικὰ
3391 3725 3524 3780 πολὺ
3561 3744 3656 3779 πι-

2085 3823 2386 3893 θανώτερον
2423 3820 2530 3891 (65)
2567 3821 2598 3890 ἢ
2629 3819 2705 3890 τῷ
2738 3817 2912 3888 Ἰησοῦ
2935 3835 2946 3849 ·
2981 3817 3117 3870 ἀλλὰ
3151 3818 3277 3887 περὶ
3298 3817 3528 3870 ἑκάστου
3559 3818 3657 3888 τὴν

2084 3915 2413 3985 φαινομένην
2452 3911 2597 3981 αὑτῷ
2619 3911 2868 3979 διήγησιν
2897 3908 3200 3970 ἀποδιδοὺς,
3236 3907 3428 3977 στῆναι
3462 3909 3653 3979 πειρά-

2083 4023 2233 4059 σεται
2263 4004 2401 4076 πρὸς
2445 4001 2540 4072 τὴν
2588 4000 2696 4053 τῶν
2731 3997 3073 4069 Χριστιανῶν
3107 3997 3333 4069 ἐκδοχὴν
3355 4016 3368 4028 ·
3405 4000 3467 4052 οὐ
3523 4001 3652 4052 πάν-

2077 4117 2186 4162 τως
2248 4097 2346 4168 μὲν
2401 4094 2628 4148 πιστικά
2682 4093 2790 4164 (66)
2845 4093 3039 4160 λέγων,
3097 4090 3436 4162 πειρώμενος
3483 4093 3538 4145 δὲ
3586 4090 3656 4145 ’τὸ

2078 4189 2286 4242 τοιοῦτο
2314 4190 2504 4240 ποιεῖν.

2082 4418 2235 4466 erant
2262 4406 2486 4461 Luciaui
2520 4420 2612 4457 seu
2645 4403 2847 4474 Lucani
2882 4403 3434 4474 cujusdamhmretiei
3465 4408 3556 4474 qui
3587 4422 3642 4463 et

2085 4484 2203 4549 ipse
2236 4475 2522 4549 blarcio_nis
2557 4483 2792 4549 sectator
2825 4473 2941 4549 fuit.
2980 4475 3110 4526 Vide
3138 4473 3499 4549 ΔΕρὶβίιτιιιξιιηι
3535 4480 3644 4532 lla:-

2071 4541 2176 4604 res.
2220 4548 2310 4604 45,
2339 4555 2394 4597 et
2415 4543 2807 4600 Tertulliauum
2835 4541 2910 4594 De
2932 4544 3246 4608 prmeript.,
3277 4561 3326 4598 c.
3372 4543 3461 4598 51.

2142 4615 2258 4688 (65)
2287 4617 2359 4688 *ιζ
2381 4617 2432 4688 0}
2461 4613 2933 4688 ῃςριπατητικοί.
2967 4611 3104 4688 _Nota
3132 4612 3219 4665 hic
3248 4611 3640 4678 Peripateticos

2067 4681 2207 4743 inter
2233 4681 2687 4754 ψευδοδοξοῦντας
2710 4683 3001 4754 recenseri.

2140 4751 2646 4829 (64)’Φειδᾴμεγον..
2676 4751 2988 4829 lloherethts
3010 4751 3135 4817 legit
3157 4751 3471 4829 κηδόμενον.
3492 4753 3633 4829 Idem

2064 4821 2226 4895 paplo
2268 4834 2387 4893 post
2429 4823 2562 4895 legit
2598 4821 2695 4895 τὴν
2732 4821 3064 4895 φαινομένην
3103 4821 3264 4895 αὐτῷ
3301 4824 3631 4895 ἀνατροπὴν,

2063 4891 2474 4949 Ειιίθιοήθιιιθιι]
2513 4891 2597 4944 hic
2623 4891 2770 4944 locus
2801 4892 3146 4957 glossematis
3177 4891 3534 4959 interpolatum
3563 4891 3634 4948 vi-

2063 4971 2222 5020 detur
2253 4973 2310 5017 et
2345 4963 2572 5033 fortasse
2602 4961 2679 5033 sic
2723 4961 3126 5033 restituendus:
3161 4961 3269 5013 Kal.
3303 4963 3628 5033 συναγορεύ-

2061 5051 2229 5089 σαντα
2255 5035 2377 5094 ταῖς
2423 5028 2774 5100 πιθανότησιν
2805 5029 2983 5100 αὐτῶν
3010 5029 3106 5100 τὴν
3148 5033 3474 5100 φαινομένην
3507 5028 3632 5085 ἆνα.

2056 5104 2262 5174 τροπὴν
2316 5098 2585 5174 ἐκθέσθαι.
2646 5098 2800 5150 Οὕτω
2824 5099 2953 5174 *γὰρ
3005 5099 3090 5160 ἄν,
3123 5098 3386 5174 cte._lliec
3433 5098 3627 5172 itque

2056 5167 2236 5226 αὒτῶν
2272 5183 2325 5226 et
2359 5170 2458 5239 τῆς
2492 5170 2737 5240 χρήσεως
2782 5167 2889 5220 τῶν
2923 5167 3277 5239 ’προφητικῶν
3307 5167 3625 5238 interpreta-

2058 5255 2236 5296 meuta
2266 5242 2316 5296 ei
2337 5243 2600 5310 _videntur
2649 5253 2772 5292 esse
2804 5254 2924 5307 qua:
2962 5255 2992 5292 e
3037 5244 3279 5308 margine
3328 5242 3381 5291 in
3418 5253 3618 5293 textum

2049 5321 2126 5365 tra
2141 5313 2404 5366 nsierunt.

2117 5382 2228 5454 (65)
2276 5380 2368 5434 Sic
2425 5393 2556 5454 mss.
2603 5377 2736 5454 [ξος.
2793 5375 2958 5454 ΒιιιείιΖ
2988 5384 3042 5429 et
3074 5375 3606 5454 vetnsvaticanus;

2042 5441 2166 5506 libri
2199 5441 2387 5528 autetn‘
2421 5449 2574 5528 editi,
2607 5441 2880 5527 51%;“..‘0011
2931 5441 3183 5528 @pa‘ﬁv)’
3218 5447 3324 5528 ὑτὶό
3357 5463 3497 5508 τινος
3532 5448 3622 5500 λέ.

2037 5521 2228 5589 γεσθαι
2262 5517 2402 5572 κατὰ
2428 5515 2834 5589 Χριστιανῶν...
2873 5511 3093 5589 πιθανὸν
3110 5511 3266 5589 ’τάχα
3280 5511 3367 5586 ἦν.

2107 5591 2218 5660 (66)
2262 5585 2536 5643 Πιστικᾶ.
2589 5585 2788 5642 Guieto
2825 5585 3172 5642 scribendum
3220 5585 3433 5641 videtur
3490 5599 3613 5637 πει-

2037 5661 2222 5713 στικά.
