3998 6170
308 302 437 377 ’διο

1545 318 1824 375 CONTRA
1861 314 2135 372 CELSUM
2171 318 2299 375 LIB.
2336 317 2397 372 ll.

3478 312 3582 365 830

301 470 311 499 μ
396 445 717 506 Φθάσαντες
759 443 805 497 δ’
853 446 911 498 ἐν
953 446 1063 508 τοῖς
1119 443 1374 515 ἀνωτέρω
1427 446 1730 514 εἰρήκαμεν
1786 444 1913 513 περὶ

2085 444 2245 515 412
2275 445 2366 499 29.
2395 442 2514 496 Jam
2538 447 2665 495 ante
2694 438 2933 494 diximus
2957 432 3226 503 duplicem
3262 428 3463 484 Christi
3499 430 3579 480 in-
3688 414 3691 415 ν

320 528 437 585 τῶν
466 535 562 586 τὸν
588 535 821 605 Χριστὸν
847 534 1286 606 προφητεύεσθαι
1314 533 1445 604 (67),
1473 534 1565 585 δύο
1593 531 1907 601 ἐπιδημίαις

317 624 676 694 χρησόμενον
710 627 789 687 είς
818 626 880 677 τὸ
911 625 1019 677 τῶν
1045 624 1344 695 ἀνθρώπων
1369 624 1522 692 γένος
1544 639 1558 652 '
1596 622 1780 693 διόπερ
1812 620 1913 673 οὐκ

316 710 404 763 ἔτι
459 714 626 782 χρεία
669 716 816 783 ἡμᾶς
861 714 1300 784 ἀπολογήσασθαι
1342 713 1480 783 πρὸς
1527 711 1588 763 τὸ
1626 711 1912 777 λεγόμενον

316 803 400 865 ὡς
455 805 569 857 ὑπὸ
608 805 701 857 τοῦ
754 805 1025 870 Ἰουδαίου,
1074 808 1155 858 ὄτι
1198 824 1215 857 ι
1268 805 1454 872 Μέγαν
1494 803 1586 856 καὶ
1624 801 1911 870 δυνάστην,

2018 543 2104 587 ter
2154 534 2399 587 homines
2454 534 2741 585 adventum
2821 542 2849 580 a
2904 522 3187 595 prophetis
3254 518 3577 588 praedictum

2018 623 2206 677 fuisse.
2234 622 2577 689 Quapropter
2606 617 2795 673 inutile
2838 614 3007 668 fuerit
3052 611 3305 666 refellere
3356 609 3408 662 id
3439 605 3581 674 quod

2018 713 2171 765 ﬁctus
2196 713 2412 767 Iudaeus
2435 711 2583 764 addit
2615 726 2627 762 :
2661 728 2679 759 ι
2715 706 2815 773 Qui
2864 712 3121 759 venturus
3165 710 3267 764 est,
3300 713 3422 752 eum
3456 710 3583 763 pro-

2017 804 2191 871 phetae
2226 812 2609 870 praepotentem
2634 797 2918 867 quemdam
2953 808 3155 862 regem,
3182 790 3444 843 universre
3476 795 3584 838 ter-

2017 908 2110 955 rm,
2143 892 2382 960 gentium
2404 892 2647 944 omnium
2690 887 3131 952 exercituumque
3171 880 3447 935 dominum
3467 876 3581 930 fore

2015 980 2394 1051 pronuntiant.
2431 998 2449 1030 ι
2478 978 2629 1043 Quod
2656 992 2784 1029 vero
2815 975 3082 1041 sequitur,
3123 990 3141 1023 ι
3177 978 3283 1025 tam
3317 965 3585 1038 pernicio-

2016 1087 2132 1125 sam
2162 1080 2369 1139 pestem
2401 1069 2468 1122 ab
2500 1068 2604 1122 illis
2644 1082 2747 1118 non
2784 1064 2950 1119 fuisse
2987 1061 3421 1131 prtenuntiatam,
3456 1076 3474 1108 ι
3497 1057 3583 1110 hic

2020 1177 2257 1231 agnosco
2308 1160 2616 1213 Judmorum
2665 1156 3028 1218 stomachum,
3082 1167 3192 1221 quo
3234 1150 3294 1205 tit
3336 1158 3396 1203 ut
3438 1147 3585 1202 nullo

2021 1263 2341 1322 argumento
2374 1250 2588 1305 nullave
2615 1247 2997 1318 probabilitate
3032 1244 3218 1299 Jesum
3246 1243 3580 1310 vituperent.

2020 1344 2129 1398 Nec
2153 1344 2297 1397 enim
2326 1339 2518 1406 Judtei,
2546 1355 2646 1394 nec
2672 1338 2877 1401 Celsus,
2902 1350 3001 1389 nec
3047 1333 3181 1387 alius
3210 1331 3434 1401 quilibet
3462 1345 3587 1399 pro-

2021 1436 2152 1488 bare
2179 1448 2415 1502 unquam
2458 1431 2659 1500 poterit
2687 1426 3042 1498 perniciosam
3076 1433 3279 1493 pestem
3296 1436 3419 1476 eum
3442 1435 3584 1482 esse,

2020 1525 2111 1592 qui
2161 1534 2240 1577 tot
2282 1523 2529 1577 homines
2568 1519 2879 1574 avitiorum
2931 1514 3177 1583 proluvie
3212 1519 3467 1567 avocatos
3516 1510 3585 1561 ad

2023 1614 2187 1666 vitam
2219 1622 2429 1666 naturae
2478 1616 2905 1663 consentaneam
2939 1615 2993 1658 et
3035 1602 3393 1670 temperantia
3430 1606 3587 1652 caete-

2025 1704 2205 1770 risque
2236 1702 2527 1756 virtutibus
2554 1707 2799 1753 ornatam
2826 1695 3127 1750 advocavit.

316 895 421 946 xa't
457 894 646 963 πάσης
674 896 772 965 τῆς
806 896 929 965 γῆς,
964 896 1057 947 κα)¹
1083 897 1298 949 πάντων
1314 894 1422 947 τῶν
1453 893 1618 947 ἐθνῶν
1640 893 1734 944 καὶ
1757 906 1916 959 στρα-

315 984 578 1037 τοπέδων
608 985 810 1055 Κύριόν
843 1002 1004 1053 φασιν
1036 988 1083 1038 οἱ
1126 987 1401 1056 προφῆται
1444 981 1580 1038 εἶναι
1612 983 1702 1035 τὸν
1730 980 1916 1048 ἐπιδη-

322 1074 586 1143 μήσοντα
626 1074 755 1144 (68).
792 1096 810 1126 ι
841 1075 1142 1137 Ἰουδαϊκῶς
1173 1075 1239 1138 δ’,
1269 1072 1440 1145 οἶμαι,
1484 1068 1605 1126 εἷπε
1648 1072 1741 1124 καὶ
1773 1068 1916 1122 κατὰ

315 1164 427 1234 τὴν
461 1164 692 1217 ἐκείνων
739 1165 899 1236 χολὴν
935 1165 1071 1235 μετὰ
1099 1164 1193 1217 τοῦ
1223 1166 1392 1235 χωρὶς
1430 1161 1776 1227 ἀποδείξεως,
1811 1159 1915 1212 κᾶν

320 1253 585 1318 πιθανῶς
632 1254 777 1324 (69),
842 1254 1101 1325 λοιδορεῖν
1159 1254 1251 1306 τὸν
1283 1251 1510 1324 Ἰησοῦν,
1560 1252 1643 1303 ὅτι
1668 1253 1766 1304 δὲ(
1797 1249 1918 1319 οὐχὶ

318 1343 581 1397 τοιοῦτον
628 1344 847 1415 ὄλεθρον
880 1343 1239 1414 κατήγγειλεν
1264 1346 1397 1411 (70).
1420 1361 1439 1394 ι
1479 1341 1614 1394 Οῦτε
1655 1338 1915 1401 Ἰουδαῖοι,

318 1431 457 1485 οῦτε
512 1433 738 1497 Κέλσος,
775 1432 897 1485 οὔτε
933 1432 1091 1496 ἄλλος
1140 1450 1224 1495 τις
1269 1432 1405 1502 μετά
1449 1429 1771 1495 ἀποδείξεως
1807 1427 1918 1496 ἔχει

321 1523 711 1591 παραστῆσαι,
763 1523 844 1574 ὅτι
886 1521 1103 1592 ὄλεθρος
1142 1522 1429 1583 τοσούτους
1455 1518 1773 1590 ἀνθρώπους
1795 1518 1919 1568 ἐπι-

325 1612 564 1683 στρέφει
598 1613 705 1665 ἀπὸ
752 1614 851 1683 τῆς
882 1613 1089 1682 χύσεως
1135 1612 1243 1665 τῶν
1289 1612 1475 1665 κακῶν
1504 1612 1596 1663 ἐπὶ
1633 1610 1729 1662 τὸν
1779 1605 1920 1660 κατά

321 1702 503 1770 φύσιν
565 1701 702 1773 μετά
754 1703 1104 1773 σωφροσύνης
1159 1703 1254 1755 καὶ
1307 1702 1416 1755 τῶν
1461 1700 1662 1753 λοιπῶν
1710 1698 1917 1769 ἀρετῶν

324 1792 475 1860 βίον.
568 1771 576 1773 θ
881 1771 889 1773 ⁷
1063 1771 1069 1772 ί
1942 1771 1982 1822 Β

403 1881 725 1951 Παρέρῤιψε
755 1882 799 1933 δ’
827 1884 856 1934 6
900 1881 1103 1944 Κέλσος
1135 1884 1227 1935 καὶ
1263 1882 1349 1933 τό·
1390 1898 1408 1931 ι
1448 1880 1583 1935 Θεὸν
1609 1880 1665 1932 δέ
1699 1880 1790 1932 καὶ
1821 1875 1914 1930 τοῦ

324 1971 474 2024 Θεοῦ
510 1973 638 2025 Υίὸν
664 1975 837 2036 οὐδεὶς
874 1976 939 2026 ἐκ
977 1973 1230 2027 τοιούτων
1277 1972 1559 2040 συμϐόλων
1602 1973 1695 2023 καὶ
1736 1986 1915 2041 παρα-

324 2063 684 2132 κουσμάτων,
719 2064 827 2116 οὐδ’
868 2062 928 2127 ἐξ
953 2062 1124 2126 οὕτως
1174 2062 1413 2131 ἀγεννῶν
1442 2062 1754 2133 τεκμηρίων
1791 2077 1915 2112 συν-

329 2147 573 2219 ίστησιν.
603 2168 621 2200 ι
668 2151 865 2221 Ἐχρῆν
896 2152 952 2203 δὲ
996 2152 1176 2216 αὐτὸν,
1205 2152 1274 2204 τά
1301 2151 1735 2221 παρακούσματα
1767 2149 1918 2202 ἐκθέ-

333 2257 525 2309 μενον,
568 2241 804 2309 ἐλέγξαι,
840 2244 936 2295 καὶ
977 2242 1045 2295 τὰ
1091 2243 1291 2313 ἀγεννῆ
1335 2245 1608 2313 τεκμήρια
1640 2243 1784 2311 λόγῳ
1814 2258 1916 2293 πα-

333 2331 635 2401 ραστῆσαι,
666 2332 730 2384 ἵν’
750 2332 803 2384 εἴ
824 2349 875 2384 τι
909 2333 1127 2387 πιθανὸν
1148 2333 1576 2401 ἐδόκειλέγειν,ό
1597 2333 1918 2403 Χριστιανὸς

332 2418 711 2485 ἀγωνίσασθαι
740 2421 874 2490 πρὸς
906 2421 1039 2472 αὐτὸ
1076 2421 1327 2491 παραϐῇ,
1358 2422 1453 2474 καὶ
1495 2421 1792 2491 ἀνατρέψαι
1827 2423 1918 2474 τὸν

330 2509 520 2576 λόγον.
555 2511 732 2580 Ὅπερ
757 2510 812 2562 δὲ
833 2506 953 2563 εἶπε
970 2511 1098 2580 περὶ
1124 2510 1219 2562 τοῦ
1257 2510 1454 2581 Ἰησοῦ,
1488 2513 1765 2580 ἀπήντησε
1801 2513 1917 2581 μὲν,

333 2598 419 2660 ὡς
481 2600 610 2668 περ).
659 2599 914 2668 μεγάλου,
951 2599 1050 2653 οὐκ
1095 2599 1359 2669 ἐϐουλήθη
1398 2601 1455 2652 δὲ
1493 2601 1639 2665 ἰδεῖν,
1671 2602 1751 2653 ὅτι
1774 2600 1917 2653 τοῦτ’

337 2690 679 2758 ἀπήντησεν,
715 2690 817 2743 κᾶν
852 2690 963 2761 (71)
988 2693 1021 2761 ή
1050 2691 1306 2762 ἐνάργεια
1345 2692 1643 2761 παρίστησι
1674 2694 1801 2761 περὶ
1827 2692 1919 2744 τοῦ

350 2778 552 2848 Ἰησοῦ.
597 2799 615 2830 ι
667 2781 752 2842 Ὡς
804 2781 914 2851 γάρ
963 2784 991 2835 6
1032 2783 1213 2852 ἥλιος,
1261 2782 1423 2851 φησὶ,
1474 2782 1653 2834 πάντα
1691 2781 1762 2833 τὰ
1786 2782 1919 2835 ἄλλα

335 2864 597 2932 φωτίζων
646 2867 862 2938 πρῶτον
907 2868 1069 2921 αὑτὸν
1121 2869 1372 2922 δεικνύει’
1419 2868 1592 2931 οῦτως
1637 2870 1801 2939 ἐχρῆν
1826 2887 1922 2922 πε-

337 2956 627 3025 ποιηκέναι
678 2958 770 3011 τὸν
799 2957 927 3031 Υίὸν
972 2957 1066 3010 τοῦ
1108 2958 1263 3012 Θεοῦ.
1322 2978 1340 3010 ι
1392 2961 1653 3029 Εἴποιμεν
1697 2959 1760 3011 ἂν
1802 2956 1916 3025 οῦν,

336 3047 427 3099 ὅτι
462 3048 556 3100 καὶ
584 3048 909 3116 πεποίηκεν
954 3064 974 3098 ι
1015 3048 1280 3102 Ἀνέτειλε
1309 3050 1417 3118 γὰρ
1445 3051 1504 3102 ἐν
1530 3052 1648 3111 ταῖς
1680 3050 1915 3121 ἡμέραις
1944 3079 1984 3135 C

336 3135 510 3189 αὐτοῦ
564 3136 894 3207 δικαιοσύνη,
940 3137 1032 3191 κα)¹
1086 3138 1290 3209 πλῆθος
1347 3141 1569 3209 είρήνης
1618 3138 1858 3206 γέγονεν,
1892 3158 1911 3190 ι

337 3226 645 3296 ἀρξάμενον
682 3226 790 3279 ἀπὸ
830 3227 933 3296 τῆς
982 3228 1245 3295 γενέσεως
1279 3228 1465 3293 αὐτοῦ,
1508 3226 1917 3299 εύτρεπίζοντος

334 3313 437 3366 τοῦ
481 3314 616 3366 Θεοῦ
644 3318 710 3386 τῇ
738 3316 1055 3388 διδασκαλίᾳ
1092 3318 1257 3373 αὐτοῦ
1291 3320 1359 3373 τά
1390 3318 1537 3387 ἔθνη,
1574 3319 1639 3370 ἶν’
1672 3319 1779 3371 ὑπὸ
1822 3319 1917 3372 ἕνα

338 3404 570 3473 γένηται
597 3404 706 3459 τῶν
740 3406 1022 3477 Ῥωμαίων
1058 3408 1298 3479 βασιλέα,
1326 3410 1419 3462 καὶ
1456 3410 1549 3479 μὴ,
1577 3409 1664 3462 διὰ
1692 3410 1753 3462 τὸ
1787 3427 1920 3482 προ-

339 3494 507 3561 φάσει
532 3494 641 3548 τῶν
674 3497 884 3551 πολλῶν
912 3499 1192 3569 βασιλειῶν
1214 3500 1324 3570 (72)
1358 3500 1587 3570 ἄμικτον
1615 3499 1724 3553 τῶν
1750 3500 1919 3554 ἐθνῶν

339 3585 485 3655 πρὸς
518 3586 743 3657 ἄλληλα,
792 3588 1165 3661 χαλεπώτερον
1191 3592 1414 3664 γένηται
1451 3596 1564 3657 τοῖς
1603 3594 1919 3657 ἀποστόλοις

333 3672 436 3726 τοῦ
477 3676 652 3746 Ἰησοῦ
680 3678 742 3730 τὸ
770 3680 990 3750 ποιῆσαι
1019 3681 1153 3754 ὅπερ
1188 3684 1516 3753 προσέταξεν
1536 3684 1715 3747 αὐτοῖς
1743 3684 1771 3735 6
1814 3686 1917 3755 Ἰη-

338 3764 497 3829 σοῦς,
533 3765 731 3821 εἰπών·
770 3786 791 3821 ι
837 3770 1199 3841 Πορευθέντες
1239 3774 1818 3843 μαθητεύσατε“πάντα
1850 3777 1917 3828 τά

338 3855 490 3925 ἔθνη.
533 3874 552 3907 ι
590 3859 700 3909 Καὶ
736 3859 907 3927 σαφές
950 3877 1035 3928 γε,
1070 3863 1151 3915 ὅτι
1184 3864 1325 3917 κατὰ
1353 3865 1452 3935 τὴν
1472 3865 1779 3933 Αὐγούστου
1819 3865 1917 3934 βα-

339 3946 547 4001 σιλείαν
588 3950 617 4001 6
669 3950 877 4019 Ἰησοῦς
908 3950 1039 4021 (75)
1078 3955 1426 4023 γεγέννηται,
1479 3954 1574 4008 τοῦ
1606 3956 1693 4026 (ἵν’
1744 3955 1917 4019 οὔτως

334 4034 610 4107 ὀνομάσω)
656 4039 1012 4107 ὁμαλίσαντος
1043 4041 1130 4095 διὰ
1176 4045 1303 4112 μιᾶς
1336 4044 1609 4112 βασιλείας
1638 4048 1764 4109 τοὺς
1786 4048 1915 4101 πολ-

338 4123 466 4188 λοὺς
504 4125 610 4178 τῶν
641 4128 732 4178 ἐπὶ
763 4127 887 4197 γῆς.
918 4125 1027 4181 Ἦν
1081 4131 1138 4183 δέ
1179 4132 1245 4184 ἂν
1280 4133 1533 4203 ἐμπόδιον
1561 4135 1654 4187 τοῦ
1682 4137 1917 4206 νεμηθῆ-

336 4233 429 4268 ναι
463 4216 563 4285 τὴν
596 4216 768 4285 Ἰησοῦ
795 4219 1138 4271 διδασκαλίαν
1164 4223 1244 4283 είς
1270 4223 1449 4275 πᾶσαν
1470 4225 1567 4292 τὴν
1595 4226 1915 4297 οἰκουμένην

336 4305 402 4357 τὸ
426 4303 626 4367 πολλὰς
664 4302 801 4359 εἶναι
842 4308 1135 4377 βασιλείας,
1165 4311 1224 4361 ού
1260 4311 1417 4381 μόνον
1446 4312 1533 4366 διὰ
1564 4314 1633 4367 τά
1662 4331 1917 4387 προειρη-

2091 1879 2180 1934 50.
2206 1878 2417 1953 Adjccit
2455 1886 2510 1932 et
2543 1878 2648 1930 hoc
2674 1873 2863 1928 Celsus
2895 1891 2908 1925 :
2945 1888 2962 1922 ι
2999 1870 3168 1925 Nemo
3199 1867 3461 1937 ejusmodi
3507 1866 3587 1918 si-

2037 1970 2181 2039 gnis,
2212 1967 2755 2035 interpretationibus
2793 1978 2959 2031 prave
2996 1961 3242 2025 detortis,
3278 1967 3386 2012 tam
3416 1958 3588 2012 inani-

2022 2060 2123 2114 bus
2142 2057 2477 2127 argumentis
2500 2065 2555 2109 et
2582 2056 2745 2108 Deum
2777 2062 2832 2106 et
2861 2053 2952 2105 Dei
2983 2051 3178 2104 Filium
3208 2065 3329 2105 esse
3361 2052 3586 2104 demon-

2020 2146 2305 2203 straverit.
2346 2163 2366 2197 ι
2400 2144 2472 2199 Ut
2502 2158 2697 2212 pravas
2736 2143 2858 2197 illas
2891 2140 3365 2208 interpretationes
3396 2139 3585 2193 redar-

2022 2248 2238 2310 gueret,
2301 2238 2565 2292 adductas
2615 2236 2889 2306 oportuit;
2938 2234 3123 2289 debuit
3159 2242 3213 2287 et
3270 2231 3449 2285 inania
3498 2229 3589 2283 illa

2022 2340 2341 2400 argumenta
2382 2330 2665 2391 exhibere,
2720 2338 2777 2381 ut
2812 2327 2858 2381 si
2898 2326 3025 2393 quid
3072 2323 3353 2393 probabile
3398 2330 3587 2374 contra

2021 2420 2218 2474 afferre
2242 2422 2389 2474 visus
2416 2429 2583 2484 esset,
2619 2420 2670 2473 id
2704 2420 3021 2487 impugnare
3051 2414 3393 2469 Christianus
3411 2419 3589 2465 tenta-

2022 2521 2123 2574 ret,
2166 2521 2364 2579 etquae
2388 2510 2599 2577 objecta
2629 2510 2858 2563 fuissent
2884 2514 3147 2561 evertere.
3197 2504 3351 2569 Quod
3404 2511 3583 2555 autem

2021 2601 2088 2654 de
2116 2599 2241 2653 Jesu
2287 2601 2443 2665 dixit,
2482 2601 2731 2653 debuisse
2781 2600 2929 2653 illum
2972 2595 3398 2666 magnitudinem
3432 2607 3584 2645 suam

2021 2688 2331 2753 ostendere,
2365 2688 2417 2740 id
2446 2689 2654 2741 exitum
2692 2688 2919 2751 habuit;
2953 2688 3045 2740 sed
3081 2686 3130 2738 id
3174 2684 3357 2737 videre
3391 2681 3584 2741 noluit,

2022 2776 2317 2845 quamlibet
2332 2776 2670 2831 evidentibus
2691 2778 3026 2847 argumentis
3045 2783 3368 2829 astruatum
3394 2774 3591 2837 Quem-

2023 2870 2316 2924 admodum
2372 2871 2451 2925 sol
2479 2909 2494 2934 ,
2538 2871 2754 2939 inquit,
2803 2886 2889 2925 res
2923 2883 3110 2925 omnes
3151 2868 3426 2921 illustrans
3473 2865 3586 2934 pri-

2023 2976 2171 3015 mum
2221 2978 2278 3018 se
2328 2964 2445 3032 ipse
2496 2964 2770 3028 ostendit;
2822 2965 2903 3016 sic
2951 2961 3236 3028 oportebat
3271 2959 3453 3013 facere
3490 2956 3585 3009 Dei

2021 3049 2237 3103 Filium.
2287 3067 2305 3100 ι
2349 3050 2416 3103 Ει
2475 3052 2605 3107 fecit
2680 3052 2895 3119 quidem
2943 3064 2958 3101 :
3008 3069 3025 3101 ι
3065 3048 3195 3104 Orta
3244 3060 3327 3101 est
3356 3050 3500 3102 enim
3532 3048 3585 3100 in

2023 3142 2210 3196 diebus
2260 3141 2376 3211 ejus
2411 3141 2624 3209 justitia
2666 3152 2719 3197 et
2773 3143 3103 3196 abundantia
3130 3138 3397 3210 pacis“,»
3425 3139 3586 3206 idque

2021 3232 2204 3285 statim
2229 3246 2294 3286 ac
2322 3240 2482 3287 natus
2507 3243 2610 3288 est.
2636 3233 2774 3287 Deus
2797 3234 2965 3296 enim,
2997 3247 3118 3286 cum
3152 3242 3340 3299 gentes
3371 3233 3435 3282 ad
3469 3229 3586 3294 eius

2020 3325 2321 3378 doctrinam
2354 3326 2881 3395 praeparatasvellet,
2917 3326 3152 3396 providit
3176 3334 3232 3377 ut
3264 3325 3355 3377 uni
3389 3322 3587 3376 Roma-

2022 3432 2220 3471 norum
2260 3419 2576 3487 imperatori
2612 3428 2869 3487 parerent
2903 3431 2918 3470 :
2956 3433 3045 3484 ne,
3093 3418 3136 3471 si
3188 3417 3372 3485 plures
3401 3424 3585 3471 essent

2020 3522 2176 3577 reges
2204 3516 2500 3577 gentesque
2526 3518 2707 3564 essent
2733 3525 2760 3561 a
2792 3523 2849 3562 se
2874 3509 3103 3562 invicem
3157 3508 3367 3571 alienae,
3397 3507 3589 3561 didici-

2020 3596 2124 3649 lius
2161 3596 2401 3664 Apostoli
2439 3605 2871 3664 exsequerentur
2920 3595 2997 3657 id,
3029 3593 3169 3662 quod
3218 3593 3323 3646 illis
3374 3607 3404 3645 a
3456 3589 3583 3645 Jesu

2020 3696 2346 3755 praeceptum
2380 3687 2481 3740 iuit
2506 3687 2591 3740 his
2626 3688 2844 3740 verbis:
2878 3703 2895 3735 ι
2933 3686 3155 3748 Euntes,
3181 3684 3370 3737 docete
3396 3695 3583 3735 omnes

2020 3787 2209 3845 gentes
2236 3776 2304 3828 “.
2342 3795 2360 3826 ι
2390 3777 2566 3845 Atque
2593 3777 2759 3831 etiam
2790 3785 3005 3830 constat
3031 3774 3212 3830 Jesum
3250 3783 3433 3827 natum
3464 3785 3585 3825 esse

2019 3868 2119 3921 sub
2139 3868 2404 3937 Augusto,
2427 3869 2518 3937 qui
2550 3869 2601 3921 in
2628 3883 2789 3921 unum
2825 3882 3048 3936 regnum
3081 3867 3368 3919 maximam
3410 3862 3585 3917 homi-

2021 3972 2148 4009 num
2180 3957 2273 4025 qui
2303 3957 2356 4010 in
2392 3959 2525 4011 orbe
2559 3967 2826 4010 terrarum
2851 3956 3082 4025 dispersi
3108 3964 3254 4021 sunt,
3282 3952 3583 4008 multitudi-

2019 4063 2140 4102 nem
2166 4048 2335 4103 veluti
2386 4050 2817 4102 consociaverat.
2869 4047 3175 4117 Regnorum
3226 4048 3370 4100 enim
3402 4044 3583 4098 multi-

2022 4139 2146 4193 tudo
2193 4139 2577 4207 impedimento
2606 4139 2819 4203 fuisset,
2846 4138 3140 4205 quominus
3193 4137 3246 4190 in
3287 4145 3455 4190 totum
3491 4150 3585 4188 or-

2017 4231 2138 4284 bem
2165 4230 2412 4285 doctrina
2435 4230 2562 4285 Jesu
2594 4230 3067 4283 disseminaretur.
3114 4225 3171 4280 Id
3198 4225 3429 4280 eﬂicitur
3455 4238 3581 4278 cum

2019 4334 2082 4373 ex
2116 4319 2182 4373 iis
2204 4336 2324 4388 quae
2348 4320 2457 4387 jam
2501 4320 2760 4380 diximus,
2802 4329 2913 4371 tum
2967 4318 3090 4371 inde
3136 4315 3393 4377 maxime,
3435 4314 3582 4382 quod

339 4396 502 4465 μένα,
553 4395 691 4448 ἀλλά
716 4398 810 4449 καὶ
859 4398 947 4451 διὰ
978 4399 1040 4451 τὸ
1071 4400 1474 4468 ἀναγκάζεσθαι
1525 4405 1911 4474 στρατεύεσθαι

2018 4424 2113 4478 pro
2136 4410 2324 4475 patriae
2357 4408 2672 4463 defensione
2698 4407 2837 4462 bella
2864 4407 3083 4476 gerendi
3119 4406 3415 4460 necessitas
3443 4405 3579 4459 fuis-

337 4487 433 4539 καὶ
464 4487 602 4557 ὑπὲρ
633 4487 742 4541 τῶν
775 4492 1047 4561 πατρίδων
1082 4490 1334 4561 πολεμεῖν
1366 4494 1492 4558 τοὺς
1524 4496 1797 4567 πανταχοῦ
1822 4515 1835 4527 °
1883 4499 1911 4551 ὅ

334 4596 389 4632 τι
421 4579 628 4646 ἐγίνετο
659 4580 768 4651 (74)
794 4584 901 4654 πρὸ
942 4581 1050 4634 τῶν
1090 4584 1402 4653 Αὐγούστου
1435 4588 1662 4658 χρόνων,
1702 4590 1797 4641 κα)⁵
1830 4589 1909 4643 ἔτι

336 4683 401 4734 γε
438 4670 711 4740 ἀνωτέρω,
767 4672 857 4724 ὅτε
895 4690 958 4740 γε
1007 4674 1165 4744 χρεία
1205 4671 1292 4745 ἦν,
1347 4676 1423 4739 ὡς
1466 4676 1909 4750 Πελοποννησίων

337 4758 433 4808 καὶ
471 4758 763 4829 Ἀθηναίων
787 4757 924 4815 εἶναι
959 4762 1213 4833 πόλεμον,
1235 4764 1377 4817 οὕτω
1410 4767 1502 4818 καὶ
1539 4767 1741 4838 ἐτέρων
1774 4770 1907 4840 πρὸς

336 4844 576 4915 ἑτέρους.
612 4851 737 4913 Πῶς
787 4848 878 4905 οῦν
910 4848 1021 4907 οἷόν
1067 4871 1127 4906 τε
1154 4850 1221 4924 ἦν
1253 4854 1350 4925 τὴν
1390 4857 1672 4928 είρηνικὴν
1702 4861 1904 4932 ταύτην

335 4934 701 5005 διδασκαλίαν,
745 4947 837 4997 καὶ
873 4945 1007 5015 μηδὲ
1047 4946 1274 5017 ἐχθροὺς
1314 4948 1711 5019 ἐπιτρέπουσαν
1760 4953 1903 5023 ἀμύ-

412 5050 458 5081 ³³
486 5051 631 5107 Psal.
660 5069 810 5118 uxr,
835 5056 887 5109 7.
962 5057 1010 5090 ⁸⁸
1033 5058 1223 5116 Matth.
1249 5075 1444 5125 xxvm,
1480 5061 1569 5116 19.

410 5181 521 5254 (67)
555 5181 897 5254 μωεςὶιθιὶυε
930 5188 981 5240 in
1009 5196 1181 5251 textu,
1208 5189 1498 5254 ποιεῖσθαι,
1535 5192 1692 5247 male.

746 5256 874 5330 editi
907 5258 973 5330 a_tl
1006 5250 1324 5330 marginem,
1358 5250 1793 5330 ἐπιδημήσαντα.

411 5320 523 5398 (⁷69)
558 5320 684 5398 ῌᾶν
731 5322 1009 5398 πιθανῶς.
1044 5320 1359 5398 Βοίξιετοηιιε
1399 5320 1549 5398 legit,
1586 5320 1710 5385 ’κᾶν
1745 5331 1905 5385 πιθα-

336 5393 458 5462 νῆς.)
484 5389 712 5462 Guietus
751 5408 899 5455 vero,
933 5394 1335 5462 κᾶνίάπίθανος.

409 5461 519 5540 (70)
550 5460 974 5540 Κατήγηειλεν.
1024 5461 1378 5540 scribendum
1425 5467 1644 5540 videtur
1703 5471 1902 5540 κατήγ-

2016 4509 2138 4564 set;
2197 4506 2251 4551 ut
2299 4500 2461 4566 paulo
2502 4509 2631 4551 ante
2672 4498 2895 4567 Augusti
2936 4506 3177 4564 tempora
3223 4496 3581 4562 superiusque

2014 4589 2215 4643 factum
2262 4588 2463 4653 fuerat,
2494 4591 2713 4657 quando
2738 4630 2753 4654 ,
2788 4598 2845 4642 ut
2889 4587 3309 4655 Peloponnesios
3342 4585 3481 4638 inter
3522 4593 3580 4638 et

2010 4679 2393 4749 Athenienses,
2414 4681 2494 4733 sic
2522 4680 2668 4733 inter
2695 4678 2832 4733 alias
2851 4684 3037 4747 gentes
3060 4676 3255 4730 bellum
3287 4689 3408 4729 esse
3440 4689 3576 4743 opus

2012 4772 2135 4827 fuit.
2189 4772 2468 4838 Quomodo
2504 4771 2672 4840 igitur
2689 4771 2910 4839 paciﬁca
2934 4770 3049 4823 haec
3070 4767 3338 4832 doctrina,
3363 4783 3483 4836 quae
3508 4782 3575 4822 ne

2013 4862 2356 4916 inimicorum
2386 4860 2601 4929 quidem
2654 4859 2884 4927 injurias
2919 4861 3109 4914 ulcisci
3161 4859 3447 4927 permittit,
3478 4872 3575 4925 p0-

2015 4953 2211 5007 tuisset
2235 4952 2597 5019 invalescere,
2647 4952 2751 5008 nisi
2801 4960 2914 5007 toto
2943 4952 3073 5007 orbe
3113 4953 3376 5005 adventus
3410 4948 3571 5020 413

2078 5193 2194 5267 (72)
2237 5193 2417 5267 Codex
2446 5194 2666 5267 Regius,
2701 5196 2983 5266 βασιλέων.
3042 5199 3265 5254 Guietus
3310 5200 3570 5267 expungit

2002 5262 2209 5340 emata
2258 5262 2827 5340 r6,_qttod;|t_r:ecedit,
2876 5277 2931 5340 et
2987 5269 3239 5340 sie_legit
3290 5262 3447 5340 :_xat_
3490 5262 3566 5340 μὴ

2002 5333 2270 5406 προφάσει
2299 5332 2634 5406 τῶνᾼπολλῶν
2663 5334 2965 5406 βασιλειῶν,
3000 5332 3243 5406 ἀμίκτων
3269 5335 3376 5391 τῶν
3398 5332 3567 5391 ἐθνῶν

2002 5402 2373 5475 πρὸς-ἄλληλα
2414 5402 2605 5475 ὄντων,
2635 5402 3168 5475 χαλεπώτερον.ὀιε.

2072 5472 2183 5542 (75)
2228 5472 2329 5525 Pro
2362 5476 2389 5526 6
2436 5472 2665 5541 Ἰησοῦς,
2712 5472 3049 5542 lloeschelius
3100 5477 3150 5527 in
3204 5483 3354 5528 textu
3404 5474 3566 5529 habet

336 5529 571 5614 γξιλαν,.
594 5539 657 5614 ιιι
700 5529 981 5614 referatur
1026 5532 1091 5585 ad
1126 5533 1436 5614 προφῆται.
1490 5535 1620 5592 Post
1667 5529 1902 5610 sequens

2018 5529 2096 5614 ιῖςζ
2138 5529 2192 5595 εἰ
2247 5542 2313 5596 ad
2364 5529 2665 5612 marginem
2717 5540 2805 5614 ἧς,
2850 5544 2961 5611 sed,
2990 5552 3227 5612 utraque
3275 5544 3434 5600 lectio
3484 5560 3563 5601 vn-

335 5598 488 5684 06135,.
505 5599 808 5684 additadth
840 5601 1053 5682 videtur
1073 5598 1203 5684 γάρζ

404 5666 690 5737 (71)Κᾶν.
729 5669 888 5727 Deest
916 5672 968 5728 in
1009 5666 1261 5730 omnibus
1292 5688 1423 5730 mss.

2001 5613 2133 5665 tiosa
2146 5650 2159 5662 .

2076 5679 2185 5750 (74)
2216 5678 2369 5736 Libb.
2403 5680 2530 5737 editi
2558 5680 2621 5734 ad
2657 5681 2973 5750 marginem,
3000 5681 3229 5751 ἐγένετο.
