3998 6170
454 297 552 352 851

1903 300 2221 357 ORIGENIS

3510 284 3515 295 ι
3588 293 3700 350 853

459 411 610 477 Jesu,
666 410 900 480 placatis
944 412 1158 477 animis,
1217 412 1437 467 dissidia
1467 413 1645 467 omnia
1688 415 2007 483 composuis-

2122 414 2326 479 νεσθαι,
2356 414 2643 486 κρατῆσαι,
2679 413 2726 464 εί
2775 410 2849 482 μὴ
2880 410 2948 464 τὰ
2986 407 3084 478 τῆς
3126 405 3450 477 οἰκουμένης
3476 408 3544 476 τῇ
3589 409 3696 479 ’1η-

456 504 576 556 set?

522 682 609 736 51.
647 681 892 734 Postliaec
931 696 1051 733 cum
1091 678 1413 735 Christianis
1445 682 1768 749 expostulat,
1817 702 1834 733 ε
1871 684 2015 751 quod

453 768 709 836 captiosis
744 769 969 836 argutiis
1018 769 1143 823 freti
1200 769 1395 822 Filium
1450 768 1543 823 Dei
1592 783 1842 825 asseram
1888 787 2016 840 pro-

452 861 625 929 prium
668 874 788 914 esse
831 860 921 912 Dei
960 861 1229 926 Verbum;
1263 879 1285 911 ›
1337 868 1599 929 putatque
1646 877 1709 915 se
1754 862 2017 916 crimina-

447 952 582 1005 tioni
627 951 733 1003 vim
785 951 1006 1015 addere,
1053 966 1178 1004 cum
1210 952 1287 1005 ait
1345 965 1464 1013 nos,
1504 971 1522 1002 ε
1561 967 1656 1019 pro
1696 952 1876 1007 Verbo
1928 954 2019 1009 illo

447 1057 581 1109 puro
616 1050 670 1096 et
701 1053 892 1096 sancte
933 1044 1075 1110 quod
1112 1041 1306 1095 Filium
1345 1043 1436 1095 Dei
1472 1056 1591 1096 esse
1638 1044 2015 1111 praedicamus,

443 1134 703 1189 exhibere
733 1134 1226 1201 despicatissimum
1259 1134 1557 1200 hominem,
1593 1132 1774 1204 ﬂagris
1818 1151 2015 1189 caesum

442 1236 499 1278 et
538 1227 589 1278 in
627 1240 841 1279 crucem
881 1234 1081 1279 actum.
1107 1243 1125 1276 ι
1160 1223 1218 1276 In
1258 1225 1640 1294 superioribus
1668 1225 1783 1293 jam
1825 1241 2017 1282 omnes

443 1315 548 1368 hac
574 1318 638 1369 de
675 1330 733 1368 re
767 1314 1087 1381 compendio
1136 1315 1363 1382 repulsae
1393 1324 1517 1369 sunt
1556 1315 1698 1371 Celsi
1746 1318 2010 1370 crimina-

449 1403 643 1457 tiones.
696 1403 808 1457 lllic
843 1403 986 1456 enim
1020 1412 1298 1457 ostensum
1338 1412 1421 1458 est
1462 1420 1658 1473 corpus
1691 1416 1743 1459 et
1776 1408 2014 1460 animam

444 1494 740 1546 humanam
796 1502 1047 1561 suscepta
1097 1494 1263 1548 fuisse
1297 1510 1325 1547 a
1381 1516 1401 1545 ‹
1432 1496 1794 1565 primogenilo
1839 1497 2017 1551 omnis

445 1593 715 1637 creaturae
738 1584 815 1649 ";
849 1603 870 1633 ι
915 1585 967 1636 in
1020 1600 1201 1638 rerum
1248 1585 1409 1653 hujus
1459 1588 1647 1641 mundi
1705 1589 2017 1642 conditione

438 1674 674 1740 jussisse
708 1673 892 1735 Deum,
923 1674 1217 1740 statimque
1261 1675 1380 1728 illas
1411 1684 1621 1729 creatas
1662 1692 1816 1742 esse;
1860 1678 2015 1731 deni-

2121 506 2213 558 σοῦ
2248 505 2509 575 ἐπιδημίᾳ
2556 502 2915 573 μετεϐέϐλητο
2964 498 3237 570 πανταχοῦ
3272 499 3366 551 ἐπὶ
3389 498 3452 550 τὸ
3479 497 3699 571 ἡμερώ-

2114 612 2269 665 τερον
2300 595 2433 663 (75);

2184 683 2341 735 Μετά
2377 684 2549 737 ταῦτα
2597 685 2939 755 Χριστιανοῖς
2994 683 3237 751 ἐγκαλεῖ,
3280 700 3299 733 σ
3344 681 3421 742 ὡς
3479 679 3693 746 σοφιζο-

2120 772 2299 840 μένοις
2331 776 2388 826 ἐν
2426 773 2501 843 τῷ
2534 774 2708 841 λέγειν
2730 774 2818 825 τὸν
2851 773 2974 827 Υἱὸν
3006 772 3097 825 τοῦ
3128 772 3264 825 Θεοῦ
3292 766 3431 823 εἶναι
3459 769 3690 822 Λύτολέ-

2117 878 2237 928 γονο
2278 883 2299 915 ι
2330 866 2426 917 καὶ
2464 865 2632 916 οἴεταί
2678 881 2740 932 γε
2787 862 3073 934 κρατύνειν
3114 862 3173 914 τὸ
3206 861 3493 929 έγκλημλγ
3530 861 3686 924 ἐπεὶ,

2124 971 2142 1002 ς
2172 951 2338 1018 Λόγον
2377 952 2831 1021 ἐπαγγελλόμενοι
2877 952 3005 1003 Υἱὸν
3050 945 3187 1003 εἶναι
3221 949 3313 1001 τοῦ
3359 948 3513 1011 Θεοῦ,
3547 950 3689 1000 ἀπο-

2117 1039 2399 1108 δείκνυμεν
2424 1040 2483 1091 ού
2514 1039 2683 1108 Λόγον
2720 1039 2956 1110 καθαρὸν
2998 1040 3091 1091 καὶ
3129 1038 3300 1105 ἅγιον,
3338 1037 3450 1089 ἀλλ’
3479 1036 3687 1108 ἀνθρω-

2119 1145 2221 1180 πον
2256 1128 2577 1198 ἀτιμότατον
2632 1128 2743 1197 (76)
2797 1127 3109 1197 ἀπαχθέντα
3161 1126 3255 1180 καὶ
3308 1127 3690 1195 ἀποτυμπανι-

2118 1218 2329 1272 σθέντα.
2356 1242 2374 1270 ι
2427 1220 2537 1271 Καὶ
2567 1220 2694 1290 περὶ
2720 1218 2909 1271 τούτου
2939 1219 2982 1270 δ’
3010 1221 3067 1271 ἐν
3093 1220 3203 1279 τοῖς
3230 1217 3505 1286 ἀνωτέρω,
3532 1216 3606 1278 ὡς
3633 1218 3692 1268 ἐν

2118 1312 2384 1379 ἐπιτομῇ,
2432 1311 2569 1380 πρὸς
2609 1311 2705 1372 τὰς
2746 1309 2954 1362 Κέλσου
2983 1309 3315 1379 κατηγορίας
3353 1307 3597 1378 εἴρηται’
3633 1308 3692 1360 ἐν

2118 1395 2199 1462 οἷς
2253 1400 2605 1453 ἀπεδείκνυτο
2652 1419 2670 1451 t
2698 1402 2726 1452 6
2768 1402 2947 1471 πάσης
3003 1400 3233 1461 κτίσεως
3294 1399 3633 1469 πρωτότοκος
3664 1415 3684 1448 ι

2117 1488 2419 1557 ἀνειληφὼς
2451 1490 2608 1559 σῶμα
2646 1490 2740 1542 καὶ
2770 1489 2946 1559 ψυχὴν
2996 1489 3374 1560 ἀνθρωπίνη-θ’
3411 1489 3507 1541 καὶ
3548 1489 3628 1541 ὅτι
3659 1488 3688 1539 6

2116 1579 2248 1642 Θεὸς
2300 1579 2599 1631 ἐνετείλατο
2633 1579 2895 1649 περὶτῶν
2942 1580 3207 1631 τοσούτων
3240 1581 3297 1631 ἐν
3340 1579 3551 1648 κόσμῳ,
3597 1581 3689 1631 κίίι

2117 1670 2365 1739 ἐκτίσθηο
2404 1670 2497 1723 καὶ
2535 1670 2615 1721 ὅτι
2643 1673 2671 1722 6
2702 1670 2799 1739 τὴν
2844 1669 3060 1738 ἐντολὴν
3093 1668 3271 1722 λαϐὼν
3297 1672 3325 1721 6
3352 1668 3483 1731 Θεὸς
3522 1668 3688 1736 Λόγος

442 1782 547 1833 que
585 1765 752 1818 Deum
788 1764 1024 1819 Verbum
1066 1764 1253 1830 fuisse,
1298 1769 1388 1835 qui
1437 1769 1748 1821 mandatum
1785 1784 2007 1837 accepe-

2115 1755 2203 1829 ἧν.
2222 1762 2339 1812 Καὶ
2360 1762 2480 1813 ἐπεὶ
2517 1762 2762 1823 Ἰουδαῖός
2790 1762 2933 1812 ἐστιν
2959 1764 2987 1813 6
3015 1760 3164 1831 παρά
3195 1760 3272 1829 τῷ
3296 1760 3489 1830 Κέλσῳ
3518 1760 3690 1812 ταῦτα

442 1852 534 1902 rit.
566 1851 836 1916 QuOniam
884 1869 1012 1906 vero
1046 1854 1264 1910 Judaeus
1301 1867 1381 1910 est
1427 1859 1518 1926 qui
1553 1859 1669 1913 huic
1709 1861 1852 1928 apud
1896 1860 2016 1913 Cel-

442 1955 562 1993 sum
593 1942 742 2007 dicit,
778 1958 882 1996 non
918 1945 1152 1998 alienum
1192 1944 1355 1999 fuerit
1392 1948 1468 2000 uti
1516 1948 1829 2003 testimonio
1859 1951 2016 2019 cujus

441 2044 604 2098 supra
651 2033 873 2086 memini
912 2050 927 2086 :
968 2052 985 2083 ι
1025 2032 1170 2087 Misit
1205 2032 1441 2088 Verbum
1491 2050 1673 2101 suum,
1701 2045 1755 2091 et
1805 2043 2018 2092 sanavit

441 2134 557 2184 eos,
604 2129 661 2173 et
702 2121 903 2191 eripuit
954 2138 1050 2177 eos
1100 2138 1129 2174 a
1183 2124 1628 2192 corruptionibus
1684 2140 1871 2179 eorum
1896 2128 2008 2180 ⁸⁸.»

442 2207 596 2274 Quod
643 2218 823 2263 autem
857 2212 1042 2265 Celsus
1090 2226 1333 2280 personae
1374 2212 1542 2267 Judaei
1593 2214 1854 2283 assignat,
1890 2232 2012 2270 eum

440 2299 520 2352 sic
588 2299 893 2367 loquentem
964 2301 1228 2356 inducens
1283 2320 1297 2355 :
1360 2320 1380 2353 ι
1426 2303 1483 2357 Si
1557 2302 1791 2358 Verbum
1858 2308 2012 2361 vobis

437 2397 521 2443 est
568 2389 737 2443 Filius
798 2389 923 2459 Dei,
986 2391 1319 2444 assentimur
1363 2402 1417 2445 et
1463 2407 1593 2457 nos;
1623 2411 1643 2444 ι
1690 2393 1742 2447 id
1789 2409 1817 2446 a
1865 2395 2012 2449 nullo

440 2494 677 2549 unquam
735 2478 919 2534 ludum
976 2480 1191 2545 audivi,
1238 2484 1486 2550 quamvis
1545 2498 1668 2537 cum
1713 2483 1896 2539 multis
1926 2500 2013 2539 eo-

440 2585 590 2633 rum,
631 2570 722 2638 qui
764 2585 823 2625 se
872 2572 1146 2641 sapientes
1186 2574 1499 2642 venditant,
1532 2575 1861 2647 colloquium
1913 2578 2011 2632 lia-

436 2661 670 2716 buerhn.

510 2752 603 2809 '52.
639 2752 759 2807 Jam
795 2764 921 2808 ante
951 2754 1156 2811 dictum
1188 2763 1270 2812 est
1299 2756 1482 2813 Jesum
1514 2774 1611 2814 nec
1637 2768 2004 2827 arrogantem,

438 2858 538 2898 nec
569 2848 1021 2916 praestigiatorem
1054 2863 1175 2903 esse
1224 2864 1410 2917 posse;
1461 2851 1685 2920 proinde
1740 2850 1873 2905 nihil
1911 2864 2007 2903 ne-

436 2950 591 2990 cesse
636 2947 720 2991 est
765 2940 954 2992 eadem
985 2940 1075 2993 hic
1132 2951 1398 3008 repetere,
1435 2957 1500 2995 ne
1545 2944 1732 2996 eadem
1789 2957 2005 3011 semper

435 3025 723 3079 occinente
751 3026 930 3091 Celso,
968 3028 1157 3081 eadem
1189 3038 1243 3082 et
1284 3045 1380 3083 nos
1420 3044 1635 3097 semper
1664 3032 1999 3086 occinamus.

439 3114 577 3169 Hinc
611 3115 977 3185 genealogiam
1024 3118 1378 3186 aggreditur:
1420 3119 1509 3172 ubi
1553 3118 1752 3171 nullam
1785 3118 2003 3173 omnino

442 3205 774 3259 mentionem
808 3206 939 3259 facit
982 3221 1168 3260 eorum
1204 3222 1322 3276 qua:
1363 3207 1446 3260 vel
1486 3209 1627 3276 apud
1662 3208 2005 3265 Christianos

440 3297 494 3350 in
527 3298 955 3352 controversiam
989 3308 1271 3363 vocantur,
1311 3313 1540 3367 quaeque
1569 3314 1634 3353 ex
1666 3300 2006 3370 genealogia-

440 3402 558 3440 rum
594 3386 736 3441 inter
768 3403 827 3441 se
860 3388 1229 3458 discrepantia
1271 3389 1479 3443 ducunt
1507 3389 1748 3442 nonnulli
1787 3399 1842 3444 et
1874 3391 2005 3445 vitio

438 3486 680 3534 vertunt.
730 3477 937 3548 Quippe
983 3479 1068 3532 sui
1124 3488 1435 3534 ostentator
1497 3478 1587 3533 ille
1652 3479 1844 3534 Celsus
1904 3483 1993 3550 qui

435 3568 876 3625 Christianorum
944 3573 1127 3627 omnia
1188 3586 1247 3625 se
1324 3572 1469 3627 scire
1536 3572 1844 3640 profitetur,
1902 3589 2001 3627 ne-

435 3660 644 3714 sciebat
684 3661 1040 3730 prudentere
1087 3662 1389 3730 Scripturis
1444 3663 1736 3732 decerpere
1783 3680 1900 3733 quae
1948 3666 1999 3717 in

436 3749 659 3804 dubium
729 3760 1031 3806 revocaret.
1080 3753 1171 3806 Ait
1222 3754 1407 3821 itaque
1460 3771 1479 3803 ι
1512 3755 1672 3809 nimis
1709 3757 2005 3814 insolenter

435 3840 615 3907 egisse
652 3855 769 3905 eos,
805 3844 897 3906 qui
932 3842 1308 3912 genealogiam
1355 3842 1484 3899 Jesu
1519 3852 1826 3913 texuerunt,
1874 3862 1999 3902 cum

433 3929 587 3983 iilum
619 3945 648 3984 a
679 3932 853 4000 primo
878 3933 1098 3985 homine
1126 3932 1545 4003 Judaeorumque
1575 3936 1795 4005 regibus
1821 3938 2005 3992 oriun-

435 4024 563 4077 dum
610 4038 730 4079 esse
767 4024 1137 4094 scripserunt;
1171 4042 1189 4074 ›
1229 4034 1283 4078 et
1336 4034 1617 4079 strenuum
1668 4027 1868 4094 aliquid
1914 4027 1999 4080 af-

434 4116 578 4171 ferre
614 4131 678 4171 se
700 4126 875 4186 putat,
918 4132 1043 4170 cum
1080 4117 1196 4170 ait:
1236 4135 1254 4167 ι
1284 4114 1469 4184 Neque
1509 4117 1651 4171 fabri
1686 4133 1820 4171 uxor
1855 4128 2001 4173 tanto

433 4220 635 4275 genere
668 4216 842 4262 ortam
879 4223 938 4263 se
988 4208 1317 4277 ignorasset.
1348 4225 1367 4257 ι
1414 4206 1551 4273 Quid
1598 4209 1699 4262 hoc
1734 4209 1801 4262 ad
1842 4210 2001 4263 rem?

434 4301 586 4365 Esto,
636 4316 743 4356 non
798 4302 1124 4369 ignorasset.
1157 4299 1297 4366 Quid
1346 4300 1446 4353 hoc
1484 4313 1673 4355 contra
1718 4301 1854 4356 nos?
1892 4300 2000 4356 Fac

2117 1850 2310 1918 λέγων,
2338 1852 2438 1903 οὐκ
2484 1852 2702 1913 ἀτόπως
2741 1851 3055 1921 χρησόμεθα
3100 1851 3198 1921 τῷ,
3252 1871 3271 1902 ‹
3311 1852 3689 1918 Ἐξαπέστειλε

2113 1942 2203 1994 τὸν
2242 1944 2411 2011 Λόγον
2458 1942 2643 2007 αὑτοῦ,
2680 1944 2771 1995 καὶ
2822 1943 3008 1995 ἰάσατο
3045 1944 3260 2005 αὐτοὺς,
3289 1944 3382 1995 καὶ
3421 1944 3691 2015 ἐρρύσατο

2114 2034 2309 2095 αὐτοὺς
2334 2037 2397 2085 ἐκ
2429 2034 2536 2086 τῶν
2564 2032 2865 2103 διαφθορῶν
2906 2032 3109 2087 αὐτῶν·
3138 2052 3156 2084 ι
3194 2026 3253 2084 οὗ
3296 2034 3389 2085 καὶ
3431 2034 3691 2104 ἀνωτέρω

2114 2123 2482 2193 ἐμνήσθημεν.
2526 2123 2665 2190 Ἐγὼ
2687 2124 2765 2187 δὲ,
2799 2124 2893 2176 καὶ
2923 2121 3136 2186 πολλοῖς
3174 2123 3442 2185 Ἰουδαίοις
3481 2124 3578 2174 καὶ
3609 2139 3689 2175 σο-

2114 2218 2231 2283 φοῖς
2280 2232 2343 2282 γε
2395 2215 2880 2284 ἐπαγγελλομένοις
2931 2210 3067 2266 εἶναι
3125 2212 3433 2283 συμϐαλὼν,
3476 2213 3688 2276 οὐδενὸς

2113 2306 2323 2375 ἀκήκοα
2355 2305 2700 2368 ἐπαινοῦντος
2740 2305 2821 2369 τὸ,
2863 2324 2880 2356 ε
2913 2305 3084 2372 Λόγον
3117 2302 3255 2357 εἶναι
3293 2304 3383 2357 τὸν
3419 2304 3547 2357 Υίὺν
3596 2304 3685 2356 τοῦ

2112 2395 2271 2460 Θεοῦ,
2299 2416 2317 2448 ι
2355 2396 2430 2459 ὡς
2470 2398 2499 2448 6
2531 2397 2736 2458 Κέλσος
2773 2396 2989 2468 εἴρηκεο
3024 2399 3120 2450 καὶ
3164 2396 3325 2450 τοῦτο
3372 2396 3687 2467 περιάπτων

2108 2486 2187 2557 τῷ
2222 2487 2315 2539 τοῦ
2357 2486 2604 2539 Ἰουδαίου
2653 2487 2946 2557 προσώπῳ,
2988 2487 3274 2555 λέγοντοςο
3303 2488 3379 2550 ὡς
3423 2507 3441 2537 ι
3466 2488 3534 2539 Et
3565 2504 3626 2554 γε
3658 2488 3685 2539 6

2109 2579 2279 2646 Λόγος
2326 2578 2471 2631 ἐστὶν
2507 2579 2633 2648 ύμῖν
2665 2579 2792 2642 Υἱὸς
2834 2578 2927 2631 τοῦ
2974 2578 3127 2645 Θεοῦ,
3173 2579 3267 2632 καὶ
3317 2576 3482 2652 ἡμεῖς
3530 2581 3685 2631 ἐπαι-

2109 2684 2329 2737 νουμεν.
2353 2687 2371 2720 ι

2178 2758 2511 2829 Προείρηται
2553 2758 2597 2810 δ’
2648 2760 2776 2829 ἡμῖν
2802 2797 2817 2822 ,
2866 2760 2948 2811 ὅτι
2995 2754 3109 2809 οὒτ’
3149 2754 3362 2820 ἀλαζὼν
3394 2753 3520 2807 οὔτε
3555 2755 3685 2823 γόης

2105 2847 2327 2901 δύναται
2347 2844 2481 2900 εἶναι
2503 2851 2531 2901 ό
2557 2848 2761 2918 Ἰησοῦς
2782 2866 2793 2877 ·
2823 2847 2901 2901 διὸ
2929 2850 3028 2901 οὐκ
3049 2848 3343 2914 ἀναγκαῖον
3364 2845 3681 2913 ἐπαναλαμ-

2108 2939 2288 2991 ϐάνειν
2331 2939 2399 2992 τά
2448 2939 2732 3010 εἰρημένα,
2775 2938 2861 2990 ἵνα
2905 2936 2979 3007 μὴ
3010 2936 3147 3008 πρὸς
3179 2936 3280 2998 τὰς
3330 2934 3683 3002 ταυτολογίας

2106 3027 2313 3079 Κέλσου
2354 3028 2447 3079 καὶ
2493 3030 2651 3097 ἡμεῖς
2697 3024 3103 3094 ταυτολογῶμεν
3140 3024 3270 3094 (77).
3313 3022 3587 3091 Ἐγκαλῶν
3628 3022 3684 3074 δὲ

2108 3121 2173 3188 τῇ
2205 3118 2543 3188 γενεαλογίςι,
2571 3117 2640 3170 τὰ
2679 3117 2775 3187 μὲν
2804 3117 2898 3169 καὶ
2926 3116 3077 3186 παρά
3114 3116 3458 3185 Χριπιανοίς
3495 3113 3684 3182 ζητού-

2110 3224 2264 3276 μενα,
2290 3207 2384 3259 καὶ
2413 3208 2515 3259 ὑπό
2551 3225 2709 3260 τινων
2737 3207 2811 3269 ὡς
2837 3206 3159 3277 ἐγκλήματα
3191 3206 3579 3275 προσαγόμεναι
3611 3207 3677 3273 τῇ

2105 3296 2367 3367 διαφωνία
2410 3297 2518 3351 τῶν
2550 3296 2923 3365 γενεαλογιῶν,
2969 3297 3216 3367 οὐδαμῶς
3264 3297 3563 3366 ὠνόμασεν.
3606 3296 3679 3347 Ού

2104 3389 2211 3458 γάρ
2236 3390 2350 3459 ᾔδει
2377 3392 2404 3442 6
2430 3390 2505 3452 ὡς
2551 3389 2763 3459 ἀληθῶς
2793 3386 3008 3452 ἀλαζὼν
3043 3388 3249 3450 Κέλσος
3289 3388 3379 3439 καὶ
3412 3386 3680 3455 ἐπαγγελ-

2104 3481 2326 3551 λόμενος
2352 3480 2547 3533 εἰδέναι
2575 3482 2752 3534 πάντα
2785 3481 2852 3533 τὰ
2877 3479 3213 3550 Χριστιανῶν
3244 3478 3518 3546 φρονίμως
3550 3479 3681 3529 ἐπα-

2105 3574 2341 3645 πορῆσαι
2387 3576 2451 3643 τῇ
2505 3574 2715 3643 Γραφῇ.
2756 3573 2892 3642 Φησὶ
2941 3571 2997 3624 δὲ
3050 3568 3504 3640 (ἀπηυθαδῆσθαι
3555 3569 3682 3630 τοὺς

2102 3665 2595 3734 γενεαλογήσαντας
2620 3664 2725 3716 ἀπὸ
2750 3663 2841 3716 τοῦ
2878 3662 3093 3733 πρώτου
3123 3661 3319 3729 φύντος
3348 3661 3441 3713 καὶ
3471 3660 3581 3712 τῶν
3620 3662 3679 3712 ἐν

2116 3755 2386 3817 Ἰουδαίοις
2418 3754 2674 3823 βασιλέων
2699 3755 2788 3807 τὸν
2834 3754 3056 3824 Ἰησοῦν.
3082 3773 3101 3806 ι
3143 3754 3251 3806 Καὶ
3284 3752 3454 3805 οἴεταί
3483 3768 3533 3804 τι
3566 3752 3680 3803 εἰσ-

2105 3845 2291 3914 φέρειν
2335 3847 2598 3912 γενναῖον,
2627 3845 2707 3896 ὅτι
2756 3844 2911 3895 «Οὐκ
2953 3843 3017 3896 ἂν
3047 3845 3081 3914 ή
3108 3841 3198 3895 τοῦ
3246 3841 3496 3903 τέκτονος
3542 3842 3677 3911 γυνὴ

2102 3936 2416 4007 τηλικούτου
2472 3936 2661 4004 γένους
2718 3935 3059 4005 τυγχάνουσα
3129 3934 3333 4004 ἠγνόει.
3365 3953 3383 3984 ι
3449 3934 3514 3985 Τί
3568 3935 3676 4002 γὰρ

2104 4028 2260 4080 τοῦτο
2298 4027 2432 4097 πρὸς
2477 4027 2568 4078 τὸν
2611 4025 2796 4093 λόγον;
2840 4026 3048 4088 Ἔστω,
3100 4026 3180 4076 ὅτι
3230 4025 3330 4076 οὐκ
3375 4024 3589 4093 ἠγνόει·
3622 4022 3674 4073 τί

2105 4120 2262 4172 λυπεῖ
2294 4118 2371 4183 ,τά
2422 4118 2787 4187 προκείμενα;
2850 4116 2985 4169 Ἀλλ’
3035 4116 3321 4183 ἀγνοείτωο
3372 4115 3552 4177 πόθεν,
3593 4115 3673 4166 ὅτι

2103 4211 2306 4279 ἠγνόει,
2335 4211 2434 4262 ούκ
2473 4207 2540 4279 ἦν
2566 4209 2670 4261 ἀπὸ
2700 4207 2794 4260 τοῦ
2833 4206 3047 4277 πρώτου
3078 4204 3397 4276 ἀνθρώπου;
3441 4206 3533 4257 καὶ
3576 4205 3673 4256 οὐκ

2103 4302 2333 4372 ἀνήγετο
2370 4302 2537 4369 αὐτῆς
2561 4301 2622 4352 τὸ
2657 4300 2811 4368 γένος
2845 4300 2937 4351 ἐπὶ
2967 4298 3093 4361 τοὺς
3118 4299 3175 4349 ὲν
3213 4296 3484 4358 Ἰουδαίοις
3520 4294 3672 4364 βασι-

431 4391 734 4457 ignorasse.
791 4390 1002 4445 Hincne
1055 4391 1321 4457 sequitur,
1374 4398 1504 4443 uta
1555 4391 1728 4459 primo
1780 4391 1997 4445 homine

2113 4392 2427 4455 tsucavmg;
2460 4392 2529 4443 Ἢ
2575 4392 2865 4456 ἀναγκαῖον
2908 4388 3074 4441 οἴεται
3107 4390 3135 4440 6
3166 4387 3371 4449 Κέλσος
3407 4388 3533 4447 τοὺς
3577 4402 3671 4437 πε-

435 4497 589 4536 suam
627 4498 739 4538 non
769 4483 929 4536 ducat
972 4481 1271 4551 originem?
1299 4490 1356 4535 ut
1389 4496 1516 4536 suos
1548 4482 1760 4538 natales
1802 4484 1871 4538 ad
1907 4483 2002 4538 Ju-

2113 4483 2380 4551 θεστέρους
2408 4484 2472 4533 ἐκ
2506 4481 2719 4533 πάντων
2753 4479 3087 4549 πενεστέρων
3130 4478 3407 4548 προγόνων
3434 4478 3544 4548 (78)
3579 4492 3669 4543 γε-

437 4574 673 4626 timorum
720 4587 872 4641 reges
906 4586 1012 4625 non
1070 4571 1317 4624 referat?
1374 4572 1606 4626 Putatne
1654 4572 1846 4627 Celsus
1900 4591 1999 4629 ne-

437 4677 588 4716 cesse
622 4676 764 4727 esse,
813 4670 872 4715 ut
921 4675 1186 4730 pauperes
1232 4675 1261 4712 a
1311 4663 1640 4728 pauperibus
1666 4665 1997 4731 parentibus,

436 4764 593 4818 reges
636 4766 664 4803 a
710 4751 927 4819 regibus
981 4749 1314 4804 nascantur?
1365 4750 1506 4817 Ergo
1555 4751 1607 4803 in
1660 4752 1745 4806 his
1798 4753 2002 4807 diutius

437 4840 712 4893 immorari
774 4854 1234 4908 supervacaneum
1295 4840 1552 4903 videtur,
1598 4856 1720 4895 cum
1792 4844 2000 4910 perspi-

433 4944 595 4983 cuum
626 4932 695 4983 sit
726 4930 888 4985 etiam
938 4938 1125 4984 nostra
1175 4940 1335 4985 aelate
1364 4946 1431 4986 ex
1474 4930 1728 4986 divitibus
1775 4932 1999 4986 illustri-

433 5023 644 5090 busque
673 5024 993 5091 parentibus
1046 5032 1204 5077 natos
1232 5038 1352 5077 esse
1379 5026 1640 5092 quosdam
1674 5023 1841 5077 Maria
1867 5038 2000 5092 pau-

2097 4574 2342 4640 γονέναι,
2384 4571 2416 4639 ἢ
2460 4574 2585 4633 τοὺς
2645 4570 2878 4639 βασιλεῖς
2922 4573 2985 4623 ἐκ
3032 4569 3325 4638 βασιλέων;
3367 4567 3665 4639 Διατρίϐειν

2097 4657 2188 4713 οὖν
2222 4661 2349 4731 περὶ
2383 4660 2475 4713 τὸν
2515 4660 2671 4728 λόγον
2702 4660 2847 4712 δοκεῖ
2894 4677 2982 4729 μοι
3024 4655 3161 4712 εἶναι
3200 4659 3461 4728 μάταιον;
3510 4674 3667 4726 φανε-

2102 4751 2195 4823 ροῦ
2242 4752 2411 4815 ὄντος,
2452 4753 2533 4805 ὅτι
2564 4752 2659 4805 καὶ
2697 4751 2839 4803 κατά
2868 4753 2992 4814 τοὺς
3013 4751 3312 4821 ἡμετέρους
3345 4752 3567 4821 χρόνους
3605 4751 3666 4801 ἐκ

2108 4841 2376 4895 πλουσίων
2415 4844 2507 4896 καὶ
2555 4841 2778 4906 ἐνδόξων
2823 4842 3077 4909 γεγόνασί
3119 4857 3262 4903 τινες
3305 4841 3403 4910 τῆς
3453 4840 3667 4910 Μαρίας

2108 4934 2441 5003 πενέστεροι,
2467 4936 2560 4987 καὶ
2584 4933 2644 4998 ἐξ
2673 4934 3049 5005 ἀσημοτάτων,
3077 4930 3361 5003 ἡγούμενοι
3384 4930 3551 4984 ἐθνῶν
3577 4929 3667 4982 καὶ

2106 5025 2363 5093 βασιλεῖς.

434 5117 710 5188 pen-iores;
741 5124 796 5171 et
834 5132 901 5170 ex
935 5117 1364 5186 ignobilissimis,
1401 5116 1565 5171 duces
1591 5125 1646 5171 et
1687 5133 1839 5181 reges
1866 5117 2125 5186 gentium.

502 5210 591 5265 55.
641 5231 659 5261 ι
685 5211 822 5278 Quid
858 5209 1087 5277 insigne,
1119 5208 1314 5277 inquit,
1346 5208 1471 5264 fecit
1514 5208 1673 5265 Iesus
1701 5226 1809 5279 quo
1841 5209 1983 5263 Deus

503 5346 552 5380 ⁸⁵
580 5347 790 5402 Coloss.
828 5345 980 5411 1,15.
1057 5344 1101 5374 ⁵⁶
1149 5344 1291 5398 Psal.
1336 5360 1442 5407 ενι,
1473 5346 1562 5399 20.

503 5486 617 5625 ξἹΒζ
658 5487 821 5541 Iidem
855 5487 904 5539 in
942 5484 1200 5553 margine,
1231 5484 1514 5556 ἡμέτερον.

528 5556 595 5608 76
658 5559 901 5621 Quatuor
928 5555 1086 5607 codd.
1125 5570 1253 5608 mss.
1280 5555 1411 5625 Reg.
1438 5558 1508 5610 Ba

528 5555 617 5625 76)
658 5559 901 5621 Quatuor
928 5555 1086 5607 codd.
1125 5570 1253 5608 mss.
1280 5555 1414 5625 Reg.
1438 5557 1766 5611 Basileensis
1800 5564 1852 5610 et
1887 5556 1993 5609 duo

435 5624 733 5684 Anglicimi.
765 5624 1081 5691 ἀτιμότατα.

508 5694 617 5764 (77)
652 5692 1235 5764 Ίὶιιιτολογῶμενηὸἱο
1257 5710 1443 5754 omnes
1465 5711 1594 5754 mss.
1616 5696 1812 5753 rectius
1832 5710 1991 5767 quam

2168 5232 2187 5262 ι
2224 5212 2286 5269 Τί
2312 5211 2390 5276 δὲ,
2444 5214 2598 5287 φησι,
2631 5215 2724 5266 καὶ
2786 5217 3028 5289 γενναῖον
3089 5214 3312 5284 ἔδρασεν
3358 5204 3468 5264 οἷον
3515 5208 3658 5274 Θεὸς,

2102 5487 2349 5555 impressi
2382 5489 2526 5546 libri.
2554 5487 2873 5555 ταυτολογοῦ
2884 5505 2998 5557 μεν.

2170 5550 2282 5626 (78)
2324 5559 2652 5625 Προγόνων.
2699 5550 3099 5611 Red-te'omnes
3131 5554 3286 5613 codd.
3319 5568 3474 5619 mss.,
3518 5550 3659 5610 male

2098 5644 2228 5684 vero
2260 5630 2388 5683 libb.
2419 5628 2625 5694 excusi,
2655 5626 2955 5695 ἀπογόνων.
