3998 6170
324 301 450 363 861
1557 309 1832 363 CONTRA
1861 303 2138 363 CELSUM
2176 304 2301 359 LIB.
2343 303 2405 360 ll.
3488 304 3594 357 862

326 420 491 474 στοῦ
527 420 934 492 ἀποθεμένους;
976 423 1034 476 '0
1070 426 1168 493 μὲν
1201 424 1310 494 γὰρ
1334 425 1539 494 Πέτρος
1577 424 1714 494 μετὰ
1737 425 1797 476 τὸ
1836 426 1925 493 ἀρ-

2035 420 2213 474 dinem
2256 415 2543 472 exercitati
2575 431 2590 469 :
2621 425 2674 471 at
2701 430 2806 471 non
2853 424 3122 470 exuerunt
3155 429 3315 484 quam
3344 417 3412 469 de
3443 431 3506 471 eo
3536 429 3595 471 ut

326 512 628 580 νήσασθαι
678 514 1091 583 συναισθόμενος
1123 511 1181 568 οἵ
1213 517 1398 585 γέγονε
1458 516 1663 580 κακῶν,
1704 514 1925 579 ἐξελθὼν

2036 509 2251 564 Christo
2300 517 2665 577 conceperant
2712 508 3048 577 Opinionem.
3101 506 3233 561 Nam
3283 506 3475 561 Petrus
3504 510 3594 561 vix

324 596 480 665 ἔξω,
527 600 755 653 ἕκλαυσε
807 603 1016 669 πικρῶς
1040 620 1052 633 ·
1086 606 1135 655 oi
1167 604 1223 655 δὲ
1252 603 1427 656 λοιποὶ
1465 602 1802 671 πεπληγότες
1830 601 1925 654 ὑπὸ

2037 611 2345 670 negaverat,
2378 616 2499 655 eum
2545 599 2787 653 sentiens
2813 614 2919 668 quo
2948 614 3007 653 se
3044 599 3306 652 malorum
3348 600 3595 669 praecipi-

324 691 449 761 τῆς
502 694 589 744 ἐπ’
616 692 767 763 αὑτῷ
814 693 1051 764 ἀθυμίας
1084 695 1185 765 (ἔτι
1234 696 1343 766 γὰρ
1388 695 1548 749 αὑτὸν
1598 695 1925 767 ἐθαύμαζον)

2036 701 2222 755 tasset,
2259 706 2509 761 egressus
2540 703 2624 746 est
2664 689 2811 744 foras
2836 700 2889 744 et
2921 688 3068 744 ﬂevit
3099 704 3281 743 amare
3298 690 3375 755 ";
3407 691 3593 744 caeteri

326 785 764 859 ὲϐεϐαιώθησαν
791 789 879 842 διὰ
908 790 1007 859 τῆς
1032 791 1350 859 ἐπιφανείας
1389 789 1552 844 αὐτοῦ
1584 789 1720 860 πρὸς
1748 789 1808 842 τὸ
1840 807 1925 842 πι-

2032 796 2161 836 vero
2220 797 2457 836 moerere
2512 782 2757 850 percussi
2805 796 2872 835 ex
2919 782 2984 835 iis
3019 795 3138 849 qua:
3175 780 3253 833 illi
3283 781 3595 835 acciderant

1557 309 1832 368 CONTRA
1861 303 2138 363 CELSUM
2176 304 2301 359 LIB.
2343 303 2405 360 ll.

2035 870 2230 941 (adhuc
2285 872 2428 924 enim
2480 871 2628 924 illum
2673 869 3130 942 admirabantur),
3168 882 3452 940 postquam
3487 871 3594 925 illis

2033 960 2452 1029 conspicabilem
2502 976 2561 1014 se
2607 972 2790 1027 postea
2848 963 3096 1028 praabuit,
3157 963 3391 1015 roborati
3449 969 3590 1027 sunt,

2033 1051 2307 1119 multoque
2345 1050 2554 1105 firmius
2582 1065 2742 1121 quam
2776 1059 2933 1105 antea
2974 1065 3098 1106 eum
3130 1049 3226 1106 Dei
3254 1050 3446 1105 Filium
3475 1064 3598 1105 esse

2032 1140 2404 1194 crediderunt.

2104 1230 2269 1302 418
2281 1232 2370 1285 40.
2386 1230 2663 1301 Indignum
2692 1240 2871 1286 autem
2889 1240 2971 1285 est
2989 1231 3308 1300 philosopho
3325 1232 3465 1302 quod
3491 1231 3595 1287 sibi

2035 1320 2088 1374 in
2121 1322 2361 1374 animum
2404 1322 2610 1375 inducit
2649 1319 3006 1383 Celsus,Jesu
3044 1324 3412 1390 praestantiam
3458 1325 3598 1377 inter

2036 1411 2284 1465 homines
2304 1427 2410 1465 non
2435 1412 2489 1465 in
2518 1413 2760 1467 doctrina
2780 1411 3010 1466 salutari
3032 1412 3466 1481 incorruptisque
3489 1427 3598 1465 mo-

2035 1503 2184 1557 ribus
2208 1504 2537 1569 consistere;
2566 1503 2659 1557 sed
2699 1503 3005 1571 oportuisse
3042 1511 3312 1558 utcontra
3354 1506 3406 1557 id
3454 1506 3598 1574 quod

2035 1602 2285 1663 suscepta
2310 1594 2377 1646 ab
2407 1608 2464 1647 se
2490 1607 2718 1661 persona
2750 1594 3075 1662 postulabat.
3093 1603 3296 1663 ageret,
3315 1604 3367 1648 et
3391 1609 3598 1647 assum-

2036 1696 2125 1755 pto
2179 1685 2392 1740 mortali
2446 1702 2670 1756 corpore
2713 1703 2821 1742 non
2866 1698 3203 1754 moreretur;
3231 1697 3324 1741 aut
3358 1702 3597 1742 morere-

2035 1785 2119 1828 tur
2144 1775 2381 1844 quidem,
2410 1778 2502 1831 sed
2549 1793 2655 1831 non
2702 1793 2765 1831 ea
2804 1790 2978 1832 morte
3037 1794 3155 1847 qua:
3201 1779 3445 1849 exemplo
3479 1793 3598 1833 esse

328 874 571 927 στεύειν
591 875 671 929 ἔτι
691 876 887 946 μᾶλλον
908 880 1002 930 καὶ
1028 879 1370 951 βεϐαιότερον
1390 878 1542 949 παρά
1565 879 1625 932 τὸ
1645 879 1928 950 πρότερον,

326 964 428 1018 ὃτι
465 967 595 1031 Υἱὸς
624 964 691 1038 ἦν
714 969 805 1022 τοῦ
833 969 987 1023 Θεοῦ.

411 1228 534 1281 Καὶ
558 1230 879 1300 ἀφιλόσοφον
896 1230 951 1285 δέ
968 1248 1022 1285 τι
1050 1230 1235 1287 παθὼν
1250 1234 1278 1286 ό
1297 1232 1522 1297 Κέλσος,
1540 1233 1637 1305 τὴν
1654 1235 1711 1288 ἐν
1731 1234 1933 1309 ἀνθρώ-

332 1332 478 1380 ποις
507 1318 779 1391 ὑπεροχὴν
810 1321 907 1374 οὐκ
938 1324 994 1374 ἐν
1013 1321 1154 1393 λόγῳ
1183 1324 1451 1395 σωτηρίας
1483 1323 1807 1395 (1)καὶῆθει
1836 1342 1932 1377 κα-

332 1406 511 1478 Θαρῷ
524 1410 848 1476 φαντάζεται
861 1408 1020 1479 εἶναι,
1035 1414 1169 1467 ἀλλά
1181 1417 1237 1467 ἐν
1248 1415 1326 1485 τῷ
1337 1415 1485 1485 παρά
1496 1416 1592 1485 τὴν
1609 1416 1860 1469 ὑπόθεσιν
1873 1412 1931 1469 οῦ

333 1501 617 1571 ἀνείληφε
633 1503 920 1573 προσώπου
950 1507 1191 1575 ποιῆσαι,
1207 1508 1300 1560 καὶ
1316 1507 1642 1578 ἀνειληφότα
1655 1509 1715 1560 τὸ
1740 1509 1932 1579 θνητὸν

336 1590 430 1660 μὴ
462 1592 751 1645 ἀποθανεῖν
772 1610 784 1623 ·
812 1594 845 1664 ἢ
870 1595 1161 1650 ἀποθανεῖν
1185 1597 1305 1663 μὲν,
1328 1599 1447 1667 οὑχί
1476 1599 1532 1651 δὲ
1565 1598 1809 1661 θάνατον,
1844 1598 1932 1651 τὸν

332 1680 654 1752 δυνάμενον
676 1687 1021 1757 παράδειγμα
1038 1690 1286 1756 γενέσθαι
1314 1693 1427 1753 τοῖς
1444 1691 1538 1743 καὶ
1566 1691 1656 1743 ὑπ’
1674 1691 1835 1743 αὑτοῦ
1854 1690 1929 1761 (9.)

332 1770 447 1823 τοῦ
471 1773 633 1842 ἔργου
651 1778 947 1846 είσομένοις
971 1779 1111 1850 ὑπὲρ
1132 1782 1412 1844 εὐσεϐείας
1440 1781 1821 1852 ἀποθνήσκειν,
1836 1785 1929 1835 καὶ

335 1863 827 1931 παρρησιάζεσθαι
892 1870 948 1920 ἐν
981 1870 1116 1939 αὐτῇ
1154 1871 1289 1941 πρὸς
1319 1872 1443 1933 τοὺς
1474 1873 1842 1942 ἐσφαλμένους
1872 1874 1929 1925 ἐν

334 1949 426 2019 τῷ
496 1954 622 2022 περὶ
692 1957 972 2020 εὐσεϐείας
1015 1960 1109 2010 καὶ
1170 1961 1420 2024 ἀσεϐείας
1461 1962 1536 2032 (5)
1594 1963 1778 2031 τόπῳ·
1836 1966 1931 2016 καὶ

335 2040 671 2109 νομίζοντας
724 2048 849 2109 τοὺς
905 2048 1003 2117 μὲν
1046 2050 1289 2113 εὐσεϐεῖς
1335 2049 1472 2105 εἶναι
1513 2052 1926 2117 ἀσεϐεστάτους,

335 2135 480 2196 τοὺς
504 2135 561 2187 δὲ
586 2137 967 2209 πλανωμένους
1006 2143 1135 2211 περὶ
1164 2143 1320 2207 Θεοῦ,
1352 2145 1446 2197 καὶ
1474 2147 1639 2199 παντὶ
1674 2144 1926 2216 μᾶλλονῆ

337 2220 472 2291 Θεῷ
532 2226 939 2297 ἐφαρμόζοντας
1011 2232 1107 2302 τὴν
1162 2234 1289 2302 περὶ
1346 2234 1509 2286 αὑτοῦ
1575 2236 1929 2306 ἀδιάστροφον

340 2308 579 2377 ἔννοιαν,
627 2316 1105 2386 ὑπολαμϐάνοντας
1153 2315 1289 2372 εἶναι
1338 2320 1787 2383 εὐσεϐεστάτουςο
1836 2320 1930 2373 καὶ

351 2403 593 2472 μάλιστα
650 2406 737 2458 ὅτε
789 2408 884 2461 καὶ
927 2408 1022 2460 ἐπὶ
1071 2408 1131 2461 τὸ
1184 2411 1421 2483 ἀναιρεῖν
1459 2411 1671 2482 ὁρμῶσι
1701 2413 1827 2475 τοὺς
1861 2415 1926 2483 τῇ

345 2494 615 2565 ἐναργείᾳ
663 2497 755 2549 τοῦ
804 2498 920 2561 ἐνὸς
964 2502 1055 2553 καὶ¹
1099 2503 1192 2554 ἐπὶ
1233 2505 1365 2555 πᾶσι
1395 2504 1529 2557 Θεοῦ
1565 2506 1788 2569 ἐαυτοὺς
1833 2506 1931 2578 ὅλῃ

341 2586 501 2656 ψυχῇ
534 2586 695 2656 μέχρι
728 2587 957 2655 θανάτου
990 2592 1394 2656 ὲπιδεδωκότας.

432 2761 551 2813 Ἔτι
580 2761 623 2813 δ’
659 2762 880 2830 ἐγκαλεῖ
927 2764 1005 2834 τῷ
1051 2766 1223 2836 Ἰησοῦ
1261 2770 1289 2821 ό
1332 2734 1540 2833 Κέλσος
1574 2772 1658 2825 διὰ
1684 2774 1776 2826 τοῦ
1811 2776 1931 2828 Ἰου-

342 2849 538 2901 δαῖκοῦ
561 2851 873 2921 προσώπου,
905 2874 923 2905 ι
947 2856 1022 2918 ὡς
1052 2857 1126 2935 μὴ
1151 2857 1383 2921 δείξαντι
1409 2861 1599 2913 ἐαυτὸν
1629 2862 1845 2916 πάντων
1863 2864 1927 2936 δὴ

344 2937 536 2990 κακῶν
561 2938 949 3008 καθαρεύοντα.
992 2961 1009 2992 ι
1046 2943 1221 2996 Ποίων
1274 2944 1336 3015 δὴ
1387 2947 1593 3011 κακῶν,
1644 2949 1847 3017 λεγέτω
1900 2953 1929 3003 ὁ

2036 1876 2200 1934 queat
2232 1866 2354 1920 aliis
2385 1868 2475 1936 qui
2508 1882 2572 1921 eo
2612 1869 2728 1936 ipso
2758 1870 2970 1923 discent
3003 1884 3103 1939 pro
3138 1870 3337 1939 pietate
3375 1871 3513 1923 mori
3539 1880 3597 1923 et

2032 1974 2152 2012 eam
2182 1958 2351 2013 libere
2375 1974 2561 2013 coram
2588 1962 2667 2014 eis
2690 1960 2951 2029 profiteri,
2983 1962 3073 2031 qui
3106 1964 3363 2029 pietatem
3396 1962 3595 2029 impie-

2035 2057 2144 2102 tate
2177 2063 2283 2101 non
2311 2050 2712 2116 dignoscentes,
2744 2052 2861 2119 pios
2889 2066 2989 2120 pro
3020 2052 3204 2121 impiis
3239 2053 3460 2118 habent,
3500 2065 3596 2106 eos

2038 2154 2186 2203 vero,
2216 2140 2309 2208 qui
2338 2140 2494 2194 falsis
2519 2141 2584 2194 de
2607 2142 2711 2194 Deo
2736 2142 3076 2210 opinionibus
3104 2143 3293 2197 imbuti
3318 2143 3494 2211 potius
3525 2142 3594 2195 ad

2032 2244 2373 2298 quaecunque
2402 2231 2505 2285 alia
2540 2248 2703 2301 quam
2747 2233 2812 2287 ad
2863 2232 3029 2285 Deum
3069 2232 3225 2287 firme
3276 2234 3594 2301 impressam

2032 2320 2215 2373 animo
2248 2320 2313 2373 de
2367 2321 2458 2376 illo
2506 2322 2781 2376 notionem
2833 2324 3261 2388 accommodant,
3318 2324 3595 2392 piissimos

2031 2424 2155 2464 esse
2199 2411 2567 2478 arbitrantur;
2603 2413 2765 2482 idque
2797 2422 2908 2467 tum
2946 2415 3203 2478 maxime,
3231 2429 3353 2467 cum
3384 2412 3596 2466 interfi-

2031 2514 2154 2554 cere
2204 2504 2424 2557 student
2477 2517 2570 2559 eos
2615 2505 2706 2574 qui
2749 2505 3021 2560 evidentia
3061 2505 3219 2559 unius
3249 2504 3598 2574 supremique

2034 2592 2128 2645 Dei
2158 2595 2390 2660 perculsi
2414 2612 2474 2651 se
2506 2608 2617 2652 tota
2653 2609 2836 2654 mente
2873 2600 2922 2653 ei
2948 2598 3019 2652 ad
3049 2608 3275 2653 mortem
3307 2611 3475 2667 usque
3500 2597 3596 2651 de-

2033 2693 2315 2738 VOVCI‘UDI.

2036 2815 2044 2823 .
2104 2779 2194 2835 41.
2225 2778 2406 2835 Jesum
2445 2792 2710 2849 praeterea
2757 2780 2941 2849 culpat
2967 2778 3157 2835 Celsus
3194 2779 3340 2834 larva
3372 2778 3595 2834 Judaica

2033 2881 2376 2937 personatus,
2406 2890 2424 2921 c
2451 2872 2594 2940 quod
2624 2887 2684 2926 se
2717 2886 2824 2926 non
2857 2871 2925 2926 ab
2945 2873 3195 2925 omnibus
3218 2871 3375 2925 malis
3404 2872 3599 2925 immu-

2034 2972 2157 3012 nem
2186 2960 2511 3013 ostenderit.
2547 2980 2565 3010 ι
2606 2961 2758 3015 Dicat
2788 2961 2876 3015 ille
2908 2976 2937 3014 a
2974 2962 3168 3029 quibus
3204 2961 3358 3014 malis
3389 2976 3496 3014 non
3539 2976 3598 3015 se

345 3027 558 3091 Κέλσος
592 3028 689 3099 (4),
724 3031 824 3083 οὐκ
871 3030 1069 3095 ἔδειξεν
1110 3034 1302 3087 ἑαυτὸν
1345 3036 1716 3106 καθαρεύοντα
1746 3043 1774 3093 ὁ
1825 3042 1925 3112 Ἰη-

2031 3049 2188 3104 Jesus
2233 3051 2534 3104 ostenderit
2585 3050 2901 3105 immunem.
2950 3027 3086 3103 Nam
3130 3053 3174 3105 si
3219 3049 3471 3119 intelligit
3504 3050 3593 3104 illa

350 3119 511 3181 σοῦς·
548 3121 610 3171 Et
639 3119 737 3190 μὲν
764 3119 874 3192 γὰρ
893 3122 999 3174 τῶν
1029 3123 1234 3194 κυρίως
1263 3125 1447 3179 κακῶν
1480 3127 1625 3195 λέγει
1656 3130 1816 3182 αὑτὸν
1853 3130 1926 3201 μὴ

348 3209 831 3279 κεκαθαρευκέναι,
851 3214 1247 3283 παραστησάτω
1274 3217 1516 3286 ἐναργῶς
1546 3219 1743 3283 κακίας
1769 3222 1926 3291 ἔργον

348 3298 412 3350 ἐν
441 3298 606 3368 αὐτῷ,
638 3301 687 3352 εἰ
720 3299 775 3353 δὲ
796 3301 941 3353 κακὰ
979 3303 1186 3373 νομίζει
1220 3307 1409 3359 πενίαν
1438 3309 1531 3361 καὶ
1562 3312 1810 3382 σταυρὸν,
1833 3316 1927 3367 καὶ

346 3389 453 3459 τὴν
497 3391 604 3442 ἀπὸ
644 3390 753 3444 τῶν
795 3392 1010 3447 ἀτόπων
1060 3395 1360 3467 ἀνθρώπων
1395 3400 1704 3473 ἐπιϐουλὴν,
1746 3404 1922 3474 δῆλον,

348 3479 435 3532 ὅτι
491 3480 585 3533 καὶ
631 3482 911 3553 Σωκράτει
957 3485 1088 3554 φησὶ
1116 3487 1263 3539 κακά
1293 3490 1716 3561 συμϐεϐηκέναι,
1748 3494 1821 3566 μὴ
1845 3495 1927 3546 δυ-

345 3569 568 3639 νηθέντι
608 3572 797 3626 ἑαυτὸν
838 3575 1112 3641 ἀποδεῖξαι
1155 3576 1391 3650 καθαρὸν
1550 3583 1656 3635 ἀπὸ
1686 3584 1795 3637 τῶν
1824 3602 1925 3638 κα-

344 3661 481 3715 κῶν.
529 3662 690 3726 Ὅσος
744 3665 802 3717 δὲ
852 3668 947 3719 καὶ
978 3668 1135 3731 ἄλλος
1168 3672 1326 3741 χορὸς
1359 3674 1606 3744 πενήτων
1647 3676 1763 3727 ἐστὶ
1796 3680 1924 3747 παρ’

348 3752 575 3823 Ἕλλησι
621 3755 1117 3828 φιλοσοφησάντων,
1149 3761 1244 3814 καὶ
1291 3763 1534 3817 ἑκούσιον
1575 3766 1764 3819 πενίαν
1792 3767 1924 3820 ἀνα-

342 3842 676 3913 δεξαμένων,
709 3848 801 3900 καὶ
827 3851 872 3900 οἰ
895 3849 1076 3902 πολλοὶ
1105 3851 1369 3922 Ἑλλήνων
1394 3855 1570 3908 ἴσασιν
1587 3858 1651 3909 ἐκ
1668 3857 1776 3909 τῶν
1797 3859 1926 3911 ἀνα-

342 3934 666 4004 γραφέντων
705 3936 836 4006 περὶ
881 3937 978 4005 μὲν
1023 3939 1362 4009 Δημοκρίτου
1404 3942 1696 4012 μηλόϐοτον
1726 3945 1800 4015 (6)
1830 3947 1922 3999 ἐά-

346 4039 543 4086 σαντος
573 4025 671 4094 τὴν
699 4025 905 4087 οὐσίαν,
937 4027 1066 4096 περὶ
1098 4027 1153 4078 δὲ
1181 4029 1466 4099 Κράτητος
1493 4033 1684 4085 ἑαυτὸν
1708 4034 1921 4087 ἐλευθε-

346 4110 642 4181 ρώσαντος,
674 4112 761 4165 διὰ
788 4111 881 4164 τοῦ
911 4117 1025 4175 τοῖς
1053 4112 1309 4183 Θηϐαίοις
1340 4118 1668 4188 χαρίσασθαι
1694 4122 1754 4173 τὸ
1783 4122 1922 4193 ὑπὲρ

345 4205 532 4272 πάσης
564 4203 662 4272 τῆς
711 4204 956 4274 κτήσεως
988 4204 1066 4274 (7)
1104 4206 1404 4277 πραθείσης
1446 4208 1597 4261 δοθὲν
1639 4211 1787 4280 αὐτῷ
1820 4214 1922 4282 ἀρ-

344 4291 556 4362 γύριον.
617 4291 775 4345 Ἀλλά
808 4294 904 4345 καὶ
936 4295 1192 4366 Διογένης
1237 4296 1301 4349 δι’
1338 4297 1777 4368 ὑπερϐάλλουσαν
1836 4304 1924 4355 εὐ-

2030 3154 2149 3208 quae
2198 3140 2335 3194 mala
2368 3141 2589 3209 preprie
2624 3150 2907 3207 vocantur,
2938 3140 3191 3195 ostendat
3231 3140 3447 3210 aliquod
3479 3142 3597 3210 ejus

2029 3246 2166 3299 opus
2193 3232 2424 3299 malum;
2461 3234 2541 3287 sin
2595 3233 2735 3286 mala
2770 3232 3005 3301 appellat
3040 3241 3439 3302 paupertatem,
3471 3248 3597 3287 cru.

2028 3341 2168 3390 cem,
2208 3324 2434 3379 insidias
2461 3340 2490 3378 a
2525 3325 2754 3393 perditis
2780 3324 3091 3379 hominibus
3116 3324 3191 3378 illi
3220 3332 3593 3394 comparatas;

2027 3430 2156 3485 ergo
2191 3429 2257 3467 ex
2301 3414 2392 3468 illo
2438 3413 2651 3468 Socrati
2691 3415 2856 3468 etiam
2886 3415 3201 3468 acciderunt
3235 3413 3396 3480 mala,
3423 3427 3595 3480 quan.

2027 3507 2316 3573 doquidem
2360 3520 2418 3560 se
2451 3521 2557 3559 non
2605 3506 2842 3574 potuerit
2881 3506 3171 3559 illiusmodi
3205 3505 3470 3559 malorum
3499 3518 3596 3558 ex-

2027 3605 2235 3664 pertem
2259 3604 2538 3663 praestare.
2564 3594 2708 3660 Quot
2737 3595 2903 3649 etiam
2934 3597 3073 3663 apud
3096 3595 3313 3648 Graecos
3348 3596 3595 3663 philoso-

2025 3685 2114 3753 phi
2150 3682 2371 3749 fuerint,
2403 3684 2494 3751 qui
2525 3692 2716 3751 sponte
2748 3696 3039 3754 pauperem
3071 3684 3193 3737 vitae
3226 3685 3593 3739 conditionem

2027 3772 2315 3841 eligerent,
2363 3770 2583 3827 Graecos
2637 3786 2749 3826 suae
2804 3772 3045 3827 historiae
3075 3773 3267 3827 docent
3300 3773 3353 3826 in
3398 3773 3593 3842 quibus

2026 3862 2206 3931 legere
2245 3872 2331 3917 est
2380 3862 2750 3917 Democritum
2797 3876 2924 3916 suas
2970 3862 3253 3917 facultates
3282 3864 3472 3918 ovibus
3502 3865 3593 3918 de-

2026 3948 2325 4017 pascendas
2381 3947 2683 4012 dimisisse;
2742 3947 3032 4011 Cratetem,
3085 3959 3143 4003 ut
3187 3965 3248 4005 se
3282 3951 3334 4004 in
3371 3950 3591 4005 liberta-

2030 4049 2134 4093 tem
2192 4050 2483 4103 assereret,
2537 4040 2807 4109 simulque
2852 4039 3129 4096 Thebanis
3168 4042 3588 4111 gratificaretur,

2024 4131 2315 4199 elargitum
2362 4146 2483 4187 esse
2530 4132 2838 4199 pecuniam,
2872 4148 3034 4200 quam
3090 4148 3157 4187 ex
3210 4134 3425 4202 przediis
3458 4149 3589 4187 ven-

2025 4224 2153 4277 ditis
2188 4224 2523 4278 confecerat.
2556 4223 2623 4276 Et
2644 4222 2916 4292 Diogenes
2942 4240 3051 4293 prae
3084 4227 3248 4278 nimia
3278 4225 3590 4293 frugalitate

2026 4315 2078 4365 in
2109 4313 2253 4367 dolio
2294 4314 2582 4380 habitavit,
2618 4328 2718 4367 nec
2758 4314 2962 4368 idcirco
2988 4317 3039 4368 in
3082 4316 3237 4372 malis
3263 4330 3387 4371 eum
3420 4316 3589 4371 fuisse

342 4381 557 4436 τέλειαν
609 4383 763 4437 πίθον
815 4382 968 4453 ᾤκει,
1019 4388 1145 4456 παρ’
1206 4386 1379 4440 οὐδενὶ
1406 4388 1514 4440 τῶν
1542 4388 1664 4442 νοῦν
1690 4392 1921 4460 ἐχόντων

2030 4404 2297 4473 quispiam
2330 4419 2474 4460 sanae
2504 4408 2702 4461 mentis
2736 4406 2954 4461 dixerit.

345 4475 449 4529 κᾶν
504 4476 723 4548 μέτριον
762 4477 951 4530 τούτου
1000 4496 1063 4547 γε
1124 4480 1281 4551 χάριν
1337 4482 1591 4553 Διογένης
1628 4487 1685 4537 ἐν
1733 4492 1922 4551 κακοῖς

342 4561 431 4638 ἦν.

421 4658 539 4710 Ἔτι
577 4658 633 4710 δέ
675 4660 797 4712 ἐπεὶ
840 4659 1087 4730 βούλεται
1124 4680 1143 4713 ι
1184 4662 1319 4733 μηδὲ
1362 4664 1725 4737 ἀνεπίληπτον
1758 4684 1917 4735 γεγο-

347 4746 493 4800 νέναι
514 4749 604 4801 τὸν
649 4750 855 4821 Ἰησοῦν
886 4771 905 4803 ι
935 4752 1205 4816 ὁΚέλσος,
1238 4758 1661 4825 παραστησάτω,
1696 4758 1779 4821 τίς
1807 4759 1916 4813 τῶν

347 4833 723 4905 ἀρεσκομένων
766 4839 846 4909 τῷ
892 4838 1033 4911 λόγῳ
1089 4841 1255 4895 αὐτοῦ
1290 4844 1351 4896 τὸ
1380 4845 1592 4915 ἀληθῶς
1623 4846 1918 4917 ἐπίληπτον

418 4949 462 4980 ⁸⁵
488 4948 674 5005 Matth.
706 4969 854 5015 xxvr,
886 4955 975 5011 75.

418 5042 495 5183 (Al)
520 5044 673 5125 Lihb.
707 5058 860 5101 antea
892 5051 1021 5104 editi
1054 5053 1118 5105 ad
1149 5056 1472 5124 marginem,
1500 5052 1769 5123 σωτηρίῳ.

418 5114 494 5183 i2,
542 5116 667 5179 Τοῖς
700 5116 799 5169 καὶ
830 5119 929 5169 ὑπ’
957 5120 1164 5175 αὑτοῦ.
1189 5123 1352 5183 Lego,
1372 5125 1482 5183 τοῖς
1512 5122 1605 5175 καὶ
1630 5123 1724 5174 ἀπ’
1750 5140 1769 5175 a

412 5114 495 5194 (2)
542 5114 667 5179 Τοῖς
700 5116 799 5194 καὶ
830 5119 929 5194 φατ’
957 5120 1164 5175 αὑτοῦ.
1189 5114 1352 5192 Lego,
1372 5114 1482 5187 τοῖς
1512 5122 1605 5175 καὶ
1630 5114 1732 5174 Birt"
1750 5121 1913 5175 αὐτοῦ

343 5182 449 5255 τοῦ
473 5182 634 5255 ἔργου
668 5187 986 5255 εἰσομένοις,
1021 5201 1126 5245 etc.
1265 5182 1295 5192 ν
1338 5182 1349 5188 ⁷
1465 5182 1475 5241 ί

418 5252 646 5323 (5)“Καὶ
706 5252 1004 5321 ἀσεϐείας.
1062 5258 1413 5315 Desideratur
1476 5262 1530 5315 in
1571 5258 1704 5314 libb.
1754 5269 1913 5313 antea

348 5321 534 5386 editis,
568 5325 661 5375 sed
698 5325 930 5379 habetur
962 5329 1013 5379 in
1042 5330 1295 5384 omnibus
1321 5346 1452 5384 mss.

418 5391 494 5462 (4)
529 5392 760 5469 Λεχέτῳ
787 5398 819 5447 ό
840 5394 1093 5469 Κέλσος.
1133 5397 1207 5469 ita
1242 5401 1411 5454 codex
1462 5399 1682 5469 Regius.
1712 5397 1912 5469 rectius

348 5474 510 5527 quam
554 5463 686 5517 editi
732 5464 786 5518 in
816 5464 1016 5533 quibus
1051 5468 1266 5538 legitur,
1298 5468 1500 5536 λεγέτω
1524 5463 1566 5523 ὁ’
1583 5467 1789 5521 Κέλσου
1828 5465 1914 5519 λό-

346 5544 463 5598 γος.

387 5598 497 5723 6(3)
554 5601 733 5659 Codex
773 5603 996 5675 Regius,
1035 5604 1109 5676 μὴ
1147 5607 1484 5673 ἀποδείξαντι
1515 5608 1702 5677 ἑαυτόν
1741 5611 1914 5667 καθα..

354 5683 464 5743 ρον.

2095 4666 2189 4720 42.
2233 4665 2496 4733 Quoniam
2547 4676 2704 4737 negat
2749 4668 2943 4721 iterum
2994 4668 3182 4724 Celsus
3221 4687 3241 4721 ‹
3294 4668 3473 4724 Jesum
3517 4670 3587 4724 ab

2025 4759 2173 4811 omni
2218 4760 2634 4828 reprehensione
2686 4762 2943 4825 abfuisse,
2976 4782 2994 4814 ι
3036 4762 3197 4830 dicat}
3239 4762 3426 4831 ecquis
3490 4777 3586 4816 eo-

2027 4862 2166 4916 rum,
2202 4852 2293 4921 qui
2351 4851 2470 4920 ejus
2522 4853 2781 4908 doctrina:
2837 4855 3048 4910 assensi
3103 4863 3250 4919 sunt,
3304 4854 3586 4924 scripserit

2092 5052 2166 5123 (6)
2201 5052 2342 5126 Περὶ
2365 5055 2483 5122 μὲν
2520 5056 2886 5126 Δημοκρίτου
2927 5059 3285 5126 μηλόϐοτον,
3320 5068 3426 5116 etc.
3474 5057 3581 5112 Ho-

2019 5126 2210 5187 ratius,
2238 5124 2327 5176 lib.
2358 5140 2396 5185 ι,
2420 5126 2579 5193 epist.
2616 5125 2704 5189 12,
2736 5141 2786 5179 v.
2821 5127 2887 5180 12
2921 5124 2933 5180 ε

2090 5211 2203 5266 Nec
2234 5214 2425 5267 mirum
2453 5215 2497 5267 si
2521 5214 2807 5271 Democriti
2828 5233 2986 5285 pecus
3014 5218 3117 5271 edit
3150 5217 3365 5286 agellos.

2017 5322 2153 5395 Vide
2199 5324 2474 5395 Philonem
2514 5326 2611 5379 lib.
2640 5328 2780 5395 Περὶ
2814 5328 2959 5391 βίου
2985 5325 3578 5395 θεωρητικοῦλῐιειειι-

2021 5394 2151 5445 tium
2186 5395 2238 5446 in
2267 5390 2386 5448 Vita
2426 5397 2683 5457 Cratetis.
2717 5390 2774 5448 et
2819 5390 3169 5450 Plutarchum
3198 5397 3290 5449 lib.
3325 5393 3456 5458 Πῶς
3501 5394 3582 5446 ἄν

2017 5479 2104 5527 τις
2255 5464 2481 5531 ἐχθρῶν
2504 5465 2809 5534 ὠφελοῖτο.

2089 5532 2165 5603 (7)
2209 5530 2388 5586 Codex
2430 5530 2691 5601 Julianus,
2727 5535 2995 5602 κτήσεως,
3026 5532 3230 5587 rectius
3254 5548 3412 5602 quam
3446 5530 3576 5588 libb.

2018 5603 2169 5668 editi,
2205 5603 2453 5666 κτίσεως.
