3998 6170
445 241 551 297 865

1927 239 2243 297 ORIGENIS

3588 235 3703 292 864

445 352 751 422 quidpiam,
794 351 861 406 de
914 367 1021 421 quo
1065 366 1186 406 vere
1238 348 1396 406 Jesus
1456 350 1777 412 reprehendi
1830 362 2006 422 queat.

2117 354 2210 406 τοῦ
2254 352 2426 424 Ἰησοῦ
2477 351 2813 422 ἀνέγραψεν·
2847 349 2902 422 ἢ,
2933 350 2981 403 εἰ
3017 348 3091 420 μὴ
3136 350 3242 403 ἀπὸ
3273 348 3480 402 τούτων
3524 352 3699 405 αὐτοῦ

445 447 555 500 Aut
590 446 635 500 si
692 446 831 499 nihil
879 446 947 498 ab
975 445 1079 497 illis
1123 444 1393 511 acceperit
1436 443 1635 510 simile,
1687 444 1831 497 dicat
1873 444 2014 498 unde

451 538 680 603 petitum
721 538 823 589 hoc
871 536 922 588 in
952 534 1143 588 Jesum
1166 532 1377 600 jecerit.
1400 533 1687 589 Promissis
1711 535 1824 588 suis
1854 534 2012 587 ﬁdem

448 625 575 679 fecit
624 625 801 688 Jesus,
873 624 1264 677 benefaciendo
1314 623 1422 677 illis
1476 625 1567 693 qui
1616 626 1714 692 ipsi
1773 627 2015 679 adlimse-

448 726 595 771 runt.
629 716 691 768 Et
726 730 848 769 cum
901 731 983 778 ea,
1019 730 1140 784 qua:
1181 715 1455 782 praedixit,
1494 716 1712 783 impleta
1763 715 1874 785 jam
1930 715 2013 768 vi-

446 809 669 862 deamus
725 809 933 871 omnia,
974 807 1326 875 Evangelium
1382 808 1433 858 in
1469 814 1605 872 toto
1666 807 1865 858 mundo
1921 819 2016 857 an-

446 901 773 963 nuntiatum,
817 899 1111 966 discipulos
1165 912 1263 966 per
1324 897 1611 950 universas
1666 905 1853 963 gentes
1900 894 2015 962 ejus

445 991 747 1044 doctrinam
819 994 1191 1057 pervulgasse,
1263 1002 1466 1057 eosque
1545 996 1673 1041 ante
1733 1001 1888 1056 reges
1961 995 2016 1040 et

442 1078 696 1146 praesides
749 1092 853 1130 non
908 1078 1011 1129 alia
1066 1078 1133 1129 de
1178 1091 1341 1130 causa
1391 1076 1584 1129 ductos
1635 1091 1793 1143 quam
1850 1073 2016 1146 519

442 1179 660 1237 propter
708 1169 854 1221 illam
906 1167 1254 1231 doctrinam,
1314 1168 1458 1221 illum
1513 1168 1865 1229 admiramur,
1917 1182 2015 1221 no-

443 1269 666 1326 straque
719 1259 771 1311 in
820 1273 941 1310 eum
999 1257 1132 1312 ﬁdes
1194 1273 1391 1313 novum
1439 1259 1681 1326 quotidie
1726 1261 1891 1313 robur
1921 1273 2013 1313 ac-

449 1352 599 1418 cipit.
651 1332 912 1417 Equidem
968 1350 1158 1404 nescio
1203 1366 1325 1419 qua:
1380 1351 1641 1405 solidiora
1678 1352 2015 1417 clarioraque

440 1450 758 1507 argumenta
793 1441 1185 1494 desideraverit
1206 1441 1414 1507 Celsus,
1443 1442 1643 1510 quibus
1666 1440 1822 1495 Jesus
1853 1442 2012 1495 {idem

446 1531 652 1585 faceret
689 1530 753 1585 iis
778 1545 897 1599 quae
925 1532 1288 1599 praedixerat,
1331 1532 1437 1585 nisi
1482 1532 1627 1585 forte
1656 1532 1920 1597 voluerit,
1958 1540 2016 1584 ut

439 1629 690 1689 apparet,
724 1636 869 1685 eum,
904 1637 1063 1688 quem
1100 1638 1207 1674 non
1245 1622 1496 1687 agnoscit
1529 1637 1628 1690 pro
1668 1620 1839 1675 Verbo
1872 1621 2012 1690 quod

2118 447 2410 517 κατηγορεῖ
2438 443 2512 507 ὡς
2541 443 2858 514 ἐπιλήπτου,
2879 442 3158 505 δεικνύτω,
3184 442 3345 495 πόθεν
3382 442 3571 512 μαθὼν
3594 443 3700 495 οὐκ

2116 536 2475 606 ἀνεπίληπτον
2534 536 2696 589 αὐτὸν
2742 536 2980 607 εἴρηκεν.
3053 535 3304 605 Ἐποίησε
3350 536 3447 604 μὲν
3510 532 3606 588 οὖν
3659 535 3697 587 ἃ

2116 628 2478 697 ἐπηγγείλατο
2508 628 2693 688 πιστὰ,
2715 627 2780 680 δι’
2803 622 2876 679 ὧν
2900 626 3146 695 ὠφέλησε
3173 626 3300 688 τοὺς
3327 625 3700 695 προσέχοντας

2118 724 2267 793 αὐτῷ
2318 724 2346 774 ὁ
2405 724 2627 794 Ἰησοῦς.
2675 722 2786 775 Καὶ
2831 721 2920 775 ἀεὶ
2960 721 3197 791 ὁρῶντες
3252 719 3607 790 πληρούμενα
3627 720 3699 771 τὰ

2118 814 2380 885 εἰρημένα
2430 816 2522 867 ὑπ’
2582 813 2745 866 αὐτοῦ
2792 814 2919 885 πρὶν
2978 814 3239 882 γένηται,
3293 810 3353 864 τὸ
3415 810 3701 881 κηρυχθῆ-

2118 922 2205 957 ναι
2255 904 2315 957 τὸ
2354 905 2683 973 Εύαγγέλιον
2732 904 2890 957 τοῦτο
2954 906 3011 955 ἐν
3060 903 3167 973 ὅλῳ
3226 901 3304 971 τῷ
3343 900 3554 970 κόσμῳ,
3602 901 3699 953 καὶ

2119 994 2488 1064 πορευθέντας
2548 993 2712 1047 αὐτοῦ
2769 996 2897 1056 τοὺς
2968 991 3217 1063 μαθητὰς
3272 994 3353 1053 εἰς
3400 990 3580 1043 πάντα
3625 990 3698 1042 τὰ

2118 1082 2245 1153 ἔθνη
2272 1085 2363 1136 τὸν
2392 1084 2546 1151 λόγον
2577 1082 2736 1136 αὑτοῦ
2759 1082 3213 1151 κατηγγελκέναι,
3240 1080 3319 1133 ἔτι
3351 1080 3407 1132 δὲ
3440 1079 3567 1150 περὶ
3599 1080 3693 1133 τοῦ

2119 1175 2210 1226 ἐπὶ
2246 1174 2519 1244 ἡγεμόνας
2565 1175 2660 1228 καὶ
2710 1174 2946 1243 βασιλεῖς
2988 1171 3321 1244 ἀχθήσεσθαι
3358 1170 3596 1240 μέλλειν,
3626 1170 3693 1222 δι’

2116 1264 2369 1333 οὐδεμίαν
2404 1263 2568 1332 ἄλλην
2595 1262 2770 1316 αἰτίαν
2795 1262 2826 1332 ἢ
2854 1262 2952 1331 τὴν
2994 1258 3336 1312 διδασκαλίαν
3372 1255 3560 1309 αὐτοῦ’
3607 1272 3693 1307 τε-

2118 1355 2370 1425 θήπαμεν
2412 1354 2607 1417 αὑτὸν,
2661 1354 2756 1406 καὶ
2803 1352 3070 1422 ὁσημέραι
3112 1348 3435 1419 βεϐαιοῦμεν
3473 1347 3570 1417 τὴν
3614 1348 3692 1408 είς

2118 1446 2281 1499 αὑτὸν
2312 1447 2514 1499 πίστιν.
2554 1446 2665 1498 Οὐκ
2699 1441 2815 1496 οἶδα
2847 1444 2890 1495 δ’
2924 1444 3031 1496 ἀπὸ
3067 1442 3236 1495 ποίων
3288 1439 3552 1510 μειζόνων
3598 1438 3689 1491 καὶ

2116 1537 2520 1607 ἐναργεστέρων
2544 1534 2791 1587 ἐϐούλετο
2816 1534 2975 1586 αὑτὸν
2992 1532 3158 1586 πιστὰ
3182 1532 3403 1601 ποιῆσαι
3426 1528 3495 1581 τὰ
3519 1545 3691 1600 προει-

2124 1626 2331 1697 ρημένα
2360 1628 2388 1678 ὁ
2410 1626 2633 1688 Κέλσος
2668 1624 2814 1695 εἰμὴ
2849 1626 2976 1693 ἄρα,
3008 1625 3081 1687 ὡς
3114 1623 3400 1691 φαίνεται,
3452 1620 3524 1689 μὴ
3573 1621 3688 1671 ἐπι-

440 1727 569 1765 caro
600 1710 799 1765 factum
834 1723 915 1767 est
939 1713 1007 1776 ⁸⁸,
1037 1713 1171 1765 nihil
1209 1713 1430 1766 humani
1455 1723 1738 1781 expertum
1764 1727 1890 1766 esse
1912 1728 2006 1766 nec

2119 1694 2383 1785 avditae;
2409 1716 2499 1768 τὸν
2525 1714 2682 1781 λόγον
2710 1694 2809 1768 τὸν
2845 1711 3052 1781 Ἰησοῦν
3075 1710 3359 1781 ἄνθρωπον
3380 1707 3685 1774 γενόμενον,

441 1802 645 1857 factum
676 1819 794 1857 esse
816 1804 1123 1872 exemplum
1150 1844 1164 1869 ,
1205 1818 1311 1872 quo
1359 1805 1606 1859 homines
1638 1804 2012 1859 excitarentur

442 1896 509 1949 ad
558 1895 717 1963 hujus
760 1898 885 1949 vita:
935 1896 1276 1951 incommoda
1338 1912 1601 1966 generose
1651 1895 2007 1964 perferenda;

440 2000 563 2037 nam
603 1986 719 2039 Ι)ωο
753 1987 1006 2043 videntur
1029 1986 1185 2043 Celso
1212 1988 1519 2041 miseranda
1536 1997 1591 2041 et
1613 1988 1968 2057 ignominiosa
1994 2001 2010 2052 ;

441 2075 593 2130 labor
626 2076 826 2144 quippe
853 2077 929 2130 illi
965 2085 1049 2131 est
1081 2078 1322 2131 omnium
1368 2078 1636 2131 malorum
1686 2078 2010 2142 maximum,

436 2164 689 2232 voluptas
722 2176 919 2233 autem,
952 2177 1258 2222 extremum
1305 2169 1545 2233 bonum;
1590 2168 1739 2235 quod
1791 2167 2011 2235 quidem

438 2255 725 2315 admiserit
772 2271 931 2310 nemo
961 2272 1172 2323 eorum,
1220 2257 1310 2324 qui
1362 2257 1757 2325 providentiam
1822 2257 2012 2309 defen-

439 2347 591 2412 dunt,
629 2346 1097 2414 etfortitudinem,
1132 2348 1474 2416 patientiam,
1510 2347 2012 2416 magnanimitatem

438 2436 494 2491 in
525 2438 811 2491 virtutibus
840 2447 1063 2506 p0nunt.
1092 2438 1236 2491 Nihil
1265 2439 1428 2507 igitur
1460 2439 1745 2493 imminuta
1769 2446 1853 2491 est
1879 2436 2011 2489 fides

439 2526 493 2579 in
520 2524 706 2580 Jesum
744 2528 810 2581 iis
836 2543 955 2596 qua:
981 2543 1273 2597 perpessus
1299 2528 1435 2593 fuit;
1480 2529 1589 2581 imo
1624 2528 1829 2582 viribus
1848 2538 2010 2581 aucta

435 2626 521 2671 est
549 2617 601 2669 in
636 2618 702 2670 iis
728 2620 818 2687 qui
861 2618 1029 2673 fortes
1077 2630 1240 2688 atque
1273 2620 1511 2673 animosi
1572 2628 1731 2685 sunt,
1768 2628 1823 2674 et
1873 2634 2011 2687 quos

436 2708 622 2762 docuit
652 2709 817 2761 vitam
849 2711 1067 2779 proprie
1099 2725 1332 2777 vereque
1359 2709 1569 2764 felicem
1604 2725 1710 2763 non
1753 2724 1873 2763 esse
1910 2710 2012 2762 hu-

430 2797 522 2865 jus
549 2798 825 2867 temporis,
857 2800 949 2851 sed
1001 2798 1204 2865 futuri,
1254 2807 1311 2851 ut
1366 2799 1481 2867 ipse
1529 2806 1727 2865 vocat,
1790 2798 2007 2863 saeculi;

437 2899 600 2952 quam
633 2895 815 2939 autem
850 2888 901 2940 in
941 2890 1191 2954 prmsenti
1220 2886 1417 2940 saeculo
1452 2888 1707 2950 vivimus,
1742 2903 1860 2940 eam
1890 2904 2010 2942 esse

437 2975 844 3030 calamitatibus
888 2977 1127 3046 plenam,
1193 2977 1275 3031 vel
1318 2978 1555 3047 primum
1605 2979 2010 3049 maximumque

440 3064 635 3118 anima:
658 3074 955 3121 certamen.

510 3240 603 3295 43.
636 3239 776 3295 Hinc
811 3254 1120 3296 sermonem
1169 3242 1236 3295 ad
1280 3258 1379 3298 nos
1416 3254 1741 3300 convertens
1779 3263 1792 3299 :
1841 3262 1859 3293 ι
1890 3244 2006 3299 Non

433 3333 652 3397 dicetis,
685 3334 882 3400 inquit,
912 3333 1084 3399 illum,
1121 3350 1240 3388 cum
1273 3351 1376 3390 non
1399 3346 1586 3407 posset
1614 3339 1702 3406 qui
1730 3338 1818 3391 hic
1845 3337 2011 3405 dege-

438 3427 945 3492 bantpersuadere,
986 3427 1293 3495 profectum
1340 3430 1405 3482 ad
1451 3428 1656 3484 inferos
1698 3429 1899 3491 fuisse,
1950 3439 2008 3483 ut

435 3518 528 3585 qui
563 3516 672 3569 illic
702 3526 829 3570 sunt
859 3520 1231 3583 persuaderet.
1266 3538 1289 3571 ν
1319 3520 1680 3587 Quantumvis
1718 3522 1888 3587 nolit,
1924 3523 2007 3576 di-

439 3622 624 3662 cemus
683 3607 830 3661 illum
866 3607 955 3664 hic
986 3625 1092 3663 non
1128 3625 1368 3679 paucos,
1427 3614 1523 3667 sed
1569 3622 1719 3667 tanto
1779 3628 2008 3668 numero

440 3700 814 3766 persuasisse,
865 3710 926 3755 ut
976 3702 1046 3757 ob
1084 3716 1204 3756 eam
1260 3718 1375 3759 rem
1424 3704 1637 3760 insidia:
1680 3704 1884 3760 fuerint
1928 3706 2004 3761 illi

513 3814 557 3846 “
588 3814 745 3870 Joan.
777 3832 819 3883 ι,
862 3816 951 3870 Η.

512 3950 589 4019 (8)
619 3951 983 4023 litesclielius,
1022 3953 1180 4021 μόνον
1217 3953 1339 4023 μέν,
1372 3954 1537 4008 male.

513 4023 587 4092 (tl)
624 4022 803 4074 Codex
831 4020 1096 4094 ‘Jolianus
1122 4020 1376 4094 sci-unda
1418 4036 1581 4077 manu
1642 4023 1808 4079 habet
1850 4025 2004 4094 λεγό-

444 4090 625 4162 μενον,
666 4102 726 4143 ιιι
749 4090 1035 4162 referatur
1068 4092 1133 4162 ad
1163 4091 1224 4143 τὸ
1256 4091 1371 4161 ζῇν.

508 4161 617 4233 (10)
643 4159 763 4233 -Καὶ
786 4159 983 4233 γυμῇᾗ
1011 4159 1643 4233 σώματος’γενόμενος
1681 4161 1853 4233 ψυχῇ
1882 4162 2011 4228 ταῖς

438 4229 715 4303 γυμναῖς,
750 4229 1098 4303 etc._Mavull
1123 4229 1381 4295 Guietns,
1424 4232 1520 4284 καὶ
1542 4229 1731 4303 ⁸γυμνὴ
1761 4229 2010 4303 σώματος

436 4299 1070 4373 γενόμενος-ψυχὴνταῖς
1102 4304 1357 4373 γυμναῖς,
1394 4299 1677 4373 ριετοτίξ.
1714 4299 1778 4365 fin
1821 4299 1943 4372 cap.
1980 4320 2009 4354 v

2115 1807 2367 1860 ἐϐούλετο
2404 1808 2567 1877 μηδὲν
2607 1805 2942 1876 ἀνθρώπινον
2991 1802 3216 1865 παθεῖν,
3262 1788 3396 1871 μηδέ
3439 1798 3688 1867 γενέσθαι

2114 1898 2422 1969 ἀνθρώποις
2457 1897 2803 1968 παράδειγμα
2825 1897 3069 1963 γενναῖον
3110 1893 3237 1963 περὶ
3278 1890 3367 1945 τοῦ
3408 1892 3595 1962 φέρειν
3623 1887 3689 1939 τὰ

2118 1990 2499 2060 συμϐαίνοντα·
2541 1986 2641 2041 κᾶν
2703 1987 2950 2040 οἴκτιστα
2987 1984 3065 2054 τῷ
3119 1982 3315 2051 Κέλσῳ
3360 1980 3511 2033 ταῦτ’
3552 1975 3687 2030 εἶναι

2113 2082 2275 2151 δοκῇ,
2324 2080 2415 2133 καλ⁵
2456 2077 2957 2139 ἐπονειδιστότατα,
3004 2073 3127 2127 ἐπεὶ
3169 2074 3329 2126 πόνον
3375 2071 3472 2141 μὲν
3516 2070 3590 2140 (8)
3630 2068 3688 2121 τὸ

2117 2172 2373 2241 μέγιστον
2405 2164 2514 2222 οἶδε
2542 2168 2648 2221 τῶν
2684 2167 2891 2231 κακῶν,
2924 2165 3115 2236 ἡδονὴν
3143 2163 3199 2215 δὲ
3230 2163 3289 2215 τὸ
3317 2161 3520 2214 τέλειον
3550 2160 3687 2226 ἀγα-

2114 2262 2225 2317 θόν·
2260 2263 2395 2331 ὅπερ
2425 2260 2599 2323 οὐδεὶς
2640 2259 2747 2311 τῶν
2799 2258 3053 2327 πρόνοιαν
3099 2255 3430 2321 εἰσαγόντων
3478 2250 3689 2319 φιλοσό-

2113 2373 2250 2423 φων,
2295 2356 2387 2407 καὶ
2434 2353 2651 2425 ἀνδρίαν
2706 2352 3108 2423 ὁμολογούντων
3140 2345 3278 2402 εἶναι
3322 2348 3546 2418 ἀρετὴν,
3596 2353 3688 2398 και

2112 2445 2429 2516 καρτερίαν,
2472 2445 2565 2497 καὶ
2596 2442 3021 2513 μεγαλοψυχίαν,
3058 2440 3409 2511 παρεδέξατο.
3462 2438 3537 2489 Ού
3582 2437 3686 2488 διέ-

2113 2536 2274 2589 ϐαλεν
2305 2530 2397 2587 οὖν
2431 2534 2526 2604 τὴν
2556 2536 2633 2596 εἰς
2664 2534 2823 2585 αὐτὸν
2858 2533 3040 2586 πίστιν
3068 2534 3097 2584 ὁ
3129 2530 3335 2600 Ἰησοῦς
3366 2529 3433 2580 δι’
3457 2522 3532 2581 ὧν
3553 2527 3684 2579 ύπέ-

2115 2642 2314 2696 μεινεν·
2370 2624 2507 2677 ἀλλὰ
2545 2623 2743 2694 μᾶλλον
2792 2625 2849 2675 ἐν
2900 2626 3012 2684 τοῖς
3062 2621 3284 2690 ἀνδρίαν
3325 2616 3684 2682 ἀποδέξασθαι

2114 2715 2456 2785 βουλομένοις
2478 2714 2762 2783 ἐκράτυνε,
2796 2714 2889 2765 καὶ
2911 2714 2967 2763 ἐν
2994 2712 3104 2773 τοῖς
3128 2708 3452 2777 διδαχθεῖσιν
3480 2707 3572 2758 ὑπ’
3599 2706 3685 2757 αύ-

2109 2805 2203 2857 τοῦ
2233 2805 2293 2857 τὸ
2328 2805 2425 2874 μὲν
2457 2804 2661 2874 κυρίως
2688 2803 2784 2854 καὶ
2805 2799 3019 2871 ἀληθῶς
3052 2798 3151 2867 ζῆν
3180 2798 3240 2849 τὸ
3281 2795 3544 2865 μακάριον
3586 2794 3683 2845 οὐκ

2112 2890 2250 2945 εἶναι
2279 2892 2531 2955 ἐνταῦθα,
2568 2891 2681 2944 ἀλλ’
2705 2894 2762 2943 ἐν
2796 2889 2873 2957 τῷ
2908 2887 3225 2956 καλουμένῳ
3266 2885 3408 2938 κατὰ
3439 2884 3565 2944 τοὺς
3603 2882 3685 2932 λό-

2113 3001 2242 3052 γους
2292 2982 2455 3036 αὑτοῦ
2517 2982 2761 3051 μέλλοντι
2814 2980 2987 3033 αἰῶνι·
3021 2978 3081 3031 τὸ
3123 2978 3165 3030 δ’
3214 2978 3271 3031 ἐν
3320 2976 3397 3046 τῷ
3435 2972 3685 3028 ἐνεστῶτι

2039 3038 2081 3095 C
2113 3038 2267 3127 αἰῶνι
2290 3038 2564 3141 λεγομένω
2588 3071 2662 3140 (9)
2699 3072 2797 3142 ζῆν
2830 3070 3116 3140 συμφορὰν
3143 3064 3305 3130 εἶναι,
3327 3038 3575 3137 ἢ’ἀγῶνα
3596 3062 3683 3114 τὸν

2067 3195 2072 3201 -
2107 3164 2322 3236 πρῶτον
2351 3165 2445 3217 καὶ
2475 3164 2731 3232 μέγιστον
2751 3162 2852 3231 τῆς
2886 3162 3083 3231 ψυχῆς.

2174 3257 2328 3310 Μετὰ
2376 3255 2550 3309 ταῦτα
2579 3256 2636 3308 δὲ
2678 3255 2822 3322 λέγει
2851 3253 2986 3325 πρὸς
3016 3254 3183 3323 ἡμᾶς,
3224 3252 3305 3304 ὅτι
3350 3268 3367 3301 ι
3410 3249 3483 3303 Ού
3518 3249 3683 3320 δήπου
3732 3262 3747 3273 ’

2105 3347 2302 3415 φήσετε
2336 3346 2464 3416 περί
2499 3345 2687 3407 αὑτοῦ,
2714 3346 2796 3397 ὅτι
2829 3344 2902 3415 μὴ
2933 3344 3134 3405 πείσας
3164 3344 3290 3404 τοὺς
3332 3333 3434 3392 ὧδε
3483 3339 3639 3402 ὄντας
3666 3379 3679 3401 ,

2104 3436 2378 3493 ἐστέλλετο
2412 3438 2492 3500 εἰς
2521 3436 2645 3506 ᾅδου
2676 3436 2879 3487 πείσων
2911 3435 3037 3497 τοὺς
3067 3434 3199 3485 ἐκεῖ.
3236 3452 3253 3484 ι
3289 3431 3409 3484 Κᾶν
3458 3431 3531 3499 μὴ
3564 3428 3683 3499 βού-

2112 3527 2272 3597 ληται
2300 3524 2392 3581 οὖν
2425 3528 2584 3580 τοῦτό
2617 3543 2797 3597 φαμεν
2818 3566 2833 3589 ,
2866 3528 2948 3578 ὅτι
2996 3526 3089 3578 καὶ
3130 3526 3187 3576 ἐν
3231 3522 3443 3592 σώματι
3475 3520 3551 3572 ὣν
3587 3520 3683 3572 οὐκ

2112 3619 2320 3687 ὀλίγους
2338 3620 2574 3684 ἔπεισεν,
2597 3618 2731 3672 ἀλλὰ
2752 3618 3058 3680 τοσούτους,
3084 3616 3156 3679 ὡς
3175 3615 3264 3668 διὰ
3281 3615 3341 3667 τὸ
3361 3612 3561 3684 πλῆθος
3578 3611 3681 3663 τῶν

2114 3711 2450 3781 πειθομένων
2498 3711 2945 3781 ἐπιϐουλευθῆναι
2995 3708 3175 3763 αὐτόν’
3213 3707 3306 3761 καὶ
3338 3708 3520 3777 γυμνῇ
3573 3702 3679 3774 (10)

2113 3955 2324 4008 scendit
2352 3955 2418 4006 ad
2465 3968 2559 4007 eos
2582 3952 2868 4005 extrahere
2898 3966 2991 4006 eos
3022 3960 3077 4006 et
3105 3951 3319 4006 salvare
3348 3965 3461 4006 eos.
3502 3971 3522 4003 ι
3550 3951 3679 4005 Ter-

2115 4025 2256 4084 tull.,
2284 4024 2425 4075 libro
2455 4022 2529 4074 De
2562 4023 2766 4086 anima,
2799 4036 2916 4086 cap.
2950 4022 3057 4073 53:
3099 4040 3117 4072 ι
3152 4020 3304 4083 Quod
3347 4022 3392 4073 si
3433 4021 3681 4075 Christus

2116 4094 2283 4154 Deus,
2312 4093 2437 4158 quia
2468 4101 2521 4145 et
2547 4093 2730 4154 homo,
2755 4102 2999 4143 mortuus
3023 4093 3318 4144 secundum
3343 4091 3674 4157 Scripturas,

2114 4174 2171 4216 et
2206 4162 2449 4229 sepultus
2478 4176 2635 4213 secus
2662 4162 2879 4213 easdem
2904 4177 2918 4223 ;
2950 4159 3075 4213 huic
3100 4174 3314 4226 quoque
3333 4160 3447 4229 legi
3469 4159 3679 4213 satisfe-

2116 4233 2211 4295 cit,
2254 4232 2429 4284 l'orma
2475 4231 2729 4283 humanm
2780 4230 2969 4281 mortis
3022 4230 3163 4297 apud
3195 4229 3397 4280 inferos
3431 4228 3676 4289 functus,

2116 4317 2213 4354 nec
2263 4311 2389 4352 ante
2432 4300 2675 4351 ascendit
2728 4300 2778 4350 in
2821 4299 3137 4350 sublimiora
3174 4298 3436 4351 caelorum
3464 4336 3480 4360 ,
3518 4313 3677 4366 quam

438 4364 503 4422 ad
527 4364 710 4431 ηοω..
730 4364 802 4441 8’;
829 4364 860 4418 ἴ
885 4364 940 4441 Si
966 4364 1197 4432 verm-ui.
1226 4372 1278 4441 in
1308 4364 1577 4441 mutnullis
1602 4364 2008 4440 exemplaribus
2040 4364 2084 4416 Ι)
2114 4370 2393 4441 descendit
2415 4368 2466 4419 in
2503 4367 2761 4419 inferiora
2793 4376 3091 4441 terrarum;
3124 4379 3179 4420 ut
3206 4366 3313 4441 illic
3336 4364 3678 4441 patriarchas

441 4441 691 4503 habetur,
723 4440 886 4492 etiam
916 4439 968 4491 in
1001 4455 1118 4501 eos,
1145 4440 1234 4505 qui
1266 4455 1369 4493 non
1392 4439 1997 4507 peccaveruntinsimi-

442 4507 727 4561 litudinem
760 4507 1224 4574 praevaricationis
1262 4510 1413 4572 Adaa,
1451 4527 1598 4563 mors
1629 4513 1754 4574 ista,
1809 4512 1859 4563 id
1889 4521 1993 4576 est,

440 4576 886 4649 qn:e_i_n_inlerno
913 4578 1120 4629 animas
1144 4577 1440 4639 detinebat,
1466 4594 1725 4649 regnasse
1756 4580 1993 4633 dicatur:

442 4644 797 4711 intelligimus
843 4654 898 4697 et
946 4655 1164 4707 sanctos
1209 4660 1455 4713 quosque
1504 4644 1605 4700 sub
1644 4650 1747 4701 ista
1805 4660 1995 4709 morte,

442 4714 653 4785 etiamsi
671 4729 794 4785 Anon
828 4715 1112 4781 peccandi,
1138 4723 1193 4768 at
1228 4724 1387 4785 certe
1419 4717 1677 4769 moriendi
1712 4718 1827 4785 lege
1856 4718 2001 4769 deci-

443 4781 621 4846 disse;
661 4780 937 4835 Christum
964 4798 1092 4837 vero
1134 4784 1337 4837 idcirco
1370 4785 1423 4836 in
1472 4785 1742 4838 infernum
1765 4780 2001 4839 descen-

442 4850 610 4921 disse,
641 4865 744 4901 non
792 4851 963 4921 solum
1002 4862 1062 4904 ut
1093 4853 1210 4921 ipse
1255 4868 1359 4905 non
1410 4863 1685 4907 teneretur
1717 4869 1745 4905 a
1788 4865 1995 4918 morte;

444 4920 632 4990 sedul
654 4932 748 4971 eos
773 4958 787 4980 ,
815 4921 904 4990 qui
941 4920 1096 4982 inibi,
1120 4920 1237 4975 non
1271 4931 1377 4973 tam
1415 4923 1913 4990 praevaricationis,
1944 4932 2001 4977 ut

443 4988 709 5050 diximus,
732 4989 995 5052 crimine,
1025 5004 1187 5056 quam
1223 4992 1485 5044 moriendi
1540 4993 1853 5045 conditione
1900 4988 1990 5046 ab-

442 5058 697 5130 solveret.
724 5075 761 5130 AD
824 5057 966 5130 lren.
1010 5059 1105 5111 lib.
1148 5073 1227 5122 IV,
1276 5074 1401 5127 cap.
1431 5060 1500 5113 27
1537 5078 1551 5114 :
1595 5081 1614 5112 ί
1666 5061 1732 5114 Et
1780 5073 2001 5130 propter

445 5128 548 5180 hoc
580 5127 866 5179 Dominum
904 5128 958 5179 in
995 5142 1080 5189 ea,
1110 5143 1228 5195 qua:
1264 5138 1391 5181 sunt
1430 5130 1531 5183 sub
1562 5142 1739 5193 terra,
1783 5127 2000 5185 descen-

446 5196 594 5250 disse
622 5197 1084 5266 evangelizantem
1111 5207 1163 5251 et
1202 5199 1309 5251 illis
1352 5200 1640 5253 adventum
1674 5215 1863 5265 suum;
1916 5218 2001 5254 re-

442 5267 717 5337 missione
738 5278 1083 5333 peccatorum
1120 5269 1528 5337 exsistentehis
1560 5270 1651 5337 qui
1688 5271 1915 5322 credunt
1944 5272 1996 5323 in

442 5349 589 5405 eum.
630 5354 648 5386 ι
698 5336 763 5388 Et
809 5339 900 5391 lib.
935 5354 998 5401 ν,
1035 5353 1159 5405 cap.
1187 5338 1247 5391 3i
1283 5355 1295 5390 :
1334 5355 1351 5387 ι
1393 5336 1545 5392 Nunc
1595 5346 1774 5391 autem
1828 5341 2001 5394 tribus

443 5404 635 5475 diebus
669 5418 1023 5461 conversatus
1063 5404 1176 5473 εει,
1212 5407 1300 5462 ubi
1344 5416 1500 5461 erant
1546 5409 1775 5472 mortui;
1812 5423 2003 5475 quem.

442 5473 733 5545 admodum
763 5480 1020 5545 propheta
1057 5479 1131 5532 ait
1165 5481 1230 5532 de
1273 5492 1339 5530 eo
1376 5494 1390 5531 :
1428 5473 1894 5532 Commemoratus
1916 5486 2001 5531 est

444 5539 706 5610 Dominus
754 5539 1069 5600 sanctorum
1123 5556 1457 5601 mortuorum
1513 5563 1767 5610 suorum,
1805 5562 1998 5603 eorum

445 5608 537 5676 qui
575 5621 701 5667 ante
730 5614 1065 5673 dormierunt
1118 5618 1174 5673 in
1219 5629 1360 5673 terra
1395 5619 1731 5688 sepelitionis
1754 5608 1775 5681 i,
1811 5631 1864 5675 et
1902 5618 1995 5673 de-

2101 4450 2156 4492 et
2188 4440 2481 4507 prophetas
2519 4446 2802 4507 compotes
2833 4436 2912 4487 sui
2945 4435 3182 4507 faceret;
3222 4436 3391 4507 habes
3415 4449 3471 4489 et
3503 4438 3677 4507 regio-

2100 4505 2221 4561 nem
2260 4507 2490 4559 inferum
2533 4505 2951 4557 subterraneam
2986 4506 3230 4567 credere,
3268 4516 3321 4557 et
3344 4506 3465 4558 illos
3497 4506 3679 4558 cubito

2103 4578 2328 4644 pellere,
2355 4574 2445 4642 qui
2483 4575 2621 4627 satis
2659 4576 2891 4641 superbe
2918 4589 3023 4625 non
3062 4584 3251 4641 putant
3298 4576 3513 4627 animas
3545 4574 3677 4644 (ide-

2103 4643 2232 4698 lium
2266 4644 2453 4697 inferis
2496 4644 2720 4712 dignas;
2750 4644 2893 4695 servi
2925 4658 3088 4711 super
3134 4644 3458 4705 Dominum,
3494 4652 3548 4695 et
3588 4643 3670 4694 di-

2103 4714 2301 4781 scipuli
2369 4727 2534 4779 super
2591 4713 2949 4780 magistratu,
3006 4714 3276 4780 aspernati
3344 4715 3389 4766 si
3444 4713 3586 4766 forte
3626 4714 3676 4765 iu

2108 4784 2341 4837 Abrahze
2380 4786 2502 4836 sinu
2533 4783 2918 4847 exspectandae
2964 4783 3387 4836 resurrectionis
3426 4782 3677 4835 solatium

2102 4867 2320 4919 capere.
2382 4870 2400 4901 ι
2472 4851 2585 4903 Hoc
2627 4866 2787 4903 sensu
2846 4852 3177 4905 Athanasius
3225 4852 3675 4905 obscurissimum

2104 4921 2251 4974 Petri
2300 4922 2478 4974 locum
2534 4920 2820 4988 explicuit,
2870 4920 2925 4973 in
2955 4921 3184 4987 epistola
3214 4923 3280 4973 ad
3308 4921 3539 4989 Epictet.
3572 4920 3677 4973 Co-

2105 4992 2270 5041 rinth.
2302 4992 2469 5056 episc.
2503 5002 2692 5042 contra
2732 4991 2920 5044 haeret.
2949 4990 3214 5044 Eumdem
3239 4992 3362 5043 vide
3387 4991 3465 5043 De
3502 4991 3677 5042 incar-

2104 5061 2318 5112 natione
2350 5060 2585 5123 Domini,
2619 5069 2811 5113 contra
2839 5060 3235 5126 Apollinarium
3263 5077 3278 5124 ;
3318 5061 3397 5113 De
3443 5059 3672 5113 salutari

2101 5131 2328 5181 adventu
2368 5130 2495 5187 Jesu
2536 5129 2768 5194 Christi,
2814 5140 3006 5183 contra
3047 5131 3336 5192 eumdem,
3372 5127 3672 5195 dialog._4;

2104 5199 2179 5250 De
2222 5196 2371 5251 Trin.
2419 5200 2469 5250 iu
2517 5193 2823 5265 passionem
2878 5210 2933 5251 et
2982 5215 3198 5253 crucem
3252 5199 3465 5252 Domini
3500 5193 3674 5252 ίΕίτα

2102 5267 2384 5339 ἐκϐληθεὶς
2411 5267 2653 5339 ὁῄἇθλιος
2682 5268 2790 5339 απὸ
2829 5267 2924 5339 τοῦ
2973 5268 3101 5339 ᾅδου
3128 5309 3141 5333 ,
3186 5269 3493 5339 καθήμενος
3524 5266 3675 5339 παρὰ

2099 5338 2198 5422 τας
2223 5338 2417 5400 πύλας,
2448 5337 2641 5422 θεωρεῖ
2657 5337 3025 5422 ἐξαγομένους
3059 5338 3264 5422 πάντας
3285 5337 3411 5422 τοὺς
3441 5337 3677 5420 πεπεδῃε-

2105 5408 2296 5479 μένου-ς
2318 5412 2385 5478 τῇ
2418 5406 2510 5460 τοῦ
2537 5406 2785 5479 Σωτῆρος
2813 5406 3051 5478 ἀνδρείᾳ,
3075 5410 3167 5463 καὶ
3187 5411 3310 5472 τοὺς
3334 5410 3431 5479 μέν
3447 5408 3673 5478 νεκροὺς

2101 5477 2413 5550 ἁναζῶντας
2436 5519 2459 5550 ,ί
2491 5478 2618 5550 τοὺς
2670 5477 2725 5530 δὲ
2763 5477 3139 5547 αἰχμαλώτους
3177 5477 3503 5550 ἀφιεμένους
3524 5477 3555 5543 ,⁷
3578 5480 3675 5532 καὶ

2100 5552 2226 5620 τοὺς
2284 5549 2379 5620 μὲν
2439 5546 2625 5620 ἁγίους
2682 5546 3143 5620 προαπαντῶντας
3198 5546 3323 5613 τοὺς
3385 5553 3514 5619 περί
3582 5550 3672 5601 τὸν

2114 5618 2362 5689 Ἀϐραάμ
2393 5634 2449 5669 τε
2482 5618 2965 5689 ἀνακρουομένους,
2999 5631 3106 5677 etc.
3141 5640 3159 5671 ι
3198 5621 3400 5676 Dehinc
3416 5618 3674 5674 eXturba-
