3998 6170
496 218 601 274 867

1973 213 2294 270 ORIGENIS

3642 228 3765 283 868

497 332 721 387 meliam
772 330 1091 400 nullumque
1141 328 1335 385 mortis
1387 342 1558 401 genus
1601 327 1985 393 reformidant,
2028 329 2041 381 i

2170 328 2426 398 μιουργὸν
2454 328 2755 397 εὐσέϐειαν,
2801 332 2867 385 ἵν’
2888 332 3056 404 αὐτὴν
3080 333 3345 406 εἰλικρινῆ
3376 336 3468 389 καὶ
3502 339 3764 409 καθαρὰν

499 438 627 478 cum
678 423 980 477 latronibus
1032 421 1270 475 conferri
1310 430 1577 490 possunt;
1637 419 1822 475 Jesum
1880 421 2067 488 utique

496 512 656 570 istius
684 514 946 568 doctrinae
982 522 1261 581 parentem
1287 523 1710 568 consentaneum
1746 523 1831 568 cst
1856 528 1885 566 a
1911 511 2067 568 Celso

495 620 619 659 cum
671 606 941 657 latronum
981 603 1321 671 principibus
1374 605 1702 672 comparari.
1766 604 1835 658 At
1889 621 2066 675 neque

495 695 599 749 iste
626 695 843 763 publico
876 696 1169 748 commodo
1208 695 1467 759 moriens,
1518 710 1693 764 neque
1739 696 1814 749 illi
1846 697 2065 766 pietatis

492 800 656 838 causa
723 786 1001 854 suppliciis
1050 786 1312 853 multati,
1362 788 1573 855 solique
1624 788 1770 841 inter
1816 789 2065 843 homines

489 876 687 944 quibus
714 878 782 930 ob
807 891 997 929 verum
1033 876 1127 930 Dei
1154 877 1359 931 cultum
1384 878 1598 931 insidia:
1627 887 1931 944 struantur,
1959 893 2063 932 non

489 965 686 1031 injuste
721 968 1136 1034 interimuntur,
1166 983 1341 1037 neque
1362 983 1470 1025 non
1502 969 1664 1037 impie
1688 967 1812 1024 Jesu
1840 978 2063 1024 structae

487 1068 617 1112 sunt
647 1059 882 1115 insidia.

560 1318 655 1373 45.
689 1318 850 1384 Vide,
886 1318 1134 1384 obsecro,
1162 1334 1323 1388 quam
1357 1320 1473 1375 leve
1502 1319 1573 1374 sit
1613 1321 1755 1391 quod
1800 1322 1865 1377 de
1897 1321 2063 1376 disci-

484 1412 627 1481 pulis
652 1412 745 1482 qui
775 1421 905 1464 tunc
942 1410 1159 1466 fuerunt
1188 1413 1319 1465 dicit
1352 1430 1366 1466 :
1401 1430 1419 1463 ι
1442 1412 1517 1466 Illi
1546 1415 1639 1481 qui
1671 1430 1793 1467 cum
1825 1429 1890 1468 eo
1912 1414 2060 1467 vive-

481 1505 636 1568 bant,
665 1504 757 1571 qui
782 1517 968 1556 vocem
996 1502 1114 1571 ejus
1148 1502 1463 1566 audiebant,
1513 1504 1605 1571 qui
1656 1504 1748 1557 illo
1802 1505 2059 1573 magistro

482 1596 799 1658 utebantur,
825 1609 947 1648 cum
980 1593 1127 1646 illum
1187 1593 1470 1661 suppliciis
1518 1595 1891 1648 excruciatum
1943 1612 2057 1650 mo-

2165 419 2561 487 διαφυλάξωσιν
2600 421 2745 474 κατά
2769 421 2867 493 τὴν
2889 423 2983 476 τοῦ
3028 425 3205 494 Ἰησοῦ
3238 426 3614 490 διδασκαλίαν,
3645 433 3763 483 πᾶ-

2169 525 2267 561 σαν
2290 510 2470 562 αἰκίαν
2502 511 2596 563 καὶ
2627 511 2834 575 πάντας
2855 512 3119 577 θανάτους
3137 515 3537 587 ἀναδεχόμενοι·
3564 519 3756 587 δῆλον,

2165 599 2247 651 ὅτι
2285 601 2378 653 καὶ
2404 603 2432 652 ό
2466 601 2690 671 Ἰησοῦς,
2717 602 2745 653 ὁ
2772 604 2954 674 πατὴρ
2974 605 3075 673 τῆς
3103 607 3357 676 τοιαύτης
3374 608 3755 674 διδασκαλίας,

2165 691 2400 758 εὐλόγως
2422 692 2527 744 ὑπὸ
2554 692 2648 745 τοῦ
2694 693 2902 747 Κέλσου
2935 695 3270 768 λῃστάρχαις
3315 701 3750 771 παραϐάλλεται.

2177 782 2314 834 Ἀλλ’
2349 781 2458 835 οὔτ’
2487 786 2711 848 ἐκεῖνος,
2743 786 2883 838 κατά
2912 787 2972 839 τὸ
2996 791 3310 843 κοινωνικὸν
3341 792 3705 864 ἀποθνήσκων
3731 835 3747 857 ,

2164 872 2277 926 οὔθ’
2308 867 2473 938 οὗτοι,
2494 876 2561 927 δι’
2593 877 2871 931 εὐσέϐειαν
2902 880 3200 950 πάσχοντες
3227 882 3398 934 ταῦτα
3419 922 3433 943 ,
3471 886 3564 936 καὶ
3592 886 3751 953 μόνοι

2164 967 2381 1019 πάντων
2410 966 2710 1037 ἀνθρώπων
2755 970 2843 1023 διὰ
2872 971 2967 1042 τὴν
2998 976 3256 1040 φανεῖσαν
3286 975 3468 1038 αὐτοῖς
3494 976 3614 1028 ὁδὸν
3642 977 3747 1046 τῆς

2164 1056 2245 1118 εἰς
2298 1055 2359 1107 τὸ
2399 1055 2551 1110 Θεῖον
2605 1059 2772 1129 τιμῆς
2823 1062 3335 1133 ἐπιϐουλευόμενοι,
3390 1067 3491 1118 οὐκ
3540 1068 3747 1131 ἀδίκως

2163 1146 2551 1216 ἀναιροῦνται,
2609 1147 2724 1201 οὗθ’
2782 1153 2811 1204 ὁ
2854 1151 3060 1221 Ἰησοῦς
3099 1154 3199 1206 οὐκ
3256 1154 3466 1218 ἀσεϐῶς
3515 1155 3746 1209 ἐπεϐου-

2160 1237 2347 1308 λεύθη.

2229 1332 2474 1403 Πρόσχες
2499 1333 2555 1386 δὲ
2592 1335 2686 1387 καὶ
2734 1334 2812 1405 τῷ
2856 1335 3156 1405 ἐπιπολαίῳ
3191 1336 3285 1389 τοῦ
3318 1336 3446 1408 περὶ
3478 1337 3585 1389 τῶν
3616 1338 3739 1390 τότε

2162 1419 2421 1490 μαθητῶν
2466 1423 2641 1493 Ἰησοῦ
2679 1424 2837 1492 λόγου
2869 1425 2978 1495 (15)
3028 1427 3085 1477 ἐν
3132 1419 3177 1492 ᾧ
3219 1443 3400 1495 φησιν·
3451 1447 3468 1477 ι
3512 1423 3645 1479 Εἶτα
3687 1429 3738 1480 οἱ

2161 1513 2258 1581 μὲν
2316 1514 2437 1566 τότε
2494 1513 2656 1576 ζῶντι
2706 1514 2854 1584 αὐτῷ
2911 1515 3192 1578 συνόντες,
3235 1517 3330 1568 καὶ⁸
3387 1515 3486 1585 τῆς
3552 1517 3739 1587 φωνῆς

2158 1601 2518 1666 ἐπακούοντες
2560 1603 2725 1657 αὑτοῦ
2751 1645 2765 1668 ,
2808 1606 2902 1657 καὶ
2949 1605 3254 1674 διδασκάλῳ
3284 1604 3589 1675 χρώμενοι,
3641 1623 3734 1658 κο-

482 1689 827 1755 rientemque
879 1686 1209 1756 aspicerent,
1261 1700 1361 1741 nec
1402 1701 1523 1740 cum
1568 1686 1661 1740 illo
1696 1696 1792 1741 aut
1838 1703 1935 1757 pro
1961 1688 2043 1743 illc

2159 1690 2451 1762 λαζόμενον
2507 1695 2600 1747 καὶ
2653 1694 3064 1765 ἀποθνήσκοντα
3114 1695 3369 1766 ὁρῶντες,
3425 1696 3549 1749 οῦτε
3611 1713 3735 1749 συν-

482 1788 715 1833 mortem
742 1780 1055 1833 occubuere
1080 1817 1094 1841 ,
1126 1786 1219 1831 aut
1256 1778 1520 1846 supplicia
1565 1790 2052 1849 contempserunt;

482 1872 592 1924 imo
616 1886 675 1925 se
701 1870 997 1939 discipulos
1022 1870 1137 1939 ejus
1167 1884 1289 1924 esse
1320 1878 1683 1940 negaverunt;
1722 1881 1777 1925 et
1805 1887 1901 1926 vos
1930 1889 2055 1927 cum

480 1963 574 2017 illo
599 1962 1022 2017 eommorimini.
1073 1981 1090 2012 ι
1124 1962 1223 2016 llic
1248 1962 1439 2017 iterum
1476 1962 1686 2026 Celsus,
1719 1973 1779 2016 ut
1810 1976 2051 2018 nostram

478 2056 799 2109 criminetur
815 2055 1141 2116 doctrinam,
1162 2063 1439 2120 peccatum
1460 2055 1603 2121 quod
1620 2054 1846 2124 apostoli
1866 2070 2053 2109 recens

476 2144 638 2214 42],
685 2145 884 2198 initiati
917 2153 970 2198 et
995 2144 1171 2198 adhuc
1218 2144 1601 2200 imbecilliores
1636 2149 2050 2213 commiserunt,

475 2253 543 2290 ex
578 2235 885 2305 Evangeliis
913 2235 1108 2302 arripit
1141 2234 1425 2300 creditque
1454 2250 1639 2289 verum
1675 2256 1687 2291 :
1721 2248 1915 2307 atquae
1947 2238 2052 2294 illis

475 2340 598 2395 post
629 2336 908 2396 peccatum
954 2338 1106 2379 recte
1133 2335 1285 2393 gesta
1327 2327 1454 2390 sint,
1508 2342 1611 2396 qua
1664 2328 1911 2383 libertate
1954 2329 2051 2383 Ju-

473 2424 619 2475 daeos
653 2420 905 2483 adierint,
934 2433 1054 2487 quae
1080 2419 1211 2485 ipsis
1256 2420 1516 2488 supplicia
1543 2420 1612 2474 ab
1665 2419 1866 2477 Judmis
1898 2422 2049 2476 illata

472 2513 697 2577 fuerint,
729 2527 833 2581 qua
859 2511 1166 2566 constantia
1202 2520 1431 2564 mortem
1466 2528 1561 2577 pro
1613 2512 1740 2567 Jesu
1797 2514 2046 2568 doctrina

469 2604 822 2674 appetierint,
887 2605 1001 2659 haec
1048 2606 1231 2659 omnia
1281 2608 1393 2658 alto
1451 2605 1669 2659 silentio
1714 2606 2043 2665 dissimulat.

468 2696 656 2767 Neque
680 2698 823 2752 enim
858 2695 1040 2751 Jesum
1086 2697 1273 2751 audire
1302 2697 1474 2751 voluit
1522 2696 1681 2752 Petro
1740 2699 2046 2766 prasdicen-

470 2807 633 2850 tem:
686 2814 706 2847 ι
766 2796 900 2850 Cum
960 2803 1140 2849 autem
1206 2794 1488 2858 senueris,
1539 2794 1800 2848 extendes
1851 2809 2045 2849 manus

471 2898 593 2942 tuas
623 2888 691 2953 ",
719 2896 854 2950 etc.,
881 2905 899 2937 ι
927 2887 1122 2954 quibus
1146 2883 1420 2953 Scriptura
1451 2884 1670 2952 subjici:
1698 2902 1711 2936 :
1750 2902 1768 2935 ι
1806 2882 1922 2938 Hoc
1943 2900 2043 2937 au-

2158 1782 2465 1847 απέθανον,
2531 1784 2656 1837 οὕτε
2714 1786 3130 1856 ὑπεραπέθανον
3178 1788 3376 1853 αὐτοῦ,
3420 1788 3539 1841 οὐδὲ
3574 1788 3735 1841 κολά-

2159 1888 2294 1925 σεων
2325 1879 2682 1945 καταφρονεῖν
2719 1878 3066 1947 ἐπείσθησαν⁸
3106 1877 3240 1930 ἀλλά
3286 1879 3379 1931 καλ⁵
3426 1881 3735 1950 ἠρνήσαντο

2155 1957 2293 2017 εἶναι
2330 1966 2587 2036 μαθηταί⁸
2621 1967 2715 2020 νῦν
2744 1968 2799 2020 δὲ
2833 1970 2990 2039 ὑμεῖς
3021 1969 3170 2039 αὐτῷ
3200 1970 3724 2041 συναποθνήσκετε.»

2154 2057 2266 2109 Καὶ
2297 2057 2353 2107 ἐν
2378 2056 2588 2118 τούτοις
2608 2056 2665 2109 δὲ
2706 2057 2766 2109 rb
2797 2060 2893 2128 μὲν
2946 2058 3025 2111 ἔτι
3064 2058 3438 2130 εἰσαγομένοις
3475 2063 3585 2123 τοῖς
3629 2079 3731 2131 μα-

2155 2146 2342 2217 θηταῖς
2388 2146 2484 2199 καὶ
2524 2147 2893 2217 ἀτελεστέροις
2937 2146 3088 2202 οὖσιν
3136 2151 3451 2221 ἁμαρτηθὲν
3497 2152 3592 2203 καὶ
3638 2170 3736 2219 γε-

2152 2240 2464 2310 γραμμένον
2502 2241 2559 2292 ὲν
2601 2244 2711 2304 τοῖς
2744 2243 3095 2310 Εὑαγγελίοις
3129 2244 3372 2296 πιστεύει
3422 2246 3726 2313 γεγονέναι,

2154 2330 2219 2384 ἵν’
2258 2330 2460 2401 ἐγκαλῇ
2493 2329 2758 2402 τῷλόγῳ·
2801 2332 2860 2384 τὸ
2904 2332 2961 2385 δὲ
2999 2333 3135 2403 μετά
3177 2333 3274 2405 τὴν
3314 2335 3589 2405 ἁμαρτίαν
3628 2337 3727 2387 αύ-

2150 2422 2261 2483 τοῖς
2305 2421 2665 2493 κατορθωθὲν,
2715 2424 3250 2493 παρρησιασαμένοις
3295 2425 3408 2494 (14)
3459 2426 3551 2477 ἐπὶ
3599 2428 3728 2478 Ἰου-

2148 2511 2331 2575 δαίων,
2363 2514 2459 2565 καὶ
2493 2513 2662 2584 μυρία
2706 2515 2806 2566 ὅσα
2850 2514 3172 2567 πεπονθόσιν
3222 2517 3311 2567 ὑπ’
3351 2517 3591 2580 ἐκείνων,
3633 2518 3727 2570 καὶ

2149 2604 2209 2657 rb
2242 2605 2543 2659 τελευταῖον
2572 2605 2932 2659 ἀποθανοῦσιν
2963 2607 3100 2679 ὑπὲρ
3132 2607 3231 2675 τῆς
3266 2608 3440 2678 Ἰησοῦ
3474 2608 3725 2662 διδασκα-

2148 2696 2289 2760 λίας,
2315 2700 2668 2769 παρασιωπᾷ.
2687 2697 2824 2751 Οὔτε
2849 2698 2957 2770 γὰρ
3004 2699 3178 2769 Ἰησοῦ
3203 2699 3465 2770 ἐϐουλήθη
3496 2699 3723 2754 ἀκοῦσαι

2148 2789 2502 2862 προλέγοντος
2542 2790 2619 2860 τῷ
2665 2790 2875 2860 Πέτραν
2925 2808 2942 2839 ι
2993 2790 3156 2842 Ὅταν
3214 2790 3269 2842 δὲ
3318 2791 3587 2864 γηράσῃς,
3631 2793 3724 2844 ἐκ·

2147 2882 2320 2943 τενεῖς
2347 2880 2445 2943 τὰς
2474 2881 2660 2951 χεῖράς
2702 2898 2817 2945 σου,
2870 2899 2888 2931 ι
2931 2882 3024 2935 καὶ
3048 2881 3117 2934 τὰ
3150 2881 3296 2951 ἑξῆς
3329 2876 3373 2949 ᾧ
3404 2884 3655 2953 ἐπιφέρει
3685 2886 3719 2953 ή

473 2988 583 3030 tem
637 2976 797 3039 dixit,
868 2976 1185 3043 significans
1240 2988 1345 3042 qua
1414 2982 1588 3025 morte
1641 2972 2043 3028 clariﬁcaturus

2151 2969 2358 3040 Γραφή’
2384 2988 2402 3019 ι
2428 2968 2596 3021 Τοῦτο
2625 2969 2668 3021 δ’
2697 2965 2839 3032 εἷπε,
2869 2969 3144 3040 σημαίνων
3165 2969 3302 3038 ποίῳ
3336 2968 3550 3039 θανάτῳ
3570 2967 3724 3032 δοξά-

468 3077 615 3122 esset
664 3067 855 3120 Deum.
894 3083 913 3116 ι
944 3064 1050 3118 Pro
1087 3064 1253 3118 nihilo
1310 3079 1526 3133 quoque
1579 3066 1742 3120 habet
1776 3064 2040 3121 Jacobum

466 3161 694 3213 fratrem
723 3156 969 3218 Joannis,
998 3155 1330 3223 aposmlum,
1366 3155 1594 3223 apostoli
1644 3156 1897 3222 fratrem,
1927 3159 2043 3226 gla-

468 3251 559 3305 dio
586 3264 783 3302 caesum
816 3249 883 3300 ab
928 3245 1145 3300 Herode
1187 3244 1353 3300 fuisse
1394 3256 1616 3315 propter
1652 3244 1781 3300 Jesu
1833 3248 2040 3302 doctri-

466 3357 591 3396 nam
615 3341 661 3373 ⁷⁰
694 3358 706 3394 :
735 3354 832 3393 nec
859 3339 1030 3408 pluris
1074 3338 1205 3391 facit
1261 3352 1381 3406 qua:
1425 3346 1643 3407 propter
1671 3338 1916 3393 eamdem
1944 3339 2043 3395 Pe-

464 3444 584 3489 trus
624 3442 678 3486 et
708 3432 900 3500 reliqui
927 3428 1154 3499 apostoli
1190 3445 1399 3483 summa
1451 3430 1645 3484 fiducia
1683 3430 1932 3499 fecerint,
1979 3442 2041 3487 ut

460 3543 608 3590 cum,
656 3537 939 3594 postquam
995 3523 1223 3591 ﬂagellis
1273 3524 1399 3577 caesi
1452 3522 1692 3587 fuerant,
1743 3542 1761 3575 ι
1802 3525 2037 3579 ierunta

461 3628 759 3689 conspectu
788 3617 1007 3672 concilii
1044 3617 1339 3685 gaudentes
1362 3617 1506 3684 quod
1536 3617 1682 3686 digni
1708 3618 1879 3671 habiti
1907 3617 2039 3673 fuis—

461 3723 584 3765 sent
608 3726 705 3779 pro
737 3711 883 3763 illius
913 3710 1134 3763 nomine
1169 3709 1557 3763 contumeliam
1584 3711 1693 3777 pati
1720 3711 1786 3775 '“,
1836 3729 1855 3762 ι
1899 3712 2039 3764 mul-

448 3792 622 3868 taque
646 3801 803 3869 longe
835 3803 1040 3868 majora
1075 3798 1379 3852 tolerantiae
1411 3809 1466 3853 et
1495 3798 1832 3854 fortitudinis
1878 3814 2037 3870 argu-

463 3901 641 3945 menta
675 3892 960 3953 dederunt,
990 3907 1152 3959 quam
1183 3891 1256 3943 illi
1287 3907 1318 3945 e
1345 3890 1572 3955 Graecis,
1606 3892 1697 3959 qui
1737 3890 1821 3943 his
1869 3891 2036 3943 virtu-

464 3981 605 4033 tibus
629 3979 1018 4033 excelluerunt.
1056 3979 1193 4034 llinc
1231 3966 1369 4048 apud
1426 3979 1553 4034 Jesn
1611 3981 1886 4034 auditores
1931 3981 2035 4036 hoc

461 4071 607 4125 illius
648 4078 979 4140 praeceptum
1040 4071 1107 4125 ab
1157 4070 1313 4124 initio
1368 4071 1615 4135 invaluit,
1668 4072 2032 4140 spernendam

460 4163 604 4217 hanc
656 4178 781 4219 esse
830 4164 994 4217 vitam
1056 4178 1217 4233 quam
1273 4164 1521 4233 plerique
1595 4165 1814 4229 ardent;
1885 4168 2031 4233 aspi-

458 4252 687 4307 randum
752 4254 820 4307 ad
878 4253 1053 4307 solam
1106 4253 1288 4318 illam,
1342 4269 1462 4323 quae
1523 4254 1617 4309 Dei
1670 4254 1797 4309 vita:
1840 4256 2032 4310 similis

454 4354 562 4399 est.

521 4438 612 4491 46.
640 4436 828 4491 Nonne
851 4436 1015 4490 etiam
1049 4438 1308 4490 mentitur
1347 4437 1487 4506 apud
1533 4437 1746 4493 Celsum
1789 4438 2024 4503 Judwus.

453 4542 575 4581 eum
605 4528 680 4580 ait
734 4546 751 4577 ι
792 4526 993 4589 .Iesum,
1052 4527 1175 4580 dum
1223 4542 1464 4594 praesens
1520 4531 1753 4597 adesset,
1812 4531 2024 4587 nonnisi

454 4620 640 4671 decem
679 4620 874 4671 nautas
913 4618 1336 4687 publicanosque
1375 4620 1829 4676 sceleratissimus
1881 4626 2026 4679 asci-

453 4710 595 4762 visse
629 4709 752 4773 sibi,
790 4724 853 4761 ac
884 4725 951 4763 ne
982 4726 1170 4764 omnes
1202 4711 1323 4764 illos
1345 4712 1607 4777 quidem?
1653 4733 1673 4766 ι
1719 4713 1906 4768 Palam
1945 4726 2029 4771 est

452 4800 597 4854 enim
632 4800 712 4853 vel
743 4798 958 4855 Iudaeos
1020 4801 1167 4869 ipsos
1214 4802 1461 4857 fassuros
1511 4818 1655 4870 esse,
1719 4805 1865 4858 illum
1919 4824 2023 4862 non

453 4891 641 4945 decem
673 4893 854 4956 modo,
873 4909 978 4946 non
996 4906 1235 4958 centum,
1257 4910 1364 4950 non
1387 4894 1552 4961 mille,
1576 4896 1666 4949 sed
1688 4897 1846 4951 modo
1872 4899 2029 4967 quin-

450 4998 578 5050 que,
620 4984 778 5038 modo
826 4993 1058 5054 quatuor
1102 4986 1297 5050 millia,
1354 4994 1431 5039 tot
1464 4987 1698 5055 denique
1747 4987 1848 5042 sibi
1898 5004 2028 5043 con-

529 5117 574 5149 ⁶⁹
606 5115 768 5173 Joan.
801 5121 1037 5187 xxr,18,
1076 5122 1163 5177 l9.

521 5255 635 5330 (l5)
658 5257 1000 5330 ᾼΛότουλιιι
1040 5259 1207 5314 codex
1243 5257 1468 5330 Regius.
1518 5261 1668 5315 Libri
1699 5271 1881 5317 autem
1914 5278 2015 5317 ex-

447 5331 586 5391 cusi,
612 5326 774 5396 λόγῳ,
811 5329 962 5383 male.

520 5396 633 5469 (14)
676 5399 830 5452 leb.
870 5399 1001 5452 editi
1046 5398 1115 5452 ad
1168 5400 1487 5469 marginem,
1528 5402 2020 5472 πεπαῤῥησιασμέ-

445 5483 633 5604 νοιδεὶ)
658 5536 819 5589 Iidem
852 5548 979 5605 post
1014 5539 1259 5604 ἅπαντας
1314 5541 1515 5595 addunt
1541 5551 1594 5597 et
1621 5540 1891 5595 uncinulis
1929 5543 2012 5596 in-

450 5605 674 5659 cludunt
725 5607 846 5658 ἐπεί
889 5624 979 5674 τε,
1036 5626 1173 5680 quos
1214 5627 1311 5667 nos
1345 5629 1374 5667 e
1422 5622 1567 5675 textu
1617 5612 2004 5682 expunximus,

2148 3078 2230 3113 σει
2258 3060 2348 3113 τὸν
2377 3060 2529 3112 Θεόν’
2572 3080 2590 3111 ι
2615 3060 2726 3113 οὗθ’
2749 3062 2831 3113 ὅτι
2856 3061 3109 3125 Ἰάκωϐος
3138 3064 3165 3114 ὁ
3191 3061 3416 3130 ἀδελφὸς
3450 3063 3717 3125 Ἰωάννου,

2145 3151 2252 3204 ἀπό
2259 3150 2437 3213 στολός
2447 3151 2741 3205 ἀποστόλου
2756 3152 2998 3220 ἀδελφὸς,
3012 3152 3247 3225 ἀνῃρέθη
3261 3153 3365 3205 ὑπὸ
3374 3151 3466 3205 τοῦ
3484 3152 3722 3223 Ἡρώδου

2142 3242 2233 3295 διὰ
2262 3242 2354 3294 τὸν
2389 3242 2542 3311 λόγον
2567 3242 2800 3313 Χριστοῦ
2827 3244 3085 3314 μαχαίρᾳ·
3112 3244 3223 3295 ἀλλ’
3250 3244 3357 3296 οὐδ’
3386 3246 3485 3296 ὅσα
3508 3246 3723 3315 παρρη-

2150 3335 2461 3404 σιαζόμενοι
2495 3334 2588 3387 ἐπὶ
2632 3333 2709 3404 τῷ
2753 3334 2894 3404 λόγῳ
2928 3336 3288 3404 πεποιήκασιν
3326 3337 3353 3387 ὁ
3383 3335 3590 3404 Πέτρος
3628 3334 3720 3387 καὶ

2142 3427 2190 3478 οἱ
2231 3425 2407 3478 λοιποὶ
2447 3425 2757 3487 ἀπόστολοι,
2803 3426 2897 3477 καὶ
2931 3425 3006 3488 ὡς
3059 3445 3076 3474 ι
3131 3426 3238 3478 ἀπὸ
3286 3426 3576 3496 προσώπου
3625 3424 3716 3476 τοῦ

2144 3516 2416 3586 συνεδρίου
2455 3517 2677 3587 ἐξῆλθον
2719 3538 2735 3567 ι
2774 3516 2911 3586 μετά
2954 3517 3015 3569 rb
3056 3519 3500 3588 μαστιγωθῆναι,
3542 3539 3559 3569 ι
3603 3520 3720 3588 χαί-

2142 3624 2346 3677 ροντες,
2381 3609 2461 3660 ὅτι
2498 3607 2911 3678 κατηξιώθησαν
2953 3609 3092 3679 ὑπὲρ
3132 3608 3225 3661 τοῦ
3256 3610 3517 3679 ὀνόματος
3555 3609 3716 3661 αὑτοῦ

2139 3698 2529 3770 ἀτιμασθῆναι,
2587 3720 2604 3751 ι
2655 3701 2748 3753 καὶ
2790 3702 3178 3773 ύπεραίροντες
3225 3701 3395 3754 πολλὰ
3434 3703 3541 3755 τῶν
3588 3704 3715 3773 παρ’

2142 3792 2393 3863 Ἕλλησιν
2429 3793 2821 3863 ἱστορουμένων
2862 3795 2953 3845 ἐπὶ
2987 3796 3051 3864 τῇ
3100 3794 3363 3865 καρτερίᾳ
3400 3794 3494 3846 καὶ
3523 3794 3713 3864 ἀνδρίᾳ

2136 3883 2245 3936 τῶν
2275 3883 2771 3954 φιλοσοφησάντων.
2830 3884 3090 3956 Ἀρχῆθεν
3139 3883 3230 3937 οὖν
3274 3885 3504 3954 μάλιστα
3558 3884 3713 3936 τοῦτο

2137 3973 2230 4026 τοῦ
2274 3974 2448 4044 Ἰησοῦ
2487 3973 2715 4047 μάθημα
2752 3975 3079 4049 ἐκρατύνετο
3115 3976 3265 4046 παρά
3294 3980 3405 4039 τοῖς
3430 3977 3710 4030 ἀκούουσιν

2136 4063 2321 4128 αὑτοῦ,
2352 4066 2599 4119 διδάσκον
2632 4068 3085 4139 καταφρονεῖσθαι
3122 4070 3218 4138 μὲν
3242 4069 3303 4121 rb
3326 4070 3431 4122 ὑπὸ
3451 4070 3556 4122 τῶν
3586 4069 3714 4121 πολ-

2134 4158 2243 4211 λῶν
2275 4158 2671 4231 περιεπόμενον
2715 4157 2835 4228 ζῆν,
2896 4159 3288 4224 σπουδάζεσθαι
3332 4160 3389 4213 δὲ
3429 4161 3490 4213 τὸ
3535 4178 3710 4231 παρα-

2136 4252 2364 4323 πλήσιον
2396 4252 2474 4322 τῷ
2507 4252 2610 4323 ζῆν
2637 4252 2730 4306 τοῦ
2763 4253 2898 4306 Θεοῦ
2924 4253 3044 4323 ζῆν.

2204 4434 2329 4496 Πῶς
2372 4434 2415 4486 δ’
2454 4433 2514 4485 ού
2577 4432 2831 4502 ψεύδεται
2894 4435 2923 4487 ό
2965 4435 3136 4503 λέγων
3176 4434 3325 4504 παρά
3370 4434 3448 4504 τῷ
3514 4435 3709 4505 Κέλσῳ

2147 4528 2421 4588 Ἰουδαῖος,
2452 4528 2532 4578 ὅτι
2567 4544 2585 4575 ι
2621 4524 2817 4597 Παρὼν
2849 4526 2980 4579 δέκα
3000 4526 3198 4589 ναύτας
3215 4527 3305 4579 καὶ
3332 4526 3565 4589 τελώνας
3584 4528 3708 4589 τοὺς

2135 4616 2528 4682 ἐξωλεστάτους
2566 4615 2759 4686 μόνους
2792 4611 2937 4679 εἷλε,
2982 4618 3074 4671 καὶ
3106 4618 3225 4670 οὐδὲ
3266 4618 3485 4681 τούτους
3533 4618 3707 4671 ᾶπαν-

2130 4727 2228 4772 τας
2271 4708 2416 4778 (15);
2474 4727 2491 4759 ι
2540 4708 2714 4775 Σαιρές
2755 4708 2864 4780 γὰρ
2904 4709 2984 4761 ὃτι
3028 4709 3121 4761 καὶ
3163 4708 3401 4761 Ἰουδαῖοι
3441 4708 3705 4778 ὁμολογή-

2132 4820 2279 4858 σαιεν
2319 4805 2405 4867 ἂν,
2431 4805 2512 4857 ὃτι
2538 4805 2597 4859 ού
2616 4804 2746 4857 δέκα
2778 4803 2971 4873 μόνους
2998 4797 3158 4866 εἷλεν,
3185 4802 3304 4854 οὐδὲ
3339 4802 3550 4864 ἑκατὸν,
3585 4801 3703 4854 οὐδὲ

2132 4897 2356 4966 χιλίους,
2392 4896 2504 4948 ἀλλ’
2534 4895 2744 4967 ἀθρόως
2771 4895 2860 4947 ὁτὲ
2896 4895 2993 4963 μὲν
3025 4894 3185 4946 πέντε
3222 4893 3480 4964 χιλιάδας,
3520 4894 3607 4945 ὁτὲ
3648 4892 3704 4945 δὲ

2132 4990 2398 5060 τέσσαρας
2427 4987 2557 5059 (16)·
2593 4988 2689 5041 καὶ
2734 4986 2827 5040 ἐπὶ
2860 4984 3109 5038 τοσοῦτόν
3142 5002 3205 5053 γε
3241 4978 3403 5047 εἷλεν,
3441 4983 3580 5037 ὥστε
3612 4984 3703 5036 καὶ

1240 5124 1286 5155 το
1309 5123 1430 5178 Act.
1458 5139 1556 5190 xu,
1587 5124 1656 5188 2;
1694 5140 1817 5189 xm,
1841 5124 1933 5182 46.
1998 5127 2043 5156 τί
2067 5128 2186 5182 Act.
2218 5129 2376 5194 v,4l.

2120 5267 2243 5335 quia
2276 5267 2329 5320 in
2356 5283 2485 5323 mss.
2525 5284 2631 5323 non
2676 5267 2951 5338 reperitur
2977 5275 3029 5323 et
3056 5268 3175 5324 sine
3199 5268 3484 5338 dispendio
3508 5268 3698 5323 abesse

2121 5348 2316 5406 potest.

2200 5407 2310 5478 (lb')
2355 5408 2679 5477 Τέσσαρας.
2715 5409 2806 5463 Sic
2835 5425 3023 5464 omnes
3057 5424 3185 5466 mss.
3230 5410 3456 5474 rectius,
3482 5410 3693 5480 opinor,

2126 5480 2442 5552 quamlibb.
2473 5484 2598 5532 (.‘tllli
2627 5486 2677 5532 in
2715 5483 2914 5552 quibus
2948 5482 3173 5550 legitur,
3230 5481 3498 5551 τέσσαρας
3525 5481 3697 5552 χιλιά-

2125 5547 2239 5611 δας.
2276 5548 2457 5618 Neque
2488 5553 2630 5604 enim
2654 5550 2900 5621 χιλιάδας
2928 5547 3021 5605 his
3044 5552 3167 5621 poni
3203 5547 3480 5608 convenit.
