3998 6170
286 268 420 325 369
1523 266 1803 322 comm
1839 262 2121 325 CELSUM
2158 268 2285 324 LIB.
2321 268 2384 323 η.
3459 280 3564 338 s70

291 386 392 446 εἰς
424 384 531 447 τὰς
562 383 799 455 ἐρημίας
821 382 969 453 αὑτῷ
999 381 1329 449 ἀκολουθεῖν,
1376 381 1475 444 τὰς
1514 382 1672 451 μόνον
1695 379 1870 453 χωρού

2005 382 2222 439 ciliassc
2253 384 2519 451 homines,
2564 392 2622 439 ut
2649 384 2801 439 illum
2854 383 2907 439 in
2956 387 3190 453 deserta,
3238 387 3352 444 sola
3401 399 3565 448 tantae

293 490 422 536 σας
455 475 650 546 ἀθρόον
676 492 728 526 τι
757 474 957 544 πλῆθος
1000 473 1108 526 τῶν
1145 472 1503 526 πιστευόντων
1537 472 1615 542 τῷ
1655 472 1773 542 Θεῷ
1813 472 1876 525 διι

2005 472 2115 527 Deo
2149 488 2245 542 per
2269 472 2451 529 Jesum
2489 476 2826 529 credentium
2868 476 3198 533 multitudini
3225 482 3565 538 continenda:

290 564 410 617 τοῦ
473 564 668 635 Ἰησοῦ·
702 566 759 617 ἐν
807 559 897 627 αἷς
936 565 997 616 οὐ
1037 564 1194 634 μόνον
1223 563 1431 631 λόγους,
1466 562 1601 615 ἀλλά
1637 562 1732 615 καὶ
1763 562 1876 633 έργι

2004 561 2176 631 paria,
2229 572 2613 632 sequerentur,
2662 565 2751 618 ubi
2801 580 2904 619 non
2939 567 3120 621 verbis
3163 569 3355 637 solum,
3388 569 3483 625 sed
3509 582 3565 626 et

294 652 512 716 αὐτοῖς
539 654 907 707 ἐπεδείκνυτο.
962 654 1281 721 Ἀναγκάζει
1308 653 1351 704 δ’
1380 653 1529 723 ἡμᾶς
1566 650 1876 719 ταυτολογῶ

2001 651 2257 720 operibus
2288 667 2385 707 eos
2414 654 2662 709 docebat.
2694 654 2870 723 A-tque
2895 659 3082 711 eadem
3126 670 3388 728 perpetuo
3410 676 3565 716 reco-

288 730 367 782 τὸ
407 733 797 803 παραπλήσιον
825 733 973 804 αὐτῷ
999 738 1187 787 ποιεῖν·
1213 736 1331 787 ἐπεὶ
1352 734 1731 804 φυλασσόμεθα
1760 738 1876 790 ὑπο-

2000 752 2172 807 quens
2194 740 2305 804 ille,
2332 757 2432 796 nos
2482 744 2620 796 idem
2655 744 2833 799 facere
2876 747 3045 814 cogit.
3093 746 3359 804 Cavemus
3414 752 3561 805 enim

290 819 697 889 λαμϐάνεσθαι
739 823 1082 893 ὑπερϐαίνειν
1112 823 1232 877 τινὰ
1261 823 1369 877 τῶν
1403 826 1528 895 παρ’
1556 826 1702 896 αὐτῷ
1736 825 1876 895 λεγο-

2001 844 2069 884 ne
2094 829 2252 882 ullam
2278 845 2345 883 ex
2375 831 2518 886 illius
2548 834 3019 891 criminationibus
3054 839 3337 905 praeterire
3395 840 3562 895 silen-

299 908 509 975 μένων
556 911 932 981 ἐγκλημάτων.
976 914 1085 966 Καὶ
1124 915 1182 966 ἐν
1223 912 1301 981 τῷ
1334 914 1676 984 προκειμένῳ
1714 916 1876 970 τοίνυι

2000 916 2074 972 tio
2096 918 2395 971 videamur.
2430 919 2555 975 Haec
2584 921 2750 987 igitur
2771 925 2911 990 apud
2943 925 3094 977 illum
3140 928 3329 980 ordine
3378 929 3564 997 sequi-

2001 1016 2089 1061 tur
2135 1025 2150 1062 :
2194 1024 2213 1058 ι
2269 1006 2351 1073 Si,
2384 1008 2510 1063 dum
2552 1010 2782 1076 viveret,
2838 1015 3041 1067 nemini
3100 1018 3390 1083 persuasit,
3442 1030 3564 1087 post

1997 1107 2225 1153 mortem
2258 1110 2438 1155 autem
2471 1100 2588 1170 ejus
2614 1103 2923 1172 quicunque
2953 1106 3162 1172 volunt,
3218 1118 3325 1162 tam
3374 1111 3562 1166 multis

1996 1189 2345 1257 persuadent,
2374 1205 2553 1245 nonne
2577 1206 2662 1246 res
2688 1204 2771 1247 est
2803 1209 3063 1264 perquam
3085 1198 3356 1253 absurda?
3383 1219 3402 1252 ι
3424 1202 3558 1256 Cum

1998 1278 2181 1352 dicere
2214 1280 2509 1346 debuisset,
2538 1282 2582 1335 si
2612 1283 2828 1351 quidem
2859 1296 3221 1342 consentanea
3269 1290 3416 1357 loqui
3449 1291 3560 1344 vel-

1995 1368 2070 1422 let
2095 1386 2109 1422 :
2130 1370 2196 1435 si,
2225 1385 2291 1425 eo
2310 1382 2548 1439 mortuo,
2573 1388 2680 1427 non
2722 1375 2814 1444 qui
2872 1378 3191 1446 simpliciter
3218 1380 3419 1447 volunt,
3463 1381 3557 1438 sed

1996 1461 2086 1528 qui
2116 1462 2301 1517 volunt
2330 1472 2383 1517 et
2403 1475 2649 1533 possunt,
2684 1476 2765 1521 tot
2788 1475 3155 1537 persuadent;
3185 1483 3386 1542 quanto
3434 1475 3556 1545 plu-

1996 1567 2083 1606 res
2114 1551 2251 1619 ejus,
2312 1555 2440 1609 dum
2493 1558 2720 1623 viveret,
2773 1568 2826 1612 et
2878 1562 3173 1628 potentiori
3225 1577 3476 1621 sermone
3502 1575 3559 1622 et

1996 1641 2151 1698 factis
2172 1658 2457 1712 persuasos
2478 1646 2645 1703 fuisse
2683 1650 2941 1706 credibile
2967 1653 3087 1708 est?

294 996 472 1067 λόγῳ
502 999 623 1052 καθ’
661 1001 726 1071 ἢν
757 1000 949 1072 ἔχομεν
976 1001 1127 1069 τάξιν
1156 1003 1254 1072 τῆς
1280 1005 1515 1074 γραφῆς,
1543 1006 1735 1075 φησίν·
1772 1025 1790 1057 ι
1827 1007 1889 1059 Et

293 1092 430 1156 ζῶν
469 1094 564 1165 μὲν
592 1096 752 1157 αὐτὸς
782 1095 984 1165 μηδένα
1015 1095 1251 1159 ἔπεισεν,
1275 1098 1630 1161 ἀποθανόντος
1654 1098 1697 1150 δ’
1731 1096 1894 1151 αὐτοῦ

293 1184 601 1238 πείθουσιν
645 1186 694 1237 oi
741 1184 1049 1256 βουλόμενοι
1100 1187 1402 1251 τοσούτους·
1443 1189 1559 1251 πῶς
1591 1189 1749 1242 τοῦτο
1797 1189 1895 1259 οὐχ

290 1275 663 1346 ὑπεράτοπόν
695 1278 839 1340 ἐστι;
875 1296 894 1329 ι
923 1278 1042 1330 δέον
1071 1277 1251 1339 λέγειν
1279 1278 1598 1331 ἀκολουθίαν
1632 1278 1892 1344 σώζοντα,

290 1367 393 1420 ὅτι
433 1368 592 1438 εἴπερ
622 1368 978 1431 ἀποθανόντος
1010 1368 1199 1433 αὑτοῦ,
1231 1369 1527 1434 πείθουσιν,
1560 1370 1657 1439 οὐχ
1683 1370 1895 1436 ἁπαξα-

293 1455 472 1519 πλῶς
491 1457 541 1508 οἱ
563 1456 893 1526 βουλόμενοι,
926 1456 1038 1510 ἀλλ’
1061 1459 1109 1509 οἱ
1136 1455 1444 1526 βουλόμενοι
1470 1458 1562 1510 καὶ
1581 1458 1889 1529 δυνάμενοι,

292 1543 447 1607 τοὺς
471 1543 774 1607 τοσούτους·
809 1545 960 1614 πόσῳ
1006 1543 1205 1613 μᾶλλον
1237 1542 1454 1611 εὔλογον
1502 1544 1682 1608 αὑτὸν,
1730 1544 1890 1615 ἡνίκα

295 1632 392 1704 τῷ
453 1634 553 1704 βίῳ
594 1635 876 1706 ἐπεδήμει,
928 1634 1359 1698 πολλαπλασίους
1404 1634 1497 1687 καὶ
1538 1635 1889 1707 δυνατωτέρῳ

291 1723 464 1794 λόγῳ
493 1726 587 1779 καὶ
610 1725 841 1796 πράξεσι
868 1726 1223 1792 πεπεικέναι;
1917 1736 1961 1789 Β

396 1810 609 1881 Ἑαυτῷ
636 1811 694 1863 δὲ
724 1810 988 1881 λαμϐάνει
1025 1815 1102 1876 ὼς
1136 1812 1407 1883 ἡμετέραν
1432 1811 1720 1886 ἀπόκρισιν
1756 1812 1876 1885 πρὸς

2061 1815 2155 1873 47.
2193 1816 2441 1874 Posthaec
2471 1830 2827 1888 percontatus
2862 1841 2881 1875 ι
2915 1838 3020 1894 quo
3062 1837 3378 1895 argumento
3438 1828 3558 1882 ani-

296 1898 511 1953 πεῦσιν
542 1900 719 1954 ἀὐτοῦ
772 1901 1069 1973 λεγομένην
1116 1904 1404 1973 φήσαντος·
1458 1922 1478 1955 ι
1526 1904 1643 1958 Τίνι
1684 1904 1876 1975 προσή-

1991 1920 2140 1961 mum
2176 1908 2549 1967 induxerimus
2586 1912 2736 1967 illum
2773 1928 2896 1968 esse
2938 1914 3032 1969 Dei
3079 1916 3297 1983 Filium,
3339 1934 3358 1968 ι
3390 1919 3557 1971 sumit

292 1986 483 2057 χθητε
510 1986 620 2058 (17)
654 1987 899 2059 λογισμῷ
930 1989 1117 2044 τοῦτον
1150 1988 1390 2061 νομίζειν
1427 1991 1556 2045 Υίδν
1583 1991 1754 2057 Θεοῦ;
1789 2010 1876 2046 πε·

1990 1996 2093 2051 sibi
2155 1999 2257 2054 hoc
2315 2016 2637 2069 responsum
2696 2008 2840 2074 quod
2890 2016 3137 2059 nostrum
3193 2022 3313 2062 esse
3377 2007 3552 2078 tingit,

297 2076 510 2148 ποίηκε
531 2076 641 2148 γὰρ
680 2078 829 2148 ἡμᾶς
873 2078 1357 2150 ἀποκρινομένους,
1382 2080 1461 2133 ὅτι
1481 2080 1658 2152 τούτῳ
1683 2084 1876 2153 προσή-

1988 2084 2150 2157 422
2180 2105 2199 2139 ι
2235 2088 2287 2143 id
2318 2104 2418 2145 nos
2447 2093 2687 2146 animum
2718 2093 3016 2180 induxisse,
3043 2096 3171 2164 quia
3205 2098 3403 2152 scimus
3427 2076 3552 2152 eum

294 2166 545 2238 χθημεν,
595 2170 644 2221 εί
687 2168 783 2221 καὶ
821 2168 932 2240 (18)
977 2168 1133 2239 ίσμεν
1178 2169 1274 2241 τὴν
1302 2169 1521 2224 κόλασιν
1552 2170 1715 2225 αὐτοῦ
1750 2171 1876 2243 ὑπὲρ

1988 2192 2205 2244 passum
2258 2194 2399 2245 esse,
2447 2190 2508 2235 ut
2557 2184 2777 2237 malitias
2824 2166 3022 2254 par'ens
3082 2188 3475 2244 destrueretur.
3525 2207 3548 2242 ι

295 2257 690 2329 καθαιρέσεως
721 2256 816 2311 τοῦ
867 2258 1073 2329 πατρὸς
1118 2257 1218 2327 τῆς
1260 2259 1459 2322 κακίας
1502 2263 1806 2328 γεγονυῖαν.
1863 2278 1881 2311 i

299 2346 525 2410 ’Δλλοις
554 2347 661 2417 γάρ
697 2346 905 2419 μυρίοις
950 2347 1361 2418 προσήχθημεν,
1416 2340 1493 2402 ὧν
1527 2349 1888 2421 πολλοστημό-

297 2453 426 2506 ριον
449 2439 505 2489 ἐν
534 2440 646 2499 τοῖς
680 2437 785 2507 πρὸ
820 2437 1023 2491 τούτων
1049 2437 1363 2509 ἐξεθέμεθα,
1403 2438 1517 2502 καὶ,
1554 2439 1688 2491 Θεοῦ
1720 2439 1889 2493 διδόν-

291 2541 420 2591 τος,
449 2525 814 2595 ἐκθησόμεθα,
841 2525 901 2577 οὐ
944 2526 1103 2594 μόνον
1137 2527 1195 2578 ἐν
1227 2528 1342 2589 τοῖς
1383 2526 1521 2597 πρὸς
1551 2527 1639 2579 τὸν
1670 2527 1886 2597 νομιζό-

1989 2266 2523 2339 Suppetebantenim
2551 2276 2708 2329 nobis
2737 2276 2841 2329 alia
2875 2287 3151 2342 sexcenta,
3185 2294 3415 2347 quorum
3450 2281 3555 2334 mi-

1988 2360 2190 2415 nimam
2240 2371 2452 2431 partem
2507 2364 2824 2428 attulimus,
2860 2381 2995 2420 nova
3043 2371 3385 2435 postmodum
3439 2370 3553 2425 Deo

1986 2450 2148 2506 dante
2177 2451 2417 2518 allaturi,
2444 2462 2498 2508 et
2542 2455 2839 2509 refellendo
2897 2472 3047 2520 vero,
3084 2470 3141 2510 ut
3179 2468 3354 2527 putat,
3406 2460 3550 2516 Celsi

302 2634 473 2687 μενον
513 2616 719 2670 Κέλσου
760 2615 933 2685 ἀληθῆ
981 2614 1138 2682 λόγον
1184 2616 1699 2686 πραγματευόμενοι
1740 2617 1883 2689 (19),

298 2707 448 2763 ἀλλά
478 2707 572 2760 καὶ
601 2709 658 2759 ἐν
685 2706 863 2769 ἄλλοις
900 2706 1134 2775 μυρίοις.
1164 2706 1274 2760 Καὶ
1302 2706 1377 2769 ὼς
1417 2706 1571 2777 ἡμῶν
1598 2706 1882 2776 λεγόντων,

297 2798 392 2850 ὅτι
422 2797 547 2849 Υίὸν
571 2795 731 2847 αὑτὸν
758 2794 1050 2864 νομίζομεν
1071 2792 1230 2857 Θεοῦ,
1266 2794 1389 2848 ἐπεὶ
1416 2794 1701 2867 ἐκολάσθη,
1730 2797 1881 2867 φησὶ,

304 2906 326 2938 ι
382 2886 446 2940 Τί
477 2882 588 2949 οὖν,
623 2885 742 2954 οὐχὶ
788 2884 882 2936 καὶ
933 2882 1080 2936 ἄλλοι
1135 2883 1317 2937 πολλοὶ
1354 2884 1747 2955 ἐκολάσθησαν,
1791 2888 1883 2940 καὶ

1987 2555 2255 2608 sermone,
2287 2553 2341 2598 et
2365 2544 2487 2600 aliis
2514 2546 2567 2599 in
2594 2546 2731 2600 locis
2765 2548 2901 2601 bene
2929 2549 3131 2605 multis.
3162 2548 3367 2604 Deinde
3392 2552 3549 2621 quasi

1986 2632 2312 2687 dixissemus
2354 2650 2479 2688 eum
2530 2651 2560 2689 a
2616 2638 2772 2692 nobis
2820 2638 3119 2692 existimari
3181 2640 3274 2694 Dei
3328 2640 3548 2705 Filium,

1985 2723 2114 2791 quia
2144 2738 2338 2792 passus
2358 2736 2462 2791 est,
2493 2744 2511 2778 ι
2543 2741 2744 2794 annon,
2773 2728 2968 2796 inquit,
3006 2738 3060 2783 et
3083 2730 3171 2783 alii
3210 2730 3361 2784 multi
3403 2734 3547 2800 passi

1984 2822 2131 2877 sunt,
2165 2829 2267 2868 nec
2292 2815 2472 2870 minus
2523 2819 2804 2884 turpiter?
2841 2837 2860 2869 ι
2905 2820 2961 2873 1η
2994 2834 3101 2887 quo
3140 2821 3329 2876 Celsus
3368 2823 3550 2875 imita-

1987 2907 2075 2953 tur
2100 2900 2394 2957 vilissimos
2431 2917 2642 2966 eorum,
2688 2917 2825 2973 quos
2869 2916 3053 2960 nostra
3091 2909 3337 2963 doctrina
3387 2910 3549 2963 habet

296 2977 404 3046 οὐχ
441 2972 602 3048 ἦττον
639 2972 910 3041 ἀγεννῶς;
954 2991 972 3022 ι
1013 2972 1232 3042 Ὅμοιον
1272 2973 1316 3025 δ’
1351 2975 1408 3026 ἐν
1440 2974 1613 3044 τούτῳ
1654 2978 1801 3029 ποιεῖ
1848 2978 1876 3029 ὁ

1983 2990 2344 3054 adversarios,
2368 2993 2459 3058 qui
2489 3002 2682 3061 putant
2706 2972 2870 3063 quod
2901 2995 3152 3052 Christus
3176 3002 3321 3053 cruci
3349 2999 3545 3053 aﬂixus

298 3067 511 3130 Κέλσος
558 3069 670 3129 τοῖς
724 3063 1317 3135 ἀνδραποδωδεστάτοις
1364 3064 1474 3118 τῶν
1523 3065 1733 3136 ἐχθρῶν
1783 3067 1876 3121 τοῦ

1984 3080 2152 3135 fuisse
2177 3082 2548 3149 perhibeatur,
2603 3098 2939 3151 consequens
2984 3101 3103 3143 esse
3136 3099 3194 3144 ut
3228 3103 3424 3146 omnes
3450 3104 3546 3145 eo-

298 3156 487 3225 λόγου,
514 3157 606 3208 καὶ
633 3156 915 3225 οἰομένοις,
950 3153 1031 3205 ὅτι
1062 3152 1341 3205 ἀκολουθεί
1376 3156 1441 3223 τῇ
1488 3156 1615 3225 περὶ
1647 3155 1735 3207 τὸν
1776 3157 1877 3226 Ἰη-

304 3246 437 3300 σοῦν
488 3244 693 3315 ἱστορία
747 3243 1123 3314 σταυρωθέντα
1176 3242 1239 3296 τὸ
1292 3242 1470 3297 σέϐειν
1546 3247 1692 3316 ἡμᾶς
1751 3247 1875 3311 τοὺς

299 3339 555 3408 ἐσταυρω
564 3336 771 3405 μένους.

374 3426 641 3489 Πολλάκις
669 3427 713 3478 δ’
752 3427 780 3477 ὁ
814 3423 1019 3485 Κέλσος
1039 3423 1161 3493 ἤδη,
1201 3423 1274 3493 μὴ
1306 3424 1598 3495 δυνάμενος
1629 3426 1873 3481 ἀντιϐλέ-

297 3536 428 3572 πειν
457 3513 544 3581 αἷς
577 3518 986 3589 ἀναγέγραπται
1011 3518 1363 3587 πεποιηκέναι
1393 3517 1681 3588 δυνάμεσιν
1704 3522 1731 3573 ό
1767 3521 1871 3590 ’1η-

300 3609 452 3672 σοῦς,
479 3608 749 3662 διαϐάλλει
773 3606 940 3671 αὐτὰς
966 3608 1040 3670 ὡς
1071 3609 1341 3679 γοητείας·
1386 3611 1480 3661 καὶ
1520 3610 1775 3674 πολλάκις
1795 3611 1872 3683 τῷ

298 3699 467 3769 λόγῳ,
502 3699 642 3752 κατά
672 3698 732 3749 τὸ
752 3696 972 3749 δυνατὸν
1004 3698 1155 3767 ἡμῖν,
1184 3698 1524 3768 ἀντείπομεν.
1562 3701 1667 3752 Καὶ
1697 3700 1791 3754 νῦν
1814 3703 1872 3755 δέ

300 3806 465 3862 φησιν
484 3791 646 3843 οἱονεί
678 3789 824 3859 ἡμᾶς
865 3787 1286 3857 ἀποκρίνασθαι,
1329 3789 1409 3841 ὅτι
1448 3788 1535 3842 διὰ
1574 3789 1716 3842 τοῦτ’
1765 3793 1872 3844 ἐνο-

301 3881 538 3950 μίσαμεν
569 3879 728 3931 αὑτὸν
760 3875 899 3931 εἶναι
933 3879 1059 3931 Υἰὸν
1097 3879 1254 3942 Θεοῦ,
1298 3898 1316 3929 ι
1362 3879 1485 3931 ἐπεί⁵
1525 3880 1729 3949 χωλοὺς
1777 3883 1870 3934 καὶ

295 3970 535 4039 τυφλοὺς
559 3969 912 4040 ἐθεράπευσε.
964 3987 981 4017 ι
1031 3969 1358 4039 Προστίθησι
1390 3970 1445 4022 δὲ
1478 3971 1571 4023 καὶ
1599 3971 1679 4023 τό·
1716 3990 1735 4023 ι
1784 3973 1870 4037 Ὡς

297 4060 459 4129 ὑμεῖς
485 4074 642 4126 φατε,
668 4055 858 4125 ἀνίστη
893 4056 1139 4125 νεκρούς.
1176 4076 1195 4107 ι
1230 4058 1349 4109 Ὅτι
1395 4058 1491 4126 μὲν
1524 4052 1617 4110 οὖν
1667 4058 1868 4128 χωλοὺς

297 4151 397 4205 καὶ
428 4148 661 4215 τυφλοὺς
696 4148 1051 4218 ἐθεράπευσε,
1086 4147 1277 4218 διόπερ
1316 4148 1548 4218 Χριστὸν
1580 4149 1741 4202 αὐτὸν
1775 4151 1868 4204 καὶ

296 4240 429 4294 Υίδν
462 4236 596 4291 Θεοῦ
642 4238 951 4308 νομίζομεν,
1009 4238 1165 4307 δῆλον
1206 4240 1336 4309 ἡμῖν
1371 4239 1517 4291 ἐστιν
1558 4242 1622 4292 ἐκ
1652 4240 1743 4292 τοῦ
1777 4242 1868 4296 καὶ

297 4332 357 4383 ἐν
414 4328 773 4400 προφητείαις
821 4326 1157 4398 γεγράφθαι,
1206 4346 1223 4377 ι
1282 4327 1413 4379 Τότε
1464 4327 1866 4397 ἀνοιχθήσσνται

1981 3172 2101 3225 dem
2127 3171 2394 3243 supplicio
2417 3172 2647 3229 aﬂectos
2676 3188 3014 3233 veneremur.

2047 3408 2136 3463 48.
2166 3407 2283 3463 Jam
2311 3424 2454 3478 smpe
2484 3409 2693 3477 Celsus,
2725 3411 2850 3481 quia
2886 3412 3115 3469 inﬁciari
3164 3431 3269 3471 non
3319 3427 3540 3486 poterat

1977 3500 2240 3554 miracula
2270 3517 2393 3571 qua)
2414 3500 2578 3556 Jesus
2602 3500 2794 3556 fecisse
2827 3505 3102 3570 scribitur,
3132 3507 3220 3559 illa
3253 3512 3542 3577 praestigiis

1979 3591 2259 3645 tribuenda
2292 3606 2416 3646 esse
2437 3592 2798 3645 calumniatus
2826 3604 2939 3657 est;
2971 3603 3025 3647 et
3055 3611 3154 3649 nos
3177 3607 3362 3652 contra
3394 3614 3540 3669 stepe

1977 3682 2076 3749 pro
2112 3681 2319 3736 viribus
2351 3683 2730 3751 pugnavimus.
2784 3681 2939 3737 Nunc
2990 3694 3167 3739 autem
3199 3688 3354 3742 nobis
3383 3691 3539 3757 quasi

1978 3772 2322 3840 interrogatis
2358 3787 2463 3841 qua
2494 3788 2654 3827 causa
2678 3774 2826 3827 illum
2852 3790 2972 3830 esse
2989 3777 3080 3830 Dei
3112 3776 3303 3830 Filium
3325 3777 3541 3845 judica-

1976 3863 2232 3927 verimus,
2276 3864 2329 3918 id
2378 3865 2619 3932 responsi
2666 3866 2929 3931 ascribit,
2980 3883 3078 3922 nos
3120 3869 3193 3922 ita
3240 3868 3534 3938 iudicasse,

1980 3973 1999 4006 ι
2049 3954 2192 4023 quod
2231 3962 2286 4010 et
2338 3953 2559 4010 claudos
2599 3963 2652 4011 et
2705 3972 2877 4012 caecos
2934 3960 3239 4024 curaverit;
3284 3978 3303 4012 ι
3338 3962 3537 4028 quibus

1976 4046 2146 4109 addit,
2186 4063 2205 4097 ι
2244 4046 2512 4115 quodque,
2545 4054 2604 4100 ut
2633 4046 2810 4102 dicitis
2848 4064 2968 4113 vos,
3009 4060 3252 4105 mortuos
3305 4053 3539 4106 suscita-

1973 4136 2133 4191 verit.
2184 4136 2459 4193 iClaudos
2490 4147 2544 4194 et
2598 4151 2770 4192 caecos
2814 4155 2844 4193 a
2893 4138 3020 4193 Jesu
3075 4148 3292 4194 curatos
3339 4140 3529 4202 fuisse,

1973 4228 2324 4295 quamobrem
2351 4230 2500 4283 illum
2520 4244 2617 4298 pro
2641 4231 2860 4284 Christo
2879 4231 3077 4298 Deique
3093 4230 3230 4284 Filio
3249 4231 3531 4295 habemus,

1974 4317 2097 4371 inde
2127 4318 2467 4386 perSpicuum
2489 4326 2590 4383 est,
2623 4320 2763 4386 quod
2789 4328 2843 4373 et
2865 4318 2917 4372 in
2949 4319 3240 4387 prophetiis
3269 4320 3531 4389 scriptum

297 4391 565 4489 ὀφθαλμοὶ
586 4391 843 4487 τυφλῶν,⁷
867 4391 959 4471 καὶ
995 4391 1106 4470 ὦτα
1139 4417 1337 4487 κωφῶν
1377 4391 1715 4480 ἀκούσονται,
1747 4418 1866 4471 τότε

1983 4406 2043 4459 sit
2078 4424 2090 4459 :
2132 4423 2151 4456 ι
2197 4405 2350 4460 Tunc
2399 4408 2711 4475 aperientur
2758 4411 2898 4465 oculi
2950 4425 3256 4474 caecorum,
3286 4419 3341 4463 et
3372 4424 3533 4465 aures

300 4511 505 4564 ἀλείται
522 4511 597 4574 ὡς
610 4510 804 4579 ἔλαφος
823 4510 851 4561 ό
866 4508 1051 4578 χωλός·
1082 4527 1099 4559 ι
1126 4510 1205 4560 ὅτι
1220 4507 1274 4561 δὲ
1303 4507 1395 4560 καὶ
1410 4508 1632 4578 νεκροὺς
1651 4506 1862 4580 ἀνίστη,

296 4602 394 4654 καὶ
420 4601 519 4653 οὐκ
543 4600 658 4652 ἔστι
691 4598 916 4665 πλάσμα
950 4596 1058 4649 τῶν
1085 4597 1153 4649 τὰ
1184 4595 1486 4663 Εὐαγγέλια
1517 4595 1862 4666 γραψάντων,

301 4692 706 4761 παρίσταταιέκ
719 4693 833 4744 τοῦ·
866 4689 929 4741 Εἰ
949 4688 1046 4758 μὲν
1062 4687 1282 4757 πλάσμα
1301 4682 1389 4757 ἦν,
1416 4685 1638 4749 πολλοὺς
1666 4689 1863 4756 ἀναγε-

1971 4498 2255 4552 surdorum
2312 4499 2554 4563 audient,
2611 4508 2737 4553 tunc
2800 4500 2959 4554 saliet
3034 4498 3260 4555 claudus
3310 4509 3370 4554 ut
3416 4514 3535 4555 cer-

1967 4605 2069 4644 vus
2090 4592 2158 4643 7’.
2195 4609 2213 4641 ι
2247 4590 2484 4645 Mortuos
2508 4599 2685 4644 autem
2717 4591 2885 4645 fuisse
2911 4594 3222 4657 suscitatos,
3254 4606 3352 4647 nec
3385 4593 3529 4648 isuid

1975 4691 2313 4735 commentos
2353 4696 2473 4736 esse
2499 4683 2588 4750 qui
2634 4682 2921 4750 Evangelia
2990 4684 3325 4751 scripserint,
3378 4697 3531 4751 aeque

300 4782 538 4850 γράφθαι
570 4781 680 4851 (20)
717 4782 838 4843 τοὺς
874 4779 1229 4842 ἀναστάντας,
1282 4778 1376 4829 καὶ
1420 4778 1546 4839 τοὺς
1597 4778 1697 4848 ἤδη
1740 4779 1865 4849 χρό-

1983 4782 2209 4840 :onstat;
2238 4789 2359 4826 nam
2399 4772 2444 4827 si
2468 4774 2775 4843 ﬁgmentum
2811 4784 2976 4839 esset,
3012 4774 3196 4842 plures
3240 4774 3532 4828 suscitatos

301 4888 422 4934 νους
447 4873 662 4941 ἔχοντας
688 4873 937 4934 πλείονας
964 4872 1021 4924 ἐν
1050 4873 1162 4933 τοῖς
1197 4870 1499 4940 μνημείοις·
1535 4871 1653 4921 ἐπεὶ
1686 4870 1731 4921 δ’
1761 4872 1861 4923 οὐκ

1983 4867 2369 4922 recensuissent
2400 4880 2602 4938 eosque
2623 4868 2827 4921 diutius
2854 4866 2905 4919 in
2936 4865 3301 4921 monumentis
3352 4864 3528 4918 dixis-

304 4958 416 5012 ἔστι
446 4962 686 5031 πλάσμα,
712 4962 855 5015 πάνυ
897 4961 1291 5033 εὐαριθμήτους
1322 4960 1567 5029 λελέχθαι
1596 4960 1727 5030 (⁸21),
1762 4963 1861 5033 τήν

1983 4968 2088 5016 sent
2111 4958 2276 5015 fuisse
2307 4967 2564 5013 moratos.
2594 4956 2719 5011 lllos
2747 4964 2959 5022 contra,
3004 4968 3122 5023 quae
3168 4968 3263 5009 sua
3292 4950 3526 5007 sinceri-

371 5095 416 5127 "
441 5092 568 5149 lsai.
594 5110 760 5158 xxxv,
784 5094 837 5149 5.

370 5230 484 5304 (i7?)
532 5225 936 5304 Προσήχθητε.
1006 5226 1077 5304 Et
1136 5225 1295 5290 paulo
1360 5231 1481 5290 post
1532 5225 1855 5304 3995311101]-

306 5290 403 5376 μεν
458 5290 659 5376 habent
715 5290 904 5374 diuites
936 5294 1100 5376 codd.
1154 5308 1311 5376 mss...
1340 5290 1852 5376 “excepto'Jol'ia‘po,

301 5359 390 5443 qui
436 5384 560 5424 cum
612 5364 896 5435 impressis
934 5364 1133 5427 habet,
1162 5360 1471 5433 προήχθητε
1499 5370 1551 5414 ct
1577 5359 1855 5431 προήχθη-

299 5460 481 5582 pla{1.8)
514 5510 585 5561 El
616 5508 734 5561 καί.
766 5503 1071 5582 Legendum
1094 5501 1303 5582 videtur
1331 5498 1468 5582 ἐπεί.

394 5516 481 5575 18)
514 5516 585 5561 El
616 5516 734 5561 και.
766 5516 1071 5574 Legendum
1094 5516 1303 5555 vutetur
1331 5516 1468 5555 επει.

367 5516 412 5651 ξι
425 5582 477 5644 9)
522 5576 1093 5651 Πραγματειξόμενοι.
1128 5571 1277 5651 _Sun_t
1313 5572 1400 5651 qui
1428 5566 1719 5651 lcggndum.
1758 5582 1848 5645 puf

286 5639 408 5705 .tatit
442 5639 999 5719 πραγματευομένοις,
1047 5642 1143 5700 sed
1176 5640 1387 5710 vulgata
1428 5639 1583 5694 lectio
1624 5639 1843 5694 retineri

1962 5231 2157 5291 potest.

2033 5294 2143 5360 (20)
2200 5288 2474 5355 Πολλοὺς
2521 5288 2972 5359 ἀναγεγράφθαι.
3018 5286 3356 5360 _Legendt_t_m_

1962 5351 2087 5484 λοῦς
2119 5351 2186 5415 ἂν
2207 5351 2943 5431 ἀναγεγράφθαι,ἰιι’⁷ορίἱηιο
2965 5351 3159 5410 adnota
3170 5357 3242 5407 vit
3265 5351 3521 5405 Buherel-

1985 5447 2063 5484 us.

1985 5447 2063 5486 US.

2034 5501 2142 5572 (21)
2179 5500 2347 5557 Codd.
2391 5500 2588 5572 Regius
2634 5510 2688 5556 et
2734 5491 3079 5557 Basileensis,
3125 5487 3374 5558 γενέσθαι
3420 5501 3519 5557 pro

1952 5567 2216 5642 λελέχθαι.
