3998 6170
487 240 582 294 871

1969 231 2293 289 ORIGENIS

3645 235 3758 289 8ῒὲ

500 364 586 405 tas
637 357 740 414 est,
777 363 1078 419 perpaucos
1135 352 1490 411 enumerant;
1535 342 1786 399 nimirum
1829 344 2042 414 archisy

2173 361 2232 396 τε
2276 343 2370 396 τοῦ
2407 340 2851 414 ἀρχισυναγώγου
2895 341 3170 413 θυγατέρα
3215 342 3375 413 (περὶ⁸
3414 337 3484 414 ἧς
3517 346 3619 398 οῦκ
3657 345 3757 400 οἷδ’

498 438 692 510 nagogi
751 438 917 491 ﬁliam
957 439 1021 491 de
1067 451 1169 504 qua
1214 435 1396 489 nescio
1435 449 1533 487 cur
1574 434 1820 487 dixerit:
1867 446 1903 483 ι·
1941 433 2056 486 Non

488 539 699 584 mortua
731 536 834 593 est,
871 525 962 580 scd
999 527 1192 579 dormit
1231 525 1296 588 ⁷³,
1333 541 1352 574 r
1395 523 1670 591 peculiare
1703 523 1832 591 quid
1864 523 1931 576 de
1953 523 2055 576 'illa

492 620 742 689 inquiens
776 619 918 686 quod
951 615 1198 692 omnibus
1228 613 1456 667 mortuis
1488 629 1593 666 non
1622 615 1801 667 inerat
1826 629 1841 676 ;
1871 623 1925 667 et
1949 615 2061 667 uni-

488 725 611 765 cum
649 707 823 762 viduae
857 708 1044 766 tilium,
1073 718 1230 772 quem
1272 704 1564 758 miseratus
1617 705 1742 758 vita:
1789 705 2057 769 restituit,

479 797 648 866 jussis
671 795 865 862 bajulis
891 796 1233 858 consistere;
1270 795 1484 846 tertium
1519 795 1749 862 denique
1793 795 2058 848 Lazarum

478 889 591 956 jam
631 897 864 957 quatuor
887 889 1002 941 dies
1037 889 1087 940 in
1119 887 1369 953 sepulcro
1421 887 1712 939 inclusum.
1746 885 1860 952 Qua
1902 888 1968 940 de
2002 903 2061 941 re

485 978 838 1034 candidiores
875 979 1066 1032 harum
1103 993 1282 1031 rerum
1308 979 1663 1033 aestimatores
1680 988 1732 1032 et
1761 980 2056 1048 praesertim

483 1080 725 1124 nostrum
748 1068 986 1123 Judaeum
1010 1070 1333 1134 admonebo,
1369 1070 1823 1139 quemadmodum
1847 1080 2058 1140 tempo-

483 1175 542 1214 re
572 1161 748 1216 Elisaei
791 1160 1064 1228 prOphetze
1099 1161 1248 1212 multi
1283 1172 1438 1214 erant
1488 1160 1709 1228 leprosi,
1745 1160 1892 1215 solus
1920 1176 2050 1215 vero

482 1259 706 1304 sanatus
744 1259 826 1303 est
859 1248 1096 1302 Naaman
1123 1249 1324 1318 Syrus;
1353 1251 1497 1304 sicut
1526 1249 1709 1302 multa:
1736 1248 1910 1304 vidua:
1942 1251 2056 1315 [ue-

480 1349 606 1394 runt
626 1349 784 1393 mtate
805 1339 934 1392 Elia!
956 1340 1242 1408 prOphetae,
1264 1354 1363 1392 nec
1385 1347 1564 1393 tamen
1584 1341 1649 1392 ad
1671 1340 1831 1392 ullam
1857 1341 2056 1395 missus

479 1439 563 1486 est
591 1431 758 1493 Elias,
795 1434 1242 1500 pragterquamad
1271 1429 1664 1498 Sarephtauam
1708 1434 1758 1485 in
1779 1431 2052 1494 Sidonios,

468 1507 600 1592 quae
621 1524 806 1577 divino
832 1523 1062 1592 quodam
1079 1522 1298 1589 .judicio
1327 1523 1485 1592 digna
1521 1533 1660 1585 erat,
1687 1524 1842 1592 cujus
1872 1525 2046 1590 gratia

481 1614 803 1668 miraculum
840 1615 892 1666 in
927 1629 1094 1682 panes
1131 1615 1394 1682 prOpheta
1429 1613 1670 1678 faceret;
1724 1616 1804 1668 sic
1834 1615 2053 1676 multos,

2157 435 2316 496 Δὅπως
2346 430 2517 493 εἶπεν,
2554 451 2571 482 ι
2609 432 2722 484 Οὐκ
2746 430 3034 493 ἀπέθανεν,
3064 430 3198 484 ἀλλά
3221 431 3490 484 καθεύδει·
3535 451 3555 483 ι
3582 433 3757 500 λέγων

2166 540 2220 576 τι
2246 524 2374 592 περὶ
2404 522 2571 592 αὐτῆς
2608 521 2636 574 ὃ
2666 523 2726 574 οὐ
2769 523 2900 574 πᾶσι
2935 524 3048 584 τοῖς
3091 521 3421 574 ἀποθανοῦσι
3468 525 3715 594 προσῆν)
3737 542 3754 556 ο

2169 613 2380 667 καὶτὸν
2411 610 2672 681 μονογενῆ
2709 611 2808 680 τῆς
2840 612 3016 682 χήρας
3071 612 3187 665 υἱὸν
3227 613 3310 680 ἐφ’
3360 606 3405 679 ᾧ
3454 615 3756 684 σπλαγχνι-

2169 703 2317 766 σθεὶς
2355 704 2646 772 ἀνέστησεν
2690 702 2871 765 αὐτὸν,
2927 703 3132 773 στήσας
3176 704 3303 766 τοὺς
3349 705 3617 774 φέροντας
3661 706 3754 757 τὸν

2167 795 2376 866 νεκρόν·
2412 795 2506 847 καὶ
2536 794 2718 865 τρίτον
2763 794 3008 864 Λάζαρον
3031 795 3298 865 τετάρτην
3328 796 3541 866 ἡμέραν
3581 799 3640 848 ἐν
3671 795 3752 864 τῷ

2171 886 2422 958 μνημείῳ
2450 885 2658 955 ἔχοντα.
2691 887 2800 938 Καὶ
2829 892 3071 956 φήσομεν
3099 886 3228 954 περὶ
3258 885 3463 937 τούτων
3489 886 3600 954 χΞΞ)
3635 889 3749 948 τοῖς

2166 974 2705 1046 εὐγνωμονεστέροις,
2735 974 2827 1028 καὶ
2855 974 3085 1044 μάλιστα
3112 973 3191 1042 τῷ
3232 973 3490 1040 Ἰουδαίῳ,
3520 973 3600 1025 ὅτι
3633 969 3716 1027 ὥσ
3736 997 3750 1006 ·

2167 1083 2271 1136 περ
2305 1065 2487 1118 πολλοὶ
2524 1065 2712 1136 λεπροὶ
2741 1061 2878 1135 ἦσαν
2923 1067 2981 1118 ἐν
3022 1065 3257 1134 ἡμέραις
3316 1064 3619 1117 Ἐλισσαίου
3650 1064 3745 1117 τοῦ

2165 1159 2464 1227 προφήτου,
2503 1157 2597 1210 καὶ
2631 1157 2804 1220 οὐδεὶς
2833 1155 3010 1209 αὐτῶν
3045 1155 3401 1227 ἐκαθαρίσθη,
3429 1158 3479 1208 εί
3508 1155 3584 1226 μὴ
3614 1157 3746 1208 Νεε-

2167 1249 2273 1318 μάν
2304 1251 2332 1300 ὁ
2362 1247 2550 1318 Σύρος
2583 1248 2677 1300 καὶ
2705 1245 2898 1299 πολλαὶ
2922 1247 3084 1316 χῆραι
3113 1242 3253 1315 ἦσαν
3281 1247 3336 1298 ἐν
3361 1248 3482 1308 ταῖς
3504 1246 3740 1316 ἡμέραις

2178 1336 2360 1390 Ἠλίου
2409 1335 2503 1388 τοῦ
2552 1336 2862 1407 προφήτου,
2919 1337 3010 1388 καὶ
3065 1335 3204 1406 πρὸς
3253 1335 3505 1405 οὐδεμίαν
3562 1336 3742 1389 αὐτῶν

2162 1427 2416 1498 ἐπέμφθη
2474 1429 2647 1497 χήραν
2702 1429 2731 1478 ὁ
2783 1426 2988 1489 Ἠλίας,
3032 1428 3082 1478 εί
3139 1425 3212 1496 μὴ
3247 1428 3326 1489 εἰς
3358 1427 3612 1498 Σαρεπτά
3641 1428 3742 1496 τῆς

2163 1519 2441 1584 Σιδωνίας,
2499 1517 2626 1581 ἀξία
2670 1517 2779 1587 γάρ
2827 1517 3068 1584 ἐγεγόνει
3106 1516 3202 1569 τοῦ
3250 1517 3356 1570 ὑπὸ
3391 1517 3487 1570 τοῦ
3536 1521 3740 1590 προφή-

2162 1628 2255 1663 του
2284 1609 2648 1680 γεγενημένου
2674 1609 2962 1678 τεραστίου
2989 1611 3047 1662 ἐν
3075 1611 3188 1672 τοῖς
3226 1608 3412 1681 ἄρτοις
3448 1612 3592 1665 κατά
3619 1628 3738 1665 τινα

480 1705 606 1754 dum
635 1701 792 1755 Jesus
818 1703 868 1755 in
896 1703 1044 1755 vivis
1083 1712 1248 1765 esset,
1292 1711 1534 1755 mortuos
1564 1700 1751 1764 fuisse,
1783 1703 1876 1756 sed
1911 1703 2043 1757 solos

2161 1701 2310 1753 θείαν
2336 1701 2536 1769 κρίσιν·
2569 1701 2708 1753 οὓτω
2739 1699 2922 1752 πολλοὶ
2966 1703 3150 1770 νεκροὶ
3182 1696 3324 1770 ἦσαν
3361 1704 3420 1754 ἐν
3449 1704 3570 1765 ταῖς
3613 1703 3740 1774 ἡμέ-

479 1808 603 1847 esse
631 1795 920 1849 suscitatos
942 1808 1079 1862 quos
1118 1793 1372 1847 suscitari
1408 1794 1670 1861 expedire
1715 1794 1948 1848 Verbum
1975 1796 2056 1864 ju-

479 1885 698 1952 dicavit,
751 1895 809 1940 ut
859 1884 1119 1938 miracula
1171 1884 1259 1937 illa
1317 1899 1424 1937 non
1477 1885 1652 1938 solum
1673 1887 2052 1954 .quarumdam

477 1974 639 2046 5.23
673 1991 849 2028 rerum
882 1977 1032 2044 signa
1067 1985 1283 2040 essent,
1319 1976 1411 2028 sed
1439 1974 1602 2027 etiam
1636 1990 1731 2044 per
1755 1991 1814 2029 se
1845 1979 1911 2032 ad
1946 1979 2047 2031 ad—

482 2065 790 2118 mirabilem
837 2065 1113 2134 Evangelii
1161 2067 1468 2119 doctrinam
1517 2066 1715 2122 multos
1743 2069 2050 2120 allicerent.

480 2156 596 2224 Ego
624 2164 804 2209 autem
837 2157 1066 2210 dixerim
1096 2155 1223 2210 Jesn
1255 2158 1550 2227 discipulos
1598 2159 1895 2213 secundum
1934 2161 2051 2228 ejus

476 2246 812 2312 promissum
859 2247 1062 2314 majora
1111 2258 1361 2316 patrasse
1407 2249 1707 2317 miracula,
1748 2265 1912 2319 quam
1960 2250 2047 2303 illa

474 2333 601 2387 Jesu
631 2373 644 2396 ,
677 2349 798 2402 quae
839 2336 943 2388 sub
975 2350 1198 2400 sensum
1230 2337 1498 2391 cadebant
1523 2339 1587 2391 ⁷⁵.
1622 2338 1876 2404 Quotidie
1905 2339 2048 2391 enim

475 2423 742 2488 pateﬁunt
776 2423 918 2475 oculi
952 2437 1139 2476 eorum
1173 2425 1262 2492 qui
1293 2435 1476 2478 mente
1506 2426 1637 2480 caeci
1662 2435 1858 2480 erant:
1892 2440 2050 2480 aures

474 2529 707 2579 eorum,
754 2513 845 2581 qui
889 2514 956 2566 ad
998 2529 1188 2567 vocem
1232 2514 1374 2568 illius
1413 2516 1502 2583 qui
1542 2531 1636 2570 eos
1679 2519 1745 2570 ad
1793 2517 2048 2570 virtutem

477 2606 817 2669 hortabatur,
851 2615 1008 2659 erant
1032 2606 1182 2660 surdi
1209 2645 1222 2669 ,
1251 2606 1409 2659 avide
1438 2608 1665 2660 auditmt
1692 2623 1815 2677 qua:
1842 2609 1910 2662 de
1941 2608 2049 2662 Deo

475 2697 741 2768 beataque
769 2697 876 2750 vita
913 2699 1056 2764 apud
1102 2697 1248 2750 illum
1299 2697 1522 2751 fruenda
1561 2699 1817 2753 dicuntur
1847 2716 1860 2752 :
1897 2697 2049 2752 multi

472 2787 566 2856 qui
596 2786 774 2840 claudi
803 2798 962 2839 erant
994 2787 1169 2854 quoad
1203 2788 1474 2841 hominem
1496 2826 1511 2851 ,
1544 2799 1599 2841 ttt
1633 2789 1914 2858 Scriptura
1947 2805 2046 2844 vo-

472 2885 562 2930 cat
591 2877 674 2942 ",
710 2877 1024 2931 interiorem
1050 2917 1065 2943 ,
1103 2893 1247 2932 nunc
1283 2879 1529 2932 doctrina
1567 2880 1742 2932 sanati
1774 2894 1878 2934 non
1912 2881 2048 2934 sim-

471 2966 692 3035 pliciter
725 2967 960 3030 saliunt,
988 2969 1080 3021 sed
1109 2969 1310 3022 saliunt
1333 2979 1391 3022 ut
1419 2983 1611 3024 cervus
1644 2969 1904 3022 infestum
1927 2984 2047 3023 ser-

2161 1809 2282 1863 ραις
2322 1791 2516 1861 Ἰησοῦο
2553 1790 2688 1844 ἀλλὰ
2713 1791 2860 1862 μόνοι
2887 1791 3212 1862 ἀνέστησαν,
3238 1793 3332 1856 οὓς
3353 1793 3495 1861 έγνω
3515 1797 3544 1847 ὁ
3566 1796 3736 1864 Λόγος

2157 1880 2496 1951 ἐπιτηδείους
2553 1881 2690 1952 πρὸς
2752 1881 2852 1951 τὴν
2915 1880 3248 1949 ἀνάστασιν,
3307 1885 3397 1936 ἵνα
3448 1885 3522 1954 μή
3579 1885 3735 1955 μόνον

2159 1972 2401 2044 σύμϐολά
2430 1989 2590 2025 τινων
2680 1971 2749 2024 τά
2772 1973 3037 2042 γενόμενα
3077 1973 3181 2025 ὑπὸ
3217 1973 3311 2024 τοῦ
3342 1976 3568 2045 Κυρίου,
3602 1977 3736 2028 ἀλλά

2155 2067 2250 2119 καὶ
2299 2065 2522 2118 αὐτόθεν
2571 2065 2895 2137 προσαγάγῃ
2943 2064 3169 2128 πολλοὺς
3211 2067 3278 2136 τῇ
3323 2065 3600 2138 θαυμασία
3641 2068 3732 2120 τοῦ

2154 2155 2485 2225 Εύαγγελίου
2517 2155 2848 2226 διδασκαλίᾳ.
2889 2153 3028 2222 Ἐγὼ
3063 2154 3107 2205 δ’
3139 2155 3340 2226 εἴποιμ’
3366 2155 3450 2220 ἂν,
3484 2157 3566 2209 ὃτι
3596 2157 3733 2210 κατά

2153 2249 2250 2320 τὴν
2281 2249 2452 2320 Ἰησοῦ
2477 2249 2803 2318 ἐπαγγελίαν
2823 2248 2871 2299 oi
2895 2247 3131 2316 μαθηταὶ
3151 2247 3246 2300 καὶ
3271 2247 3492 2318 μείζονα
3516 2251 3737 2321 πεποιή-

2154 2358 2312 2395 κασιν
2339 2334 2414 2394 ὧν
2449 2340 2653 2410 Ἰησοῦς
2676 2338 2946 2410 αἰσθητῶν
2968 2339 3284 2410 πεποίηκεν.
3323 2341 3434 2391 Ἀεὶ
3465 2341 3568 2412 γὰρ
3593 2341 3735 2394 ἀνοί-

2151 2449 2334 2501 γονται
2385 2431 2651 2501 ὀφθαλμοὶ
2683 2430 2898 2499 τυφλῶν
2935 2431 3034 2500 τὴν
3065 2430 3247 2500 ψυχήν
3276 2447 3291 2460 ο
3339 2429 3434 2483 καὶ
3473 2425 3590 2484 ὦτα
3625 2431 3734 2485 τῶν

2153 2524 2629 2594 ἐκκεκωφημένων
2685 2523 2820 2594 πρὸς
2872 2521 3063 2589 λόγους
3123 2522 3341 2594 ἀρετῆς,
3388 2522 3574 2575 ἀκούει
3623 2524 3731 2594 (25)

2151 2615 2446 2686 προθύμως
2479 2614 2606 2685 περὶ
2643 2613 2776 2666 Θεοῦ
2821 2612 2914 2665 καὶ
2963 2613 3060 2682 τῆς
3102 2615 3230 2683 παρ’
3273 2612 3421 2682 αύτῷ
3460 2614 3733 2682 μακαρίας

2151 2705 2322 2777 ζωῆς·
2383 2705 2569 2758 πολλοὶ
2617 2704 2673 2756 δὲ
2719 2703 2811 2756 καὶ
2863 2703 3026 2772 χωλοὶ
3066 2703 3164 2765 τὰς
3219 2704 3402 2773 βάσεις
3437 2704 3532 2756 τοῦ
3565 2705 3660 2775 (ὡς
3699 2708 3731 2778 ὴ

2148 2798 2340 2870 Γραφὴ
2374 2796 2676 2867 ὠνόμασεν)
2709 2797 2814 2848 ἔσω
2851 2794 3160 2866 ἀνθρώπου,
3191 2795 3284 2849 νῦν
3321 2795 3412 2848 τοῦ
3457 2795 3618 2863 λόγου
3647 2798 3731 2850 ία-

2153 2888 2386 2957 σαμένου
2415 2887 2629 2949 αὐτοὺς,
2661 2886 2762 2954 οὐχ
2786 2884 2972 2947 ἁπλῶς
3008 2884 3276 2950 ἃλλονται,
3307 2885 3419 2938 ἀλλ’
3441 2884 3516 2947 ὼς
3539 2885 3731 2954 ἔλαφος

2150 2978 2406 3047 πολέμιον
2433 2976 2542 3028 τῶν
2583 2977 2758 3044 ὄφεων
2803 2975 2941 3039 ζῶον
2961 3015 2975 3037 ,
3011 2978 3104 3030 καὶ
3133 2978 3377 3046 κρεῖττον
3405 2977 3606 3039 παντὸς
3647 2976 3727 3031 ίοῦ

474 3059 732 3123 pentibus
782 3058 1019 3119 animal,
1077 3066 1130 3110 et
1187 3060 1270 3113 cui
1327 3062 1636 3129 viperarum
1684 3060 1839 3112 virus
1887 3075 2043 3114 omne

2151 3069 2256 3122 τῶν
2290 3045 2540 3138 ἐχιδνῶν·
2588 3069 2682 3120 καὶ
2715 3060 2861 3120 οὗτοί
2901 3085 2964 3135 γε
3010 3070 3057 3120 οἱ
3103 3045 3527 3138 θεραπευθέντες
3569 3068 3730 3138 χωλοὶ

472 3162 672 3201 nocere
698 3163 804 3201 non
834 3157 1028 3215 potest.
1060 3147 1121 3200 lli
1151 3149 1331 3214 enim,
1361 3161 1646 3218 postquam
1676 3149 1850 3203 sanati
1882 3160 2044 3216 sunt,

471 3238 745 3303 accipiunt
794 3254 822 3290 a
865 3239 993 3290 Jesu
1043 3245 1368 3305 potestatem
1407 3240 1654 3291 caleantli
1689 3240 1755 3293 iis
1785 3241 2042 3309 pedibus,

468 3330 671 3396 quibus
721 3339 880 3381 antea
929 3329 1005 3381 uti
1041 3345 1143 3380 non
1178 3338 1465 3396 poterant,
1498 3341 1782 3398 serpentes
1809 3340 1864 3384 et
1891 3345 2045 3386 scor-

470 3425 662 3494 piones
711 3423 953 3488 malitiae,
987 3433 1150 3490 atque
1200 3423 1335 3476 adeo
1383 3433 1548 3476 totam
1599 3423 1805 3478 inimici
1857 3435 2046 3494 poten-

473 3518 605 3567 tiam
643 3515 730 3582 ⁷⁶;
770 3515 930 3583 idque
966 3514 1111 3566 nullo
1142 3513 1384 3568 vulneris
1419 3515 1698 3584 periculo,
1747 3525 1934 3584 utpote
1965 3516 2042 3570 ita

466 3604 637 3658 fortes
682 3605 848 3672 facti,
899 3613 957 3658 ut
1001 3604 1145 3656 nulla
1181 3607 1422 3672 potentia
1448 3643 1464 3668 ,
1493 3606 1702 3658 nullunt
1733 3607 2041 3661 daemonum

467 3699 617 3749 virus
649 3696 848 3750 laedere
875 3698 994 3750 illos
1024 3706 1209 3765 queat.

535 3787 626 3839 49.
667 3785 827 3840 Jesus
879 3788 1179 3854 discipulos
1226 3802 1583 3842 commonens
1623 3795 1680 3840 ut
1726 3786 1831 3841 sibi
1881 3801 2042 3842 cave-

471 3887 634 3940 rent,
667 3893 773 3929 non
820 3879 887 3930 ab
921 3879 1316 3946 impostoribus
1349 3879 1671 3948 simpliciter
1699 3888 1755 3930 et
1796 3879 1863 3931 iis
1885 3918 1901 3945 ,
1948 3879 2039 3947 qui

467 3967 838 4035 qualicunque
881 3969 1042 4020 modo
1091 3967 1352 4020 miracula
1395 3967 1779 4036 promitterent
1825 3965 2040 4037 (neque

468 4059 623 4111 enim
658 4059 763 4112 hac
791 4059 858 4110 de
889 4072 946 4110 re
977 4057 1182 4110 monito
1213 4072 1348 4126 Opus
1373 4066 1492 4110 erat
1519 4059 1571 4126 ),
1611 4057 1704 4110 sed
1747 4056 1817 4111 ab
1853 4058 1918 4112 iis
1947 4060 2036 4127 qui

464 4163 525 4202 se
554 4147 648 4200 Dei
677 4149 951 4202 Christum
980 4162 1102 4200 esse
1128 4146 1524 4216 praedicarent,
1553 4158 1606 4200 et
1631 4147 1699 4200 ad
1732 4161 1789 4200 se
1815 4149 2038 4216 quibus-

458 4241 586 4293 dam
618 4241 906 4310 praestigiis
932 4238 1060 4293 Jesu
1091 4238 1389 4308 discipulos
1415 4238 1605 4292 allecta
1619 4253 1676 4292 re
1707 4239 2032 4305 niterentur,

465 4334 738 4386 interdum
759 4331 1113 4387 dicitchunc
1133 4331 1313 4399 siquis
1342 4330 1497 4384 vobis
1529 4329 1764 4385 dixerit:
1788 4331 1926 4384 Ecce
1947 4331 2032 4385 hic

459 4435 546 4476 est
569 4424 842 4486 Christus,
870 4432 962 4475 aut
988 4422 1100 4476 illic
1123 4461 1137 4486 ,
1163 4419 1334 4474 uolite
1357 4420 1606 4473 credere.
1635 4419 1868 4489 Surgent
1889 4421 2032 4474 enim

459 4518 889 4586 pseudo-Christi
913 4527 968 4571 et
993 4515 1524 4587 pseudo—prophetat,
1557 4523 1614 4568 et
1642 4517 1845 4569 dabunt
1874 4515 2028 4584 signa

457 4621 515 4664 et
545 4611 790 4680 prodigia
828 4626 1023 4679 magna
1051 4649 1064 4674 ,
1095 4613 1169 4663 ita
1204 4619 1263 4661 ut
1297 4607 1350 4660 in
1383 4621 1628 4660 errorem
1672 4607 2025 4673 inducantur,

458 4703 504 4756 si
539 4702 652 4755 ﬁeri
683 4711 888 4768 potest,
919 4703 1082 4755 etiam
1113 4700 1272 4754 electi
1303 4717 1317 4765 ;
1351 4712 1478 4752 ecce
1507 4699 1733 4767 praedixi
1765 4699 1935 4753 vobis.
1967 4699 2024 4753 Si

457 4805 588 4860 ergo
616 4790 854 4843 dixerint
876 4791 1061 4843 vobis:
1087 4789 1227 4842 Ecce
1258 4789 1311 4842 in
1340 4779 1554 4841 deserto
1579 4795 1693 4850 est,
1723 4788 1890 4841 nolite
1915 4789 2030 4843 exi-

461 4895 520 4934 re
547 4901 558 4933 :
583 4879 721 4934 Ecce
750 4881 802 4933 in
829 4879 1214 4948 penetralibus,
1241 4879 1409 4933 nolite
1431 4878 1676 4932 credere.
1706 4877 1860 4930 Sicut
1884 4879 2023 4931 enim

454 4972 637 5042 tulgur
659 4973 772 5025 exit
793 4973 859 5026 ab
886 4971 1099 5026 oriente
1122 4981 1174 5025 ct
1195 4981 1350 5040 paret
1372 4984 1542 5038 usque
1568 4969 1620 5021 in
1643 4969 1979 5024 occidentem
2008 5010 2024 5034 ,

527 5123 575 5155 ’³
607 5127 742 5181 Luc.
767 5141 888 5191 vut,
919 5125 1007 5180 52.

526 5265 636 5332 (2'2)
669 5264 837 5320 Codd.
890 5264 1171 5336 Regiuset
1203 5263 1548 5336 Basilecnsis,
1599 5265 1841 5336 φήσομεν
1887 5267 2013 5336 περὶ

526 5297 636 5332 ὶᾶὁ]
670 5297 837 5320 \JUHKI.
891 5297 1085 5332 Ιιῧῆιυῢ
1115 5297 1171 5317 UE
1205 5297 1548 5325 Ιισῑδιισι-Λπηδν
1599 5297 1654 5332 γ’
1677 5297 1840 5334 υυμῦν
1887 5297 2013 5336 Ἰὶιῧξιὶ

449 5337 673 5390 τούτων.
708 5339 852 5388 Alias
892 5335 1134 5405 φήσομέν
1165 5334 1217 5402 γ’
1250 5333 1328 5385 ἔτι
1372 5332 1605 5405 τούτων.
1650 5297 1795 5387 ίιιίΤει
1851 5337 2013 5389 iidem

451 5409 629 5467 codd.,
661 5406 934 5477 Σαρεπτά.
954 5403 1134 5477 ίΑΙιεδ,
1172 5403 1449 5477 Σαρ-αφθά.

520 5477 630 5540 (Ξὸ)
668 5471 827 5527 Ιιιιὶιιιι
869 5476 1027 5529 codd.
1065 5485 1228 5538 recte,
1253 5471 1472 5526 ἀκούει.
1508 5473 1680 5536 Alias,
1713 5471 1945 5526 ἀκούειν.

521 5546 630 5614 (24)
670 5544 1065 5614 Ἐπιστρέρων
1092 5544 1233 5610 τοὺς
1264 5543 1533 5613 μαθητὰς
1579 5542 1714 5611 οὐχί
1746 5543 1866 5614 ,ἀπὸ
1917 5542 2023 5596 τοῦ

447 5612 530 5682 μὴ
561 5612 900 5683 προσέχειν.
926 5613 1234 5685 Legendutn
1262 5612 1493 5680 videtur,
1518 5613 1872 5683 ἀποστρέφων
1901 5614 2024 5675 τοὺς

1083 5126 1129 5157 ⁷⁵
1153 5126 1309 5181 Joan.
1352 5143 1465 5193 xw,
1494 5127 1582 5184 12.
1655 5127 1700 5159 ⁷⁵
1724 5127 1882 5182 Rom.
1914 5144 2016 5193 vn,
2038 5130 2128 5184 22.

2147 3160 2510 3231 λαμϐάνουσιν
2543 3160 2649 3213 ἀπὸ
2685 3159 2857 3230 Ἰησοῦ
2889 3159 3135 3223 ἐξουσίαν
3176 3163 3366 3213 πατεῖν
3405 3163 3516 3223 τοῖς
3549 3162 3720 3226 ποσὶν,

2145 3248 2226 3314 οἷς
2278 3252 2537 3322 πρότερον
2591 3246 2728 3321 ἦσαν
2778 3250 2963 3320 χωλοὶ,
3019 3249 3201 3301 ἐπάνω
3245 3250 3352 3302 τῶν
3391 3250 3488 3319 τῆς
3530 3251 3726 3314 κακίας

2145 3343 2318 3410 ὄφεων
2347 3345 2440 3396 καὶ
2476 3342 2771 3414 σκορπίων,
2802 3342 2895 3394 καὶ
2924 3340 3254 3403 ἁπαξαπλῶς
3295 3341 3387 3393 ἐπὶ
3419 3343 3599 3394 πᾶσαν
3630 3343 3726 3412 τήν

2144 3433 2368 3504 δύναμιν
2393 3434 2484 3486 τοῦ
2523 3432 2739 3503 ἐχθροῦ,
2769 3433 2865 3486 καὶ
2916 3431 3210 3494 πατοῦντες
3242 3433 3341 3484 οὐκ
3382 3431 3721 3486 ἀδικοῦνται-

2143 3525 2422 3594 κρείττους
2457 3523 2562 3594 γὰρ
2590 3523 2684 3576 καὶ
2716 3523 2870 3576 αὐτοὶ
2903 3522 3158 3590 γεγόνασι
3189 3523 3282 3576 τοῦ
3314 3525 3490 3594 πάσης
3529 3526 3724 3589 κακίας

2143 3615 2236 3668 καὶ
2267 3613 2375 3666 τῶν
2406 3613 2674 3684 δαιμόνων
2707 3612 2807 3666 ίοῦ.

2221 3792 2281 3845 '0
2333 3792 2433 3862 μὲν
2488 3788 2580 3846 οῦν
2634 3791 2840 3863 Ἰησοῦς
2891 3793 3231 3862 ἐπιστρέφων
3291 3796 3416 3857 τοὺς
3475 3795 3719 3865 μαθητὰς

2139 3884 2259 3953 οὐχὶ
2288 3883 2396 3936 ἀπὸ
2419 3883 2510 3936 τοῦ
2535 3883 2608 3954 μὴ
2634 3883 2917 3954 προσέχειν
2955 3884 3064 3954 (24)
3091 3883 3422 3949 ἁπαξαπλῶς
3443 3887 3602 3956 γόησι
3629 3887 3716 3938 καὶ

2136 3978 2249 4038 τοῖς
2279 3974 2763 4045 ἐπαγγελλομένοις
2793 3975 2861 4027 δι’
2889 3977 3005 4039 οἵας
3060 3976 3256 4046 δήποτε
3289 3977 3408 4030 ὁδοῦ
3439 3982 3608 4030 ποιεῖν
3635 3995 3717 4030 τε-

2140 4065 2334 4134 ράστια
2377 4064 2456 4131 (οὐ
2498 4063 2606 4134 γὰρ
2656 4063 2863 4116 ἐδέοντο
2917 4063 3102 4116 τούτου
3144 4066 3191 4117 οί
3242 4065 3478 4135 μαθηταὶ
3509 4066 3713 4136 αὐτοῦ),

2137 4155 2250 4208 ἀλλ’
2291 4156 2398 4208 ἀπὸ
2436 4155 2529 4208 τοῦ
2574 4159 2684 4220 τοῖς
2733 4155 3156 4226 ἀναγορεύουσιν
3200 4158 3420 4221 ἑαυτοὺς
3464 4153 3599 4212 εἶναι
3628 4159 3716 4212 τὸν

2136 4247 2368 4318 Χριστὸν
2395 4247 2486 4300 τοῦ
2511 4247 2664 4312 Θεοῦ,
2694 4249 2787 4300 καὶ
2818 4249 3178 4320 πειρωμένοις
3215 4248 3301 4301 διά
3326 4267 3484 4301 τινων
3518 4266 3718 4318 φαντα-

2139 4337 2269 4390 σιῶν
2294 4337 2428 4408 πρὸς
2458 4338 2682 4400 ἑαυτοὺς
2711 4338 3059 4408 ἐπιστρέφειν
3085 4338 3209 4400 τοὺς
3243 4336 3416 4408 Ἰησοῦ
3447 4338 3713 4410 μαθητὰς,

2137 4430 2268 4482 ὅπου
2301 4430 2397 4500 μὲν
2431 4425 2578 4482 εἶπε·
2620 4449 2638 4480 ι
2675 4429 2808 4482 Τότε
2843 4430 2938 4482 ἐάν
2969 4447 3051 4491 τις
3079 4430 3202 4499 ὑμῖν
3234 4432 3359 4500 είπῃ
3381 4447 3394 4459 ·
3436 4430 3586 4495 Ἰδοὺ,
3615 4424 3716 4484 ὧδε

2135 4520 2163 4570 ὁ
2195 4519 2425 4588 Χριστὸς
2453 4519 2485 4590 ἢ
2518 4513 2640 4582 ὧδε,
2672 4519 2746 4589 μὴ
2777 4518 3105 4588 πιστεύσητε
3136 4519 3268 4590 (25).
3303 4519 3716 4589 Ἐγερθήσονται

2135 4609 2242 4680 γὰρ
2287 4609 2657 4678 ψευδόχριστοι
2705 4610 2799 4662 καὶ
2837 4610 3296 4680 ψευδοπροφῆται,
3346 4612 3438 4663 καὶ
3486 4611 3712 4664 δώσουσι

2136 4701 2337 4767 σημεῖα
2367 4699 2461 4751 καὶ
2484 4699 2683 4769 τέρατα
2714 4699 2927 4768 μεγάλα
2959 4698 3098 4752 ὥστε
3127 4698 3448 4761 πλανᾶσθαι,
3481 4701 3528 4750 εί
3559 4699 3712 4752 δυνα-

2133 4787 2246 4850 τὸν,
2268 4786 2361 4839 καὶ
2392 4786 2516 4849 τοὺς
2549 4787 2896 4851 ἐκκλεκτούς·
2935 4789 3042 4841 ἰδοὺ
3075 4788 3377 4860 προείρηκα
3408 4790 3551 4858 ὑμῖν.
3590 4789 3708 4841 Ἐἀν

2130 4875 2223 4934 οῦν
2255 4879 2478 4931 εἴπωσιν
2507 4880 2654 4949 ὑμῖν,
2701 4879 2829 4932 Ἰδοὺ
2877 4881 2935 4934 ὲν
2975 4884 3038 4951 τῇ
3078 4883 3267 4952 ἐρήμῳ
3292 4879 3426 4945 ἐστὶ,
3466 4881 3538 4952 μὴ
3565 4879 3705 4944 ἐξέλ-

2133 4971 2285 5041 θητε·
2338 4971 2466 5024 Ἰδοὺ
2501 4973 2556 5024 ἐν
2585 4974 2694 5034 τοῖς
2723 4973 2988 5041 ταμείοις,
3022 4972 3096 5043 μή
3129 4973 3473 5046 πιστεύσητε.
3503 4975 3708 5044 Ὥσπερ

2208 5133 2253 5164 ⁷⁸
2284 5131 2417 5186 Luc.
2452 5149 2508 5198 κ,
2537 5133 2620 5186 l9.

2126 5269 2367 5339 μαθητὰς
2398 5269 2517 5338 οὐχὶ
2547 5270 2654 5322 ἀπὸ
2686 5269 2779 5322 τοῦ
2807 5271 3114 5339 προσέχειν.

2195 5339 2304 5407 ('25)
2341 5339 2497 5392 Lihb.
2528 5340 2805 5406 impressi,
2854 5340 3153 5403 πιστεύετε,
3182 5339 3274 5395 sed
3310 5342 3468 5397 codd.
3503 5340 3705 5409 Regius

2124 5417 2180 5480 et
2237 5409 2584 5480 Basilcensis,
2632 5409 2992 5480 πιστεύσητε,
3047 5421 3096 5463 et
3155 5409 3227 5463 ita
3288 5411 3429 5464 infra
3488 5414 3700 5480 legitur.

2124 5476 2302 5551 Paulo!
2321 5489 2443 5551 post
2464 5493 2654 5551 omnes
2679 5493 2810 5532 mss.
2837 5476 2895 5551 et
2917 5477 3256 5551 llazschelius
3280 5481 3331 5534 in
3361 5476 3701 5551 ιεχιιι,“ῶστε

2129 5546 2452 5602 πλανᾶσθαι.
2487 5547 2805 5617 Spencerus,
2829 5547 2968 5601 ὥστε
2997 5548 3286 5619 πλανῆσαι.
