3998 6170
359 277 476 331 873
1631 273 1911 331 CONTRA
1941 273 2217 331 CELSUM
2255 274 2383 330 LIB.
2425 271 2486 332 Π.
3507 281 3613 336 874

355 394 473 462 γὰρ
508 389 541 458 ἡ
575 391 824 461 ἀστραπὴ
856 389 1130 462 ἐξέρχεται
1159 390 1250 442 ἀπ’
1285 390 1556 443 ἀνατολῶν
1580 392 1672 443 καὶ
1697 391 1931 459 φαίνεται

2051 389 2125 442 ita
2177 390 2279 442 erit
2317 399 2372 444 et
2418 389 2679 444 adventus
2729 389 2849 445 Filii
2907 390 3140 447 hominis
3171 393 3215 425 ⁷⁷
3243 410 3258 459 ;
3287 413 3306 446 ι
3339 395 3608 451 interdum

353 483 468 545 ἕως
505 482 744 551 δυσμῶν,
779 480 948 544 οὕτως
988 480 1137 534 ἔσται
1178 482 1210 550 ἡ
1248 482 1517 551 παρουσία
1555 481 1649 534 τοῦ
1682 481 1809 535 Υίοῦ
1854 481 1931 534 τοῐ

2051 495 2178 534 vero
2209 482 2288 534 sic
2314 497 2329 534 :
2359 499 2378 531 ι
2416 480 2564 535 Mulli
2601 483 2782 537 dicent
2815 484 2945 537 mihi
2983 484 3034 537 in
3067 484 3158 538 illa
3188 486 3314 540 die:
3357 488 3609 552 Domine,

350 573 653 643 ἀνθρώπου
674 590 686 602 ·
728 593 745 623 ι
782 573 914 624 ὅπου
943 573 1029 625 δέ·
1067 592 1084 622 ι
1126 572 1314 624 Πολλοὶ
1343 572 1526 643 ἐροῦσί
1560 590 1648 643 μοι
1681 575 1736 626 ἐν
1767 573 1931 645 ἐκείντ

2052 572 2308 636 Domine,
2337 588 2517 627 nonne
2547 574 2764 629 nomine
2796 583 2886 628 tuo
2914 575 3252 631 comedimus
3271 616 3287 643 ,
3314 587 3368 631 et
3395 580 3613 633 nomine

347 666 419 733 τῇ
475 664 695 736 ἡμέρᾳ.⁸
759 664 952 733 Κύριε,
1010 666 1198 734 Κύριε,
1225 665 1285 717 οὐ
1314 665 1389 735 τῷ
1422 665 1644 735 ὀνόματί
1677 683 1770 718 σου
1811 667 1931 734 ἐφά-

2055 672 2146 715 ιιιο
2179 663 2448 727 bibimus,
2481 673 2536 718 et
2569 665 2787 719 nomine
2821 674 2913 716 tuo
2945 666 3205 720 daemonia
3232 666 3490 733 eiecimus
3515 709 3529 732 ,
3555 679 3611 723 et

348 767 553 821 γομεν,
587 752 679 805 καὶ
713 752 789 823 τῷ
815 753 1038 822 ὀνόματί
1064 770 1154 806 σου
1196 754 1442 825 ἐπίομεν,
1473 753 1564 807 καὶ
1604 753 1682 824 τῷ
1723 755 1925 824 όνόματ

2051 753 2284 807 virtutes
2320 755 2516 808 multas
2549 756 2812 808 fecimus?
2844 756 2910 808 Et
2935 757 3107 810 dicam
3139 759 3256 810 eis:
3288 758 3554 814 Discedite
3579 775 3611 814 a

352 859 452 894 σου
490 844 743 914 δαιμόνια
785 844 1106 914 ἐξεϐάλομεν
1149 845 1281 915 (26),
1326 847 1419 899 καὶ
1455 846 1710 915 δυνάμεις
1749 845 1931 908 πολλὰς

2049 855 2165 905 me,
2199 842 2328 909 quia
2365 844 2496 896 estis
2529 846 2764 911 operarii
2800 846 3104 912 iniquitatis
3133 846 3201 899 ⁷⁸.
3233 866 3254 898 ι
3287 846 3477 901 Celsus
3510 863 3610 902 atr-

351 936 702 1006 ἐποιήσαμεν
727 953 741 999 ;
775 936 886 989 Καὶ
915 936 1023 1006 ἐρῶ
1051 937 1230 1000 αὐτοῖς
1248 953 1260 966 ·
1289 938 1647 1006 Ἀποχωρεῖτε
1674 936 1768 990 ἀπ’
1789 934 1931 1007 ἐμοῦ.

2051 940 2157 984 tem
2191 933 2279 999 qui
2311 931 2436 986 Jesu
2484 934 2743 988 miracula
2793 936 2926 989 nihil
2972 937 3040 989 ab
3085 939 3309 992 usitatis
3337 939 3610 1006 apud-ho-

347 1032 438 1084 ὅτι
472 1031 595 1084 ἐστέ
627 1031 850 1103 ἐργάται
887 1032 1116 1096 ἀδικίας.
1163 1053 1180 1084 ›
1228 1033 1286 1084 '0
1322 1033 1378 1084 δὲ
1410 1034 1641 1097 Κέλσος,
1674 1050 1931 1086 κοινοποι-

2049 1023 2222 1076 mines
2251 1024 2540 1093 praestigiis
2563 1025 2876 1094 discrepare
2901 1029 3208 1094 pertendit,
3234 1029 3313 1083 sic
3336 1029 3608 1098 loquitur:

346 1121 491 1190 ῆσαι
521 1122 840 1193 βουλόμενος
875 1123 943 1176 τὰ
973 1124 1229 1194 τεράστια
1266 1124 1358 1177 τοῦ
1397 1125 1567 1196 Ἰησοῦ
1598 1125 1732 1196 πρὸς
1764 1125 1861 1196 τὴν
1889 1127 1931 1176 ἐι

2052 1130 2071 1163 ι
2105 1109 2148 1165 0
2178 1112 2353 1165 lucem
2383 1123 2435 1164 et
2474 1115 2760 1166 veritatem
2789 1116 2804 1168 !
2847 1115 2937 1169 ille
2975 1117 3087 1183 ipse
3123 1133 3216 1171 sua
3251 1136 3379 1175 voce
3412 1123 3614 1176 diserte

347 1212 671 1283 ἀνθρώποις
715 1217 984 1284 γοητείαν,
1018 1217 1179 1284 φησὶν
1211 1216 1396 1278 αὐταῖς
1416 1215 1650 1280 λέξεσιν·
1689 1236 1707 1266 ‹
1733 1213 1802 1268 Ὦ
1833 1217 1931 1285 φῶς

2048 1204 2328 1266 admonet,
2384 1206 2839 1273 quemadmodum
2872 1219 3049 1262 vestra
3081 1211 3280 1279 scripta
3320 1223 3610 1276 testantur,

350 1306 452 1357 καὶ
484 1305 743 1376 ἀλήθειαῑ
798 1310 861 1378 τῇ
905 1309 1070 1360 αὑτοῦ
1111 1310 1259 1377 φωνῇ
1288 1307 1580 1379 διαρρήδην
1614 1307 1943 1376 ἐξαγορεύει,

353 1397 511 1450 καθὰ
561 1397 656 1450 καὶ
714 1399 871 1469 ὑμεῖς
925 1404 1374 1472 συγγεγράφατε,
1434 1400 1567 1453 διότι
1623 1401 1945 1472 παρέσονται

353 1488 494 1556 ὑμῖν
528 1489 620 1542 καὶ
665 1489 838 1560 ἕτεροι
869 1490 1160 1560 δυνάμεσιν
1191 1490 1405 1560 ὁμοίαις
1449 1488 1739 1562 χρώμενοι,
1789 1490 1948 1543 κακοὶ

354 1578 458 1629 καὶ
474 1577 687 1648 γόητες.
712 1601 730 1632 ι
761 1581 869 1632 Καὶ
881 1581 1121 1634 Σατανᾶν
1147 1599 1270 1634 τινα
1303 1580 1523 1634 τοιαῦτα
1552 1580 1661 1651 (27)
1691 1598 1947 1652 παραμη-

354 1666 676 1737 χανώμενον
708 1669 988 1739 ὀνομάζει·
1031 1671 1156 1722 ὥστ’
1184 1671 1302 1724 οὐδέ
1336 1672 1491 1735 αὐτὸς
1521 1671 1738 1743 ἔξαρνός
1778 1675 1941 1735 ἐστιν,

2048 1292 2290 1345 futurum
2337 1307 2458 1347 esse
2505 1306 2563 1346 ut
2607 1305 2660 1349 et
2703 1295 2791 1348 alii
2826 1297 3015 1351 eadem
3047 1299 3306 1353 miracula
3339 1301 3609 1368 facerent,

2049 1383 2276 1451 improbi
2317 1393 2493 1440 tamen
2515 1388 3027 1456 etprzestigiatorcs.
3051 1408 3069 1441 ι
3099 1389 3237 1456 Quin
3267 1403 3320 1446 et
3353 1393 3608 1447 Satanam

2048 1475 2332 1542 quemdam
2368 1476 2606 1531 nominat
2643 1476 2949 1543 huiusmodi
2981 1495 3166 1533 rerum
3217 1481 3482 1552 insignem
3519 1499 3610 1538 ar-

2048 1567 2246 1620 tiﬁcem
2295 1586 2309 1623 :
2361 1568 2432 1621 ita
2482 1583 2551 1623 ne
2598 1571 2714 1638 ipse
2763 1571 2979 1638 quidem
3028 1573 3312 1636 inﬁtiatur,
3364 1575 3500 1630 nihil
3545 1578 3612 1630 iis

2033 1641 2229 1713 'inesse
2260 1661 2566 1715 divinitatis
2587 1701 2601 1725 ,
2633 1662 2727 1716 sed
2765 1676 2883 1716 esse
2911 1662 3297 1734 ﬂagitiosornm
3331 1666 3608 1719 hominum

353 1755 440 1819 ὡς
473 1757 644 1810 ταῦτά
669 1775 732 1827 γε
760 1761 908 1812 οὐδὲν
941 1760 1103 1825 θεῖον,
1134 1761 1267 1814 ἀλλὰ
1317 1763 1566 1832 πονηρῶν
1598 1765 1742 1816 ἐστιν
1783 1762 1931 1832 ἔργα.

2046 1763 2232 1817 opera.
2269 1749 2574 1821 Oppressus
2609 1760 2786 1807 autem
2826 1755 3070 1808 veritatis
3117 1755 3325 1811 viribus
3357 1756 3523 1829 424.
3558 1770 3612 1812 et

354 1845 688 1917 Βιαζόμενος
715 1849 770 1900 δὲ
805 1850 908 1902 ὑπὸ
945 1850 1042 1919 τῆς
1084 1851 1336 1922 ἀληθείας
1384 1851 1538 1921 ὁμοῦ,
1586 1851 1680 1904 καὶ
1722 1851 1789 1904 τὰ
1833 1851 1940 1904 τῶν

355 1936 538 1990 ἄλλων
575 1939 911 2009 ἀπεκάλυψε,
958 1943 1050 1994 καὶ
1091 1944 1158 1995 τὰ
1207 1943 1326 1997 καθ’
1360 1944 1520 1997 αὑτὸν
1561 1943 1772 2015 ἤλεγξε.
1818 1944 1942 2007 Πῶς

353 2024 454 2080 οῦν
481 2031 538 2082 οὐ
565 2032 804 2100 σχέτλιον
833 2035 940 2086 ἀπὸ
975 2034 1082 2087 τῶν
1117 2035 1295 2088 αὐτῶν
1335 2035 1510 2108 ἔργων
1537 2037 1627 2089 τὸν
1662 2036 1760 2106 μὲν
1787 2037 1938 2100 Θεὸν,

352 2122 488 2185 τοὺς
519 2122 574 2174 δέ
602 2124 802 2194 γόητας
835 2125 1110 2196 ἡγεῖσθαι;
1143 2127 1206 2179 Τί
1241 2127 1347 2199 γὰρ
1378 2128 1575 2198 μᾶλλον
1605 2128 1711 2181 ἀπό
1733 2145 1797 2197 γε
1821 2129 1942 2181 τού-

352 2226 469 2264 των
494 2212 617 2276 τοὺς
650 2213 841 2278 ἄλλους
869 2219 1138 2287 πονηροὺς
1167 2218 1198 2290 ἢ
1247 2219 1434 2273 τοῦτον
1481 2220 1762 2289 νομιστέον
1796 2220 1941 2290 αὐτῷ

353 2303 672 2373 χρωμένους
705 2305 974 2376 μάρτυρι;
1011 2308 1194 2360 Ταῦτα
1247 2309 1344 2378 μέν
1387 2326 1449 2376 γε
1481 2307 1592 2379 (9.8)
1643 2309 1736 2362 καὶ
1781 2309 1941 2374 αὐτὸς

353 2396 707 2467 ὡμολόγησεν
758 2400 877 2469 οὐχ).
937 2399 1088 2464 θείας
1130 2400 1378 2468 φύσεως,
1443 2400 1556 2452 ἀλλ’
1613 2400 1941 2454 ἀπατεώνων

352 2487 518 2539 τινῶν
569 2489 662 2540 καὶ
704 2490 1076 2558 παμπονήρων
1127 2485 1261 2542 εἶναι
1312 2488 1686 2558 γνωρίσματα..
1745 2509 1761 2540 ι
1799 2489 1940 2560 Ὅρα

352 2577 423 2647 δὴ
461 2580 507 2630 εἰ
543 2577 614 2647 μὴ
651 2581 707 2631 ἐν
747 2578 954 2642 τούτοις
999 2580 1182 2647 σαφῶς
1213 2582 1240 2632 ὁ
1276 2580 1480 2642 Κέλσος
1523 2579 1799 2650 ἐλέγχεται
1838 2596 1938 2632 κα-

356 2667 607 2737 κουργῶν
653 2669 742 2720 τὸν
788 2668 969 2736 λόγον·
1010 2669 1135 2724 ἄλλο
1200 2670 1299 2740 μὲν
1343 2670 1435 2723 τοῦ
1477 2669 1647 2741 Ἰησοῦ
1695 2670 1939 2738 λέγοντος

355 2757 491 2827 περὶ
526 2757 632 2810 τῶν
669 2758 998 2828 ποιησόντων
1029 2758 1137 2829 (29)
1169 2763 1367 2830 σημεῖα
1414 2760 1507 2812 καὶ
1553 2759 1774 2829 τέρατα,
1815 2757 1940 2811 ἄλλο

354 2843 416 2896 δὲ
465 2843 560 2896 τοῦ
608 2847 757 2915 παρὰ
803 2846 880 2915 τῷ
924 2848 1115 2918 Κέλσῳ
1166 2849 1418 2901 Ἰουδαίου
1467 2850 1783 2916 φάσκοντος.
1831 2851 1940 2902 Καὶ

353 2933 467 3005 γὰρ
499 2936 547 2986 εί
579 2935 676 3003 μὲν
706 2935 890 3000 ἁπλῶς
923 2939 1030 3001 τοῖς
1070 2939 1332 3008 μαθηταῖς
1365 2939 1546 3006 ἔλεγεν
1589 2939 1792 3008 Ἰησοῦς
1836 2958 1936 3009 φυ-

352 3020 646 3077 λάσσεσθαι
693 3027 820 3088 τοὺς
871 3027 938 3078 τὰ
996 3028 1257 3098 τεράστια
1291 3029 1820 3099 ἐπαγγελλομένους,
1875 3031 1934 3082 οὺ

353 3114 786 3183 παρατιθέμενος
817 3117 869 3168 τί
899 3118 1156 3186 φήσουσιν
1186 3118 1410 3179 ἑαυτοὺς
1449 3114 1620 3170 εἶναι’
1654 3119 1791 3186 τάχα
1830 3117 1938 3187 χώ-

354 3219 460 3273 ραν
493 3201 633 3273 εἶχεν
663 3205 726 3257 ἂν
754 3208 785 3277 ἡ
818 3208 1042 3260 ὑπόνοια
1088 3207 1281 3260 αὐτοῦ’
1325 3208 1446 3260 ἐπεὶ
1473 3207 1517 3259 δ’
1553 3209 1644 3275 ἀφ’
1691 3202 1765 3261 ὧν
1799 3207 1940 3260 θέλει

357 3295 728 3365 φυλάσσεσθαι
770 3300 916 3367 ἡμᾶς
966 3301 993 3351 ό
1044 3299 1280 3369 Ἰησοῦς,
1337 3299 1756 3367 ἐπαγγέλλονται
1805 3295 1938 3353 εἶναι

353 3383 387 3436 ὁ
418 3387 678 3455 Χριστός·
734 3388 868 3458 ὅπερ
916 3389 974 3440 οὑ
1029 3390 1270 3443 ποιοῦσιν
1317 3393 1365 3443 οἱ
1411 3391 1601 3459 γόητες
1633 3389 1762 3461 (50),
1807 3390 1940 3442 ἀλλὰ

353 3476 454 3528 καὶ
485 3479 540 3529 ἐν
572 3477 646 3547 τῷ
679 3479 901 3549 ὀνόματι
939 3480 1110 3548 Ἰησοῦ
1147 3481 1390 3550 βιοῦντας
1419 3480 1604 3544 κακῶς
1632 3480 1764 3550 φησί
1792 3497 1939 3544 τινας

346 3567 611 3637 δυνάμεις
654 3571 917 3640 ποιήσειν,
966 3571 1058 3623 καὶ
1099 3571 1356 3642 δαίμονας
1381 3560 1692 3625 ¹ἀποϐαλεῖν
1732 3570 1941 3641 ἀνθρώ-

351 3674 492 3720 πων,
524 3659 720 3727 μᾶλλον
751 3659 796 3711 δ’
823 3661 891 3730 (εὶ
943 3661 1023 3713 δεῖ
1063 3661 1236 3724 οὕτως
1277 3663 1470 3732 εἰπεῖν)
1498 3661 1937 3733 ἀποκηρύσσεται

350 3750 456 3818 μὲν
483 3748 589 3800 τῶν
622 3751 760 3804 κατὰ
791 3751 878 3804 τὸν
909 3751 1073 3805 τόπον
1101 3754 1132 3821 ἡ
1169 3753 1409 3822 γοητεία,
1446 3753 1539 3807 καὶ
1577 3755 1725 3806 πᾶσα
1750 3755 1782 3823 ἡ
1818 3752 1936 3805 κατ’

348 3843 531 3896 αὐτῶν
563 3845 818 3898 ὑπόνοιαν
856 3845 1134 3914 εἰσάγεται
1161 3847 1217 3899 δέ
1255 3848 1286 3916 ἡ
1324 3845 1532 3917 θειότης
1561 3845 1654 3898 τοῦ
1679 3844 1933 3917 Χριστοῦ,

347 3935 448 3988 καὶ
490 3935 700 4004 θειότης
740 3937 850 4003 (51)
881 3936 990 3988 τῶν
1041 3936 1294 4007 μαθητῶν
1347 3936 1531 3998 αὐτοῦ,
1581 3937 1660 3988 ὅτι
1708 3935 1931 3988 δυνατόν

346 4045 472 4080 τινα
520 4029 597 4098 τῷ
659 4029 881 4098 ὀνόματι
933 4029 1095 4081 αὐτοῦ
1153 4029 1512 4100 χρησάμενον,
1548 4028 1640 4080 καὶ
1693 4028 1792 4080 οὐκ
1832 4025 1928 4079 οἷδ’

345 4115 499 4179 ὅπως
533 4116 890 4187 ἐνεργηθέντα
915 4114 1017 4167 ὑπό
1046 4133 1187 4180 τινος
1213 4116 1509 4185 δυνάμεως,
1537 4116 1669 4186 πρὸς
1693 4119 1752 4166 τὸ
1777 4131 1937 4181 προσ-

349 4207 700 4274 ποιήσασθαι,
745 4208 826 4258 ὃτι
874 4208 1033 4272 αὐτὸς
1063 4209 1146 4279 εἴη
1184 4210 1212 4261 ό
1255 4207 1506 4276 Χριστὸς,
1535 4205 1706 4256 δοκεῖν
1730 4206 1796 4258 τὰ
1828 4223 1934 4258 πα-

351 4297 629 4368 ραπλήσια
664 4299 930 4352 ἐπιτελεῖν
957 4300 1033 4370 τῷ
1065 4299 1304 4372 Χριστῷ,
1358 4299 1450 4350 καὶ
1480 4296 1669 4357 ἄλλους
1707 4296 1784 4366 τῷ
1820 4297 1935 4350 ὀνό-

349 4406 485 4460 ματι
520 4390 613 4443 τοῦ
648 4390 821 4462 Ἰησοῦ
867 4391 932 4444 τὰ
978 4391 1214 4462 ὡσπερεὶ
1258 4388 1612 4459 παραπλήσια
1649 4390 1759 4448 τοῖς
1801 4404 1932 4458 γνη-
1964 4405 2007 4456 ῃ

346 4481 484 4546 σίοις
509 4483 574 4535 αὑ
582 4481 673 4536 τοῦ
704 4482 988 4554 μαθηταῖς.

2049 1842 2276 1897 aliorum
2304 1854 2448 1900 artes
2473 1847 2713 1914 detegit,
2743 1857 2799 1901 et
2822 1862 2949 1902 suas
2980 1848 3096 1916 ipse
3121 1848 3281 1901 simul
3312 1852 3609 1920 redarguit.

2047 1935 2239 1989 Annon
2264 1936 2428 2006 igitur
2450 1938 2707 1992 miserum
2737 1948 2910 1993 estex
2946 1939 3135 1994 iisdem
3161 1941 3414 2009 operibus
3446 1943 3608 1995 istum

2048 2028 2263 2095 quidem
2295 2029 2499 2092 Deum,
2531 2030 2652 2084 illos
2679 2042 2859 2086 autem
2890 2031 3187 2087 sceleratos
3207 2033 3612 2101 judicari‘ICnr

2050 2117 2170 2171 illos
2206 2119 2420 2187 potius,
2449 2134 2612 2186 quam
2646 2121 2825 2177 hunc.
2863 2135 2928 2174 ex
2963 2121 3149 2175 iisdem
3183 2121 3343 2176 rebus
3373 2123 3609 2176 scelera-

2052 2217 2133 2262 tos
2167 2210 2474 2263 existimem
2497 2249 2513 2274 ,
2543 2213 2839 2279 praesertim
2878 2227 2996 2265 cum
3053 2213 3166 2282 ipse
3218 2221 3407 2266 contra
3439 2228 3500 2267 se
3533 2225 3612 2268 te-

2048 2296 2360 2352 stimonium
2414 2297 2595 2353 ferat?
2627 2297 2760 2353 Nam
2803 2309 2989 2370 aperte
3036 2300 3152 2370 ipse
3188 2302 3476 2355 confitetur
3518 2302 3607 2356 illa

2047 2389 2289 2457 prodigia
2323 2405 2428 2444 non
2465 2405 2586 2445 esse
2618 2391 2814 2444 divina:
2845 2400 3048 2445 natura:
3070 2429 3085 2454 ,
3119 2392 3214 2446 sed
3245 2392 3605 2460 impostorum

2047 2482 2406 2546 quorumdam
2451 2491 2506 2536 et
2549 2482 2941 2535 sceleratorum
2991 2481 3271 2536 hominum
3321 2483 3541 2537 indicia.
3582 2503 3600 2535 ι

2051 2569 2148 2623 Hic
2197 2571 2319 2626 vide
2346 2587 2412 2624 an
2447 2588 2552 2627 non
2599 2575 2881 2628 evidenter
2919 2573 3112 2629 Celsus
3157 2574 3284 2629 Jcsu
3333 2576 3495 2629 verba
3540 2577 3607 2629 ad

2047 2674 2270 2728 pravum
2307 2675 2520 2716 sensum
2557 2671 2822 2732 torqueat.
2857 2663 2990 2717 Nam
3023 2679 3143 2733 quae
3175 2665 3307 2719 dicit
3339 2665 3496 2720 Jesus
3543 2669 3609 2720 de

2051 2750 2295 2828 venturis
2353 2753 2634 2821 signorum
2698 2763 2752 2808 et
2817 2755 3181 2824 prodigiorum
3215 2757 3603 2825 patratoribns,

2047 2855 2271 2908 prorsus
2303 2841 2514 2898 diversa
2549 2852 2674 2898 sunt
2705 2845 2774 2899 ab
2808 2846 2875 2899 iis
2903 2860 3021 2914 quae
3049 2845 3268 2901 Judaeus
3301 2848 3444 2916 apud
3487 2849 3608 2904 Cel-

2045 2946 2163 2985 sum
2193 2933 2514 2988 deblaterat.
2550 2934 2605 2989 Si
2632 2934 2794 2990 Jesus
2822 2937 3116 3006 discipulos
3146 2944 3450 2994 monuisset
3477 2941 3605 2995 sitn-

2047 3023 2280 3089 pliciter,
2320 3035 2379 3079 ut
2410 3037 2675 3080 caverent
2705 3029 2775 3081 ab
2808 3028 2876 3082 iis
2906 3028 2997 3097 qui
3031 3029 3290 3082 miracula
3324 3031 3608 3097 promitte-

1995 3113 2006 3132 ‘
2049 3126 2198 3179 rent,
2232 3133 2330 3171 nec
2360 3118 2698 3183 addidisset,
2731 3119 2855 3187 quid
2887 3134 2945 3174 se
2969 3134 3092 3174 esse
3113 3120 3461 3190 jactitarent,
3496 3127 3607 3176 [οι--

2049 3219 2190 3261 tasse
2221 3208 2397 3261 locum
2427 3207 2651 3262 haberet
2689 3208 2868 3263 Judzei
2903 3211 3166 3279 suspicio.
3211 3211 3316 3266 Sed
3348 3215 3604 3282 quoniam

2046 3301 2080 3352 ii
2115 3314 2253 3369 quos
2282 3299 2441 3354 Jesus
2473 3316 2500 3352 a
2531 3301 2688 3354 nobis
2720 3301 2875 3354 vitari
2901 3301 3057 3367 jubet
3089 3317 3148 3356 se
3179 3301 3452 3358 Christum
3487 3319 3606 3357 esse

2043 3388 2376 3456 praedicant,
2407 3388 2549 3457 quod
2578 3406 2684 3444 non
2715 3391 2920 3444 faciunt
2944 3393 3399 3460 praestigiatores;
3435 3402 3489 3447 et
3521 3396 3604 3447 di-

2038 3483 2115 3535 cit
2144 3491 2406 3549 pmterea
2440 3481 2556 3535 fore
2587 3489 2645 3533 ut
2694 3481 2956 3550 improbis
3005 3483 3246 3535 moribus
3289 3484 3506 3550 quidam
3552 3485 3603 3537 in

2041 3573 2213 3640 ipsius
2250 3571 2470 3626 nomine
2508 3571 2774 3624 miracula
2826 3570 3068 3625 eﬂiciant
3091 3613 3107 3637 ,
3155 3581 3207 3624 et
3237 3575 3506 3628 theniones
3537 3593 3600 3629 ex

2041 3664 2351 3719 hominibus
2385 3661 2656 3731 expellant
2687 3678 2702 3714 :
2736 3661 2789 3714 id
2825 3675 2951 3714 vero
3007 3663 3186 3730 potius
3219 3678 3410 3717 omnes
3457 3679 3600 3731 prte-

2039 3756 2381 3825 stigiatorum
2414 3762 2585 3819 artes,
2622 3761 2682 3805 ut
2713 3751 2786 3805 ita
2824 3751 3038 3820 loquar,
3074 3753 3424 3818 exterminat,
3447 3751 3603 3810 Jesu-

2040 3861 2145 3916 que
2192 3860 2256 3900 ac
2297 3842 2690 3912 discipulorum
2738 3842 2857 3911 ejus
2900 3843 3236 3897 divinitatem
3275 3847 3598 3910 constituit;

2035 3935 2472 4006 quandoquidem
2511 3935 2624 3988 lieri
2656 3941 2872 4001 potest,
2907 3941 2965 3986 ut
2997 3933 3150 4002 quis,
3190 3946 3453 4004 usurpato
3483 3936 3602 4006 ejus

2039 4029 2254 4081 nomine
2279 4067 2293 4092 ,
2322 4035 2381 4079 et
2410 4041 2439 4078 a
2485 4024 2666 4078 nescio
2696 4038 2799 4090 qua
2833 4032 3101 4093 potestate
3135 4026 3421 4093 instigatus
3457 4035 3513 4079 ut
3542 4041 3603 4080 se

2040 4121 2314 4174 Christum
2343 4134 2463 4174 esse
2493 4116 2748 4194 simulet,
2782 4117 2982 4170 similia
3019 4118 3087 4171 iis
3117 4134 3238 4186 qua:
3275 4116 3436 4174 Jesns
3458 4159 3472 4183 ,
3519 4121 3601 4172 l‘a-

2038 4227 2162 4267 cere
2197 4215 2311 4280 ipse
2335 4249 2352 4274 ,
2383 4218 2439 4263 et
2466 4209 2555 4262 alii
2592 4207 2718 4260 Jesn
2756 4210 2977 4263 nomine
3007 4208 3202 4262 similia
3236 4210 3300 4263 iis
3333 4225 3453 4278 quae
3485 4211 3597 4264 veri

2038 4300 2288 4370 discipuli
2314 4340 2330 4365 ,
2365 4299 2542 4353 facere
2569 4299 2873 4352 videantur.

453 4595 716 4648 “Matth.
753 4611 901 4661 xxiv,
940 4596 1009 4648 25
1052 4610 1204 4664 seqq.
1279 4595 1324 4626 ’⁷³
1350 4593 1540 4648 Matth.
1586 4608 1686 4654 vn,
1721 4591 1822 4653 εἰς
1864 4591 1996 4644 Luc.
2047 4598 2168 4651 xm,
2209 4586 2301 4640 26.

368 4718 371 4722 ’
416 4710 530 4780 (26)
570 4712 738 4765 Codd.
802 4710 932 4776 Reg.
990 4720 1043 4764 ct
1092 4709 1454 4780 Basileensis.
1489 4707 1766 4780 ἐφάγομεν
1825 4707 1919 4761 καὶ

361 4777 610 4850 ἐπίομεν,
642 4781 740 4833 καὶ
767 4781 844 4850 τῷ
877 4779 1100 4850 ὀνόματί
1130 4797 1223 4832 σου
1252 4779 1502 4850 δαιμόνια
1526 4777 1869 4850 ἐξεϐάλομεν.

403 4847 513 4918 (27)
553 4851 659 4902 Καὶ
697 4847 983 4904 Σατανᾶν
1010 4866 1140 4902 τινα
1181 4847 1449 4912 τοιαῦτα,
1485 4860 1593 4902 etc.
1650 4847 1725 4900 Ita
1755 4847 1916 4918 recte

350 4917 662 4972 Bolte’rellus
701 4931 884 4974 censet
931 4921 1247 4987 legendum,
1296 4929 1353 4972 ut
1383 4919 1504 4972 τινά
1553 4918 1820 4970 referatur
1850 4917 1914 4968 ad

349 4987 610 5057 Satanam
640 5005 652 5040 :
689 4991 1137 5054 quemadmodum
1167 4989 1362 5057 legitur
1389 4990 1550 5047 inlra,
1571 4989 1650 5039 ὃτι
1674 4987 1915 5047 Σατανᾶς

344 5071 431 5118 ⁶τις
461 5055 682 5138 τοιαῦτα
723 5055 1259 5138 παραμηχανήσεταῐ.
1307 5059 1440 5110 Male
1485 5057 1912 5138 ergndiicnlibb.

345 5137 502 5176 antea
533 5128 715 5198 editi.
742 5123 1126 5198 τοιαῦτᾶίτινα
1159 5123 1724 5198 παραμηχανώμενον.
1753 5123 1914 5198 Paulo

343 5205 486 5263 post,
515 5195 590 5258 ὼς
617 5197 790 5249 ταῦτά
815 5215 879 5264 γε
903 5197 1052 5249 οὐδὲν
1085 5195 1250 5250 θεῖον.
1271 5195 1461 5249 Annon
1495 5195 1612 5265 pust
1643 5195 1782 5246 θεῖον
1817 5195 1912 5245 ad-

342 5266 575 5335 dendum
605 5266 736 5335 ἔχει,
765 5279 821 5317 ιιι
852 5267 988 5319 infra
1024 5283 1167 5318 num.
1195 5266 1290 5335 51.

410 5331 520 5408 (28)
554 5329 723 5401 Αὗὲῷ
748 5335 1083 5408 χρωμένῳς
1121 5334 1407 5408 μάρτυρι;
1448 5332 1635 5408 Totum
1681 5329 1908 5408 μένγε.

340 5400 534 5473 Guieto
570 5400 911 5458 scribendum
943 5400 1173 5473 videtur,
1201 5400 1380 5466 αὐτοῖς
1410 5401 1708 5473 χρώμενον.
1728 5400 1911 5453 Ταῦτα

344 5471 440 5539 μέν
465 5489 548 5540 γε,
577 5484 687 5527 etc.
725 5477 926 5540 Nempe
951 5471 1294 5544 cb,_p.o'tptupt
1332 5471 1458 5524 addi
1479 5477 1651 5544 ititth
1674 5479 1824 5544 putat
1855 5482 1910 5522 et

342 5537 707 5597 recidet’tdnnt.
734 5537 925 5618 Αὑτοῖς
953 5537 1544 5618 χρώμενονίειιΙηιιιιΙὶι
1574 5543 1683 5618 τοῖς
1727 5537 1907 5618 ἔργᾳς

340 5621 370 5688 ς
399 5616 785 5680 superioribus,
821 5613 938 5676 πῶς
954 5609 1056 5668 ὀὖν
1076 5609 1142 5688 ὀῦ
1179 5611 1417 5688 σχέτλιον
1452 5610 1558 5663 ἀπὸ
1596 5610 1703 5688 ¹τῶν
1730 5609 1906 5688 αὐτῶν

341 5677 514 5750 ἔργων
540 5685 629 5738 τὸν
649 5685 746 5753 μὲν
770 5684 920 5748 Θεόν,
950 5696 1056 5739 etc.
1091 5677 1481 5745 llme'Guietus;
1527 5681 1620 5735 sed
1650 5694 1749 5749 ego
1773 5677 1907 5732 nihil

622 5778 890 5838 Ρέιτιιοι..
938 5776 1054 5838 Gn.
1101 5775 1214 5836 XI.

2028 4699 2226 4755 mutari
2253 4699 2434 4751 velim.

2098 4770 2209 4837 (29)
2239 4769 2407 4822 Codd.
2441 4767 2660 4836 Regius.
2687 4767 3012 4834 Anglicanus
3037 4770 3260 4833 primus,
3285 4780 3339 4823 et
3359 4773 3463 4826 duo
3491 4773 3564 4828 Va

2029 4839 2210 4900 lieani,
2241 4838 2589 4907 ποιησόντων.
2624 4837 2840 4901 Etcusi,
2870 4839 3227 4907 ποιησάντων.

2097 4908 2208 4978 (50)
2242 4909 2416 4974 Ὅπερ
2447 4909 2516 4960 οὑ
2545 4907 2824 4978 ποιοῦσιν
2847 4908 2900 4959 οἱ
2928 4912 3154 4976 γόητες.
3190 4907 3406 4962 Dubitat
3428 4909 3593 4966 Guie—

2025 4976 2114 5034 tus
2156 4993 2220 5052 an
2263 4993 2369 5052 non
2414 4978 2484 5030 sit
2521 4976 2885 5052 scribendum,
2922 4978 3058 5049 ὅπερ
3101 4978 3594 5052 ποιοῦσιν-οίμγόη-

2021 5065 2160 5118 τεςκ
2189 5047 2379 5118 Paulo,
2409 5045 2826 5118 postnGelenins
2881 5045 3294 5118 noni'agnoscit
3343 5045 3592 5118 βιοῦντας

2017 5115 2220 5178 κακῶς.
2277 5117 2472 5169 Ibidem
2526 5116 2655 5169 libb.
2688 5125 2848 5168 antea
2886 5117 3013 5170 editi
3059 5119 3126 5169 ad
3179 5115 3499 5183 marginem,
3534 5133 3590 5173 et

2017 5183 2460 5256 CndexVJoliantts
2482 5186 2740 5256 ksecuntla
2796 5200 2994 5256 manu,
3034 5185 3323 5239 ἀποϐαλεῖν
3382 5187 3590 5256 ἀνθρώ-

2018 5273 2161 5325 πων.
2186 5255 2254 5325 At
2283 5256 2446 5325 codex
2481 5253 2679 5323 Regius
2705 5263 2758 5325 et
2794 5255 3136 5319 Basileensis,
3167 5256 3260 5325 ἀπ’
3280 5253 3587 5325 ἀνθρώπων

2017 5324 2315 5379 ἐκϐάλλειν.
2347 5323 2465 5383 Mox
2500 5334 2617 5391 post
2644 5324 2838 5393 μᾶλλον
2874 5325 3134 5378 redundat
3157 5323 3235 5384 τὸ,
3271 5324 3338 5375 δ’.

2087 5394 2195 5464 (51)
2229 5395 2280 5464 Ιιι
2317 5393 2472 5464 codd.
2501 5389 2684 5464 ‘rltegi'o
2736 5405 2790 5445 et
2841 5393 3129 5464 Basileensi
3163 5394 3314 5464 deest
3352 5389 3584 5464 θειότης,

2017 5460 2118 5515 non
2153 5463 2305 5516 tnale.
2333 5462 2471 5515 Infra
2508 5463 2632 5518 libb.
2664 5463 2906 5532 impressi
2940 5472 3054 5532 post
3098 5461 3275 5532 δοκεῖν
3311 5460 3377 5512 τὰ
3411 5460 3588 5532 παραυ

2015 5533 2235 5604 πλήσια,
2267 5533 2467 5586 addunt
2490 5533 2601 5594 τοῖς
2629 5531 2914 5604 ἐπιτελεῖν,
2935 5531 3042 5604 _sed
3096 5531 3234 5604 istud
3261 5532 3370 5592 τοῖς
3401 5531 3582 5604 natum

2014 5619 2043 5655 c
2077 5596 2423 5669 sequentibus
2471 5601 2827 5672 παραπλήσια
2854 5601 2985 5670 ,τοῖς
3031 5596 3293 5667 γνησίοις,
3341 5600 3582 5653 reciden-

2015 5675 2138 5725 dum
2167 5672 2494 5739 putavimus.

3187 5761 3316 5821 28'
