3998 6170
438 174 549 238 875

1915 183 2235 241 ORIGENIS

3597 204 3706 258 876
3737 272 3752 288 ι

508 296 599 350 50.
640 297 719 352 Ac
753 295 954 351 Paulus
983 297 1200 366 quidem
1238 313 1289 350 In
1328 296 1560 352 secunda
1593 310 1689 354 sua
1724 297 1792 351 ad
1824 296 1991 353 Thes-

2173 300 2283 353 Καὶ
2307 299 2334 352 ὁ
2352 300 2563 365 Παῦλος
2579 303 2622 356 δ’
2650 302 2706 357 ἐν
2731 306 2795 376 τῇ
2821 303 2954 376 πρὸς
2969 307 3380 375 Θεσσαλονικεῖς
3414 313 3702 387 Ἐπιστολῇ

437 387 807 443 salonicenses
835 389 1076 457 Epistola
1108 389 1350 443 declarat
1375 390 1646 456 quomodo
1685 389 2008 444 revelandus

438 481 513 533 sit
542 498 562 532 ‹
594 480 758 534 homo
787 480 1018 548 peccati,
1045 479 1185 533 ﬁlius
1213 480 1533 548 perditionis
1564 482 1654 548 qui
1688 482 2008 538 adversatur

437 577 491 622 et
527 569 806 623 extollitur
842 583 1002 636 supra
1047 583 1207 624 omne
1250 569 1394 638 quod
1443 571 1645 625 dicitur
1689 571 1865 635 Deus,
1914 581 2007 626 aut

435 663 584 730 quod
616 661 835 727 colitur,
868 662 940 714 ita
969 669 1025 713 ut
1059 660 1112 713 in
1149 660 1348 730 templo
1375 661 1470 716 Dei
1496 664 1686 717 sedeat
1710 665 2005 718 ostendens

435 768 494 808 se
547 761 805 821 tanquam
854 753 927 807 sit
971 754 1118 807 Deus
1152 753 1240 817 79;
1274 771 1292 803 ι
1323 768 1624 823 rursusque
1655 753 2006 808 Thessaloni—

435 845 690 900 censibus
738 844 870 900 dicit
901 862 914 898 :
947 863 966 896 ι
1003 845 1068 897 Ει
1111 861 1256 900 nunc
1287 845 1416 914 quid
1453 846 1696 900 detineat
1727 846 1881 900 scitis
1904 886 1918 909 ,
1944 855 2004 898 ut

434 934 704 990 reveletur
751 936 804 989 in
860 951 963 992 suo
1016 945 1279 1006 tempore.
1336 936 1470 990 Nam
1527 937 1842 1007 mysterium
1891 939 2002 1007 jam

431 1037 694 1096 operatur
725 1027 1064 1096 iniquitatis,
1106 1038 1315 1081 tantum
1366 1029 1459 1096 qui
1507 1037 1653 1082 tenet
1695 1042 1878 1094 nunc,
1927 1038 2004 1082 te-

430 1129 594 1183 neat,
625 1120 797 1173 doncc
831 1119 896 1173 de
929 1119 1110 1174 medio
1142 1121 1254 1173 ﬁat.
1288 1119 1356 1172 Et
1392 1128 1519 1174 tunc
1552 1120 1883 1174 revelabitur
1915 1119 2001 1175 ille

431 1211 650 1281 iniquus
673 1252 688 1277 ,
721 1226 880 1281 quem
911 1212 1171 1266 Dominus
1205 1211 1499 1266 interliciet
1526 1212 1721 1279 spiritu
1751 1213 1860 1266 oris
1885 1213 2001 1277 sui,

427 1312 483 1355 et
529 1303 774 1357 destruet
816 1302 1185 1357 illustratione
1217 1303 1484 1356 adventus
1531 1303 1612 1356 sui
1648 1317 1769 1356 eum
1793 1342 1808 1366 ,
1844 1301 2000 1371 cujus

428 1403 513 1450 est
535 1397 797 1450 adventus
818 1394 1114 1448 secundum
1134 1394 1509 1462 operationem
1534 1393 1754 1448 Satana:
1772 1394 1824 1447 in
1851 1395 1996 1448 omni

427 1489 629 1542 virtute
657 1497 714 1540 et
738 1486 908 1555 signis
935 1494 987 1538 et
1009 1486 1271 1555 prodigiis
1299 1485 1742 1548 mcndacibus,et
1769 1485 1821 1538 in
1853 1485 1997 1538 omni
2025 1558 2042 1574 ο

427 1579 751 1633 seductione
773 1576 1079 1644 iniquitatis
1109 1577 1177 1630 iis
1203 1576 1293 1644 qui
1323 1584 1552 1644 pereunt
1571 1575 1637 1626 ³ο.
1667 1593 1685 1625 ι
1707 1573 1828 1628 Mox
1851 1574 2000 1628 addit

425 1684 646 1723 causam
673 1684 772 1723 cur
800 1669 1017 1736 iniquus
1043 1667 1134 1721 illc
1164 1669 1216 1722 in
1243 1667 1352 1720 vita
1383 1665 1589 1720 versari
1617 1667 1992 1734 permittatur:

423 1764 587 1836 525
635 1782 653 1815 σ
694 1761 772 1817 Eo
799 1762 939 1831 quod
978 1763 1297 1816 cbaritatem
1354 1760 1602 1814 veritatis
1637 1773 1741 1813 non
1780 1773 1999 1826 recepe-

426 1865 575 1920 runt,
607 1863 665 1907 ut
688 1853 819 1908 salvi
849 1852 1061 1906 ﬁerent.
1104 1851 1227 1905 Ideo
1275 1851 1442 1903 mittit
1491 1849 1596 1902 illis
1627 1847 1768 1902 Deus
1804 1862 2000 1916 opera-

425 1949 627 2003 tionem
656 1947 887 2011 erroris,
927 1955 985 1999 ut
1015 1947 1244 1999 credant
1269 1943 1571 2007 mendacio,
1607 1951 1665 1994 ut
1691 1939 1997 2008 iudicentur

422 2055 613 2095 otnnes
645 2040 736 2108 qui
764 2052 867 2091 non
901 2037 1254 2091 crediderunt
1285 2034 1528 2098 veritati,
1579 2032 1674 2087 sed
1703 2046 1994 2086 consense-_

424 2139 552 2185 runt
587 2129 858 2198 iniquitati
887 2129 956 2181 θ’.
993 2146 1012 2179 ›
1047 2128 1203 2181 Dicat
1249 2142 1407 2183 nunc,
1440 2124 1657 2194 aliquis,
1690 2139 1758 2177 an
1795 2124 1846 2176 in
1879 2123 1997 2176 istis

418 2223 696 2295 Evangelii
749 2231 803 2277 et
862 2220 1090 2289 apostoli
1156 2218 1482 2273 testimoniis
1537 2216 1841 2287 quidquam
1903 2215 1994 2278 sit,

418 2318 563 2388 quod
595 2317 726 2371 dare
758 2317 933 2368 locum
981 2313 1147 2382 possit
1185 2309 1495 2380 suspicandi
1541 2307 1994 2379 praestigiatorum

415 2417 564 2464 artes
604 2405 713 2461 illic
745 2405 913 2458 fuisse
963 2403 1269 2472 praedictas.
1329 2402 1401 2455 De
1436 2400 1778 2456 Antichristo
1809 2396 1996 2452 Daniel

415 2513 632 2570 quoque
662 2497 829 2553 edidit
854 2496 1165 2550 vaticinium
1211 2495 1282 2559 ⁸³,
1311 2493 1453 2561 quod
1506 2491 1646 2560 legat
1677 2491 1770 2560 qui
1810 2489 1997 2544 volue-

415 2593 511 2648 rit.
545 2593 614 2646 At
634 2590 796 2645 verba
819 2587 945 2643 Iesu
977 2589 1238 2655 depravat
1270 2584 1481 2639 Celsus.
1511 2581 1697 2651 Neque
1721 2581 1865 2636 enim
1906 2582 1996 2637 ille

415 2680 555 2736 dixit
589 2694 846 2749 unquam,
895 2677 1037 2745 quod
1086 2676 1153 2729 ab
1206 2673 1298 2727 illo
1353 2673 1558 2728 dictum
1617 2685 1736 2727 esse
1763 2671 1997 2726 afﬁrmat

414 2771 627 2836 Celsus,
659 2779 922 2824 venturos
950 2767 1040 2835 qui
1071 2766 1260 2820 eadem
1289 2763 1529 2818 facerent
1553 2763 1836 2828 miracula,
1871 2764 1996 2818 licet

413 2863 648 2932 improbi
711 2871 766 2916 et
834 2858 1275 2930 prmstigiatnres.
1345 2856 1480 2910 Nam
1532 2855 1994 2924 quemadmodum

2108 389 2332 461 δευτέρᾳ
2362 391 2717 460 ἀποφαίνεται
2773 395 2895 449 τίνα
2946 397 3147 464 τρόπον
3189 400 3704 474 ἀποκαλυφθήσεταί

2108 497 2238 532 ποτε
2266 493 2284 526 ι
2314 484 2341 534 6
2369 482 2650 553 ἄνθρωπος
2681 486 2777 555 τῆς
2806 487 3034 557 ἀνομίας
3058 488 3192 560 (52),
3223 492 3252 542 ὁ
3282 493 3396 556 υἱὸς
3426 495 3528 564 τῆς
3550 497 3702 550 ἀπω-

2108 569 2275 634 λείας,
2319 573 2348 623 ὁ
2378 573 2745 644 ἀντικείμενος
2784 578 2876 629 καὶ
2909 579 3340 650 ὑπεραιρόμενος
3382 584 3474 636 ἐπὶ
3522 587 3700 640 πάντα

2105 660 2392 730 λεγόμενον
2432 662 2621 737 Θεὸνῆ
2661 667 2929 738 σέϐασμα,
2966 669 3093 722 ὥστ’
3134 672 3295 724 αὑτὸν
3324 675 3402 736 εἰς
3443 676 3535 728 τὸν
3569 681 3699 732 ναὸν

2105 751 2197 804 τοῦ
2214 752 2346 805 Θεοῦ
2365 755 2606 820 καθῖσαι,
2619 758 3039 814 ἀποδεικνύοντα
3057 763 3245 818 ἑαυτὸν
3274 766 3355 818 ὅτι
3371 767 3489 821 ἐστὶ
3504 769 3654 836 Θεός.
3672 793 3691 823 ι

2105 849 2214 902 Καὶ
2239 848 2395 902 πάλιν
2418 853 2548 921 φησὶ
2565 855 2674 915 τοῖς
2701 852 3168 909 Θεσσαλονικεῦσι·
3193 878 3210 908 ι
3241 859 3352 912 Καὶ
3375 861 3470 914 νῦν
3490 863 3550 914 τὸ
3573 882 3700 918 κατ-

2105 939 2225 1009 έχον
2254 941 2429 994 οἴδατε
2459 943 2538 1004 είς
2563 942 2624 994 τὸ
2655 945 3104 1017 ἀποκαλυφθῆναι
3138 949 3299 1003 αὐτὸν
3335 953 3393 1003 ἐν
3418 952 3495 1022 τῷ
3526 955 3693 1009 αὐτοῦ

2105 1030 2300 1100 καιρῷ.
2320 1031 2392 1083 Τὸ
2409 1031 2518 1103 γάρ
2545 1034 2839 1103 μυστήριον
2867 1035 2965 1106 ἤδη
2995 1037 3296 1107 ἐνεργεῖται
3321 1041 3420 1111 τῆς
3442 1043 3691 1113 ἀνομίας⁵

2107 1121 2266 1192 μόνον
2287 1123 2314 1174 6
2337 1123 2580 1192 κατέχων
2607 1123 2730 1195 ἄρτι
2759 1124 2864 1187 ἓως
2889 1127 2952 1178 ἐκ
2979 1127 3144 1195 μέσου
3168 1129 3415 1200 γένηται.
3437 1134 3546 1186 Καὶ
3573 1133 3691 1186 τότε

2103 1211 2614 1283 ἀποκαλυφθήσεται
2648 1216 2675 1266 6
2706 1215 2924 1284 ἄνομος,
2953 1215 3013 1268 ὃν
3044 1213 3248 1287 Κιῖριος
3288 1222 3316 1272 6
3340 1221 3473 1284 Θεὸς
3515 1224 3694 1277 ἀνελεῖ

2103 1303 2179 1373 τῷ
2199 1304 2308 1374 (55)
2326 1304 2594 1374 πνεύματι
2615 1303 2706 1356 τοῦ
2739 1306 3003 1376 στόματος
3027 1308 3215 1372 αὐτοῦ,
3238 1311 3332 1363 καὶ
3357 1317 3690 1386 καταργήσει

2103 1399 2165 1466 τῇ
2187 1397 2475 1471 ἐπιφανείᾳ
2490 1397 2586 1466 τῆς
2602 1397 2902 1468 παρουσίας
2921 1399 3106 1452 αὑτοῦ⁸
3125 1393 3185 1452 οὗ
3205 1403 3350 1454 ἐστιν
3367 1406 3400 1473 ἠ
3421 1408 3691 1476 παρουσία

2102 1488 2220 1540 κατ’
2245 1487 2520 1559 ἐνέργειαν
2552 1488 2642 1540 τοῦ
2668 1490 2881 1542 Σατανᾶ
2919 1493 2976 1542 ἐν
3015 1492 3164 1563 πάσῃ
3191 1493 3437 1564 δυνάμει,
3475 1497 3570 1549 καὶ
3597 1515 3691 1568 σηο

2105 1577 2295 1647 μείοις,
2333 1577 2424 1630 καὶ
2454 1577 2646 1646 τέρασι
2678 1578 2927 1648 ψεύδους,
2961 1582 3054 1633 καὶ
3085 1583 3143 1635 ἐν
3171 1582 3320 1656 πάσῃ
3351 1585 3534 1656 ἀπάτῃ
3573 1587 3688 1639 ἀδι-

2100 1667 2221 1730 κίας
2242 1669 2298 1719 ἐν
2318 1670 2428 1730 τοῖς
2451 1667 2859 1738 ἀπολλυμένοις.
2875 1688 2892 1719 ι
2915 1670 3292 1742 Ἐκτιθέμενος
3311 1673 3367 1726 δὲ
3391 1675 3486 1727 καὶ
3499 1675 3596 1746 τὴν
3612 1678 3695 1728 atl-

2099 1759 2216 1811 τίαν
2241 1758 2333 1810 τοῦ
2355 1758 2742 1830 ἐπιτρέπεσθαι
2775 1759 2866 1813 τὸν
2900 1760 3100 1830 ἄνομον
3134 1763 3422 1833 ἐπιδημεῖν
3447 1765 3523 1835 τῷ
3564 1767 3684 1836 βίῳ,

2099 1851 2291 1921 φησίν’
2341 1869 2358 1900 ι
2418 1849 2559 1902 ’Λνθ’
2595 1845 2670 1903 ὧν
2724 1850 2822 1920 τὴν
2877 1850 3098 1921 ἀγάπην
3147 1852 3248 1921 τῆς
3291 1853 3544 1922 ἀληθείας
3589 1858 3687 1909 οὐκ

2099 1941 2347 2007 ἐδέξαντο
2379 1943 2458 2003 είς
2486 1940 2544 1993 τὸ
2575 1939 2812 2010 σωθῆναι
2853 1941 3066 2004 αὑτούς.
3101 1942 3211 1994 Καὶ
3242 1942 3328 1995 διὰ
3356 1944 3513 1996 τοῦτο
3545 1947 3687 2016 πέμ-

2099 2050 2190 2085 πει
2219 2032 2326 2099 (54)
2357 2033 2541 2094 αὐτοῖς
2587 2035 2615 2084 ὁ
2648 2031 2778 2094 Θεὸς
2827 2032 3106 2102 ἐνέργειαν
3153 2033 3359 2104 πλάνης
3399 2037 3478 2098 εἰς
3506 2036 3568 2088 τὸ
3600 2054 3687 2088 πι-

2102 2124 2325 2177 στεῦσαι
2359 2124 2554 2186 αὐτοὺς
2597 2122 2674 2193 τῷ
2706 2123 2909 2191 ψεύδει,
2947 2125 3032 2176 ἵνα
3078 2124 3339 2194 κριθῶσιν
3374 2127 3608 2191 ἅπαντες
3636 2130 3686 2180 oi

2103 2217 2176 2288 μὴ
2212 2216 2598 2278 πιστεύσαντες
2629 2219 2695 2285 τῇ
2750 2215 2998 2285 ἀληθεία,
3031 2216 3146 2269 ἀλλ’
3194 2218 3588 2288 εὐδοκήσαντες
3628 2222 3686 2273 ἐν

2098 2311 2168 2379 τῇ
2195 2307 2400 2386 ἀδικίᾳ.
2442 2327 2460 2357 ι
2500 2307 2718 2375 Λεγέτω
2743 2325 2828 2370 τις
2856 2304 2948 2360 οὖν
2973 2311 3122 2378 ἡμῖν,
3161 2311 3209 2362 εἰ
3235 2309 3457 2363 δύναταί
3496 2329 3550 2364 τι
3579 2312 3687 2364 τῶν

2098 2401 2154 2452 ἐν
2201 2400 2277 2470 τῷ
2313 2399 2630 2469 Εὐαγγελίῳ
2660 2400 2692 2468 ἢ
2724 2399 2830 2451 τῶν
2879 2401 3030 2472 παρὰ
3072 2401 3151 2471 τῷ
3188 2403 3471 2474 ἀποστόλῳ
3500 2404 3684 2474 χώραν

2098 2491 2354 2563 παρέχειν
2399 2490 2652 2555 ὑπονοίας
2693 2491 2947 2561 γοητείας
2983 2494 3493 2566 προαγορευομένης
3543 2495 3682 2548 κατά

2097 2583 2187 2636 τὸν
2215 2583 2397 2636 τόπον.
2437 2583 2713 2652 Παρέσται
2750 2583 2807 2636 δὲ
2859 2584 2936 2653 τῷ
2970 2583 3275 2655 βουλομένῳ
3311 2587 3405 2639 καὶ
3453 2587 3560 2640 ἀπὸ
3587 2587 3681 2639 τοῦ

2097 2675 2292 2746 Δανιὴλ
2331 2674 2581 2727 ἐκλαϐεῖν
2613 2675 2710 2746 τὴν
2747 2673 2873 2745 περὶ
2917 2674 3012 2726 τοῦ
3058 2677 3433 2748 Ἀντιχρίστου
3469 2695 3684 2749 προφη-

2095 2768 2262 2820 τείαν.
2294 2765 2705 2834 Καταψεύδεται
2747 2765 2804 2816 δὲ
2850 2765 2958 2817 τῶν
2983 2765 3154 2834 λόγων
3197 2767 3393 2836 Ἰησοῦ,
3429 2769 3571 2832 ἐπεὶ,
3607 2771 3682 2840 μὴ

2097 2857 2339 2919 εἰπόντος
2383 2855 2570 2919 αὑτοῦ,
2617 2855 2750 2907 διότι
2790 2857 3116 2926 παρέσονται
3164 2856 3341 2928 ἕτεροι
3390 2858 3681 2929 δυνάμεσιν

413 2953 798 3024 Egyptiorum
835 2952 1238 3004 incantatorum
1294 2961 1393 3017 par
1438 2962 1546 3000 non
1578 2956 1699 3000 erat
1751 2955 1990 3014 potestas

2094 2949 2308 3020 ὁμοίαις
2356 2946 2650 3018 χρώμενοι,
2703 2948 2863 2999 κακοὶ
2905 2947 2999 2999 καὶ
3050 2948 3262 3019 γόητες,
3309 2950 3470 3013 αὑτός
3517 2968 3682 3022 φησιν

418 3046 667 3102 miriﬁca:
700 3042 797 3109 illi,
825 3056 944 3111 qua:
970 3041 1023 3094 in
1058 3040 1241 3110 Moyse
1271 3047 1407 3105 erat,
1442 3037 1667 3108 gratiae;
1715 3046 1770 3092 et
1799 3051 1990 3091 eorum

419 3151 586 3205 opera
625 3147 807 3189 meras
832 3145 955 3186 esse
988 3129 1316 3199 praestigias,
1342 3143 1460 3196 quae
1500 3142 1629 3182 vero
1663 3126 1875 3196 Moyses
1910 3127 1990 3180 l'e-

417 3228 521 3292 cit,
576 3242 608 3280 a
659 3224 842 3281 divina
893 3224 1095 3277 virtute
1146 3221 1418 3290 proﬁcisci
1472 3221 1844 3289 comprobavit
1876 3219 1991 3274 exi-

419 3329 507 3373 tus
535 3317 620 3382 ”;
649 3316 726 3370 ita
754 3329 875 3383 quae
910 3314 1045 3367 mira
1078 3312 1286 3365 faciunt
1314 3310 1645 3376 antichristi,
1699 3309 1845 3378 iique
1893 3310 1988 3379 qui

415 3426 474 3466 se
501 3407 782 3480 patrandis
826 3403 1102 3459 miraculis
1146 3417 1305 3471 pares
1349 3402 1476 3458 Jesu
1531 3401 1816 3471 discipulis
1867 3414 1990 3456 esse

413 3498 728 3564 venditant,
753 3503 1058 3549 vocantur:
1098 3495 1253 3564 signa
1285 3501 1338 3547 et
1371 3492 1617 3563 prodigia
1647 3493 1982 3553 mendacia,»

411 3605 533 3662 quae
568 3609 587 3643 ι
627 3589 682 3645 in
711 3587 857 3643 omni
885 3587 1201 3642 seductione
1241 3583 1547 3653 iniquitatis
1584 3603 1603 3636 ι
1639 3583 1745 3637 vim
1784 3582 1988 3638 habent

415 3699 438 3735 ι
477 3683 531 3736 in
565 3695 659 3735 eos
688 3680 780 3748 qui
805 3686 1064 3747 pereunt;
1104 3696 1122 3729 ι
1154 3677 1539 3731 miraculorum
1572 3685 1752 3731 autem
1788 3675 1985 3731 Christi

410 3783 469 3827 et
494 3773 612 3841 ejus
643 3771 1030 3837 discipulorum
1058 3768 1269 3823 fructus
1295 3777 1398 3834 est,
1443 3783 1549 3829 non
1592 3767 1860 3836 deceptio,
1891 3767 1987 3820 sed

411 3866 720 3920 animarum
769 3862 935 3916 salus.
1015 3859 1148 3924 Quis
1208 3862 1353 3913 enim
1406 3861 1604 3915 dixerit
1671 3860 1988 3930 deceptione

410 3951 572 4016 eilici,
596 3959 654 4006 ut
685 3948 1005 4005 emendetur
1036 3946 1145 4000 vita
1190 3958 1245 4004 et
1290 3949 1492 4003 malitia
1529 3949 1774 4018 quotidie
1811 3949 1985 4020 magis

410 4058 477 4099 ac
502 4043 674 4113 magis
704 4041 977 4097 minuatur
997 4041 1021 4081 "

484 4229 574 4283 5i.
615 4226 875 4283 Nonnihil
908 4228 960 4282 in
1011 4226 1294 4297 Scriptura
1338 4224 1561 4280 videbat
1610 4223 1820 4290 Celsus,
1858 4240 1980 4280 cum

2094 3040 2255 3092 αὑτὸν
2281 3038 2559 3110 εἰρηκέναι
2590 3039 2651 3092 τὸ
2683 3037 2944 3091 τοιοῦτον.
2982 3039 3069 3101 Ὠς
3101 3039 3210 3111 γὰρ
3256 3041 3354 3111 οὐχ
3394 3043 3558 3112 ὁμοία
3588 3041 3678 3094 δύ-

2091 3147 2254 3199 ναμις
2309 3129 2480 3200 ἡτῶν
2534 3130 2590 3181 ἐν
2629 3129 2888 3200 Αἰγύπτῳ
2945 3129 3169 3200 ἐπῳδῶν
3379 3134 3445 3202 τῇ
3500 3134 3558 3184 ἐν
3603 3131 3680 3201 τῷ

2089 3223 2296 3291 Μωῦσῇ
2331 3220 2617 3292 παραδόξῳ
2643 3221 2859 3291 χάριτι·
2903 3220 3039 3274 ἀλλά
3065 3222 3128 3274 τὸ
3158 3223 3308 3285 τέλος
3337 3223 3585 3294 διήλεγχε
3609 3224 3680 3276 τά

2094 3313 2192 3384 μὲν
2252 3313 2359 3365 τῶν
2402 3312 2719 3380 Αἰγυπτίων
2765 3313 2893 3367 ὄντα
2945 3308 3313 3385 μαγγανείας,’
3358 3314 3426 3367 τὰ
3460 3315 3518 3367 δὲ
3583 3316 3676 3369 τοῦ

2073 3402 2349 3466 Μωῡσέως
2373 3401 2492 3454 θεῖα
2511 3419 2523 3431 ·
2554 3401 2728 3467 οὕτως
2766 3405 2833 3458 τὰ
2884 3406 2981 3475 μὲν
3014 3403 3122 3457 τῶν
3151 3404 3535 3475 ἀντιχρίστων,
3581 3409 3674 3460 καὶ

2088 3496 2195 3549 τῶν
2228 3494 2708 3567 προσποιουμένων
2749 3496 3006 3567 δυνάμεις
3051 3498 3128 3559 ὡς
3178 3495 3434 3568 μαθητῶν
3476 3498 3672 3568 Ἰησοῦ,

2096 3606 2114 3638 ι
2149 3590 2350 3657 σημεῖα
2391 3589 2485 3640 καὶ
2539 3591 2741 3661 τέρατα
2783 3607 2800 3638 ›
2834 3588 3050 3656 λέγεται
3085 3583 3221 3640 εἶναι
3259 3607 3277 3638 ι
3331 3587 3580 3657 ψεύδους,
3614 3591 3670 3642 ἐν

2089 3679 2236 3750 πάσῃ
2260 3679 2443 3750 ἀπάτῃ
2473 3681 2688 3742 ἀδικίας
2703 3683 2816 3743 τοῖς
2844 3679 3048 3732 ἀπολλυ
3059 3679 3238 3749 μένοις
3261 3678 3534 3748 ίσχύοντα’
3562 3699 3580 3731 ι
3604 3681 3672 3734 τὰ

2087 3771 2143 3823 δὲ
2189 3770 2283 3823 τοῦ
2329 3772 2567 3842 Χριστοῦ
2623 3774 2715 3825 καὶ
2774 3772 2879 3825 τῶν
2928 3771 3185 3842 μαθητῶν
3241 3771 3406 3824 αὐτοῦ
3461 3773 3669 3843 καρπὸν

2088 3862 2244 3934 ἔσχεν
2289 3864 2390 3917 οὑκ
2421 3866 2658 3934 ἀπάτην,
2712 3865 2850 3918 ἀλλὰ
2882 3865 3153 3936 σωτηρίαν
3185 3864 3391 3934 ψυχῶν.
3424 3865 3521 3928 Τίς
3563 3866 3664 3938 γὰρ

2087 3952 2178 4006 τὸν
2210 3955 2494 4024 κρείττονα
2530 3955 2663 4025 βίον,
2702 3957 2795 4008 καὶ
2837 3955 3190 4008 συστέλλοντα
3226 3955 3293 4008 τὰ
3336 3955 3436 4024 τῆς
3474 3957 3664 4019 κακίας

2085 4045 2354 4115 ὁσημέραι
2384 4045 2474 4097 ἐπὶ
2509 4045 2567 4096 τὸ
2591 4045 2825 4108 ἔλαττον,
2857 4045 3093 4113 εὐλόγως
3126 4044 3287 4116 φησὶν
3322 4043 3431 4096 ἀπὸ
3454 4044 3664 4114 ἀπάτης

2085 4133 2330 4203 γίνεσθαι
2353 4151 2367 4201 ;

2167 4226 2443 4279 Ὑπείδετο
2475 4227 2529 4278 δὲ
2563 4228 2591 4278 6
2625 4225 2829 4288 Κέλσος
2855 4224 2915 4278 τὸ
2947 4226 3053 4278 ἀπὸ
3086 4225 3185 4295 τῆς
3229 4225 3476 4296 Γραφῆς,
3508 4226 3659 4294 ποιή·

410 4315 756 4373 dixitJesum
797 4317 1186 4387 praemonuisse
1232 4316 1368 4380 fore,
1417 4333 1436 4365 ‹
1496 4326 1555 4368 ιιι
1580 4313 1808 4370 Satanas
1856 4316 1980 4383 qui-

2093 4335 2186 4380 σας
2213 4318 2303 4370 τὸν
2339 4316 2543 4387 Ἰησοῦν
2577 4317 2874 4388 εἰρηκέναι,
2912 4335 2930 4366 ι
2955 4316 3291 4379 ὅτιΣατανᾶς
3319 4333 3403 4378 τις
3440 4315 3656 4370 τοιαῦτα

410 4410 536 4462 dam
568 4410 812 4478 prodigia
867 4408 1089 4465 faceret.
1141 4429 1159 4462 ι
1216 4408 1321 4463 Sed
1357 4409 1485 4462 hinc
1526 4406 1692 4461 nimis
1749 4421 1978 4476 propere

409 4500 619 4570 colligit
666 4518 686 4551 ι
730 4501 833 4556 hoc
877 4517 997 4556 esse
1049 4502 1230 4566 fateri,
1281 4501 1524 4571 prodigia
1559 4501 1674 4553 haec
1705 4499 1838 4553 nihil
1885 4499 1982 4552 ha-

406 4590 542 4646 bere
588 4591 912 4658 divinitatis,
946 4594 1040 4647 sed
1088 4607 1208 4647 esse
1256 4592 1645 4646 sceleratorum
1697 4589 1974 4644 hominum

405 4695 596 4752 opera.
635 4703 654 4735 ι
699 4684 795 4738 Sic
844 4686 1032 4740 eodem
1089 4700 1285 4756 genere
1334 4683 1625 4747 concludit,
1683 4697 1802 4750 quae
1849 4691 1977 4736 sunt

405 4775 624 4843 generis
657 4775 816 4845 longe
872 4777 1095 4831 diversi.
1135 4776 1287 4830 Sicut
1327 4776 1470 4828 enim
1519 4773 1677 4843 lupus
1714 4781 1776 4827 et-
1799 4773 1973 4837 canis,

404 4864 684 4932 palumbes
721 4875 777 4919 et
827 4866 1100 4930 columba,
1135 4882 1242 4919 non
1289 4866 1526 4934 ejusdem
1581 4870 1707 4918 sunt
1738 4863 1973 4932 generis,

405 4958 624 5013 tametsi
658 4973 854 5029 corpus
887 4967 942 5013 et
975 4973 1075 5013 vox
1117 4959 1361 5013 nonnihil
1394 4959 1571 5012 simile
1603 4955 1858 5025 praeferre
1897 4955 1976 5010 vi-

2087 4410 2628 4480 παραμηχανήσεται.
2690 4427 2709 4458 ι
2780 4407 2938 4461 Ἀλλά
2999 4408 3093 4460 καὶ
3167 4405 3506 4478 συναρπάζει
3567 4407 3657 4458 τὸν

2085 4500 2261 4568 λόγον,
2324 4500 2545 4567 φάσκων
2604 4518 2622 4549 ι
2689 4499 2762 4569 μὴ
2811 4498 3034 4568 ἔξαρνον
3095 4494 3232 4550 εἶναι
3287 4499 3381 4550 τὸν
3430 4495 3650 4567 Ἰησοῦν,

2084 4591 2158 4654 ὡς
2202 4590 2372 4642 ταῦτα
2398 4589 2548 4641 οὐδὲν
2592 4587 2890 4658 θεῖονὲχει,
2928 4588 3062 4641 ἀλλά
3097 4588 3348 4659 πονηρῶν
3377 4589 3526 4640 ἐστιν
3566 4586 3651 4657 έρ-

2081 4697 2185 4748 γα·
2233 4699 2250 4731 ι
2285 4680 2519 4750 ὁμογενῆ
2544 4679 2652 4750 γάρ
2683 4679 2825 4732 αὐτά
2850 4680 3148 4750 πεποίηκεν
3199 4680 3486 4750 ἑτερογενῆ
3529 4695 3650 4745 τυγ-

2081 4772 2328 4841 χάνοντα.
2363 4772 2472 4823 Καὶ
2499 4771 2686 4843 ὥσπερ
2727 4771 2888 4834 λύκος
2927 4773 3049 4824 κυνὶ
3097 4773 3196 4841 οὐχ
3227 4771 3514 4842 ὁμογενὴς,
3551 4769 3651 4822 κᾶν

2079 4863 2208 4934 δοκῇ
2231 4862 2375 4932 ἔχειν
2404 4881 2456 4915 τι
2499 4863 2873 4935 παραπλήσιον
2903 4864 2960 4916 ἐν
2994 4863 3071 4932 τῷ
3114 4863 3208 4916 τοῦ
3248 4862 3497 4932 σώματος
3525 4861 3648 4932 σχή-

2085 4970 2213 5024 ματι
2242 4954 2334 5005 καὶ
2365 4956 2430 5023 τῇ
2464 4956 2635 5024 φωνῇ,
2665 4953 2785 5006 οὐδὲ
2810 4951 2990 5018 φάσσα
3017 4955 3082 5022 τῇ
3115 4952 3411 5024 περιστερᾷ
3429 4967 3441 4979 ·
3479 4949 3646 5010 οὕτως

489 5070 536 5101 τ’
572 5068 618 5123 ll
639 5068 828 5125 Thess.
857 5083 922 5143 11,
947 5068 1000 5121 5.
1077 5067 1122 5098 ⁸⁰
1151 5065 1286 5120 Ibid.
1321 5067 1353 5121 6
1382 5081 1536 5135 seqq.
1567 5067 1611 5098 ⁸¹
1649 5065 1788 5119 Ibid.
1816 5063 1907 5130 10,
1943 5063 1991 5116 ll

2105 5062 2151 5093 ⁸³
2179 5061 2312 5120 Dan.
2361 5078 2460 5131 vn,
2501 5061 2594 5118 9.6.
2626 5063 2672 5095 ⁸³
2701 5063 2868 5118 Exod.
2913 5077 3012 5126 vn,
3049 5062 3138 5115 l2.

474 5206 586 5277 (52)
617 5205 1017 5277 Ompes_mss.,
1064 5202 1308 5272 ἀνομίας.
1361 5202 1664 5277 Spenccrns
1701 5202 1752 5255 in
1803 5210 1971 5277 textu,

402 5271 692 5347 ἀμαρτίας.
723 5273 890 5347 Paulo
915 5281 1035 5347 post
1075 5271 1452 5347 omnesmss"
1490 5271 1776 5347 λεγόμενον
1821 5271 1970 5347 Θεόν.

401 5340 554 5414 L'ibb'.
579 5344 785 5409 excusi,
813 5344 1102 5414 λεγόμενον
1131 5341 1164 5412 ἢ
1188 5340 1539 5414 ΘεόνεΡειιΙς)
1570 5340 1716 5414 inira
1734 5343 1784 5394 in
1813 5343 1970 5396 codd.

398 5413 567 5474 Regio
589 5427 644 5468 et
668 5410 960 5467 Basileensi
994 5410 1292 5474 dcest'toig
1327 5410 1795 5464 Θεσσαλονικεῢσι.

469 5431 477 5467 ε
519 5431 567 5468 ιο
589 5431 644 5468 et
668 5431 960 5467 uasueenSI
994 5431 1143 5468 aceSt
1179 5431 1292 5474 τοις
1327 5431 1795 5464 ῠεσσαΛΟνικευο-ι.

469 5431 578 5554 (Ξὸ)
605 5486 706 5537 Ὃν
732 5485 943 5554 Κύριος
971 5487 1003 5536 ό
1034 5483 1178 5548 Θεὸς
1205 5481 1410 5554 ἀνελεῖ
1438 5480 1536 5546 τῷ,
1565 5488 1667 5535 elc.
1703 5481 1975 5554 Sic‘recte

401 5549 587 5607 omnes
614 5568 743 5606 mss.
782 5549 837 5606 et
881 5549 1239 5607 H’teschelius.
1291 5551 1580 5620 Perperam
1619 5567 1748 5605 vero
1799 5549 1973 5618 Spen-

401 5635 557 5675 ccrus
607 5622 659 5675 in
701 5630 850 5676 textu
900 5623 1078 5692 habet,
1128 5622 1186 5676 ὃν
1235 5621 1436 5694 Κύριος
1492 5620 1794 5694 ἀναλώσει,
1845 5622 1969 5674 ἀνε-

2071 5198 2153 5251 λεῖ
2183 5197 2279 5261 τῷ,
2310 5208 2414 5251 etc.

2143 5217 2279 5340 (5τῆ
2298 5217 2634 5340 Ιῖὸέεςιιεῐῖιιε
2664 5276 2720 5321 et
2741 5282 2931 5340 omnes
2957 5283 3113 5333 mss.,
3145 5268 3375 5340 πέμπει.
3408 5266 3637 5340 Spcnce;

2062 5332 2185 5402 sus,
2219 5332 2442 5408 πέμψει.
2486 5337 2627 5390 lul‘ra
2678 5339 2837 5391 codd.
2884 5332 3175 5406 Regius’et
3216 5332 3560 5398 Basileensis,
3601 5332 3635 5456 ᾗ

2070 5408 2177 5456 τῶν
2213 5409 2269 5456 ἐν
2299 5407 2376 5456 τῶ
2408 5406 2730 5456 Ἀποστόλω.
2770 5407 2936 5456 Paulo
2996 5418 3113 5456 nnst
3158 5408 3287 5456 libb.
3328 5405 3519 5456 excusi
3565 5421 3593 5456 a

2070 5408 2177 5461 τῶν
2213 5409 2269 5460 ἐν
2295 5405 2376 5477 τῷ
2408 5406 2730 5476 ’Λποστόλῳ.
2770 5407 2936 5459 Paulo
2973 5405 3113 5475 ipost
3158 5408 3287 5461 libb.
3327 5405 3519 5477 excusi
3565 5421 3593 5457 a

2071 5476 2388 5548 marginem,
2415 5477 2926 5548 προαγορευομένης
2955 5477 3092 5529 κατά
3117 5477 3215 5548 τὸν
3242 5476 3460 5548 τρόπον.

2071 5616 2084 5630 .
2139 5543 2704 5631 (ὂῐϊξρυαιιίῐίοεῆυε,
2741 5543 3062 5602 Basilcensis
3096 5559 3148 5602 et
3186 5543 3293 5602 duo
3324 5543 3633 5615 Anglicani,

2067 5631 2354 5670 επαοιοων.
