3998 6170
355 208 495 262 877

1625 209 1900 267 CONTRA
1932 207 2208 269 CELSUM
2241 213 2366 268 LIB.
2406 213 2472 269 ll.

3531 225 3635 279 873

357 322 544 375 οὐδὲν
573 321 759 392 ὅμοιον
801 321 911 393 ἔχει
945 325 1004 377 τὸ
1039 325 1262 394 δυνάμει
1286 325 1419 378 Θεοῦ
1445 326 1856 398 ἐπιτελούμενον
1890 327 1948 397 τᾷ

2070 327 2336 396 deautur;
2382 330 2619 400 itafqure
2659 331 2838 387 divina
2886 342 3124 404 potestas
3157 333 3340 399 eﬂicit,
3396 351 3459 394 ea
3510 351 3636 393 sunt

361 414 666 484 γινομένῳ
695 415 802 468 ἀπὸ
832 417 1101 487 γοητείας.
1136 418 1257 470 Ἔτι
1284 418 1340 470 δέ
1374 419 1663 473 καὶταῦτα
1696 419 1834 492 πρὸς
1866 419 1966 482 τὰς

360 504 598 558 Κέλσου
628 507 961 577 κακουργίας
989 508 1220 580 ἐροῦμεν
1239 526 1252 538 ·
1280 505 1425 580 Ἀρα
1448 509 1704 580 δυνάμεις
1729 512 1965 580 γίνονται

360 595 489 664 μὲν
523 597 662 650 κατά
694 599 942 668 γοητείαν
995 599 1102 652 ἀπὸ
1137 601 1385 670 πονηρῶν
1422 601 1707 672 δαιμόνων,
1743 603 1964 673 οὐδεμία

354 682 430 735 δὲ
468 685 699 757 δύναμις
737 688 1060 742 ἐπιτελεῖται
1105 689 1213 743 ἀπὸ
1254 692 1350 762 τῆς
1380 691 1528 756 θείας
1565 695 1656 746 καὶ
1693 695 1965 765 μακαρίας

359 777 626 843 φύσεως,
662 779 778 832 ἀλλ’
808 780 838 830 ὅ
874 780 989 850 βίος
1029 781 1138 834 τῶν
1181 782 1481 854 ἀνθρώπων
1519 785 1714 854 ἤνεγκε
1754 785 1851 854 μὲν
1895 785 1962 837 τά

358 868 628 939 χείρονα,
679 869 928 940 οὐδαμῶς
977 871 1024 924 δ’
1055 871 1300 945 ἐχώρησε
1345 873 1415 926 τὰ
1468 875 1788 946 κρείττονα;
1852 876 1962 928 Καὶ

357 959 544 1012 τοῦτο
563 960 620 1012 δὲ
650 961 795 1014 δοκεῖ
820 979 907 1032 μοι
937 961 1126 1035 ὥσπερ
1159 966 1250 1017 ἐπὶ
1276 965 1491 1019 πάντων
1513 965 1622 1019 δεῖν
1651 966 1758 1036 (56)
1785 961 1962 1034 παρεὶ-

359 1051 612 1114 τιθέναι,
657 1055 739 1106 ὅτι
793 1054 928 1106 ὅπου
980 1071 1034 1108 τι
1078 1059 1256 1125 χεῖρον
1311 1057 1771 1128 προσποιούμενον
1824 1053 1963 1111 εἶναι

360 1140 644 1210 ὁμογενὲς
669 1141 746 1212 τῷ
768 1143 1056 1214 κρείττονι,
1106 1149 1220 1198 ἐκεῖ
1254 1147 1469 1210 πάντως
1502 1149 1566 1199 ἐκ
1599 1147 1691 1200 τοῦ
1720 1148 1960 1202 ἐναντίου

361 1228 500 1282 ἐστί
542 1248 594 1284 τι
635 1234 910 1301 κρεῖττονο
941 1233 1083 1285 οὕτω
1125 1235 1217 1287 καὶ
1250 1235 1344 1286 ἐπὶ
1380 1235 1486 1289 τῶν
1520 1236 1663 1288 κατά
1709 1236 1960 1306 γοητείαν

361 1318 794 1384 ἐπιτελούντων,
845 1323 928 1374 ὅτι
985 1322 1200 1385 πάντως
1244 1322 1456 1393 ἀνάγκη
1518 1319 1655 1376 εἶναι
1709 1325 1802 1377 καὶ
1853 1323 1960 1376 ἀπὸ

407 1412 534 1475 είας
565 1411 843 1483 ἐνεργείας
873 1414 932 1466 ἐν
957 1413 1034 1485 τῷ
1080 1413 1181 1484 βίῳ
1205 1414 1485 1485 γινόμενα.
1517 1414 1627 1466 Καὶ
1664 1413 1756 1466 τοῦ
1795 1415 1957 1468 αὐτοῦ

363 1499 532 1553 ἐστιν
576 1501 636 1565 ἐξ
670 1502 986 1564 ἀκολουθίας
1023 1505 1139 1576 ἦτοι
1167 1503 1448 1575 ἀμφότερα
1478 1505 1718 1575 ἀναιρεῖν
1747 1505 1840 1558 καὶ
1867 1505 1960 1558 λέε

363 1607 498 1656 γειν
534 1592 825 1662 μηδέτερον
869 1593 1134 1661 γίνεσθαι,
1183 1593 1237 1664 ἢ,
1263 1592 1476 1646 τιθέντα
1522 1593 1583 1645 τὸ
1634 1592 1820 1663 ἕτερον
1860 1594 1956 1646 καὶ

2069 417 2398 484 hujusmodi,
2451 431 2510 474 ut
2560 435 2680 474 cum
2734 421 2842 475 illis
2897 425 3356 494 praestigiatorum
3398 430 3632 482 artiﬁcia

2065 511 2369 580 comparari
2406 520 2697 582 nequeant.
2733 512 2998 568 Przeterea
3036 514 3150 569 haec
3177 518 3341 570 etiam
3375 518 3636 573 adversus

2067 600 2246 655 vafras
2277 601 2419 656 Celsi
2448 605 2692 672 argutias
2728 605 2969 660 dicemus
3007 621 3023 660 :
3059 621 3127 660 an
3180 609 3307 661 mali
3359 609 3637 664 daemones

2065 693 2356 762 praestigiis
2382 709 2467 748 res
2503 696 2671 750 miras
2699 698 3055 767 insolitusque
3098 697 3321 764 faciunt,
3357 709 3412 756 et
3450 702 3635 756 divina

2068 782 2333 850 beataque
2358 793 2549 838 natura
2582 786 2788 840 nullum
2826 789 3254 857 poteriteﬁicere
3274 792 3592 848 miraculum
3609 794 3637 846 ί

2065 871 2185 926 Vita
2210 871 2488 925 hominum
2529 873 2815 930 infestatur
2853 879 3027 945 malis,
3076 888 3130 933 et
3161 880 3299 934 bona
3333 896 3438 935 non
3475 898 3634 938 acce-

2063 961 2178 1030 pit?
2205 960 2382 1028 Atque
2425 960 2476 1015 id
2511 963 2575 1016 de
2602 965 2856 1019 omnibus
2887 967 3100 1021 videtur
3139 967 3244 1021 dici
3281 967 3502 1031 debere,
3537 971 3630 1025 ubi

2062 1049 2194 1119 quid
2224 1049 2422 1103 malum
2460 1059 2546 1104 est
2577 1051 2703 1104 boni
2737 1053 2975 1107 fucatum
3012 1056 3390 1122 similitudine,
3429 1059 3505 1113 ibi
3535 1076 3634 1116 ne-

2061 1137 2303 1191 cessario
2329 1139 2527 1193 bonum
2558 1154 2679 1195 esse
2712 1142 2854 1196 malo
2885 1147 3239 1201 contrarium.
3270 1148 3361 1204 Sic
3386 1166 3507 1204 cum
3531 1168 3634 1221 per

2061 1229 2366 1299 praestigias
2415 1230 2593 1299 aliqua
2641 1232 2794 1296 ﬁant,
2834 1235 3012 1289 divina
3060 1237 3261 1292 virtute
3288 1239 3468 1310 aliqua
3513 1245 3633 1299 ﬁeri

2061 1320 2112 1372 in
2143 1320 2257 1372 vita
2292 1334 2518 1374 necesse
2563 1329 2666 1374 est.
2698 1322 2940 1377 Alterum
2994 1340 3061 1379 ex
3119 1328 3287 1383 altero
3329 1333 3574 1400 sequitur
3611 1347 3628 1386 :

2059 1411 2286 1474 proinde
2311 1423 2403 1465 aut
2434 1422 2726 1480 utrumque
2770 1414 3063 1470 tollendum
3096 1429 3182 1474 est
3217 1424 3632 1494 negandumque

2057 1504 2195 1557 bona
2216 1512 2270 1557 et
2291 1505 2432 1557 mala
2478 1519 2636 1569 esse;
2674 1514 2769 1559 aut
2809 1506 3049 1562 admisso
3085 1510 3255 1565 altero
3291 1515 3632 1586 maximeque

2058 1593 2224 1657 malo,
2258 1594 2461 1649 bonum
2505 1611 2721 1667 quoque
2784 1598 3079 1653 admissum
3125 1611 3362 1669 oportet.
3412 1608 3630 1677 Siquis

373 1685 620 1753 μάλιστα
658 1684 719 1737 τὸ
737 1693 739 1695 ’
759 1685 959 1756 χεῖρον,
990 1685 1268 1756 ὁμολογεῖν
1299 1685 1393 1738 καὶ
1425 1686 1553 1756 περὶ
1587 1685 1682 1739 τοῦ
1707 1686 1948 1757 κρείττο-

2057 1691 2236 1736 autem
2270 1693 2432 1751 ponat
2461 1687 2702 1753 quaedam
2727 1702 2822 1756 per
2849 1668 3336 1759 przestigiaselﬁci,
3368 1693 3420 1747 id
3451 1668 3629 1752 auiem

367 1794 492 1839 νος.
521 1776 585 1830 Ei
619 1775 676 1829 δέ
722 1793 804 1838 τις
831 1776 1002 1845 τιθείη
1045 1776 1142 1845 μὲν
1169 1776 1237 1828 τὰ
1275 1776 1383 1829 ἀπὸ
1405 1777 1660 1846 γοητείας
1687 1777 1952 1845 γίνεσθαι,

369 1868 458 1937 μὴ
481 1867 656 1937 τιθείη
681 1867 739 1920 δὲ
770 1865 840 1920 τὰ
866 1867 973 1920 ἀπὸ
1001 1867 1151 1930 θείας
1186 1867 1467 1938 δυνάμεως
1486 1883 1500 1898 ο
1543 1869 1691 1921 δοκεῖ
1719 1887 1808 1940 μοι
1849 1888 1956 1924 πα-

366 1958 679 2028 ραπλήσιος
703 1956 842 2012 εἶναι
872 1959 951 2029 τῷ
980 1959 1182 2012 τιθέναι
1219 1958 1341 2028 μὲν,
1382 1959 1463 2011 ὅτι
1509 1961 1613 2012 εἰσὶ
1643 1960 1953 2030 σοφίσματα

367 2051 471 2103 καὶ
519 2050 666 2119 λόγοι
726 2051 962 2113 πιθανοὶ,
1005 2051 1471 2120 ἀποτυγχάνοντες
1523 2051 1624 2120 τῆς
1675 2052 1950 2121 ἀληθείας,

370 2141 834 2212 προσποιούμενοι
884 2141 1091 2211 τάληθῆ
1155 2141 1528 2212 παριστάνειν,
1602 2141 1838 2211 οὐδαμοῦ
1895 2141 1951 2193 δὲ

367 2233 509 2303 παρ’
545 2232 850 2304 ἀνθρώποις
888 2232 1135 2304 ἀλήθεια,
1196 2233 1294 2285 καὶ
1349 2232 1659 2301 διαλεκτικὴ
1700 2231 1952 2302 ἀλλοτρία

368 2323 730 2394 σοφισμάτων
771 2323 1130 2377 πολιτεύεται.
1161 2325 1226 2377 Εἰ
1259 2325 1303 2377 δ’
1339 2323 1486 2388 ams
1517 2323 1947 2394 παραδεξόμεθα,

369 2415 664 2468 ἀκόλουθον
697 2411 834 2468 εἶναι
866 2415 942 2484 τῷ
968 2415 1260 2468 ὐποστάτιν
1287 2417 1394 2486 (57)
1431 2412 1565 2468 εἶναι
1596 2415 1825 2485 μαγείαν
1857 2415 1951 2468 καὶ

368 2508 648 2578 γοητείαν,
688 2508 1080 2578 ἐνεργουμένην
1110 2507 1215 2560 ὐπὸ
1247 2507 1497 2579 πονηρῶν
1535 2507 1825 2577 δαιμόνων,
1853 2523 1953 2558 κα-

368 2595 710 2665 τακηλήσεσι
756 2595 1065 2666 περιέργοις
1109 2594 1466 2665 θελγομένων,
1517 2595 1612 2646 καὶ
1637 2592 1948 2664 ἀνθρώποις

370 2687 566 2756 γόησιν
608 2670 1010 2751 ὑπακουόντων,
1062 2687 1123 2740 τὸ
1172 2688 1264 2740 καὶ
1312 2687 1418 2740 ἀπὸ
1465 2686 1613 2749 θείας
1670 2687 1951 2756 δυνάμεως

371 2779 486 2831 δεῖν
514 2777 862 2849 εὑρίσκεσθαι
894 2779 950 2830 ἐν
989 2776 1294 2848 ἀνθρώποις
1315 2795 1328 2808 ο
1357 2777 1444 2830 διὰ
1473 2777 1525 2829 τί
1567 2777 1686 2846 οὐχ)⁹
1733 2778 1826 2829 καὶ
1860 2776 1949 2846 βε-

372 2869 786 2939 ϐασανισμένως
832 2870 956 2931 τοὺς
1008 2869 1504 2940 ἐπαγγελλομένους
1550 2871 1648 2932 τὰς
1696 2870 1949 2940 δυνάμεις

371 2954 698 3026 ἐξετάσομεν
724 2956 832 3009 ἀπὸ
862 2956 954 3008 τοῦ
981 2956 1094 3027 βίου
1120 2958 1213 3010 καὶ
1239 2957 1331 3010 τοῦ
1357 2958 1518 3029 ἤθους
1543 2961 1635 3012 καὶ
1674 2959 1781 3012 τῶν
1810 2963 1944 3012 ἐπα-

375 3047 767 3100 κολουθούντων
819 3051 938 3111 ταῖς
985 3048 1292 3117 δυνάμεσιν,
1327 3050 1442 3119 ἤτοι
1489 3052 1568 3113 είς
1603 3051 1808 3124 βλάϐην
1837 3054 1943 3108 τῶν

372 3131 734 3204 ἀνθρώπωνῆ
777 3134 854 3196 είς
906 3132 1051 3202 ἠθῶν
1089 3134 1490 3204 ἐπανόρθωσιν;
1541 3137 1624 3199 τίς
1671 3140 1788 3206 μὲν,
1831 3139 1945 3193 δαί-

376 3243 503 3294 μοσι
527 3226 958 3296 διακονούμενος,
997 3227 1085 3280 διά
1137 3244 1296 3280 τινων
1327 3228 1548 3298 ἐπῳδῶν
1593 3232 1686 3283 καὶ
1735 3247 1946 3301 μαγγα-

375 3319 534 3372 νειῶν
578 3319 648 3371 τὰ
682 3319 905 3373 τοιαῦτα
937 3325 1112 3384 ποιεί;
1142 3321 1226 3384 τίς
1251 3321 1296 3374 δ“
1330 3321 1387 3372 ἐν
1422 3320 1573 3392 χώρᾳ
1605 3323 1819 3394 καθαρᾷ
1852 3325 1944 3377 καὶ

370 3408 507 3479 ἁγίᾳ
563 3409 851 3479 γενόμενος
905 3410 1046 3463 κατὰ
1111 3413 1209 3481 τὴν
1261 3411 1438 3482 ψυχὴν
1491 3413 1683 3466 ἑαυτοῦ
1743 3415 1833 3468 καὶ
1884 3415 1946 3467 τὸ

369 3499 609 3570 πνεῦμα,
638 3497 793 3570 οἶμαι
825 3501 880 3555 δὲ
904 3502 998 3554 κα)⁸
1022 3501 1080 3554 τὸ
1107 3502 1266 3573 σῶμα
1296 3503 1373 3573 τῷ
1399 3502 1518 3573 Θεῷ
1552 3504 1681 3573 (58),
1713 3506 1947 3576 παραδε-

369 3590 602 3662 ξάμενος
649 3591 872 3644 θεῖόν-τι
911 3592 1147 3662 πνεῦμα,
1184 3591 1253 3645 τὰ
1294 3593 1514 3646 τοιαῦτα
1560 3597 1638 3657 είς
1683 3595 1946 3662 ὠφέλειαν

365 3681 669 3754 ἀνθρώπων
720 3684 814 3736 καὶ
869 3685 1182 3755 προτροπὴν
1243 3685 1340 3756 τὴν
1389 3686 1482 3738 ἐπὶ
1552 3685 1612 3738 τὸ
1668 3687 1945 3742 πιστεύειν

366 3773 487 3844 Θεῷ
510 3773 745 3844 ἀληθινῷ
771 3774 997 3846 πράττει
1021 3790 1035 3839 ;
1063 3775 1125 3826 Ei
1162 3773 1206 3826 δ’
1242 3773 1387 3840 ἅπαξ
1417 3775 1597 3844 ζητεῖν
1622 3776 1702 3828 δεῖ
1722 3777 1794 3847 μὴ
1823 3794 1946 3830 συν-

367 3865 744 3937 αρπαζόμενον
783 3866 889 3918 ὐπὸ
931 3867 1038 3919 τῶν
1067 3867 1368 3938 δυνάμεων,
1403 3869 1486 3930 τίς
1521 3869 1618 3939 μὲν
1642 3869 1748 3922 ἀπὸ
1773 3870 1950 3941 κρείτ-

366 3974 541 4020 τονος,
567 3958 652 4021 τίς
681 3959 739 4010 δέ
768 3957 876 4011 ἀπὸ
915 3959 1155 4030 χείρονος
1192 3958 1260 4011 τὰ
1307 3959 1530 4013 τοιαῦτα
1572 3961 1826 4027 ἐπιτελεῖ,
1861 3961 1946 4014 ἵνα

365 4049 402 4120 ἢ
448 4049 522 4120 μὴ
565 4051 745 4104 πάντα
796 4050 1205 4120 κακολογῶμεν,
1264 4052 1296 4120 ἢ
1344 4051 1417 4121 μὴ
1467 4053 1642 4104 πάντα
1706 4052 1780 4115 ὼς
1829 4052 1948 4107 θεῖα

366 4140 736 4212 θαυμάζωμεν
769 4142 863 4193 καὶ
890 4140 1305 4211 ἀποδεχώμεθα·
1366 4142 1481 4203 πῶς
1513 4142 1632 4212 οὐχὶ
1675 4145 1946 4213 προφανὲς

367 4233 471 4304 μὲν
512 4232 663 4286 ἔσται
686 4235 750 4286 ἐκ
778 4233 886 4285 τῶν
918 4231 1235 4302 συμϐάντων
1271 4231 1362 4285 ἐπὶ
1400 4233 1678 4296 Μωῦσέως
1715 4235 1808 4286 καὶ
1850 4234 1944 4286 ἐπὶ

2055 1773 2122 1827 de
2143 1772 2325 1827 divina
2359 1783 2626 1843 potestate
2681 1780 3001 1849 negaverit,
3049 1782 3096 1835 is
3139 1782 3270 1835 mihi
3311 1783 3522 1838 videtur
3552 1789 3632 1839 si-

2055 1863 2196 1918 milis
2217 1880 2339 1919 esse
2376 1866 2475 1928 illi,
2501 1866 2666 1938 426
2697 1870 2791 1938 qui
2826 1871 3263 1928 concedensesse
3291 1875 3627 1943 sophismata

2056 1954 2405 2022 rationesque
2449 1957 2782 2025 probabiles,
2817 1973 2956 2028 quae,
3018 1963 3233 2017 tametsi
3287 1966 3517 2019 veritate
3543 1981 3633 2019 va-

2054 2060 2190 2110 cuae,
2215 2046 2461 2102 veritatis
2491 2055 2674 2101 tamen
2717 2051 2950 2117 speciem
2971 2068 3081 2122 prae
3113 2068 3171 2108 se
3206 2054 3400 2120 ferant,
3427 2057 3628 2112 nullam

2051 2137 2194 2204 apud
2240 2136 2491 2197 homines
2521 2139 2810 2193 veritatem
2843 2156 2964 2197 esse
2991 2147 3366 2212 contenderet,
3399 2149 3631 2201 nullam--

2053 2241 2162 2292 que
2194 2227 2553 2292 dialecticam,
2589 2244 2710 2297 qure
2739 2233 3089 2300 sophismatis
3119 2236 3430 2293 abhorreat.
3475 2240 3626 2305 Quod

2051 2321 2121 2384 si,
2191 2320 2318 2389 quia
2369 2336 2648 2390 magorum
2694 2335 2748 2378 et
2803 2327 3262 2394 praestigiatorum
3332 2338 3481 2386 artes
3528 2333 3630 2386 ali-

2051 2412 2181 2480 quid
2208 2410 2442 2466 eﬁiciunt
2487 2427 2589 2488 ope
2642 2415 2908 2469 malorum
2943 2417 3268 2486 daemonum,
3300 2423 3391 2491 qui
3443 2425 3627 2476 curio-

2051 2507 2128 2561 sis
2161 2507 2622 2562 incantationibus
2664 2507 2875 2562 deliniti
2927 2509 3243 2568 hominibus
3314 2514 3434 2570 illas
3483 2526 3629 2570 artes

2049 2597 2433 2667 profitentibus
2481 2611 2690 2652 morem
2732 2610 2951 2669 gerunt,
3022 2602 3221 2657 ideirco
3248 2604 3486 2658 divinam
3520 2606 3629 2660 vir-

2053 2698 2221 2743 tutem
2265 2689 2409 2742 inter
2441 2687 2688 2742 homines
2735 2690 2939 2759 aliquid
3000 2695 3212 2762 operari
3260 2695 3625 2750 conﬁtendum

2051 2793 2170 2838 est:
2208 2797 2308 2836 cur
2338 2797 2445 2836 non
2481 2795 2694 2848 eorum,
2726 2783 2817 2851 qui
2850 2784 3109 2838 miracula
3152 2787 3504 2855 pollicentur,
3541 2788 3626 2844 vi-

2054 2881 2184 2934 tam,
2215 2886 2396 2927 mores
2425 2871 2643 2941 aliaque
2670 2886 2737 2926 ex
2779 2874 3054 2929 miraculis
3080 2878 3494 2946 consequentia,
3537 2893 3627 2932 ac-

2051 2974 2238 3021 curate
2264 2964 2685 3034 pensitahimus,
2720 2964 3027 3021 aﬂ‘erantne
3061 2968 3358 3036 perniciem
3396 2969 3628 3022 homini-

2049 3060 2169 3120 bus,
2201 3072 2266 3111 an
2300 3058 2367 3111 ad
2393 3057 2746 3126 corrigendos
2787 3072 2968 3113 mores
3002 3060 3321 3125 conferant;
3359 3060 3481 3130 quis
3513 3061 3627 3116 dua--

2050 3150 2304 3203 monibus
2335 3163 2557 3218 operam
2589 3162 2800 3202 navans
2835 3165 2931 3216 per
2961 3150 3360 3206 incantationes
3396 3167 3625 3207 arcana—

2047 3255 2153 3310 que
2185 3241 2394 3310 magica
2427 3247 2611 3307 patret
2641 3239 2943 3306 miracula;
2980 3240 3102 3309 quis
3132 3252 3326 3296 contra
3364 3245 3621 3298 sanetiori

2048 3333 2100 3387 in
2141 3333 2260 3386 loco
2279 3347 2343 3387 ac
2371 3347 2507 3399 puro
2537 3333 2867 3394 consistens,
2911 3333 3196 3403 animaque
3221 3341 3278 3387 et
3305 3335 3520 3404 spiritu,
3548 3345 3622 3399 et,

2046 3427 2259 3492 opinor,
2297 3439 2520 3492 corpore
2569 3425 2809 3478 divinum
2865 3424 3138 3492 accipiens
3190 3425 3442 3493 spiritum
3473 3425 3622 3492 ejus-

2049 3514 2194 3570 modi
2241 3515 2364 3567 edat
2408 3515 2672 3584 prodigia,
2721 3524 2775 3568 et
2828 3515 3078 3569 utilitatis
3124 3515 3401 3570 hominum
3435 3531 3622 3580 causa,

2046 3613 2184 3658 etut
2227 3605 2294 3658 ad
2336 3606 2668 3659 credendum
2700 3620 2829 3659 vero
2880 3605 2986 3660 Deo
3020 3607 3232 3660 animos
3287 3606 3622 3663 inﬂammet?

2045 3693 2164 3748 Jtm
2211 3696 2279 3755 si.
2312 3696 2488 3765 posita
2521 3696 2668 3751 omni
2699 3697 2766 3749 de
2798 3695 3078 3749 miraculis
3110 3697 3466 3765 praejudicata
3502 3700 3620 3768 epi-

2046 3787 2231 3850 nione,
2264 3787 2432 3854 quaeri
2473 3796 2689 3856 oportet
2731 3787 2947 3842 bonone
2978 3803 3044 3841 an
3072 3787 3212 3842 malo
3243 3789 3473 3845 consilio
3500 3793 3621 3859 quis

2051 3879 2143 3932 illa
2177 3878 2389 3942 fecerit,
2422 3887 2482 3932 ut
2506 3894 2571 3933 ne
2597 3889 2691 3934 aut
2728 3880 2911 3934 omnia
2954 3879 3347 3949 vituperemus,
3381 3889 3475 3934 aut
3503 3897 3622 3938 om-

2048 3968 2136 4022 nia
2196 3978 2455 4038 tanquam
2503 3969 2684 4023 divina
2745 3970 3079 4024 admiremur
3123 3978 3176 4024 et
3221 3970 3616 4025 admittamus:

2047 4073 2224 4113 annon
2258 4060 2600 4129 perspicuum
2642 4068 2727 4113 est
2751 4075 2816 4118 ex
2844 4059 3048 4132 Moysis
3077 4058 3311 4130 Jesuque
3341 4062 3620 4115 miraculis

2045 4149 2240 4218 quibus
2273 4151 2494 4219 integra:
2522 4161 2711 4220 gentes
2762 4151 3071 4204 constitutae
3111 4159 3258 4214 sttnt,
3296 4165 3393 4204 eos
3436 4151 3615 4203 divina

2046 4248 2318 4307 petestate
2335 4239 2558 4302 fecisse,
2590 4254 2710 4308 quae
2732 4239 2804 4301 ab
2827 4240 2932 4293 illis
2965 4240 3105 4294 facta
3129 4239 3295 4294 fuisse
3323 4239 3618 4308 Scriptura:

377 4324 575 4396 Ἰησοῦ,
607 4325 777 4378 ἐθνῶν
816 4324 950 4377 ὅλων
988 4322 1295 4376 συστάντων
1336 4323 1474 4390 μετά
1501 4321 1568 4375 τὰ
1596 4326 1794 4394 σημεῖα
1839 4325 1941 4376 αὐ-

2051 4330 2318 4383 narrant?
2370 4328 2556 4398 Neque
2613 4330 2757 4384 enim
2815 4331 2972 4385 malis
3009 4331 3235 4384 artibus"
3283 4331 3616 4399 magicisque

363 4417 494 4483 τῶν,
526 4419 606 4472 ὅτι
634 4417 753 4488 θείᾳ
778 4417 1004 4487 δυνάμει
1031 4417 1398 4486 πεποιήκασιν
1422 4408 1590 4475 οὗτοι,
1628 4414 1769 4485 άπερ
1813 4415 1944 4468 ἀνα-

362 4512 672 4584 γέγραπται
696 4511 893 4572 αὐτοὺς
919 4507 1281 4579 πεποιηκέναι
1303 4523 1317 4572 ;
1344 4508 1457 4560 Οὐκ
1482 4506 1547 4560 ἂν
1581 4507 1689 4576 γὰρ
1709 4505 1940 4577 πονηρία

361 4603 455 4656 καὶ
521 4601 822 4674 μαγγανεία
862 4601 981 4654 ὅλον
1017 4601 1168 4663 ἔθνος
1224 4601 1552 4668 συνέστησαν
1598 4596 1727 4666 (59),
1774 4598 1940 4668 ὑπερ-

360 4691 462 4746 ϐὰν
518 4695 614 4764 μὲν
658 4694 718 4746 οὐ
757 4694 916 4764 μόνον
968 4692 1256 4762 ἀγάλματα
1308 4693 1402 4745 καὶ
1477 4688 1544 4742 τὰ
1587 4689 1677 4742 ὐπ’
1721 4688 1935 4760 ἀνθρώ-

362 4801 479 4838 πων
511 4787 785 4857 ἱδρυμένα,
827 4785 962 4839 ἀλλὰ
1007 4786 1100 4837 καὶ
1129 4785 1308 4836 πᾶσαν
1338 4781 1572 4853 γενητὴν
1602 4779 1784 4850 φύσιν,
1814 4783 1936 4835 ἀνα-

2044 4421 2336 4490 praestigiis
2364 4422 2660 4475 constituta
2691 4420 2882 4476 fuisset
2925 4436 3058 4491 gens
3098 4429 3232 4484 tota,
3278 4435 3398 4490 quae
3425 4422 3616 4490 despe-

2043 4513 2145 4566 ctis
2167 4527 2272 4566 non
2303 4512 2476 4566 solum
2502 4512 2812 4568 simulacris
2845 4513 3100 4580 falsisque
3142 4513 3457 4567 numinibus
3493 4527 3611 4580 quae

2050 4601 2244 4671 reliqui
2270 4602 2521 4656 homines
2553 4600 2827 4668 colebant,
2853 4604 2944 4657 sed
2979 4602 3145 4658 etiam
3169 4601 3328 4655 rebus
3360 4600 3612 4655 omnibus

2044 4692 2262 4757 creatis,
2305 4691 2371 4746 ad
2399 4691 2564 4747 Deum
2599 4705 2778 4747 rerum
2809 4691 3049 4746 omnium
3094 4690 3445 4761 principium,
3468 4689 3614 4760 prin-

2045 4783 2186 4852 cipio
2214 4793 2487 4840 carentem
2513 4785 2690 4853 ipsum
2719 4783 2975 4853 assurgit.

361 4876 542 4930 6αῖνον
590 4879 649 4935 δέ
703 4879 838 4951 πρὸς
888 4877 986 4949 τὴν
1016 4877 1277 4948 ἀγένητον
1327 4873 1420 4927 τοῦ
1476 4873 1610 4927 Θεοῦ
1643 4874 1750 4928 τῶν
1780 4875 1916 4928 ὅλων
1938 4876 2131 4947 ἀρχήν.

435 5009 550 5081 (56)
575 5011 663 5065 Sic
681 5027 866 5063 omnes
891 5027 1020 5064 mss.
1058 5010 1281 5073 rectius,
1317 5011 1536 5081 opinor,
1572 5025 1736 5079 quam
1767 5011 1926 5075 editi,

365 5079 419 5133 in
449 5079 656 5144 quibus
691 5083 903 5146 legitur,
941 5083 1032 5134 ἐπὶ
1060 5083 1276 5135 πάντων
1307 5080 1446 5133 ὥστε
1476 5080 1609 5133 δεῖν.

436 5148 956 5222 (57)-Ὑποστάτιν.
991 5151 1160 5222 Codd.
1188 5151 1325 5222 ltegr.
1349 5159 1405 5203 et
1437 5149 1784 5222 Iiasileensis.
1819 5149 1924 5222 Alii

361 5219 880 5288 νει·ο,’ὐποστάτην,
915 5221 1006 5272 sed
1061 5219 1201 5288 haud
1237 5221 1350 5271 seio
1401 5233 1576 5288 annon
1629 5220 1809 5288 potius
1855 5220 1927 5271 le-

359 5291 594 5357 gendum
640 5289 734 5349 sit,
763 5284 837 5342 uti
878 5290 1097 5354 coniicit
1125 5287 1372 5348 Guietus,
1400 5287 1699 5340 ὑπόστατον
1756 5284 1917 5341 εἶναι.

360 5360 414 5411 ld
451 5368 552 5419 est,
585 5358 870 5427 ὑπάρχειν,
911 5359 1178 5412 exsistere.
1223 5357 1312 5410 Sic
1340 5357 1661 5427 περίστατος
1697 5371 1726 5406 a
1766 5357 1920 5427 περί-

361 5405 584 5497 σταμαι,
621 5405 886 5491 ἐπίθέτοξ,
945 5426 1212 5487 ἐπίθετον,
1263 5436 1370 5497 etc.
1405 5405 1568 5478 i’aulo
1599 5405 1913 5497 post_co.id.

362 5493 559 5564 Regius
612 5508 666 5551 et
720 5499 1074 5557 Basileeuss,
1130 5496 1528 5566 κατακηλὴσεσι
1586 5493 1914 5564 περιέργοις.

360 5570 401 5618 Α
412 5569 537 5646 has,
563 5568 925 5646 γρτακλήρεσι
949 5566 1289 5646 περιέργοις..

433 5636 544 5707 (58)
579 5637 663 5703 Τῷ
706 5634 849 5704 Θεῷ.
901 5634 1194 5692 Abundare
1235 5634 1466 5701 videtur,
1520 5647 1618 5689 nec
1672 5634 1922 5702 agnoscit

2035 5012 2313 5074 Gelenius,
2349 5015 2734 5082 assentiorque
2775 5014 3062 5068 Boherello
3094 5017 3195 5068 hoc
3222 5014 3446 5070 delenti.

2105 5083 2217 5153 (3.9)
2247 5085 2562 5157 Bobernllus
2585 5085 2730 5157 legit,
2763 5085 2998 5157 πονηρίᾳ
3031 5088 3125 5138 καὶ
3157 5085 3464 5157 μαγγανεία
3486 5083 3606 5157 ὅλον

2029 5149 2179 5214 ἔθνος
2222 5153 2569 5223 συνέστησεν.
2609 5149 2677 5206 At
2723 5149 3194 5215 rodefJoliauus,
3238 5149 3472 5223 πονηρία
3511 5153 3606 5223 καὶ

2031 5223 2335 5294 μαγγανεία
2361 5223 2480 5275 ὅλον
2503 5222 2652 5294 ἔθνος
2680 5225 3034 5294 συνέστησαν,
3076 5233 3131 5275 εἰ
3172 5224 3246 5294 ita
3290 5222 3417 5273 libb.
3439 5222 3601 5294 :diti,

2025 5287 2126 5342 nisi
2152 5287 2294 5359 quod
2327 5308 2422 5360 pro
2452 5293 2804 5361 συνέστησαν,
2832 5287 3031 5361 habent
3063 5291 3405 5361 συνέστησεν.
3439 5287 3606 5361 Paulo

2027 5369 2149 5427 post
2171 5357 2364 5415 omnes
2392 5363 2639 5432 mss.,_'rdt
2670 5357 3082 5432 ὐπ’ἀνθρώπων
3105 5357 3381 5432 ἱδρυμένα,
3403 5357 3604 5432 rectius

2027 5425 2188 5497 quam
2216 5432 2486 5498 impressi,
2517 5430 2584 5483 τὰ
2617 5433 2706 5484 ὐπ’
2745 5425 2919 5484 αὐτῶν
2953 5425 3239 5498 ἱδρυμένας
3268 5441 3399 5498 qua;
3427 5425 3600 5498 Bohc_—

2031 5492 2195 5551 rellus
2245 5492 2739 5566 nianuscriptorum
2782 5513 2885 5569 ope
2926 5492 3218 5553 destitutus
3267 5492 3502 5562 legebat,
3533 5492 3601 5544 τὰ

2031 5570 2114 5621 ἐπ’
2157 5568 2332 5622 αὐτῶν
2366 5570 2478 5638 ίδρυ
2487 5570 2639 5638 μένα.
2823 5568 2831 5569 ί
3431 5571 3434 5573 ’
