3998 6170
430 232 538 288 879

427 451 548 492 sum
587 432 845 504 loquitur,
893 429 1021 483 libet
1052 442 1174 482 eum
1210 427 1289 480 sic
1322 425 1646 492 compellare
1680 441 1694 477 :
1729 424 1806 478 Tu
1847 442 1991 490 vero,

430 530 572 582 hone
600 525 704 589 vir,
735 539 832 579 cur
884 518 1161 580 miracula,
1215 533 1336 586 qua:
1377 532 1406 569 a
1465 517 1571 570 Deo
1619 533 1715 587 per
1761 516 1995 588 Moysem

428 617 568 674 facta
603 629 723 670 esse
764 622 866 664 tua:
897 608 1180 676 scriptura:
1211 604 1480 669 referunt,
1509 605 1687 659 divina
1720 619 1838 660 esse
1877 619 1997 658 cre-

426 708 530 771 dis,
561 714 615 760 et
647 705 904 758 adversus
949 713 1063 763 eos,
1115 697 1206 765 qui
1267 696 1361 749 illa
1413 707 1467 750 et
1509 710 1793 766 magorum
1826 694 1996 766 Egy-

426 799 659 868 ptiorum
690 790 1000 862 praestigias
1034 787 1222 840 eodem
1255 789 1374 838 loco
1405 794 1717 850 numerant,
1746 785 1882 838 tueri
1915 794 1997 838 at-

423 903 529 958 que
555 884 846 941 defendere
891 879 1133 943 conaris,
1185 887 1242 931 et
1299 876 1588 946 Egyptios
1639 885 1760 930 tuos
1813 876 1996 930 hostes

423 978 661 1033 imitatus
693 971 948 1028 inﬁtiaris
978 970 1160 1024 divina
1187 983 1327 1027 esse.
1354 983 1474 1037 quae
1507 966 1659 1021 Jesus
1715 968 1886 1035 teipse
1915 967 1997 1018 fa-

421 1078 571 1124 tente
605 1065 844 1136 patravit
882 1060 1182 1116 miracula?
1211 1059 1343 1112 Nam
1371 1060 1414 1112 si
1450 1058 1838 1112 miraculorum
1880 1060 1993 1112 exi-

420 1174 530 1229 tus,
577 1161 622 1215 si
668 1168 779 1214 tota
821 1172 954 1227 gens
986 1171 1084 1226 per
1117 1153 1380 1209 miracula
1426 1151 1624 1222 Moysis
1672 1153 1990 1216 constituta,

420 1254 699 1309 evidenter
727 1249 960 1321 probant
1008 1247 1074 1302 de
1128 1245 1310 1315 Moyse
1353 1245 1519 1298 Deum
1557 1259 1653 1314 per
1685 1243 1830 1297 illum
1879 1244 1992 1299 haec

422 1347 614 1402 fecisse
694 1339 993 1405 miracula;
1060 1353 1160 1392 cur
1215 1337 1356 1390 idem
1418 1351 1523 1389 non
1597 1336 1873 1390 constabit
1927 1335 1992 1389 de

417 1437 584 1500 Iesu,
649 1435 738 1503 qui
785 1432 951 1486 multo
994 1429 1219 1498 majora,
1269 1443 1428 1496 quam
1487 1426 1720 1497 Moyses,
1771 1427 1988 1481 effecit?

416 1530 579 1602 427
627 1527 717 1583 Ille
743 1525 884 1580 enim
931 1521 1158 1593 gentiles
1191 1535 1317 1575 suos
1339 1536 1367 1572 a
1387 1521 1592 1575 semine
1613 1518 1884 1573 Abraham
1911 1533 1991 1571 or-

419 1617 966 1688 tos,circumcisionis
984 1614 1318 1681 aliorumque
1347 1613 1414 1665 ab
1433 1613 1707 1664 Abraham
1735 1612 1988 1666 continua

418 1710 763 1768 successione
793 1715 1138 1775 acceptorum
1177 1706 1377 1758 rituum
1414 1704 1694 1772 religiosos
1727 1704 1987 1758 observa-

417 1814 583 1864 tores,
609 1809 768 1868 atque
799 1805 1075 1867 promptos
1101 1796 1211 1860 jam
1249 1806 1302 1848 et
1329 1804 1548 1863 paratos
1573 1802 1784 1858 nactus,
1806 1794 1989 1848 eduxit

415 1909 483 1948 ex
510 1891 766 1962 Egypto,
817 1888 1005 1956 eisque
1049 1887 1279 1950 divinas,
1315 1893 1373 1939 ut
1408 1885 1607 1948 credis,
1641 1888 1786 1954 leges
1817 1885 1986 1954 impo-

415 1983 546 2037 suit.
603 1981 699 2036 llic
737 1990 913 2035 autem
963 1978 1134 2046 majus
1162 1978 1419 2047 quiddam
1457 1993 1641 2042 ausus,
1689 1978 1985 2046 antiquatis

418 2074 679 2128 institutis
721 2073 964 2142 pristinis
1021 2069 1371 2139 moribusque
1428 2070 1638 2136 patriis,
1687 2070 1738 2123 in
1787 2069 1986 2137 quibus

413 2175 601 2235 gentes
643 2167 885 2219 educaue
936 2165 1170 2228 fuerant,
1215 2161 1521 2232 reipublica:
1559 2161 1785 2216 formam
1817 2177 1984 2214 evan-

412 2256 598 2319 gelieis
673 2256 1003 2325 prmscriptis
1080 2264 1505 2311 consentaneam
1577 2253 1982 2322 superinduxit.

413 2348 874 2416 Quemadmodum
900 2349 1062 2418 igitur
1089 2347 1324 2418 Moyses,
1353 2357 1412 2402 ut
1435 2347 1534 2401 sibi
1570 2346 1706 2415 apud
1739 2355 1982 2400 senatmn

413 2441 727 2510 plebemque
781 2439 986 2495 faceret
1053 2441 1236 2505 iidem,
1281 2456 1415 2510 Opus
1469 2441 1656 2496 habuit
1706 2439 1982 2495 miraculis

411 2548 531 2602 qua:
572 2530 863 2600 Scriptura:
892 2541 1359 2598 commemorant;
1387 2547 1484 2586 cur
1513 2547 1615 2585 non
1649 2529 1774 2586 Jesu
1810 2533 1976 2586 mira-

410 2624 547 2679 culis
572 2637 710 2692 opus
734 2622 848 2685 fuit,
881 2632 938 2676 ut
965 2622 1038 2676 illi
1065 2621 1222 2675 ﬁdem
1266 2622 1586 2690 adjuugeret
1609 2622 1861 2693 populus,
1887 2624 1980 2691 qui

409 2717 562 2788 signa
605 2725 659 2770 et
688 2715 932 2792 prodigia
972 2716 1248 2785 postulare
1287 2715 1696 2771 consueverat?
1730 2715 1842 2769 lmo
1869 2731 1982 2770 ma-

405 2807 612 2874 joribus
635 2807 1124 2877 divinioribusque,
1152 2823 1315 2876 quam
1347 2822 1468 2876 qua:
1501 2806 1713 2874 Moyses
1747 2805 1979 2869 fecerat,

407 2915 543 2968 opus
570 2900 688 2966 fuit,
723 2908 779 2954 ut
809 2909 1117 2956 averterent
1145 2901 1214 2953 ab
1258 2898 1506 2953 inanibus
1545 2898 1742 2951 fabulis
1783 2898 1978 2951 huma-

1904 217 2227 276 ORIGENIS
3111 275 3117 281 κ

513 341 603 397 52.
632 339 697 394 Et
733 337 988 408 quoniam
1026 331 1243 389 Judaaus
1277 341 1357 388 est
1405 333 1494 402 qui
1530 333 1646 389 lucc
1693 335 1833 403 apud
1878 334 1983 390 Cel-

2184 339 2334 391 Ἐπεὶ
2363 337 2408 390 δ’
2448 339 2694 404 Ἰουδαῖός
2743 339 2890 393 ἐστιν
2929 343 2958 394 ὁ
2991 341 3140 412 παρὰ
3166 343 3245 415 τῷ
3272 344 3464 416 Κέλσῳ
3507 347 3684 404 ταῦτα

3575 233 3687 286 880

2099 427 2291 496 λέγων,
2329 428 2577 500 εῐποιμεν
2611 429 2677 483 ἂν
2713 431 2851 501 πρὸς
2899 433 3090 485 αὐτόν·
3125 434 3197 485 Σὺ
3223 433 3278 487 δὲ
3307 436 3392 506 δὴ,
3423 431 3468 488 ὧ
3502 432 3682 502 οὗτος,

2098 518 2150 571 τί
2195 519 2393 590 δήποτε
2441 520 2509 573 τὰ
2565 521 2663 591 μὲν
2713 523 2862 592 παρὰ
2905 524 2986 576 σοὶ
3026 525 3406 596 γεγραμμένα,
3453 528 3529 590 ὡς
3575 530 3684 582 ὑπὸ

2097 608 2232 662 Θεοῦ
2258 609 2344 662 διὰ
2379 611 2664 675 Μωῦσέως
2714 613 3148 677 ἐπιτελεσθέντα,
3195 615 3312 668 θεῖα
3347 614 3484 670 εἷναι
3518 622 3684 672 πεπί-

2099 717 2348 764 στευκας,
2378 703 2471 754 >αι¹ι
2499 705 2692 773 πειρᾷς
2724 704 2858 775 πρὸς
2880 707 3006 768 τοὺς
3028 705 3409 771 διαϐάλλοντας
3436 709 3573 761 αὐτὰ
3602 711 3681 772 ὡς

2097 792 2237 846 κατὰ
2265 793 2518 862 γοητείαν
2552 797 2892 866 γεγενημένα
2926 797 3124 866 ὁμοίως
3154 802 3266 862 τοῖς
3316 801 3467 872 παρὰ
3510 805 3677 868 Αἰγυο

2097 881 2266 934 πτίων
2300 885 2483 950 σοφοῖς
2525 883 2953 953 ἐπιτελουμένοις
2992 885 3335 940 διαλύεσθαι·
3385 889 3454 942 τὰ
3487 889 3543 941 δὲ
3570 891 3682 943 ἀπὸ

2094 971 2188 1023 τοῦ
2241 972 2414 1042 Ἰησοῦ
2461 975 2554 1026 καὶ
2599 977 2748 1044 παρά
2801 975 2884 1026 σοὶ
2928 974 3333 1046 ὁμολογούμενα
3367 979 3676 1046 γεγονέναι,

2094 1065 2218 1126 τοὺς
2275 1063 2414 1116 κατὰ
2447 1064 2542 1116 σοῦ
2574 1065 2902 1133 Αἰγυπτίους
2951 1066 3302 1136 μιμούμενος,
3349 1074 3679 1140 κατηγορεῖς

2094 1155 2169 1218 ὡς
2215 1155 2274 1206 οὐ
2313 1154 2466 1219 Oeta;
2515 1158 2578 1208 Ei
2626 1157 2735 1227 γὰρ
2777 1157 2837 1208 τὸ
2870 1156 3039 1219 τέλος,
3094 1149 3188 1210 καὶ
3235 1158 3352 1211 ὅλον
3408 1161 3470 1212 τὸ
3521 1161 3678 1224 ἔθνος

2095 1246 2227 1316 (40),
2290 1247 2492 1300 συστὰν
2535 1248 2624 1300 διὰ
2674 1249 2781 1302 τῶν
2842 1251 2900 1303 ὲν
2951 1253 3159 1323 Μωῦσῇ
3196 1252 3517 1322 τεραστίων,
3574 1252 3674 1322 τὴν

2093 1339 2379 1407 ἐνάργειαν
2446 1337 2540 1390 τοῦ
2593 1339 2724 1392 Θεὸν
2778 1335 2917 1394 εἶναι
2977 1343 3086 1411 (41)
3145 1342 3235 1394 τὸν
3279 1341 3454 1394 ταῦτα
3518 1344 3674 1412 ποιή·

2095 1446 2263 1482 σαντα
2293 1430 2549 1499 γενέσθαι
2578 1432 2888 1504 συνίστησιν
2922 1434 3014 1487 ἐπὶ
3040 1436 3316 1497 Μωῦσέως
3335 1452 3348 1464 ’
3404 1433 3520 1496 πῶς
3551 1434 3674 1503 οὐχὶ

2096 1521 2296 1590 μᾶλλον
2372 1522 2432 1574 τὸ
2492 1521 2731 1575 τοιοῦτον
2796 1525 2889 1575 ἐπὶ
2939 1523 3019 1593 τῷ
3073 1524 3244 1593 Ἰησοῦ
3290 1523 3671 1593 δειχθήσεται,

2098 1612 2282 1681 μεῖζον
2318 1614 2604 1683 ποιήσαντι
2657 1612 2808 1682 παρὰ
2850 1613 2910 1666 τὺ
2969 1615 3249 1678 Μωῦσέως
3290 1615 3482 1687 ἕργον;
3523 1615 3671 1666 ἐκεῖ-

2093 1723 2180 1767 νος
2234 1706 2330 1773 μὲν
2385 1705 2494 1775 γὰρ
2533 1705 2659 1768 τοὺς
2694 1705 2800 1757 ἀπὸ
2857 1704 2950 1756 τοῦ
3005 1705 3187 1769 ἔθνους
3249 1707 3313 1757 ἐκ
3358 1705 3674 1774 σπέρματος

2104 1799 2352 1869 Ἀϐραὰμ
2385 1798 2524 1850 κατὰ
2557 1797 2805 1868 διαδοχὴν
2832 1798 2930 1868 τὴν
2965 1799 3262 1869 περιτομὴν
3306 1798 3670 1867 φυλάξαντας,

2090 1892 2184 1943 καὶ
2207 1890 2312 1942 τῶν
2344 1888 2480 1940 ἐθῶν
2513 1888 2608 1941 τοῦ
2641 1888 2894 1959 Ἀϐραὰμ
2916 1890 3238 1959 γενομένους
3265 1889 3510 1962 ζηλωτὰς
3533 1893 3672 1944 ἐτοι-

2093 1983 2352 2054 μοτέρους
2402 1979 2766 2052 παραλαϐὼν,
2811 1981 3074 2051 ἐξήγαγεν
3117 1982 3182 2033 ὲκ
3229 1983 3328 2054 τῆς
3369 1983 3667 2052 Αἰγύπτου,

2087 2077 2210 2139 τοὺς
2239 2074 2434 2138 θείους,
2462 2073 2554 2136 οὒς
2579 2074 2965 2137 πεπίστευκας,
2993 2075 3423 2146 παρατιθέμενος
3445 2075 3555 2145 (42)
3581 2077 3673 2128 αύ-

2085 2171 2200 2231 τοῖς
2239 2168 2435 2236 νόμους
2460 2184 2474 2195 ·
2502 2161 2654 2229 οὗτος
2684 2165 2740 2217 δὲ
2789 2163 2971 2235 μεῖζόν
3011 2185 3063 2220 τι
3097 2168 3373 2238 τολμήσας
3395 2208 3407 2230 ,
3446 2169 3671 2239 ἐπεισή-

2085 2276 2222 2329 γαγε
2269 2262 2336 2330 τῇ
2384 2256 2870 2329 προκαταλαϐούσῃ
2915 2257 3190 2328 πολιτείᾳ,
3241 2260 3333 2310 καὶ
3377 2257 3520 2310 ἔθεσι
3563 2274 3669 2310 πα-

2084 2348 2298 2420 τρῲοις,
2326 2350 2420 2402 καὶ
2453 2350 2783 2419 ἀνατροφαῖς
2808 2351 2927 2411 ταῖς
2957 2349 3098 2401 κατὰ
3122 2351 3249 2412 τοὺς
3275 2349 3559 2418 κειμένους
3584 2349 3670 2401 v6—

2089 2457 2240 2512 μους,
2266 2440 2364 2510 τὴν
2391 2437 2534 2492 κατὰ
2565 2439 2625 2490 τὸ
2649 2437 2962 2506 εὐαγγέλιον
3001 2439 3293 2492 πολιτείαν.
3333 2440 3442 2492 Καὶ
3479 2439 3666 2510 ῶσπερ

2085 2532 2334 2603 ἕχρηζεν,
2364 2531 2449 2584 ἵνα
2471 2529 2710 2598 Μωῦσῆς
2748 2530 3008 2600 πιστευθῇ
3031 2530 3091 2582 ού
3130 2531 3286 2600 μόνον
3321 2531 3425 2584 ὑπὸ
3450 2531 3551 2600 τῆς
3577 2549 3668 2599 γε-

2089 2625 2328 2696 ρουσίας,
2353 2622 2489 2677 ἀλλὰ
2514 2621 2608 2675 κάὶ
2631 2621 2724 2675 τοῦ
2749 2621 2900 2684 λαοῦ,
2929 2623 3188 2692 σημείων,
3214 2616 3286 2675 ὧν
3310 2625 3667 2695 πεποιηκέναι

2085 2716 2492 2787 ἀναγέγραπται
2522 2731 2534 2743 °
2575 2712 2665 2766 διὰ
2710 2713 2763 2765 τί
2814 2713 2934 2782 οὐχὶ
2973 2715 3065 2765 καὶ
3101 2713 3336 2784 Ἰησοῦς,
3367 2716 3453 2766 ἵνα
3483 2715 3544 2786 δὴ
3575 2733 3664 2769 πι-

2086 2805 2281 2876 στευθῇ
2321 2804 2425 2857 ὑπὸ
2468 2802 2576 2856 τῶν
2609 2803 2716 2854 ἀπὸ
2748 2801 2842 2855 τοῦ
2887 2801 3014 2854 λαοῦ
3045 2802 3439 2874 μεμαθηκότων
3465 2807 3664 2876 σημεῖα

2083 2901 2180 2954 καὶ
2202 2898 2405 2969 τέρατα
2444 2897 2634 2958 αἰτεῖν,
2678 2895 2924 2964 δεήσεται
2961 2893 3214 2947 τοιούτων
3257 2895 3570 2966 δυνάμεων,
3605 2898 3663 2950 αἶ

413 2990 606 3059 nisque
637 2991 1040 3054 traditionibus,
1083 3004 1205 3058 qua:
1232 2988 1371 3058 apud
1414 2988 1632 3043 Judaaos
1683 2989 1976 3057 vigebant;

2088 2991 2166 3046 διὰ
2192 2991 2252 3043 τὸ
2283 2989 2466 3059 μεῖζον
2490 2989 2583 3040 καὶ
2612 2985 2881 3057 θειότερον
2918 2986 3200 3055 συγκρίσει
3237 2987 3345 3039 τῶν
3384 2987 3472 3041 διὰ
3507 2990 3663 3043 Μωῦ-

409 3089 466 3134 et
488 3079 877 3148 persuaderent
909 3079 1070 3148 hujus
1104 3080 1362 3133 doctrina:
1389 3078 1708 3144 magistrum
1758 3079 1983 3132 horum-

409 3186 518 3241 que
546 3173 930 3226 miraculorum
982 3171 1293 3225 ell'ectorem
1326 3169 1484 3238 longe
1511 3171 1791 3239 prophetis
1831 3181 1986 3225 ante-

411 3263 633 3318 cellere.
664 3262 730 3316 Et
752 3263 1020 3332 quomodo
1045 3261 1216 3328 major
1236 3261 1512 3330 prophetis
1535 3275 1640 3315 non
1672 3271 1792 3316 erat
1821 3277 1981 3330 quem

409 3357 678 3411 Christum
709 3365 764 3410 et
796 3356 1012 3425 generis
1042 3355 1263 3409 humani
1315 3354 1642 3409 salvatorem
1703 3354 1982 3424 prophetae

406 3446 932 3518 praenuntiaveranti

477 3712 566 3768 55.
595 3712 778 3783 Neque
803 3727 936 3769 vero
973 3714 1268 3782 quidquam
1303 3715 1390 3768 hic
1413 3713 1554 3769 Celsi
1593 3712 1809 3769 Iudaeus
1845 3731 1978 3769 con-

406 3816 488 3860 tra
515 3807 698 3860 lldeles
725 3807 878 3869 dicit,
917 3807 1061 3876 quod
1092 3822 1196 3860 non
1228 3807 1403 3876 possit
1432 3807 1484 3860 iu
1525 3807 1763 3878 Moyseln
1797 3818 1976 3862 retor-

407 3897 560 3964 queri
590 3915 602 3949 :
636 3898 706 3949 ita
731 3905 788 3948 ut
816 3897 858 3949 si
889 3897 1044 3950 Jesus
1084 3898 1446 3966 praestigiator
1491 3898 1677 3963 fuerit,
1727 3899 1891 3953 fuerit
1924 3908 1980 3954 et

408 3991 641 4061 Moyses,
677 3999 730 4043 et
759 4000 1008 4058 uterque,
1038 3990 1082 4044 si
1110 4006 1118 4014 ο
1147 3991 1276 4057 quid
1305 3993 1417 4045 veri
1457 3993 1588 4046 dicit
1633 3991 1868 4056 Judaeus,
1913 3995 1980 4046 de

409 4081 601 4134 iisdem
627 4080 788 4134 rebus
820 4081 1063 4133 accusari
1084 4081 1313 4147 possint.
1352 4080 1504 4146 Quod
1547 4082 1695 4135 verbi
1721 4096 1886 4135 causa
1914 4082 1979 4135 de

406 4170 530 4226 Jesu
560 4167 774 4224 Judaeus
805 4171 918 4224 ait;
961 4187 980 4222 ι
1007 4169 1050 4226 Ο
1083 4169 1256 4226 lucem
1283 4182 1338 4226 et
1371 4171 1654 4225 veritatem
1680 4171 1696 4224 ί
1740 4172 1856 4241 ipse
1882 4187 1976 4226 sua

408 4279 544 4320 voce
577 4265 840 4331 declarat,
913 4267 1366 4334 quemadmodum
1416 4276 1593 4319 vestra
1647 4267 1847 4335 scripta
1895 4276 1975 4320 te-

2089 3083 2245 3146 σέως,
2273 3079 2379 3134 οἷαί
2412 3097 2470 3132 τε
2495 3074 2632 3148 ἦσαν
2659 3077 2962 3146 ἀποστῆσαι
2993 3078 3090 3148 μὲν
3113 3079 3213 3147 τῆς
3249 3076 3539 3150 Ἰουδαϊκῆς
3565 3099 3662 3151 μυ-

2085 3173 2330 3241 θολογίας
2373 3171 2464 3223 καὶ
2503 3172 2611 3221 τῶν
2655 3167 3009 3240 ἀνθρωπίνων
3054 3169 3180 3239 παρ’
3217 3169 3401 3232 αὐτοῖς
3430 3169 3662 3240 παραδό-

2086 3279 2222 3315 σεων
2241 3277 2254 3290 ’
2286 3259 2506 3328 ποιῆσαι
2529 3257 2584 3310 δὲ
2615 3255 3016 3328 παραδέξασθαι
3039 3257 3128 3309 τὸν
3152 3257 3320 3309 ταῦτα
3343 3257 3661 3311 διδάσκοντα

2083 3354 2177 3405 καὶ
2208 3349 2576 3414 ἐπιτελοῦντα,
2599 3350 2682 3401 ὅτι
2713 3347 2914 3419 μείζων
2940 3348 3046 3400 τῶν
3079 3347 3372 3418 προφητῶν
3407 3343 3508 3418 ἦν;
3535 3348 3659 3412 Πῶς

2083 3442 2191 3514 γὰρ
2216 3443 2275 3494 οὺ
2313 3439 2513 3513 μείζων
2545 3442 2653 3494 τῶν
2684 3439 2978 3512 προφητῶν
3014 3435 3102 3509 ἦν,
3137 3442 3164 3493 ὁ
3189 3441 3291 3492 ὑπὸ
3316 3440 3424 3492 τῶν
3452 3458 3659 3512 προφη-

2083 3533 2189 3586 τῶν
2219 3533 2293 3595 ὡς
2319 3532 2552 3603 Χριστὸς
2578 3531 2672 3584 καὶ
2696 3529 2878 3601 σωτὴρ
2891 3528 2982 3582 τοῦ
3009 3529 3196 3597 γένους
3222 3529 3329 3583 τῶν
3361 3529 3656 3602 ἀνθρώπων

2082 3619 2217 3677 εἶναι
2251 3640 2319 3693 κη
2330 3623 2658 3693 ρυσσὸμενος
2679 3638 2694 3686 ;

2152 3717 2262 3770 Καὶ
2301 3718 2396 3770 ὅλα
2424 3717 2500 3780 δὲ,
2535 3717 2678 3788 ἅπερ
2712 3717 2739 3768 ὁ
2769 3713 2920 3787 παρὰ
2944 3713 3020 3784 τῷ
3053 3713 3244 3785 Κέλσῳ
3288 3713 3537 3778 Ἰουδαῖος
3568 3713 3656 3766 λέκ

2081 3829 2166 3881 γει
2203 3812 2337 3880 πρὸς
2384 3812 2508 3873 τοὺς
2543 3809 2896 3874 πιστεύοντας
2930 3811 3008 3874 είς
3047 3810 3135 3862 τὸν
3169 3807 3400 3880 ἔῐησοῦν,
3439 3807 3656 3860 δύναται

2081 3900 2494 3955 κοινοποιείσθαι
2545 3902 2624 3961 είς
2654 3901 2751 3970 τὴν
2786 3901 3066 3964 Μωῦσέως
3112 3901 3444 3970 κατηγορίαν
3467 3916 3480 3929 ·
3516 3900 3655 3952 ὥστε

2083 3993 2248 4064 μηδὲν
2275 3992 2550 4062 διαφέρειν
2585 3991 2694 4063 (45)
2739 3991 3116 4063 παραπλήσιον
3149 3987 3286 4044 εἶναι
3319 3991 3498 4059 λέγειν
3532 4009 3657 4060 γοη-

2078 4085 2227 4138 τείαν
2249 4085 2347 4156 τὴν
2384 4083 2554 4154 Ἰησοῦ
2592 4087 2656 4156 τῇ
2698 4083 2996 4146 Μωῡσέως,
3029 4083 3353 4154 ἀμφοτέρων
3391 4083 3530 4152 (ὅσον
3565 4082 3656 4134 ἐπὶ

2077 4179 2143 4246 τῇ
2176 4175 2315 4239 λέξει
2358 4174 2448 4228 τοῦ
2481 4174 2630 4245 παρὰ
2669 4173 2744 4244 τῷ
2789 4174 2978 4242 Κέλσῳ
3031 4174 3302 4246 Ἰουδαίου)
3345 4173 3655 4244 δυναμένων

2077 4271 2187 4330 τοῖς
2227 4269 2408 4330 αὐτοῖς
2456 4266 2762 4334 ὑπάγεσθαι
2816 4266 3188 4337 ὲγκλήμασινσ
3235 4261 3344 4319 οἷον
3392 4268 3520 4338 περὶ
3560 4269 3656 4336 μὲν

408 4367 641 4421 alantur,
662 4366 916 4411 venturos
945 4357 1102 4424 alios,
1123 4359 1212 4427 qui
1241 4361 1428 4412 eadem
1466 4357 1724 4412 miracula
1753 4358 1974 4423 faciant,

2088 4355 2314 4428 Χριστοῦ
2345 4359 2372 4409 ὁ
2409 4354 2560 4426 παρὰ
2592 4354 2783 4423 Κέλσῳ
2826 4354 3074 4416 Ἰουδαῖος
3120 4353 3300 4423 λέγει,
3338 4337 3494 4407 ἀλλ”
3534 4373 3552 4404 ι
3587 4350 3655 4405 Ὦ

409 4449 636 4518 improbi
659 4458 840 4502 tamen
869 4451 1396 4520 etpraestigialorcs;
1428 4469 1449 4500 ι
1493 4450 1543 4504 id
1571 4449 1638 4504 de
1671 4448 1854 4519 Moyse
1892 4463 1978 4502 re-

407 4549 591 4608 petere
615 4540 785 4607 possit
813 4539 1062 4608 quisquis
1081 4537 1267 4592 Iudaeo
1289 4553 1394 4591 non
1427 4538 1696 4602 crederet,
1726 4537 1973 4600 Graacus,

407 4626 717 4698 JEgyptms,
753 4630 1020 4697 quilibet:
1057 4647 1076 4679 ι
1108 4629 1152 4682 0
1182 4629 1355 4683 lucem
1383 4638 1438 4683 et
1486 4629 1804 4682 veritatem!
1857 4629 1975 4696 ipse

407 4731 504 4772 sua
552 4734 682 4772 voce
731 4721 932 4776 diserte
971 4720 1238 4785 declarat,
1287 4718 1746 4788 quemadmodum
1791 4729 1972 4771 vestra

408 4813 608 4880 Scripta
643 4821 931 4880 testantur,
958 4823 1214 4868 venturos
1253 4812 1410 4876 alios,
1459 4811 1548 4880 qui
1585 4809 1777 4863 eadem
1815 4809 1977 4861 mira-

407 4899 530 4954 cula
559 4900 782 4971 faciant,
815 4903 1043 4974 improbi
1070 4914 1250 4957 tamen
1281 4913 1332 4956 et
1354 4901 1794 4971 praestigiatores.
1835 4900 1977 4954 Scri-

410 4998 557 5060 ptum
603 5003 685 5047 est
712 4994 856 5048 enim
890 4994 948 5048 in
979 5002 1156 5049 vestra
1187 4995 1338 5062 lege:
1369 4991 1428 5046 Si
1456 4989 1742 5045 surrexerit
1774 4990 1831 5044 in
1861 5005 1974 5044 me-

482 5150 595 5221 (iQ)
624 5151 817 5221 Guieto
851 5150 1192 5204 scribendum
1225 5152 1459 5215 Videtur,
1483 5152 1534 5202 εί
1574 5151 1667 5204 καὶ
1706 5153 1816 5221 γάρ
1853 5151 1978 5203 τότε

409 5219 503 5272 καὶ
531 5219 648 5273 ὅλον
671 5219 732 5272 τὸ
763 5219 936 5285 ἔθνος,
958 5230 1063 5274 etc.

479 5290 592 5361 (41)
647 5290 764 5357 Τὴν
800 5291 1108 5361 ἐνάργειαν
1133 5289 1236 5343 τοῦ
1279 5288 1426 5342 Θεὸν
1463 5290 1636 5361 εἶναι.
1675 5291 1747 5344 Ita
1806 5292 1977 5346 codex

410 5359 751 5432 Basileepsis.
793 5359 1140 5432 litesehelius
1185 5371 1386 5432 autem,
1434 5360 1532 5430 τὴν
1567 5361 1978 5432 ἐνάργειαντοῦ

406 5428 541 5480 Θεοῦ
565 5425 742 5500 Αεῖναι.
786 5429 1116 5498 Speucerus,
1162 5431 1259 5499 τὴν
1297 5425 1574 5500 ἐνέργειαν
1608 5425 1865 5482 τοῦθεοῦ
1901 5427 1977 5500 ei:

408 5514 537 5573 vati;
551 5497 744 5573 Guieto
779 5497 1123 5573 scribendum
1163 5497 1399 5573 videtur,
1425 5499 1538 5573 cijv
1570 5501 1850 5573 ένέργειαν
1877 5499 1974 5554 τοῦ

406 5567 540 5643 Θεοῦ
568 5566 712 5643 εἶναι
735 5568 1033 5643 τοῦΑταῦτα
1067 5571 1388 5642 ποιήσαντος
1419 5566 1673 5638 γενέσθαι
1709 5566 1974 5643 ’συνίστη-

411 5652 493 5686 σιν
521 5638 623 5690 ὑπὸ
660 5640 791 5690 Μωῡ
800 5639 952 5704 σέως.

2083 4447 2196 4516 φῶς
2233 4448 2325 4498 καὶ
2365 4445 2620 4516 ἀλήθειαῖ
2660 4447 2723 4516 τῇ
2757 4445 2919 4497 αὑτοῦ
2948 4447 3096 4515 φωνῇ
3145 4433 3437 4516 διαρρήδην
3465 4442 3652 4512 ἐξαγο-

2084 4538 2228 4609 ρεύει
2271 4537 2477 4608 Ἰησοῦς
2507 4536 2699 4601 ταῦτα,
2730 4536 2872 4589 καθὰ
2899 4537 2991 4589 καὶ
3015 4537 3169 4607 ὑμεῖς
3213 4537 3653 4607 συγγεγράφατε.

2077 4629 2209 4682 διότι
2255 4627 2581 4698 παρέσονται
2619 4628 2746 4698 ὑμῖν
2791 4627 2885 4680 καὶ
2915 4627 3088 4698 ἕτεροι
3129 4627 3418 4697 δυνάμεσιν
3441 4630 3654 4698 ὁμοίαις

2078 4717 2384 4789 χρώμενοι,
2433 4719 2592 4770 κακοὶ
2632 4719 2725 4770 καὶ
2761 4718 2990 4788 γόητες·
3051 4737 3069 4768 ι
3129 4721 3256 4789 περὶ
3291 4719 3346 4771 δὲ
3379 4719 3652 4780 Μωῦσέως

2071 4812 2201 4881 εἴπῃ
2235 4811 2300 4862 ἂν
2331 4810 2360 4861 ὁ
2394 4809 2634 4862 ἀπιστῶν
2668 4811 2802 4878 πρὸς
2828 4809 2918 4862 τὸν
2966 4809 3217 4862 Ἰουδαῖὸν
3260 4827 3344 4872 τις
3383 4809 3492 4862 εἴτε
3529 4810 3652 4862 ’Έλ-

2079 4901 2177 4971 λην
2204 4900 2335 4971 (44),
2377 4899 2472 4952 εἴτ’
2518 4900 2829 4968 Αἰγύπτιος,
2880 4901 2976 4952 εἴθ’
3031 4901 3294 4965 ὁστισοῦν,
3341 4901 3487 4954 ἀλλ’·
3522 4919 3543 4953 ‹
3584 4897 3652 4951 Ἦ

2084 4992 2202 5062 φῶς
2234 4995 2328 5046 καὶ
2357 4991 2612 5062 ἁλήθειαί
2641 4995 2706 5063 τῇ
2733 4990 2895 5045 αὑτοῦ
2931 4995 3079 5063 φωνῇ
3103 4994 3340 5064 Μωῦσῆς
3360 4993 3651 5064 διαρρήδην

2155 5153 2266 5223 (42)
2302 5154 2788 5222 Παρατιθέμενος.
2843 5155 3068 5208 Guictus
3119 5158 3286 5222 legit,
3321 5155 3648 5225 προτιθέμε-

2083 5239 2192 5284 νος.

2153 5292 2266 5362 (45)
2305 5291 2462 5364 Libb.
2499 5303 2660 5346 antea
2699 5293 2894 5364 excusi
2936 5302 3059 5364 post
3085 5293 3364 5364 διαφέρειν
3388 5293 3644 5360 majorem

2085 5363 2459 5434 distinctionis
2486 5375 2667 5415 notam
2697 5362 2920 5428 habent,
2945 5363 3221 5434 ctideinde
3237 5362 3451 5434 legunt,
3472 5381 3646 5434 παρα·

2081 5431 2304 5503 πλήσιον
2335 5431 2380 5484 δ’
2409 5428 2568 5496 εἶναι,
2595 5434 2686 5486 sed
2719 5447 2848 5484 mss.
2878 5433 3197 5501 particulam
3228 5433 3284 5485 δέ
3309 5428 3429 5486 non
3475 5428 3644 5502 agno-

2079 5513 2260 5560 scunt.
2289 5512 2341 5554 et
2373 5513 2520 5554 recte
2560 5503 2796 5554 omnino.

2079 5570 2262 5693 mg“
2314 5570 2611 5642 Μεε.,πρὸς
2639 5571 2730 5626 τὸν
2769 5571 3016 5627 Ἰουδαῖον
3059 5573 3171 5634 τοῖς
3209 5570 3511 5637 Μωῦσέως,
3533 5571 3642 5625 εἴτε

2211 5656 2299 5693 ην.

2211 5656 2299 5710 ην.
