  <div class='ocr_page' id='page_1' title='image "/cluster/home/n/w/nwhite01/storage/ocr_20150623/11/mdp.39015013266690/454.png"; bbox 0 0 3998 6170; ppageno 0'>
   <div class='ocr_carea' id='block_1_1' title="bbox 407 376 502 431">
    <p class='ocr_par' dir='ltr' id='par_1_1' title="bbox 407 376 502 431">
     <span class='ocr_line' id='line_1_1' title="bbox 407 376 502 431; baseline -0.021 0"><span class='ocrx_word' id='word_1_1' title='bbox 407 376 502 431; x_wconf 79' lang='lat'><strong>8&#39;81</strong></span> 
     </span>
    </p>
   </div>
   <div class='ocr_carea' id='block_1_2' title="bbox 1629 376 2479 436">
    <p class='ocr_par' dir='ltr' id='par_1_2' title="bbox 1629 376 2479 436">
     <span class='ocr_line' id='line_1_2' title="bbox 1629 376 2479 436; baseline 0.002 -5"><span class='ocrx_word' id='word_1_2' title='bbox 1629 376 1901 433; x_wconf 78' lang='lat' dir='ltr'><strong>CONTRA</strong></span> <span class='ocrx_word' id='word_1_3' title='bbox 1938 379 2210 436; x_wconf 77' lang='lat' dir='ltr'><strong>CELSUM</strong></span> <span class='ocrx_word' id='word_1_4' title='bbox 2250 381 2375 435; x_wconf 83' lang='lat' dir='ltr'><strong>LIB.</strong></span> <span class='ocrx_word' id='word_1_5' title='bbox 2419 381 2479 434; x_wconf 87' lang='lat' dir='ltr'><strong>ll.</strong></span> 
     </span>
    </p>
   </div>
   <div class='ocr_carea' id='block_1_3' title="bbox 3537 387 3639 442">
    <p class='ocr_par' dir='ltr' id='par_1_3' title="bbox 3537 387 3639 442">
     <span class='ocr_line' id='line_1_3' title="bbox 3537 387 3639 442; baseline 0.049 -5"><span class='ocrx_word' id='word_1_6' title='bbox 3537 387 3639 442; x_wconf 55' lang='grc' dir='ltr'><strong>ἓξκὲ</strong></span> 
     </span>
    </p>
   </div>
   <div class='ocr_carea' id='block_1_4' title="bbox 404 482 1953 570">
    <p class='ocr_par' dir='ltr' id='par_1_4' title="bbox 404 482 1952 570">
     <span class='ocr_line' id='line_1_4' title="bbox 404 482 1952 570; baseline 0.008 -32"><span class='ocrx_word' id='word_1_7' title='bbox 404 482 734 556; x_wconf 70' lang='grc' dir='ltr'>ἐξαγορεύει,</span> <span class='ocrx_word' id='word_1_8' title='bbox 753 486 896 540; x_wconf 81' lang='grc' dir='ltr'>καθὰ</span> <span class='ocrx_word' id='word_1_9' title='bbox 927 488 1021 541; x_wconf 75' lang='grc' dir='ltr'>καὶ</span> <span class='ocrx_word' id='word_1_10' title='bbox 1049 490 1205 559; x_wconf 87' lang='grc' dir='ltr'>ὑμεῖς</span> <span class='ocrx_word' id='word_1_11' title='bbox 1227 493 1810 562; x_wconf 74' lang='grc' dir='ltr'>συγγεγράφατε,διότι</span> <span class='ocrx_word' id='word_1_12' title='bbox 1840 515 1952 570; x_wconf 86' lang='grc' dir='ltr'><strong>παρ</strong></span> 
     </span>
    </p>
   </div>
   <div class='ocr_carea' id='block_1_5' title="bbox 2055 482 3639 570">
    <p class='ocr_par' dir='ltr' id='par_1_5' title="bbox 2081 498 3639 568">
     <span class='ocr_line' id='line_1_5' title="bbox 2081 498 3639 568; baseline 0.003 -17"><span class='ocrx_word' id='word_1_13' title='bbox 2081 501 2168 552; x_wconf 85' lang='lat' dir='ltr'><strong>dio</strong></span> <span class='ocrx_word' id='word_1_14' title='bbox 2208 502 2284 553; x_wconf 87' lang='lat' dir='ltr'><strong>tui</strong></span> <span class='ocrx_word' id='word_1_15' title='bbox 2312 501 2609 568; x_wconf 80' lang='lat' dir='ltr'><strong>prop/tetes,</strong></span> <span class='ocrx_word' id='word_1_16' title='bbox 2637 508 2727 552; x_wconf 85' lang='lat' dir='ltr'><strong>aut</strong></span> <span class='ocrx_word' id='word_1_17' title='bbox 2758 498 2848 568; x_wconf 85' lang='lat' dir='ltr'><strong>qui</strong></span> <span class='ocrx_word' id='word_1_18' title='bbox 2880 498 3138 552; x_wconf 76' lang='lat' dir='ltr'><strong>somnium</strong></span> <span class='ocrx_word' id='word_1_19' title='bbox 3165 500 3460 567; x_wconf 72' lang='lat' dir='ltr'><strong>somniat-it,</strong></span> <span class='ocrx_word' id='word_1_20' title='bbox 3481 511 3525 555; x_wconf 76' lang='lat' dir='ltr'><strong>et</strong></span> <span class='ocrx_word' id='word_1_21' title='bbox 3548 503 3639 555; x_wconf 81' lang='lat' dir='ltr'><strong>de-</strong></span> 
     </span>
    </p>
   </div>
   <div class='ocr_carea' id='block_1_6' title="bbox 402 573 1974 657">
    <p class='ocr_par' dir='ltr' id='par_1_6' title="bbox 402 573 1974 657">
     <span class='ocr_line' id='line_1_6' title="bbox 402 573 1974 657; baseline 0.01 -32"><span class='ocrx_word' id='word_1_22' title='bbox 402 573 615 627; x_wconf 84' lang='grc' dir='ltr'>έσονται</span> <span class='ocrx_word' id='word_1_23' title='bbox 676 576 804 645; x_wconf 83' lang='grc' dir='ltr'>ὑμῖν</span> <span class='ocrx_word' id='word_1_24' title='bbox 868 578 1043 648; x_wconf 75' lang='grc' dir='ltr'>ἕτεροι</span> <span class='ocrx_word' id='word_1_25' title='bbox 1109 581 1395 649; x_wconf 88' lang='grc' dir='ltr'>δυνάμεσιν</span> <span class='ocrx_word' id='word_1_26' title='bbox 1432 585 1643 653; x_wconf 82' lang='grc' dir='ltr'>ὁμοίαις</span> <span class='ocrx_word' id='word_1_27' title='bbox 1684 586 1974 657; x_wconf 86' lang='grc' dir='ltr'>χρώμενοι,</span> 
     </span>
    </p>
   </div>
   <div class='ocr_carea' id='block_1_7' title="bbox 400 666 1972 749">
    <p class='ocr_par' dir='ltr' id='par_1_7' title="bbox 400 666 1972 749">
     <span class='ocr_line' id='line_1_7' title="bbox 400 666 1972 749; baseline 0.011 -33"><span class='ocrx_word' id='word_1_28' title='bbox 400 667 561 717; x_wconf 73' lang='grc' dir='ltr'>κακοὶ</span> <span class='ocrx_word' id='word_1_29' title='bbox 592 666 685 719; x_wconf 78' lang='grc' dir='ltr'><strong>καὶ</strong></span> <span class='ocrx_word' id='word_1_30' title='bbox 718 668 929 737; x_wconf 82' lang='grc' dir='ltr'><strong>γόητες.</strong></span> <span class='ocrx_word' id='word_1_31' title='bbox 962 669 1274 741; x_wconf 70' lang='grc' dir='ltr'><strong>Γέγραπται</strong></span> <span class='ocrx_word' id='word_1_32' title='bbox 1299 672 1405 743; x_wconf 81' lang='grc' dir='ltr'>γὰρ</span> <span class='ocrx_word' id='word_1_33' title='bbox 1433 674 1587 745; x_wconf 81' lang='grc' dir='ltr'>ὑμῶν</span> <span class='ocrx_word' id='word_1_34' title='bbox 1617 679 1674 729; x_wconf 87' lang='grc' dir='ltr'>ὲν</span> <span class='ocrx_word' id='word_1_35' title='bbox 1700 678 1778 747; x_wconf 80' lang='grc' dir='ltr'>τῷ</span> <span class='ocrx_word' id='word_1_36' title='bbox 1804 681 1972 749; x_wconf 74' lang='grc' dir='ltr'>νόμῳο</span> 
     </span>
    </p>
   </div>
   <div class='ocr_carea' id='block_1_8' title="bbox 414 757 1974 835">
    <p class='ocr_par' dir='ltr' id='par_1_8' title="bbox 414 757 1974 835">
     <span class='ocr_line' id='line_1_8' title="bbox 414 757 1974 835; baseline 0.009 -24"><span class='ocrx_word' id='word_1_37' title='bbox 414 757 555 811; x_wconf 74' lang='grc' dir='ltr'><strong>Ἐὰν</strong></span> <span class='ocrx_word' id='word_1_38' title='bbox 586 758 653 811; x_wconf 85' lang='grc' dir='ltr'>δὲ</span> <span class='ocrx_word' id='word_1_39' title='bbox 682 760 919 829; x_wconf 78' lang='grc' dir='ltr'><strong>ἀναστῇ</strong></span> <span class='ocrx_word' id='word_1_40' title='bbox 947 762 1017 815; x_wconf 76' lang='grc' dir='ltr'><strong>ἐν</strong></span> <span class='ocrx_word' id='word_1_41' title='bbox 1043 764 1141 816; x_wconf 82' lang='grc' dir='ltr'><strong>σοὶ</strong></span> <span class='ocrx_word' id='word_1_42' title='bbox 1185 764 1514 833; x_wconf 68' lang='grc' dir='ltr'>προφήτης,</span> <span class='ocrx_word' id='word_1_43' title='bbox 1546 767 1584 835; x_wconf 79' lang='grc' dir='ltr'>ἢ</span> <span class='ocrx_word' id='word_1_44' title='bbox 1630 768 1974 831; x_wconf 68' lang='grc' dir='ltr'>ἐνυπνιαζόο</span> 
     </span>
    </p>
   </div>
   <div class='ocr_carea' id='block_1_9' title="bbox 392 852 1975 927">
    <p class='ocr_par' dir='ltr' id='par_1_9' title="bbox 392 852 1975 927">
     <span class='ocr_line' id='line_1_9' title="bbox 392 852 1975 927; baseline 0.009 -27"><span class='ocrx_word' id='word_1_45' title='bbox 392 866 578 916; x_wconf 52' lang='lat' dir='ltr'><strong>[ter-0c</strong></span> <span class='ocrx_word' id='word_1_46' title='bbox 604 852 892 905; x_wconf 67' lang='grc' dir='ltr'><strong>ἐνύπνιον</strong></span> <span class='ocrx_word' id='word_1_47' title='bbox 914 893 929 917; x_wconf 91' lang='grc'><strong>,</strong></span> <span class='ocrx_word' id='word_1_48' title='bbox 962 855 1058 907; x_wconf 84' lang='grc' dir='ltr'>καὶ</span> <span class='ocrx_word' id='word_1_49' title='bbox 1088 854 1266 909; x_wconf 84' lang='grc' dir='ltr'>δώσει</span> <span class='ocrx_word' id='word_1_50' title='bbox 1298 858 1548 925; x_wconf 73' lang='grc' dir='ltr'>σημεῖον</span> <span class='ocrx_word' id='word_1_51' title='bbox 1578 861 1617 926; x_wconf 79' lang='grc' dir='ltr'><strong><em>ἣ</em></strong></span> <span class='ocrx_word' id='word_1_52' title='bbox 1652 860 1842 927; x_wconf 85' lang='grc' dir='ltr'><strong>τέρας,</strong></span> <span class='ocrx_word' id='word_1_53' title='bbox 1877 862 1975 914; x_wconf 81' lang='grc' dir='ltr'>καὶ</span> 
     </span>
    </p>
   </div>
   <div class='ocr_carea' id='block_1_10' title="bbox 396 943 1974 1020">
    <p class='ocr_par' dir='ltr' id='par_1_10' title="bbox 396 943 1974 1020">
     <span class='ocr_line' id='line_1_10' title="bbox 396 943 1974 1020; baseline 0.008 -26"><span class='ocrx_word' id='word_1_54' title='bbox 396 943 543 1010; x_wconf 72' lang='grc' dir='ltr'><strong>ἔλθῃ</strong></span> <span class='ocrx_word' id='word_1_55' title='bbox 573 943 637 996; x_wconf 81' lang='grc' dir='ltr'>τὸ</span> <span class='ocrx_word' id='word_1_56' title='bbox 680 946 930 1014; x_wconf 78' lang='grc' dir='ltr'>σημεῖον·</span> <span class='ocrx_word' id='word_1_57' title='bbox 969 948 1006 1015; x_wconf 73' lang='grc' dir='ltr'><strong><em>ἢ</em></strong></span> <span class='ocrx_word' id='word_1_58' title='bbox 1037 947 1103 1000; x_wconf 83' lang='grc' dir='ltr'>τὸ</span> <span class='ocrx_word' id='word_1_59' title='bbox 1154 948 1327 1017; x_wconf 85' lang='grc' dir='ltr'><em>τέρας</em></span> <span class='ocrx_word' id='word_1_60' title='bbox 1364 951 1395 1002; x_wconf 81' lang='grc' dir='ltr'>ὃ</span> <span class='ocrx_word' id='word_1_61' title='bbox 1428 951 1692 1018; x_wconf 74' lang='grc' dir='ltr'>ἐλάλησε</span> <span class='ocrx_word' id='word_1_62' title='bbox 1718 952 1867 1020; x_wconf 83' lang='grc' dir='ltr'>πρὸς</span> <span class='ocrx_word' id='word_1_63' title='bbox 1899 954 1974 1006; x_wconf 85' lang='grc' dir='ltr'><strong>σὲ</strong></span> 
     </span>
    </p>
   </div>
   <div class='ocr_carea' id='block_1_11' title="bbox 397 1034 1973 1114">
    <p class='ocr_par' dir='ltr' id='par_1_11' title="bbox 397 1034 1973 1114">
     <span class='ocr_line' id='line_1_11' title="bbox 397 1034 1973 1114; baseline 0.01 -29"><span class='ocrx_word' id='word_1_64' title='bbox 397 1034 618 1102; x_wconf 73' lang='grc' dir='ltr'>λέγων·</span> <span class='ocrx_word' id='word_1_65' title='bbox 660 1039 1075 1108; x_wconf 54' lang='grc' dir='ltr'>Πορευθᾶιιιεν,</span> <span class='ocrx_word' id='word_1_66' title='bbox 1134 1042 1232 1095; x_wconf 75' lang='grc' dir='ltr'>καὶ.</span> <span class='ocrx_word' id='word_1_67' title='bbox 1275 1044 1774 1114; x_wconf 73' lang='grc' dir='ltr'>ἀκολουθήσωμεν</span> <span class='ocrx_word' id='word_1_68' title='bbox 1818 1046 1973 1111; x_wconf 84' lang='grc' dir='ltr'><strong>θεοῖς</strong></span> 
     </span>
    </p>
   </div>
   <div class='ocr_carea' id='block_1_12' title="bbox 396 1124 1966 1204">
    <p class='ocr_par' dir='ltr' id='par_1_12' title="bbox 396 1124 1966 1204">
     <span class='ocr_line' id='line_1_12' title="bbox 396 1124 1966 1204; baseline 0.011 -30"><span class='ocrx_word' id='word_1_69' title='bbox 396 1124 638 1191; x_wconf 74' lang='grc' dir='ltr'>ἑτέροις,</span> <span class='ocrx_word' id='word_1_70' title='bbox 666 1127 775 1193; x_wconf 83' lang='grc' dir='ltr'>οὒς</span> <span class='ocrx_word' id='word_1_71' title='bbox 802 1130 912 1182; x_wconf 80' lang='grc' dir='ltr'><strong>οὐκ</strong></span> <span class='ocrx_word' id='word_1_72' title='bbox 933 1130 1154 1196; x_wconf 82' lang='grc' dir='ltr'>οἴδατε,</span> <span class='ocrx_word' id='word_1_73' title='bbox 1184 1134 1281 1185; x_wconf 83' lang='grc' dir='ltr'>καὶ</span> <span class='ocrx_word' id='word_1_74' title='bbox 1304 1138 1722 1204; x_wconf 73' lang='grc' dir='ltr'>,λαζρεύσωμεν</span> <span class='ocrx_word' id='word_1_75' title='bbox 1746 1138 1966 1202; x_wconf 80' lang='grc' dir='ltr'>αὐτοῖς’</span> 
     </span>
    </p>
   </div>
   <div class='ocr_carea' id='block_1_13' title="bbox 396 1217 1969 1296">
    <p class='ocr_par' dir='ltr' id='par_1_13' title="bbox 396 1217 1969 1296">
     <span class='ocr_line' id='line_1_13' title="bbox 396 1217 1969 1296; baseline 0.011 -30"><span class='ocrx_word' id='word_1_76' title='bbox 396 1217 509 1267; x_wconf 77' lang='grc' dir='ltr'><strong>οὐκ</strong></span> <span class='ocrx_word' id='word_1_77' title='bbox 548 1217 883 1273; x_wconf 79' lang='grc' dir='ltr'><strong>ἀκούσεσθε</strong></span> <span class='ocrx_word' id='word_1_78' title='bbox 916 1220 1056 1286; x_wconf 84' lang='grc' dir='ltr'>τοὺς</span> <span class='ocrx_word' id='word_1_79' title='bbox 1093 1225 1315 1291; x_wconf 73' lang='grc' dir='ltr'>λόγους</span> <span class='ocrx_word' id='word_1_80' title='bbox 1355 1225 1465 1295; x_wconf 76' lang='grc'><strong>(45)</strong></span> <span class='ocrx_word' id='word_1_81' title='bbox 1514 1228 1619 1280; x_wconf 85' lang='grc' dir='ltr'><strong>τοῦ</strong></span> <span class='ocrx_word' id='word_1_82' title='bbox 1662 1229 1969 1296; x_wconf 63' lang='grc' dir='ltr'>προφήτου</span> 
     </span>
    </p>
   </div>
   <div class='ocr_carea' id='block_1_14' title="bbox 397 1306 1970 1385">
    <p class='ocr_par' dir='ltr' id='par_1_14' title="bbox 397 1306 1970 1385">
     <span class='ocr_line' id='line_1_14' title="bbox 397 1306 1970 1385; baseline 0.013 -29"><span class='ocrx_word' id='word_1_83' title='bbox 397 1306 630 1360; x_wconf 83' lang='grc' dir='ltr'>ἐκείνου</span> <span class='ocrx_word' id='word_1_84' title='bbox 655 1349 669 1372; x_wconf 92' lang='grc'><strong>,</strong></span> <span class='ocrx_word' id='word_1_85' title='bbox 730 1310 767 1378; x_wconf 80' lang='grc' dir='ltr'><em>ἢ</em></span> <span class='ocrx_word' id='word_1_86' title='bbox 823 1311 929 1364; x_wconf 86' lang='grc' dir='ltr'><strong>τοῦ</strong></span> <span class='ocrx_word' id='word_1_87' title='bbox 997 1314 1497 1385; x_wconf 78' lang='grc' dir='ltr'><strong>ἐνυπνιαζομὲνου</strong></span> <span class='ocrx_word' id='word_1_88' title='bbox 1558 1319 1621 1372; x_wconf 81' lang='grc' dir='ltr'>τὸ</span> <span class='ocrx_word' id='word_1_89' title='bbox 1685 1322 1970 1378; x_wconf 77' lang='grc' dir='ltr'><strong>ἐνύπνιον</strong></span> 
     </span>
    </p>
   </div>
   <div class='ocr_carea' id='block_1_15' title="bbox 392 1395 1968 1479">
    <p class='ocr_par' dir='ltr' id='par_1_15' title="bbox 392 1395 1968 1479">
     <span class='ocr_line' id='line_1_15' title="bbox 392 1395 1968 1479; baseline 0.012 -32"><span class='ocrx_word' id='word_1_90' title='bbox 392 1395 624 1461; x_wconf 76' lang='grc' dir='ltr'>ἐκεῖνο,</span> <span class='ocrx_word' id='word_1_91' title='bbox 667 1418 687 1450; x_wconf 76' lang='grc' dir='ltr'><strong>ι</strong></span> <span class='ocrx_word' id='word_1_92' title='bbox 726 1401 917 1455; x_wconf 81' lang='grc' dir='ltr'>καὶτὰ</span> <span class='ocrx_word' id='word_1_93' title='bbox 961 1401 1111 1472; x_wconf 79' lang='grc' dir='ltr'>ἑξῆς.</span> <span class='ocrx_word' id='word_1_94' title='bbox 1139 1405 1248 1459; x_wconf 81' lang='grc' dir='ltr'><strong>Καὶ</strong></span> <span class='ocrx_word' id='word_1_95' title='bbox 1287 1408 1315 1458; x_wconf 97' lang='lat'><strong>6</strong></span> <span class='ocrx_word' id='word_1_96' title='bbox 1350 1408 1449 1476; x_wconf 86' lang='grc' dir='ltr'><strong>μὲν</strong></span> <span class='ocrx_word' id='word_1_97' title='bbox 1489 1411 1611 1473; x_wconf 73' lang='grc' dir='ltr'>τοὺς</span> <span class='ocrx_word' id='word_1_98' title='bbox 1657 1410 1845 1479; x_wconf 81' lang='grc' dir='ltr'><strong>λόγους</strong></span> <span class='ocrx_word' id='word_1_99' title='bbox 1876 1413 1968 1466; x_wconf 80' lang='grc' dir='ltr'><strong>τοῦ</strong></span> 
     </span>
    </p>
   </div>
   <div class='ocr_carea' id='block_1_16' title="bbox 409 1489 1969 1565">
    <p class='ocr_par' dir='ltr' id='par_1_16' title="bbox 409 1489 1969 1565">
     <span class='ocr_line' id='line_1_16' title="bbox 409 1489 1969 1565; baseline 0.01 -24"><span class='ocrx_word' id='word_1_100' title='bbox 409 1489 580 1558; x_wconf 86' lang='grc' dir='ltr'><strong>Ἰησοῦ</strong></span> <span class='ocrx_word' id='word_1_101' title='bbox 604 1492 925 1557; x_wconf 77' lang='grc' dir='ltr'>διαϐάλλων,</span> <span class='ocrx_word' id='word_1_102' title='bbox 959 1496 1109 1565; x_wconf 76' lang='grc' dir='ltr'>φησὶ,</span> <span class='ocrx_word' id='word_1_103' title='bbox 1151 1514 1170 1546; x_wconf 80' lang='lat' dir='ltr'><strong>t</strong></span> <span class='ocrx_word' id='word_1_104' title='bbox 1208 1497 1300 1549; x_wconf 78' lang='grc' dir='ltr'>καὶ</span> <span class='ocrx_word' id='word_1_105' title='bbox 1329 1499 1569 1552; x_wconf 79' lang='grc' dir='ltr'><strong>Σατανᾶν</strong></span> <span class='ocrx_word' id='word_1_106' title='bbox 1597 1518 1717 1553; x_wconf 89' lang='grc' dir='ltr'>τινα</span> <span class='ocrx_word' id='word_1_107' title='bbox 1746 1503 1969 1556; x_wconf 77' lang='grc' dir='ltr'>τοιαῦτα</span> 
     </span>
    </p>
   </div>
   <div class='ocr_carea' id='block_1_17' title="bbox 396 1583 1966 1656">
    <p class='ocr_par' dir='ltr' id='par_1_17' title="bbox 396 1583 1966 1656">
     <span class='ocr_line' id='line_1_17' title="bbox 396 1583 1966 1656; baseline 0.01 -25"><span class='ocrx_word' id='word_1_108' title='bbox 396 1583 933 1654; x_wconf 84' lang='grc' dir='ltr'>παραμηχανὼμενον</span> <span class='ocrx_word' id='word_1_109' title='bbox 951 1585 1234 1656; x_wconf 78' lang='grc' dir='ltr'>ὀνομάζειν</span> <span class='ocrx_word' id='word_1_110' title='bbox 1253 1605 1266 1619; x_wconf 88' lang='grc'>·</span> <span class='ocrx_word' id='word_1_111' title='bbox 1300 1608 1317 1640; x_wconf 74' lang='grc' dir='ltr'><strong>ι</strong></span> <span class='ocrx_word' id='word_1_112' title='bbox 1340 1590 1367 1640; x_wconf 93' lang='lat'><strong>6</strong></span> <span class='ocrx_word' id='word_1_113' title='bbox 1384 1589 1441 1642; x_wconf 84' lang='grc' dir='ltr'>δὲ</span> <span class='ocrx_word' id='word_1_114' title='bbox 1470 1592 1785 1646; x_wconf 87' lang='grc' dir='ltr'>κοινοποιῶν</span> <span class='ocrx_word' id='word_1_115' title='bbox 1812 1594 1966 1647; x_wconf 84' lang='grc' dir='ltr'>τοῦτο</span> 
     </span>
    </p>
   </div>
   <div class='ocr_carea' id='block_1_18' title="bbox 394 1672 1964 1754">
    <p class='ocr_par' dir='ltr' id='par_1_18' title="bbox 394 1672 1964 1754">
     <span class='ocr_line' id='line_1_18' title="bbox 394 1672 1964 1754; baseline 0.01 -32"><span class='ocrx_word' id='word_1_116' title='bbox 394 1672 532 1741; x_wconf 81' lang='grc' dir='ltr'>πρὸς</span> <span class='ocrx_word' id='word_1_117' title='bbox 556 1674 790 1727; x_wconf 85' lang='grc' dir='ltr'>Μωῡσέα</span> <span class='ocrx_word' id='word_1_118' title='bbox 822 1678 956 1746; x_wconf 75' lang='grc' dir='ltr'>ἐρεῖο</span> <span class='ocrx_word' id='word_1_119' title='bbox 993 1697 1012 1728; x_wconf 85' lang='grc'><em>‹</em></span> <span class='ocrx_word' id='word_1_120' title='bbox 1048 1679 1155 1731; x_wconf 74' lang='grc' dir='ltr'>Καὶ</span> <span class='ocrx_word' id='word_1_121' title='bbox 1196 1681 1478 1751; x_wconf 85' lang='grc' dir='ltr'>προφήτην</span> <span class='ocrx_word' id='word_1_122' title='bbox 1518 1683 1964 1754; x_wconf 83' lang='grc' dir='ltr'>ἐνυπνιαζόμενον</span> 
     </span>
    </p>
   </div>
   <div class='ocr_carea' id='block_1_19' title="bbox 391 1761 1963 1845">
    <p class='ocr_par' dir='ltr' id='par_1_19' title="bbox 391 1761 1963 1845">
     <span class='ocr_line' id='line_1_19' title="bbox 391 1761 1963 1845; baseline 0.01 -33"><span class='ocrx_word' id='word_1_123' title='bbox 391 1761 616 1817; x_wconf 81' lang='grc' dir='ltr'>τοιαῦτα</span> <span class='ocrx_word' id='word_1_124' title='bbox 640 1766 1181 1837; x_wconf 81' lang='grc' dir='ltr'>παραμηχανώμενον</span> <span class='ocrx_word' id='word_1_125' title='bbox 1216 1770 1516 1840; x_wconf 74' lang='grc' dir='ltr'>ὀνομάζειν.</span> <span class='ocrx_word' id='word_1_126' title='bbox 1554 1792 1572 1823; x_wconf 70' lang='grc' dir='ltr'><strong>ι</strong></span> <span class='ocrx_word' id='word_1_127' title='bbox 1615 1774 1821 1845; x_wconf 81' lang='grc' dir='ltr'>’Ὠσπερ</span> <span class='ocrx_word' id='word_1_128' title='bbox 1849 1774 1895 1826; x_wconf 88' lang='grc' dir='ltr'>δ’</span> <span class='ocrx_word' id='word_1_129' title='bbox 1934 1778 1963 1828; x_wconf 90' lang='lat'><strong>6</strong></span> 
     </span>
    </p>
   </div>
   <div class='ocr_carea' id='block_1_20' title="bbox 390 1835 2037 1934">
    <p class='ocr_par' dir='ltr' id='par_1_20' title="bbox 390 1835 2037 1934">
     <span class='ocr_line' id='line_1_20' title="bbox 390 1835 2037 1934; baseline 0.01 -31"><span class='ocrx_word' id='word_1_130' title='bbox 390 1852 540 1922; x_wconf 77' lang='grc' dir='ltr'>παρὰ</span> <span class='ocrx_word' id='word_1_131' title='bbox 562 1854 640 1923; x_wconf 84' lang='grc' dir='ltr'><strong>τῷ</strong></span> <span class='ocrx_word' id='word_1_132' title='bbox 664 1835 1138 1926; x_wconf 21' lang='grc' dir='ltr'>Κέλσῳνδιουδαῖός</span> <span class='ocrx_word' id='word_1_133' title='bbox 1159 1878 1289 1931; x_wconf 81' lang='grc' dir='ltr'>φησι</span> <span class='ocrx_word' id='word_1_134' title='bbox 1309 1835 1448 1931; x_wconf 27' lang='grc' dir='ltr'>*περὶ</span> <span class='ocrx_word' id='word_1_135' title='bbox 1473 1864 1566 1917; x_wconf 84' lang='grc' dir='ltr'>τοῦ</span> <span class='ocrx_word' id='word_1_136' title='bbox 1604 1835 1801 1934; x_wconf 63' lang='grc' dir='ltr'>Ἰησοῦ,</span> <span class='ocrx_word' id='word_1_137' title='bbox 1831 1884 1849 1916; x_wconf 75' lang='grc' dir='ltr'><strong>ι</strong></span> <span class='ocrx_word' id='word_1_138' title='bbox 1879 1866 1961 1918; x_wconf 85' lang='grc' dir='ltr'><strong>ὅτι</strong></span> <span class='ocrx_word' id='word_1_139' title='bbox 1991 1835 2037 1895; x_wconf 76' lang='grc' dir='ltr'><strong>Β</strong></span> 
     </span>
    </p>
   </div>
   <div class='ocr_carea' id='block_1_21' title="bbox 388 1943 1963 2024">
    <p class='ocr_par' dir='ltr' id='par_1_21' title="bbox 388 1943 1963 2024">
     <span class='ocr_line' id='line_1_21' title="bbox 388 1943 1963 2024; baseline 0.011 -29"><span class='ocrx_word' id='word_1_140' title='bbox 388 1943 528 1996; x_wconf 80' lang='grc' dir='ltr'>ὥστε</span> <span class='ocrx_word' id='word_1_141' title='bbox 577 1947 685 1999; x_wconf 77' lang='grc' dir='ltr'>οὐδ’</span> <span class='ocrx_word' id='word_1_142' title='bbox 726 1949 886 2012; x_wconf 76' lang='grc' dir='ltr'>αὐτὸς</span> <span class='ocrx_word' id='word_1_143' title='bbox 919 1949 1142 2021; x_wconf 79' lang='grc' dir='ltr'>ἔξαρνός</span> <span class='ocrx_word' id='word_1_144' title='bbox 1184 1953 1329 2006; x_wconf 80' lang='grc' dir='ltr'>ἐστιν</span> <span class='ocrx_word' id='word_1_145' title='bbox 1354 1995 1369 2018; x_wconf 90' lang='grc'><strong>,</strong></span> <span class='ocrx_word' id='word_1_146' title='bbox 1405 1955 1480 2020; x_wconf 87' lang='grc' dir='ltr'>ὡς</span> <span class='ocrx_word' id='word_1_147' title='bbox 1515 1956 1688 2011; x_wconf 80' lang='grc' dir='ltr'>ταῦτά</span> <span class='ocrx_word' id='word_1_148' title='bbox 1720 1974 1783 2024; x_wconf 88' lang='grc' dir='ltr'><strong>γε</strong></span> <span class='ocrx_word' id='word_1_149' title='bbox 1812 1958 1963 2011; x_wconf 81' lang='grc' dir='ltr'>οὐδὲν</span> 
     </span>
    </p>
   </div>
   <div class='ocr_carea' id='block_1_22' title="bbox 385 2034 1964 2114">
    <p class='ocr_par' dir='ltr' id='par_1_22' title="bbox 385 2034 1964 2114">
     <span class='ocr_line' id='line_1_22' title="bbox 385 2034 1964 2114; baseline 0.011 -28"><span class='ocrx_word' id='word_1_150' title='bbox 385 2034 548 2097; x_wconf 86' lang='grc' dir='ltr'>θεῖον,</span> <span class='ocrx_word' id='word_1_151' title='bbox 597 2037 730 2090; x_wconf 82' lang='grc' dir='ltr'>ἀλλὰ</span> <span class='ocrx_word' id='word_1_152' title='bbox 781 2040 1030 2111; x_wconf 81' lang='grc' dir='ltr'>πονηρῶν</span> <span class='ocrx_word' id='word_1_153' title='bbox 1086 2043 1232 2095; x_wconf 82' lang='grc' dir='ltr'>ἐστιν</span> <span class='ocrx_word' id='word_1_154' title='bbox 1278 2044 1413 2114; x_wconf 80' lang='grc' dir='ltr'>ἔργα</span> <span class='ocrx_word' id='word_1_155' title='bbox 1440 2064 1451 2076; x_wconf 90' lang='grc'><strong>·</strong></span> <span class='ocrx_word' id='word_1_156' title='bbox 1500 2065 1518 2097; x_wconf 71' lang='lat' dir='ltr'><strong>i</strong></span> <span class='ocrx_word' id='word_1_157' title='bbox 1554 2047 1728 2111; x_wconf 81' lang='grc' dir='ltr'>οὕτως</span> <span class='ocrx_word' id='word_1_158' title='bbox 1779 2050 1808 2101; x_wconf 91' lang='lat'><strong>6</strong></span> <span class='ocrx_word' id='word_1_159' title='bbox 1852 2052 1964 2114; x_wconf 85' lang='grc' dir='ltr'>τοῖς</span> 
     </span>
    </p>
   </div>
   <div class='ocr_carea' id='block_1_23' title="bbox 389 2124 1962 2211">
    <p class='ocr_par' dir='ltr' id='par_1_23' title="bbox 389 2124 1962 2211">
     <span class='ocr_line' id='line_1_23' title="bbox 389 2124 1962 2211; baseline 0.012 -35"><span class='ocrx_word' id='word_1_160' title='bbox 389 2124 663 2190; x_wconf 86' lang='grc' dir='ltr'>Μωῦσέως</span> <span class='ocrx_word' id='word_1_161' title='bbox 697 2130 939 2183; x_wconf 77' lang='grc' dir='ltr'>ἀπιστῶν</span> <span class='ocrx_word' id='word_1_162' title='bbox 974 2134 1134 2203; x_wconf 79' lang='grc' dir='ltr'>φήσει</span> <span class='ocrx_word' id='word_1_163' title='bbox 1180 2135 1316 2205; x_wconf 82' lang='grc' dir='ltr'>πρὸς</span> <span class='ocrx_word' id='word_1_164' title='bbox 1360 2136 1552 2201; x_wconf 78' lang='grc' dir='ltr'>αὑτὸν,</span> <span class='ocrx_word' id='word_1_165' title='bbox 1595 2137 1663 2190; x_wconf 77' lang='grc' dir='ltr'>τὰ</span> <span class='ocrx_word' id='word_1_166' title='bbox 1705 2156 1962 2211; x_wconf 88' lang='grc' dir='ltr'>προειρη-</span> 
     </span>
    </p>
   </div>
   <div class='ocr_carea' id='block_1_24' title="bbox 391 2213 1958 2290">
    <p class='ocr_par' dir='ltr' id='par_1_24' title="bbox 391 2213 1958 2290">
     <span class='ocr_line' id='line_1_24' title="bbox 391 2213 1958 2290; baseline 0.011 -25"><span class='ocrx_word' id='word_1_167' title='bbox 391 2213 529 2281; x_wconf 90' lang='grc' dir='ltr'>μένα</span> <span class='ocrx_word' id='word_1_168' title='bbox 557 2217 919 2288; x_wconf 79' lang='grc' dir='ltr'>ἐκτιθέμενος,</span> <span class='ocrx_word' id='word_1_169' title='bbox 946 2223 1004 2275; x_wconf 86' lang='grc' dir='ltr'><strong>τὸ</strong></span> <span class='ocrx_word' id='word_1_170' title='bbox 1024 2223 1154 2275; x_wconf 81' lang='grc' dir='ltr'>αὐτό</span> <span class='ocrx_word' id='word_1_171' title='bbox 1178 2240 1190 2252; x_wconf 84' lang='lat'><strong>&#39;</strong></span> <span class='ocrx_word' id='word_1_172' title='bbox 1228 2241 1246 2274; x_wconf 78' lang='grc' dir='ltr'><strong>ι</strong></span> <span class='ocrx_word' id='word_1_173' title='bbox 1290 2226 1449 2277; x_wconf 82' lang='grc' dir='ltr'>Ὥστε</span> <span class='ocrx_word' id='word_1_174' title='bbox 1476 2226 1583 2278; x_wconf 81' lang='grc' dir='ltr'>οὐδ’</span> <span class='ocrx_word' id='word_1_175' title='bbox 1612 2228 1771 2290; x_wconf 82' lang='grc' dir='ltr'>αὐτὸς</span> <span class='ocrx_word' id='word_1_176' title='bbox 1795 2230 1958 2282; x_wconf 84' lang='grc' dir='ltr'><strong>Μωῦ-</strong></span> 
     </span>
    </p>
   </div>
   <div class='ocr_carea' id='block_1_25' title="bbox 390 2303 1961 2385">
    <p class='ocr_par' dir='ltr' id='par_1_25' title="bbox 390 2303 1961 2385">
     <span class='ocr_line' id='line_1_25' title="bbox 390 2303 1961 2385; baseline 0.014 -31"><span class='ocrx_word' id='word_1_177' title='bbox 390 2304 491 2373; x_wconf 85' lang='grc' dir='ltr'><strong>σῆς</strong></span> <span class='ocrx_word' id='word_1_178' title='bbox 517 2303 736 2377; x_wconf 81' lang='grc' dir='ltr'>ἔξαρνός</span> <span class='ocrx_word' id='word_1_179' title='bbox 760 2311 926 2378; x_wconf 82' lang='grc' dir='ltr'>ἐστιν,</span> <span class='ocrx_word' id='word_1_180' title='bbox 952 2312 1027 2376; x_wconf 85' lang='grc' dir='ltr'>ὡς</span> <span class='ocrx_word' id='word_1_181' title='bbox 1052 2314 1224 2370; x_wconf 77' lang='grc' dir='ltr'>ταῦτά</span> <span class='ocrx_word' id='word_1_182' title='bbox 1248 2334 1311 2385; x_wconf 91' lang='grc' dir='ltr'><strong>γε</strong></span> <span class='ocrx_word' id='word_1_183' title='bbox 1336 2319 1486 2372; x_wconf 76' lang='grc' dir='ltr'>οὐδὲν</span> <span class='ocrx_word' id='word_1_184' title='bbox 1513 2319 1653 2373; x_wconf 87' lang='grc' dir='ltr'>θεῖον</span> <span class='ocrx_word' id='word_1_185' title='bbox 1669 2361 1683 2384; x_wconf 92' lang='grc'><strong>,</strong></span> <span class='ocrx_word' id='word_1_186' title='bbox 1711 2321 1843 2375; x_wconf 84' lang='grc' dir='ltr'>ἀλλὰ</span> <span class='ocrx_word' id='word_1_187' title='bbox 1868 2340 1961 2375; x_wconf 87' lang='grc' dir='ltr'>πο-</span> 
     </span>
    </p>
   </div>
   <div class='ocr_carea' id='block_1_26' title="bbox 385 2393 1961 2479">
    <p class='ocr_par' dir='ltr' id='par_1_26' title="bbox 385 2393 1961 2479">
     <span class='ocr_line' id='line_1_26' title="bbox 385 2393 1961 2479; baseline 0.016 -35"><span class='ocrx_word' id='word_1_188' title='bbox 385 2393 564 2462; x_wconf 86' lang='grc' dir='ltr'>νηρῶν</span> <span class='ocrx_word' id='word_1_189' title='bbox 592 2397 738 2451; x_wconf 81' lang='grc' dir='ltr'>ἐστιν</span> <span class='ocrx_word' id='word_1_190' title='bbox 766 2400 919 2470; x_wconf 79' lang='grc' dir='ltr'>ἔργα.</span> <span class='ocrx_word' id='word_1_191' title='bbox 963 2422 981 2453; x_wconf 73' lang='grc' dir='ltr'><strong>ι</strong></span> <span class='ocrx_word' id='word_1_192' title='bbox 1016 2404 1087 2455; x_wconf 86' lang='grc' dir='ltr'><strong>Τὸ</strong></span> <span class='ocrx_word' id='word_1_193' title='bbox 1116 2405 1247 2458; x_wconf 82' lang='grc' dir='ltr'>αὐτὸ</span> <span class='ocrx_word' id='word_1_194' title='bbox 1274 2407 1331 2460; x_wconf 88' lang='grc' dir='ltr'>δὲ</span> <span class='ocrx_word' id='word_1_195' title='bbox 1357 2411 1571 2479; x_wconf 86' lang='grc' dir='ltr'>ποιήσει</span> <span class='ocrx_word' id='word_1_196' title='bbox 1603 2414 1696 2465; x_wconf 75' lang='grc' dir='ltr'><strong>καὶ</strong></span> <span class='ocrx_word' id='word_1_197' title='bbox 1727 2415 1818 2465; x_wconf 75' lang='grc' dir='ltr'><strong>ἐπὶ</strong></span> <span class='ocrx_word' id='word_1_198' title='bbox 1840 2416 1961 2468; x_wconf 89' lang='grc' dir='ltr'>τού-</span> 
     </span>
    </p>
   </div>
   <div class='ocr_carea' id='block_1_27' title="bbox 386 2485 1958 2571">
    <p class='ocr_par' dir='ltr' id='par_1_27' title="bbox 386 2485 1958 2571">
     <span class='ocr_line' id='line_1_27' title="bbox 386 2485 1958 2571; baseline 0.018 -39"><span class='ocrx_word' id='word_1_199' title='bbox 386 2498 477 2571; x_wconf 86' lang='grc' dir='ltr'><strong>του</strong></span> <span class='ocrx_word' id='word_1_200' title='bbox 512 2485 645 2554; x_wconf 73' lang='grc'><strong>(46),</strong></span> <span class='ocrx_word' id='word_1_201' title='bbox 683 2506 701 2537; x_wconf 73' lang='grc' dir='ltr'><strong>ι</strong></span> <span class='ocrx_word' id='word_1_202' title='bbox 742 2488 1061 2558; x_wconf 75' lang='grc' dir='ltr'>βιαζόμενος</span> <span class='ocrx_word' id='word_1_203' title='bbox 1077 2493 1181 2545; x_wconf 80' lang='grc' dir='ltr'><strong>ὑπὸ</strong></span> <span class='ocrx_word' id='word_1_204' title='bbox 1205 2495 1304 2562; x_wconf 87' lang='grc' dir='ltr'><strong>τῆς</strong></span> <span class='ocrx_word' id='word_1_205' title='bbox 1322 2496 1577 2565; x_wconf 77' lang='grc' dir='ltr'>ἀληθείας</span> <span class='ocrx_word' id='word_1_206' title='bbox 1593 2503 1747 2571; x_wconf 80' lang='grc' dir='ltr'>όμοῦ,</span> <span class='ocrx_word' id='word_1_207' title='bbox 1785 2507 1877 2558; x_wconf 71' lang='grc' dir='ltr'><strong>καὶ</strong></span> <span class='ocrx_word' id='word_1_208' title='bbox 1891 2508 1958 2561; x_wconf 84' lang='grc' dir='ltr'>τὰ</span> 
     </span>
    </p>
   </div>
   <div class='ocr_carea' id='block_1_28' title="bbox 383 2570 1954 2663">
    <p class='ocr_par' dir='ltr' id='par_1_28' title="bbox 383 2570 1954 2663">
     <span class='ocr_line' id='line_1_28' title="bbox 383 2570 1954 2663; baseline 0.018 -42"><span class='ocrx_word' id='word_1_209' title='bbox 383 2570 494 2624; x_wconf 88' lang='grc' dir='ltr'><strong>τῶν</strong></span> <span class='ocrx_word' id='word_1_210' title='bbox 521 2574 692 2663; x_wconf 70' lang='grc' dir='ltr'>ἄλλων</span> <span class='ocrx_word' id='word_1_211' title='bbox 721 2577 1055 2646; x_wconf 73' lang='grc' dir='ltr'>ὰπεκάλυψε,</span> <span class='ocrx_word' id='word_1_212' title='bbox 1084 2584 1176 2635; x_wconf 81' lang='grc' dir='ltr'><strong>καὶ</strong></span> <span class='ocrx_word' id='word_1_213' title='bbox 1201 2584 1268 2637; x_wconf 74' lang='grc' dir='ltr'>τὰ</span> <span class='ocrx_word' id='word_1_214' title='bbox 1299 2586 1418 2639; x_wconf 89' lang='grc' dir='ltr'>καθ’</span> <span class='ocrx_word' id='word_1_215' title='bbox 1452 2590 1640 2643; x_wconf 77' lang='grc' dir='ltr'>ἑαυτὸν</span> <span class='ocrx_word' id='word_1_216' title='bbox 1671 2592 1899 2663; x_wconf 83' lang='grc' dir='ltr'>ἤλεγξεν</span> <span class='ocrx_word' id='word_1_217' title='bbox 1925 2600 1954 2651; x_wconf 98' lang='lat'><strong>6</strong></span> 
     </span>
    </p>
   </div>
   <div class='ocr_carea' id='block_1_29' title="bbox 387 2660 1956 2748">
    <p class='ocr_par' dir='ltr' id='par_1_29' title="bbox 387 2660 1956 2748">
     <span class='ocr_line' id='line_1_29' title="bbox 387 2660 1956 2748; baseline 0.018 -37"><span class='ocrx_word' id='word_1_218' title='bbox 387 2660 644 2731; x_wconf 83' lang='grc' dir='ltr'>Μωῦσῆς.</span> <span class='ocrx_word' id='word_1_219' title='bbox 676 2684 693 2716; x_wconf 76' lang='lat' dir='ltr'><strong>i</strong></span> <span class='ocrx_word' id='word_1_220' title='bbox 724 2666 947 2734; x_wconf 89' lang='grc' dir='ltr'>Λέγοντι</span> <span class='ocrx_word' id='word_1_221' title='bbox 976 2670 1031 2722; x_wconf 85' lang='grc' dir='ltr'>δὲ</span> <span class='ocrx_word' id='word_1_222' title='bbox 1056 2670 1133 2741; x_wconf 83' lang='grc' dir='ltr'><strong>τῷ</strong></span> <span class='ocrx_word' id='word_1_223' title='bbox 1172 2673 1404 2745; x_wconf 84' lang='grc' dir='ltr'><strong>Ἰουδαίῳ</strong></span> <span class='ocrx_word' id='word_1_224' title='bbox 1440 2680 1532 2731; x_wconf 79' lang='grc' dir='ltr'><strong>καὶ</strong></span> <span class='ocrx_word' id='word_1_225' title='bbox 1551 2681 1610 2732; x_wconf 90' lang='grc' dir='ltr'><strong>τό</strong></span> <span class='ocrx_word' id='word_1_226' title='bbox 1630 2698 1642 2710; x_wconf 71' lang='grc' dir='ltr'><strong>ι</strong></span> <span class='ocrx_word' id='word_1_227' title='bbox 1665 2660 1839 2748; x_wconf 49' lang='grc' dir='ltr'>(Πῶς</span> <span class='ocrx_word' id='word_1_228' title='bbox 1866 2682 1956 2739; x_wconf 82' lang='grc' dir='ltr'>οὖν</span> 
     </span>
    </p>
   </div>
   <div class='ocr_carea' id='block_1_30' title="bbox 386 2752 1956 2843">
    <p class='ocr_par' dir='ltr' id='par_1_30' title="bbox 386 2752 1956 2843">
     <span class='ocr_line' id='line_1_30' title="bbox 386 2752 1956 2843; baseline 0.019 -41"><span class='ocrx_word' id='word_1_229' title='bbox 386 2752 448 2803; x_wconf 84' lang='grc' dir='ltr'><strong>οὐ</strong></span> <span class='ocrx_word' id='word_1_230' title='bbox 468 2754 725 2822; x_wconf 85' lang='grc' dir='ltr'>σχέτλιον,</span> <span class='ocrx_word' id='word_1_231' title='bbox 744 2758 852 2811; x_wconf 86' lang='grc' dir='ltr'>ἀπὸ</span> <span class='ocrx_word' id='word_1_232' title='bbox 872 2760 979 2813; x_wconf 90' lang='grc' dir='ltr'><strong>τῶν</strong></span> <span class='ocrx_word' id='word_1_233' title='bbox 1005 2762 1181 2815; x_wconf 85' lang='grc' dir='ltr'>αὐτῶν</span> <span class='ocrx_word' id='word_1_234' title='bbox 1204 2764 1379 2837; x_wconf 80' lang='grc' dir='ltr'>ἔργων</span> <span class='ocrx_word' id='word_1_235' title='bbox 1402 2768 1489 2822; x_wconf 81' lang='grc' dir='ltr'><strong>τὸν</strong></span> <span class='ocrx_word' id='word_1_236' title='bbox 1520 2771 1617 2840; x_wconf 83' lang='grc' dir='ltr'><strong>μὲν</strong></span> <span class='ocrx_word' id='word_1_237' title='bbox 1651 2773 1799 2839; x_wconf 80' lang='grc' dir='ltr'>Θεὸν,</span> <span class='ocrx_word' id='word_1_238' title='bbox 1831 2779 1956 2843; x_wconf 85' lang='grc' dir='ltr'>τοὺς</span> 
     </span>
    </p>
   </div>
   <div class='ocr_carea' id='block_1_31' title="bbox 383 2841 1955 2931">
    <p class='ocr_par' dir='ltr' id='par_1_31' title="bbox 383 2841 1955 2931">
     <span class='ocr_line' id='line_1_31' title="bbox 383 2841 1955 2931; baseline 0.019 -39"><span class='ocrx_word' id='word_1_239' title='bbox 383 2841 441 2931; x_wconf 71' lang='grc' dir='ltr'><strong>δέ</strong></span> <span class='ocrx_word' id='word_1_240' title='bbox 491 2844 690 2913; x_wconf 83' lang='grc' dir='ltr'>γόητας</span> <span class='ocrx_word' id='word_1_241' title='bbox 716 2849 998 2917; x_wconf 80' lang='grc' dir='ltr'>ἡγεῖσθαι;</span> <span class='ocrx_word' id='word_1_242' title='bbox 1049 2870 1067 2902; x_wconf 68' lang='grc' dir='ltr'><strong>ι</strong></span> <span class='ocrx_word' id='word_1_243' title='bbox 1111 2854 1267 2907; x_wconf 79' lang='grc' dir='ltr'>Εἴποι</span> <span class='ocrx_word' id='word_1_244' title='bbox 1300 2875 1381 2920; x_wconf 90' lang='grc' dir='ltr'><strong>τις</strong></span> <span class='ocrx_word' id='word_1_245' title='bbox 1404 2858 1467 2912; x_wconf 86' lang='grc' dir='ltr'><strong>ἂν</strong></span> <span class='ocrx_word' id='word_1_246' title='bbox 1495 2863 1630 2931; x_wconf 83' lang='grc' dir='ltr'>πρὸς</span> <span class='ocrx_word' id='word_1_247' title='bbox 1656 2866 1837 2931; x_wconf 78' lang='grc' dir='ltr'>αὐτὸν,</span> <span class='ocrx_word' id='word_1_248' title='bbox 1868 2841 1955 2922; x_wconf 77' lang='grc' dir='ltr'><strong>διά</strong></span> 
     </span>
    </p>
   </div>
   <div class='ocr_carea' id='block_1_32' title="bbox 380 2930 1955 3030">
    <p class='ocr_par' dir='ltr' id='par_1_32' title="bbox 380 2930 1955 3030">
     <span class='ocr_line' id='line_1_32' title="bbox 380 2930 1955 3030; baseline 0.02 -47"><span class='ocrx_word' id='word_1_249' title='bbox 380 2930 479 3030; x_wconf 61' lang='grc' dir='ltr'><strong>τάς</strong></span> <span class='ocrx_word' id='word_1_250' title='bbox 520 2934 793 3002; x_wconf 87' lang='grc' dir='ltr'>Μωῦσέως</span> <span class='ocrx_word' id='word_1_251' title='bbox 826 2941 1134 3009; x_wconf 79' lang='grc' dir='ltr'>ἐκτεθείσας</span> <span class='ocrx_word' id='word_1_252' title='bbox 1179 2948 1349 3013; x_wconf 79' lang='grc' dir='ltr'>λέξεις</span> <span class='ocrx_word' id='word_1_253' title='bbox 1370 2968 1383 2980; x_wconf 77' lang='grc' dir='ltr'><strong><em>ο</em></strong></span> <span class='ocrx_word' id='word_1_254' title='bbox 1419 2970 1438 3002; x_wconf 84' lang='grc'><em>‹</em></span> <span class='ocrx_word' id='word_1_255' title='bbox 1478 2930 1602 3017; x_wconf 88' lang='grc' dir='ltr'>Πῶς</span> <span class='ocrx_word' id='word_1_256' title='bbox 1626 2952 1717 3010; x_wconf 79' lang='grc' dir='ltr'><strong>οὖν</strong></span> <span class='ocrx_word' id='word_1_257' title='bbox 1744 2958 1804 3011; x_wconf 84' lang='grc' dir='ltr'><strong>οὐ</strong></span> <span class='ocrx_word' id='word_1_258' title='bbox 1835 2960 1955 3030; x_wconf 86' lang='grc' dir='ltr'>σχέ-</span> 
     </span>
    </p>
   </div>
   <div class='ocr_carea' id='block_1_33' title="bbox 381 3021 1950 3118">
    <p class='ocr_par' dir='ltr' id='par_1_33' title="bbox 381 3021 1950 3118">
     <span class='ocr_line' id='line_1_33' title="bbox 381 3021 1950 3118; baseline 0.019 -45"><span class='ocrx_word' id='word_1_259' title='bbox 381 3021 523 3118; x_wconf 75' lang='grc' dir='ltr'>τλιον</span> <span class='ocrx_word' id='word_1_260' title='bbox 545 3026 650 3080; x_wconf 82' lang='grc' dir='ltr'><strong>ἀπὸ</strong></span> <span class='ocrx_word' id='word_1_261' title='bbox 673 3028 779 3083; x_wconf 88' lang='grc' dir='ltr'><strong>τῶν</strong></span> <span class='ocrx_word' id='word_1_262' title='bbox 811 3033 985 3086; x_wconf 84' lang='grc' dir='ltr'>αὐτῶν</span> <span class='ocrx_word' id='word_1_263' title='bbox 1010 3036 1203 3108; x_wconf 81' lang='grc' dir='ltr'>ἔργων,</span> <span class='ocrx_word' id='word_1_264' title='bbox 1236 3040 1328 3093; x_wconf 78' lang='grc' dir='ltr'><strong>τὸν</strong></span> <span class='ocrx_word' id='word_1_265' title='bbox 1360 3042 1456 3111; x_wconf 83' lang='grc' dir='ltr'><strong>μὲν</strong></span> <span class='ocrx_word' id='word_1_266' title='bbox 1492 3047 1775 3118; x_wconf 81' lang='grc' dir='ltr'>προφήτην</span> <span class='ocrx_word' id='word_1_267' title='bbox 1817 3021 1950 3103; x_wconf 74' lang='grc' dir='ltr'>Θεοῦ</span> 
     </span>
    </p>
   </div>
   <div class='ocr_carea' id='block_1_34' title="bbox 2076 593 3635 663">
    <p class='ocr_par' dir='ltr' id='par_1_34' title="bbox 2076 593 3635 663">
     <span class='ocr_line' id='line_1_34' title="bbox 2076 593 3635 663; baseline 0.001 -18"><span class='ocrx_word' id='word_1_268' title='bbox 2076 594 2211 647; x_wconf 85' lang='lat' dir='ltr'><strong>derit</strong></span> <span class='ocrx_word' id='word_1_269' title='bbox 2243 596 2449 663; x_wconf 79' lang='lat' dir='ltr'><strong>signant</strong></span> <span class='ocrx_word' id='word_1_270' title='bbox 2478 602 2570 647; x_wconf 86' lang='lat' dir='ltr'><strong>aut</strong></span> <span class='ocrx_word' id='word_1_271' title='bbox 2599 593 2917 661; x_wconf 80' lang='lat' dir='ltr'><strong>prodigium,</strong></span> <span class='ocrx_word' id='word_1_272' title='bbox 2948 601 2995 645; x_wconf 82' lang='lat' dir='ltr'><strong>et</strong></span> <span class='ocrx_word' id='word_1_273' title='bbox 3024 593 3245 646; x_wconf 81' lang='lat' dir='ltr'><strong>evenerit</strong></span> <span class='ocrx_word' id='word_1_274' title='bbox 3294 594 3500 662; x_wconf 79' lang='lat' dir='ltr'><strong>signum</strong></span> <span class='ocrx_word' id='word_1_275' title='bbox 3545 604 3635 648; x_wconf 83' lang='lat' dir='ltr'><strong>aut</strong></span> 
     </span>
    </p>
   </div>
   <div class='ocr_carea' id='block_1_35' title="bbox 2074 682 3633 755">
    <p class='ocr_par' dir='ltr' id='par_1_35' title="bbox 2074 682 3633 755">
     <span class='ocr_line' id='line_1_35' title="bbox 2074 682 3633 755; baseline -0.001 -19"><span class='ocrx_word' id='word_1_276' title='bbox 2074 685 2370 753; x_wconf 76' lang='lat' dir='ltr'><strong>prodigium</strong></span> <span class='ocrx_word' id='word_1_277' title='bbox 2397 685 2535 755; x_wconf 84' lang='lat' dir='ltr'><strong>quod</strong></span> <span class='ocrx_word' id='word_1_278' title='bbox 2576 682 2781 737; x_wconf 85' lang='lat' dir='ltr'><strong>locutus</strong></span> <span class='ocrx_word' id='word_1_279' title='bbox 2815 691 2913 745; x_wconf 83' lang='lat' dir='ltr'><strong>est,</strong></span> <span class='ocrx_word' id='word_1_280' title='bbox 2944 690 2993 735; x_wconf 84' lang='lat' dir='ltr'><strong>et</strong></span> <span class='ocrx_word' id='word_1_281' title='bbox 3018 683 3207 735; x_wconf 77' lang='lat' dir='ltr'><strong>dixerit</strong></span> <span class='ocrx_word' id='word_1_282' title='bbox 3233 683 3323 736; x_wconf 88' lang='lat' dir='ltr'><strong>tibi</strong></span> <span class='ocrx_word' id='word_1_283' title='bbox 3361 695 3380 733; x_wconf 68' lang='grc' dir='ltr'><strong><em>ε</em></strong></span> <span class='ocrx_word' id='word_1_284' title='bbox 3435 682 3633 735; x_wconf 81' lang='lat' dir='ltr'><strong>Eamus</strong></span> 
     </span>
    </p>
   </div>
   <div class='ocr_carea' id='block_1_36' title="bbox 2073 774 3635 844">
    <p class='ocr_par' dir='ltr' id='par_1_36' title="bbox 2073 774 3635 844">
     <span class='ocr_line' id='line_1_36' title="bbox 2073 774 3635 844; baseline -0.001 -17"><span class='ocrx_word' id='word_1_285' title='bbox 2073 784 2120 828; x_wconf 88' lang='lat' dir='ltr'><strong>et</strong></span> <span class='ocrx_word' id='word_1_286' title='bbox 2171 791 2448 844; x_wconf 78' lang='lat' dir='ltr'><strong>sequamur</strong></span> <span class='ocrx_word' id='word_1_287' title='bbox 2476 778 2599 827; x_wconf 82' lang='lat' dir='ltr'><strong>deos</strong></span> <span class='ocrx_word' id='word_1_288' title='bbox 2644 774 2845 827; x_wconf 82' lang='lat' dir='ltr'><strong>alienos</strong></span> <span class='ocrx_word' id='word_1_289' title='bbox 2886 789 3015 841; x_wconf 86' lang='lat' dir='ltr'><strong>quos</strong></span> <span class='ocrx_word' id='word_1_290' title='bbox 3044 774 3319 840; x_wconf 72' lang='lat' dir='ltr'><strong>ignoratis,</strong></span> <span class='ocrx_word' id='word_1_291' title='bbox 3353 784 3400 827; x_wconf 85' lang='lat' dir='ltr'><strong>et</strong></span> <span class='ocrx_word' id='word_1_292' title='bbox 3436 776 3635 827; x_wconf 79' lang='lat' dir='ltr'><strong>servia-</strong></span> 
     </span>
    </p>
   </div>
   <div class='ocr_carea' id='block_1_37' title="bbox 2072 861 3635 930">
    <p class='ocr_par' dir='ltr' id='par_1_37' title="bbox 2072 861 3635 930">
     <span class='ocr_line' id='line_1_37' title="bbox 2072 861 3635 930; baseline -0.002 -14"><span class='ocrx_word' id='word_1_293' title='bbox 2072 880 2187 917; x_wconf 82' lang='lat' dir='ltr'><strong>mus</strong></span> <span class='ocrx_word' id='word_1_294' title='bbox 2213 865 2323 928; x_wconf 84' lang='lat' dir='ltr'><strong>eis;</strong></span> <span class='ocrx_word' id='word_1_295' title='bbox 2348 880 2451 917; x_wconf 88' lang='lat' dir='ltr'><strong>non</strong></span> <span class='ocrx_word' id='word_1_296' title='bbox 2478 863 2703 917; x_wconf 77' lang='lat' dir='ltr'><strong>audietis</strong></span> <span class='ocrx_word' id='word_1_297' title='bbox 2743 863 2897 916; x_wconf 82' lang='lat' dir='ltr'><strong>verba</strong></span> <span class='ocrx_word' id='word_1_298' title='bbox 2925 863 3187 930; x_wconf 65' lang='lat' dir='ltr'><strong>prop/tetas</strong></span> <span class='ocrx_word' id='word_1_299' title='bbox 3216 861 3359 915; x_wconf 79' lang='lat' dir='ltr'><strong>illius</strong></span> <span class='ocrx_word' id='word_1_300' title='bbox 3388 872 3473 914; x_wconf 87' lang='lat' dir='ltr'><strong>aut</strong></span> <span class='ocrx_word' id='word_1_301' title='bbox 3497 878 3635 916; x_wconf 84' lang='lat' dir='ltr'><strong>som-</strong></span> 
     </span>
    </p>
   </div>
   <div class='ocr_carea' id='block_1_38' title="bbox 2072 949 3633 1021">
    <p class='ocr_par' dir='ltr' id='par_1_38' title="bbox 2072 949 3633 1021">
     <span class='ocr_line' id='line_1_38' title="bbox 2072 949 3633 1021; baseline 0 -16"><span class='ocrx_word' id='word_1_302' title='bbox 2072 954 2289 1008; x_wconf 81' lang='lat' dir='ltr'><strong>niatoris</strong></span> <span class='ocrx_word' id='word_1_303' title='bbox 2320 953 2390 1015; x_wconf 68' lang='grc'><strong>⁸⁸,</strong></span> <span class='ocrx_word' id='word_1_304' title='bbox 2420 973 2437 1005; x_wconf 78' lang='lat' dir='ltr'><strong>i</strong></span> <span class='ocrx_word' id='word_1_305' title='bbox 2461 963 2515 1007; x_wconf 91' lang='lat' dir='ltr'><strong>et</strong></span> <span class='ocrx_word' id='word_1_306' title='bbox 2538 953 2763 1021; x_wconf 88' lang='lat' dir='ltr'><strong>reliqua.</strong></span> <span class='ocrx_word' id='word_1_307' title='bbox 2796 953 2925 1007; x_wconf 82' lang='lat' dir='ltr'><strong>item</strong></span> <span class='ocrx_word' id='word_1_308' title='bbox 2953 954 3097 1021; x_wconf 87' lang='lat' dir='ltr'><strong>quod</strong></span> <span class='ocrx_word' id='word_1_309' title='bbox 3122 952 3208 1007; x_wconf 91' lang='lat' dir='ltr'><strong>ille</strong></span> <span class='ocrx_word' id='word_1_310' title='bbox 3229 961 3415 1007; x_wconf 91' lang='lat' dir='ltr'><strong>contra</strong></span> <span class='ocrx_word' id='word_1_311' title='bbox 3449 949 3633 1006; x_wconf 79' lang='lat' dir='ltr'><strong>Jesum</strong></span> 
     </span>
    </p>
   </div>
   <div class='ocr_carea' id='block_1_39' title="bbox 2072 1043 3633 1113">
    <p class='ocr_par' dir='ltr' id='par_1_39' title="bbox 2072 1043 3633 1113">
     <span class='ocr_line' id='line_1_39' title="bbox 2072 1043 3633 1113; baseline 0 -14"><span class='ocrx_word' id='word_1_312' title='bbox 2072 1046 2236 1100; x_wconf 87' lang='lat' dir='ltr'><strong>dicit:</strong></span> <span class='ocrx_word' id='word_1_313' title='bbox 2269 1064 2285 1096; x_wconf 76' lang='grc' dir='ltr'><strong>ι</strong></span> <span class='ocrx_word' id='word_1_314' title='bbox 2312 1043 2616 1111; x_wconf 77' lang='lat' dir='ltr'><strong>Quinetiam</strong></span> <span class='ocrx_word' id='word_1_315' title='bbox 2658 1044 2913 1098; x_wconf 90' lang='lat' dir='ltr'><strong>Satanam</strong></span> <span class='ocrx_word' id='word_1_316' title='bbox 2945 1044 3228 1113; x_wconf 83' lang='lat' dir='ltr'><strong>quemdam</strong></span> <span class='ocrx_word' id='word_1_317' title='bbox 3270 1045 3510 1099; x_wconf 88' lang='lat' dir='ltr'><strong>nominat</strong></span> <span class='ocrx_word' id='word_1_318' title='bbox 3551 1047 3633 1099; x_wconf 84' lang='lat' dir='ltr'><strong>in-</strong></span> 
     </span>
    </p>
   </div>
   <div class='ocr_carea' id='block_1_40' title="bbox 2071 1134 3631 1206">
    <p class='ocr_par' dir='ltr' id='par_1_40' title="bbox 2071 1134 3631 1206">
     <span class='ocr_line' id='line_1_40' title="bbox 2071 1134 3631 1206; baseline -0.001 -16"><span class='ocrx_word' id='word_1_319' title='bbox 2071 1137 2277 1201; x_wconf 74' lang='lat' dir='ltr'><strong>signem</strong></span> <span class='ocrx_word' id='word_1_320' title='bbox 2303 1136 2487 1190; x_wconf 89' lang='lat' dir='ltr'><strong>talium</strong></span> <span class='ocrx_word' id='word_1_321' title='bbox 2510 1149 2686 1189; x_wconf 89' lang='lat' dir='ltr'><strong>rerum</strong></span> <span class='ocrx_word' id='word_1_322' title='bbox 2705 1134 2971 1189; x_wconf 88' lang='lat' dir='ltr'><strong>artiﬁcem</strong></span> <span class='ocrx_word' id='word_1_323' title='bbox 3000 1152 3015 1201; x_wconf 89' lang='lat'><strong>;</strong></span> <span class='ocrx_word' id='word_1_324' title='bbox 3043 1155 3061 1187; x_wconf 71' lang='grc' dir='ltr'><strong>ι</strong></span> <span class='ocrx_word' id='word_1_325' title='bbox 3090 1135 3139 1188; x_wconf 82' lang='lat' dir='ltr'><strong>id</strong></span> <span class='ocrx_word' id='word_1_326' title='bbox 3159 1136 3295 1190; x_wconf 91' lang='lat' dir='ltr'><strong>alter</strong></span> <span class='ocrx_word' id='word_1_327' title='bbox 3323 1138 3373 1191; x_wconf 93' lang='lat' dir='ltr'><strong>in</strong></span> <span class='ocrx_word' id='word_1_328' title='bbox 3397 1137 3631 1206; x_wconf 82' lang='lat' dir='ltr'><strong>Moysem</strong></span> 
     </span>
    </p>
   </div>
   <div class='ocr_carea' id='block_1_41' title="bbox 2069 1225 3632 1296">
    <p class='ocr_par' dir='ltr' id='par_1_41' title="bbox 2069 1225 3632 1296">
     <span class='ocr_line' id='line_1_41' title="bbox 2069 1225 3632 1296; baseline -0.001 -15"><span class='ocrx_word' id='word_1_329' title='bbox 2069 1236 2435 1296; x_wconf 79' lang='lat' dir='ltr'><strong>contorquens</strong></span> <span class='ocrx_word' id='word_1_330' title='bbox 2463 1226 2639 1282; x_wconf 89' lang='lat' dir='ltr'><strong>dicet:</strong></span> <span class='ocrx_word' id='word_1_331' title='bbox 2666 1245 2683 1285; x_wconf 71' lang='grc' dir='ltr'><strong>ι</strong></span> <span class='ocrx_word' id='word_1_332' title='bbox 2712 1225 3017 1291; x_wconf 73' lang='lat' dir='ltr'><strong>Quinetiam</strong></span> <span class='ocrx_word' id='word_1_333' title='bbox 3067 1228 3387 1296; x_wconf 86' lang='lat' dir='ltr'><strong>prophetam</strong></span> <span class='ocrx_word' id='word_1_334' title='bbox 3428 1229 3632 1281; x_wconf 88' lang='lat' dir='ltr'><strong>somni-</strong></span> 
     </span>
    </p>
   </div>
   <div class='ocr_carea' id='block_1_42' title="bbox 2069 1314 3748 1385">
    <p class='ocr_par' dir='ltr' id='par_1_42' title="bbox 2069 1314 3748 1385">
     <span class='ocr_line' id='line_1_42' title="bbox 2069 1314 3748 1385; baseline -0.001 -16"><span class='ocrx_word' id='word_1_335' title='bbox 2069 1327 2248 1369; x_wconf 85' lang='lat' dir='ltr'><strong>antem</strong></span> <span class='ocrx_word' id='word_1_336' title='bbox 2290 1315 2532 1369; x_wconf 79' lang='lat' dir='ltr'><strong>nominat</strong></span> <span class='ocrx_word' id='word_1_337' title='bbox 2555 1316 2819 1385; x_wconf 81' lang='lat' dir='ltr'><strong>insignem</strong></span> <span class='ocrx_word' id='word_1_338' title='bbox 2861 1314 3051 1367; x_wconf 88' lang='lat' dir='ltr'><strong>talium</strong></span> <span class='ocrx_word' id='word_1_339' title='bbox 3087 1330 3266 1369; x_wconf 90' lang='lat' dir='ltr'><strong>rerum</strong></span> <span class='ocrx_word' id='word_1_340' title='bbox 3299 1316 3583 1371; x_wconf 86' lang='lat' dir='ltr'><strong>artiﬁcem.</strong></span> <span class='ocrx_word' id='word_1_341' title='bbox 3609 1336 3627 1368; x_wconf 75' lang='grc' dir='ltr'><strong>ι</strong></span> <span class='ocrx_word' id='word_1_342' title='bbox 3728 1315 3748 1334; x_wconf 81' lang='grc'><strong><em>⁸</em></strong></span> 
     </span>
    </p>
   </div>
   <div class='ocr_carea' id='block_1_43' title="bbox 2067 1405 3632 1477">
    <p class='ocr_par' dir='ltr' id='par_1_43' title="bbox 2067 1405 3632 1477">
     <span class='ocr_line' id='line_1_43' title="bbox 2067 1405 3632 1477; baseline 0.002 -18"><span class='ocrx_word' id='word_1_343' title='bbox 2067 1406 2234 1477; x_wconf 68' lang='grc'><strong>428</strong></span> <span class='ocrx_word' id='word_1_344' title='bbox 2258 1405 2725 1471; x_wconf 84' lang='lat' dir='ltr'><strong>Quemadmodum</strong></span> <span class='ocrx_word' id='word_1_345' title='bbox 2773 1415 2953 1460; x_wconf 87' lang='lat' dir='ltr'><strong>autem</strong></span> <span class='ocrx_word' id='word_1_346' title='bbox 3007 1407 3146 1475; x_wconf 88' lang='lat' dir='ltr'><strong>apud</strong></span> <span class='ocrx_word' id='word_1_347' title='bbox 3179 1406 3391 1462; x_wconf 87' lang='lat' dir='ltr'><strong>Celsum</strong></span> <span class='ocrx_word' id='word_1_348' title='bbox 3416 1406 3632 1463; x_wconf 66' lang='lat' dir='ltr'><strong>Iudaeus</strong></span> 
     </span>
    </p>
   </div>
   <div class='ocr_carea' id='block_1_44' title="bbox 2069 1495 3633 1567">
    <p class='ocr_par' dir='ltr' id='par_1_44' title="bbox 2069 1495 3633 1567">
     <span class='ocr_line' id='line_1_44' title="bbox 2069 1495 3633 1567; baseline 0.002 -16"><span class='ocrx_word' id='word_1_349' title='bbox 2069 1499 2147 1551; x_wconf 86' lang='lat' dir='ltr'><strong>ait</strong></span> <span class='ocrx_word' id='word_1_350' title='bbox 2179 1498 2243 1552; x_wconf 87' lang='lat' dir='ltr'><strong>de</strong></span> <span class='ocrx_word' id='word_1_351' title='bbox 2287 1495 2414 1552; x_wconf 87' lang='lat' dir='ltr'><strong>Jesu</strong></span> <span class='ocrx_word' id='word_1_352' title='bbox 2443 1515 2456 1551; x_wconf 92' lang='lat'><strong>:</strong></span> <span class='ocrx_word' id='word_1_353' title='bbox 2490 1515 2509 1549; x_wconf 74' lang='grc' dir='ltr'><strong>ι</strong></span> <span class='ocrx_word' id='word_1_354' title='bbox 2561 1502 2639 1552; x_wconf 86' lang='lat' dir='ltr'><strong>Ac</strong></span> <span class='ocrx_word' id='word_1_355' title='bbox 2674 1513 2741 1553; x_wconf 92' lang='lat' dir='ltr'><strong>ne</strong></span> <span class='ocrx_word' id='word_1_356' title='bbox 2780 1497 2894 1567; x_wconf 89' lang='lat' dir='ltr'><strong>ipse</strong></span> <span class='ocrx_word' id='word_1_357' title='bbox 2933 1497 3145 1566; x_wconf 87' lang='lat' dir='ltr'><strong>quidem</strong></span> <span class='ocrx_word' id='word_1_358' title='bbox 3186 1497 3449 1553; x_wconf 90' lang='lat' dir='ltr'><strong>inﬁtiatur</strong></span> <span class='ocrx_word' id='word_1_359' title='bbox 3479 1500 3530 1553; x_wconf 90' lang='lat' dir='ltr'><strong>in</strong></span> <span class='ocrx_word' id='word_1_360' title='bbox 3568 1501 3633 1555; x_wconf 85' lang='lat' dir='ltr'><strong>iis</strong></span> 
     </span>
    </p>
   </div>
   <div class='ocr_carea' id='block_1_45' title="bbox 2070 1588 3634 1653">
    <p class='ocr_par' dir='ltr' id='par_1_45' title="bbox 2070 1588 3634 1653">
     <span class='ocr_line' id='line_1_45' title="bbox 2070 1588 3634 1653; baseline 0.003 -12"><span class='ocrx_word' id='word_1_361' title='bbox 2070 1589 2204 1642; x_wconf 87' lang='lat' dir='ltr'><strong>nihil</strong></span> <span class='ocrx_word' id='word_1_362' title='bbox 2244 1588 2542 1643; x_wconf 82' lang='lat' dir='ltr'><strong>divinitatis</strong></span> <span class='ocrx_word' id='word_1_363' title='bbox 2594 1589 2790 1653; x_wconf 87' lang='lat' dir='ltr'><strong>inesse,</strong></span> <span class='ocrx_word' id='word_1_364' title='bbox 2836 1588 2928 1643; x_wconf 91' lang='lat' dir='ltr'><strong>sed</strong></span> <span class='ocrx_word' id='word_1_365' title='bbox 2964 1603 3083 1643; x_wconf 89' lang='lat' dir='ltr'><strong>esse</strong></span> <span class='ocrx_word' id='word_1_366' title='bbox 3123 1589 3504 1644; x_wconf 86' lang='lat' dir='ltr'><strong>sceleratorum</strong></span> <span class='ocrx_word' id='word_1_367' title='bbox 3536 1592 3634 1645; x_wconf 83' lang='lat' dir='ltr'><strong>lio-</strong></span> 
     </span>
    </p>
   </div>
   <div class='ocr_carea' id='block_1_46' title="bbox 2067 1678 3633 1750">
    <p class='ocr_par' dir='ltr' id='par_1_46' title="bbox 2067 1678 3633 1750">
     <span class='ocr_line' id='line_1_46' title="bbox 2067 1678 3633 1750; baseline 0.002 -19"><span class='ocrx_word' id='word_1_368' title='bbox 2067 1678 2270 1732; x_wconf 83' lang='lat' dir='ltr'><strong>minam</strong></span> <span class='ocrx_word' id='word_1_369' title='bbox 2299 1693 2497 1748; x_wconf 87' lang='lat' dir='ltr'><strong>opera;</strong></span> <span class='ocrx_word' id='word_1_370' title='bbox 2536 1697 2555 1730; x_wconf 73' lang='grc' dir='ltr'><strong>ι</strong></span> <span class='ocrx_word' id='word_1_371' title='bbox 2590 1679 2661 1732; x_wconf 89' lang='lat' dir='ltr'><strong>ita</strong></span> <span class='ocrx_word' id='word_1_372' title='bbox 2696 1679 2943 1748; x_wconf 90' lang='lat' dir='ltr'><strong>quisquis</strong></span> <span class='ocrx_word' id='word_1_373' title='bbox 2989 1679 3149 1733; x_wconf 86' lang='lat' dir='ltr'><strong>rebus</strong></span> <span class='ocrx_word' id='word_1_374' title='bbox 3180 1678 3247 1732; x_wconf 87' lang='lat' dir='ltr'><strong>de</strong></span> <span class='ocrx_word' id='word_1_375' title='bbox 3282 1678 3467 1750; x_wconf 79' lang='lat' dir='ltr'><strong>Moyse</strong></span> <span class='ocrx_word' id='word_1_376' title='bbox 3498 1682 3633 1735; x_wconf 89' lang='lat' dir='ltr'><strong>scri-</strong></span> 
     </span>
    </p>
   </div>
   <div class='ocr_carea' id='block_1_47' title="bbox 2068 1767 3633 1839">
    <p class='ocr_par' dir='ltr' id='par_1_47' title="bbox 2068 1767 3633 1839">
     <span class='ocr_line' id='line_1_47' title="bbox 2068 1767 3633 1839; baseline 0.004 -20"><span class='ocrx_word' id='word_1_377' title='bbox 2068 1768 2171 1836; x_wconf 84' lang='lat' dir='ltr'><strong>ptis</strong></span> <span class='ocrx_word' id='word_1_378' title='bbox 2201 1767 2358 1823; x_wconf 91' lang='lat' dir='ltr'><strong>ﬁdem</strong></span> <span class='ocrx_word' id='word_1_379' title='bbox 2413 1770 2654 1839; x_wconf 83' lang='lat' dir='ltr'><strong>abrogat,</strong></span> <span class='ocrx_word' id='word_1_380' title='bbox 2684 1771 2872 1825; x_wconf 89' lang='lat' dir='ltr'><strong>iisdem</strong></span> <span class='ocrx_word' id='word_1_381' title='bbox 2901 1780 3091 1825; x_wconf 88' lang='lat' dir='ltr'><strong>contra</strong></span> <span class='ocrx_word' id='word_1_382' title='bbox 3124 1771 3269 1825; x_wconf 89' lang='lat' dir='ltr'><strong>illum</strong></span> <span class='ocrx_word' id='word_1_383' title='bbox 3302 1779 3487 1825; x_wconf 90' lang='lat' dir='ltr'><strong>utetur</strong></span> <span class='ocrx_word' id='word_1_384' title='bbox 3518 1787 3633 1825; x_wconf 85' lang='lat' dir='ltr'><strong>ver—</strong></span> 
     </span>
    </p>
   </div>
   <div class='ocr_carea' id='block_1_48' title="bbox 2067 1859 3631 1930">
    <p class='ocr_par' dir='ltr' id='par_1_48' title="bbox 2067 1859 3631 1930">
     <span class='ocr_line' id='line_1_48' title="bbox 2067 1859 3631 1930; baseline 0.003 -17"><span class='ocrx_word' id='word_1_385' title='bbox 2067 1859 2190 1914; x_wconf 87' lang='lat' dir='ltr'><strong>bis:</strong></span> <span class='ocrx_word' id='word_1_386' title='bbox 2226 1879 2242 1910; x_wconf 76' lang='grc' dir='ltr'><strong>ι</strong></span> <span class='ocrx_word' id='word_1_387' title='bbox 2275 1860 2350 1914; x_wconf 87' lang='lat' dir='ltr'><strong>Ita</strong></span> <span class='ocrx_word' id='word_1_388' title='bbox 2384 1876 2487 1916; x_wconf 91' lang='lat' dir='ltr'><strong>nec</strong></span> <span class='ocrx_word' id='word_1_389' title='bbox 2515 1862 2629 1930; x_wconf 89' lang='lat' dir='ltr'><strong>ipse</strong></span> <span class='ocrx_word' id='word_1_390' title='bbox 2664 1860 2948 1926; x_wconf 88' lang='lat' dir='ltr'><strong>inﬁtiatur,</strong></span> <span class='ocrx_word' id='word_1_391' title='bbox 2998 1863 3126 1916; x_wconf 83' lang='lat' dir='ltr'><strong>nihil</strong></span> <span class='ocrx_word' id='word_1_392' title='bbox 3160 1863 3209 1915; x_wconf 87' lang='lat' dir='ltr'><strong>in</strong></span> <span class='ocrx_word' id='word_1_393' title='bbox 3239 1864 3302 1917; x_wconf 91' lang='lat' dir='ltr'><strong>iis</strong></span> <span class='ocrx_word' id='word_1_394' title='bbox 3337 1864 3631 1919; x_wconf 86' lang='lat' dir='ltr'><strong>divinitatis</strong></span> 
     </span>
    </p>
   </div>
   <div class='ocr_carea' id='block_1_49' title="bbox 2065 1950 3628 2023">
    <p class='ocr_par' dir='ltr' id='par_1_49' title="bbox 2065 1950 3628 2023">
     <span class='ocr_line' id='line_1_49' title="bbox 2065 1950 3628 2023; baseline 0.004 -21"><span class='ocrx_word' id='word_1_395' title='bbox 2065 1950 2263 2014; x_wconf 91' lang='lat' dir='ltr'><strong>inesse,</strong></span> <span class='ocrx_word' id='word_1_396' title='bbox 2313 1953 2407 2006; x_wconf 86' lang='lat' dir='ltr'><strong>sed</strong></span> <span class='ocrx_word' id='word_1_397' title='bbox 2459 1967 2581 2007; x_wconf 90' lang='lat' dir='ltr'><strong>esse</strong></span> <span class='ocrx_word' id='word_1_398' title='bbox 2627 1953 3016 2008; x_wconf 87' lang='lat' dir='ltr'><strong>sceleratorum</strong></span> <span class='ocrx_word' id='word_1_399' title='bbox 3062 1969 3245 2023; x_wconf 89' lang='lat' dir='ltr'><strong>opera.</strong></span> <span class='ocrx_word' id='word_1_400' title='bbox 3278 1973 3299 2007; x_wconf 71' lang='grc' dir='ltr'><strong>ι</strong></span> <span class='ocrx_word' id='word_1_401' title='bbox 3364 1953 3546 2011; x_wconf 86' lang='lat' dir='ltr'><strong>Vertet</strong></span> <span class='ocrx_word' id='word_1_402' title='bbox 3578 1958 3628 2009; x_wconf 89' lang='lat' dir='ltr'><strong>in</strong></span> 
     </span>
    </p>
   </div>
   <div class='ocr_carea' id='block_1_50' title="bbox 2064 2038 3627 2113">
    <p class='ocr_par' dir='ltr' id='par_1_50' title="bbox 2064 2038 3627 2113">
     <span class='ocr_line' id='line_1_50' title="bbox 2064 2038 3627 2113; baseline 0.006 -21"><span class='ocrx_word' id='word_1_403' title='bbox 2064 2038 2300 2108; x_wconf 84' lang='lat' dir='ltr'><strong>Moysem</strong></span> <span class='ocrx_word' id='word_1_404' title='bbox 2323 2050 2377 2095; x_wconf 91' lang='lat' dir='ltr'><strong>et</strong></span> <span class='ocrx_word' id='word_1_405' title='bbox 2407 2042 2546 2096; x_wconf 85' lang='lat' dir='ltr'><strong>ista:</strong></span> <span class='ocrx_word' id='word_1_406' title='bbox 2580 2062 2598 2094; x_wconf 79' lang='grc' dir='ltr'><strong>ι</strong></span> <span class='ocrx_word' id='word_1_407' title='bbox 2632 2044 2932 2111; x_wconf 84' lang='lat' dir='ltr'><strong>Oppressus</strong></span> <span class='ocrx_word' id='word_1_408' title='bbox 2969 2044 3211 2100; x_wconf 79' lang='lat' dir='ltr'><strong>veritatis</strong></span> <span class='ocrx_word' id='word_1_409' title='bbox 3243 2045 3473 2113; x_wconf 87' lang='lat' dir='ltr'><strong>viribus,</strong></span> <span class='ocrx_word' id='word_1_410' title='bbox 3501 2048 3627 2101; x_wconf 90' lang='lat' dir='ltr'><strong>dum</strong></span> 
     </span>
    </p>
   </div>
   <div class='ocr_carea' id='block_1_51' title="bbox 2063 2130 3624 2207">
    <p class='ocr_par' dir='ltr' id='par_1_51' title="bbox 2063 2130 3624 2207">
     <span class='ocr_line' id='line_1_51' title="bbox 2063 2130 3624 2207; baseline 0.005 -24"><span class='ocrx_word' id='word_1_411' title='bbox 2063 2130 2292 2184; x_wconf 89' lang='lat' dir='ltr'><strong>aliorum</strong></span> <span class='ocrx_word' id='word_1_412' title='bbox 2324 2144 2469 2187; x_wconf 86' lang='lat' dir='ltr'><strong>artes</strong></span> <span class='ocrx_word' id='word_1_413' title='bbox 2497 2134 2719 2205; x_wconf 79' lang='lat' dir='ltr'><strong>detegit,</strong></span> <span class='ocrx_word' id='word_1_414' title='bbox 2747 2150 2871 2189; x_wconf 90' lang='lat' dir='ltr'><strong>suas</strong></span> <span class='ocrx_word' id='word_1_415' title='bbox 2899 2145 2949 2189; x_wconf 90' lang='lat' dir='ltr'><strong>et</strong></span> <span class='ocrx_word' id='word_1_416' title='bbox 2986 2135 3101 2203; x_wconf 90' lang='lat' dir='ltr'><strong>ipse</strong></span> <span class='ocrx_word' id='word_1_417' title='bbox 3130 2136 3426 2207; x_wconf 84' lang='lat' dir='ltr'><strong>redarguit.</strong></span> <span class='ocrx_word' id='word_1_418' title='bbox 3457 2158 3474 2189; x_wconf 76' lang='grc' dir='ltr'><strong>ι</strong></span> <span class='ocrx_word' id='word_1_419' title='bbox 3536 2140 3624 2191; x_wconf 79' lang='lat' dir='ltr'><strong>Di-</strong></span> 
     </span>
    </p>
   </div>
   <div class='ocr_carea' id='block_1_52' title="bbox 2061 2221 3621 2295">
    <p class='ocr_par' dir='ltr' id='par_1_52' title="bbox 2061 2221 3621 2295">
     <span class='ocr_line' id='line_1_52' title="bbox 2061 2221 3621 2295; baseline 0.006 -21"><span class='ocrx_word' id='word_1_420' title='bbox 2061 2221 2203 2275; x_wconf 87' lang='lat' dir='ltr'><strong>centi</strong></span> <span class='ocrx_word' id='word_1_421' title='bbox 2236 2231 2412 2277; x_wconf 88' lang='lat' dir='ltr'><strong>autem</strong></span> <span class='ocrx_word' id='word_1_422' title='bbox 2440 2221 2659 2278; x_wconf 75' lang='lat' dir='ltr'><strong>Judaei):</strong></span> <span class='ocrx_word' id='word_1_423' title='bbox 2693 2243 2712 2275; x_wconf 72' lang='grc' dir='ltr'><strong>ι</strong></span> <span class='ocrx_word' id='word_1_424' title='bbox 2742 2225 3020 2290; x_wconf 86' lang='lat' dir='ltr'><strong>Quomodo</strong></span> <span class='ocrx_word' id='word_1_425' title='bbox 3045 2226 3205 2295; x_wconf 85' lang='lat' dir='ltr'><strong>igitur</strong></span> <span class='ocrx_word' id='word_1_426' title='bbox 3230 2244 3335 2284; x_wconf 89' lang='lat' dir='ltr'><strong>non</strong></span> <span class='ocrx_word' id='word_1_427' title='bbox 3366 2229 3621 2283; x_wconf 89' lang='lat' dir='ltr'><strong>miserum</strong></span> 
     </span>
    </p>
   </div>
   <div class='ocr_carea' id='block_1_53' title="bbox 2061 2313 3622 2389">
    <p class='ocr_par' dir='ltr' id='par_1_53' title="bbox 2061 2313 3622 2389">
     <span class='ocr_line' id='line_1_53' title="bbox 2061 2313 3622 2389; baseline 0.006 -24"><span class='ocrx_word' id='word_1_428' title='bbox 2061 2320 2163 2376; x_wconf 87' lang='lat' dir='ltr'><strong>est,</strong></span> <span class='ocrx_word' id='word_1_429' title='bbox 2196 2327 2263 2367; x_wconf 80' lang='lat' dir='ltr'><strong>ex</strong></span> <span class='ocrx_word' id='word_1_430' title='bbox 2289 2313 2483 2368; x_wconf 88' lang='lat' dir='ltr'><strong>iisdem</strong></span> <span class='ocrx_word' id='word_1_431' title='bbox 2521 2317 2775 2384; x_wconf 89' lang='lat' dir='ltr'><strong>operibus</strong></span> <span class='ocrx_word' id='word_1_432' title='bbox 2810 2319 2958 2375; x_wconf 90' lang='lat' dir='ltr'><strong>illum</strong></span> <span class='ocrx_word' id='word_1_433' title='bbox 2994 2321 3209 2389; x_wconf 85' lang='lat' dir='ltr'><strong>quidem</strong></span> <span class='ocrx_word' id='word_1_434' title='bbox 3253 2321 3422 2375; x_wconf 90' lang='lat' dir='ltr'><strong>Deum</strong></span> <span class='ocrx_word' id='word_1_435' title='bbox 3477 2322 3622 2375; x_wconf 82' lang='lat' dir='ltr'><strong>exis-</strong></span> 
     </span>
    </p>
   </div>
   <div class='ocr_carea' id='block_1_54' title="bbox 2062 2404 3624 2479">
    <p class='ocr_par' dir='ltr' id='par_1_54' title="bbox 2062 2404 3624 2479">
     <span class='ocr_line' id='line_1_54' title="bbox 2062 2404 3624 2479; baseline 0.006 -23"><span class='ocrx_word' id='word_1_436' title='bbox 2062 2404 2266 2470; x_wconf 84' lang='lat' dir='ltr'><strong>timari,</strong></span> <span class='ocrx_word' id='word_1_437' title='bbox 2310 2405 2441 2460; x_wconf 87' lang='lat' dir='ltr'><strong>alios</strong></span> <span class='ocrx_word' id='word_1_438' title='bbox 2484 2421 2610 2461; x_wconf 91' lang='lat' dir='ltr'><strong>vero</strong></span> <span class='ocrx_word' id='word_1_439' title='bbox 2658 2410 3086 2479; x_wconf 79' lang='lat' dir='ltr'><strong>praestigiatorcs</strong></span> <span class='ocrx_word' id='word_1_440' title='bbox 3114 2413 3137 2465; x_wconf 85' lang='lat'><strong>?</strong></span> <span class='ocrx_word' id='word_1_441' title='bbox 3165 2431 3183 2465; x_wconf 76' lang='grc' dir='ltr'><strong>ι</strong></span> <span class='ocrx_word' id='word_1_442' title='bbox 3219 2422 3443 2479; x_wconf 83' lang='lat' dir='ltr'><strong>reponet</strong></span> <span class='ocrx_word' id='word_1_443' title='bbox 3474 2411 3624 2478; x_wconf 91' lang='lat' dir='ltr'><strong>quis-</strong></span> 
     </span>
    </p>
   </div>
   <div class='ocr_carea' id='block_1_55' title="bbox 2060 2492 3623 2568">
    <p class='ocr_par' dir='ltr' id='par_1_55' title="bbox 2060 2492 3623 2568">
     <span class='ocr_line' id='line_1_55' title="bbox 2060 2492 3623 2568; baseline 0.006 -24"><span class='ocrx_word' id='word_1_444' title='bbox 2060 2492 2202 2560; x_wconf 87' lang='lat' dir='ltr'><strong>piam</strong></span> <span class='ocrx_word' id='word_1_445' title='bbox 2226 2504 2447 2562; x_wconf 87' lang='lat' dir='ltr'><strong>pr0pter</strong></span> <span class='ocrx_word' id='word_1_446' title='bbox 2469 2497 2629 2551; x_wconf 89' lang='lat' dir='ltr'><strong>verba</strong></span> <span class='ocrx_word' id='word_1_447' title='bbox 2654 2498 2852 2568; x_wconf 85' lang='lat' dir='ltr'><strong>Moysis</strong></span> <span class='ocrx_word' id='word_1_448' title='bbox 2871 2500 3116 2567; x_wconf 88' lang='lat' dir='ltr'><strong>superius</strong></span> <span class='ocrx_word' id='word_1_449' title='bbox 3141 2500 3366 2555; x_wconf 85' lang='lat' dir='ltr'><strong>adducta</strong></span> <span class='ocrx_word' id='word_1_450' title='bbox 3397 2520 3411 2553; x_wconf 87' lang='lat'>:</span> <span class='ocrx_word' id='word_1_451' title='bbox 3444 2500 3623 2567; x_wconf 63' lang='lat' dir='ltr'><strong>«Quae</strong></span> 
     </span>
    </p>
   </div>
   <div class='ocr_carea' id='block_1_56' title="bbox 2059 2585 3622 2662">
    <p class='ocr_par' dir='ltr' id='par_1_56' title="bbox 2059 2585 3622 2662">
     <span class='ocr_line' id='line_1_56' title="bbox 2059 2585 3622 2662; baseline 0.008 -26"><span class='ocrx_word' id='word_1_452' title='bbox 2059 2585 2221 2637; x_wconf 89' lang='lat' dir='ltr'><strong>modo</strong></span> <span class='ocrx_word' id='word_1_453' title='bbox 2262 2585 2429 2654; x_wconf 82' lang='lat' dir='ltr'><strong>igitur</strong></span> <span class='ocrx_word' id='word_1_454' title='bbox 2468 2602 2572 2641; x_wconf 91' lang='lat' dir='ltr'><strong>non</strong></span> <span class='ocrx_word' id='word_1_455' title='bbox 2611 2590 2867 2644; x_wconf 88' lang='lat' dir='ltr'><strong>miserum</strong></span> <span class='ocrx_word' id='word_1_456' title='bbox 2908 2601 3081 2647; x_wconf 76' lang='lat' dir='ltr'><strong>estex</strong></span> <span class='ocrx_word' id='word_1_457' title='bbox 3126 2592 3317 2647; x_wconf 87' lang='lat' dir='ltr'><strong>iisdem</strong></span> <span class='ocrx_word' id='word_1_458' title='bbox 3368 2592 3622 2662; x_wconf 85' lang='lat' dir='ltr'><strong>Operibus</strong></span> 
     </span>
    </p>
   </div>
   <div class='ocr_carea' id='block_1_57' title="bbox 2059 2672 3618 2751">
    <p class='ocr_par' dir='ltr' id='par_1_57' title="bbox 2059 2672 3618 2751">
     <span class='ocr_line' id='line_1_57' title="bbox 2059 2672 3618 2751; baseline 0.008 -25"><span class='ocrx_word' id='word_1_459' title='bbox 2059 2672 2208 2726; x_wconf 90' lang='lat' dir='ltr'><strong>illum</strong></span> <span class='ocrx_word' id='word_1_460' title='bbox 2240 2676 2455 2743; x_wconf 88' lang='lat' dir='ltr'><strong>quidem</strong></span> <span class='ocrx_word' id='word_1_461' title='bbox 2489 2676 2583 2731; x_wconf 91' lang='lat' dir='ltr'><strong>Dei</strong></span> <span class='ocrx_word' id='word_1_462' title='bbox 2608 2680 2922 2748; x_wconf 83' lang='lat' dir='ltr'><strong>prophetam</strong></span> <span class='ocrx_word' id='word_1_463' title='bbox 2957 2682 3180 2751; x_wconf 83' lang='lat' dir='ltr'><strong>ejusque</strong></span> <span class='ocrx_word' id='word_1_464' title='bbox 3211 2682 3466 2736; x_wconf 79' lang='lat' dir='ltr'><strong>famulum</strong></span> <span class='ocrx_word' id='word_1_465' title='bbox 3502 2684 3618 2738; x_wconf 81' lang='lat' dir='ltr'><strong>exi-</strong></span> 
     </span>
    </p>
   </div>
   <div class='ocr_carea' id='block_1_58' title="bbox 2057 2764 3616 2842">
    <p class='ocr_par' dir='ltr' id='par_1_58' title="bbox 2057 2764 3616 2842">
     <span class='ocr_line' id='line_1_58' title="bbox 2057 2764 3616 2842; baseline 0.006 -27"><span class='ocrx_word' id='word_1_466' title='bbox 2057 2764 2266 2817; x_wconf 90' lang='lat' dir='ltr'><strong>stimari</strong></span> <span class='ocrx_word' id='word_1_467' title='bbox 2294 2805 2309 2830; x_wconf 96' lang='lat'><strong>,</strong></span> <span class='ocrx_word' id='word_1_468' title='bbox 2341 2765 2475 2821; x_wconf 89' lang='lat' dir='ltr'><strong>alios</strong></span> <span class='ocrx_word' id='word_1_469' title='bbox 2511 2778 2691 2821; x_wconf 89' lang='lat' dir='ltr'><strong>autem</strong></span> <span class='ocrx_word' id='word_1_470' title='bbox 2724 2773 3182 2841; x_wconf 57' lang='lat' dir='ltr'><strong>praestigiatores?</strong></span> <span class='ocrx_word' id='word_1_471' title='bbox 3213 2792 3233 2825; x_wconf 73' lang='grc' dir='ltr'><strong>ι</strong></span> <span class='ocrx_word' id='word_1_472' title='bbox 3269 2773 3331 2827; x_wconf 85' lang='grc' dir='ltr'>Ει</span> <span class='ocrx_word' id='word_1_473' title='bbox 3362 2775 3616 2842; x_wconf 88' lang='lat' dir='ltr'><strong>quoniam</strong></span> 
     </span>
    </p>
   </div>
   <div class='ocr_carea' id='block_1_59' title="bbox 2055 2851 3623 2933">
    <p class='ocr_par' dir='ltr' id='par_1_59' title="bbox 2055 2851 3623 2933">
     <span class='ocr_line' id='line_1_59' title="bbox 2055 2851 3623 2933; baseline 0.006 -27"><span class='ocrx_word' id='word_1_474' title='bbox 2055 2851 2243 2908; x_wconf 90' lang='lat' dir='ltr'><strong>Celsus</strong></span> <span class='ocrx_word' id='word_1_475' title='bbox 2269 2856 2372 2910; x_wconf 91' lang='lat' dir='ltr'><strong>hoc</strong></span> <span class='ocrx_word' id='word_1_476' title='bbox 2401 2870 2773 2929; x_wconf 78' lang='lat' dir='ltr'><strong>argumentum</strong></span> <span class='ocrx_word' id='word_1_477' title='bbox 2804 2877 3022 2931; x_wconf 79' lang='lat' dir='ltr'><strong>urgens,</strong></span> <span class='ocrx_word' id='word_1_478' title='bbox 3049 2866 3115 2917; x_wconf 86' lang='lat' dir='ltr'><strong>ad</strong></span> <span class='ocrx_word' id='word_1_479' title='bbox 3142 2878 3205 2917; x_wconf 86' lang='lat' dir='ltr'><strong>ea</strong></span> <span class='ocrx_word' id='word_1_480' title='bbox 3235 2879 3374 2933; x_wconf 77' lang='lat' dir='ltr'><strong>qnze,</strong></span> <span class='ocrx_word' id='word_1_481' title='bbox 3402 2876 3459 2917; x_wconf 91' lang='lat' dir='ltr'><strong>ut</strong></span> <span class='ocrx_word' id='word_1_482' title='bbox 3490 2864 3623 2918; x_wconf 82' lang='lat' dir='ltr'><strong>dixi-</strong></span> 
     </span>
    </p>
   </div>
   <div class='ocr_carea' id='block_1_60' title="bbox 2055 2945 3617 3023">
    <p class='ocr_par' dir='ltr' id='par_1_60' title="bbox 2055 2945 3617 3023">
     <span class='ocr_line' id='line_1_60' title="bbox 2055 2945 3617 3023; baseline 0.006 -26"><span class='ocrx_word' id='word_1_483' title='bbox 2055 2958 2195 3010; x_wconf 88' lang='lat' dir='ltr'><strong>mus,</strong></span> <span class='ocrx_word' id='word_1_484' title='bbox 2224 2945 2276 2999; x_wconf 89' lang='lat' dir='ltr'><strong>in</strong></span> <span class='ocrx_word' id='word_1_485' title='bbox 2330 2956 2613 3017; x_wconf 86' lang='lat' dir='ltr'><strong>utramque</strong></span> <span class='ocrx_word' id='word_1_486' title='bbox 2659 2959 2865 3017; x_wconf 87' lang='lat' dir='ltr'><strong>partem</strong></span> <span class='ocrx_word' id='word_1_487' title='bbox 2906 2951 3009 3007; x_wconf 90' lang='lat' dir='ltr'><strong>dici</strong></span> <span class='ocrx_word' id='word_1_488' title='bbox 3052 2963 3296 3022; x_wconf 85' lang='lat' dir='ltr'><strong>possunt,</strong></span> <span class='ocrx_word' id='word_1_489' title='bbox 3349 2955 3537 3023; x_wconf 85' lang='lat' dir='ltr'><strong>adjicit.</strong></span> <span class='ocrx_word' id='word_1_490' title='bbox 3563 2963 3617 3007; x_wconf 86' lang='lat' dir='ltr'><strong>et</strong></span> 
     </span>
    </p>
   </div>
   <div class='ocr_carea' id='block_1_61' title="bbox 2055 3033 3612 3109">
    <p class='ocr_par' dir='ltr' id='par_1_61' title="bbox 2055 3033 3612 3109">
     <span class='ocr_line' id='line_1_61' title="bbox 2055 3033 3612 3109; baseline 0.008 -23"><span class='ocrx_word' id='word_1_491' title='bbox 2055 3033 2190 3087; x_wconf 80' lang='lat' dir='ltr'><strong>ista:</strong></span> <span class='ocrx_word' id='word_1_492' title='bbox 2221 3054 2240 3087; x_wconf 76' lang='grc' dir='ltr'><strong>ι</strong></span> <span class='ocrx_word' id='word_1_493' title='bbox 2267 3038 2377 3090; x_wconf 88' lang='lat' dir='ltr'><strong>Cur</strong></span> <span class='ocrx_word' id='word_1_494' title='bbox 2398 3037 2516 3091; x_wconf 90' lang='lat' dir='ltr'><strong>illos</strong></span> <span class='ocrx_word' id='word_1_495' title='bbox 2542 3040 2737 3107; x_wconf 87' lang='lat' dir='ltr'><strong>potius,</strong></span> <span class='ocrx_word' id='word_1_496' title='bbox 2767 3056 2928 3109; x_wconf 88' lang='lat' dir='ltr'><strong>quam</strong></span> <span class='ocrx_word' id='word_1_497' title='bbox 2952 3044 3112 3108; x_wconf 89' lang='lat' dir='ltr'><strong>hunc,</strong></span> <span class='ocrx_word' id='word_1_498' title='bbox 3138 3060 3206 3097; x_wconf 79' lang='lat' dir='ltr'><strong>ex</strong></span> <span class='ocrx_word' id='word_1_499' title='bbox 3229 3044 3416 3098; x_wconf 90' lang='lat' dir='ltr'><strong>iisdem</strong></span> <span class='ocrx_word' id='word_1_500' title='bbox 3450 3045 3612 3098; x_wconf 75' lang='lat' dir='ltr'><strong>rebus</strong></span> 
     </span>
    </p>
   </div>
   <div class='ocr_carea' id='block_1_62' title="bbox 380 3113 1953 3221">
    <p class='ocr_par' dir='ltr' id='par_1_62' title="bbox 380 3113 1944 3221">
     <span class='ocr_line' id='line_1_62' title="bbox 380 3113 1944 3221; baseline 0.019 -57"><span class='ocrx_word' id='word_1_501' title='bbox 380 3113 473 3221; x_wconf 55' lang='grc' dir='ltr'>καὶ</span> <span class='ocrx_word' id='word_1_502' title='bbox 510 3114 812 3221; x_wconf 71' lang='grc' dir='ltr'>θεράποντα</span> <span class='ocrx_word' id='word_1_503' title='bbox 854 3125 1050 3189; x_wconf 82' lang='grc' dir='ltr'>αὐτοῦ,</span> <span class='ocrx_word' id='word_1_504' title='bbox 1079 3130 1204 3192; x_wconf 82' lang='grc' dir='ltr'>τοὺς</span> <span class='ocrx_word' id='word_1_505' title='bbox 1239 3130 1295 3182; x_wconf 87' lang='grc' dir='ltr'><strong>δὲ</strong></span> <span class='ocrx_word' id='word_1_506' title='bbox 1337 3132 1540 3201; x_wconf 85' lang='grc' dir='ltr'>γόητας</span> <span class='ocrx_word' id='word_1_507' title='bbox 1579 3113 1828 3206; x_wconf 77' lang='grc' dir='ltr'>ἡγεῖσθαι</span> <span class='ocrx_word' id='word_1_508' title='bbox 1865 3158 1880 3206; x_wconf 89' lang='grc'><strong>;</strong></span> <span class='ocrx_word' id='word_1_509' title='bbox 1925 3160 1944 3193; x_wconf 75' lang='grc' dir='ltr'><strong>ι</strong></span> 
     </span>
    </p>
   </div>
   <div class='ocr_carea' id='block_1_63' title="bbox 2055 3113 3613 3221">
    <p class='ocr_par' dir='ltr' id='par_1_63' title="bbox 2055 3124 3613 3203">
     <span class='ocr_line' id='line_1_63' title="bbox 2055 3124 3613 3203; baseline 0.005 -26"><span class='ocrx_word' id='word_1_510' title='bbox 2055 3124 2345 3180; x_wconf 84' lang='lat' dir='ltr'><strong>sceleratos</strong></span> <span class='ocrx_word' id='word_1_511' title='bbox 2374 3128 2705 3194; x_wconf 81' lang='lat' dir='ltr'><strong>existimem,</strong></span> <span class='ocrx_word' id='word_1_512' title='bbox 2748 3133 3048 3195; x_wconf 68' lang='lat' dir='ltr'><strong>praesertim</strong></span> <span class='ocrx_word' id='word_1_513' title='bbox 3098 3150 3221 3187; x_wconf 91' lang='lat' dir='ltr'><strong>cum</strong></span> <span class='ocrx_word' id='word_1_514' title='bbox 3268 3136 3380 3203; x_wconf 89' lang='lat' dir='ltr'><strong>ipse</strong></span> <span class='ocrx_word' id='word_1_515' title='bbox 3426 3144 3613 3188; x_wconf 81' lang='lat' dir='ltr'><strong>contra</strong></span> 
     </span>
    </p>
   </div>
   <div class='ocr_carea' id='block_1_64' title="bbox 395 3203 1949 3304">
    <p class='ocr_par' dir='ltr' id='par_1_64' title="bbox 395 3203 1949 3304">
     <span class='ocr_line' id='line_1_64' title="bbox 395 3203 1949 3304; baseline 0.021 -52"><span class='ocrx_word' id='word_1_516' title='bbox 395 3203 630 3304; x_wconf 52' lang='lat' dir='ltr'><strong>’Errelfé</strong></span> <span class='ocrx_word' id='word_1_517' title='bbox 659 3212 1081 3285; x_wconf 80' lang='grc' dir='ltr'>προσδιατρίϐων</span> <span class='ocrx_word' id='word_1_518' title='bbox 1114 3218 1190 3288; x_wconf 82' lang='grc' dir='ltr'>τῷ</span> <span class='ocrx_word' id='word_1_519' title='bbox 1218 3222 1365 3291; x_wconf 85' lang='grc' dir='ltr'><strong>τόπῳ</strong></span> <span class='ocrx_word' id='word_1_520' title='bbox 1392 3224 1420 3274; x_wconf 90' lang='lat'><strong>6</strong></span> <span class='ocrx_word' id='word_1_521' title='bbox 1445 3203 1650 3290; x_wconf 78' lang='grc' dir='ltr'>Κέλσος</span> <span class='ocrx_word' id='word_1_522' title='bbox 1680 3203 1949 3304; x_wconf 85' lang='grc' dir='ltr'>προσέθη-</span> 
     </span>
    </p>
   </div>
   <div class='ocr_carea' id='block_1_65' title="bbox 379 3288 1947 3392">
    <p class='ocr_par' dir='ltr' id='par_1_65' title="bbox 379 3288 1947 3392">
     <span class='ocr_line' id='line_1_65' title="bbox 379 3288 1947 3392; baseline 0.022 -52"><span class='ocrx_word' id='word_1_523' title='bbox 379 3288 595 3392; x_wconf 36' lang='lat' dir='ltr'><strong>ace-1‘07;</strong></span> <span class='ocrx_word' id='word_1_524' title='bbox 640 3298 899 3370; x_wconf 80' lang='grc' dir='ltr'>ἐξεθέμην</span> <span class='ocrx_word' id='word_1_525' title='bbox 938 3288 1347 3378; x_wconf 82' lang='grc' dir='ltr'>κοινοποιηθεῖσι</span> <span class='ocrx_word' id='word_1_526' title='bbox 1381 3315 1482 3373; x_wconf 48' lang='grc' dir='ltr'>,καὶ</span> <span class='ocrx_word' id='word_1_527' title='bbox 1519 3316 1579 3367; x_wconf 87' lang='grc' dir='ltr'><strong>τό</strong></span> <span class='ocrx_word' id='word_1_528' title='bbox 1604 3288 1640 3345; x_wconf 20' lang='grc' dir='ltr'><strong>’ν</strong></span> <span class='ocrx_word' id='word_1_529' title='bbox 1668 3338 1685 3369; x_wconf 77' lang='lat' dir='ltr'><strong>t</strong></span> <span class='ocrx_word' id='word_1_530' title='bbox 1725 3288 1789 3372; x_wconf 59' lang='lat' dir='ltr'><strong>:I‘i</strong></span> <span class='ocrx_word' id='word_1_531' title='bbox 1838 3288 1947 3392; x_wconf 69' lang='grc' dir='ltr'>γδιρ</span> 
     </span>
    </p>
   </div>
   <div class='ocr_carea' id='block_1_66' title="bbox 383 3379 1950 3480">
    <p class='ocr_par' dir='ltr' id='par_1_66' title="bbox 383 3379 1950 3480">
     <span class='ocr_line' id='line_1_66' title="bbox 383 3379 1950 3480; baseline 0.014 -48"><span class='ocrx_word' id='word_1_532' title='bbox 383 3379 581 3446; x_wconf 78' lang='grc' dir='ltr'>μᾶλλον</span> <span class='ocrx_word' id='word_1_533' title='bbox 611 3386 716 3439; x_wconf 80' lang='grc' dir='ltr'>ἀπό</span> <span class='ocrx_word' id='word_1_534' title='bbox 741 3405 803 3455; x_wconf 90' lang='grc' dir='ltr'><strong>γε</strong></span> <span class='ocrx_word' id='word_1_535' title='bbox 832 3391 1034 3446; x_wconf 90' lang='grc' dir='ltr'>τούτων</span> <span class='ocrx_word' id='word_1_536' title='bbox 1064 3398 1189 3459; x_wconf 86' lang='grc' dir='ltr'>τοὺς</span> <span class='ocrx_word' id='word_1_537' title='bbox 1217 3400 1407 3465; x_wconf 81' lang='grc' dir='ltr'>ἄλλους</span> <span class='ocrx_word' id='word_1_538' title='bbox 1442 3408 1726 3476; x_wconf 80' lang='grc' dir='ltr'>πονηροὺς,</span> <span class='ocrx_word' id='word_1_539' title='bbox 1765 3410 1796 3480; x_wconf 84' lang='grc' dir='ltr'>ἢ</span> <span class='ocrx_word' id='word_1_540' title='bbox 1829 3379 1950 3463; x_wconf 58' lang='grc' dir='ltr'><strong>έοέ.</strong></span> 
     </span>
    </p>
   </div>
   <div class='ocr_carea' id='block_1_67' title="bbox 377 3479 1951 3570">
    <p class='ocr_par' dir='ltr' id='par_1_67' title="bbox 377 3479 1951 3570">
     <span class='ocr_line' id='line_1_67' title="bbox 377 3479 1951 3570; baseline 0.019 -47"><span class='ocrx_word' id='word_1_541' title='bbox 377 3484 470 3570; x_wconf 57' lang='grc' dir='ltr'>*ξον</span> <span class='ocrx_word' id='word_1_542' title='bbox 493 3479 772 3544; x_wconf 82' lang='grc' dir='ltr'>νομιστέον</span> <span class='ocrx_word' id='word_1_543' title='bbox 799 3482 946 3553; x_wconf 74' lang='grc' dir='ltr'>αὐτῷ</span> <span class='ocrx_word' id='word_1_544' title='bbox 968 3488 1277 3556; x_wconf 82' lang='grc' dir='ltr'>χρωμένους</span> <span class='ocrx_word' id='word_1_545' title='bbox 1298 3492 1535 3563; x_wconf 80' lang='grc' dir='ltr'>μάρτυρι</span> <span class='ocrx_word' id='word_1_546' title='bbox 1567 3496 1672 3564; x_wconf 78' lang='grc'><strong>(47)</strong></span> <span class='ocrx_word' id='word_1_547' title='bbox 1694 3514 1708 3561; x_wconf 90' lang='lat'><strong>;</strong></span> <span class='ocrx_word' id='word_1_548' title='bbox 1734 3517 1751 3548; x_wconf 76' lang='grc' dir='ltr'><strong>ι</strong></span> <span class='ocrx_word' id='word_1_549' title='bbox 1784 3479 1951 3570; x_wconf 84' lang='grc' dir='ltr'>προσ-</span> 
     </span>
    </p>
   </div>
   <div class='ocr_carea' id='block_1_68' title="bbox 375 3561 1944 3661">
    <p class='ocr_par' dir='ltr' id='par_1_68' title="bbox 375 3561 1944 3661">
     <span class='ocr_line' id='line_1_68' title="bbox 375 3561 1944 3661; baseline 0.02 -49"><span class='ocrx_word' id='word_1_550' title='bbox 375 3561 609 3661; x_wconf 35' lang='grc' dir='ltr'>θήῌσομεν</span> <span class='ocrx_word' id='word_1_551' title='bbox 644 3572 756 3631; x_wconf 86' lang='grc' dir='ltr'>τοῖς</span> <span class='ocrx_word' id='word_1_552' title='bbox 799 3570 1105 3643; x_wconf 81' lang='grc' dir='ltr'>λεγομένοις</span> <span class='ocrx_word' id='word_1_553' title='bbox 1161 3580 1252 3632; x_wconf 76' lang='grc' dir='ltr'><strong>καὶ</strong></span> <span class='ocrx_word' id='word_1_554' title='bbox 1284 3583 1441 3651; x_wconf 80' lang='grc' dir='ltr'>ἡμεῖς</span> <span class='ocrx_word' id='word_1_555' title='bbox 1470 3561 1708 3652; x_wconf 79' lang='grc' dir='ltr'>τοιαῦτα,</span> <span class='ocrx_word' id='word_1_556' title='bbox 1756 3589 1807 3639; x_wconf 91' lang='grc' dir='ltr'><strong>τί</strong></span> <span class='ocrx_word' id='word_1_557' title='bbox 1829 3561 1944 3661; x_wconf 47' lang='grc' dir='ltr'>’γὰρ</span> 
     </span>
    </p>
   </div>
   <div class='ocr_carea' id='block_1_69' title="bbox 378 3652 1941 3745">
    <p class='ocr_par' dir='ltr' id='par_1_69' title="bbox 378 3652 1941 3745">
     <span class='ocr_line' id='line_1_69' title="bbox 378 3652 1941 3745; baseline 0.02 -42"><span class='ocrx_word' id='word_1_558' title='bbox 378 3652 575 3745; x_wconf 52' lang='grc' dir='ltr'>μάλλον</span> <span class='ocrx_word' id='word_1_559' title='bbox 616 3658 722 3711; x_wconf 84' lang='grc' dir='ltr'><strong>ἀπό</strong></span> <span class='ocrx_word' id='word_1_560' title='bbox 766 3677 828 3728; x_wconf 90' lang='grc' dir='ltr'><strong>γε</strong></span> <span class='ocrx_word' id='word_1_561' title='bbox 869 3662 1104 3732; x_wconf 86' lang='grc' dir='ltr'>τούτων,</span> <span class='ocrx_word' id='word_1_562' title='bbox 1153 3665 1233 3733; x_wconf 75' lang='grc' dir='ltr'>οἷς</span> <span class='ocrx_word' id='word_1_563' title='bbox 1291 3672 1621 3745; x_wconf 83' lang='grc' dir='ltr'>ἀπαγορεύει</span> <span class='ocrx_word' id='word_1_564' title='bbox 1666 3652 1941 3733; x_wconf 71' lang='grc' dir='ltr'>πείθεσθαι</span> 
     </span>
    </p>
   </div>
   <div class='ocr_carea' id='block_1_70' title="bbox 376 3742 1941 3834">
    <p class='ocr_par' dir='ltr' id='par_1_70' title="bbox 376 3742 1941 3834">
     <span class='ocr_line' id='line_1_70' title="bbox 376 3742 1941 3834; baseline 0.019 -42"><span class='ocrx_word' id='word_1_565' title='bbox 376 3742 610 3813; x_wconf 81' lang='grc' dir='ltr'>Μωῦσῆς</span> <span class='ocrx_word' id='word_1_566' title='bbox 644 3749 1102 3823; x_wconf 80' lang='grc' dir='ltr'>ἐπιδεικνυμένοις</span> <span class='ocrx_word' id='word_1_567' title='bbox 1135 3763 1334 3829; x_wconf 88' lang='grc' dir='ltr'>σημεῖα</span> <span class='ocrx_word' id='word_1_568' title='bbox 1379 3742 1489 3815; x_wconf 34' lang='grc' dir='ltr'>καὶ-</span> <span class='ocrx_word' id='word_1_569' title='bbox 1512 3764 1712 3834; x_wconf 88' lang='grc' dir='ltr'>τέρατα</span> <span class='ocrx_word' id='word_1_570' title='bbox 1737 3806 1750 3829; x_wconf 89' lang='grc'><strong>,</strong></span> <span class='ocrx_word' id='word_1_571' title='bbox 1797 3769 1941 3820; x_wconf 81' lang='grc' dir='ltr'>ὲκεί-</span> 
     </span>
    </p>
   </div>
   <div class='ocr_carea' id='block_1_71' title="bbox 372 3840 1940 3927">
    <p class='ocr_par' dir='ltr' id='par_1_71' title="bbox 372 3840 1940 3927">
     <span class='ocr_line' id='line_1_71' title="bbox 372 3840 1940 3927; baseline 0.018 -46"><span class='ocrx_word' id='word_1_572' title='bbox 372 3847 495 3927; x_wconf 77' lang='grc' dir='ltr'>νους</span> <span class='ocrx_word' id='word_1_573' title='bbox 522 3840 785 3907; x_wconf 76' lang='grc' dir='ltr'>πονηροὺς</span> <span class='ocrx_word' id='word_1_574' title='bbox 811 3845 1108 3912; x_wconf 84' lang='grc' dir='ltr'>νομιστέον,</span> <span class='ocrx_word' id='word_1_575' title='bbox 1146 3847 1177 3916; x_wconf 82' lang='grc' dir='ltr'>ἦ</span> <span class='ocrx_word' id='word_1_576' title='bbox 1214 3851 1471 3917; x_wconf 81' lang='grc' dir='ltr'>Μωῦσέα,</span> <span class='ocrx_word' id='word_1_577' title='bbox 1516 3851 1575 3916; x_wconf 79' lang='grc' dir='ltr'>ἐξ</span> <span class='ocrx_word' id='word_1_578' title='bbox 1614 3849 1687 3907; x_wconf 83' lang='grc' dir='ltr'>ὧν</span> <span class='ocrx_word' id='word_1_579' title='bbox 1723 3857 1940 3927; x_wconf 79' lang='grc' dir='ltr'>ἐτέρους</span> 
     </span>
    </p>
   </div>
   <div class='ocr_carea' id='block_1_72' title="bbox 375 3922 1939 4009">
    <p class='ocr_par' dir='ltr' id='par_1_72' title="bbox 375 3922 1939 4009">
     <span class='ocr_line' id='line_1_72' title="bbox 375 3922 1939 4009; baseline 0.019 -38"><span class='ocrx_word' id='word_1_580' title='bbox 375 3922 503 3991; x_wconf 75' lang='grc' dir='ltr'>περὶ</span> <span class='ocrx_word' id='word_1_581' title='bbox 530 3928 765 3995; x_wconf 79' lang='grc' dir='ltr'>σημείων</span> <span class='ocrx_word' id='word_1_582' title='bbox 795 3933 887 3984; x_wconf 76' lang='grc' dir='ltr'><strong>καὶ</strong></span> <span class='ocrx_word' id='word_1_583' title='bbox 925 3937 1163 4003; x_wconf 82' lang='grc' dir='ltr'>τεράτων</span> <span class='ocrx_word' id='word_1_584' title='bbox 1210 3940 1420 3994; x_wconf 80' lang='grc' dir='ltr'>διέϐαλε</span> <span class='ocrx_word' id='word_1_585' title='bbox 1452 3959 1465 4007; x_wconf 93' lang='grc'>;</span> <span class='ocrx_word' id='word_1_586' title='bbox 1517 3944 1732 3997; x_wconf 83' lang='grc' dir='ltr'>πλείονα</span> <span class='ocrx_word' id='word_1_587' title='bbox 1773 3922 1826 3998; x_wconf 36' lang='grc' dir='ltr'><strong>δ’.</strong></span> <span class='ocrx_word' id='word_1_588' title='bbox 1861 3949 1939 4009; x_wconf 86' lang='grc' dir='ltr'><strong>είς</strong></span> 
     </span>
    </p>
   </div>
   <div class='ocr_carea' id='block_1_73' title="bbox 369 4014 1935 4107">
    <p class='ocr_par' dir='ltr' id='par_1_73' title="bbox 369 4014 1935 4107">
     <span class='ocr_line' id='line_1_73' title="bbox 369 4014 1935 4107; baseline 0.02 -44"><span class='ocrx_word' id='word_1_589' title='bbox 369 4014 535 4067; x_wconf 85' lang='grc' dir='ltr'><strong>ταύτὸ</strong></span> <span class='ocrx_word' id='word_1_590' title='bbox 569 4016 760 4084; x_wconf 87' lang='grc' dir='ltr'>λέγων,</span> <span class='ocrx_word' id='word_1_591' title='bbox 796 4022 878 4074; x_wconf 83' lang='grc' dir='ltr'><strong>ἵνα</strong></span> <span class='ocrx_word' id='word_1_592' title='bbox 920 4024 1042 4095; x_wconf 75' lang='grc' dir='ltr'>δόξῃ</span> <span class='ocrx_word' id='word_1_593' title='bbox 1090 4026 1268 4092; x_wconf 77' lang='grc' dir='ltr'>αὕξειν</span> <span class='ocrx_word' id='word_1_594' title='bbox 1300 4032 1361 4083; x_wconf 85' lang='grc' dir='ltr'><strong>τὸ</strong></span> <span class='ocrx_word' id='word_1_595' title='bbox 1386 4033 1735 4105; x_wconf 75' lang='grc' dir='ltr'>ἐπιχείρημα,</span> <span class='ocrx_word' id='word_1_596' title='bbox 1770 4037 1935 4107; x_wconf 80' lang='grc' dir='ltr'>φησί’</span> 
     </span>
    </p>
   </div>
   <div class='ocr_carea' id='block_1_74' title="bbox 375 4105 1937 4193">
    <p class='ocr_par' dir='ltr' id='par_1_74' title="bbox 375 4105 1937 4193">
     <span class='ocr_line' id='line_1_74' title="bbox 375 4105 1937 4193; baseline 0.017 -39"><span class='ocrx_word' id='word_1_597' title='bbox 375 4121 395 4152; x_wconf 71' lang='grc' dir='ltr'><strong>ι</strong></span> <span class='ocrx_word' id='word_1_598' title='bbox 425 4105 605 4158; x_wconf 76' lang='grc' dir='ltr'>Ταῦτα</span> <span class='ocrx_word' id='word_1_599' title='bbox 635 4109 731 4178; x_wconf 88' lang='grc' dir='ltr'><strong>μέν</strong></span> <span class='ocrx_word' id='word_1_600' title='bbox 757 4128 818 4178; x_wconf 91' lang='grc' dir='ltr'><strong>γε</strong></span> <span class='ocrx_word' id='word_1_601' title='bbox 840 4114 930 4165; x_wconf 80' lang='grc' dir='ltr'><strong>καὶ</strong></span> <span class='ocrx_word' id='word_1_602' title='bbox 953 4116 1113 4179; x_wconf 80' lang='grc' dir='ltr'>αὐτὸς</span> <span class='ocrx_word' id='word_1_603' title='bbox 1140 4118 1485 4191; x_wconf 86' lang='grc' dir='ltr'>ὡμολόγησεν</span> <span class='ocrx_word' id='word_1_604' title='bbox 1514 4125 1633 4193; x_wconf 66' lang='grc' dir='ltr'>οὐχ).</span> <span class='ocrx_word' id='word_1_605' title='bbox 1664 4124 1810 4188; x_wconf 86' lang='grc' dir='ltr'>θείας</span> <span class='ocrx_word' id='word_1_606' title='bbox 1833 4105 1937 4193; x_wconf 16' lang='lat' dir='ltr'><strong>chu-</strong></span> 
     </span>
    </p>
   </div>
   <div class='ocr_carea' id='block_1_75' title="bbox 2050 3216 3612 3293">
    <p class='ocr_par' dir='ltr' id='par_1_75' title="bbox 2050 3216 3612 3293">
     <span class='ocr_line' id='line_1_75' title="bbox 2050 3216 3612 3293; baseline 0.006 -25"><span class='ocrx_word' id='word_1_607' title='bbox 2050 3229 2108 3269; x_wconf 90' lang='lat' dir='ltr'><strong>se</strong></span> <span class='ocrx_word' id='word_1_608' title='bbox 2132 3216 2491 3272; x_wconf 90' lang='lat' dir='ltr'><strong>testimonium</strong></span> <span class='ocrx_word' id='word_1_609' title='bbox 2511 3217 2648 3273; x_wconf 87' lang='lat' dir='ltr'><strong>ferat</strong></span> <span class='ocrx_word' id='word_1_610' title='bbox 2670 3222 2692 3273; x_wconf 89' lang='lat'>?</span> <span class='ocrx_word' id='word_1_611' title='bbox 2716 3241 2736 3272; x_wconf 72' lang='grc' dir='ltr'><strong>ι</strong></span> <span class='ocrx_word' id='word_1_612' title='bbox 2765 3223 2958 3276; x_wconf 85' lang='lat' dir='ltr'><strong>addam</strong></span> <span class='ocrx_word' id='word_1_613' title='bbox 2988 3234 3041 3278; x_wconf 85' lang='lat' dir='ltr'><strong>et</strong></span> <span class='ocrx_word' id='word_1_614' title='bbox 3061 3239 3158 3293; x_wconf 75' lang='lat' dir='ltr'><strong>ego</strong></span> <span class='ocrx_word' id='word_1_615' title='bbox 3176 3246 3186 3279; x_wconf 88' lang='lat'><strong>:</strong></span> <span class='ocrx_word' id='word_1_616' title='bbox 3207 3223 3313 3279; x_wconf 88' lang='lat' dir='ltr'><strong>Cur</strong></span> <span class='ocrx_word' id='word_1_617' title='bbox 3332 3240 3396 3279; x_wconf 86' lang='lat' dir='ltr'><strong>ex</strong></span> <span class='ocrx_word' id='word_1_618' title='bbox 3424 3225 3612 3280; x_wconf 90' lang='lat' dir='ltr'><strong>iisdem</strong></span> 
     </span>
    </p>
   </div>
   <div class='ocr_carea' id='block_1_76' title="bbox 2048 3306 3610 3386">
    <p class='ocr_par' dir='ltr' id='par_1_76' title="bbox 2048 3306 3610 3386">
     <span class='ocr_line' id='line_1_76' title="bbox 2048 3306 3610 3386; baseline 0.005 -27"><span class='ocrx_word' id='word_1_619' title='bbox 2048 3306 2298 3375; x_wconf 84' lang='lat' dir='ltr'><strong>cperibus</strong></span> <span class='ocrx_word' id='word_1_620' title='bbox 2329 3310 2621 3366; x_wconf 86' lang='lat' dir='ltr'><strong>sceleratos</strong></span> <span class='ocrx_word' id='word_1_621' title='bbox 2672 3314 2850 3381; x_wconf 89' lang='lat' dir='ltr'><strong>potius</strong></span> <span class='ocrx_word' id='word_1_622' title='bbox 2896 3315 3200 3369; x_wconf 83' lang='lat' dir='ltr'><strong>existimem</strong></span> <span class='ocrx_word' id='word_1_623' title='bbox 3230 3330 3345 3379; x_wconf 84' lang='lat' dir='ltr'><strong>eos,</strong></span> <span class='ocrx_word' id='word_1_624' title='bbox 3383 3331 3610 3386; x_wconf 86' lang='lat' dir='ltr'><strong>quorum</strong></span> 
     </span>
    </p>
   </div>
   <div class='ocr_carea' id='block_1_77' title="bbox 2048 3397 3614 3479">
    <p class='ocr_par' dir='ltr' id='par_1_77' title="bbox 2048 3397 3614 3479">
     <span class='ocr_line' id='line_1_77' title="bbox 2048 3397 3614 3479; baseline 0.008 -28"><span class='ocrx_word' id='word_1_625' title='bbox 2048 3397 2217 3465; x_wconf 80' lang='lat' dir='ltr'><strong>signis</strong></span> <span class='ocrx_word' id='word_1_626' title='bbox 2240 3410 2295 3455; x_wconf 90' lang='lat' dir='ltr'><strong>et</strong></span> <span class='ocrx_word' id='word_1_627' title='bbox 2325 3404 2578 3472; x_wconf 77' lang='lat' dir='ltr'><strong>prodigiis</strong></span> <span class='ocrx_word' id='word_1_628' title='bbox 2609 3404 2817 3474; x_wconf 85' lang='lat' dir='ltr'><strong>Moyses</strong></span> <span class='ocrx_word' id='word_1_629' title='bbox 2845 3416 2988 3462; x_wconf 88' lang='lat' dir='ltr'><strong>vetat</strong></span> <span class='ocrx_word' id='word_1_630' title='bbox 3022 3409 3207 3463; x_wconf 87' lang='lat' dir='ltr'><strong>haberi</strong></span> <span class='ocrx_word' id='word_1_631' title='bbox 3238 3409 3423 3475; x_wconf 86' lang='lat' dir='ltr'><strong>ﬁdem,</strong></span> <span class='ocrx_word' id='word_1_632' title='bbox 3449 3426 3614 3479; x_wconf 80' lang='lat' dir='ltr'><strong>quam</strong></span> 
     </span>
    </p>
   </div>
   <div class='ocr_carea' id='block_1_78' title="bbox 2049 3490 3609 3571">
    <p class='ocr_par' dir='ltr' id='par_1_78' title="bbox 2049 3490 3609 3571">
     <span class='ocr_line' id='line_1_78' title="bbox 2049 3490 3609 3571; baseline 0.009 -28"><span class='ocrx_word' id='word_1_633' title='bbox 2049 3490 2285 3561; x_wconf 84' lang='lat' dir='ltr'><strong>Moysem</strong></span> <span class='ocrx_word' id='word_1_634' title='bbox 2323 3495 2517 3562; x_wconf 89' lang='lat' dir='ltr'><strong>ipsum,</strong></span> <span class='ocrx_word' id='word_1_635' title='bbox 2553 3499 2643 3565; x_wconf 88' lang='lat' dir='ltr'><strong>qui</strong></span> <span class='ocrx_word' id='word_1_636' title='bbox 2678 3514 2862 3553; x_wconf 89' lang='lat' dir='ltr'><strong>eorum</strong></span> <span class='ocrx_word' id='word_1_637' title='bbox 2892 3502 3045 3569; x_wconf 82' lang='lat' dir='ltr'><strong>signa</strong></span> <span class='ocrx_word' id='word_1_638' title='bbox 3079 3512 3134 3555; x_wconf 91' lang='lat' dir='ltr'><strong>et</strong></span> <span class='ocrx_word' id='word_1_639' title='bbox 3161 3503 3405 3571; x_wconf 84' lang='lat' dir='ltr'><strong>prodigia</strong></span> <span class='ocrx_word' id='word_1_640' title='bbox 3435 3504 3489 3557; x_wconf 89' lang='lat' dir='ltr'><strong>in</strong></span> <span class='ocrx_word' id='word_1_641' title='bbox 3528 3507 3609 3556; x_wconf 54' lang='lat' dir='ltr'><strong>in.</strong></span> 
     </span>
    </p>
   </div>
   <div class='ocr_carea' id='block_1_79' title="bbox 2052 3587 3614 3661">
    <p class='ocr_par' dir='ltr' id='par_1_79' title="bbox 2052 3587 3614 3661">
     <span class='ocr_line' id='line_1_79' title="bbox 2052 3587 3614 3661; baseline 0.006 -24"><span class='ocrx_word' id='word_1_642' title='bbox 2052 3587 2253 3640; x_wconf 87' lang='lat' dir='ltr'><strong>vidiam</strong></span> <span class='ocrx_word' id='word_1_643' title='bbox 2286 3592 2484 3644; x_wconf 80' lang='lat' dir='ltr'><strong>vocat?</strong></span> <span class='ocrx_word' id='word_1_644' title='bbox 2525 3592 2765 3660; x_wconf 90' lang='lat' dir='ltr'><strong>Denique</strong></span> <span class='ocrx_word' id='word_1_645' title='bbox 2807 3596 2919 3649; x_wconf 74' lang='lat' dir='ltr'><strong>haec</strong></span> <span class='ocrx_word' id='word_1_646' title='bbox 2950 3593 3249 3661; x_wconf 81' lang='lat' dir='ltr'><strong>subjungit,</strong></span> <span class='ocrx_word' id='word_1_647' title='bbox 3287 3603 3345 3647; x_wconf 92' lang='lat' dir='ltr'><strong>ut</strong></span> <span class='ocrx_word' id='word_1_648' title='bbox 3378 3608 3490 3647; x_wconf 81' lang='lat' dir='ltr'><strong>suae</strong></span> <span class='ocrx_word' id='word_1_649' title='bbox 3523 3610 3614 3646; x_wconf 85' lang='lat' dir='ltr'><strong>ac-</strong></span> 
     </span>
    </p>
   </div>
   <div class='ocr_carea' id='block_1_80' title="bbox 2050 3678 3608 3738">
    <p class='ocr_par' dir='ltr' id='par_1_80' title="bbox 2050 3678 3608 3738">
     <span class='ocr_line' id='line_1_80' title="bbox 2050 3678 3608 3738; baseline 0.006 -10"><span class='ocrx_word' id='word_1_650' title='bbox 2050 3678 2312 3731; x_wconf 85' lang='lat' dir='ltr'><strong>cusationi</strong></span> <span class='ocrx_word' id='word_1_651' title='bbox 2342 3680 2500 3733; x_wconf 85' lang='lat' dir='ltr'><strong>veluti</strong></span> <span class='ocrx_word' id='word_1_652' title='bbox 2526 3685 2776 3737; x_wconf 87' lang='lat' dir='ltr'><strong>cumulus</strong></span> <span class='ocrx_word' id='word_1_653' title='bbox 2796 3685 3092 3738; x_wconf 86' lang='lat' dir='ltr'><strong>accessisse</strong></span> <span class='ocrx_word' id='word_1_654' title='bbox 3114 3681 3395 3737; x_wconf 88' lang='lat' dir='ltr'><strong>videatur:</strong></span> <span class='ocrx_word' id='word_1_655' title='bbox 3429 3701 3445 3734; x_wconf 82' lang='grc' dir='ltr'>ί</span> <span class='ocrx_word' id='word_1_656' title='bbox 3476 3683 3608 3737; x_wconf 86' lang='lat' dir='ltr'><strong>Nam</strong></span> 
     </span>
    </p>
   </div>
   <div class='ocr_carea' id='block_1_81' title="bbox 2046 3768 3608 3843">
    <p class='ocr_par' dir='ltr' id='par_1_81' title="bbox 2046 3768 3608 3843">
     <span class='ocr_line' id='line_1_81' title="bbox 2046 3768 3608 3843; baseline 0.006 -24"><span class='ocrx_word' id='word_1_657' title='bbox 2046 3775 2101 3819; x_wconf 88' lang='lat' dir='ltr'><strong>et</strong></span> <span class='ocrx_word' id='word_1_658' title='bbox 2129 3768 2241 3835; x_wconf 90' lang='lat' dir='ltr'><strong>ipse</strong></span> <span class='ocrx_word' id='word_1_659' title='bbox 2279 3769 2678 3843; x_wconf 69' lang='lat' dir='ltr'><strong>confessus«_est</strong></span> <span class='ocrx_word' id='word_1_660' title='bbox 2706 3774 2819 3828; x_wconf 83' lang='lat' dir='ltr'><strong>haec</strong></span> <span class='ocrx_word' id='word_1_661' title='bbox 2842 3790 2946 3829; x_wconf 90' lang='lat' dir='ltr'><strong>non</strong></span> <span class='ocrx_word' id='word_1_662' title='bbox 2992 3790 3111 3829; x_wconf 89' lang='lat' dir='ltr'><strong>esse</strong></span> <span class='ocrx_word' id='word_1_663' title='bbox 3144 3775 3338 3829; x_wconf 66' lang='lat' dir='ltr'><strong>divinae</strong></span> <span class='ocrx_word' id='word_1_664' title='bbox 3383 3785 3608 3838; x_wconf 68' lang='lat' dir='ltr'><strong>naturae,</strong></span> 
     </span>
    </p>
   </div>
   <div class='ocr_carea' id='block_1_82' title="bbox 2047 3856 3607 3931">
    <p class='ocr_par' dir='ltr' id='par_1_82' title="bbox 2047 3856 3607 3931">
     <span class='ocr_line' id='line_1_82' title="bbox 2047 3856 3607 3931; baseline 0.006 -22"><span class='ocrx_word' id='word_1_665' title='bbox 2047 3856 2139 3911; x_wconf 88' lang='lat' dir='ltr'><strong>sed</strong></span> <span class='ocrx_word' id='word_1_666' title='bbox 2182 3859 2533 3927; x_wconf 87' lang='lat' dir='ltr'><strong>impostorum</strong></span> <span class='ocrx_word' id='word_1_667' title='bbox 2582 3867 2938 3931; x_wconf 87' lang='lat' dir='ltr'><strong>quorumdam</strong></span> <span class='ocrx_word' id='word_1_668' title='bbox 2971 3876 3025 3919; x_wconf 91' lang='lat' dir='ltr'><strong>et</strong></span> <span class='ocrx_word' id='word_1_669' title='bbox 3069 3866 3607 3920; x_wconf 85' lang='lat' dir='ltr'><strong>sceleratissimorum</strong></span> 
     </span>
    </p>
   </div>
   <div class='ocr_carea' id='block_1_83' title="bbox 2046 3948 3605 4027">
    <p class='ocr_par' dir='ltr' id='par_1_83' title="bbox 2046 3948 3605 4027">
     <span class='ocr_line' id='line_1_83' title="bbox 2046 3948 3605 4027; baseline 0.004 -25"><span class='ocrx_word' id='word_1_670' title='bbox 2046 3948 2326 4004; x_wconf 88' lang='lat' dir='ltr'><strong>hominum</strong></span> <span class='ocrx_word' id='word_1_671' title='bbox 2358 3952 2607 4009; x_wconf 59' lang='lat' dir='ltr'><strong>indicia.»</strong></span> <span class='ocrx_word' id='word_1_672' title='bbox 2630 3955 2762 4021; x_wconf 83' lang='lat' dir='ltr'><strong>Quis</strong></span> <span class='ocrx_word' id='word_1_673' title='bbox 2790 3957 2878 4012; x_wconf 89' lang='lat' dir='ltr'><strong>ille</strong></span> <span class='ocrx_word' id='word_1_674' title='bbox 2914 3976 2931 4007; x_wconf 74' lang='grc' dir='ltr'>ί</span> <span class='ocrx_word' id='word_1_675' title='bbox 2951 3958 3063 4027; x_wconf 87' lang='lat' dir='ltr'><strong>ipse</strong></span> <span class='ocrx_word' id='word_1_676' title='bbox 3089 3978 3106 4009; x_wconf 73' lang='grc' dir='ltr'><strong>ι</strong></span> <span class='ocrx_word' id='word_1_677' title='bbox 3139 3958 3253 4012; x_wconf 89' lang='lat' dir='ltr'><strong>est?</strong></span> <span class='ocrx_word' id='word_1_678' title='bbox 3280 3956 3381 4021; x_wconf 90' lang='lat' dir='ltr'><strong>Tu,</strong></span> <span class='ocrx_word' id='word_1_679' title='bbox 3404 3957 3605 4018; x_wconf 69' lang='lat' dir='ltr'><strong>Judaee,</strong></span> 
     </span>
    </p>
   </div>
   <div class='ocr_carea' id='block_1_84' title="bbox 2042 4038 3607 4119">
    <p class='ocr_par' dir='ltr' id='par_1_84' title="bbox 2042 4038 3607 4119">
     <span class='ocr_line' id='line_1_84' title="bbox 2042 4038 3607 4119; baseline 0.005 -26"><span class='ocrx_word' id='word_1_680' title='bbox 2042 4038 2225 4094; x_wconf 84' lang='lat' dir='ltr'><strong>Jesum</strong></span> <span class='ocrx_word' id='word_1_681' title='bbox 2254 4056 2373 4097; x_wconf 89' lang='lat' dir='ltr'><strong>esse</strong></span> <span class='ocrx_word' id='word_1_682' title='bbox 2404 4044 2559 4112; x_wconf 88' lang='lat' dir='ltr'><strong>dicis,</strong></span> <span class='ocrx_word' id='word_1_683' title='bbox 2592 4049 2686 4119; x_wconf 83' lang='lat' dir='ltr'><strong>sed</strong></span> <span class='ocrx_word' id='word_1_684' title='bbox 2720 4048 2810 4117; x_wconf 88' lang='lat' dir='ltr'><strong>qui</strong></span> <span class='ocrx_word' id='word_1_685' title='bbox 2848 4049 2996 4102; x_wconf 92' lang='lat' dir='ltr'><strong>videt</strong></span> <span class='ocrx_word' id='word_1_686' title='bbox 3034 4059 3085 4103; x_wconf 92' lang='lat' dir='ltr'><strong>te</strong></span> <span class='ocrx_word' id='word_1_687' title='bbox 3109 4050 3312 4103; x_wconf 88' lang='lat' dir='ltr'><strong>eisdem</strong></span> <span class='ocrx_word' id='word_1_688' title='bbox 3345 4050 3607 4102; x_wconf 89' lang='lat' dir='ltr'><strong>crimina-</strong></span> 
     </span>
    </p>
   </div>
   <div class='ocr_carea' id='block_1_85' title="bbox 2043 4130 3500 4209">
    <p class='ocr_par' dir='ltr' id='par_1_85' title="bbox 2043 4130 3500 4209">
     <span class='ocr_line' id='line_1_85' title="bbox 2043 4130 3500 4209; baseline 0.008 -28"><span class='ocrx_word' id='word_1_689' title='bbox 2043 4130 2279 4185; x_wconf 84' lang='lat' dir='ltr'><strong>tionibus</strong></span> <span class='ocrx_word' id='word_1_690' title='bbox 2317 4134 2628 4199; x_wconf 70' lang='lat' dir='ltr'><strong>obnoxium,</strong></span> <span class='ocrx_word' id='word_1_691' title='bbox 2666 4138 2814 4190; x_wconf 89' lang='lat' dir='ltr'><strong>illum</strong></span> <span class='ocrx_word' id='word_1_692' title='bbox 2850 4149 3059 4191; x_wconf 88' lang='lat' dir='ltr'><strong>asseret</strong></span> <span class='ocrx_word' id='word_1_693' title='bbox 3089 4154 3209 4193; x_wconf 90' lang='lat' dir='ltr'><strong>esse</strong></span> <span class='ocrx_word' id='word_1_694' title='bbox 3240 4139 3500 4209; x_wconf 80' lang='lat' dir='ltr'><strong>Moysem.</strong></span> 
     </span>
    </p>
   </div>
   <div class='ocr_carea' id='block_1_86' title="bbox 372 4198 3606 4297">
    <p class='ocr_par' dir='ltr' id='par_1_86' title="bbox 372 4198 3606 4297">
     <span class='ocr_line' id='line_1_86' title="bbox 372 4198 3606 4297; baseline 0.011 -50"><span class='ocrx_word' id='word_1_695' title='bbox 372 4213 509 4260; x_wconf 87' lang='grc' dir='ltr'>σεως</span> <span class='ocrx_word' id='word_1_696' title='bbox 546 4198 659 4252; x_wconf 84' lang='grc' dir='ltr'>ἀλλ’</span> <span class='ocrx_word' id='word_1_697' title='bbox 693 4201 1019 4258; x_wconf 81' lang='grc' dir='ltr'>ἀπατεώνων</span> <span class='ocrx_word' id='word_1_698' title='bbox 1066 4208 1224 4260; x_wconf 92' lang='grc' dir='ltr'>τινῶν</span> <span class='ocrx_word' id='word_1_699' title='bbox 1270 4214 1361 4264; x_wconf 68' lang='grc' dir='ltr'><strong>καὶ</strong></span> <span class='ocrx_word' id='word_1_700' title='bbox 1400 4215 1775 4283; x_wconf 84' lang='grc' dir='ltr'>παμπονήρων</span> <span class='ocrx_word' id='word_1_701' title='bbox 1805 4212 1941 4269; x_wconf 75' lang='grc' dir='ltr'>εἶναι</span> <span class='ocrx_word' id='word_1_702' title='bbox 1973 4220 2345 4291; x_wconf 88' lang='grc' dir='ltr'>γνωρίσματα.</span> <span class='ocrx_word' id='word_1_703' title='bbox 2386 4243 2404 4273; x_wconf 71' lang='grc' dir='ltr'><strong>ι</strong></span> <span class='ocrx_word' id='word_1_704' title='bbox 2440 4226 2534 4288; x_wconf 89' lang='grc' dir='ltr'>Τίς</span> <span class='ocrx_word' id='word_1_705' title='bbox 2597 4223 2687 4279; x_wconf 82' lang='grc' dir='ltr'>οὖν</span> <span class='ocrx_word' id='word_1_706' title='bbox 2724 4245 2743 4276; x_wconf 72' lang='grc' dir='ltr'><strong>ι</strong></span> <span class='ocrx_word' id='word_1_707' title='bbox 2782 4227 2940 4289; x_wconf 83' lang='grc' dir='ltr'>αὐτός</span> <span class='ocrx_word' id='word_1_708' title='bbox 2976 4244 2989 4290; x_wconf 92' lang='grc'><strong>;</strong></span> <span class='ocrx_word' id='word_1_709' title='bbox 3034 4247 3050 4278; x_wconf 76' lang='grc' dir='ltr'><strong>ι</strong></span> <span class='ocrx_word' id='word_1_710' title='bbox 3088 4229 3159 4278; x_wconf 85' lang='grc' dir='ltr'><strong>Σὺ</strong></span> <span class='ocrx_word' id='word_1_711' title='bbox 3212 4198 3344 4297; x_wconf 44' lang='grc' dir='ltr'>μὲνί</span> <span class='ocrx_word' id='word_1_712' title='bbox 3378 4223 3423 4281; x_wconf 86' lang='grc' dir='ltr'>ὧ</span> <span class='ocrx_word' id='word_1_713' title='bbox 3475 4231 3606 4284; x_wconf 66' lang='grc' dir='ltr'>Ἴου-ι</span> 
     </span>
    </p>
   </div>
   <div class='ocr_carea' id='block_1_87' title="bbox 368 4288 3608 4387">
    <p class='ocr_par' dir='ltr' id='par_1_87' title="bbox 368 4288 3608 4387">
     <span class='ocr_line' id='line_1_87' title="bbox 368 4288 3608 4387; baseline 0.011 -47"><span class='ocrx_word' id='word_1_714' title='bbox 368 4288 515 4351; x_wconf 82' lang='grc' dir='ltr'>δαῖε,</span> <span class='ocrx_word' id='word_1_715' title='bbox 566 4290 670 4361; x_wconf 81' lang='grc' dir='ltr'><strong>φὴς</strong></span> <span class='ocrx_word' id='word_1_716' title='bbox 719 4294 799 4346; x_wconf 83' lang='grc' dir='ltr'>ὅτι</span> <span class='ocrx_word' id='word_1_717' title='bbox 839 4296 867 4346; x_wconf 92' lang='lat'><strong>6</strong></span> <span class='ocrx_word' id='word_1_718' title='bbox 909 4297 1144 4368; x_wconf 81' lang='grc' dir='ltr'>Ἰησοῦς·</span> <span class='ocrx_word' id='word_1_719' title='bbox 1191 4302 1218 4352; x_wconf 90' lang='lat'><strong>6</strong></span> <span class='ocrx_word' id='word_1_720' title='bbox 1240 4301 1296 4353; x_wconf 84' lang='grc' dir='ltr'>δὲ</span> <span class='ocrx_word' id='word_1_721' title='bbox 1336 4303 1580 4369; x_wconf 78' lang='grc' dir='ltr'>ἐγκαλῶν</span> <span class='ocrx_word' id='word_1_722' title='bbox 1612 4322 1693 4357; x_wconf 90' lang='grc' dir='ltr'><strong>σοι</strong></span> <span class='ocrx_word' id='word_1_723' title='bbox 1722 4306 1796 4369; x_wconf 81' lang='grc' dir='ltr'>ὡς</span> <span class='ocrx_word' id='word_1_724' title='bbox 1820 4309 1930 4370; x_wconf 85' lang='grc' dir='ltr'>τοῖς</span> <span class='ocrx_word' id='word_1_725' title='bbox 1961 4288 2142 4373; x_wconf 76' lang='grc' dir='ltr'>αὐτοῖς</span> <span class='ocrx_word' id='word_1_726' title='bbox 2170 4288 2509 4383; x_wconf 67' lang='grc' dir='ltr'>ἐγκλήμασιν</span> <span class='ocrx_word' id='word_1_727' title='bbox 2540 4288 2988 4387; x_wconf 81' lang='grc' dir='ltr'>ὑποκειμένῳ,</span> <span class='ocrx_word' id='word_1_728' title='bbox 3028 4335 3045 4367; x_wconf 85' lang='lat' dir='ltr'><strong>t</strong></span> <span class='ocrx_word' id='word_1_729' title='bbox 3072 4288 3230 4379; x_wconf 76' lang='grc' dir='ltr'>αὐτὸς</span> <span class='ocrx_word' id='word_1_730' title='bbox 3252 4335 3270 4368; x_wconf 71' lang='grc' dir='ltr'><strong>ι</strong></span> <span class='ocrx_word' id='word_1_731' title='bbox 3304 4288 3485 4383; x_wconf 66' lang='grc' dir='ltr'>ἀνάξει</span> <span class='ocrx_word' id='word_1_732' title='bbox 3512 4322 3608 4375; x_wconf 69' lang='grc' dir='ltr'><strong>ἐπὶ</strong></span> 
     </span>
    </p>
   </div>
   <div class='ocr_carea' id='block_1_88' title="bbox 367 4383 750 4438">
    <p class='ocr_par' dir='ltr' id='par_1_88' title="bbox 367 4383 750 4438">
     <span class='ocr_line' id='line_1_88' title="bbox 367 4383 750 4438; baseline 0.01 -4"><span class='ocrx_word' id='word_1_733' title='bbox 367 4383 458 4435; x_wconf 83' lang='grc' dir='ltr'>τὸν</span> <span class='ocrx_word' id='word_1_734' title='bbox 492 4385 624 4436; x_wconf 78' lang='grc' dir='ltr'>Μωῦ</span> <span class='ocrx_word' id='word_1_735' title='bbox 632 4385 750 4438; x_wconf 66' lang='grc' dir='ltr'>σέας</span> 
     </span>
    </p>
   </div>
   <div class='ocr_carea' id='block_1_89' title="bbox 437 4473 1953 4563">
    <p class='ocr_par' dir='ltr' id='par_1_89' title="bbox 437 4473 1936 4559">
     <span class='ocr_line' id='line_1_89' title="bbox 437 4473 1936 4559; baseline 0.011 -33"><span class='ocrx_word' id='word_1_736' title='bbox 437 4473 591 4526; x_wconf 84' lang='grc' dir='ltr'><strong>Μετὰ</strong></span> <span class='ocrx_word' id='word_1_737' title='bbox 621 4473 795 4528; x_wconf 76' lang='grc' dir='ltr'>ταῦτά</span> <span class='ocrx_word' id='word_1_738' title='bbox 821 4492 950 4546; x_wconf 76' lang='grc' dir='ltr'>φησι</span> <span class='ocrx_word' id='word_1_739' title='bbox 978 4479 1111 4549; x_wconf 82' lang='grc' dir='ltr'>πρὸς</span> <span class='ocrx_word' id='word_1_740' title='bbox 1141 4483 1287 4551; x_wconf 82' lang='grc' dir='ltr'>ἡμᾶς</span> <span class='ocrx_word' id='word_1_741' title='bbox 1316 4483 1476 4553; x_wconf 88' lang='grc' dir='ltr'>δῆθεν</span> <span class='ocrx_word' id='word_1_742' title='bbox 1505 4484 1612 4555; x_wconf 78' lang='grc' dir='ltr'>(ἵνα</span> <span class='ocrx_word' id='word_1_743' title='bbox 1634 4489 1857 4559; x_wconf 83' lang='grc' dir='ltr'>τηρήσω</span> <span class='ocrx_word' id='word_1_744' title='bbox 1877 4490 1936 4542; x_wconf 87' lang='grc' dir='ltr'><strong>τὸ</strong></span> 
     </span>
    </p>
   </div>
   <div class='ocr_carea' id='block_1_90' title="bbox 2055 4473 3606 4563">
    <p class='ocr_par' dir='ltr' id='par_1_90' title="bbox 2112 4486 3606 4563">
     <span class='ocr_line' id='line_1_90' title="bbox 2112 4486 3606 4563; baseline 0.008 -23"><span class='ocrx_word' id='word_1_745' title='bbox 2112 4486 2201 4541; x_wconf 72' lang='grc'><strong>54.</strong></span> <span class='ocrx_word' id='word_1_746' title='bbox 2227 4487 2354 4542; x_wconf 88' lang='lat' dir='ltr'><strong>Post</strong></span> <span class='ocrx_word' id='word_1_747' title='bbox 2380 4489 2495 4544; x_wconf 68' lang='lat' dir='ltr'><strong>haec</strong></span> <span class='ocrx_word' id='word_1_748' title='bbox 2542 4490 2683 4546; x_wconf 82' lang='lat' dir='ltr'><strong>Celsi</strong></span> <span class='ocrx_word' id='word_1_749' title='bbox 2706 4490 3021 4556; x_wconf 69' lang='lat' dir='ltr'><strong>Judacustut</strong></span> <span class='ocrx_word' id='word_1_750' title='bbox 3051 4496 3193 4563; x_wconf 92' lang='lat' dir='ltr'><strong>quod</strong></span> <span class='ocrx_word' id='word_1_751' title='bbox 3218 4496 3323 4550; x_wconf 90' lang='lat' dir='ltr'><strong>sibi</strong></span> <span class='ocrx_word' id='word_1_752' title='bbox 3358 4498 3426 4552; x_wconf 87' lang='lat' dir='ltr'><strong>ab</strong></span> <span class='ocrx_word' id='word_1_753' title='bbox 3453 4498 3606 4552; x_wconf 84' lang='lat' dir='ltr'><strong>initio</strong></span> 
     </span>
    </p>
   </div>
   <div class='ocr_carea' id='block_1_91' title="bbox 366 4565 1931 4643">
    <p class='ocr_par' dir='ltr' id='par_1_91' title="bbox 366 4565 1931 4643">
     <span class='ocr_line' id='line_1_91' title="bbox 366 4565 1931 4643; baseline 0.01 -26"><span class='ocrx_word' id='word_1_754' title='bbox 366 4566 460 4617; x_wconf 82' lang='grc' dir='ltr'><strong>ἀπ’</strong></span> <span class='ocrx_word' id='word_1_755' title='bbox 490 4566 661 4636; x_wconf 80' lang='grc' dir='ltr'>ἀρχῆς</span> <span class='ocrx_word' id='word_1_756' title='bbox 684 4565 762 4636; x_wconf 80' lang='grc' dir='ltr'>τῷ</span> <span class='ocrx_word' id='word_1_757' title='bbox 810 4567 1043 4639; x_wconf 83' lang='grc' dir='ltr'>Ἰουδαίῳ</span> <span class='ocrx_word' id='word_1_758' title='bbox 1072 4572 1352 4643; x_wconf 86' lang='grc' dir='ltr'>προτεθέν)</span> <span class='ocrx_word' id='word_1_759' title='bbox 1382 4576 1408 4627; x_wconf 93' lang='lat'><strong>6</strong></span> <span class='ocrx_word' id='word_1_760' title='bbox 1436 4574 1527 4627; x_wconf 80' lang='grc' dir='ltr'>τοῦ</span> <span class='ocrx_word' id='word_1_761' title='bbox 1554 4577 1759 4630; x_wconf 85' lang='grc' dir='ltr'>Κέλσου</span> <span class='ocrx_word' id='word_1_762' title='bbox 1802 4581 1931 4631; x_wconf 85' lang='grc' dir='ltr'>Ἰου-</span> 
     </span>
    </p>
   </div>
   <div class='ocr_carea' id='block_1_92' title="bbox 362 4654 1932 4738">
    <p class='ocr_par' dir='ltr' id='par_1_92' title="bbox 362 4654 1932 4738">
     <span class='ocr_line' id='line_1_92' title="bbox 362 4654 1932 4738; baseline 0.01 -32"><span class='ocrx_word' id='word_1_763' title='bbox 362 4654 506 4718; x_wconf 84' lang='grc' dir='ltr'>δαῖος</span> <span class='ocrx_word' id='word_1_764' title='bbox 535 4659 591 4708; x_wconf 85' lang='grc' dir='ltr'><strong>ἐν</strong></span> <span class='ocrx_word' id='word_1_765' title='bbox 622 4655 696 4727; x_wconf 78' lang='grc' dir='ltr'>τῷ</span> <span class='ocrx_word' id='word_1_766' title='bbox 726 4657 862 4728; x_wconf 79' lang='grc' dir='ltr'>πρὸς</span> <span class='ocrx_word' id='word_1_767' title='bbox 891 4660 1015 4723; x_wconf 85' lang='grc' dir='ltr'>τοὺς</span> <span class='ocrx_word' id='word_1_768' title='bbox 1064 4662 1283 4725; x_wconf 90' lang='grc' dir='ltr'>πολίτας</span> <span class='ocrx_word' id='word_1_769' title='bbox 1318 4665 1513 4717; x_wconf 78' lang='grc' dir='ltr'>ἑαυτοῦ</span> <span class='ocrx_word' id='word_1_770' title='bbox 1547 4666 1687 4738; x_wconf 84' lang='grc' dir='ltr'>λόγῳ</span> <span class='ocrx_word' id='word_1_771' title='bbox 1713 4669 1932 4722; x_wconf 87' lang='grc' dir='ltr'>πιστεύ-</span> 
     </span>
    </p>
   </div>
   <div class='ocr_carea' id='block_1_93' title="bbox 2040 4580 3600 4657">
    <p class='ocr_par' dir='ltr' id='par_1_93' title="bbox 2040 4580 3600 4657">
     <span class='ocr_line' id='line_1_93' title="bbox 2040 4580 3600 4657; baseline 0.006 -26"><span class='ocrx_word' id='word_1_772' title='bbox 2040 4580 2316 4647; x_wconf 89' lang='lat' dir='ltr'><strong>proposuit</strong></span> <span class='ocrx_word' id='word_1_773' title='bbox 2334 4581 2552 4652; x_wconf 85' lang='lat' dir='ltr'><strong>sequar)</strong></span> <span class='ocrx_word' id='word_1_774' title='bbox 2572 4583 2651 4637; x_wconf 90' lang='lat' dir='ltr'><strong>sic</strong></span> <span class='ocrx_word' id='word_1_775' title='bbox 2670 4598 2767 4638; x_wconf 92' lang='lat' dir='ltr'><strong>nos</strong></span> <span class='ocrx_word' id='word_1_776' title='bbox 2786 4584 3081 4653; x_wconf 83' lang='lat' dir='ltr'><strong>interrogat</strong></span> <span class='ocrx_word' id='word_1_777' title='bbox 3104 4586 3156 4638; x_wconf 91' lang='lat' dir='ltr'><strong>in</strong></span> <span class='ocrx_word' id='word_1_778' title='bbox 3178 4601 3426 4643; x_wconf 88' lang='lat' dir='ltr'><strong>sermone</strong></span> <span class='ocrx_word' id='word_1_779' title='bbox 3442 4604 3600 4657; x_wconf 88' lang='lat' dir='ltr'><strong>quem</strong></span> 
     </span>
    </p>
   </div>
   <div class='ocr_carea' id='block_1_94' title="bbox 2038 4670 3597 4744">
    <p class='ocr_par' dir='ltr' id='par_1_94' title="bbox 2038 4670 3597 4744">
     <span class='ocr_line' id='line_1_94' title="bbox 2038 4670 3597 4744; baseline 0.006 -21"><span class='ocrx_word' id='word_1_780' title='bbox 2038 4670 2201 4724; x_wconf 87' lang='lat' dir='ltr'><strong>habet.</strong></span> <span class='ocrx_word' id='word_1_781' title='bbox 2230 4686 2352 4724; x_wconf 92' lang='lat' dir='ltr'><strong>cum</strong></span> <span class='ocrx_word' id='word_1_782' title='bbox 2383 4675 2462 4726; x_wconf 90' lang='lat' dir='ltr'><strong>eis</strong></span> <span class='ocrx_word' id='word_1_783' title='bbox 2492 4688 2559 4726; x_wconf 83' lang='lat' dir='ltr'><strong>ex</strong></span> <span class='ocrx_word' id='word_1_784' title='bbox 2592 4674 2703 4728; x_wconf 90' lang='lat' dir='ltr'><strong>suis</strong></span> <span class='ocrx_word' id='word_1_785' title='bbox 2738 4675 3088 4744; x_wconf 84' lang='lat' dir='ltr'><strong>popularibus</strong></span> <span class='ocrx_word' id='word_1_786' title='bbox 3126 4678 3216 4742; x_wconf 85' lang='lat' dir='ltr'><strong>qui</strong></span> <span class='ocrx_word' id='word_1_787' title='bbox 3247 4677 3466 4732; x_wconf 89' lang='lat' dir='ltr'><strong>Christo</strong></span> <span class='ocrx_word' id='word_1_788' title='bbox 3504 4682 3597 4733; x_wconf 90' lang='lat' dir='ltr'><strong>ad-</strong></span> 
     </span>
    </p>
   </div>
   <div class='ocr_carea' id='block_1_95' title="bbox 366 4743 1953 4836">
    <p class='ocr_par' dir='ltr' id='par_1_95' title="bbox 366 4743 1928 4827">
     <span class='ocr_line' id='line_1_95' title="bbox 366 4743 1928 4827; baseline 0.009 -32"><span class='ocrx_word' id='word_1_789' title='bbox 366 4761 580 4808; x_wconf 82' lang='grc' dir='ltr'>σαντας,</span> <span class='ocrx_word' id='word_1_790' title='bbox 611 4766 629 4797; x_wconf 78' lang='grc' dir='ltr'><strong>ι</strong></span> <span class='ocrx_word' id='word_1_791' title='bbox 668 4747 771 4799; x_wconf 89' lang='grc' dir='ltr'>τίνι</span> <span class='ocrx_word' id='word_1_792' title='bbox 797 4743 890 4801; x_wconf 76' lang='grc' dir='ltr'><strong>οὖν</strong></span> <span class='ocrx_word' id='word_1_793' title='bbox 922 4750 1261 4821; x_wconf 80' lang='grc' dir='ltr'>προσήχθητε</span> <span class='ocrx_word' id='word_1_794' title='bbox 1297 4753 1429 4823; x_wconf 64' lang='grc'><strong>(48),</strong></span> <span class='ocrx_word' id='word_1_795' title='bbox 1456 4754 1487 4824; x_wconf 80' lang='grc' dir='ltr'>ἢ</span> <span class='ocrx_word' id='word_1_796' title='bbox 1513 4754 1644 4809; x_wconf 86' lang='grc' dir='ltr'>διότι</span> <span class='ocrx_word' id='word_1_797' title='bbox 1673 4761 1928 4827; x_wconf 83' lang='grc' dir='ltr'>προεῖπεν</span> 
     </span>
    </p>
   </div>
   <div class='ocr_carea' id='block_1_96' title="bbox 2055 4743 3603 4836">
    <p class='ocr_par' dir='ltr' id='par_1_96' title="bbox 2055 4764 3603 4836">
     <span class='ocr_line' id='line_1_96' title="bbox 2055 4764 3603 4836; baseline 0.005 -21"><span class='ocrx_word' id='word_1_798' title='bbox 2055 4771 2345 4816; x_wconf 73' lang='lat' dir='ltr'><strong>laeserunt:</strong></span> <span class='ocrx_word' id='word_1_799' title='bbox 2384 4783 2401 4815; x_wconf 75' lang='grc' dir='ltr'><strong>ι</strong></span> <span class='ocrx_word' id='word_1_800' title='bbox 2430 4764 2547 4829; x_wconf 88' lang='lat' dir='ltr'><strong>Quo</strong></span> <span class='ocrx_word' id='word_1_801' title='bbox 2582 4765 2746 4836; x_wconf 80' lang='lat' dir='ltr'><strong>igitur</strong></span> <span class='ocrx_word' id='word_1_802' title='bbox 2775 4776 3095 4836; x_wconf 77' lang='lat' dir='ltr'><strong>argumento</strong></span> <span class='ocrx_word' id='word_1_803' title='bbox 3134 4771 3378 4836; x_wconf 82' lang='lat' dir='ltr'><strong>persuasi</strong></span> <span class='ocrx_word' id='word_1_804' title='bbox 3427 4773 3603 4824; x_wconf 86' lang='lat' dir='ltr'><strong>estis?</strong></span> 
     </span>
    </p>
   </div>
   <div class='ocr_carea' id='block_1_97' title="bbox 365 4831 1953 4927">
    <p class='ocr_par' dir='ltr' id='par_1_97' title="bbox 365 4831 1926 4905">
     <span class='ocr_line' id='line_1_97' title="bbox 365 4831 1926 4905; baseline 0.009 -24"><span class='ocrx_word' id='word_1_805' title='bbox 365 4831 439 4892; x_wconf 84' lang='grc' dir='ltr'><strong>ὡς</strong></span> <span class='ocrx_word' id='word_1_806' title='bbox 481 4833 759 4887; x_wconf 83' lang='grc' dir='ltr'>ἀποθανὼν</span> <span class='ocrx_word' id='word_1_807' title='bbox 806 4836 1162 4905; x_wconf 81' lang='grc' dir='ltr'>ἀναστήσεται</span> <span class='ocrx_word' id='word_1_808' title='bbox 1201 4856 1215 4904; x_wconf 85' lang='grc'><strong>;</strong></span> <span class='ocrx_word' id='word_1_809' title='bbox 1264 4859 1282 4890; x_wconf 76' lang='grc' dir='ltr'><strong>ι</strong></span> <span class='ocrx_word' id='word_1_810' title='bbox 1316 4841 1422 4893; x_wconf 72' lang='grc' dir='ltr'>Καὶ</span> <span class='ocrx_word' id='word_1_811' title='bbox 1459 4841 1614 4893; x_wconf 76' lang='grc' dir='ltr'>τοῦτο</span> <span class='ocrx_word' id='word_1_812' title='bbox 1658 4842 1703 4894; x_wconf 88' lang='grc' dir='ltr'>δ’</span> <span class='ocrx_word' id='word_1_813' title='bbox 1751 4844 1829 4905; x_wconf 77' lang='grc' dir='ltr'><strong>εἰς</strong></span> <span class='ocrx_word' id='word_1_814' title='bbox 1866 4842 1926 4894; x_wconf 85' lang='grc' dir='ltr'><strong>τὸ</strong></span> 
     </span>
    </p>
   </div>
   <div class='ocr_carea' id='block_1_98' title="bbox 2055 4831 3594 4927">
    <p class='ocr_par' dir='ltr' id='par_1_98' title="bbox 2055 4831 3594 4927">
     <span class='ocr_line' id='line_1_98' title="bbox 2055 4831 3594 4927; baseline 0.006 -21"><span class='ocrx_word' id='word_1_815' title='bbox 2055 4871 2099 4907; x_wconf 82' lang='grc' dir='ltr'><strong>ιη</strong></span> <span class='ocrx_word' id='word_1_816' title='bbox 2129 4856 2271 4923; x_wconf 91' lang='lat' dir='ltr'><strong>quod</strong></span> <span class='ocrx_word' id='word_1_817' title='bbox 2304 4857 2550 4924; x_wconf 64' lang='lat' dir='ltr'><strong>praedixit</strong></span> <span class='ocrx_word' id='word_1_818' title='bbox 2583 4831 2641 4912; x_wconf 67' lang='lat' dir='ltr'><strong>se</strong></span> <span class='ocrx_word' id='word_1_819' title='bbox 2672 4867 2793 4927; x_wconf 88' lang='lat' dir='ltr'><strong>post</strong></span> <span class='ocrx_word' id='word_1_820' title='bbox 2817 4869 3044 4913; x_wconf 88' lang='lat' dir='ltr'><strong>mortem</strong></span> <span class='ocrx_word' id='word_1_821' title='bbox 3072 4864 3547 4918; x_wconf 75' lang='lat' dir='ltr'><strong>resurrecturum?</strong></span> <span class='ocrx_word' id='word_1_822' title='bbox 3576 4884 3594 4915; x_wconf 78' lang='grc' dir='ltr'><strong>ι</strong></span> 
     </span>
    </p>
   </div>
   <div class='ocr_carea' id='block_1_99' title="bbox 367 4921 1925 5003">
    <p class='ocr_par' dir='ltr' id='par_1_99' title="bbox 367 4921 1925 5003">
     <span class='ocr_line' id='line_1_99' title="bbox 367 4921 1925 5003; baseline 0.011 -33"><span class='ocrx_word' id='word_1_823' title='bbox 367 4921 492 4989; x_wconf 76' lang='grc' dir='ltr'>περὶ</span> <span class='ocrx_word' id='word_1_824' title='bbox 524 4924 795 4987; x_wconf 83' lang='grc' dir='ltr'>Μωῡσέως</span> <span class='ocrx_word' id='word_1_825' title='bbox 838 4927 1036 4996; x_wconf 81' lang='grc' dir='ltr'>ὁμοίως</span> <span class='ocrx_word' id='word_1_826' title='bbox 1077 4932 1189 4992; x_wconf 87' lang='grc' dir='ltr'>τοῖς</span> <span class='ocrx_word' id='word_1_827' title='bbox 1228 4931 1512 5000; x_wconf 65' lang='grc' dir='ltr'>προτέροις</span> <span class='ocrx_word' id='word_1_828' title='bbox 1550 4932 1925 5003; x_wconf 86' lang='grc' dir='ltr'>κοινοποιηθή-</span> 
     </span>
    </p>
   </div>
   <div class='ocr_carea' id='block_1_100' title="bbox 365 5014 1920 5096">
    <p class='ocr_par' dir='ltr' id='par_1_100' title="bbox 365 5014 1920 5096">
     <span class='ocr_line' id='line_1_100' title="bbox 365 5014 1920 5096; baseline 0.011 -35"><span class='ocrx_word' id='word_1_829' title='bbox 365 5026 546 5063; x_wconf 85' lang='grc' dir='ltr'>σεται.</span> <span class='ocrx_word' id='word_1_830' title='bbox 572 5014 817 5084; x_wconf 82' lang='grc' dir='ltr'>Φήσομεν</span> <span class='ocrx_word' id='word_1_831' title='bbox 843 5017 949 5088; x_wconf 82' lang='grc' dir='ltr'>γὰρ</span> <span class='ocrx_word' id='word_1_832' title='bbox 966 5019 1100 5088; x_wconf 81' lang='grc' dir='ltr'>πρὸς</span> <span class='ocrx_word' id='word_1_833' title='bbox 1120 5021 1419 5085; x_wconf 80' lang='grc' dir='ltr'>αὐτὸν,τίνι</span> <span class='ocrx_word' id='word_1_834' title='bbox 1439 5018 1530 5075; x_wconf 80' lang='grc' dir='ltr'><strong>οὖν</strong></span> <span class='ocrx_word' id='word_1_835' title='bbox 1557 5025 1920 5096; x_wconf 81' lang='grc' dir='ltr'>προσήχθητε,</span> 
     </span>
    </p>
   </div>
   <div class='ocr_carea' id='block_1_101' title="bbox 360 5099 1922 5186">
    <p class='ocr_par' dir='ltr' id='par_1_101' title="bbox 360 5099 1922 5186">
     <span class='ocr_line' id='line_1_101' title="bbox 360 5099 1922 5186; baseline 0.013 -36"><span class='ocrx_word' id='word_1_836' title='bbox 360 5099 557 5169; x_wconf 82' lang='grc' dir='ltr'>ἢδιότι</span> <span class='ocrx_word' id='word_1_837' title='bbox 600 5104 867 5175; x_wconf 73' lang='grc' dir='ltr'>ἀνέγραψε</span> <span class='ocrx_word' id='word_1_838' title='bbox 911 5110 1168 5181; x_wconf 77' lang='grc' dir='ltr'>περὶτῆς</span> <span class='ocrx_word' id='word_1_839' title='bbox 1215 5113 1407 5166; x_wconf 76' lang='grc' dir='ltr'>ἑαυτοῦ</span> <span class='ocrx_word' id='word_1_840' title='bbox 1438 5115 1693 5186; x_wconf 82' lang='grc' dir='ltr'>τελευτῆς</span> <span class='ocrx_word' id='word_1_841' title='bbox 1742 5119 1922 5171; x_wconf 80' lang='grc' dir='ltr'>τοιαῦ-</span> 
     </span>
    </p>
   </div>
   <div class='ocr_carea' id='block_1_102' title="bbox 358 5193 1921 5282">
    <p class='ocr_par' dir='ltr' id='par_1_102' title="bbox 358 5193 1921 5282">
     <span class='ocr_line' id='line_1_102' title="bbox 358 5193 1921 5282; baseline 0.013 -38"><span class='ocrx_word' id='word_1_842' title='bbox 358 5210 426 5244; x_wconf 89' lang='grc' dir='ltr'><strong>τα</strong></span> <span class='ocrx_word' id='word_1_843' title='bbox 465 5193 573 5265; x_wconf 68' lang='grc'><strong>(49)</strong></span> <span class='ocrx_word' id='word_1_844' title='bbox 616 5212 631 5260; x_wconf 90' lang='grc'><strong>;</strong></span> <span class='ocrx_word' id='word_1_845' title='bbox 671 5216 689 5248; x_wconf 74' lang='grc' dir='ltr'><strong>ι</strong></span> <span class='ocrx_word' id='word_1_846' title='bbox 739 5199 848 5251; x_wconf 75' lang='grc' dir='ltr'>Καὶ</span> <span class='ocrx_word' id='word_1_847' title='bbox 890 5201 1235 5274; x_wconf 81' lang='grc' dir='ltr'>ἐτελεύτησεν</span> <span class='ocrx_word' id='word_1_848' title='bbox 1277 5207 1394 5259; x_wconf 81' lang='grc' dir='ltr'>ἐκεῖ</span> <span class='ocrx_word' id='word_1_849' title='bbox 1433 5210 1665 5279; x_wconf 85' lang='grc' dir='ltr'>Μωῡσῆς</span> <span class='ocrx_word' id='word_1_850' title='bbox 1707 5212 1921 5282; x_wconf 82' lang='grc' dir='ltr'>οἰκέτης</span> 
     </span>
    </p>
   </div>
   <div class='ocr_carea' id='block_1_103' title="bbox 432 5306 1064 5377">
    <p class='ocr_par' dir='ltr' id='par_1_103' title="bbox 432 5306 1064 5377">
     <span class='ocr_line' id='line_1_103' title="bbox 432 5306 1064 5377; baseline 0.016 -19"><span class='ocrx_word' id='word_1_851' title='bbox 432 5306 476 5336; x_wconf 64' lang='grc'><strong>³⁸</strong></span> <span class='ocrx_word' id='word_1_852' title='bbox 502 5307 660 5363; x_wconf 90' lang='lat' dir='ltr'><strong>Deut.</strong></span> <span class='ocrx_word' id='word_1_853' title='bbox 693 5312 871 5376; x_wconf 78' lang='lat' dir='ltr'><strong>xm,l,</strong></span> <span class='ocrx_word' id='word_1_854' title='bbox 904 5312 958 5377; x_wconf 73' lang='lat'><strong>2,</strong></span> <span class='ocrx_word' id='word_1_855' title='bbox 993 5313 1064 5369; x_wconf 81' lang='grc'><strong>5.·</strong></span> 
     </span>
    </p>
   </div>
   <div class='ocr_carea' id='block_1_104' title="bbox 427 5419 1910 5498">
    <p class='ocr_par' dir='ltr' id='par_1_104' title="bbox 427 5419 1910 5498">
     <span class='ocr_line' id='line_1_104' title="bbox 427 5419 1910 5498; baseline 0.01 -27"><span class='ocrx_word' id='word_1_856' title='bbox 427 5419 539 5498; x_wconf 45' lang='grc'><strong>(45)</strong></span> <span class='ocrx_word' id='word_1_857' title='bbox 568 5419 745 5498; x_wconf 55' lang='grc' dir='ltr'><strong>(Ζοάάᾷ</strong></span> <span class='ocrx_word' id='word_1_858' title='bbox 773 5424 881 5498; x_wconf 76' lang='lat' dir='ltr'><strong>duo</strong></span> <span class='ocrx_word' id='word_1_859' title='bbox 912 5424 1178 5498; x_wconf 73' lang='lat' dir='ltr'><strong>Vaticani,</strong></span> <span class='ocrx_word' id='word_1_860' title='bbox 1211 5434 1261 5481; x_wconf 88' lang='lat' dir='ltr'><strong>et</strong></span> <span class='ocrx_word' id='word_1_861' title='bbox 1289 5427 1413 5498; x_wconf 77' lang='lat' dir='ltr'><strong>duo</strong></span> <span class='ocrx_word' id='word_1_862' title='bbox 1445 5428 1751 5498; x_wconf 73' lang='lat' dir='ltr'><strong>Anglicani,</strong></span> <span class='ocrx_word' id='word_1_863' title='bbox 1786 5432 1910 5487; x_wconf 90' lang='lat' dir='ltr'><strong>item</strong></span> 
     </span>
    </p>
   </div>
   <div class='ocr_carea' id='block_1_105' title="bbox 358 5489 1912 5568">
    <p class='ocr_par' dir='ltr' id='par_1_105' title="bbox 358 5489 1912 5568">
     <span class='ocr_line' id='line_1_105' title="bbox 358 5489 1912 5568; baseline 0.01 -29"><span class='ocrx_word' id='word_1_864' title='bbox 358 5489 555 5568; x_wconf 49' lang='lat' dir='ltr'><strong>Regius</strong></span> <span class='ocrx_word' id='word_1_865' title='bbox 610 5492 1229 5568; x_wconf 32' lang='lat' dir='ltr'><strong>ethBasileensisk‘roii;</strong></span> <span class='ocrx_word' id='word_1_866' title='bbox 1288 5496 1495 5565; x_wconf 85' lang='grc' dir='ltr'>λόγους.</span> <span class='ocrx_word' id='word_1_867' title='bbox 1533 5489 1912 5568; x_wconf 71' lang='grc' dir='ltr'>ἸΙωεεΙίοΙὶιιε,</span> 
     </span>
    </p>
   </div>
   <div class='ocr_carea' id='block_1_106' title="bbox 354 5558 1355 5633">
    <p class='ocr_par' dir='ltr' id='par_1_106' title="bbox 354 5558 1355 5633">
     <span class='ocr_line' id='line_1_106' title="bbox 354 5558 1355 5633; baseline 0.01 -24"><span class='ocrx_word' id='word_1_868' title='bbox 354 5558 447 5633; x_wconf 64' lang='grc' dir='ltr'><strong>τού</strong></span> <span class='ocrx_word' id='word_1_869' title='bbox 460 5559 647 5633; x_wconf 67' lang='grc' dir='ltr'>λόγου.</span> <span class='ocrx_word' id='word_1_870' title='bbox 662 5632 665 5633; x_wconf 15' lang='grc' dir='ltr'><em>ν</em></span> <span class='ocrx_word' id='word_1_871' title='bbox 682 5560 1003 5629; x_wconf 87' lang='lat' dir='ltr'><strong>Spencerus,</strong></span> <span class='ocrx_word' id='word_1_872' title='bbox 1030 5564 1135 5617; x_wconf 86' lang='grc' dir='ltr'><strong>τῶν</strong></span> <span class='ocrx_word' id='word_1_873' title='bbox 1164 5564 1355 5633; x_wconf 89' lang='grc' dir='ltr'>λόγων.</span> 
     </span>
    </p>
   </div>
   <div class='ocr_carea' id='block_1_107' title="bbox 356 5696 1911 5818">
    <p class='ocr_par' dir='ltr' id='par_1_107' title="bbox 356 5696 1911 5818">
     <span class='ocr_line' id='line_1_107' title="bbox 356 5696 1911 5818; baseline 0.01 -70"><span class='ocrx_word' id='word_1_874' title='bbox 356 5696 568 5818; x_wconf 47' lang='lat' dir='ltr'><strong>ignauo</strong></span> <span class='ocrx_word' id='word_1_875' title='bbox 634 5703 723 5770; x_wconf 90' lang='lat' dir='ltr'><strong>qui</strong></span> <span class='ocrx_word' id='word_1_876' title='bbox 778 5718 899 5757; x_wconf 86' lang='lat' dir='ltr'><strong>cum</strong></span> <span class='ocrx_word' id='word_1_877' title='bbox 954 5704 1104 5760; x_wconf 85' lang='lat' dir='ltr'><strong>libris</strong></span> <span class='ocrx_word' id='word_1_878' title='bbox 1165 5705 1324 5762; x_wconf 88' lang='lat' dir='ltr'><strong>editis</strong></span> <span class='ocrx_word' id='word_1_879' title='bbox 1377 5708 1569 5774; x_wconf 84' lang='lat' dir='ltr'><strong>habet,</strong></span> <span class='ocrx_word' id='word_1_880' title='bbox 1626 5711 1718 5763; x_wconf 76' lang='grc' dir='ltr'><strong>καὶ</strong></span> <span class='ocrx_word' id='word_1_881' title='bbox 1777 5696 1911 5781; x_wconf 71' lang='grc' dir='ltr'>πρδς</span> 
     </span>
    </p>
   </div>
   <div class='ocr_carea' id='block_1_108' title="bbox 428 5576 1953 5783">
    <p class='ocr_par' dir='ltr' id='par_1_108' title="bbox 428 5576 1913 5781">
     <span class='ocr_line' id='line_1_108' title="bbox 428 5576 1355 5633; baseline 0.009 -22"><span class='ocrx_word' id='word_1_882' title='bbox 428 5577 447 5611; x_wconf 82' lang='grc'>.›</span> <span class='ocrx_word' id='word_1_883' title='bbox 471 5576 647 5627; x_wconf 81' lang='grc' dir='ltr'>Αογου.</span> <span class='ocrx_word' id='word_1_884' title='bbox 682 5576 1003 5629; x_wconf 66' lang='grc' dir='ltr'>δρεηιςετιιε,</span> <span class='ocrx_word' id='word_1_885' title='bbox 1030 5582 1135 5617; x_wconf 89' lang='grc' dir='ltr'><strong>των</strong></span> <span class='ocrx_word' id='word_1_886' title='bbox 1164 5576 1355 5633; x_wconf 80' lang='grc' dir='ltr'>λόγων.</span> 
     </span>
     <span class='ocr_line' id='line_1_109' title="bbox 428 5628 1913 5707; baseline 0.01 -27"><span class='ocrx_word' id='word_1_887' title='bbox 428 5628 535 5699; x_wconf 74' lang='grc'><strong>(46)</strong></span> <span class='ocrx_word' id='word_1_888' title='bbox 565 5632 673 5685; x_wconf 80' lang='grc' dir='ltr'><strong>Καὶ</strong></span> <span class='ocrx_word' id='word_1_889' title='bbox 708 5633 804 5685; x_wconf 81' lang='grc' dir='ltr'><strong>ἐπὶ</strong></span> <span class='ocrx_word' id='word_1_890' title='bbox 846 5634 1082 5687; x_wconf 85' lang='grc' dir='ltr'>τούτου.</span> <span class='ocrx_word' id='word_1_891' title='bbox 1141 5636 1232 5690; x_wconf 85' lang='lat' dir='ltr'><strong>Sic</strong></span> <span class='ocrx_word' id='word_1_892' title='bbox 1287 5652 1475 5691; x_wconf 92' lang='lat' dir='ltr'><strong>omnes</strong></span> <span class='ocrx_word' id='word_1_893' title='bbox 1515 5654 1642 5694; x_wconf 90' lang='lat' dir='ltr'><strong>mss.</strong></span> <span class='ocrx_word' id='word_1_894' title='bbox 1689 5648 1913 5707; x_wconf 86' lang='lat' dir='ltr'><strong>excepto</strong></span> 
     </span>
     <span class='ocr_line' id='line_1_110' title="bbox 428 5698 1911 5781; baseline 0.009 -31"><span class='ocrx_word' id='word_1_895' title='bbox 428 5698 568 5753; x_wconf 82' lang='lat' dir='ltr'><strong>liano</strong></span> <span class='ocrx_word' id='word_1_896' title='bbox 634 5703 723 5770; x_wconf 88' lang='lat' dir='ltr'><strong>qui</strong></span> <span class='ocrx_word' id='word_1_897' title='bbox 778 5718 899 5757; x_wconf 87' lang='lat' dir='ltr'><strong>cum</strong></span> <span class='ocrx_word' id='word_1_898' title='bbox 954 5704 1104 5760; x_wconf 85' lang='lat' dir='ltr'><strong>libris</strong></span> <span class='ocrx_word' id='word_1_899' title='bbox 1165 5705 1324 5762; x_wconf 89' lang='lat' dir='ltr'><strong>editis</strong></span> <span class='ocrx_word' id='word_1_900' title='bbox 1377 5708 1569 5774; x_wconf 85' lang='lat' dir='ltr'><strong>habet,</strong></span> <span class='ocrx_word' id='word_1_901' title='bbox 1626 5711 1718 5763; x_wconf 77' lang='grc' dir='ltr'><strong>καὶ</strong></span> <span class='ocrx_word' id='word_1_902' title='bbox 1777 5710 1911 5781; x_wconf 75' lang='grc' dir='ltr'>πρὸς</span> 
     </span>
    </p>
   </div>
   <div class='ocr_carea' id='block_1_109' title="bbox 2055 5576 2342 5783">
    <p class='ocr_par' dir='ltr' id='par_1_109' title="bbox 2055 5576 2342 5783">
     <span class='ocr_line' id='line_1_111' title="bbox 2091 5576 2342 5645; baseline 0.004 -18"><span class='ocrx_word' id='word_1_903' title='bbox 2091 5576 2203 5645; x_wconf 69' lang='grc' dir='ltr'>με)</span> <span class='ocrx_word' id='word_1_904' title='bbox 2231 5577 2342 5641; x_wconf 89' lang='grc' dir='ltr'><em>Προ</em></span> 
     </span>
     <span class='ocr_line' id='line_1_112' title="bbox 2055 5645 2342 5783; baseline 0.003 -17"><span class='ocrx_word' id='word_1_905' title='bbox 2063 5645 2342 5783; x_wconf 57' lang='grc' dir='ltr'><strong>ρῖἶὸἓθὲἧεέ</strong></span> 
     </span>
    </p>
   </div>
   <div class='ocr_carea' id='block_1_110' title="bbox 2028 4945 3598 5027">
    <p class='ocr_par' dir='ltr' id='par_1_110' title="bbox 2028 4945 3598 5027">
     <span class='ocr_line' id='line_1_113' title="bbox 2028 4945 3598 5027; baseline 0.007 -28"><span class='ocrx_word' id='word_1_906' title='bbox 2028 4945 2097 4999; x_wconf 88' lang='grc' dir='ltr'>Ει</span> <span class='ocrx_word' id='word_1_907' title='bbox 2128 4946 2229 5001; x_wconf 90' lang='lat' dir='ltr'><strong>hoc</strong></span> <span class='ocrx_word' id='word_1_908' title='bbox 2260 4949 2497 5017; x_wconf 87' lang='lat' dir='ltr'><strong>proclive</strong></span> <span class='ocrx_word' id='word_1_909' title='bbox 2541 4959 2639 5011; x_wconf 83' lang='lat' dir='ltr'><strong>est,</strong></span> <span class='ocrx_word' id='word_1_910' title='bbox 2668 4960 2726 5005; x_wconf 90' lang='lat' dir='ltr'><strong>ut</strong></span> <span class='ocrx_word' id='word_1_911' title='bbox 2760 4953 3035 5019; x_wconf 88' lang='lat' dir='ltr'><strong>superiora</strong></span> <span class='ocrx_word' id='word_1_912' title='bbox 3071 4954 3122 5009; x_wconf 91' lang='lat' dir='ltr'><strong>in</strong></span> <span class='ocrx_word' id='word_1_913' title='bbox 3152 4954 3390 5027; x_wconf 84' lang='lat' dir='ltr'><strong>Moysem</strong></span> <span class='ocrx_word' id='word_1_914' title='bbox 3426 4964 3598 5010; x_wconf 87' lang='lat' dir='ltr'><strong>retor-</strong></span> 
     </span>
    </p>
   </div>
   <div class='ocr_carea' id='block_1_111' title="bbox 2030 5040 3592 5114">
    <p class='ocr_par' dir='ltr' id='par_1_111' title="bbox 2030 5040 3592 5114">
     <span class='ocr_line' id='line_1_114' title="bbox 2030 5040 3592 5114; baseline 0.008 -28"><span class='ocrx_word' id='word_1_915' title='bbox 2030 5050 2217 5104; x_wconf 82' lang='lat' dir='ltr'><strong>quere.</strong></span> <span class='ocrx_word' id='word_1_916' title='bbox 2268 5040 2520 5096; x_wconf 89' lang='lat' dir='ltr'><strong>Dicemus</strong></span> <span class='ocrx_word' id='word_1_917' title='bbox 2557 5042 2699 5094; x_wconf 90' lang='lat' dir='ltr'><strong>enim</strong></span> <span class='ocrx_word' id='word_1_918' title='bbox 2735 5051 2790 5096; x_wconf 89' lang='lat' dir='ltr'><strong>et</strong></span> <span class='ocrx_word' id='word_1_919' title='bbox 2813 5057 2941 5097; x_wconf 84' lang='lat' dir='ltr'><strong>nos:</strong></span> <span class='ocrx_word' id='word_1_920' title='bbox 2974 5043 3092 5110; x_wconf 91' lang='lat' dir='ltr'><strong>Quo</strong></span> <span class='ocrx_word' id='word_1_921' title='bbox 3125 5055 3444 5114; x_wconf 81' lang='lat' dir='ltr'><strong>argumento</strong></span> <span class='ocrx_word' id='word_1_922' title='bbox 3469 5060 3592 5114; x_wconf 88' lang='lat' dir='ltr'><strong>per-</strong></span> 
     </span>
    </p>
   </div>
   <div class='ocr_carea' id='block_1_112' title="bbox 2029 5130 3587 5205">
    <p class='ocr_par' dir='ltr' id='par_1_112' title="bbox 2029 5130 3587 5205">
     <span class='ocr_line' id='line_1_115' title="bbox 2029 5130 3587 5205; baseline 0.004 -25"><span class='ocrx_word' id='word_1_923' title='bbox 2029 5130 2173 5183; x_wconf 90' lang='lat' dir='ltr'><strong>suasi</strong></span> <span class='ocrx_word' id='word_1_924' title='bbox 2223 5132 2353 5185; x_wconf 91' lang='lat' dir='ltr'><strong>estis</strong></span> <span class='ocrx_word' id='word_1_925' title='bbox 2387 5131 2410 5184; x_wconf 86' lang='lat'><strong>?</strong></span> <span class='ocrx_word' id='word_1_926' title='bbox 2462 5148 2531 5184; x_wconf 90' lang='lat' dir='ltr'><strong>an</strong></span> <span class='ocrx_word' id='word_1_927' title='bbox 2581 5134 2707 5201; x_wconf 87' lang='lat' dir='ltr'><strong>quia</strong></span> <span class='ocrx_word' id='word_1_928' title='bbox 2755 5134 2820 5186; x_wconf 86' lang='lat' dir='ltr'><strong>de</strong></span> <span class='ocrx_word' id='word_1_929' title='bbox 2849 5150 2945 5189; x_wconf 88' lang='lat' dir='ltr'><strong>sua</strong></span> <span class='ocrx_word' id='word_1_930' title='bbox 2980 5146 3152 5190; x_wconf 86' lang='lat' dir='ltr'><strong>morte</strong></span> <span class='ocrx_word' id='word_1_931' title='bbox 3188 5137 3409 5205; x_wconf 87' lang='lat' dir='ltr'><strong>scripsit</strong></span> <span class='ocrx_word' id='word_1_932' title='bbox 3434 5137 3587 5189; x_wconf 70' lang='lat' dir='ltr'><strong>haec:</strong></span> 
     </span>
    </p>
   </div>
   <div class='ocr_carea' id='block_1_113' title="bbox 2034 5219 3586 5295">
    <p class='ocr_par' dir='ltr' id='par_1_113' title="bbox 2034 5219 3586 5295">
     <span class='ocr_line' id='line_1_116' title="bbox 2034 5219 3586 5295; baseline 0.005 -25"><span class='ocrx_word' id='word_1_933' title='bbox 2034 5237 2052 5270; x_wconf 73' lang='grc' dir='ltr'><strong>ι</strong></span> <span class='ocrx_word' id='word_1_934' title='bbox 2078 5219 2423 5293; x_wconf 79' lang='lat' dir='ltr'><strong>Mortuusque</strong></span> <span class='ocrx_word' id='word_1_935' title='bbox 2454 5235 2536 5278; x_wconf 87' lang='lat' dir='ltr'><strong>est</strong></span> <span class='ocrx_word' id='word_1_936' title='bbox 2567 5224 2639 5279; x_wconf 90' lang='lat' dir='ltr'><strong>ibi</strong></span> <span class='ocrx_word' id='word_1_937' title='bbox 2673 5224 2884 5295; x_wconf 84' lang='lat' dir='ltr'><strong>Moyses</strong></span> <span class='ocrx_word' id='word_1_938' title='bbox 2910 5242 3100 5282; x_wconf 89' lang='lat' dir='ltr'><strong>servus</strong></span> <span class='ocrx_word' id='word_1_939' title='bbox 3126 5228 3338 5282; x_wconf 84' lang='lat' dir='ltr'><strong>Domini</strong></span> <span class='ocrx_word' id='word_1_940' title='bbox 3368 5228 3419 5280; x_wconf 91' lang='lat' dir='ltr'><strong>in</strong></span> <span class='ocrx_word' id='word_1_941' title='bbox 3447 5235 3586 5278; x_wconf 76' lang='lat' dir='ltr'><strong>terra</strong></span> 
     </span>
    </p>
   </div>
   <div class='ocr_carea' id='block_1_114' title="bbox 2093 5433 3585 5519">
    <p class='ocr_par' dir='ltr' id='par_1_114' title="bbox 2093 5433 3585 5519">
     <span class='ocr_line' id='line_1_117' title="bbox 2093 5433 3585 5519; baseline -0.001 -32"><span class='ocrx_word' id='word_1_942' title='bbox 2093 5434 2202 5516; x_wconf 56' lang='lat'><strong>(:47)</strong></span> <span class='ocrx_word' id='word_1_943' title='bbox 2228 5433 2399 5519; x_wconf 66' lang='grc' dir='ltr'><strong>ᾼύζῷ</strong></span> <span class='ocrx_word' id='word_1_944' title='bbox 2430 5436 2773 5519; x_wconf 59' lang='grc' dir='ltr'><strong>χρεομένους</strong></span> <span class='ocrx_word' id='word_1_945' title='bbox 2786 5438 3060 5519; x_wconf 59' lang='grc' dir='ltr'>μάρτυρι.</span> <span class='ocrx_word' id='word_1_946' title='bbox 3089 5434 3316 5519; x_wconf 73' lang='lat' dir='ltr'><strong>Cuietus</strong></span> <span class='ocrx_word' id='word_1_947' title='bbox 3344 5441 3402 5485; x_wconf 91' lang='lat' dir='ltr'><strong>ut</strong></span> <span class='ocrx_word' id='word_1_948' title='bbox 3424 5446 3585 5498; x_wconf 81' lang='lat' dir='ltr'><strong>supra</strong></span> 
     </span>
    </p>
   </div>
   <div class='ocr_carea' id='block_1_115' title="bbox 2020 5502 3580 5643">
    <p class='ocr_par' dir='ltr' id='par_1_115' title="bbox 2020 5502 3580 5643">
     <span class='ocr_line' id='line_1_118' title="bbox 2020 5502 3557 5583; baseline -0.002 -25"><span class='ocrx_word' id='word_1_949' title='bbox 2020 5502 2381 5575; x_wconf 54' lang='grc' dir='ltr'>ἰθείῃαὺτοῖς</span> <span class='ocrx_word' id='word_1_950' title='bbox 2461 5502 2720 5575; x_wconf 82' lang='grc' dir='ltr'>ρώμενον,</span> <span class='ocrx_word' id='word_1_951' title='bbox 2751 5502 2804 5559; x_wconf 79' lang='lat' dir='ltr'><strong>ei</strong></span> <span class='ocrx_word' id='word_1_952' title='bbox 2831 5507 2974 5558; x_wconf 85' lang='lat' dir='ltr'><strong>delet</strong></span> <span class='ocrx_word' id='word_1_953' title='bbox 3009 5502 3086 5565; x_wconf 83' lang='grc' dir='ltr'><strong>τὸ,</strong></span> <span class='ocrx_word' id='word_1_954' title='bbox 3119 5504 3195 5573; x_wconf 85' lang='grc' dir='ltr'><strong>μά</strong></span> <span class='ocrx_word' id='word_1_955' title='bbox 3233 5519 3292 5583; x_wconf 79' lang='grc' dir='ltr'><strong>τυ</strong></span> <span class='ocrx_word' id='word_1_956' title='bbox 3338 5519 3372 5555; x_wconf 84' lang='grc' dir='ltr'><strong>ι.</strong></span> <span class='ocrx_word' id='word_1_957' title='bbox 3547 5571 3557 5580; x_wconf 44' lang='grc'><strong>.</strong></span> 
     </span>
     <span class='ocr_line' id='line_1_119' title="bbox 2091 5519 3580 5643; baseline -0.003 -15"><span class='ocrx_word' id='word_1_958' title='bbox 2091 5572 2203 5643; x_wconf 67' lang='grc'><strong>(48)</strong></span> <span class='ocrx_word' id='word_1_959' title='bbox 2231 5523 2638 5643; x_wconf 45' lang='grc' dir='ltr'>Προστᾶθητε.</span> <span class='ocrx_word' id='word_1_960' title='bbox 2663 5574 2894 5631; x_wconf 86' lang='lat' dir='ltr'><strong>Sicmss.</strong></span> <span class='ocrx_word' id='word_1_961' title='bbox 2917 5585 2973 5627; x_wconf 89' lang='lat' dir='ltr'><strong>ut</strong></span> <span class='ocrx_word' id='word_1_962' title='bbox 2992 5588 3174 5639; x_wconf 88' lang='lat' dir='ltr'><strong>supra.</strong></span> <span class='ocrx_word' id='word_1_963' title='bbox 3195 5519 3351 5627; x_wconf 54' lang='lat' dir='ltr'><strong>fabii.</strong></span> <span class='ocrx_word' id='word_1_964' title='bbox 3376 5584 3580 5635; x_wconf 64' lang='grc' dir='ltr'>θκοιιεξι</span> 
     </span>
    </p>
   </div>
   <div class='ocr_carea' id='block_1_116' title="bbox 2091 5572 3174 5645">
    <p class='ocr_par' dir='ltr' id='par_1_116' title="bbox 2091 5572 3174 5645">
     <span class='ocr_line' id='line_1_120' title="bbox 2091 5572 3174 5645; baseline -0.002 -17"><span class='ocrx_word' id='word_1_965' title='bbox 2091 5572 2203 5645; x_wconf 69' lang='grc' dir='ltr'><strong>μδ)</strong></span> <span class='ocrx_word' id='word_1_966' title='bbox 2231 5572 2638 5643; x_wconf 59' lang='grc' dir='ltr'><strong>Προσήχθῄτε.</strong></span> <span class='ocrx_word' id='word_1_967' title='bbox 2663 5574 2894 5631; x_wconf 86' lang='lat' dir='ltr'><strong>Sicmss.</strong></span> <span class='ocrx_word' id='word_1_968' title='bbox 2917 5585 2973 5627; x_wconf 89' lang='lat' dir='ltr'><strong>ut</strong></span> <span class='ocrx_word' id='word_1_969' title='bbox 2992 5572 3174 5639; x_wconf 86' lang='lat' dir='ltr'><strong>supra.</strong></span> 
     </span>
    </p>
   </div>
   <div class='ocr_carea' id='block_1_117' title="bbox 2230 5710 3217 5777">
    <p class='ocr_par' dir='ltr' id='par_1_117' title="bbox 2230 5710 3217 5777">
     <span class='ocr_line' id='line_1_121' title="bbox 2230 5710 3217 5777; baseline 0.002 -11"><span class='ocrx_word' id='word_1_970' title='bbox 2230 5710 2631 5777; x_wconf 69' lang='grc' dir='ltr'>Μεεητοιαῦτα.</span> <span class='ocrx_word' id='word_1_971' title='bbox 2665 5712 2820 5767; x_wconf 85' lang='lat' dir='ltr'><strong>Libb.</strong></span> <span class='ocrx_word' id='word_1_972' title='bbox 2847 5710 2998 5775; x_wconf 87' lang='lat' dir='ltr'><strong>editi,</strong></span> <span class='ocrx_word' id='word_1_973' title='bbox 3027 5710 3217 5770; x_wconf 68' lang='grc' dir='ltr'>ταῦτα.</span> 
     </span>
    </p>
   </div>
  </div>
