3998 6170
425 319 527 375 885

1634 308 1911 366 CONTRA
1951 305 2221 364 CELSUM
2260 306 2388 360 LIB.
2418 305 2481 362 11.

3577 301 3682 358 886

427 424 733 490 τασιωθεὶς,
787 425 922 497 ὅπερ
969 424 1034 496 δὴ
1087 423 1296 496 μυρίοις
1339 421 1711 493 συμϐέϐηκεν·
1772 422 1827 492 ἢ,
1873 423 2006 491 ὅπερ

2128 420 2211 474 sibi
2243 420 2423 473 animo
2458 416 2675 471 finxerit
2721 430 2839 484 qua:
2870 412 3210 469 desiderabat
3240 432 3252 467 :
3285 413 3509 482 idiquod
3540 428 3683 481 saepe

432 518 649 589 μᾶλλον,
685 517 954 586 ἐκπλῆξαι
986 518 1111 577 τοὺς
1152 516 1371 577 λοιποὺς
1424 515 1488 583 τῇ
1546 514 1801 584 τερατείᾳ
1839 512 2011 585 ταύτῃ

428 608 680 678 θελήσας,
717 608 811 660 καὶ
861 608 949 660 διὰ
993 606 1107 659 τοῦ.
1134 606 1375 658 τοιούτου
1420 604 1729 674 ψεύσματος
1761 604 2011 674 ἀφορμὴν

428 697 609 761 ἄλλοις
656 698 920 768 ἀγύρταις
964 698 1288 769 παρασχεῖν.
1322 714 1340 745 ι
1404 693 1557 746 Ἐπεὶ
1613 688 1706 744 οὖν
1768 691 2012 753 Ἰουδαῖός

429 790 580 841 ἐστιν
612 788 641 839 ὁ
672 788 841 841 ταῦτα
876 789 1069 856 λέγων,
1121 787 1196 850 ὡς
1244 787 1381 857 πρὸς
1422 784 1669 838 Ἰουδαῖον
1716 782 2011 850 ἀπολογού-

437 880 577 951 μεθα
627 880 753 951 περὶ
797 879 892 932 τοῦ
925 879 1189 949 ἡμετέρου
1234 874 1428 945 Ἰησοῦ,
1468 872 1889 936 κοινοποιοῦντες
1936 873 2014 924 ἔτι

432 970 524 1021 τὸν
555 968 708 1036 λόγον
749 969 875 1039 περὶ
921 967 1196 1030 Μωῦσέως
1245 965 1338 1018 καὶ
1369 964 1616 1033 λέγοντες
1649 960 1794 1030 αὐτῷ
1814 978 1826 990 °
1861 961 2015 1015 πόσοι

433 1057 476 1108 δ’
507 1056 652 1110 ἄλλοι
680 1055 901 1109 τοιαῦτα
951 1054 1356 1126 τερατεύονται,
1406 1055 1565 1105 ὁποῖα
1596 1050 1854 1119 Μωῦσῆς,
1901 1065 2017 1100 πει-

435 1147 560 1210 θοῦς
588 1149 749 1201 ἕνεκα
796 1148 904 1200 τῶν
935 1147 1143 1217 εὐήθως
1177 1147 1482 1199 ἀκουόντων
1538 1140 2017 1214 ἐνεργολαϐοῦντες

436 1243 504 1311 τῇ
535 1240 744 1311 πλάνης
772 1241 883 1292 Καὶ
915 1239 1129 1309 μᾶλλον,
1159 1238 1299 1292 κατά
1324 1238 1412 1289 τὸν
1432 1235 1763 1289 ἀπιστοῦντα
1784 1235 2014 1302 Μωῦσῇ,

438 1330 554 1382 ἐστὶ
581 1330 806 1383 δυνατὸν
855 1328 1193 1399 παραθέσθαι
1238 1328 1326 1379 τὸν
1358 1326 1621 1395 Ζάμολξιν
1650 1326 1743 1378 καὶ
1774 1322 2021 1389 Πυθαγό-

441 1438 540 1492 ραν
572 1420 697 1483 τοὺς
744 1418 1262 1490 τερατευσαμένους,
1315 1419 1460 1489 ἥπερ
1509 1417 1599 1469 τὸν
1641 1415 1905 1477 Ἰουδαῖον,
1960 1414 2017 1464 ού

440 1512 580 1563 πάνυ
608 1509 919 1579 φιλομαθῶς
945 1509 1135 1578 ἔχοντα
1168 1508 1304 1577 πρὸς
1331 1507 1427 1570 τὰς
1463 1506 1727 1576 Ἑλλήνων
1761 1503 2017 1573 ἱστορίας.

442 1601 553 1653 Καὶ
580 1602 607 1652 ὁ
640 1599 937 1666 Αἰγύπτιος
963 1599 1019 1651 δὲ
1046 1600 1289 1651 ἀπιστῶν
1319 1602 1427 1661 τοῖς
1459 1581 1587 1666 περὶ
1617 1596 1892 1657 Μωῦσέως
1920 1611 2024 1645 πα-

443 1689 702 1761 ραδόξοις,
753 1688 992 1750 πιθανῶς
1023 1688 1395 1759 παραθήσεται
1422 1688 1512 1739 τὸν
1556 1688 1856 1756 Ῥαψίνιτον
1888 1686 2019 1756 (59).

2114 513 2416 569 innumeris
2447 510 2674 574 accidit;
2711 507 2814 571 vel,
2847 507 2988 575 quod
3012 506 3182 575 magis
3205 504 3550 569 crediderim,
3580 505 3682 557 hoc

2112 606 2355 675 prodigio
2384 603 2607 671 reliquis
2640 598 2948 654 hominibus
2993 597 3404 651 admirationem
3436 596 3684 649 incutere

2114 698 2365 761 voluerit,
2417 702 2471 749 et
2523 696 2624 748 hoc
2678 690 2959 746 mendacio
3009 690 3250 757 praebere
3291 687 3413 741 aliis
3441 687 3680 754 ejusdem

2115 787 2340 840 fallaciae
2384 784 2863 853 opportunitatem.
2894 800 2912 832 ›
2963 781 3224 846 Quoniam
3275 776 3693 847 igiturludaaus

2117 878 2229 931 haec
2264 877 2422 941 dicit,
2476 875 2628 942 quasi
2683 889 2803 927 cum
2853 872 3038 927 Judaco
3070 870 3197 924 mihi
3251 884 3337 924 res
3382 879 3545 935 esset,
3589 884 3686 923 no-

2117 977 2288 1021 strum
2315 964 2496 1019 Jesum
2548 964 2832 1018 defendam
2864 964 3052 1017 eadem
3083 962 3263 1015 omnia
3291 959 3597 1025 Qreﬂectens
3628 961 3681 1013 in

2118 1060 2379 1130 Moysen).
2429 1055 2507 1108 Ac
2542 1055 2776 1123 primum
2807 1067 2969 1122 quam
3003 1052 3154 1105 multi
3206 1051 3318 1116 alii,
3352 1061 3410 1104 ut
3442 1051 3685 1118 stupidus

2120 1149 2493 1206 demulcerent
2547 1146 2841 1206 auditores,
2890 1151 2947 1198 et
2997 1152 3260 1210 quaestum
3309 1132 3497 1195 errore
3543 1140 3688 1193 face-

2121 1253 2261 1308 rent,
2291 1242 2505 1306 iisdem,
2540 1239 2737 1309 quibus
2770 1235 3005 1305 Moyses,
3038 1235 3299 1304 prodigiis
3339 1233 3491 1287 abusi
3524 1230 3687 1286 sunt?

2121 1332 2272 1398 Quod
2305 1333 2369 1385 ad
2404 1328 2733 1383 Zamolxidis
2762 1336 2816 1380 et
2841 1324 3164 1396 Pythagora
3197 1324 3437 1393 prodigia
3467 1323 3685 1385 attinet,

2122 1439 2182 1477 ea
2215 1419 2624 1476 convenientius
2652 1415 2913 1485 obiecerit
2936 1415 3027 1484 qui
3060 1413 3228 1483 Moysi
3267 1429 3371 1467 non
3419 1412 3685 1476 crederet,

2122 1523 2283 1574 quam
2329 1506 2564 1571 Judaeus,
2596 1504 2681 1558 cui
2715 1504 2856 1557 haud
2902 1502 3189 1556 admodum
3224 1502 3372 1555 cordi
3403 1515 3523 1555 esse
3553 1502 3691 1555 solet

2122 1597 2561 1652 Graecanicarum
2590 1596 2943 1649 historiarum
2986 1594 3241 1663 cognitio.
3272 1592 3557 1663 {Egyptius
3587 1606 3687 1644 au..-

2127 1699 2231 1742 tem
2284 1688 2481 1742 nullam
2532 1688 2773 1741 tribuens
2819 1685 3017 1755 Moysis
3063 1684 3338 1737 miraculis
3392 1682 3575 1748 iidem,
3620 1683 3690 1735 de

439 1780 614 1847 λέγων
648 1779 825 1850 πολλῷ
867 1778 1054 1831 τοῦτον
1085 1774 1221 1831 εἶναι
1256 1778 1622 1848 πιθανώτερον
1660 1779 1739 1839 εἰς
1769 1776 1892 1846 ᾅδου
1922 1792 2022 1829 κα-

2128 1781 2459 1849 itampsinito
2515 1779 2865 1848 probabiliter
2927 1778 3132 1834 diceret
3180 1792 3301 1829 eum
3346 1789 3468 1829 esse
3519 1779 3690 1828 multo

441 1871 819 1940 ταϐεϐηκέναι,
856 1871 947 1922 καὶ
996 1868 1488 1937 συγκεκυϐευκέναι
1515 1872 1579 1940 τῇ
1608 1870 1879 1939 Δήμητρι,
1929 1869 2023 1921 καὶ

440 1960 675 2032 χρυσοῦν
722 1961 1115 2031 χειρόμακτρον
1162 1962 1290 2031 παρ’
1320 1961 1489 2029 αὐτῆς
1540 1959 1866 2028 ἁρπάσαντα
1914 1959 2022 2011 δει-

442 2050 634 2103 κνύναι
690 2050 954 2120 σύμϐολον
999 2048 1091 2102 τοῦ
1140 2052 1197 2103 ἐν
1246 2050 1371 2120 ᾅδου
1421 2049 1717 2118 γεγονέναι,
1772 2049 2024 2102 κάκεῖθεν

441 2140 835 2210 ἀναϐεϐηκέναι
861 2158 873 2170 ·
905 2141 1201 2203 Μωῦσέως,
1230 2140 1415 2194 ἐαυτὸν
1447 2140 1857 2210 ἀναγράψαντος
1888 2141 2027 2192 εἰσε-

442 2226 726 2298 ληλυθέναι
774 2231 851 2291 εὶς
896 2230 987 2281 τὸν
1018 2228 1234 2296 γνόφον,
1284 2228 1416 2279 ὅπου
1444 2222 1511 2296 ἦν
1539 2228 1567 2278 ὁ
1602 2226 1732 2289 Θεός
1755 2244 1768 2255 ·
1821 2227 1914 2278 καὶ
1943 2227 2024 2279 ὄτι

445 2318 603 2388 μόνος
651 2320 845 2389 ήγγισε
893 2320 1030 2389 πρὸς
1073 2319 1165 2371 τὸν
1215 2319 1366 2381 Θεὸν,
1419 2317 1568 2387 παρά
1617 2319 1740 2380 τοὺς
1784 2316 2022 2380 λοιπούς.

454 2410 751 2479 Ἀνέγραψε
782 2408 890 2480 γὰρ
938 2409 1139 2473 οὕτως’
1189 2410 1342 2461 «Καὶ
1367 2408 1606 2477 Μωῦσῆς
1652 2409 1808 2478 μόνος
1854 2411 2028 2475 ἐγγιεῖ

445 2499 582 2568 πρὸς
607 2501 696 2551 τὸν
729 2499 883 2561 Θεὸν,
931 2501 977 2551 οἱ
1002 2501 1057 2552 δὲ
1083 2500 1257 2552 λοιποὶ
1285 2501 1383 2552 οὐκ
1409 2499 1673 2566 ἐγγιοῦσι.
1703 2518 1721 2549 ›
1777 2500 2026 2569 Φήσομεν

440 2584 539 2638 οὖν
587 2587 744 2654 ἡμεῖς
789 2588 835 2637 οἱ
880 2587 972 2638 τοῦ
1021 2587 1195 2656 Ἰησοῦ
1247 2586 1502 2656 μαθηταὶ,
1562 2586 1695 2657 πρὸς
1727 2587 1817 2641 τὸν
1858 2588 2027 2640 ταῦτα

446 2673 675 2742 λέγοντα
719 2676 985 2739 Ἰουδαῖον,
1030 2677 1294 2745 ἀπολογοῦ
1346 2677 1409 2747 δὴ
1468 2679 1598 2747 ἡμῖν
1650 2680 1905 2748 περὶτῆς
1948 2681 2025 2743 είς

460 2761 666 2831 Ἰησοῦν
700 2763 934 2826 πίστεως
964 2764 1074 2834 (60)
1124 2764 1389 2833 ἐγκαλῶν,
1427 2765 1520 2816 καὶ
1571 2764 1694 2831 λέγε
1740 2765 1815 2835 τῷ
1864 2767 2028 2833 Δίγυ-

448 2853 590 2923 πτίῳ
640 2856 732 2906 καὶ
779 2858 890 2918 τοῖς
928 2856 1173 2927 Ἕλλησι,
1210 2857 1261 2908 τί
1306 2859 1498 2927 φήσεις
1531 2859 1666 2928 πρὸς
1714 2858 1749 2911 ἃ
1793 2859 2027 2928 ἤνεγκας

446 2942 586 2995 κατὰ
613 2942 704 2994 τοῦ
746 2944 923 3013 Ἰησοῦ
958 2944 1115 3014 ἡμῶν
1155 2946 1491 3016 ἐγκλήματα,
1531 2948 1807 3015 φθάσαντα
1840 2948 1904 3000 ἂν
1936 2949 2027 3001 καὶ

446 3033 538 3083 ἐπὶ
571 3032 841 3096 Μωῡσέα;
897 3033 1020 3085 Κᾶν
1049 3034 1188 3087 πάνυ
1219 3036 1275 3087 δὲ
1324 3035 1564 3105 ἀγωνίσῃ
1596 3037 1723 3105 περὶ
1750 3037 2027 3101 Μωῡσέως

445 3122 906 3191 ἀπολογήσασθαι,
958 3122 1144 3194 ὥσπερ
1193 3121 1285 3176 οῦν
1318 3125 1410 3178 καὶ
1458 3123 1569 3192 ἔχει
1603 3124 1900 3192 πληκτικὸν
1949 3125 2026 3177 λό-

450 3225 545 3275 γον
594 3211 686 3261 καὶ
716 3212 920 3281 ἐναργῆ
952 3213 1019 3265 τά
1066 3214 1195 3284 περὶ⁹
1220 3212 1384 3267 αὑτοῦ
1405 3230 1418 3242 ·
1446 3213 1629 3283 λήσεις
1665 3214 1856 3265 σαυτὸν
1892 3213 2022 3283 (61),

451 3304 509 3352 ὲν
532 3296 610 3363 οἷς
640 3304 767 3372 περὶ
789 3304 1061 3366 Μωῦσέως
1091 3304 1422 3377 ἀπολογήσῃ,
1459 3305 1607 3358 ἄκων
1641 3306 1910 3375 συστήσας
1932 3305 2025 3359 τὸν

464 3393 671 3463 Ἰησοῦν
702 3395 978 3459 Μωΰσέως
1011 3395 1323 3467 θειότερονω

534 3572 687 3625 Ἐπεὶ
728 3571 784 3624 δέ
812 3572 909 3636 τὰς
941 3573 1183 3646 ἡρωῖκάς
1218 3574 1457 3647 ἱστορίας
1509 3575 1636 3647 περὶ
1663 3575 1770 3628 τῶν
1803 3575 1914 3647 (62)
1950 3578 2028 3639 εἰς

450 3662 577 3731 ᾇδου
606 3663 1039 3734 καταϐεϐηκέναι
1065 3665 1390 3735 λεγομένων,
1430 3666 1682 3718 κάκεῖθεν
1707 3666 2029 3738 ἀνεληλυθέ-

450 3768 559 3817 ναι,
590 3752 870 3823 τερατείας
902 3748 1036 3808 εἷναί
1089 3771 1252 3825 φησιν
1300 3757 1329 3807 ό
1369 3755 1519 3826 παρά
1548 3756 1625 3825 τῷ
1656 3756 1852 3827 Κέλσῳ
1895 3759 2026 3809 Ἰου-

450 3842 628 3905 δαῖος·
677 3844 751 3907 ὼς
780 3843 887 3896 τῶν
935 3842 1129 3915 ἡρώων
1159 3845 1380 3913 ἀφανῶν
1429 3848 1738 3916 γενομένων
1787 3847 1876 3899 ἐπί
1907 3863 2029 3899 τινα

450 3933 661 4002 χρόνον,
696 3934 788 3986 καὶ
834 3934 1287 4004 ὑπεκκλεψάντων
1323 3938 1545 3999 ἑαυτοὺς
1570 3937 1669 4007 τῆς
1693 3937 1866 4007 ὅψεως
1895 3938 2031 3990 πάν-

451 4038 558 4074 των
603 4020 923 4092 ἀνθρώπων,
959 4024 1053 4074 καὶ
1101 4023 1237 4092 μετά
1282 4025 1455 4078 ταῦτα
1481 4027 1703 4087 ἑαυτοὺς
1731 4024 2030 4090 ἐπιδειξάν-

450 4127 578 4174 των,
609 4110 684 4172 ὼς
711 4110 818 4163 ἀπὸ
865 4111 992 4180 ᾅδου
1028 4112 1427 4182 άνεληλυθότων
1463 4114 1705 4183 (τοιαῦτα
1749 4116 1858 4185 γὰρ
1888 4115 2031 4169 ἔοικε

453 4203 581 4271 περὶ
628 4202 720 4254 τοῦ
775 4204 832 4256 ἐν
865 4203 1146 4273 Ὀδρύσαις
1184 4206 1442 4275 Ὀρφέως,
1492 4207 1705 4259 καὶτοῦ
1748 4210 1805 4259 ἐν
1837 4208 2033 4261 Θεσσα-

451 4291 543 4361 λία
587 4291 985 4361 Πρωτεσιλάου,
1038 4293 1255 4347 καὶτοῦ
1286 4296 1378 4346 ἐπὶ
1425 4295 1676 4365 Ταινάρῳ
1717 4297 2029 4366 Ἡρακλέος,

2126 1872 2297 1938 magis
2325 1871 2544 1939 dignum
2584 1870 2708 1934 fide,
2766 1884 2928 1936 quam
2978 1867 3237 1936 Moysem.
3284 1864 3447 1936 430
3473 1863 3602 1918 Nam
3635 1865 3691 1918 in

2127 1962 2328 2017 inferos
2377 1961 2741 2026 descendisse,
2792 1962 2987 2015 lusisse
3040 1960 3259 2015 tesseris
3306 1972 3430 2011 cum
3468 1956 3691 2020 Cerere,

2125 2052 2349 2105 mantile
2396 2066 2623 2107 aureum
2658 2052 2736 2105 illi
2785 2060 3029 2119 ereptum
3075 2050 3377 2105 ostendisse
3425 2047 3591 2102 veluti
3619 2048 3695 2101 si—

2125 2158 2287 2211 gnum
2338 2143 2419 2197 sui
2469 2144 2522 2196 in
2573 2142 2777 2197 inferos
2827 2143 3131 2205 descensus,
3188 2142 3310 2195 inde
3342 2143 3557 2195 demum
3608 2151 3695 2192 re-

2127 2249 2374 2299 measse;
2428 2234 2544 2289 hac
2593 2235 2780 2289 omnia
2825 2234 2997 2303 magis
3047 2232 3327 2287 credibilia
3354 2246 3496 2298 esse,
3529 2246 3693 2296 quam

2127 2340 2244 2394 qua:
2275 2326 2489 2395 Moyses
2521 2326 2587 2380 de
2619 2342 2678 2381 se
2706 2326 2918 2391 scribit,
2951 2326 3185 2380 intrasse
3218 2325 3351 2381 sein
3387 2324 3695 2393 caliginem,

2128 2416 2216 2471 ubi
2246 2416 2386 2471 Deus
2412 2418 2623 2480 erat“,
2674 2427 2900 2471 caeteros
2950 2415 3217 2481 exclusos,
3272 2415 3570 2469 accessisse
3609 2430 3699 2468 so-

2130 2509 2238 2563 lum
2276 2526 2289 2563 :
2322 2510 2439 2564 haec
2485 2509 2633 2563 enim
2684 2523 2803 2564 esse
2834 2509 2952 2577 ejus
2998 2509 3159 2562 verba
3196 2524 3209 2559 :
3248 2526 3267 2559 ι
3291 2507 3455 2561 Solus
3487 2505 3698 2576 Moyses

2129 2600 2348 2654 accedet
2379 2601 2442 2654 ad
2476 2599 2663 2663 Deum,
2703 2609 2755 2653 et
2787 2600 2878 2654 alii
2908 2614 3012 2654 non
3046 2598 3555 2668 appropinquahunt
3577 2599 3643 2652 ⁸⁷.
3671 2616 3690 2647 ι

2128 2693 2313 2760 Itaque
2342 2706 2440 2747 nos
2469 2690 2593 2746 Jesu
2625 2691 2870 2759 discipuli
2903 2694 2969 2745 ad
3001 2689 3240 2745 Judaeum
3284 2690 3398 2744 haec
3424 2689 3694 2745 dicentem

2131 2786 2578 2855 respondebimus
2627 2802 2642 2837 :
2694 2793 2748 2836 tu
2797 2784 2888 2852 qui
2920 2784 3182 2839 .‘nostram
3235 2785 3286 2837 in
3321 2782 3502 2838 Jesum
3535 2783 3698 2838 [idem

2128 2876 2462 2939 criminaris,
2518 2884 2570 2929 te
2615 2875 2789 2943 ipsum
2828 2887 2997 2930 tuere.
3044 2874 3327 2944 Responde
3359 2875 3612 2945 Egyptio
3643 2883 3698 2929 et

2129 2968 2331 3022 Graecis
2380 2966 2471 3035 qui
2522 2966 2708 3020 eadem
2754 2967 2807 3019 in
2840 2964 3076 3034 Moysem
3129 2978 3443 3035 retorquere
3472 2976 3699 3035 possunt

2130 3072 2250 3125 quae
2300 3067 2353 3110 tu
2402 3065 2592 3112 contra
2623 3056 2806 3110 Jesum
2858 3057 3105 3110 attulisti.
3159 3057 3309 3123 Quod
3341 3059 3384 3110 si
3433 3058 3484 3109 in
3518 3056 3700 3127 Moyse

2131 3150 2489 3215 defendendo,
2545 3160 2603 3204 nt
2646 3164 2776 3204 sane
2809 3149 3022 3203 defendi
3070 3159 3246 3218 potest
3294 3159 3349 3203 et
3376 3149 3547 3204 solide
3579 3149 3699 3217 qui-

2130 3244 2275 3309 dem,
2322 3244 2413 3297 diu
2469 3242 2809 3311 multumque
2858 3242 3228 3309 contenderis;
3285 3242 3598 3311 imprudens
3641 3251 3698 3297 et

2130 3336 2268 3390 nihil
2302 3336 2369 3391 de
2403 3335 2527 3391 Jesu
2564 3337 2812 3406 cogitans
2864 3350 3197 3406 quaecunque
3244 3352 3340 3405 pro
3372 3336 3703 3391 vindicando

2129 3426 2310 3497 Moyse
2355 3426 2664 3497 protuleris,
2718 3426 2907 3481 iisdem
2956 3426 3159 3483 eiIicies
3174 3423 3241 3481 in
3270 3427 3394 3483 Jesu
3426 3428 3555 3499 quid
3579 3442 3702 3483 esse

2130 3518 2386 3580 divinius,
2422 3534 2583 3587 quam
2615 3518 2668 3571 in
2702 3515 2902 3586 Moyse.

2198 3651 2287 3705 56.
2326 3652 2591 3717 Quoniam
2648 3666 2776 3705 vero
2825 3664 2893 3704 ex
2926 3651 3016 3715 iis,
3070 3664 3190 3718 quae
3220 3650 3285 3704 de
3315 3647 3531 3718 Orpheo
3559 3650 3702 3718 apud

2130 3741 2393 3811 Odrysas,
2449 3744 2515 3797 de
2546 3740 2851 3796 Protesilao
2896 3742 2950 3795 in
3000 3739 3303 3805 Thessalia,
3355 3740 3421 3794 de
3468 3738 3703 3793 Hercule

2133 3835 2188 3887 in
2246 3832 2472 3886 Taenaro
2516 3842 2570 3885 et
2600 3832 2665 3887 de
2709 3832 2920 3887 Theseo
2972 3846 3135 3899 supra
3190 3831 3374 3886 retulit
3417 3829 3558 3885 Celsi
3606 3829 3701 3884 Ju-

2133 3926 2300 3990 dwus,
2349 3927 2464 3992 ejus
2498 3940 2636 3991 ,esse
2669 3925 2937 3979 sententia
2982 3926 3196 3978 videtur
3229 3925 3451 3979 heroum
3484 3923 3697 3980 illorum

2132 4028 2185 4071 et
2214 4017 2267 4069 in
2296 4015 2500 4070 inferos
2528 4016 2846 4071 descensum
2882 4023 2935 4070 et
2960 4029 3026 4068 ex
3062 4016 3248 4070 inferis
3276 4015 3529 4079 reditum,
3563 4030 3703 4084 prae-

2132 4110 2320 4178 stigias
2372 4123 2493 4164 esse
2544 4125 2558 4161 :
2609 4109 2807 4178 quippe
2856 4108 3053 4176 quibus
3102 4108 3250 4175 jsatis
3296 4106 3462 4160 fuerit
3510 4107 3703 4159 abesse

2134 4201 2399 4270 quoddam
2430 4210 2661 4267 tempus,
2693 4199 2865 4254 oculis
2910 4198 3189 4251 hominum
3222 4210 3342 4250 sese
3375 4195 3699 4261 subducere,

2133 4302 2187 4345 et
2212 4301 2395 4359 postea
2444 4306 2502 4345 se
2551 4291 2605 4343 in
2634 4299 2983 4357 conspectum
3018 4291 3168 4351 dare,
3204 4296 3262 4341 ut
3295 4287 3364 4341 ab
3393 4285 3583 4339 inferis
3617 4299 3703 4338 re-

450 4381 533 4435 ἔτι
559 4382 616 4435 δὲ
644 4384 737 4434 καὶ
779 4384 906 4453 περὶ
936 4383 1180 4453 Θησέως,
1227 4384 1510 4453 ἐμφαίνειν
1554 4384 1717 4437 αὐτοῦ
1756 4382 1788 4450 ἡ
1829 4385 2023 4457 λέξις)·

2135 4383 2298 4436 duces
2328 4382 2656 4435 haberentur
2691 4399 2704 4433 :
2742 4395 2841 4449 age
2880 4380 3174 4449 probemus
3221 4378 3275 4433 id
3303 4378 3444 4447 quod
3478 4378 3546 4433 de
3573 4375 3700 4431 Jesu

459 4474 591 4543 φέρε
638 4474 1106 4543 παραστήσωμεν,
1160 4474 1239 4525 ὅτι
1280 4474 1339 4525 οὐ
1383 4474 1599 4526 δύναται
1646 4474 1707 4525 τὸ
1760 4475 1900 4528 κατά
1937 4474 2027 4528 τὸν

465 4564 670 4635 Ἰησοῦν
706 4564 1084 4636 ἱστορούμενον
1130 4567 1195 4617 ἐκ
1240 4565 1445 4635 νεκρῶν
1494 4565 1785 4636 ἐγηγέρθαι
1820 4565 2027 4628 τούτοις

453 4655 912 4726 παραϐάλλεσθαι.
954 4656 1217 4717 Ἕκαστος
1268 4657 1365 4726 μὲν
1411 4656 1520 4726 γάρ
1568 4656 1676 4709 τῶν
1724 4656 2028 4726 λεγομένων

452 4744 591 4797 κατά
618 4746 743 4808 τοὺς
785 4746 981 4807 τόπους
1010 4745 1203 4816 ἡρώων
1238 4745 1514 4816 βουληθεὶς
1545 4747 1608 4800 ἂν
1651 4746 1881 4817 ἐδυνήθη
1911 4749 2031 4799 ἐαυ-

453 4833 541 4883 τὸν
572 4834 907 4904 ὑπεκκλέψαι
955 4836 1053 4904 τῆς
1080 4836 1254 4905 oti/eoa;
1297 4836 1403 4889 τῶν
1435 4836 1752 4907 ἀνθρώπων,
1801 4837 2029 4893 καὶπά-

455 4916 538 4969 λιν
578 4922 766 4990 κρίνας
798 4923 1112 4977 ἐπανελθεῖν
1160 4926 1296 4995 πρὸς
1336 4924 1429 4988 οὓς
1473 4928 1891 4980 καταλέλοιπεν’
1936 4928 2033 4998 Ἰη-

459 5006 552 5059 σοῦ
581 5008 635 5060 δέ
666 5013 1062 5083 παυρωθὲντος
1101 5016 1192 5067 ἐπὶ
1238 5015 1452 5069 πάντων
1494 5017 1779 5083 Ἰουδαίων,
1815 5018 1908 5071 καὶ
1935 5035 2032 5071 κα-

529 5142 574 5173 ⁸⁶
608 5142 782 5196 Exod.
819 5157 909 5207 xx,
937 5143 1029 5197 2|.
1108 5145 1152 5176 ³⁷
1190 5145 1361 5200 Exod.
1394 5162 1547 5213 xxiv,
1581 5147 1638 5201 2.

528 5274 642 5348 (59)
682 5277 1090 5344 Παραθήσεται
1129 5284 1235 5333 τόν
1279 5282 1640 5350 Ῥαψίνιτον.
1706 5282 1793 5337 Sic
1838 5300 2024 5340 omnes

459 5363 588 5419 mss.
622 5350 672 5419 in
704 5351 899 5415 quibus
913 5350 1091 5419 _eti.itn
1118 5366 1278 5417 supra
1312 5353 1529 5419 legitur,
1564 5352 1883 5419 Ῥαψίνιτον,
1917 5370 2020 5406 ltull

468 5415 835 5504 Ῥαμψίνιτον.
912 5415 1069 5473 Libb.
1117 5415 1248 5474 editi
1300 5415 1532 5483 habent,
1579 5415 1880 5493 παραθήσει
1929 5424 2022 5476 τὸν

486 5486 834 5556 Ραμψίνιτον.

532 5526 924 5624 ῖϐζθῖηιῖξινῖιυο
971 5556 1130 5613 codd.
1178 5558 1459 5626 Anglicani
1512 5569 1567 5613 et
1622 5560 1726 5613 duo
1757 5560 2020 5616 Vaticani.

458 5626 603 5701 Libri
654 5641 799 5701 vero“
810 5628 964 5701 editi,
993 5627 1257 5701 ἀπολογοῦ
1295 5628 1359 5701 ,δέ
1386 5630 1531 5701 ἡμῖν
1550 5630 1676 5701 περὶ
1708 5630 1808 5698 τῆς
1847 5630 2019 5701 Ἰησοῦ

463 5695 709 5761 πίστεως.
760 5696 921 5755 Forte
946 5698 1249 5769 legendum,
1282 5695 1545 5767 ἀπολογοῦ
1579 5695 1639 5770 δή
1671 5695 1797 5770 ἡμῖν
1846 5703 1873 5753 ὀ
1898 5695 2021 5773 περὶ

2133 4488 2199 4527 ex
2231 4472 2458 4526 mortuis
2506 4472 2904 4525 resurrectione
2948 4480 3305 4536 memoratur,
3334 4484 3457 4524 cum
3491 4469 3597 4524 illis
3625 4470 3701 4523 hi-

2133 4561 2316 4615 storiis
2366 4560 2676 4615 nullomodo
2723 4573 2882 4629 posse
2926 4560 3258 4628 comparari.
3302 4560 3522 4614 Illorum
3551 4559 3700 4614 enim

2135 4653 2300 4707 variis
2344 4653 2398 4706 in
2448 4652 2580 4707 locis
2629 4653 2849 4707 heroum
2898 4654 3272 4721 unusquisque
3320 4653 3699 4721 potuit,‘|cum

2136 4745 2322 4809 voluit,
2354 4756 2473 4798 sese
2505 4744 2816 4812 conspectui
2860 4745 3141 4799 hominum
3173 4742 3516 4808 subtrahere,
3554 4750 3702 4811 post-

2133 4850 2327 4904 eaque,
2358 4837 2402 4891 si
2435 4837 2505 4890 ita
2536 4837 2828 4903 videretur,
2875 4837 3053 4891 redire
3086 4836 3152 4891 ad
3178 4849 3273 4890 eos
3303 4849 3438 4904 quos
3466 4834 3701 4904 relique-

2132 4934 2254 4991 rat;
2285 4924 2440 4981 Jesus
2475 4936 2679 4993 autem,
2725 4928 2815 4996 qui
2847 4926 3034 4982 aﬂixus
3062 4927 3207 4981 cruci
3234 4926 3355 4997 gruit
3386 4926 3562 4995 palam
3588 4923 3700 4993 [Ju-

2134 5016 2262 5071 daais
2288 5018 2561 5085 omnibus,
2616 5018 2769 5087 cujus
2797 5002 3006 5090 corpus.
3032 5019 3097 5072 de
3129 5032 3309 5085 cruce,
3356 5019 3697 5088 inspectante

2131 5286 2225 5354 τῆς
2257 5287 2335 5347 εἰς
2373 5284 2576 5355 Ἰησοῦν
2610 5282 2844 5347 πίστεως
2872 5283 3134 5352 ἐγκαλῶν.
3167 5281 3483 5355 [faulopost
3506 5292 3692 5355 omnes

2131 5348 2283 5475 ιιὲὲεη
2325 5348 2443 5407 καῖ
2474 5354 2564 5406 ἐπὶ
2612 5348 2922 5417 Μωῦσέα;’
2957 5350 3221 5420 impressi,
3269 5348 3362 5400 καὶ
3402 5348 3495 5399 ἐπὶ
3524 5348 3692 5404 Μωῦ-

2131 5440 2160 5473 σ
2191 5441 2283 5475 ως.

2129 5440 2308 5564 πῖθι.)
2340 5490 2539 5547 Omnes
2568 5506 2721 5558 mss.,
2765 5492 2947 5562 λήσεις
2970 5488 3182 5541 σαυτόν.
3234 5485 3507 5555 lmpressi,
3552 5486 3693 5562 λὴσῃ

2128 5563 2546 5701 σαῗθεὲἴ’οιηῐιθε
2592 5645 2747 5701 mss.,
2803 5627 3043 5697 ἱστορίας
3090 5627 3215 5698 περὶ
3264 5625 3391 5682 τῶν.
3443 5627 3501 5684 In
3533 5635 3687 5685 antea

2128 5700 2295 5758 editis
2314 5702 2467 5758 deest
2498 5700 2622 5769 περί
2660 5700 2715 5753 in
2746 5705 2913 5753 textu.
