3998 6170
390 271 493 326 887

1864 275 2182 333 ORIGENIS

3523 281 3641 335 $233

389 384 610 453 populo,
640 385 908 440 sublatum
947 386 1066 454 fuit,
1115 387 1384 456 quomodo
1417 389 1532 444 ﬁeri
1577 390 1752 459 potuit
1783 399 1841 444 ut
1876 391 1945 444 fe-

2059 390 2399 463 Θαιρεθέντος
2447 393 2609 446 αὐτοῦ
2657 394 2748 446 τοῦ
2798 393 3044 464 σώματος
3078 394 3134 446 ἐν
3181 393 3297 462 ὕψει
3327 391 3434 452 ¹τοῦ
3457 393 3643 464 δήμου

389 477 530 530 cerit
558 477 686 545 quid
724 478 900 532 simile
947 477 1048 532 illis
1095 479 1366 544 heroibus,
1418 480 1510 549 qui
1545 480 1597 534 in
1631 480 1831 537 inferos
1858 483 1953 537 de-

390 568 669 622 scendisse
707 577 762 621 et
809 568 931 622 inde
979 568 1177 621 reversi
1207 583 1326 624 esse
1355 571 1739 639 perhibentur?
1782 576 1956 642 Atque

388 657 534 712 haud
582 660 694 713 scio
739 674 805 712 an
847 657 1000 727 vulgo
1035 661 1240 714 credita
1271 661 1361 715 illa
1410 663 1636 718 heroum
1672 665 1724 718 in
1754 664 1954 719 inferos

390 751 674 805 descensio
707 765 896 804 novam
945 752 1212 808 rationem
1267 756 1590 824 suppeditet,
1628 772 1726 811 cur
1750 760 1957 813 cruciﬁ-

390 857 490 894 xus
523 840 686 894 fuerit
729 838 906 894 Jesus.
959 839 1231 898 Ponamus
1273 846 1414 898 enim
1454 845 1634 900 Jesum
1665 849 1950 902 obscuram

387 929 582 983 ohiisse
614 940 864 993 mortem,
917 932 989 985 ita
1022 941 1079 985 ut
1108 949 1254 988 mors
1279 933 1395 1001 ejus
1422 951 1525 990 non
1561 936 1726 990 fuerit
1763 939 1953 1007 popuio

387 1019 486 1072 toti
519 1019 770 1088 cognita;
821 1035 944 1076 eum
973 1023 1168 1078 deinde
1199 1037 1268 1078 ex
1301 1027 1525 1080 mortuis
1555 1041 1680 1082 vere
1712 1042 1953 1082 resurre-

385 1110 567 1173 xisse;
618 1107 814 1164 fuisset
846 1101 931 1165 'de
959 1125 1024 1166 eo
1056 1113 1266 1168 dicendi
1313 1113 1483 1178 locus,
1511 1117 1654 1184 quod
1685 1121 1749 1171 de
1776 1118 1952 1172 herni-

386 1203 484 1256 bus
531 1203 900 1270 suspicamur.
962 1206 1042 1258 Ad
1075 1207 1208 1260 alias
1236 1208 1399 1276 igitur
1433 1223 1645 1274 causas,
1675 1225 1771 1266 cur
1801 1208 1956 1265 Jesus

382 1294 675 1347 cruciﬁxus
725 1292 912 1360 fuerit,
961 1296 1082 1348 addi
1136 1295 1275 1350 forte
1329 1305 1504 1364 potest
1549 1307 1603 1352 et
1645 1298 1767 1365 ista,
1806 1298 1952 1352 illum

382 1384 556 1449 palam
605 1383 659 1436 in
718 1399 878 1439 cruce
913 1397 1185 1440 mortuum
1235 1403 1373 1447 esse,
1428 1397 1482 1442 ut
1523 1403 1590 1442 ne
1616 1389 1738 1457 quis
1793 1388 1949 1460 43],

382 1474 590 1529 diceret
640 1475 792 1530 illum
845 1477 1112 1531 volentem
1165 1479 1233 1533 ab
1261 1479 1432 1533 oculis
1473 1479 1752 1533 hominum
1779 1496 1952 1534 reces-

379 1567 540 1631 sisse,
595 1581 700 1619 non
739 1577 1010 1621 mortuum
1050 1584 1256 1635 revera,
1314 1571 1411 1623 sed
1452 1571 1624 1624 visum
1659 1586 1779 1625 esse
1819 1562 1956 1624 dun;

384 1667 535 1711 taxat
576 1657 735 1720 mori,
789 1667 844 1710 et
892 1673 1170 1713 reversum
1230 1671 1436 1728 postea,
1497 1662 1712 1728 quando
1759 1663 1950 1725 voluit,

382 1763 536 1801 suam
566 1763 597 1802 e
627 1750 853 1804 mortuis
883 1751 1189 1820 prodigiose
1221 1751 1441 1807 ﬁnxisse
1470 1755 1948 1808 resurrectionem.

347 1862 354 1872 -
381 1841 652 1890 Cancrum
685 1853 806 1893 eum
857 1839 1106 1908 discipttli
1136 1856 1193 1894 se
1224 1850 1366 1894 totos
1392 1841 1641 1895 dederint
1669 1842 1951 1906 doctrinae,

385 1941 546 1992 quam
585 1941 689 1979 non
738 1927 853 1981 sine
881 1943 1092 1982 summo
1123 1929 1384 1997 periculo,
1421 1938 1476 1983 ut
1516 1931 1792 1984 hominum
1824 1941 1952 1986 tunc

380 2018 494 2070 vita
543 2026 677 2077 erat.
746 2018 988 2086 profiteri
1041 2030 1312 2089 poterant,
1370 2023 1468 2091 ipsi
1520 2023 1653 2078 mihi
1702 2024 1953 2078 videntur

382 2109 728 2176 perspicuum
774 2124 891 2163 esse
939 2119 992 2164 et.
1047 2112 1272 2166 evidens
1321 2113 1739 2169 resurrectionis
1787 2131 1950 2184 argu-

380 2210 641 2254 mentum.
693 2200 845 2257 Hanc
892 2202 1035 2257 enim
1083 2202 1410 2268 doctrinam,
1460 2205 1506 2258 si
1556 2205 1841 2260 linxissent
1875 2224 1953 2261 rc-

379 2292 682 2346 surrexisse
707 2291 891 2347 Jesum
940 2309 1005 2346 ex
1039 2295 1288 2358 mortuis,
1337 2303 1482 2348 tanta
1510 2297 1813 2349 constantia
1845 2315 1947 2352 non

379 2383 811 2447 aununtiassent,
865 2394 921 2436 ut
965 2399 1073 2438 non
1112 2385 1292 2440 solum
1343 2387 1462 2441 aliis
1516 2389 1708 2441 mortis
1761 2389 1949 2458 despe-

374 2481 524 2525 ctum
573 2472 917 2537 instillarent,
955 2475 1048 2529 sed
1095 2476 1260 2530 etiam
1292 2476 1390 2544 ipsi
1421 2477 1628 2546 priores
1651 2479 1792 2534 hanc
1821 2482 1948 2534 sub-

377 2573 538 2615 tt‘eut.

451 2739 537 2791 57.
571 2737 688 2792 Jam
730 2741 853 2795 vide
895 2758 1056 2810 quam
1097 2745 1506 2800 inconsiderate
1542 2749 1683 2816 apud
1731 2748 1944 2803 Celsqu

375 2827 618 2896 .‘udtcus,
653 2833 807 2901 quasi
845 2832 962 2887 fieri
999 2847 1256 2904 nequeat,
1290 2846 1347 2890 ut
1374 2839 1497 2905 quis
1519 2853 1586 2893 ex
1615 2840 1840 2894 mortuis
1862 2855 1948 2894 re-

377 2931 568 2990 surgat
609 2923 726 2990 ipso
754 2938 1010 2992 corpore,
1047 2927 1190 2982 dicat
1221 2947 1233 2980 :
1267 2947 1285 2979 ι
1317 2927 1422 2983 Sed
1443 2930 1573 2983 illud
1599 2931 1946 2985 consideran-

377 3013 502 3062 dum
541 3020 648 3076 est,
693 3028 761 3066 an
811 3015 1011 3082 aliquis
1059 3031 1186 3070 vere
1230 3028 1478 3074 mortuus
1507 3020 1797 3089 aliquando
1831 3022 1944 3089 ipso

375 3115 600 3168 corpore
634 3105 1186 3161 resurrexerit.»lizrc
1212 3107 1451 3175 profecto
1473 3108 1643 3164 Judwi
1673 3125 1775 3164 non
1799 3121 1942 3164 sunt.

375 3189 428 3242 ls
453 3189 595 3242 enim
631 3190 790 3244 fidem
839 3194 1082 3263 adjungit
1130 3195 1196 3248 iis
1227 3201 1350 3264 quae
1384 3197 1435 3249 in
1473 3199 1631 3252 tertio
1665 3208 1718 3250 et
1752 3211 1946 3265 quarto

375 3281 579 3349 Regum
610 3281 747 3335 libro
771 3284 973 3350 scripta
1003 3296 1130 3338 sunt
1161 3288 1226 3340 de
1254 3287 1518 3356 puerulis,
1548 3304 1777 3356 quorum
1807 3291 1942 3344 alte-

375 3386 494 3422 rum
531 3370 708 3436 Elius,
774 3373 1006 3428 Eliswus
1051 3375 1282 3428 alterum
1334 3376 1638 3431 suscitavit.
1696 3379 1808 3433 lmo
1845 3380 1945 3434 hac

374 3464 713 3529 potissimum
757 3479 922 3519 causa
950 3465 1133 3519 Jesum
1169 3467 1236 3520 ad
1273 3467 1489 3524 Judaaos
1523 3471 1700 3538 potius
1724 3513 1738 3535 ,
1783 3489 1942 3538 quam

374 3553 441 3604 ad
473 3552 630 3605 aliam
668 3563 879 3622 gentem
916 3556 1131 3610 venisse
1175 3557 1443 3623 arbitror,
1483 3562 1626 3628 quod
1669 3563 1944 3618 miraculis

373 3641 666 3696 assuefacti
695 3652 854 3697 erant
885 3660 898 3694 :
936 3652 991 3695 ut
1043 3645 1292 3698 videlicet
1325 3646 1672 3702 conferendis
1715 3650 1779 3704 iis
1825 3666 1944 3719 quae

374 3732 579 3785 credita
624 3732 876 3798 fuerant,
931 3749 1052 3787 cum
1104 3736 1224 3789 aliis
1258 3751 1376 3804 qua:
1411 3737 1624 3792 abJesu
1657 3740 1855 3794 fiebant
1889 3751 1945 3795 et

376 3821 443 3872 de
473 3820 564 3874 illo
586 3820 920 3885 ferebantur,
957 3823 1171 3877 tandem
1198 3837 1556 3893 agnoscerent
1595 3839 1740 3895 eum,
1767 3847 1795 3883 a
1837 3847 1942 3900 quo

374 3921 431 3964 et
462 3921 684 3978 propter
717 3928 880 3981 quem
909 3916 1116 3984 majora
1156 3920 1512 3984 patrabantur
1533 3931 1697 3990 atque
1718 3924 1944 3977 incredi-

373 4000 572 4055 biliora
611 4003 914 4069 miracula,
965 4005 1230 4074 majorem
1268 4010 1372 4063 illis
1411 4013 1665 4067 omnibus
1705 4029 1824 4068 esse
1850 4017 1940 4083 qui

373 4103 638 4156 praecesse
646 4101 784 4146 rant.

439 4179 531 4233 58.
563 4181 856 4252 Postquam
887 4194 1066 4239 autem
1100 4185 1316 4241 Judanus
1347 4202 1378 4242 e
1415 4188 1727 4245 Graecorum
1765 4193 1939 4247 histo-

372 4268 469 4324 riis
501 4271 768 4340 ejusmodi
838 4277 1117 4332 hominum
1170 4281 1471 4348 praestigias
1531 4282 1820 4354 fictamque
1873 4302 1937 4340 θ’(

2057 480 2253 545 αὐτῶν,
2297 481 2412 544 πῶς
2439 481 2637 534 οἴονται
2675 481 2784 553 (65)
2813 483 2873 535 τὸ
2919 483 3291 554 παραπλήσιον
3326 483 3641 538 πλάσασθαι

2056 570 2232 639 λέγειν
2262 572 2420 626 αὐτὸν
2446 574 2558 635 τοῖς
2598 573 2993 643 ἱστορουμένοις
3023 575 3230 644 ἥρωσιν
3261 577 3341 637 εἰς
3380 573 3504 644 ᾆδον
3537 592 3642 629 κα-

2053 661 2433 732 ταϐεϐηκέναι,
2465 660 2716 714 κάκεῖθεν
2760 662 3177 732 άνεληλυθέναι;
3230 663 3406 732 φαμὲν
3447 662 3514 727 δ’,
3547 665 3641 716 ὅτι

2059 751 2265 820 μήποτε
2314 751 2448 821 πρὸς
2491 751 2784 817 ἀπολογίαν
2836 750 2932 804 τοῦ
2985 751 3355 821 ἐσταυρῶσθαι
3396 752 3485 805 τὸν
3530 754 3642 823 Ἰη-

2058 838 2184 892 σοῦν
2218 840 2312 892 καὶ
2358 840 2565 894 τοιοῦτο
2607 841 2800 907 λέγοιτ’
2829 840 2914 905 ἂν,
2977 842 3208 911 μάλιστα
3256 842 3344 895 διά
3384 844 3453 896 τὰ
3504 845 3639 913 περὶ

2057 930 2162 983 τῶν
2187 930 2378 1000 ἡρώων
2415 932 2765 1002 ίστορηθέντα
2790 931 2896 984 τῶν
2929 934 3008 995 είς
3037 932 3162 1002 ᾅδου
3199 932 3640 1003 καταϐεϐηκένοιι

2059 1018 2150 1088 βίᾳ
2185 1019 2549 1090 νομιζομένων
2579 1021 2711 1093 (64),
2746 1023 2825 1076 ὅτι
2850 1025 2896 1075 εί
2928 1022 3046 1076 καθ’
3076 1023 3329 1076 ὑπόθεσιν
3354 1025 3381 1074 6
3426 1022 3639 1092 Ἰησοῦς

2059 1109 2335 1179 ἐτεθνήκει
2369 1112 2563 1182 ἀσήμῳ
2595 1112 2827 1183 θανάτῳ,
2857 1112 2953 1181 οὐχ
2985 1111 3126 1164 ὥστε
3152 1113 3306 1182 δῆλος
3338 1109 3473 1166 εἶναι
3507 1114 3640 1165 ἀπο-

2059 1199 2232 1254 θανὼν
2266 1201 2369 1271 ὅλῳ
2396 1202 2473 1272 τῷ
2499 1202 2653 1274 δήμῳ
2693 1203 2800 1257 τῶν
2835 1203 3121 1267 Ἰουδαίων,
3154 1199 3271 1257 εἶτα
3319 1203 3456 1273 μετά
3491 1203 3637 1256 τοῦτ’

2058 1287 2273 1359 ἀληθῶς
2312 1285 2378 1359 ἦν
2417 1290 2651 1354 ἀναστάς
2696 1293 2760 1342 ἐκ
2805 1292 3032 1363 νεκρῶν,
3079 1290 3260 1362 χώραν
3293 1288 3436 1362 εἶχεν
3479 1293 3544 1345 ἂν
3573 1294 3639 1345 τὸ

2059 1379 2351 1450 ύπονοηθέν
2382 1382 2641 1451 περὶτῶν
2677 1380 2886 1452 ἡρώων,
2934 1385 3024 1435 καὶ
3059 1384 3187 1454 περὶ
3225 1383 3410 1436 τούτου
3440 1383 3639 1453 λεχθῆ-

2056 1488 2164 1524 ναι.
2192 1471 2403 1542 Μήποτ’
2437 1468 2528 1525 οῦν
2564 1473 2698 1542 πρὸς
2722 1473 2898 1538 ἄλλοις
2924 1474 3113 1537 αἰτίοις
3138 1474 3230 1527 τοῦ
3259 1475 3636 1546 σταυρωθῆναι

2055 1561 2145 1613 τὸν
2181 1560 2406 1632 Ἰησοῦν,
2441 1564 2534 1615 καὶ
2561 1562 2719 1616 τοῦτο
2744 1563 2964 1618 δύναται
2995 1564 3392 1635 συμϐάλλεσθαι
3419 1566 3517 1636 τῷ,
3546 1568 3638 1620 αύ-

2058 1653 2146 1704 τὸν
2202 1655 2484 1724 ἐπισήμως
2517 1655 2609 1707 ἐπὶ
2651 1654 2744 1708 τοῦ
2792 1655 3023 1725 σταυροῦ
3068 1657 3512 1727 ἀποτεθνηκέναι,
3549 1658 3636 1709 ἵνα

2061 1744 2246 1812 μηδεὶς
2296 1744 2393 1816 ἔχῃ
2445 1745 2641 1814 λέγειν,
2689 1748 2772 1799 ὅτι
2807 1747 2948 1800 ἑκὼν
2995 1747 3265 1819 ὑπεξέστη
3315 1748 3413 1818 τῆς
3457 1749 3635 1818 ὅψεως

2054 1836 2161 1888 τῶν
2192 1836 2512 1907 ἀνθρώπων,
2556 1841 2648 1891 καὶ
2679 1839 2855 1903 ἔδοξεν
2896 1840 3341 1910 ἀποτεθνηκέναι,
3374 1842 3474 1893 οὑκ
3507 1843 3638 1893 ἀπο-

2051 1929 2277 1998 τέθνηκε
2325 1929 2402 1990 δέ,
2450 1929 2562 1982 ἀλλ’
2614 1932 2893 1998 ἐπιφανεὶς
2941 1931 3330 2002 ἐτερατεύσατο
3374 1931 3482 2001 (65)
3535 1934 3636 2002 τὴν

2053 2021 2116 2070 ἐκ
2175 2018 2378 2088 νεκρῶν
2419 2019 2734 2073 ἀνάστασιν.
2786 2020 2963 2088 Σαφές
3005 2019 3048 2072 δ’
3087 2017 3236 2089 οἶμαι
3270 2020 3365 2074 καὶ
3407 2022 3634 2093 ἐναργὲς

2051 2106 2272 2162 εἶναιτὸ
2303 2112 2365 2162 ἐκ
2413 2109 2518 2162 τῶν
2555 2109 2812 2179 μαθητῶν
2849 2110 3010 2163 αὑτοῦ
3045 2111 3396 2180 ἐπιχείρημα.
3434 2113 3635 2165 ἐπικιν-

2050 2199 2190 2269 δύνῳ
2223 2199 2328 2270 (66)
2363 2200 2439 2262 ὡς
2491 2200 2626 2270 πρὸς
2656 2199 2746 2251 τὸν
2771 2199 2879 2252 τῶν
2908 2198 3206 2270 ἀνθρώπων
3247 2199 3358 2269 βίον
3382 2201 3634 2253 διδασκα-

2050 2290 2140 2361 λίᾳ
2186 2290 2410 2354 ἑαυτοὺς
2460 2289 2854 2343 ἐπιδεδωκότων
2875 2307 2888 2320 ο
2921 2291 2987 2360 ἢν
3011 2290 3110 2342 οὐκ
3138 2289 3222 2355 ἂν,
3271 2290 3632 2360 πλασσόμενα

2048 2382 2110 2433 τὸ
2143 2381 2436 2452 ἐγηγέρθαι
2475 2381 2563 2433 τὸν
2606 2380 2813 2448 Ἰησοῦν
2841 2382 2903 2432 ἐκ
2937 2379 3163 2448 νεκρῶν,
3199 2380 3369 2444 οὕτως
3399 2381 3631 2443 εὐτόνως

2050 2471 2292 2536 ἐδίδαξαν
2312 2489 2324 2501 ·
2361 2471 2496 2541 μετά
2527 2471 2619 2524 τοῦ
2652 2473 2742 2525 καὶ
2763 2473 2913 2524 αὐτοὶ
2937 2473 2996 2524 ού
3032 2472 3188 2541 μόνον
3215 2472 3435 2542 ἐτέρους
3460 2489 3630 2542 παρα-

2051 2559 2334 2622 σκευάζειν
2369 2559 2504 2631 πρὸς
2552 2559 2612 2611 τὸ
2661 2560 2891 2612 Θανάτου
2923 2563 3298 2630 καταφρονεῖν,
3338 2560 3452 2613 ἀλλ’
3479 2561 3630 2614 αὐτοὶ

2049 2647 2186 2700 πολὺ
2215 2649 2477 2720 πρότερον
2507 2647 2615 2718 (67)
2639 2648 2794 2702 τοῦτο
2817 2651 3006 2702 ποιεῖν.
3702 2711 3706 2714 _

2117 2738 2357 2808 Πρόσχες
2390 2738 2466 2801 δὲ,
2501 2741 2547 2790 εί
2580 2739 2652 2809 μὴ
2680 2739 2820 2791 πάνυ
2857 2738 3068 2806 τυφλῶς
3097 2739 3124 2789 6
3155 2739 3304 2809 παρά
3332 2739 3411 2808 τῷ
3438 2738 3628 2808 Κέλσῳ

2061 2828 2326 2892 Ἰουδαῖος,
2353 2829 2428 2891 ὡς
2468 2828 2727 2881 ἀδυνάτου
2757 2828 2908 2890 ὄντος
2939 2829 3033 2881 τοῦ
3067 2829 3385 2882 ἀνίστασθαί
3415 2847 3535 2884 τινα
3565 2831 3628 2884 ἐκ

2047 2917 2255 2988 νεκρῶν
2278 2917 2425 2988 αὐτῷ
2445 2918 2676 2988 σώματι,
2701 2919 2864 2990 φησίν
2884 2936 2897 2948 ο
2925 2937 2943 2969 ι
2984 2918 3121 2970 Ἀλλ’
3147 2920 3322 2971 ἐκεῖνο
3343 2920 3623 2984 σκεπτέον,

2048 3007 2100 3058 εἴ
2125 3024 2207 3070 τις
2233 3007 2447 3076 ἀληθῶς
2469 3006 2752 3060 ἀποθανὼν
2781 3007 2978 3076 ἀνέστη
3005 3009 3132 3060 ποτέ
3159 3008 3307 3078 αὐτῷ
3335 3007 3568 3078 σώματι·
3602 3031 3619 3059 ι

2048 3099 2147 3150 οὐκ
2179 3098 2242 3153 ἂν
2280 3099 2388 3168 γὰρ
2422 3095 2572 3151 εἶπεν
2609 3100 2637 3150 ὁ
2694 3098 2940 3162 Ἰουδαῖος
2972 3100 3174 3163 ταῦτα,
3210 3101 3482 3155 πιστεύων
3517 3107 3627 3165 τείς

2046 3191 2104 3242 ἐν
2131 3192 2196 3259 τῇ
2227 3190 2386 3261 τρίτῃ
2414 3189 2521 3241 τῶν
2549 3189 2842 3243 Βασιλειῶν
2875 3191 3406 3262 ἀναγεγραμμένοις,
3439 3195 3533 3246 καὶ
3559 3197 3624 3265 τῇ

2044 3283 2279 3356 τετάρτῃ
2324 3284 2452 3354 περὶ
2494 3283 2793 3353 παιδαρίων
2835 3277 2908 3336 ὧν
2950 3283 3011 3334 τὸ
3061 3286 3156 3353 μὲν
3199 3285 3384 3356 ’έτερον
3445 3287 3627 3348 Ἠλίας

2045 3376 2358 3446 ἀνέστησεν,
2389 3375 2448 3426 τὸ
2478 3374 2534 3426 δέ
2562 3373 2745 3426 λοιπὸν
2781 3373 2888 3444 (68)
2917 3377 2944 3427 6
2991 3375 3310 3438 Ἐλισσαῖος.
3345 3376 3445 3429 Διὰ
3471 3377 3626 3430 τοῦτο

2042 3465 2085 3517 δ’
2113 3461 2261 3535 οἶμαι
2291 3467 2383 3519 καὶ
2410 3465 2499 3518 τὸν
2540 3463 2746 3533 Ἰησοῦν
2791 3466 2891 3517 οὐκ
2919 3465 3060 3532 ἄλλῳ
3099 3466 3241 3518 ἔθνει
3271 3467 3302 3536 ἢ
3352 3467 3624 3530 Ἰουδαίοις

2043 3557 2516 3628 ἐπιδεδημηκέναι,
2557 3560 2669 3618 τοῖς
2710 3555 2860 3609 ἐθάσι
2895 3559 3202 3626 γενομένοις
3243 3559 3380 3628 πρὸς
3417 3559 3487 3612 τά
3518 3578 3621 3612 πα-

2048 3646 2270 3719 ράδοξα·
2313 3650 2378 3716 τῇ
2412 3637 2719 3718 ’παραθέσει
2746 3646 2854 3698 τῶν
2898 3647 3341 3716 πεπιστευμένων
3385 3649 3522 3718 πρὸς
3557 3649 3622 3701 τὰ

2043 3740 2135 3791 ὑπ’
2183 3739 2347 3792 αὑτοῦ
2394 3739 2659 3808 γενόμενα
2713 3739 2806 3790 καὶ
2862 3740 2988 3809 περὶ
3043 3738 3208 3790 αὑτοῦ
3269 3740 3622 3810 ἱστορούμενα

2041 3832 2190 3892 ὅπως
2215 3829 2644 3899 παραδέξωνται,
2672 3830 2753 3880 ὅτι
2778 3822 2952 3893 οὗτος,
2985 3830 3112 3900 περὶ
3141 3829 3198 3882 ὃν
3223 3831 3413 3898 γέγονε
3447 3831 3621 3900 μείζο-

2041 3938 2128 3986 να,
2180 3921 2271 3973 κα).
2323 3921 2411 3987 ὑφ’
2454 3913 2514 3971 οῦ
2560 3918 2883 3990 ἐπετελέσθη
2934 3919 3354 3989 παραδοξότερα,
3409 3921 3620 3975 πάντων

2045 4013 2265 4065 ἐκείνων
2299 4011 2499 4081 μείζων
2527 4005 2614 4080 ἦν.
2735 4019 2740 4025 ”

2116 4186 2232 4238 Ἔτι
2270 4185 2325 4237 δέ
2356 4183 2470 4254 μεθ’
2503 4183 2569 4247 ἀς
2597 4181 2862 4252 παρέθετο
2889 4185 2917 4235 6
2957 4182 3208 4246 Ἰουδαῖος
3238 4185 3476 4253 ἱστορίας
3515 4185 3619 4237 Ἐλ-

2042 4276 2286 4347 ληνικὰς,
2323 4276 2450 4346 περὶ
2477 4275 2584 4328 τῶν
2613 4275 2811 4328 ὡσανεὶ
2831 4274 3334 4344 τερατευσαμένων,
3368 4277 3462 4328 καὶ
3494 4277 3617 4346 περὶ

371 4363 600 4417 mortuis
633 4367 1087 4420 resurrectionem
1125 4369 1176 4421 in
1223 4371 1457 4423 medium
1493 4373 1704 4436 attulit,
1743 4374 1812 4428 ita
1847 4391 1941 4430 eos

2053 4369 2150 4420 τῶν
2192 4369 2266 4429 ὠς
2297 4367 2641 4420 ἀναστάντων
2675 4366 2740 4418 ἐκ
2766 4365 2991 4435 νεκρῶν,
3025 4365 3156 4432 φησὶ
3191 4365 3326 4434 πρὸς
3358 4365 3484 4428 τοὺς
3514 4367 3618 4418 ἀπὸ

370 4467 402 4505 e
451 4449 685 4520 Judzeis,
724 4455 816 4522 qui
865 4458 918 4508 in
958 4455 1143 4511 Jesutu
1185 4459 1551 4526 crediderunt,
1609 4464 1935 4532 compellat:

375 4559 396 4592 σ
423 4542 504 4595 An
531 4559 650 4597 cum
682 4545 796 4599 hmo
816 4550 882 4600 de
915 4548 1036 4602 aliis
1061 4549 1284 4610 auditis,
1316 4549 1524 4604 fabulas
1557 4567 1674 4606 esse
1697 4556 1940 4609 etvidcri

369 4635 780 4699 pronuntiatis:
818 4649 1008 4693 vestrae
1039 4655 1167 4692 vero
1189 4639 1382 4694 fabula:
1409 4644 1616 4696 exitum
1655 4645 1855 4699 bellum
1885 4657 1937 4699 et

369 4725 684 4779 credibilem
736 4727 1010 4784 invenisse
1067 4731 1223 4786 vobis
1281 4733 1537 4787 videmini
1599 4751 1722 4789 cum
1785 4739 1937 4792 nobis

367 4814 622 4866 emissam
657 4830 688 4869 e
728 4831 890 4870 cruce
925 4818 973 4870 iu
1006 4830 1251 4874 extremo
1281 4821 1473 4889 spiritu
1532 4839 1722 4878 vocem
1750 4826 1936 4880 obtru-

371 4905 545 4959 ditis?
576 4925 592 4956 ι
629 4906 710 4959 Ad
741 4923 862 4976 quae
898 4925 996 4963 nos
1051 4912 1292 4967 dicemus
1331 4929 1346 4967 :
1382 4915 1511 4982 Quae
1550 4925 1602 4969 tu
1641 4918 1934 4986 protulisti,

439 5107 735 5182 (65)__II(B(-
787 5111 1034 5176 οἴονται,
1083 5127 1189 5169 etc.
1267 5115 1492 5170 Videtur
1555 5117 1933 5182 scribendum,

369 5175 486 5251 πῶς
514 5175 726 5251 οἷόντε,
759 5193 865 5251 etc.
918 5175 1063 5236 Ordo
1093 5184 1380 5238 verborum
1427 5196 1528 5248 est,
1579 5187 1696 5251 πῶς
1739 5184 1850 5242 οἷόν
1879 5175 1938 5241 τε

365 5248 541 5323 λέγειν
573 5249 732 5323 αὐτὸν
767 5248 1070 5323 πλάσασθαι
1099 5253 1160 5305 τὸ
1187 5253 1583 5323 παραπλήσιον.

438 5318 549 5390 (64)
577 5319 689 5385 Βίᾳ
718 5320 1130 5390 νομιζομένων.
1196 5318 1286 5378 Sic
1327 5318 1528 5377 habent
1569 5340 1761 5380 omnes
1803 5343 1936 5382 mss.

366 5387 472 5440 Sed
509 5387 827 5466 Bolrerqlltis
853 5387 1038 5446 censet
1070 5393 1353 5448 delendam
1391 5407 1576 5447 vocem
1610 5395 1718 5466 βίᾳ.
1776 5396 1930 5450 Libb.

363 5459 545 5528 excusi
556 5496 571 5519 ,
607 5457 955 5528 βιαζομένων.

437 5524 547 5609 (65)
578 5524 1092 5609 Οὐκῖᾀέτοτέθνηκε
1115 5531 1367 5609 causa)
1400 5534 1709 5601 ἐπιφανεὶς
1740 5537 1936 5609 ἔτερα-

368 5597 644 5669 (εύσατο.
681 5597 773 5669 Sic
799 5614 986 5669 omnes
1012 5597 1153 5655 'mss.
1213 5601 1354 5656 Lihri
1405 5597 1533 5657 vero
1579 5597 1782 5669 excusi,
1830 5597 1936 5658 οὐκ

373 5663 705 5736 ἀποτέθνηκε
730 5667 809 5730 δέ,
843 5668 917 5720 ὅτ’
952 5670 1237 5743 ἐϐουλήθη,
1268 5673 1426 5728 πάλιν
1477 5663 1782 5747 ἐπιφανεὶς
1819 5678 1934 5733 ἐτε-

2059 4458 2323 4512 Ἱουδαίων
2351 4456 2428 4527 τῷ
2455 4455 2628 4527 Ἰησοῦ
2653 4455 2999 4518 πιστεύοντας
3021 4471 3036 4485 ·
3065 4475 3082 4506 ι
3113 4457 3182 4507 Ἦ
3203 4456 3399 4521 οἴεσθε,
3421 4457 3491 4510 τὰ
3522 4459 3614 4528 μὲν

2043 4549 2151 4602 τῶν
2189 4548 2361 4605 ἄλλων
2405 4547 2606 4618 μύθους
2647 4543 2785 4599 εἷναί
2825 4563 2884 4597 τε
2919 4547 3012 4600 καὶ
3039 4546 3232 4609 δοκεῖν,
3266 4547 3392 4617 ύμῖν
3435 4548 3492 4600 δέ
3521 4548 3615 4617 τὴν

2043 4639 2422 4710 καταστροφὴν
2465 4638 2558 4690 τοῦ
2595 4637 2866 4708 δράματος
2907 4637 3255 4708 εὐσχημόνως
3299 4639 3332 4708 ἢ
3380 4639 3613 4701 πιθανῶς

2044 4729 2379 4802 ἐφευρῆσθαι
2407 4729 2501 4799 τὴν
2530 4730 2621 4782 ἐπὶ
2659 4727 2752 4780 τοῦ
2790 4728 3050 4790 σκόλοπος
3078 4729 3242 4782 αὐτοῦ
3286 4730 3489 4801 φωνὴν,
3534 4731 3608 4783 ὅτ’

2041 4825 2302 4889 ἀπέπνει;
2337 4841 2355 4873 ›
2383 4823 2626 4892 Φήσομεν
2648 4820 2780 4890 πρὸς
2798 4820 2889 4872 τὸν
2924 4818 3192 4881 Ἰουδαῖον,
3223 4819 3302 4872 ὅτι
3323 4819 3416 4884 οὓς
3447 4820 3613 4892 παρέ-

2043 4918 2136 4971 θου
2163 4915 2360 4986 μύθους
2386 4908 2523 4965 εἶναι
2544 4911 2900 4981 νενομίκαμεν
2916 4929 2928 4941 ⁸
2955 4911 3021 4964 τὰ
3038 4911 3093 4965 δὲ
3125 4913 3231 4966 τῶν
3252 4912 3444 4966 κοινῶν
3461 4912 3611 4982 ὑμῶν

2075 5116 2359 5191 οι-ςεύσοιτοἲ
2388 5117 2702 5191 Boherellus
2727 5121 2805 5175 sic
2851 5119 3081 5191 legebat,
3105 5121 3206 5175 οὐκ
3265 5121 3599 5191 ἀποτέθνηκε

2075 5135 2358 5170 ατευσατο.
2391 5135 2702 5174 Isonereltus
2727 5137 2805 5175 Sto
2852 5135 3206 5188 tegebat,oox
3265 5135 3599 5191 αποτευγηκε

2038 5135 2114 5248 ge,
2149 5185 2260 5261 mf
2284 5188 2361 5240 ὅτ’
2423 5189 2708 5260 ἐϐουλήθη,
2771 5190 2929 5243 πάλιν
2984 5193 3267 5260 ἐπιφανεὶς
3315 5189 3602 5261 ἐτερατεύ-

2041 5258 2392 5330 σατοειριιειιη
2421 5258 2813 5312 correCtioncm
2839 5258 3396 5330 sequitur‘interpres.

2110 5325 2458 5400 (QG)_0_umes
2475 5345 2630 5400 mss,
2667 5325 3011 5399 ἐπικινδύνῳ,
3047 5325 3598 5400 τοοιὶιιδίιυοιιιϋὺι).

2039 5396 2191 5457 editi,
2223 5395 2314 5448 ἐπὶ
2352 5396 2596 5457 κινδύνῳ.

2115 5451 2224 5550 (lii)
2264 5464 2481 5550 Omlnes
2503 5451 2657 5550 tit:ss.,
2696 5467 2828 5550 πολὺ
2861 5468 3140 5550 πρότερον.
3170 5538 3181 5550 ⁸
3205 5468 3374 5534 Alias,
3425 5466 3604 5522 πολλοὶ

2044 5519 2322 5610 πρότερον.
2361 5519 2529 5610 Forte
2547 5519 2850 5610 legendum,
3077 5519 3364 5610 πρότερονξ

2113 5599 2226 5671 (68)
2257 5605 2327 5657 Ita
2359 5607 2516 5661 codd.
2564 5599 2762 5673 Rvegius
2807 5599 2860 5659 et
2922 5599 3268 5663 Bas'ilee'usis'.
3305 5608 3482 5674 Alias,
3525 5599 3600 5662 ὧν

2042 5673 2130 5728 τὸν
2163 5674 2258 5748 μὲν
2289 5674 2562 5748 ἕτερονη..
2596 5674 2684 5728 τὸν
2709 5674 2763 5730 δέ
2797 5675 3004 5743 λοιπόν,
3031 5687 3141 5732 etc.
