3998 6170
271 298 405 355 889

1539 320 1816 378 CONTRA
1852 326 2126 387 CELSUM
2152 332 2280 390 LIB.
2315 331 2379 388 ll.

3455 340 3558 397 εει)

271 415 438 520 ατρὸς
464 418 495 486 ή
505 415 610 485 μᾶς
637 417 887 488 Γραφῶν,
930 424 987 476 ἐν
1016 417 1104 488 αἷς
1128 427 1227 496 οὐχ
1255 427 1414 498 ὑμεῖς
1440 432 1610 501 μόνοι,
1637 437 1772 489 ἀλλὰ
1793 456 1855 492 κα

1985 460 2046 498 ea
2078 447 2348 503 credimus
2369 460 2491 501 esse
2520 445 2762 511 fabulas;
2788 461 2908 516 qua:
2932 463 3063 503 vero
3082 448 3380 520 Scriptum
3405 455 3556 509 nobis

274 505 460 575 ἡμεῖς
478 511 867 580 σεμνυνόμεθα,
890 514 1140 586 οὐδαμῶς
1169 518 1368 588 μύθους
1386 518 1522 576 εἷναί
1553 544 1749 596 φαμεν.
1771 531 1887 583 Διό-

277 613 405 667 περ
427 599 517 650 καὶ
538 603 651 664 τοῖς
680 619 746 654 πε
756 604 808 674 pi.
835 605 944 658 τῶν
966 609 1082 660 ἐκεῖ
1094 610 1439 668 ἀναστάντων
1457 616 1520 668 ἐκ
1539 619 1745 689 νεκρῶν
1757 623 1886 692 γρά-

268 685 430 755 φασι
470 691 813 763 πιστεύομεν,
845 697 920 758 ὡς
953 699 1026 769 μὴ
1057 704 1499 774 τερατευομένοις
1520 724 1534 736 ο
1567 710 1660 762 καὶ¹
1689 712 1765 781 τῷ
1795 715 1881 765 ἐν-

269 777 489 844 ταῦθα,
515 781 589 845 ὼς
615 786 708 836 καὶ
736 790 1049 856 προειπόντι
1071 795 1163 846 καὶ
1191 797 1619 866 προφητευθέντι
1640 803 1733 854 καὶ
1754 804 1883 856 ἀνα-

272 868 502 923 στάντι.
529 873 714 945 Τούτῳ
734 875 789 928 δὲ
811 880 1241 952 παραδοξότερον
1265 884 1372 955 (69)
1395 881 1548 950 οὗτος
1576 888 1640 942 ἐκ
1668 891 1876 961 νεκρῶν

267 957 532 1023 ἀναστὰς
574 968 704 1035 παρ’
755 968 1014 1033 ἐκείνους,
1066 972 1147 1024 ὅτι
1181 974 1421 1038 ἐκείνους
1455 977 1551 1047 μὲν
1600 981 1876 1050 προφῆται

267 1049 595 1124 ἀνέστησαν
647 1057 830 1121 Ἠλίας
879 1062 972 1114 καὶ
1021 1063 1339 1129 Ἐλισσαῖος,
1387 1065 1657 1121 τοῦτον¹δ⁹
1701 1071 1875 1136 οὐδεὶς

267 1140 402 1194 τῶν
442 1148 755 1216 προφητῶν,
787 1149 898 1202 ἀλλ’
927 1153 954 1203 ὁ
983 1154 1040 1206 ἐν
1074 1159 1186 1218 τοῖς
1217 1158 1466 1227 οὐρανοῖς
1503 1161 1714 1232 Πατήρ.
1753 1164 1871 1215 Διό-
1893 1202 1908 1217 .

268 1248 401 1302 περ
435 1237 524 1287 καὶ
560 1237 781 1306 μείζονα
819 1244 1111 1312 εἰργάσατο
1144 1248 1176 1317 ἡ
1223 1249 1409 1301 τούτου
1440 1251 1734 1316 ἀνάστασις
1774 1255 1872 1324 τῆς

267 1323 515 1378 ἐκείνων
553 1329 920 1397 ἀναστάσεως.
959 1337 1023 1388 Τί
1062 1337 1169 1408 γὰρ
1209 1340 1522 1410 τηλικοῦτον
1559 1344 1638 1414 τῷ
1682 1346 1869 1416 κόσμῳ

265 1415 400 1469 ἀπὸ
427 1419 534 1471 τῶν
562 1422 904 1479 ἀναστάντων
936 1429 1235 1501 παιδαρίων
1259 1433 1324 1485 δι’
1368 1434 1546 1487 Ἡλίου
1580 1439 1669 1489 καὶ
1698 1415 1869 1490 Ἐλισέ

267 1509 447 1561 σαίου
501 1515 822 1585 γεγένηται,
883 1521 1062 1574 ὁποῖον
1128 1523 1216 1576 διὰ
1296 1526 1393 1596 τῆς
1448 1519 1860 1600 κηρυσσομένης

262 1599 640 1690 ἀναστάσεως
681 1608 874 1678 Ἰησοῦ,
913 1611 1136 1683 δυνάμει
1172 1615 1290 1686 θείᾳ
1321 1621 1784 1690 πεπιστευμένης;

1987 537 2264 591 vobiscum
2283 551 2600 591 communes
2622 547 2675 590 et
2700 539 2891 592 eodem
2920 539 2972 592 in
2991 542 3166 608 pretio
3205 544 3343 609 apud
3376 554 3555 600 utros-

1985 641 2090 694 que
2146 627 2342 680 habitae
2402 639 2848 694 commemorant,
2901 643 2962 682 ea
3029 631 3236 684 fabulas
3275 647 3392 686 esse
3430 649 3554 702 per»

1993 731 2275 785 negamus.
2325 717 2666 788 Quapropter
2692 736 2826 788 quas
2851 722 3105 775 historias
3129 733 3352 777 narrant
3379 725 3446 778 de
3466 726 3551 790 iis,

1985 806 2073 869 qui
2109 819 2141 857 e
2179 805 2409 857 mortuis
2455 815 2846 872 surrexerunt,
2902 824 3055 863 veras
3105 812 3375 866 credimus
3408 830 3548 880 csse,

1985 911 2088 946 non
2119 897 2522 950 commentitias
2550 915 2563 964 ;
2595 899 2838 967 adeoque
2871 910 2925 952 et
2951 899 3131 955 Jesum
3167 901 3333 956 fuisse
3353 919 3382 957 e
3404 920 3550 958 mor-

1985 985 2091 1037 tuis
2121 986 2461 1050 suscitatum,
2500 997 2556 1040 ut
2589 999 2643 1040 et
2681 988 2794 1056 ipse
2829 1000 2883 1042 et
2929 992 3206 1058 propheta:
3227 995 3553 1061 praenuntia-

1981 1089 2190 1131 verant.
2210 1077 2348 1144 Quin
2376 1089 2430 1132 et
2464 1078 2624 1147 hujus
2657 1096 2688 1134 e
2716 1081 2940 1134 mortuis
2972 1085 3300 1138 resurrectio
3329 1100 3413 1148 eo,
3442 1101 3552 1154 pra:

1971 1178 2294 1223 ceterorum
2356 1172 2772 1233 resurrectione,
2804 1173 2974 1238 magis
3002 1173 3162 1241 digna
3195 1175 3550 1232 admiratione

1969 1271 2073 1324 est,
2107 1263 2246 1330 quod
2279 1261 2397 1316 illos
2418 1262 2688 1331 prophetre
2717 1263 2860 1317 Elias
2881 1275 2936 1317 et
2965 1264 3187 1319 Elisaeus
3216 1269 3547 1334 suscitarint,

1970 1353 2113 1405 hunc
2138 1367 2314 1414 nemo,
2341 1353 2430 1407 sed
2462 1352 2726 1423 i’aterqui
2757 1355 2976 1409 incmiis
3003 1359 3165 1412 est”.
3189 1359 3304 1424 Quo
3324 1361 3546 1425 factum,

1969 1453 2027 1497 ut
2069 1444 2347 1497 uberiores
2394 1445 2508 1512 ejus
2552 1445 2772 1512 fuerint,
2827 1463 2987 1515 quam
3043 1448 3269 1502 aliormn
3306 1466 3551 1506 resurre-

1968 1528 2165 1582 ctionis
2196 1529 2422 1584 fructus.
2455 1531 2590 1596 Quid
2615 1533 2897 1587 enimboni
2929 1537 3124 1589 mundo
3143 1540 3347 1606 peperit
3372 1556 3550 1595 resur-

1967 1621 2137 1674 rectio
2159 1621 2506 1688 puerulorum
2527 1639 2658 1692 quos
2681 1629 2954 1680 emortuis
2977 1640 3300 1683 revocarunt
3329 1631 3468 1685 Elias
3492 1641 3545 1686 et

267 1674 538 1759 Elisazus,
570 1700 711 1764 quod
731 1703 967 1756 conferri
994 1709 1160 1773 possit
1198 1723 1318 1760 cum
1341 1708 1501 1779 432
1527 1710 2004 1766 eommoditatilms
2027 1726 2147 1780 qua:
2176 1712 2374 1766 mundo
2400 1714 2678 1766 redierunt
2711 1732 2772 1769 ex
2803 1715 2927 1771 Jesu
2966 1721 3379 1786 resurrectione,
3403 1730 3546 1791 post-

263 1797 451 1851 quam
504 1791 814 1857 pcrvulgata
867 1806 980 1860 est,
1027 1807 1080 1851 et
1118 1798 1264 1852 illam
1307 1815 1523 1866 omnes,
1568 1803 1618 1857 id
1672 1816 1864 1874 agente
1904 1804 2082 1858 divina
2121 1804 2340 1869 virtute,
2369 1807 2764 1860 crediderunt?

358 1916 543 1967 Οίεται
578 1917 634 1970 δὲ
661 1923 944 1988 τερατείαν
983 1921 1120 1980 εἶναι
1152 1930 1244 1982 καὶ
1286 1931 1377 1985 τὸν
1410 1936 1631 2005 σεισμὸν
1663 1939 1755 1990 καὶ¹
1781 1937 1855 1990 τδι

2043 1939 2132 1993 59.
2167 1939 2509 2007 Figmentum
2539 1943 2702 1995 etiam
2731 1958 2853 1997 esse
2883 1954 3034 2012 putat
3061 1953 3223 2000 teme
3260 1957 3463 2003 motum
3489 1959 3544 2003 et

271 2005 479 2057 σκότον
511 2007 620 2078 (70‘)
648 2027 660 2039 ·
693 2012 822 2082 περὶ
852 2007 947 2080 ὧν,
979 2018 1118 2070 κατά
1149 2020 1207 2071 τὸ
1231 2021 1474 2087 δυνατὸν,
1508 2026 1565 2077 ἐν
1588 2030 1696 2090 τοῖς
1725 2029 1868 2081 ἀνω-

267 2093 428 2164 τέρω
448 2098 683 2172 ἀπελογη
693 2104 924 2173 σάμεθα,
949 2109 1314 2181 παραθέμενοι
1337 2115 1426 2167 τὸν
1447 2117 1714 2184 Φλέγοντα
1733 2120 1864 2189 (Ἠ),

273 2186 645 2258 ἱστορήσαντα
681 2195 822 2247 κατά
853 2198 942 2250 τὸν
977 2202 1163 2271 χρόνον
1194 2204 1288 2256 τοῦ
1322 2207 1526 2271 πάθους
1559 2208 1652 2260 τοῦ
1688 2211 1868 2280 Σωτῆ-

273 2293 380 2348 ρος
394 2280 618 2334 τοιαῦτα.
642 2284 1011 2358 ἀπηντηκέναι
1032 2309 1044 2322 ο
1072 2311 1090 2343 t
1117 2297 1210 2347 καὶ
1225 2297 1305 2348 ὅτι
1323 2295 1430 2359 ζῶν
1452 2300 1548 2367 μὲν
1572 2301 1671 2352 οὐκ
1692 2303 1864 2373 ἐπήρ-

271 2386 442 2424 κεσεν
487 2376 682 2446 ἐαυτῷ,
719 2382 911 2450 νεκρὸς
942 2383 986 2435 δ’
1031 2386 1226 2457 ἀνέστη
1250 2405 1262 2417 °
1296 2391 1391 2442 καὶ
1418 2391 1487 2442 τὰ
1525 2396 1727 2462 σημεῖα
1767 2396 1865 2464 τῆς

269 2462 557 2527 κολάσεως
589 2467 784 2532 ἔδειξεν
813 2472 841 2522 ό
874 2473 1100 2543 Ἰησοῦς,
1136 2478 1228 2529 καὶ
1256 2478 1352 2540 τάς
1386 2483 1590 2551 χεῖρας,
1624 2484 1697 2546 ὡς
1727 2481 1863 2554 ἦσαν

267 2569 350 2604 πε
359 2572 422 2605 πε
431 2573 557 2625 ρονη
568 2559 723 2625 μέναι
739 2578 752 2590 ·
768 2581 786 2610 ›
797 2562 889 2613 καὶ
905 2564 1280 2636 πυνθανόμεθα
1300 2571 1465 2622 αὑτοῦ
1475 2611 1488 2634 ,
1503 2574 1554 2625 τί
1567 2575 1626 2625 τὸ
1636 2614 1647 2636 ,
1661 2594 1678 2624 ι
1699 2577 1802 2645 ἐπή
1814 2595 1863 2648 ρ-

269 2659 442 2695 κεσεν
458 2646 634 2716 ἐαυτῷ
659 2649 767 2719 (7‘2)
787 2667 832 2714 ;»
854 2653 916 2704 Ei
944 2654 1042 2723 μέν
1054 2656 1162 2727 γὰρ
1183 2659 1318 2729 πρὸς
1337 2661 1536 2733 ἀρετήν
1558 2681 1570 2693 ο
1591 2646 1857 2736 φήσομεν,

268 2733 364 2787 ὅτι
395 2738 486 2789 καὶ
522 2740 660 2793 πάνυ
705 2758 767 2809 γε
811 2745 1136 2815 ἐπήρκεσεν.
1184 2750 1348 2804 Οὐδὲν
1377 2753 1486 2824 γὰρ
1514 2756 1712 2809 ἄτοπον
1750 2758 1860 2812 οὔτ’

269 2826 578 2918 ἐφθέγξατο
604 2832 715 2884 οὔτ’
748 2835 1032 2906 ἐποίησεν
1085 2839 1199 2892 ἀλλ’
1233 2842 1450 2912 ἀληθῶς
1479 2847 1554 2910 ὡς
1589 2850 1859 2918 πρόϐατον

267 2917 370 3009 ἐπὶ
396 2920 608 2991 σφαγὴν
627 2923 787 2994 ήχθη,
809 2929 902 2979 καὶ
920 2928 996 2991 ὡς
1011 2929 1180 2998 ἀμνὸς
1206 2934 1444 2988 ἐναντίον
1469 2937 1562 2989 τοῦ
1582 2917 1858 3009 κείροντος

267 3006 488 3076 ἄφωνος
507 3028 519 3040 ·
553 3013 648 3064 καὶ
678 3021 948 3088 μαρτυρεῖ
977 3021 1036 3073 τὸ
1076 3024 1426 3094 Εὑαγγέλιον,
1457 3029 1536 3082 ὅτι
1565 3006 1720 3094 οὗτος
1758 3036 1858 3088 οὐκ

263 3101 451 3191 ἦνοιξε
481 3105 539 3156 τὸ
570 3107 739 3177 στόμα
768 3110 954 3164 αὑτοῦ.
990 3114 1052 3166 Ei
1080 3115 1134 3167 δὲ
1167 3117 1247 3182 τὸ,
1287 3136 1303 3168 ι
1337 3119 1662 3191 ἐπήρκεσεν,
1691 3143 1709 3173 ι
1748 3127 1854 3179 ἀπὸ

263 3190 381 3242 τῶν
409 3193 588 3261 μέσων
611 3197 704 3248 καὶ
727 3203 1049 3268 σωματικῶν
1079 3204 1363 3275 λαμϐάνει,
1386 3212 1587 3280 φαμὲν,
1610 3215 1691 3266 ὅτι
1722 3218 1848 3269 ἀπε-

1977 2031 2246 2085 tenebras.
2278 2031 2381 2083 Sed
2417 2032 2482 2084 ad
2518 2034 2618 2086 hoc
2647 2032 2756 2098 jam
2791 2049 2888 2102 pro
2917 2036 3121 2091 viribus
3162 2043 3542 2108 respondimus

1973 2119 2025 2171 in
2053 2121 2458 2188 superioribus,
2500 2124 2587 2176 ubi
2625 2124 2857 2178 diximus
2891 2126 2990 2181 hos
3037 2141 3263 2184 eventus
3298 2149 3325 2185 a
3379 2133 3540 2186 Phle-

1971 2220 2132 2276 goute
2159 2209 2511 2278 consignatos
2559 2211 2728 2266 fuisse
2763 2222 3008 2283 tempore
3032 2232 3137 2283 quo
3169 2234 3361 2287 passus
3381 2220 3540 2276 Jesns

1969 2298 2089 2351 fuit.
2122 2302 2201 2352 Ad
2230 2301 2343 2354 haec
2372 2316 2538 2357 vero:
2572 2321 2588 2353 ι
2624 2304 2687 2356 Et
2713 2321 2834 2358 cum
2867 2308 3065 2362 additis
3089 2325 3228 2370 eum,
3257 2313 3350 2378 qui
3385 2314 3541 2366 viVus

1970 2390 2170 2443 auxilio
2199 2390 2300 2444 sibi
2327 2406 2450 2445 esse
2485 2407 2590 2446 non
2622 2395 2819 2459 potuit,
2851 2407 3120 2450 mortuum
3149 2402 3536 2462 resurrexisse.

1971 2483 2022 2534 in
2059 2498 2286 2550 corpore
2319 2486 2568 2554 supplicii
2613 2496 2770 2542 notas
2792 2528 2805 2551 ,
2835 2489 2886 2541 in
2928 2491 3177 2544 manibus
3206 2501 3538 2546 monstrasse

1967 2573 2244 2627 clavorum
2301 2577 2560 2644 vestigia;
2591 2595 2609 2627 ι
2669 2592 2800 2647 rogo
2843 2581 2970 2649 quid
3016 2581 3320 2646 signiﬁcent
3377 2585 3533 2640 luce:

1972 2683 1991 2714 ι
2030 2664 2142 2718 Sibi
2178 2666 2386 2720 auxilio
2420 2683 2543 2722 esse
2584 2684 2688 2722 non
2728 2672 2918 2738 potuit.
2948 2692 2966 2723 ι
3013 2675 3092 2726 Au
3127 2675 3191 2726 ad
3233 2676 3533 2730 virtutem?

1966 2753 2068 2804 Sed
2105 2753 2318 2804 abunde
2367 2752 2469 2805 sibi
2517 2754 2720 2806 auxilio
2749 2753 2868 2811 fuit.
2915 2755 3026 2811 Nec
3065 2759 3208 2810 enim
3240 2760 3532 2826 quidquam

1963 2855 2054 2894 aut
2104 2842 2313 2895 loculus
2353 2855 2455 2908 est,
2504 2854 2593 2897 aut
2639 2845 2767 2899 fecit
2814 2857 3000 2902 comra
3049 2851 3327 2908 virtutem.
3392 2850 3529 2906 Vere

1963 2935 2106 2986 enim
2140 2945 2196 2985 ut
2227 2935 2342 2988 ovis
2372 2935 2437 2988 ad
2468 2937 2796 2990 occisionem
2823 2939 3012 2993 ductus
3045 2953 3143 3004 est,
3176 2953 3230 2996 et
3256 2954 3310 2996 ut
3336 2958 3532 3012 agnus,

1959 3024 2048 3091 qui
2075 3038 2255 3076 coram
2296 3025 2548 3078 tondente
2576 3040 2634 3079 se
2669 3027 2994 3082 obmutescit
3019 3029 3068 3060 ⁸⁹
3097 3048 3110 3084 ι
3148 3033 3343 3100 quippe
3370 3047 3530 3099 quem

1957 3130 2110 3166 suum
2147 3130 2208 3167 os
2234 3116 2632 3183 nonapcruisse
2656 3127 2884 3173 testatur
2906 3120 3272 3189 Evangelium.
3300 3122 3452 3188 Quod
3481 3125 3525 3177 si

1961 3203 2094 3266 haec,
2129 3221 2147 3254 ι
2170 3204 2272 3258 sibi
2305 3204 2504 3257 auxilio
2532 3219 2652 3259 esse
2681 3222 2784 3259 non
2816 3211 3008 3275 potuit,
3043 3229 3060 3259 ι
3089 3211 3155 3266 de
3191 3211 3530 3266 rebusindif—

262 3279 524 3351 δείξαμεν
551 3285 615 3337 ἐκ
643 3287 748 3338 τῶν
774 3291 1116 3358 Εὑαγγελίων
1143 3297 1223 3350 ὅτι.
1257 3299 1396 3354 ἑκὼν
1435 3303 1526 3354 ἐπὶ
1556 3306 1706 3357 ταῦτ’
1728 3307 1850 3380 ἐλή-

1963 3293 2252 3350 ferentibus
2283 3306 2334 3350 et
2363 3301 2640 3366 corporeis
2669 3302 2934 3371 intelligit,
2976 3302 3092 3371 jam
3115 3317 3181 3354 ex
3213 3303 3528 3372 Evangeliis

261 3367 450 3422 λυθεν.
469 3369 583 3424 Εἴθ’
609 3374 733 3446 ἑξῆς
761 3379 966 3442 τούτοις
985 3383 1152 3436 εἰπὼν
1174 3385 1246 3438 τὰ
1267 3389 1374 3442 ἀπὸ
1397 3391 1490 3443 τοῦ
1521 3367 1850 3461 Εὐαγγελίόυ

262 3460 353 3513 ὅτι
381 3460 449 3514 τὰ
485 3469 685 3535 σημεῖα
717 3470 818 3538 τῆς
849 3472 1124 3538 κολάσεως
1158 3478 1356 3545 ἔδειξεν
1397 3483 1634 3546 ἀναστὰς
1677 3488 1740 3538 ἐκ
1769 3505 1854 3540 νε-

262 3552 440 3622 κρῶν,
470 3556 562 3607 καὶ
589 3556 684 3620 τὰς
703 3563 888 3629 χεῖρας
909 3563 983 3626 ὡς
1003 3561 1142 3635 ἦσαν
1165 3587 1300 3621 πεπε
1311 3574 1619 3642 ρονημέναι,
1652 3578 1851 3630 πυνθά-

263 3658 449 3707 νεται,
474 3647 566 3698 καὶ
587 3646 730 3714 λέγει
748 3667 762 3680 ·
786 3652 869 3716 τίς
895 3655 1050 3709 τοῦτο
1075 3656 1177 3710 εἶδε
1199 3677 1212 3725 ;
1237 3663 1346 3715 Καὶ
1375 3663 1443 3716 τά
1475 3667 1603 3736 περὶ
1634 3669 1850 3738 Μαρίας

260 3732 368 3803 τῆς
396 3737 758 3830 Μδαγδαληνῆς
779 3743 1094 3815 διαϐάλλων,
1125 3732 1585 3828 ἀναγραφομένης
1612 3732 1851 3830 ἐωράκέ-

261 3837 377 3885 ναι,
412 3819 562 3878 εἴπεο
605 3847 623 3878 ‹
661 3831 800 3900 Γυνὴ
837 3835 1186 3907 πάροιστρος,
1393 3819 1700 3911 ιρατέίΫΚαί
1726 3849 1846 3900 ἐπεὶ

264 3915 345 3987 μὴ
392 3919 524 3989 μόνη
564 3920 699 3992 αὕτη
743 3925 1154 3997 ἀναγέγραπται
1199 3933 1499 4003 ἑωρακέναι
1542 3938 1846 3993 ἀναστάντα

261 4006 358 4058 τὸν
400 4008 624 4077 Ἰησοῦν,
649 4013 783 4066 ἀλλά
817 4019 909 4069 καὶ
941 4019 1088 4072 ἄλλοι
1107 4038 1121 4052 ο
1150 4024 1241 4074 καὶ
1269 4023 1438 4078 ταῦτα
1467 4031 1790 4101 κακηγορῶν
1818 4035 1846 4084 ό

258 4097 474 4151 Κέλσου
530 4101 780 4167 Ἰουδαῖός
829 4123 961 4178 φησι
999 4112 1093 4163 καὶ
1133 4131 1150 4164 ι
1195 4117 1244 4168 εἰ
1289 4133 1373 4179 τις
1425 4097 1727 4183 ἄλλοςτῶν
1779 4127 1845 4179 ἐκ

255 4190 364 4259 τῆς
396 4193 567 4263 αὐτῆς
592 4197 866 4268 γοητείας.
909 4220 928 4250 ι

334 4361 486 4432 Εἶτα,
519 4370 594 4435 ὡς
622 4371 918 4442 δυναμένου
945 4375 1132 4429 τούτου
1163 4379 1454 4451 συμϐῆναι,
1487 4381 1629 4452 λέγω
1654 4385 1717 4456 δὴ
1747 4385 1841 4439 τοῦ

259 4459 560 4527 φαντασίαν
590 4463 695 4518 τινὶ
720 4463 962 4531 γίνεσθαι
992 4469 1116 4537 περὶ
1144 4468 1237 4523 τοῦ
1266 4471 1584 4544 τεθνηκότος
1606 4475 1680 4538 ὡς
1711 4476 1844 4540 ζῶν-

259 4567 369 4615 τος,
394 4553 640 4624 ἐπιφέρει
661 4554 736 4617 ὡς
777 4556 1166 4629 Ἐπικούρειος,
1200 4562 1292 4613 καὶ
1312 4561 1475 4630 λέγει,
1510 4583 1526 4613 ι
1557 4567 1698 4618 κατά
1719 4585 1838 4621 τινα

1958 3385 2133 3450 palam
2164 3385 2263 3440 feci
2294 3388 2439 3441 illum
2462 3391 2512 3443 in
2538 3393 2635 3445 has
2657 3408 2928 3447 aerumnas
2950 3394 3218 3447 volentem
3246 3395 3522 3450 incidisse.

1955 3474 2243 3546 Postquam
2293 3492 2472 3534 autem
2518 3483 2605 3537 ille
2644 3499 2708 3537 ex
2759 3486 3048 3554 Evangelio
3103 3487 3285 3539 retulit
3332 3484 3522 3539 Jcsum
3605 3495 3612 3502 '

1957 3576 2076 3632 post
2109 3571 2564 3624 resurrectionem
2599 3590 2662 3627 ex
2699 3576 2952 3638 mortuis,
2987 3574 3068 3628 sui
3094 3576 3340 3642 supplicii
3369 3577 3526 3628 exhi-

1957 3658 2139 3712 buisse
2184 3661 2407 3729 vestigia
2446 3672 2500 3716 et.
2540 3679 2732 3717 manus
2773 3665 2942 3719 clavis
2970 3666 3301 3732 perforatas,
3328 3667 3524 3734 quaerit

1953 3750 2076 3816 quis
2103 3749 2216 3804 hre
2245 3752 2438 3804 \iderit
2474 3771 2486 3806 :
2518 3764 2572 3807 et
2605 3756 2670 3807 ad
2717 3755 2944 3809 Mariam
2975 3755 3324 3825 Magdalenen
3351 3759 3523 3825 respi‘

1953 3840 2125 3905 ciens,
2155 3856 2276 3909 quae
2313 3843 2508 3896 vidisse
2531 3845 2807 3909 Scribitur,
2841 3845 2920 3899 sic
2945 3846 3085 3898 illam
3113 3844 3320 3914 injuriis
3344 3847 3521 3901 inces-

1949 3931 2058 3983 sit:
2094 3948 2113 3980 ι
2147 3931 2360 3996 Mulier,
2387 3945 2443 3987 ut
2473 3936 2788 4002 ipsidicitis,
2822 3936 3078 3991 fanatica.
3107 3956 3125 3988 ι
3153 3938 3217 3990 Et
3250 3938 3372 4006 quia
3409 3954 3518 3991 non

1950 4020 2037 4074 illa
2087 4021 2234 4084 sola,
2280 4024 2372 4076 sed
2419 4025 2583 4078 etiam
2630 4027 2717 4079 alii
2756 4037 3051 4080 narrantur
3087 4027 3271 4083 Jesutn
3322 4028 3520 4082 vidisse

1948 4114 2280 4176 redivivum,
2313 4117 2486 4184 pergit
2529 4125 2583 4169 et
2625 4117 2760 4172 istos
2804 4119 3133 4173 traducere:
3187 4137 3204 4170 ι
3235 4119 3301 4172 Ει
3331 4123 3519 4176 nescio

1946 4201 2068 4267 quis
2116 4203 2290 4268 alius,
2329 4206 2537 4275 inquit,
2580 4206 2774 4260 iisdem
2817 4209 3040 4277 magicis
3087 4211 3295 4264 artibus
3357 4212 3516 4264 addi»

1951 4298 2092 4344 ctus.
2119 4308 2138 4340 ι

2015 4384 2102 4434 ου.
2130 4382 2332 4438 Deinde
2371 4385 2525 4452 quasi
2557 4387 2668 4438 ﬁeri
2704 4387 2908 4454 possit,
2942 4396 3000 4441 ut
3031 4388 3264 4442 hominis
3292 4390 3510 4453 mortui,

1943 4473 2168 4539 perinde
2194 4490 2258 4528 ac
2289 4475 2332 4528 si
2363 4477 2591 4538 viveret,
2617 4478 2790 4548 imago
2809 4479 3126 4533 obversetur
3154 4481 3354 4544 animo,
3379 4484 3510 4536 sub-

1940 4561 2062 4629 jicit
2102 4563 2490 4616 convlcnienter
2536 4562 2814 4632 Epicureae
2854 4565 3092 4630 rationi,
3134 4583 3153 4616 ι
3187 4567 3300 4620 lucc
3325 4583 3513 4635 quem!

258 4641 492 4697 διάθεσιν
515 4645 873 4715 ὁνειρὼξαντά
893 4665 1034 4712 τινα,
1062 4648 1093 4719 ἢ
1118 4651 1258 4704 κατά
1277 4653 1376 4723 τῆς
1397 4653 1558 4707 αὐτοῦ
1587 4655 1838 4732 βοόλησιν

1963 4654 2110 4718 tiam,
2140 4665 2301 4721 prout
2331 4653 2553 4709 aﬂ‘eclus
2583 4666 2720 4720 erat,
2749 4657 3073 4722 somniasse,
3102 4667 3195 4710 aut
3224 4658 3368 4711 inani
3391 4657 3509 4727 opi-

257 4732 384 4805 δόξῃ
418 4738 804 4811 πεπλανημένη
847 4743 1327 4810 πεφαντασιῶσθαι
1355 4745 1468 4815 (75)
1507 4747 1568 4800 τὸ
1599 4749 1836 4804 τοιοῦτον

259 4821 686 4890 ἀπηγγελκέναι·
707 4831 873 4900 ὅπερ,
906 4831 1070 4902 φησὶ,
1098 4834 1308 4903 μυρίοις
1326 4836 1423 4907 ἤδη
1444 4837 1777 4907 σημϐέϐηκε.
1807 4857 1827 4890 ι

259 4909 430 4962 Τοῦτο
441 4911 496 4964 δὲ
516 4917 562 4968 εἰ
581 4919 672 4969 καὶ
695 4919 971 4974 δεινότατα
991 4921 1165 4989 ἔδοξεν
1194 4925 1480 4997 εἰρῆσθαι·
1503 4929 1652 4982 οὐδὲν
1673 4925 1833 5001 ἧττον

259 5009 752 5061 κατασκευαστικόν
784 5012 929 5065 ἐστιν
964 5013 1261 5082 ἀναγκαίου
1293 5017 1586 5088 δόγματος,
1621 5019 1695 5083 ὡς
1727 5021 1834 5093 ἄρα

1943 4746 2105 4799 uione
2133 4746 2376 4800 delusum
2407 4747 2508 4801 sibi
2535 4749 2719 4803 animo
2745 4747 2968 4804 ﬁnxisse
2994 4767 3112 4819 quae
3141 4749 3507 4817 desiderabat,

1939 4853 2110 4906 eaque
2138 4839 2205 4892 ad
2243 4839 2381 4894 alios
2413 4840 2696 4897 detulisse.
2731 4841 2906 4908 Quod,
2939 4844 3138 4912 inquit,
3171 4859 3312 4912 saepe
3344 4843 3508 4896 inan

1941 4931 2105 4985 meris
2132 4933 2346 4987 accidit.
2383 4951 2402 4984 ι
2437 4935 2612 5003 Atque
2642 4935 2744 4988 hoc
2782 4935 2884 4989 etsi
2939 4937 3116 5006 magni
3155 4937 3359 4991 roboris
3380 4950 3506 4997 esse

1940 5029 2123 5088 putat,
2195 5021 2484 5078 confirmat
2555 5034 2732 5078 tamen
2797 5029 3164 5081 necessarium
3236 5026 3508 5096 imprimis,

329 5203 372 5234 ³⁸
400 5202 461 5255 ΙΙΙ
499 5203 631 5273 Reg.
680 5221 812 5271 xvn,
839 5208 930 5274 2‘2;
963 5210 1025 5264 IV
1062 5212 1193 5282 Reg.
1224 5229 1296 5277 tv,
1325 5213 1412 5268 54.
1491 5215 1536 5248 ⁸⁸
1568 5215 1689 5268 lsai.
1718 5232 1838 5294 un,

1963 5219 2146 5276 Matth.
2189 5239 2331 5286 xxvx,
2379 5223 2477 5289 63;
2515 5240 2686 5291 xxv”,
2725 5225 2811 5289 12,
2847 5226 2933 5283 Η.

323 5361 434 5431 (69)
469 5361 544 5417 lla
572 5363 730 5420 codd.
788 5364 991 5433 Regius
1038 5379 1092 5422 et
1141 5369 1479 5424 Basileensis.
1538 5373 1704 5429 Forte
1751 5374 1826 5429 le—

257 5433 792 5511 gendummocodtqi
828 5436 885 5488 δέ
941 5439 1390 5510 παραδοξότερον.
1459 5440 1614 5496 Libb.
1668 5446 1822 5511 editi,

253 5500 426 5575 τούτῳ
527 5500 973 5575 παραδοξότερος.

325 5570 437 5645 (zu)
467 5570 620 5645 Mss,
645 5574 734 5625 τὸν
761 5570 972 5630 σκότον.
1011 5575 1165 5633 Libb.
1193 5578 1342 5639 editi,
1373 5577 1432 5632 τὸ
1467 5581 1678 5645 σκότος.

326 5639 436 5707 (7t)
480 5641 818 5712 exerat-ra.
871 5646 1003 5701 Vide
1079 5648 1458 5706 aduotationes
1526 5654 1590 5707 ad
1636 5639 1732 5707 lib.
1779 5669 1817 5709 ιι

255 5718 435 5764 contra
468 5708 696 5778 Celsum,
732 5731 878 5773 num.
924 5717 1008 5774 Η.

1995 5383 2106 5449 (72)
2133 5384 2286 5460 Mss"
2317 5389 2622 5460 ἐπήρκεσεν
2674 5389 2873 5459 ἐαυτῷ.
2931 5389 3084 5444 Libb.
3127 5387 3278 5451 editi,
3328 5386 3499 5458 ἐπήρε

1925 5466 2085 5525 κεσεν
2108 5455 2279 5525 αὐτῷ.

1999 5523 2113 5592 (⁷3)
2143 5523 2696 5594 Πεφαντασιῶσθαι.
2734 5528 2828 5582 Vel
2857 5526 3136 5595 legendum
3186 5542 3496 5594 φαντασιωι

1920 5589 2102 5666 θέντα,
2134 5589 2242 5647 ειη(
2268 5597 2314 5650 si
2380 5600 2601 5652 retineri
2649 5599 2824 5666 placet
2879 5589 3062 5649 vocem
3099 5589 3494 5666 πεῲαντασιῶι

1920 5661 2066 5726 σθαι,
2094 5676 2246 5718 certe
2279 5676 2401 5737 post
2425 5681 2547 5720 eam
2578 5661 2822 5723 addenda
2863 5673 2947 5721 est
2971 5661 3234 5741 particula
3267 5664 3377 5726 καί,
