3998 6170
307 361 433 416 893

1522 359 1799 414 CONTRA
1832 357 2105 414 δειεοΜ
2133 359 2259 417 LIB.
2295 360 2360 414 ll.

3459 365 3562 420 8M

306 487 448 527 τινα
475 473 582 527 τῶν
623 474 880 546 μαθητῶν
923 476 1272 540 ἀπιστοῦντα,
1303 477 1394 529 καὶ
1437 475 1691 529 ἀδύνατον
1721 477 1901 547 οἰόμε-

2009 477 2216 541 dnlum,
2253 477 2341 546 qui
2369 490 2478 530 rem
2509 475 2763 530 credebat
2793 475 3178 544 impossibilem
3203 492 3344 534 esse.
3373 479 3561 536 Fidem

309 580 416 616 νον
440 563 500 615 τὸ
525 564 844 634 παράδοξον.
872 565 1325 634 Συγκατετέθειτο
1357 566 1454 636 μὲν
1478 566 1586 636 γὰρ
1608 568 1810 630 ἐκεῖνος
1833 569 1898 637 τῇ

309 657 610 729 φασκούσῃ
654 660 816 713 αὑτὸν
853 660 1175 730 ἑωρακέναι,
1221 660 1296 722 ὠς
1326 661 1426 712 οὐκ
1457 658 1714 712 ἀδυνάτου
1751 660 1902 722 ὄντος

307 747 417 802 τοῦ
468 749 567 819 τὴν
615 748 790 820 ψυχὴν
830 749 923 802 τοῦ
967 751 1284 822 τεθνηκότος
1324 750 1580 821 ὀφθῆναι·
1629 751 1808 803 οὐκέτι
1856 751 1900 802 δ’

311 838 576 908 ἐνόμιζεν
604 839 802 909 ἀληθὲς
824 835 963 892 εἶναι
993 842 1075 905 τὸ,
1111 843 1168 894 ἐν
1201 841 1411 913 σώματι
1441 843 1600 896 αὑτὸν
1626 842 1902 914 ἀντιτύπῳ

311 930 639 1002 ἐγηγέρθαι.
681 931 841 984 Ὅθεν
875 932 974 985 οὐκ
1005 928 1125 985 εἷπε
1177 933 1287 1004 (79)
1354 935 1471 1004 μὲν,
1511 952 1530 986 ι
1561 934 1654 987 ἐὰν
1684 935 1758 1004 μὴ
1787 934 1899 997 ἴδω,

311 1022 387 1072 οὐ
426 1022 499 1092 μὴ
540 1023 836 1075 πιστεύσωο
878 1043 896 1074 ι
935 1023 1240 1094 προσέθηκε
1273 1024 1330 1077 δὲ
1357 1025 1562 1087 καὶτὸ,
1601 1045 1619 1075 ι
1668 1025 1790 1078 Ἐὰν
1826 1025 1900 1094 μὴ

315 1109 475 1178 βάλω
506 1112 605 1183 τὴν
649 1113 809 1185 χεῖρά
854 1131 954 1184 μου
999 1116 1080 1176 εἰς
1117 1113 1206 1166 τὸν
1251 1113 1414 1165 τόπον
1457 1113 1566 1167 τῶν
1609 1114 1774 1184 ἥλων,
1810 1115 1902 1168 καὶ

311 1201 630 1272 ψηλατρήσω
676 1204 839 1256 αὐτοῦ
877 1206 976 1275 τὴν
1010 1204 1268 1274 πλευρὰν,
1306 1205 1366 1256 οὑ
1413 1203 1486 1274 μὴ
1529 1203 1822 1257 πιστεύσω.
1879 1223 1896 1254 ι

315 1293 510 1346 Ταῦτα
546 1294 592 1346 δ’
633 1293 847 1363 ἐλέγετο
880 1295 986 1347 ὑπὸ
1017 1294 1111 1347 τοῦ
1143 1294 1333 1362 Θωμᾶ,
1375 1293 1669 1364 κρίνοντος,
1705 1296 1793 1358 ὅτι,
1815 1294 1906 1346 δύ-

312 1399 482 1437 ναται.
534 1384 830 1456 ὀφθαλμοῖς
885 1385 1164 1456 αἰσθητοῖς
1216 1385 1450 1454 φανῆναι
1495 1384 1671 1456 ψυχῆς
1724 1384 1904 1455 σῶμα,

316 1475 507 1527 πάντα
534 1473 613 1543 τῷ
641 1474 891 1545 προτέρῳ
921 1474 1052 1527 εἴδει

403 1563 728 1634 ...Μέγεθός
755 1582 820 1618 τε
852 1566 947 1619 καὶ
981 1564 1210 1635 ὄμματα
1239 1562 1378 1632 ,κάλ’
1404 1563 1669 1630 ἐοικυίης

403 1654 514 1708 Καὶ
544 1654 774 1723 φωνήν.

321 1765 566 1819 Πολλάκι
595 1765 673 1831 δέ,

403 1878 579 1933 ...Καὶ
617 1878 746 1932 τοῖα
769 1878 902 1946 περὶ
941 1879 1073 1948 χροὶ
1111 1878 1296 1948 εἵματ’
1340 1877 1618 1947 ἐχούσης.

325 1971 426 2024 καὶ
451 1970 960 2040 προσκαλεσάμενός
989 1987 1051 2038 γε
1076 1972 1105 2022 6
1145 1969 1350 2040 Ἰησοῦς
1382 1969 1472 2021 τὸν
1506 1968 1724 2038 Θωμᾶν,
1760 1961 1900 2019 εἴπεο

334 2081 355 2113 ι
389 2061 525 2132 Φέρε
549 2061 638 2113 τὸν
664 2060 921 2114 δάκτυλόν
952 2077 1044 2112 σου
1067 2053 1190 2124 ὧδε,
1217 2060 1309 2113 καὶ
1337 2059 1410 2112 ίδε
1440 2057 1538 2121 τὰς
1558 2057 1746 2129 χεῖράς
1781 2074 1900 2128 μου,

329 2154 425 2205 καὶ
462 2152 598 2222 φέρε
631 2152 728 2222 τὴν
770 2151 928 2222 χεῖρά
974 2167 1087 2215 σου,
1134 2150 1228 2204 καὶ
1260 2150 1388 2220 βάλε
1427 2151 1506 2212 εἰς
1534 2149 1633 2219 τὴν
1668 2147 1905 2218 πλευράν

334 2259 458 2312 μου,
491 2241 586 2294 καὶ
621 2241 694 2310 μὴ
727 2241 876 2308 γίνου
908 2239 1154 2304 ἄπιστος,
1191 2239 1325 2293 ἀλλὰ
1359 2239 1567 2302 πιστός.
1612 2257 1630 2289 ι

401 2326 509 2378 Κα)⁸
543 2325 832 2378 ἀκόλουθόν
874 2328 937 2394 γε
973 2322 1039 2396 ἦν
1075 2329 1208 2378 πᾶσι
1239 2331 1348 2389 τοῖς
1391 2344 1449 2379 τε
1482 2325 1904 2397 «poem-caueant

333 2415 464 2486 περὶ
496 2413 660 2467 αὐτοῦ
695 2413 792 2484 (ἐν
823 2409 904 2476 οἷς
940 2414 1214 2468 καὶτοῦτο
1248 2411 1351 2486 ἦν)
1383 2417 1475 2468 καὶ
1504 2418 1614 2478 τοῖς
1640 2415 1905 2485 πραχθεῖ-

336 2520 420 2556 σιν
447 2502 615 2573 αὐτῷ,
654 2503 747 2556 καὶ
777 2507 887 2566 τοῖς
920 2503 1308 2572 συμϐεϐηκόσι,
1351 2506 1522 2558 τοῦτο’
1547 2507 1694 2575 παρὰ
1728 2487 1906 2560 πάντα

336 2592 637 2662 παράδοξον
671 2591 938 2658 γενέσθαι.
975 2591 1337 2662 Προελέλεκτο
1369 2593 1476 2664 γὰρ
1519 2595 1583 2646 ἐκ
1614 2594 1904 2665 προσώπου

336 2681 432 2734 τοῦ
477 2680 646 2752 Ἰησοῦ
678 2683 734 2734 ἐν
758 2680 834 2751 τῷ
863 2683 1116 2753 προφήτῃ
1135 2699 1148 2712 ο
1186 2702 1204 2732 ι
1251 2683 1314 2735 Ἦ
1341 2683 1476 2754 σάρξ
1505 2702 1603 2755 μου
1637 2703 1909 2758 κατασκη-

337 2772 497 2826 νώσει
542 2774 629 2825 ἐπ’
677 2773 889 2826 ἐλπίδι·
949 2774 1041 2826 καὶ
1087 2775 1187 2827 οὐκ
1229 2775 1630 2844 ἐγκαταλείψεις
1669 2777 1777 2847 (80)
1811 2777 1907 2849 τὴν

335 2863 511 2934 ψυχήν
543 2880 643 2934 μου
675 2866 754 2927 εἰς
785 2865 876 2917 τὸν
909 2864 1062 2934 ᾅδην,
1093 2866 1184 2917 καὶ
1212 2866 1272 2918 οὐ
1301 2865 1489 2930 δώσεις
1516 2867 1606 2920 τὸν
1635 2869 1779 2921 ὅσιόν
1812 2885 1906 2920 σου

337 2952 466 3006 ιὸὶίν
508 2951 820 3023 διαφθοράν.
874 2972 892 3005 ι
935 2953 1044 3006 Καὶ
1089 2949 1156 3023 ἦν
1193 2970 1256 3021 γε
1299 2955 1436 3024 μετὰ
1477 2955 1574 3026 τὴν
1613 2958 1907 3011 ἀνάστασιν

335 3045 498 3099 αὑτοῦ
540 3045 779 3116 ὡσπερεὶ
819 3046 876 3096 ἐν
909 3044 1142 3116 μεθορίῳ
1172 3047 1282 3117 (81)
1325 3048 1428 3100 τινὶ
1456 3049 1558 3118 τῆς
1603 3049 1908 3120 παχύτητος

2005 581 2179 624 tamen
2205 568 2432 622 habebat
2459 569 2503 624 is
2527 568 2742 622 mulieri
2767 583 2824 623 se
2852 570 3053 624 vidisse
3080 572 3355 645 narranti;
3391 588 3564 640 neque

2001 660 2150 712 enim
2189 660 2473 713 dubitabat
2501 660 2629 729 quin
2658 659 2834 712 anima
2858 661 3058 714 mortui
3085 662 3322 731 conspici
3350 673 3558 731 posset;

2001 749 2094 802 sed
2127 749 2227 803 sibi
2269 749 2322 802 in
2362 750 2603 802 animum
2636 749 2896 804 inducere
2928 765 3031 803 non
3062 761 3273 819 poterat
3294 766 3413 807 eum
3436 769 3565 809 vere

2002 842 2302 896 surrexisse
2325 856 2390 895 eo
2414 857 2639 910 corpore
2662 844 2800 912 quod
2837 845 3000 911 priori
3029 845 3204 899 simile
3232 854 3397 900 esset.
3424 845 3563 900 l-linc

2005 943 2087 986 est
2126 932 2266 999 quod
2303 947 2408 986 non
2470 932 2666 986 dixerit
2723 933 3094 990 solummodo:
3141 955 3159 986 ι
3198 935 3310 990 Nisi
3359 937 3562 1003 videro,

2004 1035 2110 1076 non
2137 1021 2350 1074 credam
2376 1038 2391 1087 ;
2423 1039 2442 1072 ι
2475 1023 2567 1075 sed
2594 1021 2862 1076 addiderit
2891 1040 2944 1076 ει
2969 1023 3080 1077 Nisi
3106 1025 3314 1078 mittam
3343 1041 3557 1078 manum

2008 1126 2182 1165 meam
2207 1112 2261 1165 in
2293 1110 2470 1165 locum
2496 1111 2773 1164 clavorum
2801 1120 2856 1166 et
2887 1122 3216 1168 contrectem
3251 1115 3388 1169 latus
3417 1114 3563 1184 ejus,

2009 1217 2112 1256 non
2157 1201 2395 1257 credam.
2423 1219 2442 1253 ι
2492 1201 2624 1267 Quae
2665 1201 2886 1271 quidem
2935 1201 3175 1258 Thomas
3220 1205 3386 1268 dixit,
3439 1205 3567 1274 quia

2003 1293 2339 1347 existimaret
2367 1295 2615 1360 corporis
2646 1293 2820 1347 oculis
2852 1293 3218 1361 conspicabile
3250 1295 3363 1348 ﬁeri
3408 1309 3567 1362 posse

2004 1399 2198 1453 corpus
2230 1384 2426 1437 animae
2459 1398 2576 1452 quae
2596 1385 2830 1452 priorem
2853 1382 3083 1438 formam
3102 1386 3321 1440 omnino
3342 1383 3572 1441 referret

2232 1557 2301 1613 Ει
2338 1559 2698 1630 magnitudine
2726 1567 2773 1613 et
2804 1558 2968 1612 oculis
2996 1558 3200 1611 decoris

2079 1650 2146 1704 Et
2174 1667 2310 1704 voce.

2012 1764 2164 1835 Sat-pe
2195 1768 2359 1819 etiam

2216 1879 2284 1931 Et
2315 1877 2477 1932 simili
2508 1878 2792 1931 amictu”.

2004 1970 2138 2024 Cum
2187 1969 2351 2037 igitur
2401 1969 2667 2023 Thomam
2699 1967 3018 2023 advocasset
3045 1967 3237 2034 Jesus,
3279 1968 3420 2024 dixit
3453 1968 3525 2022 illi
3557 1989 3570 2023 :

2011 2082 2028 2113 ι
2059 2061 2202 2114 lnfer
2233 2060 2455 2130 digitum
2494 2069 2642 2114 tuum
2676 2062 2783 2116 huc
2805 2101 2820 2126 ,
2853 2071 2909 2115 et
2936 2062 3059 2116 vide
3088 2077 3278 2115 manus
3315 2075 3494 2125 meas,
3521 2067 3576 2113 et

2005 2153 2141 2206 alfet'
2172 2169 2388 2206 mannrn
2424 2163 2593 2217 tuam,
2625 2163 2679 2208 et
2710 2155 2863 2207 mitte
2893 2153 2947 2207 in
2975 2153 3116 2210 latus
3144 2168 3345 2218 meum,
3374 2160 3430 2206 et
3450 2150 3565 2206 noli

2005 2260 2124 2300 esse
2156 2245 2489 2309 incredulus,
2520 2245 2614 2299 sed
2648 2245 2817 2298 fidelis
2839 2245 2942 2300 ⁸⁸.»

2078 2335 2166 2390 62.
2201 2336 2281 2390 Ac
2321 2344 2750 2390 consentaneum
2779 2336 2997 2404 quidem
3022 2343 3141 2390 erat
3172 2334 3426 2389 onmibus
3454 2347 3577 2402 qua

2005 2427 2071 2482 de
2103 2426 2195 2480 illo
2229 2426 2483 2496 praedicta
2519 2425 2734 2480 fuerant
2765 2425 2947 2497 (inter
2981 2441 3102 2494 quae
3139 2435 3258 2479 erat
3297 2433 3354 2478 et
3386 2439 3569 2479 resur-

2007 2517 2220 2591 rectio),
2251 2529 2305 2573 et
2338 2521 2403 2574 iis
2435 2536 2555 2589 qua:
2577 2520 2795 2585 fecerat,
2829 2534 3038 2573 necnon
3071 2518 3136 2572 iis
3162 2533 3281 2586 qua
3315 2517 3414 2586 ipsi
3445 2533 3579 2571 con-

2010 2612 2276 2680 tigerant,
2309 2622 2365 2665 ut
2405 2612 2492 2665 illa
2526 2612 2708 2666 omnia
2737 2611 2838 2665 hoc
2873 2609 3110 2664 omnium
3141 2608 3579 2676 splendidissimo

2007 2701 2270 2756 miraculo
2287 2701 2815 2756 cumularentur.Ait
2835 2703 2976 2756 enim
2995 2701 3251 2770 propheta
3268 2713 3332 2753 ex
3351 2713 3578 2766 persona

2007 2789 2154 2844 Jesu:
2168 2791 2337 2846 «Caro
2357 2806 2473 2846 mea
2492 2791 2655 2863 434
2671 2793 2931 2846 habitabit
2948 2793 2998 2845 in
3019 2807 3135 2861 5pc,
3153 2791 3278 2859 quia
3296 2805 3401 2844 non
3425 2790 3582 2843 dere-

2011 2882 2227 2950 linques
2253 2882 2496 2936 animam
2533 2897 2708 2935 meam
2740 2883 2794 2937 in
2820 2882 3068 2945 inferno,
3134 2897 3236 2936 nec
3269 2881 3422 2935 dabis
3453 2895 3582 2934 san-

2007 2982 2153 3029 ctum
2185 2981 2338 3026 tuum
2368 2972 2555 3028 videre
2584 2973 2986 3042 corruptionem
3001 2974 3098 3027 θ’.»
3125 2972 3447 3025 Eratautem
3462 2977 3582 3038 post

2008 3079 2162 3119 suam
2210 3065 2664 3118 resurrectionem
2709 3067 2866 3134 quasi
2920 3066 3130 3121 medius
3163 3068 3306 3121 inter
3333 3079 3578 3120 crassum

334 3136 436 3206 τῆς
462 3136 567 3207 πρὸ
598 3134 692 3188 τοῦ
724 3134 928 3198 πάθους
960 3135 1228 3206 σώματος,
1264 3139 1355 3192 καὶ
1379 3137 1470 3191 τοῦ
1501 3140 1710 3210 γυμνὴν
1738 3141 1905 3193 τοιού-

2013 3170 2212 3224 corpus
2247 3154 2379 3209 illud
2409 3157 2550 3223 quod
2583 3156 2819 3210 habebat
2855 3165 3146 3224 antequam
3175 3165 3486 3225 pateretur,
3523 3165 3580 3210 et

335 3243 428 3278 του
462 3224 706 3296 σώματος
738 3225 1017 3294 φαίνεσθαι
1040 3227 1235 3298 ψυχήν.
1266 3228 1445 3291 Ὅθεν,
1467 3231 1544 3282 ὅτ’
1566 3226 1704 3300 ἦσαν
1733 3232 1781 3283 οί
1810 3249 1912 3301 μα-

341 3317 500 3388 θηταὶ
543 3318 707 3370 αὐτοῦ
752 3317 844 3371 καὶ
889 3318 1089 3388 Θωμᾶς
1125 3321 1217 3372 ἐπί
1261 3321 1323 3373 τὺ
1364 3323 1496 3374 αὐτὸ
1551 3325 1667 3392 μετ’
1709 3322 1908 3388 αὐτῶν,

343 3426 363 3458 ι
403 3408 618 3478 ἔρχεται
659 3410 686 3461 6
733 3407 961 3478 Ἰησοῦς,
996 3408 1102 3462 τῶν
1144 3408 1320 3482 θυρῶν
1367 3411 1782 3480 κεκλεισμένων,
1819 3414 1910 3466 καὶ

335 3498 462 3569 ἔστη
505 3499 583 3562 είς
622 3499 682 3551 τὸ
726 3499 909 3568 μέσον,
946 3500 1039 3553 καὶ
1073 3495 1254 3553 εἶπεν·
1291 3502 1493 3573 Εἰρήνη
1534 3504 1688 3572 ὑμῖν·
1735 3523 1753 3555 ι
1792 3499 1911 3558 εἷτα

333 3587 479 3656 λέγει
511 3587 588 3658 τῷ
615 3587 812 3658 Θωμᾷ·
846 3607 864 3638 ι
896 3589 1032 3659 Φέρε
1065 3589 1154 3640 τὸν
1183 3589 1436 3642 δάκτυλόν
1481 3607 1573 3644 σου
1607 3584 1729 3654 ὧδε,
1769 3611 1787 3642 ι
1819 3595 1910 3647 καὶ

333 3681 406 3734 τὰ
433 3680 578 3752 ἑξῆς.
611 3681 717 3734 Καὶ
745 3683 800 3733 ἐν
828 3681 906 3752 τῷ
937 3681 1079 3735 κατὰ
1107 3683 1316 3735 Λουκᾶν
1345 3682 1402 3734 δὲ
1430 3683 1761 3755 Εὑαγγελίῳ,
1790 3686 1912 3756 ὁμι-

334 3771 565 3824 λούντων
594 3773 727 3842 πρὸς
750 3772 1010 3843 ἀλλήλους
1033 3773 1274 3843 Σίμωνος
1299 3772 1409 3839 (8'2)
1445 3773 1539 3827 καὶ
1567 3775 1789 3828 Κλεόπα
1818 3792 1913 3828 πε-

337 3864 390 3932 ρὶ
415 3863 629 3915 πάντων
649 3862 757 3916 τῶν
800 3862 1219 3933 συμϐεϐηκότων
1253 3864 1452 3927 αὐτοῖς,
1489 3865 1518 3915 6
1560 3864 1767 3935 Ἰησοῦς
1799 3868 1908 3919 ἐπι-

337 3952 465 4014 στὰς
498 3953 698 4016 αὐτοῖς,
737 3971 755 4002 ι
800 3952 1186 4022 συνεπορεύετο
1218 3939 1333 4022 μετ’
1363 3953 1560 4006 αὐτῶν.
1595 3955 1705 4008 Καὶ
1730 3957 1778 4008 oi
1811 3956 1910 4027 μὲν

333 4042 597 4111 ὀφθαλμοὶ
619 4040 794 4095 αὐτῶν
821 4041 1148 4111 ἐκρατοῦντο
1173 4042 1266 4094 τοῦ
1298 4042 1370 4113 μὴ
1396 4043 1687 4112 ἐπιγνῶναι
1715 4047 1905 4101 αὐτόν·

331 4133 360 4184 6
393 4132 450 4184 δὲ
482 4127 603 4183 εἷπε
637 4131 773 4201 πρὸς
800 4130 1030 4193 αὐτούς’
1063 4132 1219 4194 Τίνες
1255 4133 1302 4183 οἱ
1336 4133 1503 4201 λόγοι,
1545 4133 1636 4197 οὒς
1665 4136 1913 4190 ἀντιϐάλ-

331 4223 453 4274 λετε
503 4221 638 4289 πρὸς
677 4221 937 4290 ἀλλήλους
982 4221 1444 4291 περιπατοῦντες;
1512 4243 1530 4275 ι
1587 4226 1698 4277 Καὶ
1749 4227 1911 4296 ἡνίκα

330 4310 711 4382 διηνοίχθησαν
781 4309 958 4364 αὐτῶν
1022 4311 1071 4364 οἱ
1120 4310 1406 4381 ὀφθαλμοὶ,
1459 4314 1553 4365 καὶ
1597 4315 1911 4381 ἐπέγνωσαν

330 4401 510 4465 αὑτὸν,
554 4400 676 4453 τότε
704 4399 893 4463 αὐταῖς
920 4400 1094 4464 λέξεσί
1126 4417 1287 4470 φησιν
1322 4401 1355 4470 ἡ
1387 4401 1598 4472 Γραφὴ,
1637 4422 1654 4454 ι
1693 4405 1786 4456 καὶ
1815 4404 1911 4457 αὐ-

2011 3247 2211 3302 subtile
2263 3261 2372 3315 quo
2421 3248 2600 3300 anima
2659 3247 2845 3301 induta
2898 3248 3237 3316 conspicitur
3290 3257 3580 3317 postquam

2011 3337 2157 3404 prius
2185 3351 2382 3406 corpus
2410 3337 2677 3404 deposuit.
2715 3336 2866 3392 Unde
2906 3353 3026 3392 cum
3060 3346 3243 3393 essent
3291 3338 3450 3392 simul
3499 3339 3582 3392 di-

2009 3427 2198 3496 scipuli
2223 3428 2341 3496 ejus
2367 3437 2420 3481 et
2440 3427 2879 3494 Thonras,¢vcnit
2898 3427 3071 3494 Jesns,
3091 3429 3273 3497 januis
3291 3427 3509 3488 clausis,
3525 3437 3581 3481 et

2010 3519 2162 3573 stetit
2189 3519 2242 3572 in
2273 3518 2450 3572 medio
2481 3525 2536 3572 et
2573 3518 2747 3572 dixit:
2781 3517 2891 3570 Pax
2925 3519 3117 3592 vobis;
3152 3537 3170 3570 ι
3205 3528 3262 3571 et
3313 3516 3574 3571 Thomat:

2018 3628 2036 3661 ι
2065 3609 2212 3663 lnl'er
2253 3609 2482 3678 digitum
2514 3617 2661 3661 tuum
2698 3609 2804 3662 huc
2840 3609 2907 3675 ⁸³,
2939 3618 3045 3663 etc.
3075 3628 3095 3661 ι
3118 3609 3184 3662 Et
3205 3609 3256 3662 in
3284 3605 3578 3676 Evangelio

2012 3701 2308 3754 secundum
2343 3698 2583 3762 Lucam,
2608 3697 3042 3766 colloquentibus
3073 3699 3296 3752 Simone
3333 3707 3388 3752 et
3422 3697 3581 3752 Cleo-

2012 3790 2114 3858 pha
2145 3790 2210 3844 de
2239 3789 2306 3845 iis
2345 3805 2466 3860 qua:
2497 3789 2603 3844 illis
2645 3790 2995 3854 acciderant,
3029 3788 3187 3843 Jesus
3215 3788 3578 3844 interveniens

2021 3898 2038 3930 ι
2086 3880 2199 3934 ibat
2226 3894 2349 3934 cum
2377 3880 2481 3933 illis
2511 3898 2526 3947 ;
2551 3881 2690 3936 oculi
2721 3890 2898 3935 autem
2929 3882 3141 3934 illorum
3167 3879 3490 3934 tenebantur
3509 3893 3580 3932 ne

2009 3983 2133 4024 eum
2191 3978 2570 4038 agnoscerent.
2638 3969 2705 4024 Et
2763 3969 2840 4023 ait
2893 3969 2960 4023 ad
3009 3968 3183 4022 illos:
3227 3967 3326 4034 Qui
3359 3976 3486 4021 sunt
3522 3967 3577 4020 hi

2011 4073 2325 4122 sermones,
2369 4074 2507 4128 quos
2557 4057 2822 4114 confertis
2876 4059 2942 4112 ad
2992 4059 3224 4113 invicem
3282 4057 3570 4110 ambulan-

2013 4149 2202 4203 tes“?
2235 4168 2254 4201 ι
2292 4149 2358 4204 Ει
2387 4159 2674 4220 postquam
2720 4151 2894 4218 aperti
2941 4158 3069 4205 sunt
3112 4148 3256 4204 oculi
3294 4163 3482 4203 eorum
3522 4155 3579 4201 et

2012 4241 2186 4309 ipsum
2215 4249 2607 4308 cognoverunt.
2639 4241 2925 4311 Scriptura
2955 4241 3176 4296 disertis
3200 4239 3382 4293 verbis
3407 4238 3578 4291 adno-

2015 4340 2113 4395 tat,
2156 4349 2174 4381 ι
2209 4332 2273 4385 Et
2305 4331 2420 4399 ipse
2456 4333 2682 4386 evanuit
2705 4347 2771 4387 ex
2819 4331 2992 4387 oculis
3021 4346 3230 4386 eorum.
3254 4347 3273 4381 ι
3324 4328 3579 4394 Quamvis

2014 4423 2178 4492 igitur
2205 4423 2393 4478 Celsus
2421 4423 2659 4477 visiones
2689 4423 2754 4478 de
2778 4421 2908 4477 Jesu
2930 4437 3049 4477 cum
3077 4421 3305 4476 aliorum
3329 4420 3573 4484 somniis,

327 4492 418 4556 τὸς
465 4493 698 4562 ἄφαντος
749 4491 963 4559 ἐγένετο
1009 4491 1102 4544 ἀπ’
1157 4489 1353 4543 αὐτῶν.
1421 4510 1440 4543 ι
1488 4492 1610 4546 Κᾶν
1655 4493 1905 4565 βούληται

2012 4528 2216 4581 eosque
2243 4515 2336 4583 qui
2361 4512 2546 4569 Jesum
2571 4514 2822 4569 viderunt
2841 4522 2962 4583 post
2988 4512 3106 4582 ejus
3127 4509 3574 4565 resurrectionem

328 4577 419 4635 οῦν
457 4584 779 4635 κοινοποιεῖν
810 4580 946 4652 πρὸς
982 4579 1144 4650 ἕτερα
1189 4581 1568 4650 φαντάσματα,
1604 4582 1698 4635 καὶ
1727 4582 1918 4647 ἄλλους

329 4672 750 4740 φαντασθέντας,
778 4670 846 4724 τὰ
870 4669 1010 4723 κατὰ
1033 4670 1123 4723 τὸν
1165 4670 1391 4741 Ἰησοῦν,
1427 4671 1521 4724 καὶ
1550 4673 1674 4735 τοὺς
1706 4673 1912 4737 ἰδόντας

330 4763 489 4815 αὐτὸν
527 4763 664 4834 μετὰ
693 4763 791 4833 τὴν
837 4761 1131 4816 ἀνάστασιν
1158 4763 1186 4814 6
1215 4762 1453 4825 Κέλσος·
1488 4761 1623 4815 ἀλλὰ
1665 4765 1774 4826 τοῖς
1815 4765 1908 4816 εὑ-

329 4852 617 4921 γνωμόνως
669 4853 762 4904 καὶ
811 4852 1087 4923 φρονίμως
1132 4850 1442 4917 ἐξετάζουσι
1484 4853 1552 4906 τά
1602 4852 1900 4924 πράγματα

329 4941 573 5010 φανεῖται
599 4941 660 4993 τὸ
686 4941 1124 5013 παραδοξότερον.

2015 4617 2138 4656 cum
2172 4603 2238 4656 iis
2265 4612 2546 4671 comparet
2579 4619 2714 4673 quos
2739 4604 2919 4658 inania
2948 4610 3160 4672 spectra
3196 4599 3574 4660 luiliticantur;

2015 4709 2176 4747 neruo
2202 4695 2466 4749 candidus
2497 4706 2551 4748 et
2580 4695 2820 4764 prudens
2854 4709 2940 4748 res
2973 4707 3093 4762 quae
3138 4693 3204 4745 ad
3234 4689 3416 4745 Jesum
3458 4701 3580 4756 per-

2011 4787 2206 4852 tinent,
2229 4787 2645 4851 examinarerit,
2668 4788 2796 4855 quin
2815 4797 3076 4856 agnoscat
3105 4800 3196 4839 eas
3219 4798 3337 4839 esse
3370 4780 3582 4835 caeteris

2008 4878 2164 4949 longe
2192 4880 2362 4949 magis
2392 4879 2767 4933 admirabiles.

394 5030 440 5061 ’θ
480 5029 696 5086 llomer.
729 5033 878 5088 Iliad.
905 5049 1064 5099 χχιιι,
1083 5033 1149 5088 66
1167 5045 1221 5090 et
1238 5035 1324 5090 67.
1368 5036 1411 5068 ⁹¹
1429 5034 1590 5093 Joan.
1607 5051 1699 5102 xx,
1721 5037 1810 5092 9.7.
1875 5038 2080 5094 "Psal.
2103 5054 2190 5102 xv,
2210 5040 2264 5096 9.
2322 5038 2541 5135 "Joap.
2561 5055 2655 5105 xx,
2675 5039 2766 5106 ‘26,
2788 5039 2878 5093 27.
2945 5039 2990 5073 ⁸⁸
3008 5038 3140 5094 Luc.
3161 5052 3308 5103 xxtv,
3334 5035 3397 5089 l3
3426 5045 3580 5100 seqq.

401 5158 594 5235 {79l_ln
630 5161 874 5235 margine
920 5163 1140 5235 veteris
1171 5166 1375 5219 codicis
1397 5163 1638 5220 Vaticani
1672 5166 1890 5235 legitur.

314 5228 374 5283 ὅθ
391 5247 450 5282 εν
479 5225 626 5298 εἷπε.
659 5225 776 5282 sine
802 5232 1060 5298 particula
1093 5233 1210 5286 οὐκ.

398 5297 510 5368 (80)
532 5299 641 5370 Καὶ
677 5299 785 5370 οὐκ
805 5297 1276 5370 ἐγκαταλείψεις.
1309 5302 1398 5357 Sic
1446 5318 1638 5356 omnes
1676 5320 1806 5357 mss.
1841 5314 1896 5358 et

317 5365 355 5440 ιι
373 5365 669 5440 ῳςςίιειὶιιε
688 5367 738 5440 in
761 5365 928 5424 textu.
953 5365 1260 5438 Spencerus
1275 5386 1422 5437 vero,
1445 5373 1526 5424 ὅτι
1547 5373 1644 5424 οὐκ
1665 5374 1896 5440 ἐγκατα-

324 5437 544 5506 λείψεις.
597 5437 765 5490 Paulo
811 5447 931 5504 post
973 5437 1398 5506 reclehomnitro
1449 5443 1614 5494 codex
1650 5437 1894 5497 Julianus

327 5504 565 5582 secunda
593 5522 752 5582 manu
787 5507 977 5582 habet,
1005 5508 1096 5582 καὶ
1127 5504 1194 5582 ἦν
1213 5525 1276 5582 γε
1307 5509 1556 5582 μετὰτὴν
1579 5511 1894 5566 ἀνάστασιν.

326 5577 500 5649 Alias,
523 5576 625 5649 καὶ
640 5570 708 5645 ἦν
745 5592 802 5642 γε
826 5577 967 5649 κατὰ
997 5578 1097 5649 τὴν
1129 5570 1440 5649 ἀνάστασιν.

398 5646 520 5716 (ιιι)-
572 5646 668 5698 Ἑν
709 5646 981 5714 μεθορίῳ,
1033 5646 1138 5702 etc.
1189 5647 1496 5716 Legendum
1549 5650 1781 5711 videtur.
1841 5652 1899 5703 ὲν

335 5712 567 5796 μεθορίῳ
615 5712 730 5796 'r-t'vi
757 5712 860 5796 τῇς
886 5716 1196 5796 κακότητος
1245 5712 1340 5796 ’ἑο-ὕ
1401 5719 1503 5789 πρὸ
1554 5719 1646 5773 τοῦ
1697 5719 1900 5784 πάθους

332 5783 597 5854 σώματος.
639 5785 766 5842 Vide
795 5783 1044 5846 ἣοιιιὶιηὸ
1073 5783 1128 5846 iit
1153 5783 1372 5844 ιιυιῖῖιι.

2070 5171 2180 5239 (82)
2211 5173 2494 5239 Σίμωνος.
2525 5173 2676 5228 Unde
2721 5173 2964 5227 hauserit
3006 5172 3264 5238 Origenes
3316 5169 3580 5223 Simonem

2001 5239 2167 5294 fuisse
2198 5241 2446 5308 Cieophu:
2489 5244 2728 5307 socium,
2755 5245 3016 5297 incertum
3065 5252 3169 5296 est.
3225 5242 3277 5292 In
3329 5255 3582 5308 sermone

1997 5310 2171 5376 primo
2217 5311 2282 5364 de
2315 5306 2556 5378 tetnpore
2591 5317 2735 5366 inter
2768 5313 3158 5366 Ambrosianus
3200 5308 3382 5378 socius
3417 5306 3578 5360 Cleo-

2003 5381 2116 5445 phue
2142 5390 2365 5433 vocatur
2409 5375 2635 5435 Amnon.
2664 5382 2768 5435 Alii
2824 5379 3210 5434 Nathanaeletn
3250 5375 3418 5429 fuisse
3479 5391 3577 5429 vo-

2009 5451 2143 5510 lunt,
2171 5449 2260 5502 alii
2289 5451 2576 5518 ipsnrnmet
2606 5449 2826 5512 Lucam,
2858 5452 2944 5516 qui
2966 5463 3138 5518 suum
3170 5445 3337 5518 ipsius
3381 5459 3577 5500 nomen

2007 5520 2256 5573 tacuerit.
2308 5515 2452 5573 Vide
2505 5519 2678 5574 Grotii
2736 5515 3112 5571 adnotationes
3165 5515 3230 5566 ad
3291 5529 3411 5582 cap.
3450 5528 3580 5568 xxrv

2005 5587 2208 5654 Evang.
2258 5589 2556 5642 secundum
2601 5589 2821 5642 Lucam.
2848 5585 3013 5639 Paulo
3048 5595 3167 5653 post
3199 5599 3390 5654 omnes
3415 5598 3576 5654 mssH

2012 5651 2436 5741 συμϐεϐηκότων
2493 5657 2672 5722 αὐτοῖς
2702 5696 2716 5722 ,
2785 5651 3076 5726 impressi,
3157 5651 3580 5726 συμϐεϐηκότων

2010 5742 2178 5797 αυτορ.
