3998 6170
425 278 530 332 893
1903 275 2224 333 ORIGENIS

497 394 588 448 65.
617 393 808 448 Postea
833 393 1020 448 Celsus
1042 409 1162 463 quae
1192 394 1392 463 scripta
1416 402 1542 448 sunt
1570 393 1987 462 reprehendens,
2019 396 2062 452 Α

428 482 798 537 dillicultatem
858 481 1042 550 objicit
1109 481 1331 535 minime
1377 485 1849 538 contemnendam.
1885 501 1904 534 ι
1937 485 1993 538 Si

433 587 613 635 Suam,
641 573 826 640 inquit.
857 571 1090 624 divinam
1117 573 1409 640 potentiam
1438 588 1623 628 revera
1655 574 1997 630 innotescere

429 664 602 717 νοιυίι
626 704 640 728 ,
670 662 905 731 oportuit
931 662 1151 730 utique,
1187 671 1245 716 ut
1279 678 1337 718 se
1370 665 1482 718 suis
1510 665 1830 720 adversariis
1853 707 1866 730 ,
1898 681 1996 720 suo

427 754 617 822 jtnlici,
650 752 900 808 omnibus
925 753 1149 806 omnino
1173 752 1505 807 ostenderet.
1535 771 1554 804 ι
1590 752 1721 806 Nam
1757 761 1811 808 et
1838 753 1997 808 nobis

433 859 496 897 ex
532 842 821 912 Evangelio
868 851 1079 897 certum
1134 850 1254 906 est,
1306 857 1430 896 eum
1462 851 1584 910 post
1638 843 2000 897 resurrectio-

3595 276 3738 330 896

2171 391 2326 446 Μετὰ
2366 393 2537 447 ταῦτα
2577 396 2605 446 ὀ
2646 393 2872 460 Κέλσος,
2921 391 3020 444 οὐκ
3064 390 3574 462 εὐκαταφρονήτως
3641 391 3732 442 τὰ

2099 484 2456 556 γεγραμμένα
2505 483 2834 552 κακολογῶν,
2872 483 3054 553 φησὶν,
3104 500 3122 531 ι
3169 481 3249 532 ὄτι
3302 479 3471 549 ἐχρῆν
3513 478 3729 549 εἴπερ

2097 574 2264 637 ὅντως
2311 574 2461 627 θείαν
2490 575 2718 645 δύναμιν
2757 576 2988 644 ἐκφῆναι
3019 571 3207 640 ἢθελεν
3245 573 3275 624 ὀ
3312 569 3553 639 Ἰησοῦς,
3596 569 3720 620 αὐ-

2098 667 2210 728 τοῖς
2233 668 2344 728 τοῖς
2373 667 2729 736 ὲπηρεάσασι,
2752 666 2844 718 καὶ
2870 665 2946 734 τῷ
2969 662 3394 716 καταδικάσαντι
3421 662 3570 728 (8'5),
3605 662 3725 713 καὶ

2099 754 2235 818 ὅλως
2263 757 2426 808 πᾶσιν
2455 756 2703 826 ὀφθῆναι.
2740 775 2758 806 ι
2805 754 3042 824 Ἀληθῶς
3067 754 3176 825 γὰρ
3206 754 3300 807 καὶ
3328 754 3462 823 ἡμῖν
3495 751 3721 820 φαίνε-

2098 860 2208 906 ται,
2234 844 2375 897 κατὰ
2402 844 2462 897 τὸ
2488 844 2836 912 Εὑαγγέλιον,
2863 844 2962 914 οὐχ
2986 843 3127 896 οὕτω
3156 841 3292 912 μετὰ
3317 841 3414 911 τὴν
3439 841 3720 894 ἀνάστα.-

437 950 594 1002 nem,
641 952 744 989 non
786 935 1007 1004 perinde
1053 948 1117 986 ac
1158 943 1315 1000 ante,
1359 948 1418 988 se
1456 935 1612 1004 vulgo
1647 946 1702 990 et
1747 935 1997 990 omnibus

437 1029 726 1096 praebuisse
751 1027 1126 1095 conspicuum.
1160 1023 1265 1078 Sed
1307 1025 1359 1079 in
1391 1025 1542 1078 Actis
1591 1027 1824 1094 quidem
1861 1028 2001 1080 scri-

436 1127 581 1186 ptum
606 1126 688 1170 est
706 1134 719 1170 :
744 1135 761 1166 ‹
787 1116 887 1170 Per
911 1117 1026 1170 dies
1044 1115 1395 1184 quadraginta
1412 1131 1676 1186 apparens
1695 1118 2000 1188 discipulis,

439 1209 758 1277 loquebatur
783 1209 846 1259 de
877 1220 1041 1274 regno
1066 1205 1155 1259 Dei
1178 1207 1259 1273 95;
1286 1221 1379 1260 »εχ
1409 1208 1712 1278 Evangeliis
1736 1221 1912 1264 autem
1938 1210 2003 1264 li-

437 1307 562 1365 quet
595 1312 716 1350 eum
756 1312 877 1350 cum
906 1296 1011 1349 illis
1043 1311 1147 1350 non
1180 1309 1392 1364 semper
1421 1297 1588 1352 fuisse
1625 1311 1893 1353 versatum
1913 1301 1997 1366 ⁹⁶;

439 1384 597 1438 modo
626 1393 750 1452 pOsl
777 1384 891 1438 dies
913 1394 1059 1446 octo,
1089 1382 1287 1438 clausis
1309 1379 1509 1454 januis,
1539 1388 1593 1440 in
1617 1389 1792 1443 medio
1813 1404 2001 1443 eorum

438 1472 614 1526 visum
639 1487 761 1527 esse
783 1514 798 1541 ,
830 1473 1121 1542 aliquando
1151 1473 1473 1542 quibusdam
1506 1474 1773 1529 similibus
1809 1477 2002 1531 modis.

442 1565 569 1616 ltem
616 1563 818 1617 Paulus
862 1565 1008 1618 circa
1042 1567 1199 1618 linem
1235 1565 1423 1632 prima
1468 1567 1534 1618 ad
1585 1567 1894 1622 Corinthios
1931 1569 2003 1622 ita

441 1654 654 1718 scribit,
684 1663 741 1706 ut
774 1655 905 1707 satis
938 1655 1124 1708 innuat
1161 1654 1344 1710 Jesum
1409 1671 1514 1710 non
1559 1657 1629 1710 ita
1665 1657 1828 1726 vulgo
1860 1670 2002 1725 post,

444 1760 508 1798 ac
557 1757 847 1813 antequam
905 1754 1208 1815 pateretur,
1258 1748 1429 1802 visum
1481 1746 1666 1802 fuisse.
1731 1768 1750 1800 ‹
1781 1743 2032 1804 Τι-οίίίιη

444 1835 586 1888 enim
615 1835 767 1887 vobis
800 1835 850 1887 in
884 1835 1097 1904 primis,
1137 1836 1343 1904 inquit,
1370 1837 1513 1905 quod
1547 1846 1602 1892 et
1624 1839 1838 1907 accepi,
1871 1854 2007 1909 quo-

445 1925 590 1978 niam
616 1924 866 1979 Christus
893 1934 1134 1981 mortuus
1159 1937 1240 1979 est
1274 1941 1371 1994 pro
1395 1929 1630 1996 peccatis
1657 1930 1856 1984 nostris
1874 1971 1888 1996 ,
1921 1944 2007 1984 se—

446 2016 1058 2084 cundumScripturas;
1112 2025 1166 2070 et
1210 2019 1332 2084 quia
1386 2019 1530 2072 visus
1578 2031 1661 2073 est
1711 2019 1928 2089 Ceplicc,
1954 2028 2009 2073 et

446 2120 565 2176 post
632 2111 734 2163 hoc
786 2109 1109 2173 duodecim;
1163 2110 1357 2165 deinde
1401 2111 1548 2165 visus
1591 2121 1677 2166 est
1703 2113 1822 2182 plus
1845 2128 2006 2180 quam

445 2199 757 2266 quingentis
787 2198 1047 2255 fratribus
1088 2200 1270 2265 simul,
1299 2215 1363 2255 ex
1424 2202 1624 2268 quibus
1681 2203 1835 2256 multi
1895 2218 2010 2256 ma-

448 2299 575 2342 nent
609 2305 781 2357 usque
837 2291 1046 2356 adhuc,
1099 2288 1316 2357 quidam
1389 2304 1567 2347 autem
1644 2293 2007 2348 dormierunt.

450 2380 649 2434 Deinde
677 2382 824 2434 visus
853 2388 937 2435 est
962 2381 1185 2446 Jacobo,
1220 2381 1414 2436 deinde
1457 2383 1714 2450 apostolis
1732 2385 2005 2448 omnibus;

445 2471 607 2544 535
660 2472 951 2526 novissime
1009 2482 1187 2525 autem
1230 2473 1474 2526 omnium
1541 2485 1792 2542 tanquam
1847 2476 2010 2530 abor-

451 2567 560 2618 tivo
589 2565 734 2620 visns
763 2576 846 2621 est
878 2574 931 2621 et
968 2567 1101 2620 mihi
1128 2567 1194 2618 ⁸⁷.
1228 2583 1246 2616 ›
1299 2565 1485 2634 Magna
1532 2567 1695 2633 igitur
1739 2569 2008 2638 quiedam,

449 2655 764 2709 admiranda
794 2665 848 2710 et
884 2658 1089 2726 majora
1134 2657 1500 2712 aestimatione
1542 2674 1645 2710 non
1679 2659 1836 2714 modo
1865 2661 2011 2729 vulgi

444 2747 718 2815 ﬁdelium,
771 2751 863 2803 sed
915 2751 1078 2804 etiam
1114 2766 1304 2805 eorum
1354 2751 1445 2819 qui
1494 2751 1718 2804 multum
1775 2754 2015 2821 profece-

451 2849 602 2903 runt,
627 2839 866 2893 arbitror
897 2856 1015 2894 esse
1042 2857 1160 2910 qua:
1200 2858 1265 2896 eo
1293 2850 1543 2908 spectant
1563 2881 1578 2904 ,
1624 2851 1683 2895 ut
1711 2844 2016 2912 explicetur

444 2930 581 2999 quid
613 2930 700 3000 sit,
737 2947 834 2986 cur
859 2934 1152 2987 suscitatus
1179 2948 1207 2986 e
1232 2933 1457 2986 mortuis
1490 2948 1591 2986 non
1636 2934 1857 3002 perinde
1894 2950 2018 2988 con-

454 3034 671 3091 spectus
716 3023 876 3077 fuerit
915 3033 1074 3091 atque
1109 3034 1232 3078 ante
1261 3025 1389 3079 illud
1435 3035 1664 3094 tempus.
1718 3026 1793 3078 De
1835 3026 2017 3080 multis

457 3122 660 3178 autem,
690 3123 750 3166 ut
784 3115 836 3166 in
861 3129 1022 3181 opere
1051 3123 1235 3168 contra
1263 3130 1569 3170 sermonem
1598 3118 1650 3168 in
1678 3115 2020 3171 Christianos

458 3219 756 3272 eorumque
791 3205 950 3258 [idem
986 3205 1306 3273 injuriosum
1344 3208 1568 3275 scripto,
1605 3207 1724 3262 vide
1751 3222 1820 3260 an
1851 3208 2025 3275 possi-

462 3310 580 3349 mus
633 3311 799 3364 pauca
853 3307 999 3351 recte
1044 3296 1274 3363 afferre,
1321 3315 1441 3369 quae
1493 3299 1653 3369 hujus
1693 3297 2024 3353 defensionis

462 3397 711 3440 moveant
740 3390 1036 3445 auditores.

536 3481 625 3534 64.
659 3481 835 3547 «Ιοδικ,
873 3486 1119 3552 quamvis
1148 3502 1286 3540 unus
1321 3481 1489 3552 esset,
1520 3484 1670 3555 plura
1703 3485 1881 3540 tamen
1897 3465 2065 3539 ’er'at"

457 3589 559 3642 pro
605 3559 748 3628 varia
783 3575 930 3628 iiitllll
975 3577 1360 3652 considerandi
1397 3577 1644 3642 ratione.
1692 3591 1792 3631 nec
1837 3579 2024 3631 eodém

463 3667 621 3720 modo
693 3652 1107 3737 inspicicntibus
1170 3667 1794 3723 omnibns‘videbatur.
1869 3667 2025 3720 Illum

463 3759 620 3827 plura
666 3759 830 3812 fuisse
875 3775 972 3828 pro
1007 3762 1154 3814 varia
1187 3761 1332 3815 illum
1367 3761 1738 3815 considerandi
1775 3760 1981 3813 ratione
2011 3800 2024 3824 ,

461 3855 610 3916 patet
632 3861 696 3900 ex
722 3848 822 3900 hoc
846 3848 993 3901 loco:
1031 3868 1049 3898 ι
1073 3850 1180 3918 Ego
1203 3865 1318 3903 sum
1367 3850 1475 3916 via,
1499 3850 1702 3902 veritas
1725 3857 1778 3902 et
1801 3851 1906 3901 vita
1925 3850 2021 3911 ⁹³;›

464 3941 519 3982 et
547 3946 608 3984 ex
652 3932 786 3986 isto:
823 3951 840 3983 ‹
869 3933 976 4002 Ego
1020 3952 1138 3988 sum
1179 3937 1472 4004 panis”;i
1519 3945 1573 3989 et
1614 3951 1681 3989 ex
1722 3939 1852 3991 hoc:
1887 3938 2030 4004 (Ego

467 4037 586 4075 sum
617 4025 813 4078 ostium
843 4027 884 4092 ¹,
915 4045 933 4077 ι
972 4035 1025 4079 ct
1059 4041 1123 4078 ex
1155 4026 1274 4078 aliis
1302 4027 1616 4080 innumeris.
1651 4026 1908 4079 Eumdem
1936 4041 2032 4078 au-

467 4122 572 4168 tem
610 4131 712 4169 non
749 4131 962 4185 semper
1005 4117 1340 4173 intuentibus
1371 4118 1540 4172 visum
1574 4119 1738 4172 fuisse
1759 4155 1777 4184 ,
1809 4119 1903 4171 sed
1934 4134 2031 4188 pro

468 4205 790 4262 intuentium
816 4220 1000 4278 captu,
1026 4211 1248 4263 evidens
1271 4211 1372 4263 erit
1403 4209 1678 4280 cogitanti,
1704 4209 1879 4276 illum,
1908 4227 2030 4263 cum

469 4297 520 4352 in
557 4300 769 4355 excelso
795 4311 980 4355 monte
1015 4300 1481 4372 trausﬁgurandus
1510 4311 1673 4365 esset,
1709 4317 1812 4356 non
1846 4317 2028 4356 secum

2048 3067 2090 3126 C

2105 952 2186 988 σιν
2225 935 2426 1003 ὀφθεὶς,
2460 936 2534 1000 ώς
2565 935 2625 989 τὸ
2650 937 2908 1006 πρότερον
2940 934 3174 1005 δημοσίᾳ
3203 934 3297 986 καὶ
3325 934 3496 986 πᾶσιν
3527 932 3714 1000 ἐτραέ-

2101 1042 2240 1079 νετο.
2259 1025 2396 1078 Ἀλλ’
2425 1027 2480 1078 ἐν
2514 1027 2611 1096 μὲν
2636 1027 2753 1088 ταῖς
2769 1024 3036 1095 Πράξεσιν
3063 1024 3392 1094 γέγραπται,
3416 1041 3434 1072 ι
3461 1021 3532 1073 δι’
3551 1023 3714 1090 ἠμε-

2105 1115 2213 1187 ρῶν
2234 1117 2637 1188 τεσσαράκοντα
2662 1116 3026 1186 ὀπτανόμενος
3045 1117 3155 1177 τοῖς
3181 1113 3446 1185 μαθηταῖς
3470 1115 3714 1182 κατήγ-

2104 1208 2259 1275 γελλε
2290 1208 2358 1262 τὰ
2387 1209 2512 1278 περὶ
2538 1209 2636 1278 τῆς
2671 1207 2944 1277 βασιλείας
2981 1205 3075 1258 τού
3113 1204 3282 1257 Θεοῦ”
3329 1224 3346 1256 ι
3385 1207 3442 1256 ἐν
3478 1203 3541 1256 δὲ
3575 1207 3711 1266 tot;

2105 1299 2485 1367 Εὑαγγελίοις,
2530 1299 2626 1368 οὐχ
2668 1300 2750 1352 ὅτι
2794 1299 2880 1350 ἀεὶ
2923 1299 3086 1368 συνῆν
3127 1298 3308 1360 αὐτοῖς
3333 1315 3345 1327 ·
3383 1296 3503 1350 ἀλλ’
3552 1296 3708 1348 ὅπου

2110 1388 2206 1459 μὲν
2232 1389 2298 1441 δι’
2327 1387 2544 1460 ἡμερῶν
2577 1387 2720 1440 ὀκτὼ
2759 1389 2954 1459 ἐφάνη,
2986 1388 3094 1441 τῶν
3136 1388 3316 1459 θυρῶν
3359 1385 3712 1455 κεκλεισμέ-

2105 1499 2230 1545 νων,
2268 1483 2324 1533 ἐν
2371 1482 2518 1552 μέσῳ
2545 1481 2722 1535 αὐτῶν
2747 1499 2760 1510 ·
2799 1484 2932 1535 ὅπου
2962 1482 3018 1534 δέ
3047 1483 3190 1536 κατά
3227 1498 3381 1544 τινας
3411 1480 3711 1544 τοιούτους

2106 1574 2354 1646 τρόπους.
2411 1575 2519 1626 Καὶ
2567 1576 2595 1627 ὀ
2631 1574 2839 1638 Παῦλος
2879 1575 2926 1628 δ’
2958 1577 3014 1627 ἐν
3051 1577 3160 1637 τοῖς
3206 1574 3544 1636 τελευταίοις
3594 1573 3710 1642 τῆς

2110 1667 2244 1738 πρὸς
2272 1668 2588 1738 Κορινθίους
2618 1667 2905 1737 προτέρας,
2939 1667 3014 1729 ὡς
3045 1666 3118 1736 μὴ
3147 1665 3410 1735 δημωδῶς
3438 1664 3553 1734 (84)
3592 1663 3705 1716 αὖα

2112 1757 2204 1810 τοῦ
2252 1757 2506 1825 ὀφθέντος
2545 1756 2741 1827 ὁμοίως
2787 1755 2862 1826 τῷ
2917 1756 3021 1826 πρὸ
3073 1755 3166 1807 τοῦ
3224 1755 3427 1817 πάθους
3484 1754 3705 1823 χρόνῳ,

2111 1846 2334 1900 τοιαῦτα
2352 1849 2551 1918 γράφει
2571 1864 2582 1876 ·
2622 1866 2638 1897 ι
2678 1846 2976 1917 Παρέδωκα
3003 1844 3111 1916 γάρ
3143 1846 3268 1914 ὑμῖν
3297 1847 3353 1898 ἐν
3375 1844 3646 1914 πρώτοις,
3677 1843 3710 1894 ὃ

2115 1941 2208 1992 καὶ
2234 1937 2556 2008 παρέλαϐον,
2578 1939 2659 1990 ὅτι
2675 1936 2906 2006 Χριστὸς
2931 1934 3194 1988 ἀπέθανεν
3217 1936 3357 2004 ὑπὲρ
3374 1935 3480 1986 τῶν
3511 1935 3708 2003 ἁμαρ-

2115 2026 2241 2078 τιῶν
2272 2025 2425 2096 ἡμῶν
2445 2024 2586 2077 κατὰ
2611 2023 2708 2086 τὰς
2749 2021 2968 2094 Γραφὰς
3007 2021 3141 2091 (85),
3168 2023 3260 2074 καὶ
3283 2022 3365 2074 ὅτι
3393 2017 3707 2088 ὤφθη-Κηο

2117 2118 2210 2186 φᾷ,
2245 2111 2362 2168 εἶτα
2390 2117 2500 2178 τοῖς
2527 2113 2733 2167 δώδεκα
2753 2130 2764 2141 ·
2802 2111 2989 2164 ἔπειτα
3023 2109 3175 2182 ῶφθη
3206 2111 3388 2162 ἐπάνω
3428 2125 3704 2160 πεντακο-

2119 2209 2250 2271 σίοις
2281 2206 2524 2275 ἀδελφοῖς
2557 2204 2792 2274 ἐφάπαξ,
2831 2197 2903 2255 ὧν
2933 2205 2980 2255 οἱ
3012 2202 3250 2262 πλείονες
3293 2200 3544 2268 μένουσιν
3590 2199 3702 2258 ἕως

2117 2300 2259 2371 ἄρτι,
2307 2297 2452 2362 τινὲς
2487 2297 2542 2348 δὲ
2583 2298 2673 2349 καὶ
2704 2293 3104 2366 ἐκοιμήθησαν·
3156 2292 3344 2343 ἔπειτα
3373 2289 3527 2358 ὤφθη
3587 2291 3700 2340 Ία⁴

2118 2392 2311 2462 κώϐῳ·
2363 2390 2553 2443 ἔπειτα
2607 2391 2720 2450 τοῖς
2764 2386 3076 2446 ἀποστόλοις
3129 2386 3324 2436 πᾶσιν·
3370 2383 3596 2450 ἔσχατον
3636 2379 3696 2432 δὲ

2120 2483 2356 2546 πάντων,
2392 2481 2631 2551 ὡσπερεὶ
2659 2478 2735 2548 τῷ
2768 2477 3079 2550 ἐκτρώματι
3111 2475 3220 2548 (86)
3252 2472 3406 2543 ὤφθη
3440 2471 3630 2542 κάμοί.
3667 2490 3682 2520 ι

2120 2573 2346 2641 Μεγάλα
2379 2572 2473 2642 μὲν
2507 2567 2597 2624 οὖν
2624 2588 2765 2635 τινα,
2792 2571 2886 2624 καὶ
2919 2567 3226 2638 θαυμαστὰ,
3257 2567 3349 2618 καὶ
3382 2563 3606 2636 μείζονα
3629 2561 3690 2612 οὐ

2119 2664 2220 2733 τῆς
2273 2661 2426 2725 ἀξίας
2468 2661 2575 2713 τῶν
2629 2659 2837 2712 πολλῶν
2881 2659 3036 2729 μόνον
3081 2661 3136 2712 ἐν
3181 2660 3292 2718 τοῖς
3323 2653 3687 2711 πιστεύουσιν,

2123 2752 2256 2807 ἀλλὰ
2284 2754 2374 2806 καὶ
2402 2752 2509 2804 τῶν
2547 2751 2686 2803 πάνυ
2718 2750 3130 2821 προκοπτόντων
3161 2746 3526 2816 ὑπολαμϐάνω
3555 2740 3687 2796 εἶναι

2122 2847 2190 2901 τὰ
2220 2845 2361 2899 κατὰ
2387 2844 2478 2898 τὸν
2508 2844 2690 2908 τόπον,
2721 2845 2778 2896 ἐν
2816 2837 2896 2905 οἷς
2928 2843 2961 2911 ή
3007 2841 3152 2894 αἰτία
3186 2837 3451 2907 δηλωθείη
3500 2836 3564 2888 ἂν
3597 2833 3686 2888 τοῦ

2123 2936 2428 2992 ἀναστάντα
2457 2935 2616 2988 αὐτὸν
2645 2937 2707 2986 ἐκ
2734 2931 2941 3002 νεκρῶν
2973 2931 3045 3001 μὴ
3069 2929 3266 3000 ὁμοίως
3297 2926 3592 2996 πεφηνέναι
3615 2925 3688 2993 τῷ

2127 3030 2384 3100 πρότερον
2423 3027 2616 3097 χρόνῳ.
2669 3025 2799 3076 Ἀπὸ
2845 3025 3098 3076 πλειόνων
3138 3023 3213 3086 δὲ,
3257 3022 3331 3084 ὡς
3374 3023 3431 3072 ἐν
3472 3018 3688 3086 τοιούτῳ

2126 3120 2514 3189 συγγράμματι
2552 3116 2877 3188 γραφομένῳ
2905 3114 3040 3185 πρὸς
3071 3113 3162 3165 τὸν
3191 3113 3328 3165 κατὰ
3356 3108 3686 3183 Χριστιανῶν

2122 3213 2215 3265 καὶ
2253 3211 2351 3280 τῆς
2395 3210 2628 3271 πίστεως
2666 3207 2841 3261 αὐτῶν
2889 3207 3063 3274 λόγον,
3105 3205 3207 3274 ὅρα
3251 3205 3298 3255 εὶ
3336 3200 3684 3271 δυνησόμεθα,

2123 3303 2356 3370 εὐλόγως
2383 3301 2538 3369 ὀλίγα
2568 3299 2952 3370 παραθέμενοι,
2984 3296 3299 3351 καθικέσθαι
3333 3292 3437 3347 τῶν
3467 3294 3686 3345 ἀκουσο-

2127 3397 2299 3465 μένων
2325 3394 2424 3462 τῆς
2456 3391 2768 3459 ἀπολογίας.

2206 3487 2263 3538 '0
2305 3484 2530 3555 Ἰησοῦς,
2561 3478 2641 3546 εἷς
2664 3481 2760 3543 ῶν,
2785 3480 3005 3533 πλείονα
3028 3482 3093 3550 τῇ
3123 3477 3333 3548 ἐπινοίᾳ
3353 3473 3442 3548 ἦν,
3469 3477 3561 3528 καὶ
3582 3475 3684 3536 τοῖς

2128 3581 2410 3651 βλέπουσιν
2443 3578 2541 3646 οὐχ
2577 3575 2778 3646 ὁμοίως
2809 3575 2972 3626 πᾶσιν
3004 3572 3275 3643 ὁρώμενος
3311 3570 3439 3638 (87).
3478 3566 3581 3621 Καί
3611 3568 3683 3619 ὅτι

2129 3671 2225 3742 μὲν
2263 3673 2328 3740 τῇ
2367 3667 2577 3738 ἐπινοίᾳ
2608 3665 2823 3718 πλείονα
2866 3660 2955 3734 ἦν,
3002 3661 3168 3730 σαφὲς
3214 3663 3278 3713 ἐκ
3316 3658 3430 3720 τοῦ,
3479 3676 3496 3708 ι
3559 3654 3684 3723 Ἐγώ

2128 3763 2241 3832 είμι
2275 3763 2306 3830 ἡ
2339 3759 2453 3821 ὁδὸς
2492 3759 2586 3810 καὶ
2631 3759 2663 3825 ή
2699 3753 2923 3826 ἀλήθεια
2969 3755 3062 3805 καὶ
3115 3755 3147 3822 ἡ
3188 3749 3331 3821 ζωή·
3373 3769 3391 3798 ι
3444 3748 3534 3800 καὶ
3576 3746 3679 3806 τοῦ,

2134 3871 2151 3903 ι
2194 3849 2333 3918 Ἐγώ
2355 3851 2468 3919 εἰμι
2487 3851 2514 3900 ὁ
2539 3848 2725 3919 ἄρτος·
2763 3866 2780 3897 ι
2802 3843 3029 3906 καὶτοῦ,
3063 3862 3080 3893 t
3123 3842 3262 3910 Ἐγώ
3288 3843 3401 3910 εἰμι
3425 3843 3456 3910 ἡ
3483 3839 3633 3910 Θύρα·
3659 3858 3674 3886 ι

2131 3943 2221 3995 καὶ
2250 3941 2422 3994 ἄλλων
2459 3939 2693 4010 μυρίων’
2725 3939 2805 3990 ὅτι
2833 3936 2888 3988 δέ
2919 3937 3011 3988 καὶ
3042 3933 3369 4004 βλεπόμενος
3400 3933 3497 4000 οὐχ
3525 3929 3682 3981 ὡσαύ-

2128 4049 2237 4093 τως
2265 4033 2372 4092 τοίς
2406 4029 2689 4098 βλέπουσιν
2719 4025 2986 4094 ἐφαίνετο,
3013 4025 3125 4077 ἀλλ’
3151 4024 3224 4085 ὡς
3251 4021 3487 4091 ἐχώρουν
3516 4018 3612 4088 (38)
3641 4020 3680 4069 οἱ

2133 4123 2436 4192 βλέποντες,
2475 4121 2638 4187 σαφὲς
2672 4117 2824 4169 ἔσται
2860 4119 2968 4178 τοῖς
3001 4114 3250 4183 ἐφιστάσι
3290 4112 3375 4164 διὰ
3406 4111 3458 4162 τί
3497 4109 3680 4179 μέλλων

2136 4210 2614 4285 μεταμορφοῦσθαι
2657 4212 2713 4262 ἐν
2754 4207 2830 4280 τῷ
2860 4205 3048 4277 ὑψηλῷ
3085 4205 3220 4276 ὄρει,
3251 4202 3372 4255 οὺδέ
3413 4200 3538 4261 τοὺς
3567 4200 3681 4250 ἀπο-

2136 4305 2351 4366 στόλους
2377 4304 2581 4365 πάντας
2607 4300 2953 4371 παρείληφεν,
2986 4296 3118 4350 ἀλλὰ
3145 4297 3334 4366 μόνους
3361 4293 3449 4345 τὸν
3478 4292 3676 4360 Πέτρον,

468 4391 734 4458 apostolos
767 4407 954 4446 omnes
987 4394 1235 4460 duxisse,
1278 4394 1371 4447 sed
1403 4393 1619 4447 Petrum
1642 4433 1657 4456 ,
1685 4392 1943 4446 Jacobum
1975 4403 2019 4446 et

2135 4395 2228 4447 καὶ
2256 4394 2344 4446 τὸν
2385 4391 2656 4456 Ἰάκωϐον,
2691 4391 2784 4442 καὶ
2815 4389 2904 4441 τὸν
2949 4388 3197 4456 Ἰωάννην
3217 4402 3229 4414 ³
3263 4385 3337 4446 ώς
3370 4383 3553 4452 μόνους
3588 4398 3678 4448 χω-

466 4477 728 4558 Joannem
759 4484 930 4538 solos:
966 4494 1148 4552 utpote
1181 4485 1272 4552 qui
1297 4484 1397 4538 soli
1437 4485 1678 4539 videndae
1704 4485 1819 4548 ejus
1851 4485 2034 4551 gloriae

471 4588 628 4650 pares
653 4585 829 4641 erant,
865 4584 1216 4646 poterantque
1245 4575 1481 4644 Moysem
1505 4584 1559 4629 et
1587 4575 1758 4629 Eliam
1789 4575 1841 4628 in
1865 4574 2033 4643 gloria

538 4707 586 4740 °'
612 4709 730 4762 Act.
761 4723 798 4771 ι,
836 4707 889 4762 5.
963 4709 1010 4741 ⁸⁸
1039 4707 1198 4763 Joau.
1223 4723 1315 4774 xx,
1349 4707 1440 4762 26.

542 4866 653 4933 (83)
684 4867 1018 4921 llmschclius
1047 4867 1099 4920 in
1135 4877 1305 4930 textu,
1329 4867 1627 4921 δικάσαντι.

545 4937 661 5005 (84)
703 4938 794 5002 Ὡς
817 4935 901 5004 μὴ
943 4936 1239 5004 δημωδῶς.
1277 4937 1369 4992 Sic
1408 4952 1595 4990 oumes
1619 4952 1772 5007 imss.
1804 4948 2034 5007 excepto

475 5005 686 5087 Joljano
709 5008 799 5076 qui
841 5022 960 5060 cum
994 5007 1148 5060 libris
1203 5009 1483 5076 impressis
1542 5006 1723 5073 habet,
1757 5007 1830 5072 ὡς
1869 5005 2039 5079 μηδα-

519 5095 602 5130 ου.

477 5096 664 5215 μΟῗέῦ)
699 5144 821 5199 Post
858 5159 1042 5215 vorem
1068 5145 1307 5214 Γραφάς,
1337 5160 1568 5213 sequens
1621 5149 1920 5202 versiculus
1946 5149 2040 5201 καὶ

476 5217 557 5296 ὅτι
586 5214 904 5296 ἐίάφηηκαὶ
932 5216 1013 5296 ὅτι
1043 5216 1333 5296 ἐγήγερται
1478 5215 1634 5296 τρίτῃ
1678 5217 1858 5288 ἡμέρᾳ
1894 5219 2040 5296 ’κατὰ

476 5287 575 5348 τὰς
619 5287 842 5358 Γραφάς
869 5325 884 5349 ,
935 5287 1003 5358 ab
1051 5286 1484 5353 exscriptoribns
1545 5286 1760 5340 videtur
1791 5286 2034 5343 omissus

480 5356 696 5428 propter
726 5357 784 5409 τὸ
813 5356 1200 5428 ὁμοιόπτωτον.

525 5423 664 5496 ,(86)
691 5423 866 5482 Codeit
924 5425 1272 5489 Basilecusis,
1302 5425 1540 5495 ὡσπερεὶ
1584 5423 1660 5495 τῷ
1703 5424 2034 5496 ἐκτρώματι,

480 5493 600 5619 ante
645 5493 803 5550 lectio
830 5498 1138 5564 neutiquam
1169 5503 1254 5549 est
1288 5493 1588 5564 spernenda
1625 5493 1641 5548 ἐ
1673 5493 2042 5566 ηοιιιώσπερ-

562 5565 641 5619 τῶ
668 5565 979 5619 ἐκτρώματι
1012 5567 1244 5619 nositum
1272 5574 1354 5619 est
1395 5580 1511 5619 oro.
1560 5565 1797 5619 (hortensi
1827 5582 1930 5617 τινι
1955 5566 2040 5618 ἐκ-

484 5634 809 5707 τρώματιίι
849 5634 1100 5707 tanquam
1152 5635 1309 5691 alicui
1364 5636 1592 5696 abortui.
1649 5656 1668 5690 ι
1708 5634 1871 5694 Paulo
1899 5637 2035 5693 infra

1516 4707 1560 4737 ³⁷
1588 4709 1609 4759 Ι
1640 4707 1763 4762 Cor.
1795 4723 1886 4771 xv,
1914 4709 1948 4762 5
1987 4724 2142 4780 seqq.

562 5565 641 5636 τῷ
668 5565 979 5636 ἐκτρώματι
998 5560 1244 5636 positum
1272 5560 1354 5620 est
1395 5580 1511 5633 pro,
1560 5565 1797 5636 ὡσπερεί
1825 5582 1930 5636 τινι
1955 5560 2040 5618 ἐκ·
2085 5560 2094 5574 “

2144 4485 2365 4555 ροῦντας
2394 4484 2490 4548 τὴν
2517 4484 2638 4535 τότε
2669 4480 2825 4545 δόξαν
2853 4478 3016 4532 αὐτοῦ
3050 4477 3353 4545 θεωρῆσαιρ,
3381 4472 3678 4540 δυναμένους

2141 4577 2197 4630 δέ
2223 4577 2315 4630 καὶ
2337 4577 2460 4639 τοὺς
2479 4575 2738 4644 ὀφθέντας
2758 4575 2814 4625 ἐν
2835 4571 2956 4647 δόξῃ
2969 4570 3196 4639 Μωῦσῆν
3217 4570 3309 4622 καὶ
3342 4566 3532 4657 Ἠλίαν
3547 4581 3680 4617 nata-

2218 4711 2264 4743 93
2288 4709 2446 4765 Joan.
2477 4726 2585 4775 xlv,
2613 4710 2668 4763 6.
2743 4708 2788 4740 ⁹⁹
2811 4707 2967 4763 Joau.
2997 4722 3070 4773 vr,
3109 4704 3201 4761 56.
3295 4704 3312 4733 ⁸
3352 4701 3509 4756 Joan.
3551 4717 3596 4765 ς,
3630 4701 3673 4754 9-

2137 4872 2212 4933 ὡς
2241 4872 2298 4922 ἐν
2323 4866 2549 4936 τοιούτῳ
2573 4865 2985 4938 συγγράμματι,
3010 4863 3087 4938 sic
3110 4877 3300 4938 omnes
3325 4867 3456 4938 mss.
3483 4868 3675 4938 excepto

2135 4929 2350 4994 .Ioliano
2397 4938 2488 5005 qui
2522 4929 2870 4990 'cutn'lib'ri's
2903 4934 3066 4988 editis
3109 4933 3290 4994 habet,
3321 4929 3396 4992 ὡς
3440 4930 3497 4982 ἐν
3529 4929 3674 4996 τούτῳ

2139 5009 2569 5080 συγγράμματι»
2662 5076 2672 5080 _
2835 5072 2860 5080 _
3033 5075 3044 5080 _
3104 5072 3115 5080 _
3384 5065 3482 5080 υ..
3563 5068 3572 5078 .

2209 5065 2321 5149 (87)
2355 5065 2495 5146 ’όὺχ
2540 5076 2751 5149 ὁμοίως
2779 5072 2966 5128 πᾶσιν
3010 5065 3517 5149 ρρό›ιιεζος.ωνὶιίο
3563 5067 3670 5119 infra

2136 5139 2230 5202 lib;
2263 5139 2315 5201 Iv
2348 5139 2529 5200 contra
2555 5139 2784 5205 Celsum,
2812 5158 2963 5196 num.
3002 5139 3069 5196 15
3095 5139 3150 5195 et.
3181 5141 3285 5207 16;
3326 5139 3417 5192 lib.
3451 5153 3520 5198 vi,
3551 5153 3670 5190 nunt;

2145 5220 2236 5280 77,
2266 5230 2319 5271 et
2353 5226 2641 5270 tractatum
2672 5215 2742 5268 '55
2777 5214 2826 5264 in
2856 5213 3188 5266 Mattltteutn.

2215 5275 2325 5359 (88)
2355 5287 2507 5340 Libb.
2561 5285 2688 5359 editi
2717 5282 2802 5359 _ad
2835 5283 3188 5359 marginem,
3219 5276 3514 5359 ἐγχωροῦν,
3541 5275 3668 5359 male.

2143 5346 2319 5412 Paulo.
2361 5365 2481 5423 post
2522 5353 2679 5409 codd.
2713 5351 2917 5420 Regius
2949 5346 3004 5404 et
3049 5346 3396 5412 BasileetiSis,
3423 5349 3537 5423 τοῖς
3559 5346 3670 5423 Δὲφιο

2145 5429 2301 5481 στάσι
2343 5416 2495 5479 διότι.
2548 5423 2718 5477 Paulo
2777 5416 2913 5474 intra
2965 5436 3153 5474 omnes
3202 5436 3356 5483 tuss.,
3406 5419 3483 5482 ὡς
3515 5416 3668 5486 μόνους

2144 5498 2470 5569 χωροῦντας,
2514 5503 2748 5569 excepto
2799 5490 3010 5569 doliano
3040 5492 3132 5561 qui
3176 5505 3301 5546 eum
3349 5485 3668 5545 antca’editis

2145 5563 2321 5630 habet,
2353 5567 2426 5631 ὡς
2460 5565 2648 5636 μόνους
2675 5563 3042 5637 χωρήσοντας.
