3998 6170
249 230 396 287 897
1514 223 1791 282 CONTRA
1831 220 2103 277 CELSUM
2137 220 2266 298 LIB.
2302 219 2365 275 ll.
3425 221 3533 276 898

248 349 501 418 νοῆσαι,
524 345 616 398 καὶ
641 339 868 395 ἀκοῦσαι
891 339 1287 393 συλλαλούντων
1313 337 1511 400 αὐτῶν,
1533 339 1625 391 καὶ
1644 339 1740 408 τῆς
1759 335 1865 390 ἀπὸ

1968 335 2291 403 conspicuos
2333 331 2720 400 contemplari,
2761 345 2854 387 eos
2906 331 3272 402 colloquentes
3319 343 3374 387 et
3418 352 3530 390 ca:—

253 435 393 503 τῆς
421 432 649 502 νεφέλης
676 429 965 500 οὐρανόθεν
995 427 1197 498 φωνῆς.
1236 425 1376 494 Ἐγὼ
1394 427 1436 478 δ’
1467 425 1638 497 οἶμαι,
1666 427 1744 479 ὃτι
1769 427 1864 478 καὶ

1967 427 2156 482 lestem
2195 441 2380 481 vocem
2417 440 2448 480 e
2487 426 2627 479 nube
2674 426 2926 478 emissam
2959 425 3167 478 audire.
3213 424 3277 478 Et
3314 426 3528 493 quidem

256 523 400 593 πρὸ
427 519 520 573 τοῦ
549 518 814 587 ἀναϐῆναι
848 520 926 579 εἰς
950 516 1009 568 τὸ
1036 515 1180 586 ὅρος,
1225 515 1351 568 ἔνθα
1389 515 1688 586 προσῆλθον
1716 515 1865 585 αὐτῷ

1967 527 2254 586 antequam
2284 517 2336 570 in
2367 525 2603 569 montem
2644 515 2959 568 ascenderet
2985 515 3027 581 ¹,
3063 513 3154 568 ubi
3186 525 3535 569 accesserunt.

265 613 445 681 μόνοι
465 613 514 664 οἱ
543 610 802 680 μαθηταὶ,
837 609 930 661 καὶ
960 608 1239 662 ἐδίδασκεν
1276 609 1467 670 αὐτοὺς
1506 607 1574 659 τά
1603 606 1730 678 περὶ
1757 605 1865 658 τῶν

1966 609 2032 662 ad
2082 625 2202 663 eum
2245 606 2536 676 discipuli,
2575 615 2627 658 et
2663 607 2729 659 de
2774 604 3200 658 bealitudinibus
3232 604 3527 668 disseruit;

265 701 658 775 μακαρισμῶν
691 701 822 773 (89),
849 701 1008 773 ἡνίκα
1033 703 1181 755 κάτω
1199 700 1387 769 πουγῶν
1400 699 1493 752 τοῦ
1511 699 1690 770 ὅρους,
1708 698 1865 766 ὀψίας

1966 714 2086 753 cum
2145 697 2280 751 infra
2336 705 2575 750 montem
2635 710 2861 764 vespere
2917 694 3143 748 curabat
3191 710 3382 749 onmes
3435 696 3530 763 qui

261 795 608 863 γενομένης,
672 793 966 864 ἐθεράπευε
1034 793 1158 855 τοὺς
1217 790 1616 861 προσαχθέντας
1686 787 1862 858 αὐτῷ,

1967 789 2181 846 adducti
2210 791 2275 842 ad
2307 789 2453 842 illum
2483 795 2661 850 erant,
2696 795 2751 840 et
2784 786 2900 839 illos
2922 785 3066 838 omni
3092 787 3278 839 morbo
3301 795 3355 840 et
3384 788 3536 842 omni

264 887 654 941 ἀπαλλάσσων
683 887 862 956 πάσης
887 885 1038 938 νόσου
1067 884 1161 937 καὶ
1191 885 1372 953 πάσης
1402 881 1687 954 μαλακίας,
1715 883 1814 951 οὐχ
1837 882 1865 933 ὁ

1967 883 2277 938 inﬁrmitate
2315 880 2617 943 liberabat;
2665 892 2767 931 non
2800 879 2993 945 Opinor
3030 876 3180 930 illum
3217 879 3538 945 apparuisse

264 979 452 1043 αὐτὸς
471 979 719 1047 ἐφαίνετο
743 979 854 1039 τοῖς
881 977 1145 1046 κάμνουσι
1174 977 1267 1028 καὶ
1291 975 1562 1045 δεομένοις
1590 972 1748 1026 αὑτοῦ
1777 972 1864 1024 θε-

1967 973 2338 1029 laborantibus
2368 972 2683 1038 medicaque
2714 969 2832 1036 ejus
2857 983 2956 1036 0pc
2989 968 3352 1036 indigentibus
3378 984 3537 1023 eum-1

265 1070 650 1139 ραπεύοντος,
692 1069 786 1122 καὶ
826 1071 936 1132 τοῖς
978 1067 1064 1120 διά
1103 1067 1163 1120 τὸ
1200 1067 1461 1135 ὑγιαίνειν
1505 1064 1865 1133 συναναϐἦναι

1968 1069 2109 1131 dem,
2145 1081 2207 1120 ac
2242 1064 2330 1129 iis,
2361 1064 2450 1132 qui
2485 1063 2691 1116 viribus
2719 1061 2961 1113 valentes
2988 1075 3107 1112 cum
3139 1060 3252 1127 ipso
3284 1060 3338 1113 in
3376 1074 3533 1112 mou-

264 1159 442 1230 αὐτῷ
487 1161 566 1222 εἰς
606 1158 666 1210 τὸ
699 1157 822 1230 ὅρος
852 1155 1173 1228 δυνηθεῖσιν.
1223 1154 1382 1206 Ἀλλά
1423 1153 1517 1206 καὶ
1554 1152 1712 1222 εἰπερ
1745 1153 1864 1205 κατ’

1971 1167 2074 1212 tem
2130 1156 2496 1210 conscendere
2550 1161 2823 1223 poterant.
2877 1150 2982 1203 Sed
3032 1159 3087 1203 et
3137 1167 3256 1202 cum
3307 1151 3538 1204 seorsim-

270 1251 431 1305 ἰδίαν
455 1255 564 1312 τοῖς
585 1251 733 1313 ἰδίοις
757 1251 1024 1321 μαθηταῖς
1046 1247 1238 1330 ἐπέλυιε
1259 1245 1358 1309 τάς
1383 1245 1717 1316 παραϐολὰς,
1750 1245 1864 1314 μετ’

1969 1247 2249 1316 discipulis
2281 1244 2572 1299 enarrabat
2614 1241 2898 1312 parabolas
2925 1241 2968 1302 ⁸,
2998 1255 3118 1308 qua:
3163 1255 3284 1294 cum
3317 1241 3532 1295 involu-

267 1340 640 1412 ἐπικρύψεως
679 1341 790 1401 τοῖς
830 1339 933 1404 ἔξω
966 1336 1142 1406 ὄχλοις
1181 1335 1494 1406 εἰρημένας,
1531 1334 1718 1405 ὥσπερ
1747 1337 1865 1397 ταῖς

1971 1341 2078 1396 cris
2127 1340 2282 1392 dicta:
2338 1336 2509 1391 turbis
2560 1334 2812 1398 fuerant,
2851 1332 3297 1400 quemadmodum
3346 1333 3532 1385 auditu

267 1430 483 1491 ἀκοαῖς
509 1425 658 1498 ἦσαν’
681 1428 960 1498 κρείττους
994 1425 1041 1477 οἱ
1077 1423 1363 1486 ἀκούοντες
1401 1424 1498 1494 τῆς
1527 1422 1733 1485 λύσεως
1760 1423 1865 1476 τῶν

1971 1431 2193 1486 meliore
2217 1438 2371 1484 erant
2397 1429 2488 1497 qui
2511 1426 2926 1495 explicationem
2954 1423 3351 1491 parabolarnm,
3371 1438 3536 1491 quam

273 1518 618 1590 παραϐολῶν
658 1517 807 1588 παρά
842 1517 966 1578 τοὺς
999 1514 1292 1574 ἀκούοντας
1317 1511 1424 1565 τῶν
1462 1512 1630 1584 χωρὶς
1664 1512 1868 1564 λύσεων

272 1609 652 1682 παραϐολῶν·
700 1607 841 1660 οὔτω
883 1607 977 1660 καὶ
1012 1609 1130 1669 ταῖς
1174 1605 1326 1674 ὄψεσι
1367 1603 1582 1666 πάντως
1631 1605 1729 1674 μὲν
1773 1605 1868 1674 τῆς

272 1707 496 1776 ψυχῆς,
527 1705 639 1774 ἐγὼ
677 1705 720 1757 δ’
756 1703 1013 1775 ἡγοῦμαι,
1044 1705 1124 1756 ὅτι
1157 1701 1249 1754 καὶ
1282 1699 1376 1753 τοῦ
1409 1698 1675 1769 σώματος.
1711 1695 1870 1766 Δηλοί

272 1797 348 1850 δὲ
383 1797 456 1868 μὴ
493 1795 584 1849 τὸν
614 1794 773 1847 αὐτὸν
804 1794 890 1846 ἀεὶ
919 1792 1197 1863 φαίνεσθαι
1233 1792 1323 1845 τὸν
1361 1791 1576 1853 Ἰούδαν,
1615 1788 1870 1859 μέλλοντα

279 1887 458 1940 αὐτὸν
487 1885 810 1957 προδιδόναι,
839 1883 1118 1955 εἰρηκέναι
1146 1884 1221 1946 ὡς
1258 1883 1330 1954 μὴ
1359 1882 1550 1934 εἰδόσιν
1575 1877 1734 1932 αὐτὸν
1758 1879 1870 1940 τοῖς

281 1975 786 2045 συναπερχομένοις
837 1973 984 2043 αὐτῷ
1030 1972 1224 2043 ὄχλοις,
1277 1991 1295 2022 ι
1358 1973 1451 2023 “Ov
1501 1970 1594 2023 ἐὰν
1639 1967 1867 2038 φιλήσω,

281 2067 458 2130 αὐτός
486 2069 620 2120 ἐστι.
657 2085 675 2117 ι
709 2064 928 2118 Τοιοῦτο
955 2064 998 2116 δ’
1031 2060 1184 2134 οἶμαι
1213 2063 1304 2114 καὶ
1329 2060 1490 2112 αὑτὸν
1517 2059 1608 2111 τὸν
1644 2057 1870 2127 Σωτῆρα

281 2158 578 2227 ἐμφαίνειν
603 2157 688 2209 διά
717 2156 806 2208 τοῦ
831 2173 843 2185 ·
887 2175 904 2207 ι
941 2154 1096 2224 Καθη
1108 2153 1278 2224 μέραν
1313 2150 1428 2222 μεθ’
1462 2149 1614 2220 ὑμῶν
1639 2148 1784 2218 ἥμην
1811 2147 1869 2198 ἐν

282 2247 371 2318 τῷ
395 2246 525 2317 ἱερῷ
549 2246 812 2299 διδάσκων
835 2246 928 2298 καὶ¹
952 2245 1052 2297 ούκ
1074 2242 1413 2314 ἐκρατήσατέ
1441 2257 1525 2311 με.
1560 2259 1578 2289 ι
1625 2239 1711 2300 Ὠς
1743 2236 1870 2307 περὶ

285 2338 565 2406 τηλικοῦτ’
610 2334 702 2391 οῦν
738 2337 1027 2407 φερόμενοι
1072 2337 1231 2406 ἡμεῖς
1277 2333 1370 2386 τοῦ
1422 2331 1598 2402 Ἰησοῦ
1639 2331 1771 2397 (90),
1807 2329 1867 2381 ού

292 2430 458 2500 μόνον
488 2430 626 2483 κατά
656 2430 754 2498 τὴν
788 2428 933 2481 ἔνδον
962 2428 1054 2480 καί⁵
1083 2425 1578 2496 ἀποκεκρυμμένην
1607 2425 1715 2485 τοῖς
1743 2420 1871 2474 πολ-

285 2519 408 2582 λοῖς
451 2520 720 2588 θειότητα,
769 2517 904 2570 ἀλλά
943 2516 1038 2568 καὶ
1081 2515 1220 2568 κατά
1262 2515 1320 2566 τὸ
1358 2511 1869 2584 μεταμορφούμενον

291 2611 478 2681 σῶμα,
510 2612 585 2662 ὅτ’
619 2609 866 2661 ἐϐούλετο
897 2609 990 2660 καὶ
1022 2601 1102 2669 οἷς
1129 2605 1405 2658 ἐϐούλετο·
1436 2603 1633 2672 φαμὲν,
1671 2603 1751 2654 ὃτι
1778 2601 1868 2654 τὸν

296 2702 401 2771 μὲν
444 2701 516 2772 μὴ
557 2700 997 2769 ἀπεκδυσάμενον
1024 2696 1121 2760 τὰς
1159 2695 1332 2766 ἀρχὰς
1373 2693 1590 2758 καὶτὰς
1623 2692 1870 2757 ἐξουσίας

305 2791 535 2862 Ἰησοῦν,
564 2791 659 2842 καὶ
684 2789 907 2859 μηδέπω
929 2787 1262 2841 ἀποθανόντα
1281 2789 1347 2856 τῇ
1375 2784 1638 2854 ἁμαρτίᾳ,
1671 2783 1870 2846 πάντες

292 2881 516 2950 βλέπειν
550 2879 818 2950 ἐχώρουν
862 2878 951 2930 τὸν
989 2877 1032 2929 δ’
1074 2875 1518 2944 άπεκδυσάμενον
1557 2873 1654 2936 τὰς
1696 2873 1869 2944 ἀρχάς

290 2971 388 3025 καὶ
418 2969 514 3032 τὰς
540 2968 807 3034 ἐξουσίας,
837 2967 928 3019 καὶ
961 2965 1148 3036 μηκέτ’
1177 2964 1369 3034 ἔχοντά
1396 2981 1448 3016 τι
1476 2963 1718 3034 χωρητὸν
1745 2965 1871 3034 ὁρα-

291 3063 451 3133 θῆναι
491 3065 603 3124 τοῖς
649 3059 877 3122 πολλοῖς,
910 3059 1007 3127 ούχ
1050 3052 1150 3110 οἷοί
1180 3073 1239 3108 τε
1279 3051 1418 3126 ἦσαν
1451 3055 1612 3107 αὐτὸν
1655 3055 1868 3124 βλέπειν

288 3158 343 3209 οἱ
371 3154 630 3226 πρότερον
660 3150 821 3205 αὑτὸν
860 3150 1055 3210 ἰδόντες
1086 3148 1300 3209 πάντες.
1341 3145 1521 3212 Ὅθεν,
1555 3146 1868 3216 φειδόμενος

289 3244 495 3307 αὐτῶν,
527 3244 626 3295 οὐκ
656 3241 904 3311 ἐφαίνετο
934 3241 1098 3291 πᾶσιν
1124 3237 1362 3299 ἀναστάς
1387 3237 1454 3288 ἐκ
1479 3235 1704 3308 νεκρῶν.

366 3348 556 3419 Καὶ-τί
586 3351 728 3420 λέγω
758 3352 957 3413 πᾶσιν;
991 3347 1123 3400 Οὐδὲ
1153 3346 1260 3417 γὰρ
1291 3348 1472 3409 αὐτοῖς
1502 3349 1614 3408 τοῖς
1643 3346 1868 3399 ἀποστό-

287 3445 413 3508 λοις
445 3444 540 3497 καὶ
568 3445 679 3506 τοῖς
717 3441 983 3512 μαθηταῖς
1012 3439 1173 3492 αὑτοῦ
1207 3439 1293 3492 ἀεὶ
1321 3439 1506 3507 συνῆν,
1536 3437 1568 3506 ἢ
1602 3437 1686 3488 ἀεὶ
1717 3436 1869 3504 ἐφαί-

285 3553 431 3596 νετο,
483 3535 558 3605 μὴ
607 3533 923 3601 δυναμένοις
973 3530 1136 3582 αὑτοῦ
1188 3529 1432 3599 χωρῆσαι
1489 3527 1588 3598 τὴν
1638 3525 1867 3596 θεωρίαν

284 3626 570 3694 διηνεκῶς.
597 3624 960 3694 Λαμπροτέρα
982 3623 1089 3692 γάρ
1110 3621 1208 3693 τὴν
1229 3618 1536 3686 οἰκονομίαν
1556 3617 1866 3680 τελέσαντος

285 3723 325 3792 ὴ
354 3721 563 3792 θειότης
593 3716 659 3789 ἦν
691 3715 853 3771 αὐτοῦ
875 3733 887 3746 ο
916 3716 1104 3786 ἥντινα
1137 3711 1610 3784 ΚηφᾶςόΠέτρος,
1649 3709 1864 3778 ὠσπερ-

285 3812 340 3862 εὶ
383 3810 602 3881 ἀπαρχὴ
653 3808 759 3860 τῶν
816 3804 1158 3868 ἀποστόλων,
1209 3801 1489 3873 δεδύνηται
1563 3801 1712 3863 ἰδεῖν,
1775 3797 1866 3851 καὶ

288 3905 408 3973 μετ’
430 3903 590 3954 αὐτὸν
611 3903 658 3952 οἱ
676 3900 902 3959 δώδεκα,
919 3897 1012 3950 τοῦ
1031 3895 1272 3950 Ματθίου
1289 3895 1409 3948 ἀντλ¹
1431 3893 1523 3946 τοῦ
1563 3891 1731 3944 Ἰούδα
1755 3889 1862 3959 (9H

285 3993 739 4064 καταταχθέντος,
766 3990 862 4043 καὶ
897 3990 1010 4059 μετ’
1037 3990 1277 4049 ἐκείνους
1305 3984 1676 4056 πεντακοσίοις
1709 3983 1864 4036 ἀδελ-

289 4088 411 4154 φοῖς
439 4082 688 4152 ἐφάπαξ·
723 4081 910 4133 ἔπειτα
936 4079 1090 4149 ὤφθη
1108 4077 1366 4148 Ἰακώϐῳ,
1398 4076 1586 4128 ἔπειτα
1615 4077 1724 4138 τοῖς
1753 4073 1866 4127 ἐτέ-

289 4197 405 4252 ροις
445 4175 595 4246 παρὰ
623 4175 749 4236 τοὺς
774 4171 978 4224 δώδεκα
1005 4168 1337 4230 ἀποστόλους
1388 4168 1520 4221 πᾶσι
1555 4167 1684 4235 (92),
1725 4165 1864 4234 τάχα

281 4274 403 4332 ⁴’.τοῖς
419 4269 804 4339 ἐϐδομήκοντα,
824 4265 1046 4333 ἔσχατον
1061 4263 1114 4314 δὲ
1130 4261 1343 4312 πάντων
1355 4259 1550 4328 Παύλῳ
1563 4258 1639 4328 τῷ
1651 4259 1798 4309 ώσπε
1807 4275 1867 4326 pm

1972 1524 2060 1594 qui
2094 1523 2308 1577 easdem
2350 1520 2465 1574 sine
2500 1517 2862 1586 explicatione
2893 1515 3222 1578 audiebant;
3263 1514 3338 1566 sic
3367 1515 3532 1566 etiam

1973 1615 2046 1669 illi
2085 1613 2256 1669 oculis
2308 1612 2540 1671 animm,
2581 1609 2688 1662 imo
2734 1615 2790 1659 ct
2823 1604 3066 1673 corporis
3092 1645 3108 1670 ,
3161 1617 3278 1656 mea
3320 1604 3536 1671 quidem

1899 1678 1940 1731 Β
1972 1701 2235 1758 sententia
2263 1740 2276 1764 ,
2313 1698 2660 1768 praestabant.
2702 1695 2768 1748 Et
2805 1710 2922 1749 cum
2949 1691 3119 1746 Judas
3159 1691 3309 1745 illum
3353 1692 3536 1759 prodi-

1975 1802 2129 1846 turus
2171 1791 2341 1844 turbis
2369 1803 2425 1842 se
2458 1785 2841 1841 comitantibus
2875 1783 3010 1835 dixit
3037 1782 3189 1849 quasi
3236 1781 3385 1834 illum
3430 1795 3538 1832 non

1973 1883 2370 1951 εοὲιιονίεεοιιιν
2413 1896 2430 1928 ε
2455 1877 2623 1946 Quem
2657 1876 2936 1931 osculatus
2970 1873 3119 1928 luero
3143 1912 3157 1938 ,
3187 1873 3298 1942 ipse
3334 1880 3418 1926 est
3439 1872 3482 1936 ’⁵,
3511 1889 3532 1922 ι

1971 1973 2164 2042 probat
2203 1971 2368 2024 etiam
2409 1968 2587 2023 Jesum
2624 1982 2731 2020 non
2791 1965 3042 2019 eun'idern
3094 1978 3305 2032 semper
3361 1962 3538 2015 visqu

1971 2063 2156 2116 fuisse.
2206 2061 2348 2115 Idem
2399 2060 2640 2112 indicare
2677 2057 2806 2110 mihi
2848 2056 3061 2110 videtur
3100 2055 3346 2108 Salvator
3380 2054 3534 2122 ipse,

1971 2171 2093 2209 cum
2110 2155 2184 2207 ait
2204 2171 2218 2206 :
2239 2171 2258 2202 ι
2281 2151 2532 2218 Quotidie
2545 2150 2824 2203 vobiscum
2847 2163 2993 2201 eram
3019 2145 3070 2200 in
3089 2146 3288 2214 templo
3305 2143 3534 2206 docens,

1970 2256 2027 2302 et
2067 2261 2170 2299 non
2211 2244 2464 2298 tenuistis
2489 2257 2577 2295 me
2603 2241 2677 2292 ⁵.»
2715 2239 2850 2294 Cum
2888 2238 3054 2307 igitur
3083 2237 3132 2289 id
3160 2238 3224 2289 de
3257 2235 3381 2290 Jesu
3414 2251 3539 2287 sen-

1973 2339 2194 2402 tiamus,
2219 2352 2320 2390 non
2351 2335 2522 2389 solutn
2549 2331 2724 2400 quoad
2752 2330 3064 2384 interiorem
3089 2337 3144 2380 et
3172 2327 3351 2379 nmltis
3374 2324 3541 2395 436

1972 2428 2346 2484 absconditam
2377 2425 2741 2485 divinitatem,
2776 2421 2868 2473 sed
2910 2421 3072 2472 etiam
3103 2416 3275 2485 quoad
3317 2429 3540 2483 corpus,

1971 2519 2126 2587 cujus
2153 2533 2280 2587 erga
2313 2529 2447 2586 quos
2480 2523 2531 2568 et
2558 2512 2777 2581 quando
2800 2508 2985 2572 vellet,
3019 2506 3257 2559 mutabat
3286 2504 3535 2569 lormam;

1971 2612 2200 2666 dicimus
2229 2625 2374 2671 eum,
2409 2615 2697 2672 antequam
2729 2600 3084 2668 exspoliasset
3121 2596 3448 2666 principatus
3483 2605 3540 2648 et

1971 2711 2266 2772 potestates
2290 2739 2304 2764 ,
2336 2707 2389 2752 et
2435 2705 2580 2752 esset
2613 2702 2838 2764 peccato
2873 2701 3119 2745 mortuus
3143 2729 3157 2751 ,
3195 2689 3433 2756 potuisse
3471 2687 3540 2740 ab

1972 2792 2223 2847 omnibus
2255 2790 2447 2853 videri;
2481 2789 2574 2842 sed
2604 2793 2885 2854 postquam
2918 2781 3235 2850 exspoliavit
3260 2779 3540 2848 principa—

1973 2895 2057 2940 tus
2081 2895 2134 2940 et
2161 2892 2483 2954 potestates,
2517 2888 2570 2934 et
2601 2878 2808 2932 habere
2836 2875 2996 2929 desiit
3025 2872 3169 2943 quod
3217 2873 3318 2926 sub
3348 2871 3536 2925 oculos

1896 3007 1940 3060 ο
1977 2978 2120 3058 vulgi
2150 2977 2369 3031 caderet
2389 2975 2429 3040 ⁸,
2457 2988 2560 3026 non
2594 2970 2832 3039 potuisse
2862 2967 3027 3021 videri
3058 2967 3125 3020 ab
3155 2965 3258 3018 illis
3285 2963 3538 3017 omnibus

1972 3069 2061 3139 qui
2099 3056 2247 3122 illum
2279 3073 2437 3120 antea
2469 3060 2744 3118 viderant.
2778 3059 2950 3124 Unde,
2982 3059 3026 3112 si
3061 3074 3162 3111 non
3198 3072 3255 3112 se
3283 3056 3536 3110 omnibus

1971 3170 2090 3230 post
2119 3155 2573 3214 resurrectionem
2610 3151 3052 3220 conspiciendum
3085 3149 3262 3213 dedit,
3303 3149 3353 3202 id
3397 3145 3535 3202 fecit.

1970 3262 2026 3302 ut
2050 3249 2151 3300 illis
2175 3253 2445 3316 parceret.

2040 3339 2128 3392 65.
2160 3334 2294 3401 Quid
2322 3337 2442 3389 dico
2469 3331 2758 3387 omnibus?
2787 3329 2901 3384 lmo
2929 3345 2995 3384 ne
3013 3327 3271 3398 apostolis
3295 3337 3348 3381 ct
3370 3327 3536 3382 disci-

1969 3431 2109 3501 pulis
2137 3429 2355 3498 quidem
2380 3428 2496 3481 suis
2523 3437 2761 3494 praesens
2791 3436 3003 3490 semper
3027 3423 3235 3484 aderat,
3269 3435 3367 3473 nec
3395 3433 3540 3472 sem-

1968 3539 2064 3592 per
2091 3521 2394 3582 videbatur,
2425 3527 2478 3570 ut
2505 3518 2596 3586 qui
2627 3523 2902 3583 aspectum
2939 3515 3056 3580 ejus
3085 3514 3202 3565 sine
3235 3512 3336 3564 ulla
3369 3513 3537 3564 inter-

1971 3614 2226 3668 missione
2259 3611 2401 3664 ferre
2432 3625 2537 3662 non
2574 3615 2842 3676 poterant.
2873 3604 3150 3672 Fulgidior
3172 3603 3340 3664 enim,
3378 3605 3538 3654 abso--

1969 3706 2075 3758 luta
2105 3701 2528 3772 dispensatione,
2556 3699 2670 3768 ejus
2695 3705 2812 3749 erat
2845 3696 3126 3749 divinitas.
3149 3694 3296 3748 Hane
3324 3693 3536 3762 Cephas

1965 3797 2158 3852 Petrus
2194 3793 2375 3846 videre
2406 3790 2600 3859 potuit,
2626 3798 2683 3842 ut
2714 3787 3080 3857 apostolorum
3113 3785 3381 3853 primitiae;
3415 3791 3536 3852 post.

1969 3887 2116 3939 ἱὶΙιιιιι
2141 3882 2446 3944 duodecim,
2475 3878 2695 3932 Matthia
2721 3877 2773 3929 in
2809 3875 2980 3927 locum
3003 3873 3150 3928 Juda:
3182 3873 3529 3942 subrogato";

1967 3977 2162 4031 deinde
2211 3971 2521 4042 quingentis
2564 3967 2823 4021 fratribus
2861 3963 3019 4020 simul
3071 3966 3216 4016 visus
3259 3972 3383 4027 est;
3419 3971 3530 4015 tum

1964 4067 2187 4131 Iacobo;
2217 4073 2337 4134 post
2371 4062 2492 4115 aliis
2521 4068 2718 4130 prmter
2748 4057 3030 4112 duodecim
3062 4054 3330 4121 apostolos
3352 4054 3533 4106 omni-

1968 4163 2085 4224 bus,
2114 4159 2252 4212 forte
2277 4154 2618 4225 septuaginta
2643 4148 2938 4218 discipulis;
2968 4147 3260 4200 novissime
3289 4144 3533 4197 omnium

1966 4252 2135 4305 Paulo
2160 4258 2414 4316 tanquam
2435 4244 2680 4298 abortivo
2701 4250 2754 4295 et
2779 4238 2968 4294 scienti
2997 4251 3098 4304 qua
3127 4251 3285 4290 causa
3305 4235 3531 4288 diceret:

287 4361 338 4413 εὶ
372 4357 704 4428 ἐκτρώματι,
733 4355 825 4407 καὶ
871 4349 1237 4419 ἐπισταμένῳ,
1272 4349 1387 4409 πῶς
1420 4347 1624 4415 ἔλεγεν,
1657 4367 1675 4397 ι
1703 4346 1856 4416 Ἐμοὶ

1969 4365 1986 4396 ι
2015 4342 2141 4396 Mihi
2188 4337 2433 4393 omnium
2465 4343 2773 4388 sanctorum
2813 4327 3038 4381 minimo
3084 4326 3205 4378 data
3242 4334 3324 4377 est
3357 4324 3533 4390 gratia

287 4451 363 4520 τῷ
387 4446 780 4518 ἐλαχιστοτέρῳ
809 4445 1022 4498 πάντων
1046 4443 1214 4511 ἁγίων
1237 4440 1392 4512 ἐδόθη
1417 4443 1448 4511 ἡ
1475 4442 1632 4511 χάρις
1648 4439 1807 4508 αὕτη.
1835 4458 1853 4490 ι

287 4545 396 4596 Καὶ
418 4543 558 4612 τάχα
609 4540 671 4593 τὸ
706 4535 1097 4608 ἐλαχιστοτέρῳ
1137 4533 1247 4586 ἴσον
1274 4533 1399 4602 ,ἐστὶ
1423 4531 1499 4602 τῷ
1525 4529 1856 4602 ἐκτρώματι.

288 4632 497 4704 Ὠσπερ
529 4627 621 4684 οὖν
666 4631 765 4682 οὐκ
794 4631 858 4683 ἄν
891 4644 974 4690 τις
1016 4626 1248 4693 εὐλόγως
1297 4621 1404 4694 (95)
1449 4621 1737 4689 ἐγκαλέσαι
1780 4620 1859 4690 τῷ

301 4721 472 4791 Ἰησοῦ
506 4721 578 4792 μὴ
608 4718 1086 4792 παραλαμϐάνοντι
1125 4715 1331 4775 πάντας
1368 4713 1494 4774 τοὺς
1532 4711 1857 4788 ἀποστόλους

291 4817 367 4877 εἰς
392 4814 451 4864 τὸ
475 4813 672 4882 ὑψηλὸν
698 4813 840 4883 ὅρος,
882 4808 1017 4863 ἀλλά
1052 4808 1244 4879 μόνους
1273 4805 1398 4867 τοὺς
1431 4803 1853 4874 προειρημένους

361 4927 382 4956 ’³
415 4925 601 4978 Matth.
630 4926 753 4987 v.1.

294 5013 333 5062 ι,
373 4997 463 5048 '26.
540 4995 561 5024 ⁸
596 4995 728 5061 Eph.
758 5010 842 5049 ιιι.
869 4994 920 5047 8.

362 5083 473 5157 (89)
511 5083 594 5157 Td
615 5083 744 5150 περὶ
766 5081 888 5157 Δτῶν
920 5075 1329 5157 μακαρισμῶγ.
1377 5075 1598 5157 pubital
1625 5073 1854 5157 Gttiettts

292 5144 381 5211 an‘
419 5144 523 5209 non
584 5144 871 5222 legendum
920 5144 1014 5222 Sit,
1061 5144 1130 5222 τά
1165 5144 1291 5222 περὶ
1341 5147 1432 5222 τὸν
1487 5144 1854 5222 μακαρισμόν.

291 5227 462 5282 Paulo
485 5233 607 5292 post
637 5213 792 5274 Eoild.
817 5220 1038 5292 Regius.
1075 5213 1402 5292 Basileensis
1431 5213 1498 5267 et
1519 5213 1675 5292 vetus
1701 5213 1858 5292 y'at-i-

292 5280 846 5363 catttts,'éflepérreuse
895 5280 1021 5351 τοὺς
1068 5285 1472 5363 προσαχθέντας
1504 5280 1670 5363 αὐτῶ.
1701 5280 1856 5361 μω).

292 5383 446 5419 antea
464 5349 621 5417 'editi'
647 5361 984 5434 ἐθεράπευσε
1003 5349 1130 5434 τοὺς
1157 5349 1564 5434 προσαχθέντας
1590 5349 1759 5434 αὐτῷ.

363 5435 474 5501 (90)
527 5434 619 5497 Ὡς
659 5419 792 5500 περὶ
828 5419 1144 5501 τηλικοῦῖδ-
1170 5419 1279 5484 οὖν
1322 5419 1631 5501 ἐερόμετςοι
1679 5419 1858 5501 ῄμεξς

292 5489 394 5558 τοῦ
426 5489 639 5571 Ἰίησοῧ.
673 5489 1030 5556 scribendum
1063 5499 1294 5571 videtur.
1314 5489 1415 5571 ζὼς
1453 5489 1582 5562 περὶ
1610 5489 1858 5562 τηλικού-

292 5563 500 5655 τουηοῦψ
528 5573 814 5655 φερόμενοι
843 5572 1013 5655 ,ἡμεῖς
1041 5567 1135 5655 τοῦ
1169 5563 1362 5655 Ἰησοῦ.

361 5647 472 5716 (οι)
519 5630 626 5699 Ῠοῢ
663 5630 925 5698 Ματθίου
965 5630 1096 5694 ἀντὶ
1131 5630 1240 5692 τοῦ
1271 5631 1476 5698 Ἰούδα,
1503 5639 1606 5687 etc.
1638 5630 1706 5684 At
1725 5642 1856 5684 non-

830 4923 850 4954 ³
888 4921 1076 4976 Matth.
1111 4917 1337 4983 xm,l9.
1411 4914 1433 4946 ⁸
1462 4913 1651 4968 Matth.
1680 4930 1828 4980 χχιιι,
1851 4915 1940 4970 48.

1969 4437 2081 4489 haec
2107 4432 2150 4488 ⁸.
2177 4451 2194 4482 ι
2227 4429 2434 4483 Forsan
2463 4433 2515 4479 et
2537 4423 2793 4476 minimus
2819 4428 2872 4470 ct
2899 4416 3172 4471 abortivus
3199 4417 3336 4467 idem
3365 4414 3536 4479 signi-

1967 4526 2146 4578 licant.
2169 4516 2628 4586 Quemadmodum
2654 4511 2815 4581 igitur
2840 4508 3020 4563 Iesum
3055 4505 3193 4559 nulla
3220 4518 3381 4558 causa
3405 4504 3533 4571 quis

1966 4612 2415 4684 reprehenderet,
2439 4605 2605 4676 quod,
2631 4619 2752 4658 cum
2784 4616 2843 4656 se
2875 4597 3360 4667 transﬁguraturus
3385 4607 3530 4651 esset

1965 4715 2019 4762 et
2064 4705 2513 4758 vestimentorum
2559 4709 2780 4750 suorum
2817 4692 3154 4762 splendorem
3187 4689 3528 4759 glm-iamque

1965 4797 2163 4870 Moysis
2191 4803 2245 4848 et
2279 4791 2404 4845 Elia:
2431 4803 2554 4842 cum
2593 4788 2706 4856 ipso
2733 4781 3150 4852 colloquentium
3181 4790 3525 4843 ostensurus,

2015 4913 2035 4944 ⁵
2062 4909 2193 4965 lhid.
2231 4904 2319 4959 55.
2395 4901 2416 4932 ⁸
2446 4898 2652 4953 boloss.
2682 4910 2753 4960 ιι,
2789 4892 2854 4947 15
2879 4909 2892 4958 ;
2921 4891 3165 4954 Rom.v1,
3186 4888 3277 4942 9.0.
3352 4887 3372 4919 ⁷
3398 4889 3524 4942 Act.

1964 5071 2087 5124 dum
2125 5079 2188 5120 eo
2241 5053 2692 5128 temporetquod
2746 5051 3061 5128 designatur
3089 5045 3123 5128 lg
3163 5045 3290 5102 Cor.
3332 5058 3425 5107 xv,
3466 5041 3520 5096 5.

1960 5121 2214 5193 illatthias
2238 5132 2292 5184 in
2325 5121 2477 5185 .ludze
2519 5121 2692 5193 locum
2724 5121 2986 5193 suffectus
3008 5126 3150 5193 erat.

2025 5181 2582 5330 ἐδέδωίὶπ-οᾶτόλους
2606 5191 2773 5247 πᾶσι.
2811 5191 2964 5257 Legit
3008 5184 3344 5262 Boherellus,
3381 5181 3522 5257 ἀπᾳ-

2055 5276 2166 5330 λοις
2187 5274 2344 5330 πᾶσι,
2373 5283 2439 5320 ex
2475 5267 2488 5318 l
2525 5265 2649 5319 Cor.
2692 5277 2786 5324 xv,
2821 5261 2871 5313 7.
2906 5259 2960 5311 ιιι
2994 5267 3126 5330 est__:
3171 5274 3189 5305 ι
3235 5253 3305 5330 [ιε
3339 5263 3519 5305 οιιιιιιι

1961 5253 2166 5336 στόλόίς
2187 5253 2344 5332 πᾶσι,
2373 5283 2439 5320 ex
2475 5267 2488 5318 l
2525 5253 2669 5336 Cor._
2692 5253 2960 5336 xv,.7.'_lt_l
2994 5267 3126 5336 est”:
3171 5274 3189 5305 ι
3235 5253 3305 5330 l_is
3339 5253 3519 5305 οιιιιιιι

1960 5324 2726 5412 hitsrqnipm'terduodecim
2754 5329 2987 5412 illo‘s‘ide
3011 5324 3516 5412 (illiilli-la

1958 5388 2206 5484 's'i‘éiilS
2223 5388 2461 5480 rapostoli
2484 5411 2767 5484 vocantur:
2799 5418 2816 5448 ι
2843 5388 3308 5484 SiclenimllocpmI
3342 5388 3515 5484 eprlio

1959 5458 2552 5545 cavt‘ﬁrivéeitresrqneni
2587 5471 2874 5545 manifesto
2905 5465 2976 5518 ob
3005 5461 3188 5545 oculos
3222 5458 3480 5545 habebat.

2347 5526 2635 5617 impressi,
2655 5538 2909 5606 εὐλόγως,
2944 5546 3100 5596 mss.,
3125 5526 3380 5588 εὐκόλως.
