3998 6170
497 192 602 248 899
1936 182 2262 238 ORIGENIS
3668 175 3789 231 £00

497 321 605 360 non
641 297 911 371 apostolos
945 311 1134 352 omnes
1166 295 1220 350 in
1258 302 1496 348 montem
1542 291 1816 348 excelsum
1865 295 2069 363 perdu-

2211 297 2342 366 ρεῖς,
2383 295 2544 365 ἡνίκα
2579 291 2768 364 ἔμελλε
2808 288 3305 362 μεταμορφοῦσθαι,
3352 289 3448 343 καὶ
3485 288 3588 361 τὴν
3630 288 3788 360 λαμ-

502 396 666 460 xerit,
701 393 795 447 sed
831 391 975 446 solos
1005 399 1114 442 tres
1149 395 1272 440 ante
1307 385 1645 450 nominatos;
1683 388 1763 440 sic
1802 386 2072 442 immerito

2204 387 2418 458 ιρότητα
2442 385 2712 439 δεικνύναι
2739 384 2847 436 τῶν
2874 383 3105 453 ἱματίων
3129 381 3340 444 ἐαυτοῦ,
3367 382 3461 434 καὶ
3485 381 3585 451 τὴν
3612 381 3783 444 δόξαν

503 486 572 540 de
615 481 977 552 apostolorum
1013 479 1225 546 script-is
1274 485 1642 545 conqueratur
1666 518 1681 544 ,
1717 478 1856 546 quod
1883 476 2070 532 Jesum

2201 476 2432 538 [ωὓσέως
2462 475 2556 528 καὶ
2592 474 2775 527 Ἡλίου
2811 470 3207 525 συλλαλοῦντων
3241 470 3418 540 αὐτῷ’
3465 469 3646 532 οὕτως
3676 472 3780 522 ούκ

498 575 741 630 referant
807 581 927 642 post
979 571 1435 624 resurrectionem
1496 569 1670 622 visum
1730 568 1898 623 fuisse
1962 586 2068 624 non

2197 569 2240 622 'tv
2265 570 2378 631 τοῖς
2403 565 2777 628 ἀποστολικοίς
2803 564 2979 631 λόγοις
3013 562 3268 632 μέμφοιτ’
3294 561 3359 614 ἄν
3385 579 3470 624 τις
3504 561 3776 628 εύλόγως,

499 666 784 727 omnibus,
827 663 918 716 sed
947 662 1014 716 iis
1052 675 1280 730 quorum
1307 659 1497 714 oculos
1536 676 1660 715 esse
1697 671 1926 716 noverat
1957 675 2068 713 sum

2207 659 2483 728 ίσάγουσιν
2518 650 2694 725 ὦφθαι
2717 656 2811 708 τὸν
2849 653 3054 724 Ἰησοῦν
3086 653 3222 724 μετὰ
3252 652 3351 722 τὴν
3377 653 3687 706 ἀνάστασιν
3715 653 3777 704 ού

501 755 878 810 resurrectioni
932 752 1172 806 videnda:
1217 765 1396 818 pares.
1433 751 1564 817 Qua:
1601 753 1866 807 hactenus
1911 754 2019 806 dixi
2051 792 2068 818 ,

2199 751 2360 811 εἰσιν,
2397 748 2512 800 ἀλλ’
2535 743 2616 810 οἷς
2645 743 2782 799 οἶδεν
2809 745 3150 814 ἁνειληφόσιν
3176 743 3488 814 ὀφθαλμοὺς
3529 741 3778 812 χωροῦν-

503 844 702 899 ilrmari
734 842 967 896 arbitror
993 851 1046 896 et
1077 842 1180 895 hoc
1209 842 1275 894 de
1304 838 1433 895 Jesu
1471 843 1812 896 testimonio:
1851 844 1942 897 «in
1971 845 2074 898 hoc

2193 858 2273 903 τας
2323 840 2449 892 ἰδεῖν
2486 839 2584 909 τὴν
2627 837 2919 890 ἀνάστασιν
2956 833 3142 888 αὑτοῦ.
3184 834 3469 904 Χρήσιμον
3515 828 3772 901 δ”,οἷμαι

496 933 639 988 enim
662 930 912 987 Christus
944 938 1194 984 mortuus
1219 939 1307 983 est
1341 940 1395 984 et
1420 931 1736 996 resurrexit,
1763 941 1822 984 ut
1851 942 1906 986 et
1928 947 2070 986 mor-

2188 930 2311 1002 πρὸς
2340 929 2634 996 ἀπολογίαν
2664 926 2774 980 τῶν
2810 925 3188 996 προκειμένων
3225 925 3342 978 ἐστί
3374 926 3471 978 καὶ
3495 926 3559 978 τὸ
3591 925 3767 988 οὕτως

496 1038 710 1081 tuorum
741 1033 794 1078 et
825 1025 1074 1077 vivorum
1109 1021 1415 1075 dominetur
1437 1023 1512 1080 θ.»
1539 1022 1690 1079 .lline
1719 1039 1948 1094 namque
1987 1025 2068 1077 vi-

2189 1019 2460 1090 ;ἱρημένον
2483 1018 2613 1088 περὶ
2639 1016 2805 1070 αὑτοῦ
2825 1033 2838 1046 ”
2869 1034 2888 1066 ι
2918 1016 3011 1078 Εἰς
3036 1015 3193 1068 τοῦτο
3228 1015 3338 1086 γὰρ
3363 1016 3605 1086 Χριστὸς
3631 1016 3768 1068 ἀπέ-

495 1119 615 1181 des,
651 1113 834 1169 Jesum
865 1129 984 1168 esse
1015 1124 1316 1179 mortuum,
1367 1125 1425 1169 ut
1450 1115 1589 1169 vivis
1621 1115 1968 1180 dominetur;
2015 1125 2070 1169 et

2187 1111 2297 1164 ὶανε
2337 1112 2433 1164 καὶ
2475 1109 2695 1179 ἀνέστη,
2743 1108 2830 1160 ῖνα
2872 1108 2968 1161 καὶ
3009 1107 3219 1178 νεκρῶν
3260 1109 3355 1161 καὶ
3401 1107 3623 1172 ζώντων
3671 1125 3766 1160 κυ-

493 1205 865 1262 resurrexisse
911 1212 970 1257 ut
1003 1218 1108 1257 non
1139 1204 1313 1258 solum
1349 1205 1399 1259 in
1453 1215 1698 1260 mortuos
1726 1245 1742 1271 ,
1776 1205 1870 1258 sed
1899 1206 2066 1258 etiam

2184 1201 2382 1273 ριεύσῃ.
2431 1220 2448 1250 ι
2483 1202 2623 1271 Ὅρα
2647 1200 2754 1270 γὰρ
2781 1201 2838 1252 ἐν
2862 1197 3092 1262 τούτοις,
3120 1200 3204 1252 ὃτι
3224 1199 3493 1254 ἀπέθανεν
3531 1200 3763 1270 Ἰησοῦς.

493 1296 546 1349 in
572 1295 726 1348 vivos
757 1292 1094 1347 dominatum
1147 1293 1363 1348 habeat.
1415 1295 1560 1362 Quos
1591 1295 1880 1365 Apostolus
1910 1303 2068 1348 vocat

2186 1296 2258 1348 ἵνα
2291 1292 2499 1365 νεκρῶν
2539 1293 2837 1366 κυριεύσῃ·
2875 1293 2967 1345 καὶ
3001 1292 3222 1362 ἀνέστη,
3263 1292 3349 1344 ἵνα
3381 1293 3455 1363 μὴ
3488 1293 3652 1362 μόνον
3682 1307 3765 1342 νε-

493 1385 582 1438 hic
639 1391 905 1445 mortuos,
949 1390 1007 1435 et
1057 1383 1255 1450 quibus
1303 1383 1614 1439 dominatur
1651 1386 1934 1450 Christus,
1973 1401 2067 1441 eos

2188 1385 2340 1456 ιρῶν,
2391 1384 2530 1438 ἀλλά
2575 1385 2670 1438 καὶ
2710 1381 2924 1447 ζώντων
2971 1383 3258 1456 κυριεύσῃ.
3307 1384 3417 1436 Καὶ
3463 1379 3576 1435 οἶδέ
3622 1401 3690 1451 γε
3737 1388 3767 1437 ὁ

491 1473 746 1537 intelligit
775 1473 842 1526 de
867 1474 1064 1541 quibus
1107 1474 1157 1526 in
1193 1474 1362 1541 prima
1397 1476 1464 1530 ad
1493 1475 1834 1530 Corinthios:
1869 1477 2069 1531 «Callet

2181 1475 2507 1538 Ἀπόστολος
2555 1473 2780 1545 νεκροὺς
2831 1473 2949 1544 μὲν,
3001 1462 3077 1524 ὧν
3123 1470 3367 1543 κυριεύει
3422 1470 3760 1542 ό·Χριστὸς,

490 1567 636 1620 enim
662 1564 809 1627 tuba,
837 1573 892 1618 et
928 1569 1123 1618 mortui
1155 1577 1433 1637 resurgent
1464 1568 1757 1636 incorrupti
1782 1568 1848 1634 ¹⁰;
1884 1589 1902 1622 ι
1932 1585 2068 1638 quos

2184 1568 2293 1630 τοὺς
2315 1565 2455 1618 οὕτω
2479 1564 2928 1634 κατειλεγμένους
2954 1566 3012 1616 ἐν
3035 1566 3100 1634 τῇ
3131 1564 3266 1634 πρὸς
3283 1562 3606 1633 Κορινθίους
3630 1580 3763 1633 προ-

497 1664 678 1709 autem
703 1654 851 1708 vivos
881 1654 1011 1708 dicit
1043 1665 1099 1708 et
1133 1657 1522 1721 immutandos,
1549 1659 1582 1712 ii
1613 1667 1738 1712 sunt
1763 1659 1962 1714 diversi
1999 1663 2068 1716 ab

2182 1626 2336 1729 τέρα·
2387 1676 2406 1708 ‹
2445 1626 2873 1728 Σαλπίσειηγάρ,
2913 1626 3016 1708 καὶ
3144 1626 3328 1725 νεκροὶ
3365 1626 3761 1725 ἐγερθήσονται

492 1743 601 1797 illis
625 1781 642 1808 ,
680 1742 770 1810 qui
805 1743 1002 1796 mortui
1049 1754 1354 1814 resurgent.
1404 1747 1477 1800 De
1517 1748 1634 1801 istis
1677 1748 1758 1802 sic
1791 1749 2066 1818 loquitur:

2181 1748 2472 1820 Ξφθαρτοιο
2507 1768 2526 1801 ι
2573 1746 2778 1811 ζῶντας
2815 1746 2871 1798 δὲ
2907 1745 3126 1809 αὐτοὺς,
3165 1746 3258 1799 καὶ
3297 1746 3422 1808 τοὺς
3457 1745 3760 1818 ἀλλαγησο-

439 1855 442 1858 ·
503 1853 521 1884 ι
549 1833 615 1887 Et
669 1849 766 1887 nos
811 1835 1215 1889 immutabimur
1237 1875 1252 1900 ,
1285 1854 1303 1888 ι
1339 1851 1458 1904 qua:
1495 1845 1793 1906 sequuntur
1827 1843 2017 1908 proxin

2175 1841 2386 1911 μένους,
2432 1840 2649 1913 ἐτέρους
2683 1839 2842 1900 ὄντας
2879 1837 2987 1890 τῶν
3028 1837 3477 1908 ἐγερθησομένων
3522 1837 3753 1908 νεκρῶν.

490 1922 616 1986 ista,
654 1941 672 1972 ‹
713 1922 904 1977 Mortui
941 1936 1222 1994 resurgent
1249 1925 1507 1992 primum.
1540 1947 1559 1979 ›
1597 1928 1700 1982 Sed
1734 1937 1788 1982 et
1818 1929 1868 1982 in
1893 1931 2064 2000 prima

2179 1931 2327 2000 νΕχει
2359 1930 2414 1982 δὲ
2449 1929 2544 1982 καὶ
2579 1927 2705 1998 περὶ
2737 1925 2938 1979 τούτων
2966 1926 2999 1995 ἡ
3025 1925 3168 1992 λέξις
3193 1925 3387 1989 οὕτως,
3423 1945 3440 1976 ι
3478 1927 3574 1978 καὶ
3600 1927 3758 1996 ἡμεῖς

491 2013 557 2066 ad
605 2013 1122 2070 Thessalonicenses
1153 2020 1397 2071 eamdem
1434 2019 1556 2072 aliis
1586 2022 1773 2075 verbis
1811 2022 2066 2076 dill'eren-

2179 2018 2585 2090 ἀλλαγησόμεθα
2621 2018 2753 2088 (94),
2788 2037 2806 2069 ›
2846 2016 2971 2088 ὲξῆς
3005 2016 3268 2088 εἰρημένη
3293 2016 3393 2086 τῷ,
3429 2037 3445 2067 ι
3484 2019 3546 2069 Οἱ
3573 2017 3758 2088 νεκροὶ

495 2105 624 2157 tiam
651 2114 922 2171 statuens,
954 2106 1082 2160 dicit
1122 2107 1260 2161 alios
1289 2107 1627 2164 dormientes
1658 2125 1798 2178 esse,
1830 2113 1964 2168 alios
1989 2113 2066 2167 vi-

2174 2113 2555 2184 ἐγερθήσονται
2582 2110 2818 2181 πρῶτον.
2856 2129 2873 2160 ι
2913 2108 3076 2162 Ἀλλὰ
3104 2110 3197 2161 καὶ
3218 2111 3273 2161 ἐν
3299 2111 3364 2180 τῇ
3395 2110 3529 2180 πρὸς
3547 2109 3753 2162 Θεσσα-

490 2209 606 2248 vos.
638 2193 799 2265 437
835 2194 924 2250 Sic
957 2196 1102 2249 enim
1139 2197 1213 2249 ait
1241 2215 1254 2250 :
1296 2215 1316 2249 ι
1343 2195 1612 2253 Nolumus
1645 2215 1740 2255 vos
1770 2202 2022 2271 ignorare
2047 2243 2063 2266 ,

2176 2205 2397 2266 λονικεῖς
2430 2201 2671 2273 προτέρᾳ
2697 2203 2753 2254 ἐν
2788 2199 3000 2270 ἑτέραις
3027 2199 3205 2265 λέξεσι
3238 2199 3334 2270 τὴν
3370 2199 3539 2270 αὐτὴν
3571 2200 3755 2268 διαφο-

488 2284 710 2349 ﬁ'atres,
741 2287 808 2340 de
833 2285 1248 2350 dormientibus,
1276 2297 1334 2340 ut
1367 2304 1472 2342 non
1506 2292 1924 2357 euntristcmini,
1959 2295 2066 2347 sie-

2175 2297 2267 2366 ρὰν
2295 2294 2584 2366 παριστὰς,
2619 2295 2783 2364 φησὶν
2812 2293 3004 2355 ἄλλους
3041 2292 3138 2362 μὲν
3165 2288 3302 2345 εἶναι
3327 2292 3454 2354 τοὺς
3482 2294 3754 2362 κοιμωμέ-

489 2388 548 2432 ιιι
593 2388 646 2435 et
695 2383 876 2436 caueri
921 2383 1011 2452 qui
1046 2398 1196 2452 spem
1238 2399 1344 2436 non
1377 2384 1598 2439 habent.
1633 2387 1688 2440 Si
1722 2393 1863 2442 enim
1887 2388 2065 2442 credi-

2173 2407 2310 2452 νους,
2338 2388 2529 2450 ἄλλους
2555 2387 2611 2439 δὲ
2633 2387 2757 2448 τοὺς
2781 2385 3007 2449 ζῶντας,
3025 2383 3197 2451 λέγων
3217 2399 3232 2415 ·
3265 2402 3282 2432 ι
3313 2383 3385 2436 Οὐ
3402 2382 3752 2452 θέλομεν

487 2488 609 2528 Inus
648 2477 790 2542 quod
820 2475 981 2529 Jesus
1027 2482 1273 2528 mortuus
1311 2484 1396 2528 est
1439 2485 1493 2529 et
1530 2480 1870 2544 resurrexit;
1915 2480 1983 2532 ita
2011 2488 2066 2532 et

2171 2482 2221 2534 δὲ
2249 2482 2392 2550 ὑμᾶς
2415 2481 2650 2548 ἀγνοεῖν,
2687 2477 2924 2546 ἀδελφοὶ,
2959 2475 3089 2549 περὶ
3125 2476 3233 2527 τῶν
3265 2475 3643 2545 κοιμωμένων,
3666 2475 3750 2526 ἵνα

491 2562 632 2620 Deus
653 2581 748 2620 eos
770 2568 860 2634 qui
887 2567 1227 2623 dormierunt
1250 2585 1346 2640 per
1368 2569 1550 2625 Jesum
1576 2571 1799 2625 adducet
1825 2587 1950 2624 cum
1974 2586 2062 2626 eo.

2169 2571 2242 2643 μὴ
2267 2570 2529 2640 λυπῆσθε,
2563 2569 2638 2632 ὡς
2689 2568 2782 2620 καὶ
2801 2569 2848 2619 οἱ
2887 2566 3062 2619 λοιποὶ
3101 2568 3150 2618 οἱ
3187 2565 3260 2636 μὴ
3291 2565 3504 2634 ἔχοντες
3542 2563 3743 2616 ἐλπίδα.

491 2652 605 2710 Hoc
630 2659 776 2710 enim
810 2658 963 2712 vobis
993 2659 1224 2714 dicimus
1257 2662 1309 2714 in
1348 2661 1515 2716 verbo
1543 2663 1774 2726 Domini,
1805 2663 1930 2732 quia
1963 2678 2062 2716 nos

2165 2664 2230 2715 Εἰ
2261 2661 2368 2733 γὰρ
2399 2659 2745 2729 πιστεύομεν,
2773 2659 2853 2710 ὅτι
2897 2655 3104 2728 Ἰησοῦς
3131 2655 3366 2709 ἀπέθανε
3393 2655 3488 2706 καὶ
3525 2655 3743 2721 ἀνέστη.

487 2746 580 2816 qui
615 2748 848 2802 vivimus
871 2789 886 2813 ,
919 2751 1009 2818 qni
1049 2753 1252 2807 residui
1292 2767 1478 2809 sumus
1524 2753 1576 2808 in
1606 2754 1899 2807 adventum
1951 2754 2060 2806 Do-

2166 2753 2307 2807 οῦτω
2339 2751 2434 2805 καὶ
2475 2751 2503 2802 ὁ
2549 2750 2680 2812 Θεὸς
2723 2747 2849 2809 τοὺς
2897 2745 3259 2816 κοιμηθέντας
3304 2743 3391 2796 διὰ
3435 2743 3530 2796 τοῦ
3574 2741 3745 2812 Ἰησοῦ

489 2837 659 2904 mini,
712 2853 819 2892 non
869 2843 1270 2908 pneveniemns
1303 2859 1395 2898 eos
1445 2844 1535 2912 qui
1572 2844 2004 2900 dormierunt”.
2037 2860 2055 2893 ι

2164 2846 2279 2912 ἄξει
2308 2846 2404 2898 σὺν
2441 2841 2608 2912 αὐτῷ.
2638 2840 2808 2894 Τοῦτο
2837 2841 2942 2910 γὰρ
2969 2841 3098 2909 ὑμῖν
3125 2838 3354 2907 λέγομεν
3384 2837 3440 2888 ἐν
3465 2835 3610 2905 λόγῳ
3636 2837 3743 2888 Κυ-

487 2928 727 2993 Quorum
776 2929 1015 2984 locorum
1069 2932 1580 3002 interpretationem
1612 2975 1628 3000 ,
1674 2935 1855 3002 qualis
1901 2936 2059 2989 nobis

2166 2937 2304 3009 ρίου,
2345 2937 2428 2989 ὅτι
2471 2936 2630 3006 ἡμεῖς
2681 2933 2729 2984 οί
2777 2931 2978 2995 ζῶντες
3004 2971 3018 2993 ,
3069 2933 3118 2983 οἱ
3164 2928 3626 3000 περιλειπόμενοι,
3670 2930 3743 2989 εἰς

486 3017 601 3070 visa
632 3026 736 3082 est,
768 3019 1018 3073 dedimus
1050 3020 1102 3073 in
1141 3025 1569 3086 commentariis,
1601 3040 1721 3093 qua:
1749 3026 1802 3080 in
1825 3026 2057 3094 primam

2165 3029 2262 3100 τὴν
2303 3027 2599 3097 παρουσίαν
2625 3023 2717 3077 τοῦ
2742 3023 2944 3094 Κυρίου
2973 3023 3032 3074 ού
3065 3021 3138 3092 μὴ
3173 3019 3452 3090 φθάσομεν
3478 3017 3586 3087 (96)
3623 3020 3743 3081 τοὺς

488 3108 555 3159 ad
595 3109 1102 3167 Thessalonicenses
1141 3113 1436 3182 Epistolam
1476 3119 1896 3186 composuimus.

2168 3119 2548 3191 κοιμηθέντας.
2600 3137 2617 3168 ι
2657 3117 2767 3186 Τὴν
2816 3116 2873 3168 δὲ
2911 3117 3170 3182 φανεῖσαν
3216 3111 3344 3181 ἡμῖν
3385 3110 3464 3171 εἰς
3502 3110 3629 3171 τοὺς
3662 3107 3742 3160 τό-

483 3211 618 3264 πους
647 3201 894 3273 διήγησιν
921 3204 1214 3275 ἐξεθέμεθα
1245 3209 1300 3260 ἐν
1354 3201 1435 3270 οἷς
1473 3208 1930 3282 ὑπηγορεύσαμεν
1963 3212 2308 3284 ἐξηγητικοῖς
2359 3212 2458 3281 τῆς
2500 3210 2634 3282 πρὸς
2657 3207 3070 3270 Θεσσαλονικεῖς
3122 3204 3392 3276 προτέρας
3436 3201 3736 3270 ἐπιστολῆς-

556 3401 648 3457 66.
690 3401 876 3473 Neque
903 3418 1030 3458 veru
1082 3406 1300 3462 mireris
1329 3406 1512 3462 Jesum
1567 3407 1948 3462 r'esuscitatum
1985 3408 2052 3461 ah

2234 3411 2344 3466 Καὶ
2377 3411 2450 3482 μὴ
2477 3407 2744 3479 θαύμαζε,
2773 3409 2822 3460 εί
2853 3407 2926 3477 μὴ
2961 3407 3159 3469 πάντες
3190 3405 3477 3475 βλέπουσιν
3501 3407 3549 3459 οί
3581 3424 3737 3458 πεπιο

483 3493 738 3548 omnibus
780 3494 951 3548 turbis
985 3509 1090 3548 non
1143 3496 1316 3551 videri
1365 3513 1484 3566 qum
1518 3498 1571 3551 in
1617 3497 1768 3550 illum
1809 3498 2058 3551 credidev

2163 3503 2444 3564 στευκότες
2477 3501 2621 3571 ὄχλοι
2657 3498 2734 3568 τῷ
2772 3497 2944 3567 Ἰησοῦ
2975 3496 3074 3566 τὴν
3106 3497 3399 3548 ἀνάστασιν
3425 3497 3591 3549 αὑτοῦ
3612 3515 3624 3526 ·
3657 3498 3734 3550 ὅτε

483 3593 650 3651 runt,
682 3589 904 3655 quando
937 3586 1139 3641 Paulus
1173 3590 1238 3642 ad
1271 3587 1584 3644 Corinthios
1629 3592 1781 3657 quasi
1814 3589 2056 3659 pluribus

2159 3597 2232 3660 ὡς
2261 3595 2334 3664 μὴ
2360 3593 2595 3666 χωροῦσι
2625 3577 2841 3646 πλείονα
2877 3587 3183 3659 Κορινθίοις
3217 3589 3244 3640 ὁ
3281 3587 3493 3651 Παῦλος
3517 3589 3735 3658 γράφων

480 3678 759 3746 capiendis
809 3678 1044 3746 impares
1096 3681 1340 3736 scribat:
1394 3682 1540 3751 «Ego
1589 3695 1772 3737 autem
1812 3684 2052 3753 jndieavi

2159 3683 2372 3753 φησίνχ
2395 3700 2412 3731 ι
2451 3678 2590 3747 Ἐγὼ
2623 3679 2668 3732 δ’
2705 3678 2893 3748 ῑκρινα
2924 3677 3087 3749 μηδὲν
3125 3676 3323 3728 εἰδέναι
3355 3679 3410 3728 ἐν
3439 3678 3568 3748 ύμῖν
3592 3681 3638 3729 εξ
3667 3677 3733 3747 μὴ

482 3768 615 3821 nihil
647 3769 788 3822 scire
820 3771 961 3822 inter
996 3785 1114 3834 vos,
1148 3771 1250 3826 nisi
1291 3771 1476 3827 Jesum
1511 3773 1786 3827 Christum
1819 3782 1874 3826 et
1908 3774 2051 3827 hunc

2170 3773 2376 3846 Ἰησοῦν
2401 3771 2652 3843 Χριστὸν,
2681 3771 2774 3823 καὶ
2811 3768 2999 3822 τοῦτον
3027 3768 3458 3839 ἐσταυρωμένον.
3497 3787 3514 3819 ι
3552 3768 3730 3821 Τοιοῦ-

480 3858 799 3911 crnciiixum
832 3860 926 3911 η.»
961 3860 1058 3915 Cui
1099 3862 1277 3916 simile
1307 3873 1388 3916 est
1429 3873 1482 3917 et
1511 3864 1652 3916 istm]
1682 3882 1694 3916 :
1747 3882 1766 3914 ι
1801 3863 2049 3918 Nondum

2157 3883 2248 3918 τον
2269 3866 2312 3918 δ’
2339 3866 2456 3916 ἐστὶ
2481 3863 2573 3916 καὶ
2597 3863 2677 3924 τὸ,
2705 3881 2722 3912 ι
2751 3860 2916 3913 Οὔπω
2942 3860 3049 3932 γὰρ
3065 3860 3318 3912 ἐδύνασθε
3338 3877 3350 3889 ·
3381 3860 3494 3912 ἀλλ’
3517 3860 3636 3913 οὔτε
3657 3861 3729 3913 ἔτι

481 3949 628 4001 enim
679 3951 980 4017 poteratis,
1043 3954 1135 4005 sed
1170 3968 1268 4006 uec
1320 3969 1462 4007 nunc
1509 3939 1734 4021 quidem
1786 3948 2048 4021 potestis;

2157 3955 2252 4008 νῦν
2291 3953 2550 4007 δύνασθε·
2611 3953 2689 4005 ἔτι
2717 3952 2824 4022 γὰρ
2857 3951 3104 4020 σαρκικοί
3141 3952 3281 4003 ἐστε.
3324 3970 3341 4002 ι
3369 3951 3525 4004 Οὕτω
3561 3951 3729 4004 τοίνυν

479 4037 662 4091 adhuc
701 4039 842 4091 enim
869 4041 1118 4095 carnales
1145 4042 1276 4095 estis
1306 4042 1398 4093 ‘3.»
1442 4043 1532 4095 Sic
1564 4043 1730 4109 igitur
1768 4043 2048 4112 Scriptura

2157 4051 2332 4104 πάντα
2365 4048 2543 4120 κρίσει
2579 4047 2699 4117 θείᾳ
2727 4045 2895 4098 ποιῶν
2923 4047 2950 4096 ὁ
2978 4043 3155 4112 λόγος,
3184 4045 3454 4115 ἀνέγραψε
3487 4047 3617 4117 περὶ
3643 4045 3726 4099 τοῦ

477 4128 887 4198 divinojudicio
915 4134 1095 4188 ninuia
1131 4134 1337 4186 faciens
1371 4135 1436 4186 de
1461 4133 1586 4187 Jesu
1623 4135 1894 4188 memoria
1924 4151 2050 4204 pro-

2170 4138 2374 4210 Ἰησοῦ·
2419 4137 2525 4208 πρὸ
2583 4137 2678 4208 μὲν
2729 4134 2821 4188 τοῦ
2870 4135 3072 4196 πάθους
3108 4134 3438 4199 ἁπαξαπλῶς
3479 4137 3728 4206 φανέντος

475 4222 631 4284 didit,
677 4222 826 4276 illum
860 4225 1078 4293 quidem
1127 4235 1252 4279 ante
1284 4225 1591 4294 passionem
1639 4225 1886 4294 pluribus
1921 4242 2044 4295 pro-

2155 4233 2267 4294 τοῖς
2307 4229 2536 4292 πλείοσι,
2575 4227 2668 4281 καὶ
2703 4226 2861 4278 τοῦτο
2904 4226 3003 4278 οὐκ
3043 4226 3161 4277 ἀεί’
3205 4227 3340 4295 μετὰ
3376 4227 3432 4280 δὲ
3474 4228 3536 4280 τὸ
3566 4229 3726 4290 πάθος

475 4313 678 4366 miscue
707 4325 1078 4384 conspectum,
1112 4317 1206 4370 sed
1247 4333 1350 4369 nun
1395 4331 1644 4385 seraper;
1688 4325 1799 4386 post
1837 4319 2049 4386 passio-

2151 4323 2332 4375 οὐκέτι
2367 4322 2566 4393 ὁμοίως
2605 4318 3046 4390 ἐπιφαινομένου,
3086 4318 3222 4371 ἀλλὰ
3257 4320 3394 4389 μετά
3434 4338 3577 4383 τινος
3621 4321 3726 4391 κρί-

474 4418 596 4457 nem
617 4420 742 4460 vero
759 4423 862 4460 non
891 4409 1147 4462 similiter
1173 4423 1230 4462 se
1253 4409 1700 4478 conspiciendum
1725 4411 2042 4478 prtebuisse,

2153 4429 2288 4474 σεως
2322 4411 2535 4480 ἑκάστῳ
2566 4407 2867 4480 μετρούσης
2889 4407 2956 4460 τὰ
2990 4407 3195 4460 δέοντα.
3227 4410 3434 4480 ’Ὠσπερ
3457 4410 3501 4462 δ’
3529 4410 3719 4478 ἀναγέ-

473 4493 566 4545 sed
600 4509 722 4547 cum
764 4497 996 4564 quodam
1027 4497 1240 4552 delectu
1287 4513 1384 4566 pro
1420 4513 1518 4551 suo
1572 4499 1766 4566 cuique
1799 4501 2039 4555 modulo.

2150 4516 2389 4569 γραπται
2415 4498 2497 4560 τὸ,
2529 4516 2545 4546 ι
2579 4497 2752 4569 ’Ὢφθη
2777 4499 2805 4550 ό
2827 4497 2958 4559 Θεὸς
2982 4495 3058 4564 τῷ
3094 4495 3363 4570 Ἀϐραὰμ,
3395 4517 3412 4548 ι
3439 4499 3472 4564 ἦ
3493 4516 3596 4550 τινι
3620 4498 3720 4550 τῶν

473 4581 627 4636 Sicut
686 4597 864 4639 autem
913 4590 1173 4654 scriptum
1224 4599 1308 4642 est
1346 4606 1361 4642 :
1401 4607 1419 4639 ι
1453 4592 1720 4658 Apparuit
1779 4591 2043 4646 Dominus

2152 4593 2345 4661 ἁγίων·
2394 4592 2486 4644 καὶ
2520 4591 2581 4643 τὸ
2618 4589 2781 4659 ὤφοη
2815 4589 2972 4642 τοῦτο
3013 4590 3113 4642 οὐκ
3145 4590 3232 4642 ἀεὶ
3264 4591 3490 4658 ἐγίνετο,
3522 4591 3632 4643 ἀλλ’
3661 4593 3718 4644 ἐκ

471 4673 742 4727 Abraham
767 4675 864 4740 “,i
895 4687 979 4731 aut
1014 4680 1245 4748 cuipiam
1273 4695 1303 4733 e
1327 4681 1565 4744 sanctis;
1587 4682 1836 4749 quamvis
1859 4691 2041 4738 tamen

2147 4682 2570 4753 διαλειμμάτων,
2605 4682 2696 4734 καὶ
2722 4683 2780 4734 οὐ
2814 4683 2977 4734 πᾶσιν
3004 4682 3252 4750 ἐφαίνετο
3272 4698 3284 4710 ⁸
3309 4681 3448 4733 οὕτω
3492 4699 3581 4751 μοι
3615 4682 3715 4735 νόει

475 4778 576 4816 nec
603 4778 847 4833 semper,
874 4769 967 4821 sed
996 4784 1062 4822 ex
1098 4771 1418 4834 intervallis,
1455 4786 1554 4824 nec
1593 4771 1845 4824 omnibus
1875 4788 2043 4841 appa-

2147 4776 2241 4828 καὶ
2263 4774 2352 4827 τὸν
2376 4773 2501 4826 Υίὸν
2527 4772 2620 4826 τοῦ
2654 4773 2785 4826 Θεοῦ
2814 4774 2923 4845 (97)
2949 4767 3126 4842 ὦφθαι
3156 4775 3222 4843 τῇ
3253 4773 3604 4844 παραπλησία
3643 4776 3714 4837 εἰς

473 4861 655 4907 reret:
689 4856 769 4908 sic
805 4857 980 4923 cogita
1008 4858 1200 4913 Filium
1235 4862 1323 4914 Dei
1365 4862 1555 4916 eodem
1598 4862 1704 4916 illis
1729 4864 2042 4930 apparuisse

2146 4865 2207 4918 τὸ
2269 4864 2398 4936 περὶ
2439 4864 2690 4929 ἐκείνων,
2739 4867 2818 4928 είς
2871 4865 2931 4918 τὸ
2979 4860 3155 4935 ὦφθαι
3205 4864 3388 4927 αὐτοῖς
3427 4863 3519 4917 τὸν
3565 4864 3708 4926 Θεὸν,

471 4943 705 5003 delectu.
733 4960 838 5013 quo
870 4945 1010 5001 Deus
1051 4949 1164 5003 istis
1195 4953 1466 5020 apparuit.
2148 4957 2346 5028 κρίσει.

539 5078 563 5111 ⁸
590 5075 749 5132 Rom.
773 5093 882 5143 xw,
915 5075 968 5131 9.
1049 5079 1088 5109 ¹⁰
1119 5079 1138 5130 l
1165 5081 1288 5135 Cor.
1314 5099 1404 5148 xv,
1429 5084 1519 5138 59..
1597 5085 1637 5115 “
1669 5082 1685 5136 l
1717 5081 1911 5139 Thess.
1941 5099 2016 5149 tv,
2051 5086 2116 5140 l3
2147 5108 2300 5162 seqq.
2387 5092 2427 5124 ¹²
2463 5091 2698 5157 lC0r.n,
2719 5091 2774 5146 2.
2829 5093 2870 5124 ¹³
2898 5091 2918 5146 l
2943 5093 3067 5148 Cor.
3089 5093 3245 5155 m,5.
3324 5091 3632 5160 “Gemxu,
3656 5093 3702 5147 7.

539 5259 650 5396 (9η
681 5259 836 5314 Libb.
872 5261 1116 5330 impressi
1148 5263 1198 5316 in
1226 5265 1488 5334 margine,
1513 5265 1967 5338 ἁρπαγησόμεθα.

539 5332 627 5396 (95
677 5331 874 5385 Otum-5
919 5349 1070 5395 Iuss.,
1114 5335 1174 5385 ού
1223 5333 1445 5396 θέλομεν
1478 5336 1555 5396 δέ,
1610 5339 1938 5396 Spenccrus,
1977 5337 2037 5388 ού

1094 5263 1116 5315 il
1148 5263 1198 5316 in
1226 5265 1488 5334 margine,
1513 5265 1967 5338 ἁρπαγησόμεθα.
2140 5265 2334 5336 pressi,
2377 5266 2673 5338 φθάσομεν.

1114 5335 1174 5385 ού
1223 5333 1445 5396 θέλομεν
1478 5336 1555 5396 δέ,
1610 5339 1938 5396 Spenccrus,
1977 5337 2037 5388 ού
2211 5337 2323 5396 (97)
2374 5341 2572 5392 Omnes
2610 5354 2673 5389 ms

538 5331 881 5404 (95)‘Qm_nes
919 5349 1070 5395 Iuss.,
1114 5335 1174 5385 ού
1223 5331 1445 5404 θέλομεν
1478 5331 1563 5399 δέ,
1610 5331 1938 5402 ὃιῖρὶιιτὲιηιες,
1977 5337 2037 5388 ού

2143 5331 2156 5336 ⁷
2211 5337 2323 5400 (97)
2374 5331 2572 5392 Omnes
2610 5351 2761 5399 mss.,
2806 5336 2934 5389 Υἱὸν
2979 5338 3074 5390 τοῦ
3133 5338 3287 5391 Θεοῦ.
3342 5339 3499 5393 Libb.
3551 5339 3697 5398 editi,

468 5399 606 5454 θέλω
652 5400 908 5480 δέ.“ΙΙ›ἰ.εΙ.
961 5421 1113 5466 mss“
1163 5405 1290 5474 περὶ
1328 5399 1433 5480 τῶν
1469 5399 2033 5480 κοιμωμένωνηιιιιιὺμ.

2149 5407 2356 5480 Ἰησοῦν
2401 5407 2494 5460 τοῦ
2528 5407 2682 5459 Θεοῦ.
2728 5407 2934 5480 lbidcm
2976 5411 3041 5480 τῇ
3096 5409 3453 5480 παραπλησίᾳ
3495 5410 3574 5474 είς
3621 5412 3697 5473 τό,

467 5473 616 5549 editi.
649 5471 909 5549 περὶτῶν
939 5471 1394 5549 κεκοιμημένων.-
1416 5471 1615 5549 Ibidem
1651 5471 1809 5549 iuss.,
1837 5475 1912 5538 ὡς
1944 5476 2036 5528 καὶ

2134 5471 2242 5531 etc.
2279 5476 2542 5549 Usitatius
2571 5487 2655 5530 est
2689 5478 2755 5546 τῇ
2791 5471 3278 5549 παραπλησίαίτῴ.
3332 5471 3578 5545 δοείιιειιὲ
3609 5471 3696 5530 an;

467 5539 515 5590 ol
547 5535 736 5620 λοιποίέ
763 5535 1292 5620 ξρριιρ-ςτιι-ξίκᾶίθὼς
1314 5545 1482 5620 καὶῄοί
1511 5546 1730 5620 λοιποί.-
1894 5535 1905 5538 ⁷
1928 5615 1940 5620 _

2135 5561 2242 5620 tem
2287 5547 2367 5610 είς
2399 5546 2460 5599 τό
2497 5548 2622 5602 hinc
2672 5535 2886 5614 uatum;
2919 5535 3094 5603 mutat
3128 5535 3450 5606 Bollerellus
3500 5550 3550 5602 in
3601 5552 3695 5620 ρη-

539 5611 649 5678 (95)
693 5611 870 5665 Codex
925 5611 1270 5683 Basilecnsis,
1327 5615 1640 5688 φθάσωμεν.
1709 5615 1867 5672 Libb.
1927 5615 2027 5669 im-
2130 5614 2240 5671 θέν.
