3998 6170
228 207 358 267 90!

1489 196 1768 256 CONTRA
1799 187 2074 248 CELSUM
2111 185 2237 240 LIB.
2278 183 2341 238 11.

3400 175 3503 231 9οΞ

337 321 839 395 ’Λπελογησάμεθα
872 315 963 374 οὖν
989 318 1131 374 κατὰ
1157 319 1218 373 τὸ
1248 317 1467 372 δυνατὸν
1508 318 1658 386 ἡμῖν,
1684 315 1758 378 ὡς
1787 316 1843 367 ἐν

2015 316 2103 370 67.
2135 303 2531 378 Respondimus
2565 296 2728 367 igitur
2767 308 2864 365 pro
2890 292 3130 354 viribus,
3164 300 3220 346 et
3245 298 3502 360 quantum

231 419 496 487 τοιούτῳ
523 415 929 484 συγγράμματι,
965 412 1102 482 πρὸς
1137 410 1197 462 τό
1217 427 1230 440 ·
1263 429 1282 460 ι
1337 409 1551 479 Ἐχρῆν,
1577 407 1734 477 εἴπερ
1762 406 1848 459 ὅν-

233 525 373 570 τως
413 505 645 574 ἐκφῆναι
672 503 821 557 θείαν
850 502 1074 572 δύναμιν
1107 501 1318 571 ἢθελεν,
1354 500 1537 561 αὐτοῖς
1570 500 1681 562 τοῖς
1709 498 1846 567 ἐπη-

245 596 507 666 ρεάσασι
532 595 625 648 καὶ
649 592 727 663 τῷ
754 592 1176 646 καταδικάσαντι
1207 591 1300 644 καὶ
1327 590 1461 652 ὅλως
1489 590 1653 642 πᾶσιν
1675 589 1848 658 ὀφθῆ-

238 704 352 741 ναι
374 703 392 718 ο
433 707 450 738 ι
485 686 584 739 οὐκ
609 685 772 754 ἐχρῆν
807 678 898 736 οὖν
926 681 1004 751 τῷ
1043 681 1460 735 καταδικάσαντι
1488 680 1648 734 αὐτὸν
1685 681 1852 750 ὀφθῆ-

239 795 378 841 ναι,
405 777 526 831 οὺδέ
540 778 648 838 τοῖς
662 774 1049 845 ἐπηρεάσασιν-
1065 772 1305 840 ἐφείδετο
1327 771 1538 842 γὰρκαὶ
1562 771 1655 824 τοῦ
1680 788 1848 824 κατα-

241 867 595 929 δικάσαντος
626 862 848 916 καὶτῶν
883 864 1298 933 ἐπηρεασάντων
1330 863 1358 914 6
1407 861 1633 933 Ἰησοῦς,
1659 862 1746 914 ἴνα
1776 861 1849 932 μὴ

245 957 625 1027 παταχθῶσιν
650 955 900 1028 ἀορασίᾳ,
925 956 1084 1026 ὁποίᾳ
1107 956 1155 1008 οἱ
1180 955 1238 1006 ἐν
1269 954 1520 1024 Σοδόμοις
1546 953 1854 1024 ἐπατάχθη-

248 1060 397 1109 σαν,
423 1044 585 1114 ἡνίκα
607 1043 957 1098 ἐπεϐούλευον
980 1047 1046 1115 τῇ
1068 1043 1186 1114 ὥρᾳ
1205 1043 1313 1096 τῶν
1335 1042 1679 1107 ξενισθέντων
1705 1041 1853 1113 παρὰ

249 1133 343 1203 τῷ
375 1133 502 1187 Λὼτ
541 1134 806 1202 ἀγγέλων.
833 1135 943 1188 Kal
966 1133 1125 1186 τοῦτο
1152 1133 1210 1186 δέ
1236 1132 1488 1204 δηλοῦται
1502 1132 1590 1186 διὰ
1611 1131 1816 1186 τούτων
1835 1149 1848 1162 ’

259 1242 282 1274 α
349 1223 724 1287 Ἐκτείναντες
761 1223 818 1277 δὲ
863 1225 913 1276 οἱ
956 1223 1147 1294 ἄνδρες
1174 1223 1274 1286 τὰς
1309 1225 1518 1294 χεῖρας.
1553 1223 1856 1276 ἐσπάσαντο

250 1313 364 1366 τὸν
402 1313 527 1367 Λὼτ
562 1313 698 1386 πρὸς
723 1314 946 1378 ἑαυτοὺς
985 1316 1064 1377 είς
1099 1313 1190 1367 τὸν
1223 1309 1390 1377 οἷκον,
1433 1316 1527 1368 καὶ
1552 1313 1649 1384 τὴν
1687 1313 1855 1384 θύραν

255 1404 637 1458 ἀπέκλεισαν·
679 1393 804 1469 τους
849 1405 905 1458 δὲ
945 1405 1162 1476 ἄνδρας,
1196 1405 1322 1467 τοὺς
1359 1406 1452 1459 ἐπὶ
1483 1409 1550 1477 τῇ
1593 1405 1732 1476 θύρᾳ
1761 1403 1855 1457 τοῦ

255 1495 455 1559 οἴκου,
491 1495 766 1559 ἐπάταξαν
800 1494 1033 1566 ἀορασίᾳ
1074 1495 1183 1548 ἀπὸ
1227 1495 1421 1565 μικροῦ
1454 1495 1559 1559 ἓως
1596 1495 1854 1566 μεγάλου,

259 1588 376 1640 καὶ
410 1585 791 1656 παρελύθησαν
823 1585 1109 1656 ζητοῦντες
1160 1586 1260 1655 τὴν
1301 1586 1488 1657 θύραν.
1524 1607 1542 1638 ι
1597 1587 1857 1656 Ἐκφῆναι

260 1671 374 1727 οὖν
422 1653 688 1726 ἐϐούλετο-
716 1674 813 1744 τὴν
854 1653 1077 1743 δύναμιν
1127 1653 1322 1727 ἐαυτοῧ
1452 1674 1677 1746 Ἰησοῦς,
1707 1653 1862 1729 θείαν

263 1760 470 1827 οὖσαν,
512 1764 726 1835 ἑκάστῳ
756 1765 863 1817 τῶν
894 1764 1203 1834 δυναμένων
1231 1764 1398 1836 αὐτὴν
1427 1765 1571 1828 ἰδεῖν,
1601 1767 1692 1818 καὶ
1721 1765 1863 1818 κατὰ

263 1856 338 1908 τὸ
374 1856 570 1926 μέτρον
597 1857 724 1909 ἰδεῖν
751 1855 785 1910 ἆ
808 1856 1023 1927 ἐχώρει.
1052 1855 1162 1909 Kal
1188 1855 1309 1908 οὐδέ
1343 1873 1443 1908 που
1467 1857 1532 1909 δι’
1569 1856 1696 1909 ἄλλο
1730 1858 1862 1925 ἐφυ-

267 1944 482 2011 λάξατο
523 1946 810 2017 ὀφθῆναιῆ
851 1946 940 1999 διὰ
975 1946 1072 2011 τὰς
1095 1947 1352 2018 δυνάμεις
1380 1946 1487 1999 τῶν
1522 1947 1594 2017 μὴ
1631 1947 1864 2017 χωρούν-

267 2053 393 2090 των
439 2036 598 2089 αὐτὸν
645 2036 787 2089 ἰδεῖν.
838 2037 948 2090 Kal
982 2038 1154 2107 μάτην
1196 2035 1514 2107 παρελήφθη
1563 2034 1640 2105 τῷ
1671 2035 1863 2104 Κέλσῳ

271 2125 367 2188 τὸ,
403 2144 422 2176 ι
462 2127 534 2178 Οὐ
561 2125 669 2196 γὰρ
691 2125 753 2196 δὴ
793 2125 871 2178 ἐτι
905 2126 1152 2194 ἐφοϐεῖτό
1181 2143 1301 2178 τινα
1324 2124 1632 2197 ἀνθρώπων
1657 2125 1864 2178 ἀποθα-

275 2211 415 2277 νὼν,
447 2215 539 2267 καὶ
561 2214 655 2284 (ὥς
682 2214 859 2283 φατε,)
887 2215 1018 2278 Θεὸς
1041 2213 1143 2268 ὤν’
1171 2215 1276 2268 οὐδ’
1302 2216 1393 2268 ἐπὶ
1429 2215 1569 2267 τοῦτ’
1611 2215 1863 2286 ἐπέμφθη

277 2305 388 2374 τὴν
431 2305 622 2376 ἀρχὴν,
656 2304 744 2358 ἵνα
781 2305 935 2378 λάθῃ.
981 2325 1000 2356 ι
1054 2306 1333 2376 Ἐπέμφθη
1361 2304 1469 2374 γὰρ
1496 2306 1555 2358 οὐ
1587 2305 1745 2375 μόνον
1779 2305 1867 2358 ἵνα

279 2397 524 2467 γνωσθῇ,
555 2397 667 2450 ἀλλ’
696 2399 780 2450 ἵνα
806 2399 897 2450 καὶ
921 2397 1080 2468 λάθῃ.
1103 2399 1177 2449 Οὐ
1203 2397 1310 2468 γὰρ
1337 2399 1464 2461 πᾶν,
1493 2397 1521 2450 ὃ
1544 2392 1632 2467 ἦν,
1665 2397 1760 2450 καὶ
1785 2391 1866 2460 οἷς

280 2490 636 2557 ἐγινώσκετο,
685 2490 1031 2555 ἐγινώσκετο,
1081 2490 1218 2543 ἀλλά
1261 2508 1313 2543 τι
1362 2489 1525 2544 αὐτοῦ
1579 2489 1866 2542 ἐλάνθανεν

280 2581 486 2644 αὐτούς
509 2599 523 2612 ·
551 2582 661 2634 τισὶ
683 2582 726 2634 δ’
764 2581 872 2634 οὐδ’
899 2581 1034 2644 ὅλως
1059 2579 1403 2649 ἐγινώσκετο.
1434 2580 1544 2633 Kal
1579 2579 1780 2650 ἀνέῳξε
1813 2579 1868 2632 δὲ

285 2670 470 2738 φωτὸς
498 2651 668 2733 πύλας
691 2672 802 2734 τοῖς
825 2671 1132 2741 γενομένοις
1161 2671 1256 2741 μὲν
1290 2670 1512 2739 σκότους
1545 2671 1640 2724 καὶ
1680 2669 1870 2734 νυκτὸς

287 2762 450 2824 υἱοῖς,
489 2761 838 2815 ἐπιδεδωκόσι
869 2761 923 2814 δὲ
957 2763 1182 2826 ἑαυτοὺς
1221 2763 1299 2826 εἰς
1337 2762 1397 2814 τὸ
1435 2761 1684 2830 γενέσθαι
1722 2761 1871 2826 υἱοὺς

288 2852 503 2922 ἡμέρας
537 2853 631 2905 καὶ
673 2851 872 2920 φωτός.
911 2851 1021 2905 Kal
1059 2847 1186 2923 ἦλθε
1215 2853 1405 2922 Σωτὴρ
1440 2853 1469 2904 6
1510 2850 1712 2923 Κύριος
1740 2850 1872 2920 ἡμῖν

292 2941 514 3034 μᾶλλον,
549 2940 624 3034 ᾡς
653 2943 843 3015 *ἰατρὸς
872 2941 1094 3012 ἀγαθὸς,
1143 2943 1255 3006 τοῖς
1279 2942 1560 3013 ἁμαρτιῶν
1598 2941 1868 3014 μεστοῖςῆ
1898 2978 1940 3034 C

289 3035 406 3095 τοῖς
431 3031 678 3113 δικαίοις.

378 3298 603 3369 Ἰδωμεν
641 3297 698 3352 δὲ
728 3297 852 3351 τίνα
886 3296 1082 3370 τρόπον
1114 3297 1276 3368 φησὶν
1311 3298 1341 3350 6
1378 3295 1526 3369 παρὰ
1559 3296 1638 3368 τῷ
1675 3297 1869 3368 Κέλσῳ

310 3391 580 3453 Ἰουδαῖος,
606 3391 708 3452 ὅτι,
743 3409 761 3440 ι
802 3390 865 3442 El
887 3389 932 3442 δ’
956 3385 1047 3443 οὖν
1067 3391 1128 3443 τό
1153 3407 1215 3458 γε
1240 3390 1490 3444 τοσοῦτον
1513 3389 1739 3460 ὤφειλεν

296 3483 378 3546 είς
411 3481 666 3547 ἐπίδειξιν
699 3481 967 3552 θεότητος,
1003 3481 1109 3535 ἀπὸ
1141 3481 1234 3534 τοῦ
1270 3484 1529 3548 σκόλοπος
1555 3483 1684 3554 γοῦν
1710 3484 1870 3546 εὐθὺς

296 3569 509 3640 ἀφανὴς
530 3569 801 3638 γενέσθαι.
847 3591 865 3622 ι
893 3571 1004 3624 Kal
1039 3571 1194 3624 τοῦτο
1216 3572 1270 3625 δὲ
1295 3573 1442 3626 δοκεί
1467 3591 1554 3644 μοι
1583 3575 1765 3646 ὅμοιον
1791 3571 1869 3627 εἷ-

295 3680 388 3716 ναι
423 3661 500 3731 τῷ
544 3661 686 3734 λόγῳ
718 3662 825 3716 τῶν
852 3663 1360 3717 ἀντιδιατασσόντων
1390 3668 1452 3735 τῇ
1488 3667 1740 3738 Προνοίᾳ,
1775 3667 1871 3720 καὶ

297 3751 703 3822 διαγραφόντων
725 3754 934 3815 ἐαυτοῖς
957 3751 1118 3823 ἕτερα
1141 3751 1292 3823 παρὰ
1316 3754 1384 3807 τὰ
1405 3755 1551 3818 ὅντα,
1577 3757 1668 3809 καὶ
1684 3756 1870 3824 λεγόν-

295 3860 427 3905 των,
456 3843 535 3895 ὅτι
571 3842 776 3912 βέλτιον
802 3839 869 3914 ἦν
897 3844 946 3895 εἰ
971 3842 1141 3907 οὕτως
1171 3841 1314 3914 εἶχεν
1340 3846 1368 3898 6
1407 3847 1630 3918 κόσμος,
1662 3849 1736 3912 ὡς
1762 3849 1870 3902 διε-

297 3933 610 4004 γράψαμεν.
665 3933 838 3986 Ὅπου
896 3933 992 4002 μὲν
1046 3932 1154 4005 γὰρ
1213 3935 1412 3989 δυνατὰ
1462 3937 1869 4008 διαγράφουσιν,

298 4021 610 4092 ἐλέγχονται
633 4020 851 4090 χείρονα
874 4018 1169 4082 ποιοῦντες,
1194 4020 1254 4073 τὸ
1275 4021 1399 4075 ἰσον
1422 4023 1504 4089 ἐφ’
1529 4025 1758 4086 ἑαυτοῖς,
1779 4024 1874 4077 καὶ

298 4117 366 4185 τῇ
393 4115 664 4186 διαγραφῇ
696 4112 893 4176 αὐτῶν,
921 4112 1010 4165 τὸν
1043 4113 1244 4183 κόσμον
1262 4131 1275 4144 ·
1303 4116 1436 4167 ὅπου
1464 4115 1520 4168 δὲ
1545 4115 1758 4168 δοκοῦσι
1799 4117 1872 4187 μὴ

299 4207 523 4278 χείρονα
551 4204 960 4274 ἀναζωγραφεῖν
999 4203 1105 4256 τῶν
1141 4205 1326 4269 ὄντων,
1365 4206 1775 4260 ἀποδείκνυνται
1806 4207 1874 4261 τὰ

299 4299 370 4367 τῇ
403 4294 561 4365 φύσει
595 4293 830 4348 ἀδύνατα
857 4294 1195 4365 βουλόμενοι·
1226 4296 1300 4360 ὡς
1341 4298 1613 4369 ἑκατέρως
1643 4298 1750 4369 (99)
1777 4299 1875 4351 αὑ-

301 4387 430 4450 τοὺς
462 4384 892 4454 καταγελάστους
924 4381 1081 4438 εἶναι.
1111 4387 1219 4440 Kal
1253 4387 1435 4441 ἐνθάδε
1469 4387 1645 4442 τοίνυν
1669 4389 1750 4441 ὃτι
1777 4389 1874 4458 μὲν

304 4479 406 4532 οὐκ
430 4477 686 4532 ἀδύνατον
715 4476 884 4547 ἥξειν,
915 4478 989 4540 ὡς
1012 4478 1068 4530 ἐν
1104 4481 1167 4548 τῇ
1195 4477 1440 4550 θειοτέρα
1470 4481 1646 4548 φύσει,
1685 4481 1751 4532 ἵν’
1787 4482 1875 4534 ὅτε

309 4567 560 4637 βούληται
585 4568 796 4639 ἀφανὴς
819 4568 1060 4639 γένηται,
1091 4568 1184 4621 καὶ
1209 4569 1428 4623 αὐτόθεν
1457 4570 1551 4636 μὲν
1576 4571 1750 4641 δῆλον,
1783 4590 1878 4627 σα-

309 4658 407 4726 φὲς
448 4658 504 4712 δὲ
548 4660 642 4712 καὶ
691 4661 754 4712 ἐκ
796 4659 904 4712 τῶν
935 4660 1333 4732 γεγραμμένων
1377 4662 1504 4732 περὶ
1545 4663 1729 4727 αὐτοῦ,
1764 4667 1876 4727 τοῖς

315 4749 385 4818 μή
431 4767 550 4802 τινα
607 4750 704 4818 μὲν
746 4749 854 4802 τῶν
904 4750 1299 4821 γεγραμμένων
1350 4751 1742 4821 προσιεμένοις,
1790 4753 1878 4806 ἴνα

313 4841 723 4910 κατηγορήσωσι
746 4840 837 4893 τοῦ
871 4839 1050 4909 λόγου,
1071 4841 1192 4894 τινὰ
1223 4841 1279 4892 δέ
1303 4840 1592 4911 πλάσματα
1616 4843 1878 4913 οἰομένοις

311 4924 616 4994 τυγχάνειν.
660 4927 971 4998 Γέγραπται
1010 4928 1066 4981 δὲ
1106 4930 1162 4980 ἐν
1207 4929 1284 4998 τῷ
1331 4928 1472 4982 κατὰ
1511 4931 1744 4995 Λουκᾶν,
1794 4933 1876 4985 ὅτι

317 5015 455 5087 μετὰ
487 5015 584 5087 τὴν
623 5018 912 5071 ἀνάστασιν
950 5019 1128 5073 λαϐὼν
1160 5020 1252 5073 τὸν
1292 5021 1451 5093 ἄρτον
1483 5023 1512 5073 6
1555 5021 1757 5091 Ἰησοῦς
1793 5025 1883 5076 εὐ-

313 5105 532 5177 λόγησε,
586 5107 678 5158 καὶ
729 5107 931 5170 κλάσας
983 5107 1222 5161 ἐπεδίδου
1268 5108 1344 5178 τῷ
1390 5109 1594 5179 Σίμωνι
1651 5110 1746 5162 καὶ
1799 5110 1878 5178 τῷ

314 5197 534 5268 Κλεόπᾳ
551 5213 565 5226 ο
600 5195 867 5250 λαϐόντων
891 5197 936 5250 δ’
963 5198 1140 5251 αὐτῶν
1165 5198 1255 5251 τὸν
1293 5198 1473 5269 ἄρτον,
1503 5199 1879 5271 διηνοίχθησαν

389 5325 434 5358 ³⁸
467 5325 603 5381 Gen.
631 5342 745 5392 xix,
771 5327 858 5382 11.

389 5463 502 5536 (98)
533 5462 678 5536 Libri
731 5462 996 5536 impressi
1027 5463 1092 5536 ad
1146 5463 1464 5536 marginem,
1489 5461 1723 5536 dwelt-zu.
1758 5463 1870 5536 lbi-

319 5532 470 5606 deni
488 5544 604 5606 post
631 5533 846 5606 ἀφανὴς
875 5532 1146 5606 γενέσθαι,
1173 5533 1592 5586 subaudiendum
1619 5532 1865 5603 ὠφειλεν.

391 5603 500 5674 (99)
535 5603 879 5672 Ἑκατέρώς.
912 5604 1003 5660 Sic
1031 5617 1220 5659 omnes
1246 5617 1375 5657 mss.
1402 5613 1454 5656 et
1485 5613 1568 5657 est
1605 5619 1732 5659 vera
1769 5607 1870 5659 hu-

1949 405 2108 473 hujns
2138 398 2348 472 generis
2373 407 2509 464 opus
2540 386 2908 460 permittebat,
2944 384 3009 436 ad
3043 382 3144 435 ista
3171 380 3327 473 :iSi
3351 395 3505 434 snam

1949 469 2185 549 divinam
2219 487 2514 558 potentiam
2569 493 2696 534 vere
2744 478 3084 530 innotescere
3131 469 3341 533 voluit,
3393 471 3508 523 suis

1951 586 2140 653 utique
2165 577 2490 635 adversariis
2511 614 2524 636 ,
2572 585 2670 625 suo
2696 567 2889 636 judici,
2921 563 3140 618 omnino
3169 561 3421 614 omnibus
3450 575 3510 614 se

1951 676 2263 730 ostenderet
2291 667 2547 739 oportuit.
2586 681 2605 714 ι
2641 659 2748 714 Nec
2777 658 2918 713 enim
2952 656 3023 709 illi
3053 654 3140 722 qui
3171 653 3344 722 ipsum
3376 667 3512 705 con-

1951 768 2302 821 demnaverat
2333 798 2349 822 ,
2400 771 2499 811 nec
2522 753 2634 808 suis
2677 747 3005 805 adversariis
3047 745 3284 813 oportuit
3336 753 3396 795 nt
3447 757 3507 796 se

1953 855 2448 911 commonstraret;
2495 843 2572 897 illi
2611 841 2756 894 enim
2798 847 2853 893 et
2903 836 3022 890 istis
3050 832 3290 902 pepercit
3315 829 3510 896 Iesus,

1952 954 2011 998 ut
2054 957 2123 997 ne
2151 945 2562 1010 percuterentur
2604 930 2884 992 caecitate,
2927 940 3030 994 qua
3072 922 3363 978 Sodomita:
3393 937 3515 990 per-

1953 1035 2095 1092 cussi
2136 1033 2378 1092 fuerunt,
2413 1040 2537 1080 eum
2591 1021 2904 1089 angelorum
2941 1016 3082 1084 apud
3111 1013 3209 1068 Lot
3243 1013 3515 1081 hospitan-

1957 1127 2086 1180 tinm
2112 1116 2499 1192 pulchritudini
2523 1117 2838 1168 struxerunt
2861 1108 3109 1162 insidias.
3135 1106 3286 1172 Quod
3315 1105 3517 1159 factum

1954 1217 2042 1272 his
2069 1213 2249 1268 verbis
2277 1209 2617 1264 declaratur:
2657 1201 3047 1255 «Extendentes
3071 1207 3248 1251 autem
3275 1196 3373 1248 viri
3402 1209 3518 1248 ma-

1962 1320 2064 1360 nus
2089 1343 2104 1368 ,
2139 1305 2423 1356 traxerunt
2469 1295 2572 1349 Lot
2617 1291 2683 1345 ad
2731 1305 2790 1344 se
2823 1288 2873 1341 in
2925 1287 3140 1340 domum
3166 1324 3182 1348 ,
3214 1292 3264 1338 et
3296 1284 3516 1352 januam

1959 1395 2149 1449 domus
2197 1390 2559 1445 occluserunt.
2614 1379 2771 1434 Viros
2818 1387 2994 1430 autem
3048 1374 3138 1445 qui
3180 1374 3245 1427 ad
3294 1372 3517 1445 januam

1958 1486 2153 1540 domus
2181 1489 2356 1543 erant,
2383 1480 2769 1546 percusserunt
2793 1469 3035 1524 caecitate
3061 1481 3088 1519 a
3115 1479 3278 1534 parvo
3307 1464 3372 1518 ad
3407 1479 3521 1517 ma-

1961 1591 2123 1648 gnum
2151 1614 2167 1639 ,
2220 1581 2272 1627 et
2314 1570 2507 1626 defecti
2557 1567 2761 1621 viribus
2793 1561 3109 1632 quaerebant
3139 1557 3362 1627 januam
3399 1556 3464 1608 ι’.
3495 1573 3518 1608 ι

1895 1652 1937 1706 Β
1965 1647 2131 1722 Suam
2167 1665 2331 1734 igitur
2359 1661 2596 1718 divinam
2627 1663 2950 1728 potestatem
2981 1652 3318 1704 innotescere
3352 1647 3523 1700 voluit

1964 1756 2256 1825 unicuique
2277 1767 2488 1816 eorum,
2511 1764 2740 1820 quorum
2764 1748 2907 1800 vires
2933 1759 3050 1799 eam
3080 1742 3222 1796 ferre
3251 1746 3524 1808 poterant,

1962 1857 2018 1901 et
2057 1855 2318 1914 quantum
2351 1856 2446 1910 per
2477 1840 2598 1893 illas
2634 1839 2776 1893 vires
2812 1835 3025 1891 licebat.
3060 1831 3167 1886 Nec
3199 1830 3303 1898 alia
3337 1843 3526 1891 causa,

1966 1935 2097 2005 quin
2147 1948 2205 1987 se
2241 1939 2564 1986 monstraret
2588 1968 2603 1989 ,
2637 1927 2917 1989 abstinuit,
2954 1939 3117 1994 quam
3153 1923 3295 1992 quod
3333 1921 3526 1973 virium

1965 2025 2068 2082 sibi
2117 2022 2347 2077 videndo
2380 2019 2666 2089 imparinm
2701 2019 2966 2070 rationem
3017 2013 3264 2066 haberet.
3296 2010 3525 2064 Frustra

1964 2129 2092 2183 ergo
2120 2112 2199 2166 sic
2226 2110 2412 2165 Celsus
2444 2107 2678 2174 excipit:
2715 2123 2734 2157 ι
2763 2105 2871 2160 Nec
2903 2105 3049 2158 enim
3081 2100 3310 2170 amplius
3337 2114 3528 2168 quem-

1965 2201 2110 2271 piam
2144 2200 2420 2254 hominum
2457 2196 2876 2257 reformidabat,
2915 2208 3035 2248 cum
3071 2201 3125 2246 et
3159 2203 3387 2245 mortem
3415 2189 3529 2258 jam

1967 2293 2223 2356 obiisset,
2253 2300 2326 2355 et,
2353 2299 2411 2342 ut
2443 2288 2625 2342 dicitis
2646 2328 2662 2354 ,
2691 2287 2829 2341 Deus
2857 2293 2999 2340 esset
3023 2300 3038 2337 :
3073 2296 3170 2336 nec
3199 2296 3264 2335 eo
3296 2280 3526 2335 consilio

1966 2385 2200 2454 primum
2253 2382 2450 2436 missus
2497 2381 2692 2446 fuerat,
2727 2388 2785 2431 ut
2828 2377 2994 2448 438
3039 2374 3251 2428 lateret.
3285 2391 3304 2425 ι
3340 2372 3532 2426 Missus

1970 2481 2050 2526 est
2084 2472 2252 2536 enim,
2283 2485 2390 2524 non
2426 2480 2636 2524 tantum
2671 2477 2726 2521 ut
2761 2477 3211 2536 cognosceretur,
3244 2465 3336 2519 sed
3367 2464 3530 2516 etiam

1969 2569 2030 2615 ut
2057 2560 2268 2615 lateret.
2296 2558 2430 2613 Nam
2465 2573 2563 2613 nec
2601 2557 2669 2611 iis
2698 2557 2912 2625 quidem
2941 2555 3031 2624 qui
3069 2553 3218 2607 illum
3244 2565 3532 2622 cognosce-

1972 2652 2100 2704 bant
2127 2688 2144 2714 ,
2180 2657 2368 2703 notum
2409 2657 2526 2703 erat
2561 2656 2727 2702 totum
2761 2647 2903 2716 quod
2935 2654 3053 2699 erat
3083 2662 3098 2710 ;
3137 2646 3228 2698 scd
3255 2643 3384 2712 quid
3417 2642 3534 2712 ejus

1973 2739 2096 2794 illos
2133 2739 2400 2810 fugiebat:
2445 2738 2768 2807 quihusdam
2818 2746 2996 2791 autem
3033 2750 3255 2804 prorsus
3294 2733 3535 2804 incogni-

1974 2840 2065 2887 tus
2099 2830 2219 2886 fuit.
2253 2831 2365 2886 Illis
2394 2844 2524 2885 vero
2559 2838 2743 2898 portas
2772 2828 2909 2883 lucis
2934 2827 3177 2897 aperuit,
3208 2826 3297 2896 qui
3328 2825 3425 2879 ﬁlii
3455 2835 3537 2879 te-

1976 2926 2271 2980 nebrarum
2302 2933 2355 2977 et
2387 2923 2566 2978 noctis
2598 2922 2710 2976 nati
2750 2921 3018 2976 dederunt
3047 2934 3265 2988 operam
3292 2958 3308 2984 ,
3345 2928 3403 2972 ut
3433 2917 3538 2972 diei

1973 3026 2028 3072 et
2053 3017 2193 3071 lucis
2219 3015 2312 3069 lilii
2347 3013 2558 3067 fierent.
2593 3013 2658 3067 Et
2688 3012 2934 3067 Salvator
2965 3011 3250 3076 Dominus,
3276 3018 3333 3064 ut
3363 3010 3538 3063 bonus

1971 3106 2218 3163 medicus
2253 3106 2432 3174 potius
2456 3105 2606 3159 venit
2633 3104 2699 3158 ad
2733 3118 2832 3159 nos
2863 3101 3107 3172 peccatis
3130 3101 3337 3172 plenos,
3369 3116 3532 3171 quam

1972 3199 2037 3253 ad
2059 3197 2240 3265 justos
2266 3197 2331 3253 ".

2045 3290 2134 3345 68.
2171 3288 2289 3344 Jam
2318 3288 2598 3343 videamus
2629 3302 2871 3357 quaenam
2904 3287 3033 3350 sint,
3067 3301 3186 3357 quae
3217 3295 3409 3356 postea
3443 3285 3540 3341 Ju-

1973 3381 2118 3437 dazus
2164 3381 2306 3451 apud
2336 3380 2552 3435 Celsum
2603 3379 2789 3434 dicat:
2843 3399 2862 3432 ι
2896 3377 3048 3444 Quod
3092 3380 3136 3432 si
3192 3379 3292 3433 hoc
3321 3380 3492 3448 ipsum
3522 3419 3538 3444 ,

1973 3473 2189 3541 inquit,
2228 3471 2553 3527 conduceret
2601 3471 2718 3541 ejus
2767 3469 3037 3524 divinitati
3085 3470 3538 3538 comprobandae,

1974 3563 2156 3618 subito
2188 3577 2219 3618 e
2269 3578 2434 3617 cruce
2481 3575 2806 3616 evanescere
2837 3561 3040 3615 debuit.
3075 3579 3092 3612 ι
3127 3561 3182 3614 ld
3225 3570 3375 3615 certe
3406 3562 3539 3614 mihi

1972 3656 2147 3710 simile
2196 3655 2415 3708 videtur
2461 3653 2696 3708 sermoni
2752 3667 2982 3718 eorum,
3036 3653 3127 3720 qui
3182 3652 3540 3721 providentia:

1973 3747 2177 3811 hostes,
2204 3756 2259 3802 et
2285 3746 2466 3810 rebus,
2493 3754 2551 3798 ut
2579 3743 2812 3798 conditae
2840 3751 2987 3808 sunt,
3021 3744 3244 3799 minime
3271 3745 3536 3805 contenti,

1974 3836 2107 3890 alias
2131 3836 2466 3896 describunt,
2496 3833 2828 3900 dicuntque:
2867 3843 3068 3902 quanto
3097 3835 3285 3888 melior
3310 3833 3542 3888 mundus

1973 3935 2141 3990 esset,
2173 3927 2215 3981 si
2249 3926 2319 3980 ita
2347 3925 2589 3988 haberet,
2618 3934 2672 3977 ut
2703 3925 3116 3995 descripsimus!
3147 3923 3297 3979 Unde
3317 3925 3542 3988 accidit,

1975 4027 2064 4081 ut,
2095 4017 2139 4070 si
2189 4017 2502 4071 describant
2551 4031 2668 4088 qua:
2725 4016 2840 4070 ﬁeri
2893 4024 3142 4088 possunt,
3179 4017 3537 4083 deteriorem,

1976 4118 2234 4170 quantum
2275 4108 2328 4163 in
2371 4124 2430 4163 se
2464 4107 2607 4174 fuit,
2635 4123 2729 4163 sua
2759 4109 3124 4179 descriptione
3159 4108 3352 4163 fecisse
3384 4125 3540 4162 mun-

1975 4199 2100 4252 dntn
2131 4207 2464 4273 arguantur;
2490 4197 2571 4251 sin
2605 4205 2786 4250 autem
2817 4196 3028 4266 pejora,
3053 4210 3213 4265 quam
3244 4209 3360 4262 qua:
3391 4202 3540 4259 sunt,

1908 4305 1952 4359 ι)
1984 4305 2088 4342 non
2141 4291 2447 4345 delineasse
2498 4288 2828 4354 videantur,
2867 4287 3160 4342 ostendunt
3211 4301 3270 4340 se
3310 4285 3544 4339 voluisse

1981 4395 2099 4448 qua:
2126 4390 2335 4435 natura:
2362 4391 2657 4450 repugnent
2689 4399 2702 4436 :
2740 4380 2813 4432 ita
2853 4388 2910 4432 ιιι
2940 4379 3192 4447 utrinque
3227 4376 3543 4446 perridiculi

1983 4472 2110 4524 sint.
2162 4469 2263 4524 Hic
2315 4469 2496 4538 itaque
2532 4469 2779 4523 accidere
2825 4468 3066 4538 potuisse
3091 4511 3105 4534 ,
3140 4475 3196 4522 ut
3222 4465 3379 4522 Jesus
3409 4507 3424 4531 ,
3451 4467 3543 4535 qui

1983 4572 2175 4616 natura
2215 4561 2354 4614 Dens
2381 4568 2500 4614 erat
2529 4599 2543 4622 ,
2575 4560 2788 4628 quando
2819 4559 3014 4624 vellet,
3043 4567 3417 4622 evanesceret,
3456 4574 3544 4613 res

1983 4669 2081 4725 per
2114 4669 2173 4708 se
2202 4652 2419 4721 quidem
2449 4663 2626 4721 patet:
2662 4653 2753 4708 sed
2785 4667 2850 4706 ex
2882 4652 2947 4705 iis
2975 4666 3097 4720 qua:
3123 4651 3189 4704 de
3217 4651 3308 4704 illo
3336 4651 3542 4719 scripta

1978 4755 2105 4799 sunt
2130 4757 2316 4815 aperte
2345 4746 2616 4816 colligitur
2637 4789 2652 4811 ,
2685 4746 2879 4802 saltem
2909 4746 2974 4799 ab
3005 4744 3093 4806 iis,
3127 4744 3216 4814 qui
3251 4758 3356 4797 non
3389 4759 3543 4813 quae-

1973 4836 2101 4899 dam
2125 4853 2154 4891 e
2179 4837 2476 4906 Scripturis
2507 4839 2774 4906 recipiunt
2795 4845 2854 4891 ut
2879 4837 3180 4892 doctrinam
3205 4837 3546 4891 calumnien—

1984 4939 2070 4981 tur
2096 4969 2111 4992 ,
2139 4942 2337 4982 caetera
2373 4945 2504 4983 vero
2529 4930 2778 5000 ﬁgmenta
2806 4944 2926 4985 esse
2952 4928 3286 4984 existimant.
3319 4928 3452 4982 Nam
3487 4930 3544 4980 tu

1983 5018 2274 5088 Evangelio
2300 5021 2596 5075 secundum
2641 5019 2841 5075 Lucam
2878 5021 3137 5089 scriptum
3189 5029 3272 5074 est
3296 5018 3362 5084 ’7,
3396 5017 3543 5072 illum

1983 5119 2106 5179 post
2137 5125 2286 5164 suam
2321 5112 2772 5167 resurrectionem
2801 5113 3077 5180 accepisse
3107 5124 3298 5178 panem
3323 5147 3339 5171 ,
3372 5109 3539 5162 bene-

1985 5201 2221 5268 dixisse,
2249 5211 2303 5259 et
2337 5205 2570 5260 fractum
2606 5205 2914 5276 porrexisse
2949 5204 3155 5259 Simoni
3187 5210 3242 5256 et
3283 5199 3495 5267 Cleopae
3523 5214 3543 5263 ;

936 5327 978 5359 ¹⁶
1007 5327 1134 5384 Luc.
1158 5345 1273 5394 xu,
1306 5328 1394 5386 10.
1473 5331 1514 5361 ³⁷
1546 5329 1678 5383 Luc.
1705 5346 1852 5396 xxiv,
1883 5329 1971 5385 30.

1968 5467 2056 5536 jus
2097 5467 2198 5522 loci
2238 5469 2422 5526 lectio.
2456 5468 2608 5523 Libh.
2654 5467 2931 5533 impressi.
2980 5461 3286 5534 ἑκατέρους.
3336 5456 3541 5516 Ibidem

1974 5553 2127 5606 mss.,
2155 5537 2338 5594 ἐνθάδε
2361 5539 2542 5594 τοίνυν
2570 5539 2650 5590 ὅτι
2683 5538 2780 5606 μὲν
2809 5537 2927 5588 οὐκ.
