3998 6170
463 143 569 196 905

1901 136 2224 192 ORIGENIS

3617 149 3729 201 qut

465 258 702 321 illorum,
738 266 959 326 accepto
987 269 1149 326 pane,
1183 261 1395 323 apertos
1435 253 1626 309 oculos
1663 254 1848 320 fuisse,
1873 263 1926 310 et
1958 255 2021 308 il-

2124 252 2304 307 αὐτῶν
2337 254 2383 307 οἱ
2414 252 2699 324 ὀφθαλμοὶ,
2732 256 2825 308 καὶ
2862 255 3176 326 ἐπέγνωσαν
3214 254 3396 320 αὑτὸν,
3428 256 3525 309 καὶ
3555 260 3728 320 αὐτὸς

467 346 574 400 Ιιιηι
611 357 892 416 postquam
923 347 992 400 ab
1021 345 1124 399 illis
1149 345 1396 410 cognitus
1419 352 1519 408 est,
1546 345 1850 398 evanuisse.

535 439 624 494 69.
651 438 889 492 Probare
927 444 1108 490 autem
1146 435 1397 487 volumus
1429 449 1532 486 non
1568 434 1749 487 utilius
1787 436 2024 487 futurum

466 528 637 584 fuisse
678 530 742 581 aut
778 528 1086 580 universam
1131 525 1586 592 dispensationem
1616 565 1631 588 ,
1679 525 1721 578 si
1773 526 1954 578 subito
1996 540 2027 578 e

467 634 629 673 cruce
682 633 877 687 corpus
902 619 1018 686 ejus
1060 618 1391 670 evanuisset.
1421 616 1547 682 Qum
1573 615 1698 670 Jesu
1734 619 2026 686 contigisse

465 711 790 774 scribuntur,
823 725 885 763 ex
921 711 1079 763 nudis
1111 710 1309 764 litteris
1337 711 1560 779 solaque
1590 710 1813 763 historia
1841 711 2022 763 consi-

462 799 697 853 deranda
735 814 838 851 non
870 789 1204 866 sunt,'quasi
1241 807 1350 852 tota
1390 799 1440 851 in
1479 801 1544 853 iis
1581 799 1785 852 veritas
1841 799 2024 853 consi-

460 898 649 941 steret.
671 887 810 942 Nihil
835 888 978 941 enim
1003 902 1187 941 eorum
1210 898 1310 949 est,
1333 889 1476 957 quod
1501 889 1727 942 alterius
1746 889 2022 952 cujusdam

460 978 536 1032 rei
567 978 774 1047 signum
802 993 920 1032 esse
953 993 1058 1030 non
1097 980 1529 1034 animadvertant
1563 981 1620 1044 ii,
1656 981 1742 1048 qui
1773 981 2023 1050 Scriptu-

459 1085 548 1123 ras
577 1071 895 1139 prudentius
941 1072 1145 1138 legunt.
1190 1070 1378 1140 Itaque
1413 1073 1553 1141 quod
1595 1072 1683 1126 ille
1730 1073 2023 1128 crucifixus

457 1171 542 1215 est
573 1202 587 1226 ,
623 1163 673 1215 id
712 1164 996 1216 veritatem
1028 1162 1188 1216 habet
1217 1164 1270 1216 in
1307 1165 1390 1218 his
1420 1183 1433 1219 :
1476 1183 1494 1214 ι
1530 1164 1748 1219 Christo
1781 1165 2025 1219 conﬁxus

458 1269 574 1307 sum
603 1255 783 1318 cruci;
827 1273 845 1304 ι
869 1261 921 1307 et
954 1253 1004 1304 in
1029 1253 1146 1307 istis
1167 1272 1180 1307 :
1203 1253 1568 1317 tlllihi‘autem
1597 1255 1736 1309 absit
1770 1255 2020 1325 gloriari,

459 1346 566 1400 nisi
611 1346 666 1399 in
700 1360 862 1398 cruce
907 1344 1115 1398 Domini
1148 1346 1250 1399 mei
1293 1345 1420 1400 Jesu
1465 1347 1663 1401 Christi
1692 1389 1707 1414 ,
1740 1362 1837 1416 per
1865 1363 2020 1417 quem

457 1438 592 1491 mihi
625 1437 859 1490 mundus
888 1436 1180 1490 cruciﬁxus
1221 1447 1304 1491 est
1349 1447 1404 1492 et
1447 1453 1546 1507 ego
1576 1440 1872 1506 mundo”;
1912 1460 1929 1491 ι
1970 1451 2024 1494 et

457 1543 606 1583 mors
650 1527 765 1595 ejus
811 1529 1118 1581 necessaria
1174 1529 1274 1582 fuit
1322 1538 1544 1598 propter
1592 1531 1766 1585 illud:
1816 1550 1835 1581 ι
1870 1532 2020 1597 Quod

459 1620 603 1671 enim
629 1627 872 1682 mortuus
900 1629 981 1672 est
1014 1630 1256 1688 peccato,
1293 1631 1540 1676 mortuus
1567 1631 1650 1675 est
1685 1623 1846 1676 semel
1876 1624 1915 1654 ’9
1947 1641 1960 1687 ;
1998 1643 2016 1674 ι

461 1710 586 1761 item
605 1717 661 1760 ut
678 1708 815 1760 idem
835 1708 1059 1771 diceret,
1084 1725 1170 1762 «se
1194 1709 1586 1777 conﬁguratum
1613 1712 1770 1763 morti
1790 1709 2016 1777 ο]υε¹⁰,›

458 1812 512 1854 et
570 1801 744 1853 istud:
786 1819 804 1850 ι
843 1799 974 1852 Nam
1008 1801 1050 1852 si
1087 1802 1412 1853 commortui
1445 1815 1653 1863 sumus,
1685 1810 1738 1854 et
1771 1801 2024 1854 convive-

458 1906 578 1942 mus
601 1893 665 1942 ἰ.
700 1910 716 1942 ι
751 1891 841 1944 Sic
870 1901 923 1944 et
954 1892 1070 1958 ejus
1101 1890 1377 1958 sepultura
1409 1891 1807 1944 accommodari
1842 1900 2023 1958 potest

457 1982 621 2052 439
642 1983 705 2034 ad
723 1997 835 2045 eos,
860 1982 947 2049 qui
974 1982 1133 2034 morti
1165 1981 1279 2048 ejus
1310 1982 1613 2036 conl'orm-'s
1645 1982 1847 2034 conﬁxi
1896 1991 2022 2036 sunt

460 2090 579 2124 t'ttttl
605 2074 692 2125 illo
718 2073 896 2136 cruci,
923 2085 977 2125 et
1006 2088 1126 2126 cum
1153 2073 1247 2126 illo
1279 2075 1474 2127 mortui
1503 2082 1647 2128 sunt.
1673 2072 1729 2126 Id
1762 2089 1859 2127 nos
1885 2073 2024 2126 Pau-

459 2162 544 2216 lus
574 2162 729 2216 docet
761 2162 841 2216 his
867 2164 1047 2217 verbis
1074 2178 1087 2214 :
1119 2183 1138 2214 ‹
1167 2163 1473 2231 Consepulti
1503 2163 1645 2218 enim
1680 2179 1868 2217 SIIII'IIIS
1899 2180 2019 2217 cum

459 2253 552 2306 illo
584 2269 680 2322 per
715 2252 1062 2321 baptismum,
1098 2261 1150 2308 et
1189 2269 1309 2308 cum
1354 2255 1445 2308 illo
1476 2255 1869 2308 resurreximus
1892 2256 1958 2308 η.
1998 2273 2016 2303 ›

459 2344 565 2398 Sed
598 2360 682 2411 ea,
719 2360 838 2415 qua:
873 2348 936 2400 de
961 2346 1261 2416 sepultura,
1295 2348 1358 2400 de
1383 2347 1634 2413 sepulcro
1665 2355 1720 2401 et
1745 2347 1809 2400 de
1842 2362 1905 2400 eo
1931 2346 2020 2415 qui

457 2437 721 2508 sepelivit,
755 2439 954 2506 scripta
985 2448 1132 2503 sunt,
1190 2438 1359 2492 fusius
1390 2439 1516 2491 alibi
1559 2438 2021 2506 opportuniusque

456 2531 775 2590 edisseram,
821 2530 909 2582 ubi
959 2530 1025 2581 de
1065 2530 1169 2583 illis
1207 2531 1329 2582 data
1375 2545 1538 2599 Opera
1584 2529 1848 2597 agendum
1891 2530 2016 2582 erit.

458 2619 610 2697 Nune
633 2623 765 2674 satis
793 2621 955 2674 fuerit
977 2623 1326 2676 considerare
1351 2623 1475 2691 quid
1503 2623 1603 2677 sibi
1635 2623 1804 2675 velint
1828 2622 2018 2676 sindon

459 2715 673 2774 munda,
710 2730 812 2783 qua
851 2731 1044 2784 purum
1077 2715 1201 2770 Jesu
1239 2731 1436 2784 corpus
1467 2715 1665 2768 involvi
1715 2715 2018 2782 oportebat,

458 2814 512 2856 ct
537 2816 950 2857 monumentum
989 2821 1182 2857 novum
1203 2806 1253 2858 in
1289 2818 1438 2874 petra
1467 2807 1710 2859 excisum
1738 2820 1766 2856 a
1797 2803 2018 2871 Joseph,

2129 342 2361 410 ἄφαντος
2387 344 2608 410 ἐγένετο
2644 344 2737 397 ἀπ’
2780 345 2980 399 αὐτῶν.

2198 432 2433 502 Θέλομεν
2464 433 2521 485 δὲ
2561 434 2929 502 παραστῆσαι,
2959 435 3076 496 πῶς
3101 434 3162 486 οὐ
3196 434 3620 505 χρησιμώτερον
3649 432 3718 506 ῆν

2127 519 2263 590 πρὸς
2287 521 2383 592 τὴν
2415 522 2726 591 οἰκονομίαν
2754 524 2880 594 ὃλην
2907 525 2966 576 τὸ
2989 523 3156 587 ,εὐθὺς
3182 525 3287 576 ἀπὸ
3323 524 3416 577 τοῦ
3443 525 3717 588 σκόλοπος

2126 615 2287 668 αὐτὸν
2324 615 2504 685 ἀφανῆ
2545 616 2794 683 γενέσθαι
2831 617 3173 688 σωματικῶς.
3206 617 3285 671 Τὰ
3306 619 3714 689 συμϐεϐηκέναι

2127 707 2588 777 ἀναγεγραμμένα
2624 706 2700 778 τῷ
2754 708 2927 778 Ἰησοῦ
2959 709 3058 761 οὐκ
3094 712 3152 762 ὲν
3179 709 3305 780 ψιλῇ
3335 713 3399 780 τῇ
3435 709 3581 773 λέξει
3621 713 3713 764 καὶ

2124 802 2190 870 τῇ
2244 799 2451 870 ἱστορία
2487 800 2586 870 τὴν
2632 801 2811 852 πᾶσαν
2852 799 2962 869 ἔχει
3008 800 3240 870 Θεωρίαν
3277 801 3378 870 τῆς
3426 801 3704 870 ἀληθείας.

2128 891 2398 943 Ἕκαστον
2439 891 2546 961 γάρ
2592 891 2768 943 αὐτῶν
2816 893 2909 944 καὶ
2952 892 3220 962 σύμϐολόν
3261 910 3407 956 τινος
3439 888 3580 946 εἶναι
3634 893 3707 964 (I)

2126 981 2276 1050 παρά
2303 985 2414 1045 τοῖς
2443 981 2804 1053 συνετώτερον
2834 983 3217 1051 ἐντυγχάνουσι
3247 985 3313 1053 τῇ
3343 983 3538 1054 Γραφῇ
3570 983 3707 1035 ἀπο-

2124 1074 2416 1128 δείκνυται.
2446 1075 2654 1144 Ὥσπερ
2681 1070 2773 1126 οὖν
2793 1075 2853 1126 τὸ
2883 1074 3256 1144 σταυρωθῆναι
3276 1075 3437 1126 αὑτὸν
3470 1075 3583 1144 ἔχει
3611 1076 3704 1145 τὴν

2125 1165 2457 1237 δηλουμένην
2495 1166 2749 1238 ἀλήθειαν
2786 1168 2842 1218 ὲν
2874 1166 2970 1236 τῷ,
3021 1187 3038 1216 ι
3079 1165 3298 1237 Χριστῷ
3328 1166 3701 1236 συνεσταύρω-

2129 1275 2258 1328 μαι·
2301 1278 2317 1308 ι
2358 1259 2451 1310 καὶ
2482 1257 2572 1310 τοῦ
2610 1257 3004 1328 σημαινομένου
3040 1257 3112 1325 (‘2)
3146 1257 3208 1309 ἐκ
3237 1256 3351 1320 τοῦ,
3386 1276 3403 1306 ι
3456 1257 3610 1326 Ἐμοὶ
3649 1257 3701 1310 δὲ

2130 1349 2202 1419 μὴ
2243 1349 2448 1417 γένοιτο
2480 1347 2784 1418 καυχᾶσθαι
2814 1349 2860 1399 εἰ
2894 1347 2966 1418 μὴ
2994 1349 3050 1399 ἐν
3091 1347 3168 1416 τῷ
3215 1345 3429 1416 σταυρῷ
3456 1346 3551 1398 τοῦ
3589 1348 3699 1398 Κυ-

2131 1442 2244 1513 ρίου
2298 1457 2396 1511 μου
2440 1440 2613 1508 Ἰησοῦ
2648 1438 2903 1509 Χριστοῦ,
2935 1438 3000 1491 δι’
3028 1431 3088 1491 οὗ
3119 1439 3243 1508 ἐμοὶ
3275 1439 3479 1509 κόσμος
3507 1437 3696 1490 ἐσταύ-

2130 1548 2315 1601 ρωται,
2342 1529 2495 1597 κάγὼ
2518 1529 2594 1598 τῷ
2616 1529 2802 1599 κόσμῳ
2820 1545 2832 1557 ⁸
2873 1548 2889 1578 ι
2923 1530 3016 1582 καὶ
3044 1531 3070 1580 ό
3105 1529 3329 1592 θάνατος
3354 1527 3519 1581 αὐτοῦ
3543 1530 3699 1595 ἀναγ·

2127 1623 2275 1682 καῖος
2300 1660 2313 1680 ,
2354 1621 2441 1672 διὰ
2465 1621 2545 1683 τὸ,
2570 1640 2587 1669 ι
2628 1621 2691 1672 Ὃ
2719 1619 2825 1690 γὰρ
2851 1619 3105 1681 ἀπέθανε,
3132 1623 3196 1691 τῇ
3227 1620 3472 1690 ἁμαρτίᾳ
3499 1619 3696 1671 ἀπέθα-

2124 1727 2212 1762 νεν
2229 1709 2441 1777 ἐφάπαξ
2463 1726 2475 1738 ³
2503 1729 2520 1759 ι
2543 1710 2634 1761 καὶ
2651 1709 2812 1761 διὰτὸ
2827 1708 3005 1776 λέγειν
3027 1723 3041 1738 ⁸
3067 1728 3085 1758 ι
3111 1709 3182 1760 Συ
3191 1709 3607 1779 μμορφούμενος
3624 1708 3694 1777 (5)

2123 1802 2199 1870 τῷ
2232 1802 2442 1870 θανάτῳ
2484 1800 2683 1852 αὐτοῦ·
2735 1819 2752 1850 ι
2805 1800 2898 1851 καὶ
2935 1799 3014 1862 τὸ,
3065 1819 3083 1850 ι
3123 1801 3186 1852 Εἰ
3235 1799 3692 1870 συναπεθάνομεν,

2123 1893 2218 1944 καὶ
2264 1891 2598 1961 συζήσομεν·
2655 1910 2672 1940 ι
2727 1889 2870 1943 οὕτω
2898 1893 2990 1944 καὶ
3025 1892 3058 1960 ἡ
3108 1891 3250 1960 ταφὴ
3304 1891 3469 1944 αὑτοῦ
3511 1891 3696 1960 φθάνει

2125 1987 2216 2039 ἐπὶ
2247 1986 2373 2048 τοὺς
2407 1983 2761 2055 συμμόρφους
2810 1983 2902 2035 τοῦ
2951 1984 3177 2036 θανάτου
3208 1985 3394 2046 αὑτοῦ,
3441 1987 3536 2039 καὶ
3572 1990 3694 2051 τοὺς

2128 2073 2611 2144 συσταυρωθέντας
2638 2073 2785 2143 αὐτῷ
2808 2075 2898 2126 καὶ
2932 2075 3422 2138 συναποθανόντας,
3451 2077 3584 2130 καθὸ
3605 2079 3697 2131 καὶ

2123 2167 2199 2237 τῷ
2222 2166 2415 2236 Παύλῳ
2447 2164 2691 2217 λέλεκται
2717 2165 2798 2228 τὸ,
2833 2184 2850 2216 ι
2886 2165 3267 2236 Συνετάφημεν
3296 2165 3404 2237 γὰρ
3436 2168 3585 2238 αὐτῷ
3610 2169 3696 2221 διὰ

2122 2256 2217 2311 τοῦ
2260 2255 2656 2326 βαπτίσματος,
2689 2257 2782 2307 καὶ
2811 2255 3206 2326 συνανέοτημεν
3234 2256 3399 2327 αὐτῷ.
3441 2277 3459 2308 ι
3509 2259 3696 2328 Ἡμεῖς

2123 2348 2180 2400 δὲ
2231 2347 2328 2400 καὶ
2363 2346 2432 2399 τά
2475 2347 2600 2415 περὶ
2639 2347 2737 2417 τῆς
2775 2347 2974 2416 ταφῆς,
3014 2348 3106 2400 καὶ
3143 2346 3236 2401 τοῦ
3279 2348 3566 2418 μνημείου,
3603 2350 3695 2402 καὶ

2127 2439 2222 2494 τοῦ
2241 2439 2526 2508 θάψαντος,
2541 2439 2996 2509 ἀναγεγραμμένα
3022 2439 3396 2511 εὐκαιρότερον
3421 2440 3510 2492 διὰ
3526 2441 3696 2492 πλειό-

2123 2548 2228 2584 νων
2263 2532 2319 2582 ὲν
2353 2528 2531 2590 ἄλλοις
2552 2568 2566 2592 ,
2618 2529 2743 2581 ἔνθα
2788 2530 3211 2600 προηγουμένως
3245 2531 3361 2582 ἐστὶ
3409 2531 3535 2601 περὶ
3572 2530 3694 2584 τού-

2122 2639 2231 2675 των
2278 2621 2349 2690 (4)
2389 2620 2599 2688 λέγειν,
2649 2621 3040 2692 διηγησόμεθα.
3077 2621 3212 2674 Νυνὶ
3265 2622 3309 2674 δ’
3341 2623 3618 2695 αὐτάρκης
3660 2625 3692 2694 ἠ

2124 2713 2337 2785 καθαρὰ
2383 2711 2595 2776 σινδὼν,
2641 2709 2764 2786 ἐνῇ
2809 2713 2911 2766 ἔδει
2947 2715 3004 2768 τὸ
3035 2714 3270 2785 καθαρὸν
3325 2715 3693 2785 ἐντυλιχθῆναι

2127 2803 2287 2874 σῶμα
2316 2804 2408 2856 τοῦ
2453 2804 2647 2873 Ἰησοῦ,
2689 2806 2784 2857 καὶ
2824 2805 2884 2858 τὸ
2921 2805 3105 2858 καινὸν
3149 2809 3430 2876 μνημεῖον,
3461 2807 3490 2858 ὅ
3519 2807 3692 2859 ἐλατό-

460 2895 547 2947 nhi
577 2897 813 2948 nomium
845 2897 1132 2964 quisquam
1178 2897 1422 2965 jacuerat
1447 2896 1511 2961 ³³,
1541 2897 1623 2950 vel
1646 2936 1659 2955 ,
1707 2904 1764 2949 ut
1787 2895 2021 2949 Joannes

2127 2911 2266 2964 μησε
2312 2897 2377 2964 τῇ
2425 2893 2600 2964 πέτρα
2645 2894 2672 2945 ὁ
2717 2894 2944 2963 Ἰωσὴφ,
2984 2888 3043 2946 οὗ
3090 2895 3189 2946 οὐκ
3224 2889 3290 2964 ἦν
3335 2893 3488 2946 οὒπω
3524 2893 3692 2956 οὐδεὶς

459 2984 752 3052 Ιοίιιιίιιιτ,‹
773 2983 946 3053 inquo
974 2989 1210 3040 nondum
1230 2988 1518 3055 quisquam
1553 2989 1762 3057 positus
1783 2985 2016 3040 erat'h

465 3078 598 3130 Vide
626 3093 768 3131 nunc
793 3093 860 3130 an
893 3087 1191 3131 concentus
1228 3078 1304 3130 illi
1353 3079 1515 3130 trium
1545 3077 2021 3145 evangelistarum,

459 3167 656 3235 quibus
680 3185 822 3223 cura:
843 3169 1014 3223 fuitut
1043 3169 1283 3222 excisum
1311 3184 1403 3222 seu
1434 3169 1771 3238 exsculptum
1800 3169 1850 3222 in
1876 3179 2022 3237 petra

378 3281 387 3289 -
462 3271 870 3314 monumentum
898 3264 1292 3327 describerent,
1335 3261 1657 3328 compellere
1689 3274 2021 3329 quemquam

460 3352 655 3418 possit,
683 3360 739 3404 ut
769 3367 956 3404 eorum
995 3368 1114 3419 quze
1141 3353 1340 3422 scripta
1378 3360 1504 3405 sunt
1554 3359 1897 3417 perscrutans
1937 3365 2024 3402 ra-

462 3443 658 3506 tiones,
712 3442 917 3508 aliquid
972 3443 1023 3495 in
1064 3444 1128 3496 iis
1165 3442 1545 3496 absconditum
1598 3449 1652 3494 et
1705 3441 2021 3493 abstrusum

459 3532 716 3599 inquirat,
776 3532 920 3586 sicut
976 3542 1030 3586 et
1075 3533 1126 3584 in
1183 3536 1423 3586 novitate
1474 3531 1832 3594 monumenti,
1862 3545 2020 3598 quam

457 3622 739 3677 Mattineus
769 3633 822 3676 ct
851 3620 1090 3676 Joannes
1111 3631 1501 3683 mcmorarunt,
1530 3630 1581 3675 et
1610 3621 1660 3672 iu
1697 3636 1758 3674 ea
1786 3619 1940 3672 Lucae
1971 3627 2024 3672 et

456 3712 684 3766 Joannis
706 3715 1107 3780 observatione,
1133 3715 1341 3766 nullum
1382 3713 1452 3765 ibi
1495 3721 1766 3766 mortuum
1792 3713 2021 3778 positum

457 3806 701 3864 fuisse".
736 3804 1000 3858 Nimirum
1027 3806 1269 3872 oportuit
1293 3815 1349 3856 ut
1376 3805 1468 3872 qui
1505 3818 1610 3856 non
1647 3811 1766 3856 erat
1799 3802 2024 3871 reliquis

461 3896 690 3948 mortuis
738 3895 954 3958 similis,
1009 3895 1101 3947 sed
1138 3895 1302 3947 etiam
1341 3900 1584 3946 mortuus
1641 3895 1923 3962 sanguinis
1966 3902 2022 3948 et

458 3992 615 4050 aqua:
641 3981 899 4036 eiIusioue
926 3983 1079 4050 signa
1105 3982 1228 4032 vita:
1251 3981 1494 4043 dederat,
1521 3979 1719 4045 quique
1752 3994 1940 4040 novus,
1969 3988 2026 4031 ut

462 4076 534 4128 ita
569 4074 767 4136 dicam,
803 4080 922 4125 erat
952 4079 1215 4134 mortuus,
1252 4071 1296 4123 is
1324 4071 1374 4122 in
1415 4084 1551 4121 novo
1583 4077 1639 4121 et
1675 4082 1809 4136 puro
1841 4068 2022 4135 sepul-

459 4178 555 4216 cro
598 4161 965 4216 conderetur:
1011 4169 1069 4213 ut
1101 4157 1559 4227 quenmdmmhnn
1608 4157 1863 4211 nativitas
1906 4155 2024 4222 ejus

2125 2986 2395 3054 κείμενος,
2431 2985 2464 3054 ἣ
2495 2985 2568 3047 ὡς
2592 2985 2619 3035 ὁ
2662 2984 2912 3055 Ἰωάννης
2945 2985 3127 3055 φησὶν,
3154 3003 3172 3034 ι
3214 2987 3270 3037 ὲν
3365 2985 3575 3038 οὐδέπω
3606 2987 3690 3036 οὒ-

2123 3075 2233 3138 δεὶς
2261 3074 2439 3145 ἐτέθη.
2479 3095 2496 3125 ι
2528 3075 2636 3128 Καὶ
2659 3076 2968 3146 ἐπίστησον,
3003 3078 3050 3128 εί
3079 3075 3294 3129 δύναται
3334 3077 3552 3145 κινῆσαί
3576 3093 3687 3127 τινα

2123 3170 2154 3237 ὴ
2191 3167 2479 3236 συμφωνία
2512 3165 2619 3217 τῶν
2659 3165 2823 3236 τριῶν
2851 3165 3270 3234 εὐαγγελιστῶν,
3301 3166 3689 3239 φροντισόιντων

2125 3255 2436 3326 ἀναγράψαι
2479 3256 2539 3308 τὸ
2589 3255 2890 3326 λατομητὸν
2933 3255 2966 3326 ἢ
3019 3255 3274 3322 λαξευτὸν
3339 3262 3600 3327 μνημεῖον
3639 3259 3687 3307 ἐν

2125 3346 2320 3416 πέτρᾳ,
2343 3347 2408 3398 ἵν’
2443 3347 2472 3397 ὁ
2504 3347 2627 3408 τοὺς
2659 3345 2848 3412 λόγους
2867 3345 2971 3397 τῶν
3000 3347 3394 3416 γεγραμμένων
3431 3347 3688 3411 ἐξετάζων

2125 3438 2221 3492 καὶ
2257 3438 2383 3508 περὶ
2427 3438 2628 3489 τούτων
2679 3436 2938 3506 θεάσηταί
2979 3454 3030 3488 τι
3077 3437 3232 3505 λόγου
3267 3438 3409 3504 ἄξιον
3449 3439 3688 3509 καὶπερὶ

2123 3531 2220 3600 τῆς
2252 3528 2566 3598 καινότητος
2587 3527 2680 3580 τοῦ
2713 3528 2999 3597 μνημείου,
3042 3527 3231 3595 ἥντινα
3273 3529 3547 3591 Ματθαῖος
3603 3531 3688 3581 καὶ

2136 3619 2384 3688 Ἰωάννης
2414 3617 2682 3689 ἱστόρησε,
2714 3617 2806 3668 καὶ
2837 3619 2964 3688 περὶ
2983 3617 3076 3669 τοῦ
3114 3617 3316 3688 μηδένα
3358 3618 3474 3670 ἐκεῖ
3506 3619 3686 3686 νεκρὸν

2124 3709 2433 3779 γεγονέναι,
2473 3708 2612 3760 κατὰ
2640 3709 2730 3761 τὸν
2755 3710 2965 3761 Λουκᾶν
2994 3708 3084 3760 καὶ
3114 3709 3205 3760 τὸν
3245 3709 3513 3779 Ἰωάννην.
3552 3708 3685 3760 Ἔδει

2124 3800 2230 3871 γὰρ
2258 3801 2348 3853 τὸν
2387 3801 2458 3872 μὴ
2487 3803 2597 3862 τοῖς
2624 3799 2829 3862 λοιποῖς
2853 3802 3061 3870 νεκροῖς
3093 3800 3292 3869 ὅμοιον,
3319 3797 3455 3850 ἀλλά
3491 3797 3685 3861 ζωτικά

2127 3893 2323 3962 σημεῖα
2353 3893 2446 3944 καὶ
2475 3893 2530 3943 ἐν
2559 3893 2622 3961 τῇ
2658 3891 2937 3962 νεκρότητι
2963 3889 3205 3952 δείξαντα
3238 3890 3296 3942 τὸ
3336 3888 3480 3959 ὕδωρ
3520 3891 3612 3942 καὶ
3631 3888 3686 3941 τὸ

2124 3980 2282 4055 αἷμα,
2325 3983 2415 4037 καὶ
2445 3985 2626 4038 καινὸν
2659 3985 2750 4055 (ἵν’
2787 3984 2964 4046 οὕτως
2991 3982 3292 4054 ὀνομάσω),
3322 3984 3449 4038 ὄντα
3482 3983 3683 4054 νεκρὸν,

2124 4079 2181 4128 ἐν
2209 4075 2379 4147 καινῷ
2411 4077 2502 4129 καὶ
2540 4075 2765 4146 καθαρῷ
2797 4073 3045 4142 γενέσθαι
3082 4075 3349 4144 μνημείῳ,
3387 4075 3477 4137 ἵν’,
3505 4074 3686 4144 ὥσπερ

2123 4171 2156 4240 ἠ
2179 4169 2388 4236 γένεσις
2416 4167 2578 4220 αὐτοῦ
2613 4166 2972 4236 καθαρωτέρα
3001 4166 3179 4235 πάσης
3206 4166 3472 4233 γενέσεως
3497 4161 3585 4236 ἦν,
3615 4165 3687 4235 τῷ

457 4254 704 4323 qualibet
743 4252 845 4305 alia
875 4251 1062 4320 purior
1088 4250 1210 4318 fuit,
1239 4251 1435 4320 quippe
1459 4250 1549 4318 qui
1592 4265 1698 4304 non
1732 4263 1799 4304 ex
1828 4250 2021 4302 utrius-

2131 4257 2204 4327 μὴ
2232 4258 2337 4310 ἀπὸ
2371 4258 2586 4328 μίξεως,
2621 4256 2732 4309 ἀλλτ
2755 4255 2860 4308 ἀπὸ
2888 4257 3152 4326 παρθένου
3183 4256 3524 4327 γεννηθῆναι,
3552 4257 3687 4311 οὕτω

458 4361 564 4413 que
595 4360 754 4399 sexus
785 4345 1186 4414 conjunctione,
1220 4345 1312 4396 sed
1344 4358 1410 4396 ex
1443 4342 1667 4412 Virgine
1707 4357 1868 4396 natus
1891 4352 1975 4396 est
2008 4359 2023 4404 ;

459 4439 532 4490 ita
563 4437 723 4491 etiam
757 4438 1032 4504 sepultura
1056 4435 1285 4490 haberet
1310 4432 1787 4502 puritatem,cujus
1813 4434 2022 4502 signum

455 4539 579 4582 erat
616 4543 811 4584 novum
847 4529 1000 4592 illud,
1043 4531 1094 4581 in
1126 4543 1232 4595 quo
1257 4527 1490 4595 positum
1523 4541 1723 4594 corpus
1760 4524 1876 4592 ejus
1901 4525 2022 4588 fuit,

540 4709 580 4741 ⁸⁸
609 4709 785 4763 Galat.
837 4726 901 4771 ιι,
954 4709 1057 4768 ‘20;
1092 4726 1163 4768 γι,
1207 4709 1294 4762 14.

457 4780 653 4833 “Luc.
683 4795 839 4841 χχιιι,
859 4780 946 4833 53.
1023 4779 1067 4810 "‘
1095 4780 1253 4835 Joau.
1285 4793 1398 4844 XIX.
1423 4779 1513 4832 Η·

1409 4711 1450 4740 ιθ
1479 4710 1631 4762 Rom.
1658 4726 1730 4770 vr,
1789 4710 1876 4763 I0.

536 4896 612 4960 (ι)
644 4893 799 4947 Libb.
829 4894 1011 4960 impr..
1046 4896 1188 4956 τινὸς
1218 4894 1394 4947 αὐτῶν
1417 4891 1574 4947 εἶναι.
1605 4893 1661 4947 In
1707 4895 1893 4948 codice
1920 4891 2016 4948 Jo-

467 4968 610 5031 Irano
655 4964 980 5031 expungitur
1005 4965 1143 5016 istud
1175 4965 1366 5016 αὐτῶν.
1398 4965 1503 5017 Sed
1526 4965 1568 5017 si
1598 4965 1680 5016 cui
1714 4963 1852 5017 inter
1875 4962 2018 5026 τινός

462 5049 518 5089 et
565 5030 857 5086 εἷναιίγοκί
893 5033 1067 5099 aliqua
1117 5034 1394 5086 inferenda
1442 5036 1683 5096 videtur,
1707 5044 1856 5087 certe
1908 5049 2012 5087 non

462 5104 662 5168 αὐτῶν,
691 5102 784 5158 sed
807 5101 965 5155 ἄλλου
1001 5103 1338 5157 scribendum
1369 5104 1492 5157 erit.

535 5175 610 5240 (Ξ)
645 5174 824 5228 Codex
874 5171 1134 5242 Joliauus,
1166 5173 1256 5225 mi.
1309 5172 1367 5224 τὸ
1408 5171 1819 5242 σημαινόμενον.
1877 5171 2021 5238 Lego

463 5217 913 5312 cuinIBoherello,
946 5243 1047 5312 mi
1068 5217 1146 5310 τῷ
1179 5217 1574 5312 σημαινομέξῳ.
1611 5217 1808 5294 Ibidem
1835 5217 2020 5312 omntes

467 5330 621 5377 mss.,
650 5316 706 5366 ὲν
735 5311 811 5382 τῷ
838 5310 1058 5382 σταυρῷ
1082 5309 1173 5364 τοῦ
1201 5309 1557 5380 κυρίουμου.
1594 5313 1921 5380 Speucerus,
1967 5309 2024 5359 ὲν

463 5383 542 5455 τῷ
561 5381 911 5455 σταυρῷ-τοῦ
944 5381 1147 5455 Κυρίου
1173 5382 1348 5452 ἡμῶν.

533 5453 611 5574 (322
646 5445 877 5506 Κάϊδιὰ
901 5453 964 5504 τὸ
993 5445 1224 5520 λέγειντί
1251 5451 1804 5519 Σινμμορφούμενος,
1830 5445 2026 5502 ctc.lta

534 5525 564 5574 d
609 5559 623 5574 .
654 5522 852 5574 Bestius
877 5531 934 5574 et
980 5522 1323 5574 Basileensis.
1354 5525 1665 5574 b‘neucerus
1699 5529 1901 5574 autem.
1935 5517 2026 5568 καὶ

463 5525 623 5575 codd.

1978 4713 2022 4742 ²⁰
2057 4711 2286 4776 Philipp.
2325 4725 2407 4772 ιιι,
2437 4708 2523 4762 10.

1590 4780 1634 4811 ³⁵
1672 4779 1865 4833 Matth.
1899 4795 2068 4846 xxvtt,
2101 4775 2353 4843 60;Luc.
2384 4794 2540 4842 xxm,
2575 4777 2663 4842 53;
2691 4775 2886 4831 Joann.
2930 4791 3044 4840 XIX,
3075 4777 3162 4828 II.

654 5522 852 5591 Regius
877 5531 934 5576 et
980 5517 1665 5592 BaSileensis.Speucerus
1699 5529 1901 5584 autem,
1935 5517 2029 5568 καὶ

2128 4349 2222 4400 καὶ
2254 4349 2286 4418 ἡ
2312 4347 2456 4417 ταφὴ
2485 4346 2584 4418 ἔχῃ
2617 4344 2691 4416 (5)
2727 4343 2824 4415 τὴν
2859 4345 3223 4417 καθαρότητα,
3254 4345 3339 4398 διὰ
3364 4346 3457 4398 τοῦ
3495 4345 3686 4415 συμϐο-

2127 4438 2278 4491 λικοῦ
2306 4438 2632 4508 δηλουμένην
2666 4437 2722 4487 ἐν
2743 4434 2820 4504 τῷ
2848 4435 3219 4488 ἀποτεθεῖσθαι
3249 4436 3412 4488 αὐτοῦ
3445 4437 3505 4488 τὸ
3536 4436 3686 4505 σῶμα

2131 4532 2186 4582 ἐν
2219 4529 2465 4600 μνημείῳ
2502 4528 2673 4599 καινῷ
2708 4527 2998 4598 ὑφεστῶτι,
3042 4527 3140 4579 οὐκ
3175 4529 3237 4580 ἐκ
3265 4525 3501 4595 λογάδων
3531 4524 3684 4578 λίθων

2641 4707 2684 4739 ²¹
2713 4706 2754 4760 Il
2787 4705 2928 4759 Tim.
2963 4722 3020 4765 ιι.
3054 4705 3140 4758 Η.
3264 4705 3307 4733 ’⁸
3341 4701 3497 4756 Rom.
3530 4717 3604 4767 Vl,
3630 4700 3680 4754 4.

2121 4892 2209 4946 διὰ
2236 4891 2295 4944 τὸ
2322 4890 2413 4943 τὸν
2443 4890 2647 4943 δίκαιον
2673 4888 2847 4957 λέγειν
2867 4906 2881 4920 ·
2911 4885 3422 4958 Συμμορφίούμενος.
3449 4884 3580 4958 Qure
3612 4885 3680 4936 le-

2127 4966 2236 5015 ctio
2269 4964 2311 5015 si
2349 4962 2434 5012 cui
2487 4961 2768 5013 retinenda
2827 4957 3056 5016 videtur,
3102 4957 3186 5008 ιρι
3241 4957 3556 5007 mutandum
3605 4963 3683 5005 est

2126 5049 2189 5085 συ
2199 5029 2446 5102 μμορφού
2456 5045 2629 5102 μενος-
2643 5030 2713 5102 in‘
2723 5044 2786 5080 συ
2795 5025 3229 5102 μμορφούμενον,
3248 5025 3330 5102 vel
3359 5023 3680 5102 postlé-{s-N,

2130 5092 2434 5155 addendum
2456 5092 2548 5152 Vest
2573 5100 2652 5151 τό.
2686 5092 2806 5150 ῡιιιί
2827 5092 2986 5149 codd.
3031 5092 3312 5164 Anglicani
3345 5105 3399 5147 et
3429 5092 3680 5145 Hmscheo

2129 5172 2231 5223 lius
2263 5171 2310 5220 in
2339 5179 2508 5239 textu,
2537 5165 3063 5239 συμμορφιζόμενος-τ
3139 5233 3170 5239 __
3284 5230 3299 5239 ,
3489 5229 3500 5239 ,

2201 5239 2276 5308 (μί)
2328 5237 2491 5291 Ἐστὶ
2544 5230 2677 5308 περὶ
2725 5230 2979 5308 τούτων,
3032 5230 3417 5308 scribendum
3453 5230 3677 5308 videtur,

2134 5300 2280 5362 ἔσται
2308 5307 2435 5378 περὶ
2465 5300 2687 5378 τούτων,
2748 5303 3197 5372 quemadmodum
3233 5300 3488 5355 Gelenius
3519 5300 3682 5351 inter-

2135 5376 2812 5447 presrvideturlegisse._
2887 5443 2918 5447 __
3059 5440 3070 5447 _
3183 5439 3194 5447 _
3276 5438 3292 5447 .
3347 5437 3360 5447 .
3425 5445 3431 5447 Α
3585 5433 3616 5447 --

2205 5446 2280 5516 (5)
2325 5446 2489 5514 "Em.
2545 5437 2724 5516 (index
2777 5440 3103 5498 Basileensis
3153 5439 3234 5494 sic
3276 5437 3460 5501 habet,
3491 5437 3680 5491 rectius

2134 5511 2271 5571 sane
2298 5511 2463 5584 quam
2495 5513 2646 5580 editi,
2670 5511 2801 5581 ἔχει.
