3998 6170
347 266 457 322 905

1557 262 1838 319 CONTRA
1869 260 2144 317 CELSUM
2178 260 2307 315 LIB.
2339 257 2401 313 11.

3481 254 3584 310 906

339 382 763 454 οἰκοδομηθέντι,
816 381 909 435 καὶ
948 379 1046 450 τὴν
1098 378 1289 432 ἕνωσιν
1340 378 1398 431 ού
1442 379 1675 450 φυσικὴν
1721 378 1915 449 ἔχοντι,

2043 385 2453 442 nonumentum,
2482 387 2585 428 non
2612 386 2677 427 ex
2701 368 3011 427 collectitiis
3042 370 3310 439 lapidibus
3329 380 3587 425 constru-

340 477 458 532 ἀλλ’
489 477 547 529 ἐν
582 475 681 545 μιᾷ
725 472 819 526 καὶ
849 472 916 525 δι’
950 472 1090 525 ὅλων
1129 470 1383 541 ἡνωμένη
1423 470 1594 540 πέτρᾳ
1641 468 1919 540 λατομητῇ

341 566 440 622 καὶ
462 563 713 633 λαξευτῇ.
744 562 825 615 Τὰ
860 560 959 631 μὲν
986 554 1080 613 οὖν
1107 559 1209 628 τῆς
1227 558 1554 628 διηγήσεως,
1574 557 1790 627 καὶτῆς
1815 558 1924 611 ἀπὸ

340 655 449 712 τῶν
492 651 774 723 γεγονέναι
809 649 1315 721 ἀναγεγραμμένων
1360 648 1433 720 (ϐ)
1479 648 1793 712 ἀναϐάσεως
1831 647 1924 707 ἐπὶ

342 746 413 802 τά
454 745 783 817 πράγματα,
822 736 897 796 ὧν
928 739 997 795 τά
1030 742 1297 812 γενόμενα
1342 736 1410 810 ἦν
1453 738 1792 811 σημαντικὰ,
1830 740 1924 792 καὶ

348 837 606 908 μειζόνως
626 835 692 890 ἄν
709 852 793 899 τις
820 833 913 888 καὶ
942 832 1229 903 θειοτέρως
1252 831 1586 903 διηγήσαιτο,
1612 831 1925 900 εὐκαιρότε-

348 945 440 1000 ρον
460 926 806 997 ἐκτιθέμενος
829 922 1139 978 τὰτοιαῦτα
1155 925 1213 977 ἐν
1240 923 1625 995 προηγουμένη
1654 920 1920 987 συντάξειο

346 1018 415 1072 τὰ
434 1018 491 1072 δὲ
510 1018 608 1087 τῆς
634 1016 829 1082 λέξεως
848 1016 1023 1078 οὕτως
1054 1016 1119 1069 ἄν
1163 1032 1247 1078 τις
1280 1013 1495 1084 ἀποδῴη
1544 1013 1640 1083 (7),
1674 1014 1753 1066 ὅτι
1784 1011 1926 1066 κατά

346 1108 437 1162 τὸν
466 1108 728 1179 κρίναντα
774 1108 1062 1177 ὑπομεῖναι
1097 1107 1158 1159 τὸ
1187 1105 1281 1157 ἐπὶ
1316 1104 1580 1167 σκόλοπος
1608 1104 1925 1175 κρεμασθῆ-

345 1217 434 1254 ναι
471 1197 540 1271 ἦν
568 1200 662 1254 καὶ
697 1199 765 1252 τὰ
792 1198 919 1268 ἑξῆς
955 1200 1022 1269 τῇ
1057 1195 1311 1250 ὑποθέσει
1344 1194 1610 1265 τηρῆσαι,
1636 1195 1699 1248 ἵν’
1731 1195 1807 1256 ὡς
1838 1193 1929 1247 ἄν·

349 1292 567 1365 θρωπος
601 1290 981 1361 καθαιρεθεὶς,
1014 1288 1092 1359 τῷ
1124 1289 1199 1350 ὡς
1242 1286 1527 1357 ἄνθρωπος
1558 1284 1928 1356 ἀποτεθνηκέ-

348 1402 457 1448 ναι,
491 1386 566 1448 ὡς
591 1383 876 1454 ἄνθρωπος
906 1383 999 1435 καὶ
1026 1383 1195 1451 ταφῇ.
1242 1378 1404 1433 Ἀλλά
1432 1378 1528 1433 καὶ
1569 1379 1617 1430 εἰ
1650 1376 1769 1429 καθ’
1802 1376 1931 1428 ὑπό-

349 1476 497 1529 θεσιν
543 1475 853 1545 ἐγέγραπτο
885 1474 942 1527 ἐν
973 1475 1085 1535 τοῖς
1125 1470 1496 1539 Εύαγγελίοις,
1550 1469 1633 1522 ὅτι
1685 1468 1792 1521 ἀπὸ
1836 1465 1927 1519 τοῦ

351 1567 612 1629 σκόλοπος
642 1564 853 1634 ἀφανὴς
882 1563 1041 1626 εὐθὺς
1074 1563 1311 1630 ἐγένετο,
1347 1560 1603 1623 ἐκάκιζεν
1631 1559 1696 1612 ἂν
1735 1559 1797 1611 τὸ
1840 1574 1932 1625 γε-

2023 479 2194 534 ctum,
2228 480 2329 522 nec
2363 482 2528 521 unum
2558 474 2778 529 natura,
2802 464 2897 518 sed
2927 462 2979 516 in
3014 477 3121 515 una
3144 469 3199 516 et
3223 461 3588 529 undecunque

2024 557 2313 625 coniuncta
2349 569 2502 626 petra
2528 555 2867 624 exsculptum
2892 553 3267 620 excisumque.
3298 551 3497 605 Verum
3522 550 3590 605 de

2025 648 2215 702 horum
2244 646 2484 701 locorum
2502 642 2937 706 enarratione,et
2954 644 3016 696 de
3039 640 3244 695 ratione
3260 640 3589 695 ascendendi

2026 754 2052 791 a
2078 738 2259 801 rebus,
2287 752 2409 806 quae
2425 736 2689 791 accidisse
2708 743 3018 799 narrantur,
3038 733 3104 786 ad
3132 748 3217 787 res
3238 746 3468 802 quarum
3488 732 3591 787 illa:

2025 836 2182 879 erant
2205 827 2411 895 ﬁgurae,
2445 824 2730 879 sublimius
2758 825 2879 891 quis
2908 823 3248 891 diviniusque
3277 822 3590 887 dissereret,

2028 916 2118 984 qui
2155 925 2460 985 opportuna
2485 916 2776 971 occasione
2799 923 2854 967 et
2882 929 2949 968 ex
2986 912 3256 967 industria
3288 912 3342 965 id
3388 910 3591 981 negotii

2027 1007 2350 1076 susciperet.
2392 1005 2547 1069 Quod
2579 1014 2761 1059 autem
2786 1005 2850 1059 ad
2878 1004 3116 1058 litteram
3142 1004 3360 1069 attinet,
3388 1004 3468 1059 sic
3495 1019 3595 1058 ex-

2029 1100 2158 1167 poni
2211 1107 2409 1167 potest,
2451 1096 2761 1167 eportuisse
2809 1105 2868 1150 ut
2908 1096 3001 1164 qui
3051 1096 3233 1151 crucis
3271 1096 3596 1164 supplicium

2029 1189 2133 1243 sibi
2161 1189 2499 1243 subeundum
2523 1200 2647 1241 esse
2664 1186 3020 1255 iudicaverat,
3047 1184 3093 1238 is
3116 1195 3365 1238 servaret
3386 1200 3449 1238 ea
3480 1200 3599 1253 qua:

2031 1279 2337 1345 huiusmodi
2366 1278 2627 1347 propositi
2656 1277 2992 1331 consectaria
3036 1284 3225 1342 erant;
3259 1278 3484 1345 proinde
3514 1293 3601 1332 se-

2030 1373 2293 1441 peliretur
2320 1381 2376 1424 ut
2399 1372 2580 1434 homo,
2626 1368 2716 1437 qui
2763 1368 3086 1423 interfectus
3110 1369 3285 1422 fuerat
3320 1379 3378 1422 ut
3402 1369 3561 1422 homo
3584 1407 3598 1433 ,

2031 1470 2085 1515 et
2116 1468 2173 1514 ut
2203 1463 2364 1515 homo
2396 1468 2640 1514 mortuus
2674 1458 2866 1513 fuerat.
2903 1458 3010 1513 Sed
3045 1458 3309 1527 fingamus
3338 1460 3602 1527 scriptum

2035 1552 2087 1605 in
2106 1551 2417 1623 Evangeliis
2446 1551 2635 1615 fuisse,
2665 1551 2844 1607 subito
2867 1551 3013 1606 illum
3034 1565 3243 1605 ecruce
3272 1552 3600 1607 evanuisse:

353 1657 674 1729 γραμμένον
698 1656 945 1718 όΚέλσος
978 1655 1071 1707 καὶ
1092 1654 1395 1719 οἱᾶπιστοι,
1428 1653 1520 1705 καὶ
1550 1650 1931 1722 κατηγόρησαν

2043 1644 2390 1698 nihilominus
2412 1652 2464 1698 et
2496 1644 2546 1697 id
2570 1643 2623 1696 in
2662 1642 2857 1697 malam
2878 1651 3088 1711 partem
3119 1642 3460 1713 accepissent
3481 1644 3604 1699 Cel-

447 1716 540 1803 καὶ
565 1747 707 1802 οὕτω
740 1716 1004 1817 λέγοντες·
1035 1765 1053 1797 ε
1090 1744 1154 1798 Τί
1185 1716 1389 1815 δήποτε⁷
1412 1743 1549 1814 μετὰ
1582 1716 1687 1794 τὸν.
1700 1716 1930 1810 σταυρὸν

2043 1752 2126 1790 sus
2153 1745 2209 1789 et
2236 1737 2326 1790 alii
2352 1734 2929 1790 increduli.Dixissent
2957 1734 3326 1789 calumniandi
3374 1736 3555 1789 animo
3584 1750 3598 1787 ε

354 1841 576 1909 γέγονεν
608 1838 839 1909 ἀφανὴς,
862 1838 921 1890 οὐ
948 1837 1055 1909 πρὸ
1069 1835 1161 1888 τοῦ
1181 1835 1370 1887 παθεῖν
1394 1834 1449 1887 δὲ
1470 1833 1615 1886 τοῦτ’
1639 1832 1931 1903 ἐπραγμα-

352 1932 610 1996 τεύσατο;
646 1950 665 1983 ι
695 1930 867 2000 Εἴπερ
896 1924 988 1982 οὖν
1018 1927 1124 1981 ἀπὸ
1153 1925 1262 1981 τῶν
1307 1925 1653 1994 Εὐαγγελίων
1686 1923 1935 1994 μεμαθη-

353 2024 525 2087 κότες,
559 2024 640 2075 ὅτι
673 2022 733 2074 οὐ
776 2021 998 2089 γέγονεν
1042 2018 1205 2082 εὐθὺς
1236 2018 1446 2089 ἀφανὴς
1474 2017 1583 2071 ἀπὸ
1618 2016 1712 2068 τοῦ
1745 2014 1932 2067 σκόλοο

354 2133 471 2179 πος,
509 2114 755 2184 ἐγκαλεῖν
800 2114 997 2167 οἴονται
1037 2112 1115 2184 τῷ
1154 2111 1315 2181 λόγῳ,
1366 2108 1438 2182 μὴ
1493 2108 1823 2180 πλασαμένῳ
1861 2108 1937 2169 ὡς

353 2205 547 2257 ἐκεῖνοι
573 2203 811 2273 ἠξίωσαν
849 2203 948 2273 (8),
981 2202 1043 2255 τὸ
1083 2202 1245 2264 εὐθὺς
1281 2202 1442 2254 αὑτὸν
1473 2201 1651 2269 ἀφανῆ
1686 2198 1936 2267 γενέσθαι

351 2297 458 2349 ἀπὸ
487 2296 580 2350 τοῦ
614 2296 894 2359 σκόλοπος,
930 2294 1065 2349 ἀλλὰ
1100 2294 1162 2346 τὸ
1184 2294 1379 2364 ἀληθὲς
1415 2294 1758 2363 ἱστορήσαντι
1778 2307 1791 2321 ο
1822 2289 1938 2351 πῶς

352 2391 452 2442 οὐκ
479 2388 697 2457 εὔλογον
730 2384 1019 2440 πιστεῦσαι
1064 2387 1139 2456 (9)
1180 2386 1376 2447 αὐτοὺς
1404 2385 1498 2438 καὶ
1531 2386 1599 2453 τῇ
1643 2381 1936 2437 ἀναστάσει

353 2480 516 2535 αὑτοῦ
537 2521 551 2545 ,
585 2482 678 2533 καὶ
705 2481 780 2541 ὡς
808 2478 1085 2549 βουληθεὶς
1107 2478 1195 2531 ὁτὲ
1225 2478 1324 2549 μὲν
1353 2476 1460 2529 τῶν
1503 2477 1679 2546 θυρῶν
1727 2474 1940 2528 κεκλει-

356 2573 566 2642 σμένων
592 2571 721 2640 έστη
743 2573 800 2623 ἐν
827 2570 977 2640 μέσῳ
1002 2568 1109 2622 τῶν
1136 2566 1412 2639 μαθητῶν,
1448 2567 1537 2619 ὁτὲ
1556 2566 1612 2619 δὲ
1625 2564 1747 2627 δοὺς
1776 2565 1939 2634 ἄρτον

354 2663 475 2714 δυσὶ
513 2662 620 2713 τῶν
661 2660 986 2732 γνωρίμων,
1019 2658 1181 2722 εὐθὺς
1214 2659 1447 2728 ἄφαντος
1474 2658 1688 2726 ἐγένετο
1718 2656 1811 2709 ἀπ’
1845 2655 1940 2707 αὺ-

354 2751 482 2817 τῶν,
512 2752 652 2821 μετά
675 2768 825 2815 τινας
851 2750 945 2814 οὒς
970 2748 1232 2820 ἐλάλησεν
1266 2751 1451 2811 αὐτοῖς
1477 2748 1702 2817 λόγους;

420 2926 590 2981 Πόθεν
617 2926 676 2980 δὲ
699 2926 778 2998 τῷ
811 2926 1021 2981 Κέλσου
1067 2926 1304 2997 Ἰουδαίῳ
1337 2925 1608 2990 λέλεκται,
1645 2911 1726 2980 ὅτι
1760 2926 1928 2997 ἐκρύ-

352 3036 518 3073 πτετο
544 3021 572 3072 ό
612 3017 851 3090 Ἰησοῦς;
882 3018 1043 3087 Λέγει
1074 3017 1182 3090 γὰρ
1210 3019 1340 3090 περὶ
1366 3016 1549 3071 αὐτοῦ’
1576 3036 1594 3069 ‹
1632 3018 1727 3080 Τίς
1748 3018 1805 3070 δὲ
1830 3016 1942 3071 πώ-
1967 3046 2010 3104 C

355 3128 489 3165 ποτε
522 3110 795 3181 πεμφθεὶς
818 3108 1067 3178 ἄγγελος,
1096 3109 1213 3162 δέον
1257 3108 1543 3177 ἀγγέλλειν
1585 3107 1655 3161 τὰ
1693 3109 1942 3162 κεκελευ-

356 3218 383 3255 c
396 3201 551 3272 μένα,
578 3199 906 3269 κρύπτεται;
939 3219 957 3250 ι
994 3200 1069 3253 Οὐ
1102 3202 1209 3272 γὰρ
1235 3198 1535 3270 ἐκρύπτετο
1568 3202 1596 3253 ὁ
1625 3199 1793 3254 εἰπὼν
1829 3194 1941 3265 τοῖς

356 3290 613 3362 ζητοῦσιν
644 3290 805 3345 αὑτὸν
839 3291 1120 3345 συλλαϐεῖν
1140 3308 1153 3321 ·
1189 3309 1208 3342 ι
1247 3292 1580 3363 Καθημέραν
1607 3292 1754 3363 ήμην
1786 3293 1844 3345 ἐν
1864 3292 1942 3363 τῷ

364 3383 492 3456 ἱερῷ
521 3383 804 3455 παρρησία
832 3381 1126 3447 διδάσκων,
1161 3382 1255 3437 καί
1283 3384 1384 3436 οὐκ
1411 3384 1756 3454 ἐκρατήσατέ
1786 3401 1874 3454 με.
1919 3403 1936 3435 ι

360 3476 506 3547 Πρὸς
535 3476 591 3529 δὲ
639 3474 700 3527 τὸ
751 3474 877 3545 ἑξῆς
924 3474 1415 3547 παλιλλογούμενον
1449 3478 1553 3529 ὑπὸ
1592 3478 1686 3531 τοῦ
1736 3478 1941 3531 Κέλσου

362 3567 523 3637 ἡμεῖς
569 3564 716 3630 ἅπαξ
768 3565 1238 3638 άπολογησάμενοι
1266 3607 1279 3630 ,
1338 3567 1787 3639 ἀρκεσθησόμεθα
1833 3571 1943 3633 τοῖς

363 3657 799 3729 προειρημένοις.
837 3658 1149 3729 Γέγραπται
1179 3659 1288 3731 γὰρ
1320 3662 1377 3714 ἐν
1409 3663 1521 3723 τοῖς
1568 3661 1820 3733 ἀνωτέρω
1850 3665 1943 3715 καὶ

362 3748 498 3820 πρὸς
532 3750 612 3815 τό,
646 3768 666 3801 ‹
707 3751 777 3803 Ἦ
809 3750 897 3804 ὅτε
930 3751 1027 3821 μὲν
1065 3752 1346 3821 ἡπιστεῖτο
1390 3754 1449 3805 ἐν
1497 3751 1730 3823 σώματι,
1781 3758 1945 3809 πᾶσιν

362 3842 553 3913 ἀνέδην
597 3844 895 3915 ἐκήρυττεν
922 3861 934 3874 ·
972 3846 1059 3897 ὅτε
1102 3845 1159 3898 δέ
1206 3846 1316 3916 (10)
1368 3846 1548 3899 πίστιν
1593 3846 1660 3900 ἂν
1718 3847 1943 3919 ἰσχυρὰν

366 3936 625 4003 παρεῖχεν
668 3937 733 3987 ἐκ
765 3934 975 4005 νεκρῶν
1010 3936 1269 3999 ἀναστὰς,
1307 3938 1387 3989 ἐνὶ
1434 3938 1579 4008 μόνῳ
1608 3939 1814 4009 γυναίῳ
1851 3941 1945 3992 καὶ

363 4020 475 4081 τοῖς
500 4018 693 4071 ἑαυτοῦ
720 4019 1013 4083 Θιασώταις
1042 4022 1277 4094 κρύϐδην
1304 4026 1666 4094 παρεφαίνετο
1691 4044 1704 4093 ;
1737 4047 1755 4079 ›
1803 4027 1941 4080 Ἀλλ’

363 4111 470 4165 οὐδ’
497 4112 577 4163 ὅτι
606 4112 687 4164 ἐνὶ
710 4114 854 4183 μόνῳ
880 4114 1086 4183 γυναίῳ
1118 4115 1311 4186 ἐφάνη,
1330 4117 1525 4187 ἀληθές
1554 4121 1716 4172 ἐστιν·
1743 4123 1944 4193 γέγρα-

365 4222 501 4260 πται
526 4206 630 4278 γὰρ
660 4210 717 4260 ἐν
746 4208 824 4279 τῷ
852 4209 992 4262 κατά
1016 4211 1290 4267 Ματοαῖον
1308 4212 1644 4282 Εύαγγελίῳ,
1662 4214 1745 4265 ὅτι
1768 4233 1785 4264 ι
1819 4214 1945 4283 Ὀψέ

366 4298 654 4352 σαϐϐάτων
693 4302 759 4371 τῇ
810 4301 1196 4373 ἐπιφωσκούσῃ
1238 4306 1318 4367 εἰς
1350 4304 1477 4373 μίαν
1507 4303 1791 4357 σαϐϐάτων
1815 4299 1945 4374 ἦλθε

2039 1843 2056 1876 ι
2094 1823 2201 1879 Cur
2234 1835 2354 1894 post
2388 1824 2710 1892 supplicium
2735 1823 2993 1877 evanuit?
3022 1838 3118 1877 cur
3149 1837 3278 1890 non,
3311 1832 3604 1893 antequam

2033 1917 2351 1988 pateretur?
2384 1937 2401 1969 ι
2438 1917 2494 1971 Si
2539 1931 2669 1987 ergo
2717 1915 3009 1985 Evangelia
3037 1955 3052 1980 ,
3104 1916 3245 1970 unde
3298 1915 3607 1970 didicerunt

2036 2008 2184 2063 illum
2208 2022 2238 2061 e
2272 2022 2434 2063 cruce
2459 2023 2563 2062 non
2593 2007 2772 2061 subito
2803 2006 3116 2072 evanuisse,
3145 2008 3396 2061 incusare
3422 2022 3482 2063 se
3510 2024 3607 2077 pu—

2038 2109 2157 2155 tant
2186 2114 2363 2170 posse,
2391 2114 2509 2167 quae
2541 2110 2735 2163 tamen,
2765 2101 2908 2169 quod
2945 2114 3071 2154 vcre
3098 2098 3297 2154 factum
3330 2108 3433 2167 est,
3462 2101 3609 2154 refe-

2039 2200 2185 2253 runt,
2216 2206 2313 2245 nec
2336 2190 2564 2260 ﬁngunt,
2597 2190 2742 2245 utilli
2768 2192 2942 2245 satius
2958 2191 3197 2244 futurum
3229 2189 3397 2246 fuisse
3413 2192 3608 2246 existi-

2038 2291 2212 2346 mant,
2241 2283 2388 2336 illum
2425 2283 2714 2337 evanuisse
2749 2284 2933 2338 subito
2961 2297 2993 2336 e
3024 2296 3227 2346 cruce;
3263 2280 3428 2353 440
3474 2298 3609 2350 quo-

2041 2377 2199 2430 modo
2224 2391 2330 2430 non
2352 2390 2564 2445 acquum
2594 2374 2756 2429 fuerit
2779 2389 2873 2430 eos
2896 2375 3013 2443 eius
3038 2374 3422 2429 resurrectioni
3448 2374 3607 2429 ﬁdem

2039 2469 2359 2538 adiungere;
2411 2472 2639 2524 credere
2696 2469 2859 2523 etiam
2913 2466 3088 2529 illum,
3142 2467 3362 2535 quando
3415 2466 3607 2527 voluit,

2042 2559 2201 2614 modo
2224 2561 2277 2614 in
2309 2560 2486 2615 medio
2507 2560 2898 2628 discipulorum
2921 2561 3159 2626 stetisse,
3190 2558 3404 2613 tametsi
3431 2558 3612 2627 ianum

2042 2655 2240 2708 clausae
2291 2659 2506 2716 essent;
2536 2656 2695 2709 modo
2724 2665 2976 2723 porrecto
3008 2653 3223 2709 duobus
3249 2666 3281 2707 e
3304 2651 3420 2706 suis
3455 2650 3616 2705 fami-

2043 2744 2270 2799 liaribus
2294 2759 2455 2812 pane,
2486 2745 2779 2815 habitoque
2809 2746 3098 2815 colloquio,
3126 2760 3192 2800 ex
3217 2742 3392 2799 oculis
3421 2757 3610 2797 eorum

2043 2838 2369 2893 evanuisse?

2115 2926 2201 2981 70.
2237 2927 2309 2982 At
2336 2926 2477 2980 unde
2500 2925 2639 2982 Celsi
2660 2926 2845 2982 Iudaeo
2869 2928 2923 2981 in
2951 2936 3184 2981 mentem
3221 2925 3371 2980 venit
3405 2925 3612 2985 dicere,

2044 3020 2288 3074 latitasse
2308 3016 2530 3073 Jesum?
2558 3017 2650 3074 Sic
2677 3018 2821 3074 enim
2853 3019 2942 3073 ille
2970 3035 2985 3072 :
3017 3034 3037 3069 ι
3072 3018 3271 3087 Ecquis
3321 3015 3614 3084 aliquando

2046 3112 2246 3167 missus
2285 3112 2514 3182 legatus,
2566 3126 2688 3166 cum
2733 3111 3049 3165 renuntiare
3082 3110 3337 3164 mandata
3365 3108 3612 3174 deberet,

2046 3202 2286 3258 latebras
2337 3203 2627 3273 quaesivit?
2662 3221 2681 3255 ι
2717 3201 2823 3257 Nec
2857 3202 3001 3255 enim
3050 3200 3301 3269 quaesivit
3351 3200 3610 3266 latebras,

2043 3294 2138 3363 qui
2168 3294 2634 3362 comprehendere
2679 3292 3048 3363 quaerentibus
3078 3290 3295 3346 dicebat
3324 3306 3340 3345 :
3376 3308 3397 3342 ι
3426 3291 3616 3359 Quoti-

2044 3385 2132 3439 die
2161 3400 2312 3440 eram
2338 3387 2391 3440 in
2416 3386 2614 3453 templo
2639 3382 2812 3439 libere
2847 3385 3067 3447 docens,
3092 3394 3147 3438 et
3174 3400 3280 3439 non
3317 3398 3404 3438 me
3433 3383 3612 3437 tenui-

2045 3476 2143 3529 stis
2174 3475 2241 3529 ²⁶.
2277 3493 2297 3527 ι
2330 3476 2411 3531 Ad
2442 3475 2496 3529 id
2524 3477 2666 3544 quod
2699 3475 2967 3543 sequitur,
3009 3474 3135 3542 quia
3172 3474 3284 3543 iam
3318 3483 3445 3527 ante
3467 3472 3617 3541 obie-

2046 3578 2192 3623 ctum
2241 3581 2271 3620 a
2316 3566 2476 3621 Celso
2528 3566 2729 3630 fuerat,
2768 3580 3089 3633 responsum
3140 3574 3243 3619 est.
3276 3563 3420 3618 Satis
3454 3566 3618 3634 igitur

2047 3660 2251 3716 fuerint
2281 3675 2400 3729 quae
2427 3668 2550 3713 ante
2595 3658 2739 3712 dicta
2778 3667 2932 3712 sunt.
2972 3656 3108 3710 Nam
3156 3658 3208 3711 in
3242 3659 3616 3727 superioribus

2049 3756 2192 3810 istud
2244 3751 2516 3808 confutavi
2550 3767 2563 3803 :
2601 3767 2619 3799 ι
2662 3751 2739 3802 An
2792 3750 2938 3818 quia,
2970 3748 3095 3802 dum
3144 3750 3197 3803 in
3231 3759 3614 3817 corporeerat,

2048 3844 2251 3900 nemini
2306 3842 2540 3897 faciebat
2588 3840 2772 3903 ﬁdem,
2808 3854 2936 3892 suas
2975 3840 3227 3894 omnibus
3256 3841 3322 3894 ad
3354 3856 3615 3896 nauseam

2047 3939 2336 3995 conciones
2361 3935 2623 4001 obtrusit;
2653 3935 2779 4004 quia
2807 3944 2989 3988 autem
3012 3950 3042 3989 e
3067 3935 3297 3990 mortuis
3325 3938 3619 3992 suscitatus

2045 4032 2401 4102 persuaderet
2426 4029 2739 4093 efﬁcaciter,
2770 4029 2862 4082 uni
2916 4028 3248 4083 mulierculae
3281 4028 3498 4098 suisque
3524 4044 3616 4082 so-

2047 4125 2259 4179 dalibus
2286 4125 2424 4178 clam
2461 4124 2751 4178 videndum
2798 4137 2857 4175 se
2893 4122 3159 4190 prmbuit?
3192 4141 3210 4174 ι
3250 4123 3383 4176 Nam
3419 4122 3614 4176 falsum

2046 4223 2128 4268 est
2176 4215 2326 4267 illum
2361 4228 2419 4266 se
2467 4214 2557 4266 uni
2597 4211 2933 4267 muliercula:
2958 4213 3247 4265 videndum
3298 4212 3615 4280 praebuisse.

2048 4304 2183 4357 Nam
2224 4306 2277 4358 in
2327 4304 2624 4371 Evangelio
2663 4303 2960 4356 secundum
3014 4302 3326 4356 Matthaeum
3360 4303 3619 4371 scriptum

363 4390 554 4463 Μαρία
585 4394 617 4463 ἡ
647 4393 1000 4463 Μαγδαληνὴ,
1055 4394 1148 4447 καὶ
1176 4397 1209 4464 ἡ
1238 4394 1371 4465 ἄλλη
1413 4395 1593 4466 Μαρία
1613 4436 1627 4460 ,
1674 4396 1938 4467 θεωρῆσαι

2054 4408 2177 4453 cst:
2216 4416 2234 4449 ι
2265 4398 2496 4464 Vespere
2520 4395 2765 4459 Sabbati,
2794 4410 2913 4463 quae
2944 4393 3171 4448 lucescit
3194 4395 3245 4448 in
3279 4395 3449 4463 prima
3481 4395 3622 4449 Sab-

363 4482 453 4537 τὸν
484 4484 674 4552 τάφον
711 4486 805 4538 καὶ
834 4486 942 4539 ἰδοὺ
976 4486 1197 4555 σεισμὸς
1231 4487 1450 4555 ἐγένετο
1486 4487 1685 4558 μέγας·
1716 4487 1945 4556 ἄγγελος

363 4575 470 4646 γὰρ
494 4577 701 4649 Κυρίου
728 4577 975 4639 καταϐὰς
1005 4577 1064 4642 ἐξ
1097 4578 1328 4649 οὐρανοῦ
1358 4581 1451 4634 καὶ
1474 4580 1785 4650 προσελθὼν
1810 4581 1944 4634 ἁπε-

362 4668 548 4722 κύλισε
596 4669 686 4723 τὸν
736 4669 903 4723 λίθον.
940 4689 959 4721 ι
990 4670 1099 4723 Καὶ
1150 4673 1266 4740 μετ’
1298 4671 1476 4740 ὀλίγον
1517 4673 1682 4743 φησὶν
1720 4675 1747 4726 ό
1792 4675 1946 4726 Ματ-

365 4757 532 4822 θαῖοςο
572 4779 589 4812 ι
621 4762 733 4815 Καὶ
762 4762 869 4815 ἰδοὺ
895 4763 923 4814 ό
960 4762 1168 4833 Ἰησοῦς
1200 4765 1503 4835 ὑπήντησεν
1530 4764 1641 4837 (11)
1673 4766 1882 4830 αὐταῖς.
1919 4787 1939 4819 ι

366 4850 535 4919 Δῆλον
565 4851 621 4903 δὲ
664 4852 745 4905 ὅτι
795 4856 915 4916 ταῖς
960 4855 1386 4925 προειρημέναις
1439 4857 1679 4927 Μαρίαις
1732 4858 1940 4927 λέγων,

373 4962 392 4995 ι
430 4943 681 5016 Χαίρετε.
709 4948 773 4998 At
805 4946 861 4999 δέ
876 4946 1266 5018 προσελθοῦσαι
1295 4950 1603 5020 ἐκράτησαν
1626 4952 1788 5005 αὐτοῦ
1817 4954 1945 5016 τοὺς

367 5034 554 5100 πόδας,
605 5036 698 5088 καὶ
743 5037 1153 5110 προσεκύνησαν
1195 5038 1365 5109 αὐτῷ.
1406 5059 1422 5091 ι
1453 5040 1800 5094 Λέλεκταιδέ
1850 5044 1942 5096 καὶ

2053 4489 2188 4553 bati,
2218 4490 2368 4544 venit
2397 4488 2565 4542 Maria
2599 4487 2914 4557 Magdalene
2942 4495 2996 4542 et
3024 4488 3191 4540 altera
3230 4485 3401 4539 Maria
3434 4486 3619 4541 videre

2051 4582 2397 4651 sepulcrum;
2427 4590 2479 4635 et
2497 4596 2625 4635 ecce
2660 4591 2819 4635 terra:
2852 4591 3028 4635 motus
3061 4580 3235 4634 factus
3260 4591 3618 4651 estmagnus:

2052 4675 2281 4742 angelus
2301 4674 2445 4728 enim
2477 4674 2686 4728 Domini
2719 4674 2993 4727 descendit
3024 4674 3089 4727 de
3117 4674 3258 4728 coelo
3279 4683 3333 4728 et
3359 4675 3622 4729 accedens

2051 4763 2281 4818 revolvit
2304 4762 2537 4831 lapidem
2565 4763 2631 4817 '7.
2663 4780 2682 4812 ι
2704 4762 2766 4815 Et
2792 4771 2913 4830 post
2941 4778 3107 4830 pauca
3132 4763 3414 4818 Matthazus
3442 4765 3618 4819 idem:

2056 4876 2075 4909 ι
2103 4855 2169 4911 Et
2189 4871 2316 4911 ecce
2342 4855 2501 4911 Jesus
2528 4859 2771 4912 occurrit
2802 4856 2936 4920 illis;
2962 4876 2980 4907 ›
3010 4860 3225 4926 quando
3251 4858 3434 4913 Mariis
3464 4861 3624 4914 modo

2052 4952 2351 5006 nominatis
2380 4951 2563 5004 dixit:
2607 4967 2625 4999 ι
2667 4950 2852 5005 Avete.
2904 4949 3011 5006 Illa:
3044 4962 3224 5007 autem
3274 4963 3625 5007 accesserunt

2054 5058 2110 5101 et
2162 5053 2451 5101 tenuerunt
2484 5044 2645 5113 pedes
2697 5043 2837 5113 eius,
2866 5046 2921 5097 et
2947 5046 3319 5099 adoraverunt
3346 5060 3467 5099 eum
3491 5044 3563 5093 ³⁸.
3602 5062 3618 5093 ι

439 5172 485 5204 ’°
513 5170 707 5225 Matth.
754 5186 902 5237 xxvr,
940 5173 1029 5226 ὃὸ.
1104 5173 1147 5204 ³⁷
1200 5172 1391 5228 Matth.
1443 5189 1636 5240 xxvm,
1684 5176 1737 5241 l,
1774 5177 1831 5231 2.
1902 5178 1947 5209 ’⁸
1986 5180 2140 5243 ibid.,
2176 5179 2209 5233 9

438 5286 513 5356 (6)
556 5287 849 5359 Sicimssq
882 5286 1133 5359 impressi
1159 5302 1307 5348 vero,
1336 5288 1759 5359 γεγραμμένων.

436 5361 514 5426 (7)
557 5356 713 5410 Libb.
744 5357 1015 5425 impressi,
1045 5356 1241 5419 λέξεως
1277 5358 1417 5410 καλὰ
1440 5356 1533 5409 καῖ
1567 5356 1742 5421 οὕτως
1772 5360 1836 5414 ἄν
1865 5378 1950 5425 τις

366 5427 614 5497 ἀποδοίη,
636 5428 749 5497 sed
797 5441 932 5497 mss.
964 5436 1023 5479 ut
1066 5427 1119 5477 in
1154 5437 1343 5480 nostro
1377 5436 1549 5497 textu.

914 5495 990 5550 lta
1017 5505 1165 5549 recte
1206 5497 1377 5551 codex
1404 5496 1747 5553 Basileensis.
1776 5500 1946 5565 Alias,

370 5566 629 5631 ἀξίωσαν,
666 5566 827 5620 male.

441 5637 516 5706 (9)
555 5636 904 5709 Πιστεῦσαι.
923 5634 1468 5709 Geieniusjnterpres
1489 5635 1702 5709 videtur
1726 5638 1944 5709 legisse,

372 5703 708 5776 ἀπιστήσειν.
736 5707 905 5760 Vertit
929 5708 1097 5760 enim:
1120 5722 1138 5754 ‹
1159 5703 1439 5770 Quomodo
1469 5708 1723 5764 credituri
1756 5703 1940 5766 sunt?»

684 5801 955 5860 ΡΑτιιοι..
991 5800 1108 5861 Gn.
1143 5799 1251 5861 XI.

2118 5293 2232 5365 (lO)
2261 5293 2399 5346 Ὅτε
2425 5292 2542 5365 μὲν
2588 5293 2918 5365 ἠπιστεῖτο,
2951 5305 3079 5358 etc.,
3127 5293 3226 5345 ὅτε
3256 5292 3344 5351 δέ,
3392 5300 3497 5365 etc.
3534 5293 3625 5365 Sic

2048 5380 2179 5418 mss.
2214 5362 2399 5434 recte.
2432 5362 2614 5425 'Alias,
2662 5364 2743 5416 ὄτι
2792 5365 3219 5434 μὲν-ἠπιστεῖτο,
3263 5373 3397 5434 etc.,
3433 5362 3515 5434 ὅτι
3542 5362 3621 5429 δέ,

2048 5446 2155 5488 etc.
2190 5433 2333 5488 Infra
2365 5447 2554 5487 omnes
2585 5448 2741 5498 mss.,
2774 5431 3014 5504 κρύϐδην
3038 5431 3421 5501 παρεφαίνετο.
3449 5433 3621 5498 Alias,

2047 5504 2287 5574 κρύϐδην
2320 5504 2717 5574 περιφαίνεται.

2120 5575 2165 5640 (1
2184 5570 2471 5645 l)'Omiies
2495 5588 2651 5640 mss.,
2678 5573 3003 5644 ὑπήντησεν.
3026 5570 3365 5627 llmschelius
3380 5583 3436 5629 et
3456 5574 3624 5645 Spen-

2047 5659 2205 5701 certts
2222 5708 2225 5709 ν
2259 5643 2582 5714 ἐπήντησεν.

3278 5804 3360 5862 9-9
