3998 6170
448 235 551 292 90"

1887 230 2206 287 ORIGENlS

3587 237 3690 293 908

447 347 764 404 llel‘utatum
791 361 1005 418 quoque
1033 348 1173 403 istud
1199 356 1278 403 est
1304 365 1316 400 :
1357 363 1372 398 ι
1397 345 1597 403 Omnes
1629 347 1846 401 luerunt
1875 360 1987 414 supr

2111 345 2248 417 πρὸς
2275 342 2356 409 τὸ,
2389 363 2406 396 ι
2446 343 2822 417 Κολαξόμενος
2851 347 2952 418 μὲν
2984 347 3091 419 ἄρα
3117 349 3280 402 πᾶσιν
3302 350 3532 422 ἑωρᾶτο,
3562 354 3692 407 ἀνα·

444 440 594 509 plicii
623 449 815 506 testes,
849 454 985 494 unus
1010 438 1452 504 resurrectionis;
1474 460 1493 489 ι
1516 437 1604 492 ubi
1626 437 1879 490 nimirum
1907 437 2009 491 hoc

442 530 594 585 aliud
620 531 815 593 refelli,
861 547 879 581 ι
917 545 1022 584 non
1056 528 1311 583 omnibus
1356 530 1506 583 visus
1537 538 1638 584 est.
1676 547 1694 580 ι
1725 529 2005 594 Addimus,

441 635 562 690 qua:
618 621 670 676 in
728 621 844 688 ipso
884 621 1117 673 humana
1148 630 1327 684 erant,
1381 622 1483 674 sub
1543 619 1731 674 oculos
1767 619 2007 675 omnium

441 712 611 766 fuisse
641 713 883 778 objecta;
926 727 1045 781 qua:
1071 727 1200 766 vero
1231 712 1415 766 divina
1448 711 1578 782 (non
1612 713 1677 767 de
1705 714 1772 768 iis
1815 713 2009 782 loquor

438 819 560 872 quae
583 803 647 857 ad
675 803 778 856 alia
807 803 1144 869 referuntur,
1184 805 1276 859 sed
1309 806 1374 858 de
1417 805 1481 860 iis
1506 819 1626 872 quae
1658 806 1798 860 inter
1820 821 1880 860 se
1909 806 2009 861 dif-

438 893 667 963 ferunt),
699 909 761 948 ea
807 908 914 948 non
960 909 1151 948 omnes
1203 908 1400 962 capere
1448 896 1711 962 poutisse.
1745 897 2005 951 Animad-

435 995 610 1050 verte,
638 985 890 1048 obsecro,
927 999 1087 1053 quam
1123 983 1407 1038 manifeste
1433 985 1520 1039 hic
1545 985 1731 1040 Celsus
1753 1001 1781 1040 a
1811 1001 1869 1041 se
1898 988 2009 1055 ipse

436 1077 719 1131 dissideat.
754 1076 1042 1145 Postquam
1071 1077 1214 1128 enim
1248 1075 1386 1129 dixit
1415 1076 1563 1129 illum
1593 1091 1652 1130 se
1680 1077 2007 1132 unimulier-

434 1168 568 1222 culaa
618 1168 844 1236 suisque
879 1166 1151 1220 sodalibus
1191 1165 1327 1220 clam
1357 1167 1647 1221 videndum
1674 1168 1966 1236 prtehuisse
1987 1207 2002 1232 ,

433 1259 696 1313 continuo
726 1257 980 1325 subiicit:
1011 1276 1030 1308 ι
1065 1257 1263 1312 Omnes
1291 1257 1511 1311 fuerunt
1539 1259 1784 1327 supplicii
1817 1266 2004 1326 testes,

431 1365 572 1404 unus
621 1349 1077 1414 resurrectionis;
1107 1351 1248 1417 quod
1293 1356 1483 1402 contra
1520 1349 1638 1403 ﬁeri
1669 1349 1933 1418 oportuit.
1979 1368 1998 1401 ι

431 1440 682 1511 Oportuit
712 1441 902 1511 igitur,
927 1441 970 1496 si
1002 1438 1215 1495 Celsum
1248 1440 1554 1506 audiamus,
1591 1456 1699 1495 non
1735 1450 1792 1495 ut
1815 1456 2003 1497 omnes

431 1529 684 1598 ειψριίοἰὶ
749 1538 917 1584 testes
969 1537 1171 1593 essent,
1225 1543 1366 1582 unus
1425 1529 1866 1594 resurrectionis,
1908 1532 2002 1585 sed

429 1629 641 1674 contra.
667 1618 737 1672 At
755 1629 1019 1690 quantum
1045 1620 1160 1674 haec
1184 1620 1345 1674 verba
1368 1619 1762 1685 sonant,voluit
1783 1631 1836 1675 et
1860 1623 2001 1690 quod

431 1709 548 1762 ﬁeri
578 1723 683 1762 non
727 1709 924 1778 potuit,
958 1716 1011 1764 et
1060 1710 1201 1778 quod
1231 1710 1526 1764 absurdum
1567 1720 1673 1776 est,
1713 1726 1905 1780 nempe
1944 1721 2004 1766 ut

431 1799 680 1868 supplicii
722 1799 870 1854 testis
911 1809 1061 1854 esset
1109 1814 1270 1866 unus,
1322 1815 1512 1855 omnes
1559 1802 1996 1856 resurrectionis.

428 1888 715 1960 Nam'quze
748 1890 848 1944 alia
883 1889 1126 1958 subjecta
1178 1897 1260 1944 est
1305 1892 1581 1946 sententia
1633 1892 1718 1947 his
1769 1892 1998 1948 verbis:

431 2002 450 2034 ι
486 1982 638 2049 Quod
674 1993 860 2038 contra
889 1983 1004 2037 tieri
1029 1983 1305 2053 oportuit?
1343 2001 1364 2035 ›

497 2075 585 2128 71.
611 2062 874 2130 Czeterum
901 2090 999 2130 nos
1029 2075 1213 2130 docuit
1239 2074 1421 2139 Jesus,
1447 2075 1569 2144 quis
1588 2077 1737 2130 illum
1769 2077 1996 2143 miserit,

425 2181 548 2220 Clllll
607 2167 725 2221 ait:
759 2185 776 2216 ι
813 2165 979 2222 Nemo
1009 2167 1161 2222 novit
1184 2166 1396 2222 Patrem
1421 2166 1523 2221 nisi
1550 2166 1810 2234 Filius";
1847 2186 1864 2219 ι
1902 2177 1995 2222 et:

427 2277 446 2310 ι
483 2260 646 2312 Deum
689 2273 848 2313 nemo
887 2259 1021 2313 vidit
1067 2273 1326 2328 unquam.
1369 2257 1688 2328 Unigenitus
1719 2257 1878 2324 Deus,
1906 2260 1997 2328 qui

423 2359 506 2403 est
523 2349 571 2402 in
595 2350 713 2403 sinu
740 2349 935 2415 Patris,
961 2350 1074 2420 ipse
1091 2349 1646 2423 enarravitihﬂl
1666 2349 1785 2419 Ipse
1807 2350 1994 2419 estqui

420 2441 486 2493 de
530 2439 637 2493 Deo
675 2454 862 2494 coram
906 2441 1178 2507 germanis
1216 2442 1330 2496 suis
1377 2441 1657 2510 discipulis
1701 2441 1995 2507 disserens,

418 2545 512 2584 eos
537 2545 656 2599 quae
681 2531 745 2584 ad
776 2531 940 2584 Deum
972 2533 1325 2600 pertinerent,
1356 2533 1610 2587 edocuit:
1643 2531 1760 2599 ejus
1788 2548 1996 2588 sermo-

418 2636 548 2673 num
579 2621 823 2689 vcstigia,
853 2635 972 2689 quae
997 2622 1048 2674 iu
1075 2621 1372 2690 Scripturis
1395 2623 1723 2689 invenimus,
1749 2623 1904 2678 nobis
1927 2625 1992 2678 ad

418 2713 791 2767 disserendum
811 2712 877 2766 de
898 2712 1008 2766 Deo
1029 2713 1173 2766 viam
1201 2721 1414 2782 parant.
1442 2711 1538 2766 llic
1561 2713 1703 2766 enim
1727 2712 1988 2784 legimus:

423 2827 441 2856 ι
487 2806 630 2860 Deus
650 2806 742 2860 lux
783 2814 888 2870 est,
921 2815 974 2860 et
1003 2808 1241 2861 tenehrze
1271 2805 1323 2858 in
1352 2819 1418 2859 eo
1449 2821 1556 2859 non
1579 2816 1707 2862 sunt
1739 2805 1940 2875 ullae“.
1965 2823 1985 2856 ι

415 2899 529 2953 lllic
549 2912 680 2953 vero
707 2916 721 2952 :
761 2917 780 2950 ι
819 2897 1057 2967 Spiritus
1089 2888 1177 2952 est
1215 2897 1378 2963 Deus,
1411 2905 1484 2963 et_
1511 2912 1604 2952 eos
1632 2897 1726 2966 qui
1755 2897 1988 2954 adorant

416 3004 560 3055 eum,
599 2993 652 3044 ln
674 2990 866 3058 spiritu
901 2998 956 3043 et
987 2989 1218 3043 veritate
1242 2998 1457 3059 oportet
1479 2991 1706 3045 adorare
1730 2990 1794 3044 ³³.
1821 3008 1841 3042 ι
1877 2989 1981 3048 Sed
2009 3019 2051 3076 ο

415 3081 535 3134 alia:
562 3080 862 3134 innumerae
891 3094 1070 3134 causae
1099 3088 1244 3147 sunt,
1274 3089 1492 3150 propter
1526 3095 1664 3150 quas
1706 3080 1854 3135 illum
1879 3082 1983 3135 Pa-

416 3183 499 3228 ter
521 3173 752 3228 miserit.
787 3173 915 3236 Has,
958 3174 1050 3242 qui
1076 3173 1240 3238 volet,
1274 3174 1521 3241 accipere
1563 3174 1762 3242 poterit
1794 3175 1878 3229 vel
1915 3189 1982 3229 ex

412 3264 713 3334 prophetis,
749 3264 839 3333 qui
869 3263 1015 3318 illum
1043 3267 1570 3334 prtenuntiaver‘unt,
1600 3267 1685 3320 vel
1719 3280 1785 3320 ex
1817 3281 1983 3320 evan-

411 3353 638 3423 gelistis.
683 3352 795 3408 Nec
839 3369 968 3408 vero
1012 3369 1211 3423 paucas
1256 3353 1429 3410 discet
1464 3370 1528 3409 ex
1559 3355 1838 3423 apostolis,
1869 3371 1983 3411 ma-

409 3445 557 3499 xime
589 3459 654 3499 ex
689 3443 877 3499 Paulo.
919 3445 1055 3514 Ipse,
1080 3445 1245 3499 etiam
1285 3458 1388 3509 est,
1425 3447 1516 3516 qui
1548 3446 1741 3516 pietati
1769 3447 1980 3504 deditos

409 3537 660 3604 illustrat,
702 3538 841 3592 etin
886 3545 1198 3607 peccatores
1245 3539 1650 3593 animadvertit.
1701 3539 1866 3608 Cujus
1900 3541 1978 3594 rei

408 3628 629 3697 ignarus
657 3629 847 3684 Celsus
870 3630 1008 3684 dixit
1035 3649 1048 3684 :
1087 3649 1105 3681 ι
1147 3629 1202 3684 Si
1239 3631 1460 3700 quidem
1489 3641 1633 3688 esset
1672 3631 1856 3702 pietati
1887 3633 1978 3687 de-

407 3719 548 3772 ditos
578 3719 970 3794 illustraturus,
1021 3735 1112 3776 eos
1147 3737 1274 3776 vero
1309 3724 1401 3791 qui
1454 3731 1684 3793 peccant
1718 3731 1812 3778 aut
1840 3738 1976 3793 quos

407 3822 760 3878 peccatorum
787 3813 1039 3879 pmnitet,
1077 3813 1458 3868 miseraturus.
1490 3834 1509 3866 ι

475 3901 566 3954 72.
601 3899 790 3955 Postea
817 3903 892 3954 ait
920 3921 932 3955 :
969 3921 986 3953 ι
1011 3903 1067 3957 Si
1098 3903 1417 3958 delitescere
1444 3906 1633 3972 voluit,
1666 3921 1765 3961 cur
1793 3908 1972 3961 audita

403 4006 508 4046 vox
532 4007 562 4046 e
592 3991 728 4046 caelo
751 4002 833 4046 est
861 3992 1008 4046 illum
1050 3993 1142 4048 Dei
1172 3993 1368 4048 Filium
1395 3997 1728 4065 praedicans?
1757 3999 1850 4052 Sin
1875 4014 1975 4052 au-

400 4092 511 4136 tem
546 4082 723 4137 noluit
750 4083 944 4148 latere,
971 4101 1069 4139 cur
1096 4084 1379 4154 suppliciis
1409 4086 1655 4154 affectus,
1688 4103 1787 4143 cur
1828 4105 1974 4145 mor-

401 4185 526 4226 tuus
558 4173 685 4228 est?
715 4193 734 4226 ι
774 4173 980 4239 Quibus
1005 4175 1258 4229 evincere
1288 4185 1459 4244 putat,
1486 4176 1624 4231 inter
1650 4192 1708 4233 se
1730 4192 1972 4250 pugnare

398 4281 518 4332 quae
548 4268 613 4321 de
641 4265 770 4321 Jesu
801 4269 1001 4338 scripta
1037 4277 1186 4323 sunt.
1223 4268 1489 4324 Nimirum
1523 4285 1625 4325 non
1656 4273 1789 4327 vidit
1820 4272 1966 4326 illum

2115 436 2247 500 στὰς
2300 437 2356 488 δέ
2402 436 2563 501 ἐνίοις
2596 439 2704 508 (12)
2732 456 2744 468 ·
2777 458 2796 490 ›
2829 439 2918 491 ὅτε
2974 440 3390 512 ἀπελογούμεθα
3424 445 3562 514 πρὸς
3599 447 3688 512 τό,

2119 544 2137 576 ι
2174 526 2250 578 Ού
2291 528 2452 580 πᾶσιν
2485 528 2716 599 ἑωρᾶτο.
2751 547 2769 579 ι
2807 529 2918 582 Καὶ
2950 528 3046 582 νῦν
3080 529 3137 582 δὲ
3180 533 3446 602 φήσομεν,
3491 535 3574 587 ὅτι
3619 536 3686 589 τὰ

2115 618 2212 688 μὲν
2245 617 2558 689 ἀνθρώπινα
2588 619 2750 672 αὑτοῦ
2779 622 2942 674 πᾶσιν
2967 617 3034 692 ἦν
3061 622 3255 693 ὁρατὰ,
3275 624 3345 678 τὰ
3369 625 3426 678 δὲ
3448 625 3688 700 θειότερα

2089 708 2274 778 (λέγω
2301 710 2358 763 δὲ
2389 712 2449 764 οὐ
2492 712 2620 782 περὶ
2663 711 2772 765 τῶν
2821 713 3001 784 σχέσιν
3039 715 3178 786 πρὸς
3224 716 3386 789 ἕτερα
3431 719 3678 788 ἐχόντων,

2110 800 2244 854 ἀλλὰ
2279 803 2407 874 περ)⁹
2448 802 2554 856 τῶν
2595 803 2734 858 κατὰ
2786 805 3108 876 διαφοράν·)
3157 808 3217 859 οὐ
3262 811 3394 863 πᾶσι
3437 813 3678 883 χωρητά.

2110 891 2355 962 Πρόσχες
2379 893 2434 946 δὲ
2463 895 2557 948 καὶ
2583 899 2648 967 τῇ
2697 896 2847 968 παρὰ
2874 898 3044 970 ’πόδας
3073 899 3169 953 τοῦ
3203 901 3410 954 Κέλσου
3444 903 3683 958 ἐναντιό-

2108 997 2232 1051 τητι
2261 984 2398 1054 πρὸς
2425 985 2634 1039 ἑαυτόν.
2679 987 2964 1056 Προειπὼν
2992 984 3084 1042 οὖν
3112 991 3190 1042 ἐνὶ
3224 992 3429 1062 γυναίῳ
3451 995 3547 1048 κα)⁸
3571 999 3684 1060 τοῖς

2107 1073 2297 1125 ἑαυτοῦ
2330 1073 2620 1140 θιασώταις
2655 1077 2760 1147 (15)
2789 1079 3024 1150 κρύϐδην
3051 1081 3214 1135 αὑτὸν
3242 1086 3682 1154 παραπεφάνθαι,

2107 1160 2306 1225 εὐθέως
2330 1163 2596 1234 ἐπιφέρει·
2615 1183 2637 1213 ‹
2667 1163 3044 1237 Κολαζόμενος
3071 1169 3168 1238 μὲν
3185 1169 3290 1241 ἄρα
3321 1173 3486 1225 πᾶσιν
3513 1174 3685 1245 ἑωρᾶ-

2105 1268 2185 1314 το,
2222 1252 2458 1316 ἀναστὰς
2487 1254 2544 1306 δὲ
2572 1253 2669 1307 ἐνί·
2693 1247 2862 1327 οὗπερ
2895 1259 3059 1329 ἐχρῆν
3087 1263 3422 1315 τούναντίον.
3457 1283 3475 1315 ι
3517 1265 3583 1317 Τί
3626 1267 3681 1318 δὲ

2106 1343 2201 1396 καὶ
2226 1343 2432 1414 νομίζει
2459 1345 2521 1398 τὸ
2549 1346 2736 1416 ἐχρῆν,
2767 1348 3110 1421 ἀκούσωμεν.
3163 1353 3433 1410 Ἐναντίον
3465 1355 3558 1409 τὸν
3583 1358 3680 1426 μὲν

2106 1436 2465 1506 κολαζόμενον
2497 1440 2662 1493 πᾶσιν
2697 1440 2806 1511 (14)
2843 1441 3134 1512 ἑωρᾶσθαι,
3170 1446 3478 1501 ἀναστάντα
3505 1447 3562 1500 δέ
3579 1448 3675 1501 ἐνί.

2108 1527 2269 1579 Ὅσον
2296 1527 2404 1598 γὰρ
2430 1529 2521 1581 ἐπὶ
2549 1533 2615 1600 τῇ
2651 1529 2791 1596 λέξει
2825 1532 3040 1596 ἐαυτοῦ,
3079 1534 3238 1605 1ήθελε
3282 1539 3375 1590 καὶ
3417 1539 3679 1593 ἀδύνατον

2107 1617 2198 1669 καὶ
2222 1617 2432 1686 ἄλογον·
2457 1619 2816 1690 κολαζόμενον
2847 1623 2944 1694 μὲν
2977 1625 3056 1678 ἐνὶ
3083 1627 3332 1696 ὁρᾶσθαι,
3369 1629 3676 1683 ἀναστάντα

2103 1707 2160 1761 δέ
2188 1710 2372 1762 πᾶσιν.
2407 1711 2479 1764 Ἣ
2510 1711 2626 1774 πῶς
2655 1711 2888 1788 διηγήσῃ
2912 1717 2992 1781 τὸ,
3027 1735 3044 1768 ι
3071 1713 3254 1791 Οῦπερ
3274 1720 3440 1790 ἐχρῆν
3459 1722 3677 1777 τούναν-

2102 1797 2213 1850 τίον
2234 1814 2247 1862 ;
2289 1818 2306 1849 ι

2187 2068 2420 2136 Ἔδίδαξε
2448 2070 2505 2124 δὲ
2543 2071 2690 2140 ἡμᾶς
2725 2072 2754 2123 6
2799 2069 3022 2142 Ἰησοῦς,
3060 2071 3150 2126 καὶ
3183 2073 3330 2137 ὅστις
3348 2068 3422 2146 ’ἦν
3463 2077 3490 2128 6
3533 2079 3674 2150 πέμ-

2099 2159 2224 2228 ψας,
2255 2161 2313 2212 ἐν
2342 2159 2439 2230 τῷ,
2468 2179 2486 2211 ι
2521 2160 2711 2223 Οὐδεὶς
2740 2159 2880 2228 ἔγνω
2893 2161 2983 2213 τὸν
2999 2162 3219 2232 Πατέρα
3237 2164 3288 2214 εἰ
3319 2163 3392 2235 μὴ
3415 2167 3443 2217 6
3481 2166 3660 2230 Υἱός-ι

2099 2251 2314 2321 καὶτῷ,
2348 2271 2366 2302 ι
2397 2252 2527 2305 Θεὸν
2555 2251 2725 2314 οὐδεὶς
2751 2250 2961 2322 ἑώρακε
3006 2251 3242 2306 πώποτε.
3289 2255 3347 2307 '0
3381 2259 3671 2330 μονογενὴς

2099 2343 2246 2408 Υἱὸς,
2281 2346 2309 2396 6
2341 2344 2414 2396 ὣν
2451 2346 2531 2406 εἰς
2565 2343 2656 2396 τὸν
2689 2343 2885 2396 κόλπον
2913 2343 3021 2413 (15)
3052 2344 3144 2396 τοῦ
3176 2346 3422 2418 Πατρὸς,
3464 2349 3669 2414 ἐκεῖνος

2097 2436 2418 2507 ἐξηγήσατο.
2461 2454 2479 2486 ι
2530 2435 2763 2498 Ἐκεῖνος
2801 2434 3063 2504 θεολογῶν
3099 2436 3395 2506 ἀπήγγειλε
3432 2439 3503 2491 τὰ
3543 2442 3668 2511 περὶ

2096 2528 2231 2580 Θεοῦ
2270 2531 2381 2590 τοῖς
2415 2529 2660 2598 γνησίοις
2689 2527 2851 2580 αὑτοῦ
2885 2527 3152 2598 μαθηταῖς
3174 2544 3187 2557 ·
3225 2521 3300 2582 ὧν
3329 2529 3446 2601 ἴχνη
3473 2532 3532 2583 ἐν
3560 2537 3668 2597 τοῖς

2094 2620 2498 2691 γεγραμμένοις
2545 2620 2915 2691 εὑρίσκοντες,
2976 2620 3230 2690 ἀφορμὰς
3273 2620 3468 2691 ἔχομεν
3499 2623 3666 2678 θεολο-

2094 2714 2229 2780 γεῖν,
2270 2713 2402 2764 ὅπου
2451 2711 2548 2781 μὲν
2587 2710 2910 2774 ἀκούοντες,
2949 2729 2968 2762 ι
3003 2713 3030 2764 6
3062 2710 3193 2773 Θεὸς
3227 2711 3341 2780 φῶς
3377 2715 3528 2780 ἐστι,
3574 2715 3665 2768 καὶ

2095 2803 2281 2857 σκοτία
2305 2804 2405 2856 οὐκ
2425 2802 2570 2856 ἐστιν
2597 2804 2653 2854 ἐν
2677 2802 2824 2872 αύτῷ
2851 2803 3127 2872 οὐδεμίαοι
3145 2804 3278 2856 ὅπου
3308 2803 3417 2868 δέ,ι
3442 2807 3663 2878 Πνεῦμα

2090 2897 2120 2948 6
2147 2895 2299 2960 Θεὸς,
2339 2889 2433 2948 καὶ
2473 2896 2597 2958 τοὺς
2642 2894 3076 2964 προσκυνοῦντας
3113 2896 3274 2949 αὐτὸν
3305 2897 3365 2950 ἐν
3395 2899 3661 2969 πνεύματι

2091 2987 2182 3040 καὶ
2210 2987 2436 3058 ἀληθείᾳ
2455 2987 2536 3039 δεῖ
2564 2988 2921 3058 προσκυνεῖν.’
2938 3007 2955 3038 ι
2992 2987 3150 3040 Ἀλλὰ
3171 2990 3266 3042 καὶ
3287 2991 3372 3057 ἐφ’
3398 2985 3481 3054 οἷς
3501 2991 3644 3062 ἐπεμ

2083 3078 2182 3148 ψεν
2207 3079 2369 3132 αὐτὸν
2392 3081 2420 3131 6
2453 3077 2667 3150 Πατὴρ,
2700 3077 2870 3148 μυρία
2907 3079 3076 3144 ἐστὶν,
3108 3079 3261 3133 ἅτινα
3283 3081 3312 3132 6
3343 3081 3660 3152 βουλόμενος

2086 3170 2421 3240 μανθανέτω,
2447 3171 2523 3242 πὴ
2548 3171 2645 3241 μέν
2668 3171 2776 3223 ἀπὸ
2803 3171 2910 3222 τῶν
2938 3170 3393 3244 προκηρνξὰντων
3419 3175 3546 3246 περὶ
3566 3176 3662 3228 αὐ-

2080 3262 2175 3314 τοῦ
2219 3262 2541 3333 προφητῶν,
2586 3262 2662 3331 πὴ
2699 3262 2744 3314 δ’
2776 3261 2886 3315 ἀπὸ
2923 3263 3030 3315 τῶν
3071 3263 3492 3332 εύαγγελιστῶν.
3546 3266 3658 3321 Οὐκ

2080 3353 2234 3421 ὀλίγα
2263 3353 2307 3404 δ’
2332 3353 2534 3406 εἴσεται
2560 3354 2654 3406 καὶ
2679 3353 2789 3406 ἀπὸ
2815 3353 2922 3406 τῶν
2945 3353 3278 3422 ἀποστόλων,
3295 3356 3388 3408 καὶ
3423 3356 3656 3426 μάλιστα

2080 3446 2314 3499 Παύλου.
2365 3445 2524 3500 Ἀλλὰ
2562 3447 2654 3498 καὶ
2681 3447 2806 3509 τοὺς
2838 3446 2937 3516 μὲν
2967 3446 3325 3510 εὐσεϐοῦντας
3357 3440 3514 3512 οὗτος
3548 3465 3657 3518 φω-

2077 3541 2333 3605 ταγωγεῖ,
2382 3539 2508 3601 τοὺς
2551 3537 2608 3590 δὲ
2653 3538 3064 3608 ἁμαρτάνοντας
3105 3538 3340 3591 κολάσει·
3386 3539 3522 3610 ὅπερ
3557 3541 3651 3592 οὐκ

2081 3625 2202 3679 ἰδὼν
2227 3628 2254 3678 6
2281 3626 2487 3690 Κέλσος
2518 3627 2803 3697 πεποίηκε’
2836 3645 2855 3677 ι
2897 3627 3004 3679 Καὶ
3023 3627 3148 3690 τοὺς
3177 3627 3275 3697 μὲν
3301 3627 3650 3691 εὐσεϐοῦντας

2079 3720 2500 3789 φωταγωγήσων
2520 3758 2534 3783 ,
2588 3719 2714 3782 τοὺς
2743 3717 2799 3770 δὲ
2828 3717 3240 3789 ἁμαρτάνοντας
3281 3719 3314 3790 ἢ
3355 3720 3647 3790 μεταγνόν-

2074 3827 2172 3874 τας
2205 3810 2313 3879 (16)
2343 3810 2601 3880 ἐλεήσων.
2635 3828 2654 3860 ι

2143 3903 2297 3956 Μετὰ
2339 3901 2512 3955 ταῦτά
2569 3918 2751 3972 φησιν’
2793 3921 2812 3953 ι
2838 3902 3008 3954 Είκαὶ
3052 3899 3300 3955 ἐϐούλετο
3346 3902 3640 3968 λανθάνειν,

2071 3995 2124 4046 τί
2154 3993 2381 4062 ἠκούετο
2425 3995 2459 4065 ἡ
2500 3992 2558 4059 ἐξ
2598 3992 2826 4062 ούρανοῦ
2879 3992 3050 4062 φωνὴ,
3096 3992 3441 4063 κηρύττουσα
3487 3993 3642 4046 αὐτὸν

2073 4083 2199 4135 Υὶὸν
2223 4082 2392 4148 Θεοῦ;
2425 4084 2486 4136 Ei
2511 4083 2553 4135 δ’
2581 4083 2680 4135 οὐκ
2710 4081 2960 4134 ἐϐούλετο
2983 4081 3284 4147 λανθάνειν,
3317 4083 3370 4137 τί
3394 4084 3643 4148 ἐκολάζε-

2070 4191 2163 4238 eo;
2193 4174 2226 4245 ἢ
2259 4174 2314 4226 τί
2341 4173 2683 4244 ἁπέθνησκε;
2708 4192 2724 4223 ›
2767 4173 2876 4225 Καὶ
2916 4173 3086 4225 οἴεται
3129 4175 3186 4226 ἐν
3213 4174 3420 4238 τούτοις
3448 4175 3643 4244 διαφω-

2070 4266 2188 4319 νίαν
2211 4265 2450 4336 ἐλέγχειν
2469 4263 2576 4318 τῶν
2593 4281 2659 4316 πε
2666 4263 2721 4334 ρ).
2741 4262 2903 4316 αὐτοῦ
2927 4264 3345 4335 γεγραμμένων,
3361 4266 3459 4336 οὐχ
3481 4267 3636 4337 ὁρῶν,

397 4359 601 4421 omnia,
634 4373 752 4427 quae
781 4360 846 4414 ad
878 4360 1051 4428 ipsum
1077 4364 1414 4429 spectabant,
1445 4364 1682 4419 noluisse
1705 4374 1762 4418 ut
1789 4367 1962 4420 omni-

2087 4359 2147 4409 ἑτι
2175 4355 2298 4409 οὔτε
2328 4357 2504 4409 πάντα
2541 4354 2608 4408 τὰ
2639 4353 2768 4424 περὶ
2795 4353 2956 4407 αὑτὸν
2991 4354 3240 4407 ἐϐούλετο
3274 4358 3405 4408 πᾶσι
3441 4359 3534 4409 καὶ
3562 4353 3638 4420 οἷς

396 4448 498 4502 bus
538 4461 591 4503 et
627 4449 788 4518 vulgo
839 4459 1117 4518 paterent;
1174 4469 1350 4522 neque
1395 4455 1629 4510 vicissim
1671 4466 1729 4510 ut
1775 4458 1957 4511 omnia

398 4535 648 4593 laterent.
693 4537 847 4592 Unde
900 4554 998 4592 vox
1035 4540 1122 4594 illa
1156 4542 1397 4596 cmlestis
1427 4543 1577 4596 illiilli
1626 4544 1718 4599 Dei
1762 4545 1957 4600 Filium

393 4629 698 4694 praedicans
729 4629 1078 4700 clamansque
1105 4650 1118 4686 :
1150 4649 1168 4680 ι
1196 4631 1293 4686 llic
1324 4643 1406 4688 est
1434 4633 1605 4688 Filius
1646 4651 1796 4689 meus
1828 4637 1961 4692 dile-

395 4727 538 4782 ctus,
570 4719 622 4771 in
654 4734 760 4786 quo
797 4722 1174 4790 complacui“,
1198 4745 1214 4775 ι
1253 4742 1356 4779 non
1398 4725 1595 4780 dicitur
1637 4728 1819 4780 audita
1849 4739 1962 4782 tur-

393 4807 504 4873 bis,
551 4817 608 4862 υι
634 4809 774 4864 Celsi
817 4807 1035 4866 «Iudaeus
1064 4814 1358 4890 existimat.
1403 4816 1470 4869 Et
1499 4815 1586 4868 illa
1635 4831 1736 4869 vox
1782 4818 1832 4870 in
1867 4833 1966 4872 ex-

393 4899 540 4954 celso
574 4910 756 4956 monte
787 4917 817 4956 e
850 4904 991 4958 nube
1027 4905 1226 4958 emissa
1264 4907 1397 4960 solis
1428 4906 1530 4960 illis
1561 4907 1814 4961 exaudita
1847 4908 1968 4974 fuit,

392 4991 483 5058 qui
511 5005 632 5044 cum
674 4991 763 5044 illo
793 4994 1231 5050 ascenderant”.
1271 4996 1458 5049 Divina
1489 4995 1631 5049 enim
1665 4997 1966 5065 hujusmmli

2069 4446 2224 4516 ἔτυχε
2264 4444 2685 4514 γιγνώσκεσθαι,
2730 4443 2854 4496 οὔτε
2899 4445 3076 4498 πάντα
3120 4445 3399 4501 λανθάνειν
3423 4447 3493 4500 τὰ
3520 4447 3636 4500 καθ’

2067 4538 2278 4589 ἑαυτόν.
2326 4537 2389 4588 Ἱὶ
2415 4535 2542 4603 γοῦν
2562 4534 2623 4599 ἐξ
2649 4534 2877 4605 οὐρανοῦ
2904 4535 3075 4606 φωνὴ,
3110 4535 3456 4607 κηρύττουσα
3480 4538 3636 4590 αὐτὸν

2068 4625 2204 4682 εἶναι
2232 4626 2357 4678 Υἱὸν
2390 4624 2546 4688 Θεοῦ,
2577 4625 2668 4678 κα)⁸
2711 4625 2963 4692 λέγουσα,
3010 4644 3028 4675 ι
3053 4619 3220 4688 Οὗτός
3264 4627 3410 4680 ἐστιν
3451 4629 3480 4680 6
3515 4629 3633 4691 Υἱός

2072 4737 2170 4791 μου
2205 4721 2232 4771 6
2259 4717 2535 4787 ἀγαπητὸς
2563 4719 2619 4769 ἐν
2649 4715 2696 4781 ᾧ
2729 4716 3021 4787 ηύδόκησα,
3047 4735 3065 4766 ›
3102 4707 3202 4769 οὐκ
3227 4717 3632 4788 ἀναγέγραπται

2065 4814 2143 4874 εἰς
2176 4811 2404 4880 ἐπήκοον
2429 4807 2534 4878 (l7)
2573 4809 2685 4869 τοῖς
2725 4806 2900 4876 ὄχλοις
2927 4808 3228 4875 γεγονέναι,
3257 4809 3393 4878 ὅπερ
3422 4808 3574 4880 ᾠήθη
3603 4812 3631 4862 6

2066 4904 2272 4957 Κέλσου
2327 4901 2596 4962 Ἰουδαῖος.
2657 4899 2817 4952 Ἀλλὰ
2871 4900 2964 4952 καὶ
3009 4901 3040 4970 ἡ
3084 4900 3142 4954 ἐν
3190 4900 3266 4972 τῷ
3314 4901 3628 4972 ὑψηλοτάτῳ

2066 4999 2182 5068 ὄρει
2225 4993 2333 5047 ἀπὸ
2384 4992 2488 5060 τῆς
2530 4990 2754 5078 νεφέλης
2804 4991 2958 5062 φωνὴ
3010 4990 3191 5062 μόνοις
3240 4992 3470 5060 ἠκούετο
3519 4995 3625 5055 τοῖς

461 5085 505 5114 ³³
538 5083 670 5138 Luc.
707 5102 759 5151 χ,
795 5086 885 5140 22.
962 5083 1183 5141 “Joan.
1211 5101 1250 5152 ι,
1285 5088 1371 5141 18.
1450 5087 1490 5118 ³¹
1518 5087 1767 5153 lJoan.1,
1792 5088 1842 5142 5.
1881 5092 1924 5122 ³³
1949 5093 1987 5146 ,ιι

2095 5133 2106 5144 .
2147 5103 2220 5152 tv,
2245 5085 2336 5140 2:2.
2412 5083 2456 5114 ³³
2478 5082 2668 5136 Matth.
2701 5098 2783 5148 ιιι,
2813 5082 2900 5136 17.
2978 5081 3026 5115 ³⁸
3046 5082 3237 5136 Matth.
3266 5097 3399 5149 xvu,
3429 5082 3485 5137 5.

460 5181 570 5252 (12)
625 5181 908 5252 Ἀναστὰς
959 5180 1027 5233 δὲ
1081 5181 1282 5247 ἐνίοις.
1319 5183 1546 5238 Videtur
1573 5184 1940 5252 scribendum,

387 5249 622 5315 ἀναστὰς
650 5253 706 5305 δὲ
741 5251 840 5315 ἐνί,
870 5264 929 5304 υῑ
957 5253 1116 5321 paulo
1156 5253 1314 5304 inl'ra.

461 5321 571 5392 (i5)
615 5323 703 5375 Sic
731 5336 919 5392 attines
955 5337 1083 5376 mss.
1123 5322 1371 5392 impressi
1399 5337 1524 5376 vero
1556 5321 1842 5392 μαθηταῖς.

435 5390 585 5492 λ(14).
609 5392 763 5462 Legit
803 5391 1146 5458 Boherellus,
1187 5391 1428 5445 ἐναντίον
1469 5390 1567 5462 τῷ
1596 5390 1954 5462 κολαζόμενον

434 5473 509 5521 εν,
539 5473 644 5517 etc.

434 5477 488 5512 εν
575 5477 644 5517 tc.

386 5477 428 5528 μ
455 5477 568 5598 ((5)
610 5533 685 5584 Ita
732 5533 894 5587 codd.
937 5532 1138 5602 Regius
1184 5544 1237 5588 et
1278 5531 1628 5598 Basileensis;
1698 5531 1948 5602 impressi

390 5610 534 5673 vero,
555 5603 646 5673 καὶ
676 5603 965 5673 μονογενής
994 5601 1056 5669 γε
1090 5602 1164 5656 ὢν
1191 5606 1340 5666 Θεὸς,
1361 5605 1388 5656 6
1420 5602 1493 5655 ὢν
1518 5604 1598 5666 εἰς
1624 5603 1712 5655 τὸν
1738 5601 1954 5658 κόλπον.

460 5667 1403 5745 (ιϋ)Ἠ,ιὶεταγνόιλτίὲς.ιεςριιιιυιιι,
1427 5675 1598 5742 inquit
1616 5673 1947 5736 Boherellus,

2051 5185 2124 5258 μὴ
2169 5180 2561 5258 μεταγνόντας,
2611 5187 2703 5258 aut
2750 5179 3321 5258 explicaudtunnquasi
3359 5179 3617 5246 scriptum

2047 5246 2139 5313 git,
2231 5246 2639 5328 ἁμάρτέινοντοις
2661 5246 3293 5328 ἣιμεταγνόνταςηΡιιιιΙρ
3323 5258 3618 5328 posl‘tnss.,

2113 5309 2438 5391 ἐξόύρανοῦ
2478 5309 2647 5387 φωνήν.
2681 5309 2965 5404 Ἰίιιριέἐεξ,
2985 5318 3029 5404 3
3061 5309 3288 5404 ούρανρξ
3320 5309 3620 5404 Εριυνήλιιιι-
3705 5381 3712 5390 ι

2047 5331 2080 5447 ῃ
2113 5331 2170 5390 ἐξ
2209 5331 2438 5391 ούρανου
2478 5331 2647 5397 φωνη.
2694 5331 2965 5384 ItnpreSSI,
2997 5331 3029 5404 η
3061 5331 3288 5398 ούρανοῦ
3320 5331 3494 5385 φωνη.
3528 5331 3618 5368 tnt-

2089 5410 2171 5445 ent
2203 5389 2548 5444 Hteschelius
2583 5403 2635 5440 ιιι
2683 5396 2852 5451 textu,
2893 5387 2941 5438 εί
2979 5387 3008 5439 δ
3071 5402 3170 5437 ουκ
3214 5385 3471 5454 ηὸούλετο
3499 5386 3618 5440 λαν-

2052 5464 2252 5519 θάνειν.

2126 5531 2237 5598 (17)
2257 5526 2660 5603 Εἰς-ἐπήκοον.
2688 5523 2872 5603 lliullet
2898 5523 3210 5578 Bohercllus
3232 5524 3389 5578 unica
3405 5531 3618 5603 _vo‘ce~ct

2059 5603 2112 5656 in
2134 5593 2312 5661 recto,
2329 5593 2666 5663 εἰσεπήκοος.
2688 5593 2850 5646 Paulo
2868 5603 2988 5663 post
3008 5608 3191 5648 omnes
3214 5609 3372 5663 tnss.,
3393 5593 3501 5647 ἀπὸ
3519 5593 3616 5663 τῆς

2058 5669 2281 5737 νεξέλης
2310 5668 2479 5736 φωνή.
2508 5661 2779 5734 Impressi,
2813 5662 2964 5734 φωνὴ
2992 5665 3055 5716 ἐκ
3081 5661 3328 5734 νεφέλης,
