3998 6170
391 247 490 308 909

1581 243 1854 301 CONTRA
1891 241 2166 301 CELSUM
2202 243 2329 297 LIB.
2370 244 2433 298 11.

3515 242 3618 299 910

390 368 744 424 συναναϐᾶσιν
778 369 945 440 αύτῷ.
1002 369 1108 423 Kal.
1152 368 1261 440 γὰρ
1288 368 1506 439 τοιαύτη
1563 370 1707 422 ἐστὶν
1753 370 1785 440 ἠ
1843 367 1959 420 θεία

2067 384 2169 422 vox
2203 383 2230 421 a
2263 367 2393 422 solis
2424 365 2528 420 illis
2565 365 2800 431 auditur,
2845 380 2873 417 a
2923 363 3122 433 quibus
3165 361 3340 416 audiri
3379 364 3493 417 vult
3521 369 3614 432 qui

388 462 560 531 φωνὴ,
583 459 890 531 ἀκουομένη
911 460 1087 530 μόνοις
1107 459 1351 522 ἐκείνοις,
1366 457 1459 522 οὒς
1477 459 1718 528 βούλεται
1737 458 1953 513 ἀκούειν

385 554 413 605 6
439 551 631 619 λέγων.
660 551 882 604 Οὐδέπω
929 550 984 602 δὲ
1012 550 1173 618 λέγω,
1201 550 1283 602 ὅτι
1325 550 1384 601 ού
1422 550 1640 612 πάντως
1678 551 1826 602 ἐστὶν
1848 549 1955 620 ἀὴρ

386 638 787 710 πεπληγμένος·
818 639 851 710 ἢ
884 639 1064 709 πληγὴ
1093 639 1271 708 ἀέρος,
1301 639 1334 708 ἢ
1365 639 1392 690 ὅ
1429 655 1480 690 τι
1512 640 1640 692 ποτὲ
1665 640 1876 707 λέγεται
1898 641 1955 691 ἑν

385 733 497 793 τοῖς
538 729 664 801 περὶ
707 730 890 799 φωνῆς
931 731 963 799 ἡ
1006 729 1425 800 ἀναγραφομένη
1476 728 1625 798 φωνὴ
1657 726 1750 779 τοῦ
1786 726 1950 778 Θεοῦ·

387 820 578 890 διόπερ
599 821 667 890 τῇ
694 819 957 891 κρείττονι
979 820 1078 890 τῆς
1104 819 1370 889 αἰσθητῆς
1392 819 1562 889 ἀκοῆς
1590 819 1681 871 καὶ
1710 817 1956 888 θειοτέρα

385 908 663 962 ἀκούεται.
694 909 804 962 Kal.
831 909 969 962 ἑπάν
999 908 1252 979 βούληται
1283 911 1312 961 6
1340 908 1510 977 λέγων
1542 907 1615 978 μὴ
1644 908 1806 960 πᾶσιν
1835 906 1958 971 ἑξά-

387 1017 612 1054 κουστον
667 997 805 1054 εἶναι
855 1001 956 1072 τὴν
1001 999 1193 1055 ἑαυτοῦ
1243 1000 1444 1071 φωνὴν,
1488 1001 1516 1052 6
1563 1000 1660 1069 μὲν
1707 999 1844 1069 ἔχων
1889 998 1958 1050 τὰ

387 1089 670 1160 κρείττονα
708 1085 820 1144 ὦτα
852 1092 1037 1145 ἀκούει
1080 1090 1235 1158 Θεοῦ,
1266 1094 1294 1144 6
1330 1092 1388 1145 δὲ
1433 1090 1826 1160 κεκωφωμένος
1861 1088 1957 1160 τὴν

386 1180 490 1250 τῆς
522 1181 696 1250 ψυχῆς
741 1181 907 1250 ἀκοὴν
956 1181 1272 1250 ἀναισθητεῖ
1301 1181 1550 1250 λέγοντος
1588 1178 1744 1232 Θεοῦ.
1777 1178 1958 1232 Ταῦτα

391 1272 490 1342 μὲν
519 1273 606 1325 διὰ
622 1272 704 1337 τὸ,
728 1292 745 1322 ‹
766 1273 830 1324 Τί
852 1271 1078 1341 ἠκούετο
1102 1274 1135 1342 ἡ
1167 1272 1225 1338 ἑξ
1252 1270 1479 1342 οὐρανοῦ
1502 1271 1674 1340 φωνὴ,
1701 1272 1734 1340 ἡ
1761 1288 1830 1340 κη
1841 1269 1962 1340 ρύτ-

324 1423 336 1435 ι
388 1382 556 1417 τουσα
582 1363 740 1416 αὑτὸν
774 1364 900 1417 Υἱὸν
925 1360 1093 1427 Θεοῦ;
1127 1382 1144 1414 ι
1174 1365 1253 1426 εἰς
1281 1362 1336 1414 δὲ
1353 1362 1431 1425 τὸ,
1456 1381 1474 1412 ι
1497 1363 1559 1414 El
1588 1362 1688 1414 οὐκ
1718 1361 1961 1414 ἐϐούλετο

387 1455 687 1519 λανθάνειν,
709 1454 760 1506 τί
783 1455 1095 1520 ἑκολάζετο;
1125 1455 1158 1526 ἢ
1187 1454 1240 1508 τί
1263 1454 1634 1525 ἀπέθνησκεν;
1664 1474 1682 1504 ›
1711 1454 1872 1525 ἀρκεῖ
1894 1455 1961 1506 τὰ

391 1544 632 1617 περὶτοῦ
669 1546 869 1609 πάθους
912 1547 1040 1617 ἡμῖν
1085 1547 1172 1600 διὰ
1203 1543 1460 1599 πλειόνων
1486 1547 1542 1598 έν
1571 1548 1682 1608 τοῖς
1706 1545 1963 1616 ἀνωτέρω

389 1637 709 1707 λελεγμένα.

2057 458 2315 526 loquitur.
2345 456 2412 512 Ut
2440 457 2656 512 interim
2689 455 3099 524 praetermittam
3127 455 3265 507 hanc
3299 454 3394 508 Dei
3425 472 3615 513 vocem
3642 500 3646 505 .

2057 564 2164 604 non
2196 564 2315 606 esse
2358 556 2450 602 aut
2490 563 2803 616 percussum
2849 560 3053 609 aerem,
3089 554 3182 599 aut
3208 547 3617 613 percussionem

2056 637 2220 702 aeris,
2253 644 2345 690 aut
2375 636 2639 705 quidquid
2673 635 2819 688 aliud
2851 634 2918 688 de
2968 635 3114 686 vocis
3156 644 3346 688 natura
3377 635 3480 689 dici
3524 651 3610 689 so-

2056 724 2150 780 let.
2189 725 2341 779 Unde
2371 723 2433 776 lit
2485 733 2546 778 ut
2583 738 2686 778 non
2719 723 2967 777 audiatur
2998 723 3097 776 nisi
3131 723 3197 776 ab
3222 737 3311 788 eo,
3340 726 3432 792 qui
3481 739 3619 792 pra:-

2057 815 2319 869 stantiore
2356 815 2564 877 auditu,
2599 829 2762 880 quam
2791 824 2872 868 est
2898 815 3056 884 hujus
3088 815 3356 882 corporis,
3386 817 3619 869 divinio-

2058 920 2224 975 reque
2270 905 2528 973 praeditus
2575 914 2772 958 estzet
2803 920 2923 957 cum
2971 905 3112 960 Deus
3156 922 3261 960 non
3310 907 3422 960 vult
3461 923 3616 962 suam

2059 999 2309 1054 omnibus
2342 996 2513 1050 audiri
2553 1011 2760 1060 vocem,
2793 995 2881 1049 ille
2907 997 3054 1050 solus
3089 999 3291 1061 audiat,
3327 999 3417 1067 qui
3464 1002 3618 1054 audi-

2063 1101 2173 1143 tum
2205 1089 2352 1142 illum
2389 1088 2821 1156 praestantiorem
2855 1086 3050 1152 habet;
3086 1088 3174 1144 ille
3203 1104 3328 1145 vero
3362 1107 3465 1146 non
3493 1109 3620 1161 per—

2061 1178 2223 1248 cipiat
2258 1178 2350 1247 qui
2393 1177 2582 1230 surdas
2616 1181 2810 1230 anima:
2862 1191 3020 1230 aures
3067 1179 3249 1234 habet.
3293 1182 3465 1250 Atque
3505 1185 3622 1240 haec

2061 1279 2245 1322 contra
2282 1270 2459 1322 istud:
2492 1287 2510 1319 ι
2537 1269 2802 1334 Quorsum
2831 1269 3014 1322 audita
3056 1284 3161 1323 vox
3197 1285 3226 1324 e
3259 1274 3396 1327 cmlo
3427 1282 3527 1336 est.
3561 1275 3623 1328 il-

2061 1357 2168 1411 lum
2207 1343 2522 1412 Dei-Filium
2570 1359 2942 1426 praedicans?»
2975 1358 3127 1425 Quod
3156 1362 3406 1429 sequitur
3435 1384 3447 1418 :
3478 1382 3496 1415 ι
3526 1365 3621 1419 Sin

2062 1458 2240 1501 autem
2287 1447 2604 1502 delitescere
2647 1449 2838 1512 noluit,
2890 1464 2988 1502 cur
3033 1450 3316 1519 suppliciis
3374 1451 3619 1518 allectus,

2062 1554 2159 1592 cur
2188 1547 2431 1593 mortuus
2475 1539 2635 1593 est?)
2686 1539 2824 1592 satis
2876 1538 3150 1607 repulsum
3197 1549 3302 1605 est,
3351 1557 3471 1596 cum
3506 1543 3625 1601 fuse

2062 1645 2223 1696 Supra
2258 1630 2322 1682 de
2354 1633 2469 1695 ejus
2503 1629 2752 1698 passione
2788 1629 3097 1697 agebamus.

475 1728 772 1782 Ἐκτίθεται
829 1729 886 1782 δὲ
946 1731 1082 1799 μετὰ
1111 1727 1280 1782 ταῦτα
1325 1730 1354 1781 6
1386 1728 1592 1781 Κέλσου
1617 1726 1863 1789 Ἰουδαῖος
1896 1725 1959 1788 ὡς

2143 1721 2230 1774 73.
2266 1721 2360 1776 llis
2387 1722 2663 1791 subjungit
2695 1721 2831 1776 Celsi
2854 1721 3070 1777 Judaats
3100 1724 3252 1792 quasi
3287 1740 3397 1779 rem
3429 1742 3623 1782 conse-

389 1819 676 1872 ἀκόλουθον
713 1820 773 1872 τὸ
820 1821 893 1890 μὴ
938 1819 1244 1872 ἀκόλουθον·
1291 1819 1352 1871 οὐ
1393 1819 1500 1888 γὰρ
1543 1817 1823 1872 ἀκολουθεῖ
1857 1815 1953 1885 τῷ,

403 1909 691 1978 Ἦθέλησεν
727 1910 871 1979 ἡμᾶς
895 1909 962 1962 δι’
993 1903 1066 1962 ὦν
1095 1909 1324 1962 πέπονθε
1345 1908 1616 1964 κολάσεων
1641 1907 1844 1973 διδάξαι
1869 1908 1960 1959 καὶ

391 1995 618 2050 θανάτου
659 2000 1034 2068 καταφρονεῖν,
1072 1998 1153 2061 τὸ,
1198 1998 1526 2051 Ἀναστάντα
1559 1998 1718 2050 αὐτὸν
1764 1999 1828 2049 ἐκ
1872 2015 1958 2052 νε-

389 2085 537 2159 κρῶν
569 2088 814 2162 φανερῶς
843 2090 923 2152 είς
959 2089 1073 2156 φῶς
1113 2089 1337 2142 καλέσαι
1369 2090 1574 2152 πάντας
1606 2089 1700 2142 καὶ
1729 2087 1956 2152 διδάξαι,

388 2174 448 2233 οῦ
475 2182 631 2252 χάριν
667 2181 1034 2252 κατεληλύθει.
1058 2182 1152 2243 Εἰς
1173 2182 1285 2250 φῶς
1305 2181 1412 2252 γὰρ
1441 2181 1703 2255 πρότερον
1735 2181 1959 2234 ἑκάλεσε

389 2271 612 2335 πάντας,
647 2271 833 2326 εἰπών·
872 2291 890 2323 ι
914 2272 1076 2325 Δεῦτε
1105 2274 1302 2336 πάντες
1333 2274 1383 2325 οἱ
1418 2272 1714 2336 κοπιῶντες
1745 2275 1837 2326 καὶ
1867 2291 1961 2325 πε-

390 2361 755 2432 φορτισμένοι,
786 2361 940 2429 κάγὼ
973 2361 1273 2415 ἀναπαύσω
1312 2363 1475 2431 ὑμᾶς.
1499 2381 1517 2412 ι
1557 2363 1666 2414 Kal.
1706 2356 1767 2415 οὗ
1797 2363 1959 2433 χάριν

390 2451 744 2522 κατελήλυθεν
769 2451 1177 2522 ἀναγέγραπται
1200 2451 1257 2502 ἑν
1287 2447 1367 2513 οἷς
1395 2450 1670 2520 ἀποτάδην
1702 2452 1959 2520 κεκίνηκε

390 2541 569 2608 λόγοις
608 2544 664 2594 ἑν
697 2545 1080 2612 μακαρισμοῖς,
1127 2543 1220 2594 καὶ
1265 2545 1379 2605 τοῖς
1412 2541 1538 2613 ἑξῆς
1569 2543 1750 2605 αὐτοῖς
1781 2543 1959 2612 ἀπαγ-

389 2629 751 2700 γελλομένοις,
785 2632 880 2684 καὶ
926 2633 982 2684 ἑν
1023 2631 1378 2701 παραϐολαῖς,
1418 2634 1512 2687 καὶ
1556 2634 1613 2688 ἑν
1661 2638 1780 2698 ταῖς
1826 2637 1960 2706 πρὸς

389 2726 514 2787 τοὺς
536 2725 882 2796 γραμματεῖς
905 2724 998 2776 καὶ
1020 2725 1346 2795 Φαρισαίους
1372 2727 1626 2797 ὁμιλίαις.
1648 2727 1720 2780 Τὸ
1740 2727 1796 2780 δὲ
1821 2727 1962 2781 κατά

402 2816 650 2887 Ἰωάννην
681 2814 792 2888 (18)
822 2815 1147 2885 Εὐαγγέλιον
1178 2817 1277 2869 ὅσα
1303 2817 1557 2883 ἐδίδαξεν,
1586 2817 1825 2873 ἔκκειται
1855 2835 1959 2872 πα-

389 2907 644 2978 ριστάντα
668 2909 766 2979 τὴν
805 2905 980 2980 Ἰησοῦ
1005 2909 1105 2960 οὐκ
1135 2910 1192 2960 ἑν
1220 2907 1449 2972 λέξεσιν,
1468 2909 1581 2962 ἀλλ’
1598 2911 1655 2962 ἑν
1673 2912 1958 2982 πράγμασι

391 2999 810 3072 μεγαλοφωνίαν·
846 3001 939 3053 καὶ
977 2997 1136 3070 δῆλός
1169 2999 1316 3052 ἑστιν
1350 3000 1416 3053 ὲκ
1452 2998 1560 3052 τῶν
1593 3000 1955 3070 Εὐαγγελίων,

2067 1820 2341 1882 quenlem,
2376 1827 2494 1880 quae
2541 1821 2721 1864 tamen
2769 1811 2986 1866 minimc
3028 1817 3397 1884 consequitur.
3438 1818 3625 1888 Neque

2066 1903 2231 1965 enim,
2264 1902 2517 1969 qquam
2548 1901 2718 1956 voluit
2769 1910 2827 1955 ut
2874 1919 2938 1956 ex
2981 1904 3282 1974 suppliciis,
3332 1924 3452 1978 qua:
3499 1925 3623 1980 per-

2069 1991 2210 2057 tulit,
2241 2000 2468 2044 mortem
2514 2001 2858 2047 contemnere
2887 1993 3218 2051 disceremus
3241 2039 3256 2062 ,
3285 2013 3626 2070 consequens

2066 2089 2168 2145 est,
2202 2093 2259 2134 ut
2288 2082 2571 2135 emortuis
2613 2082 2881 2138 excitatus
2924 2085 3172 2142 debuerit
3216 2089 3391 2159 palam
3437 2107 3626 2148 omnes

2066 2175 2130 2226 ad
2159 2173 2327 2227 lucem
2353 2189 2547 2228 vocare
2573 2183 2628 2229 et
2654 2177 2869 2241 docere,
2895 2179 3050 2246 cujus
3077 2177 3339 2237 rei'causa
3371 2186 3621 2241 venisset.

2066 2262 2199 2317 Nam
2229 2265 2462 2333 primum
2494 2265 2707 2319 vocavit
2742 2266 2809 2319 ad
2842 2265 3014 2320 lucem
3049 2284 3258 2335 omnes,
3288 2287 3409 2326 cum
3445 2274 3620 2328 dixit:

2071 2373 2088 2405 ‹
2103 2355 2318 2420 Venite,
2337 2353 2499 2426 442
2514 2369 2700 2412 omnes
2727 2358 2816 2425 qui
2829 2358 3091 2412 laboratis
3106 2363 3378 2416 etonerati
3406 2364 3556 2430 estis,
3572 2375 3628 2420 et

2066 2462 2166 2517 ego
2198 2447 2432 2500 reﬁciam
2463 2462 2558 2502 vos
2573 2447 2671 2501 ⁸⁵.»
2705 2447 2771 2501 Et
2799 2449 2954 2519 cujus
2995 2464 3160 2506 causa
3195 2454 3428 2521 venerit,
3472 2455 3623 2512 Scri-

2066 2546 2219 2606 ptura
2262 2538 2520 2608 explicat,
2568 2540 2684 2593 sive
2710 2555 2828 2594 cum
2867 2554 3198 2608 sermonem,
3224 2559 3382 2613 quem
3417 2547 3530 2614 ille,
3569 2559 3626 2603 et

2066 2629 2276 2699 prolixe
2323 2630 2564 2699 quidem,
2596 2630 2723 2685 fecit
2757 2631 2821 2685 de
2852 2631 3295 2700 beatitudinibus,
3345 2637 3458 2692 sive
3499 2653 3624 2694 cum

2067 2734 2186 2787 quae
2217 2731 2333 2789 post
2367 2719 2513 2772 illum
2543 2732 2848 2776 sermonem
2881 2723 3025 2778 dicta
3059 2735 3205 2792 sunt,
3237 2727 3352 2781 sive
3381 2744 3500 2784 cum
3525 2747 3624 2800 pa-

2067 2809 2300 2872 rabolas.
2339 2811 2455 2866 sive
2485 2813 2699 2867 tandem
2728 2813 2997 2884 colloquia
3037 2831 3159 2870 cum
3189 2819 3384 2874 scribis
3405 2829 3459 2876 et
3480 2820 3624 2877 Pha-

2067 2899 2238 2957 risznis
2285 2902 2464 2957 habita
2509 2915 2923 2960 commemorat.
2961 2907 3026 2960 Et
3052 2908 3396 2980 Evangelium
3428 2927 3626 2969 secun-

2067 2993 2194 3045 dum
2237 2991 2501 3048 Joannem
2554 2995 2698 3062 quod
2739 2994 2901 3051 Jesus
2945 2997 3210 3068 docuerit,
3254 3014 3624 3071 repraesentat,

387 3091 470 3145 ὃτι
499 3091 591 3144 καὶ
617 3091 674 3144 ἑν
700 3089 917 3162 ἐξουσίᾳ
946 3085 1014 3162 ἦν
1039 3092 1068 3143 6
1090 3089 1246 3159 λόγος
1277 3090 1461 3158 αὐτοῦ,
1499 3092 1585 3162 ἐφ’
1604 3084 1649 3160 ᾧ
1674 3093 1770 3146 καὶ
1797 3093 1958 3147 ἑθαύ-

2062 3082 2285 3151 ejusque
2307 3085 2843 3155 magniloquentiam.
2863 3103 2982 3156 quae
3009 3089 3060 3142 in
3090 3091 3248 3146 rebus
3268 3094 3438 3164 magis
3461 3110 3622 3164 quam

393 3180 580 3252 μαζον.

460 3446 570 3500 Καὶ
615 3445 745 3498 πᾶσι
803 3462 865 3514 γε
906 3444 1114 3510 τούτοις
1138 3447 1379 3517 ἐπιλέγει
1403 3450 1432 3502 6
1454 3447 1661 3503 Κέλσου
1689 3451 1956 3515 Ἰουδαῖος·

397 3553 415 3586 ι
440 3533 622 3588 Ταῦτα
659 3535 756 3606 μὲν
782 3531 873 3588 οῦν
899 3537 1024 3607 ὑμῖν
1056 3539 1120 3590 ἑκ
1157 3537 1263 3589 τῶν
1285 3539 1561 3609 ὑμετέρων
1595 3543 1960 3612 συγγραμμά-

386 3645 513 3694 των,
542 3627 625 3696 ἑφ’
661 3625 740 3690 οἷς
765 3628 977 3691 οὐδενὸς
999 3628 1155 3682 ἄλλου
1187 3630 1461 3700 μάρτυρος
1490 3631 1777 3702 χρῄζομεν·
1809 3633 1962 3687 αὐτοὶ

388 3718 496 3789 γὰρ
526 3720 732 3783 ἑαυτοῖς
779 3722 1153 3792 περιπίπτετε.
1179 3741 1196 3773 ι
1248 3721 1581 3793 Ἠλέγξαμεν
1609 3724 1653 3776 δ’
1691 3725 1773 3776 ὅτι
1811 3725 1962 3795 παρά

387 3809 455 3862 τὰ
506 3810 744 3882 ἡμέτερα
786 3811 894 3864 τῶν
941 3811 1286 3880 Εύαγγελίων
1335 3813 1739 3882 συγγράμματα
1791 3814 1960 3867 πολλὰ

387 3900 761 3972 πεφλυάρηται
805 3903 861 3953 ὲν
903 3905 1016 3964 τοῖς
1067 3902 1161 3954 τοῦ
1223 3903 1477 3955 Ἰουδαίου
1525 3903 1637 3956 εἴτε
1687 3905 1825 3974 πρὸς
1869 3905 1958 3958 τὸν

399 3991 602 4061 Ἰησοῦν
629 3992 742 4044 εἴτε
772 3991 907 4064 πρὸς
940 3992 1085 4061 ἡμᾶς
1111 3992 1307 4059 λόγοις.
1347 3994 1454 4045 Καὶ
1486 3993 1584 4064 οὐχ
1605 3994 1843 4065 ἡγοῦμαί
1872 4013 1955 4064 γε,

383 4081 466 4132 ὅτι
523 4081 852 4148 παρέστησε,
905 4079 1021 4140 πῶς
1071 4080 1228 4148 ἡμεῖς
1271 4080 1482 4142 ἑαυτοῖς
1535 4081 1953 4150 περιπίπτομεν·

385 4169 522 4224 ἀλλά
544 4170 699 4239 μόνον
719 4170 906 4223 οἴεται.
947 4169 1097 4222 Ἐπεὶ
1116 4170 1172 4222 δὲ
1195 4169 1514 4241 προστίθησι
1535 4172 1742 4233 τούτοις
1767 4172 1795 4223 6
1834 4173 1959 4223 Ἰου-

384 4262 530 4322 δαῖος
559 4258 743 4322 αὐτοῦ,
771 4261 852 4312 ὅτι
883 4260 1036 4321 ὅλως,
1069 4278 1088 4311 ι
1117 4256 1186 4312 Ὦ
1217 4260 1448 4330 ’Ὑψιστε
1482 4262 1575 4314 καὶ
1607 4262 1845 4332 οὐράνιε,
1874 4263 1958 4325 τίς

385 4352 518 4416 Θεὸς
570 4350 758 4423 παρὼν
813 4353 893 4414 είς
937 4351 1255 4423 ἀνθρώπους
1303 4354 1645 4417 ἀπιστεῖται;
1672 4373 1688 4404 ι
1741 4353 1956 4406 λεκτέον

2062 3172 2116 3225 in
2148 3173 2326 3226 verbis
2348 3175 2522 3242 posita
2555 3183 2693 3230 erat.
2723 3176 2862 3242 Quin
2894 3187 2947 3231 et
2977 3193 3044 3234 ex
3073 3181 3381 3252 Evangeliis
3411 3197 3627 3243 constat

2062 3277 2181 3317 enim
2217 3263 2450 3318 locutum
2478 3266 2644 3322 fuisse
2673 3269 2827 3338 quasi
2859 3279 3175 3341 potestatem
3198 3275 3444 3346 haberet,
3470 3280 3539 3334 ita
3564 3290 3626 3336 ut

2062 3369 2252 3411 omnes
2285 3357 2764 3416 admirarentur“.

2131 3447 2219 3501 7-1.
2256 3447 2379 3502 llaec
2409 3450 2589 3504 omnia
2615 3450 2694 3505 sic
2723 3451 2861 3507 Celsi
2893 3451 3108 3510 Iudaeus
3137 3457 3411 3514 concludit
3437 3476 3452 3515 :
3487 3481 3506 3514 ι
3530 3463 3626 3518 At-

2064 3553 2165 3607 que
2197 3539 2309 3594 hatc
2335 3541 2485 3594 vobis
2513 3556 2576 3594 ex
2611 3545 2806 3598 vestris
2834 3544 3074 3614 ipsorum
3105 3548 3405 3618 Scripturis
3432 3564 3624 3622 protu-

2020 3621 2028 3630 ’
2063 3627 2253 3697 limus;
2285 3641 2485 3699 praeter
2510 3647 2647 3700 quas
2682 3633 2825 3688 nullo
2855 3636 2962 3689 alio
2992 3645 3128 3692 teste
3155 3639 3311 3694 nobis
3341 3621 3474 3710 opus
3498 3642 3621 3700 fuit.

2061 3720 2164 3789 ipsi
2191 3723 2335 3775 enim
2366 3737 2460 3776 vos
2492 3734 2672 3778 vestro
2700 3724 2878 3793 gladio
2917 3728 3195 3797 jugulatis.
3218 3748 3237 3782 ι
3276 3731 3382 3786 Sed
3424 3734 3623 3803 proba-

2065 3824 2174 3866 tum
2203 3822 2285 3867 est
2316 3812 2554 3869 Judaeum
2585 3817 2752 3871 multa
2786 3829 2978 3874 contra
3008 3820 3192 3878 Jesum
3219 3832 3273 3879 et
3301 3837 3491 3881 contra
3523 3845 3622 3887 nos

2061 3902 2342 3968 ell'utiisse,
2370 3922 2489 3975 quae
2534 3920 2600 3960 ex
2646 3906 2958 3979 Evangeliis
3005 3915 3211 3968 nostris
3250 3930 3356 3969 non
3386 3917 3621 3975 duxerit.

2060 3995 2168 4050 Nec
2191 3998 2425 4052 arbitror
2455 3998 2606 4051 illum
2637 3998 2906 4065 effecisse,
2950 4004 3092 4071 quod
3131 4005 3232 4060 sibi
3268 4015 3440 4060 tamen
3471 4009 3624 4079 ﬁngit

2062 4087 2174 4154 ipse
2202 4088 2491 4151 somnium,
2527 4104 2623 4144 nos
2651 4101 2841 4144 contra
2873 4093 3236 4160 nosmetipsos
3275 4099 3620 4165 pugnavisse.

2059 4175 2342 4230 Exclamat
2371 4179 2530 4244 paulo
2559 4189 2680 4246 post
2707 4179 2925 4233 Judazus
2954 4199 2967 4233 :
3002 4199 3019 4232 ι
3043 4178 3322 4237 Altissime
3359 4188 3643 4241 cmloruuv

2060 4266 2231 4319 Deus!
2263 4268 2384 4334 quis
2439 4268 2580 4322 Deus
2626 4270 2768 4322 inter
2817 4271 3064 4325 homines
3096 4283 3342 4329 versatus
3368 4291 3472 4330 non
3524 4279 3627 4333 im-

2062 4357 2294 4422 petravit
2323 4356 2519 4410 Iidem?
2543 4374 2561 4406 ›
2595 4359 2676 4412 Ad
2692 4359 2830 4426 quod
2859 4360 2937 4414 sic
2954 4375 3052 4429 ego
3067 4367 3364 4432 respondeo
3388 4383 3402 4420 :
3428 4366 3624 4424 Narrat

385 4445 519 4516 πρὸς
549 4444 709 4498 αὐτὸν
743 4443 823 4496 ὅτι
871 4444 964 4496 καὶ
1007 4442 1144 4496 κατά
1189 4443 1278 4496 τὸν
1319 4444 1598 4507 Μωῦσέως
1637 4445 1798 4515 νόμον
1825 4444 1956 4507 Θεὸς

2066 4443 2296 4499 Mosnica
2350 4446 2435 4499 lex
2477 4445 2642 4499 Deum
2688 4425 2928 4501 Hebraeis
2975 4425 3299 4517 praesentem
3349 4455 3620 4526 adfuisse;

385 4533 753 4604 ἐναργέστατα
804 4531 1227 4603 παραγεγονέναι
1277 4535 1387 4597 τοῖς
1445 4532 1712 4604 Ἑϐραίοις
1757 4534 1953 4600 ἀναγε-

383 4625 719 4696 γραμμένος,
761 4623 822 4676 οὐ
876 4624 1031 4693 μόνον
1075 4623 1213 4676 κατὰ
1245 4624 1316 4677 τὰ
1361 4627 1418 4676 ὲν
1462 4623 1719 4694 Αἰγύπτῳ
1754 4627 1953 4695 σημεῖα

387 4718 478 4768 καὶ
505 4717 726 4789 τέρατα,
759 4716 839 4768 ἑτι
879 4715 936 4767 δὲ
977 4715 1075 4784 τὴν
1107 4715 1274 4768 δίοδον
1307 4715 1407 4784 τῆς
1445 4715 1708 4789 Ἐρυθρᾶς
1751 4716 1950 4770 θαλάσ-

392 4820 508 4875 σης,
539 4808 632 4859 καὶ
661 4806 750 4858 τὸν
775 4804 961 4858 στύλον
999 4804 1092 4857 τοῦ
1129 4806 1296 4877 πυρὸς
1335 4806 1428 4858 καὶ
1469 4805 1566 4878 τὴν
1597 4807 1822 4877 νεφέλην
1853 4805 1947 4860 τοῦ

390 4897 586 4963 φωτὸς,
629 4898 763 4950 ἀλλά
803 4901 894 4952 καὶ
930 4901 1090 4969 ἡνίκα
1151 4902 1183 4970 ἡ
1234 4900 1522 4968 δεκάλογος
1569 4897 1673 4970 ὅλῳ
1713 4898 1791 4970 τῷ
1839 4897 1952 4968 λαῷ

389 4989 776 5058 ἀπηγγέλλετο,
823 4993 1093 5062 ἠπιστήθη
1145 4992 1247 5044 ὑπὸ
1299 4992 1405 5043 τῶν
1463 4990 1696 5044 εἰδότων·
1738 4991 1837 5042 οὐκ
1885 4989 1952 5042 ἂν

388 5081 529 5152 γὰρ,
579 5082 922 5145 πιστεύοντες
963 5084 1039 5153 τῷ
1100 5084 1395 5155 ἑωραμένῳ
1455 5084 1548 5137 καὶ
1603 5081 1948 5144 ἀκουσθέντι,

392 5175 588 5244 μόσχον
635 5173 1055 5248 κατεσκεύασαν·
1124 5193 1141 5224 ι
1165 5176 1270 5226 οὐδ’
1293 5194 1311 5225 ι
1379 5174 1673 5244 ἠλλάξαντο
1708 5173 1772 5226 ἂν
1806 5191 1824 5223 ι
1852 5172 1950 5242 τὴν

385 5265 538 5331 δόξαν
561 5262 769 5317 ἑαυτῶν
790 5265 844 5315 ὲν
867 5263 1166 5333 ὁμοιώματι
1193 5266 1390 5335 μόσχου
1423 5260 1686 5326 ἐσθίοντος
1703 5264 1945 5334 χόρτον.»
1973 5306 1978 5311 .

2063 4551 2237 4604 neque
2272 4537 2442 4592 solum
2477 4552 2600 4593 cum
2627 4539 2678 4591 in
2712 4538 2945 4609 ngypto
2971 4541 3124 4611 signa
3155 4552 3210 4596 et
3248 4545 3491 4615 prodigia
3528 4564 3622 4617 pa.

2061 4630 2260 4696 trahat,
2293 4645 2413 4684 cum
2443 4646 2540 4697 per
2569 4647 2715 4685 mare
2737 4632 2980 4686 Rubrum
3006 4634 3289 4686 transitum
3319 4637 3619 4705 aperiebat,

2059 4734 2180 4774 cum
2213 4734 2310 4789 per
2336 4720 2639 4775 columnam
2673 4715 2906 4792 igne-am,
2952 4739 3049 4791 per
3072 4724 3392 4781 luminosam
3421 4731 3616 4784 nubem

2058 4812 2164 4865 illis
2192 4813 2436 4880 prazibat,
2475 4813 2568 4866 sed
2613 4815 2776 4867 etiam
2824 4827 2948 4868 cum
2995 4813 3318 4885 Decalogum
3364 4820 3617 4874 tradidit:

2059 4917 2160 4958 nec
2195 4913 2372 4957 tamen
2400 4918 2430 4957 a
2464 4904 2776 4960 videntibus
2818 4905 3130 4974 impetravit
3177 4907 3359 4963 ﬁdem.
3396 4908 3530 4964 Nam
3565 4912 3633 4965 ei,

2060 5008 2220 5062 quem
2260 4995 2518 5049 videbant
2562 5009 2616 5052 et
2656 4998 2966 5064 audiebant,
2993 4999 3038 5052 si
3076 5000 3234 5053 [idem
3267 5002 3616 5066 habuissent,

2058 5099 2166 5137 non
2197 5084 2424 5139 vitulum
2464 5086 2563 5141 sibi
2605 5089 2963 5154 conflassent;
2998 5107 3017 5141 ι
3043 5104 3146 5145 ηοη
3177 5098 3478 5145 mutassent
3502 5093 3620 5160 glo-

2057 5175 2193 5228 riam
2228 5191 2376 5231 suant
2409 5177 2461 5231 in
2489 5179 2902 5235 similitudinem
2946 5180 3096 5236 vituli
3141 5181 3477 5236 comedentis
3538 5177 3621 5234 fe-

2058 5268 2274 5334 num";
2299 5287 2318 5321 ι
2355 5272 2560 5326 nonde
2607 5272 2700 5328 illo
2745 5273 2914 5328 vitulo
2957 5273 3062 5333 sibi
3104 5283 3289 5328 mutuo
3322 5271 3613 5328 dixissent:

461 5444 506 5476 ³⁸
528 5443 717 5498 Matth.
758 5457 832 5506 XI,
865 5440 951 5495 28.
1028 5441 1072 5472 ³⁸
1101 5441 1288 5496 Matth.
1320 5458 1412 5508 vn,
1446 5443 1536 5496 ΞΒ.
1610 5443 1654 5474 ³⁷
1688 5441 1828 5497 Psal.
1862 5457 1952 5508 cv,
1980 5441 2071 5498 20.

460 5599 565 5682 (18)
591 5597 747 5654 Κατὰ
787 5598 1190 5682 Ἰωάγνη-νᾼιει
1216 5598 1548 5682 τεθερεοίιετ
1575 5597 1802 5669 Regius;
1846 5599 1945 5652 im-

392 5669 562 5739 pressi
606 5684 765 5737 vero,
806 5669 946 5723 κατὰ
1007 5671 1271 5726 Ἰωάννου.
1312 5669 1507 5724 Ibidem
1556 5685 1741 5724 omnes
1789 5686 1942 5735 tuss.,

2052 5598 2294 5653 ἔκκειται
2329 5601 2684 5670 παριστάντα,
2716 5601 2938 5670 Optime,
2971 5607 3026 5652 et
3045 5612 3334 5670 perperam
3360 5597 3618 5654 llmsche-

2051 5671 2154 5724 lius
2181 5669 2488 5739 suSpicatur
2514 5669 2793 5743 legendum
2821 5669 3110 5740 παριστάν.
