3998 6170
422 243 519 297 911

1856 237 2176 293 ΟΒΙΟΕΝΙΞ

3555 241 3659 296 912

411 360 448 434 ἰ
478 356 543 408 lli
573 364 697 410 sunt
723 354 795 409 dii
827 354 930 416 tui,
960 353 1147 421 Israel,
1181 355 1271 424 qui
1315 354 1616 408 eduxerunt
1643 363 1695 407 te
1737 355 1810 408 de.
1844 363 1969 406 terr:

2089 353 2194 406 οὐδ’
2224 351 2403 420 ἔλεγον
2437 351 2502 405 ἂν
2527 352 2662 422 πρὸς
2692 351 2952 422 ἀλλήλους
2983 351 3110 421 περὶ
3135 350 3228 404 τοῦ
3255 350 3476 422 μόσχου·
3512 369 3530 400 α
3553 348 3658 408 Οὗ-

420 449 640 519 }Egypti
687 448 752 502 ³⁸.
803 466 822 498 ι
875 447 970 500 llic
1021 449 1278 501 observes
1325 445 1485 500 velim
1544 461 1720 499 annon
1773 460 1984 516 semper

422 543 587 594 iidem
643 542 754 594 sint
813 538 1005 593 Judazi.
1057 538 1405 604 Quantalibet
1474 538 1738 592 miracula
1793 538 1983 592 fecerit

422 630 587 694 Deus,
619 629 916 699 quamlibet
949 629 1233 698 perspicue
1260 628 1366 682 illis
1397 628 1652 694 adfuerit,
1686 629 1853 683 nihilo
1877 645 1986 682 ma-

421 720 505 790 gis
534 722 609 775 illi
641 723 798 776 ﬁdem
848 721 1156 774 tribuerunt
1193 728 1308 773 toto
1352 719 1444 772 illo
1491 727 1735 787 tempore
1777 733 1885 788 quo
1928 719 1981 771 in

421 815 634 867 deserto
662 819 1092 880 permanserunt,
1124 818 1184 863 ut
1224 810 1277 865 in
1325 810 1441 878 lege
1484 809 1684 879 Moysis
1719 809 1980 878 scriptum

418 915 523 958 est.
547 903 613 957 Et
637 918 776 957 nunc
800 917 900 957 nec
920 902 1258 956 admirabilis
1280 900 1403 956 Iesu
1429 901 1715 968 adventus,
1745 915 1844 954 nec
1869 914 1982 956 ser-

418 1008 606 1048 mones
665 1008 789 1047 cum
845 1001 1118 1062 potestate
1163 990 1358 1057 habiti,
1407 1005 1507 1046 nec
1554 991 1767 1044 insolita
1801 1006 1980 1044 coram

415 1085 560 1138 onmi
589 1083 787 1152 populo
825 1091 1036 1153 patrata
1069 1081 1332 1135 miracula
1359 1095 1452 1136 eos
1481 1081 1750 1135 adducere
1791 1089 1981 1150 potue—

415 1186 563 1241 runt,
589 1185 644 1229 ut
668 1190 791 1231 eum
824 1177 1146 1244 reciperent.

486 1268 573 1322 75.
606 1268 781 1335 Atque
811 1266 922 1320 hzce
946 1267 1080 1320 satis
1105 1278 1228 1318 esse
1252 1265 1488 1320 arbitror
1520 1263 1750 1333 probare
1777 1264 1978 1318 volenti

414 1357 721 1414 Judzeorum
747 1357 799 1412 in
831 1355 1013 1410 Jesum
1043 1356 1472 1409 incredulitatem
1502 1355 1567 1409 iis
1596 1369 1716 1410 esse
1757 1369 1980 1409 consen-

416 1460 652 1512 taneam,
685 1464 806 1519 quae
834 1449 900 1502 ab
930 1447 1084 1502 initio
1113 1456 1239 1501 sunt
1281 1446 1345 1500 de
1391 1445 1483 1500 illo
1509 1446 1702 1515 populo
1729 1445 1977 1499 mandata

414 1542 634 1596 litteris.
674 1539 878 1594 Dicenti
915 1539 1058 1593 enim
1082 1537 1223 1593 Celsi
1257 1536 1442 1592 Judaeo
1473 1551 1485 1589 :
1519 1555 1535 1588 ι
1561 1538 1693 1602 Quis
1728 1536 1866 1589 Deus
1903 1536 1980 1588 in-

418 1647 499 1687 ter
528 1633 775 1687 homines
798 1642 1044 1687 versatus
1075 1646 1182 1688 non
1213 1631 1518 1698 impetravit
1541 1630 1715 1692 ﬁdem,
1747 1629 1978 1682 maxime

2086 446 2165 498 τοί
2185 447 2321 497 εἰσιν
2342 446 2391 497 οἱ
2409 443 2520 496 θεοί
2540 461 2654 506 σου,
2683 443 2914 515 Ἰσραὴλ,
2945 443 3138 507 οἵτινες
3162 443 3434 514 ἀνήγαγόν
3466 460 3526 495 σε
3549 442 3657 513 (19)

2084 537 2149 588 ἐκ
2178 536 2281 604 γῆς
2303 535 2594 602 Αἰγύπτου.
2623 554 2640 585 ι
2680 534 2785 586 Καὶ
2815 535 2936 605 ὅρα,
2960 536 3008 587 εἰ
3034 535 3107 605 μὴ
3134 535 3275 588 κατὰ
3301 536 3429 598 τοὺς
3457 536 3654 599 αὑτούς

2084 627 2220 690 ἐστι,
2251 624 2588 698 τηλικούτοις
2642 624 2946 694 τεραστίοις
2996 625 3089 677 καὶ
3131 610 3423 688 τοσαύταις
3460 626 3658 694 ἐπιφα-

2083 717 2253 781 νείαις
2303 716 2436 769 Θεοῦ
2483 716 2576 768 καὶ
2623 716 2884 786 πρότερον
2935 716 3232 786 ἀπιστῆσαι
3282 717 3351 770 δι’
3395 717 3524 788 ὃλης
3560 718 3661 788 τῆς

2083 809 2311 878 ἐρήμου,
2359 809 2434 871 ὡς
2465 809 2522 860 ἐν
2557 808 2636 878 τῷ
2681 807 2828 877 νόμῳ
2866 807 3130 861 Ἰουδαίων
3177 807 3505 880 γέγραπται·
3568 810 3661 863 καὶ

2086 899 2224 951 κατά
2251 898 2348 969 τὴν
2394 897 2565 968 Ἰησοῦ
2588 897 2882 968 παράδοξον
2907 898 3200 968 ἐπιδημίαν
3225 900 3300 970 μὴ
3330 901 3533 954 ἁλῶναι
3557 903 3660 953 ὑπὸ

2084 987 2190 1040 τῶν
2222 991 2337 1058 μετ’
2391 987 2636 1052 ἐξουσίας
2667 987 2814 1059 αὑτῴ
2852 990 3153 1060 εἰρημένων
3186 991 3378 1058 λόγων,
3425 996 3518 1046 καὶ
3552 994 3658 1046 τῶν

2084 1079 2404 1151 παραδόξως
2438 1080 2588 1151 αὑτῷ
2625 1081 2682 1132 ἐν
2723 1080 2843 1149 ὄψει
2884 1082 3084 1147 παντὸς
3108 1083 3202 1136 τοῦ
3243 1083 3372 1136 λαοῦ
3407 1101 3657 1156 πεπραγ-

2086 1173 2277 1241 μένων.

2153 1265 2264 1317 Καὶ
2303 1265 2460 1318 ἱκανὰ
2485 1281 2548 1333 γε
2596 1265 2798 1334 νομίζω
2845 1264 3015 1318 ταῦτα
3068 1262 3206 1320 εἶναι
3243 1267 3319 1338 τῷ
3355 1268 3655 1340 βουλομένῳ

2083 1357 2428 1426 παραστῆσαι
2481 1356 2578 1426 τὴν
2637 1355 2901 1410 Ἰουδαίων
2943 1358 3054 1428 (20)
3113 1360 3250 1430 πρὸς
3298 1360 3391 1414 τὸν
3453 1363 3654 1432 Ἰησοῦν

2080 1448 2352 1501 ἀπιστίαν·
2393 1448 2475 1500 ὅτι
2508 1447 2795 1510 ἀκόλουθος
2832 1444 2899 1518 ἦν
2930 1448 3067 1519 αῦτη
3096 1455 3207 1512 τοῖς
3238 1451 3296 1515 ἐξ
3324 1453 3502 1522 ἀρχῆς
3531 1454 3654 1524 περὶ

2079 1538 2171 1591 τοῦ
2201 1537 2329 1591 λαοῦ
2363 1539 2890 1609 ἀναγεγραμμένοις.
2921 1539 3146 1610 Εἵποιμι
3176 1541 3282 1612 γὰρ
3313 1542 3378 1594 ἂν
3409 1543 3545 1614 πρὸς
3566 1545 3652 1596 τὸν

2080 1630 2306 1698 λέγοντα
2328 1631 2476 1700 παρὰ
2497 1631 2573 1701 τῷ
2603 1633 2792 1701 Κέλσῳ
2813 1631 2922 1703 (21)
2955 1633 3223 1686 Ἰουδαῖον·
3253 1635 3376 1697 «Τίς
3397 1635 3529 1698 Θεὸς
3550 1656 3650 1689 πα-

342 1722 354 1733 “
415 1741 536 1779 cum
567 1725 633 1779 ad
667 1739 760 1779 eos
792 1725 938 1778 venit
966 1724 1056 1793 qui
1092 1738 1214 1778 eum
1264 1724 1618 1777 adventurum
1652 1721 1969 1789 sperabant?

2082 1725 2186 1794 ρὼν
2197 1724 2274 1786 εἰς
2287 1722 2602 1795 ἀνθρώπους
2619 1725 2944 1788 ἀπιστεῖται,
2961 1723 3236 1779 καὶταῦτα
3251 1721 3330 1788 οἷς
3347 1726 3650 1790 ἐλπίζουσιν

415 1815 694 1883 Quomodo
730 1829 834 1868 non
869 1815 1201 1885 agnoscitur,
1241 1813 1330 1882 qui
1381 1821 1489 1866 tam
1544 1813 1742 1866 dudum
1784 1825 1974 1878 exspe-

414 1921 595 1966 ctatus
655 1908 878 1963 venit?»
940 1923 1254 1977 reponerem
1308 1921 1452 1975 ego:
1501 1905 1640 1971 Quid
1695 1904 1888 1966 vultis,
1942 1919 1974 1958 o

412 2003 560 2066 boui,
585 2001 779 2055 vestris
798 1998 1308 2067 interrogationibus
1338 1994 1798 2066 respondeamus?
1814 1993 1974 2067 M3

418 2093 547 2148 Utra
574 2092 748 2157 vobis,
787 2100 968 2146 vestro
1001 2091 1214 2159 quidem
1237 2089 1462 2158 judicio,
1487 2090 1692 2155 maiora
1724 2087 1976 2141 videntur

412 2197 533 2236 esse
565 2181 844 2245 miracula,
882 2195 999 2248 quae
1029 2180 1081 2232 in
1119 2175 1350 2250 Aigypto
1387 2186 1481 2231 aut
1507 2177 1559 2231 in
1588 2177 1804 2231 deserto
1834 2177 1972 2230 facta

411 2281 556 2335 sunt,
594 2287 660 2325 an
693 2285 810 2339 quae
842 2284 940 2323 nos
968 2268 1149 2323 Jesum
1179 2269 1317 2338 apud
1354 2282 1448 2321 vos
1479 2266 1674 2321 fecisse
1705 2266 1975 2320 dicimus?

410 2362 541 2414 Nam
578 2361 623 2415 si
657 2375 724 2413 ex
754 2359 907 2413 vobis
943 2359 1125 2428 priora
1155 2367 1281 2412 sunt
1315 2356 1516 2424 majora
1547 2353 1935 2425 posterioribus
1955 2393 1972 2418 ,

413 2467 590 2506 nonne
623 2451 965 2522 perspicuum
997 2457 1082 2503 est
1120 2449 1240 2504 ideo
1269 2463 1386 2512 vos,
1418 2448 1541 2517 quia
1571 2447 1863 2517 majoribus
1883 2461 1973 2500 as-

411 2543 711 2598 sueveratis
735 2543 994 2610 derogare
1024 2540 1202 2604 ﬁdem,
1229 2540 1438 2594 minora
1471 2548 1789 2607 aspernatos
1819 2539 1973 2592 esse?

409 2634 542 2688 Nam
574 2635 780 2688 minora
827 2633 1027 2703 putatis
1061 2647 1180 2702 quae
1204 2633 1268 2686 de
1304 2630 1432 2686 Jesu
1466 2632 1716 2686 dicimus.
1747 2629 1841 2684 Sin
1874 2645 1970 2684 au-

411 2738 520 2780 tem
550 2723 677 2779 Jesu
720 2723 982 2776 miracula
1029 2723 1099 2776 iis
1139 2736 1264 2776 esse
1298 2722 1448 2790 paria
1485 2721 1769 2784 dicantur,
1794 2733 1913 2786 quae
1942 2733 1970 2769 a

410 2816 594 2884 Moyse
630 2814 773 2869 facta
803 2829 925 2868 esse
955 2818 1226 2866 testantur
1253 2810 1549 2878 Scriptura:
1568 2847 1584 2875 ,
1615 2809 1744 2877 quid
1773 2808 1970 2862 mirum

409 2907 452 2962 si
481 2907 622 2960 idem
659 2905 888 2975 p0pulus
914 2917 1068 2972 aeque
1093 2901 1181 2956 hic
1215 2911 1378 2970 atque
1413 2899 1524 2954 illic
1551 2914 1673 2954 mox
1711 2913 1740 2952 a
1771 2898 1974 2969 princi—

411 2999 498 3068 pio
532 2996 838 3050 incredulus
885 2995 1026 3049 fuit?
1059 2994 1192 3048 Nam
1229 2993 1384 3047 vobis
1421 3006 1518 3060 per
1558 2989 1798 3061 Moysem
1845 2989 1970 3044 data

407 3087 644 3157 primum
681 3096 764 3140 est
793 3087 876 3140 lex
903 3123 919 3150 ,
948 3086 1000 3138 in
1031 3099 1136 3152 qua
1167 3091 1345 3137 vestra
1380 3079 1677 3134 inﬁdelium
1716 3085 1772 3132 et
1803 3077 1972 3133 delin-

406 3180 688 3248 quentium
737 3185 956 3247 peccata
1001 3176 1426 3245 consignantur;
1459 3171 1644 3226 Jesum
1685 3180 1865 3226 autem
1914 3169 1969 3223 in

407 3273 660 3327 confesso
689 3279 774 3326 est
806 3269 959 3324 nobis
985 3281 1108 3323 esse
1141 3281 1291 3321 novae
1322 3265 1456 3335 legis
1485 3264 1718 3333 novique
1750 3263 1971 3318 fcederis

407 3373 714 3419 auctorem.
752 3360 940 3426 Itaque
972 3357 1153 3413 Jesum
1189 3356 1489 3425 respuendo
1523 3369 1618 3410 vos
1652 3355 1752 3424 ipsi
1781 3363 1967 3410 contra

402 3467 500 3509 vos
531 3452 684 3509 fertis
709 3449 1102 3515 testimonium,
1135 3461 1232 3502 vos
1259 3462 1380 3502 esse
1411 3447 1549 3501 ﬁlios
1574 3460 1761 3500 eorum
1795 3448 1886 3515 qui
1913 3447 1966 3500 in

402 3552 617 3602 deserto
641 3546 805 3600 Deum
834 3559 893 3598 se
921 3552 1028 3596 tam
1053 3549 1238 3611 aperte
1260 3539 1617 3612 conspicuum
1640 3538 1966 3611 praebentem

401 3655 509 3696 non
541 3646 914 3708 agnoverunt:
949 3644 1004 3690 et
1030 3636 1082 3689 in
1112 3644 1348 3690 vestram
1378 3634 1809 3689 incredulitatem
1844 3645 1966 3702 apte

400 3731 654 3786 convenit
675 3729 818 3796 quod
847 3742 875 3780 a
906 3726 1189 3781 Salvatore
1214 3736 1399 3781 nostro
1428 3726 1630 3780 dictum
1660 3736 1740 3780 est
1761 3745 1773 3780 :
1796 3745 1813 3777 ι
1838 3727 1967 3780 l’ro—

403 3824 547 3876 l'ecto
571 3819 955 3884 testiﬁcamini,
979 3818 1122 3885 quod
1139 3817 1457 3872 consentitis
1476 3818 1726 3886 operibus
1751 3827 1963 3886 patrum

399 3922 702 3966 vestrorum
731 3911 794 3964 "z
837 3927 856 3962 ι
914 3909 1083 3976 inque
1127 3907 1283 3962 vobis
1331 3908 1534 3961 exitum
1595 3909 1761 3962 habet
1824 3910 1962 3962 istud

398 4001 750 4057 vaticinium:
797 4018 816 4051 ι
839 3999 957 4053 Erit
991 3999 1098 4052 vita
1130 4007 1309 4052 vestra
1351 3999 1591 4066 pendens
1618 4011 1743 4053 ante
1780 4002 1965 4055 oculos

398 4101 631 4156 vestros,
663 4103 716 4148 et
745 4107 850 4146 non
883 4092 1117 4146 credetis
1146 4091 1268 4144 vita:
1303 4099 1498 4144 vestrae
1519 4090 1585 4149 "°.
1621 4109 1641 4142 ι
1679 4090 1794 4145 Non
1822 4093 1962 4144 enim

396 4184 556 4239 ﬁdem
605 4185 875 4240 habuistis
921 4187 1088 4248 vitae,
1133 4197 1253 4252 qua:
1291 4181 1434 4235 inter
1463 4181 1710 4236 homines
1752 4191 1962 4237 versata

394 4287 497 4332 est.

2079 1813 2417 1881 ἐπιφαίνεται
2438 1830 2451 1877 ;
2475 1813 2506 1884 ἢ
2533 1813 2582 1865 τί
2602 1812 2798 1882 δήποτε
2821 1814 2931 1874 τοῖς
2948 1811 3114 1866 πάλαι
3135 1813 3579 1884 προσδεχομένοις
3591 1816 3648 1866 ού

2076 1904 2396 1974 γνωρίζεται
2411 1919 2424 1967 ;
2439 1899 2542 1966 no,
2561 1903 2624 1955 Τί
2643 1901 2912 1972 βούλεσθε,
2930 1895 2974 1954 ὦ
2987 1895 3150 1965 οῦτοι,
3171 1903 3306 1974 πρὸς
3320 1903 3417 1966 τὰς
3435 1905 3651 1966 πεύσεις

2074 1993 2231 2064 ἡμῶν
2275 1993 2386 2063 (22)
2434 1991 2845 2063 ἀποκρίνεσθαι;
2892 1993 3046 2047 Ποῖαι
3095 1993 3354 2063 δυνάμεις
3409 1995 3645 2064 μείζους,

2076 2087 2199 2138 ὅσον
2242 2085 2335 2137 ἐπὶ
2374 2084 2612 2156 ὑμετέρᾳ
2655 2083 2942 2154 ὑπολήψει,
2991 2081 3128 2139 εἶναι
3175 2086 3301 2156 ὑμῖν
3350 2087 3644 2154 φαίνονται,

2075 2180 2131 2234 αἱ
2165 2181 2220 2232 ἐν
2249 2178 2506 2247 Αἰγύπτῳ
2529 2178 2623 2230 καὶ
2647 2180 2711 2248 τῇ
2740 2180 2950 2249 ἐρήμῳ,
2980 2179 3012 2246 ἢ
3049 2177 3084 2230 δι
3116 2177 3324 2248 ἔφαμεν
3370 2181 3530 2250 ἡμεῖς
3553 2197 3644 2232 πε-

2076 2270 2358 2341 ποιηκέναι
2387 2270 2476 2323 τὸν
2516 2268 2724 2338 Ἰησοῦν
2753 2270 2880 2339 παρ’
2908 2270 3069 2338 ὑμῖν;
3096 2270 3158 2322 El
3185 2271 3282 2339 μὲν
3304 2270 3414 2341 γὰρ
3444 2274 3643 2324 ἐκεῖναι

2079 2360 2298 2431 μείζους
2349 2357 2552 2413 τούτων
2597 2358 2718 2412 καθ’
2755 2359 2900 2429 ὑμᾶς
2948 2359 3081 2411 είσι·
3135 2359 3250 2422 πῶς
3279 2359 3378 2412 οὑκ
3425 2361 3643 2414 αὐτόθεν

2074 2451 2372 2503 δείκνυνται
2401 2447 2535 2518 (25),
2581 2449 2664 2501 ὅτι
2696 2447 2839 2502 κοιτά
2873 2447 2932 2500 τὸ
2962 2443 3092 2518 ἦθος
3124 2447 3231 2500 τῶν
3263 2451 3374 2511 τοῖς
3408 2449 3643 2518 μείζοσιν

2075 2543 2486 2613 ἀπιστησάντων
2519 2542 2636 2594 ἐστὶ
2664 2541 2840 2594 καὶτὸ
2867 2539 2973 2594 τῶν
3000 2541 3233 2611 ἡττόνων
3263 2545 3636 2612 καταφρονεῖ-ις

2073 2632 2230 2688 τοῦτο
2259 2633 2366 2703 γὰρ
2399 2630 2836 2702 ὑπολαμϐάνεται
2875 2630 3003 2699 περὶ
3036 2623 3110 2683 ὧν
3142 2629 3371 2700 λέγομεν
3400 2631 3527 2702 περὶ
3552 2630 3640 2683 τοῦ

2087 2725 2277 2796 Ἰησοῦ”
2311 2725 2358 2776 εί
2384 2725 2441 2776 δὲ
2478 2723 2588 2776 ἴσαι
2620 2723 2864 2790 λέγονται
2894 2721 3019 2792 περὶ
3042 2720 3136 2773 τοῦ
3181 2720 3351 2791 Ἰησοῦ
3389 2721 3501 2790 (24)
3527 2723 3641 2784 ταῖς

2073 2817 2586 2888 ἀναγεγραμμέναις
2621 2814 2724 2866 ὑπὸ
2767 2813 3064 2877 Μωῦσέως,
3099 2812 3152 2864 τί
3186 2811 3332 2876 ξένον
3368 2813 3638 2883 ἀπήντησε

2073 2907 2185 2978 λαῷ
2215 2909 2331 2961 κατ’
2363 2905 2676 2977 ἀμφοτέρας
2703 2905 2800 2968 τὰς
2831 2904 3004 2975 ἀρχὰς
3023 2903 3131 2956 τῶν
3154 2902 3493 2974 πραγμάτων
3523 2904 3640 2956 ἀπι·

2076 2999 2322 3066 στοῦντι;
2383 2997 2549 3070 Ἀρχὴ
2595 2997 2692 3068 μὲν
2725 2997 2832 3067 γάρ
2877 2995 3193 3066 νομοθεσίας
3237 2996 3328 3048 ἐπὶ
3367 2994 3638 3056 Μωῡσέως

2070 3088 2159 3164 ἦν,
2192 3093 2248 3143 ἐν
2335 3089 2404 3143 τὰ
2430 3091 2802 3160 ἁμαρτήματα
2826 3089 2930 3142 τῶν
2957 3088 3198 3141 ἀπίστων
3222 3089 3316 3142 καὶ
3339 3087 3446 3142 τῶν
3471 3089 3638 3157 ἁμαρ-

2070 3186 2335 3239 τανόντων
2369 3183 2521 3254 ὑμῶν
2557 3183 2669 3253 (25)
2707 3182 3149 3252 ἀναγέγραπται·
3199 3179 3342 3251 ἀρχὴ
3380 3180 3438 3232 δέ
3484 3197 3637 3250 νομο-

2071 3276 2252 3339 θεσίας
2287 3275 2380 3328 καὶ¹
2411 3275 2674 3344 διαθήκης
2697 3273 2955 3344 δευτέρας
2978 3271 3118 3326 κατά
3141 3272 3231 3325 τὸν
3271 3273 3478 3342 Ἰησοῦν
3511 3275 3636 3344 ἡμῖν

2068 3367 2345 3435 γεγονέναι
2371 3364 2728 3434 ὁμολογεῖται.
2756 3363 2864 3416 Καὶ
2889 3365 3212 3433 μαρτυρεῖτε
3232 3363 3296 3414 δι’
3323 3355 3396 3415 ὧν
3422 3361 3500 3432 τῷ
3539 3364 3637 3433 Ἰη-

2069 3457 2163 3511 σοῦ
2197 3459 2493 3520 ἀπιστεῖτε,
2527 3456 2609 3507 ὄτι
2642 3454 2745 3506 υἱοί
2777 3455 2899 3505 ἐστε
2933 3453 3038 3506 τῶν
3073 3455 3130 3505 ἐν
3168 3455 3234 3524 τῇ
3271 3456 3464 3524 ἐρήμῳ
3506 3457 3634 3507 ἀπι-

2069 3547 2376 3618 στησάντων
2409 3545 2528 3608 ταῖς
2568 3541 2739 3607 θείαις
2780 3541 3149 3612 ἐπιφανείαιςν
3187 3541 3280 3595 καὶ
3317 3541 3377 3596 τὸ
3409 3543 3513 3596 ὑπὺ
3543 3543 3634 3596 τοῦ

2068 3639 2319 3709 Σωτῆρος
2357 3636 2513 3708 ἡμῶν
2555 3635 2840 3706 εἰρημένον
2882 3627 2976 3687 καὶ
3011 3634 3148 3705 πρὸς
3187 3635 3337 3704 ,ὑμᾶς
3369 3633 3632 3698 λελέξεται

2068 3730 2476 3798 ἁπιστήσαντας
2504 3725 2648 3795 αὑτῷ
2667 3742 2679 3755 ·
2710 3727 2792 3778 ὅτι
2831 3743 2850 3776 ι
2889 3725 3030 3796 ’Ἄρα
3067 3723 3339 3798 μάρτυρές
3371 3726 3516 3790 ἐστε,
3542 3725 3633 3780 καὶ

2067 3819 2436 3874 συνευδοκεῖτε
2467 3820 2579 3880 τοῖς
2619 3817 2802 3887 ἔργοις
2839 3815 2946 3868 τῶν
2974 3817 3222 3886 πατέρων
3254 3815 3429 3886 ὑμῶν.
3471 3835 3490 3868 ι
3526 3816 3632 3870 Καὶ

2066 3911 2359 3984 πληροῦται
2391 3913 2447 3964 ἐν
2477 3910 2604 3980 ὑμῖν
2634 3911 2668 3980 ἡ
2693 3908 2922 3978 λέγουσα
2955 3907 3280 3979 προφητεία.
3318 3926 3337 3959 ι
3382 3907 3628 3978 Ἐσταιή

2065 4004 2179 4076 ζωὴ
2213 4003 2365 4073 ὑμῶν
2392 4001 2713 4072 κρεμαμένη
2744 3999 2971 4052 ἐνώπιον
2997 3999 3104 4051 τῶν
3134 3999 3425 4069 ὀφθαλμῶν
3460 4000 3628 4070 ὑμῶν,

2065 4096 2158 4149 καὶ
2189 4098 2250 4148 οὑ
2287 4097 2361 4168 μὴ
2394 4093 2716 4163 πιστεύητε
2748 4094 2813 4162 τῇ
2851 4089 2960 4162 ζωῇ
2995 4091 3168 4161 ὑμῶν.
3204 4111 3222 4141 ι
3260 4093 3333 4144 υὺ
3377 4092 3486 4163 γὰρ
3518 4095 3624 4144 ἐπι-

2065 4186 2321 4240 στεύσατε
2353 4187 2417 4256 τῇ
2448 4180 2874 4253 ἐπιδεδημηκυίᾳ
2902 4179 2979 4250 τῷ
3009 4179 3154 4248 γένει
3186 4180 3293 4234 τῶν
3333 4179 3630 4252 ἀνθρώπων

2064 4279 2195 4350 ζωῇ·

463 4371 551 4423 76.
587 4370 770 4441 Neque
802 4385 934 4426 vero
969 4369 1262 4439 quidquam
1297 4367 1486 4424 Celsus
1513 4366 1681 4422 Judaei
1715 4383 1959 4434 personae

2133 4370 2243 4438 Οὐχ
2289 4362 2413 4439 εὗρε
2458 4367 2502 4421 δ’
2551 4369 2580 4420 ὁ
2620 4365 2842 4427 Κέλσος,
2886 4362 3315 4435 προσωποποιῶν
3361 4362 3454 4415 τὸν
3504 4363 3628 4414 Ἰου-

395 4479 422 4515 a
454 4477 512 4516 se
540 4465 770 4518 induciae
791 4464 1064 4519 ascribere
1090 4465 1283 4531 potuit,
1311 4464 1456 4531 quod
1479 4464 1526 4516 ei
1553 4478 1581 4516 a
1611 4463 1724 4534 lege
1753 4474 1806 4518 et
1835 4479 1958 4534 pro-

391 4555 570 4622 phetis
601 4571 704 4608 non
741 4556 1052 4623 objieiatur.
1081 4554 1213 4609 Cum
1245 4555 1427 4608 Jesum
1457 4594 1471 4618 ,
1499 4555 1731 4622 exempli
1755 4570 1915 4609 causa
1939 4595 1953 4619 ,

393 4645 715 4699 criminatur
742 4648 854 4702 sic:
891 4668 910 4698 ι
939 4647 1224 4713 Promptus
1254 4647 1320 4698 ad
1355 4646 1529 4699 minas
1572 4655 1625 4699 et
1653 4647 1718 4699 ad
1750 4647 1959 4717 vitupe-

392 4736 516 4799 ria,
551 4731 830 4787 clamitat:
871 4733 962 4788 Vae
998 4735 1149 4788 vobis
1177 4775 1193 4799 ,
1241 4734 1476 4804 praedico
1520 4734 1692 4790 vobis.
1733 4733 1808 4786 Ex
1849 4750 1957 4802 quo

389 4824 671 4879 evidenter
703 4824 994 4880 conﬁtetur
1045 4841 1104 4880 se
1147 4828 1483 4895 persuadere
1531 4840 1634 4879 non
1674 4811 1851 4892 posse.
1900 4824 1954 4878 ld

387 4915 534 4980 quod
566 4929 668 4969 nee
704 4915 758 4968 in
786 4913 950 4968 Deum
972 4953 988 4980 ,
1014 4915 1122 4968 imo
1151 4930 1249 4970 nee
1281 4915 1330 4967 in
1358 4915 1630 4969 hominem
1653 4915 1954 4983 sapientem

2059 4463 2223 4520 δαῖον,
2264 4461 2483 4512 τοιαῦτα
2521 4457 2667 4527 αὑτῷ
2717 4456 3011 4528 περιθεῖναι
3052 4458 3109 4508 ἐν
3154 4454 3232 4524 τῷ
3275 4454 3437 4524 λόγῳ,
3473 4455 3625 4507 ὁποῖα

2058 4555 2158 4606 οὑκ
2189 4553 2254 4606 ἂν
2282 4551 2427 4621 αὑτῷ
2449 4550 2555 4604 ἀπὸ
2585 4551 2693 4603 τῶν
2718 4548 2961 4619 νομίμων
2992 4548 3084 4602 καὶ
3109 4546 3460 4617 προφητικῶν
3489 4561 3621 4618 προ-

2059 4645 2276 4714 φέροιτο
2301 4642 2551 4714 Γραφῶν.
2581 4640 2870 4712 Μέμφεται
2899 4639 3006 4710 γὰρ
3027 4639 3116 4691 τὸν
3153 4637 3378 4708 Ἰησοῦν,
3409 4636 3624 4690 τοιαῦτα

2057 4736 2228 4801 λέγων
2262 4734 2388 4803 περὶ
2426 4731 2619 4786 αὐτοῦ’
2658 4751 2676 4782 ‹
2725 4730 2972 4793 Ἀπειλεῖ,
3008 4731 3101 4784 καὶ
3133 4729 3361 4799 λοιδορεῖ
3401 4729 3615 4798 κούφως

2058 4827 2256 4878 ὁπόταν
2299 4824 2452 4896 λέγῃ,
2484 4825 2618 4877 Οὐαὶ
2648 4825 2796 4894 ὑμῖν,
2829 4825 2921 4876 καὶ
2951 4823 3197 4894 προλέγω
3217 4823 3363 4891 ὑμῖν.
3408 4823 3495 4874 Ἐν
3519 4821 3623 4892 γὰρ

2057 4917 2267 4980 τούτοις
2293 4917 2548 4987 ἄντικρυς
2571 4917 2838 4987 ὁμολογεῖ,
2868 4916 2949 4969 ὅτι
2973 4919 3152 4969 πεῖσαι
3185 4916 3453 4970 ἀδυνατεῖ·
3490 4916 3621 4984 ὅπερ

459 5050 502 5082 ³⁸
532 5049 702 5104 Exod.
729 5063 903 5114 χχχιι,
927 5049 982 5103 4.
1055 5049 1097 5082 ³⁹
1126 5048 1256 5103 Luc.
1282 5063 1354 5121 XI,
1379 5048 1471 5105 48.
1547 5049 1592 5081 ’⁵ο
1628 5049 1784 5103 Deut.
1817 5065 2002 5117 xxvut,
2031 5051 2118 5104 66.

457 5164 568 5234 (19)
605 5161 753 5234 Μεεη
781 5161 1056 5234 ἀνήγαγόν
1089 5178 1167 5214 σε.
1219 5161 1468 5231 Impress.
1513 5162 1582 5215 ad
1629 5161 1947 5229 marginem,

382 5233 708 5288 ἀνεϐίϐασαν
724 5240 818 5286 σε.

379 5305 563 5427 saga)
603 5304 753 5426 3:55.,
780 5302 878 5373 τὴν
917 5299 1203 5367 Ἰουδαίων,
1233 5309 1342 5355 etc.
1366 5299 1637 5369 Impressi,
1671 5297 1778 5352 τῶν
1822 5301 1953 5352 Ἰουη

515 5393 562 5427 ν.
593 5389 622 5427 c
650 5389 698 5427 c.

515 5393 562 5436 ν,
593 5389 698 5428 etc.

453 5443 561 5514 (2|)
600 5443 767 5510 Παρὰ
810 5438 890 5514 τῷ
937 5441 1170 5505 Κέλσῳ.
1209 5438 1423 5514 Optime
1473 5452 1663 5495 omnes
1713 5453 1841 5492 mss.
1888 5437 1943 5492 lu

382 5511 551 5566 antea
570 5515 729 5568 editis
763 5513 902 5564 male
932 5514 1140 5573 deerat,
1171 5511 1342 5580 παρά.

452 5581 563 5652 (22)
595 5580 814 5652 ῘΗμῷν.
855 5580 1231 5652 Scribcndum
1253 5577 1476 5652 videtur
1519 5578 1617 5652 vel
1649 5577 1942 5652 opEw,_vel

381 5645 554 5720 ἡμᾶς(
592 5645 760 5704 Paulo
809 5651 939 5715 post'
974 5649 1105 5705 libb.
1150 5649 1282 5707 editi
1313 5651 1424 5722 ,θαι
1452 5645 1770 5720 marginem,
1799 5645 1936 5701 εἶναι

2059 5168 2214 5237 ἡμίνῖ
2230 5165 2522 5233 φαίνοιντο.

2132 5232 2251 5305 (25)
2299 5237 2661 5290 Δείκνυνται.
2735 5234 3039 5305 Legendum
3099 5234 3391 5288 δείκνυται.
3449 5232 3616 5288 Paulo

2062 5318 2179 5374 post
2210 5303 2345 5372 lego,
2380 5305 2536 5375 τοῦτο
2563 5305 2670 5375 γὰρ
2701 5303 3130 5375 ὑπολαμϐάνετε.

2119 5375 2234 5454 (21)
2260 5370 2396 5443 Περὶ
2429 5374 2532 5428 τοῦ
2563 5370 2778 5443 Ἰησοῦ.
2806 5370 3138 5443 Legendum,
3161 5375 3218 5424 al
3241 5374 3369 5443 περὶ
3397 5372 3491 5425 τοῦ
3516 5370 3616 5441 Ἰη-

2053 5461 2228 5636 σοῗῗδ)
2275 5512 2614 5570 Πωεοιιειίυε
2659 5514 2714 5567 in
2753 5523 2921 5579 textu,
2965 5510 3378 5582 ἁμαρτημάτων
3435 5509 3588 5581 ὑμῶν

2053 5600 2130 5636 "la
2157 5601 2206 5636 e.

2048 5600 2206 5640 male.
