3998 6170
380 314 487 370 915

1547 305 1852 362 CONTRA
1887 304 2159 361 CELSUM
2197 302 2321 359 LIB.
2358 301 2447 366 ll._

3506 303 3610 356 9H

381 429 480 482 οὐκ
496 429 560 482 ἂν
575 427 726 491 Θεὸς,
745 423 858 479 ἀλλ’
872 425 978 478 οὐδ’
999 424 1092 479 ὅ.νο
1103 441 1279 496 ρωπος
1302 425 1561 495 φρόνιμος
1579 424 1736 478 πάθοι
1757 424 1882 494 (9.6).
1924 443 1939 472 ι

2068 423 2206 475 :adat
2233 424 2298 476 δι.
2333 443 2351 474 υ
2389 420 2512 474 llaec
2544 419 2663 473 vide
2693 432 2874 471 annon
2912 415 3148 484 proclive
3182 415 3254 467 sit
3283 414 3334 466 in
3367 412 3608 468 Judaeum

385 517 527 587 Ὅρα.
571 517 628 569 δὲ
659 517 707 569 εἰ
745 515 818 586 μὴ
863 515 1036 568 ταῦτα
1086 513 1341 584 ἄντικρυς
1368 513 1692 584 ἀναστρέφει
1735 515 1827 564 ἐπὶ
1858 513 1947 564 τὸν

395 607 668 661 Ἰουδαῖονο
704 607 920 660 ἀπειλεῖ
951 606 1058 677 γὰρ
1086 607 1142 658 ἐν
1189 607 1310 668 ταῖς
1339 607 1588 674 νομικαῖς
1632 605 1724 657 καὶ
1750 620 1952 675 προφη-

382 701 564 762 τικ-αῖς
583 699 822 770 Γραφαῖς
848 701 875 751 6
903 697 1035 760 Θεὸς
1057 697 1150 750 καὶ
1185 697 1414 768 λοιδορεῖ
1466 695 1666 748 ὁπόταν
1692 695 1824 766 λέγῃ
1853 696 1952 747 οὐκ

385 789 640 842 ἐλάττονα
682 789 790 841 τῶν
836 791 895 841 ἐν
932 787 1009 858 τῷ
1053 787 1398 858 Εὑαγγελίῳσ
1442 787 1601 839 ὁποῖά
1641 785 1854 838 ἐστιτὰ
1896 787 1953 836 ἐν

399 879 594 949 Ἡσαΐᾳ.
622 877 794 941 οὕτως
823 877 1043 948 ἔχοντα’
1085 898 1102 929 ‹
1134 878 1270 930 Οὐαὶ
1299 879 1348 929 οἱ
1386 876 1746 938 συνάπτοντες
1777 875 1954 927 οίκίαν

389 970 522 1040 πρὸς
566 969 763 1034 οἰκίαν,
817 968 909 1022 καὶ
951 968 1118 1040 ἀγρὸν
1165 969 1300 1040 πρὸς
1347 969 1515 1039 ἀγρὸν
1559 967 1885 1035 ἐγγίζοντες·
1931 984 1950 1016 ι

387 1062 512 1124 καὶῖ
541 1079 559 1111 ι
610 1060 745 1113 Οὐαὶ
782 1061 831 1113 οἱ
864 1061 1198 1130 ἐγειρόμενοι
1238 1059 1300 1112 τὸ
1343 1057 1506 1130 πρωῒ,
1544 1057 1639 1111 καὶ
1675 1058 1736 1110 τὸ
1766 1058 1957 1127 σίκερα

388 1149 700 1214 διώκοντες·
748 1170 767 1202 ι
810 1152 928 1214 καὶ,
963 1170 979 1200 ι
1014 1151 1147 1204 Οὐαὶ
1179 1151 1228 1202 οἱ
1261 1148 1628 1219 ἐπισπώμενοι
1659 1148 1756 1210 τὰς
1777 1149 1957 1218 ἁμαρ-

388 1241 507 1304 τίας
537 1241 611 1304 ὡς
645 1242 861 1312 σχοινίῳ
887 1239 1108 1312 μακρῷο
1139 1260 1156 1292 ι
1190 1242 1305 1299 καὶ,
1339 1259 1355 1290 ι
1386 1239 1520 1292 Οὐαὶ
1547 1239 1598 1290 οἱ
1624 1238 1870 1307 λέγοντες
1900 1238 1960 1289 τὸ

392 1331 623 1402 πονηρὸν
657 1331 838 1395 καλὸν,
870 1331 965 1384 καὶ
992 1332 1053 1384 τὸ
1082 1329 1240 1383 καλὸν
1271 1331 1522 1401 πονηρόψ
1558 1349 1575 1380 ι
1620 1331 1738 1393 καὶ,
1776 1348 1793 1379 ι
1825 1329 1960 1381 Ούαὶ

390 1423 438 1475 οἱ
463 1420 738 1492 ἰσχύοντες
765 1422 937 1493 ὑμῶν,
961 1425 1008 1475 οἱ
1042 1423 1288 1486 πίνοντες
1322 1421 1413 1474 τὸν
1437 1419 1598 1474 οἶνον.
1642 1440 1660 1472 ι
1698 1421 1807 1474 Καὶ⁹
1829 1419 1960 1473 ἄλλα

391 1513 435 1566 δ’
477 1512 544 1566 ἂν
569 1513 748 1584 εὕροις
782 1514 969 1584 μυρία.
1009 1512 1132 1577 Πῶς
1155 1513 1198 1566 δ’
1231 1514 1290 1566 ού
1327 1512 1680 1584 παραπλήσια
1701 1507 1789 1574 αἷς
1818 1510 1960 1577 λέγει

394 1602 644 1666 ἀπειλαῖς
677 1603 786 1674 (9.7)
817 1605 931 1656 ἐστι
960 1603 1042 1666 τὸ,
1074 1623 1090 1654 ι
1125 1604 1259 1656 Οὐαί¹
1282 1603 1430 1666 ἔθνος
1465 1602 1805 1674 ἁμαρτωλὸν,
1839 1600 1963 1664 λαὸς

395 1693 610 1765 πλήρης
652 1693 956 1766 ἁμαρτιῶν,
989 1693 1206 1765 σπέρμα
1243 1693 1498 1763 πονηρὸν,
1544 1693 1647 1745 υἱοὶ
1686 1692 1894 1761 ἄνομοι,
1941 1709 1957 1740 ι

394 1785 486 1836 καὶ
519 1784 586 1838 τὰ
631 1784 793 1854 ἐξῆςς
833 1779 914 1848 οἷς
958 1785 1206 1856 ἐπιφέρει
1246 1783 1576 1855 τηλικαύτας
1616 1783 1862 1845 ἀπειλὰς,
1907 1782 1966 1833 αῖ
1993 1769 2034 1823 Β

394 1876 528 1927 είσιν
563 1875 663 1928 οὐκ
711 1876 962 1938 ἐλάττους
993 1869 1068 1928 ὧν
1111 1893 1243 1946 φησι
1281 1876 1370 1928 τὸν
1423 1874 1626 1945 Ἰησοῦν
1660 1874 1957 1945 εἰρηκέναι.

399 1968 466 2019 Ἢ
493 1967 591 2019 οὐκ
620 1966 765 2020 ἔστιν
791 1968 985 2038 ἀπειλὴ
1009 1968 1100 2020 καί
1130 1968 1338 2038 μεγάλη
1364 1985 1426 2037 γε
1449 1970 1482 2036 ή
1506 1967 1807 2036 φάσκουσα·
1843 1985 1860 2015 ι
1901 1965 1962 2016 Ἡ

395 2058 466 2127 γῆ
499 2056 650 2128 ὑμῶν
689 2057 913 2129 ἔρημος,
947 2060 1001 2112 αἱ
1043 2059 1224 2122 πόλεις
1255 2058 1406 2130 ὑμῶν
1443 2059 1818 2129 πυρίκαυστοι,
1867 2056 1964 2127 τὴν

395 2146 575 2219 χώραν
617 2147 769 2219 ὑμῶν
815 2147 1045 2203 ἐνώπιον
1089 2150 1241 2221 ὑμῶν
1288 2149 1552 2220 ἀλλότριοι
1594 2148 1964 2203 κατεσθίουσιν

396 2238 583 2308 αὐτὴν,
622 2239 716 2292 καὶ
756 2240 1047 2310 ἠρήμωται
1081 2240 1536 2312 κατεστραμμένη
1568 2240 1672 2292 ὑπὸ
1704 2237 1847 2292 λαῶν
1875 2239 1966 2291 ἀλ-

396 2327 660 2400 λοτρίων;
701 2347 720 2379 ι
762 2328 886 2392 Πῶς
909 2330 954 2382 δ’
985 2331 1044 2382 ού
1074 2330 1328 2401 λοιδορίαι
1363 2332 1458 2382 καὶ
1492 2333 1550 2383 ἐν
1586 2329 1661 2400 τῷ
1708 2329 1966 2400 Ἰεζεκιήλ

396 2422 502 2472 εἱσι
541 2420 677 2490 πρὸς
716 2420 805 2472 τὸν
843 2420 990 2485 λαὸν,
1023 2421 1150 2474 ἔνθα
1185 2423 1213 2473 6
1248 2421 1451 2491 Κύριός
1481 2423 1596 2473 ἐστι
1627 2421 1798 2490 λέγων
1832 2422 1964 2492 πρὸς

396 2511 487 2564 τὸν
518 2512 835 2581 Προφήτην·
873 2530 891 2563 ι
932 2513 1018 2565 Ἐν
1045 2513 1192 2582 μέσῳ
1215 2513 1488 2583 σκορπίων
1519 2515 1582 2566 σὺ
1607 2514 1910 2575 κατοικεῖς;
1944 2533 1960 2563 ι

398 2599 522 2672 ⁷Αρ’
558 2597 672 2664 οῦν,
718 2601 764 2654 ὦ
802 2602 995 2668 Κέλσε,
1037 2603 1456 2676 συνῃσθημένως
1499 2603 1606 2674 (28)
1665 2605 1968 2674 πεποίηκας

400 2689 489 2742 τὸν
535 2688 787 2744 Ἰουδαῖον
808 2689 1032 2758 λέγοντα
1057 2693 1185 2762 περὶ
1207 2691 1300 2744 τοῦ
1337 2690 1533 2762 Ἰησοῦ,
1556 2691 1636 2744 ὅτι
1668 2709 1687 2741 ι
1731 2690 1969 2744 Ἀπειλεῖ

400 2780 494 2832 καὶ
525 2779 753 2851 λοιδορεῖ
783 2782 996 2852 κούφως
1015 2824 1029 2847 ,
1064 2783 1262 2836 ὁπόταν
1293 2782 1422 2854 λέγῃ
1441 2799 1453 2812 ·
1504 2783 1637 2837 Ot’Jal.
1673 2785 1819 2853 ὑμῖν,
1854 2782 1965 2845 καὶ,

401 2871 654 2942 Προλέγω
690 2873 846 2942 ύμῖν;
881 2890 899 2923 ι
927 2873 1035 2942 Ούχ
1065 2874 1216 2944 ὁρᾷς,
1248 2875 1329 2926 ὅτι
1361 2873 1504 2943 ἅπερ
1538 2872 1858 2944 κατηγορῶν
1886 2872 1970 2924 λέ-

398 2979 483 3030 γει
512 2964 540 3015 ό
565 2962 714 3034 παρὰ
731 2963 812 3016 σοὶ⁹
849 2963 1093 3027 Ἰουδαῖος
1114 2964 1208 3016 τοῦ
1251 2962 1445 3033 Ἰησοῦ,
1479 2963 1648 3016 ταῦτα
1671 2963 1737 3017 ἂν
1761 2962 1969 3030 λέγοιτο

2053 511 2388 583 retorquere.
2429 511 2558 565 Nam
2596 513 2646 564 in
2687 510 2805 578 lege
2843 517 2900 562 et
2937 507 3214 576 prophetis
3269 507 3411 560 Deus
3449 507 3612 562 etiam

2053 606 2355 670 minitatur,
2381 604 2624 672 increpat
2643 601 2810 656 nihilo
2828 598 2999 654 levius
3022 597 3356 668 quamJesus
3373 597 3426 652 in
3448 597 3616 650 Evan-

2053 696 2213 765 gelio;
2242 696 2323 749 sic
2355 694 2492 763 apud
2514 693 2706 747 lsaiam
2731 709 2744 744 :
2773 707 2793 740 ι
2817 690 2907 746 Vae
2933 689 3024 759 qui
3050 688 3374 758 eonjungitis
3393 688 3615 742 domum

2054 788 2120 840 ad
2142 786 2358 840 domum
2389 795 2446 840 et
2485 799 2674 854 agrum
2713 781 3159 851 agro-copulatis.
3183 799 3202 832 ι
3235 780 3332 835 Et:
3363 797 3384 830 ι
3407 778 3500 833 Vae
3525 779 3618 847 qui

2055 879 2380 947 consurgitis
2407 892 2566 932 mane
2589 879 2654 932 ad
2680 878 2998 931 ebrietatem
3031 875 3366 931 sectandam.
3395 891 3411 924 ι
3445 871 3614 925 ltem:

2062 987 2080 1020 ι
2114 967 2202 1022 Va:
2249 969 2341 1036 qui
2389 967 2606 1022 trahitis
2646 975 2865 1036 peccata
2914 966 3065 1034 quasi
3121 965 3363 1019 funiculo
3401 964 3615 1031 longo”

2058 1057 2347 1113 Similiter:
2378 1075 2398 1109 ι
2429 1055 2520 1110 Va:
2544 1057 2635 1125 qui
2669 1057 2846 1112 dicitis
2871 1055 3068 1110 malum
3096 1057 3318 1118 bonum,
3343 1062 3396 1106 et
3421 1053 3618 1108 bonum

2058 1151 2279 1204 malum.
2305 1167 2322 1198 ι
2363 1149 2426 1201 Et
2452 1166 2465 1201 :
2507 1165 2523 1199 ι
2551 1146 2637 1202 Va:
2663 1148 2753 1218 qui
2785 1156 3037 1217 potentes
3069 1147 3203 1203 estis
3232 1147 3298 1199 ad
3332 1144 3621 1200 bibendum

2058 1241 2242 1294 vinum
2264 1239 2328 1291 δ’.
2352 1257 2370 1290 ι
2417 1238 2485 1292 Et
2515 1239 2619 1292 alia
2662 1238 2908 1294 invenire
2936 1248 3019 1294 est
3052 1236 3103 1292 id
3133 1251 3304 1307 genus
3334 1235 3620 1305 permulta.

2059 1331 2140 1384 An
2174 1346 2279 1384 non
2311 1329 2477 1383 minis
2505 1329 2703 1383 similia
2733 1337 2861 1385 sunt
2896 1330 3048 1384 haec:
3092 1347 3110 1380 ι
3136 1327 3228 1382 Va:
3254 1327 3397 1397 genti
3427 1341 3622 1396 pecca-

2063 1422 2179 1476 trici
2200 1462 2214 1486 ,
2246 1420 2439 1490 populo
2468 1421 2615 1490 gravi
2650 1421 2954 1490 iniquitate,
2984 1420 3176 1474 semini
3203 1434 3432 1488 nequam
3454 1462 3468 1484 ,
3499 1417 3624 1471 ﬁliis

2062 1514 2343 1570 sceleratis
2369 1513 2449 1581 ",
2481 1531 2498 1564 ι
2536 1521 2590 1567 et
2618 1521 2812 1568 caetera
2835 1554 2850 1578 ,
2885 1512 3080 1581 quibus
3110 1511 3262 1565 addit
3303 1521 3382 1566 tot
3413 1510 3586 1564 minas
3608 1550 3621 1573 ,

2065 1621 2159 1661 nec
2195 1606 2431 1660 minores
2473 1604 2540 1658 iis
2578 1618 2716 1672 quas
2763 1603 2951 1658 .lesum
2988 1603 3283 1657 intentasse
3320 1602 3626 1655 dicit?'An-

2066 1711 2170 1751 non
2212 1696 2370 1749 mima
2413 1703 2538 1750 sunt
2581 1705 2636 1750 et
2686 1711 2893 1764 magna:
2940 1695 3156 1763 quidem
3216 1694 3368 1749 istae:
3414 1692 3626 1747 «Terra

2064 1799 2243 1844 vestra
2273 1789 2506 1854 deserta,
2529 1787 2692 1860 444
2706 1790 2955 1843 civitates
2979 1797 3172 1842 vestra:
3195 1802 3468 1844 succensae
3497 1788 3624 1858 igni;

2066 1880 2336 1950 regionem
2370 1890 2603 1935 vestram
2644 1896 2827 1935 coram
2861 1879 3015 1933 vobis
3056 1879 3216 1932 alieni
3250 1881 3541 1942 devorant,
3577 1888 3629 1929 et

2063 1971 2304 2027 desolata
2343 1981 2596 2026 vastatur
2636 1986 2663 2024 a
2707 1970 2918 2040 populis
2945 1970 3136 2024 alienis
3157 1969 3241 2022 “?
3271 1989 3291 2022 ι
3324 1971 3515 2023 Annon
3545 1969 3626 2021 vin

2065 2062 2275 2132 tuperia
2305 2070 2451 2126 sunt,
2485 2077 2601 2130 qua:
2630 2062 2768 2116 Deus
2794 2069 2983 2115 contra
3011 2060 3263 2129 populum
3295 2059 3372 2112 ait
3396 2059 3460 2112 ad
3489 2057 3630 2112 Eze-

2065 2150 2288 2205 cltielem
2309 2150 2662 2220 prophetam:
2689 2149 2849 2204 «Cum
2874 2150 3252 2217 scorpionibus
3273 2149 3487 2204 habitas
3504 2149 3586 2200 ‘r’?
3604 2167 3621 2198 ι

2065 2240 2145 2292 An
2176 2238 2338 2304 serio,
2367 2237 2545 2304 Celse,
2576 2235 2818 2292 Judaeum
2852 2247 3040 2291 contra
3081 2236 3259 2293 Jesum
3298 2236 3512 2292 inducis
3542 2239 3626 2291 di-

2066 2341 2311 2386 centem:
2351 2349 2370 2382 ι
2394 2331 2681 2402 Promptus
2704 2332 2769 2384 ad
2798 2331 2973 2385 minas
2995 2340 3048 2384 et
3075 2331 3344 2399 vituperia
3365 2330 3627 2384 clamitat:

2071 2420 2158 2475 Vae
2181 2422 2353 2489 vobis,
2395 2423 2627 2492 praedico
2656 2423 2854 2478 vobis?
2882 2439 2902 2474 ι
2939 2421 3172 2477 Videsne
3201 2421 3462 2491 quidquid
3505 2435 3629 2476 cum

2067 2511 2192 2565 Jesu
2226 2514 2586 2580 expostulat,
2619 2524 2801 2568 contra
2838 2514 3012 2583 ipsum
3043 2513 3108 2568 de
3148 2514 3257 2568 Deo
3283 2511 3392 2566 dici
3429 2512 3634 2582 posse?

2070 2599 2203 2654 Nam
2251 2604 2390 2658 Deus
2430 2603 2484 2656 in
2509 2604 2789 2674 prophetis
2827 2604 3106 2659 invenitur
3135 2604 3327 2658 iisdem
3375 2617 3629 2672 prorsus,

2071 2693 2258 2759 rituales
2283 2692 2501 2748 Judaeus
2537 2695 2770 2750 intendit
2802 2735 2817 2759 ,
2863 2694 3303 2750 accusationibus
3341 2693 3631 2756 obnoxius,

2070 2784 2224 2850 quasi
2259 2785 2587 2852 persuadere
2620 2800 2725 2839 non
2755 2797 2956 2856 posset.
2999 2785 3238 2841 Dixerim
3278 2785 3441 2840 etiam
3483 2783 3630 2839 Celsi

2070 2873 2252 2929 Judreo
2270 2875 2358 2943 qui
2378 2874 2492 2929 haec
2513 2888 2572 2929 se
2595 2882 2746 2945 putat
2769 2884 2912 2930 recte
2926 2874 3047 2932 Jesu
3075 2876 3275 2943 probro
3299 2876 3454 2941 dare,
3477 2887 3636 2928 exse-

2071 2967 2364 3032 crationes,
2398 2974 2661 3035 quotquot
2698 2965 2810 3020 fere
2833 2975 2960 3021 sunt
2985 2966 3037 3021 in
3069 2965 3309 3020 Levitico
3335 2974 3388 3020 et
3426 2964 3628 3019 Dente-

399 3053 534 3123 πρὸς
569 3053 730 3107 αὑτὸν
764 3053 891 3124 περὶ
931 3051 1026 3105 τοῦ
1077 3053 1245 3119 Θεοῦ;
1302 3055 1595 3125 Ἀντικρυς
1628 3055 1737 3126 γὰρ
1768 3055 1824 3108 ἐν
1857 3057 1965 3117 τοῖς

2073 3059 2321 3111 ronomio
2336 3057 2582 3127 scriptae,
2611 3057 2658 3112 si
2681 3055 2900 3112 Iudaeus
2932 3071 2961 3111 e
2988 3055 3269 3125 Scriptura
3303 3055 3630 3122 defenderit,

398 3143 602 3214 ὁμοίοις
632 3147 941 3216 εὑρίσκεται
973 3147 1071 3209 ὢν,
1108 3145 1182 3208 ῶς
1206 3145 1376 3200 οἴεται
1401 3149 1427 3198 6
1469 3143 1734 3211 Τουδαῖος,
1772 3148 1968 3219 ἐγκλή-

408 3249 572 3302 μασιν
598 3237 626 3288 ὁ
651 3236 706 3287 ἐν
721 3237 832 3298 τοῖς
853 3238 1158 3306 προφήταις
1189 3236 1340 3302 Θεὸς,
1370 3238 1444 3302 ὡς
1470 3241 1652 3292 πεῖσαι
1672 3239 1967 3294 ἀδυνατῶν.

407 3323 599 3376 Ἔτιδέ
617 3324 847 3395 φήσαιμ’
864 3325 931 3379 ἂν
951 3327 1086 3397 πρὸς
1118 3327 1209 3379 τὸν
1238 3329 1388 3400 παρὰ
1405 3328 1482 3399 τῷ
1500 3330 1692 3400 Κέλσῳ
1722 3331 1970 3385 Ἰουδαῖον

402 3415 645 3483 οἰόμενον
672 3411 730 3469 εῦ
752 3416 923 3470 ταῦτα
979 3416 1088 3489 (‘29)
1121 3418 1198 3489 τῷ
1233 3421 1404 3490 Ἰησοῦ
1432 3424 1702 3490 ἐγκαλεῖν,
1732 3425 1812 3477 ὅτι
1839 3426 1969 3495 ἀραὶ

403 3502 646 3557 πλεῖσται
686 3506 807 3558 ὅσαι
832 3507 1316 3578 ἀναγεγραμμέναι
1340 3511 1477 3564 είσὶν
1508 3511 1563 3564 ἐν
1588 3513 1853 3583 Λευῖτικῷ
1877 3515 1970 3566 καὶ

402 3595 824 3666 Δευτερονομίῳ,
861 3598 988 3667 περὶ
1011 3591 1085 3650 ὧν
1119 3599 1194 3662 ὡς
1215 3599 1310 3654 ἐὰν
1344 3601 1742 3672 ἀπολογήσηται
1775 3606 1802 3657 6
1842 3605 1970 3658 'Iou-

403 3684 546 3747 δαῖος
575 3686 976 3757 παριστάμενος
1009 3689 1074 3757 τῇ
1101 3687 1311 3760 Γραφῇ,
1343 3690 1375 3761 ἧ
1416 3691 1671 3756 τοιούτως
1698 3692 1730 3763 ἢ
1769 3694 1861 3746 καὶ
1890 3693 1970 3747 ἑτι

407 3771 608 3842 βέλτιον
642 3774 1092 3847 ἀπολογησόμεθα
1133 3779 1402 3851 περὶτῶν
1449 3779 1816 3852 νομιζομένων
1867 3784 1971 3838 ὑπὸ

404 3862 496 3914 τοῦ
531 3864 705 3935 Ἰησοῦ
732 3867 980 3937 εἰρῆσθαι
1005 3868 1278 3940 λοιδοριῶν
1305 3872 1396 3923 καὶ
1423 3871 1683 3925 ἀπειλῶν.
1711 3875 1820 3925 Καὶ
1843 3875 1971 3944 περὶ

406 3953 569 4007 αὐτοῦ
595 3955 652 4006 δὲ
677 3954 771 4008 τοῦ
805 3957 1080 4021 Μωῦσέως
1105 3959 1291 4029 νόμου,
1329 3961 1489 4030 ἡμεῖς
1525 3961 1724 4030 μᾶλλον
1745 3963 1970 4033 δυνησό-

409 4046 547 4116 μεθα
590 4046 1048 4118 ἀπολογήσασθαι,
1098 4049 1192 4103 ἆτε
1235 4050 1593 4122 συνετώτερον
1636 4053 1972 4124 διδαχθέντες

407 4137 512 4188 ὑπὸ
543 4137 636 4189 τοῦ
702 4138 875 4208 Ἰησοῦ
915 4139 1132 4192 ἀκούειν
1180 4139 1289 4194 τῶν
1333 4142 1569 4210 νομικῶν
1606 4145 1969 4214 γραμμάτων,

407 4229 551 4299 ήπερ
584 4232 613 4282 6
660 4229 938 4293 Ἰουδαῖος·
976 4230 1111 4283 ἀλλὰ
1144 4232 1238 4284 καὶ
1279 4231 1308 4281 ὁ
1355 4230 1620 4296 Ἰουδαῖος,
1657 4233 1751 4286 ἐὰν
1797 4235 1880 4306 ἴδῃ
1913 4237 1973 4288 τὸ

409 4318 655 4390 βούλημα
689 4319 796 4373 τῶν
831 4321 1181 4392 προφητικῶν
1213 4322 1405 4390 λόγων,
1436 4324 1782 4394 παραστῆσαι
1814 4325 1971 4397 δυνή-

2075 3165 2174 3203 nos
2207 3149 2459 3204 similiter
2485 3157 2578 3202 aut
2601 3148 2767 3201 etiam
2800 3148 2994 3202 melius
3022 3147 3339 3202 defensuros
3366 3148 3634 3217 vituperia

2071 3252 2126 3296 et
2157 3241 2331 3294 minas
2365 3255 2500 3310 quas
2528 3239 2689 3296 Jesus
2732 3239 2972 3310 iactasse
2997 3240 3360 3296 existimatur.
3401 3239 3513 3293 lmo
3552 3240 3636 3292 le-

2073 3346 2188 3401 gem
2215 3335 2388 3402 ipsam
2426 3331 2630 3401 Moysis
2658 3346 2793 3396 nos,
2830 3332 2920 3401 qui
2955 3346 2983 3384 a
3013 3331 3141 3386 Jesu
3172 3330 3317 3385 docti
3343 3345 3530 3386 sumus
3559 3330 3636 3384 le-

2074 3423 2212 3493 galia
2243 3423 2444 3491 scripta
2480 3422 2785 3492 sapientius
2818 3422 3120 3490 intelligere
3144 3461 3160 3486 ,
3193 3435 3354 3488 quam
3384 3420 3633 3482 Jmkeus,

2075 3516 2364 3570 defendere
2404 3516 2578 3583 magis
2609 3513 2908 3583 poterimus
2939 3529 2954 3576 ;
2990 3525 3300 3581 quanquam
3337 3519 3392 3564 et
3423 3509 3640 3564 Judaeus

2074 3607 2210 3674 ipse,
2239 3609 2283 3662 si
2312 3607 2646 3678 perspexerit
2667 3604 3105 3675 propheticorum
3134 3616 3445 3658 sermonum
3491 3617 3638 3655 men-

2074 3706 2181 3749 tem
2209 3735 2223 3759 ,
2269 3698 2555 3750 ostendere
2601 3697 2797 3763 poterit
2827 3697 2991 3750 Deum
3039 3709 3145 3749 non
3201 3691 3390 3746 leviter
3441 3693 3638 3746 minari

2073 3795 2128 3839 et
2152 3785 2456 3856 objurgare,
2486 3800 2607 3841 cum
2641 3784 2772 3840 dicit
2807 3802 2826 3836 ι
2856 3799 2934 3838 vae
2960 3802 2979 3836 ι
3016 3791 3071 3838 et
3099 3801 3116 3834 ι
3141 3781 3403 3838 denuntio
3425 3782 3632 3843 vobis,»

2073 3886 2128 3931 et
2157 3877 2428 3945 quomodo
2453 3876 2616 3940 Deus,
2644 3885 2702 3930 ut
2733 3875 2979 3930 homines
3010 3874 3076 3929 ad
3101 3886 3161 3928 se
3191 3881 3494 3937 convertat,
3525 3873 3640 3926 haee

2074 3966 2258 4031 dicat,
2296 3980 2415 4035 quae
2457 3964 2644 4020 Celsus
2675 3979 2743 4020 ne
2787 3964 3068 4018 eordatum
3111 3961 3326 4032 quidem
3364 3963 3636 4016 hominem

2073 4068 2192 4110 esse
2218 4055 2486 4109 dicturum
2509 4055 2823 4109 arbitratur.
2847 4050 3105 4108 Simiiiter
3123 4061 3301 4108 autem
3320 4050 3636 4115 Christiani,

2075 4146 2167 4213 qui
2199 4159 2363 4197 unum
2407 4145 2462 4197 in
2499 4144 2777 4212 prophetis
2814 4153 2869 4197 et
2912 4142 2965 4195 in
3007 4142 3232 4196 Domino
3273 4143 3437 4196 Deum
3468 4155 3638 4196 nove-

2075 4245 2224 4299 runt,
2259 4236 2475 4303 planum
2510 4235 2743 4301 facient,
2775 4233 2974 4288 rationi
3006 4247 3274 4289 consonus
3311 4247 3457 4297 esse,
3505 4248 3640 4301 quas

2078 4325 2168 4379 ille
2198 4325 2376 4379 minas
2406 4339 2527 4380 esse
2560 4333 2768 4390 censet,
2795 4334 2850 4379 et
2872 4339 3007 4393 quas
3033 4323 3439 4392 obiurgationes
3463 4332 3638 4378 vocat.

408 4427 559 4464 σεται
592 4412 652 4464 τὸ
677 4413 788 4482 (50)
828 4413 901 4484 μὴ
936 4413 1151 4482 κούφως
1179 4413 1422 4467 ἀπειλεῖν
1467 4415 1558 4467 καὶ
1594 4414 1851 4487 λοιδορεῖν
1881 4418 1965 4470 τὸν

2080 4415 2270 4470 Paucis
2315 4416 2536 4485 insuper
2576 4417 2677 4471 hoc
2711 4415 2828 4471 loco
2864 4414 3104 4478 Celsum,
3137 4415 3226 4484 qui
3265 4413 3640 4483 phiIOSOphum

408 4503 536 4557 Θεὸν
568 4503 792 4574 λέγοντα
828 4509 909 4571 τὸ,
948 4526 966 4558 ‹
1001 4508 1156 4572 Οὐαὶ,
1201 4526 1220 4559 ι
1267 4510 1362 4561 καὶ
1409 4527 1428 4559 ι
1467 4509 1713 4580 προλέγω
1747 4511 1900 4578 ύμῖνο
1945 4530 1963 4561 ›

405 4597 498 4649 καὶ
525 4598 642 4662 πῶς
664 4597 796 4662 Θεὸς
818 4599 959 4670 ὑπὲρ
981 4599 1314 4670 ἐπιστροφῆς
1334 4600 1428 4654 ἀνθ
1439 4599 1634 4672 ρώπων
1653 4599 1721 4653 τὰ
1746 4600 1968 4653 τοιαῦτα

406 4687 470 4740 ἂν
495 4689 663 4760 λέγοι,
699 4691 840 4762 άπερ
871 4691 1040 4745 οἴεται
1068 4693 1187 4746 οὐδὲ
1215 4692 1472 4762 φρόνιμον
1502 4691 1783 4762 ἄνθρωπον
1815 4693 1970 4763 ποιῆ-

2079 4521 2138 4560 se
2168 4515 2224 4560 et
2259 4516 2568 4561 nostrarum
2601 4521 2783 4561 rerum
2828 4507 3087 4561 scientem
3135 4519 3254 4560 esse
3278 4506 3490 4575 jactitat
3513 4545 3527 4566 ,
3560 4506 3644 4557 in-

2080 4599 2366 4668 terrogabo
2394 4617 2408 4653 :
2447 4599 2590 4656 Heus
2621 4609 2675 4654 tu
2704 4616 2719 4664 ;
2751 4601 2798 4655 si
2834 4599 3136 4656 Mercurius
3179 4600 3320 4670 apud
3352 4597 3638 4654 Homerum

2083 4690 2255 4761 Ulyssi
2288 4693 2445 4746 dicit:

409 4791 496 4830 σαι
525 4782 552 4832 6
579 4779 800 4844 Κέλσος.
835 4783 941 4834 Καὶ
973 4783 1284 4852 Χριστιανοὶ
1307 4781 1364 4834 δὲ
1396 4782 1490 4834 ἕνα
1510 4780 1641 4834 Θεὸν
1674 4781 2048 4849 γινώσκοντες,
2071 4785 2162 4838 τὸν
2192 4789 2251 4839 ἐν
2282 4790 2394 4851 τοῖς
2421 4791 2724 4860 προφήταις
2752 4791 2847 4843 καὶ
2881 4789 2958 4860 τῷ
2989 4789 3194 4861 Κυρίῳ,
3233 4791 3640 4861 παραστήσουσι

407 4869 469 4921 τὸ
522 4870 737 4938 εὔλογον
785 4872 895 4927 τῶν
941 4873 1304 4944 νομιζομένων
1355 4873 1611 4939 ἀπειλῶν,
1669 4875 1762 4927 καὶ
1789 4873 2093 4945 λεγομένων
2127 4877 2276 4948 παρὰ
2304 4879 2381 4950 τῷ
2405 4880 2596 4952 Κέλσῳ
2621 4880 2913 4953 λοιδοριῶν.
2950 4882 3059 4936 Καὶ
3082 4881 3241 4950 ὀλίγα
3270 4883 3348 4944 είς
3368 4879 3457 4932 τὸν
3479 4879 3642 4931 τόπον

482 5023 529 5147 δὲ
560 5023 747 5082 Matth.
800 5027 990 5094 3:521;
1046 5043 1204 5092 xxttt,
1250 5026 1334 5082 l3.

410 5111 472 5160 ιι,
497 5111 549 5147 υ.

488 5292 593 5365 (26)
627 5291 767 5346 Idem
823 5293 874 5346 iu
910 5303 1079 5357 textu,
1124 5293 1479 5366 πάθῃειηῖηι
1529 5295 1867 5366 llmscltelius
1915 5306 1972 5350 et

412 5362 740 5436 Speucerus,
787 5371 920 5436 post.
950 5378 1118 5436 voces
1148 5367 1205 5436 ἐν
1377 5365 1735 5436 Εὖριγγελίῳ,
1766 5366 1973 5419 addunt

409 5433 547 5498 οὐαί,
577 5433 719 5500 quod
751 5433 902 5486 abest
931 5449 960 5485 ιι
984 5433 1139 5487 codd.
1173 5433 1340 5500 Regio
1367 5446 1419 5488 et
1445 5433 1762 5498 Basilceitsi,
1785 5447 1838 5488 et
1865 5437 1970 5487 uti-

411 5518 512 5571 que
543 5502 824 5571 redundat.

485 5570 594 5642 (27)
639 5569 946 5642 “3581.1707“.
978 5570 1155 5624 Mallet
1185 5571 1517 5637 Bolterellus,
1548 5572 1849 5642 λοιδορίαις.

483 5641 591 5714 (ἓξ)
629 5642 796 5714 Codd.
826 5641 1024 5714 licgius
1055 5655 1109 5714 et
1132 5642 1475 5714 Basileeusis,
1503 5641 1928 5714 συνῃσθημένος.

484 5710 594 5779 (‘29)
620 5710 774 5778 Πρὸς
801 5711 907 5765 τὸν
931 5712 1087 5780 παρὰ
1111 5711 1190 5778 τῷ
1221 5712 1434 5777 Κέλσῳ
1467 5710 1968 5784 ἰοινδᾶἷοσιᾹόίόιιε-

1435 5028 1479 5058 ⁸³
1510 5025 1612 5081 lsa.
1670 5042 1726 5094 ν,
1777 5027 1834 5096 8,
1889 5030 1976 5096 11,
2010 5030 2099 5098 l8,
2129 5033 2220 5099 20,
2268 5034 2357 5089 22.

2462 5034 2506 5066 “
2532 5033 2635 5090 lsa.
2673 5052 2712 5101 ι,
2740 5036 2795 5091 4.
2899 5035 2957 5105 δ”.
2989 5035 3090 5091 lsa.
3122 5052 3163 5103 ι,
3188 5037 3243 5094 7.
3339 5035 3385 5069 δ’
3437 5036 3636 5090 Ezech.

2075 5313 2186 5369 νον
2203 5293 2272 5352 εὖ
2305 5299 2510 5364 ταῦτα,
2542 5310 2649 5355 etc.
2681 5300 2757 5355 Ita
2786 5301 2943 5357 codd.
2977 5299 3175 5369 Regius
3199 5307 3253 5353 et
3271 5297 3632 5369 Basileensis;

2078 5368 2324 5440 impressi
2363 5373 2671 5440 verotrro‘t‘;
2713 5371 2980 5440 οἰομένοις
3007 5366 3099 5422 τὸν
3145 5367 3295 5437 παρὰ
3324 5366 3402 5436 τῷ
3446 5366 3610 5437 Κέλσι

2089 5388 2324 5436 ηιψτθεει
2363 5388 2512 5436 vero,
2559 5388 2671 5434 τοις
2713 5388 2980 5440 οιομενοις
3007 5388 3099 5422 τον
3145 5388 3295 5437 παρα
3324 5388 3402 5436 τῳ
3448 5388 3610 5420 ΛεΛσι

2089 5437 2337 5506 Ἰουδαῖον
2360 5435 2416 5493 εὖ
2452 5439 2645 5506 ταῦτα,
2679 5452 2783 5494 etc.
2815 5440 2976 5493 Paulo
3003 5447 3123 5506 post
3149 5452 3281 5491 mss.
3313 5445 3481 5506 recte,
3510 5388 3640 5506 περῖ

2072 5499 2150 5628 ἓν
2180 5508 2413 5628 κώςῇἐὰν
2469 5499 2911 5580 ἀπολογήσηται,
2967 5499 3216 5575 impressi
3260 5506 3387 5577 περὶ
3421 5502 3496 5560 ὧν
3543 5499 3639 5562 ἐὰν

2111 5594 2273 5628 πολογ
2300 5595 2492 5628 .σηται.

2111 5594 2306 5632 πολογη
2314 5595 2448 5632 cura
2455 5597 2470 5631 ι
2477 5616 2492 5632 ο

2144 5595 2492 5649 mmmam-at.

2144 5647 2258 5716 (30)
2282 5649 2442 5718 μω).
2496 5647 2708 5713 excusi,
2738 5646 3078 5716 παραστῆναι
3105 5645 3390 5718 δυνήσεται
3415 5645 3512 5718 τῷ,
3547 5649 3641 5704 sed

2076 5719 2244 5772 codex
2280 5715 2479 5785 Regius
2516 5726 2575 5770 ut
2605 5718 2657 5771 in
2687 5715 2878 5772 nostro
2912 5726 3082 5786 textu,
3111 5726 3166 5770 et
3201 5715 3333 5772 sane
3363 5715 3585 5774 rectius.
