3998 6170
423 333 530 388 915

1864 336 2185 393 ORIGENIS
2251 345 2254 348 ’

3553 329 3659 385 916

418 444 692 511 λελέξεται
718 447 852 514 πρὸς
891 447 980 499 τὸν
1016 446 1239 512 Κέλσον,
1278 446 1739 518 ἐπαγγελλόμενον
1773 449 1865 500 καὶ
1896 447 2202 515 φιλοσοφεῖν
2234 448 2324 499 καὶ
2359 447 2428 500 τά
2453 447 2695 518 ἡμέτερα
2731 445 2949 509 εἰδέναι,
2988 445 3068 496 ὅτι
3109 444 3237 517 ἄρα,
3267 439 3334 495 Ὠ
3362 436 3533 507 οὗτος,
3563 443 3660 498 ἐὰν

423 537 522 609 μὲν
555 539 584 590 6
625 537 774 606 παρά
797 539 873 608 τῷ
909 539 1126 608 Ὁμήρῳ
1163 538 1366 610 Ἑρμῆς
1387 538 1517 610 λέγῃ
1550 539 1630 609 τῷ
1676 539 1918 591 Ὀδυσσεῖ
1939 555 1953 567 ο

490 626 712 697 Infelix,
743 645 986 698 quorsum
1015 630 1093 683 sic
1124 630 1266 684 solus
1297 639 1478 700 tesqua
1507 649 1747 700 pererras
1773 632 1855 685 “?

414 716 525 772 fers
560 718 655 772 tibi
689 717 800 770 dari
845 717 1106 771 rationem
1142 719 1284 772 hanc
1309 759 1324 783 ,
1359 719 1685 776 Mercurium
1729 725 1807 775 sic
1841 722 1979 790 apud

417 809 703 863 llomerum
738 809 904 878 loqui,
938 820 995 864 ut
1026 809 1270 880 Ulyssem
1304 816 1565 885 castiget;
1599 813 1854 883 quoniam
1905 814 1981 869 si-

415 915 602 955 renum
629 907 732 967 est,

688 1078 833 1144 Quas
859 1080 1150 1134 circumdat
1175 1098 1393 1135 acervus
1416 1083 1610 1137 ossium
1631 1083 1696 1149 ‘7,

409 1171 618 1226 adulari
651 1182 704 1226 et
732 1174 817 1227 his
845 1175 924 1230 uti
953 1174 1205 1229 mollibus
1230 1174 1411 1230 verbis
1443 1197 1455 1229 :

409 1264 530 1319 Iluc
555 1265 702 1330 ades,
732 1281 760 1318 ο
787 1265 944 1318 decu:
974 1275 1021 1318 et
1051 1263 1354 1319 ercorum
1378 1265 1642 1336 splendor,
1673 1263 1880 1336 Ulysses
1905 1267 1972 1320 ⁸⁸.

410 1437 506 1493 Sin
539 1447 724 1494 autem
757 1442 1033 1508 propheta:
1065 1442 1206 1510 apud
1244 1456 1330 1496 me
1356 1449 1410 1498 et
1443 1442 1599 1497 Jesus
1626 1443 1761 1513 ipse,
1795 1451 1853 1498 ιιι
1881 1457 1976 1497 au-

406 1530 612 1584 ditores
640 1537 983 1591 convertant,
1012 1547 1030 1580 (
1051 1544 1130 1582 vae
1152 1551 1169 1582 ι
1214 1540 1434 1585 utantur
1461 1531 1668 1596 aliisve,
1697 1544 1756 1586 ut
1787 1548 1971 1599 vocas,

409 1617 902 1687 objurgationibus,
933 1621 1046 1672 haec
1078 1619 1214 1673 nihil
1237 1621 1300 1673 ad
1328 1621 1612 1676 utilitatem
1638 1623 1972 1678 audientium

404 1709 709 1776 pertinent,
743 1707 881 1762 hanc
925 1708 1174 1778 loquendi
1209 1711 1470 1765 rationem
1510 1727 1613 1765 non
1649 1714 1872 1769 adhibet
1915 1723 1975 1769 ut

404 1796 674 1852 Paeoniam
694 1798 1035 1852 medicinam.
1055 1798 1216 1870 445
1247 1799 1354 1854 Nisi
1375 1799 1514 1856 forte
1533 1802 1613 1855 vis
1633 1844 1645 1866 ,
1669 1803 1856 1866 Deum,
1879 1814 1975 1858 aut

326 1933 332 1940 .
404 1903 528 1942 eum
553 1888 644 1956 qui
681 1888 878 1942 divina:
910 1900 992 1945 est
1021 1901 1230 1945 natura:
1254 1901 1521 1962 particeps
1546 1933 1560 1957 ,
1581 1909 1700 1947 cum
1725 1895 1969 1950 homines

404 1979 718 2049 alloquitur,
741 1996 861 2049 quae
885 1996 996 2036 suae
1027 1993 1230 2037 natura:
1255 1999 1472 2054 sumque
1503 1985 1748 2054 dignitati
1779 2001 1972 2041 conve-

405 2071 560 2126 niant
604 2074 924 2140 attendere;
972 2074 1193 2129 minime
1239 2091 1369 2130 vero
1415 2077 1802 2144 considerare,
1839 2077 1966 2146 quid

403 2162 716 2216 hominibus
746 2177 882 2232 quos
919 2165 1056 2234 regit
1094 2173 1148 2218 et
1193 2180 1289 2219 suo
1320 2167 1485 2221 verbo
1516 2167 1742 2221 adducit
1785 2168 1970 2222 deceat

400 2252 675 2320 promitti,
708 2262 763 2308 et
789 2269 892 2322 qua
936 2255 1143 2310 ratione
1183 2271 1278 2324 pro
1309 2257 1423 2312 suis
1465 2259 1696 2326 quisque
1730 2260 1971 2314 moribus

400 2341 473 2396 sit
498 2342 870 2413 alloquendus.
919 2345 975 2400 Id
1006 2355 1184 2402 autem
1223 2363 1385 2416 quam
1436 2350 1722 2403 ridiculum
1746 2391 1761 2415 ,
1790 2351 1970 2406 dicere

399 2435 580 2492 Jesum
624 2452 732 2493 non
776 2440 1017 2509 potuisse
1062 2441 1431 2508 persuadere!
1489 2440 1602 2496 Hoc
1627 2443 1771 2496 enim
1819 2457 1971 2510 atque

399 2528 530 2582 ferit
577 2541 685 2582 non
735 2528 908 2583 solum
956 2529 1199 2585 Judaeum
1228 2569 1243 2594 ,
1280 2533 1422 2599 apud
1471 2546 1627 2599 quem
1677 2534 1971 2601 praphetia:

401 2615 585 2671 multis
612 2617 920 2686 hujusmodi
955 2620 1217 2688 exemplis
1247 2619 1461 2676 refertae
1483 2632 1607 2677 sunt
1635 2640 1649 2689 ;
1681 2624 1775 2676 sed
1804 2624 1965 2677 etiam

400 2706 641 2776 Graecos,
670 2723 899 2778 quorum
923 2711 1198 2780 sapientes
1220 2711 1304 2767 vel
1331 2711 1670 2766 celeberrimi
1699 2727 1829 2768 suos
1860 2728 1965 2767 non

398 2807 693 2866 potuerunt
723 2811 816 2854 aut
846 2801 1222 2867 insidiatores,
1252 2803 1602 2871 autjudices,
1631 2813 1725 2856 aut
1749 2817 1970 2857 accusa-

403 2899 550 2945 tores
581 2893 905 2959 persuadere
929 2934 944 2958 ,
977 2900 1072 2959 ut,
1104 2894 1311 2948 relictis
1348 2894 1518 2959 vitiis,
1548 2894 1763 2948 virtutis
1791 2894 1962 2962 adipi-

403 2981 616 3033 scendae
643 2995 804 3034 causa
835 2981 1226 3051 philosophiam
1259 2984 1735 3053 amplecterentur.

473 3069 562 3122 '77.
603 3069 796 3122 Postea
829 3070 958 3125 dicit
990 3070 1208 3128 Judaeus
1233 3073 1360 3128 Jesu
1383 3115 1398 3140 ,
1424 3076 1544 3129 sine
1577 3075 1744 3130 dubio
1770 3089 1968 3129 secun-

405 3166 534 3219 dum
576 3163 882 3220 Judteorum
928 3166 1162 3236 placita:
1206 3169 1408 3224 «Certe
1449 3185 1729 3239 speramus
1762 3185 1862 3224 nos
1913 3171 1965 3224 in

2005 633 2056 691 Α
2158 631 2313 683 Τίπτ’
2346 625 2445 692 αὖ,
2478 625 2524 683 ὦ
2549 629 2835 695 δύστηνε,
2858 627 2944 679 δι’
2970 626 3173 697 ἄκριας
3200 627 3399 698 ἔρχεαι
3430 623 3591 693 οἶος-ς

2086 721 2250 792 ἀνέχῃ
2308 721 2598 788 ἀπολογίας
2652 717 2936 786 λεγούσης,
2995 717 3077 769 ὅτι
3124 717 3265 786 ὑπὲρ
3317 716 3656 786 ἐπιστροφῆς

2083 811 2307 864 τοιαῦτα
2363 809 2440 880 τῷ
2496 810 2736 862 Ὀδυσσεῖ
2787 807 3230 878 προσδιαλέγεται
3281 808 3309 859 6
3363 808 3655 878 Ὁμηρικὸς

2095 902 2300 972 Ἐρμῆς
2319 918 2332 930 ·
2369 901 2490 954 ἐπεὶ
2515 901 2576 952 τὸ
2601 900 2913 953 κολακεύειν
2951 899 3045 951 καὶ
3079 897 3451 968 κεχαρισμένα
3478 897 3654 966 λέγειν

2081 994 2353 1064 Σειρήνων
2393 993 2569 1045 ἐστίν·
2608 985 2695 1054 αἷς
2727 992 2986 1062 πάρεστιν

2229 1085 2378 1154 Ἀμςρ
2395 1085 2408 1103 ⁸
2435 1085 2717 1152 ὀστεόφιν
2745 1085 2804 1137 θί
2809 1104 2860 1148 ς,

2079 1176 2234 1245 λεγού
2244 1195 2362 1240 σαις
2381 1195 2395 1208 ο

2147 1269 2311 1335 Δεῡρ’
2352 1268 2443 1337 ἄγ’
2493 1267 2616 1335 ἰὼν,
2663 1268 2937 1320 πολύαιν’
2983 1264 3255 1327 Ὀδυσεῦ,
3300 1264 3654 1334 μέγακῦδος

3233 1354 3252 1426 [
3271 1355 3530 1424 Ἀχαιῶν.

2090 1451 2212 1504 Ἐἀν
2235 1451 2336 1504 δὀἱ
2358 1452 2485 1522 παρ’
2508 1451 2630 1521 ἐμοὶ
2654 1451 2922 1520 προφῆται
2949 1450 3042 1503 καὶ
3061 1448 3220 1511 αὐτὸς
3240 1450 3268 1501 ὁ
3283 1446 3490 1518 Ἰησοῦς
3511 1446 3650 1516 ὑπὲρ

2075 1541 2404 1612 ἐπιστροφῆς
2424 1542 2531 1594 τῶν
2565 1541 2866 1594 ἀκουόντων
2892 1540 3036 1609 λέγοι
3074 1540 3132 1592 τὸ
3173 1559 3190 1590 ι
3228 1539 3363 1591 Οὐαὶ
3408 1557 3427 1589 ›
3457 1538 3550 1590 καὶ
3583 1537 3648 1600 ἃς

2074 1632 2280 1704 νομίζει
2311 1633 2420 1704 (51)
2455 1633 2740 1703 λοιδορίας,
2777 1632 2926 1684 οὐδὲν
2959 1631 3318 1700 οἰκονομεῖται
3348 1628 3483 1699 πρὸς
3518 1628 3645 1690 τοὺς

2075 1723 2372 1785 ἀκούοντας
2405 1721 2491 1774 διὰ
2536 1721 2643 1774 τῶν
2694 1720 2945 1773 τοιούτων
2979 1719 3170 1787 λόγων,
3208 1718 3327 1770 οὐδὲ
3378 1717 3639 1787 προσάγει

2073 1816 2262 1878 αὐτοῖς
2286 1814 2359 1878 ὡς
2385 1812 2651 1866 Παιώνιον
2679 1811 2962 1881 φάρμακον
2995 1811 3084 1862 τὸν
3117 1809 3352 1862 τοιοῦτον
3379 1809 3553 1878 λόγον.
3578 1810 3638 1861 El

2079 1907 2151 1978 μὴ
2177 1907 2284 1977 ἄρα
2321 1905 2519 1976 βούλει,
2553 1903 2644 1956 τὸν
2678 1903 2829 1966 Θεὸν,
2859 1902 2890 1972 ἢ
2918 1902 3008 1954 τὸν
3033 1901 3183 1964 θείας
3213 1901 3506 1972 μετέχοντα
3543 1899 3639 1969 φύ-

2076 2015 2211 2062 σεως
2255 1997 2560 2069 ἀνθρώποις
2605 1983 3003 2064 διαλεγόμενον,
3045 1997 3263 2046 σκοπεῖν
3303 1994 3400 2064 μὲν
3439 1993 3508 2045 τὰ
3543 1993 3638 2062 τῆς

2075 2092 2206 2155 ἰδίας
2231 2091 2442 2159 φύσεως
2467 2091 2560 2143 καὶ
2581 2088 2649 2140 τὰ
2673 2089 2790 2140 κατ’
2817 2087 2969 2152 ἀξίαν
2998 2085 3211 2149 ἑαυτοῦ,
3244 2085 3440 2156 μηκέτι
3463 2085 3507 2136 δ’
3536 2085 3638 2135 ἐνο-

2073 2184 2192 2254 ρᾷν,
2220 2183 2271 2234 τί
2306 2181 2502 2252 πρέπει
2543 2182 2654 2242 τοῖς
2691 2177 3159 2249 οίκονομουμένοις
3214 2177 3304 2229 καὶ
3350 2174 3637 2243 ἀγομένοις

2070 2270 2375 2341 ἀνθρώποις
2402 2269 2506 2321 ὑπὸ
2542 2268 2634 2321 τοῦ
2670 2267 2827 2336 λόγου
2862 2265 3024 2320 αὐτοῦ
3054 2266 3162 2336 (52)
3189 2262 3631 2333 ἐπαγγέλλεσθαι,

2070 2365 2164 2415 καὶ
2198 2364 2412 2432 ἑκάστῳ
2443 2379 2507 2431 γε
2542 2361 2682 2413 κατὰ
2719 2361 2779 2413 τὸ
2821 2359 3176 2428 ὑποκείμενον
3220 2354 3352 2428 ἦθος
3395 2357 3631 2424 διαλέγε-

2070 2457 2219 2508 σθαιο
2246 2454 2364 2518 πῶς
2391 2454 2448 2507 δὲ
2475 2453 2585 2524 (55)
2613 2453 2706 2505 καὶ
2735 2451 2793 2503 οὐ
2829 2451 3033 2518 γελοῖον
3064 2450 3124 2503 τὺ
3155 2454 3336 2502 πεῖσαι
3361 2449 3633 2502 ἀδυνατεῖν

2067 2543 2357 2613 λεγόμενον
2391 2542 2520 2612 περὶ
2551 2541 2645 2593 τοῦ
2705 2539 2900 2609 Ἰησοῦ,
2947 2540 3039 2592 καὶ
3072 2539 3534 2608 κοινοποιούμενον
3573 2539 3631 2590 οὐ

2073 2636 2227 2704 μόνον
2261 2633 2396 2704 πρὸς
2431 2632 2521 2684 τὸν
2574 2630 2843 2695 Ἰουδαῖον,
2883 2629 3051 2682 πολλά
3082 2629 3305 2682 τοιαῦτα
3346 2629 3534 2700 ἔχοντα
3577 2630 3631 2679 ἐν

2067 2729 2185 2789 ταῖς
2227 2724 2604 2795 προφητείαις,
2647 2721 2781 2775 ἀλλά
2823 2723 2919 2776 καὶ⁵
2960 2723 3095 2792 πρὸς
3133 2721 3418 2792 Ἕλληνας,
3457 2723 3514 2772 ἐν
3556 2716 3632 2784 οἷς

2066 2818 2294 2880 ἕκαστος
2329 2817 2437 2869 τῶν
2466 2817 2706 2887 μεγάλην
2745 2815 2901 2880 δόξαν
2928 2816 3017 2867 ἐπὶ
3061 2815 3220 2886 σοφίᾳ
3260 2816 3632 2885 ἀπενεγκαμέ-

2069 2928 2171 2963 νων
2207 2910 2265 2962 οὐ
2295 2908 2573 2980 δεδύνηται
2602 2911 2781 2961 πεῖσαι
2805 2909 2930 2971 τοὺς
2964 2907 3422 2970 ἐπιϐουλεύοντας,
3448 2908 3479 2977 ἢ
3511 2909 3631 2970 τοὺς

2067 2999 2341 3062 δικαστὰς,
2369 2998 2402 3068 ἦ
2435 2999 2560 3061 τοὺς
2589 2997 3044 3069 κατηγοροῦντας,
3073 2998 3380 3051 παύσασθαι
3419 3001 3514 3070 μὲν
3537 3001 3630 3069 τῆς

2068 3089 2282 3152 κακίας,
2317 3086 2530 3158 ὁδεῦσαι
2556 3088 2611 3140 δὲ
2644 3087 2730 3140 διὰ
2763 3087 3078 3156 φιλοσοφίας
3113 3089 3199 3140 ἐπ’
3235 3089 3451 3160 ἀρετήν.

2138 3181 2292 3235 Μετά
2313 3179 2482 3234 ταῦτα
2508 3183 2535 3233 6
2572 3180 2817 3243 Ἰουδαῖος
2843 3178 2990 3248 αὐτῷ
3014 3178 3178 3247 λέγει,
3213 3179 3368 3249 δῆλον
3392 3181 3468 3235 ὅτι
3495 3181 3631 3232 κατά

402 3273 635 3328 corpore
676 3268 1083 3314 resurrecturos
1127 3273 1250 3315 esse
1292 3270 1346 3314 et
1379 3271 1634 3315 atternam
1683 3260 1964 3317 habituros

2069 3274 2128 3327 τὸ
2165 3273 2434 3335 Ἰουδαίοις
2460 3272 2710 3342 ἀρέσκον,
2743 3273 2820 3324 ὃτι
2861 3291 2877 3321 ι
2923 3271 3239 3340 Ἐλπίζομεν
3271 3271 3332 3340 δή
3366 3290 3464 3323 που
3499 3273 3628 3323 ἀνα-

404 3352 610 3417 vitam;
643 3359 698 3405 et
724 3351 883 3418 hujus
907 3352 1326 3407 resurrectionis
1357 3353 1661 3421 exemplum
1691 3362 1745 3408 et
1774 3355 1960 3408 ducem

404 3443 521 3501 fore
547 3456 669 3496 eum
723 3443 813 3510 qui
846 3443 1140 3497 mittendus
1171 3444 1237 3496 ad
1265 3458 1361 3497 nos
1391 3451 1494 3509 est,
1527 3453 1581 3498 et
1611 3445 1963 3512 probaturum

405 3534 537 3588 nihil
561 3548 682 3589 esse
709 3534 852 3603 quod
882 3534 1024 3589 Deus
1052 3544 1284 3604 nequeat
1309 3533 1541 3590 elIicere.
1573 3554 1592 3588 ι
1624 3535 1774 3590 Haud
1807 3538 1963 3605 equi-

400 3627 524 3682 dem
553 3628 666 3682 scio
689 3643 756 3682 an
786 3626 1000 3683 Judaeus
1031 3629 1230 3684 diceret
1252 3630 1523 3684 Christum
1548 3631 1616 3685 ab
1646 3631 1750 3685 illis
1772 3645 1964 3700 exspe-

275 3704 279 3709 ’
367 3746 370 3749 -
401 3726 610 3772 ctatum
646 3718 1066 3773 resurrectionis
1094 3719 1396 3788 exemplum
1428 3721 1481 3774 in
1517 3735 1576 3775 se
1605 3722 1960 3790 prtebiturum

400 3825 544 3865 esse.
581 3810 774 3866 Verum
809 3824 944 3880 esto,
980 3813 1058 3866 sic
1094 3829 1224 3868 sane
1255 3816 1455 3869 sentiat
1478 3826 1526 3869 et
1561 3816 1826 3885 loquatur.
1851 3818 1960 3872 Re-

401 3899 644 3970 spondeo
677 3903 742 3956 ad
772 3918 892 3956 eum
918 3945 932 3968 ,
965 3904 1058 3972 qui
1091 3904 1224 3958 dicit
1271 3921 1328 3959 se
1377 3891 1579 3960 nostris
1605 3923 1635 3961 e
1679 3909 1961 3975 scripturis

399 3993 686 4048 nobiscum
715 4009 914 4063 agere:
942 3995 1166 4065 Legisti,
1195 4011 1229 4050 0
1257 3997 1428 4062 bone,
1453 4012 1536 4064 ea,
1568 3999 1618 4050 in
1641 3999 1836 4065 quibus
1863 4016 1961 4056 nos

398 4089 820 4158 reprehensione
849 4090 1038 4158 dignos
1081 4090 1361 4144 existimas
1391 4109 1404 4156 ;
1457 4090 1637 4145 Jesutu
1673 4101 1849 4146 autem
1878 4107 1963 4146 re-

395 4181 700 4238 sur—rcxisse
720 4223 734 4244 ,
758 4195 988 4250 eumque
1015 4195 1082 4236 ex
1111 4181 1337 4236 mortuis
1366 4183 1777 4250 primogenitum
1807 4198 1925 4238 esse
1945 4225 1961 4249 ,

394 4289 503 4327 non
549 4272 880 4342 legi-sti?An
917 4273 1032 4327 haec
1083 4271 1203 4326 ideo
1232 4271 1432 4340 scripta
1475 4287 1583 4326 non
1615 4281 1782 4338 sunt,
1831 4274 1961 4342 quia

396 4365 597 4433 scripta
636 4379 757 4419 esse
804 4363 1021 4419 nolles?
1064 4362 1329 4430 Quoniam
1381 4377 1510 4417 vero
1547 4361 1764 4418 Judaeus
1818 4366 1960 4434 apud

395 4454 610 4509 Celsum
659 4457 835 4526 pergit
867 4457 1012 4526 loqui
1062 4469 1115 4511 et
1160 4457 1618 4511 resurrectionem
1669 4470 1959 4526 corporum

394 4546 653 4613 admittit,
679 4563 785 4601 non
807 4548 1042 4602 arbitror
1057 4556 1414 4615 opportunum
1437 4561 1580 4600 nunc
1603 4561 1720 4602 esse
1747 4557 1959 4614 tempus

2070 3363 2360 3434 στήσεσθαι
2389 3365 2444 3415 ἐν
2479 3362 2686 3433 σώματι
2721 3363 2814 3415 καὶ
2851 3362 3030 3432 βιοτὴν
3072 3359 3215 3424 ἕξειν
3250 3361 3464 3414 αἰώνιον
3489 3380 3502 3391 ο
3541 3363 3630 3414 καὶ

2064 3457 2255 3509 τούτου
2295 3455 2642 3526 παράδειγμα
2683 3456 2774 3507 καὶ
2813 3454 3120 3525 ἀρχηγέτην
3162 3455 3254 3507 τὸν
3288 3456 3630 3525 πεμπόμενον

2065 3550 2195 3618 ἡμῖν
2217 3546 2450 3609 ἔσεσθαι,
2467 3546 2765 3608 δεικνύντα,
2791 3545 2870 3598 ὅτι
2886 3547 2985 3598 οὐκ
3008 3545 3261 3597 ἀδύνατόν
3283 3562 3334 3596 τι
3352 3543 3427 3608 τῷ
3442 3543 3577 3613 Θεῷ.
3605 3563 3624 3595 ι

2066 3639 2179 3690 υύκ
2212 3637 2433 3708 οἴδαμεν
2460 3637 2570 3706 (54)
2605 3633 2695 3689 οὖν
2729 3639 2775 3688 εί
2802 3637 2890 3687 τὸν
2923 3635 3367 3709 προσδοκώμενον
3400 3635 3627 3703 Χριστὸν

2063 3730 2092 3780 6
2125 3728 2370 3790 Ἰουδαῖος
2392 3729 2505 3797 ἐρεῖ
2525 3728 2868 3798 παράδειγμα
2890 3727 2988 3797 τῆς
3009 3727 3352 3788 ἀναστάσεως
3377 3727 3433 3777 ἐν
3458 3725 3625 3792 ἐαυτῴ

2062 3819 2362 3872 δεικνύναι’
2405 3819 2518 3870 ἀλλ’
2547 3819 2704 3882 ἕστω,
2745 3817 2974 3870 δεδόσθω
3006 3818 3147 3869 τοῦτ’
3179 3817 3336 3870 αὐτὸν
3374 3818 3466 3869 καὶ
3501 3834 3624 3886 φρο-

2064 3915 2171 3964 νεῖν
2204 3911 2294 3964 καὶ
2327 3910 2520 3978 λέγειν.
2557 3911 2665 3961 Καὶ
2699 3906 3137 3979 ἀποκρινούμεθά
3165 3924 3227 3974 γε
3267 3908 3402 3978 πρὸς
3433 3907 3522 3958 τὸν
3550 3909 3622 3958 εἰ-

2063 4003 2229 4056 πόντα
2271 4006 2334 4056 ἐκ
2368 4002 2476 4055 τῶν
2525 4002 2807 4072 ἡμετέρων
2844 4000 3282 4070 συγγραμμάτων
3315 4002 3445 4070 ἡμῖν
3477 3999 3624 4050 λελα-

2062 4094 2282 4163 ληκέναι
2309 4113 2322 4126 ·
2355 4097 2456 4158 ὅτι,
2486 4091 2556 4145 Ὤ
2589 4088 2762 4156 οὗτος,
2813 4089 2897 4162 ἆρ’
2934 4093 3117 4143 ἐκεῖνα
3167 4085 3262 4161 μὲν
3295 4091 3533 4158 ἀνέγνως
3568 4090 3621 4140 ἐν

2062 4182 2142 4250 οἷς
2176 4188 2494 4255 κατηγορεῖν
2519 4184 2674 4254 ἡμῶν
2699 4183 3118 4252 ὑπολαμϐάνεις,
3144 4185 3242 4253 τὴν
3265 4182 3308 4234 δ’
3337 4183 3621 4234 ἀνάστασιν

2062 4278 2154 4331 τοῦ
2201 4278 2396 4347 Ἰησοῦ,
2423 4276 2516 4329 καὶ
2539 4275 2620 4329 ὅτι
2646 4273 2987 4344 πρωτότοκος
3014 4273 3076 4325 ἐκ
3098 4272 3206 4324 τῶν
3231 4271 3434 4341 νεκρῶν
3459 4272 3620 4330 ἐστιν,

2061 4371 2122 4422 οὐ
2158 4368 2564 4438 διεξελήλυθας;
2604 4367 2673 4418 ’Ἡ
2706 4365 2824 4417 ἐπε)⁵
2852 4366 2923 4436 μὴ
2954 4363 3130 4434 βούλει
3161 4363 3329 4415 ταῦτα
3361 4361 3619 4430 λελέχθαι,

2063 4462 2169 4514 οὐδ’
2196 4460 2444 4530 εἴρηταις
2489 4458 2639 4510 Ἐπεὶ
2666 4457 2710 4509 δ’
2736 4459 2763 4509 6
2796 4456 3042 4518 Ἰουδαῖος
3068 4455 3147 4506 ἔτι
3167 4455 3312 4522 λέγει
3345 4454 3439 4505 καὶ
3460 4469 3620 4523 προσ-

2067 4552 2202 4604 ίεται
2251 4550 2398 4619 παρά
2440 4548 2516 4619 τῷ
2540 4549 2731 4618 Κέλσῳ
2760 4547 2854 4618 τὴν
2881 4548 3171 4600 ἀνάστασιν
3197 4545 3303 4599 τῶν
3339 4545 3619 4614 σωμάτων,

395 4637 463 4688 de
498 4637 584 4689 illa
627 4652 930 4691 sermonem
974 4636 1204 4690 faciendi
1230 4679 1244 4702 ,
1295 4651 1415 4689 cum
1464 4638 1650 4691 credat
1687 4648 1740 4690 et
1789 4638 1956 4705 proti-

2069 4643 2160 4712 ούχ
2199 4641 2434 4712 ἡγοῦμαι
2467 4639 2562 4692 νῦν
2597 4638 2846 4710 εὔκαιρον
2881 4634 3017 4690 εἶναι
3051 4637 3176 4708 περὶ
3209 4637 3398 4689 τούτου
3430 4634 3622 4698 διεξελ-

398 4734 580 4779 leatur
607 4741 887 4794 corporum
927 4741 1046 4783 esse
1091 4728 1546 4782 resurrectionem
1577 4746 1590 4781 :
1645 4729 1759 4782 sive
1795 4728 1868 4780 illi
1894 4743 1959 4782 ex

397 4818 583 4872 animo
605 4831 929 4872 consensum
955 4819 1208 4886 praebeat,
1234 4828 1288 4873 et
1313 4829 1462 4874 recte
1487 4821 1550 4872 de
1581 4819 1669 4872 illa
1695 4821 1962 4873 disserere

395 4909 605 4974 possit;
647 4907 760 4962 sive
779 4923 904 4975 non,
938 4910 1030 4963 sed
1063 4911 1241 4976 potius
1269 4911 1344 4963 illi
1379 4925 1438 4964 se
1471 4910 1723 4963 assentiri
1762 4910 1948 4979 tingat.

395 4999 522 5054 llaec
554 4999 718 5068 igitur
759 5000 824 5054 ad
852 4999 989 5055 Celsi
1029 5000 1270 5055 Judaeum
1303 5002 1444 5056 dicta
1479 5010 1662 5057 sunto.
1694 5001 1825 5055 Cum
1864 5018 1958 5055 au~

398 5099 506 5145 tem
538 5091 734 5146 addat:
772 5109 792 5142 ι
819 5090 918 5146 Ubi
947 5106 1088 5145 nunc
1117 5093 1231 5145 est?
1272 5101 1326 5144 ut
1356 5093 1634 5146 videamus
1670 5102 1724 5146 el
1761 5093 1956 5146 creda-

465 5182 514 5214 δ’
545 5182 740 5254 Odyss.
789 5200 848 5250 ι,
879 5182 1004 5237 281.
1073 5185 1116 5215 ⁸⁷
1152 5183 1342 5253 Odyss.

463 5301 577 5368 (51)
608 5298 856 5370 Νομίζει.
892 5299 1053 5370 Lego,
1081 5299 1342 5369 νομίζεις.

461 5371 576 5437 (52)
618 5369 765 5423 Ὑπὸ
813 5369 919 5424 τοῦ
971 5368 1156 5438 λόγου
1189 5368 1397 5422 αὐτοῦ.
1449 5368 1540 5424 Sic
1589 5378 1736 5424 recte
1765 5384 1954 5423 omnes

389 5455 550 5509 mss.;
588 5439 728 5509 male
760 5454 888 5495 vero
917 5440 1168 5509 impressi
1197 5439 1397 5494 habent
1426 5440 1477 5494 in
1523 5449 1693 5506 textu,
1725 5439 1828 5492 ὑπὸ
1860 5438 1954 5494 τοῦ

388 5507 519 5562 λαοῦ
547 5508 732 5564 αὑτοῦ.

464 5577 576 5648 (55)
621 5576 752 5642 Πῶς
795 5578 882 5644 δέ,
937 5588 1046 5632 etc.
1099 5579 1189 5635 Sic
1222 5586 1379 5632 vetns
1417 5579 1585 5632 codev
1635 5578 1955 5634 Vaticanus.

389 5647 576 5720 Libb.‘
598 5657 782 5720 autem
831 5648 1099 5720 impressi,
1151 5650 1265 5714 πῶς
1298 5649 1353 5702 δὲ
1398 5651 1491 5703 καὶ
1519 5651 1723 5718 γελοῖον
1753 5651 1811 5704 τὸ
1843 5653 1958 5702 πεῖ-

392 5731 482 5770 σαι
513 5714 790 5770 ἀδύνατον.

1421 5200 1520 5247 xu,
1550 5184 1638 5238 45.

2064 4733 2172 4786 θεῖν
2203 4732 2337 4802 πρὸς
2359 4731 2448 4783 τὸν
2488 4731 2579 4783 καὶ
2608 4730 2927 4784 πιστεύοντα
2955 4731 3047 4782 καὶ
3078 4728 3300 4797 λέγοντα
3335 4729 3621 4780 ἀνάστασιν

2062 4822 2199 4878 εἶναι
2255 4825 2536 4894 σωμάτων·
2589 4823 2682 4876 καὶ
2731 4823 2840 4875 εἴτε
2881 4821 3236 4894 διαρθροῦντα
3278 4820 3338 4872 τὸ
3389 4817 3620 4872 τοιοῦτον

2067 4919 2196 4987 παρ’
2228 4915 2402 4985 ἑαυτῷ
2427 4916 2518 4967 καὶ
2534 4915 2826 4983 δυνάμενον
2849 4913 3174 4985 πρεσϐεῦσαι
3199 4909 3439 4981 περὶτοῦ
3467 4909 3622 4976 λόγου

2067 5006 2263 5069 καλῶς’
2301 5005 2408 5057 εἴτε
2436 5005 2529 5074 μὴ,
2558 5003 2690 5056 ἀλλά
2716 5002 3082 5072 μυθικώτερον
3107 4998 3623 5068 συγκατατιθέμενον

2062 5097 2140 5167 τῷ
2165 5096 2326 5166 λόγῳ.
2355 5095 2537 5149 Ταῦτα
2570 5094 2668 5165 μὲν
2692 5089 2790 5148 οὖν
2810 5094 2950 5146 οὕτω
2982 5092 3117 5162 πρὸς
3140 5091 3229 5144 τὸν
3255 5089 3465 5143 Κέλσου
3500 5089 3624 5141 Ἰου-

1717 5184 1760 5216 in
1785 5185 1936 5252 ibid.,
1971 5188 2094 5242 ist.

2133 5305 2244 5373 (54)
2279 5307 2399 5358 Οὐκ
2447 5303 2746 5373 ἀδύνατιξν
2780 5319 2835 5355 τι
2879 5302 2958 5366 τῷ
3013 5301 3169 5373 Θεῷ,
3196 5304 3316 5356 Οὐκ
3361 5301 3620 5370 οἴδαμεν.

2060 5371 2148 5429 Ιιιι
2171 5371 2327 5429 codd.
2359 5375 2560 5442 Regius
2589 5384 2644 5425 et
2691 5371 3051 5442 Basilceusis;
3101 5372 3293 5442 reliqui
3329 5387 3475 5442 vero
3503 5387 3621 5442 cum

2060 5445 2194 5499 libb.
2246 5439 2521 5512 impressis
2567 5442 2788 5512 habent,
2828 5442 2927 5512 οὐκ
2960 5439 3234 5495 ἀδύνατόν
3258 5460 3376 5495 τινα
3409 5440 3486 5510 τῷ
3510 5439 3624 5510 Θεῷ

2067 5513 2161 5565 σὺν
2183 5513 2260 5582 τῷ
2286 5511 2515 5583 σώματι,
2563 5526 2686 5583 qum
2740 5511 2898 5563 lectio
2954 5526 3057 5583 non
3100 5516 3418 5579 spernenda,
3469 5512 3623 5583 modo

2065 5593 2185 5651 post
2216 5580 2446 5652 σώματι,
2510 5580 3099 5652 ιιιὶιὶᾐιιιιιτίάναστῆσαι,
3159 5584 3299 5648 quod
3355 5583 3507 5652 deest
3560 5580 3619 5652 in

2067 5649 2322 5774 ipmlnitlltitt's
2355 5667 2482 5707 mss.
2523 5659 2575 5706 et
2608 5650 2727 5706 ideo
2757 5651 2810 5704 in
2853 5650 3006 5705 libris
3045 5649 3320 5718 impressis
3352 5649 3620 5706 uncinulis

2069 5738 2209 5774 mcu
2256 5732 2379 5774 llUl'.
2472 5754 2478 5760 -

2069 5723 2379 5780 includitur.
2472 5754 2478 5760 -
