3998 6170
430 287 535 365 9n

1624 302 1900 360 CONTRA
1934 296 2213 360 CELSUM‘
2243 296 2372 354 LIB.
2413 295 2480 352 Il.

3484 328 3488 332 .
3579 287 3680 342 918

425 424 572 479 δαῖον
599 422 855 494 λελέχθω.
913 423 1064 479 Ἐπεὶ
1096 422 1153 476 δὲ
1204 420 1342 492 μετά
1416 420 1589 474 ταῦτά
1653 438 1785 492 φησι
1835 440 1852 470 ι
1893 418 1981 472 Ποὶ

2109 431 2263 480 ntus;
2292 433 2309 465 ι
2343 413 2582 468 dicemus
2621 416 2675 464 et
2710 421 2843 462 nos:
2879 405 2980 461 Ubi
3012 421 3153 460 nunc
3183 412 3261 459 est
3285 444 3300 468 ,
3339 403 3427 473 qui
3457 403 3510 456 iri
3543 418 3675 474 pro-
3731 483 3740 487 Ἀ

427 511 519 568 οὖν
558 517 740 581 ἐστιν;
792 517 879 569 ἵνα
912 513 1110 585 ῐδωμεν
1138 512 1233 568 καὶ
1265 511 1674 582 πιστεύσωμεν·
1720 532 1738 562 ›
1773 510 2002 582 ἐροῦμεν

427 607 563 678 πρὸς
583 609 766 661 αὐτόν’
787 607 898 660 Ποῦ
919 605 1012 660 οὖν
1038 609 1153 660 ἐστι
1175 605 1270 660 νῦν
1292 608 1320 659 6
1346 606 1402 658 ἐν
1427 605 1860 674 τοῖς-προφήταις
1889 603 2000 674 (55)

423 694 598 764 λέγων
640 696 735 750 καὶ
778 697 806 748 6
842 697 1104 767 τεράστια
1139 693 1488 765 πεποιηκώς;
1536 693 1621 746 ἵνα
1664 693 1862 762 ἴδωμεν
1910 693 2002 745 καὶ

425 785 824 857 πιστεύσωμεν,
859 787 940 838 ὅτι
977 785 1133 856 μερίς
1162 786 1277 838 ἐστι
1319 783 1428 856 (56)
1461 783 1554 836 τοῦ
1589 781 1744 835 Θεοῦ.
1779 783 1848 834 ’Ἡ
1874 781 2000 852 ὑμῖν

428 874 528 945 μὲν
557 875 763 939 ἔξεστιν
792 875 1170 944 ἀπολογεῖσθαι
1204 875 1332 946 περὶ
1364 873 1458 926 τοῦ
1495 873 1570 944 μὴ
1604 873 1691 927 ἀεὶ
1723 872 2000 940 ἐπιφαίνε-

427 965 550 1020 σθαι
590 965 668 1037 τζρ
707 967 854 1036 γένει
893 966 1000 1019 τῶν
1049 965 1313 1037 Ἐϐραίων
1356 964 1446 1017 τὸν
1484 963 1635 1026 Θεὸν,
1683 965 1813 1034 ἡμῖν
1843 962 1898 1013 δὲ
1938 962 1997 1014 οὐ

421 1055 619 1110 δίδοται
652 1060 684 1128 ἡ
722 1057 860 1128 αὐτὴ
894 1057 1157 1126 ἀπολογία
1193 1056 1322 1126 περὶ
1355 1053 1449 1107 τοῦ
1494 1053 1688 1125 Ἰησοῦ,
1723 1053 1872 1116 διπαξ
1905 1053 2000 1106 καὶ

422 1147 768 1213 ἀναστάντος,
795 1149 888 1202 καὶ
921 1149 1205 1210 πείσαντος
1239 1147 1366 1216 περὶ
1397 1146 1495 1215 τῆς
1543 1145 1734 1199 ἑαυτοῦ
1768 1144 2000 1198 ἀναστά-

425 1250 562 1298 σεως
618 1237 744 1298 τοὺς
794 1236 1074 1307 μαθητάς·
1124 1237 1220 1290 καὶ
1253 1237 1345 1288 ἐπὶ
1373 1235 1626 1288 τοσοῦτον
1686 1233 1994 1297 πείσαντος,

420 1321 560 1376 ὥστε
581 1323 649 1376 δι’
682 1317 758 1379 ὧν
787 1326 1051 1395 πάσχουσι
1083 1326 1353 1379 δεικνύναι
1386 1324 1570 1387 πᾶσιν,
1601 1326 1682 1378 ὅτι
1712 1325 1998 1394 βλέποντες

421 1411 521 1481 τὴν
539 1411 752 1466 αἰώνιον
780 1411 943 1484 ζωὴν,
975 1414 1067 1467 καὶ
1089 1414 1184 1486 τὴν
1212 1413 1664 1484 ύποδεδειγμένην
1688 1414 1872 1476 αὐτοῖς
1905 1413 1997 1465 καὶ

425 1501 568 1572 λόγῳ
595 1503 688 1555 καὶ
708 1503 853 1574 ἔργῳ
882 1504 1194 1567 ἀνάστασιν,
1231 1503 1485 1568 παίζουσι
1525 1502 1703 1556 πάντα
1734 1501 1803 1555 τὰ
1836 1505 1893 1556 ἐν
1917 1502 1996 1573 τῷ

427 1590 528 1660 βίῳ
561 1591 794 1646 ἐπίπονα
813 1609 827 1660 ;

491 1681 648 1734 Μετὰ
678 1681 846 1736 ταῦτα
873 1682 1019 1752 λέγει
1051 1685 1080 1737 ό
1116 1683 1382 1748 Ἰουδαῖος·
1417 1703 1436 1736 ι
1471 1685 1540 1738 Ἢ
1571 1685 1666 1738 ἐπὶ
1687 1684 1860 1755 τούτῳ
1890 1701 1992 1737 καυ

2106 510 2286 580 phctis
2329 507 2568 576 loquitur
2598 511 2650 558 et
2692 502 2934 571 prodigia
2981 500 3151 554 fecit?
3199 508 3258 553 ut
3304 498 3585 550 videamus
3623 506 3677 548 et

2105 601 2394 654 credamus
2439 611 2536 651 vos
2584 594 2676 649 Dei
2727 593 2993 663 peculium
3043 605 3181 645 esse.
3216 590 3298 644 An
3349 587 3505 644 vobis
3554 586 3678 641 licet

2104 705 2298 745 causas
2329 689 2459 742 dare
2490 701 2588 741 cur
2619 687 2761 738 Deus
2794 682 3142 738 llebrzcormn
3181 679 3363 750 generi
3395 692 3500 731 non
3533 692 3674 746 prae-

2103 793 2232 831 sens
2271 789 2486 842 semper
2517 774 2677 836 adsit;
2713 771 2870 826 nobis
2897 779 3079 824 autem
3110 769 3328 823 easdem
3358 781 3461 820 non
3491 765 3678 820 licebit

2104 868 2328 921 reddere
2351 862 2570 919 de'Jesu
2592 905 2606 928 ,
2636 863 2760 932 qui,
2782 861 2948 917 semel
2977 861 3296 926 suscitatus,
3325 873 3477 914 suam
3506 857 3672 912 disci-
3711 907 3731 946 ί,

2102 957 2242 1028 pulis
2283 955 2736 1012 resurrectionem
2769 952 3067 1020 persuasit,
3109 959 3163 1004 et
3194 950 3265 1004 ita
3301 949 3515 1018 quidem
3546 962 3674 1016 per-

2101 1049 2313 1113 suasit,
2345 1055 2404 1100 ut
2450 1059 2547 1113 per
2588 1059 2652 1098 ea
2684 1057 2805 1111 quae
2845 1043 3152 1110 patiuntur,
3202 1039 3376 1108 palam
3415 1039 3672 1093 omnibus

2101 1139 2311 1194 faciant
2344 1153 2404 1192 se
2449 1136 2606 1190 ludos
2656 1133 2838 1186 facere
2869 1145 3204 1200 qumcunquc
3247 1131 3428 1198 gravia
3457 1129 3512 1182 in
3562 1129 3671 1181 vita

2101 1231 2432 1298 molestaque
2461 1237 2616 1292 sunt,
2650 1214 2774 1294 quia
2802 1223 2964 1276 vitam
3000 1230 3256 1274 mternam
3309 1221 3670 1275 resurrectio-

2102 1337 2333 1388 ncmque
2391 1319 2490 1372 sibi
2541 1317 2708 1372 verbo
2753 1324 2806 1370 et
2857 1325 3023 1382 opere
3073 1311 3506 1365 demonstratam
3560 1323 3670 1377 pra:

2099 1412 2266 1467 oculis
2298 1411 2495 1466 habent
2515 1410 2546 1462 ἱ
3557 1424 3563 1430 -

2165 1594 2329 1666 446
2363 1592 2453 1647 78.
2483 1591 2667 1662 Pergit
2696 1588 2948 1644 Judmus:
3005 1606 3024 1639 ι
3046 1587 3128 1641 Αη
3166 1601 3233 1642 eo
3265 1584 3574 1651 descendit,
3611 1592 3672 1638 ut

2098 1685 2358 1742 increduli
2401 1683 2723 1740 essemus?»
2759 1681 2856 1736 Cui
2897 1680 3110 1735 dicetur
3136 1720 3151 1746 ,
3202 1692 3306 1733 non
3343 1692 3408 1732 eo
3451 1677 3670 1731 venisse

421 1773 637 1845 τῆλοεν,
673 1774 738 1828 ἵν’
776 1776 1192 1848 ἀπιστήσωμεν;
1229 1795 1248 1830 ι
1283 1778 1425 1849 Πρὸς
1454 1778 1512 1831 ὃν
1545 1777 1838 1844 λελέξεταιο
1878 1777 1981 1829 Οὐκ

2097 1785 2152 1830 ιιι
2179 1776 2379 1832 Judacis
2406 1789 2570 1830 causa
2612 1771 3007 1829 incredulitatis
3033 1779 3178 1825 esset
3201 1809 3217 1833 ,
3251 1770 3345 1825 sed
3371 1784 3490 1824 eam
3523 1769 3670 1822 lutu-

421 1866 515 1919 ἐπὶ
559 1866 732 1936 τούτῳ
775 1867 874 1938 μὲν
913 1863 1095 1938 ἦλθεν,
1142 1869 1207 1923 ἵν’
1256 1869 1554 1939 ἐργάσηται
1596 1869 1693 1940 τὴν
1737 1868 1992 1922 ἀπιστίαν

430 1955 721 2022 Ἰουδαίοις·
742 1958 1164 2027 προγιγνώσκων
1182 1960 1226 2012 δ’
1248 1961 1416 2032 αὐτὴν
1432 1961 1716 2032 ἐσομένην,
1740 1964 1987 2032 προεῖπε*

418 2047 512 2098 καὶ
541 2049 906 2120 συνεχρήσατο
929 2051 994 2120 τῇ
1027 2049 1252 2120 ἀπιστίᾳ
1275 2049 1382 2103 τῶν
1423 2050 1692 2104 Ἰουδαίων
1725 2050 1860 2120 πρὸς
1893 2049 1990 2120 τὴν

418 2137 608 2208 κλῆσιν
644 2139 752 2192 τῶν
791 2139 991 2194 ἐθνῶψ
1020 2142 1098 2212 τῷ
1129 2141 1235 2213 γὰρ
1270 2142 1492 2196 ἐκείνων
1513 2143 1919 2214 παραπτώματι
1957 2144 1988 2214 ἡ

420 2229 660 2299 σωτηρία
691 2232 804 2294 τοῖς
849 2230 1025 2284 ἔθνεσι
1071 2232 1380 2304 γεγένηται,
1429 2233 1556 2304 περὶ
1602 2227 1676 2287 ὧν
1705 2236 1733 2286 ὁ
1775 2235 1831 2287 ἐν
1876 2237 1990 2297 τοῖς

416 2321 720 2392 προφήταις
746 2321 978 2394 Χριστός
1003 2340 1166 2394 φησι·
1199 2342 1216 2375 ‹
1250 2323 1412 2388 Λαὸς,
1438 2323 1496 2376 ὂν
1517 2325 1617 2377 οὐκ
1639 2324 1829 2393 ἔγνων,
1851 2325 1990 2378 ἐδού-

413 2407 572 2481 λευσέ
619 2429 728 2482 μοι,
773 2415 854 2476 εἰς
896 2413 1064 2484 ἀκοὴν
1109 2415 1271 2467 ὠτίου
1310 2414 1589 2484 ὑπήκουσέ
1623 2433 1755 2486 μουο
1813 2436 1830 2466 ι
1870 2417 1985 2481 καὶ,

415 2517 439 2551 ι
475 2501 719 2572 Εὑρέθην
747 2505 859 2566 τοῖς
890 2503 990 2573 ἐμὲ
1026 2503 1098 2574 μὴ
1133 2503 1408 2574 ζητοῦσιν,
1443 2505 1690 2576 ἐμφανὴς
1718 2507 1986 2577 ἐγενόμην

410 2591 524 2650 τοῖς
550 2589 650 2658 ἐμὲ
680 2590 753 2662 μὴ
792 2591 1128 2662 ἐπερωτῶσι.
1162 2611 1180 2642 ι
1217 2592 1325 2646 Καὶ
1359 2595 1545 2661 σαφὲς,
1572 2595 1653 2646 ὅτι
1681 2597 1775 2648 καὶ
1806 2595 1902 2664 τὴν
1929 2596 1986 2648 ἐν

415 2674 517 2746 βίῳ
543 2677 760 2731 κόλασιν
799 2678 1058 2744 Ἰουδαῖοι,
1096 2679 1234 2751 μετά
1257 2682 1317 2734 τὸ
1343 2681 1604 2736 διαθεῖναι
1635 2684 1727 2736 τὸν
1779 2682 1987 2754 Ἰησοῦν

411 2767 448 2820 ἃ
504 2767 780 2838 διέθηκαν,
833 2769 1222 2842 ἐκολάσθησαν.
1267 2772 1587 2840 Λεγέτωσαν
1641 2774 1684 2826 δ’
1747 2774 1987 2830 Ἰουδαῖοι

411 2857 506 2910 ἐάν
536 2859 693 2926 ἡμεῖς
725 2859 1082 2926 ἐγκαλοῦντες
1115 2862 1412 2933 φάσκωμεν
1435 2864 1566 2934 (57),
1604 2865 1889 2939 θαυμαστή
1922 2886 1984 2938 γε

409 2947 538 3016 ὑμῖν
567 2949 600 3017 ἡ
627 2948 720 3000 τοῦ
764 2949 898 3002 Θεοῦ
935 2949 1160 3022 πρόνοια
1200 2953 1293 3006 καὶ
1319 2953 1718 3025 φιλανθρωπία,
1758 2957 1983 3024 κολαζο-

409 3037 611 3107 μένοις,
643 3040 737 3093 καὶ
764 3043 1070 3112 στερηθεῖσι
1095 3045 1190 3096 καὶ
1215 3044 1313 3114 τῆς
1355 3045 1726 3117 Ἰερουσαλὴμ,
1759 3050 1852 3101 καὶ
1885 3049 1982 3103 τοῦ

404 3129 697 3200 λεγομένου
721 3132 1078 3204 ἁγιάσματος,
1105 3135 1198 3189 καὶ
1221 3137 1318 3206 τῆς
1342 3139 1674 3208 σεμνοτάτης
1695 3140 1978 3211 λατρείας;

412 3224 476 3275 Ὃ
502 3222 610 3294 γὰρ
633 3222 728 3276 ἐὰν
751 3223 974 3278 εἴπωσιν
999 3227 1422 3298 ἀπολογούμενοι
1451 3229 1579 3300 περ)⁴
1600 3229 1700 3300 τῆς
1724 3231 1980 3301 προνοίας

405 3311 501 3364 τοῦ
534 3313 690 3378 Θεοῦ,
726 3316 886 3385 ἡμεῖς
927 3317 1125 3387 μᾶλλον
1153 3320 1636 3391 κατασκευάσομεν
1668 3323 1763 3376 καὶ
1796 3323 1889 3376 ἐπὶ
1920 3325 1981 3378 τὸ

407 3403 634 3474 βέλτιον,
672 3405 918 3474 λέγοντες
945 3407 1264 3482 θαυμαστὴν
1290 3413 1573 3480 γεγονέναι
1601 3413 1857 3484 πρόνοιαν
1885 3422 1978 3472 τοῦ

403 3495 564 3562 Θεοῦ,
591 3498 1046 3571 συγχρησαμένην
1073 3499 1149 3571 τῷ
1174 3503 1530 3575 ἁμαρτήματι
1557 3503 1652 3556 τοῦ
1684 3504 1814 3558 λαοῦ
1839 3508 1980 3560 ἐκεί-

401 3604 493 3641 νου
517 3589 599 3651 είς
629 3589 690 3642 τὸ
721 3589 851 3654 τοὺς
880 3589 988 3643 ἀπὸ
1022 3591 1130 3645 τῶν
1157 3591 1324 3646 ἐθνῶν
1351 3593 1439 3646 διὰ
1484 3593 1658 3664 Ἰησοῦ
1689 3595 1976 3667 κληθῆναι,

398 3680 526 3744 τοὺς
552 3679 734 3747 ξένους
767 3679 874 3734 τῶν
897 3681 1189 3752 διαθηκῶν,
1213 3684 1306 3736 καὶ
1333 3683 1646 3756 ἀλλοτρίους
1669 3687 1777 3740 τῶν
1805 3688 1978 3756 ἐπαγ-

397 3770 594 3839 γελιῶν
635 3775 716 3835 είς
759 3773 854 3844 τὴν
895 3772 990 3826 τοῦ
1032 3773 1167 3827 Θεοῦ
1216 3774 1509 3845 βασιλείαν.
1564 3779 1674 3830 Καὶ
1713 3778 1884 3832 ταῦτα
1921 3779 1978 3832 δέ

396 3864 658 3935 προεῖπον
687 3865 735 3916 οί
777 3863 1073 3934 προφῆται,
1102 3865 1178 3928 ὡς
1215 3865 1325 3937 ἄρα
1371 3867 1457 3921 διὰ
1493 3867 1565 3920 τὰ
1606 3870 1977 3940 ἁμαρτήματα

396 3949 492 4006 τοῦ
519 3953 626 4006 τῶν
668 3952 934 4024 Ἐϐραίων
963 3954 1092 4007 λαοῦ
1123 3955 1400 4020 ἐκλέξεται
1428 3959 1456 4010 6
1485 3952 1618 4021 Θεὸς
1644 3961 1766 4028 οὐχ).
1801 3960 1970 4025 ἔθνος,

395 4044 532 4098 ἀλλά
559 4044 787 4112 λογάδας
823 4046 1156 4115 πανταχόθεν
1179 4063 1192 4076 ο
1231 4049 1324 4099 καὶ
1352 4047 1422 4099 τά
1448 4049 1609 4120 μωρά
1633 4051 1726 4102 τοῦ
1767 4053 1973 4122 κόσμου

395 4136 1014 4207 ἐκλεξάμενος,·ποιὴσει
1042 4138 1102 4190 τὸ
1128 4138 1388 4192 ἀσύνετον
1413 4140 1564 4204 ἔθνος
1583 4142 1836 4209 γενέσθαι
1861 4143 1972 4216 (58)

395 4228 454 4282 ἐν
473 4229 586 4291 τοῖς
613 4226 779 4290 θείοις
805 4228 1002 4296 λόγοις,
1045 4229 1340 4300 αἰρομένης
1371 4231 1469 4300 μὲν
1501 4233 1594 4284 ἀπ’
1626 4233 1847 4287 ἐκείνων
1876 4235 1972 4304 τῆς

391 4315 486 4370 τοῦ
532 4317 665 4371 Θεοῦ
716 4317 1011 4388 βασιλείας,
1063 4320 1272 4385 τούτοις
1313 4321 1369 4374 δὲ
1419 4322 1724 4393 διδομένης.
1789 4324 1972 4395 Ἀρκεῖ

2098 1885 2210 1924 ram
2245 1883 2366 1924 esse
2417 1867 2712 1936 providens
2737 1905 2754 1932 ,
2803 1861 3052 1933 praedixit
3081 1878 3096 1927 ;
3132 1869 3186 1916 et
3220 1861 3285 1915 ad
3328 1861 3667 1916 vocationem

2096 1961 2338 2031 gentium
2382 1973 2510 2014 usus
2540 1965 2623 2012 est
2655 1955 2964 2010 Judazorum
3017 1953 3434 2009 incredulitate:
3472 1953 3666 2006 horum

2095 2052 2241 2106 enim
2292 2061 2451 2105 casus
2495 2047 2746 2118 gentibus
2780 2044 2882 2100 fuit
2910 2044 3074 2100 salus.
3109 2043 3188 2099 Ac
3221 2045 3287 2098 de
3327 2043 3394 2098 iis
3422 2042 3668 2098 Christus

2095 2143 2213 2214 ipse
2243 2142 2296 2196 in
2331 2141 2649 2212 prophetis:
2684 2157 2704 2190 ι
2729 2136 2988 2207 Pepulus,
3025 2137 3217 2205 inquit,
3248 2151 3407 2206 quem
3443 2151 3548 2190 non
3576 2150 3670 2189 co-

2094 2235 2255 2306 επονί
2289 2276 2304 2301 ,
2351 2232 2580 2288 servivit
2635 2231 2815 2295 mihi,
2871 2229 2926 2282 in
2985 2228 3170 2281 auditu
3231 2227 3379 2282 auris
3430 2225 3671 2280 obedivit

2095 2327 2225 2382 mihi
2262 2325 2330 2382 ".
2358 2344 2376 2376 ι
2416 2323 2522 2378 Et:
2578 2321 2876 2376 «Inventus
2911 2333 3027 2373 sum
3077 2333 3107 2372 a
3153 2331 3257 2371 non
3303 2317 3670 2385 quaerentibus

2091 2435 2224 2484 me,
2273 2417 2500 2488 apparui
2549 2415 2615 2468 iis
2661 2413 2753 2482 qui
2806 2428 2891 2467 me
2942 2427 3046 2466 non
3095 2408 3511 2477 interrogabant
3541 2407 3607 2460 ⁵ο.
3641 2425 3661 2458 ι

2092 2513 2270 2577 Atque
2303 2508 2466 2563 etiam
2492 2506 2656 2576 liquet
2687 2520 2900 2576 pmnas,
2927 2519 3064 2574 quas
3087 2503 3260 2558 Judaei
3293 2499 3454 2556 etiam
3484 2501 3537 2554 in
3564 2500 3668 2554 hac

2093 2603 2201 2654 vita
2225 2600 2368 2670 passi
2383 2609 2529 2664 sunt,
2557 2599 2622 2653 iis
2647 2596 2879 2653 inflictas
2895 2613 3032 2660 esse,
3055 2603 3340 2666 postquam
3366 2592 3668 2647 intulerunt

2091 2693 2216 2748 Jesu
2245 2692 2530 2761 supplicia.
2550 2689 2606 2745 Si
2632 2690 2798 2760 igitur
2825 2689 2876 2743 in
2909 2688 3022 2744 illos
3043 2689 3122 2743 sic
3154 2681 3666 2740 inveheremurzAn

2092 2782 2429 2837 admirabilis
2475 2795 2605 2848 erga
2648 2796 2745 2835 vos
2780 2779 2881 2834 fuit
2913 2779 3004 2833 Dei
3042 2775 3384 2847 providentia
3422 2780 3477 2827 et
3504 2773 3664 2828 beni-

2095 2874 2293 2943 gnitas,
2327 2874 2419 2942 qui
2457 2887 2552 2928 vos
2586 2871 2865 2940 suppliciis
2895 2868 3118 2924 aliectos
3150 2866 3393 2935 privavit
3425 2863 3586 2919 simul
3608 2870 3667 2917 et

2089 2964 2388 3020 Jerusalem
2422 2974 2476 3019 et
2505 2972 2709 3024 vestro.
2744 2971 2803 3016 ut
2833 2954 3057 3028 vocatis,
3099 2956 3412 3015 sanctuario
3442 2963 3497 3010 et
3530 2969 3661 3008 san-

2090 3055 2334 3109 ctissimo
2376 3053 2570 3108 cultu?
2625 3052 3012 3120 respondeant.
3059 3048 3115 3103 Si
3160 3049 3342 3103 dicent
3387 3043 3529 3115 quod
3569 3042 3662 3096 Dei

2086 3147 2327 3201 vindicet
2364 3144 2786 3214 providentiam,
2834 3157 2932 3196 nos
2977 3141 3150 3210 magis
3183 3149 3238 3194 et
3267 3137 3437 3193 multo
3469 3136 3662 3190 melius

2085 3234 2233 3288 illam
2296 3233 2585 3288 tuebimur.
2635 3233 2888 3287 Dicemus
2938 3231 3081 3287 enim
3135 3229 3509 3284 admirandam
3560 3227 3649 3280 Dei

2085 3326 2485 3394 providentiam
2522 3323 2712 3390 fuisse,
2747 3338 2866 3393 quae
2907 3330 3136 3392 peccato
3166 3320 3348 3390 populi
3381 3318 3527 3373 illius
3563 3331 3662 3372 usa

2080 3427 2188 3483 est,
2220 3425 2278 3471 ut
2299 3426 2486 3487 gentes
2508 3431 2606 3486 per
2635 3414 2823 3471 Jesum
2848 3415 2915 3468 ad
2947 3428 3167 3483 regnum
3195 3412 3286 3466 Dei
3312 3418 3661 3474 vocarentur,

2085 3507 2298 3562 tametsi
2328 3518 2515 3562 essent
2547 3522 2578 3560 a
2601 3504 2945 3561 testamentis
2973 3505 3186 3567 alienae,
3213 3510 3266 3557 et
3301 3501 3435 3555 nihil
3465 3501 3531 3554 ad
3563 3515 3660 3553 eas

2083 3597 2472 3664 promissioues
2511 3596 2870 3665 pertinerent.
2911 3594 3086 3664 Atque
3124 3593 3238 3646 haec
3283 3591 3657 3659 praedixerunt

2080 3687 2393 3756 prophetae,
2439 3695 2662 3754 propter
2706 3685 2958 3739 Hebraici
3002 3683 3181 3754 populi
3222 3690 3444 3751 peccata
3485 3681 3656 3734 Deum

2079 3774 2380 3828 eiecturum
2413 3787 2519 3826 non
2552 3785 2712 3826 uuam
2744 3771 2982 3840 aliquam
3013 3780 3252 3842 gentem,
3283 3769 3377 3826 sed
3408 3769 3648 3824 selectos

2079 3881 2146 3919 ex
2173 3865 2460 3931 omnibus;
2491 3873 2546 3919 et
2568 3865 2751 3920 stultis
2784 3864 2968 3918 mundi
2997 3863 3210 3929 electis,
3243 3872 3458 3932 gentem
3481 3862 3654 3927 stupi-

2079 3957 2199 4008 dam
2226 3955 2428 4011 divinis
2453 3955 2686 4024 eloquiis
2708 3955 3070 4020 eruditurum,
3102 3954 3316 4010 sublato
3339 3954 3460 4010 aliis
3482 3967 3652 4022 regno

2077 4046 2171 4101 Dei
2213 4055 2267 4102 et
2304 4047 2426 4102 aliis
2465 4049 2684 4102 tradito.
2730 4045 2906 4101 Unum
2939 4047 3005 4100 de
3048 4046 3234 4100 tnultis
3263 4045 3398 4100 satis
3431 4045 3650 4113 imprae-

2074 4139 2372 4193 sentiarum
2423 4139 2586 4194 fuerit
2637 4137 2836 4194 aliene
2865 4154 2933 4193 ex
2979 4137 3192 4192 cantico
3241 4135 3644 4190 Deuteronomii

2074 4230 2424 4293 vaticinium,
2471 4231 2562 4284 ubi
2605 4246 2673 4284 ex
2707 4244 2937 4297 persona
2968 4228 3175 4283 Christi
3222 4227 3494 4291 habentur
3533 4226 3648 4281 haec

2074 4319 2138 4372 dc
2167 4319 2409 4387 gentium
2441 4321 2765 4374 vocatione:
2813 4337 2831 4370 ι
2858 4320 2962 4387 ipsi
3007 4333 3093 4373 me
3120 4326 3553 4388 provocavcrunt
3592 4317 3646 4370 in

389 4408 436 4462 δ’
474 4409 582 4462 ἀπὸ
620 4409 880 4464 πλειόνων
913 4412 1005 4464 ἐπὶ
1047 4412 1140 4465 τοῦ
1180 4413 1464 4484 παρόντος,
1495 4413 1837 4486 παραθέσθαι
1870 4415 1968 4486 τὴν

2087 4412 2140 4466 is
2167 4415 2256 4479 qui
2281 4425 2387 4466 nou
2422 4420 2578 4464 erant
2619 4410 2713 4475 dii,
2749 4421 2806 4466 et
2835 4410 3198 4480 .irritaveruut
3226 4409 3276 4463 in
3312 4409 3468 4462 idolis
3492 4408 3643 4475 suis;

387 4500 495 4553 ἀπὸ
535 4501 636 4572 τῆς
684 4502 828 4574 ᾠδῆς
863 4501 957 4555 τοῦ
1005 4503 1424 4575 Δευτερονομίου
1471 4505 1806 4576 προφητείαν
1839 4506 1966 4576 περὶ

385 4591 485 4664 τῆς
511 4593 620 4646 τῶν
662 4593 832 4646 ἐθνῶν
881 4594 1126 4665 κλήσεως
1168 4593 1343 4658 οὕτως
1373 4595 1623 4666 ἔχουσαν,
1668 4597 1966 4667 λεγομένην

2074 4514 2126 4558 et
2159 4518 2259 4571 ego
2288 4505 2596 4573 provocabo
2641 4517 2734 4558 eos
2762 4503 2814 4556 in
2841 4517 2906 4558 eo
2940 4503 3033 4572 qui
3064 4517 3170 4556 non
3201 4510 3282 4556 est
3312 4500 3560 4570 populus,
3591 4510 3646 4555 et

2076 4595 2128 4647 in
2154 4606 2315 4664 gente
2340 4595 2506 4650 stulta
2539 4594 2764 4652 irritabo
2797 4594 2916 4650 illos
2939 4595 3005 4648 εί.

384 4684 451 4740 ἐκ
477 4687 770 4759 προσώπου
800 4686 1024 4758 Κυρίου”
1072 4707 1090 4737 ιι
1131 4687 1296 4741 Αὐτοὶ
1321 4689 1430 4758 γὰρ
1459 4687 1856 4758 παρεζήλωσάν
1892 4706 1959 4757 με
1990 4689 2074 4740 ἐπ’
2107 4689 2168 4741 ού
2201 4687 2362 4753 θεοῖς,
2396 4687 2756 4759 παρώργισάν
2791 4704 2859 4757 με
2903 4688 2960 4739 ἐν
2999 4687 3111 4748 τοῖς
3152 4684 3388 4748 εἰδώλοις
3429 4684 3640 4738 αὐτῶν·

385 4776 542 4845 κάγὼ
587 4779 970 4852 παραζηλώσω
1003 4782 1202 4843 αὐτοὺς
1231 4782 1317 4832 ἐπ’
1351 4781 1450 4834 ούκ
1483 4781 1644 4846 ἔθνει,
1693 4783 1780 4835 ἐπ’
1815 4781 1956 4835 ἔθνει
1981 4782 2227 4851 ἀσυνέτῳ
2256 4783 2541 4855 παροργιῶ
2576 4783 2790 4846 αὐτούς.
2831 4802 2849 4834 ι

454 4863 568 4920 Εἶτ’
602 4869 852 4937 ἐπίλογος
880 4871 974 4924 τοῦ
1015 4870 1265 4925 Ἰουδαίου
1296 4873 1388 4924 ἐπὶ
1416 4871 1626 4934 τούτοις
1657 4871 1792 4924 πᾶσί
1826 4888 1959 4942 φησι

383 4957 631 5027 περὶτοῦ
675 4960 878 5029 Ἰησοῦν
927 4981 945 5012 ι
997 4951 1234 5025 Ἐκεῖνος
1272 4962 1368 5032 μὲν
1402 4959 1492 5016 οῦν
1532 4962 1819 5034 ἄνθρωπος
1865 4957 1954 5033 ἦν,

382 5049 474 5100 καὶ
505 5047 763 5115 τοιοῦτος,
805 5047 912 5104 οἷον
956 5053 1086 5106 αὐτὸ
1123 5053 1186 5105 τὸ
1233 5053 1430 5123 ἀληθὲς
1466 5053 1774 5122 ἐμφανίζει,
1808 5054 1900 5107 καὶ
1929 5059 1956 5108 6

381 5139 537 5208 λόγος
567 5139 856 5194 δείκνυσιν.
899 5162 917 5193 ι
955 5145 1068 5196 Οὐκ
1100 5139 1217 5196 οῖδα
1249 5143 1306 5195 δὲ
1335 5146 1383 5196 εἰ
1416 5143 1719 5215 ἄνθρωπος,
1753 5147 1955 5217 τολμή-

378 5245 477 5292 σας
523 5230 840 5300 ὲπισπεῖραι
881 5231 1028 5303 πάσῃ
1053 5234 1120 5302 τῇ
1164 5231 1458 5302 οἰκουμένῃ
1505 5230 1603 5301 τὴν
1635 5233 1754 5283 κατ’
1798 5233 1958 5286 αύτὺν

452 5317 498 5350 ⁴⁹
521 5317 664 5374 Psal.
695 5335 826 5386 xv".
848 5321 936 5374 45.

449 5411 561 5487 (55)
593 5410 764 5468 Codd.
817 5413 1016 5484 Regius
1061 5425 1117 5469 et
1165 5415 1518 5480 Basilceusis,
1548 5416 1604 5468 ἐν
1657 5419 1774 5479 ταῖς
1823 5434 1952 5487 προ-

375 5482 642 5553 φητείαις.

447 5555 558 5616 (56)
592 5554 776 5622 Μερίς
813 5555 964 5608 ἐστι.
1009 5555 1064 5606 Ὁ
1105 5555 1355 5618 Ἰουδαῖος
1391 5555 1618 5619 scilicet,
1666 5555 1715 5608 id
1749 5565 1854 5620 est,
1898 5561 1946 5611 oi

387 5622 646 5686 Ἰουδαῖοι,
682 5627 730 5676 οἰ
765 5626 844 5696 τῷ
882 5624 1054 5695 Ἰησοῦ
1083 5625 1457 5687 ἀπιστοῦντες.
1499 5626 1810 5681 Boherellus
1864 5639 1945 5683 ta-

378 5695 1049 5774 mengenset.legendum,
1081 5696 1237 5774 μερίς
1268 5698 1411 5751 ἐστε.

449 5762 562 5830 (57)
592 5764 679 5818 Sic
709 5765 818 5821 libb
870 5762 1116 5836 imprcsSi
1152 5762 1216 5821 ad
1253 5768 1550 5836 marginem
1578 5767 1778 5823 rectius
1812 5782 1942 5823 sane

2140 4872 2226 4930 79.
2260 4874 2495 4930 Tandem
2521 4877 2636 4929 hmo
2660 4875 2841 4928 onmia
2871 4871 3199 4927 concludens
3223 4871 3440 4928 Judaeus
3473 4875 3551 4928 sic
3574 4875 3638 4928 de

2065 4963 2192 5018 Jcsu
2227 4967 2503 5035 loquitur:
2538 4985 2556 5018 ι
2588 4967 2759 5021 Homo
2793 4968 2958 5037 igitur
2995 4967 3100 5020 fuit
3139 4966 3248 5030 ille,
3277 4977 3332 5020 et
3367 4968 3488 5021 talis
3515 4968 3638 5035 qui-

2062 5057 2183 5110 dem
2213 5097 2229 5124 ,
2279 5060 2493 5125 qualem
2542 5067 2601 5113 et
2651 5059 2857 5114 veritas
2908 5059 3150 5113 declarat
3205 5067 3260 5111 et
3299 5057 3636 5112 demonstrat

2063 5149 2222 5200 ratio.
2253 5167 2273 5198 ο
2323 5148 2428 5202 Sed
2461 5149 2643 5204 nescio
2671 5164 2738 5202 an
2775 5150 2959 5213 homo,
2992 5163 3157 5202 ausus
3187 5162 3283 5216 per
3320 5148 3629 5200 universmn

2065 5237 2251 5291 orbem
2297 5253 2452 5293 suam
2496 5239 2808 5309 religionem
2837 5238 3246 5303 doctrinamque
3285 5251 3434 5288 suam
3457 5235 3631 5286 disse-

1027 5324 1073 5355 ⁵ο
1105 5324 1205 5376 lsa.
1243 5339 1368 5386 va,
1403 5325 1452 5375 l.
1524 5325 1568 5354 ⁶¹
1613 5325 1766 5376 Deut.
1793 5341 1959 5389 xxx",
2001 5329 2091 5383 21.

2055 5440 2214 5492 quam
2259 5427 2310 5479 iu
2347 5436 2516 5492 textu,
2564 5427 2652 5482 ubi
2705 5427 2926 5489 habent,
2962 5424 3056 5476 ἐὰν
3103 5423 3232 5492 ἡμῖν
3273 5419 3629 5488 ἐγκαλοῦντες

2098 5514 2323 5551 λσκωσι.

2401 5568 2701 5621 ἀσύνετον
2728 5567 2901 5635 ἔθνος
2928 5562 3225 5635 γενέσθαι.
3261 5559 3624 5635 Scribeudutu

2052 5627 2282 5692 videtur.
2316 5637 2376 5689 τὸ
2405 5637 2660 5690 ἀσύνετον
2710 5627 3124 5695 ἕθνοςίσῦνετὺν
3153 5630 3422 5699 γενέσθαι,
3459 5627 3622 5682 Exci-

2053 5709 2128 5761 dit
2161 5707 2378 5761 συνετόν
2423 5717 2644 5775 pt‘Optcr
2671 5705 2731 5756 τὸ
2761 5701 3018 5757 ἀσύνετον
3046 5705 3370 5771 μι·;υ‹·ει1οιιε.
