3998 6170
447 268 551 323 919
1887 268 2026 324 ΟΡιΙ(

2109 265 2207 321 ἪΞ
3579 275 3688 330 920

448 387 693 453 minare,
727 395 913 458 posset
935 390 1054 445 sine
1085 391 1196 446 Deo
1228 390 1406 446 facere
1426 391 1606 446 omnia
1637 405 1736 461 pro
1763 389 2010 456 arbitrio,

2113 386 2417 440 θεοσέϐειαν
2439 388 2532 442 καὶ
2559 389 2925 455 διδασκαλίαν,
2961 389 3184 444 δύναται
3209 391 3320 461 (59)
3346 392 3495 444 ἀθεεὶ
3524 393 3685 462 ποιῆ-

445 491 816 548 superareque
849 496 946 536 eos
979 495 1188 547 omnes,
1226 482 1318 550 qui
1344 497 1456 538 suae
1477 482 1738 538 doctrinae
1767 483 2009 552 promul-

2114 497 2202 532 σαι
2232 479 2260 530 ὃ
2308 478 2572 548 βούλεται,
2602 481 2696 533 καὶ
2733 480 2993 552 κρείττων
3037 481 3288 550 γενέσθαι
3327 482 3543 534 πάντων
3569 481 3685 536 τῶν

443 570 648 637 gationi
681 573 1116 638 adversarentur,
1145 587 1324 644 reges,
1349 575 1724 645 imperatores,
1753 585 2006 632 senatum

2110 569 2576 639 ἀντιπραττόντων
2604 571 2669 641 τῇ
2699 573 2836 641 νομῇ
2868 570 2967 640 τῆς
2986 570 3333 634 διδασκαλίας
3362 569 3550 635 αὑτοῦ,
3586 570 3683 641 βα-

441 655 786 725 Romanum,
817 675 1006 715 omnes
1029 662 1268 716 omnium
1298 665 1540 733 gentium
1571 667 1842 736 principes
1863 709 1876 733 ,
1912 680 2007 735 po-

2111 658 2300 710 σιλέων
2347 675 2407 709 τε
2459 658 2552 711 καὶ
2598 659 2934 729 ἡγουμένων,
2985 661 3079 713 καὶ
3131 659 3434 731 συγκλήτου
3483 658 3682 730 βουλῆς

440 748 653 817 pulum.
694 750 972 817 Quomodo
1003 764 1183 809 autem
1232 765 1283 810 et
1335 758 1569 813 hominis
1606 767 1834 822 natura,
1872 758 2005 813 nihil

2119 746 2423 816 Ῥωμαίων,
2452 747 2546 800 καὶ
2575 747 2682 800 τῶν
2713 747 2988 818 πανταχοῦ
3018 750 3314 820 ἀρχόντων,
3345 749 3442 802 καὶ
3477 751 3674 820 δήμου.

441 839 644 895 habens
668 842 719 894 in
753 857 812 898 se
836 843 950 911 ipsa
996 848 1370 914 praestantius,
1414 858 1597 916 posset
1627 858 1792 906 tantae
1820 851 2003 905 multi-

2104 835 2228 900 Πῶς
2259 836 2316 889 δὲ
2351 838 2444 891 καὶ
2471 837 2758 908 ἀνθρώπου
2790 839 2968 907 φύσις,
3008 840 3172 911 μηδὲν
3199 840 3396 911 ἔχουσα
3426 844 3676 911 κρεῖττον

438 930 640 985 tudinis
688 919 898 988 animos
935 937 1223 993 immutare
1247 977 1264 1004 ,
1304 954 1404 994 nec
1432 942 1593 997 modo
1627 943 1955 1011 sapientium
1982 983 1999 1010 ,

2103 927 2160 978 ὲν
2207 927 2364 998 αὐτῇ,
2403 927 2624 982 δύναται
2653 929 2903 983 τοσοῦτον
2940 929 3262 1001 ἐπιστρέψαι
3299 929 3536 1001 πλῆθος;
3581 930 3676 983 καὶ

429 1023 575 1090 quod
597 1037 701 1076 non
727 1025 923 1080 mirum
949 1037 1114 1095 esset,
1150 1029 1242 1083 sed
1268 1044 1455 1086 eorum
1487 1032 1675 1099 etiam,
1701 1032 1864 1105 447
1907 1035 1998 1104 qui

2100 1016 2161 1068 οὐ
2207 1016 2516 1088 θαυμαστὸν
2552 1021 2600 1072 εί
2629 1019 2736 1071 τῶν
2765 1021 3063 1091 φρονίμων,
3101 1020 3236 1074 ἀλλά
3278 1021 3372 1074 καὶ
3404 1020 3512 1073 τῶν
3545 1021 3673 1073 ἀλο-

429 1111 580 1164 nulla
610 1114 820 1169 ratione
849 1117 1140 1186 ducuntur,
1172 1121 1264 1188 qui
1294 1121 1440 1176 vitiis
1481 1123 1644 1178 dediti
1672 1135 1837 1190 sunt,
1871 1127 1998 1194 qui-

2099 1108 2378 1177 γωτάτων,
2407 1110 2501 1162 καὶ
2525 1112 2637 1173 τοῖς
2657 1110 2886 1164 πάθεσιν
2916 1111 3250 1182 ἐγκειμένων
3270 1111 3401 1182 (40),
3433 1112 3528 1165 καὶ
3547 1113 3673 1165 ὅσον

427 1213 535 1268 que
570 1216 636 1258 eo
664 1204 934 1264 dilIicilius
956 1209 1023 1262 ad
1056 1211 1442 1266 continentiam
1468 1215 1826 1282 adducuntur,
1854 1232 1992 1287 quo-

2099 1201 2190 1255 ἐπὶ
2232 1205 2299 1272 τῇ
2343 1201 2554 1271 ἀλογία,
2585 1203 2958 1277 χαλεπώτερον
3010 1205 3446 1276 μετατιθεμένων
3491 1210 3568 1271 είς
3609 1207 3670 1261 τὸ

427 1293 611 1349 minus
659 1295 855 1351 rationi
921 1308 1047 1354 sunt
1095 1301 1498 1371 obsequentes?
1547 1304 1813 1372 Quoniam
1862 1325 1996 1366 vero

2101 1292 2572 1364 σωφρονέστερον;
2613 1295 2748 1348 Ἀλλ’
2771 1297 2893 1349 ἐπεὶ
2913 1295 3137 1368 δύναμις
3166 1297 3258 1350 τοῦ
3285 1297 3418 1351 Θεοῦ
3471 1301 3499 1352 ὁ
3537 1298 3669 1370 Χρι-

423 1381 676 1440 Christus
709 1397 829 1442 erat
857 1398 911 1444 et
940 1389 1240 1467 Dei’virtus
1277 1379 1332 1448 et
1352 1394 1530 1454 Patris
1556 1399 1843 1467 sapientia,
1879 1403 1993 1458 hac

2096 1379 2219 1445 στδς
2244 1377 2332 1453 ἦν,
2368 1383 2460 1436 καὶ
2491 1385 2649 1454 σοφία
2679 1386 2773 1439 τοῦ
2804 1387 3032 1458 Πατρὸς,
3065 1387 3152 1440 διὰ
3176 1387 3334 1441 τοῦτο
3365 1388 3538 1442 ταῦτα
3565 1408 3665 1442 πε-

421 1477 605 1529 omnia
635 1475 763 1533 fecit
787 1487 840 1534 et
863 1465 1190 1537 etiamnunc
1215 1484 1367 1551 facit,
1395 1487 1518 1542 licet
1542 1465 1710 1546 Judaei
1737 1503 1791 1547 et
1816 1465 1988 1549 Graeci

2092 1473 2308 1544 ποίηκε,
2343 1474 2436 1528 καὶ
2471 1475 2551 1528 ἔτι
2579 1479 2741 1542 ποιεῖ,
2769 1477 2873 1532 κᾶν
2906 1481 3041 1550 μήτε
3089 1479 3330 1533 Ἰουδαῖοι
3365 1480 3503 1551 μήτε
3537 1480 3664 1533 ’Έλ-

421 1563 540 1632 cjus
573 1566 836 1623 doctrinae
879 1570 1140 1628 increduli
1172 1579 1422 1632 assentiri
1457 1579 1646 1634 nolint.
1686 1581 1796 1638 Nos
1824 1584 1990 1654 igitur

2090 1562 2249 1634 ληνες
2297 1565 2611 1635 βούλωνται,
2661 1571 2708 1622 οἱ
2758 1570 3111 1635 ἀπιστοῦντες
3164 1572 3328 1626 αὐτοῦ
3374 1573 3453 1644 τῷ
3496 1574 3663 1645 λόγῳ.

416 1651 548 1708 Jesu
579 1656 918 1715 documentis
944 1663 1190 1719 instructi
1224 1668 1333 1723 Deo
1359 1669 1582 1726 credere
1611 1687 1717 1726 non
1751 1651 1985 1743 unquam

2103 1653 2294 1725 Ἡμεῖς
2322 1653 2413 1712 οὖν
2442 1659 2502 1711 οὐ
2532 1661 2854 1730 παυσόμεθα
2881 1663 3223 1727 πιστεύοντες
3263 1663 3340 1734 τῷ
3368 1664 3486 1735 Θεῷ
3520 1667 3663 1720 κατά

419 1745 768 1815 desinemus,
798 1759 853 1806 et
895 1753 1014 1808 illos
1062 1759 1128 1812 ad
1167 1759 1258 1813 Dei
1309 1761 1511 1816 cultum
1540 1765 1886 1822 caecuticntcs
1918 1769 1984 1823 ad

2086 1746 2184 1812 τὰς
2221 1750 2391 1821 Ἰησοῦ
2419 1750 2651 1822 Χριστοῦ
2669 1752 2967 1824 ὑποθήκας,
2996 1755 3230 1818 καὶτοὺς
3252 1755 3659 1824 τυφλώττοντας

419 1835 699 1895 meliorem
735 1841 942 1912 frugem
974 1849 1110 1903 velle
1138 1866 1396 1908 revocare
1431 1871 1446 1908 :
1476 1857 1720 1924 quamvis
1751 1873 1850 1913 nos
1882 1875 1984 1916 cae-

2086 1840 2220 1910 περὶ
2253 1841 2558 1895 θεοσέϐειαν
2590 1843 2860 1908 ἐθέλοντες
2889 1847 3268 1918 ὲπιστρέφειν’
3307 1848 3408 1902 κᾶν
3448 1851 3494 1901 οί
3523 1850 3657 1920 ἀλη-

415 1927 599 1984 citatis
649 1945 950 2004 accusent,
999 1940 1096 2009 ipsi
1141 1958 1269 1999 vere
1302 1946 1470 2015 caeci,
1512 1957 1566 2002 et
1610 1965 1705 2005 nos
1731 1952 1981 2022 decipere

2085 1927 2192 1993 θῶς
2221 1931 2620 2000 τυφλώττοντες
2650 1934 2992 2008 λοιδορῶνται
3020 1940 3150 2008 ἡμῖν
3169 1940 3243 2002 ὡς
3265 1939 3653 2009 τυφλώττουσι,

414 2020 663 2079 homines
717 2029 1113 2098 criminentur,
1159 2051 1280 2090 cum
1325 2038 1425 2108 ipsi
1478 2042 1592 2095 sive
1631 2041 1822 2109 Judaei,
1866 2048 1980 2102 sive

2083 2021 2173 2075 καὶ
2219 2024 2268 2076 οἱ
2314 2023 2720 2092 βουκολοῦντες,
2757 2029 2865 2081 εἴτε
2923 2030 3162 2082 Ἰουδαῖοι
3213 2029 3321 2084 εἴτε
3371 2031 3649 2103 Ἕλληνες,

411 2113 631 2182 Graeci,
667 2120 949 2179 audientes
998 2141 1057 2179 se
1112 2129 1398 2198 decipiant.
1451 2132 1682 2189 Pulchra
1736 2138 1978 2205 profecto

2079 2114 2202 2178 τοὺς
2231 2117 2792 2188 συγκατατιθεμένους
2817 2122 3017 2186 αὐτοῖς,
3041 2122 3171 2192 ἡμῖν
3218 2122 3523 2190 ἐγκαλῶσιν
3575 2125 3652 2188 ὡς

409 2215 595 2262 nostra
639 2211 943 2282 decipiendi
977 2221 1151 2285 ratio,
1179 2226 1377 2294 quippe
1413 2228 1501 2294 qui
1537 2227 1790 2294 facimus,
1823 2239 1882 2283 ut
1909 2245 1975 2286 ex

2079 2205 2541 2274 βουκολοῦσιτοὺς
2583 2209 2930 2279 ἀνθρώπουςο
2985 2211 3154 2282 καλήν
3201 2229 3264 2280 γε
3310 2213 3647 2284 βουκόλησιν,

408 2294 900 2367 intemperantibus
941 2315 1314 2378 temperantes
1361 2315 1534 2384 ﬁant,
1583 2329 1678 2373 aut
1723 2322 1976 2374 studeant

2078 2296 2142 2350 ἶν’
2172 2299 2290 2350 ἀντὶ
2309 2298 2620 2353 ἀκολάστων
2649 2300 2921 2372 σώφρονες
2943 2303 3230 2370 γένωνται,
3256 2303 3288 2374 ἢ
3319 2305 3651 2373 προκόπτον-

408 2397 818 2464 temperantia;
846 2413 908 2452 ex
937 2401 1154 2470 injustis
1175 2407 1302 2473 justi
1332 2408 1464 2473 sint,
1496 2420 1589 2465 aut
1616 2415 1680 2465 ad
1705 2413 1971 2482 justitiam

2073 2387 2166 2451 τές
2195 2404 2259 2456 γε
2296 2389 2389 2441 ὲπὶ
2424 2390 2776 2461 σωφροσύνην
2801 2409 2813 2421 ’
2847 2393 2940 2445 καὶ
2975 2393 3094 2446 ἀντὶ
3132 2395 3330 2448 ἀδίκων
3361 2395 3580 2460 δίκαιοι,
3609 2397 3642 2468 ἥ

405 2481 663 2550 tendant;
703 2502 769 2542 ex
806 2489 1236 2561 imprudentibus
1274 2502 1509 2554 evadant
1546 2478 1845 2572 prudentes
1879 2517 1972 2562 aut

2073 2478 2470 2550 προκόπτοντες
2523 2482 2614 2533 ἐπὶ
2661 2480 3036 2553 δικαιοσύνην·
3090 2485 3184 2537 καὶ
3228 2485 3349 2538 ἀντὶ
3396 2485 3643 2556 ἀφρόνων

400 2574 544 2629 viam
578 2579 877 2645 prudentia:
910 2595 1225 2655 sectentur;
1256 2606 1319 2646 ex
1352 2595 1578 2662 timidis,
1612 2598 1838 2667 ignavis,
1869 2601 1968 2654 im-

2073 2567 2342 2638 φρόνιμοι,
2370 2571 2402 2639 ἣ
2430 2570 2702 2635 ὁδεύοντες
2725 2573 2817 2624 ἐπὶ
2838 2573 2935 2643 τὴν
2964 2573 3222 2645 φρόνησιν
3243 2592 3254 2604 ·
3287 2576 3378 2628 καὶ
3401 2576 3523 2628 ἀντὶ
3544 2576 3643 2629 δει-

399 2669 629 2739 becillis,
655 2677 884 2735 animosi
939 2683 1047 2738 sint
1096 2697 1150 2740 et
1199 2687 1405 2757 fortes;
1460 2706 1562 2760 qua
1610 2696 1812 2750 virtute
1854 2704 1963 2749 tum

2069 2657 2175 2712 λῶν
2229 2662 2322 2712 καὶ
2379 2661 2587 2729 ὰγενῶν
2631 2662 2741 2734 (41)
2791 2664 2884 2718 καὶ
2930 2665 3230 2736 ἀνάνδρων,
3261 2667 3494 2737 ἀνδρεῖοι
3548 2668 3639 2720 καὶ

396 2769 701 2830 praesertim
747 2773 1011 2839 eminent,
1064 2793 1184 2833 cum
1221 2783 1287 2834 ad
1341 2784 1597 2850 pietatem
1632 2802 1758 2857 erga
1799 2789 1963 2843 Deum

2069 2751 2403 2822 καρτερικοὶ,
2431 2751 2524 2804 καὶ
2548 2753 2781 2822 μάλιστα
2805 2755 2962 2808 τοῦτο
2990 2756 3422 2828 ἐπιδεικνύμενοι
3445 2759 3502 2813 ἐν
3526 2763 3635 2822 τοῖς

397 2855 636 2909 omnium
689 2861 1023 2919 conditorem
1073 2871 1394 2926 servandam
1453 2875 1754 2935 decertant.
1805 2878 1966 2934 Venit

2069 2845 2208 2915 ὑπὲρ
2236 2845 2516 2909 εὐσεϐείας
2541 2848 2640 2916 τῆς
2668 2851 2748 2913 είς
2777 2851 2867 2904 τὸν
2902 2852 3163 2906 κτίσαντα
3195 2853 3290 2906 ὅλα
3321 2853 3451 2908 Θεὸν
3491 2855 3633 2924 ἀγῶ-

397 2955 529 3010 ergo
561 2943 718 3001 Jcsus
748 2949 1002 3008 Christus
1049 2973 1155 3011 non
1190 2960 1255 3012 ab
1302 2977 1407 3016 uno
1435 2967 1694 3034 propheta
1721 3007 1736 3032 ,
1779 2971 1869 3024 sed
1896 2970 1964 3025 ab

2069 2953 2171 2987 σιν.
2219 2931 2421 2990 ’Ἦλθεν
2457 2934 2548 2991 οὖν
2581 2941 2678 3009 οὐχ
2725 2942 2828 2994 ὑπὸ
2869 2943 2986 3006 ἑνὸς
3027 2947 3326 3016 προφήτου,
3371 2947 3487 3000 ἀλλ’
3533 2949 3633 3001 ὑπὸ

397 3035 648 3091 omnibus
675 3045 1092 3107 praenuntiatus.
1123 3048 1190 3102 Et
1212 3050 1354 3106 Celsi
1382 3025 1686 3122 ignorantia
1718 3059 1839 3125 fuit,
1862 3060 1962 3115 Ju-

2067 3025 2282 3079 πάντων
2308 3029 2706 3100 προκηρυχθεὶς
2741 3032 2946 3103 Ἰησοῦς
2975 3035 3226 3104 Χριστός.
3263 3037 3370 3089 Καὶ
3394 3037 3550 3090 τοῦτο
3577 3039 3631 3091 δὲ

395 3123 571 3178 (laeum
605 3126 866 3186 inducere
899 3134 1203 3202 dicentem,
1229 3142 1298 3195 ab
1329 3158 1440 3197 uno
1465 3147 1729 3213 propheta
1760 3151 1958 3217 praedi-

2064 3116 2163 3186 τῆς
2207 3117 2442 3187 ἀμαθίας
2473 3113 2539 3188 ἦν
2586 3119 2822 3186 Κέλσου,
2876 3125 3174 3195 περιθεῖναι
3223 3126 3300 3196 τῷ
3363 3128 3631 3198 Ἰουὸαῖκῷ

392 3222 541 3310 etum
592 3217 866 3276 Christum
921 3223 1108 3282 fuisse.
1157 3229 1335 3299 Atque
1384 3209 1499 3288 haec
1543 3209 1776 3292 J-udteus-
1819 3241 1958 3308 apud

2065 3209 2359 3278 προσώπῳ,
2385 3209 2481 3264 ἕνα
2509 3214 2793 3284 προφήτην
2827 3216 3212 3287 προειρηκέναι
3233 3217 3358 3290 περὶ
3382 3218 3474 3272 τοῦ
3501 3221 3630 3291 Χρι-

391 3304 628 3376 Celsum,
661 3311 819 3378 quasi
843 3317 1138 3372 secundum
1173 3335 1324 3375 suam
1362 3323 1534 3394 legem
1575 3326 1814 3394 locutus,
1860 3332 1958 3384 ad-

2067 3302 2212 3353 στοῦ.
2250 3302 2360 3354 Καὶ
2405 3304 2524 3356 ἐπεὶ
2561 3304 2733 3358 ταῦτα
2769 3308 2796 3358 ὁ
2835 3307 2986 3379 παρὰ
3016 3308 3092 3379 τῷ
3137 3308 3331 3381 Κέλσῳ
3381 3312 3627 3375 Ἰουδαῖος

389 3396 517 3454 ditis
544 3402 817 3459 nonnullis
845 3406 966 3460 aliis
986 3447 1002 3472 ,
1035 3422 1154 3478 quae
1195 3391 1613 3486 minime'digna
1644 3429 1773 3475 sunt
1801 3437 1954 3476 men-

2061 3391 2306 3461 εἰσῆκται
2343 3394 2539 3462 λέγων,
2592 3396 2666 3458 ὡς
2713 3397 2871 3466 δῆθεν
2920 3399 3060 3452 κατὰ
3103 3400 3193 3454 τὸν
3226 3402 3416 3456 ἑαυτοῦ
3447 3403 3623 3473 νόμον,

388 3487 558 3559 tione,
586 3492 751 3550 ﬁnem
779 3497 990 3554 dicendi
1015 3501 1164 3559 facit.
1193 3503 1290 3560 Hic
1322 3507 1482 3576 igitur
1509 3482 1563 3564 et
1589 3526 1688 3581 ego
1719 3516 1954 3569 secundo

2062 3482 2156 3534 καὶ
2190 3483 2352 3536 αὐτοῦ
2384 3503 2484 3538 που
2518 3488 2826 3541 κατέπαυσε
2856 3489 2947 3542 τὸν
2971 3489 3146 3558 λόγον,
3183 3493 3274 3545 καὶ
3301 3492 3436 3546 ἄλλα
3462 3493 3624 3547 εἰπὼν

384 3589 572 3634 contra
615 3584 760 3640 illius
787 3602 1098 3648 sermonem
1140 3595 1276 3650 libro
1311 3597 1470 3653 linem
1515 3601 1811 3670 imponam.
1846 3607 1953 3659 Deo

2056 3573 2116 3625 οὐ
2152 3577 2372 3647 μνήμης
2411 3577 2567 3642 ἄξιασ
2620 3581 2711 3633 καὶ
2751 3581 2911 3645 αὐτὸς
2957 3583 3141 3639 ἐνθάδε
3186 3586 3522 3640 καταπαύσω
3566 3587 3623 3640 τὸ

383 3681 567 3726 autem
602 3675 788 3745 dante,
823 3689 878 3734 et
902 3681 1104 3737 Christi
1139 3686 1338 3743 virtute
1366 3690 1417 3743 in
1445 3700 1685 3746 nostram
1710 3696 1950 3750 animam

2055 3662 2304 3735 δεύτερον
2337 3667 2444 3720 τῶν
2485 3668 2620 3739 πρὸς
2661 3670 2721 3722 τὸ
2756 3670 3093 3743 σύγγραμμα
3130 3673 3294 3727 αὐτοῦ
3323 3675 3623 3746 ὑπαγορευ-

382 3762 607 3832 illapsa,
644 3769 697 3822 in
737 3772 899 3826 tertio
942 3788 1060 3843 quae
1092 3789 1275 3846 postea
1329 3795 1359 3834 a
1388 3781 1545 3838 Celso
1582 3786 1783 3855 scripta
1823 3799 1950 3842 sunt

2057 3753 2259 3808 θέντων
2287 3773 2394 3826 μοι.
2429 3758 2561 3810 Θεοῦ
2588 3760 2644 3813 δὲ,
2666 3761 2913 3827 διδόντος,
2949 3764 3044 3817 καὶ
3070 3766 3167 3836 τῆς
3201 3767 3434 3836 Χριστοῦ
3469 3767 3618 3821 δυνά-

382 3851 621 3911 relutare
641 3861 979 3918 conabimur.
1697 3849 1710 3855 -

2060 3860 2205 3912 μεως
2237 3849 2303 3916 τῇ
2334 3851 2477 3918 ψυχῇ
2535 3849 2690 3920 ήμῶν
2730 3851 3118 3925 ὲπιδημούσης,
3166 3858 3533 3928 πειρασόμεθα
3564 3860 3617 3911 ὲν

2055 3933 2131 4002 τῷ
2165 3935 2332 4005 τρίτῳ
2371 3937 2504 4008 πρὸς
2551 3940 2617 3993 τά
2645 3940 2771 4011 ἑξῆς
2813 3942 2889 4012 τῷ
2935 3943 3130 4015 Κέλσῳ
3168 3947 3447 4016 γραφέντα
3487 3964 3618 4018 πρα-

2055 4025 2482 4092 γματεύσασθαι.

383 4148 387 4152 .
409 4148 3597 4213 ___________________________________________

993 4295 1829 4419 ΩΡΙΓΕΝΟΥΣ
1901 4311 2316 4426 ΚΑΤΑ
2389 4315 3001 4438 ΚΕΛΣΟΥ

1497 4489 1876 4577 ΤΟΜΟΣ
1939 4494 2321 4584 ΤΡΙΤΟΣ
2343 4490 2480 4585 (42).

617 4757 1203 4858 ORIGENIS
1275 4773 1747 4867 CONTRA
1825 4781 2282 4876 CELSUM
2353 4789 2716 4881 LIBER
2790 4795 3352 4890 TERTIUS.

432 5049 490 5106 l.
522 5049 580 5106 In
619 5051 794 5123 primo
821 5059 964 5126 quod
1005 5060 1267 5118 adversus
1307 5064 1502 5122 librum
1535 5083 1564 5122 a
1595 5069 1752 5126 Celso
1778 5088 1926 5128 arro-
1959 5079 2006 5134 D

2117 5079 2205 5131 ’Ev
2252 5081 2351 5150 μὲν
2392 5079 2469 5150 τῷ
2517 5080 2717 5154 πρώτῳ
2753 5085 2829 5156 τῷ
2868 5086 3004 5158 πρὸς
3049 5090 3150 5161 τὴν
3199 5090 3434 5158 ἀλαζόνα
3481 5094 3601 5150 ἐπι-

360 5143 507 5212 gauti
534 5145 644 5200 veri
679 5149 934 5202 sermonis
967 5151 1120 5206 titulo
1157 5153 1471 5226 inscriptum
1504 5172 1800 5230 contraque
1829 5181 1927 5221 nos

2032 5143 2504 5240 γραφὴνΚέλσου,
2531 5143 2930 5243 ἐπιγράψαντος
2953 5143 3148 5248 anno};
3171 5143 3360 5250 λόπῷξέ

356 5235 697 5293 elaboratum
743 5241 1064 5312 scripsimus
1111 5245 1405 5313 volumine,
1449 5251 1762 5308 ﬁdelissime
1798 5265 1927 5310 Am-

2206 5235 2358 5330 αὐτῷ
2391 5235 2685 5332 συνταχθὲν
2711 5235 2932 5335 pleno»,
2965 5235 3441 5342 ὠς“προσέταξας,ῖ

355 5324 523 5392 brosi,
556 5330 929 5398 praelationem
975 5331 1093 5402 ejus
1137 5345 1192 5390 et
1225 5352 1344 5406 quae
1374 5352 1673 5409 sequuntur
1716 5345 1924 5413 ordine,

2032 5324 2281 5423 δύναμιν,
2313 5324 2600 5407 πιστότατε
2641 5324 2950 5428 Ἀμὸρόσιε,
2993 5324 3601 5439 δίειλήφαμεν-τδ

425 5435 538 5575 ξὸθ)
565 5439 748 5498 Codex
779 5444 1000 5515 Regius,
1028 5447 1335 5520 δυνήσεται.

448 5508 539 5578 40)
592 5512 990 5578 Ἐγκειμένων.
1042 5518 1236 5576 Guielo
1293 5523 1637 5578 scribendum
1688 5527 1921 5578 videtur.

2103 5463 2213 5578 φ)
2252 5468 2310 5519 ln
2338 5481 2469 5546 mss_.
2501 5466 2688 5521 titulus
2712 5478 2814 5531 est,
2845 5471 2979 5542 πρὸς
3007 5472 3096 5527 τὸν
3123 5476 3596 5560 ἐπιγεγραμμένον

2032 5533 2112 5578 Κέ
2148 5551 2241 5578 σου
2282 5536 2461 5578 nilnil-ri
2514 5535 2669 5578 λόγον
2713 5539 2876 5578 στήτην
2916 5549 2964 5578 ν’
3037 5545 3145 5578 nun
3181 5547 3455 5578 Annlnnnn.
3505 5565 3595 5578 ﬁ-..

425 5515 539 5578 μυ)
592 5515 990 5582 Ἐγκειμένων.
1042 5515 1236 5576 Guieto
1293 5523 1637 5578 scribendum
1688 5527 1921 5594 videtur,

355 5576 708 5638 ἐκκειμένων.

2032 5515 2686 5638 ιεέισάιέξιξιηδῇξξτδς
2713 5515 2985 5632 ξξεξέοξᾟ.
3017 5515 3596 5620 ’ῠὶιδῑίέιξὶξὶέτίῑῖἕό

695 5622 960 5674 ﬁ...__.,
1193 5664 1224 5674 ..
1364 5665 1374 5674 .
1465 5664 1475 5674 .
1626 5665 1649 5674 -
2032 5605 2266 5673 τόμοςγ

1193 5664 1224 5674 ..
1364 5665 1374 5674 .
1465 5664 1475 5674 .
1626 5665 1649 5674 _
2032 5605 2195 5673 τόμος
2223 5610 2266 5672 γ’
2301 5605 2499 5661 habent
2522 5605 2676 5674 λόγος
2707 5615 2771 5674 γ’.

427 5643 537 5718 (41)
577 5649 743 5707 Codd.
773 5653 970 5726 Regius
1001 5671 1053 5714 et
1085 5660 1426 5732 llasilcensis,
1454 5664 1711 5734 ἀγεννῶν.
