3998 6170
215 305 319 360 921
1436 305 1716 360 CONTRA
1754 305 2029 363 CELSUM
2065 307 2194 365 LIB.
2230 308 2315 366 lll.
3389 315 3492 372 99.2

214 425 410 496 οίμιον
451 423 618 479 αὑτοῦ
662 423 754 476 καὶ
787 423 933 494 ἑξῆς,
975 421 1206 478 ἕκαστον
1249 423 1358 478 τῶν
1391 426 1694 498 εἰρημένων
1728 427 1819 498 βα·

1925 437 1986 483 ut
2014 429 2242 498 jussisti,
2273 443 2371 498 pro
2415 431 2622 486 viribus
2653 432 2901 497 refutavi,
2949 432 3078 487 nihil
3131 431 3488 487 indiscussum

217 514 568 578 σανίξοντες,
607 513 712 578 ἕως
743 514 1116 584 κατελήξαμεν
1140 517 1220 578 είς
1254 513 1351 586 τὴν
1393 518 1520 586 παρ’
1545 517 1693 588 αὐτῷ
1729 518 1819 588 δη-

1923 521 2235 590 relinquens
2267 536 2439 589 usque
2477 522 2542 576 ad
2599 537 2722 578 eum
2767 523 2963 587 locum,
2991 521 3078 576 ubi
3128 522 3346 576 lictitius
3393 520 3490 575 Ju-

219 606 512 677 μηγορίαν
565 606 658 660 τοῦ
734 607 1024 673 Ἰουδαίου,
1089 607 1478 678 πεπλασμένην
1544 609 1819 678 γεγονέναι

1926 611 2072 666 ᾶαπιιε
2101 622 2292 666 contra
2324 610 2506 666 Jesum
2536 612 2887 668 declamitare
2919 612 3134 667 desinit.
3169 612 3224 666 ln
3253 615 3490 667 secundo

216 695 369 767 πρὸς
400 697 502 750 τὸν
539 698 774 768 Ἰησοῦν·
814 699 870 752 ἐν
912 698 969 751 δὲ
1001 697 1076 768 τῷ
1125 698 1362 770 δευτέρῳ
1394 699 1529 770 πρὸς
1579 700 1698 765 ὅλα,
1746 701 1819 762 ὡς

1923 711 2105 757 autem
2137 717 2426 756 occursum
2469 712 2555 758 est
2584 705 2868 771 omnibus,
2909 712 2966 758 ut
2997 719 3127 758 mea:
3169 705 3313 758 vires
3359 703 3493 758 tule-

201 779 330 838 ὀἶοί
356 788 408 839 τ’
449 782 617 859 ἦμεν,
657 789 1065 859 ἀπαντήσαντες
1098 789 1166 842 τὰ
1193 789 1294 858 τῆς
1335 789 1470 861 πρὸς
1499 791 1667 860 ἡμᾶς,
1696 791 1819 853 τοὺς

1927 802 2072 857 runt,
2101 807 2219 860 quae
2254 794 2409 846 nobis
2439 809 2533 862 per
2561 794 2836 849 Christum
2872 796 2980 848 Deo
3019 795 3366 848 credentibus
3397 793 3491 848 Ju-

216 877 314 932 διὰ
359 879 612 950 Χριστοῦ
661 880 738 951 τῷ
780 879 898 950 Θεῷ
943 880 1316 945 πιστεύοντας,
1346 881 1684 953 δημηγορίας
1726 882 1819 935 τοῦ

1923 882 2070 938 όωυε
2110 883 2250 951 apud
2280 883 2426 936 illum
2477 883 2678 949 objicit.
2711 883 2950 937 Tertium
2979 883 3120 937 hunc
3151 883 3491 954 aggredimur

218 971 362 1040 παρ’
394 970 554 1040 αὐτῷ
599 970 882 1024 Ἰουδαίου·
927 970 1109 1041 τρίτον
1142 969 1331 1023 τοῦτον
1372 971 1699 1041 ἐνιστάμεθα
1736 972 1819 1025 λό-

1924 973 1978 1027 in
2007 987 2113 1042 quo
2144 973 2300 1027 nobis
2331 976 2664 1042 propositum
2699 983 2778 1027 est
2825 974 2912 1026 illa
2960 973 3296 1044 impugnare,
3324 972 3493 1044 M8

216 1074 346 1126 γον,
383 1060 450 1111 ἐν
486 1054 532 1126 ᾦ
564 1059 844 1130 πρόκειται
877 1059 1250 1128 ἀγωνίσασθαι
1289 1060 1425 1132 πρὸς
1467 1061 1503 1115 ἃ
1554 1061 1819 1116 ἐκτίθεται

1924 1078 2043 1132 qua:
2089 1065 2203 1132 ipse
2253 1066 2504 1132 proponit
2547 1077 2612 1117 ex
2648 1067 2864 1132 propria
2906 1078 3156 1132 persona.
3186 1063 3278 1118 Ait
3327 1064 3492 1132 igitur

217 1148 300 1211 ὡς
346 1149 468 1203 ἀπὸ
514 1150 643 1202 ίδίου
674 1149 982 1222 προσώπου.
1011 1151 1148 1221 Φησὶ
1176 1151 1262 1221 δὴ,
1307 1152 1387 1203 ὅτι
1427 1169 1444 1201 ι
1473 1151 1819 1223 Εὐηθέστατα

1925 1153 2013 1208 ille
2054 1173 2072 1204 ‹
2107 1153 2268 1208 stulte
2319 1155 2462 1207 inter
2495 1168 2553 1208 se
2605 1155 2936 1209 contendere
2989 1153 3203 1209 Judzcos
3243 1163 3297 1208 et
3330 1155 3484 1208 Chri-

1924 1245 2166 1312 stianos;
2203 1247 2655 1300 concertationem
2699 1246 2838 1299 inter
2895 1254 3150 1315 utrosque
3180 1249 3248 1302 de
3277 1247 3489 1302 Christo

222 1240 483 1310 ἐρίζουσι
509 1241 647 1312 πρὸς
671 1239 930 1311 ἀλλήλους
958 1241 1274 1312 Χριστιανοὶ
1299 1243 1394 1295 καὶ
1432 1243 1696 1309 Ἰουδαῖοι,
1729 1246 1824 1296 καὶ

219 1331 382 1398 λέγει
426 1333 600 1402 μηδὲν
633 1332 909 1401 διαφέρειν
942 1330 1098 1401 ἡμῶν
1124 1331 1214 1384 τὸν
1252 1331 1387 1402 πρὸς
1421 1331 1680 1403 ἀλλήλους
1706 1332 1819 1386 διά-

1925 1349 2288 1407 comparatam
2334 1353 2475 1403 esse,
2536 1347 2595 1392 ut
2627 1347 2710 1392 est
2757 1339 2809 1392 in
2860 1340 3163 1407 proverbio,
3217 1339 3384 1392 rixam
3425 1337 3492 1391 de

219 1423 392 1491 λογον
435 1424 569 1494 περὶ
611 1422 845 1493 Χριστοῦ
873 1422 970 1491 τῆς
1000 1421 1144 1474 κατά
1175 1422 1274 1492 τὴν
1306 1423 1602 1493 παροιμίαν
1633 1424 1819 1477 καλου-

1927 1432 2115 1484 umbra
2153 1429 2321 1494 asini;
2360 1429 2492 1484 nihil
2535 1430 2818 1498 gravitatis
2855 1429 3050 1483 habere
3099 1430 3241 1483 hanc
3277 1427 3492 1484 Judato-

221 1514 408 1584 μένης
462 1514 584 1567 ὄνου
647 1514 806 1576 σκιᾶς
863 1513 1040 1583 μάχης
1092 1511 1234 1584 (45)·
1299 1515 1393 1567 καὶ
1439 1515 1608 1568 οἴεται
1660 1515 1819 1586 μηδὲν

1927 1535 2043 1574 rum
2072 1534 2194 1572 cum
2231 1518 2557 1572 Christianis
2586 1519 3033 1587 disputationem;
3070 1533 3190 1572 cum
3221 1517 3492 1572 fateantur

219 1604 441 1674 σεμνὸν
479 1598 617 1657 εἶναι
663 1606 718 1670 ἐν
765 1606 831 1674 τῇ
871 1602 1135 1656 Ἰουδαίων
1177 1603 1270 1656 καὶ
1307 1605 1645 1674 Χριστιανῶν
1690 1605 1819 1676 πρὸς

1925 1609 2107 1662 divino
2149 1607 2352 1676 Spiritu
2393 1608 2707 1677 praedictum
2755 1607 2921 1662 fuisse
2971 1608 3106 1672 fore,
3141 1617 3198 1662 ut
3227 1609 3291 1661 ad
3325 1622 3494 1676 genus

218 1693 505 1764 ἀλλήλους
532 1696 790 1766 ζητήσει·
827 1694 1184 1747 πιστευόντων
1227 1696 1324 1766 μὲν
1364 1696 1710 1766 ἀμφοτέρων,
1742 1697 1819 1750 ὅτι

1926 1700 2216 1754 humanum
2262 1700 2512 1754 Salvator
2561 1701 2873 1764 adveniret;
2918 1699 3246 1753 dissentiant
3288 1707 3488 1776 autem,

217 1784 338 1838 ἀπὸ
383 1783 535 1838 θείου
580 1785 895 1856 Πνεύματος
930 1785 1307 1855 προεφήτεύθη
1338 1803 1420 1848 τις
1468 1785 1819 1856 ἐπιδημήσων

1922 1791 2278 1846 νοηοτίιιιείε
2319 1793 2408 1861 qui
2443 1792 2731 1861 praedictus
2760 1801 2866 1855 est,
2907 1807 3106 1845 annon.
3135 1811 3152 1844 ι
3189 1791 3300 1848 Nos
3347 1793 3490 1846 enim

219 1873 432 1948 Σωτὴρ
471 1873 549 1947 τῷ
593 1875 740 1945 γένει
792 1876 899 1932 τῶν
945 1875 1267 1948 ἀνθρώπων,
1316 1875 1496 1927 οὐκέτι
1547 1875 1590 1927 δ’
1627 1876 1816 1946 ὁμολο-

1923 1885 2218 1940 Christiani
2279 1883 2462 1940 Jesum
2524 1885 2815 1948 credimus,
2862 1885 3156 1938 secundum
3199 1885 3494 1952 propheta-

219 1968 480 2035 γούντων
516 1969 642 2040 περὶ
693 1967 783 2022 τοῦ
832 1967 1146 2039 ἐληλυθέναι
1192 1967 1282 2020 τὸν
1323 1967 1815 2039 προφητευόμενον,

1925 1989 2044 2027 rum
2075 1973 2319 2038 oracula,
2357 1974 2660 2028 advenisse.
2700 1970 3007 2026 Iudaeorum
3041 1983 3216 2025 autem
3248 1972 3493 2040 plerique

219 2061 254 2130 ἢ
296 2062 405 2130 μή.
432 2080 450 2110 ι
481 2061 793 2132 Χριστιανοὶ
831 2059 928 2130 μὲν
968 2060 1075 2130 γὰρ
1116 2057 1193 2128 τῷ
1229 2057 1425 2128 Ἰησοῦ,
1464 2057 1538 2119 ὡς
1569 2056 1709 2110 κατά
1754 2056 1819 2110 τὰ

1927 2073 2135 2118 tantum
2164 2065 2316 2120 abest
2340 2074 2398 2117 ut
2428 2065 2480 2116 in
2506 2062 2688 2119 Jesum
2714 2065 2959 2127 credant,
2991 2073 3067 2126 ut,
3104 2063 3194 2130 qui
3223 2064 3314 2117 illo
3357 2073 3493 2116 tem-

1924 2171 2056 2225 pore
2087 2154 2322 2218 fuertmt,
2367 2155 2592 2209 insidias
2624 2155 2701 2207 illi
2755 2154 2926 2208 moliti
2965 2153 3195 2220 fuerint;
3245 2155 3490 2210 hodierni

1926 2261 2052 2301 vero
2097 2247 2457 2316 approbantes
2489 2262 2609 2314 quae
2655 2254 2844 2300 contra
2893 2246 3043 2298 illum
3083 2245 3212 2298 olim
3245 2245 3335 2298 alii
3373 2248 3490 2299 ausi

1922 2337 2170 2404 fuerunt,
2218 2340 2578 2395 criminentur
2625 2351 2747 2390 eum
2782 2337 3098 2405 quibusdam
3146 2337 3370 2406 magicis
3404 2352 3493 2388 ar-

1925 2430 2065 2483 tibus
2113 2431 2460 2496 eonlinxisse,
2505 2445 2564 2485 se
2611 2445 2734 2484 esse
2781 2443 2942 2496 quem
2993 2427 3161 2482 Judaei
3213 2427 3490 2481 Christum

222 2153 694 2223 προφητευόμενα
767 2150 1080 2220 ἐληλυθότι,
1138 2147 1615 2218 πεπιστεύκαμεν·
1683 2149 1816 2201 Ἰου-

219 2242 396 2295 δαίων
433 2233 488 2295 δέ
522 2245 568 2296 οἱ
608 2244 845 2296 πλεῖστοι
883 2240 1133 2295 τοσοῦτον
1179 2240 1357 2293 δέουσι
1401 2238 1496 2291 τοῦ
1542 2239 1818 2292 πιστεύειν

221 2334 309 2395 εἰς
340 2334 532 2395 αὐτὸν,
571 2334 646 2398 ὡς
677 2335 770 2387 καὶ
799 2333 925 2396 τοὺς
955 2332 1051 2402 μὲν
1080 2330 1219 2384 κατά
1260 2330 1351 2384 τὸν
1391 2329 1580 2401 καιρὸν
1614 2331 1818 2382 ἐκεῖνον

221 2428 750 2484 ἐπιϐεϐουλευκέναι
779 2429 856 2500 τῷ
898 2429 1068 2499 Ἰησοῦ
1089 2448 1100 2460 ·
1138 2431 1264 2492 τοὺς
1299 2429 1355 2481 δέ
1384 2427 1499 2491 νῦν,
1540 2425 1820 2479 εὐδοκοῦν-

220 2537 330 2583 τας
363 2525 478 2584 τοῖς
513 2520 616 2573 ὑπὸ
662 2519 769 2572 τῶν
811 2519 1074 2571 Ἰουδαίων
1123 2519 1240 2569 κατ’
1275 2516 1440 2569 αὑτοῦ
1487 2513 1819 2584 τετολμημέ-

1922 2527 2144 2586 vocant,
2177 2534 2446 2588 quemque
2495 2521 2771 2589 prOphctm
2799 2526 3081 2573 venturum
3128 2530 3251 2572 esse
3292 2517 3490 2586 praedi-

222 2627 346 2673 νοις
386 2611 532 2672 τότε,
561 2611 888 2679 κακηγορεῖν
912 2607 1002 2660 τὸν
1043 2608 1268 2678 Ἰησοῦν,
1297 2608 1371 2670 ὡς
1400 2605 1489 2659 διά
1514 2622 1654 2667 τινος
1693 2621 1821 2673 γοη-
1925 2616 2141 2660 xerunt.

222 2703 389 2767 τείας
426 2702 788 2772 πλασάμενον,
824 2702 904 2754 ὅτι
940 2702 1046 2771 ἄρα
1087 2703 1170 2771 εἴη
1195 2704 1223 2753 ὀ
1251 2700 1354 2753 ὑπὸ
1390 2699 1498 2752 τῶν
1527 2696 1818 2768 προφητῶν
1863 2697 2154 2768 κηρυχθείς
2176 2700 2554 2770 ἐπιδημήσειν,
2583 2700 2911 2770 καλούμενος
2941 2700 3081 2754 κατὰ
3122 2699 3190 2755 τὰ
3227 2698 3491 2755 Ἰουδαίων

225 2794 448 2865 πάτρια
480 2795 727 2866 Χριστός.

300 2886 632 2952 Λεγέτωσαν
662 2885 726 2954 δὴ
761 2885 892 2953 ἡμῖν
935 2885 963 2936 ὁ
997 2882 1202 2946 Κέλσος
1234 2882 1329 2935 καὶ
1367 2884 1416 2935 οἱ
1462 2881 1816 2953 ἀρεσκόμενοι

1988 2881 2044 2934 2.
2087 2880 2277 2934 Dicant
2311 2880 2468 2934 velim
2499 2887 2554 2932 et
2579 2877 2769 2932 Celsus
2795 2889 2841 2932 ct
2886 2878 2920 2931 ii
2955 2878 3154 2946 quibus
3198 2875 3313 2942 ejus
3361 2889 3491 2927 cnn-

225 2977 348 3038 τοῖς
400 2974 523 3028 καθ’
549 2974 703 3045 ήμῶν
742 2973 834 3026 ὑπ’
872 2973 1034 3027 αὐτοῦ
1068 2973 1398 3042 λεγομένοις,
1430 2973 1478 3024 εί
1517 2971 1639 3023 ὅνου
1692 2972 1819 3041 σκιᾷ

1926 2979 2007 3024 tra
2041 2986 2136 3026 nos
2165 2970 2572 3025 criminationes
2601 2969 2840 3036 placent,
2867 2984 2934 3020 an
2964 2969 3094 3022 satis
3122 2968 3325 3021 umbrae
3353 2965 3487 3018 asini

227 3067 385 3119 ἔοικε
416 3067 475 3121 τὸ
510 3065 895 3137 προειρηκέναι
925 3066 1048 3128 τοὺς
1094 3064 1362 3118 Ἰουδαίων
1414 3063 1700 3133 προφήτας
1734 3061 1819 3114 τό-

1921 3064 2096 3117 simile
2163 3063 2302 3116 istud
2368 3062 2468 3127 sit,
2515 3061 2836 3130 praedixisse
2883 3059 3188 3114 Judaeorum
3256 3057 3488 3124 prOphe-

229 3175 340 3211 πον
394 3159 657 3227 γενέσεως
707 3157 801 3211 τοῦ
832 3157 1175 3228 ήγησομένου
1222 3155 1332 3228 (44)
1369 3156 1476 3208 τῶν
1508 3154 1685 3217 καλῶς
1733 3154 1819 3223 βε-

1923 3162 2004 3207 tas
2029 3154 2072 3184 ⁵³
2115 3152 2291 3207 locum
2335 3152 2424 3204 ubi
2473 3155 2785 3208 nasciturus
2823 3162 2942 3206 crat
2982 3152 3088 3203 dux
3123 3149 3212 3201 ille
3263 3161 3483 3205 eorum,

234 3248 542 3319 βιωκότων,
585 3249 680 3302 καὶ
731 3248 837 3302 τῶν
891 3248 1331 3320 χρηματιζόντων
1383 3245 1600 3317 μερίδος
1646 3243 1813 3297 Θεοῦ·

1923 3244 2010 3312 ηιιί
2049 3254 2194 3298 recte
2242 3245 2486 3300 viventes
2519 3247 2610 3299 Dei
2647 3259 2773 3313 pars
2805 3241 3174 3312 appellantur;
3225 3237 3490 3304 είιηιιπψιο

232 3341 332 3392 καὶ
394 3338 663 3410 Παρθένον
721 3338 1122 3408 συλληψομένην
1153 3337 1243 3390 τὸν
1291 3335 1634 3407 Ἐμμανουήλ
1658 3351 1670 3363 ·
1723 3335 1819 3388 καὶ⁹

1921 3334 2195 3404 Virginem
2244 3343 2626 3403 eoneepturam
2669 3330 3026 3396 Emmanuel;
3076 3329 3222 3380 illum
3273 3327 3388 3380 haec
3436 3335 3492 3380 et

233 3430 448 3500 σημεῖα
476 3428 569 3480 καὶ
610 3427 870 3496 τεράστια
915 3426 1147 3497 ἐσόμενα
1180 3426 1285 3478 ὑπὸ
1331 3425 1425 3476 τοῦ
1481 3439 1816 3494 προφητευο-

1921 3425 2009 3478 illa
2058 3425 2209 3494 signa
2244 3426 2596 3497 prodigiaque
2644 3424 2950 3484 facturum;
3005 3421 3265 3474 velociter
3298 3431 3489 3470 cursu-

235 3519 411 3592 μένου
455 3519 660 3572 τοιάδε·
692 3521 788 3572 καὶ
819 3519 898 3571 ὅτι
933 3517 1037 3581 ἕως
1077 3519 1273 3588 τάχους
1299 3517 1582 3588 δραμεῖται
1609 3517 1636 3567 ὁ
1663 3515 1817 3582 λόγος

1922 3533 2037 3571 rum
2084 3533 2387 3572 sermonem
2416 3519 2550 3587 ejus,
2582 3518 2659 3572 ita
2692 3528 2750 3571 ut
2795 3517 2847 3570 in
2884 3529 3095 3568 omnem
3131 3519 3331 3564 terram
3374 3507 3489 3574 ejus

234 3615 429 3679 αὐτοῦ,
458 3615 533 3678 ὡς
566 3616 646 3677 εἰς
680 3615 858 3666 πᾶσαν
903 3613 999 3683 τὴν
1028 3613 1129 3682 γῆν
1176 3610 1410 3675 ἐξελθεῖν
1450 3609 1536 3663 τὸν
1585 3607 1818 3676 φθόγγον

1921 3607 2288 3675 apostolorum
2337 3607 2514 3660 exiret
2546 3619 2741 3668 sonus;
2777 3603 3088 3656 damnatum
3121 3597 3184 3649 iri
3216 3610 3245 3648 a
3289 3593 3489 3666 Judaeis

232 3705 409 3759 αὐτοῦ
431 3704 537 3758 τῶν
559 3706 890 3758 ἀποστόλων·
914 3705 1034 3757 τίνα
1055 3721 1113 3757 τε
1143 3703 1389 3755 πείσεται
1421 3701 1526 3752 ὑπὸ
1555 3700 1816 3754 Ἰουδαίων

1922 3697 2311 3766 suppliciisque
2354 3696 2608 3750 alfectum
2651 3693 2738 3758 iri,
2767 3706 2832 3744 ac
2867 3696 3302 3744 resurrecturum
3344 3694 3485 3735 esse.

232 3796 730 3867 καταδικαζόμενος
749 3815 762 3827 ·
787 3797 881 3850 καὶ
909 3797 1025 3859 πῶς
1039 3795 1420 3866 ἀναστήσεται.
1438 3789 1582 3863 Ἀρα
1609 3792 1716 3862 γὰρ
1745 3792 1819 3854 ὡς

1920 3789 2170 3858 Nunquid
2202 3789 2315 3842 haec
2353 3795 2554 3840 temere
2585 3785 2840 3840 dixerunt
2884 3778 3177 3849 prophetm,
3233 3787 3331 3827 nec
3379 3771 3486 3824 ulla

233 3889 399 3962 ἔτυχε
437 3889 589 3944 ταῦτ’
625 3889 806 3958 ἔλεγον
835 3889 884 3942 οἱ
917 3888 1220 3960 προφῆται,
1261 3887 1356 3940 σὺν
1400 3885 1624 3954 οὐδεμιᾷ
1659 3886 1819 3936 πιθα-

1920 3895 2012 3934 eos
2061 3877 2356 3948 probabilis
2388 3889 2560 3931 causa
2614 3871 2842 3942 impulit,
2891 3881 2949 3924 ut
2979 3883 3084 3923 non
3135 3865 3310 3919 solum
3344 3863 3489 3916 dice—

233 3950 445 4052 νότητι,
485 3985 551 4052 τῇ
585 3950 809 4054 κινούσῃ
839 3950 1050 4044 αὐτοὺς.
1074 3950 1168 4032 ἐπὶ
1198 3950 1259 4032 τὸ
1299 3978 1372 4050 μὴ
1417 3950 1575 4048 μόνον
1598 3950 1815 4037 -είπεῖν,

1921 3981 2059 4035 rent,
2088 3970 2178 4024 sed
2213 3968 2375 4023 etiam
2414 3965 2574 4020 scribi
2620 3965 2781 4032 digna
2833 3956 3244 4018 existimarent?
3277 3955 3358 4007 An
3393 3950 3487 4004 Ju-

231 4045 376 4128 ἀλλά
420 4045 870 4142 καῖ’-ἀναγραφῆς
897 4070 1123 4136 ἀξιῶσαι
1152 4070 1221 4123 τά
1258 4045 1553 4138 λεγόμενα;
1586 4062 1732 4136 Ἀρα
1761 4065 1818 4118 δὲ

1921 4061 2160 4114 daeorum
2205 4074 2337 4128 gens
2371 4067 2520 4112 tanta
2567 4069 2687 4124 qua:
2730 4053 2927 4105 dudum
2975 4045 3247 4118 propriam
3312 4045 3486 4109 regio-

231 4166 294 4218 τὸ
325 4163 554 4219 τοσοῦτο
585 4162 690 4216 τῶν
731 4160 998 4216 Ἰουδαίων
1048 4161 1231 4224 ἔθνος,
1266 4160 1431 4212 πάλαι
1460 4157 1642 4230 χώραν
1684 4156 1818 4210 ίδίαν

1923 4166 2043 4204 nem
2101 4149 2441 4204 incolendam
2494 4151 2810 4213 acceperat,
2863 4138 3008 4193 nulla
3064 4134 3344 4190 verisimili
3399 4147 3485 4184 ra-

235 4215 465 4326 είληφδς
506 4257 696 4315 οἰκεῖν,
739 4254 836 4306 σὺν
895 4251 1119 4322 οὐδεμιᾷ
1171 4215 1493 4321 πίθανότητῖ
1528 4215 1679 4310 τινὰς
1723 4248 1819 4318 μὲν

1923 4243 2065 4295 tione
2111 4241 2370 4311 quosdam
2403 4238 2620 4308 quidem
2665 4245 2726 4288 ut
2771 4247 2929 4286 νει-οε
2964 4229 3257 4298 prophetas
3296 4222 3485 4292 prmdi-

233 4346 311 4411 ὡς
342 4311 630 4418 προφήτας
653 4311 1000 4416 ἀνηγόρευον,
1023 4311 1247 4414 ’ἐτέρους
1267 4341 1325 4395 δὲ
1351 4311 1430 4404 ὡς
1449 4311 1819 4410 ψευδοπροφή-

1920 4332 2150 4395 caverit,
2178 4331 2313 4384 alios
2344 4337 2524 4382 autem
2553 4334 2612 4378 ut
2641 4323 2804 4377 falsos
2839 4315 3240 4388 repudiaverit?
3269 4311 3485 4366 Nihilne

234 4405 336 4502 τας
371 4405 482 4509 (145)
511 4405 938 4508 ἀπεδοκίμαξονς
972 4405 1082 4489 Καὶ
1118 4405 1271 4487 οὐδέν
1295 4428 1364 4503 ἦν
1390 4405 1519 4503 παρ’
1549 4405 1819 4492 @131:ng-

1920 4421 2022 4474 fuit
2070 4420 2212 4488 quod
2263 4420 2384 4475 illos
2433 4424 2672 4471 moveret
2719 4413 2786 4468 ad
2835 4408 3298 4464 annumerandum
3335 4405 3486 4459 libris

237 4529 681 4601 προκαλούμενον
719 4528 1070 4599 συναριθμεῖν
1102 4530 1223 4589 ταῖς
1267 4527 1437 4598 ἱεραῖς
1477 4519 1612 4575 εἶναι
1661 4538 1819 4574 πεπι-

239 4621 563 4691 στευμέναις
586 4619 861 4682 Μωῦσέως
904 4617 1104 4688 βίϐλοις
1147 4617 1273 4680 τοὺς
1329 4616 1517 4684 λόγους
1543 4613 1649 4668 τῶν
1691 4613 1818 4683 ἑξῆς

239 4711 639 4782 νενομισμένων
683 4707 825 4765 εἶναι
874 4708 1198 4781 προφητῶν;
1245 4708 1355 4762 Καὶ
1383 4707 1632 4761 δύνανται
1682 4706 1813 4775 ἡμῖν

240 4802 590 4871 παραστῆσαι
620 4803 670 4852 οἱ
717 4800 964 4871 εὐήθειαν
1008 4798 1362 4866 ἐγκαλοῦντες
1416 4795 1686 4859 Ἰουδαίοις
1721 4796 1814 4847 καὶ¹

241 4890 604 4960 Χριστιανοῖς,
646 4892 726 4944 ὅτι
769 4891 990 4946 ἐδύνατο
1023 4891 1408 4961 συνεστηκέναι
1440 4889 1501 4941 τὺ
1546 4887 1812 4940 Ἰουδαίων

242 4980 417 5046 ἔθνος,
449 4981 712 5051 μηδεμιᾶς
741 4983 1068 5051 ἐπαγγελίας
1095 4981 1455 5053 προγνώσεων
1484 4978 1650 5048 οὔσης
1682 4980 1811 5048 παρ’

243 5073 456 5135 αὐτοῖς·
502 5072 595 5126 καὶ
624 5073 706 5126 ὅτι
743 5073 810 5126 τὰ
850 5075 947 5145 μὲν
1001 5073 1128 5138 περὶ
1173 5073 1368 5136 αὐτοὺς
1410 5071 1536 5142 ἔθνη
1583 5071 1811 5124 ἕκαστον

1923 4512 2160 4582 Moysis,
2209 4525 2344 4579 quos
2405 4509 2702 4564 credebant
2761 4523 2881 4562 esse
2936 4516 3152 4566 saeros,
3206 4509 3485 4554 sermones

1917 4618 2104 4656 eorum
2143 4618 2278 4671 quos
2310 4602 2601 4671 prephetas
2630 4615 2748 4656 esse
2784 4588 3228 4657 arbitrabantur?
3261 4591 3359 4657 Qui
3392 4588 3485 4642 Ju-

1920 4695 2049 4749 datis
2088 4703 2142 4749 et
2170 4693 2495 4749 Christianis
2529 4694 2811 4750 Stultitiam
2845 4691 3200 4761 exprobrant,
3218 4700 3343 4740 num
3379 4681 3482 4734 illis

1919 4791 2243 4858 persuadere
2297 4798 2554 4859 poterunt
2607 4786 2916 4842 Judzeorum
2975 4792 3189 4852 gentem
3245 4777 3484 4848 potuisse

1917 4884 2244 4944 consistere,
2296 4882 2400 4935 etsi
2453 4881 2518 4936 de
2576 4893 2758 4933 rerum
2812 4877 3115 4930 futurarum
3173 4869 3484 4938 cognitione

1919 4973 2065 5027 nulla
2102 4973 2199 5040 ipsi
2245 4971 2384 5026 facta
2443 4971 2731 5042 promissio
2783 4967 3004 5023 fuisset?
3049 4966 3126 5017 An
3163 4969 3351 5033 gentes
3404 4957 3479 5010 illi

1917 5067 2279 5137 circumiectae
2309 5082 2407 5136 pro
2437 5067 2549 5121 suis
2575 5079 2800 5134 quinque
2831 5062 3088 5118 institutis
3131 5057 3482 5113 crediderunt

313 5236 360 5268 "
393 5234 559 5290 Miclt.
610 5250 664 5302 γ,
697 5233 801 5302 12;
841 5235 948 5294 lsa.
981 5250 1080 5302 vn,
1108 5235 1215 5303 l4;
1247 5249 1366 5300 ιιιι,
1396 5236 1462 5301 7;
1519 5233 1664 5290 Psal.
1694 5251 1789 5304 xv,
1818 5236 1908 5300 10.

1988 5372 2102 5445 (44)
2152 5370 2572 5445 Ἠγησομένου.
2605 5369 2696 5423 Sic
2730 5384 2863 5445 mss.
2893 5367 3053 5445 Reg,
3085 5362 3333 5445 Basil.uet
3371 5362 3477 5445 duo

1915 5429 2184 5508 Vaticani,
2220 5429 2422 5497 rectius
2453 5456 2584 5496 sane
2614 5454 2775 5509 quam
2805 5429 3072 5506 impressi,
3101 5435 3152 5484 in
3178 5429 3373 5501 quibus
3402 5430 3477 5484 le-

1911 5515 2055 5587 gitur
2063 5513 2446 5587 Aﬁyqeotprévou.

1983 5570 2660 5656 (45)”ἿῙέ-ι,ςδοπροφήτας.
2710 5576 2799 5630 Sic
2847 5581 2991 5654 recte
3035 5570 3236 5656 habent
3286 5583 3475 5622 omnes

1911 5640 2222 5713 COdtiollliSS.
2253 5640 2392 5707 Male
2419 5640 2596 5706 autem
2621 5640 2900 5714 impressi,
2935 5640 3231 5711 προφήτας.

313 5374 426 5445 (45)
471 5375 654 5428 ’ονου
698 5371 876 5438 σκιᾶς
913 5372 1135 5445 μιεὶχιηςΓ
1183 5370 1409 5445 ΒοΑῙιοο
1445 5368 1635 5433 adagio
1685 5371 1809 5445 vide

243 5439 538 5500 Zenohium
574 5445 818 5497 centuria
853 5439 1030 5504 sesta’,’
1065 5439 1218 5508 adag.
1257 5439 1348 5499 28.
1379 5445 1435 5508 et
1483 5449 1662 5493 notam
1694 5443 1807 5494 An-

247 5516 386 5569 dreae
433 5513 665 5567 Si-hotti.
709 5512 841 5568 Item
875 5513 1096 5565 Suidam
1144 5505 1194 5562 in
1238 5523 1374 5562 voce
1403 5505 1526 5558 ὄνου
1561 5510 1708 5572 σκιά,
1755 5521 1809 5565 et

249 5585 374 5656 περὶ
411 5584 552 5656 δνου-
576 5585 735 5648 σκιᾶς
779 5597 900 5636 cum
941 5580 1320 5656 observatione
1369 5574 1655 5656 clarissimi
1692 5582 1805 5656 _viri

248 5647 454 5722 Cu'ster.
503 5653 642 5706 Idem
703 5647 862 5721 porro
920 5663 1005 5704 est
1065 5649 1192 5722 περὶ
1243 5647 1365 5722 ὄνου
1425 5649 1592 5722 σκιᾶς
1633 5651 1800 5722 μάχε-

253 5721 389 5787 σθαι,
413 5738 473 5778 ac
505 5742 522 5774 ι
550 5719 714 5777 rixari
749 5723 812 5777 de
838 5723 959 5775 lana
992 5721 1245 5789 caprina,
1277 5737 1294 5771 ι
1330 5719 1394 5773 de
1429 5733 1484 5772 re
1521 5719 1693 5775 nihili.
