3998 6170
231 350 347 406 9'25

1436 352 1712 408 CONTRA
1745 353 2020 409 CELSUM
2053 355 2186 412 LIB.
2222 354 2309 410 Ill.

3377 357 3480 411 926

223 473 328 524 τὸν
354 469 472 523 κατ’
496 469 664 524 αὑτὸν
693 469 875 543 νόμον,
907 472 998 525 καὶ
1021 472 1108 524 ὁτὲ
1145 471 1241 541 μὲν
1283 472 1609 528 πεπόνθασιν
1653 476 1710 527 ἐν
1744 477 1808 545 τῇ

1916 476 2158 546 Assyria,
2191 477 2349 530 modo
2381 475 2430 528 in
2462 474 2700 538 Perside,
2743 473 2901 527 modo
2926 471 3036 525 sub
3065 470 3334 526 Antiocho
3365 487 3480 524 nta-

243 561 526 632 Ἀσσυρίᾳ,
568 562 658 614 ὁτὲ
687 563 745 615 δὲ
775 563 833 615 ἐν
861 565 925 633 τῇ
960 563 1200 631 Περσίδι,
1233 564 1321 616 ὁτὲ
1360 564 1416 616 δὲ
1463 564 1568 618 ὑπὸ
1614 566 1812 618 Ἀντιό-

227 669 332 722 χου
351 693 366 717 ,
398 653 514 714 πῶς
545 652 664 723 οὐχὶ
697 652 755 719 ἐξ
787 654 1009 706 εἰκότων
1051 653 1518 717 κατασκευάζεται
1545 657 1656 717 τοῖς
1686 657 1812 708 ἀπι-

229 744 422 797 στοῦσι
447 745 570 808 ταῖς
609 745 928 815 παραδόξοις
979 746 1240 816 ἱστορίαις
1285 746 1379 799 καὶ
1427 746 1808 815 προφητείαις,

223 837 314 890 ὅτι
360 836 421 889 οὕ
477 835 766 906 πλάσματα
814 831 880 905 ῆν
927 835 996 887 τὰ
1047 835 1309 899 τοιαῦτα,
1368 835 1504 888 ἀλλά
1561 853 1611 886 τι
1669 835 1809 887 θεῖον

226 927 477 999 Πνεῦμα,
517 927 592 991 ὡς
631 929 688 980 ἐν
717 926 982 997 καθαραῖς
1012 927 1211 995 ψυχαῖς
1253 928 1521 996 τυγχάνον
1552 929 1672 989 ταῖς
1700 925 1812 978 τῶν

227 1016 550 1089 προφητῶν,
580 1018 755 1070 πάντα
793 1017 952 1070 πόνον
983 1019 1122 1090 ὑπὲρ
1150 1019 1350 1089 ἀρετῆς
1380 1018 1491 1088 (51)
1532 1017 1813 1086 ἀνειληφό-

226 1126 362 1171 των,
396 1107 562 1162 ἐκίνει
607 1109 804 1171 αὐτοὺς
855 1109 988 1179 πρὸς
1032 1110 1092 1162 τὸ
1140 1109 1498 1181 προφητεύειν
1544 1108 1663 1162 τινὰ
1715 1109 1812 1178 μὲν

223 1203 345 1263 τοῖς
383 1199 501 1252 καθ’
541 1200 797 1262 ἑαυτοὺς,
840 1199 974 1252 ἄλλα
1016 1200 1071 1252 δὲ
1101 1204 1213 1262 τοῖς
1244 1199 1490 1270 ὕστερον,
1524 1199 1813 1268 ἐξαιρέτως

223 1289 286 1342 δὲ
316 1289 442 1360 περί
480 1306 623 1353 τινος
666 1291 1088 1362 ἐπιδημήσοντος
1122 1290 1216 1344 τοῦ
1251 1291 1503 1362 Σωτῆρος
1545 1290 1622 1361 τῷ
1667 1289 1813 1358 γένει

226 1381 343 1435 τῶν
383 1380 478 1434 ἀνθ
487 1380 717 1452 ρώπων;

303 1473 370 1524 Εἰ
401 1472 457 1524 δέ
494 1469 646 1524 ταῦθ’
679 1470 850 1534 οὕτως
878 1471 1014 1540 ἔχει,
1048 1472 1161 1536 πῶς
1187 1472 1314 1542 περὶ
1342 1472 1462 1524 ὄνου
1495 1475 1650 1536 σκιᾶς
1677 1474 1814 1544 πρὸς

223 1561 494 1633 ἀλλήλους
527 1560 776 1630 ζητοῦσιν
821 1562 1056 1614 Ἰουδαῖοι
1103 1563 1196 1614 καὶ
1237 1563 1581 1632 Χριστιανοὶ,
1629 1563 1814 1627 ἐξετά-

223 1653 415 1716 ζοντες
477 1653 583 1705 ἀπὸ
614 1651 724 1705 τῶν
771 1652 1148 1723 προφητειῶν,
1195 1647 1281 1715 αἷς
1331 1656 1482 1722 κοινῇ
1524 1653 1815 1706 πεπιστεύ-

223 1760 381 1807 κασι,
428 1743 652 1812 πότερον
685 1742 714 1794 6
750 1743 1224 1813 προφητευόμενος
1271 1744 1546 1814 ἐλήλυθεν,
1596 1745 1627 1815 ἢ
1660 1745 1814 1797 066a-

227 1831 353 1902 μῶς
400 1832 496 1902 μὲν
544 1812 978 1903 ἐπιδεδήμηκεν,
1025 1833 1106 1885 ἐτι
1144 1835 1204 1886 δέ
1243 1812 1640 1904 προσδοκᾶταιξ
1694 1834 1811 1888 Κᾶν
1843 1812 1885 1865 Β

223 1922 354 1975 καθ’
379 1916 635 1976 ὑπόθεσιν
659 1922 715 1976 δὲ
741 1923 819 1994 τῷ
862 1925 1053 1995 Κέλσῳ
1078 1925 1203 1996 δοθῇ
1256 1925 1330 1996 μὴ
1368 1927 1456 1977 τὸν
1495 1925 1698 1996 Ἰησοῦν
1741 1921 1816 1978 εἷ-

222 2031 348 2075 ναι,
387 2013 445 2067 ὃν
479 2014 840 2084 κατήγγειλαν
870 2015 922 2067 οἱ
967 2016 1272 2085 προφῆται,
1320 2016 1413 2067 καὶ
1459 2015 1631 2079 οὕτως
1664 2016 1814 2069 οὐδὲν

221 2098 391 2175 ἧττον
418 2107 476 2158 οὐ
508 2107 634 2178 περὶ
659 2105 778 2158 ὄνου
811 2108 968 2169 σκιᾶς
1005 2108 1150 2160 ἐστιν
1188 2109 1220 2178 ἡ
1261 2106 1355 2159 τοῦ
1397 2107 1489 2160 νοῦ
1523 2107 1630 2160 τῶν
1678 2125 1813 2178 προ-

225 2193 476 2262 φητικῶν
512 2194 742 2266 Γραφῶν
785 2193 1029 2265 ζήτησις,
1069 2197 1136 2268 ἴντ
1163 2195 1406 2265 ἐναργῶς
1452 2195 1748 2266 ἀποδειχθῇ
1786 2198 1814 2248 6

224 2287 765 2357 προκηρυσσόμενος,
799 2288 979 2351 ὁποῖός
1009 2305 1066 2339 τε
1100 2283 1236 2340 εἶναι
1266 2287 1683 2359 προεφητεύετο,
1721 2287 1814 2338 καὶ

223 2375 282 2427 τί
316 2378 578 2448 ποιήσων,
622 2380 668 2430 εἰ
700 2378 755 2430 δὲ
781 2372 889 2431 οἶόν
918 2396 1000 2441 τε,
1032 2366 1124 2431 καὶ
1151 2379 1278 2431 πότε
1315 2379 1685 2449 ἐπιδημήσων.
1727 2379 1814 2429 Ἐν

225 2467 288 2520 δὲ
333 2471 448 2532 τοῖς
496 2470 753 2540 ἀνωτέρω
787 2470 1141 2539 προείπομεν,
1188 2469 1372 2537 ὀλίγας
1417 2471 1523 2522 ἀπὸ
1557 2469 1813 2520 πλειόνων

228 2565 605 2634 παραθέμενοι
630 2566 987 2633 προφητείας,
1022 2566 1149 2634 περί
1185 2564 1279 2617 τοῦ
1315 2566 1404 2617 τὸν
1444 2565 1648 2634 Ἰησοῦν
1678 2562 1814 2618 εῖναι

225 2657 324 2708 τὸν
372 2654 840 2724 προφητευόμενον
888 2655 1147 2724 Χριστόψ
1178 2655 1236 2707 οὐ
1287 2655 1607 2723 σφάλλονται
1635 2655 1813 2707 τοίνυν

228 2737 380 2791 κατά
413 2739 474 2790 τὸ
519 2739 838 2810 προσίεσθαι
875 2739 984 2811 (52)
1017 2740 1198 2793 θεόθεν
1246 2743 1371 2804 τοὺς
1405 2743 1689 2812 προφήτας
1729 2742 1816 2794 λε-

229 2829 550 2900 λαληκέναι,
599 2830 719 2882 οὕτε
763 2831 1001 2883 Ἰουδαῖοι
1045 2830 1167 2884 οὔτε
1217 2832 1556 2902 Χριστιανοί·
1613 2831 1725 2885 ἀλλ’
1764 2835 1811 2884 οἰ

231 2922 590 2992 σφαλλόμενοι
650 2923 776 2991 περὶ
835 2923 928 2975 τοῦ
985 2925 1463 2995 προφητευομένου
1504 2925 1812 2993 προσδοκω-

233 3014 398 3083 μένου
440 3013 865 3082 ῲευδοδοξοῦσιν,
911 3015 1058 3078 ὅστις
1106 3015 1199 3067 καὶ
1252 3015 1492 3076 ποταπὸς
1536 3005 1677 3066 κατὰ
1723 3014 1813 3067 τὸν

230 3104 410 3174 ἀληθῆ
436 3105 590 3173 λόγον
618 3105 726 3159 τῶν
751 3107 1040 3176 προφητῶν
1069 3107 1422 3178 κεκήρυκται.

321 3283 478 3353 Ἑξῆς
525 3283 580 3335 δὲ
615 3285 822 3348 τούτοις
858 3287 886 3338 6
933 3285 1173 3349 Κέλσος,
1221 3286 1471 3356 οἰόμενος
1516 3288 1643 3350 τοὺς
1685 3288 1816 3340 Ἰου-

232 3374 420 3436 δαίους
449 3375 776 3441 Αἰγυπτίους
813 3375 890 3444 τῷ
919 3378 1063 3443 γένει
1093 3376 1475 3445 τυγχάνοντας,
1509 3379 1820 3432 καταλελοι-

234 3468 400 3519 πέναι
449 3468 547 3536 τὴν
583 3467 874 3534 Αἴγυπτον,
927 3468 1322 3530 στασιάσαντας
1349 3455 1508 3538 ’πρὸς
1547 3471 1606 3521 τὸ
1644 3471 1817 3523 κοινὸν

231 3559 346 3612 τῶν
370 3558 698 3626 Αἰγυπτίων,
731 3559 824 3611 καὶ
851 3558 910 3610 τὸ
943 3560 998 3610 ἐν
1025 3557 1281 3629 Αἰγύπτῳ
1310 3559 1535 3630 σύνηθες
1564 3563 1690 3632 περί
1721 3562 1818 3626 τὰς

237 3648 533 3720 θρησκείας
589 3650 1131 3720 ὑπερφρονήσαντας,
1176 3650 1358 3720 φησὶν,
1408 3669 1425 3700 ι
1452 3651 1647 3715 αὐτοὺς
1678 3653 1818 3724 ἅπερ

236 3740 501 3810 ἐποίησαν
542 3739 859 3806 Αἰγυπτίοις
914 3740 1238 3793 πεπονθέναι
1285 3742 1390 3793 ὑπὸ
1435 3743 1542 3795 τῶν
1585 3745 1815 3815 προσθε-

241 3831 420 3902 μένων
462 3831 540 3901 τῷ
587 3831 760 3902 Ἰησοῦ
808 3833 900 3884 καὶ
950 3833 1351 3885 πιστευσάντων
1385 3834 1531 3905 αὐτῷ
1565 3836 1640 3898 ὡς
1682 3838 1817 3907 Χρι-

240 3920 383 3992 στῷ·
416 3922 509 3974 καὶ
538 3923 864 3993 ἀμφοτέροις
899 3921 1066 3974 αἴτιον
1115 3924 1393 3990 γεγονέναι
1435 3925 1535 3987 τῆς
1579 3943 1819 3978 καινοτο-

245 4011 378 4082 μίας
401 4011 461 4064 τδ
496 4011 801 4074 στασιάζειν
840 4013 973 4082 πρὸς
1011 4013 1070 4065 τὸ
1107 4015 1304 4066 κοινόν.
1329 4034 1346 4064 ι
1383 4015 1445 4066 Τί
1489 4015 1552 4084 δὴ
1593 4018 1820 4089 πεποίη-

239 4119 340 4155 κεν
375 4105 432 4156 ἐν
459 4102 536 4173 τῷ
565 4103 714 4173 τόπῳ
743 4105 770 4154 ὁ
797 4103 1020 4166 Κέλσος,
1065 4104 1443 4174 κατανοητέον.
1489 4107 1665 4159 Πολλὰ
1707 4109 1821 4160 δια-

240 4193 428 4257 θέντες
464 4197 512 4246 οἰ
549 4194 713 4247 πάλαι
762 4194 1046 4262 Αἰγύπτιοι
1090 4195 1150 4247 τὸ
1191 4197 1454 4267 Ἑϐραίων
1500 4199 1684 4264 γένος,
1734 4200 1821 4252 διὰ

237 4282 400 4358 λιμὸν
427 4286 523 4357 τὴν
556 4287 812 4339 Ἰουδαίαν
839 4287 1209 4340 καταλαϐόντα
1238 4288 1678 4359 ἐπιδημήσαντας
1710 4291 1820 4361 (55)

239 4382 310 4450 τῇ
345 4377 623 4448 Αἰγύπτῳ,
659 4377 1008 4440 πεπόνθασιν,
1039 4379 1114 4441 ὼς
1152 4378 1335 4444 ξένους
1369 4381 1462 4432 καὶ
1495 4380 1678 4444 ἱκέτας
1709 4383 1822 4434 ἀδι-

241 4470 532 4540 κήσαντες,
566 4469 708 4540 ἆπερ
740 4469 904 4539 ἐχρῆν
931 4469 1048 4521 ὅλον
1075 4467 1223 4532 ἔθνος
1249 4470 1354 4522 ὑπὸ
1378 4471 1476 4538 τῆς
1511 4470 1660 4534 θείας
1687 4489 1818 4542 προ-

242 4562 392 4624 νοίας
427 4562 636 4630 παθεῖν,
669 4563 1052 4633 συμφρονῆσαν
1084 4561 1226 4615 κατά
1270 4563 1388 4615 ὅλου
1426 4562 1518 4616 τοῦ
1559 4562 1665 4615 τῶν
1702 4565 1817 4616 ἐπι-

247 4651 582 4716 ξενωθέντων
609 4655 791 4717 αὐτοῖς
823 4653 1040 4722 γένους,
1089 4653 1254 4723 μηδὲν
1287 4655 1484 4716 αὐτοὺς
1529 4653 1818 4724 ἀδικήσανο

243 4761 367 4806 τος·
413 4746 504 4797 καὶ
532 4745 664 4798 Θεοῦ
704 4743 919 4816 μάστιξι
957 4743 1272 4812 πληγέντες,
1307 4744 1456 4814 μόλις
1491 4745 1579 4796 καὶ
1613 4746 1727 4814 μετ’
1757 4746 1816 4797 οὑ

248 4833 387 4886 πολὺ
416 4835 687 4887 ἀπέλυσαν
714 4837 835 4888 ὅποι
864 4834 1142 4887 ἐϐούλοντο
1174 4837 1300 4898 τοὺς
1337 4835 1396 4887 οὐ
1438 4835 1660 4898 δικαίως
1699 4837 1818 4888 δου-

247 4922 693 4991 λαγωγουμένους
749 4924 878 4994 (5-4).
911 4925 1037 4976 ”Λτε
1088 4919 1179 4976 οῦν
1236 4924 1500 4992 φίλαυτοι,
1549 4927 1641 4978 καὶ
1691 4927 1818 4990 τοὺς

248 5012 649 5082 ὁποιωσδήποτε
697 5016 972 5084 ὁμογενεῖς
1023 5017 1394 5087 προτιμῶντες
1457 5018 1548 5069 καὶ
1594 5017 1699 5070 τῶν
1741 5019 1819 5070 δι-

250 5101 548 5174 καιοτέρων
578 5102 759 5168 ξένων,
779 5107 878 5158 οὐκ
907 5106 1050 5159 ἐστιν
1070 5109 1136 5177 ἦν
1161 5125 1281 5160 τινα
1312 5108 1640 5178 κατηγορίαν
1667 5126 1824 5164 κατα-

325 5217 372 5249 ⁵⁴
401 5216 570 5272 Exod.
604 5231 643 5282 ι,
677 5217 745 5270 20
769 5233 783 5281 ;
808 5219 938 5272 Gen.
975 5235 1120 5286 ιιινι,
1150 5219 1221 5284 2;
1254 5221 1420 5274 Exod.
1454 5237 1528 5274 xu
1550 5262 1564 5288 ,
1599 5222 1684 5273 51.

323 5351 664 5426 (51)]Υθτὲρ
699 5353 934 5426 ἀρετῆς.
971 5353 1133 5426 Recte
1178 5357 1340 5426 codd.
1389 5355 1589 5426 Regius
1623 5365 1676 5426 et
1713 5355 1818 5408 Ba-

255 5423 522 5481 sileensis.
565 5423 1004 5493 lmpressi_vero.
1042 5424 1129 5474 ἐπ’
1164 5425 1393 5493 ἀρετῆς,
1444 5423 1602 5478 male.
1651 5425 1818 5480 Paulo

255 5504 376 5564 post
410 5507 543 5566 mss:
569 5493 790 5566 Regius,
823 5491 1154 5566 Basileeltsis
1177 5491 1230 5546 et
1260 5491 1363 5566 duo
1395 5495 1664 5566 Vaticani,
1695 5495 1820 5566 περί

257 5561 397 5626 τινος
429 5561 877 5633 ἐπιδημήσοντος,
921 5564 1153 5629 optime;
1202 5563 1340 5617 tnale
1371 5579 1495 5618 vero
1533 5561 1812 5632 impressi,

257 5635 380 5704 περί
394 5703 401 5704 7
415 5648 555 5695 τινος
575 5631 583 5633 “
598 5631 1045 5704 ἐπιδημήσαντος.

327 5702 438 5769 (52)
479 5702 859 5769 Προσίεσθαι.
893 5702 968 5755 ita
998 5702 1154 5758 codd.
1187 5703 1384 5771 Regius
1411 5713 1464 5756 et
1492 5703 1815 5756 Basileensis

260 5774 478 5840 rectius,
523 5784 580 5827 ιιι
628 5773 854 5838 videtur,
887 5788 1046 5842 quam
1098 5773 1227 5830 libb.
1257 5773 1472 5842 excusi,
1509 5773 1807 5844 προΐεσθαι.

1919 565 2153 631 luerunt,
2198 582 2358 635 quam
2393 563 2728 618 Judaismum
2777 562 2987 630 eiurare
3026 559 3245 628 ejusque
3276 561 3481 615 violare

1917 657 2089 726 leges;
2139 658 2409 724 quomodo
2449 658 2505 718 ii,
2554 657 2644 724 qui
2677 654 2919 707 historiis
2950 661 3003 706 et
3035 652 3301 705 vaticiniis
3332 653 3481 706 inso-

1914 748 2024 801 litis
2056 763 2158 800 non
2201 749 2499 814 adiungunt
2550 747 2731 812 ﬁdem,
2784 746 2973 799 saltem
3007 743 3477 797 verisimilitudine

1913 854 2017 891 non
2050 839 2391 891 adducuntur
2420 849 2476 890 ιιι
2506 837 2727 890 credant
2761 837 3012 906 ﬁgmenta
3043 836 3156 887 haec
3187 849 3290 887 nun
3326 848 3478 898 esse;

1914 928 2005 982 sed
2038 920 2214 995 potius
2243 941 2404 995 puras
2461 926 2841 994 prophetarum
2895 926 3104 978 animas
3157 923 3361 975 nullum
3413 923 3479 974 ad

1913 1018 2164 1072 virtutem
2189 1018 2498 1070 sectandam
2538 1016 2774 1068 laborem
2803 1014 3192 1076 recusantium,
3221 1012 3481 1080 impulsas

1914 1124 1942 1162 a
1976 1107 2178 1177 Spiritu
2223 1106 2407 1160 divino
2441 1104 2780 1158 inhabitante
2819 1104 3010 1169 fuisse,
3054 1112 3111 1156 ut
3145 1103 3482 1171 praenuntia-

1915 1210 2055 1262 reut,
2098 1197 2203 1252 alia
2232 1196 2446 1269 quidem
2485 1195 2550 1250 iis
2581 1195 2671 1263 qui
2713 1209 2808 1248 sua
2842 1203 3000 1246 aetate
3042 1194 3096 1246 in
3128 1194 3267 1248 vivis
3298 1201 3478 1257 erant,

1914 1291 2017 1345 alia
2053 1300 2230 1346 autem
2263 1287 2516 1357 posteris,
2561 1297 2615 1341 et
2653 1286 2922 1356 prmcipue
2951 1283 3251 1338 Salvatoris
3288 1284 3356 1338 ad
3387 1285 3485 1338 ho-

1915 1384 2088 1437 mines
2117 1381 2351 1435 futurum
2380 1382 2445 1434 ad
2459 1378 2708 1434 ventum?

1996 1474 2162 1545 450
2191 1473 2247 1527 4.
2292 1473 2347 1526 Si
2381 1473 2495 1526 have
2529 1472 2599 1523 ita
2632 1484 2688 1523 se
2716 1469 2934 1531 habent,
2972 1467 3238 1535 quomodo
3271 1468 3336 1521 de
3367 1481 3482 1521 um-

1913 1565 2011 1620 bra
2054 1565 2192 1618 asini
2241 1565 2519 1632 disputant
2553 1560 2694 1614 inter
2742 1575 2800 1614 se
2846 1558 3014 1612 Judaei
3059 1567 3112 1611 et
3148 1555 3483 1622 Christiani,

1915 1673 2037 1712 cum
2093 1657 2374 1724 inquirunt
2404 1669 2433 1708 e
2463 1651 2766 1720 prophetiis
2798 1651 2994 1720 quibus
3025 1664 3089 1703 ex
3121 1663 3273 1716 aequo
3324 1649 3482 1702 [idem

1916 1750 2130 1816 utrique
2175 1747 2438 1810 tribuunt,
2485 1745 2601 1798 isne
2660 1743 2872 1798 venerit
2911 1743 3001 1810 qui
3049 1741 3335 1809 prmdictus
3378 1748 3483 1804 est,

1917 1854 2117 1902 annon,
2153 1837 2245 1891 sed
2277 1838 2452 1890 adhuc
2478 1833 2860 1905 exspectetur?
2892 1833 3089 1887 Verum
3123 1832 3222 1885 etsi
3264 1832 3486 1884 daretur

1916 1929 2072 1984 Celso
2107 1927 2288 1984 Jesum
2325 1943 2430 1982 non
2461 1942 2584 1981 esse
2631 1942 2754 1980 eum
2786 1939 2944 1993 quem
2982 1923 3257 1992 prephelte
3293 1919 3488 1988 ιιι-ωιιί-

1916 2030 2196 2087 caverunt,
2243 2020 2412 2074 nihilo
2441 2020 2610 2088 magis
2641 2019 2704 2073 de
2742 2019 2929 2070 umbra
2960 2017 3095 2070 asini
3145 2015 3482 2084 quaesierint,

1916 2115 2004 2185 qui
2047 2111 2482 2181 propheticarum
2535 2110 2931 2178 scripturarum
2967 2122 3184 2160 sensum
3224 2107 3325 2159 hoc
3356 2119 3477 2158 cono

1915 2203 2036 2257 silio
2063 2210 2460 2264 scrutarentur,
2492 2209 2545 2252 ut
2576 2199 2854 2253 evidenter
2883 2199 3320 2251 demonstrarent
3353 2211 3485 2266 qua-

1915 2295 2109 2350 lisnam
2139 2294 2210 2347 sit
2259 2292 2306 2346 is
2353 2307 2511 2360 quem
2565 2290 2838 2360 propheta:
2894 2289 3482 2358 prmsigniticaverunt,

1915 2387 2172 2455 quidnam
2221 2384 2490 2448 facturus,
2518 2391 2604 2444 et,
2655 2382 2698 2435 si
2754 2381 2866 2435 ﬁeri
2902 2388 3096 2447 potest,
3140 2380 3482 2447 quandonam

1916 2478 2076 2532 etiam
2110 2476 2456 2529 adventurus.
2485 2473 2670 2527 Jesum
2714 2485 2844 2524 vero
2884 2473 3158 2524 Christum
3191 2485 3308 2523 esse
3349 2484 3486 2535 pra:—

1916 2571 2120 2624 dictum
2149 2568 2258 2635 jam
2301 2581 2461 2635 supra
2498 2565 2746 2634 probavi,
2789 2570 2843 2616 et
2879 2563 3019 2616 hanc
3068 2563 3118 2616 in
3156 2576 3266 2614 rem
3295 2576 3485 2628 .pauca

1917 2661 1982 2714 de
2018 2660 2199 2712 multis
2247 2658 2476 2728 produxi
2528 2656 2814 2710 vaticinia.
2861 2651 3046 2722 Neque
3080 2654 3245 2722 igitur
3291 2650 3484 2718 Judaei,

1917 2764 2091 2818 neque
2113 2749 2411 2803 Christiani
2443 2749 2720 2813 aberrant,
2763 2764 2884 2802 eum
2916 2747 3206 2815 prophetas
3248 2745 3357 2799 Deo
3403 2745 3487 2798 in-

1916 2840 2156 2908 spirante
2193 2838 2402 2892 locutos
2435 2837 2608 2892 fuisse
2635 2838 2898 2902 credunt;
2945 2835 3037 2889 sed
3068 2841 3256 2888 errant
3287 2833 3344 2894 ii,
3394 2831 3484 2899 qui

1916 2933 1982 2986 de
2023 2931 2264 2994 Christo,
2290 2945 2449 2998 quem
2483 2931 2758 2999 propheta:
2790 2926 3210 2994 exspectandum
3251 2939 3374 2978 esse
3406 2924 3487 2976 di-

1915 3032 2130 3088 xerunt,
2167 3022 2299 3075 falsa
2345 3022 2663 3089 opinantur;
2713 3020 2837 3074 licet
2896 3034 3051 3070 verus
3102 3017 3483 3086 prophetarum

1840 3136 1882 3191 C
1918 3127 2116 3175 sermo,
2165 3121 2219 3165 et
2272 3109 2524 3179 quisnam
2560 3109 2770 3164 futurus
2813 3117 2864 3162 et
2904 3107 3121 3161 ubinam
3168 3107 3479 3159 nasciturus

1920 3213 2086 3267 esset,
2119 3202 2386 3258 docuerit.

1989 3292 2042 3348 5.
2082 3293 2271 3347 Postea
2301 3292 2511 3358 Celsus,
2545 3299 2694 3345 ratus
2723 3289 2936 3344 Iudaeos
2966 3302 3162 3358 genere
3203 3285 3487 3356 Egyptios

1922 3384 2041 3438 ideo
2087 3398 2152 3437 ex
2202 3383 2440 3454 Aﬂgyplo
2490 3384 2817 3446 excessisse,
2866 3381 2993 3450 quia
3050 3396 3162 3433 rem
3213 3378 3484 3445 publicam

1920 3476 2277 3532 seditionibus
2325 3477 2602 3530 turbarent
2646 3483 2698 3527 et
2737 3474 2874 3527 ritus
2907 3473 3180 3542 religionis
3223 3486 3371 3524 more
3404 3485 3488 3524 re-

1921 3575 2106 3635 ceptos
2134 3566 2430 3634 despicatui
2461 3566 2745 3627 haberent,
2775 3564 2849 3616 ait
2889 3580 2906 3613 ι
2937 3561 3077 3624 illos,
3110 3577 3232 3629 quae
3262 3562 3328 3614 ab
3358 3562 3490 3628 ipsis

1920 3658 2062 3727 passi
2119 3666 2274 3710 erant
2302 3655 2570 3726 ngyptii,
2619 3655 2806 3708 eadem
2861 3669 3047 3722 passos
3095 3653 3264 3729 fuisse
3315 3653 3381 3706 ab
3423 3652 3490 3704 iis

1921 3747 2011 3815 qui
2042 3747 2166 3800 Jesu
2213 3747 2561 3801 adhaeserunt
2596 3756 2650 3800 et
2679 3747 2727 3800 ei
2771 3755 2827 3800 ut
2866 3746 3084 3801 Christo
3111 3744 3486 3809 crediderunt,

1920 3848 1975 3891 et
2015 3838 2259 3906 utrisque
2301 3841 2671 3891 novandarum
2718 3851 2894 3891 rerum
2931 3851 3155 3890 causam
3203 3835 3368 3888 fuisse
3403 3849 3490 3888 se-

1922 3930 2172 3984 ditiosum
2203 3931 2464 3988 animum.
2491 3949 2509 3980 ι
2549 3931 2686 3997 Quid
2719 3929 2806 3984 hic
2849 3929 3034 3983 Celsus
3069 3939 3210 3997 agat,
3243 3929 3490 3983 conside-

1922 4019 2144 4074 randum
2173 4030 2276 4073 est.
2304 4018 2581 4090 Egyptii,
2617 4035 2739 4074 eum
2777 4019 3030 4073 llebrmos
3066 4019 3207 4072 fame
3247 4017 3485 4072 Judaeam

1922 4111 2237 4164 devastante
2276 4111 2565 4179 Aigyptum
2617 4119 2799 4178 petere
2847 4117 3067 4162 coactos
3116 4106 3311 4160 acerbe
3374 4116 3485 4158 tra-

1922 4210 2189 4262 etassent,
2232 4200 2607 4267 supplicesque
2648 4208 2699 4251 et
2734 4198 2975 4264 hospites
3022 4195 3233 4263 injuriis
3279 4192 3488 4245 all‘ecis-

1921 4300 2075 4352 scut,
2112 4289 2418 4357 persolvere
2449 4303 2656 4353 punias,
2688 4300 2821 4354 quas
2852 4301 2881 4338 a
2921 4285 3100 4338 divina
3147 4281 3483 4351 providentia

1924 4379 2154 4432 inﬂictas
2188 4376 2423 4445 oportuit
2467 4378 2609 4446 genti
2667 4391 2784 4444 quae
2834 4373 3216 4441 conjuraverat
3287 4374 3337 4424 iu
3389 4374 3487 4424 ho-

1849 4465 1893 4518 D
1921 4471 2089 4538 spites
2115 4485 2144 4521 a
2179 4469 2377 4535 quibus
2417 4469 2493 4520 illi
2528 4467 2667 4520 nulla
2705 4477 2822 4520 orta
2848 4474 2967 4520 erat
3013 4463 3210 4532 injuria
3231 4464 3298 4518 “.
3338 4463 3488 4517 Unde

1922 4563 2014 4616 Dei
2059 4559 2286 4630 ﬂagellis
2338 4561 2589 4629 castigati
2643 4573 2786 4628 aegre
2832 4558 2990 4629 paulo
3047 4566 3167 4624 post
3215 4557 3485 4609 licentiam

1925 4655 2151 4709 abeundi
2185 4669 2292 4721 quo
2326 4653 2520 4707 vellent
2554 4653 2816 4706 dederunt
2852 4652 2945 4716 iis,
2991 4664 3126 4718 quos
3176 4649 3379 4716 injuste
3431 4649 3484 4700 in

1924 4747 2238 4800 servitutem
2271 4747 2609 4813 redegerunt.
2647 4745 2902 4796 Amantes
2943 4743 3107 4811 igitur
3141 4742 3221 4795 sui
3270 4750 3323 4794 et
3371 4739 3490 4793 suis

1926 4836 2274 4905 popularibus
2314 4837 2427 4906 plus
2461 4835 2680 4890 honoris
2710 4835 2970 4888 habentes
3002 4848 3161 4902 quam
3189 4834 3270 4887 vel
3298 4831 3491 4900 juslio—

1927 4928 2074 4981 ribus
2103 4928 2430 4996 hospitibus,
2461 4927 2661 4981 nullam
2697 4927 2958 4995 reliquam
2991 4927 3234 4979 fecerunt.
3279 4923 3484 4976 calum-

1929 5021 2094 5080 niam,
2123 5035 2284 5087 quam
2327 5020 2378 5072 in
2419 5018 2652 5089 Moysen)
2699 5029 2752 5071 et
2796 5019 3047 5071 Hebraeos
3096 5017 3337 5068 dicerent
3369 5035 3379 5066 :
3415 5014 3488 5064 ita

1931 5121 1988 5166 ιιι
2039 5113 2345 5181 prodigiosa
2393 5109 2592 5181 Moysis
2645 5111 2904 5166 miracula
2947 5125 3052 5164 non
3101 5108 3221 5161 ausi
3270 5102 3492 5158 omnino

1927 5356 2071 5430 Loco
2102 5358 2398 5430 προΐεσθαι,
2430 5355 2656 5430 Quietus
2677 5357 2889 5430 legebat
2917 5351 3141 5430 οἴεσθαι.

1996 5429 2108 5498 (55)
2148 5417 2684 5496 Ἔπιδηιὶήσαντες.
2729 5417 2921 5479 Cuietu
2964 5420 3306 5475 scribendum
3340 5417 3493 5472 vide—

1926 5507 2030 5562 tttr,
2062 5499 2214 5568 ἐπιδη
2225 5499 2423 5568 μῆσαν.

1989 5557 2097 5635 (54)
2125 5557 2268 5633 Tollit;
2289 5557 2367 5620 ὀὐ
2400 5568 2637 5629 δικαίως
2660 5558 3276 5635 δορᾶαμογουμένρυς.
3305 5557 3485 5611 Codex

1922 5627 2154 5704 Regius,
2219 5627 2343 5699 τοὺς
2407 5627 2687 5694 Ἰουδαίους
2751 5627 3328 5694 δουλαγωγουμένους,
3378 5641 3485 5678 ιιοιι

1921 5712 2075 5761 male.
