3998 6170
280 243 389 299 929

1455 247 1733 303 CONTRA
1775 247 2053 305 CELSUM
2091 249 2220 304 LIB.
2264 248 2355 306 lii.

3393 221 3402 228 ’
3448 257 3557 314 930

265 379 434 432 ρευε,
465 362 672 433 μήποτε
707 361 818 435 (61)
847 361 1054 418 δίκαιον
1083 359 1221 418 εἶναι
1253 364 1515 419 διδάσκων
1541 367 1601 418 τὸ
1642 369 1758 419 κατ’
1789 367 1848 419 ἀν

1977 365 2186 421 hnisset
2216 367 2442 422 omnino
2471 366 2631 422 ullam
2665 367 2902 423 hominis
2927 369 3295 426 occisionem:
3329 387 3430 427 nec
3458 383 3555 429 do-

266 451 507 524 θρώπου
539 452 796 524 τόλμημα
823 453 932 507 τῶν
963 456 1155 508 ἑαυτοῦ
1201 456 1456 526 μαθητῶν
1475 495 1490 518 ,
1537 457 1638 510 κᾶν
1667 457 1861 510 ἀδικώ-

263 561 445 608 τατος
485 546 692 608 ἐκεῖνος
797 563 810 575 ·
852 547 912 598 οὺ
953 546 1060 618 γὰρ
1108 549 1337 618 πρέπειν
1375 549 1558 618 ἡγεῖτο
1603 551 1668 619 τῇ
1702 549 1866 619 ἐνθέῳ

265 635 477 690 ἑαυτοῦ
508 636 800 708 νομοθεσίᾳ
828 638 888 690 τὸ
921 642 1221 711 συγχωρεῖν
1249 639 1641 709 ὀποιανδήποτε
1666 639 1867 710 ἀνθρὼ-

266 742 387 780 ⁶που
436 727 712 798 ἀναίρεσιν
732 744 745 757 ο
780 726 892 780 οὔτ’
930 727 996 781 ἂν
1027 729 1378 800 Χριστιανοὶ,
1407 731 1455 782 οἰ
1485 730 1592 783 ἀπὸ
1627 730 1867 793 στάσεως

263 817 601 888 ἀρξάμενοι,
643 819 768 881 τοὺς
803 820 896 871 ἐπὶ
944 819 1192 873 τοσοῦτον
1249 821 1489 891 ἡμέρους
1522 821 1866 892 προσήκαντο

265 911 500 982 νόμους,
541 910 607 963 δι’
650 903 724 964 ὧν
764 911 839 974 ὡς
882 910 1130 981 πρόϐατα
1164 913 1260 983 μὲν
1303 913 1641 983 ἀναιρεῖσθαι
1683 913 1864 977 αὐτοῖς

265 1005 526 1072 ἐγίγνετο
550 1045 563 1067 ,
602 1005 880 1074 μηδέποτε,
904 1007 960 1058 δὲ
992 1006 1302 1076 ἀμύνασθαι
1348 1003 1450 1058 οἶοί
1490 1009 1537 1058 τ’
1581 1003 1720 1077 ἦσαν
1753 1005 1862 1078 (6‘2)

264 1097 406 1157 τοὺς
435 1094 746 1158 διώκοντας.
792 1097 1051 1166 Καίτοιγε
1089 1097 1380 1168 βαθύτερον
1433 1096 1749 1161 ἐξετάζοντα
1797 1097 1865 1149 τὰ

266 1185 581 1255 πράγματα
601 1228 614 1251 ,
643 1185 790 1240 ἔστιν
822 1189 996 1241 εἰπεῖν
1029 1189 1157 1259 περὶ
1187 1189 1285 1258 μὲν
1317 1187 1427 1242 τῶν
1467 1187 1864 1259 ἐξεληλυθότων

264 1279 346 1329 ὲκ
389 1276 494 1346 γῆς
525 1277 800 1344 Αἰγύπτου
819 1318 832 1341 ,
863 1280 944 1331 ὅτι
984 1279 1302 1351 παραδόξως
1340 1283 1368 1332 ὀ
1397 1282 1504 1344 πᾶς
1541 1280 1678 1344 λεὼς
1703 1283 1864 1334 οἱονεὶ

264 1367 612 1439 Θεοδὼρητον
640 1369 916 1423 διάλεκτον
945 1370 1156 1442 ἀθρόως
1189 1371 1445 1443 ἀνείληφε
1471 1372 1569 1443 τὴν
1593 1372 1864 1443 καλουμέ-

263 1478 378 1530 νην
422 1460 678 1531 Ἑϐραίαν
705 1479 717 1490 ·
746 1462 820 1524 ὡς
850 1463 941 1514 καὶ
966 1462 1074 1514 τῶν
1105 1464 1232 1534 παρ’
1261 1463 1444 1526 αὐτοῖς
1474 1481 1557 1526 τις
1587 1460 1706 1516 εἷπε
1743 1482 1865 1535 προ-

265 1552 494 1621 φητῶν,
545 1553 627 1604 ὃτι
663 1571 680 1603 ι
724 1552 810 1604 Ἐν
857 1551 934 1622 τῷ
963 1553 1198 1619 ἐξελθεῖν
1242 1555 1438 1618 αὐτοὺς
1471 1556 1534 1607 ἐκ
1564 1556 1666 1626 γῆς
1698 1556 1864 1624 Αίγύ-

265 1660 416 1694 πτου
450 1642 717 1712 γλῶσσαν,
747 1644 814 1713 ἣν
849 1645 949 1697 οὐκ
978 1644 1118 1712 ἔγνω
1149 1645 1280 1718 (65),
1315 1647 1572 1715 ἤκουσαν.
1612 1665 1630 1698 ι

347 1822 459 1874 Καὶ
502 1821 642 1875 οὕτω
681 1823 739 1876 δέ
790 1825 1261 1877 κατασκευαστέον
1287 1863 1299 1886 ,
1328 1826 1408 1877 ὅτι
1434 1825 1531 1877 οὐκ
1575 1825 1859 1892 Αἰγύπτιοι

263 1909 415 1984 ἦσαν
463 1917 511 1966 οἱ
565 1914 941 1987 ἐξεληλυθότες
995 1917 1132 1986 μετὰ
1193 1917 1472 1980 Μωῢσέως
1532 1917 1628 1988 τὴν
1691 1917 1858 1985 Λίγυ-

264 2021 410 2056 ττ-τον
438 2003 567 2075 (64).
600 2007 662 2058 Εἰ
695 2006 792 2076 μὲν
824 2006 932 2078 γὰρ
964 2006 1253 2075 Αἰγύπτιοι
1291 2005 1452 2079 ἦσαν,
1491 2009 1657 2079 ἐχρῆν
1682 2009 1858 2062 αὐτῶν

263 2095 340 2147 τα
394 2095 627 2165 ὀνόματα
674 2093 814 2150 εἶναι
863 2097 1173 2166 Αἰγύπτια,
1226 2099 1301 2162 ὡς
1349 2100 1551 2170 ἑκάστῃ
1595 2099 1857 2169 διαλέκτῳ

265 2191 556 2255 συγγενεῖς
579 2191 714 2241 είσιν
748 2192 801 2243 αἱ
835 2193 1196 2263 προσηγορίαι
1224 2209 1236 2221 ·
1276 2195 1321 2243 εἰ
1350 2191 1394 2244 δ’
1431 2194 1496 2244 ἐκ
1526 2191 1634 2242 τῶν
1663 2193 1858 2261 ὀνομά-

260 2293 380 2329 των
415 2278 714 2350 Ἑϐραϊκῶν
742 2281 910 2333 ὄντων
945 2283 1132 2351 σαφὲς,
1155 2283 1236 2334 ὅτι
1265 2283 1363 2335 οὐκ
1403 2281 1686 2349 Αἰγύπτιοι
1717 2279 1856 2353 ἦσαν

265 2367 510 2438 (πλήρης
529 2367 638 2438 γὰρ
671 2371 702 2438 ή
734 2370 925 2441 Γραφὴ
948 2369 1055 2422 τῶν
1101 2369 1402 2440 Ἑϐραϊκῶν
1431 2369 1732 2438 ὀνομάτων,
1764 2371 1856 2422 καὶ

259 2457 380 2510 τῶν
409 2461 466 2511 ἐν
497 2460 755 2530 Αἰγύπτῳ
779 2459 1002 2512 τοιαῦτα
1053 2459 1294 2529 θεμένων
1323 2462 1434 2522 τοῖς
1463 2459 1641 2528 υἱοῖς),
1673 2458 1852 2527 δῆλον,

260 2551 352 2602 ὅτι
376 2551 567 2619 ψεῦδος
589 2552 648 2604 τὺ
678 2550 965 2620 λεγόμενον
994 2551 1099 2603 ὑπὸ
1128 2550 1232 2602 τῶν
1265 2549 1578 2617 Αἰγυπτίων
1602 2590 1615 2611 ,
1645 2550 1726 2600 ὅτι
1751 2551 1848 2601 Αἱ-

262 2641 492 2706 γύπτιοι
538 2641 689 2704 ὄντες
738 2639 1096 2712 ἀπηλάθησαν
1149 2640 1288 2710 μετὰ
1315 2640 1594 2703 Μωῦσέως
1624 2641 1733 2694 ἀπὸ
1756 2641 1852 2709 τῆς

265 2732 566 2800 Αἰγύπτου.
597 2733 706 2786 Καὶ
738 2732 922 2800 σαφῶς
967 2733 1193 2804 ἐναργές
1226 2734 1400 2796 ἐστιν,
1434 2735 1514 2785 ὅτι
1548 2736 1612 2785 ἐκ
1658 2733 1854 2804 προγό-

262 2843 377 2878 νων
414 2825 697 2898 Ἑϐραιίων,
723 2824 865 2878 κατὰ
895 2825 992 2896 τὴν
1021 2824 1172 2896 παρὰ
1193 2826 1416 2878 Μωΰσεῖ
1443 2826 1851 2896 ἀναγραφεῖσαν

267 2917 511 2988 ἱστορίαν
532 2957 546 2982 ,
583 2917 644 2969 τὸ
691 2917 847 2986 γένος
894 2917 1106 2986 ἔχοντες
1151 2914 1414 2986 διαλέκτῳ
1449 2915 1687 2986 ἐχρῶντο
1709 2956 1723 2978 ,
1759 2916 1850 2984 ἀφ’

260 3004 335 3078 ἦς
365 3009 458 3062 καὶ
485 3008 550 3061 τὰ
581 3008 821 3078 ὀνόματα
856 3011 968 3071 τοῖς
996 3011 1132 3070 υἱοῖς
1165 3007 1419 3060 ἐτίθεντο.
1454 3007 1587 3078 Περὶ
1631 3008 1686 3060 δὲ
1713 3009 1849 3079 Χρι-

265 3100 519 3163 στιανῶν,
552 3100 673 3153 ἐπεὶ
699 3099 1037 3170 διδαχθέντες
1079 3100 1152 3171 μὴ
1191 3098 1496 3170 ἀμύνασθαι
1535 3100 1662 3162 τοὺς
1695 3101 1851 3152 πολε-

265 3188 428 3258 μίους
469 3190 743 3259 ἐτήρησαν
781 3190 880 3260 τὴν
918 3189 1124 3259 ῆμερον
1155 3189 1248 3241 καὶ
1284 3187 1662 3259 φιλάνθρωπον
1691 3206 1850 3260 νομο-

261 3277 452 3332 θεσίαν
471 3321 483 3343 ,
512 3281 596 3334 διὰ
623 3281 766 3333 τοῦθ’
800 3282 936 3352 ὅπερ
966 3282 1064 3333 οὐκ
1088 3281 1152 3334 ἂν
1185 3279 1428 3344 ἐξουσίαν
1460 3279 1711 3342 λαϐόντες
1741 3279 1837 3332 τοῦ

261 3373 544 3442 πολεμεῖν,
580 3374 627 3425 εἱ
667 3374 760 3426 καὶ
794 3374 933 3427 πάνυ
978 3368 1116 3444 ἦσαν
1156 3373 1409 3436 δυνατοὶ,
1442 3373 1664 3442 ἤνυσαν,
1703 3372 1846 3425 τοῦτ’

260 3467 374 3518 ἀπὸ
424 3464 558 3518 Θεοῦ
605 3465 890 3536 εἰλήφασι,
934 3463 1029 3517 τοῦ
1077 3464 1216 3534 ὑπὲρ
1249 3463 1428 3516 αὐτῶν
1472 3463 1582 3533 (65)
1616 3463 1850 3534 πολεμή-

262 3575 457 3622 σαντος
488 3559 573 3612 ἀεὶ
593 3599 608 3624 ,
645 3559 737 3612 καὶ
772 3557 911 3612 κατὰ
943 3557 1170 3629 καιροὺς
1204 3556 1509 3620 παύσαντος
1539 3557 1663 3619 τοὺς
1707 3555 1848 3609 κατὰ

258 3651 603 3722 Χριστιανῶν
637 3651 986 3722 ἱσταμένους,
1036 3650 1146 3703 καὶι
1172 3650 1412 3720 ἀναιρεῖν
1445 3648 1639 3712 αὐτοὺς
1670 3647 1847 3701 θέλον-

255 3759 380 3804 τας.
420 3743 806 3814 ’Υπομνήσεως
829 3742 937 3813 γὰρ
969 3742 1127 3812 χάριν
1163 3741 1290 3811 (ἵνα,
1326 3739 1618 3810 ἐνορῶντες
1643 3739 1844 3809 ὀλίγοις

258 3833 684 3905 ἀγωνιζομένοις
713 3837 852 3906 ὑπὲρ
872 3835 1172 3896 εὐσεϐείας,
1201 3831 1555 3902 δοκιμώτεροι
1586 3833 1842 3900 γίνωνται

259 3925 355 3977 καὶ
385 3924 609 3979 θανάτου
638 3925 1092 3997 καταφρονῶσιν),
1122 3924 1290 3993 ὀλίγοι
1326 3923 1467 3976 κατὰ
1494 3925 1716 3993 καιροὺς
1747 3926 1841 3977 καὶ

258 4016 468 4087 σφόδρα
494 4018 846 4089 εὐαρίθμητοι
879 4016 1018 4086 ὑπὲρ
1041 4015 1139 4086 τῆς
1166 4014 1500 4085 Χριστιανῶν
1534 4012 1842 4078 θεοσεϐείας

255 4109 584 4178 τεθνήκασι·
634 4107 931 4171 κωλύοντος
973 4105 1106 4160 Θεοῦ
1139 4105 1200 4158 τὸ
1251 4107 1358 4159 πᾶν
1398 4105 1840 4177 ἐκπολεμηθῆναι

255 4199 441 4251 αὐτῶν
474 4197 623 4261 ἐθνος
642 4214 656 4229 ο
695 4198 955 4269 συστῆναι
985 4197 1094 4269 γὰρ
1123 4197 1254 4250 αὐτὸ
1282 4196 1551 4261 ἐϐούλετο,
1585 4199 1680 4250 καὶ
1713 4197 1842 4268 πλη-

260 4288 500 4360 ρωθῆναι
553 4290 732 4342 πᾶσαν
773 4287 872 4359 τὴν
912 4288 1018 4359 γῆν
1054 4288 1152 4358 τῆς
1195 4287 1465 4358 σωτηρίου
1496 4286 1701 4358 ταύτης
1746 4288 1838 4340 καὶ

1969 455 2175 508 coisset
2200 455 2307 508 vim
2341 455 2550 510 homini
2578 469 2854 524 nunquam
2883 457 3031 526 juste
3065 473 3096 512 a
3128 460 3243 514 suis
3269 461 3553 530 discipulis

1971 543 2160 600 inferri
2203 560 2400 614 posse,
2457 547 2708 615 quamvis
2757 547 3118 617 injustissimo
3161 569 3176 616 ;
3229 552 3552 609 indecorum

1967 634 2111 687 enim
2138 635 2384 702 'putabat
2428 636 2626 692 divinis
2667 637 2782 692 suis
2815 638 3022 710 legibus
3061 643 3301 709 permitti
3347 643 3549 697 caedem

1967 723 2236 790 hominis,
2267 727 2656 797 qualiscunque
2705 730 2921 785 tandem
2979 731 3072 786 illa
3117 741 3263 789 esset
3306 752 3319 788 :
3377 750 3551 804 neque
3627 771 3632 778 «

1967 815 2129 868 etiam
2159 815 2456 870 Christiani
2491 833 2644 872 suam
2680 835 2708 872 a
2745 823 3016 879 seditione
3069 824 3335 881 ducentes
3382 828 3552 895 origi-

1967 920 2089 959 nem
2125 907 2271 974 leges
2299 908 2656 963 admisissent
2693 910 2764 963 ita
2794 914 3075 980 paciﬁcas,
3113 926 3170 969 ut
3202 929 3428 988 propter
3455 933 3548 973 eas

1967 996 2166 1051 factum
2201 998 2366 1052 fuerit
2429 1008 2488 1052 ut
2517 1000 2681 1054 veluti
2713 1017 2846 1057 oves
2889 1005 3350 1074 interﬁcerentur,
3379 1008 3545 1080 452

1967 1103 2065 1143 nec
2091 1104 2188 1158 per
2212 1105 2305 1144 eas
2330 1091 2518 1145 liceret
2541 1092 2607 1146 de
2633 1097 3077 1161 persecutoribus
3099 1113 3314 1155 sumere
3340 1102 3549 1170 suppli-

1966 1183 2128 1235 cium.
2180 1182 2287 1237 Sed
2339 1191 2393 1237 et
2439 1183 2529 1251 qui
2581 1199 2694 1238 rem
2741 1189 2977 1240 scrutari
3013 1189 3176 1244 altius
3210 1192 3467 1259 voluerit,
3501 1196 3548 1250 is

1965 1274 2147 1330 dicere
2175 1277 2374 1345 poterit
2405 1292 2509 1330 non
2543 1279 2666 1334 sine
2710 1280 2974 1334 miraculo
3008 1283 3323 1351 contigisse,
3364 1289 3543 1356 utqui

1965 1381 2031 1421 ex
2058 1365 2294 1436 Egypto
2322 1367 2572 1433 exibant,
2605 1371 2790 1424 statim
2818 1379 2875 1424 et
2908 1371 3064 1439 quasi
3097 1374 3239 1428 Deus
3276 1376 3547 1444 inspiras-

1965 1467 2068 1522 set,
2122 1458 2359 1528 linguam
2410 1471 2733 1529 usurparent
2772 1476 2891 1530 qua:
2932 1461 3202 1517 Hebraica
3252 1467 3542 1522 vocitatur.

1964 1547 2082 1614 Quo
2105 1549 2339 1617 pertinet
2369 1549 2508 1604 istud
2539 1551 2699 1604 unius
2721 1567 2785 1605 ex
2813 1567 3002 1607 eorum
3030 1555 3336 1624 prOphetis:
3369 1574 3386 1606 ι
3408 1556 3544 1611 Cum

1965 1640 2175 1694 exirent
2204 1645 2269 1696 de
2325 1653 2474 1697 terra
2503 1643 2722 1714 [Egypti
2773 1659 2898 1709 eos,
2945 1663 3109 1717 quam
3145 1663 3250 1703 non
3282 1659 3546 1705 noverant

1895 1713 1934 1766 Β
1966 1733 2225 1800 linguam,
2258 1735 2532 1790 audivisse
2561 1737 2628 1788 ⁵⁵.
2669 1756 2687 1788 ι

2035 1825 2089 1878 8.
2121 1823 2231 1878 Hoc
2255 1826 2418 1879 etiam
2458 1837 2782 1896 argumento
2817 1830 3157 1897 probandum
3185 1842 3290 1896 est,
3319 1847 3414 1886 eos
3441 1832 3543 1888 ,λΕ-

1966 1915 2178 1984 gyptios
2206 1931 2311 1969 non
2343 1917 2528 1983 fuisse,
2557 1920 2646 1986 qui
2678 1935 2745 1973 ex
2773 1919 3010 1990 IEgypto
3049 1936 3171 1977 cum
3227 1923 3411 1993 Moyse
3456 1940 3543 1980 re—

1965 2015 2266 2059 cesserunt.
2315 2005 2447 2061 Nam
2495 2009 2542 2064 si
2571 2010 2810 2081 JEgyptii
2855 2021 3056 2080 essent,
3096 2015 3319 2069 nomina
3347 2032 3540 2072 eorum

1965 2097 2284 2166 {Egyptiaca
2309 2097 2476 2154 fuisse
2500 2111 2735 2168 oportet.
2763 2102 2889 2157 Sua:
2915 2105 3058 2158 enim
3085 2119 3211 2160 sunt
3243 2107 3539 2175 unicuique

1966 2188 2163 2258 linguae
2212 2191 2442 2259 propria:
2493 2192 2906 2261 appellationes.
2940 2195 3054 2248 Non
3092 2197 3260 2265 igitur
3291 2197 3537 2269 Egyptii

1961 2285 2138 2344 erant,
2164 2278 2206 2333 si
2238 2277 2506 2335 [Iebraica
2533 2297 2724 2336 eorum
2759 2286 2984 2338 nomina
3015 2284 3259 2341 fuerunt.
3281 2291 3350 2341 At
3379 2291 3538 2356 plena

1965 2365 2244 2434 Scriptura
2278 2378 2360 2423 est
2407 2370 2720 2425 nominibus
2763 2371 3074 2440 Hebraicis,
3124 2375 3301 2442 iisque
3348 2378 3442 2444 qui
3475 2377 3539 2430 li-

1961 2456 2106 2510 beris
2141 2459 2511 2528 imposuerunt
2538 2463 2849 2532 hujusmodi
2881 2467 3120 2519 nomina.
3160 2467 3303 2538 Ergo
3332 2468 3532 2523 falsum

1961 2557 2044 2600 est
2079 2547 2129 2601 id
2159 2553 2302 2617 quod
2332 2551 2570 2623 IEgyptii
2615 2555 2821 2620 dicunt,
2855 2571 2948 2610 eos
2995 2557 3206 2628 origine
3237 2559 3524 2630 Egyptios

1958 2653 2021 2692 ex
2053 2638 2286 2710 Aigypto
2337 2659 2461 2696 cum
2508 2643 2691 2714 Moyse
2744 2646 2997 2714 expulsos
3044 2662 3186 2703 esse.
3227 2650 3282 2704 Id
3321 2666 3538 2720 quoque

1960 2729 2302 2795 perspicuum
2335 2742 2438 2798 est,
2465 2747 2578 2798 eos,
2613 2743 2670 2786 ut
2701 2734 2931 2789 historia
2962 2752 2991 2790 a
3012 2736 3194 2808 Moyse
3219 2741 3535 2810 conscripta

1961 2825 2212 2886 testatur,
2249 2836 2278 2874 a
2332 2823 2651 2889 parentibus
2696 2825 2937 2882 Hebraeis
2971 2839 3164 2896 ortos,
3212 2831 3394 2899 lingua
3444 2834 3535 2887 illa

1960 2927 2084 2966 usos
2117 2928 2238 2967 esse
2261 2953 2278 2979 ,
2314 2928 2377 2968 ex
2407 2929 2511 2984 qua
2549 2916 2872 2986 imponenda
2923 2920 3048 2975 ﬁliis
3091 2923 3310 2977 nomina
3355 2939 3536 2980 sume-

1956 3004 2103 3058 bant.
2155 3003 2450 3060 Christiani
2483 3012 2703 3072 autem',
2743 3009 3000 3078 quoniam
3049 3012 3339 3080 benignam
3386 3016 3531 3070 illam

1954 3109 2400 3168 mansuctamque
2431 3102 2606 3172 legem
2638 3112 2929 3157 servarunt
2967 3119 3131 3174 quam
3176 3108 3321 3162 docti
3351 3119 3530 3174 erant,

1953 3191 2136 3246 hostes
2165 3207 2271 3247 non
2311 3192 2640 3260 ulciscendi,
2673 3195 2879 3250 idcirco
2907 3198 3055 3266 quod
3090 3201 3372 3254 consecuti
3421 3219 3530 3257 non

1951 3291 2152 3347 essent,
2198 3285 2408 3338 etiamsi
2441 3287 2564 3340 data
2608 3285 2715 3341 illis
2745 3286 2940 3342 fuisset
2969 3287 3326 3358 helligerandi
3363 3291 3532 3347 licen-

1954 3374 2048 3439 tia,
2078 3383 2132 3428 et
2161 3375 2368 3430 idoneis
2400 3379 2466 3431 ad
2499 3379 2639 3432 hanc
2685 3393 2800 3432 rem
2866 3380 3087 3436 auxiliis
3113 3383 3362 3437 instructi
3400 3383 3532 3440 fuis-

1950 3475 2091 3531 sent,
2123 3465 2176 3520 id
2215 3482 2246 3520 a
2274 3468 2383 3522 Deo
2413 3472 2696 3525 consecuti
2728 3481 2854 3526 sunt
2883 3474 2975 3542 qui
3023 3487 3237 3542 semper
3275 3479 3532 3545 pugnavit
3575 3487 3581 3494 '

1948 3571 2046 3626 pro
2075 3558 2201 3622 illis,
2233 3568 2289 3612 et
2315 3562 2642 3630 opportunis
2680 3566 3012 3632 temporibus
3040 3568 3381 3635 compescuit
3409 3583 3527 3633 eos,

1948 3648 2039 3717 qui
2068 3648 2120 3703 in
2149 3647 2492 3706 Christianos
2520 3650 2869 3723 insurgerent
2899 3665 2951 3708 et
2979 3669 3073 3709 eos
3125 3655 3434 3711 interﬁcere
3472 3660 3526 3712 in

1948 3739 2130 3794 animo
2159 3740 2442 3796 haberent.
2480 3741 2552 3797 Ut
2584 3743 2729 3796 enim
2779 3742 2868 3797 alii
2919 3744 2971 3797 in
3019 3745 3336 3798 memoriam
3372 3759 3528 3800 revo-

1946 3838 2133 3884 carent
2155 3839 2211 3884 et
2238 3831 2484 3887 videndis
2507 3833 2696 3900 paucis
2724 3849 2821 3902 pro
2848 3833 3052 3904 pietate
3076 3835 3414 3890 certantibus
3435 3835 3526 3890 ﬁr-

1947 3921 2147 3976 miores
2195 3923 2384 3977 ﬁerent
2434 3932 2776 3993 mortemque
2827 3934 3180 3994 spernerent,
3218 3926 3373 3994 pauci
3429 3939 3525 3994 per

1946 4013 2230 4068 intervalla
2257 4025 2552 4085 temporum
2581 4027 2636 4071 et
2668 4017 2828 4071 facile
2854 4017 3223 4072 numerabiles
3249 4033 3348 4086 pro
3363 4017 3525 4071 Chri~

1944 4106 2118 4159 suana
2147 4106 2406 4176 religione
2438 4119 2666 4163 mortem
2694 4108 2968 4162 obierunt.
3005 4109 3112 4163 Sed
3160 4122 3349 4162 eorum
3383 4124 3515 4178 gen-

1946 4209 2051 4254 tem
2101 4217 2324 4270 prorsus
2373 4204 2642 4272 exstingui
2693 4219 2974 4272 nunquam
3033 4203 3282 4271 permisit
3328 4203 3517 4255 Deus:

1944 4294 2051 4346 imo
2081 4294 2383 4348 consistere
2413 4293 2584 4348 voluit
2630 4303 2685 4347 et
2720 4295 3030 4347 universam
3060 4303 3262 4345 terram
3297 4292 3518 4347 salutari

254 4379 654 4452 εύσεϐεστάτης
683 4378 1048 4442 διδασκαλίας.
1083 4378 1251 4432 Πάλιν
1296 4395 1354 4430 τε
1386 4373 1474 4444 αὖ,
1509 4375 1577 4432 ἵν’
1604 4381 1651 4431 οί
1681 4377 1841 4432 ἀσθε-

1968 4385 2034 4437 lla
2073 4393 2130 4439 et
2175 4386 2417 4454 piissima
2449 4387 2698 4440 doctrina
2749 4385 2968 4455 repleri.
3010 4385 3224 4438 Rursus
3271 4384 3432 4450 Deus,
3461 4391 3520 4438 ut

265 4472 498 4544 θέστεροι
519 4472 856 4525 ἀναπνέωσιν
888 4472 999 4526 ἀπο
1015 4472 1114 4541 τῆς
1147 4473 1270 4542 περὶ
1297 4470 1390 4524 τοῦ
1417 4470 1647 4524 θανάτου
1676 4488 1838 4542 φρον-

254 4564 418 4629 τίδος,
443 4567 470 4618 ὁ
500 4565 632 4629 Θεὸς
658 4567 970 4636 προυνοεῖτο
1001 4564 1109 4617 τῶν
1143 4565 1538 4627 πιστευόντων,
1577 4564 1725 4634 μόνῳ
1757 4564 1835 4635 τῷ

259 4655 555 4728 βουλήματι
587 4658 969 4721 διασκεδαννὺς
1017 4659 1196 4710 πᾶσαν
1227 4656 1324 4726 τὴν
1358 4657 1479 4708 κατ’
1506 4655 1685 4708 αὐτῶν
1715 4658 1834 4709 ἐπι-

256 4745 484 4814 ϐουλὴν,
538 4749 624 4801 ἵνα
678 4749 813 4819 μήτε
867 4747 1138 4817 βασιλεῖς,
1189 4747 1326 4817 μήτε
1359 4747 1407 4798 oi
1451 4743 1590 4798 κατὰ
1634 4745 1832 4808 τύπους

258 4835 566 4906 ἡγούμενοι,
607 4843 739 4911 μήτε
795 4842 843 4892 οἱ
870 4840 1033 4910 δῆμοι
1065 4837 1361 4907 ἐξαφθῆναι
1388 4839 1504 4890 κατ’
1532 4837 1708 4890 αὐτῶν
1739 4838 1832 4890 ἐπὶ

259 4928 441 4981 πλεῖον
463 4930 743 5000 δυνηθῶσι.
776 4932 961 4986 Ταῦτα
991 4933 1086 5003 μὲν
1123 4931 1257 5003 πρὸς
1285 4930 1352 4983 τὰ
1385 4931 1489 4984 ὑπὸ
1518 4930 1726 4983 Κέλσου
1757 4933 1829 4982 εί-

260 5037 324 5092 ρη
335 5020 471 5091 μένα
497 5022 622 5092 περὶ
653 5023 768 5085 τοῦ,
802 5043 820 5075 ι
855 5025 1048 5078 Στάσιν
1079 5021 1356 5092 γεγονέναι
1391 5024 1489 5094 τὴν
1512 5023 1706 5095 ἀρχὴν,
1731 5024 1831 5076 πά-

1947 4477 2272 4533 inﬁrmiores
2316 4493 2345 4532 a
2397 4479 2589 4534 mortis
2635 4486 2782 4533 metu
2831 4477 3200 4546 respirarent,
3251 4477 3519 4530 consuluit

1945 4567 2190 4623 ﬁdelibus
2227 4579 2281 4623 et
2315 4570 2431 4623 solo
2464 4578 2593 4622 nutu
2637 4583 2827 4624 onmes
2859 4578 3100 4622 structas
3153 4565 3259 4620 illis
3291 4565 3518 4622 insidias

1942 4660 2244 4728 dissipavit,
2281 4671 2338 4713 ut
2366 4675 2541 4730 neque
2574 4675 2752 4729 reges,
2786 4674 2961 4729 neque
2989 4659 3324 4712 diversorum
3372 4657 3516 4711 Ioco-

1941 4768 2056 4806 rmn
2089 4753 2399 4821 principes,
2427 4767 2604 4822 neque
2653 4751 2835 4821 populi
2882 4760 3071 4805 contra
3119 4749 3240 4803 illos
3281 4749 3514 4819 amplius

1936 4845 2248 4913 exasperari
2303 4854 2545 4913 possent.
2601 4843 2782 4913 Atque
2834 4845 2948 4897 haec
2995 4841 3061 4894 de
3109 4856 3173 4894 eo
3203 4842 3344 4909 quod
3373 4842 3513 4896 dixit

1936 4935 2146 5000 Celsus,
2176 4955 2194 4986 ι
2215 4935 2431 4990 Judacos
2459 4935 2614 5000 olim,
2634 4945 2818 5004 postea
2846 4948 2978 4986 vero
2999 4931 3338 4988 Christianos
3355 4949 3510 4987 suam

1935 5025 2186 5079 seditioni
2218 5035 2496 5096 acceptam
2531 5025 2737 5079 referre
2761 5025 3046 5094 originem.
3086 5041 3105 5074 ι

251 5113 340 5167 λαι
393 5116 490 5186 μὲν
527 5115 618 5168 τοῦ
658 5117 918 5187 συστῆναι
965 5116 1280 5179 Ἰουδαίους,
1334 5114 1557 5186 ὕστερον
1603 5115 1660 5168 δὲ
1698 5115 1919 5180 τούτους
1946 5117 2053 5189 (66)
2087 5119 2446 5190 Χριστιανοὺς
2471 5116 2743 5187 γενέσθαι.
2786 5135 2804 5168 ι

322 5206 368 5239 ⁵⁵
397 5206 538 5262 Psal.
564 5221 727 5273 Lxxx,
764 5207 816 5261 6.

324 5301 437 5372 (61)
468 5298 761 5378 Μήποτε...
789 5298 966 5378 Mallet
990 5299 1302 5378 Boherellus
1323 5298 1623 5378 μηδέποτε..
1655 5295 1820 5352 Paulo

287 5367 366 5426 ost
407 5367 577 5425 Codex
622 5370 968 5433 Basileensis,
1001 5370 1126 5432 τοὺς
1159 5367 1350 5421 ἐαυτοῦ
1399 5367 1671 5438 μαθητάς,
1704 5383 1822 5435 qua:

273 5443 411 5516 cctio
454 5457 580 5494 num
604 5442 693 5516 sit
709 5439 1233 5516 alteri;p_ra:ferenda
1257 5439 1498 5516 iudicent
1522 5439 1818 5516 doctiores:

258 5509 324 5564 Ut
371 5523 429 5564 ut
458 5520 561 5577 est,
595 5510 821 5565 Guietus
862 5506 1145 5564 delendum
1189 5507 1464 5561 existimat
1490 5506 1596 5560 τῶν
1627 5506 1817 5558 ἐαυτοῦ

259 5576 689 5664 saansaan”
719 5579 1052 5638 "(BSChCIiUS
1084 5581 1139 5634 in
1191 5587 1337 5632 textu
1372 5577 1555 5642 habet,
1582 5577 1674 5630 καὶ
1701 5576 1818 5628 ἁδι-

255 5664 508 5713 κωτατος.

326 5721 433 5790 (62)
470 5716 593 5774 οἶοί
619 5721 666 5774 τ’
697 5719 880 5790 ἦσαν.
911 5721 1104 5778 Guieto
1133 5718 1358 5775 delenda
1389 5717 1660 5774 videntur.

2002 5295 2112 5366 (65)
2157 5295 2365 5365 Ἔγνω.
2395 5294 2559 5364 Lego,
2600 5293 2865 5362 ἔγνωσαν.

1997 5391 2108 5460 (64)
2140 5387 2606 5460 Τὴνᾼᾼῖγυπτον.
2633 5388 2714 5440 An
2746 5386 3094 5441 scribendum
3120 5390 3176 5434 ut
3200 5379 3358 5450 paulo
3384 5387 3502 5446 p051

1929 5457 2113 5528 supra,
2141 5459 2205 5512 ἐκ
2229 5457 2328 5528 τῆς
2356 5457 2667 5525 Αἰγύπτου;

1997 5551 2108 5619 (65)
2167 5549 2346 5616 Ὑπὲρ
2397 5547 2612 5603 αὐτῶν.
2661 5546 2752 5602 Sic
2803 5561 2930 5600 mss.
2988 5542 3236 5612 lmpressi
3271 5555 3403 5596 vero
3447 5540 3498 5594 ia

1929 5631 2012 5675 lex
2024 5632 2099 5688 tu,
2132 5620 2263 5691 περὶ
2297 5620 2494 5672 αὐτῶν.

1993 5715 2104 5786 (66)
2135 5714 2432 5780 ’Ὕστερον
2460 5710 2526 5764 δὲ
2552 5709 2823 5772 τούτους.
2858 5703 3216 5761 Scribendum
3266 5704 3496 5771 videtur,
