3998 6170
527 273 625 327 951

600 388 656 444 9.
703 386 969 456 Quoniam
1004 399 1132 438 vero
1161 385 1214 438 in
1243 381 1596 452 sequentibus
1635 377 1920 433 manifeste
1951 393 2095 432 men-
2128 380 2174 436 Α

531 483 680 543 titur,
725 496 840 548 age,
868 479 1027 533 verba
1059 479 1172 546 ejus
1205 477 1257 528 in
1292 474 1528 528 medium
1567 474 1898 527 adducamus
1927 489 1939 524 :
1984 489 2002 522 ι
2035 472 2092 524 Si

531 570 769 634 vellent,
806 570 974 636 inquit
1003 606 1018 631 ,
1073 580 1261 621 omnes
1308 564 1552 618 homines
1597 563 1711 616 ﬁeri
1763 561 2092 624 Christiani,

534 661 636 714 hoc
682 661 766 713 isti
807 658 916 725 jam
970 665 1302 711 recusarent.
1358 675 1377 707 ι
1424 655 1537 709 Hoc
1570 667 1758 708 verum
1791 651 1954 723 453
1988 667 2091 705 non

530 764 647 804 esse
690 749 813 802 inde
859 748 1046 816 liquet,
1087 747 1230 815 quod
1264 746 1590 810 Christiani,
1639 753 1898 813 quantum
1937 745 1989 796 in
2036 757 2094 798 se

527 848 629 902 est,
680 845 869 892 curent
911 849 968 890 ut
1005 853 1111 907 quo
1159 847 1424 890 terrarum
1473 850 1685 903 cunque
1720 849 1815 888 sua
1849 835 2092 888 doctrina

527 931 881 998 dispergatur.
921 929 1039 994 Quo
1069 927 1127 981 lit
1150 937 1210 981 ut
1243 927 1462 994 quidam
1492 927 1546 980 id
1570 927 1671 979 sibi
1706 925 1976 994 negotium
2001 925 2094 978 de-

528 1019 874 1085 sumpserint,
911 1027 967 1070 ut
1008 1032 1111 1069 non
1144 1016 1319 1070 solum
1351 1016 1548 1080 urbes,
1597 1016 1690 1069 sed
1733 1015 1897 1068 etiam
1947 1017 2092 1068 vicos

525 1119 581 1164 et
611 1109 762 1164 villas
789 1106 1224 1170 obambularent,
1262 1121 1370 1175 quo
1405 1106 1540 1160 alios
1567 1106 1630 1159 ad
1662 1107 1809 1172 pium
1844 1105 1935 1160 Dei
1974 1105 2091 1160 cul-

527 1209 638 1252 tum
687 1199 1042 1251 adducerent.
1094 1195 1277 1265 Neque
1323 1196 1611 1265 quisquam
1656 1195 1851 1250 dixerit
1892 1195 1943 1249 id
1999 1211 2092 1251 eos

525 1290 656 1343 iucri
690 1305 852 1343 causa
881 1289 1078 1352 facere,
1112 1288 1328 1356 quando
1349 1289 1620 1342 interdum
1652 1302 1749 1341 nec
1777 1288 2088 1343 necessaria

526 1381 590 1432 ad
623 1381 823 1435 victum
855 1387 1092 1434 sumunt.
1124 1379 1254 1444 Quae
1283 1380 1326 1434 si
1369 1381 1640 1435 interdum
1671 1380 1846 1449 inopia
1883 1395 2090 1450 cogun-

528 1476 614 1519 tur
646 1468 911 1532 accipere,
947 1467 1000 1519 id
1049 1466 1154 1520 illis
1199 1467 1333 1521 satis
1361 1477 1444 1522 est
1476 1479 1738 1536 quantum
1788 1477 1870 1522 est
1919 1484 2088 1538 opus,

527 1557 743 1611 tametsi
779 1558 990 1624 plurimi
1037 1558 1187 1626 plura
1226 1559 1328 1612 illis
1363 1559 1547 1628 largiri
1596 1560 1784 1614 velint.
1834 1561 1904 1614 At
1951 1577 2092 1615 nunc

526 1649 777 1712 lertasse,
804 1664 926 1703 cum
967 1649 1018 1702 in
1057 1649 1397 1704 multitudine
1439 1651 1741 1703 doctrinam
1793 1651 1932 1705 hanc
1971 1668 2090 1704 am-

528 1741 895 1809 plectentium,
919 1740 1112 1794 divites
1137 1741 1378 1809 quidam,
1415 1743 1630 1809 quidam
1657 1743 1707 1794 in
1741 1741 2090 1809 dignitatibus

527 1829 827 1894 constituti,
865 1831 1105 1885 delicatae
1140 1833 1304 1886 etiam
1339 1832 1653 1900 nobilesque
1700 1831 1914 1888 femina:
1958 1834 2088 1900 sint,

527 1936 647 1989 qua:
679 1936 773 1975 eos
804 1921 893 1988 qui
925 1925 990 1975 ab
1023 1923 1119 1975 ista
1155 1923 1395 1975 doctrina
1431 1931 1596 1986 stant,
1634 1923 1950 1990 excipiunt;
1996 1941 2092 1978 an-

527 2013 679 2066 debit
711 2014 980 2082 quispiam
1006 2014 1204 2077 dicere,
1241 2013 1499 2082 quosdam
1545 2013 1782 2082 gloriolae
1824 2015 2091 2069 desiderio

529 2105 955 2158 Christianorum
1009 2105 1310 2160 doctrinam
1385 2105 1702 2174 praedicare.
1761 2105 1867 2162 Sed
1935 2107 2090 2161 initio

531 2195 924 2250 Christianismi
954 2197 1165 2262 quando
1199 2196 1504 2249 doctoribus
1530 2197 1761 2250 maxime
1793 2198 2089 2266 periculum

529 2285 890 2353 impendebat,
923 2286 1036 2339 haec
1074 2286 1309 2354 susnieio
1360 2302 1465 2339 non
1510 2296 1723 2354 poterat
1770 2288 1968 2343 habere
2012 2289 2092 2342 lo-

523 2393 670 2434 cum.
712 2376 778 2430 Et
832 2378 1095 2445 hodieque
1137 2379 1310 2447 major
1343 2393 1530 2431 eorum
1579 2387 1660 2432 est
1698 2382 1838 2448 apud
1872 2388 2091 2436 exteros

525 2468 836 2537 ignominia,
867 2485 1026 2539 quam
1049 2474 1196 2540 ,apud
1218 2487 1344 2526 suos
1368 2471 1535 2541 gloria
1565 2481 1668 2535 est,
1701 2487 1820 2540 quae
1855 2488 1952 2525 nec
1976 2472 2090 2541 ipsa

523 2562 838 2620 conceditur
860 2564 1129 2619 omnibus.
1159 2563 1394 2616 Evidens
1423 2563 1586 2632 igitur
1613 2569 1696 2615 est
1733 2562 2088 2629 mendacium,

523 2659 569 2712 si
608 2657 851 2712 homines
879 2672 1069 2710 omnes
1096 2655 1294 2710 vellent
1314 2669 1434 2710 esse
1461 2655 1752 2710 Christiani
1776 2695 1790 2721 ,
1834 2656 1935 2711 hoc
1960 2657 2091 2713 istos

522 2759 869 2804 recusaturos
892 2763 1033 2804 esse.

594 2845 680 2897 i0.
707 2841 825 2896 Jam
855 2844 976 2896 vide
1005 2839 1281 2909 quodnam
1307 2838 1464 2908 hujus
1488 2839 1566 2894 rei
1599 2840 1745 2894 dicat
1778 2853 1899 2894 esse
1931 2854 2090 2910 argu-

522 2943 760 2987 mentum
801 2947 816 2986 :
871 2951 889 2984 ‹
926 2931 1219 3000 Principio,
1263 2931 1470 2998 inquit,
1508 2946 1630 2984 cum
1676 2932 1832 2999 pauci
1882 2941 2088 2998 essent,

524 3040 631 3077 una
664 3025 928 3078 sententia
957 3031 1131 3076 erant.
1172 3021 1370 3090 Sparsa
1406 3031 1590 3076 autem
1626 3037 1812 3076 eorum
1849 3023 2090 3077 multitu-

523 3115 671 3180 dine,
708 3115 889 3168 statim
925 3113 1079 3166 divisi
1106 3113 1158 3165 in
1191 3122 1379 3181 partes
1420 3124 1698 3177 secantur,
1731 3122 1784 3166 et
1814 3114 1956 3182 quod
1991 3130 2089 3168 ουκ

525 3205 743 3274 piebant
765 3208 830 3258 ab
853 3205 1022 3266 initio,
1055 3220 1206 3260 suam
1235 3207 1463 3273 quisque
1493 3204 1781 3259 factionem
1809 3207 2030 3259 habent.
2063 3225 2082 3259 ι

525 3294 864 3349 Manifestum
903 3295 1120 3364 quidem
1167 3304 1251 3350 est
1287 3309 1486 3364 paucos
1533 3294 1688 3348 initio
1725 3294 1892 3350 fuisse
1933 3295 2091 3350 Chri-

525 3385 752 3451 stianos,
785 3385 828 3441 si
861 3396 1241 3454 comparentur
1269 3402 1394 3441 eum
1426 3385 1772 3440 multitudine
1800 3401 1919 3455 qua:
1955 3402 2088 3442 con-

523 3488 704 3531 secuta
757 3489 857 3532 est.
907 3477 1224 3547 Quanquam
1277 3493 1382 3532 non
1430 3477 1650 3533 omnino
1694 3478 1852 3546 pauci
1909 3487 2086 3535 erant.

523 3566 660 3620 liinc
688 3568 830 3621 enim
876 3565 1103 3620 conﬂata
1149 3576 1232 3621 est
1271 3566 1397 3622 Jesu
1444 3567 1664 3631 invidia,
1703 3576 1758 3622 et
1804 3567 1972 3622 Judaei
2000 3569 2088 3622 “ad

521 3658 916 3712 construendas
950 3658 1023 3711 illi
1053 3659 1277 3712 insidias
1300 3658 1521 3713 excitati
1550 3668 1697 3724 sunt,
1730 3662 1869 3727 quod
1914 3660 2086 3728 ipsum

522 3750 576 3804 in
611 3750 928 3803 solitudines
957 3749 1243 3803 multitudo
1267 3761 1608 3818 sequeretur,
1627 3755 1782 3806 modo
1799 3751 2088 3820 quinquies

523 3838 689 3902 mille,
729 3838 886 3892 modo
907 3847 1099 3907 quater
1127 3839 1269 3892 mille
1304 3840 1614 3895 hominibus
1643 3842 1788 3895 illum
1816 3854 2090 3896 assectau-

526 3929 689 3992 tibus,
729 3942 919 3998 prmter
955 3930 1204 3984 mulieres
1229 3941 1283 3983 et
1312 3947 1508 3999 pueros
1535 3932 1603 3986 ⁸⁸.
1644 3934 1816 3986 Tanta
1852 3936 1996 3988 enim
2023 3935 2088 3988 il-

523 4022 734 4076 lecehra
763 4034 816 4074 et
845 4022 1147 4090 pellicicndi
1183 4024 1262 4077 vis
1289 4024 1461 4077 inerat
1489 4022 1614 4078 Jesu
1641 4027 2000 4090 sermonibus,
2029 4036 2088 4081 ttt

523 4131 628 4170 non
667 4116 837 4169 solum
891 4117 986 4169 viri
1025 4116 1221 4170 vellent
1270 4131 1388 4169 cum
1427 4129 1492 4168 eo
1531 4117 1582 4168 in
1619 4116 1933 4171 solitudines
1969 4133 2091 4185 per-

521 4223 666 4279 gere,
717 4210 811 4263 sed
858 4211 1020 4262 etiam
1075 4207 1328 4263 mulieres
1385 4206 1633 4262 femineae
1701 4207 2087 4265 imbecillitatis

520 4300 736 4364 oblitae,
791 4300 1103 4368 omissaque
1147 4298 1566 4353 exisdmationis
1598 4311 1724 4352 cura
1767 4300 2084 4369 magistrum

1973 259 2296 317 ORIGENIS

3689 265 3825 318 952

2284 375 2435 426 Ἐπεὶ
2465 375 2509 426 δ’
2538 376 2594 428 ἐν
2622 376 2731 438 τοῖς
2761 374 2886 447 ἑξῆς
2915 374 3204 446 προφανῶς
3232 375 3486 445 ψεύδεται
3507 418 3521 442 ,
3559 379 3817 450 φέρετε,

2195 467 2292 536 τὴν
2325 465 2467 530 λέξιν
2494 466 2655 520 αὐτοῦ
2679 466 2964 536 ἐκθώμεθα
2993 466 3239 534 λέγοντος
3259 484 3271 496 ·
3313 486 3332 518 ‹
3357 468 3421 520 Εἰ
3455 468 3816 540 ἐθελήσουσι

2196 558 2396 621 πάντες
2446 557 2720 628 ἄνθρωποι
2757 555 2897 610 εἷναι
2934 559 3280 629 Χριστιανοὶ,
3315 559 3416 611 οὐκ
3449 559 3516 612 ἂν
3560 559 3650 612 ἔτι
3689 563 3816 614 σῖόε

2195 646 2444 700 ἐθέλοιεν.
2484 667 2501 698 ι
2541 649 2660 699 ’Ότι
2691 648 2747 700 δὲ
2783 647 2978 716 ψεῦδος
3010 649 3070 698 τὸ
3103 647 3304 700 τοιόνδε
3325 687 3339 710 ,
3373 647 3536 716 δῆλον
3572 649 3645 700 ἐκ
3675 649 3812 712 τοῦ,

2193 731 2272 790 τδ
2301 739 2423 790 ὅσον
2471 741 2556 807 ἐφ’
2590 740 2818 801 ἑαυτοῖς,
2870 739 3229 808 Χριστιανοὺς
3283 737 3356 807 μὴ
3401 737 3630 807 ἀμελεῖν
3701 737 3810 790 τοῦ

2197 832 2468 902 πανταχοῦ
2506 833 2605 902 τῆς
2650 831 2973 902 οἰκουμένης
2998 832 3336 901 ἐπισπείρειν
3363 830 3454 883 τὸν
3484 831 3676 898 λόγον·
3717 849 3810 884 τι·

2195 923 2281 985 νές
2313 919 2406 974 οὖν
2437 922 2597 992 ἔργον
2645 922 2966 990 πεποίηνται
3016 919 3468 991 ἐκπεριέρχεσθαι
3521 921 3584 971 οὐ
3623 920 3807 988 μόνον

2196 1014 2394 1078 πόλεις,
2427 1013 2560 1066 ἀλλά
2587 1013 2679 1066 καὶ
2705 1012 2913 1082 κώμας,
2947 1011 3038 1064 καὶ
3062 1012 3331 1076 ἐπαύλεις,
3361 1013 3449 1064 ἵνα
3471 1013 3565 1064 καὶ
3587 1012 3807 1075 ἄλλους

2195 1103 2435 1165 εὐσεϐεῖς
2463 1102 2540 1172 τῷ
2572 1103 2690 1172 Θεῴ
2724 1103 3191 1155 κατασκευάσωσι.
3226 1103 3334 1154 Καὶ
3367 1103 3466 1155 ούκ
3507 1102 3575 1155 ἂν
3612 1103 3803 1154 πλού-

2193 1211 2284 1246 του
2318 1210 2399 1255 τις
2427 1192 2586 1245 ἕνεκα
2610 1195 2777 1262 φήσαι
2810 1193 3004 1254 αὐτοὺς
3031 1191 3188 1244 τοῦτο
3220 1192 3498 1264 πράττειν,
3545 1191 3663 1244 ἔσθ’
3701 1194 3801 1248 ὅτι

2197 1286 2292 1356 μὲν
2334 1285 2454 1336 ούδέ
2486 1284 2553 1337 τά
2601 1285 2736 1355 πρὸς
2780 1284 2980 1355 τροφὴν
3022 1285 3412 1353 λαμϐάνοντας·
3464 1284 3518 1337 εἴ
3557 1303 3702 1337 ποτε
3737 1284 3798 1338 δὲ

2193 1376 2583 1444 ἀναγκάζοιντο
2632 1375 2736 1427 ὑπὸ
2780 1377 2882 1446 τῆς
2930 1376 3164 1446 ἀπορίας
3213 1375 3434 1445 ταύτης,
3497 1379 3566 1444 τῇ
3618 1376 3792 1446 χρείᾳ

2197 1469 2330 1540 μόνῃ
2358 1469 2745 1538 ἀρκουμένους,
2773 1467 2875 1520 κᾶν
2910 1466 3126 1529 πλείους
3154 1466 3336 1528 αὐτοῖς
3361 1468 3642 1518 κοινωνεῖν
3665 1465 3791 1518 ἐθέ-

2193 1560 2322 1613 λωσι
2357 1561 2450 1635 καὶ
2483 1559 2816 1630 μεταδιδόναι
2847 1559 2916 1611 τὰ
2953 1559 3093 1628 ὑπὲρ
3130 1557 3229 1628 τὴν
3265 1557 3454 1628 χρείαν
3496 1556 3631 1627 (67).
3666 1556 3787 1608 Νῦν

2197 1654 2292 1724 μὲν
2321 1649 2412 1705 οὖν
2442 1651 2601 1720 τάχα,
2633 1652 2721 1703 ὅτε
2747 1649 2836 1703 διά
2857 1649 2916 1702 τὸ
2948 1649 3152 1719 πλῆθος
3182 1648 3288 1702 τῶν
3319 1648 3784 1719 προσερχομένων

2193 1744 2268 1814 τῷ
2315 1733 2455 1812 λόγῳ
2501 1742 2595 1794 καὶ
2635 1741 2900 1805 πλούσιοι,
2931 1742 3021 1794 καί
3051 1757 3194 1804 τινες
3234 1739 3342 1793 τῶν
3375 1743 3432 1793 ἐν
3476 1740 3781 1811 ἀξιώμασι,

2194 1837 2287 1889 καὶ
2319 1834 2513 1903 γύναια
2541 1833 2608 1886 τὰ
2639 1832 2781 1904 ἀϐρά
2805 1833 2900 1886 καὶ
2927 1832 3120 1902 εὐγενῆ
3144 1832 3494 1901 ἀποδέχονται
3521 1832 3652 1894 τοὺς
3674 1831 3783 1884 ἀπὸ

2191 1927 2285 1980 τοῦ
2315 1927 2495 1995 λόγου,
2528 1926 2783 1997 τολμήσει
2805 1943 2891 1988 τις
2919 1924 3119 1991 λέγειν,
3142 1923 3228 1976 διὰ
3253 1923 3314 1976 τὸ
3335 1922 3583 1994 δοξάριον
3620 1924 3781 1994 προῖ-

2196 2018 2419 2070 στασθαί
2446 2035 2596 2080 τινας
2622 2017 2722 2086 τῆς
2745 2017 2884 2070 κατά
2913 2016 3270 2087 Χριστιανοὺς
3312 2015 3677 2078 διδασκαλίας·
3718 2016 3778 2069 ού

2198 2107 2303 2178 μὴν
2332 2107 2472 2160 κατά
2497 2106 2595 2177 τὴν
2627 2106 2819 2177 ἀρχὴν,
2851 2108 2940 2159 ὅτε
2979 2107 3146 2169 πολὺς
3189 2108 3217 2158 ὁ
3245 2105 3489 2168 κίνδυνος
3538 2106 3779 2176 μάλιστα

2191 2203 2301 2262 τοῖς
2328 2199 2663 2252 διδάσκουσιν
2689 2195 2778 2269 ἦν,
2807 2194 2917 2252 οἷόν
2941 2215 2997 2250 τε
3020 2198 3080 2250 τὸ
3105 2195 3344 2249 τοιοῦτον
3372 2196 3615 2265 εὐλόγως
3646 2199 3780 2250 ὑπο-

2192 2293 2348 2344 νοεῖν.
2381 2290 2491 2342 Καὶ
2518 2287 2613 2343 νῦν
2646 2291 2702 2342 δέ
2746 2289 2944 2342 πλείων
2990 2290 3137 2342 ἐστὶν
3165 2291 3197 2359 ἡ
3231 2288 3380 2358 παρά
3410 2291 3526 2350 τοῖς
3570 2288 3778 2352 λοιποῖς

2192 2381 2376 2448 ἀδοξία
2405 2381 2502 2452 τῆς
2531 2381 2682 2451 παρά
2719 2384 2831 2444 τοῖς
2875 2380 3147 2450 ὀμοδόξοις
3189 2379 3552 2450 νομιζομένης
3595 2379 3774 2449 δόξης,

2193 2472 2286 2526 καὶ
2313 2472 2516 2542 ταύτης
2538 2471 2598 2524 ού
2627 2473 2782 2525 πᾶσι.
2815 2471 3026 2532 Ψεῦδος
3053 2467 3146 2524 οὖν
3175 2469 3419 2534 αὐτόθεν,
3453 2471 3559 2533 ὅτι,
3585 2472 3633 2522 εί
3661 2469 3777 2522 ἐθε-

2191 2566 2411 2637 λήσουσι
2441 2564 2640 2626 πάντες
2666 2563 2943 2634 ἄνθρωποι
2966 2553 3104 2617 εἶναι
3127 2563 3458 2634 Χριστιανοὶ,
3488 2563 3591 2616 οὐκ
3609 2561 3673 2616 ἂν
3691 2561 3773 2614 ἔτι

2191 2658 2298 2711 οἵδε
2327 2657 2559 2710 ἐθέλοιεν
2593 2655 2724 2727 (68).

2263 2834 2403 2905 Ὅρα
2434 2833 2490 2886 δὲ
2522 2833 2614 2886 καὶ
2644 2831 2698 2885 τί
2728 2849 2889 2902 φησιν
2928 2827 3066 2885 εῖναι
3106 2831 3294 2884 τούτου
3339 2831 3659 2903 τεκμήριον
3689 2830 3769 2883 ὅτι

2195 2945 2216 2979 ι
2258 2927 2574 2998 Ἀρχόμενοι
2603 2927 2721 2996 μὲν,
2746 2925 2928 2997 φησὶν,
2951 2923 3119 2993 ὀλίγοι
3145 2941 3204 2976 τε
3233 2919 3393 2994 ἦσαν,
3419 2925 3509 2977 καὶ
3534 2924 3590 2975 ἓν
3614 2922 3770 2993 ἐφρό-

2192 3037 2332 3074 νουν’
2364 3022 2421 3082 ἐς
2439 3019 2640 3089 πλῆθος
2667 3019 2723 3070 δὲ
2747 3017 3062 3088 σπαρέντες,
3095 3012 3249 3079 αὖθις
3277 3013 3343 3070 αὖ
3373 3017 3657 3087 τέμνονται
3679 3017 3768 3068 καὶ

2194 3114 2485 3184 σχίζονται,
2521 3113 2613 3166 καὶ
2658 3111 2875 3174 στάσεις
2921 3110 3055 3174 ἰδίας
3098 3111 3240 3181 ἔχειν
3284 3111 3503 3162 ἕκαστοι
3539 3107 3764 3161 θέλουσι”

2189 3206 2376 3259 τούτου
2407 3205 2514 3276 γὰρ
2565 3203 2799 3274 ἀρχῆθεν
2845 3203 3092 3274 ἔχρῃζον.
3138 3223 3154 3253 ι
3203 3203 3322 3276 Ὅτι
3370 3202 3466 3272 μὲν
3495 3196 3588 3254 οὖν
3639 3215 3767 3268 συγ-

2190 3298 2366 3369 κρίσει
2400 3296 2492 3349 τοῦ
2518 3295 2641 3366 ἐξῆς
2671 3295 2909 3366 πλήθους
2936 3296 3104 3362 ὀλίγοι
3133 3289 3271 3365 ἦσαν
3317 3291 3607 3363 ἀρχόμενοι
3640 3292 3769 3360 Χρι-

2193 3391 2417 3454 στιανοὶ,
2451 3391 2624 3460 δῆλον·
2654 3390 2747 3442 καί
2771 3406 2853 3441 τοι
2882 3390 2942 3442 ού
2973 3389 3146 3458 πάντη
3174 3383 3313 3458 ῆσαν
3341 3385 3530 3453 ὀλίγοι.
3565 3385 3639 3438 Τὸ
3663 3384 3764 3455 γὰρ

2190 3482 2416 3550 κινῆσαν
2447 3480 2638 3549 φθόνον
2664 3479 2742 3549 τῷ
2779 3479 2975 3548 Ἰησοῦ,
3021 3479 3114 3531 καὶ
3143 3477 3441 3550 διερεθίσαν
3486 3476 3764 3539 Ἰουδαίους

2189 3572 2326 3643 πρὸς
2349 3572 2448 3642 τὴν
2471 3571 2610 3624 κατὰ
2640 3571 2827 3623 τούτου
2861 3569 3172 3639 ἐπιϐουλὴν,
3195 3569 3255 3622 τὸ
3284 3568 3487 3638 πλῆθος
3513 3568 3621 3620 τῶν
3646 3570 3767 3620 sm-

2194 3663 2369 3734 μένων
2397 3662 2544 3732 αύτῷ
2573 3666 2652 3725 εἰς
2679 3663 2778 3724 τὰς
2808 3663 3047 3733 ἐρήμους
3076 3657 3164 3731 ἦν,
3197 3659 3648 3729 πεντακισχιλίων
3676 3659 3763 3711 καὶ

2188 3752 2629 3824 τετρακισχιλίων
2671 3753 2877 3824 ἀνδρῶν
2922 3751 3069 3821 αύτῴ
3114 3750 3565 3810 ἀκολουθούντων,
3603 3750 3764 3821 χωρὶς

2192 3845 2286 3897 τοῦ
2317 3845 2424 3896 τῶν
2445 3844 2717 3910 γυναικῶν
2740 3844 2832 3896 καὶ
2859 3842 2964 3895 τῶν
2986 3842 3210 3895 παιδίων
3233 3839 3485 3913 ἀριθμοῦ.
3522 3841 3759 3909 Τοσαύτη

2189 3937 2296 4007 γάρ
2326 3954 2407 4000 τις
2456 3935 2576 4004 ἴῦγξ
2607 3932 2674 4007 ἦν
2708 3937 2765 3990 ἐν
2805 3939 2917 3998 τοῖς
2960 3933 3132 4006 Ἰησοῦ
3172 3933 3369 4001 λόγοις,
3393 3934 3468 3995 ὡς
3514 3934 3572 3984 ού
3611 3931 3760 4002 μόνον

2189 4033 2386 4102 ἄνδρας
2418 4029 2646 4084 ἕπεσθαι
2678 4028 2851 4080 θέλειν
2881 4027 3027 4098 αὐτῷ
3055 4028 3134 4090 είς
3171 4025 3269 4090 τὰς
3307 4027 3542 4097 ἐρημίας
3570 4065 3583 4087 ,
3632 4024 3758 4077 ἀ)λά

2189 4125 2282 4177 καὶ
2303 4124 2585 4191 γυναῖκας,
2607 4121 2704 4190 οὐχ
2732 4118 3172 4188 ύποτεμνομένας
3197 4116 3304 4188 (69)
3333 4117 3431 4186 τὴν
3454 4115 3757 4183 γυναικείαν

2188 4215 2469 4270 ἀσθένειαν
2490 4254 2503 4276 ,
2539 4212 2634 4266 καὶ
2674 4212 2733 4264 τὸ
2761 4210 2949 4264 δοκοῦν
2996 4212 3051 4264 ἐν
3080 4201 3158 4279 τῷ
3188 4207 3498 4262 ἀκολουθεῖν
3545 4209 3624 4270 είς
3665 4207 3757 4270 τὰς

2189 4307 2421 4379 ἐρημίας
2448 4304 2525 4375 τῷ
2549 4303 2875 4372 διδασκάλῳ.
2921 4300 3295 4354 Ἀπαθέστατα
3324 4299 3379 4351 δὲ
3409 4299 3615 4361 παιδία,
3649 4299 3752 4366 ἦτοι

521 4390 670 4444 illum
723 4391 771 4444 in
819 4391 1029 4445 deserta
1078 4400 1551 4458 persequerentur.
1611 4387 1773 4442 Pueri
1825 4404 2083 4458 quoque,

2195 4403 2300 4461 τοῖς
2327 4399 2649 4467 γεννήσασιν
2680 4396 2940 4464 ἑπόμενα,
3012 4393 3148 4461 τάχα
3179 4392 3272 4445 καὶ
3306 4390 3408 4442 ὑπὸ
3433 4390 3531 4460 τῆς
3560 4389 3752 4458 θειότη-

519 4484 670 4550 queis
698 4482 877 4535 nullus
915 4490 1000 4536 est
1031 4481 1268 4550 alioquin
1313 4480 1559 4545 ail‘ectus,
1597 4491 1852 4548 parentes
1886 4481 2088 4546 secuti,

521 4574 747 4627 fortasse
773 4575 934 4626 etiam
963 4573 1030 4627 ab
1053 4572 1168 4639 ejus
1195 4572 1472 4627 divinitate
1499 4574 1781 4642 pertracti,
1816 4579 1873 4624 ut
1907 4581 1958 4625 et
1987 4571 2093 4640 ipsi

520 4664 801 4718 divinitate
829 4663 1163 4728 fruerentur,
1197 4683 1306 4720 una
1347 4681 1468 4719 cum
1498 4665 1817 4733 parentibus
1851 4663 1953 4716 iter
1999 4662 2086 4714 l'a-

522 4755 756 4809 ciebant.
797 4755 904 4809 Sed
930 4754 1130 4810 fuerint
1162 4772 1292 4812 sane
1318 4758 1385 4810 ab
1414 4756 1566 4808 initio
1611 4755 1766 4821 pauci
1814 4771 1826 4806 :
1875 4753 2090 4806 istudne

523 4844 714 4913 probat
745 4844 1081 4901 Christianos
1119 4857 1468 4901 recusaturos
1499 4860 1619 4899 esse
1649 4859 1800 4899 suam
1834 4844 2085 4899 omnibus

524 4935 833 4989 hominibus
857 4935 1157 4989 doctrinam
1185 4935 1549 5006 persuadere?

594 5025 680 5080 ll.
722 5027 885 5082 Addit
920 5044 933 5079 :
981 5044 1000 5076 ε
1046 5025 1245 5081 Omnes
1276 5043 1378 5081 una
1405 5035 1563 5081 erant
1596 5023 1886 5080 sententia.
1929 5044 1947 5076 ι
1984 5023 2088 5078 Nc-

520 5131 627 5186 que
660 5116 747 5171 hic
779 5117 924 5172 novit
957 5116 1068 5185 jam
1107 5129 1214 5172 tum
1251 5121 1318 5173 ab
1347 5118 1499 5172 initio
1531 5115 1697 5170 fuisse
1737 5115 1802 5169 tie
1829 5130 1989 5169 sensu
2017 5113 2085 5167 li-

591 5233 638 5264 ⁵⁸
663 5233 856 5288 Matth.
899 5248 987 5298 xv,
1015 5233 1123 5299 58;
1159 5249 1268 5298 xlv,
1294 5232 1382 5285 21.

522 5347 746 5434 ὕστερον
774 5349 831 5402 δέ
855 5348 947 5402 τοῦ
977 5347 1102 5434 τοᾏ
1120 5357 1269 5428 ,.etc.
1324 5345 1491 5434 Paulo
1512 5353 1650 5434 Ipost
1671 5385 1696 5426 ,ο
1718 5342 1837 5434 loco
1865 5341 2080 5434 cpépsfe,

520 5419 620 5488 τὴν
652 5411 794 5484 λέξιν
815 5463 828 5480 ,
879 5430 984 5474 etc.
1005 5459 1020 5481 ,
1052 5419 1247 5473 Guicto
1277 5411 1618 5472 scribendum
1653 5415 1866 5468 videtur
1888 5451 1902 5478 ,
1938 5411 2082 5481 φέρε

521 5490 613 5540 καὶ
628 5490 741 5558 (τὴν
769 5488 932 5554 λέξιν,
961 5499 1068 5542 etc.

592 5551 708 5628 (67)
744 5551 908 5625 ’Υπὲρ
935 5558 1047 5625 τὴν
1072 5557 1298 5627 χρείαν.
1338 5557 1408 5610 lla
1438 5554 1594 5628 codd.
1621 5551 1823 5628 Regius
1858 5561 1911 5628 et
1937 5551 2088 5628 Basi-

522 5622 736 5687 lcenst's,
771 5622 970 5680 rectius
993 5622 1157 5695 quam
1192 5629 1318 5683 libb.
1348 5627 1528 5682 excusi
1558 5625 1609 5678 in
1643 5625 1839 5691 quibus
1867 5622 2083 5692 legitur,

525 5699 658 5769 ὑπὲρ
695 5699 791 5770 τῆς
815 5699 1017 5768 χρείας.

2190 4507 2282 4551 τος
2332 4488 2495 4541 αὑτοῦ
2544 4487 2816 4557 ἀγόμενα,
2867 4486 2952 4536 ἵνα
3006 4484 3187 4544 αὐτοῖς
3226 4483 3469 4551 ἐνσπαρῇ
3517 4479 3744 4548 θειότης,

2190 4576 2472 4648 ἠκολούθει
2505 4575 2640 4646 μετὰ
2689 4575 2795 4628 τῶν
2829 4572 3249 4643 γεγεννηκότων.
3303 4571 3438 4622 Ἀλλ’
3475 4570 3613 4622 ἔστω
3654 4568 3750 4620 ὀλί-

2189 4686 2317 4736 γους
2367 4667 2645 4735 γεγονέναι
2689 4667 2826 4719 κατά
2868 4667 2967 4736 τὴν
3006 4666 3178 4735 ἀρχήν
3202 4679 3214 4692 °
3262 4663 3310 4715 τί
3340 4661 3495 4715 τοῦτο
3527 4660 3749 4731 συμϐάλ-

2189 4761 2337 4813 λεται
2366 4759 2472 4828 (70)
2509 4759 2642 4830 πρὸς
2674 4758 2734 4810 τὸ
2778 4756 2851 4828 μὴ
2899 4757 2965 4810 ἂν
2998 4755 3250 4824 ἐθελῆσαι
3279 4752 3634 4823 Χριστιανοὺς
3661 4757 3746 4820 ἐμ·

2193 4852 2412 4921 ποιῆσαι
2442 4851 2604 4904 πᾶσιν
2632 4847 2938 4920 ἀνθρώποις
2975 4849 3103 4920 περὶ
3135 4845 3228 4900 τοῦ
3258 4845 3416 4914 λόγου
3448 4843 3653 4908 πειθώ;

2263 5027 2400 5097 Φησὶ
2431 5024 2488 5077 δὲ
2524 5024 2616 5078 καὶ
2647 5025 2728 5077 ὅτι
2766 5042 2784 5074 ¢
2828 5024 2922 5075 "Ev
2953 5023 3211 5092 ἐφρόνουν
3237 5021 3436 5083 πάντες
3457 5036 3468 5045 ·
3525 5037 3544 5069 ι
3577 5017 3674 5070 οὐδ’
3697 5016 3744 5066 ἐν

2193 5114 2364 5183 τούτῳ
2392 5113 2554 5184 ὀρῶν,
2582 5113 2662 5164 ὅτι
2695 5110 2931 5182 ἀρχῆθεν
2959 5111 3087 5181 περὶ
3120 5109 3217 5181 τὴν
3246 5109 3302 5162 ἐν
3330 5112 3442 5172 τοῖς
3472 5121 3742 5160 πεπιστευ-

2261 5339 2370 5426 (θβ)
2401 5338 2601 5394 Omnes
2631 5350 2785 5400 mss.,
2825 5333 3072 5387 ἐθέλοιεν.
3104 5331 3259 5422 Libb.
3294 5328 3477 5384 excusi
3509 5328 3561 5382 in
3595 5337 3739 5391 temo,

2189 5411 2537 5550 ὲοῗὲἓῗωὸἓίχ
2569 5474 3072 5550 ὑποτεμνομὲνας.
3125 5468 3486 5524 Scribendnm
3527 5468 3741 5531 videtur,

2189 5547 2287 5619 οὐχ
2314 5551 2489 5617 ύπομε
2499 5566 2600 5616 μνη
2612 5547 2793 5619 μένας.
3144 5611 3155 5619 _
3326 5606 3351 5616 η

2263 5603 2374 5688 (70)
2411 5603 2836 5674 ll‘loiscl'telius'in
2873 5621 3020 5669 textu
3047 5654 3061 5680 ,
3105 5611 3155 5664 τί
3197 5606 3418 5663 τοσοῦτο
3460 5603 3740 5677 συμϐάλλε-

2189 5707 2294 5741 ται.
