3998 6170
546 223 614 276 35
1949 229 2272 289 ORIGENIS

3657 231 3766 284 356

513 339 814 394 studerent.
843 339 960 407 Qua
987 356 1052 396 ex
1088 356 1148 396 re
1179 342 1377 398 factum
1419 355 1524 410 est,
1560 357 1619 402 ut
1658 349 1873 403 diverse
1917 349 2076 403 intel-

2188 350 2245 403 τὰ
2276 350 2698 421 Χριστιανισμοῦ
2733 353 2826 404 καὶ
2851 351 2958 403 τῶν
2983 347 3278 418 φιλολόγων
3307 347 3584 411 πλείονας.
3621 347 3767 400 Τού-

514 430 673 486 lectis
700 434 1060 498 sermonibus,
1097 449 1229 502 quos
1253 451 1440 492 omnes
1468 453 1536 494 ex
1578 456 1731 509 aequo
1759 455 1856 510 pro
1882 441 2081 497 divinis

517 521 804 586 habebant,
829 525 1151 579 exsisterent
1176 537 1338 582 sectae
1367 528 1544 598 iisque
1573 534 1795 585 nomina
1821 534 2083 586 darentur

517 627 726 676 eorum,
753 614 843 682 qui
877 615 1096 682 quidem
1145 617 1556 674 admirabantur
1605 621 1766 689 hujus
1817 622 2082 676 doctrina:

519 703 930 768 institutionem,
972 706 1063 760 sed
1107 708 1429 776 quibusdam
1476 711 1865 766 verisimilibus
1897 713 2080 766 causis

517 796 957 866 qualitercunque
986 802 1363 865 movebantur,
1392 811 1452 856 ut
1479 817 1508 856 a
1534 818 1592 857 se
1619 804 1849 857 invicem
1873 803 2082 858 diversa

517 890 798 943 sentirent.
824 891 986 960 Atqui
1019 906 1193 960 neque
1219 893 1541 948 medicinam
1572 905 1718 949 recte
1740 897 1861 965 quis
1891 896 2088 964 fugerit

517 990 736 1048 pr0pter
768 990 948 1036 sectas
975 982 1026 1035 in
1060 997 1121 1034 ea
1155 994 1395 1051 exortas;
1425 1001 1598 1055 neque
1625 990 1921 1042 servaverit
1955 990 2085 1044 illud

515 1072 657 1138 quod
691 1069 897 1135 deceat,
923 1073 1011 1139 qui
1043 1073 1434 1142 philosotihiam
1465 1077 1590 1129 odio
1619 1079 1838 1132 habebit
1865 1081 1966 1134 hoc
1999 1096 2089 1135 no-

518 1163 685 1226 mine,
723 1165 870 1232 quod
905 1164 1102 1218 multas
1133 1176 1310 1221 sectas
1346 1171 1635 1238 pepererit;
1673 1186 1850 1240 neque
1892 1171 1961 1226 ob
2002 1187 2089 1226 se-

517 1263 633 1309 ctas
658 1255 796 1308 inter
822 1253 1036 1308 Judaeos
1061 1267 1278 1312 exortas
1303 1260 1593 1314 damnandi
1627 1272 1753 1316 sunt
1781 1264 1921 1318 sacri
1948 1263 2090 1334 Moy-

519 1346 595 1400 sis
626 1355 679 1400 et
711 1347 1099 1414 prophetarum
1135 1348 1278 1404 libri.

589 1439 674 1491 l3.
708 1438 832 1492 Haec
865 1438 910 1493 si
941 1440 1160 1508 pulchre
1210 1444 1525 1508 procedunt,
1557 1444 1739 1513 quidni
1780 1443 1892 1512 pari
1925 1445 2086 1499 modo

518 1529 951 1585 Christianorum
995 1544 1172 1586 sectas
1195 1536 1620 1590 excusabimus?
1648 1536 1722 1589 De
1755 1537 1841 1590 his
1869 1534 2086 1603 quidem

521 1623 835 1678 admirabile
868 1625 999 1678 mihi
1022 1626 1230 1678 videtur
1276 1625 1417 1678 istud
1448 1625 1596 1679 Pauli
1640 1627 2042 1694 pronuntiatum
2069 1643 2082 1678 :

2185 458 2262 512 τῳ
2292 442 2336 494 δ’
2365 441 2696 512 ἠκολούθησε
2727 442 2858 513 (76),
2891 441 3161 512 διαφόρως
3206 440 3586 510 ἐκδεξαμένων
3642 440 3770 502 τοὺς

2185 531 2300 601 ἅμα
2328 532 2459 584 πᾶσι
2488 532 2870 596 πιστευθέντας
2902 529 3037 586 εῖναι
3069 532 3246 594 θείους
3277 531 3490 598 λόγους,
3519 529 3582 582 τὸ
3609 530 3770 597 γενέ-

2187 621 2310 674 σθαι
2339 622 2577 693 αἱρέσεις
2609 621 2926 693 ἐπωνύμους
2962 624 3069 677 τῶν
3115 621 3510 693 Θαυμασάντων
3541 620 3641 691 μὲν
3672 623 3774 692 τὴν

2185 714 2278 767 τοῦ
2308 713 2467 782 λόγου
2499 713 2690 784 ἀρχὴν,
2721 714 3050 784 κινηθέντων
3089 715 3132 768 δ’
3159 712 3514 768 όπωσποτοῦν
3554 713 3662 765 ὑπό
3688 731 3772 765 τι-

2187 820 2292 858 νων
2321 803 2694 875 πιθανοτήτων
2725 806 2862 876 πρὸς
2894 806 2992 869 τὰς
3033 808 3112 868 εἰς
3149 805 3408 876 ἀλλήλους
3445 803 3766 873 διαφωνίας.

2200 893 2336 946 Ἀλλ’
2365 894 2476 947 οὔτ’
2511 896 2759 966 ἰατρικὴν
2785 896 3022 965 εὐλόγως
3044 897 3107 950 ἄν
3129 914 3212 959 τις
3245 895 3434 965 φεύγοι
3460 895 3552 948 διὰ
3585 895 3686 958 τὰς
3711 897 3772 949 ἐν

2187 985 2321 1056 αὐτῇ
2356 985 2612 1058 αἱρέσεις,
2649 985 2773 1040 οὔτε
2821 987 3138 1058 φιλοσοφίαν
3177 986 3270 1041 τοῦ
3303 988 3607 1058 πρέποντος
3654 1003 3774 1039 στο-

2187 1079 2485 1150 χαζόμενός
2511 1097 2594 1144 τις
2620 1081 2684 1134 ἂν
2719 1083 2891 1150 μισοῖ,
2943 1081 3214 1152 πρόφασιν
3253 1081 3345 1134 τοῦ
3391 1083 3572 1150 μισεῖν
3601 1080 3773 1150 αὑτὴν

2189 1171 2544 1241 ποριζόμενος
2569 1172 2667 1235 τὰς
2697 1172 2892 1236 πολλὰς
2919 1174 3173 1244 αἱρέσεις·
3198 1173 3370 1236 οὕτως
3396 1173 3521 1226 οὐδὲ
3547 1173 3637 1226 διὰ
3676 1174 3772 1236 τὰς

2188 1262 2245 1313 ἐν
2295 1261 2564 1325 Ἰουδαίοις
2604 1263 2844 1332 αἱρέσεις
2878 1264 3289 1330 καταγνωστέον
3329 1263 3440 1317 τῶν
3487 1265 3771 1328 Μωῦσέως

2188 1353 2281 1405 καὶ
2310 1351 2416 1406 τῶν
2445 1351 2736 1423 προφητῶν
2767 1352 2924 1424 ἱερῶν
2959 1353 3197 1423 βιὸλίων.

2261 1444 2324 1495 El
2360 1442 2415 1495 δὲ
2435 1441 2586 1495 ταῦτ’
2615 1441 2726 1511 ἔχει
2757 1443 3093 1506 ἀκολουθίαν,
3122 1442 3236 1506 πῶς
3260 1443 3380 1511 οὐχὶ
3405 1441 3610 1511 ὁμοίως
3633 1442 3770 1496 ἀπο-

2187 1516 2527 1602 λογησόμεθα
2575 1535 2667 1584 καὶ
2704 1535 2832 1603 περὶ
2860 1533 2965 1585 τῶν
2994 1535 3051 1586 ἐν
3084 1535 3428 1604 Χριστιανοῖς
3463 1531 3765 1603 αἱρέσεωνς

2192 1623 2318 1693 περὶ
2342 1615 2416 1675 ὧν
2445 1622 2583 1675 πάνυ
2610 1622 2925 1693 θαυμασίως
2955 1623 2982 1674 ό
3010 1621 3221 1685 Παῦλος
3263 1621 3545 1692 εἰρηκέναι
3574 1638 3665 1691 μοι
3688 1621 3770 1673 δο-

525 1731 542 1762 ι
577 1711 800 1780 Oportet
825 1726 877 1767 et
923 1715 1154 1768 haereses
1192 1730 1312 1769 esse
1350 1717 1401 1769 in
1452 1718 1627 1784 vobis,
1667 1718 1845 1786 utqui
1877 1717 2082 1786 probati

2191 1714 2276 1764 κεί
2303 1714 2382 1773 τὸ,
2421 1732 2438 1762 ι
2481 1714 2572 1765 Δεῖ
2599 1712 2704 1785 γὰρ
2732 1714 2826 1766 καὶ
2856 1714 3094 1784 αἱρέσεις
3121 1713 3178 1764 ἐν
3219 1713 3347 1781 ὑμῖν
3393 1707 3557 1772 εἶναι,
3591 1711 3680 1764 ἵνα
3719 1712 3767 1762 oi

520 1815 666 1870 sunt,
706 1807 974 1862 manifesti
1015 1807 1235 1862 ﬂant”.
1277 1828 1294 1860 ι
1339 1809 1799 1875 Quemadmodum
1851 1808 1994 1864 enim
2041 1809 2088 1863 is

519 1897 733 1950 demum
784 1898 836 1950 in
894 1899 1162 1952 medicina
1225 1902 1472 1969 probatus
1529 1910 1631 1967 est,
1677 1901 1766 1969 qui
1818 1901 1868 1953 in
1908 1900 2086 1953 diver-

519 1989 596 2041 sis
626 1989 787 2042 sectis
813 1997 1060 2042 versatus
1090 1990 1492 2058 diligenterque
1523 1989 1807 2057 plerasque
1836 2003 2088 2057 perscrua

521 2091 680 2138 tatus.
708 2081 969 2148 potiorem
993 2079 1179 2149 elegit;
1200 2079 1320 2135 etin
1340 2079 1674 2149 philosophia
1695 2093 1822 2133 vere
1845 2080 2084 2148 prolicit,

519 2172 607 2238 qui
637 2172 830 2239 potiori
860 2172 1146 2224 sententia:
1176 2181 1300 2224 ante
1335 2187 1440 2224 non
1471 2172 1728 2236 adltmret,
1755 2187 1913 2239 quam
1941 2187 1999 2225 se
2035 2173 2086 2224 in

519 2263 790 2330 plerisque
821 2262 942 2316 aliis
978 2261 1282 2315 exercuerit
1311 2277 1327 2323 ;
1361 2261 1436 2314 ita
1469 2261 1700 2314 dixerim
1743 2276 1841 2330 ego
1877 2263 2090 2329 sapien-

518 2355 780 2407 tissimum
813 2368 934 2406 eum
981 2367 1100 2407 esse
1128 2353 1526 2415 Christianum,
1555 2353 1645 2420 qui
1673 2349 1986 2406 Judazorum
2035 2362 2088 2406 et

516 2445 944 2499 Christianorum
998 2456 1179 2498 sectas
1230 2453 1487 2498 accurate
1535 2451 1852 2512 perspectas
1906 2443 2083 2497 habet.

516 2535 771 2603 Quisquis
805 2545 984 2588 autem
1011 2545 1251 2588 nostram
1299 2536 1599 2590 doctrinam
1650 2544 1872 2604 propter
1915 2543 2088 2589 sectas

515 2628 806 2698 vituperat,
833 2627 1142 2695 vituperare
1165 2627 1214 2682 is
1249 2627 1440 2681 debeat
1467 2639 1522 2682 et
1557 2627 1858 2681 doctrinam
1891 2627 2088 2682 Socra-

520 2717 606 2779 tis,
641 2731 672 2769 e
704 2715 856 2782 cujus
903 2716 1086 2771 schola
1145 2715 1326 2770 multae
1373 2727 1514 2770 nata:
1554 2728 1681 2772 sunt
1713 2717 1830 2771 alia!
1865 2717 2088 2772 minime

518 2809 662 2861 inter
685 2822 743 2861 se
772 2808 1178 2863 consentientes
1205 2823 1217 2858 :
1255 2823 1354 2862 nec
1389 2807 1629 2862 Platonis
1663 2807 1933 2878 dogmatis
1965 2823 2086 2877 par-

517 2908 623 2960 cet,
651 2897 804 2964 cujus
827 2899 1147 2953 Aristoteles
1207 2899 1401 2966 placita
1444 2899 1703 2965 deseruit,
1743 2900 1894 2952 novis
1921 2913 2087 2954 exco-

518 2989 702 3055 gitatis
733 2989 1100 3056 Opinionibus,
1135 2998 1194 3043 ut
1223 3004 1386 3058 supra
1417 2991 1672 3044 diximus.
1714 2989 1979 3044 Caeterum
2011 2991 2087 3044 vi-

520 3078 716 3132 dentur
753 3080 880 3132 mihi
918 3079 1071 3134 Celso
1099 3079 1150 3132 in
1185 3081 1434 3133 notitiam
1471 3081 1687 3136 venisse
1725 3081 1967 3150 quaedam
1999 3096 2084 3135 se-

516 3177 643 3236 ctae,
665 3185 784 3238 quae
808 3187 874 3226 ne
888 3171 1012 3225 Jesu
1031 3173 1248 3240 quidem
1274 3187 1468 3227 nomen
1491 3188 1774 3228 commune
1806 3174 2084 3228 nobiscum

519 3260 878 3314 retinuerunt.
943 3261 1105 3317 Forte
1159 3263 1368 3317 audivit
1422 3265 1487 3318 de
1551 3263 1638 3329 iis,
1695 3264 1783 3334 qui
1821 3275 2086 3319 vocantur

519 3352 772 3420 Opliiaui,
803 3363 857 3408 et
877 3355 944 3410 de
964 3353 1202 3420 Caianis,
1232 3364 1286 3408 et
1311 3355 1354 3409 si
1378 3370 1482 3424 qua
1519 3355 1622 3409 alia
1651 3365 1797 3411 secta
1823 3355 1942 3420 fuit,
1967 3371 2088 3426 quae

517 3461 546 3499 a
571 3445 699 3501 Jesu
721 3462 814 3516 per
836 3447 1015 3504 omnia
1041 3448 1337 3506 recederet.
1360 3449 1558 3504 Verum
1578 3448 1709 3502 nihil
1741 3448 1863 3504 inde
1894 3457 2084 3504 contra

515 3539 944 3597 Christianorum
981 3541 1309 3596 doctrinam.

592 3809 676 3861 M.
713 3806 906 3862 Subzlit
935 3823 949 3860 :
985 3824 1004 3858 ι
1035 3806 1112 3860 Eo
1142 3805 1312 3875 magis
1339 3807 1533 3860 mirum
1583 3819 1774 3859 eorum
1809 3815 1893 3860 est
1926 3805 2083 3859 insti-

518 3909 716 3964 tutum,
763 3901 906 3969 quod
945 3899 1091 3953 nulla
1123 3900 1291 3953 solida
1331 3899 1539 3952 ratione
1576 3899 1669 3951 niti
1703 3899 2082 3951 convincatur.

519 3997 628 4051 Sed
663 4009 757 4062 pro
784 3992 953 4047 solida
983 3992 1189 4045 ratione
1228 3989 1562 4052 fuitseditio,
1592 3999 1728 4042 etex
1753 3988 1838 4041 illa
1868 4000 2078 4056 Sperata

518 4087 740 4149 utilitas,
769 4095 825 4139 et
869 4095 1176 4139 exterorum
1234 4090 1431 4137 metus.
1469 4079 1595 4134 Haec
1642 4094 1828 4132 eorum
1865 4079 2084 4132 ﬁrmant

587 4229 676 4283 "l
708 4227 834 4284 Cor.
867 4243 944 4294 ιι,
979 4226 1062 4282 l9.

2189 1803 2398 1873 δόκιμοι
2445 1805 2668 1876 φανεροὶ
2705 1805 2966 1874 γένωνται
3013 1808 3070 1859 ἐν
3103 1807 3232 1875 ὑμῖν
3265 1804 3398 1875 (77).
3456 1824 3474 1854 ι
3525 1804 3614 1866 Ὧς
3661 1804 3768 1874 γὰρ

2195 1912 2216 1946 ι
2245 1896 2460 1966 δόκιμος
2497 1916 2513 1947 ι
2569 1899 2627 1950 ἐν
2683 1898 2921 1968 ἰατρικῇ,
2968 1900 2996 1951 ό
3043 1898 3131 1952 διὰ
3175 1899 3234 1951 τὸ
3284 1897 3670 1968 γυμνάσασθαι
3713 1898 3768 1948 ἐν

2191 1987 2458 2051 ποικίλαις
2498 1989 2760 2060 αἱρέσεσι,
2792 1991 2885 2042 καὶ
2913 1989 3270 2060 εὐγνωμόνως
3304 1987 3627 2059 ἐξητακέναι
3669 1989 3768 2051 τὰς

2190 2078 2459 2142 πλείονας,
2511 2079 2760 2149 ἐλόμενος
2807 2080 2906 2150 τὴν
2943 2080 3323 2149 διαφέρουσαν·
3361 2080 3454 2133 καὶ
3502 2079 3580 2142 ὡς
3625 2079 3766 2131 πάνυ

2190 2171 2512 2240 προκόπτων
2541 2173 2596 2222 ἐν
2636 2171 2922 2243 φιλοσοφίᾳ
2952 2174 2980 2224 ό
3006 2173 3112 2225 ὰπὸ
3151 2172 3243 2226 τοῦ
3277 2173 3498 2226 πλείονα
3531 2174 3771 2238 ἐγνωκέ-

2189 2278 2273 2313 ναι
2295 2263 2771 2331 ἐγγυμνασάμενος
2796 2264 2995 2325 αὺτοῖς,
3026 2264 3119 2315 καὶ
3137 2263 3214 2332 τῷ
3244 2265 3579 2334 κρατήσαντι
3611 2277 3750 2332 προσ

2189 2351 2411 2421 θέμενος
2462 2353 2622 2423 λόγῳο
2674 2353 2844 2416 οὓτως
2891 2355 3093 2422 εἴποιμ’
3124 2352 3190 2406 ἂν
3233 2353 3449 2406 καὶτὸν
3489 2350 3768 2421 ἐπιμελῶς

2189 2441 2426 2495 ἐνιδόντα
2458 2444 2575 2505 ταῖς
2621 2443 2958 2512 Ἰουδαϊσμοῦ
3014 2445 3106 2496 καὶ
3142 2443 3570 2514 Χριστιανισμοῦ
3618 2443 3766 2514 αἰρέ-

2192 2549 2306 2585 σεσι
2346 2532 2649 2602 σοφώτατον
2686 2535 3006 2606 Χριστιανὸν
3044 2535 3316 2602 γενέσθαι.
3354 2536 3412 2587 '0
3443 2534 3487 2586 δ’
3517 2533 3764 2602 ἐγκαλῶν

2188 2622 2266 2692 τῷ
2297 2622 2438 2693 λόγῳ
2465 2623 2552 2677 διὰ
2593 2624 2691 2687 τὰς
2728 2625 2968 2696 αἱρέσεις
3007 2624 3297 2692 ἐγκαλέσαι
3335 2624 3401 2679 ἂν
3429 2625 3525 2678 καὶ
3554 2627 3622 2695 τῇ
3657 2623 3765 2676 Σω-

2191 2713 2424 2785 κράτους
2447 2713 2778 2784 διδασκαλίᾳ,
2811 2715 2903 2783 ὰφ⁹
2927 2709 2986 2768 οὗ
3007 2715 3108 2784 τῆς
3139 2715 3421 2788 διατριϐῆς
3445 2715 3639 2768 πολλαὶ
3672 2733 3766 2782 γε-

2189 2803 2406 2870 γόνασιν
2457 2804 2518 2856 οὐ
2569 2804 2638 2855 τὰ
2681 2803 2818 2856 αὐτὰ
2869 2802 3212 2873 φρονούντων
3259 2802 3462 2873 σχολαί·
3507 2801 3761 2857 ἀλλὰκαὶ

2190 2895 2468 2959 Πλάτωνος
2517 2895 2803 2964 ἐγκαλέσαι
2830 2896 2894 2948 ἄν
2916 2913 2999 2958 τις
3037 2899 3146 2958 τοῖς
3167 2895 3396 2967 δόγμασι
3417 2895 3484 2948 δι’
3522 2896 3760 2967 Ἀριστο-

2115 3021 2160 3082 C
2191 2985 2367 3051 τέλην,
2398 2988 2833 3058 ἀποφοιτήσαντα
2865 2990 2960 3060 τῆς
2987 2988 3267 3059 διατριϐῆς
3298 2986 3461 3042 αὑτοῦ
3490 2990 3547 3040 ὲν
3583 3004 3762 3040 καινο-

2193 3079 2428 3148 τομίαις,
2463 3080 2589 3149 περὶ
2620 3072 2680 3131 οὗ
2709 3081 2802 3133 καὶ
2827 3082 2883 3133 ἐν
2910 3083 3021 3143 τοῖς
3047 3081 3300 3150 ἀνωτέρω
3332 3081 3652 3150 εἰρήκαμεν.
3679 3083 3767 3132 Δο-

2193 3171 2279 3221 κεῖ
2318 3169 2374 3221 δέ
2405 3186 2490 3238 μοι
2522 3171 2550 3222 ό
2587 3168 2794 3232 Κέλσος
2821 3169 3112 3237 ἐγνωκέναι
3149 3167 3300 3232 τινὰς
3347 3169 3588 3239 αἱρέσεις
3634 3167 3765 3238 μηδὲ

2191 3259 2284 3311 τοῦ
2314 3260 2572 3329 ὀνόματος
2588 3259 2682 3312 τοῦ
2715 3261 2886 3330 Ἰησοῦ
2911 3259 3266 3323 κοινωνούσας
3295 3259 3405 3330 (78)
3439 3261 3593 3328 ἡμῖν.
3612 3259 3763 3327 Τάχα

2193 3349 2301 3421 γὰρ
2334 3351 2630 3420 περιήχητο
2663 3350 2788 3420 περὶ
2816 3349 2920 3403 τῶν
2945 3350 3290 3420 καλουμένων
3335 3349 3601 3418 Ὀφιανῶν
3633 3349 3761 3418 (79).

2195 3441 2290 3493 καὶ
2333 3441 2437 3492 τῶν
2470 3438 2722 3492 Καῑανῶν
2767 3439 2898 3509 (80),
2934 3442 3026 3492 καὶ
3055 3441 3108 3492 εἴ
3150 3457 3232 3502 τις
3279 3439 3410 3510 ἄλλη
3452 3439 3676 3508 τοιαύτη
3708 3440 3764 3502 ἐξ

2192 3532 2328 3587 ὅλων
2354 3532 2766 3602 ἀποφοιτήσασα
2795 3531 2888 3585 τοῦ
2924 3531 3098 3603 Ἰησοῦ
3127 3533 3357 3602 συνέστη
3384 3530 3598 3601 γνώμη.
3621 3532 3764 3600 Πλὴν

2187 3623 2339 3678 οὐδὲν
2373 3624 2529 3676 τοῦτο
2554 3623 2688 3694 πρὸς
2716 3623 2774 3675 τὸ
2797 3623 3086 3693 ἐγκλητέον
3117 3623 3226 3695 (81)
3257 3619 3496 3677 εἷναιτὺν
3512 3625 3766 3693 Χριστια-

2194 3716 2299 3770 νῶν
2332 3716 2509 3784 λόγον.

2256 3808 2410 3860 Μετὰ
2436 3807 2608 3861 ταῦτά
2637 3824 2786 3878 φησιο
2829 3825 2847 3858 ι
2883 3803 3334 3876 (θαυμασιώτερον
3363 3805 3458 3874 μὲν
3481 3803 3541 3856 τὸ
3570 3802 3763 3872 σύνθη-

2191 3920 2266 3972 μα
2296 3901 2471 3955 αὐτῶν
2501 3901 2719 3972 τοσῷδε,
2751 3903 2860 3970 ὅσῳ
2887 3917 2951 3968 γε
3001 3897 3198 3968 μᾶλλον
3228 3896 3284 3963 ἐξ
3333 3895 3590 3964 οὐδεμιᾶς
3629 3894 3763 3946 ὑπο-

2189 3995 2389 4058 θέσεως
2447 3996 2710 4067 ἀξιόχρεω
2751 3993 3019 4056 συνεστὼς
3079 3993 3371 4062 ἐλέγχοιτο.
3432 3988 3570 4042 Ἀλλ’
3617 3987 3761 4039 ἔστιν

2189 4085 2484 4157 ἀξιόχρεως
2531 4085 2787 4149 ὑπόθεσις
2816 4088 2848 4155 ἡ
2885 4085 3090 4147 στάσις,
3127 4085 3221 4136 καὶ
3250 4085 3282 4152 ἠ
3314 4081 3382 4134 δι’
3413 4079 3583 4150 αὐτὴν
3612 4077 3758 4148 ὠφέ-

587 4343 698 4417 (76)
760 4344 1097 4399 Ιιωεοιιοιίυε
1160 4343 1211 4397 in
1275 4349 1459 4406 textu,
1523 4339 1678 4392 τοῦτο
1736 4338 1780 4391 δ’
1851 4337 2080 4409 ἠκολού-

2197 4411 2208 4417 _
2258 4337 2387 4417 (89)“
2399 4337 2690 4417 Καῖανῷτς.
2720 4337 2945 4417 Epiph._,
2971 4339 3180 4417 haeres:
3206 4333 3274 4386 ’58
3300 4350 3313 4385 :
3351 4329 3580 4416 iia'izzvol

516 4414 666 4467 θησε.

571 4451 698 4555 ⁸(ἦ)
747 4484 842 4536 Ἐν
872 4483 1034 4551 ὑμῖν.
1087 4481 1385 4555 ld__d_cera_t
1420 4479 1557 4550 apud
1602 4478 1966 4555 lloeschelium
2025 4488 2078 4555 et

517 4546 866 4619 Spcut‘erum,
909 4546 1011 4607 sed
1066 4567 1096 4606 e
1137 4551 1424 4604 Philocalia
1455 4546 1856 4619 supplevimus.
1911 4547 2077 4619 Paulo

517 4616 635 4688 post
664 4622 791 4674 libb.
827 4622 1092 4689 impressi,
1133 4620 1206 4682 ὡς
1243 4622 1270 4672 ὁ
1310 4621 1447 4672 πάνυ
1491 4618 1810 4688 προκόπτων
1843 4619 1899 4669 ἐν
1927 4616 2076 4689 φιλο-

517 4690 680 4760 σοφίᾳ
723 4690 830 4742 ἀπὸ
875 4688 992 4758 τοῦ,
1023 4705 1126 4746 etc.
1171 4691 1277 4744 Sed
1331 4691 1501 4742 codex
1542 4689 1866 4742 Basileensis
1916 4697 1973 4738 ut
2023 4688 2074 4738 in

521 4772 710 4811 IIOSITO
739 4771 908 4810 lCXlﬂ.

589 4825 697 4896 (78)
729 4828 1162 4896 κοινωνούσας.
1195 4826 1273 4880 Ita
1305 4825 1596 4879 Philocalia
1622 4835 1674 4878 et
1698 4836 1888 4896 omnes
1913 4837 2074 4896 _mss_.,

517 4891 743 4964 excepto
793 4895 1022 4963 Joliano,
1076 4891 1168 4964 qui
1215 4912 1340 4949 cum
1401 4897 1549 4950 libris
1589 4893 1804 4964 excusis
1841 4891 2000 4944 habet
2025 4892 2076 4943 in

521 4977 666 5019 textu
705 4965 1010 5028 κοινωνούς.
1040 4963 1160 5020 Μοι
1202 4966 1518 5027 Philocalia,
1549 4963 1882 5034 περιήχητο,
1910 4975 2075 5013 recte.

517 5035 671 5089 Libb.
694 5036 902 5099 excusi,
932 5037 1238 5104 περιήχετο,
1264 5036 1408 5103 quod
1431 5031 1656 5090 Guietu's
1682 5031 1745 5086 ex
1765 5031 2079 5096 conjectura

517 5104 837 5182 ιιιιιξιιιθειλίιι
863 5106 1160 5182 παρήκουε.

586 5173 699 5244 (79)
737 5168 1019 5242 Ὀςριανῶί⁴
1040 5173 1270 5228 καὶτῶν
1302 5170 1594 5228 Καϊανῶν.
1618 5171 1891 5244 interpres
1919 5168 2077 5244 (gele-

515 5238 637 5297 nius
664 5238 880 5297 videtur
909 5245 1105 5310 legisse
1142 5245 1442 5306 Καινανῶν,
1481 5259 1582 5295 non
1617 5239 1891 5293 Καῖανῶν.
1939 5238 2071 5292 Ver-

517 5314 580 5367 tit
609 5313 776 5376 cnim,
815 5331 834 5363 ι
870 5315 936 5368 de
967 5312 1228 5382 Opltianis
1257 5323 1310 5367 ct
1347 5312 1682 5382 Cainanis.»
1721 5310 1849 5362 Vide
1880 5310 1984 5382 lil_)._
2002 5323 2074 5382 v_I,

514 5398 666 5436 num.
691 5382 760 5435 24
787 5393 842 5436 et
867 5384 958 5446 ‘28,
995 5378 1086 5436 lib.
1112 5398 1206 5446 vn,
1237 5399 1386 5436 num.
1425 5383 1523 5445 4ος
1554 5381 1702 5448 Orig.
1735 5389 1892 5430 tract.
1917 5378 1984 5430 27
2024 5379 2074 5428 itt

512 5451 742 5515 Matth.;
800 5452 1047 5513 Tertull.,
1105 5451 1176 5505 De
1231 5452 1524 5521 prwscript.
1571 5451 1820 5504 adversus
1868 5448 2074 5507 Ιιωνει..

513 5535 632 5589 Stap-
671 5523 776 5588 47;
817 5521 980 5589 Iren.,
1021 5521 1112 5575 lib.
1150 5538 1186 5584 ι,
1228 5537 1282 5577 c.
1333 5522 1434 5586 50;
1468 5521 1662 5581 Clem,
1707 5521 1908 5589 δικ-οων.
1957 5531 2066 5579 vn;

511 5587 730 5662 [lpipr
759 5587 948 5646 haeres.
967 5587 1037 5646 37
1062 5610 1076 5658 ;
1102 5593 1350 5662 .5ngust.,
1375 5592 1448 5645 De
1474 5598 1657 5662 Itmres.
1679 5605 1696 5650 ;
1715 5587 2068 5650 Thcodorct.,

515 5655 650 5713 ιλιι-ι
676 5660 749 5714 De
784 5664 910 5716 Iurr.
941 5655 1082 5729 μιὺά
1110 5655 1450 5729 Βιιῖιιιιεεευ.,
1480 5661 1553 5714 De
1575 5662 1757 5714 lueret.

2186 4398 2555 4478 ὀνομάζονται,
2582 4398 2804 4478 ἁπὺτοίῦ
2825 4398 2967 4478 Κάῖν
2985 4403 3274 4478 ,εἰληφότες
3316 4400 3412 4470 τὴν
3441 4398 3754 4478 ἐπωνυμίαν

2185 4469 2292 4547 τῆς
2319 4469 2648 4547 αἱρέσεως]
2680 4477 2779 4547 Qui
2811 4475 2996 4527 (Iaiani
3031 4469 3189 4547 vulgo
3219 4469 3613 4547 ttttttgtpatitttr,
3647 4469 3750 4547 Ine-

2189 4538 2351 4600 re'siut
2383 4538 2532 4599 suam
2556 4538 2581 4597 a
2603 4538 2771 4599 Caino
2799 4538 3264 4611 cognominarunt.
3293 4541 3401 4611 {Et
3423 4538 3751 4611 pa_nlo_post:

2186 4611 2346 4669 Οὗτοί
2383 4633 2515 4683 φασι
2552 4614 2643 4666 τὸν
2685 4615 2822 4666 Κάῖν
2864 4606 2926 4666 ἔκ
2964 4613 3061 4682 τῆς
3092 4606 3752 4683 ίσχυροτέρας-δυνάμεως

2187 4676 2470 4754 ὑπάρχειν,
2510 4684 2729 4752 καὶτῆς
2769 4683 2968 4754 ἄνωθεν
3013 4676 3617 4754 αὐθεντίαςο-ςὰλλὰικαὶ
3663 4676 3752 4754 rev

2187 4745 2375 4816 Ἦσοὶὖξ
2409 4745 2502 4807 καὶ
2525 4754 2650 4816 τοὺς
2673 4745 2798 4823 περὶ
2821 4753 2998 4823 Κορὲ,
3020 4752 3113 4805 καὶ
3141 4752 3273 4823 τοὺς.
3317 4747 3630 4823 Σοδομίτας
3661 4745 3750 4796 τὸν

2172 4825 2228 4877 δὲ
2264 4824 2429 4877 ’Λϐελ
2461 4825 2524 4876 ἐκ
2575 4823 2674 4892 τῆς
2719 4816 3108 4890 ἀσθενεστέρας
3153 4820 3434 4892 δυνάμεως
3461 4816 3747 4884 ὑπάρχειν.

2179 4914 2195 4965 ι
2234 4895 2399 4964 Igitur
2431 4891 2675 4965 Caiauia
2697 4892 3007 4965 potentiori
3049 4891 3279 4965 quadam
3313 4891 3512 4942 virtute
3545 4901 3609 4965 ac
3634 4898 3748 4938 caa-

2177 4958 2296 5017 lesii
2328 4962 2654 5018 auctoritate
2677 4958 2977 5015 derivatum
3006 4975 3128 5014 esse
3153 4960 3380 5012 Cainum
3422 4958 3744 5026 praedicant,

2178 5046 2389 5085 necnon
2431 5040 2482 5084 et
2519 5029 2681 5092 Esau,
2717 5039 2772 5083 et
2795 5030 2934 5084 Core
2975 5045 3097 5083 cum
3129 5031 3264 5089 suis,
3296 5023 3536 5095 itemque
3570 5023 3744 5078 Sodo-

2179 5103 2375 5165 mitas;
2424 5100 2652 5154 Abelum
2688 5114 2815 5152 vero
2871 5098 2938 5151 ab
2969 5098 3310 5152 imbecilliori
3361 5097 3562 5149 virtute
3619 5109 3746 5165 pro-

2175 5164 2368 5224 diisse.
2404 5188 2422 5222 ι
2457 5170 2730 5226 Clemens,
2767 5167 2964 5221 Strom.
2992 5184 3098 5230 vn;
3148 5167 3287 5220 lren.
3324 5166 3422 5222 lib.
3475 5181 3513 5228 t,
3557 5178 3608 5218 c.
3637 5164 3739 5226 5|;

2175 5239 2421 5300 Tertull.,
2480 5238 2556 5292 De
2600 5238 2886 5304 pratscript.
2933 5239 3181 5290 adversus
3216 5239 3422 5298 lueret,
3471 5250 3591 5304 cap.
3639 5234 3740 5304 Π,

2177 5307 2514 5376 llieronym.,
2542 5302 2818 5360 Adversus
2840 5305 3200 5376 Vigilantiam;
3227 5303 3587 5376 .‘lugust.,De
3627 5302 3739 5356 ha:-

2175 5388 2319 5444 ru.;
2369 5374 2721 5440 'l‘beodoret.,
2759 5377 2852 5430 lib.
2903 5374 2916 5429 i
2961 5375 3037 5428 De
3068 5379 3249 5430 Itwret.
3291 5374 3434 5443 (2.0.,-
3468 5374 3738 5440 Damasc.,

2178 5448 2251 5500 De
2273 5449 2457 5502 lateres.
2490 5446 2752 5499 Speacsn.

2247 5518 2360 5587 (81)
2431 5513 2805 5584 Έτκλητέον.
2842 5516 2918 5570 lta
2968 5512 3284 5570 Philocalia.
3334 5514 3478 5580 Alia,
3544 5510 3737 5581 ἐγκλη-

2177 5604 2285 5643 τον.
