3998 6170
341 289 446 346 957

1511 287 1791 343 CONTRA
1827 284 2104 343 CELSUM
2161 285 2289 341 LIB.
2322 283 2409 340 Ill.

3493 260 3602 341 938

340 413 481 472 λεια.
509 409 602 463 καὶ
626 407 688 461 τὸ
709 408 816 463 τῶν
845 406 1047 476 ἔξωθεν
1085 409 1222 473 δέοςο
1259 408 1434 462 ταῦτα
1469 408 1678 480 βεϐαιοῖ
1706 409 1806 480 τὴν
1832 408 1893 461 πί

2029 408 2211 463 fidem.
2255 426 2272 458 ι
2311 407 2390 460 Ad
2443 404 2584 474 quod
2623 403 2866 459 dicemus
2906 403 2976 457 ita
3011 401 3240 469 ratione,
3272 411 3367 457 aut
3414 403 3599 473 potius

342 522 459 558 στιν
491 503 694 566 αὐτοῖς.
730 522 748 553 ι
782 502 893 556 Καὶ
914 501 1049 574 πρὸς
1078 502 1233 555 τοῦτο
1264 502 1318 555 δέ
1345 503 1609 573 φήσομεν,
1636 503 1717 555 ὅτι
1749 503 1919 566 οὕτως

334 597 398 664 ἐξ
432 595 760 659 ὑποθέσεως,
796 593 994 666 μᾶλλον
1028 593 1083 646 δὲ
1111 593 1217 646 οὐδ’
1245 592 1572 655 ὑποθέσεως,
1604 592 1739 646 ἀλλὰ
1771 593 1919 657 θείας

338 689 623 759 ἐνεργείας
656 686 718 739 τὸ
746 685 995 756 σύνθημα
1024 686 1155 755 ἡμῖν
1178 682 1289 753 (82)
1325 684 1491 747 ἐστιν,
1525 681 1666 737 ὥστε
1697 685 1796 755 τὴν
1816 685 1918 756 ἁρ-

335 779 440 850 χὴν
469 776 630 831 αὐτοῦ
667 771 804 830 εἶναι
845 775 975 829 Θεὸν
1010 776 1067 827 ἐν
1095 774 1403 845 προφήταις
1441 774 1760 827 διδάσκοντα
1794 775 1919 838 τοὺς

335 867 659 940 ἀνθρώπους
679 866 894 922 ἐλπίσαι
911 866 1203 938 ἐπιδημίαν
1230 866 1488 938 Χριστοῦ,
1520 865 1780 929 σώσοντος
1795 867 1919 929 τοὺς

333 961 674 1033 ἀνθρώπους.
713 962 875 1015 Ὅσον
903 959 1013 1032 γὰρ
1043 959 1200 1013 τοῦτο
1231 959 1331 1012 οὐκ
1363 958 1576 1030 ἀληθῶς
1615 957 1913 1029 ἐλέγχεται,

333 1054 439 1108 κᾶν
463 1054 593 1126 δοκῇ
620 1054 724 1107 ὑπὸ
752 1053 861 1107 τῶν
894 1054 1137 1107 ἀπίστων
1167 1053 1505 1124 ἐλέγχεσθαι,
1532 1052 1624 1106 ἐπὶ
1666 1051 1917 1105 τοσοῦτον

327 1147 359 1197 ὁ
382 1144 538 1211 λόγος
568 1143 644 1207 ὡς
666 1144 799 1197 Θεοῦ
834 1144 1006 1213 Λόγος
1040 1142 1370 1206 συνίσταται,
1391 1143 1485 1196 καὶ
1514 1144 1541 1194 ὁ
1570 1142 1775 1213 Ἰησοῦς
1789 1140 1917 1204 Υἱὸς

326 1237 408 1290 ὢν
433 1236 589 1301 Θεοῦ,
615 1237 708 1290 καὶ
729 1237 857 1307 πρὶν
890 1235 1329 1307 ἐνανθρωπῆσαι,
1354 1236 1446 1287 καὶ
1468 1233 1913 1305 ἐνανθρωπήσας,

326 1327 732 1381 ἀποδείκνυται.
799 1325 941 1396 Ἐγὼ
959 1325 1016 1379 δέ
1046 1343 1204 1396 φημι,
1231 1326 1313 1378 ὅτι
1347 1326 1442 1378 καὶ
1468 1323 1604 1395 μετὰ
1637 1324 1734 1395 τὴν
1763 1325 1917 1378 ἐναν-

326 1416 614 1489 θρώπησιν
636 1417 727 1470 ἀεὶ
756 1416 1067 1488 εὑρίσκεται
1093 1417 1206 1478 τοῖς
1239 1414 1452 1484 ἔχουσιν
1472 1414 1793 1484 ὀφθαλμοὺς
1822 1413 1917 1484 ψυ-

326 1506 435 1577 χῆς
476 1505 962 1576 ὀξυδερκεστάτους
1019 1503 1509 1575 θεοπρεπέστατος,
1558 1503 1653 1557 καὶ
1699 1501 1914 1573 ἀληθῶς

324 1596 514 1650 θεόθεν
534 1597 669 1668 πρὸς
683 1598 831 1668 ἡμᾶς
852 1594 1146 1658 κατελθὼν,
1166 1595 1257 1647 καὶ
1272 1595 1371 1648 οὐκ
1392 1595 1499 1648 ἀπὸ
1518 1593 1783 1658 συνέσεως
1803 1595 1913 1667 (85)

327 1688 679 1762 ἀνθρωπίνης
714 1688 812 1759 τὴν
845 1687 1020 1759 ἀρχὴν
1052 1687 1085 1758 ἣ
1108 1686 1176 1739 τὰ
1203 1686 1331 1756 iga;
1354 1688 1420 1757 τῇ
1446 1688 1589 1758 ἀρχῇ
1613 1685 1770 1757 ἔχων,
1796 1687 1909 1740 ἀλλ’

2026 518 2129 555 ιιοιι
2161 501 2387 563 ratione,
2410 501 2503 552 sed
2533 499 2603 551 ita
2623 497 2803 551 divina
2829 511 2949 565 ope‘
2967 494 3330 567 ationehﬁs
3355 505 3595 549 nostrum

2023 574 2121 648 niti
2158 593 2483 656 institutum,
2514 600 2570 646 ut
2610 590 2727 657 ejus
2759 590 3083 660 principium
3115 591 3184 645 sit
3213 591 3376 655 Deus,
3413 589 3506 659 qui
3540 589 3595 644 in

2021 684 2301 753 prophetis
2335 682 2584 737 homines
2610 682 2766 736 docet
2808 695 3032 750 sperare
3060 681 3350 741 adventum
3390 679 3596 735 Christi

2021 775 2250 829 salutem
2277 773 2588 828 hominibus
2614 771 2854 827 ailaturi.
2901 771 3175 838 Quantum
3206 772 3351 827 enim
3384 772 3437 825 id
3483 786 3590 826 non

2020 880 2150 920 vere
2190 863 2312 919 falsi
2356 863 2719 928 convincitur,
2743 863 2870 917 licet
2908 863 2977 917 ab
3008 862 3315 918 infidelibus
3340 863 3597 918 convinci

2023 957 2295 1020 videatur,
2344 963 2496 1009 tanto
2530 953 2701 1023 magis
2724 953 2975 1008 doctrina
3010 954 3125 1008 lucc
3163 964 3422 1024 tanquam
3464 955 3599 1009 Ver—

2020 1050 2144 1104 btnn
2176 1047 2268 1102 Dei
2295 1047 2676 1108 confirmatur,
2718 1043 2988 1114 Jesusque
3032 1045 3124 1100 Dei
3167 1060 3288 1100 esse
3320 1044 3490 1099 Filius
3540 1051 3600 1099 et

2020 1150 2311 1209 antequam
2343 1140 2508 1194 homo
2560 1136 2740 1201 ﬁeret,
2792 1144 2845 1190 et
2876 1146 3162 1204 postquam
3207 1137 3369 1191 homo
3417 1136 3594 1189 factus

2018 1242 2122 1298 est;
2148 1232 2575 1287 demonstratur.
2610 1229 2877 1300 Equidem
2913 1225 3318 1293 aﬂirmaverim,
3352 1227 3593 1283 Verbum

2020 1326 2122 1379 hoc
2148 1323 2520 1393 dignissimum
2561 1321 2670 1376 Deo
2702 1320 2934 1376 inveniri
2972 1320 3137 1375 etiam
3179 1331 3301 1389 post
3334 1319 3594 1374 incarna-

2021 1417 2221 1469 tionem
2249 1415 2317 1469 ab
2356 1413 2422 1468 iis
2450 1413 2542 1481 qui
2567 1413 2754 1467 oculos
2778 1415 2975 1466 anima:
3013 1411 3597 1480 habentperspicacis—

2019 1508 2208 1569 simus,
2238 1514 2294 1560 et
2329 1518 2455 1559 vere
2484 1519 2513 1558 a
2541 1505 2648 1558 Deo
2672 1502 2739 1556 ad
2772 1518 2872 1558 nos
2901 1504 3139 1565 venisse,
3172 1509 3227 1556 et
3258 1503 3326 1555 ab
3353 1503 3594 1556 humana

2018 1597 2303 1668 prudentia
2340 1612 2439 1653 nec
2466 1596 2733 1665 originem
2784 1609 2885 1650 nec
2917 1608 3242 1664 progressus
3286 1594 3593 1662 accepisse,

2017 1688 2109 1742 sed
2134 1703 2162 1740 ιι
2196 1686 2324 1752 Deo,
2359 1687 2450 1756 qui
2475 1700 2534 1741 se
2564 1685 2847 1753 multiplici
2880 1685 3154 1754 sapientia
3180 1685 3456 1754 variisque
3490 1688 3595 1738 mi-

321 1781 437 1835 ἁπδ
466 1782 561 1851 τῆς
593 1781 686 1834 τοῦ
719 1780 854 1833 Θεοῦ
876 1779 1220 1849 ἐπιφανείας,
1247 1778 1468 1852 ποικίλῃ
1494 1780 1654 1850 σοφίᾳ
1688 1779 1781 1833 κα)¹
1806 1796 1899 1832 ποι¹

2020 1778 2219 1832 raeulis
2278 1777 2633 1832 manifestans
2683 1776 2916 1845 primum
2971 1776 3190 1845 quidem
3227 1775 3595 1838 Judaismum,

321 1874 504 1937 κίλαις
533 1872 791 1944 δυνάμεσι
830 1874 1193 1944 συστήσαντος
1223 1872 1485 1944 πρότερον
1522 1873 1620 1942 μὲν
1640 1873 1733 1925 τὸν
1779 1872 1911 1926 Ἰου-

320 1964 570 2036 δαῖσμὸν,
613 1964 749 2035 μετὰ
780 1964 824 2018 δ’
858 1965 1018 2019 αὑτὸν
1052 1964 1142 2017 τὸν
1183 1963 1630 2034 Χριστιανισμόν·
1667 1963 1909 2036 ἠλέγχθη

319 2060 382 2112 δὲ
413 2057 509 2111 καὶ
545 2057 606 2111 τὸ
637 2056 823 2111 στάσιν
850 2056 1165 2128 νομίζεσθαι
1197 2057 1292 2110 καὶ
1334 2056 1432 2128 τὴν
1466 2057 1552 2111 διὰ
1580 2058 1678 2128 τὴν
1726 2058 1912 2112 στάσιν

319 2150 592 2218 ὠφέλειαν
616 2149 790 2221 ἀρχὴν
817 2144 958 2203 εἶναι
981 2148 1061 2220 τῷ
1081 2150 1368 2214 τοσούτους
1404 2149 1794 2221 ἐπιστρέψαντι
1818 2151 1912 2205 καὶ

323 2239 679 2311 βελτιὼσαντι
704 2241 867 2311 λόγῳ.

399 2334 521 2386 ’Ότι
547 2333 605 2386 δὲ
630 2332 752 2386 οὐδὲ
784 2332 845 2386 τὸ
875 2331 981 2386 τῶν
1008 2331 1206 2396 ἔξωθεν
1236 2332 1354 2396 δέος
1380 2332 1442 2385 τὸ
1474 2330 1722 2402 σύνθημα
1754 2331 1911 2402 ἡμῶν

317 2424 623 2495 διακρατεῖ,
651 2425 807 2495 δῆλον
823 2427 887 2479 ἐκ
919 2424 1013 2478 τοῦ
1047 2423 1340 2488 καὶτοῦτο,
1374 2421 1723 2493 βουληθέντος
1751 2422 1907 2487 Θεοῦ,

321 2515 633 2569 πεπαῦσθαι
645 2516 745 2586 ἤδη
763 2516 937 2586 χρόνῳ
957 2514 1180 2568 πλείονι.
1197 2516 1306 2568 Καὶ
1320 2514 1466 2577 εἰκὸς
1481 2512 1783 2567 παύσεσθαι
1798 2513 1908 2586 (84)

322 2606 386 2659 τὸ
407 2607 483 2669 ὼς
514 2607 649 2677 πρὸς
677 2606 767 2659 τὸν
788 2606 901 2676 βίον
923 2605 1108 2659 τοῦτον
1154 2609 1266 2668 τοῖς
1296 2605 1607 2659 πιστεύουσι
1627 2606 1913 2676 ἐγγενόμε-

323 2713 417 2749 νον
462 2694 638 2759 ἀδεέςο
689 2695 828 2749 ἐπὰν
871 2696 1028 2751 πάλιν
1051 2698 1099 2749 οἱ
1129 2696 1291 2749 παντὶ
1317 2696 1507 2767 τρόπῳ
1536 2695 1909 2759 διαϐάλλοντες

321 2786 416 2838 τὸν
442 2784 600 2853 λόγον
632 2785 729 2857 τὴν
748 2785 927 2839 αἰτίαν
943 2785 1039 2856 τῆς
1058 2785 1151 2837 ἐπὶ
1165 2783 1387 2837 τοσοῦτο
1414 2784 1509 2836 νῦν
1535 2784 1775 2848 στάσεως
1795 2781 1906 2854 (85)

321 2880 383 2931 ἐν
414 2876 609 2948 πλήθει
646 2876 754 2930 τῶν
802 2876 1167 2930 πιστευόντων
1209 2875 1504 2946 νομίσωσιν
1544 2874 1654 2946 (86)
1685 2870 1822 2928 εἶναι
1850 2875 1910 2929 ἐν

322 2967 400 3039 τῷ
435 2967 510 3040 μὴ
532 2966 1022 3040 προσπολεμεῖσθαι
1055 2966 1251 3030 αὐτοὺς
1289 2966 1394 3018 ὑπὸ
1437 2965 1547 3019 τῶν
1590 2966 1909 3037 ἡγουμένων

321 3059 523 3131 ὁμοίως
552 3062 665 3123 τοῖς
700 3058 865 3113 πάλαι
907 3058 1138 3130 χρόνοις.
1188 3058 1601 3130 Μεμαθήκαμεν
1648 3058 1757 3128 γὰρ
1800 3057 1908 3110 ἀπὸ

2015 1882 2202 1941 postea
2238 1871 2719 1927 Christianismum
2753 1871 3054 1926 constituit.
3090 1870 3242 1937 Quod
3273 1872 3349 1924 ait
3383 1869 3596 1935 Celsus,

2013 1964 2336 2019 seditionem
2373 1975 2430 2020 et
2461 1972 2733 2034 speratam
2786 1979 2851 2019 ex
2910 1964 2997 2018 illa
3050 1966 3345 2020 utilitatem
3379 1965 3597 2021 dedisse

2012 2056 2276 2126 originem
2333 2057 2617 2122 doctrinae,
2671 2071 2776 2126 qua
2813 2065 2895 2112 tot
2930 2057 3180 2111 homines
3234 2059 3487 2113 conversi
3538 2064 3598 2113 et

2014 2144 2268 2200 meliores
2295 2142 2418 2200 facti
2446 2157 2596 2211 sunt,
2624 2147 2679 2202 id
2704 2146 2817 2214 jam
2852 2144 3147 2201 refutatum
3179 2152 3280 2200 est.

2086 2324 2172 2378 15.
2202 2322 2389 2393 Neque
2433 2331 2747 2378 exterorum
2789 2332 2937 2379 metu
2991 2331 3234 2380 nostrum
3284 2325 3594 2379 institutum

2015 2414 2333 2469 confirmari
2368 2414 2453 2468 vel
2489 2415 2616 2470 hinc
2648 2424 2816 2484 patet,
2867 2418 3011 2486 quod
3045 2414 3159 2484 jam
3204 2416 3296 2470 diu
3347 2416 3421 2470 sit
3463 2432 3591 2470 cum

2011 2506 2228 2560 volente
2258 2506 2370 2562 Deo
2400 2507 2649 2562 sublatus
2680 2517 2764 2563 est
2809 2508 2901 2564 ille
2944 2518 3141 2563 metus.
3176 2506 3380 2563 Tamen
3412 2508 3595 2563 credi-

2013 2599 2186 2652 derim
2223 2598 2673 2668 tranquillitatem
2708 2600 2875 2669 illam,
2909 2602 3052 2671 quod
3091 2600 3158 2655 ad
3176 2600 3318 2655 hanc
3362 2600 3526 2654 vitam
3562 2617 3593 2654 a

2013 2688 2264 2744 lidelibus
2299 2689 2702 2761 transigendam
2730 2690 2989 2760 pertinet.
3013 2706 3120 2746 non
3146 2691 3235 2745 diu
3266 2690 3591 2746 duraturam

2010 2793 2150 2835 esse.
2201 2779 2334 2835 Nam
2362 2783 2455 2850 qui
2501 2790 2746 2837 nostram
2774 2783 3029 2839 omnibus
3077 2782 3254 2838 modis
3288 2783 3590 2840 doctrinam

2010 2872 2433 2938 calumniantur,
2464 2873 2787 2929 existimant
2816 2889 3036 2930 causam
3064 2883 3254 2939 tantae,
3284 2890 3406 2945 qua:
3445 2890 3590 2934 nunc

2009 2973 2115 3031 est,
2152 2968 2331 3019 rerum
2362 2966 2795 3034 perturbationis
2822 2980 2941 3022 eam
2984 2981 3125 3035 esse,
3159 2969 3301 3038 quod
3349 2969 3590 3024 ﬁdelium

2010 3069 2273 3110 numerus
2322 3056 2636 3124 increverit,
2692 3071 2795 3111 nec
2836 3072 2931 3113 eos
2979 3060 3344 3129 proﬂigandos
3395 3071 3594 3115 curent

323 3150 416 3204 τοῦ
458 3150 617 3220 λόγου
655 3152 779 3223 μήτ’
826 3152 884 3204 ἐν
918 3151 1110 3222 εἰρήνῃ
1141 3148 1430 3202 ἐκλύεσθαι
1479 3149 1574 3202 καὶ
1613 3151 1678 3220 τῇ
1719 3148 1899 3202 ἀνέσει

2013 3148 2293 3217 praesides,
2345 3159 2405 3203 ut
2466 3152 2841 3220 superioribus
2873 3155 3207 3223 temporibus
3259 3153 3589 3211 factitatum.

322 3241 547 3306 ἑαυτοὺς
577 3241 890 3306 ἐπιδιδόναι,
929 3243 1051 3313 μήτ’
1074 3242 1131 3293 ἐν
1158 3240 1234 3311 τῷ
1267 3240 1617 3311 πολεμεῖσθαι
1652 3239 1756 3292 ὑπὸ
1802 3237 1897 3292 τοῦ

323 3333 530 3403 κόσμου
565 3335 839 3398 ἐκκακεῖν,
873 3332 966 3385 γα).
992 3331 1324 3401 ἀφίστασθαι
1356 3333 1455 3402 τῆς
1492 3331 1627 3402 πρὸς
1645 3329 1734 3383 τὸν
1767 3330 1898 3382 Θεὸν

323 3423 431 3477 ’.ὧν
461 3422 597 3479 ὅλων
619 3426 675 3477 ἐν
718 3423 893 3495 Ἰησοῦ
924 3422 1001 3492 τῷ
1014 3422 1233 3495 Χριστῷ
1251 3424 1492 3495 ἀγάπης.
1526 3421 1721 3492 Σαφῶς
1750 3421 1811 3494 δὴ
1838 3423 1900 3475 τὸ

330 3658 340 3667 ,
398 3599 510 3670 (82)
543 3599 714 3654 Codd.
748 3597 970 3666 Regius,
1016 3597 1344 3670 Basileensis
1370 3607 1424 3653 et
1444 3601 1561 3656 'duo
1586 3600 1900 3670 Anglicani,

319 3668 499 3742 ἡμῶν,
543 3670 672 3723 libb.
699 3670 882 3742 catt-usi
914 3671 996 3742 ad
1015 3669 1310 3742 marginem
1330 3708 1343 3742 ,
1367 3670 1549 3742 uitabit.
1584 3668 1751 3742 Paulo
1781 3683 1901 3739 post

319 3737 508 3794 omnes
524 3756 652 3793 mss.
663 3778 677 3800 ,
694 3737 795 3791 κᾶν
810 3738 959 3808 δοκῇ.
979 3737 1341 3808 ιιίιιιιςθιιοιιεὶ
1365 3737 1426 3793 in
1438 3752 1582 3795 textu
1593 3780 1605 3799 .
1624 3740 1719 3793 καὶ
1732 3737 1896 3796 δοκεῖ.

394 3808 503 3881 (85)
559 3809 887 3881 Συνέσεῳς.
914 3806 1095 3862 "Forte
1133 3807 1418 3881 legendum
1477 3810 1781 3873 συνθέσεως
1815 3806 1899 3864 vel

323 3878 654 3961 direptioque.
697 3879 839 3961 Nihil
875 3878 1890 3961 tauienlnutavin'i‘us.interpretatum.

395 3950 507 4019 (84)
531 3950 897 4003 Παύσεσθαι.
934 3947 1008 4000 Ιιιι
1064 3948 1285 4019 liegius,
1317 3946 1649 4004 Basileensis
1686 3959 1741 4003 et
1787 3946 1894 4003 duo

321 4017 629 4090 Anglicani,
684 4019 890 4071 rectius
938 4017 1262 4090 quam_li_bb.
1300 4020 1525 4090 excusi,
1556 4019 1893 4090 παύσασθαι.

321 4086 489 4144 Paulo
518 4097 632 4158 post
658 4103 849 4158 omnes
873 4103 1023 4158 mss...
1058 4086 1234 4158 αἰτίαν
1266 4087 1365 4155 τῆς
1384 4089 1477 4140 ἐπὶ
1500 4088 1739 4142 τοσοῦτο.
1787 4089 1895 4143 lm-

321 4162 494 4230 pressi
505 4154 531 4221 ξ
559 4156 734 4230 αἰτίαν
764 4155 840 4218 ὡς
984 4154 1225 4230 τοσοῦτο.

389 4227 501 4300 (85)
532 4225 1365 4300 Erdaswc._Origenes__videtur
1395 4227 1668 4294 respicere
1693 4242 1892 4300 annum

320 4293 558 4368 primum
607 4306 662 4352 et
720 4293 1246 4368 tertiiini’Cordiani
1290 4293 1508 4368 impen,
1559 4301 1658 4368 sub
1697 4297 1897 4364 quibus

318 4365 569 4423 exortum
618 4375 704 4422 est
746 4365 944 4420 bellum
999 4365 1300 4434 Persicum.
1349 4366 1562 4418 Etenim
1609 4366 1803 4434 Sapor,
1836 4378 1892 4420 ut

2011 3239 2161 3294 Docti
2197 3241 2400 3295 etenim
2436 3256 2624 3313 sumus
2662 3258 2840 3313 neque
2871 3247 2922 3299 in
2950 3260 3083 3316 pace
3118 3246 3294 3302 soluto
3325 3263 3446 3325 esse
3474 3248 3596 3303 ιιιιί-⁴

2009 3347 2096 3385 ιιιο
2129 3333 2436 3390 mollitiave
2494 3350 2593 3391 nos
2643 3339 2891 3405 tradere;
2946 3355 3121 3409 neque
3156 3340 3358 3395 mundo
3389 3339 3588 3396 bellum

2011 3425 2173 3478 nobis
2206 3426 2481 3481 indicente
2508 3429 2850 3499 despondere
2888 3433 3153 3497 animum,
3187 3443 3242 3487 et
3274 3447 3304 3486 a
3351 3434 3477 3493 Deo,
3535 3433 3590 3486 in

2012 3612 2428 3681 inantcmuante
2451 3616 2799 3681 conspectum
2839 3608 2968 3681 duci
3002 3608 3183 3681 iussit,
3217 3623 3282 3681 ac
3339 3611 3591 3681 spoliari,

2009 3673 2284 3749 eLoceidi
2337 3672 2537 3749 (ibid.).
2585 3672 2603 3726 ἱ
2648 3675 2784 3729 Vide
2839 3672 3129 3729 Baronium
3168 3680 3249 3749 ad,
3293 3672 3421 3732 ann.
3456 3672 3587 3749 255,

2005 3742 2147 3796 Ξῦςίι
2181 3759 2201 3790 ι
2224 3741 2370 3813 quae
2399 3741 2511 3811 ipsa
2548 3760 2783 3813 namque
2814 3756 3055 3813 tempora
3095 3747 3473 3806 cxisﬁmanms
3519 3741 3587 3810 at}

2004 3811 2441 3886 eodemOrjgene
2467 3811 2723 3886 iudicata,
2747 3831 2869 3869 cum
2901 3811 3067 3886 agens
3080 3820 3338 3872 adversus
3365 3820 3585 3879 Celsum

2003 3881 2227 3946 luecait,
2271 3880 2456 3937 Denuo
2478 3884 2921 3950 calumniatores,
2937 3880 2977 3936 ὀ
3011 3888 3318 3943 etc.SpnNc.
3345 3920 3415 3929 —
3449 3892 3584 3948 Vide

2002 3953 2268 4029 "lenitum
2315 3953 2468 4029 iqitio
2495 3954 2755 4029 librorum
2801 3953 3002 4010 Contra
3037 3956 3245 4012 Celsum
3277 3964 3582 4029 przeiixuni.

2067 4022 2180 4094 (86)
2213 4022 2580 4091 Νομίσωσιν.
2646 4025 2795 4094 Orig.
2855 4034 3071 4081 tractat.
3125 4029 3195 4082 :28
3249 4022 3297 4082 iu
3344 4031 3579 4086 Matth.:

2002 4111 2020 4142 ι
2047 4092 2388 4168 Frequenter
2403 4094 2544 4168 enim
2572 4094 2731 4149 famis
2750 4092 2917 4168 causa
2932 4093 3276 4152 Christianos
3291 4102 3586 4168 culparum

1995 4162 2245 4237 gentiles,
2282 4172 2337 4216 ct
2360 4164 2679 4237 quicunque
2710 4166 3132 4237 sapiebantiqua}
3157 4162 3403 4237 gentium
3430 4182 3584 4229 sunt.

1998 4231 2194 4302 Sedet
2237 4231 2670 4302 pestilentiarum
2712 4231 2903 4288 causas
2944 4236 3011 4289 ad
3031 4231 3247 4291 'Chri'sti
3280 4238 3581 4295 Ecclesiam

1998 4301 2316 4372 retulerunt.
2339 4304 2554 4357 Scimus
2568 4314 2814 4358 autemet
2832 4307 2971 4372 apud
2990 4320 3086 4360 nos
3104 4316 3264 4361 terra:
3282 4319 3487 4361 motum
3508 4308 3586 4365 fa-

1999 4381 2145 4447 ctum
2184 4370 2403 4447 iu_locis
2434 4373 2793 4447 quibusdam,
2815 4370 2878 4428 et
2900 4373 3077 4447 factas
3108 4374 3278 4430 fuisse
3312 4379 3580 4447 quasdam

319 4440 526 4493 cladem
544 4436 627 4512 ab
654 4437 963 4512 Alexandro
986 4436 1193 4512 Severo
1218 4432 1401 4512 Persis
1434 4435 1634 4512 illatam
1666 4432 1892 4512 uicisce-
1923 4432 1968 4487 D
2002 4441 2207 4503 ruinas,
2253 4441 2328 4493 ita
2369 4450 2428 4494 ut
2452 4432 2555 4510 "qui
2586 4452 2742 4495 erant
2765 4432 2928 4512 'impii
2965 4454 3117 4499 extra
3163 4432 3579 4504 {ideui‘causam

322 4519 492 4574 retur,
526 4508 762 4561 ditiones
788 4506 1064 4559 Romanas
1098 4503 1321 4575 invadit,
1349 4506 1695 4558 Antiochiam
1721 4509 1884 4575 capit,

317 4588 372 4632 et
398 4579 604 4632 civibus
632 4578 951 4630 servitutem
980 4574 1257 4644 imposuit,
1292 4589 1429 4642 quos
1452 4586 1635 4642 postea
1661 4574 1889 4630 Gordia-

317 4662 418 4702 nus
444 4650 498 4702 in
522 4648 826 4701 libertatem
847 4645 1159 4715 vindicavit,
1188 4655 1244 4697 ut
1279 4645 1391 4713 ipse
1421 4656 1654 4700 testatur
1681 4646 1733 4698 in
1764 4648 1886 4715 epi-

318 4718 478 4782 stola,
515 4732 675 4787 quam
713 4715 934 4785 scripsit
968 4717 1033 4769 ad
1056 4714 1400 4787 AMesithium,
1431 4716 1550 4783 ejus
1588 4714 1836 4787 socerum
1867 4731 1882 4769 :

323 4804 341 4835 ‹
379 4785 549 4839 Etiam
583 4788 798 4849 Persas,
827 4796 884 4837 ut
917 4785 1067 4839 brevi
1102 4786 1270 4838 multa
1303 4798 1649 4851 connectam,
1675 4785 1743 4837 ab
1768 4788 1883 4838 Au-

321 4855 672 4925 tiocltensium
734 4856 1061 4917 cervicibus,
1114 4871 1250 4925 quas
1294 4856 1407 4925 jam
1456 4871 1621 4911 nexas
1665 4855 1885 4909 Persico

318 4922 463 4977 ferro
494 4927 770 4996 gerebant,
787 4935 852 4996 et
877 4939 1031 4994 reges
1062 4922 1378 4990 Persarum,
1408 4939 1457 4981 et
1493 4927 1638 4996 leges
1674 4928 1884 4979 amovi-

317 5008 458 5048 mus.
510 4995 718 5065 Carras
764 4995 976 5065 deinde,
1035 5005 1367 5065 exterasque
1436 4995 1600 5052 urbes
1653 4997 1884 5064 imperio

317 5065 561 5135 liomano
597 5063 945 5135 reddidimus.
988 5084 1006 5116 ι
1042 5063 1148 5119 Jul.
1181 5063 1436 5135 CapitoL,
1473 5071 1538 5120 de
1582 5063 1879 5121 Gordiano.

314 5133 431 5188 Huc
453 5133 729 5203 accedunt
747 5132 908 5187 factio
941 5132 1438 5202 Sabiniaua,'inita,
1467 5148 1525 5189 ut
1555 5140 1630 5189 ait
1659 5136 1882 5203 Capito-

315 5204 480 5268 linus,
514 5204 568 5256 in
620 5200 802 5256 Africa
849 5215 1036 5258 contra
1065 5200 1396 5260 Gordianuni
1426 5200 1691 5277 (Capitol.
1726 5200 1880 5277 ibid.)

312 5285 365 5329 et
406 5285 563 5329 terra:
593 5281 790 5344 motus,
835 5288 854 5321 ι
887 5288 951 5327 eo
979 5290 1147 5341 usque
1182 5280 1385 5342 gravis,
1414 5274 1713 5344 imperante
1739 5274 1882 5328 Gor-

313 5347 493 5414 diano,
525 5352 583 5395 ut
609 5342 862 5396 civitates
904 5345 1066 5397 etiam
1113 5354 1272 5397 terra:
1312 5347 1461 5397 hiatu
1493 5342 1621 5396 cum
1672 5347 1883 5414 populis

311 5413 655 5484 deperirenl;
687 5414 756 5467 ob
786 5427 904 5480 qua:
941 5414 1210 5467 sacriﬁcia
1240 5429 1336 5483 per
1376 5424 1545 5469 totam
1579 5413 1764 5468 urbem
1800 5425 1883 5468 to-

312 5495 530 5553 tumque
581 5488 785 5553 orbem,
822 5493 1094 5553 terrarum
1137 5484 1376 5551 ingentia
1416 5485 1687 5537 celebrata
1732 5497 1877 5541 sunt.

310 5550 474 5623 (idem
501 5550 678 5620 ibid.).
718 5572 737 5605 ι
770 5552 902 5606 Item
959 5550 1503 5617 Mcsithii’inleritus,
1542 5572 1560 5604 ι
1613 5566 1875 5622 quantum

311 5622 550 5697 plerique
568 5624 779 5697 dicunt,
801 5623 1009 5697 artibus
1028 5622 1260 5693 Philippi
1287 5627 1624 5697 machinatus
1640 5626 1838 5697 (ibid.).
1852 5645 1871 5677 ι

308 5693 454 5749 Adde
499 5702 554 5750 et
597 5691 859 5748 Gordiani
901 5708 1121 5757 necem;
1176 5691 1404 5764 {quem
1439 5691 1721 5767 Philippus
1765 5691 1878 5751 cla-

619 5787 891 5848 PATROL.
938 5787 1058 5848 Cu.
1107 5786 1215 5848 XI.

1995 4520 2157 4562 terra:
2191 4518 2369 4585 utotus
2406 4512 2652 4567 dicerent
2685 4512 3049 4585 Christianos.
3082 4516 3314 4585 Propter
3339 4524 3486 4585 quod
3521 4529 3579 4576 et

1994 4580 2404 4649 persecutiones
2427 4597 2600 4649 passae
2624 4592 2748 4636 sunt
2773 4584 3045 4645 Ecclesiae,
3076 4596 3130 4639 ct
3161 4580 3397 4642 incensae
3426 4603 3572 4646 sunt.

1990 4647 2106 4724 Non
2121 4649 2293 4724 solum
2320 4647 2594 4724 attletnilli
2639 4653 2732 4705 sed
2748 4655 2907 4722 etqui
2928 4653 3250 4709 videbantur
3265 4660 3576 4724 prudentes,

1994 4719 2119 4794 talia
2148 4719 2203 4772 in
2242 4719 2460 4794 publico
2490 4722 2755 4787 dicerent,
2786 4719 2912 4792 quia
2960 4736 3182 4794 propter
3225 4719 3576 4787 Christianos

1994 4740 2119 4773 tanta
2148 4740 2203 4772 ιιι
2242 4740 2460 4788 publico
2490 4740 2755 4787 mcerent,
2786 4740 2912 4792 quia
3000 4740 3182 4794 ropter
3225 4740 3571 4787 L'lil'lsltunos

1989 4789 2127 4870 iiunt
2155 4791 2463 4870 gravissimi
2487 4801 2647 4847 terrae
2678 4804 2875 4870 motus.
2911 4740 3206 4870 ig‘erttill”
3241 4799 3418 4866 Αροί.,
3447 4815 3571 4870 cap.

1987 4858 2088 4911 40:
2128 4876 2147 4909 ι
2180 4859 2549 4916 Prwtexeutes
2591 4878 2723 4916 sane
2763 4864 2830 4917 ad
2857 4865 2965 4919 odii
3001 4858 3370 4922 defensionem
3405 4858 3570 4924 'illain

1988 4944 2204 5006 quoque
2236 4930 2733 5006 vanitatem,_quod
2761 4934 3078 4988 existiment
3119 4940 3298 4991 omnis
3343 4940 3572 5006 publica:

1988 5000 2182 5065 cladis,
2207 5001 2383 5069 omnis
2406 5002 2685 5069 pepularis
2711 5005 3059 5069 incommodi,
3080 5000 3423 5063 Christianos
3450 5025 3571 5064 esse

1987 5084 2226 5148 causam.
2348 5068 2561 5148 Tiberis
2588 5075 2835 5148 ascendit
2859 5068 3174 5148 adﬂuentia,
3200 5079 3246 5131 si
3279 5078 3431 5131 Nilus
3463 5095 3568 5133 non

1988 5139 2237 5208 ascendit
2262 5139 2314 5191 in
2339 5156 2489 5203 arva,
2518 5143 2561 5194 si
2595 5143 2793 5196 uelum
2817 5146 2993 5208 stetit,
3023 5147 3067 5199 si
3105 5139 3251 5200 terra
3298 5149 3481 5208 movit,
3524 5164 3567 5200 Si

1988 5207 2180 5271 fames,
2215 5210 2259 5261 si
2298 5210 2445 5263 lues:
2477 5214 2661 5265 Statim
2697 5207 3027 5267 Christianus
3061 5219 3130 5267 ad
3161 5217 3383 5269 leonem.
3421 5215 3570 5268 Tan-

1989 5287 2072 5352 tos
2110 5280 2184 5352 ad
2207 5281 2541 5335 unumietc.
2579 5302 2596 5332 ι
2630 5284 2764 5337 Vide
2791 5300 2912 5352 cap.
2949 5286 2983 5337 '2
3018 5286 3147 5340 ibid.
3185 5297 3238 5338 et
3271 5287 3465 5336 librum
3494 5286 3566 5337 ad

1989 5348 2296 5423 §eaput_am,
2353 5353 2599 5423 cap.¥5;
2644 5348 2972 5423 Cyprianum
3011 5356 3076 5406 ad
3123 5355 3567 5423 Demetriauum;

1988 5416 2359 5493 Fit-milianum
2384 5416 2450 5474 ad
2481 5416 2864 5493 Cyprq'e‘pist.
2905 5424 2991 5485 75,
3028 5424 3181 5493 apud
3223 5422 3385 5492 Cypr.
3410 5416 3563 5493 ςᾼιιξ

1984 5489 2283 5555 gustinum,
2312 5491 2405 5543 lib.
2431 5506 2495 5557 tt,
2520 5489 2640 5560 cap.
2670 5489 2825 5558 2,'l)e
2846 5493 2986 5545 civit.
3018 5489 3143 5558 Dei;
3170 5489 3410 5546 edictutn
3442 5491 3560 5545 Ma-

1983 5560 2173 5632 ;imini
2202 5562 2351 5632 apud
2372 5560 2690 5627 Eusebium,
2726 5564 2819 5616 lib.
2872 5576 2946 5621 ικ,
2978 5578 3099 5632 cap.
3146 5562 3201 5625 6,
3246 5562 3559 5632 Ecclesiast.

1981 5626 2108 5701 (tisi.
2154 5626 2504 5701 htictipletius
2546 5634 2612 5686 de
2662 5626 2764 5684 hac
2818 5626 3088 5701 calumnia
3137 5634 3249 5701 agit
3288 5631 3563 5688 Arnobius

1982 5697 2077 5754 lib.
2112 5697 2347 5755 tContra
2369 5712 2566 5771 gemes,
2596 5716 2757 5769 quem
2792 5700 2934 5757 vide.
2971 5697 3237 5760 Samaei.

3170 5800 3247 5859 30
