3998 6170
457 195 561 252 939

1909 197 2232 254 ORIGENIS

3619 213 3733 268 940

455 313 584 368 Jesu
615 311 857 380 Christo,
895 314 1166 384 diligendo
1202 311 1453 372 deﬁcere.
1495 315 1672 384 Atque
1702 315 1863 369 etiam
1897 316 1988 370 tals

2099 347 2112 378 ι
2143 315 2336 385 σεμνὸν
2371 315 2467 387 τῆς
2488 316 2764 389 ἡμετέρας
2787 319 2962 390 ἀρχῆς
2993 323 3366 394 παριστῶμεν,
3389 327 3484 379 καὶ
3513 328 3613 398 οὐχ
3632 329 3732 399 (ὡς

454 405 646 459 Celsus
676 413 825 474 putat
855 414 1042 460 sancta
1076 420 1174 459 nos
1213 415 1411 459 nostrae
1451 405 1714 460 doctrina:
1752 407 2026 462 occultare

454 498 744 567 principia.
775 497 912 562 Quin
945 496 1121 566 palam
1155 497 1242 550 illa
1271 498 1648 566 praedicamus,
1682 501 2025 570 quandoqui-

454 592 576 644 dem
602 593 670 644 ad
704 605 803 644 nos
829 589 1059 659 primum
1089 590 1475 646 accedentibus
1504 591 1773 648 idolorum
1803 595 2023 648 simulac

451 693 776 747 crurumque
799 678 1036 732 omnium
1060 687 1437 747 contemptum
1470 681 1816 746 insti‘llamus,
1847 691 1902 736 et
1941 684 2022 736 in-

450 783 614 836 super
643 782 670 819 a
704 765 992 822 deferendo
1025 767 1188 823 rebus
1218 771 1422 825 creatis
1461 769 1632 836 cultu,
1667 773 1757 841 qui
1790 772 1898 827 Deo
1933 774 2021 826 de-

448 858 624 920 betur,
651 866 932 910 revocatos
963 857 1224 928 erigimus
1247 860 1313 912 ad
1351 874 1530 913 rerum
1557 861 1797 914 omnium
1823 859 2020 915 Condi-

449 959 648 1012 torem;
698 944 856 1017 457
913 947 1146 1016 denique
1200 963 1322 1001 eum
1390 947 1480 1016 qui
1539 947 1830 1015 praedictus
1895 958 2015 1013 cst,

445 1039 727 1093 advenisse
767 1039 1226 1102 demonstramus,
1252 1053 1375 1092 cum
1417 1053 1484 1092 ex
1511 1039 1786 1093 vaticiniis
1833 1040 1898 1094 de
1928 1039 2016 1097 illo

441 1129 623 1193 editis,
658 1143 777 1196 quae
809 1128 976 1182 multa
1014 1139 1164 1192 sunt,
1199 1137 1310 1181 tum
1347 1143 1413 1182 ex
1445 1127 1760 1198 Evangeliis
1800 1140 2016 1200 aposto-

443 1221 672 1290 licisque
702 1219 944 1288 scriptis,
973 1234 1094 1288 quae
1125 1219 1311 1274 sedulo
1350 1219 1644 1275 traduntur
1674 1221 1740 1277 iis
1767 1223 1855 1291 qui
1884 1237 2014 1290 pru-

442 1317 633 1370 denter
671 1315 977 1383 intelligere
1012 1313 1098 1368 illa
1128 1323 1376 1384 possunt.

511 1409 598 1463 16.
635 1427 654 1459 ι
689 1407 947 1473 Qumnam
977 1415 1158 1460 autem
1192 1407 1367 1461 omnis
1392 1408 1606 1477 generis
1633 1409 2008 1474 corradamus,

437 1515 686 1567 quamam
709 1497 1085 1566 conlingamus
1124 1497 1400 1563 terricula,
1430 1517 1447 1550 ι
1493 1514 1611 1567 quae
1661 1502 1818 1556 nobis
1863 1502 2009 1556 nullo

438 1597 760 1660 argumento
818 1588 1006 1643 Celsus
1053 1589 1280 1659 objicit,
1338 1591 1588 1644 ostendat
1624 1592 1714 1660 qui
1755 1592 2004 1647 voluerit.

2129 406 2297 458 οἴεται
2337 407 3089 483 Κέλσος,)·ἀποκρύπτομεν,
3131 415 3270 468 ἐπὰν
3299 418 3392 470 καὶ
3420 421 3536 481 τοῖς
3570 421 3728 492 πρώ-

2125 515 2239 561 τοις
2258 497 2370 568 (87)
2391 499 2767 569 είσαγομένοις
2797 504 3204 574 καταφρόνησιν·
3222 507 3318 576 μὲν
3351 507 3460 560 τῶν
3489 510 3728 568 εἰδώλων

2126 590 2222 642 καὶ
2240 589 2456 643 πάντων
2491 589 2599 643 τῶν
2635 591 2965 662 ἀγαλμάτων
3013 596 3427 669 ἐμποιήσωμεν,
3460 603 3556 654 καὶ
3585 605 3728 673 πρὸς

2123 681 2350 747 τούτοις,
2371 683 2689 753 ἐπαίροντες
2704 683 2771 736 τά
2788 687 3111 756 φρονήματα
3138 690 3319 743 αὐτῶν
3347 692 3454 745 ἀπὸ
3477 694 3573 746 τοῦ
3601 694 3723 746 δου-

2123 773 2298 826 λεύειν
2331 777 2442 837 τοῖς
2465 774 2760 828 κτισθεῖσιν
2786 777 2908 829 ἀντὶ
2939 776 3094 843 Θεοῦ,
3124 780 3216 832 ἐπὶ
3247 780 3328 835 τὸν
3360 785 3626 839 κτίσαντα
3649 788 3722 840 τὰ

2121 867 2216 920 ὅλα
2247 868 2444 930 αὐτοὺς
2473 867 2913 939 ἀναϐιϐάζωμενο
2945 872 3202 940 ἐμφανῶς
3231 877 3598 945 παριστάντες
3625 879 3720 932 τὸν

2122 959 2564 1029 προφητευθέντα
2599 959 2662 1012 ἐκ
2713 977 2771 1012 τε
2821 960 2931 1014 τῶν
2976 964 3107 1034 περὶ
3155 965 3316 1019 αὑτοῦ
3366 972 3720 1040 προφητειῶν

2121 1049 2333 1121 (πολλαὶ
2361 1050 2417 1103 δέ
2444 1053 2579 1104 εἰσιν
2615 1045 2796 1123 αὗται)
2829 1055 2922 1106 καὶ
2958 1057 3022 1108 ἐκ
3044 1057 3152 1110 τῶν
3181 1057 3573 1131 ἐξητασμένως
3609 1081 3717 1118 παρ

2119 1139 2476 1210 ραδιδομένων
2528 1143 2640 1203 τοῖς
2693 1141 3013 1212 δυναμένοις
3069 1146 3288 1201 ἀκούειν
3344 1151 3714 1223 συνετώτερον

2114 1231 2222 1285 τῶν
2250 1231 2586 1300 Εὑαγελλίων
2619 1233 2712 1286 καὶ
2743 1234 2850 1288 τῶν
2885 1236 3255 1293 ἀποστολικῶν
3287 1242 3506 1310 φωνῶν.

2191 1423 2208 1455 ι
2265 1405 2402 1459 Ποῖα
2453 1406 2509 1460 δὲ
2544 1407 2860 1463 παντοδαπὰ
2894 1411 3254 1484 ἐπισπώμεθα
3279 1455 3292 1479 ,
3342 1418 3374 1488 ἢ
3411 1419 3534 1472 τίνα
3568 1437 3710 1490 συμ-

2113 1493 2424 1567 πλάσσομεν
2474 1496 2743 1568 δείματα,
2786 1519 2804 1550 ι
2861 1501 2936 1565 ὼς
2990 1503 3394 1572 ἀναποδείκτως
3445 1512 3708 1582 γράφειὸ

2112 1582 2349 1644 Κέλσος·
2394 1589 2802 1658 παραστησάτω
2827 1593 2854 1642 ὁ
2887 1591 3229 1664 βουλόμενος.
3267 1597 3329 1650 EE
3361 1599 3434 1671 μὴ
3466 1602 3574 1672 ἄρα
3603 1605 3702 1674 τὴν

436 1681 552 1736 Nisi
594 1681 735 1734 forte
767 1680 911 1749 quod
942 1680 1200 1734 docemus
1241 1680 1541 1749 multisque
1588 1682 1924 1751 argumentis
1954 1698 1982 1736 e

2113 1675 2240 1745 περὶ
2270 1674 2530 1728 δικαστοῦ
2559 1676 2717 1742 Θεοῦ,
2755 1680 2847 1731 καὶ
2878 1681 3249 1753 δικαζομένων
3279 1689 3584 1760 ἀνθρώπων
3615 1696 3701 1762 ἐφ’

435 1789 504 1829 ex
554 1771 842 1840 Scriptura
890 1782 944 1826 et
976 1787 1044 1826 ex
1086 1773 1298 1826 ratione
1330 1773 1511 1828 ductis
1567 1775 2004 1843 comprobamus,

435 1865 606 1919 Deum
627 1877 746 1918 esse
766 1862 1029 1932 judicent,
1058 1877 1293 1932 eumque
1313 1864 1381 1918 ab
1402 1865 1704 1920 hominibus
1733 1866 2008 1936 postulare

435 1957 701 2010 rationem
755 1956 996 2010 omnium
1051 1970 1172 2025 qua:
1218 1956 1482 2020 fecerunt,
1544 1956 1596 2009 id
1653 1956 1840 2013 Celsus
1895 1967 2001 2013 ter-

433 2047 734 2103 ricnlorum
763 2047 885 2103 loco
909 2047 1131 2103 habeat.
1170 2047 1556 2103 Verumtamen
1595 2049 1810 2119 (amica
1861 2049 2004 2104 enim

430 2137 657 2207 veritas)
674 2137 790 2192 haac
808 2137 999 2193 Celsus
1023 2139 1158 2193 dixit
1176 2139 1320 2192 circa
1336 2138 1520 2194 linem:
1543 2158 1560 2190 ι
1584 2140 1662 2193 Dii
1682 2140 2005 2209 prohibeant

431 2243 498 2282 ne
537 2236 630 2283 aut
659 2242 780 2297 ego,
807 2240 901 2283 aut
929 2229 1029 2295 illi,
1061 2242 1154 2284 aut
1181 2231 1412 2300 quilibet
1442 2231 1722 2285 hominum
1753 2231 2003 2286 tollamus

425 2324 618 2394 dogma
650 2324 816 2389 istud,
856 2323 1088 2393 iniustos
1115 2326 1364 2393 punitum
1403 2325 1490 2388 iri,
1528 2324 1710 2394 justos
1753 2325 2003 2380 mercede

424 2429 547 2469 esse
601 2415 900 2470 donandos.
932 2433 949 2466 ι
981 2416 1321 2482 Quibusnam
1371 2415 1533 2486 igitur
1589 2419 1837 2475 conlictis
1891 2432 2002 2475 ter-

425 2503 612 2559 riculis
639 2545 653 2570 ,
707 2505 749 2560 si
787 2506 947 2560 istam
979 2508 1046 2560 de
1077 2506 1254 2574 poenis
1314 2506 1643 2560 sententiam
1676 2506 1997 2576 dempseris,

423 2597 674 2652 nomines
709 2597 1074 2651 attrahimus?
1115 2597 1220 2651 Sed
1281 2605 1336 2652 et
1368 2598 1490 2664 quia
1543 2597 1713 2668 dicit,
1748 2615 1768 2648 ι
1803 2613 1902 2653 nos
1930 2612 1994 2653 ex

421 2691 599 2758 prisca
626 2688 875 2744 doctrina
906 2703 1108 2758 pravas
1136 2690 1424 2760 opiniones
1474 2697 1816 2745 commentos
1841 2728 1857 2755 ,
1904 2705 1996 2745 eas

419 2782 651 2851 primum
685 2781 996 2836 hominibus
1016 2783 1291 2847 occinere,
1325 2792 1383 2836 ut
1411 2782 1502 2852 qui
1535 2782 1860 2850 obstrepunt
1888 2781 1996 2836 cir-

419 2890 542 2927 cum
575 2889 691 2941 eos,
716 2876 807 2942 qui
834 2874 1203 2944 Corybantum
1233 2874 1407 2928 sacris
1438 2874 1758 2940 initiantur;
1793 2894 1812 2926 ι
1843 2874 1992 2928 illum

422 2967 928 3032 interrogabimus,
979 2979 1043 3017 ex
1080 2979 1317 3034 quanam
1354 2966 1530 3034 prisca
1590 2966 1835 3020 doctrina
1886 2967 1994 3020 sint

419 3071 598 3126 prava:
627 3055 734 3110 illae
761 3055 1069 3125 opiniones.
1103 3053 1232 3108 Sive
1276 3055 1420 3108 enim
1455 3070 1522 3108 ex
1552 3053 1868 3108 Graecanica
1915 3056 1996 3110 di-

415 3149 581 3213 xerit,
604 3163 734 3218 quae
763 3157 819 3201 et
855 3148 974 3217 ipsa
1002 3147 1102 3200 sub
1139 3155 1284 3200 terra
1319 3145 1608 3200 tribunalia
1644 3160 1767 3200 esse
1796 3148 1992 3211 docet;

413 3242 530 3297 sive
553 3255 620 3296 ex
647 3238 893 3305 Judaica,
925 3255 1044 3310 quae
1089 3248 1290 3309 prteter
1320 3239 1425 3292 alia
1482 3247 1604 3308 post
1655 3238 1795 3293 hanc
1829 3237 1992 3292 vitam

413 3334 740 3402 prrenuntiat
766 3332 929 3386 aliam
965 3331 1205 3385 futuram
1237 3345 1358 3386 esse
1385 3349 1398 3398 ;
1439 3343 1715 3398 nunquam
1740 3329 1994 3384 ostende-

411 3429 480 3483 rit
510 3442 628 3494 nos,
657 3427 750 3495 qui
781 3441 902 3480 cum
932 3425 1143 3478 ratione
1166 3425 1390 3478 credere
1421 3436 1706 3486 conamur,
1731 3421 1872 3476 male
1901 3435 1990 3475 ve-

408 3521 623 3574 ritatem
671 3525 989 3584 assecutos,
1030 3517 1097 3571 ad
1152 3514 1459 3585 hujusmodi
1518 3514 1772 3584 dogmata
1820 3514 1985 3567 vitam

406 3621 644 3668 nostram
672 3625 1019 3682 componere.

476 3795 566 3847 17.
595 3793 788 3847 Postea
819 3808 906 3846 res
937 3800 1136 3845 nostra:
1164 3789 1288 3844 lidci
1322 3803 1447 3843 cum
1474 3785 1857 3855 [Egyptiorum
1893 3801 1982 3840 re-

402 3885 504 3938 bus
529 3897 849 3951 comparare
881 3882 1032 3936 vult:
1068 3900 1085 3934 ‹
1111 3882 1190 3934 Ad
1209 3895 1346 3948 quos
1371 3883 1416 3934 si
1445 3880 1765 3943 accesseris,
1797 3878 1980 3931 statim

399 3991 459 4031 se
487 3974 720 4030 oll'erunt
767 3973 1044 4042 Splendida
1081 3973 1206 4026 l‘ana
1233 3982 1286 4028 et
1311 3971 1443 4036 luci,
1488 3986 1681 4038 magna
1719 3969 1978 4039 pulchra-

398 4081 506 4138 que
531 4065 824 4130 vestibula,
862 4065 1207 4121 admirabilia
1243 4063 1468 4134 templa,
1493 4063 1698 4118 eximia
1745 4061 1979 4116 circum-

395 4175 611 4232 quaque
653 4159 996 4226 umbracula,
1027 4157 1363 4214 caeremoniae
1391 4155 1658 4226 religiosae
1685 4154 1974 4210 admodum

393 4266 450 4310 et
483 4254 702 4309 arcanis
757 4252 1006 4319 refertae;
1058 4259 1343 4321 postquam
1391 4258 1570 4304 autem
1607 4249 1883 4318 ingressus
1917 4260 1975 4301 es

391 4356 447 4400 et
478 4347 544 4401 ad
574 4346 872 4416 penetralia
923 4344 1217 4414 pervenisti
1243 4383 1261 4410 ,
1313 4341 1493 4398 cernis
1523 4339 1740 4395 adorari
1772 4345 1864 4391 aut
1893 4336 1971 4390 le-

2099 4332 2372 4402 νενομένῳ,
2407 4333 2690 4405 θεωρεῖται
2726 4340 3197 4411 προσκυνούμενος
3221 4343 3473 4417 αἴλουρος
3502 4348 3533 4416 ἧ
3566 4349 3651 4400 πί-

392 4439 520 4503 lem,
551 4447 644 4493 aut
670 4439 882 4493 simiam
911 4479 925 4502 ,
976 4445 1068 4490 aut
1095 4436 1450 4500 crocodilum,
1486 4443 1580 4487 aut
1610 4432 1847 4495 hircum,
1878 4437 1970 4483 aut

391 4543 607 4583 canem.
637 4547 654 4580 ι
687 4529 792 4583 Sed
821 4528 952 4598 quid
989 4527 1166 4581 simile
1189 4527 1330 4595 apud
1371 4541 1471 4579 nos
1517 4534 1600 4578 est
1657 4523 1725 4577 iis
1779 4523 1962 4585 rebus,

390 4637 509 4689 qua:
535 4621 603 4674 ad
628 4619 914 4690 Egyptios
965 4619 1352 4674 accedentibus
1383 4617 1644 4686 speciosae
1672 4611 1966 4667 videntur?

391 4712 536 4777 Quid
569 4712 744 4766 simile
770 4712 944 4767 brutis
970 4711 1078 4765 illis
1098 4710 1468 4764 animantibus
1493 4722 1612 4770 qua:
1649 4709 1800 4759 intus
1822 4703 1962 4757 ultra

390 4803 605 4873 egregia
644 4801 730 4854 illa
785 4801 1052 4856 vestibula
1105 4799 1439 4854 adorantur?
1473 4797 1756 4851 Dixeritne
1824 4794 1962 4847 vati-

387 4894 555 4954 cinia,
586 4909 896 4964 supremum
929 4893 1097 4949 Deum
1119 4933 1135 4958 ,
1183 4894 1602 4948 simulacrorum
1654 4885 1962 4955 despectio-

388 5000 532 5051 nem,
568 5002 655 5042 res
688 4987 905 5056 quidem
955 4985 1304 5040 veneratione
1329 4986 1523 5055 dignas
1548 4995 1709 5046 esse;
1765 4977 1954 5033 .Iesum

454 5145 564 5216 (87)
595 5145 721 5211 Τοῖς
739 5143 1008 5216 πρώτρις.
1035 5141 1397 5216 Sc_r_ibendu_m
1417 5139 1664 5216 videtur,“
1672 5140 1782 5198 τοῖς
1807 5131 1955 5216 πρςὺ-

383 5207 494 5281 τον,
541 5207 597 5269 ut
626 5207 855 5284 conjecit
893 5207 1234 5284 Bo’herellus.‘
1269 5210 1411 5264 lnlra
1451 5224 1605 5284 ms_s._,
1641 5207 1705 5260 ἐκ
1748 5224 1808 5259 τε
1846 5207 1952 5284 τῷν

382 5274 1117 5358 περὶῄαὐτοῦίπροφητειῶν.
1158 5278 1630 5358 Libh._cxc_qsi_in
1671 5287 1841 5358 textu,
1879 5274 1952 5358 Ex

379 5346 587 5409 τέ’τῶν
626 5357 752 5427 παρ’
795 5346 992 5409 ἑαυτοῦ
1046 5351 1408 5427 προφητειῶν.
1445 5348 1610 5427 Paulo
1647 5357 1777 5427 post~
1793 5346 1949 5400 codd.

386 5429 517 5499 Heg.
574 5417 737 5499 Basil.
807 5428 1023 5499 et___duo
1079 5417 1407 5499 Anglicani,_
1447 5417 1818 5499 ἀποστολικῶν
1849 5431 1955 5484 φω-

385 5488 508 5551 νὼς.
556 5498 660 5552 Alii
715 5513 836 5553 cum
875 5495 1030 5550 libris
1089 5488 1326 5554 excusis,
1385 5488 1755 5542 ἀποστολικῶν
1815 5501 1956 5556 γρα-

387 5585 520 5632 (ξων.
1018 5635 1024 5636 7
1081 5634 1086 5636 Α
1428 5631 1438 5636 _
1524 5629 1539 5636 _
1590 5629 1608 5636 _
1703 5629 1772 5636 η,
1902 5625 1912 5636 ,

457 5639 566 5708 (88)
593 5639 748 5693 Libb.
778 5637 983 5701 excusi,
1010 5634 1299 5704 δείγματα,
1335 5631 1493 5688 male.
1524 5629 1666 5686 lnl‘ra
1703 5629 1863 5685 iidem
1900 5629 1956 5681 in

2112 1757 2194 1826 οἷς
2218 1763 2462 1836 ἔπραξαν
2495 1769 2653 1832 πᾶσι,
2684 1769 3026 1825 διδασκαλίαν
3052 1775 3188 1844 μετὰ
3221 1757 3566 1852 κατασκευῆς
3592 1802 3704 1837 ποι-

2112 1853 2268 1925 κίλης
2287 1896 2301 1920 ,
2347 1857 2422 1929 πὴ
2463 1859 2560 1927 μὲν
2589 1861 2687 1929 τῆς
2721 1861 2830 1913 ἀπὸ
2857 1860 2964 1915 τῶν
2994 1863 3247 1936 Γραφῶν,
3278 1873 3356 1941 πὴ
3382 1871 3439 1923 δὲ
3465 1875 3560 1926 καὶ
3591 1875 3702 1927 ἀπὸ

2109 1945 2204 2000 τοῦ
2237 1949 2449 2010 εἰκότος
2482 1949 2663 2019 λόγου,
2689 1951 2919 2023 δείματα
2949 1956 3197 2026 βούλεται
3232 1961 3407 2030 λέγειν
3430 1966 3458 2017 ὁ
3491 1965 3699 2032 Κέλσος

2115 2039 2610 2111 συμπεπλασμένα.
2666 2043 2925 2114 Καίτοιγε
2969 2046 3135 2120 (φίλη
3187 2051 3294 2124 γὰρ
3339 2054 3371 2124 ἡ
3435 2055 3695 2127 ἀλήθεια)

2107 2134 2240 2204 φησὶ
2274 2136 2410 2205 πρὸς
2441 2140 2553 2201 τοῖς
2581 2137 2909 2204 τελευταίοις
2931 2143 2959 2193 ὁ
2983 2141 3208 2205 Κέλσος,
3242 2144 3323 2197 ὃτι
3350 2164 3368 2195 ‹
3397 2147 3551 2216 Μήτε
3583 2150 3698 2201 τού-

2104 2241 2219 2287 τοις
2254 2225 2362 2295 εἵη,
2399 2227 2524 2297 μήτ’
2560 2229 2704 2298 ἐμοὶ,
2739 2230 2862 2301 μήτ’
2899 2231 3042 2302 ἄλλῳ
3075 2234 3186 2286 τιν).
3218 2234 3524 2307 ἀνθρώπων
3555 2239 3694 2294 ἀπο-

2105 2314 2291 2370 θέσθαι
2317 2317 2377 2369 τὸ
2412 2319 2540 2389 περὶ
2573 2319 2666 2372 τοῦ
2698 2321 3130 2394 κολασθήσεσθαι
3159 2326 3285 2388 τοὺς
3317 2326 3558 2393 ἀδίκους,
3603 2333 3694 2384 καὶ

2103 2408 2282 2480 γερῶν
2309 2408 2711 2481 ἀξιωθήσεσθαι
2745 2415 2872 2476 τοὺς
2923 2415 3164 2478 δικαίους
3186 2457 3201 2481 ,
3253 2417 3465 2488 δόγμαί
3507 2440 3525 2471 ι
3561 2423 3692 2476 Ποῖα

2099 2493 2193 2550 οῦν
2220 2497 2450 2568 δείματα
2483 2499 2621 2571 (88),
2653 2501 2746 2555 ἐὰν
2776 2503 2972 2575 ἀνέλῃς
3012 2506 3102 2558 τὸν
3134 2508 3262 2577 περὶ
3296 2508 3570 2574 κολάσεως
3601 2513 3692 2566 λό-

2101 2604 2215 2657 γον,
2247 2590 2691 2660 συμπλάττοντες
2742 2595 3105 2667 ἐπισπώμεθα
3153 2599 3280 2662 τοὺς
3333 2601 3687 2674 ἀνθρώπους;

2113 2679 2280 2732 Ἀλλά
2305 2681 2400 2733 καὶ
2427 2682 2564 2735 ἐπὰν
2593 2683 2744 2757 λέγῃ,
2766 2685 2847 2738 ὄτι
2875 2706 2892 2738 ι
2919 2688 2997 2740 Τά
3012 2685 3106 2740 τοῦ
3125 2688 3354 2743 παλαιοῦ
3373 2692 3532 2762 λόγου
3548 2713 3688 2768 παρ-

2097 2769 2420 2841 ακούσματα
2456 2775 2922 2845 συμπλάττοντες,
2953 2778 3162 2843 τούτοις
3200 2785 3685 2857 προκαταυλοῦμεν

2098 2863 2190 2914 καὶ
2221 2865 2674 2936 προκατηχοῦμεν
2707 2868 2832 2932 τοὺς
2859 2869 3205 2941 ἀνθρώπους,
3234 2874 3310 2938 ὡς
3345 2878 3394 2929 οί
3428 2880 3556 2943 τοὺς
3589 2899 3680 2934 κο-

2099 2953 2586 3026 ρυϐαντιζομένους
2640 2959 3134 3032 περιϐομϐοῦντεςο
3181 2985 3199 3015 ι
3267 2970 3513 3040 φήσομεν
3551 2975 3683 3042 πρὸς

2099 3045 2292 3098 αὐτόν·
2353 3047 2513 3100 Ποίου
2561 3049 2790 3103 παλαιοῦ
2837 3052 2997 3120 λόγου
3047 3057 3518 3130 παρακούσματα;
3558 3065 3681 3120 Εἴτε

2097 3136 2206 3208 γὰρ
2239 3137 2332 3190 τοῦ
2377 3139 2686 3212 Ἑλληνικοῦ
2711 3183 2726 3209 ,
2783 3146 2875 3198 καὶ
2908 3143 3218 3212 διδάξαντος
3251 3153 3378 3222 περὶ
3416 3153 3524 3205 τῶν
3576 3156 3680 3211 ὑπὸ

2095 3229 2197 3298 γῆν
2225 3228 2587 3302 δικαστηρίων
2610 3273 2624 3296 ,
2659 3233 2768 3287 εἴτε
2797 3235 2892 3288 τοῦ
2929 3237 3240 3307 Ἰουδαϊκοῦ,
3280 3244 3416 3311 μετά
3442 3244 3550 3298 τῶν
3583 3248 3676 3301 ἀλ-

2093 3318 2200 3372 λων
2225 3321 2319 3373 καὶ
2351 3323 2477 3392 περὶ
2511 3323 2620 3393 τῆς
2640 3325 2766 3396 ἑξῆς
2799 3325 2876 3396 τῷ
2925 3327 3025 3398 βίῳ
3080 3331 3253 3402 τούτῳ
3283 3332 3426 3404 ζωῆς
3467 3355 3676 3410 προφη-

2091 3410 2380 3476 τεύσαντος
2401 3430 2412 3442 ·
2444 3415 2544 3467 οὐκ
2572 3415 2638 3468 ἂν
2667 3416 2777 3486 ἔχοι
2809 3421 3177 3491 παραστῆσαι,
3199 3424 3279 3477 ὅτι
3307 3428 3472 3497 ἡμεῖς
3488 3431 3587 3499 μὲν
3617 3435 3673 3484 ἐν

2091 3503 2520 3574 παρακούσμασι
2553 3507 2832 3578 γενόμενοι
2862 3511 2962 3581 τῆς
2990 3513 3266 3583 ἀληθείας,
3297 3516 3408 3570 ὅσοι
3454 3536 3517 3587 γε
3558 3539 3672 3574 πει-

2089 3590 2312 3662 ρώμεθα
2342 3594 2480 3664 μετὰ
2518 3594 2674 3664 λόγου
2712 3600 3006 3668 πιστεύειν,
3044 3603 3184 3675 πρὸς
3213 3605 3280 3659 τὰ
3311 3608 3533 3663 τοιαῦτα
3563 3610 3670 3674 ζῶ-

2043 3719 2050 3725 -
2090 3703 2188 3754 μεν
2215 3687 2483 3756 δόγματα.

2154 3778 2530 3850 Παραϐάλλειν
2577 3780 2633 3833 δὲ
2667 3781 2736 3834 τά
2767 3783 2866 3855 τῆς
2911 3784 3148 3850 πίστεως
3178 3789 3336 3858 ἡμῶν
3364 3794 3477 3854 τοῖς
3506 3794 3666 3861 Αίγυ-

2084 3868 2254 3921 πτίων
2303 3868 2442 3922 θέλει
2494 3873 2813 3944 πράγμασι’
2875 3895 2894 3927 ι
2930 3878 3069 3949 Παρ’
3104 3873 3187 3943 οἷς
3243 3883 3520 3950 προσιόντι
3567 3886 3662 3955 μὲν

2083 3960 2198 4013 έστι
2222 3962 2449 4034 λαμπρὰ
2474 3965 2700 4037 τεμένη,
2726 3967 2823 4020 καὶ
2859 3969 3018 4041 ἄλση,
3055 3972 3148 4024 καὶ
3187 3975 3538 4044 προπυλαίων
3571 3995 3660 4048 με-

2080 4052 2213 4124 γέθη
2243 4071 2301 4106 τε
2331 4056 2424 4108 καὶ
2453 4056 2647 4128 κάλλη,
2687 4063 2778 4115 καὶ
2819 4061 2924 4131 νεῲ
2962 4062 3288 4134 θαυμάσιοι,
3339 4069 3435 4122 καὶ
3469 4073 3660 4142 σκηναὶ

2079 4145 2236 4218 πέριξ
2276 4149 2635 4220 ὑπερήφανοι,
2671 4154 2764 4204 καὶ
2798 4153 3083 4224 θρησκεῖαι
3141 4158 3283 4230 μάλα
3315 4160 3658 4234 δυσδαίμονες

2077 4239 2170 4290 καὶ
2205 4241 2635 4312 μυστηριώτιδες
2661 4241 2794 4314 (89)·
2815 4245 2912 4318 ἤδη
2935 4247 2989 4299 δέ
3017 4250 3256 4315 είσιόντι,
3284 4253 3376 4304 καὶ
3403 4255 3657 4326 ἐνδοτέρω

2077 4422 2262 4492 θηκος,
2295 4424 2326 4493 ἢ
2361 4425 2720 4494 κροκόδειλος,
2825 4431 3058 4500 τράγος,
3101 4433 3131 4504 ἢ
3164 4435 3328 4488 κύων.
3373 4456 3392 4488 ι
3427 4436 3492 4490 Τί
3548 4439 3651 4509 γὰρ

2067 4515 2128 4567 τὸ
2157 4515 2420 4583 ἀνάλογον
2453 4519 2566 4581 τοῖς
2599 4519 2736 4588 πρὸς
2751 4521 2876 4584 τοὺς
2915 4525 3236 4593 προσιόντας
3269 4530 3650 4598 σεμνοφανέσιν

2067 4609 2382 4676 Αἰγυπτίων
2428 4611 2548 4664 ἐστὶ
2579 4613 2707 4685 παρ’
2733 4615 2897 4684 ἡμῖν;
2944 4617 3008 4668 Τί
3041 4617 3098 4670 δὲ
3142 4619 3202 4671 τὸ
3242 4621 3505 4690 ἀνάλογον
3541 4625 3649 4684 τοῖς

2066 4697 2209 4751 ένδον
2242 4698 2380 4769 μετὰ
2410 4701 2477 4754 τά
2508 4702 2681 4772 σεμνά
2712 4705 3020 4774 προπύλαια
3044 4707 3259 4776 ἀλόγοις
3289 4710 3448 4775 ζώοις
3483 4730 3648 4784 προσ-

2065 4791 2446 4861 κυνουμένοις;
2477 4796 2544 4845 Ἢ
2560 4795 2658 4858 τὰς
2677 4796 2772 4866 μὲν
2788 4800 3141 4868 προφητείας,
3167 4803 3260 4856 καὶ
3285 4805 3374 4857 τὸν
3401 4807 3494 4858 ἐπὶ
3517 4809 3645 4859 πᾶσι

2067 4883 2198 4935 Θεὸν
2224 4883 2354 4953 (90),
2387 4884 2483 4937 καὶ
2507 4885 2573 4938 τά
2619 4888 2762 4940 κοιτά
2792 4889 2899 4941 τῶν
2931 4890 3280 4961 ἀγαλμάτων,
3309 4897 3426 4948 ἐστὶ
3457 4896 3525 4949 τὰ
3555 4895 3644 4949 καὶ

2065 4977 2184 5026 κατ’
2206 4975 2367 5028 αὑτὸν
2402 4977 2601 5046 σεμνά·
2643 4978 2846 5050 Ἰησοῦς
2876 4980 2933 5034 δέ
2961 4983 3192 5055 Χριστὸς
3235 4986 3642 5059 ἐσταυρωμένος

2065 5137 2240 5248 tea-Eu,
2266 5127 2368 5180 οὐκ
2397 5127 2461 5181 ἂν
2486 5128 2583 5201 ἔχῃ
2618 5133 2986 5203 παραστῆσαι,
3014 5134 3105 5188 sed
3134 5152 3324 5192 omnes
3355 5154 3516 5206 mss.,
3543 5140 3638 5193 οὑκ

2065 5213 2126 5248 αν
2189 5215 2290 5248 γει.
2326 5209 2432 5248 etc.

2061 5209 2126 5249 αν
2161 5209 2187 5248 ε
2224 5215 2269 5249 ει
2326 5209 2375 5250 et
2420 5236 2432 5248 .

2132 5215 2241 5336 (89)
2269 5213 2674 5342 λυσίὲιιίμονξςς
2702 5273 2795 5325 καὶ
2821 5275 3308 5342 μυστηριώτιδαες.
3335 5277 3428 5331 Sic
3446 5294 3633 5334 omnes

2060 5338 2343 5418 nis-34.,‘sgt‘l
2373 5338 2575 5418 malim,
2603 5338 3111 5418 δεισιδαίμονες-καὶ
3144 5338 3552 5418 μυστηριώδεις.

2133 5407 2242 5476 (90)
2276 5405 2385 5472 Τὰς
2399 5407 2516 5475 μὲν
2540 5405 2901 5478 προφητείας
2921 5405 3017 5465 καὶ
3037 5405 3259 5467 τόγ’ἐπὶ
3289 5405 3437 5470 idm
3464 5405 3628 5471 Θεό-ν.

2247 5474 2618 5548 scribendum,
2639 5474 2694 5532 ἀί
2719 5474 2815 5551 μὲν
2853 5474 3195 5553 προφητεῖαι,
3221 5486 3312 5539 καὶ
3333 5489 3360 5540 ὁ
3385 5489 3477 5542 ἐπὶ
3500 5490 3631 5542 πᾶσι
