3998 6170
337 280 437 340 9H

1508 270 1783 326 CONTRA
1830 267 2108 325 CELSUM
2172 267 2300 322 LIB.
2336 263 2422 320 Ill.

3493 264 3601 319 9-1.3.

337 400 396 452 τὸ
447 395 710 463 ἀνάλογον
741 394 819 465 τῷ
845 364 1301 466 προσκυνουμένῳ
1343 390 1522 460 ἀλόγῳ
1575 388 1734 459 ζώῳ;
1786 387 1921 439 Ἀλλ’

2045 385 2302 440 Shristum
2335 391 2514 438 autem
2551 381 2697 436 cruci
2731 379 2954 433 affixam
2983 377 3260 447 quidpiam
3291 393 3410 434 esse
3456 384 3596 448 quod

339 491 433 542 ὲάν
455 488 616 541 τοῦτο
643 487 774 556 λέγῃ
813 486 894 556 (οὐ
919 485 1026 556 γὰρ
1058 483 1185 536 ἄλλο
1224 500 1275 535 τι
1301 479 1453 552 οἶμαι
1483 483 1677 552 φήσειν
1712 482 1918 549 αὑτὸν),

340 581 727 652 ἀπαντήσομεν
756 577 865 649 (91)
897 577 977 630 ὅτι
1009 577 1228 630 πλείονα
1263 577 1320 628 ὲν
1354 577 1466 637 τοῖς
1508 574 1767 644 ἀνωτέρω
1794 575 1924 644 ἡμῖν

339 675 419 736 εἰς
477 669 818 740 κατασκευὴν
858 668 966 721 τῶν
1010 667 1150 720 κατά
1182 667 1272 719 τὸν
1318 664 1524 736 Ἰησοῦν
1558 665 1812 734 εἴρηται,
1843 665 1923 716 ὅτι

339 765 435 818 καὶ
465 763 532 816 τὰ
566 762 823 815 δοκοῦντα
863 761 982 814 κατ’
1019 759 1303 831 ἄνθρωπον
1343 757 1491 828 αὐτῷ
1521 757 1923 827 συμϐεϐηκέναι

338 855 626 928 χρησίμως
657 854 878 922 γέγονεν
912 854 969 904 ὲν
1011 851 1089 922 τῷ
1122 851 1282 906 παντὶ
1331 849 1440 920 (92)
1472 889 1484 910 ,
1520 850 1612 902 καὶ
1644 848 1926 918 σωτηρίως

338 947 418 1018 τῷ
449 947 555 1016 ὅλῳ
581 947 791 1017 κόσμῳ.

416 1119 547 1176 Εἶτα
571 1123 638 1176 τὰ
675 1123 772 1194 μὲν
815 1122 924 1177 τῶν
948 1124 1284 1192 Αἰγυπτίων,
1335 1121 1798 1192 σεμνολογούντων
1833 1121 1928 1172 καὶ

339 1215 412 1268 τὰ
439 1214 694 1285 περὶτῶν
730 1215 936 1284 ἀλόγων
963 1215 1072 1284 (95)
1103 1213 1278 1278 ζώων,
1316 1213 1409 1266 καὶ
1443 1214 1759 1282 φασκόντων
1792 1207 1927 1264 εἷναί

339 1324 466 1361 τινα
506 1307 646 1360 αὑτά
692 1306 828 1359 Θεοῦ
865 1305 1142 1377 σύμϐολα,
1198 1305 1231 1376 ἢ
1269 1305 1415 1366 ὅπως
1463 1303 1612 1373 φίλον
1645 1303 1929 1373 ὀνομάζειν

340 1401 458 1463 τοῖς
501 1398 928 1470 χρηματίζουσιν
970 1396 1150 1450 αὐτῶν
1194 1397 1518 1467 προφήταις,
1551 1395 1686 1466 φησὶ
1738 1413 1754 1443 ι
1793 1411 1927 1464 φαν-

341 1491 538 1546 τασίαν
591 1489 998 1555 ἐξαποστέλλειν
1030 1492 1142 1552 τοῖς
1173 1488 1345 1542 ταῦτα
1407 1488 1801 1558 μεμαθηκόσιν,
1849 1489 1929 1540 ὅτι

347 1583 426 1655 μὴ
461 1584 634 1654 μάτην
673 1581 981 1654 μεμύηνται
1007 1599 1019 1612 ·
1066 1602 1083 1632 ι
1115 1581 1183 1634 τὰ
1215 1581 1261 1633 δ’
1300 1582 1357 1633 ὲν
1390 1584 1498 1644 τοῖς
1531 1581 1816 1651 ἡμετέροις
1842 1579 1930 1634 λό-

345 1693 464 1745 γοις
497 1675 602 1728 ἀπὸ
626 1675 718 1728 τοῦ
741 1673 1072 1745 καλουμένου
1104 1678 1254 1744 παρὰ
1282 1673 1358 1744 τῷ
1378 1673 1574 1744 Παύλῳ
1597 1673 1932 1745 χαρίσματος

346 1771 406 1821 ὲν
432 1768 509 1838 τῷ
531 1767 618 1821 διὰ
645 1767 738 1820 τοῦ
797 1768 1112 1837 Πνεύματος
1164 1766 1308 1835 λόγῳ
1342 1766 1534 1834 σοφίας
1558 1805 1572 1829 ,
1622 1768 1716 1819 καὶ
1769 1768 1826 1818 ὲν
1853 1766 1931 1836 τῷ

347 1859 492 1913 κατά
514 1859 577 1911 τὸ
603 1859 827 1930 Πνεῦμα
863 1859 1006 1930 λόγῳ
1033 1857 1286 1928 γνώσεως
1311 1859 1693 1929 παριστάμενα
1712 1860 1824 1920 τοῖς
1873 1860 1930 1912 ὲν

347 1950 762 2022 Χριστιανισμῷ
791 1951 1180 2022 πολυμαθέσιν,
1206 1950 1326 2004 οὐδὲ
1361 1949 1734 2018 πεφαντάσθαι
1769 1969 1858 2020 μοι
1904 1953 1933 2004 ὁ

351 2043 558 2106 Κέλσος
605 2044 772 2096 δοκεῖ·
827 2045 885 2096 οὐ
931 2044 1090 2114 μόνον
1125 2044 1234 2096 ἀπὸ
1281 2043 1509 2106 τούτων,
1568 2042 1704 2097 ἀλλά
1731 2043 1824 2096 καὶ
1875 2044 1934 2107 ἐξ

350 2129 427 2188 ὧν
452 2137 509 2188 ὲν
539 2139 648 2200 τοῖς
677 2135 804 2206 ἑξῆς
828 2134 1149 2208 κατηγορῶν
1182 2134 1275 2188 τοῦ
1311 2136 1652 2206 συστήματος
1684 2136 1936 2205 Χριστια-

351 2226 458 2282 νῶν
482 2227 660 2296 λέγει’
697 2229 772 2291 ὼς
805 2247 823 2279 ‹
861 2229 1038 2281 πάντα
1071 2228 1170 2298 μὲν
1203 2223 1366 2295 σοφὸν
1398 2227 1805 2280 ἀπελαυνόντων
1838 2226 1933 2280 τοῦ

351 2320 510 2388 λόγου
547 2320 657 2391 (94)
692 2320 793 2390 τῆς
839 2321 1077 2382 πίστεως
1112 2319 1310 2386 αὐτῶν,
1365 2320 1559 2390 μόνους
1592 2320 1649 2372 δὲ
1676 2321 1936 2391 ἀνοήτους

353 2413 444 2466 καὶ
478 2414 602 2476 τοὺς
635 2411 1067 2482 ἀνδραποδώδεις
1089 2411 1423 2463 καλούντων
1467 2430 1485 2462 ι
1537 2413 1665 2483 περὶ
1694 2406 1769 2465 ὧν
1797 2412 1936 2465 κατὰ

353 2505 543 2575 καιρὸν
572 2504 850 2574 εἰσόμεθα,
887 2503 1166 2572 γενόμενοι
1193 2501 1333 2554 κατὰ
1358 2502 1450 2555 τὸν
1486 2504 1669 2556 τόπον.

427 2679 538 2731 Καὶ
549 2682 682 2755 φησί
701 2697 763 2748 γε
786 2701 804 2732 ι
830 2679 976 2749 ἡμᾶς
1006 2677 1113 2730 τῶν
1144 2678 1239 2748 μὲν
1265 2679 1576 2746 Αἰγυπτίων
1610 2679 1936 2751 καταγελᾷν,

357 2769 534 2823 καίτοι
565 2769 731 2822 πολλὰ
761 2769 854 2823 καὶ
887 2771 948 2824 ού
1003 2771 1181 2840 φαῦλα
1217 2771 1564 2842 παρεχόντων
1620 2772 1938 2842 αἰνίγματα,

354 2862 494 2914 ἐπὰν
539 2861 713 2916 ἰδεῶν
742 2863 946 2926 ἀῖδίων,
980 2865 1074 2917 καὶ
1099 2865 1194 2935 οὐχ
1227 2865 1339 2936 (ὡς
1379 2864 1628 2918 δοκοῦσιν
1659 2866 1709 2917 οί
1739 2865 1939 2937 πολλοὶ)

354 2953 510 3017 ζώων
543 2955 858 3025 ὲφημερίων
885 2955 1051 3025 τιμὰς
1075 2951 1295 3009 εἶναιτὰ
1326 2953 1548 3009 τοιαῦτα
1577 2955 1937 3010 διδάσκουσιν

2029 493 2150 530 cum
2171 476 2392 530 adorata
2417 475 2572 528 bruta
2601 473 2876 526 animante
2899 471 3092 525 merito
3110 470 3458 525 conferatur?
3478 472 3530 525 Id
3555 475 3601 526 si

2028 566 2199 632 dicat,
2234 581 2409 636 neque
2439 566 2586 619 enim
2625 564 2772 618 aliud
2800 563 3072 617 dicturmn
3107 572 3256 632 puto,
3298 563 3602 632 responde-

2028 659 2206 712 bimus
2257 657 2422 711 multa
2462 656 2575 724 jam
2632 656 2683 708 in
2735 656 3175 722 superioribusa
3226 655 3382 709 nobis
3435 654 3606 712 fuisse

2030 748 2264 802 adducta
2329 748 2396 800 ad
2438 745 2868 800 confirmandum
2917 760 3253 816 quaecunque
3307 748 3374 826 ad
3419 745 3602 799 Jcsum

1992 835 1996 840 ’
2027 838 2332 907 pertinent,
2365 835 2871 906 ostendendumque
2903 837 3056 890 utilia
3103 838 3230 891 huic
3261 839 3605 892 universitati

2029 929 2401 998 salutariaque
2429 926 2597 999 458
2630 929 2723 981 ιοιὶ
2761 929 2960 982 mundo
3013 928 3186 984 fuisse
3212 971 3227 997 ,
3264 945 3383 1000 qua:
3413 931 3486 985 illi
3522 946 3606 986 se-

2029 1020 2267 1074 cundum
2312 1019 2588 1072 hominem
2618 1017 2864 1072 accidere
2898 1020 3014 1073 visa
3047 1030 3191 1074 sunt.

2102 1108 2193 1164 18.
2222 1107 2356 1174 Quia
2400 1121 2529 1161 vero
2555 1106 2795 1178 [Egyptii
2851 1109 3142 1177 magniﬁca
3175 1110 3242 1164 de
3271 1111 3447 1166 brutis
3490 1113 3610 1168 aui-

2032 1200 2307 1253 montibus
2352 1197 2670 1266 loquuntur,
2717 1197 3016 1266 dicuntque
3066 1200 3158 1253 illa
3202 1215 3324 1256 esse
3358 1205 3610 1272 quaedam

2033 1292 2127 1344 Dei
2155 1287 2406 1361 symbola
2443 1298 2535 1342 aut
2563 1300 2889 1358 quocunque
2924 1287 3030 1342 alio
3071 1291 3292 1345 nomine
3331 1306 3394 1346 ea
3428 1295 3613 1362 appel-

2031 1383 2146 1438 lare
2176 1383 2352 1436 visum
2377 1391 2460 1436 est
2489 1381 2703 1437 illorum
2734 1380 3033 1449 prophetis,
3065 1380 3319 1448 allii-mat,
3354 1402 3374 1435 ι
3406 1387 3497 1454 qui
3525 1401 3614 1440 re-

2035 1490 2152 1527 rum
2180 1474 2395 1528 illarum
2435 1483 2561 1527 sunt
2585 1472 2771 1542 periti,
2809 1485 2906 1526 eos
2934 1471 3139 1538 induci,
3176 1482 3234 1527 ut
3263 1488 3322 1527 se
3349 1491 3458 1531 non
3499 1475 3615 1532 fru-

2035 1575 2146 1620 stra
2207 1567 2314 1621 illis
2368 1565 2612 1620 initiatos
2659 1579 2778 1620 esse
2823 1564 3088 1633 cogitent.
3140 1583 3158 1616 ι
3220 1567 3290 1621 At
3320 1581 3448 1623 vero
3492 1585 3616 1639 qua:

2035 1660 2234 1729 gratia,
2291 1669 2346 1712 ut
2379 1658 2577 1714 Paulus
2607 1666 2770 1713 vocat
2809 1658 2876 1723 σθ,
2930 1659 2982 1712 in
3033 1673 3288 1714 sermone
3337 1663 3616 1730 sapientia:

2035 1767 2131 1819 pt'l'
2187 1749 2453 1819 Spiritum
2498 1760 2552 1806 et
2609 1751 2662 1804 in
2717 1766 2970 1806 sermone
3024 1753 3269 1807 scientiae
3312 1757 3613 1810 secundum

2035 1843 2341 1912 Spiritum,
2394 1843 2450 1896 in
2485 1852 2672 1896 nostra
2723 1843 3009 1913 disciplina
3056 1845 3252 1915 retegit
3297 1846 3365 1901 iis
3415 1849 3507 1917 qui
3561 1850 3613 1903 in

2033 1935 2454 1990 Christianismo
2487 1944 2615 1988 sunt
2645 1936 2866 2001 eruditi,
2904 1937 2968 1991 de
3001 1936 3068 1991 iis
3115 1953 3182 1991 ne
3215 1938 3432 2006 quidem
3464 1942 3615 2010 cogi-

2037 2036 2182 2082 tasse
2210 2025 2428 2082 Celsum
2479 2027 2738 2083 arbitror.
2771 2029 3108 2099 Argumento
3147 2040 3274 2085 sunt
3320 2047 3428 2086 non
3457 2035 3618 2089 modo

2035 2137 2155 2190 quae
2195 2135 2321 2176 mox
2350 2119 2510 2184 dixit,
2548 2121 2642 2174 sed
2691 2121 2856 2175 etiam
2903 2137 3023 2190 qua:
3071 2124 3136 2176 ad
3188 2123 3617 2196 redarguendam

2036 2213 2472 2268 Christianorum
2506 2211 2826 2266 societatem
2859 2214 3071 2283 profert
3123 2215 3177 2268 in
3211 2220 3565 2286 sequentibus
3598 2238 3612 2284 ;

2037 2307 2300 2360 nimirum
2349 2323 2368 2357 ι
2409 2305 2660 2360 doctrina
2687 2304 2810 2359 ﬁdei
2861 2305 2981 2360 illos
3017 2306 3344 2363 interdicere
3401 2311 3620 2378 sapien-

2041 2400 2185 2454 tibus
2215 2397 2493 2463 omnibus,
2521 2396 2810 2451 admittere
2838 2397 2984 2452 solos
3018 2398 3293 2466 stupidos,
3327 2401 3510 2454 servili
3541 2402 3622 2455 in-

2040 2491 2197 2559 genio
2221 2489 2492 2544 homines.
2526 2507 2545 2539 ι
2574 2489 2650 2542 De
2676 2488 2876 2558 quibus
2904 2502 3004 2542 suo
3032 2497 3272 2558 tempore
3297 2489 3621 2555 videbimus,

2041 2598 2164 2636 cum
2209 2586 2272 2635 ad
2303 2583 2445 2635 hunc
2474 2581 2652 2635 locum
2690 2589 2908 2634 ventum
2951 2581 3078 2635 erit.

2115 2673 2203 2730 19.
2232 2672 2415 2738 Addit,
2448 2690 2466 2722 ι
2505 2673 2663 2727 nobis
2700 2671 2986 2742 Egyptios
3038 2689 3157 2728 esse
3188 2673 3418 2730 ridiculo
3443 2716 3457 2738 ,
3491 2692 3621 2746 pro-

2043 2778 2244 2835 ponere
2288 2776 2468 2818 tamen
2531 2763 2702 2818 multa
2767 2779 2876 2818 non
2929 2765 3235 2834 spernenda
3290 2767 3619 2837 aenigmata;

2043 2854 2480 2925 quandoquidem
2516 2855 2664 2908 ideas
2689 2863 2949 2919 aeternas,
2974 2871 3082 2911 non
3110 2864 3316 2921 autem,
3339 2859 3482 2926 quod
3508 2860 3626 2912 vul-

2043 2962 2142 3018 gus
2171 2955 2346 3016 putat,
2380 2961 2503 2999 mox
2551 2947 2838 3002 interitura
2900 2948 3178 3016 animalia,
3216 2947 3474 3005 colendas
3504 2966 3628 3006 esse

352 3046 570 3115 εὐήθεις
597 3045 640 3098 δ’
659 3041 816 3110 εἶναι,
848 3045 1014 3116 μηδὲν
1042 3047 1364 3118 σεμνότερον
1385 3047 1604 3118 τράγων
1628 3046 1718 3100 καὶ
1739 3045 1934 3109 κυνῶν,

2045 3043 2311 3106 doceant;
2345 3053 2445 3092 nos
2474 3053 2604 3093 vero
2650 3040 2845 3096 stultos
2873 3055 3015 3104 esse,
3058 3043 3150 3110 qui
3197 3043 3247 3094 in
3285 3041 3370 3106 iis,
3405 3056 3525 3110 quae
3559 3044 3627 3096 de

352 3136 462 3190 τῶν
488 3139 618 3207 παρ’
650 3137 998 3206 Αἰγυπτίοις,
1035 3138 1353 3206 εἰσάγοντας
1403 3140 1461 3192 ὲν
1489 3141 1610 3202 ταῖς
1667 3143 1798 3211 περὶ
1847 3139 1936 3192 τοῦ

368 3227 542 3297 Ἰησοῦ
561 3229 860 3299 διηγήσεσι.
885 3248 902 3278 ι
923 3229 1032 3281 Καὶ
1049 3229 1185 3300 πρὸς
1216 3230 1375 3282 τοῦτο
1402 3231 1458 3283 δὲ
1480 3231 1727 3301 φήσομεν
1745 3248 1758 3262 ·
1782 3232 1850 3282 Ἀ
1859 3233 1936 3303 ρ’,

354 3311 402 3371 ὧ
432 3321 662 3386 γενναῖε,
693 3319 753 3370 τὸ
781 3320 880 3390 μὲν
911 3320 1244 3386 Αἰγυπτίους
1291 3320 1462 3374 πολλά
1510 3322 1604 3374 καὶ
1652 3322 1714 3374 οὐ
1759 3321 1941 3390 φαῦλα

357 3407 694 3480 παρέχεσθαι
735 3408 1066 3478 αἰνίγματα,
1116 3411 1209 3461 καὶ
1259 3410 1489 3478 ἀσαφεῖς
1507 3411 1785 3482 διηγήσεις
1815 3413 1942 3483 περὶ

356 3501 463 3554 τῶν
489 3503 618 3571 παρ’
649 3503 828 3564 αὐτοῖς
845 3500 1018 3564 ζώων,
1049 3499 1284 3569 εὐλόγως
1301 3503 1546 3576 ἐπαίρεις
1577 3503 1654 3573 τῷ
1680 3502 1850 3573 λόγῳ·
1879 3505 1940 3556 οὐ

356 3593 583 3657 δεόντως
613 3593 669 3646 δὲ
705 3596 878 3656 ποιεῖς
907 3592 1064 3664 ἡμῶν
1099 3593 1416 3664 κατηγορῶν
1442 3634 1456 3655 ,
1504 3593 1578 3657 ώς
1623 3593 1942 3664 πειθόμενος

361 3683 524 3754 μηδὲν
556 3685 703 3754 ἡμᾶς
753 3683 929 3752 λέγειν
953 3723 967 3747 ,
1000 3684 1136 3737 ἀλλά
1188 3685 1364 3738 πάντα
1395 3685 1609 3745 οὐδενὸς
1662 3685 1819 3753 λόγου
1849 3688 1942 3738 καὶ

359 3773 536 3843 φαῦλα
555 3792 568 3804 ·
599 3775 738 3828 ἐπάν
766 3775 834 3829 τά
862 3775 990 3847 περὶ
1020 3775 1113 3828 τοῦ
1158 3777 1331 3846 Ἰησοῦ
1364 3776 1508 3830 κατά
1533 3775 1632 3847 τὴν
1663 3777 1755 3829 τοῦ
1783 3777 1940 3845 λόγου

360 3865 549 3935 σοφίαν
565 3867 946 3938 διεξοδεύωμεν
966 3871 1077 3932 τοῖς
1095 3869 1169 3933 ὡς
1193 3871 1250 3922 ὲν
1267 3863 1677 3940 Χριστιανισμῷ
1697 3869 1938 3932 τελείοις·

359 3958 486 4025 περὶ
511 3950 606 4021 ὧν,
629 3957 705 4020 ὡς
736 3957 933 4010 ἱκανῶν
964 3959 1194 4012 ἀκοῦσαι
1212 3959 1310 4029 τῆς
1339 3961 1397 4013 ὲν
1417 3960 1826 4031 Χριστιανισμῷ
1858 3978 1944 4014 σο-

361 4049 509 4117 φίας,
541 4049 808 4102 διδάσκων
832 4051 860 4102 ό
893 4048 1104 4112 Παῦλός
1134 4067 1263 4120 φησι
1286 4067 1298 4080 ο
1338 4069 1356 4100 ι
1389 4051 1590 4120 Σοφίαν
1607 4052 1661 4104 δὲ
1679 4051 1944 4122 λαλοῦμεν

361 4143 419 4194 ὲν
445 4144 558 4203 τοῖς
586 4140 811 4204 τελείοις
830 4158 843 4170 ·
882 4141 1072 4210 σοφίαν
1097 4141 1154 4193 δὲ
1181 4142 1242 4194 οὐ
1263 4141 1356 4194 τοῦ
1379 4141 1572 4204 αἰῶνος
1591 4143 1802 4205 τούτου,
1825 4143 1946 4196 οὐδὲ

359 4231 468 4284 τῶν
485 4231 760 4304 ἀρχόντων
781 4229 874 4283 τοῦ
896 4231 1089 4295 αίῶνος
1114 4231 1302 4284 τούτου
1328 4231 1436 4284 τῶν
1462 4249 1736 4301 καταργου
1745 4233 1940 4304 μένων·

361 4323 498 4378 ἀλλά
527 4323 792 4394 λαλοῦμεν
820 4323 953 4375 Θεοῦ
989 4323 1178 4393 σοφίαν
1209 4325 1267 4376 ὲν
1299 4323 1581 4393 μυστηρίῳ
1610 4324 1708 4394 τὴν
1741 4325 1943 4376 ἀποκε-

2045 3129 2173 3186 Jcsu
2197 3147 2228 3185 a
2257 3133 2412 3186 nobis
2436 3133 2709 3197 dicuntur,
2738 3131 2871 3184 nihil
2907 3133 3073 3186 hircis
3099 3133 3433 3201 canibusque
3456 3132 3626 3203 Αῖεγ-

2001 3263 2004 3266 .
2045 3223 2246 3291 ptiacis
2297 3224 2533 3278 nobilius
2577 3221 2893 3276 aﬂ'eramus.
2935 3243 2955 3276 ι
3007 3225 3088 3278 Ad
3133 3240 3254 3294 qua:
3289 3240 3388 3280 nos
3421 3241 3433 3277 :
3471 3226 3625 3289 Esto,

2047 3316 2131 3369 vir
2177 3315 2461 3385 praeclare,
2516 3312 2727 3370 meritis
2777 3311 3028 3370 laudibus
3084 3315 3317 3370 extollas
3357 3315 3525 3370 multa
3572 3326 3628 3370 et

2046 3425 2153 3464 non
2181 3410 2599 3474 contemnenda,
2653 3422 2772 3477 qua:
2816 3407 3054 3478 Egyptii
3108 3417 3437 3477 proponunt,
3495 3410 3630 3463 ami-

2047 3512 2228 3572 gmata
2263 3501 2644 3569 involutasque
2688 3499 2756 3554 de
2798 3501 2911 3554 suis
2939 3499 3269 3554 animalibus
3307 3500 3629 3568 explicatio-

2049 3611 2182 3649 nes:
2222 3604 2279 3647 at
2311 3609 2418 3648 non
2467 3601 2616 3647 recte
2646 3592 2802 3658 facis,
2854 3607 2977 3646 cum
3025 3593 3090 3646 ad
3124 3606 3223 3645 nos
3268 3593 3628 3646 traducendos

2049 3686 2141 3739 tibi
2177 3687 2228 3738 iu
2255 3687 2492 3738 animum
2529 3683 2766 3748 inducis,
2799 3683 2932 3736 nihil
2969 3696 3066 3737 nos
3097 3683 3300 3746 dicere,
3333 3691 3630 3752 nostraque

2045 3778 2226 3834 Omnia
2254 3777 2428 3832 iutilia
2453 3792 2592 3842 esse,
2622 3780 2824 3832 nullius
2857 3777 3038 3846 pretii,
3071 3777 3292 3844 quando
3320 3776 3406 3841 iis,
3443 3763 3534 3844 qui
3569 3778 3624 3828 in

2049 3871 2470 3927 Christianismo
2495 3879 2622 3927 sunt
2645 3868 2893 3939 perfecti,
2927 3869 2993 3924 de
3011 3867 3139 3922 Jesu
3167 3869 3485 3922 disserimus
3509 3883 3630 3935 qua:

2049 3973 2247 4018 nostra:
2277 3964 2540 4019 doctrinae
2567 3961 2834 4034 sapientia
2871 3961 3026 4015 credi
3059 3958 3232 4027 jubet.
3266 3959 3342 4012 De
3373 3959 3533 4013 hisut
3563 3961 3628 4012 ad

2051 4057 2460 4127 intelligendam
2513 4056 2662 4112 illam
2696 4052 3108 4108 Christianismi
3150 4051 3472 4121 sapientiam
3513 4050 3627 4103 ido-

2049 4149 2165 4203 neis
2187 4147 2386 4204 Paulus
2408 4150 2524 4203 ait:
2555 4167 2573 4201 ι
2605 4146 2940 4217 Sapientiam
2975 4153 3157 4197 autem
3183 4143 3454 4211 loquimur
3488 4143 3630 4196 inter

2047 4241 2318 4310 perfectos
2344 4258 2360 4306 ;
2391 4241 2716 4311 sapientiam
2750 4252 2880 4293 vero
2909 4251 3014 4289 non
3035 4235 3194 4304 hujus
3221 4235 3426 4299 saeculi,
3454 4250 3630 4303 neque

2051 4333 2356 4402 principum
2407 4332 2566 4400 hujus
2596 4331 2778 4386 saeculi
2803 4329 2897 4399 qui
2925 4329 3310 4394 destruantur;
3342 4328 3433 4381 sed
3459 4329 3634 4396 loqui-

363 4415 706 4488 κρυμμένην,
735 4416 800 4483 ἢν
831 4413 1138 4486 προώρισεν
1156 4416 1184 4467 ὁ
1207 4413 1339 4476 Θεὸς
1365 4412 1468 4485 πρὸ
1497 4412 1602 4464 τῶν
1639 4411 1847 4465 αἰώνων
1864 4415 1935 4476 είς

2052 4439 2176 4478 mur
2243 4422 2339 4477 Dei
2398 4423 2720 4493 sapientiam
2776 4419 3155 4488 in.mysterio
3213 4419 3624 4486 absconditam,

362 4507 516 4572 δόξαν
538 4506 715 4578 ἡμῶν,
739 4507 803 4578 ἢν
834 4505 1012 4571 οὐδεὶς
1033 4505 1139 4558 τῶν
1169 4505 1443 4575 ἀρχόντων
1475 4503 1567 4556 τοῦ
1599 4503 1793 4567 αἰῶνος
1823 4506 1943 4557 τού-

362 4615 455 4650 του
483 4596 706 4666 ἔγνωκε.
742 4616 760 4647 ι

437 4784 544 4837 Καί
571 4799 746 4853 φαμεν
781 4784 890 4843 τοῖς
921 4778 1206 4851 ὁμονοοῦσι
1231 4777 1308 4849 τῷ
1334 4778 1544 4846 Κέλσῳ,
1575 4780 1655 4831 ὅτι
1688 4779 1941 4850 οὐδεμίαν

371 4872 476 4942 ἄρα
503 4871 902 4942 φανταζόμενος
953 4871 1146 4940 σοφίαν
1190 4872 1219 4922 ὁ
1263 4869 1472 4932 Παῦλος
1521 4869 1897 4942 ὑπερέχουσαν
1925 4912 1940 4935 ,

369 4962 733 5033 ἐπηγγέλλετο
767 4964 956 5032 σοφίαν
999 4963 1180 5018 λαλεῖν
1209 4965 1266 5016 ὲν
1294 4965 1406 5025 τοῖς
1435 4963 1688 5026 τελείοις·
1723 4964 1944 5017 ἐπειδάν

368 5052 425 5105 δὲ
454 5051 592 5105 κατὰ
625 5053 683 5104 τὸ
711 5052 898 5106 ἑαυτοῦ
931 5053 1101 5123 θρασὺ
1130 5055 1299 5126 φήσῃ,
1326 5054 1406 5106 ὅτι
1435 5053 1584 5106 οὐδὲν
1609 5052 1746 5124 ἔχων
1781 5055 1942 5124 σοφὸν

444 5217 489 5248 ⁸⁸
524 5215 542 5270 l
574 5213 703 5269 Cor.
735 5229 833 5278 xu,
862 5214 914 5268 8.
994 5217 1035 5245 ⁸⁸
1071 5216 1086 5268 l
1122 5215 1249 5286 _Cor.
1289 5233 1347 5280 ιι,
1381 5216 1414 5268 6
1440 5233 1593 5287 seqq.

437 5371 1064 5448 (θιλᾊπαντήσομειζ.
1098 5371 1264 5448 Recte
1295 5374 1461 5448 codex
1496 5371 1764 5436 Julianus,
1803 5375 1942 5428 male

437 5389 552 5498 (υιῖ
598 5389 1064 5439 Ἀπαντησομεν.
1100 5389 1264 5448 necte
1295 5389 1461 5426 couex
1496 5389 1576 5426 J01

365 5463 492 5503 vero
550 5445 657 5498 ιω).
689 5454 847 5512 antea
872 5443 1585 5512 CXttltsiLd'ﬂavmaépsvov.

427 5515 541 5586 (92)
585 5517 687 5568 Ἐν
716 5511 794 5578 τῷ
830 5511 1028 5586 παντί.
1080 5511 1334 5565 Dclcuda
1363 5515 1573 5567 videtur
1609 5511 1824 5578 vocula,
1855 5515 1932 5578 ὲν,

368 5580 491 5640 nata
515 5580 544 5638 ὀ
573 5583 905 5654 praecedenti
923 5580 1161 5654 γέγονενἸ

439 5657 548 5726 (95)
575 5651 875 5726 ’Ἇλόγῳνι-
897 5651 1234 5706 Ηωδοιιθιὶιιε
1261 5651 1314 5726 in
1351 5660 1494 5726 textu
1531 5651 1717 5726 habet,
1738 5651 1929 5722 ἄλλων,

369 5721 554 5795 sicque
583 5721 748 5780 codex
776 5721 1040 5789 Jolianus,
1074 5726 1165 5777 sed
1201 5721 1390 5794 reliqui
1432 5738 1586 5788 mss.,
1624 5721 1851 5790 ἀλόγων.

2049 4530 2214 4586 quam
2255 4513 2664 4584 prazdestinavit
2710 4511 2872 4566 Deus"
2899 4519 3025 4564 ante
3080 4509 3273 4565 saecula
3317 4511 3370 4564 in
3399 4512 3629 4580 gloriam

2052 4617 2315 4670 nostram,
2351 4622 2516 4675 quam
2560 4620 2721 4662 nemo
2773 4605 3080 4678 principum
3127 4602 3286 4672 hujus
3322 4605 3502 4660 seaculi
3534 4619 3628 4659 co-
3681 4597 3690 4604 ’

2048 4701 2234 4772 guovit
2269 4701 2332 4751 ⁶¹.
2365 4719 2383 4750 ι

2113 4793 2202 4847 ‘20.
2239 4792 2339 4847 Hic
2373 4791 2513 4846 Celsi
2561 4793 2802 4846 asseclas
2839 4790 3138 4860 interrogo,
3194 4804 3260 4842 an
3301 4787 3526 4852 Paulus,
3580 4791 3625 4844 si

2045 4886 2244 4940 nullam
2285 4887 2468 4939 animo
2503 4883 2852 4937 informatam
2881 4881 3164 4936 habuisset
3186 4882 3511 4936 excellentis
3540 4897 3628 4935 sa-

2049 4978 2269 5048 pientiae
2318 4977 2618 5040 notionem,
2649 4976 2993 5044 promisisset
3025 4989 3082 5028 se
3114 4975 3436 5044 sapientiam
3482 4974 3626 5026 locu-

2053 5078 2232 5121 turum
2255 5081 2378 5122 csse
2409 5067 2551 5121 inter
2579 5066 2886 5135 perfectos?
2915 5065 3183 5132 Quoniam
3212 5079 3360 5134 vero,
3385 5077 3503 5132 quae
3529 5077 3626 5115 sua

2125 5379 2238 5450 (94)
2272 5380 2382 5434 Τοῦ
2409 5383 2616 5450 λόγου.
2640 5381 2841 5436 Omnes
2873 5395 3004 5434 mss.
3031 5378 3260 5450 habent,
3279 5375 3406 5450 τοὺς
3431 5373 3625 5450 λόγους

2051 5446 2281 5519 excepto
2317 5446 2788 5523 veteri-Vaticano
2840 5452 2928 5517 qui
2972 5448 3188 5523 quidem
3250 5446 3620 5523 halLet‘prima

2049 5514 2235 5585 manu,
2272 5523 2399 5584 τοὺς
2427 5521 2638 5589 λόγους,
2673 5523 2766 5573 sed
2797 5514 3054 5589 (secunda
3087 5531 3244 5589 manu
3281 5514 3577 5589 τοῦμλόγου
3605 5556 3621 5580 ,

2049 5583 2390 5644 recteJlox’
2412 5583 2549 5644 idem
2583 5583 2749 5644 codex
2793 5587 3111 5645 Vaticanus,
3151 5584 3345 5654 μόνους
3373 5583 3428 5636 δὲ
3459 5586 3622 5654 ἀνοή-

2041 5675 2187 5722 τους.
2221 5658 2277 5714 ln
2307 5671 2465 5715 antea
2493 5661 2710 5715 excusis
2738 5659 2884 5712 deest
2914 5655 3176 5725 particula
3209 5653 3287 5705 δέ.
