3998 6170
453 225 556 280 943

1897 233 2221 290 ORIGENlS

3597 249 3696 305 ιιι

451 345 536 392 est
591 336 918 392 conﬁdentia
948 378 961 403 ,
1002 339 1147 395 dicet
1176 342 1325 397 illum
1348 360 1369 409 ,ί
1403 346 1525 401 licet
1583 348 1719 401 nihil
1754 348 1998 418 sapienti:

2103 402 2106 410 ,
2132 348 2302 402 ταῦτα
2328 351 2690 420 ἐπηγγέλλετο
2709 369 2722 381 ·
2765 354 3301 426 ἀνταποκρινούμεθα
3342 358 3491 429 αὐτῷ
3522 358 3671 429 λέγον
3688 392 3700 404 ο

454 425 772 490 habentem,
815 428 928 482 hmc
968 440 1146 485 tamen
1198 436 1512 501 promisisse
1544 477 1559 499 ,
1596 448 1784 491 contra
1820 452 2024 506 repono

448 518 569 575 sic:
602 517 681 572 Tu
718 521 950 587 primum
1001 523 1242 577 edissere
1272 524 1387 593 ejus
1416 528 1508 596 qui
1560 527 1675 581 haec
1703 529 1836 584 dicit
1894 530 2023 600 Epi-

448 610 648 675 stolas;
674 620 728 665 et
751 612 986 680 inspecta
1012 625 1193 669 mente
1221 616 1556 686 singularum
1582 621 1876 675 dictionum
1905 638 2023 692 qua:

450 704 522 761 ibi
557 705 837 774 leguntur,
868 707 922 757 in
952 704 1017 759 iis
1041 709 1275 778 exempli
1300 724 1464 765 causa
1486 726 1624 780 quas
1645 714 1710 766 ad
1733 712 2019 783 Ephesios,

444 798 514 851 ad
544 798 917 860 Colossenses,
955 799 1023 852 ad
1055 798 1678 867 Thessalonicenses,ad
1710 806 2019 874 Philippen-

445 905 554 956 ses,
587 892 654 945 ad
688 890 968 945 Romanos
991 892 1209 961 scripsit
1236 911 1250 959 ;
1280 894 1385 949 hoc
1417 903 1707 964 utrumque
1735 897 1901 969 459
1926 902 2019 954 de-

445 993 711 1048 monstra,
742 992 796 1037 et
821 996 871 1036 te
900 998 1187 1038 sermones
1217 983 1369 1039 Pauli
1401 987 1753 1057 intellexisse,
1781 1003 1831 1045 et
1855 1006 2017 1059 quos-

443 1075 568 1127 dam
604 1074 820 1128 illorum
856 1075 1109 1132 inventos
1140 1091 1168 1128 a
1215 1086 1266 1131 te
1299 1075 1470 1133 fuisse
1506 1081 1696 1136 stultos
1722 1097 1786 1136 ac
1814 1082 2012 1137 fatuos.

440 1163 497 1218 Si
530 1164 675 1218 enim
703 1166 963 1235 prmsenti
995 1175 1312 1238 attentoque
1345 1171 1528 1225 animo
1549 1173 1667 1227 illas
1691 1177 2010 1241 versaverit,

438 1257 737 1312 mirabitur
770 1267 854 1312 sat
885 1260 998 1313 scio
1032 1260 1306 1330 ingenium
1342 1264 1580 1318 hominis
1610 1275 1802 1336 magna
1831 1270 2009 1323 verbis

440 1349 760 1420 vulgaribus
797 1349 1188 1420 expt‘imentis;
1232 1363 1324 1407 aut
1355 1357 1398 1410 si
1430 1372 1536 1411 non
1569 1358 1868 1413 admiratus
1895 1360 2009 1415 fue-

438 1441 534 1507 rit,
572 1443 689 1512 ipse
718 1443 1083 1511 perridiculus
1135 1447 1449 1514 videbitur;
1486 1449 1599 1504 sive
1624 1460 1856 1506 mentem
1906 1453 2005 1507 viri

434 1543 739 1596 assecutus,
777 1534 923 1587 illam
958 1549 1339 1606 repraesentet;
1372 1540 1486 1594 sive
1515 1540 1647 1596 velit
1687 1543 2006 1613 impugnare

436 1636 490 1680 et
544 1635 790 1681 evertere
821 1643 942 1697 quae
973 1628 1075 1683 sibi
1102 1631 1250 1684 visus
1283 1631 1445 1685 luerit
1474 1632 1824 1688 intellexisse.

2127 457 2218 503 τες
2237 457 2249 469 ·
2278 440 2501 511 Πρῶτον
2522 444 2815 513 σαφήνισον
2840 444 2932 497 τοῦ
2955 445 3124 498 ταῦτα
3147 447 3397 515 λέγοντος
3423 450 3523 514 τάς
3556 452 3697 509 Ἑπι-

2127 529 2352 593 στολάςο
2388 532 2482 583 καὶ
2526 532 2838 597 ὲνατενίσας
2887 534 2966 605 τῷ
3005 535 3302 607 βουλήματι
3358 539 3594 613 ἑκάστης
3637 546 3695 598 ὲν

2123 622 2317 685 αὐταῖς
2342 621 2539 687 λέξεως
2582 624 2601 694 (
2631 624 2751 695 φέρ’
2781 628 2953 679 εἰπεῖν
2997 630 3061 698 τῇ
3093 629 3229 699 πρὸς
3263 631 3575 699 Ἐφεσίους,
3604 636 3695 688 καὶ

2123 710 2260 781 πρὸς
2280 711 2633 779 Κολασσαείς,
2665 715 2759 768 καὶ
2785 718 2850 786 τῇ
2879 717 3014 788 πρὸς
3033 717 3459 785 Θεσσαλονικεῖς,
3491 724 3586 775 καὶ
3607 725 3697 778 Φι-

2120 801 2448 872 λιππησίους
2466 846 2479 868 ,
2508 806 2604 858 καὶ
2629 808 2766 879 πρὸς
2809 809 3152 880 Ῥωμαίους),
3187 812 3473 885 ἀμφότερα
3505 815 3690 880 δεῖξον,

2119 894 2213 945 καὶ
2240 895 2322 948 ὅτι
2350 898 2612 968 νενόηκας
2640 901 2765 962 τοὺς
2798 900 3011 972 Παύλου
3035 902 3247 970 λόγους,
3281 905 3375 957 καὶ
3405 907 3488 958 ὅτι
3518 924 3693 978 παρα-

2118 985 2311 1055 στῆσαι
2333 987 2443 1060 (95)
2473 989 2688 1059 εὐήθεις
2710 990 2861 1055 τινὰς
2889 993 2921 1063 ἢ
2947 992 3203 1064 ⁴ἠλιθίους.
3244 995 3369 1050 Ἐἀν
3394 998 3505 1068 γὰρ
3529 998 3694 1068 ἐπιδῷ

2115 1075 2307 1130 ἑαυτὸν
2336 1079 2400 1147 τῇ
2431 1077 2569 1147 μετὰ
2593 1078 2686 1131 τοῦ
2717 1079 3002 1150 προσέχειν
3033 1082 3370 1150 ἀναγνώσει,
3404 1081 3462 1138 εὖ
3490 1081 3590 1138 οἷδ’
3613 1086 3694 1140 ὅτι

2115 1164 2147 1235 ἢ
2169 1165 2520 1236 θαυμάσεται,
2539 1169 2630 1222 τὸν
2659 1168 2782 1223 νοῦν
2806 1171 2898 1223 τοῦ
2925 1172 3116 1243 ἀνδρὸς
3138 1213 3153 1238 ,
3188 1175 3246 1226 ὲν
3282 1174 3520 1247 ἰδιωτικῇ
3552 1175 3692 1240 λέξει

2116 1257 2326 1327 μεγάλα
2352 1259 2746 1329 περινοοῦντος,
2777 1261 2810 1329 ἢ
2840 1260 2913 1331 μὴ
2943 1261 3245 1333 θαυμάσας,
3271 1265 3433 1327 αὐτὸς
3459 1267 3693 1335 καταγέ-

2113 1346 2307 1413 λαστος
2336 1354 2585 1419 φανεῖται
2604 1368 2618 1381 ·
2677 1352 2789 1405 εἴτε
2815 1353 3164 1424 διηγούμενος
3203 1355 3279 1419 ὡς
3330 1357 3602 1428 νενοηκὼς
3633 1358 3693 1411 τὸ

2113 1440 2357 1511 βούλημα
2385 1442 2479 1495 τοῦ
2510 1442 2731 1516 ἀνδρὸς,
2761 1447 2794 1517 ἢ
2824 1447 2917 1499 καὶ
2936 1442 3235 1515 ἀντιλέγειν
3254 1449 3349 1501 καὶ
3367 1449 3691 1520 ἀνατρέπειν

2110 1528 2447 1602 πειρώμενος
2478 1533 2587 1604 (96)
2617 1534 2653 1589 ἃ
2682 1535 2992 1608 ὲφαντάσθη
3028 1537 3193 1591 αὑτὸν
3215 1539 3547 1609 νενοηκέναι.

501 1721 591 1773 21.
627 1695 939 1787 Nequedum
1002 1719 1193 1790 loquor
1215 1722 1281 1775 de
1313 1723 1563 1778 omnibus
1594 1738 1713 1792 qure
1745 1725 1798 1778 in
1825 1724 1998 1780 Evan-

2172 1708 2284 1762 Καὶ
2313 1708 2465 1763 οὔπω
2492 1709 2635 1778 λέγω
2675 1713 2803 1783 περὶ
2834 1715 2931 1785 τῆς
2959 1717 3016 1768 ὲν
3048 1718 3160 1780 τοῖς
3196 1718 3551 1787 Εὐαγγελίοις
3595 1739 3689 1791 τη-

429 1812 584 1881 geliis
608 1811 811 1880 scripta
839 1810 1001 1881 digna
1058 1822 1185 1866 sunt
1214 1828 1334 1881 qua:
1359 1813 1739 1868 observentur.
1797 1814 1998 1871 llorntl

428 1903 850 1974 unumquodque
888 1904 1157 1958 rationem
1193 1904 1353 1959 habet
1384 1906 1607 1959 multam
1661 1908 2001 1979 animadver-

424 2012 595 2067 anue
630 1997 903 2053 difﬁcilem
966 2013 1071 2051 non
1131 1999 1288 2068 vulgo
1317 2002 1526 2063 solum,
1562 1999 1654 2052 sed
1684 2007 1740 2055 et
1778 1998 1997 2070 quihus-

421 2090 546 2144 dam
586 2106 652 2145 ex
688 2091 1103 2159 intelligentium
1136 2106 1380 2145 numero.
1438 2091 1663 2147 Accedit
1730 2092 1997 2161 expositio

421 2181 796 2250 parabolarum
829 2181 1117 2246 altissima,
1145 2198 1281 2252 quas
1315 2182 1471 2237 Jesus
1498 2184 1772 2237 extraneis
1798 2199 1994 2237 narra-

417 2277 529 2336 hat,
554 2285 765 2328 servata
789 2274 1155 2342 explicatione
1188 2275 1274 2338 iis,
1300 2274 1391 2344 qui
1432 2274 1655 2329 meliore
1704 2290 1867 2344 quam
1894 2290 1992 2329 ex-

418 2366 590 2421 tranei
617 2365 809 2422 auditu
867 2376 1082 2435 essent,
1116 2375 1171 2422 et
1204 2366 1294 2436 qui
1334 2366 1404 2421 ad
1453 2366 1629 2436 ipsum
1684 2380 1805 2421 sese
1841 2367 1986 2422 domi

417 2462 667 2532 privatim
702 2460 1078 2531 adjungerent.
1127 2461 1506 2517 Admirabitur
1544 2460 1706 2515 etiam
1742 2460 1987 2530 cogitans

409 2570 518 2624 qua
553 2554 767 2609 ratione
828 2554 1045 2624 quidam
1108 2554 1378 2618 extranei,
1441 2553 1663 2624 quidam
1701 2554 1981 2609 domestici

408 2657 694 2702 vocentur.
724 2647 886 2701 Eccui
932 2662 1080 2713 vero,
1112 2648 1270 2702 modo
1300 2660 1497 2715 capere
1529 2653 1713 2713 queat,
1742 2645 1982 2700 admira-

410 2741 540 2795 tioni
563 2756 668 2795 non
697 2750 861 2796 erunt
891 2739 1016 2795 Jesu
1052 2741 1426 2809 nllgrationes,
1457 2737 1618 2793 modo
1678 2738 1981 2794 ascenden-

407 2835 477 2888 tis
502 2834 554 2888 in
586 2842 824 2889 montem
879 2843 940 2888 ut
997 2833 1241 2903 quaedam
1294 2829 1445 2885 dicat
1491 2829 1721 2886 faciatve
1777 2840 1870 2886 aut
1922 2846 1983 2887 se

405 2924 795 2995 transﬁguret;
852 2924 1012 2979 modo
1071 2920 1212 2976 infra
1268 2923 1509 2977 curantis
1573 2923 1816 2979 inﬁrmos
1879 2937 1979 2979 nec

2105 1799 2316 1869 ρήσεως
2348 1801 2564 1856 πάντων
2605 1802 2712 1856 τῶν
2752 1806 3154 1877 γεγραμμένων
3173 1825 3188 1839 ⁸
3214 1804 3289 1862 ὧν
3319 1810 3550 1864 ἕκαστον
3585 1829 3685 1865 πο-

2099 1889 2192 1944 λὺν
2221 1892 2315 1944 καὶ
2336 1891 2710 1965 δυσθεώρητον
2741 1897 2802 1949 οὐ
2838 1898 2998 1967 μόνον
3030 1902 3143 1963 τοῖς
3167 1899 3400 1965 πολλοῖς,
3424 1901 3562 1955 ἀλλά
3594 1904 3686 1956 καί

2096 1997 2205 2034 τισι
2248 1982 2357 2035 τῶν
2403 1985 2638 2039 συνετῶν
2682 1988 2924 2059 περιέχει
2975 1989 3162 2058 λόγον,
3204 1992 3393 2063 ἔχοντα
3434 1993 3683 2064 διήγησιν

2097 2072 2403 2146 βαθυτάτην
2452 2077 2793 2148 παραϐολῶν,
2837 2075 2912 2134 ὧν
2942 2085 3053 2146 τοῖς
3081 2081 3186 2148 ἔξω
3226 2084 3486 2157 ἐλάλησεν
3518 2087 3549 2138 ὁ
3580 2087 3682 2159 Ἰη-

2096 2163 2242 2228 σοῦς,
2276 2166 2455 2240 τηρῶν
2494 2169 2674 2223 αὐτῶν
2715 2170 2814 2242 τὴν
2858 2177 3152 2245 σαφήνειαν
3207 2179 3318 2240 τοῖς
3370 2178 3680 2250 ὑπερϐεϐη-

2092 2259 2212 2311 κόσι
2243 2258 2340 2322 τὰς
2369 2259 2698 2333 ὲξωτερικάς
2728 2264 2932 2328 ἀκοὰς,
2967 2266 3061 2318 καὶ
3092 2268 3209 2318 κατ’
3252 2267 3384 2321 ἰδίαν
3430 2267 3580 2339 αὐτῷ
3623 2271 3683 2323 ἐν

2088 2355 2154 2424 τῇ
2182 2354 2330 2422 οἰκίᾳ
2358 2356 2835 2425 προσερχομένοις.
2864 2355 3212 2426 Θαυμάσεται
3242 2356 3299 2410 δὲ
3333 2360 3533 2429 νοήσας
3555 2360 3682 2414 τίνα

2088 2446 2243 2516 λόγον
2272 2446 2408 2517 ἔχει,
2438 2446 2498 2499 τὸ
2523 2445 2628 2511 ἔξω
2657 2446 2808 2510 τινὰς
2839 2446 3200 2517 ὀνομάζεσθαι
3225 2485 3240 2511 ,
3270 2449 3363 2502 καὶ¹
3400 2449 3594 2513 ἄλλους
3618 2454 3678 2504 ὲν

2086 2541 2151 2609 τῇ
2203 2537 2369 2608 οἰκίᾳ.
2410 2539 2521 2590 Καὶ
2570 2537 2731 2591 πάλιν
2781 2538 2865 2600 τίς
2903 2539 3004 2591 οὐκ
3033 2537 3098 2591 ἂν
3131 2540 3505 2612 καταπλαγείη
3564 2543 3678 2595 τῶν

2083 2628 2396 2699 δυναμένων
2448 2628 2665 2699 βλέπειν
2705 2627 2803 2692 τὰς
2857 2628 3030 2700 Ἰησοῦ
3078 2632 3420 2701 μεταϐάσεις,
3448 2634 3678 2689 ἀναϐαί-

2084 2739 2264 2785 νοντος
2292 2722 2391 2792 μὲν
2420 2723 2500 2784 εἰς
2521 2721 2645 2794 ὅρος
2668 2723 2760 2774 ἐπὶ
2785 2723 3009 2775 τοιοῖσδε
3054 2722 3231 2793 λόγοις
3258 2725 3291 2795 ἢ
3323 2726 3609 2796 πράξεσιν,
3638 2728 3672 2799 ἢ

2082 2812 2148 2880 τῇ
2179 2809 2371 2864 ἑαυτοῦ
2410 2808 2850 2881 μεταμορφώσει,
2876 2810 3026 2864 κάτω
3048 2811 3105 2864 δὲ
3128 2812 3521 2884 θεραπεύοντος
3543 2818 3674 2880 τοὺς

2082 2899 2461 2969 ἀσθενοῦντας,
2513 2900 2609 2954 καὶ
2658 2900 2732 2971 μὴ
2790 2900 3121 2971 δυναμένους
3166 2904 3475 2961 ἀναϐαίνειν
3532 2908 3672 2961 ὅπου

2082 2991 2300 3044 ἕπονται
2334 2991 2485 3064 αὐτῷ
2512 2993 2562 3045 oi
2610 2992 2849 3064 μαθηταί
2890 2993 3093 3060 αύτοῦ;
3125 2997 3439 3067 Διηγεῖσθαι
3468 2998 3528 3052 δὲ
3570 3000 3671 3054 νῦν

400 3017 648 3071 valentes
678 3016 972 3070 ascendere
1028 3028 1135 3083 quo
1174 3011 1324 3066 illum
1394 3013 1640 3083 discipuli
1675 3016 1980 3084 sequeban-
2006 3053 2047 3111 ο

400 3105 528 3160 tur?
559 3105 666 3159 Sed
694 3103 784 3159 hic
814 3118 923 3158 non
955 3082 1106 3158 locus
1140 3109 1224 3157 est
1255 3103 1544 3156 enarrandi
1576 3117 1696 3172 quae
1728 3119 1855 3160 vere
1882 3121 1978 3161 au-

2103 3082 2147 3136 ῖά
2185 3083 2401 3154 ἀληθῶς
2427 3084 2598 3155 σεμνά
2630 3084 2723 3138 καὶ
2753 3085 2870 3138 θεῖα
2900 3084 3007 3139 τῶν
3035 3086 3397 3157 Εὑαγγελίων,
3431 3090 3466 3161 ἢ
3495 3091 3584 3144 τὸν
3607 3094 3670 3146 ὲν

398 3206 557 3267 gusta
625 3206 753 3251 sunt
783 3206 838 3251 et
864 3194 1046 3249 divina
1087 3194 1141 3247 in
1167 3193 1480 3263 Evangeliis
1505 3202 1557 3249 et
1589 3171 1818 3262 Christi,
1877 3197 1978 3252 hoc

2103 3171 2158 3242 τῷ
2182 3172 2379 3244 Παύλῳ
2400 3173 2656 3246 Χριστοῦ,
2683 3176 2926 3229 τουτέστι
2957 3178 3056 3249 τῆς
3084 3179 3274 3248 σοφίας
3306 3181 3400 3233 καὶ
3425 3182 3520 3235 τοῦ
3554 3183 3667 3236 Λό-

395 3266 482 3344 est
515 3286 798 3357 sapientiae
819 3296 873 3340 et
904 3283 1069 3339 Verbi
1097 3284 1152 3339 in
1182 3283 1351 3340 Paulo
1383 3284 1682 3354 loquentis,
1715 3296 1971 3343 mentem.

2103 3280 2174 3318 ὀυ
2204 3266 2347 3333 νοῦν,
2375 3268 2476 3321 οὐκ
2497 3266 2749 3338 εὔκαιρον
2771 3268 2904 3337 (97).
2946 3269 3082 3322 Ἀλλ’
3108 3271 3353 3344 αὐτάρκη
3371 3273 3664 3328 καὶταῦτα

395 3379 542 3434 Salis
593 3377 796 3433 fuerint
839 3389 961 3445 qua:
991 3373 1100 3431 dixi
1140 3376 1206 3431 ad
1245 3376 1644 3447 reprimendam
1693 3377 1970 3448 indignam

2103 3357 2212 3430 πρὸς
2234 3359 2334 3431 τὴν
2358 3358 2685 3428 ἀφιλόσοφον
2710 3358 2908 3429 χλεύην
2932 3360 3025 3413 τοῦ
3064 3362 3293 3428 Κέλσου,
3347 3364 3662 3435 όμοιοῦντος

391 3471 715 3542 philosopho
738 3470 883 3525 Celsi
915 3469 1250 3536 irrisionem,
1267 3469 1382 3525 ausi
1403 3472 1763 3528 reconditiora
1783 3472 1969 3528 Eccle-

2106 3449 2139 3504 ἀ
2166 3449 2311 3515 ἔνδον
2340 3451 2430 3504 καὶ
2464 3449 2700 3521 μυστικά
2728 3451 2829 3521 τῆς
2878 3451 3203 3523 Ἑκκλησίας
3234 3454 3327 3507 τοῦ
3370 3456 3506 3510 Θεοῦ
3543 3460 3661 3520 τοῖς

387 3566 482 3619 sia:
499 3565 593 3620 Dei
609 3540 873 3637 mysteria
892 3579 1014 3635 cum
1032 3561 1411 3634 Egyptiorum
1427 3563 1754 3631 felibus,aut
1769 3566 1963 3631 simiis,

2103 3540 2382 3608 ιίγυπτίων
2446 3540 2745 3614 αἰλούροις,
2779 3541 2811 3613 ἢ
2839 3542 3110 3614 πιθήκοις,
3139 3544 3171 3615 ῆ
3202 3546 3582 3617 κροκοδείλοις,
3617 3549 3655 3619 ἢ

386 3668 483 3712 aut
503 3659 812 3723 erocodilis,
850 3669 945 3712 aut
975 3656 1163 3721 hircis,
1195 3666 1292 3712 aut
1317 3657 1545 3712 canibus
1575 3672 1915 3727 comparare.

2103 3630 2308 3703 ράγοις,
2339 3630 2372 3700 ἦ
2400 3630 2576 3684 κυσίν.

459 3750 552 3802 22.
584 3748 723 3815 Quin
755 3758 810 3804 et
837 3758 897 3802 ut
921 3748 1123 3802 nullam
1150 3748 1388 3818 speciem
1425 3747 1837 3806 obtrectationis
1892 3752 1965 3806 ir-

2134 3740 2301 3798 Οὐδὲν
2326 3741 2384 3795 δὲ
2411 3737 2549 3806 εἶδος
2573 3744 2665 3797 τοῦ
2696 3744 2824 3815 περὶ
2847 3745 2878 3814 ἡ
2887 3745 3001 3814 μῶν
3031 3744 3331 3819 διασυρμοῦ
3356 3748 3449 3801 καὶ
3474 3763 3648 3802 κατα-

383 3842 719 3909 risionisque
776 3839 1038 3908 reliquam
1075 3840 1279 3894 faceret
1319 3854 1514 3894 scurra
1549 3841 1670 3905 ille,
1718 3844 1963 3898 nominat

2103 3833 2295 3898 έλωτος
2334 3834 2647 3889 καταλιπὼν
2674 3837 2703 3889 ὁ
2734 3837 3042 3909 βωμολόχος
3085 3837 3311 3902 Κέλσος,
3339 3840 3396 3893 ὲν
3420 3839 3499 3910 τῷ
3523 3841 3647 3894 καθ’

380 3935 437 3990 in
460 3948 559 3988 suo
592 3943 782 3987 contra
831 3946 932 3987 nos
963 3931 1166 4000 scripto
1212 3930 1351 3987 libro
1380 3930 1691 3997 Dioscuros,
1748 3933 1957 3990 Hercu-

2103 3926 2216 3997 μῶν
2242 3927 2384 3998 λόγῳ
2409 3929 2783 4000 Διοσκούρους,
2818 3930 2910 3984 καὶ
2949 3931 3240 4002 Ἡρακλέα,
3277 3933 3371 3985 καὶ
3412 3932 3642 4002 Ἀσκλη-

378 4025 512 4091 lem,
549 4023 938 4095 Escnlapium,
978 4022 1277 4083 Bacchum,
1310 4022 1403 4092 qui
1434 4024 1575 4092 apud
1626 4023 1841 4081 Graecos
1892 4041 1957 4080 ex

2107 4017 2202 4081 ιὸν,
2248 4017 2341 4072 καὶ
2368 4018 2619 4074 Διόνυσον
2644 4020 2935 4090 ὀνομάζει,
2966 4021 3091 4084 τοὺς
3118 4021 3176 4087 ἐξ
3209 4022 3510 4094 ἀνθρώπων
3544 4040 3643 4076 πε·-

377 4116 691 4172 hominihus
717 4117 770 4171 in
807 4116 1031 4170 deorum
1061 4127 1346 4169 numerum
1378 4114 1534 4169 relati
1567 4116 1952 4183 credebantur,

2104 4109 2452 4179 ιστευμένους
2497 4112 2627 4181 παρ’
2675 4109 2929 4181 Ἕλλησιν
2971 4114 3252 4181 γεγονέναι
3310 4114 3502 4179 θεοὺς,
3544 4116 3640 4169 καί

374 4217 430 4262 et
460 4209 581 4263 aitc
619 4224 720 4265 nos
747 4222 855 4262 non
888 4206 1056 4273 ferre,
1090 4208 1135 4263 si
1184 4221 1282 4278 pro
1322 4207 1426 4262 diis
1486 4206 1562 4261 illi
1629 4207 1950 4274 habeantur,

2103 4217 2218 4272 ησιν
2255 4220 2273 4252 ι
2323 4202 2423 4254 οὐκ
2473 4201 2760 4271 ἀνέχεσθαι
2809 4204 2907 4273 μὲν
2944 4206 3092 4275 ἡμᾶς
3134 4205 3353 4269 τούτους
3397 4209 3637 4278 νομιζειν

368 4303 518 4370 quia,
547 4300 902 4370 quantumvis
929 4300 1096 4355 multa
1135 4298 1348 4354 fortiter
1390 4315 1489 4371 pro
1515 4299 1825 4355 hominibus
1874 4299 1953 4355 fe-

2103 4291 2230 4355 εοῦς,
2269 4291 2351 4344 ὅτι
2401 4289 2675 4362 ἄνθρωποι
2722 4288 2863 4364 ἦσαν
2912 4296 3007 4348 καὶ
3053 4296 3257 4368 πρῶτοι
3294 4298 3426 4366 (98),
3459 4300 3634 4354 καίτοι

368 4394 568 4458 cerint,
616 4393 868 4450 homines
902 4404 1086 4449 tamen
1132 4392 1365 4455 primum
1421 4403 1610 4456 erant;
1670 4382 1998 4448 afﬁrmare]

2103 4381 2220 4434 πλλά
2260 4381 2696 4453 ἐπιδειξαμένους
2731 4385 2825 4438 καὶ
2866 4389 3084 4453 γενναῖα
3115 4387 3251 4459 ὑπὲρ
3284 4388 3585 4463 ἀνθρώπων
3612 4409 3627 4423 ·

365 4500 497 4540 vero
525 4483 707 4540 Jesum
747 4493 1019 4541 mortuum
1049 4501 1079 4539 a
1111 4485 1224 4539 suis
1289 4470 1561 4541 sodalibus
1594 4494 1945 4554 conspectum

2103 4493 2139 4526 iV
2169 4474 2226 4527 δὲ
2271 4475 2474 4545 Ἰησοῦν
2502 4476 2839 4531 ἀποθανόντα
2889 4478 2992 4530 ὑπὸ
3020 4479 3126 4532 τῶν
3169 4480 3316 4534 ἰδίων
3350 4480 3630 4537 θιασωτῶν

362 4577 565 4643 fuisse;
598 4597 617 4630 ›
650 4577 909 4648 additque
938 4575 1346 4640 criminationi,
1400 4590 1518 4640 nos,
1555 4591 1676 4631 cum
1715 4576 1944 4631 dicimus

2103 4567 2224 4635 Ψθαί
2253 4584 2462 4637 φαμεν·
2502 4587 2520 4618 ι
2556 4572 2994 4640 προσκατηγορεί
3033 4570 3077 4622 δ’
3116 4573 3275 4642 ἡμῶν
3312 4574 3408 4627 καὶ
3433 4574 3509 4638 ὡς
3539 4576 3628 4629 λε,

367 4685 387 4718 ι
431 4667 581 4720 illum
642 4676 992 4738 conspectum
1050 4682 1191 4733 esse,
1252 4668 1305 4722 id
1355 4666 1425 4721 de
1477 4667 1668 4720 umbra
1717 4665 1943 4736 intelligi

2103 4658 2247 4709 iv'rwv
2284 4676 2303 4707 ‹
2340 4657 2501 4711 αὑτὸν
2532 4652 2732 4727 ὦφθαι,
2762 4660 2855 4713 καὶ
2892 4660 3061 4714 ταῦτα
3092 4663 3269 4718 σκιάν.
3307 4685 3325 4717 ι
3351 4667 3458 4719 Καὶ
3488 4667 3623 4739 πρὸς

362 4758 525 4813 velle.
567 4777 586 4810 ι
624 4758 1040 4829 Respondemus
1087 4763 1153 4815 ad
1196 4762 1331 4827 haec,
1386 4750 1579 4814 Callide
1610 4757 1699 4812 hic
1722 4756 1938 4811 Celsum

2103 4745 2216 4800 ιῦτα
2235 4747 2293 4800 δὲ
2318 4749 2581 4820 φήσομεν,
2628 4751 2710 4804 δτι
2754 4751 2942 4816 δεινῶς
2966 4755 2994 4806 ό
3018 4755 3224 4821 Κέλσος
3269 4757 3391 4812 οὕτε
3437 4759 3619 4828 σαφῶς

360 4861 539 4918 neque
568 4847 728 4918 plane
776 4852 1112 4918 expressisse
1145 4865 1204 4906 se
1238 4866 1343 4905 non
1398 4848 1577 4905 colere
1629 4847 1935 4919 hnjusmodi

2103 4837 2353 4911 ιρέστησε
2410 4838 2484 4910 μὴ
2528 4840 2707 4895 σέϐειν
2756 4842 2975 4909 τούτους
3004 4846 3080 4909 ὡς
3118 4847 3302 4913 θεούς’
3344 4849 3618 4903 εὐλαϐεῖτο

358 4943 510 5006 deos,
543 4941 742 5010 quippe
768 4943 1000 5001 veritum
1033 4955 1101 4996 ue
1129 4945 1220 5012 qui
1256 4943 1309 4995 in
1331 4943 1449 5012 ejus
1493 4939 1693 4995 librum
1725 4939 1933 4996 incide-

2103 4944 2149 4999 ιρ
2179 4929 2278 5000 τὴν
2322 4928 2477 4994 δόξαν
2526 4932 2632 5017 τῶν
2676 4932 3069 5006 ἐντευξομένων
3106 4937 3268 4992 αὐτοῦ
3300 4942 3367 5012 τῇ
3406 4945 3613 5013 γραφῇ.

427 5151 543 5222 (95)
571 5148 988 5218 Πῳαστῆσαι.
1018 5149 1170 5205 llatnc
1199 5166 1387 5222 vocem
1412 5153 1556 5222 delet
1580 5153 1842 5211 Gelenius
1881 5166 1937 5211 et

352 5220 633 5289 sequentia
688 5222 817 5289 legit
846 5222 899 5274 in
948 5229 1117 5276 recto.
1167 5222 1277 5290 Ego
1327 5220 1526 5277 addere
1577 5225 1758 5277 malim
1788 5226 1931 5280 'cutn

349 5292 635 5347 Boherello
666 5290 921 5373 δύνασαι,
975 5293 1119 5359 quod
1176 5290 1334 5345 facile
1382 5303 1604 5361 propter
1640 5293 1702 5347 τὸ
1752 5295 1936 5364 ὁμοιό-

2103 5290 2277 5373 ύτέστι
2305 5299 2405 5370 τῆς
2445 5290 2631 5373 σοφίας
2656 5290 2873 5373 κάλ’τοῦ
2903 5290 3075 5373 Λόγοῦ
3098 5346 3113 5371 ,
3151 5306 3246 5361 νῦν
3280 5290 3607 5362 ὂὺὶτέόπὲέιὶζ

349 5364 865 5449 πτξξζξρνξιοίσξθνίι-
980 5430 1034 5449 ο,
1635 5442 1645 5449 _
1727 5431 1743 5449 Ι
1789 5432 1819 5449 ν
2035 5383 2149 5449 ρον,
2178 5371 2271 5423 sed
2298 5364 2428 5449 mss.
2467 5364 2687 5439 Regius,
2718 5364 3047 5449 Basilectnsis
3093 5364 3149 5432 et
3184 5378 3291 5434 duo
3319 5380 3602 5449 Anglicani

418 5432 532 5504 (96)
562 5430 948 5504 Πειρώμενοςέ
977 5430 1075 5504 _Sie
1098 5445 1289 5504 omnes
1306 5442 1687 5504 mss.excepto
1718 5431 1930 5504 Joliano
2035 5430 2093 5489 ut
2126 5430 2178 5489 in
2206 5447 2391 5492 nostro
2420 5430 2592 5503 textu',
2626 5430 2847 5496 rectius.

345 5499 523 5585 qui‘in
565 5514 712 5556 textu
742 5499 933 5585 habet:
968 5500 1308 5585 βουλόμενος.
1334 5499 1566 5585 _lbidem,
1598 5499 1925 5585 'écgawdoﬁq

2103 5506 2217 5585 £98)
2240 5505 2358 5585 ξίαἰ
2385 5499 2926 5585 πρῷτοὶηΒοιιειρηο
2943 5515 3321 5585 _scrihendum
3367 5518 3598 5585 videtur,

344 5570 866 5654 αὑτὸννενοηκέναι.
910 5570 1060 5654 [foco
1090 5570 1622 5654 _aLOvdv,_l_egeudum_
1662 5570 1804 5628 forte
1834 5570 1924 5654 ἄν,

2103 5570 2125 5631 ἳ
2154 5570 2388 5647 πρῶτον,
2423 5570 2504 5633 vel
2526 5579 2725 5647 potius,
2760 5581 2822 5634 τὸ
2851 5581 3084 5654 πρῶτον.

344 5650 439 5693 aut
462 5639 625 5694 αὐτόν
650 5639 871 5702 omnino
911 5643 1194 5699 delendum
1216 5682 1231 5710 ,
1266 5639 1369 5699 nisi
1391 5639 1561 5699 _malis
1606 5643 1786 5711 legere
1818 5644 1918 5698 αὐ-

2198 5639 2210 5647 .
2376 5639 2385 5644 ν
2526 5639 2543 5647 -
2712 5639 2722 5646 -
2894 5639 2921 5661 ο,

2038 5158 2155 5231 τός,
2169 5160 2325 5231 quod
2351 5159 2533 5231 minus
2560 5161 2754 5231 placet.

2108 5228 2221 5316 (9?)
2252 5227 2403 5311 Libp.
2435 5227 2705 5313 impressi,
2727 5232 2768 5316 ﬁ
2794 5232 2888 5311 τοῦ
2917 5234 2977 5316 έν
3004 5234 3081 5306 τῷ
3112 5236 3603 5316 Παύλῳ-Χριστοῦ,
