3998 6170
409 317 516 374 943

1591 314 1868 371 CONTRA
1890 307 2168 368 CELSUM
2229 306 2357 363 LIB.
2401 306 2486 361 111.

3571 294 3676 351 {HG

407 430 832 504 ὑποληψομένων
881 435 1040 487 αὐτὸν
1089 436 1279 499 ἄθεον,
1331 436 1384 487 εἴ
1426 453 1483 487 τε
1526 437 1623 505 τῆς
1669 433 1977 504 φαινομένης

2107 438 2248 494 rent,
2279 442 2399 483 cum
2445 424 2640 478 athcon
2681 433 2800 474 esse
2837 415 3260 478 arbitrarentur,
3291 412 3333 465 si
3368 411 3511 480 quod
3573 411 3677 464 sibi

408 523 555 593 αὐτῷ
588 524 845 595 ἀληθείας
892 526 1252 598 ἐπρέσϐευσεν
1273 545 1284 558 ·
1317 527 1416 580 οὐκ
1442 524 1507 578 ἂν
1536 527 1644 597 (99)
1673 526 1991 598 προσεποιή-

409 619 655 671 σατο-καὶ
678 618 840 682 αὐτὸς
865 620 1061 684 αὐτοὺς
1091 620 1245 684 θεοὺς
1280 619 1540 690 νομίζειν.
1569 621 1713 690 Πρὸς
1737 619 1992 690 ἑκάτερον

402 708 512 779 γάρ
541 708 605 761 ἂν
635 709 814 763 αὐτῶν
845 712 1278 782 ἀπεκρινάμεθα.
1301 713 1436 783 Φέρε
1465 707 1556 765 οὖν
1585 711 1720 781 πρὸς
1751 711 1848 781 μὲν
1868 712 1992 774 τοὺς

406 799 482 872 μὴ
511 798 829 869 νομίζοντας
876 803 1072 867 αὐτοὺς
1115 800 1250 857 εἶναι
1299 803 1475 866 θεοὺς,
1528 803 1679 856 ταῦτ’
1726 804 1986 872 εἴπωμεν.

408 889 529 959 ’Ἆρ’
559 890 677 943 οὐδὲ
709 890 806 962 τὴν
834 893 1007 963 ἀρχήν
1047 897 1181 947 εἰσιν
1207 889 1351 948 οὗτοι
1377 912 1389 924 ·
1420 895 1553 958 ἀλλ’,
1579 894 1768 965 ὥσπερ
1791 893 1990 947 οἴονταί

399 997 544 1043 τινες
577 983 826 1054 περὶτῆς
853 984 960 1037 τῶν
1008 986 1306 1058 ἀνθρώπων
1339 986 1514 1056 ψυχῆς
1543 987 1618 1050 ὡς
1651 988 1992 1058 παραχρῆμα

397 1067 882 1143 διαφθειρομένης,
927 1073 1191 1146 διεφθάρη
1244 1077 1338 1129 καὶ
1394 1075 1598 1128 τούτων
1648 1077 1680 1146 ή
1729 1077 1912 1149 ψυχή’
1955 1079 1986 1148 ἢ

400 1163 541 1216 κατὰ
569 1163 668 1236 τὴν
695 1165 852 1232 δόξαν
882 1167 990 1221 τῶν
1015 1169 1280 1238 λεγόντων
1322 1171 1690 1242 ἐπιδιαμένειν
1719 1171 1750 1242 ἢ
1785 1171 1987 1224 ἀθάνα-

398 1267 488 1303 τον
524 1252 694 1324 αὐτὴν
745 1251 903 1324 εἶναι,
967 1258 1396 1331 ἐπιδιαμὲνουσιν
1442 1254 1623 1327 οὗτοι,
1664 1263 1696 1333 ἢ
1732 1262 1988 1316 ἀθάνατοί

397 1341 530 1393 εἱσι·
566 1344 658 1396 καὶ
686 1344 798 1398 θεοὶ
832 1348 930 1416 μὲν
949 1347 1048 1402 οὔκ
1066 1350 1219 1411 εἰσιν,
1250 1350 1429 1421 ἥρωες
1457 1351 1513 1404 δέ
1535 1365 1550 1380 ⁸
1579 1353 1611 1421 ἢ
1644 1352 1763 1405 οὐδὲ
1788 1354 1984 1424 ἥρωες,

395 1432 510 1484 ἀλλ’
535 1434 870 1500 ἁπαξαπλῶς
896 1439 1081 1509 ψυχαί.
1114 1442 1175 1493 Εἰ
1207 1443 1304 1511 μὲν
1331 1437 1423 1495 οὖν
1447 1444 1546 1496 οὐκ
1575 1439 1712 1496 εἶναι
1746 1445 1988 1516 ὑπολαμ-

394 1525 585 1579 ϐάνετε
616 1529 830 1595 αὐτοὺς,
862 1533 950 1584 τὸν
986 1535 1392 1606 προηγούμενον
1430 1538 1561 1607 ἡμῖν
1589 1535 1666 1607 (1)
1718 1538 1845 1608 περὶ
1881 1539 1984 1608 ψυ-

392 1618 492 1688 χῆς
538 1624 1006 1679 κατασκευαστέον
1034 1626 1188 1694 λόγον
1213 1645 1226 1659 ·
1265 1629 1313 1680 εί
1341 1627 1396 1681 δέ
1423 1630 1528 1682 εἰσι
1553 1670 1567 1694 ,
1603 1631 1699 1682 καὶ
1728 1630 1867 1684 οὕτω
1895 1633 1984 1686 τὸν

391 1712 519 1782 περ)⁸
552 1712 847 1779 ἀθανασίας
879 1718 1202 1772 ἀποδεκτέον
1230 1720 1326 1789 (2),
1361 1721 1422 1776 οὐ
1463 1722 1621 1792 μόνον
1656 1724 1721 1775 ὲκ
1751 1723 1858 1778 τῶν
1886 1742 1985 1778 κα-

2097 535 2283 576 verum
2322 517 2634 579 videbatur,
2669 509 2994 581 aperuisset,
3025 520 3202 576 neque
3234 505 3396 558 etiam
3424 500 3678 556 simulas-

2095 623 2178 666 set
2208 624 2266 665 se
2300 608 2420 662 illos
2465 607 2686 660 deorum
2738 600 2902 673 460
2946 598 3065 653 loco
3115 597 3341 651 habere.
3400 593 3678 649 Ulrumvis

2094 702 2238 755 enim
2269 698 2514 761 dixisset,
2554 704 2740 765 parata
2775 692 2932 747 nobis
2971 691 3162 746 fuisset
3229 685 3533 754 responsio.
3567 684 3680 752 Age

2095 793 2279 862 igitur,
2317 806 2443 844 cum
2477 790 2544 843 iis
2581 788 2671 857 qui
2706 786 2827 841 illos
2857 800 2961 840 non
3012 784 3144 838 deos
3193 794 3312 834 esse
3339 777 3670 837 existimant,

2093 882 2172 936 sic
2204 894 2464 951 agamus;
2494 892 2622 948 ergo
2653 891 2757 931 non
2790 884 2913 930 sunt
2945 874 3166 930 omnino
3204 889 3216 924 :
3254 869 3370 934 sed,
3415 863 3674 935 quemad-

2094 972 2307 1026 modum
2367 972 2582 1040 quidam
2638 968 2704 1021 de
2766 967 2944 1020 anima
3016 969 3248 1020 humana
3309 965 3500 1029 putant
3554 969 3671 1009 eam

2090 1063 2373 1119 confestim
2412 1063 2655 1124 interire,
2691 1060 2869 1112 anima
2913 1057 3133 1110 illorum
3173 1053 3407 1117 interiit;
3464 1058 3556 1103 aut
3605 1059 3672 1098 ex

2091 1173 2277 1212 eorum
2312 1155 2578 1210 sententia
2608 1152 2698 1221 qui
2717 1163 3038 1220 permanere
3064 1162 3181 1201 eam
3201 1161 3292 1200 seu
3313 1141 3671 1198 immortalem

2091 1263 2212 1303 esse
2255 1246 2464 1310 volunt,
2514 1251 2832 1315 permanent
2861 1238 2957 1303 illi,
2991 1253 3083 1292 seu
3115 1247 3238 1292 sunt
3290 1232 3624 1289 immortales
3659 1246 3671 1284 :

2091 1354 2154 1394 ac
2185 1338 2259 1393 dii
2312 1337 2529 1406 quidem
2576 1350 2680 1388 non
2732 1339 2876 1394 sunt,
2907 1332 3000 1384 sed
3033 1330 3260 1394 heroes;
3308 1335 3403 1380 aut
3456 1339 3522 1377 ne
3577 1323 3672 1376 he-

2090 1445 2214 1486 roes
2249 1429 2486 1498 quidem,
2546 1427 2638 1481 sed
2694 1422 3015 1493 simpliciter
3068 1420 3282 1472 animae.
3329 1415 3387 1470 Si
3418 1415 3534 1468 illos
3567 1428 3670 1466 non

2088 1539 2210 1579 esse
2241 1520 2498 1580 censetis,
2555 1515 2940 1572 immortalitas
2971 1511 3192 1571 animae,
3234 1509 3284 1562 id
3320 1507 3468 1582 quod
3517 1505 3674 1558 nobis

2088 1625 2172 1671 est
2201 1615 2571 1684 praecipuum,
2629 1605 3038 1679 comprobanda
3091 1603 3248 1657 nobis
3305 1602 3446 1664 erit;
3486 1607 3578 1653 aut
3628 1599 3672 1654 si

2087 1717 2234 1767 sunt,
2282 1705 2636 1760 nihilominus
2683 1700 3062 1757 disserendum
3111 1699 3309 1754 eritde
3348 1695 3675 1750 immortali-

386 1774 496 1866 λῶς
521 1806 647 1875 περὶ
675 1774 842 1878 αὐτῆς
871 1810 1127 1864 εἰπόντων
1166 1774 1473 1887 Ἐλληνων,
1513 1774 1975 1870 νὰλλάγ

2089 1808 2218 1861 tate,
2255 1813 2360 1851 non
2411 1796 2584 1850 solum
2617 1811 2681 1848 ex
2717 1795 2781 1849 iis
2826 1808 2945 1862 qua:
2973 1793 3036 1847 de
3061 1792 3154 1845 illa
3207 1789 3466 1860 praz-clare
3522 1788 3675 1842 dixe-

386 1893 448 1947 τὸ
483 1895 720 1967 ἀρέσκον
753 1903 864 1964 τοῖς
890 1901 1054 1968 θείοις
1086 1906 1389 1978 μαθήμασι.
1427 1909 1537 1963 Καὶ
1563 1908 1838 1979 δείξομεν,
1889 1911 1970 1964 ὅτι

386 1985 485 2056 οὐχ
515 1981 624 2040 οἶόν
651 2007 707 2043 τε
737 1990 976 2058 τούτους,
1009 1997 1300 2062 πολυθέους
1330 2001 1653 2071 γενομένους
1679 2042 1692 2064 ,
1729 2003 1786 2054 ὲν
1817 2000 1970 2073 χώρᾳ

387 2078 482 2130 καί
530 2081 705 2152 μερίδι
758 2085 1022 2155 κρείττονι
1086 2091 1362 2158 γεγονέναι
1405 2093 1542 2163 μετά
1581 2095 1679 2166 τὴν
1726 2095 1972 2148 ἐντεῦθεν

387 2167 729 2245 ἀπαλλαγὴν,
762 2176 1018 2247 φέροντες
1044 2181 1143 2245 τὰς
1172 2185 1300 2254 περὶ
1322 2185 1498 2237 αὐτῶν
1526 2186 1782 2257 ἱστορίας,
1806 2189 1862 2240 ἐν
1888 2181 1974 2251 αἷς

385 2258 800 2334 ἀναγέγραπται
865 2270 1032 2342 πολλὴ
1075 2273 1403 2344 Ἡρακλέους
1453 2276 1753 2342 ἀκολασία,
1799 2280 1893 2341 καὶ
1942 2279 1975 2348 ἡ

387 2353 524 2422 πρὸς
549 2354 646 2426 τὴν
691 2357 970 2430 Ὀμφάλην
1017 2365 1342 2430 γυναικείοις
1383 2366 1460 2435 (5)
1499 2368 1742 2433 δουλεία,
1787 2370 1882 2422 καὶ
1908 2370 1975 2423 τὰ

386 2443 511 2511 περὶ
549 2443 896 2515 Ἀσκληπιοῦ,
924 2449 999 2512 ὡς
1024 2454 1273 2524 κεραυνῷ
1296 2455 1582 2525 βληθέντος
1611 2457 1715 2510 ὑπὸ
1744 2458 1834 2510 τοῦ
1853 2459 1975 2522 Διὸς

383 2533 584 2586 αὐτῶν.
615 2535 904 2607 Λελέξεται
933 2539 988 2592 δὲ
1015 2542 1106 2594 καὶ
1140 2542 1209 2596 τὰ
1241 2545 1368 2616 περὶ
1395 2544 1502 2598 τῶν
1515 2547 1877 2616 Διοσκούρων,
1902 2548 1976 2612 ὼς

391 2709 638 2790 Ἀξλοτε
658 2693 777 2777 iis,»
796 2697 1000 2790 ζῴουξζξ
1027 2717 1382 2790 ὑπερήμεροι
1407 2721 1502 2790 (4),
1532 2722 1751 2777 ἄλλοτε
1766 2722 1817 2775 δ’
1835 2719 1980 2778 αὖτε

394 2779 698 2844 Τεθνᾶσιν,
728 2782 907 2851 τιμὴν
937 2784 1006 2842 δὲ
1034 2779 1541 2858 λελόγῆίᾰσικϊᾶα
1567 2793 1815 2858 θεοῖσιν,

383 2893 432 2943 οἱ
462 2891 719 2957 πολλάκις
744 2897 1197 2969 ἀποθνήσκοντες.
1235 2903 1360 2967 Πῶς
1387 2901 1480 2959 οὖν
1519 2909 1717 2963 οἴονται
1749 2913 1888 2965 κατὰ
1917 2912 1978 2966 τὸ

383 2979 601 3051 εὔλογον
621 2985 826 3040 τούτων
847 2990 1166 3061 νομισθῆναί
1196 3013 1314 3048 τινα
1343 2995 1482 3064 θεὸν,
1517 2999 1549 3070 ἢ
1579 3002 1734 3072 ἥρωα
1760 3019 1773 3067 ;

2086 1900 2209 1944 runt
2234 1888 2444 1954 Graeci,
2481 1889 2575 1942 sed
2605 1887 2767 1940 etiam
2795 1900 2859 1939 ex
2894 1886 2958 1940 iis
2989 1901 3108 1954 quae
3138 1899 3165 1936 a
3200 1881 3310 1958 Deo
3355 1879 3670 1934 didicimus.

2079 1987 2154 2038 Ac
2183 1981 2535 2053 probabimus
2573 1980 2814 2049 quidem,
2847 1978 3094 2032 adductis
3128 1977 3343 2032 illorum
3406 1973 3671 2040 historiis,

2080 2075 2197 2129 fieri
2236 2088 2342 2128 non
2378 2071 2638 2140 potuisse,
2671 2078 2726 2122 ut
2761 2069 2854 2138 qui
2892 2069 3074 2136 plures
3106 2070 3236 2125 deos
3292 2067 3601 2130 coluerant,
3633 2065 3669 2119 ii

2082 2174 2203 2235 post
2232 2164 2372 2219 hanc
2399 2162 2562 2214 vitam
2597 2161 2664 2214 ad
2707 2161 2944 2230 potiores
2991 2161 3148 2216 sedes
3192 2169 3246 2215 et
3272 2159 3338 2214 ad
3372 2157 3667 2214 feliciorem

2084 2258 2450 2314 conditionem
2524 2255 2982 2323 transmigrarint.
3039 2254 3152 2308 Illic
3206 2253 3349 2309 cnim
3409 2257 3668 2304 narratur

2087 2351 2253 2404 multa
2296 2347 2547 2404 Herculis
2596 2347 3015 2416 intemperantia
3043 2387 3056 2411 ,
3089 2356 3140 2400 et
3183 2343 3465 2398 muliebris
3521 2342 3669 2410 apud

2083 2439 2399 2511 Omphalem
2459 2441 2713 2507 servitus,
2745 2453 2954 2493 necnon
3009 2453 3097 2492 res
3145 2446 3312 2506 gestae
3367 2433 3670 2502 Aﬁsculapii

2088 2536 2155 2589 ab
2184 2549 2372 2589 eorum
2417 2531 2548 2587 Jove
2580 2532 2805 2586 fulmine
2835 2532 3104 2602 percussi.
3138 2528 3470 2599 Objiciemus
3503 2526 3669 2582 etiam

2090 2626 2202 2678 haec
2232 2626 2296 2677 de
2335 2624 2628 2691 Dioscuris,
2662 2625 2753 2692 qui

2156 2718 2384 2773 Alternis
2417 2721 2573 2773 vitam
2604 2718 2869 2783 accipiunt
2902 2715 3228 2784 perduntque
3253 2715 3456 2778 diebus,

2155 2788 2251 2843 Dis
2285 2799 2457 2843 tamen
2491 2780 2744 2856 aequalem
2772 2780 2970 2840 cultam
2997 2780 3212 2839 sortitus
3266 2796 3482 2853 uterque
3504 2793 3577 2838 est
3598 2780 3666 2848 θ’,

2079 2903 2330 2973 quamvis
2354 2915 2497 2970 saepe
2521 2903 2842 2957 moriantur.
2863 2900 3109 2966 Quanam
3133 2899 3297 2968 igitur
3319 2897 3465 2967 justa
3497 2913 3552 2951 ra
3570 2900 3671 2952 tic-

2079 3011 2147 3049 ne
2173 3001 2366 3063 putant
2389 2993 2580 3048 horum
2600 2993 2906 3062 quempiam
2927 2991 3108 3054 deum,
3130 2997 3222 3043 aut
3251 2989 3414 3042 heroa
3442 2987 3670 3044 haberi?

469 3072 658 3143 Ἡμεῖς
684 3076 739 3129 δὲ
775 3078 842 3131 τὰ
887 3081 1014 3152 περὶ
1052 3080 1145 3134 τοῦ
1189 3084 1455 3157 ἡμετέρου
1513 3089 1687 3160 Ἰησοῦ
1734 3093 1842 3146 ἀπὸ
1869 3094 1977 3147 τῶν

2153 3086 2244 3139 25.
2281 3084 2391 3141 Nos
2419 3099 2549 3138 vero
2579 3099 2697 3152 qua:
2721 3083 2788 3138 de
2816 3091 3003 3138 nostro
3057 3081 3185 3136 Jesu
3217 3081 3542 3147 creduntur,
3601 3098 3669 3136 ex

387 3166 736 3255 προφητικῶν
770 3167 846 3238 (5)
874 3170 1198 3238 δεικνύντες,
1228 3175 1322 3229 καὶ
1353 3180 1492 3248 μετά
1515 3181 1674 3235 τοῦτο
1697 3185 1980 3255 παραϐάλ-

386 3248 552 3320 λομεν
598 3253 696 3325 την
739 3261 868 3329 περὶ
912 3263 1074 3315 αὐτοῦ
1117 3267 1354 3338 ἱστορίαν
1405 3273 1527 3335 ταῖς
1571 3273 1700 3344 περὶ
1755 3277 1978 3330 ἐκείνων

390 3342 672 3417 ἱστορίαις,
699 3348 780 3401 ὅτι
805 3351 1028 3424 οὐδεμία
1059 3356 1248 3410 τούτου
1279 3361 1499 3432 φέρεται
1525 3342 1806 3420 ἀκολασία.
1842 3370 1978 3424 Οὐδὲ

384 3435 504 3530 γὰρ.
537 3439 686 3492 αὐτοὶ
716 3441 765 3493 οἱ
816 3443 1250 3513 ἐπιϐουλεύοντες
1293 3452 1460 3523 αὐτῷ,
1502 3457 1594 3509 καὶ
1647 3457 1979 3530 ζητήσαντες

385 3527 507 3581 κατ’
553 3530 718 3583 αὐτοῦ
767 3532 1270 3610 ψευδομαρτυρίαν,
1307 3542 1410 3595 κᾶν
1455 3527 1785 3616 πιθανότητα
1821 3543 1979 3623 εὗρον

384 3620 466 3682 είς
511 3619 610 3691 τὴν
653 3626 774 3676 κατ’
815 3626 980 3680 αὐτοῦ
1027 3628 1530 3706 ψευδομαρτυρίαν,
1578 3639 1641 3691 ἵν’
1689 3619 1979 3709 ἀκολασίας

385 3709 571 3765 ἕνεκεν
616 3714 779 3768 αὐτοῦ
830 3723 1282 3794 κατηγορήσωσιν
1309 3743 1323 3758 ·
1371 3727 1507 3781 ἀλλὰ
1555 3730 1651 3784 καὶ
1689 3734 1717 3784 ὁ
1751 3733 1978 3800 θάνατος

385 3802 550 3855 αὐτοῦ
592 3804 652 3869 ἐξ
704 3808 994 3880 ἐπιϐουλῆς
1056 3813 1357 3881 ἀνθρώπων
1409 3819 1634 3888 γέγονε,
1685 3824 1776 3876 καὶ
1829 3827 1979 3880 οὐδὲν

384 3895 568 3963 ὅμοιον
591 3896 715 3967 ἔσχε
745 3899 824 3969 τῷ
856 3903 991 3972 πρὸς
1024 3905 1114 3956 τὸν
1170 3907 1495 3980 Ἀσκληπιὸν
1532 3916 1800 3986 κεραυνῷ.
1833 3917 1898 3969 Τί
1924 3919 1980 3973 δὲ

387 3987 583 4056 σεμνὸν
631 3989 742 4060 ἔχει
775 3993 803 4043 ὁ
838 3995 1093 4062 μαινόλας
1133 3998 1206 4069 (6)
1251 4002 1500 4067 Διόνυσος
1550 4009 1644 4059 καὶ
1699 4015 1980 4076 γυναικεῖα

387 4078 884 4150 περιϐεϐλημένος,
931 4085 995 4136 ἵν’
1036 4087 1111 4150 ὡς
1159 4088 1278 4152 θεὸς
1319 4096 1706 4167 προσκυνηθῇ;
1768 4100 1892 4153 Ἐἀν
1921 4104 1978 4156 δὲ

385 4170 480 4222 καὶ
508 4172 555 4221 ot
607 4173 733 4242 περὶ
788 4173 991 4226 τούτων
1041 4177 1466 4248 ἀπολογούμενοι
1509 4187 1601 4236 ἐπὶ
1651 4187 1980 4261 ἀλληγορίας

385 4261 823 4332 καταφεύγωσιν,
879 4265 982 4338 ἰδίᾳ
1015 4268 1111 4338 μὲν
1150 4269 1460 4335 ἐξεταστέον
1493 4275 1590 4339 τὰς
1629 4277 1977 4352 ἀλληγορίας,

383 4353 521 4408 εἰτὸ
547 4355 696 4420 ὑγιὲς
730 4356 943 4428 ἔχουσιν
967 4375 979 4386 ·
1026 4359 1130 4427 ἰδίᾳ
1167 4361 1255 4426 δὲ,
1294 4364 1341 4414 εἰ
1380 4363 1630 4420 δύνανται
1681 4370 1979 4429 ὑπόστασιν

2083 3177 2415 3247 pmphelicis
2470 3177 2691 3244 scriptis
2732 3175 3053 3238 astruimus,
3089 3173 3342 3244 factaque
3381 3174 3524 3229 illius
3580 3177 3666 3229 hi-

2081 3272 2262 3324 storiae
2290 3283 2412 3322 cum
2439 3267 2654 3322 illorum
2714 3267 2960 3322 historiis
2992 3269 3407 3333 comparatione
3440 3267 3664 3320 demon-

2081 3371 2317 3414 stramus
2343 3359 2546 3412 nullam
2579 3357 2694 3425 ejus
2723 3357 3196 3427 intemperantiam
3257 3355 3439 3413 fuisse.
3482 3355 3668 3425 Neque

2079 3453 2244 3516 enim,
2276 3450 2368 3518 qui
2400 3450 2474 3502 illi
2510 3450 2878 3504 moliebantur
2937 3447 3166 3502 insidias
3195 3447 3442 3516 falsaque
3473 3456 3661 3502 contra

2081 3543 2231 3596 illum
2268 3541 2576 3595 teatimonia
2606 3541 2968 3610 quaesieram,
3007 3540 3304 3609 quidquam
3340 3540 3667 3593 invenerunt

2081 3635 2224 3704 quod
2260 3633 2342 3687 vel
2377 3633 2708 3702 probabilem
2753 3647 2971 3687 causam
3003 3634 3159 3687 daret
3189 3632 3337 3686 illum
3402 3632 3666 3698 intempe-

2083 3727 2274 3778 rantiae
2312 3723 2626 3777 accusandi.
2658 3722 2765 3776 Sed
2792 3731 2848 3777 et
2880 3735 3026 3777 mors
3057 3720 3174 3788 ejus
3202 3737 3270 3777 ex
3301 3722 3512 3776 insidiis
3567 3723 3664 3776 hoc

2083 3816 2288 3869 minum
2314 3814 2533 3875 accidit,
2560 3827 2658 3867 nec
2692 3813 2985 3881 quidquam
3010 3813 3202 3868 habuit
3229 3813 3405 3868 simile
3430 3807 3660 3873 fulmini.

2080 3907 2300 3978 quodin
2331 3905 2703 3974 Esculapium
2744 3905 3013 3959 vibratum
3058 3916 3161 3960 est.
3194 3905 3257 3960 Et
3279 3905 3524 3961 Bacchus
3579 3905 3662 3959 fu-

2082 4005 2257 4080 riosus
2291 4003 2376 4058 ille
2400 4015 2716 4080 vestemque
2747 4000 3061 4056 muliebrem
3099 4001 3322 4055 indutus
3383 3999 3510 4070 quid
3542 4001 3660 4054 exi—

2081 4099 2248 4152 mium
2289 4099 2449 4152 habet
2481 4105 2536 4149 ut
2571 4111 2668 4165 pro
2723 4097 2825 4151 deo
2859 4095 3151 4150 adoretur?
3179 4096 3332 4161 Quod
3364 4097 3430 4158 si,
3463 4105 3520 4148 ut
3547 4095 3663 4149 illos

2081 4199 2361 4256 excusent,
2393 4188 2457 4242 ad
2500 4187 2787 4256 allegorias
2838 4185 3213 4255 confugerint;
3268 4187 3397 4240 hinc
3443 4188 3662 4256 quidem

2079 4279 2499 4332 examinandum
2535 4279 2670 4342 erit,
2701 4293 2767 4331 an
2793 4279 2922 4346 quid
2947 4278 3064 4332 sani
3105 4277 3342 4332 habeant
3369 4279 3486 4331 ista:
3532 4277 3664 4330 alle-

2081 4369 2284 4437 goriaa;
2315 4367 2460 4422 illinc
2493 4383 2622 4422 vero
2656 4384 2724 4421 an
2749 4369 2840 4436 qui
2877 4367 3164 4422 dilacerati
3202 4379 3332 4424 sunt
3354 4379 3408 4423 et
3437 4371 3501 4423 de
3525 4369 3663 4424 ccelo

384 4447 548 4517 ἔχειν,
589 4449 682 4501 καὶ
725 4449 862 4514 ἄξιοι
896 4447 1033 4506 εἶναι
1083 4455 1372 4524 σεϐασμῶν
1424 4459 1517 4511 καὶ
1556 4466 1977 4536 προσκυνήσεως

2089 4460 2273 4528 deiecti
2308 4475 2336 4513 a
2369 4459 2672 4524 Titanibus,
2710 4474 2896 4514 revera
2932 4464 3216 4527 exsistant,
3271 4463 3527 4531 dignique
3553 4463 3664 4517 sint

387 4540 819 4611 σπαραττόμενοι
856 4541 931 4613 (7)
961 4543 1064 4596 ὑπὸ
1093 4545 1354 4612 Τιτάνων,
1385 4548 1479 4600 καὶ
1509 4549 1976 4624 καταϐαλλόμενοι

385 4630 492 4682 ἀπὸ
531 4631 622 4684 τοῦ
668 4632 918 4704 οὐρανίου
970 4635 1179 4706 θρόνου.
1240 4637 1299 4688 '0
1347 4637 1401 4690 δὲ
1434 4639 1703 4710 ἡμέτερος
1751 4644 1972 4715 Ἰησοῦς,

384 4721 566 4788 ὀφθεὶς
597 4727 712 4788 τοῖς
744 4725 894 4788 ίδίοις
919 4725 1209 4790 θιασώταις
1236 4728 1530 4801 (χρήσομαι
1574 4736 1680 4805 γὰρ
1709 4734 1786 4805 τῷ
1825 4740 1974 4811 παρὰ

388 4811 462 4879 τῷ
488 4813 677 4886 Κέλσῳ
703 4817 971 4889 ὀνόματι),
1012 4817 1166 4891 ὤφθη
1203 4822 1298 4890 μὲν
1335 4823 1450 4876 κατ’
1481 4825 1732 4897 ἀλήθειαν
1753 4846 1764 4858 ο
1817 4847 1977 4884 συκοα

460 4927 504 4958 “
527 4928 715 5000 Odyss.
743 4944 888 4990 cant.
935 4952 994 5002 ιι,
1031 4953 1084 4990 v.
1130 4938 1254 4993 302.

461 5043 751 5131 (9?)_‘Elte
826 5051 935 5131 erit;
1001 5057 1377 5131 ραινομέῖης
1453 5061 1612 5126 αὐτῷ
1683 5064 1967 5131 ἀληθείας

389 5113 818 5188 ἐπρέσϐευσεν,
845 5113 955 5174 οὐκ
985 5113 1081 5186 ἄν,
1116 5113 1220 5179 etc.
1253 5113 1445 5182 Guieto

387 5186 580 5248 detur,
617 5188 664 5239 εί
709 5186 764 5239 δὲ
807 5189 904 5259 τὴν
947 5209 1102 5260 φαινο
1149 5196 1275 5265 ένην
1318 5198 1464 5267 αὐτῷ
1503 5200 1759 5271 ἀλήθειαν
1801 5186 1964 5258 ἐποέ-

388 5255 633 5315 σϐευσεν,
660 5256 758 5309 οὐκ
799 5259 882 5315 ἄν.
937 5271 1044 5315 etc.
1104 5212 1381 5315 ﬁohcrello
1412 5281 1612 5315 autem-
1637 5273 1684 5315 εἰ
1714 5271 1812 5315 τῖ’-ις
1841 5253 1964 5315 ςηδηο-

388 5255 633 5344 σϐευσεν,
660 5256 785 5340 οὐκ-
799 5255 882 5344 ἄν,
934 5255 1044 5344 etc.
1104 5255 1381 5344 {inherello
1412 5255 1684 5344 a'utcm',si
1714 5271 1812 5341 τῆς
1841 5255 1966 5344 ea}-

385 5325 618 5408 y‘ozaévq;
644 5326 796 5408 αὐτῷ
826 5328 1083 5408 ἀληθείας
1133 5335 1526 5404 ἐπρέσϐευσεν,
1568 5325 1677 5391 οὐτ’
1724 5325 1810 5403 si}

388 5395 520 5481 Ego.
553 5395 844 5481 malimpei
877 5395 948 5481 τὰ
999 5402 1099 5470 τῆς
1141 5395 1468 5481 φαινομένης
1513 5395 1658 5477 αὐτῷ
1692 5395 1966 5481 ἀληθείας

388 5424 520 5494 ξυδιιλ
553 5424 754 5462 uldlull,
797 5424 844 5450 ει
881 5424 948 5453 τα
999 5424 1099 5470 της
1141 5424 1297 5471 φαινο
1343 5424 1468 5476 ενης
1513 5425 1658 5477 αυτῳ
1711 5424 1964 5481 αληυειας

385 5465 782 5546 επρεισϐευσεν·
807 5539 818 5546 .
844 5467 968 5546 οὐτε
1024 5424 1478 5546 προσεποιίῗσατο,
1521 5487 1628 5532 etc.
1691 5479 1745 5532 In
1781 5485 1964 5538 codice

392 5535 686 5618 [iasileensi
712 5546 766 5618 et
789 5539 996 5596 duobus
1024 5535 1321 5609 vaticanis,
1346 5561 1442 5616 pro
1464 5535 1863 5618 ἐπρέσϐευσεν,
1884 5535 1962 5607 le;

385 5607 530 5678 gitur
555 5607 901 5678 ἐπρέσϐευεν.

578 5675 763 5755 ᾚμῐνί
792 5680 1057 5755 Gel_eniu_s_
1072 5683 1283 5755 legebat
1316 5687 1462 5755 ὑμῖν.

459 5745 539 5814 (2)
585 5745 986 5807 ’Λποδεκτέοικ
1013 5745 1210 5811 Μιιιῗιιίι
1229 5745 1560 5826 Boherellus,
1589 5758 1953 5817 ἀποδεικτέον.

2080 4553 2171 4622 qui
2196 4553 2443 4606 colantur
2465 4564 2519 4606 et
2546 4553 2860 4609 adorentur.
2893 4555 2961 4607 At
2994 4566 3178 4609 noster
3196 4553 3356 4610 Jesus
3382 4556 3498 4610 suis
3531 4570 3660 4608 con-

2079 4657 2297 4716 spectus
2333 4647 2630 4710 sodalibus,
2661 4656 2714 4700 ut
2745 4662 2867 4701 cum
2898 4647 3054 4702 Celso
3084 4648 3294 4717 loquar,
3327 4664 3517 4704 revera
3555 4649 3662 4705 illis

2080 4738 2348 4806 apparuit.
2377 4737 2520 4792 Mera
2549 4739 2692 4792 enim
2732 4747 2814 4794 est
2847 4739 2988 4794 Celsi
3050 4741 3343 4808 calumnia,
3410 4743 3657 4795 umbram

2079 4830 2343 4886 duntaxat
2377 4841 2718 4901 conspectam
2751 4847 2894 4890 esse.
2941 4831 3061 4886 Jam
3090 4832 3440 4888 conferantur
3498 4835 3658 4889 simul

2169 5067 2222 5136 5)
2253 5068 2632 5136 Γυνιιικείως.
2665 5066 2830 5122 Forte
2881 5068 3260 5136 scribendum,
3290 5073 3615 5135 γυναικεῖος.

2168 5135 2218 5210 ᾖ)
2259 5135 2648 5210 ᾎΥπερ-ιξμεροι.
2674 5136 2910 5210 Omnino
2925 5135 3288 5210 scribendum,
3309 5141 3650 5210 ἑτερήμεροι.

2147 5206 2222 5277 (5)
2250 5207 2646 5278 Codd._ltegius
2685 5217 2740 5278 et
2776 5207 3122 5270 Basileensis,
3183 5206 3494 5278 umente»).
3530 5206 3652 5264 Mox

2077 5276 2174 5344 pro
2205 5276 2972 5350 παραϐάλλομεν,νιεεθη‹1ιιιη
3022 5276 3255 5350 videtur,
3306 5276 3652 5350 παραϐαλοῦ-

2077 5362 2216 5419 μενη
2240 5344 2465 5419 Ibidem
2497 5344 2832 5402 lloeschelius
2868 5348 2920 5401 in
2969 5357 3116 5400 textu
3163 5347 3358 5410 habet,
3389 5344 3496 5415 τὴν
3525 5351 3653 5419 περ).

2073 5416 2267 5479 αὐτοὺς
2301 5418 2557 5487 ἱστορίαν,
2589 5421 2745 5471 male.

2144 5487 2219 5555 (6)
2257 5483 2578 5548 Macram.
2608 5487 2900 5556 Μαινόλης.
2928 5484 3178 5556 Ποεγοὴη
3209 5483 3536 5556 Παράκοπος
3569 5487 3652 5540 ἔν-

2071 5554 2208 5626 θεος.
2237 5558 2590 5626 (ἷΙθιιιηΑΙυχ.
2625 5558 2674 5608 in
2712 5554 2980 5621 Protrept.
3013 5554 3212 5625 pag.9,
3235 5554 3482 5609 Διόνυσον
3518 5575 3648 5626 μαιη

2068 5625 2224 5697 νόλην
2254 5625 2564 5697 ὀργιάζουσι
2601 5626 2813 5697 βάκχοι.

2139 5692 2214 5817 (7)
2259 5692 2750 5763 Σπαραττόμενοι.
2789 5696 2898 5746 Duo
2947 5695 3102 5748 codd.
3152 5697 3394 5751 Vaticani
3450 5705 3503 5752 el.
3545 5699 3650 5752 duo
3679 5692 3690 5699 ’

2139 5781 2184 5817 l2
2213 5766 2373 5817 icani.
2406 5765 2893 5817 παραταττόμενοι.
2925 5765 3082 5817 male.

2066 5765 2373 5832 Anglicani,
2406 5765 2893 5832 παραταττόμενοι,
2925 5765 3082 5820 male.
