3998 6170
431 265 535 324 9-57

1882 271 2201 327 ORIGENIS

3670 269 3768 324 948

436 385 651 437 illorum
684 392 740 436 et
771 379 898 436 Jesu
958 382 1215 436 historiae.
1241 381 1320 434 An
1349 379 1507 451 461
1559 382 1700 436 volet
1727 383 1915 438 Celsus
1944 386 2005 438 il-

2112 383 2298 451 φαντεῖ
2319 383 2374 435 δὲ
2403 382 2490 435 τὸν
2543 382 2697 450 λόγον
2738 383 2765 434 ὁ
2805 383 3030 446 Κέλσος,
3093 382 3304 449 λέγων
3366 379 3545 432 αὐτὸν
3603 370 3766 451 ὧᾷθαι

434 477 607 532 lorum
632 489 815 529 veram
849 489 968 529 esse
989 515 1002 538 ,
1037 474 1194 542 hujus
1254 483 1429 526 autem
1485 475 1768 529 confictam
1794 517 1808 542 ,
1839 493 2000 546 quam

433 569 770 635 scripserunt
812 566 846 619 ii
900 567 988 633 qui
1051 579 1233 618 rerum
1283 565 1527 617 omnium
1589 567 1787 620 oculati
1839 577 2000 624 testes

429 667 606 720 erant,
641 657 730 725 qni
766 671 824 709 re
865 655 1218 709 ostenderunt
1275 655 1374 708 sibi
1410 658 1688 727 explorata
1736 672 1854 714 esse
1884 675 2001 728 quae

430 748 697 812 viderant,
727 747 817 814 qui
845 746 1076 813 denique
1099 761 1208 813 quo
1254 747 1435 800 animo
1463 762 1670 814 essent,
1725 750 2002 819 perferen-

386 874 388 876 -
431 839 512 892 dis
541 837 797 891 alacriter
832 837 950 904 ejus
990 837 1250 892 doctrinae
1289 855 1454 896 causa
1495 841 1771 910 suppliciis
1815 842 2003 895 testiﬁ-

431 928 533 981 cati
560 927 731 982 sunt?
769 927 964 996 Ecquis
993 927 1182 982 volens
1237 940 1384 984 recte
1441 931 1620 984 facere
1671 930 1886 996 omnia,
1919 940 2002 984 te-

432 1031 578 1071 mere
608 1016 938 1070 assentiatur
970 1015 1034 1078 iis
1068 1030 1188 1082 qua:
1228 1019 1293 1070 de
1333 1017 1436 1071 illis
1489 1017 1680 1070 tradita
1721 1025 1879 1077 sunt,
1940 1031 2001 1069 ea

425 1125 574 1174 vero,
602 1125 722 1179 quze
756 1111 822 1165 de
848 1109 974 1165 .lesu
1027 1109 1294 1174 feruntur,
1349 1109 1554 1178 absque
1595 1109 1703 1164 ullo
1756 1109 2002 1164 examine

428 1201 669 1270 rejiciat?

499 1472 589 1525 24.
625 1471 835 1525 Rursus
877 1486 997 1524 cum
1040 1471 1105 1524 de
1151 1469 1465 1541 .Escnlapio
1509 1472 1714 1527 dicitur
1745 1488 1999 1545 magnam

428 1565 708 1618 hominum
746 1562 1152 1617 multitudinem
1200 1564 1512 1618 Graecorum
1554 1572 1605 1618 el
1643 1564 2000 1621 barbarorum

431 1657 632 1709 vidisse
658 1663 713 1707 et
740 1654 918 1708 adhuc
947 1654 1154 1717 videre,
1186 1670 1293 1708 non
1342 1662 1619 1722 spectrum
1683 1656 1881 1725 ipsum,
1907 1659 1999 1712 sed

431 1748 726 1814 ipsummet
779 1755 1093 1810 saltantem,
1149 1745 1412 1800 beneﬁcia
1469 1745 1874 1812 conferentem,
1913 1765 2003 1804 res

432 1836 645 1890 futuras
679 1835 1081 1903 praidicentem,
1111 1836 1348 1904 postulat
1375 1837 1561 1892 Celsus
1593 1844 1651 1889 ut
1689 1851 1787 1890 nos
1817 1840 2006 1892 creda-

430 1942 595 1991 mus;
635 1941 807 1995 neque
869 1925 934 1980 iis
970 1927 1059 1994 qui
1099 1927 1150 1980 in
1202 1925 1384 1981 Jesum
1437 1931 1665 1983 credunt
1707 1931 2002 1999 exprobrat

427 2018 570 2086 quod
596 2017 701 2071 illis
732 2017 897 2071 rebus
943 2018 1179 2070 tribuant
1209 2017 1376 2072 tidem
1415 2034 1430 2073 :
1459 2021 1683 2088 quando
1707 2029 1888 2076 autem
1921 2021 2005 2074 di-

428 2107 672 2178 scipulis,
699 2110 791 2178 qui
824 2107 1083 2162 miracula
1127 2105 1254 2162 Jesu
1293 2111 1545 2164 viderunt
1593 2113 1787 2180 suique
1834 2111 2002 2165 animi

427 2201 798 2255 sinceritatem
849 2203 1297 2270 comprobarunt,
1345 2202 1714 2267 assentimur;
1747 2217 1846 2257 nos
1880 2202 2000 2257 Cela

428 2310 520 2350 sus
545 2295 773 2365 appellat
802 2294 1005 2354 fatuos,
1038 2295 1286 2363 quamvis
1311 2307 1501 2346 eorum
1555 2295 1885 2364 probitatem
1917 2293 2002 2347 in-

426 2390 871 2459 genuitatemque
892 2391 1204 2458 videamus,
1237 2397 1505 2459 quantum
1531 2402 1597 2441 ex
1632 2386 1849 2454 scriptis
1882 2386 2004 2439 ani-

428 2494 575 2533 mum
603 2480 788 2534 videre
811 2480 974 2544 licet;
1007 2495 1187 2547 neque
1221 2489 1400 2534 tamen
1431 2479 1718 2534 ostendere
1767 2476 2005 2546 pOtuerit

425 2571 904 2638 innumerabilem,
937 2583 994 2625 ut
1048 2570 1320 2641 loquitur,
1372 2570 1775 2624 multitudinem
1828 2567 2007 2621 homi-

426 2675 551 2713 num
582 2657 894 2715 Graecorum
921 2669 976 2715 et
1017 2661 1400 2725 barbarorum,
1431 2660 1523 2728 qui
1554 2658 1872 2726 A‘Jsculapio
1909 2672 2002 2711 as-

425 2751 890 2807 sentiantur..Nos
934 2760 1149 2820 contra,
1185 2753 1291 2807 hoc
1323 2753 1366 2806 si
1420 2767 1675 2820 magnum
1721 2751 1849 2819 quid
1882 2765 2003 2804 esse

426 2852 597 2909 putat,
645 2843 793 2897 clare
825 2843 1163 2898 ostendimus
1199 2842 1655 2897 innumerabilem
1709 2840 2000 2910 quamdam

429 2932 827 2988 multitudinem
864 2933 1178 2988 Grzccorum
1211 2943 1265 2986 et
1314 2935 1677 2987 barbarorum
1709 2935 1799 3002 qui
1834 2933 2003 2988 conti-

430 3030 610 3075 tentur
639 3023 821 3077 Iesum
855 3042 866 3076 :
894 3038 1130 3092 quorum
1165 3025 1384 3091 quidam
1430 3025 1484 3077 in
1514 3025 1578 3077 iis
1615 3040 1752 3092 quos
1789 3032 2001 3087 curant,
2031 3053 2072 3108 Ο

428 3111 739 3179 significant
762 3128 820 3168 se
848 3127 942 3182 per
984 3115 1121 3167 hanc
1167 3115 1324 3166 ﬁdem
1374 3113 1668 3167 miriﬁcum
1722 3114 2000 3182 quidpiam

429 3205 743 3273 accepisse;
783 3207 984 3276 quippe
1027 3207 1163 3260 nihil
1195 3207 1340 3262 aliud
1376 3209 1427 3260 in
1457 3221 1553 3260 eos
1589 3209 1676 3275 qui
1727 3209 2007 3263 curatione

429 3310 569 3364 opus
597 3296 818 3362 habent,
847 3298 1124 3362 invocant,
1151 3313 1315 3368 quam
1375 3313 1687 3367 supremum
1719 3299 1883 3352 Deum
1918 3299 2004 3353 Je-

428 3403 600 3455 suque
651 3402 872 3452 nomen,
910 3389 1163 3459 adjuncta
1189 3390 1255 3444 de
1288 3389 1394 3444 isto
1421 3390 1668 3445 historia.
1696 3389 1790 3444 "is
1824 3400 1878 3444 et
1911 3407 2007 3446 nos

430 3479 666 3533 vidimus
723 3479 920 3534 multos
996 3481 1249 3550 gravibus
1310 3481 1671 3536 incommodis
1719 3482 2002 3548 liberatos,

429 3568 759 3623 alienatione
790 3571 1010 3635 mentis,
1048 3571 1280 3638 insania,
1303 3572 1532 3640 aliisque
1562 3573 1856 3635 sexcentis,
1888 3587 2007 3641 qua:

431 3674 601 3728 neque
641 3661 908 3726 homines,
944 3677 1122 3731 neque
1158 3663 1423 3718 daemonia
1450 3674 1802 3719 sanaverunt.

500 3817 590 3892 23.
627 3837 732 3891 Sed
760 3838 864 3892 etsi
907 3839 1129 3893 daretur
1164 3841 1432 3893 medicum
1475 3841 1761 3904 quemdam
1803 3843 2004 3898 daemo-

432 3940 552 3979 nem
581 3927 957 3997 IEsculapium
989 3929 1228 3995 nomine,
1253 3930 1454 3983 mederi
1484 3932 1830 3998 corporibus,
1857 3935 2003 3988 dice-

431 4033 546 4072 rem
593 4018 661 4072 ad
717 4017 836 4072 illos
866 4019 956 4087 qui
1011 4019 1153 4072 istud
1196 4019 1561 4082 admirantur,
1613 4029 1706 4073 aut
1745 4022 2007 4088 Apollinis

429 4109 817 4164 divinationem
857 4125 870 4161 :
905 4109 960 4163 Si
992 4109 1360 4164 curandorum
1392 4123 1683 4177 corporum
1709 4125 1798 4164 ars
1834 4128 2006 4180 neque

427 4199 631 4254 bonum
659 4200 789 4269 quid
815 4215 989 4268 neque
1028 4199 1229 4253 malum
1269 4209 1376 4265 est,
1402 4208 1457 4252 et
1489 4199 1539 4251 in
1568 4198 1738 4253 bonos
1763 4215 1914 4268 reque
1944 4217 2007 4256 ac

427 4292 707 4358 improbos
743 4292 924 4353 cadat.
953 4291 1207 4346 elfutura
1233 4292 1605 4360 praenoscendi
1643 4292 1724 4347 vis
1746 4293 1818 4348 sit
1841 4294 2005 4348 etiam

2035 1718 2076 1772 B

2107 473 2281 527 σκιάν.
2313 475 2422 526 Καὶ
2447 473 2879 538 συνεξεταξέσθω
2905 491 2966 542 γε
2989 474 3068 528 τὰ
3094 471 3229 525 τῶν
3263 473 3411 542 περὶ
3449 473 3665 525 ἐκείνου
3698 475 3766 545 (8)

2107 564 2352 636 ἱστοριῶν
2383 568 2448 635 τῇ
2484 566 2611 636 περὶ
2644 564 2737 617 τοῦ
2779 565 2972 636 Ἰησοῦ.
3005 567 3091 617 ’“Η
3119 565 3343 617 ἐκεῖνα.
3382 564 3492 632 μὲν
3531 561 3765 632 βούλεται

2103 655 2130 704 ὁ
2176 652 2380 715 Κέλσος
2441 649 2578 706 εἶναι
2614 652 2817 723 ἀληθῆ,
2848 655 3016 707 ταῦτα
3070 654 3140 706 δὲ
3184 654 3622 723 ἀναγραφέντα
3671 657 3765 707 ὑπῦ

2104 742 2209 795 τῶν
2249 743 2616 812 τεθεαμένων,
2646 744 2738 795 καὶ
2766 743 2843 814 τῷ
2879 745 3020 816 ἔργῳ
3073 745 3425 811 δειξάντων
3466 743 3572 815 τὴν
3617 747 3763 818 ἐνάρ-

2103 848 2255 901 γειαν
2279 834 2378 903 τῆς
2416 833 2770 902 καταλήψεως
2814 836 2940 904 περὶ
2978 834 3078 887 τοῦ
3136 835 3633 905 τεθεωρημένον,
3683 838 3763 888 καὶ

2107 923 2567 994 παραστησάντων
2595 923 2692 994 τὴν
2721 923 2960 978 διάθεσιν
2991 927 3053 979 ἐν
3092 922 3194 988 οἷς
3248 925 3588 996 προθύμως
3635 927 3762 998 ὑπὲρ

2104 1013 2196 1065 τοῦ
2221 1013 2378 1080 λόγου
2425 1013 2589 1066 αὑτοῦ
2630 1015 2958 1068 πεπόνθασιν
2979 1056 2992 1078 ,
3033 1013 3206 1071 εἶναι
3261 1017 3598 1086 πλάσματα
3623 1035 3638 1080 ;
3664 1021 3762 1071 Καὶ

2102 1107 2187 1168 τίς
2218 1105 2303 1169 ἂν,
2337 1105 2478 1159 κατὰ
2511 1106 2572 1159 τὸ
2596 1103 2814 1173 εὔλογον
2844 1107 3019 1160 πάντα
3052 1110 3371 1179 πράττειν
3415 1107 3620 1170 θέλων,
3643 1109 3761 1161 ἀπο-

2105 1201 2457 1272 ιῑληρωτικῶς
2510 1201 2902 1270 συγκατάθοιτο
2929 1200 3003 1270 (9)
3033 1199 3151 1269 μὲν
3197 1197 3352 1269 περὶ
3383 1197 3626 1250 ἐκείνων
3649 1215 3662 1227 ·
3691 1201 3759 1260 εις

2104 1292 2160 1345 δὲ
2186 1293 2254 1346 τὰ
2282 1312 2346 1346 πε
2358 1295 2407 1363 pl
2439 1294 2626 1347 τούτου
2655 1294 3024 1360 ἀνεξετάστως
3053 1291 3279 1364 ὁρμῶν
3307 1290 3637 1360 ἀπιστῆσαι
3661 1293 3757 1353 ττῖς

2107 1402 2173 1436 πε
2183 1385 2236 1454 ρ).
2269 1383 2432 1438 αὐτοῦ
2455 1402 2469 1449 ;

2175 1476 2284 1527 Καὶ
2316 1474 2474 1527 πάλιν
2503 1473 2637 1527 ἐπὰν
2667 1474 2764 1544 μὲν
2799 1472 3042 1545 περὶτοῦ
3085 1469 3478 1542 Ἀσκληπιοῦ
3511 1471 3750 1543 λέγηται,

2104 1565 2183 1617 ὅτι
2211 1564 2344 1616 πολὺ
2372 1563 2672 1634 ἀνθρώπων
2709 1563 2914 1633 πλῆθος
2951 1563 3246 1634 Ἑλλήνων
3304 1580 3374 1615 τε
3422 1563 3529 1616 καὶ
3559 1564 3750 1633 βαρϐά-

2111 1675 2218 1730 ρων
2258 1657 2509 1727 ὁμολογεῖ
2533 1657 2792 1720 πολλάκις
2823 1657 2970 1720 ἰδεῖν,
2995 1657 3092 1709 καὶ
3130 1654 3229 1706 ἔτι
3273 1656 3452 1725 ὀρᾷν,
3484 1655 3547 1706 ού
3577 1656 3748 1724 φάσμα

2107 1749 2237 1802 αὐτὸ
2267 1747 2444 1811 τοῦτο,
2472 1747 2606 1800 ἀλλὰ
2641 1746 3010 1818 θεραπεύοντα
3038 1746 3141 1798 καὶ
3180 1745 3636 1815 εὐεργετοῦντα,
3663 1748 3746 1798 καὶ

2105 1839 2174 1892 τὰ
2211 1839 2471 1908 μέλλοντα
2505 1839 2858 1910 προλέγοντα,
2909 1841 3203 1890 πιστεύειν
3259 1838 3432 1906 ἡμᾶς
3481 1837 3512 1887 ὁ
3556 1835 3746 1898 Κέλσος

2106 1929 2266 1995 ἀξιοῖ,
2301 1930 2393 1982 καὶ
2424 1930 2524 1981 οὐκ
2561 1929 2781 1997 ἐγκαλεῖ
2811 1929 2924 1990 τοῖς
2966 1929 3044 1990 είς
3075 1927 3180 1979 τὸν
3233 1925 3468 1996 Ἰησοῦν
3521 1927 3738 1988 πιστοῖς,

2106 2021 2241 2074 ἐπὰν
2277 2020 2484 2084 τούτοις
2519 2021 2862 2090 πιστεύωμεν
2891 2020 3021 2088 (10)·
3059 2018 3222 2071 ἐπὰν
3270 2019 3336 2070 δὲ
3395 2019 3520 2079 τοῖς
3573 2015 3738 2085 μαθη-

2104 2115 2224 2173 ταῖς
2279 2111 2370 2163 καὶ
2415 2110 2761 2179 τεθεαμένοις
2811 2108 2880 2160 τὰ
2925 2107 3201 2178 τεράστια
3259 2106 3367 2159 τοῦ
3412 2103 3617 2176 Ἰησοῦ,
3654 2104 3736 2156 καὶ

2105 2205 2432 2272 παριστᾶσιν
2471 2200 2714 2272 ἐναργῶς
2748 2201 2809 2252 τὸ
2843 2199 3126 2268 εὔγνωμον
3153 2199 3268 2269 τῆς
3302 2196 3533 2250 ἑαυτῶν
3576 2211 3738 2247 συνει-

2103 2294 2310 2363 δήσεως
2341 2290 2834 2362 συγκαταθώμεθα,
2865 2290 3096 2361 ὁρῶντες
3124 2289 3199 2342 τὺ
3241 2288 3615 2358 ἀπάνουργον
3649 2286 3734 2338 αύ-

2103 2383 2229 2448 τῶν,
2263 2384 2384 2435 ὅσον
2437 2383 2582 2436 ἐστὶν
2638 2383 2763 2436 ἰδεῖν
2811 2381 3114 2451 συνείδησιν
3170 2379 3298 2433 ἀπὸ
3350 2379 3730 2449 γραμμάτων

2103 2474 2316 2546 εὐήθεις
2348 2475 2490 2537 τινὲς
2522 2470 2658 2527 εἶναι
2711 2474 2824 2543 (11)
2862 2471 3012 2542 παρὰ
3061 2471 3144 2541 τῷ
3203 2471 3422 2541 Κέλσῳ
3478 2467 3724 2538 ὀνομαζό-

2112 2568 2270 2635 μεθα,
2320 2567 2419 2620 οὑκ
2452 2565 2626 2635 ἔχοντι
2667 2564 3015 2634 παραστῆσαι
3066 2563 3380 2632 ἀμύθητον
3435 2562 3536 2632 (ὣς
3585 2560 3724 2628 φησι)

2106 2658 2310 2730 πλῆθος
2358 2654 2656 2728 ἀνθρώπων
2698 2655 2962 2726 Ἑλλήνων
3017 2656 3109 2707 καὶ
3170 2654 3495 2725 βαρϐάρων
3543 2649 3721 2720 ὁμολοκ

2104 2752 2344 2820 γούντων
2389 2748 2720 2819 Ἀσκληπιῷ.
2758 2749 2948 2817 Ἡμεῖς
2972 2745 3099 2818 γὰρ,
3127 2748 3186 2798 εἰ
3215 2745 3394 2798 τοῦτο
3419 2742 3618 2812 σεμνὸν
3648 2736 3695 2792 εἴ

2103 2860 2192 2896 ναι
2220 2841 2451 2912 νομίζει,
2494 2839 2736 2910 ἐναργῶς
2777 2839 3062 2908 δείκνυμεν
3095 2838 3407 2908 ἀμύθητόν
3440 2854 3495 2887 τι
3529 2830 3714 2902 πλῆθος

2115 2933 2380 3005 Ἑλλήνων
2403 2950 2462 2985 τε
2493 2933 2585 2985 καὶ
2617 2930 2906 3001 βαρϐάρων
2927 2929 3358 2999 ὁμολογούντων
3393 2925 3476 2994 τῷ
3517 2919 3710 2993 Ἰησοῦι

2105 3026 2249 3088 τινὲς
2269 3025 2322 3078 δέ
2357 3026 2557 3094 σημεῖα
2585 3022 2676 3074 τοῦ
2714 3021 2990 3090 εἰληφέναι
3023 3037 3074 3073 τι
3104 3020 3200 3072 διὰ
3233 3018 3347 3089 τὴν
3382 3018 3568 3070 πίστιν
3595 3010 3709 3063 ταύ-

2110 3133 2206 3186 την
2234 3114 2658 3185 παραδοξότερον
2701 3112 3100 3165 ἐπιδείκνυνται
3142 3111 3208 3162 ἐν
3246 3103 3336 3171 οἷς
3384 3102 3709 3176 θεραπεύου-

2112 3223 2192 3257 σιν
2213 3222 2224 3234 ·
2265 3205 2414 3256 οὐδὲν
2443 3205 2568 3258 ἄλλο
2591 3201 2879 3264 καλοῦντες
2912 3201 3006 3254 ἐπὶ
3039 3201 3163 3261 τοὺς
3211 3198 3517 3268 δεομένους
3559 3194 3704 3260 θερα-

2111 3296 2267 3358 πείας
2301 3296 2332 3366 ἢ
2367 3296 2458 3348 τὸν
2480 3297 2571 3347 ἐπὶ
2604 3296 2735 3347 πᾶσι
2770 3293 2922 3355 Θεὸν,
2960 3293 3053 3345 καὶ
3084 3293 3143 3344 τὸ
3177 3290 3285 3344 τοῦ
3331 3287 3513 3358 Ἰησοῦ
3551 3284 3706 3351 ὄνομα

2113 3387 2250 3458 μετὰ
2275 3388 2370 3457 τῆς
2394 3388 2520 3458 περὶ
2553 3386 2716 3438 αὐτοῦ
2752 3384 3007 3456 ἱστορίας.
3036 3382 3272 3445 Τούτοις
3289 3381 3405 3450 γὰρ
3439 3378 3533 3432 καὶ
3557 3376 3699 3444 ἡμεῖς

2110 3479 2434 3551 ἑωράκαμεν
2461 3477 2686 3540 πολλοὺς
2711 3475 3120 3543 ἀπαλλαγέντας
3148 3473 3422 3545 χαλεπῶν
3459 3480 3702 3539 συμπτωο

2113 3563 2336 3642 μόιτων,⁴
2374 3572 2468 3624 καὶ
2508 3571 2815 3623 ἐκστάσεων
2850 3567 2943 3620 καὶ
2981 3566 3212 3637 μανιῶν,
3260 3567 3360 3620 καὶ
3398 3563 3568 3618 ἄλλων
3604 3573 3693 3627 μυ·-

2113 3661 2262 3731 ρίων,
2298 3661 2441 3734 ἆπερ
2477 3659 2588 3713 οὔτ’
2631 3660 2905 3730 ἄνθρωποι
2937 3657 3059 3710 οὔτε
3085 3656 3356 3726 δαίμονες
3403 3651 3691 3724 ἐθεράπευ-

2110 3771 2230 3806 σαν.
2350 3765 2354 3776 ³

2183 3845 2301 3896 Ἵνα
2341 3842 2396 3895 δὲ
2445 3842 2538 3896 καὶ
2579 3842 2654 3895 δῶ
2686 3842 2820 3911 (12),
2867 3842 3048 3912 ἰατρόν
3097 3859 3219 3894 τινα
3263 3840 3497 3910 δαίμονα
3545 3832 3686 3900 θερα-

2111 3933 2295 3986 πεύειν
2344 3930 2572 4002 σώματα
2614 3932 2706 3984 τὸν
2736 3930 3067 4000 καλούμενον
3107 3927 3467 4000 Ἀσκληπιὸν,
3501 3915 3684 3984 εἴποιμ’

2108 4024 2174 4077 ἂν
2201 4022 2335 4094 πρὸς
2377 4023 2502 4085 τοὺς
2540 4021 2916 4092 θαυμάζοντας
2947 4020 3007 4072 τὸ
3048 4018 3282 4083 τοιοῦτο,
3314 4019 3347 4090 ἢ
3382 4017 3481 4086 τὴν
3514 4005 3686 4063 Ἀπόλ-

2109 4115 2274 4177 λωνος
2306 4113 2583 4185 μαντείαν,
2619 4115 2698 4166 ὅτι
2727 4112 2898 4182 Εἴπερ
2933 4111 3093 4180 μέσον
3121 4112 3275 4164 ἐστὶν
3302 4113 3334 4178 ἡ
3366 4107 3473 4160 τῶν
3514 4096 3680 4168 σωμά-

2109 4224 2215 4260 των
2261 4207 2498 4278 ίατρικη,
2535 4207 2628 4259 καὶ
2674 4209 2903 4277 πρᾶγμα
2944 4211 3142 4261 πῖπτον
3172 4205 3278 4257 οὐκ
3326 4205 3406 4263 εἰς
3454 4192 3679 4250 ἀστείους

2116 4300 2294 4369 μόνον,
2323 4298 2457 4351 ἀλλὰ
2502 4300 2594 4351 καὶ
2639 4297 2894 4367 φαύλους,
2927 4296 3088 4366 μέσον
3123 4295 3179 4348 δὲ
3222 4297 3323 4348 καὶ
3353 4295 3384 4363 ἡ
3430 4287 3550 4358 περὶ
3579 4279 3674 4333 τῶν

427 4382 557 4449 quid
591 4382 905 4439 indiﬂerens
925 4383 1046 4454 (nec
1069 4385 1214 4438 enim
1256 4385 1439 4440 statim
1468 4383 1560 4450 qui
1585 4383 1765 4439 futura
1795 4401 2004 4455 praeno-

2119 4391 2417 4460 μελλόντων
2473 4390 2775 4461 πρόγνωσις
2817 4391 2896 4458 (οὐ
2930 4389 3038 4459 γὰρ
3075 4388 3294 4451 πάντως
3333 4381 3580 4455 ἐμφαίνει
3625 4371 3675 4422 τὸ

428 4473 555 4538 scit,
582 4475 746 4528 etiam
781 4477 864 4530 vir
898 4477 1073 4532 bonus
1102 4476 1229 4548 est),
1273 4479 1496 4546 probate
1531 4479 1700 4533 malos
1732 4492 1838 4533 non
1883 4495 2003 4534 esse

427 4564 521 4632 qui
551 4575 743 4618 sanant
769 4577 863 4620 aut
895 4579 1270 4637 prmnoscunt;
1306 4571 1566 4638 quosdam
1600 4579 1748 4623 certo
1783 4571 2008 4625 demon-

430 4656 595 4708 strari
623 4657 820 4721 honos,
849 4666 904 4710 et
945 4674 1136 4727 parum
1189 4662 1382 4717 abesse
1410 4671 1465 4715 ut
1495 4660 1567 4713 dii
1604 4661 2002 4716 existimentur.

432 4739 540 4795 Sed
569 4759 674 4798 non
719 4756 974 4814 poterunt
1005 4749 1172 4805 bonos
1203 4754 1436 4822 probare
1471 4771 1562 4810 eos
1588 4771 1728 4821 esse,
1776 4755 1867 4822 qui
1919 4769 2007 4809 sa-

433 4843 568 4887 nant
593 4844 686 4888 aut
715 4837 806 4904 qui
843 4850 1213 4904 praenoscunt.
1246 4841 1395 4896 Multi
1433 4844 1577 4899 enim
1619 4843 1873 4898 dicuntur
1917 4858 2004 4897 sa-

431 4925 565 4990 nati,
593 4929 684 4995 qui
721 4930 826 4982 vita
864 4930 1068 5000 indigni
1094 4941 1274 4997 erant,
1315 4941 1370 4986 et
1405 4931 1602 5001 quibus
1634 4933 1850 5002 sapiens
1889 4950 2000 4988 me-

517 5137 586 5206 l8)
618 5135 770 5199 Mss.,
804 5134 873 5187 τὰ
917 5135 1022 5187 τῶν
1068 5135 1195 5204 περὶ
1243 5135 1473 5188 ἐκείνου.
1506 5135 1664 5206 Lihb.
1697 5140 1905 5202 excusi,
1951 5139 2018 5191 τὰ

434 5204 697 5279 περὶτῶν
729 5207 958 5279 ἐκείνου,
979 5207 1089 5279 sed
1115 5206 1443 5279 “legendum,
1478 5204 1545 5256 τὰ
1574 5205 1679 5258 τῶν
1709 5208 1838 5278 περὶ
1871 5210 2016 5260 ἐκεί-

435 5275 562 5341 νων,
593 5289 648 5329 ut
678 5287 861 5330 monet
897 5275 1236 5330 lluln'rellus.

505 5348 576 5420 (9)
611 5346 1086 5420 Συγκᾳζάθοιτο,
1119 5355 1226 5399 etc.
1254 5343 1408 5420 liaud
1449 5348 1564 5420 scio
1613 5363 1678 5420 an
1713 5347 1999 5420 legendum

432 5417 522 5483 sit,
562 5417 970 5488 συγκατάθοιτο
1035 5417 1130 5485 μὲν
1190 5419 1304 5488 τοῖς
1361 5418 1485 5488 περὶ
1521 5418 1791 5488 ἐκείνων.
1848 5419 2008 5472 Certe

431 5489 597 5558 paulo
627 5499 747 5554 post
783 5488 832 5559 in
861 5485 1478 5559 altero_rnetnl_.n_'0inss.
1519 5487 1736 5549 habent,
1774 5489 2005 5559 ἀπιστή-

434 5554 524 5612 σαι
559 5559 668 5618 τοῖς
721 5557 847 5628 περὶ
891 5555 1078 5609 αὑτοῦ.
1119 5554 1175 5608 In
1228 5556 1379 5611 libris
1430 5569 1586 5611 antea
1639 5558 1800 5611 editis
1852 5554 2002 5612 deest

432 5644 563 5687 τοις.

507 5696 616 5765 (l0)
647 5695 749 5749 Kal
789 5698 897 5749 οὐκ
929 5695 1174 5764 ἐγκαλεῖ
1207 5697 1326 5762 τοῖς
1365 5702 1450 5765 εἰς
1495 5698 1598 5753 τὸν
1639 5698 1879 5767 Ἰησοῦν
1910 5715 2001 5750 ,τι-

2111 4483 2320 4534 ὰστεῖον
2364 4484 2392 4533 ὁ
2437 4480 2858 4552 προγινώσκων)
2887 4499 2898 4510 ·
2938 4480 3328 4551 παραστήσατε
3373 4473 3488 4534 πῶς
3532 4465 3669 4520 0:361-

2116 4572 2231 4641 μῶς
2277 4573 2374 4642 μέν
2419 4574 2526 4624 εἰσι
2559 4573 2748 4640 φαῦλοι
2789 4575 2837 4625 οἱ
2884 4571 3297 4644 θεραπεύοντες,
3336 4569 3368 4638 ἢ
3411 4565 3460 4617 οἱ
3501 4571 3670 4644 προτιῖ

2111 4661 2464 4730 γνὼσκοντες,
2517 4663 2680 4715 παντὶ
2715 4662 2771 4714 δὲ
2812 4662 2999 4732 τρόπῳ
3042 4661 3450 4713 ἀποδείκνυνται
3483 4640 3667 4702 ἀπεῖοί

2110 4770 2272 4815 τινες,
2319 4755 2411 4806 καὶ
2440 4755 2500 4806 ού
2548 4754 2762 4825 μακρὰν
2812 4752 2903 4804 τοῦ
2945 4750 3316 4821 ὑποληφθῆναι
3368 4741 3502 4798 εἶναι
3547 4731 3662 4788 θεοί·

2123 4833 2260 4896 Ἀλλ⁵
2301 4845 2360 4897 ού
2401 4845 2716 4916 δυνήσονται
2750 4846 2997 4907 ἀστείους
3041 4841 3318 4904 ἀποδεῖξαι
3362 4836 3485 4895 τοὺς
3519 4829 3662 4895 θερα“

2112 4937 2393 5002 πεύοντας,
2427 4937 2459 5005 ἢ
2487 4939 2610 5001 τοὺς
2631 4937 3157 5009 προγιγνώσκοντας,
3193 4931 3399 4989 πολλῶν
3431 4925 3518 4981 καὶ
3549 4920 3661 4972 ἀνα·

2120 5141 2308 5208 στοῖς,
2353 5143 2512 5196 ἐπὰν
2533 5147 2761 5208 τούτοις·
2802 5144 3192 5212 πιστεύωμεν.
3249 5141 3368 5195 Haec
3399 5151 3427 5189 a
3455 5128 3652 5186 Geleuio

2116 5226 2223 5265 non
2255 5225 2643 5280 agnoscuntur,
2676 5223 2731 5267 et
2765 5213 2962 5266 Guieto
2997 5213 3241 5266 addititia
3269 5212 3525 5263 videntur.

2184 5272 2518 5352 (ΗῘΕἷναι.
2568 5272 2853 5336 Abundarc
2889 5283 3124 5346 videtur,
3185 5291 3240 5336 et
3289 5281 3466 5332 abesse
3510 5272 3647 5352 posse

2111 5329 2867 5422 ex{atsarcinas:r1191;
2896 5329 3421 5422 ιέᾷἑὶίᾶιίηἶροὲῑθία,
3451 5329 3644 5405 νοὶιιξ6’

2111 5421 2828 5503 μεθειργρόνριιαξάμξθοισ
3221 5484 3395 5503 με

2181 5469 2440 5561 (12,)21‘3'
2476 5469 2909 5587 Abggvrllcgisse
2955 5491 3169 5587 videtur
3215 5469 3636 5587 Geleninisgmilioéi

2109 5550 2300 5617 omnes
2360 5577 2518 5625 mss.,
2568 5550 2954 5631 ’ἱατρόνντινω
3009 5561 3163 5616 Libb.
3216 5559 3377 5619 editi,
3431 5550 3644 5616 ἰατρικθν

2109 5649 2244 5684 τινα.
