3998 6170
347 279 454 334 9.5

1513 282 1802 338 CONTRA
1835 280 2121 337 CELSUM
2163 281 2290 336 LIB.
2333 279 2421 336 lll.

3501 281 3608 337 954

350 391 481 460 μίην
529 389 741 462 ἔχοντα,
789 391 1079 464 ἀνδριάντα
1125 397 1254 467 παρ’
1289 396 1450 459 αὑτὸν
1482 397 1726 450 ἱστάναι·
1762 397 1917 466 φάναι

2030 411 2258 466 gnomen
2296 395 2520 449 haberet
2550 411 2562 446 :
2596 392 2801 447 dixisse
2839 392 2984 446 enim
3019 392 3142 453 sibi,
3177 393 3322 462 ipsos
3365 409 3488 450 esse
3516 411 3606 449 so-

347 483 458 554 γάρ
508 501 632 552 σφιν
674 485 764 538 τὸν
809 487 1136 552 Ἀπόλλωνα,
1185 489 1530 543 Ἰταλιωτέων
1589 490 1830 560 μούνοισι
1861 491 1924 560 δὴ

345 574 641 628 ἀπικέσθαι
672 578 728 639 ές
757 577 852 648 τὴν
878 578 1080 650 χώρην,
1114 582 1208 633 καὶ
1249 581 1410 644 αὐτός
1441 583 1492 634 οί
1521 582 1750 638 ἔπεσθαι
1776 585 1803 635 ὁ
1831 582 1925 636 νῦν

346 661 454 715 ἐὼν
506 664 816 736 Ἀριστέηςο
853 669 976 720 τότε
1025 669 1101 732 δὲ,
1136 669 1225 721 ὅτε
1272 670 1458 722 εἵπετο
1489 669 1568 740 τῷ
1623 671 1750 740 θεῷ,
1783 669 1924 725 εἶναι

347 755 535 825 κόραξ.
572 757 681 809 Καὶ
731 759 822 810 τὸν
878 760 978 829 μὲν
1031 761 1252 815 εἰπόντα
1299 760 1495 826 ταῦτα,
1526 763 1921 832 ἀφανισθῆναι·

347 845 518 914 σφέας
549 846 605 898 δὲ
633 849 1025 903 Μεταποντῖνοι
1046 850 1293 920 λέγουσιν
1325 854 1383 915 ές
1403 851 1638 920 Δελφοὺς
1675 853 1924 923 πέμψαν-

341 951 463 998 τας,
498 935 604 988 τὸν.
623 937 742 990 θεὸν
771 941 1074 1010 ἐπερωτᾷν,
1109 940 1136 992 ὃ
1165 958 1216 994 τι
1250 941 1310 994 τὸ
1359 943 1549 1012 φάσμα
1586 942 1680 996 τοῦ
1713 942 1924 1014 ἀνθρὼ-

345 1043 447 1078 που
481 1027 593 1098 εἴη’
622 1030 721 1100 τήν
749 1046 807 1082 τε
839 1029 950 1100 (:28)
991 1030 1198 1102 Πυθίην
1235 1033 1404 1102 σφέας
1435 1034 1690 1088 κελεῦσαι
1739 1034 1924 1087 πείθε-

346 1118 470 1171 σθαι
501 1119 580 1190 τῷ
629 1121 897 1192 φάσματι,
935 1123 1304 1195 πειθομένοισι
1329 1141 1388 1177 τε
1418 1126 1639 1195 ἄμεινον
1683 1126 1924 1179 συνοίσε-

344 1209 502 1262 σθαι·
540 1211 630 1265 καὶ
665 1213 834 1281 σφέας
887 1214 1214 1284 δεξαμένους
1266 1215 1439 1271 ταῦτα
1495 1219 1717 1288 ποιῆσαι
1745 1220 1926 1270 ἐπιτε-

340 1303 438 1358 λέα
473 1306 604 1376 (29).
637 1307 744 1360 Καὶ¹
777 1306 869 1360 νῦν
903 1309 1134 1380 ἕστηκεν
1165 1311 1386 1382 ἀνδριὰς
1433 1311 1750 1381 ἐπωνυμίην
1784 1311 1925 1380 ἔχων

355 1395 620 1466 Ἀριστέω
653 1401 784 1467 παρ’
815 1399 963 1470 αὐτῷ
996 1400 1079 1470 τῷ
1124 1403 1400 1472 ἀγάλματι
1430 1401 1524 1453 τοῦ
1570 1402 1922 1466 Ἀπόλλωνος,

338 1486 478 1558 Περὶ
503 1488 559 1540 δὲ
590 1490 751 1542 αὑτὸν
780 1491 975 1560 δάφναι
1027 1494 1235 1546 ἑστᾶσι.
1292 1494 1365 1546 Τὸ
1413 1493 1468 1546 δὲ
1503 1494 1729 1565 ἄγαλμα
1764 1495 1822 1547 ὲν
1855 1497 1921 1566 τῇ

335 1577 510 1648 ἀγορῇ
543 1578 770 1650 ἵδρυται.
817 1582 1077 1654 Ἀριστέω
1113 1585 1209 1655 μὲν
1254 1583 1348 1636 νῦν
1396 1585 1524 1656 πέρι
1575 1585 1816 1639 τοσαῦτα
1849 1588 1926 1638 εί-

342 1669 546 1740 ρήσθω.
579 1691 598 1723 ι

407 1763 640 1816 Λεκτέον
667 1763 730 1834 δὴ
764 1766 901 1836 πρὸς
929 1767 1024 1838 τὴν
1055 1769 1184 1838 περὶ
1214 1768 1305 1821 τοῦ
1341 1771 1621 1842 Ἀριστέου
1658 1771 1918 1841 ἱστορίαν,

297 1913 302 1918 _
335 1853 442 1917 ὅτι,
475 1855 524 1906 εί
560 1856 656 1924 μὲν
689 1859 718 1908 ὁ
752 1857 958 1921 Κέλσος
997 1859 1072 1921 ὡς
1123 1860 1365 1930 ἱστορίαν
1407 1861 1579 1931 αὐτὴν
1630 1860 1919 1924 ἐξετίθετο,

339 1947 415 2015 μὴ
447 1945 538 1998 καὶ
568 1945 664 2016 τὴν
699 1948 891 2000 ἑαυτοῦ
925 1949 1320 2016 συγκατάθεσιν
1351 1950 1652 2019 ἐμφαίνων,
1680 1951 1921 2021 παραδε-

334 2035 568 2106 ξαμένου
603 2036 772 2108 αὐτὴν
817 2038 892 2100 ὡς
946 2037 1140 2109 ἀληθῆ,
1171 2039 1343 2102 ἄλλως
1392 2039 1457 2116 ἀν
1479 2039 1617 2111 πρὸς
1642 2041 1732 2094 τὸν
1765 2041 1924 2109 λόγον

333 2124 499 2178 αὑτοῦ
526 2128 951 2198 ἀπηντήσαμεψ
986 2131 1109 2182 ἐπεὶ
1151 2130 1206 2184 δὲ
1257 2131 1551 2201 δαιμονίως
1585 2133 1748 2186 αὐτὸν
1781 2135 1923 2203 ἡφα-

332 2217 534 2282 νίσθαι,
569 2220 814 2291 ἐναργῶς
843 2221 888 2273 δ’
913 2218 1067 2285 αὖθις
1105 2225 1361 2294 φανῆναι,
1392 2224 1486 2278 καὶ
1523 2224 1790 2295 πολλαχοῦ
1823 2228 1923 2297 τῆς

330 2312 658 2382 οἰκουμένης
701 2313 1156 2384 ἐπιδεδημηκέναι
1189 2317 1342 2387 φησὶ,
1385 2317 1476 2371 καὶ
1504 2317 1794 2388 θαυμαστά
1820 2323 1920 2390 ἥγε

330 2403 586 2472 γελκέναι
606 2421 618 2434 ·
641 2404 720 2457 ἔτι
751 2405 806 2457 δὲ
827 2407 918 2458 καὶ
937 2407 1182 2477 χρησμὸν
1204 2409 1298 2460 τοῦ
1329 2409 1680 2474 Ἀπόλλωνος,
1697 2413 1925 2483 ἐπισκή-

330 2492 533 2562 ψαντος
560 2496 984 2558 Μεταποντίνοις
1006 2500 1063 2549 έν
1077 2497 1213 2550 θεῶν
1241 2499 1406 2570 μοίρᾳ
1429 2501 1614 2570 νέμειν
1641 2503 1732 2554 τὸν
1773 2504 1921 2574 Ἀρι-

333 2585 516 2648 στέαν,
568 2585 644 2649 ὡς
700 2587 794 2654 ἀφ’
827 2587 1020 2640 ἑαυτοῦ
1069 2589 1205 2659 (50),
1248 2593 1342 2644 καὶ
1385 2594 1923 2664 συγκατατιθέμενος

306 2675 607 2728 -ὲκτίθεται
654 2677 810 2744 λόγον
840 2678 933 2731 τὸν
978 2681 1114 2750 πρὸς
1147 2683 1342 2734 αὐτόν·
1383 2683 1476 2735 καὶ
1521 2684 1658 2748 πῶς,
1694 2684 1832 2748 ὅλως
1860 2704 1922 2739 τε

334 2767 632 2837 πλάσματα
660 2769 1059 2840 ὑπολαμϐάνων
1087 2771 1157 2824 τὰ
1209 2773 1314 2826 ὑπὸ
1361 2773 1470 2827 τῶν
1509 2774 1684 2846 Ἰησοῦ
1739 2776 1917 2847 μαθη-

329 2857 442 2911 τῶν
471 2860 750 2930 παράδοξα
776 2863 901 2932 περὶ
929 2863 1092 2916 αὑτοῦ
1129 2865 1622 2934 ἀναγεγραμμένα,
1653 2867 1747 2920 καὶ
1779 2885 1843 2937 με
1854 2885 1919 2938 μ-

330 2949 565 3020 φόμενος
596 2955 708 3014 τοῖς
736 2952 1080 3005 πιστεύουσιν
1108 2955 1313 3016 αὐτοῖς,
1343 2955 1514 3008 ταῦτα
1541 2957 1598 3008 οὐ
1633 2959 1918 3027 τερατείαν

329 3040 451 3094 οὔτε
481 3041 774 3112 πλάσματα
808 3040 946 3097 εἶναι
975 3045 1242 3116 νομίζειςς
1288 3044 1413 3108 Πῶς
1453 3045 1510 3098 δὲ
1543 3048 1637 3100 καὶ
1675 3051 1703 3101 ὁ
1736 3049 1915 3113 ἄλλοις
1943 3076 1984 3134 C

330 3134 600 3202 ἐγκαλῶν,
633 3135 708 3198 ὼς
741 3135 952 3205 ἀλόγως
995 3136 1308 3190 πιστεύουσι
1356 3141 1470 3201 τοῖς
1500 3140 1627 3210 περὶ
1677 3140 1772 3193 τοῦ
1813 3143 1917 3212 Ἰη-

333 3225 427 3278 σοῦ
463 3227 808 3296 παραδόξοις,
842 3230 906 3282 σὺ
941 3230 1216 3293 τοσούτοις
1255 3231 1494 3302 ὲμφαίνῃ
1548 3235 1914 3290 πεπιστευκέ-

328 3332 440 3379 ναι,
487 3315 741 3386 οὐδεμίαν
789 3318 1061 3382 ἀπόδειξιν
1113 3321 1242 3392 περὶ
1278 3322 1457 3374 αὐτῶν
1497 3322 1528 3393 ἢ
1565 3326 1910 3397 κατασκευὴν

329 3408 462 3477 περὶ
506 3406 601 3458 τοῦ
635 3409 776 3461 αύτά
815 3411 1092 3478 γεγονέναι
1132 3411 1348 3482 φέρων;
1388 3414 1458 3465 Ἢ
1502 3415 1787 3484 Ἡρόδοτος
1816 3418 1915 3487 μὲν

329 3497 424 3549 καὶ
472 3495 736 3567 Πίνδαρος
769 3497 1018 3566 ἀψευδεῖν
1074 3501 1224 3572 παρὰ
1277 3503 1360 3554 σοὶ
1397 3503 1740 3572 νομίζονται·
1775 3508 1825 3559 οἱ
1871 3507 1913 3560 δ’

327 3585 694 3657 ἀποθνήσκειν
755 3589 1147 3660 μελετήσαντες
1204 3593 1344 3666 ὑπὲρ
1385 3597 1492 3648 τῶν
1540 3597 1711 3668 Ἰησοῦ
1748 3599 1918 3671 μαθη-

331 3677 538 3748 μάτων,
589 3681 684 3732 καὶ
733 3681 955 3734 τοιαῦτα
983 3684 1091 3754 (5i)
1130 3685 1258 3756 περὶ
1303 3680 1378 3740 ὧν
1435 3689 1766 3759 ἐπείσθησαν
1805 3695 1915 3755 τοῖς

329 3771 458 3841 ἑξῆς
512 3773 902 3837 καταλιπόντες
977 3776 1305 3847 γράμματα,
1371 3781 1500 3848 περὶ
1577 3780 1913 3852 πλασμάτων

330 3863 424 3933 (ὡς
469 3864 614 3934 οἴει,)
658 3867 750 3918 καὶ
789 3866 972 3936 μύθων
1027 3869 1120 3921 καὶ¹
1154 3870 1450 3940 τερατειῶν
1491 3873 1744 3926 τοσοῦτον
1778 3876 1916 3942 ἀγω-

329 3958 583 4021 νίζονται,
620 3959 696 4022 ὡς
739 3961 830 4012 καὶ
883 3960 979 4030 ζῇν
1029 3961 1431 4032 περιστατικῶς
1478 3963 1544 4016 δι’
1605 3965 1766 4028 αὐτὰ,
1817 3966 1912 4018 καὶ

326 4049 692 4121 ἀποθνήσκειν
743 4050 964 4120 βιαίως;
998 4053 1180 4106 Μέσον
1231 4054 1412 4106 τοίνυν
1465 4057 1663 4109 σαυτὸν
1711 4059 1912 4129 στήσας

325 4139 434 4193 τῶν
466 4158 525 4194 τε
562 4143 690 4212 περὶ
727 4141 820 4195 τοῦ
851 4143 1129 4212 ’Λριστέου
1181 4146 1586 4214 γεγραμμένων
1644 4147 1780 4218 (5‘2),
1821 4154 1912 4203 καὶ

327 4234 434 4286 τῶν
462 4233 709 4305 περὶτοῦ
748 4233 922 4305 Ἰησοῦ
960 4235 1381 4304 ἱστορουμένων,
1419 4235 1492 4287 ίδε
1527 4238 1575 4288 εί
1619 4237 1692 4306 μὴ
1725 4240 1788 4292 έκ
1819 4239 1910 4291 τοῦ

325 4325 653 4390 ἀποϐάντος,
687 4327 780 4379 καὶ¹
808 4325 915 4377 τῶν
953 4325 1352 4396 ὠφελουμένων
1381 4329 1460 4390 είς
1493 4328 1640 4396 ἠθῶν
1674 4332 1908 4401 ἐπανόρ-

2029 488 2111 542 los
2136 503 2201 541 ex
2234 485 2488 550 ltaliotis,
2521 486 2574 538 in
2607 499 2840 554 quorum
2869 493 3070 538 terram
3102 484 3294 554 Apollo
3322 487 3600 548 venisset;

2029 577 2206 647 ipsum
2261 591 2406 631 nunc
2449 591 2568 630 esse
2613 590 2673 629 se
2710 575 3006 638 Aristeam,
3053 576 3143 643 qui
3190 575 3340 629 illum
3387 586 3606 630 secutus

2029 669 2244 732 fuerat;
2299 683 2526 723 corvum
2576 677 2760 721 autem
2809 663 2979 720 fuisse
3037 683 3160 722 cum
3233 670 3390 725 deum
3451 670 3603 723 illum

2028 769 2383 826 sequeretur;
2426 773 2679 827 eumque,
2707 758 2789 812 his
2832 759 3012 823 dictis,
3039 760 3352 820 evanuisse.
3385 766 3605 824 Addunt

2031 849 2382 918 Metapontini
2439 866 2498 904 se
2545 853 2612 905 ad
2655 852 2813 904 deum
2871 852 2923 905 in
2966 850 3198 920 Delphos
3248 856 3459 912 misisse
3510 863 3600 929 qui

2030 941 2444 1008 interrogarent
2481 943 2755 1009 quodnam
2789 953 2932 996 esset
2977 953 3252 1011 spectrum
3300 947 3461 1016 hujus
3505 951 3604 1004 ho-

2031 1031 2223 1096 minis;
2257 1033 2510 1102 Pythiam
2545 1033 2842 1102 imperasse
2883 1043 2938 1087 ut
2968 1047 3186 1103 spectro
3213 1049 3492 1105 parerent,
3524 1043 3604 1097 sic

2030 1120 2223 1176 melius
2258 1138 2379 1176 cum
2431 1122 2564 1192 ipsis
2609 1132 2788 1177 aetum
2829 1124 2892 1176 iri
2923 1143 2936 1177 :
2969 1125 3054 1178 his
3088 1141 3147 1180 se
3178 1141 3434 1184 assensos
3481 1147 3605 1186 esse

2025 1222 2082 1266 et
2114 1211 2310 1267 ell‘eeta
2352 1215 2682 1269 reddidisse.
2717 1215 2782 1268 Et
2809 1232 2952 1269 nunc
2980 1226 3157 1270 statua
3189 1231 3372 1274 exstat
3399 1237 3605 1292 cogno-

2031 1306 2182 1358 mine
2230 1305 2462 1359 Aristea:
2501 1316 2724 1374 propter
2755 1321 2906 1359 aram
2939 1308 3106 1376 ipsam
3139 1309 3306 1382 464
3338 1313 3605 1382 Apollinis

2029 1395 2200 1450 lauris
2232 1397 2590 1451 circumdata.
2627 1397 2823 1452 Ereeta
2864 1410 2948 1453 est
2974 1406 3156 1452 autem
3209 1403 3260 1454 in
3299 1403 3437 1458 foro.
3482 1403 3607 1460 llazc

2030 1490 2096 1544 de
2126 1487 2345 1544 Aristea
2370 1491 2654 1545 hactenus.
2679 1510 2697 1543 ι

1954 1738 1995 1791 Β
2094 1757 2186 1812 a7.
2217 1757 2298 1810 Ad
2325 1757 2466 1811 hanc
2493 1757 2560 1812 de
2582 1757 2798 1810 Aristea
2828 1757 3118 1811 historiam
3143 1758 3437 1813 dicendum
3468 1761 3610 1816 ιιιιιι.

2027 1866 2144 1904 rum
2180 1850 2348 1904 fuisse
2395 1861 2474 1914 ut,
2507 1849 2550 1903 si
2594 1849 2784 1904 Celsus
2833 1849 2983 1902 illam
3039 1859 3098 1904 ut
3132 1851 3421 1906 historiam
3468 1855 3606 1908 alle-

2026 1958 2185 2011 gans,
2219 1957 2324 1996 non
2367 1943 2703 2012 signiﬁcaret
2729 1944 2806 1998 illi
2844 1959 2903 1998 se
2934 1945 3192 1998 assentiri
3234 1955 3289 2000 et
3321 1956 3380 2000 ut
3418 1963 3604 2002 veram

2024 2035 2298 2102 accipere,
2345 2035 2449 2087 alia
2512 2038 2728 2090 ratione
2786 2037 2930 2104 quod
2985 2036 3176 2106 objicit
3222 2039 3604 2096 solveremus:

2023 2127 2285 2196 quoniam
2344 2141 2474 2180 vero
2525 2127 2709 2181 divine
2741 2129 2892 2184 illum
2929 2135 3245 2200 evanuisse,
3278 2150 3471 2188 rursus
3506 2151 3606 2204 pa-

2025 2214 2133 2268 lam
2176 2215 2586 2283 comparuisse,
2637 2215 2802 2269 multa
2871 2219 3024 2273 orbis
3066 2219 3184 2274 loca
3239 2221 3492 2274 invisisse
3548 2228 3606 2274 et

2023 2308 2272 2362 miranda
2311 2308 2659 2362 renuntiasse
2697 2309 2848 2376 dicit,
2878 2319 2934 2365 et
2964 2322 3228 2381 praeterea
3268 2315 3436 2368 refert
3465 2328 3600 2367 ora-

2023 2396 2202 2451 culum
2235 2397 2540 2468 Apollinis,
2587 2400 2680 2467 qui
2735 2399 3122 2468 Metapontinis
3165 2405 3388 2456 mandat
3447 2413 3505 2456 nt
3549 2404 3601 2456 in

2022 2488 2250 2542 deorum
2295 2504 2524 2542 numero
2560 2489 2841 2544 Aristeam
2893 2491 3152 2558 habeant,
3197 2501 3254 2546 et
3309 2494 3426 2548 haec
3459 2494 3608 2549 velut

2023 2592 2090 2632 ex
2139 2578 2319 2646 seipse
2371 2587 2426 2634 et
2477 2581 2786 2637 assentiens
2814 2584 2880 2638 de
2909 2585 3126 2640 Aristea
3165 2593 3600 2650 commemorat;

2022 2683 2248 2739 quaaro:
2283 2668 2362 2724 Tu
2410 2673 2502 2740 qui
2547 2674 2771 2728 omnino
2816 2674 3074 2744 ﬁgmenta
3124 2691 3247 2732 esse
3281 2688 3440 2746 putas
3483 2693 3605 2747 quae

2021 2761 2087 2814 de
2117 2760 2242 2814 .lesu
2307 2763 2587 2818 miraculis
2645 2765 2897 2834 discipuli
2945 2767 3140 2823 litteris
3187 2769 3602 2840 consignatum,

2020 2861 2074 2904 et
2098 2853 2315 2908 incusas
2344 2870 2438 2910 eos
2473 2856 2564 2924 qui
2597 2857 2706 2912 illis
2739 2858 3046 2928 adjungunt
3084 2860 3247 2916 ﬁdem
3275 2877 3288 2925 ;
3323 2863 3603 2930 quomodo

2022 2957 2109 2998 res
2143 2945 2452 3014 hujusmodi
2486 2949 2793 3019 prodigiose
2815 2951 3080 3006 conﬁctas
3113 2952 3439 3023 fabulasque
3476 2969 3600 3008 esse

2021 3051 2127 3090 non
2153 3036 2405 3105 judicas?
2434 3039 2718 3105 Quomodo
2770 3053 2823 3094 tu
2850 3041 2942 3111 qui
2977 3041 3100 3095 aliis
3142 3044 3277 3098 vitio
3305 3046 3424 3105 das,
3457 3046 3600 3112 quod

2018 3125 2142 3180 Jesu
2176 3128 2430 3183 miracula
2462 3132 2606 3184 nulla
2643 3133 2852 3188 ratione
2884 3136 3207 3200 admittant,
3236 3137 3362 3188 talia
3393 3136 3602 3190 videris

2016 3220 2326 3283 admittere,
2368 3221 2514 3274 nulla
2550 3223 2714 3276 allata
2761 3227 3086 3292 probatione
3134 3225 3392 3296 nulloque
3439 3243 3602 3295 argu-

2018 3323 2222 3379 mento,
2257 3328 2342 3366 res
2375 3313 2492 3366 illas
2524 3316 2861 3384 contigisse?
2890 3317 2971 3370 An
3006 3317 3345 3372 Herodotum
3378 3329 3433 3372 et
3475 3319 3601 3372 Pin-

2017 3404 2209 3457 darum
2241 3414 2401 3473 putas
2429 3407 2731 3463 mendaciis
2759 3424 2870 3462 non
2907 3409 3128 3475 fallere;
3161 3411 3250 3480 qui
3298 3426 3427 3464 vero
3458 3413 3598 3465 mori

2016 3505 2206 3564 optant
2259 3512 2357 3564 pro
2407 3495 2536 3552 Jesu
2573 3497 2915 3553 documentis
2966 3509 3022 3552 et
3071 3502 3276 3569 scripta
3315 3502 3384 3554 de
3436 3502 3599 3554 rebus

2017 3601 2150 3654 quas
2178 3597 2496 3655 perspectas
2546 3589 2839 3654 habebant,
2893 3590 2961 3642 ad
3009 3602 3265 3658 posteros
3312 3592 3597 3645 transmit-

2019 3679 2178 3730 tenda
2218 3675 2577 3746 reliquerunt,
2621 3694 2716 3734 eos
2764 3696 2860 3748 pro
2909 3682 3208 3748 ﬁgmentis,
3260 3697 3358 3750 pro
3399 3683 3597 3736 fabulis

2018 3769 2266 3839 ﬁctisque
2299 3771 2558 3842 prodigiis
2589 3787 2762 3840 usque
2784 3773 2920 3825 adeo
2942 3773 3274 3839 decertasse,
3314 3784 3374 3827 ut
3397 3775 3596 3830 misere

2016 3861 2198 3916 vivere
2235 3872 2290 3916 et
2330 3863 2380 3916 vi
2426 3878 2457 3916 e
2494 3864 2672 3916 medio
2714 3864 2828 3917 tolli
2881 3866 3117 3921 vellent?
3155 3865 3231 3920 Te
3270 3870 3385 3935 ipse
3415 3868 3597 3936 potius

2015 3955 2280 4008 arbitrum
2337 3954 2676 4009 constituens
2740 3955 2885 4010 inter
2941 3971 3003 4010 ea
3074 3972 3198 4026 qua:
3249 3959 3316 4011 de
3377 3959 3591 4013 Aristea

2014 4048 2217 4114 scripta
2242 4056 2388 4111 sunt,
2425 4055 2479 4100 et
2502 4061 2564 4100 ea
2593 4062 2714 4115 quae
2759 4049 2824 4102 de
2853 4046 2980 4102 .lesu
3014 4059 3331 4112 narrantur,
3366 4049 3490 4103 vide
3523 4066 3591 4104 ex

2015 4149 2207 4192 eventu
2236 4149 2290 4193 et
2323 4154 2388 4193 ex
2419 4139 2484 4192 iis
2511 4154 2628 4207 quae
2659 4141 2723 4192 ad
2758 4155 2968 4194 morum
2995 4141 3437 4194 emendationem
3476 4142 3592 4208 pie-

2017 4238 2288 4296 tatemque
2328 4242 2458 4297 erga
2501 4245 2774 4285 summum
2821 4228 2986 4282 Deum
3031 4229 3398 4282 inducendam
3447 4239 3593 4281 uter-

2014 4334 2118 4388 que
2153 4321 2307 4385 fecit,
2343 4335 2523 4375 annon
2569 4321 2674 4374 hoe
2723 4319 2988 4386 judicium
3052 4317 3183 4372 ferri
3235 4320 3450 4383 debeat,
3473 4334 3592 4373 cre-

327 4417 490 4471 θωσιν
539 4420 630 4472 καὶ
658 4417 946 4471 εὐλάϐειαν
1000 4419 1100 4488 τίν
1149 4419 1284 4490 πρὸς
1309 4420 1400 4473 τὸν
1448 4422 1540 4474 ἐπὶ
1585 4423 1720 4474 πᾶσι
1752 4423 1907 4487 Θεὸν,

2021 4414 2248 4466 dendum
2299 4429 2421 4467 esse
2461 4428 2566 4466 non
2613 4414 2731 4466 sine
2781 4411 2892 4464 Deo
2940 4410 3086 4465 facta
3135 4411 3306 4465 fuisse
3358 4427 3478 4482 quae
3524 4414 3591 4468 de

325 4509 470 4562 ἐστὶν
496 4511 690 4572 εἰπεῖν,
726 4510 807 4562 ὅτι
842 4511 1154 4563 πιστευτέον
1191 4511 1290 4582 μὲν
1319 4511 1392 4575 ὡς
1420 4514 1520 4566 οὐκ
1566 4513 1718 4567 ἀθεεὶ
1749 4532 1906 4583 γενο-

327 4598 508 4668 μένοις
533 4605 644 4664 τοῖς
689 4603 817 4672 περὶ
858 4601 1030 4673 Ἰησοῦ
1081 4603 1506 4674 ἱστορουμένοις,
1541 4605 1661 4676 οὐχὶ
1699 4606 1760 4659 δὲ
1796 4609 1909 4671 τοῖς

325 4694 570 4762 περὶτοῦ
607 4694 1005 4766 Προκοννησίου
1049 4694 1345 4766 Ἀριστέου.

395 4782 461 4833 Τί
518 4785 613 4854 μὲν
672 4785 779 4856 γὰρ
837 4785 1200 4857 βουλομένηή
1260 4787 1496 4858 Πρόνοια
1531 4787 1600 4840 τά
1654 4790 1781 4860 περὶ
1813 4790 1904 4842 τὸν

341 4871 623 4941 Ἀριστέαν
652 4877 929 4949 παράδοξα
971 4877 1455 4949 έπραγματεύετο;
1502 4880 1611 4932 Καὶ
1663 4880 1714 4932 τί
1763 4881 1908 4950 ὠφε-

327 4961 488 5034 λῆσαι
514 4965 574 5017 τὸ
597 4966 703 5019 τῶν
723 4968 1021 5040 ἀνθρώπων
1042 4971 1196 5038 γένος
1225 4971 1335 5042 (55)
1359 4971 1686 5042 βουλομένη,
1714 4973 1785 5024 τά
1811 4989 1908 5043 τη-

325 5055 558 5110 λικαῦτα
609 5057 704 5129 (ὼς
743 5061 884 5131 οἴει),
921 5062 1300 5128 ὲπεδείκνυτο;
1348 5065 1462 5116 Οὐκ
1507 5064 1652 5135 ἔχεις
1701 5065 1904 5134 λέγειν.

363 5279 514 5404 νὸἓκ)
556 5278 888 5334 llmsehelius
931 5284 982 5334 in
1018 5291 1193 5347 textu,
1226 5284 1307 5336 ὅτι
1353 5300 1413 5335 τε
1471 5282 1765 5352 φάντασμα
1806 5283 1902 5335 τοῦ

431 5348 613 5404 οὼπου
643 5351 755 5404 ein:
791 5351 889 5404 τὴν
914 5351 990 5404 δέ.
1023 5363 1130 5404 (τιν.

323 5347 613 5422 ἀνθρώπου
643 5351 755 5420 εἴης
791 5351 889 5421 τὴν
914 5351 990 5413 δέ,
1023 5363 1130 5404 (τιτι.

398 5422 510 5490 (‘29)
552 5421 692 5472 Idem
749 5422 799 5472 in
849 5432 1014 5484 textu,
1056 5421 1374 5482 έπιτέλειον,
1433 5431 1485 5476 et
1543 5421 1703 5489 paulo
1760 5431 1898 5488 post,

324 5488 464 5562 έχων
493 5488 564 5542 ’Ἃ
576 5491 795 5562 ριστέης
828 5493 958 5562 παρ’
988 5490 1139 5562 αὐτῷ
1170 5490 1248 5560 τῷ
1275 5488 1552 5562 ἀγάλματι
1571 5491 1667 5543 τοῦ
1705 5493 1898 5545 ’Λπόλ-

325 5558 511 5631 λὼνος.
546 5558 712 5631 Πέριξ
732 5558 785 5613 δὲ
819 5558 976 5614 αὑτὸν
1008 5558 1358 5631 δάφναιείσί.

400 5629 510 5700 (50)
551 5629 643 5696 Ὡς*
671 5633 770 5700 ἀρ’
801 5632 1036 5684 ἑαυτοῦ.
1077 5630 1299 5701 Videtur
1324 5635 1534 5693 deesse,
1564 5631 1739 5701 φέρει.
1774 5631 1893 5686 Mox

329 5696 522 5754 Gu‘ieto
548 5696 800 5771 suspecta
839 5713 963 5757 sunt
996 5713 1050 5757 et
1082 5699 1328 5756 addititia
1364 5696 1891 5772 videntur-sequen-

2015 4502 2139 4556 Jesu
2175 4504 2403 4557 historia
2433 4503 2707 4572 prodidit;
2747 4519 2853 4561 non
2885 4517 3066 4562 autem
3108 4520 3228 4574 qua“:
3263 4507 3330 4561 de
3369 4508 3586 4562 Aristea

2014 4594 2404 4648 Proconnesio.

2085 4783 2174 4836 28.
2215 4783 2280 4836 Et
2313 4799 2446 4837 vero
2479 4798 2586 4852 quo
2633 4783 2864 4837 consilio
2894 4781 3245 4838 Providentia
3292 4785 3465 4839 voluit
3523 4794 3586 4838 ut

2021 4878 2250 4931 Aristeae
2299 4891 2461 4931 causa
2521 4878 2765 4946 prodigia
2815 4877 3048 4932 ﬁerent?
3107 4879 3281 4945 Quam
3349 4879 3596 4932 humano

2015 4969 2200 5038 generi
2237 4969 2524 5022 utilitatem
2576 4966 2777 5024 alIerre
2803 4967 2973 5022 voluit
3006 4969 3073 5024 iis
3096 4984 3280 5024 rerum
3309 4969 3594 5024 miraculis

2016 5077 2136 5130 qua:
2173 5074 2233 5114 ut
2272 5072 2432 5130 putas
2484 5061 2710 5117 eﬁecit?
2753 5063 2896 5118 Nihil
2935 5066 3102 5120 habes
3154 5063 3298 5133 quod
3357 5077 3590 5132 respon-

2007 5286 2098 5351 tia,
2134 5286 2227 5339 καὶ
2278 5284 2807 5355 συγκατατιθέμενος
2843 5283 3117 5355 ἐκτίθεται
3150 5279 3421 5355 λόγον-τιον
3448 5277 3588 5349 πρὲις

2003 5349 2182 5409 αὐτόν.
2241 5349 2438 5410 Ibidem
2485 5349 2764 5420 ιοοο,’κα“ι
2814 5356 2931 5416 πῶς
2985 5354 3121 5420 ξ’ξλως
3169 5368 3228 5402 τε
3269 5349 3584 5420 πλάσματα.

2000 5427 2347 5481 scribendum
2379 5428 2426 5480 ei
2459 5417 2696 5490 videtur,
2720 5427 2813 5477 καὶ
2840 5423 2975 5484 πῶς,
2995 5418 3244 5490 ὦλῷστε,
3265 5417 3585 5486 πλάσματα.

2070 5497 2180 5567 (5i)
2208 5495 2365 5567 Lilili.
2399 5497 2526 5549 editi
2561 5497 2614 5548 in
2653 5488 2915 5567 margine,
2941 5493 3032 5542 καὶ
3058 5488 3327 5567 ολίιταῦτα.

2069 5555 2178 5638 (32)
2205 5566 2406 5638 Οιιιιιρε
2435 5580 2592 5638 Π)εεῖ
2625 5555 3238 5638 γεγραμμένων..ΑΙί;ιε,
3259 5555 3578 5627 γινομένων.

2069 5567 2158 5638 (32
2205 5567 2406 5622 Omnes
2435 5580 2589 5621 mss..
2625 5567 3044 5632 γεγραμμένων.
3067 5567 3177 5610 Atia

2067 5567 2180 5708 (35;
2211 5637 2382 5700 Alias,
2414 5634 2493 5705 τῷ
2526 5633 2635 5686 τῶν
2669 5629 2972 5699 ἀνθρώπων
3011 5627 3177 5694 γένει.
