3998 6170
462 292 568 347 935

1904 279 2222 337 ORIGENIS

3607 278 3718 333 956

466 406 618 458 deas.
655 388 761 454 Nos
800 406 1012 464 contra,
1046 410 1165 451 cum
1210 395 1335 448 Jesu
1376 408 1465 447 res
1499 401 1680 462 gestas
1712 407 2025 455 narramus,

2141 391 2325 459 Ἡμεῖς
2358 388 2435 452 δὲ,
2469 387 2606 441 ἐπὰν
2652 386 2722 439 τὰ
2774 388 2900 457 περ)⁸
2946 386 3038 440 τοῦ
3079 386 3250 457 Ἰησοῦ
3278 386 3621 457 διηγώμεθα,
3646 391 3713 440 οὗ

467 510 568 547 cur
604 490 906 545 acciderint
930 486 1253 542 solidissima
1272 484 1388 538 hate
1422 500 1450 537 a
1487 485 1643 539 nobis
1674 484 1815 537 ratio
1846 484 2027 549 datur,

469 589 634 640 Deum
688 597 782 650 per
828 580 1009 635 Jesum
1052 578 1293 641 voluisse
1366 576 1657 629 salutarem
1721 575 2031 628 hominibus

467 675 793 729 constituere
844 670 1171 732 doctrinam,
1224 669 1491 721 ﬁrmatam
1532 666 1747 733 quidem
1799 666 1853 718 in
1904 679 2033 733 apo—

469 765 620 817 stolis
654 770 910 828 tanquam
943 758 1314 812 fundamentis
1355 758 1407 809 in
1440 756 1639 824 quibus
1674 762 1845 809 totum
1874 754 2033 810 Chri—

468 849 729 905 stianismi
774 848 1060 903 mdiﬁcium
1121 856 1517 910 exstrueretnr,
1573 845 1871 916 augendam
1904 858 2033 897 vero

465 937 923 1006 consequentibus
968 937 1341 1005 temporibus;
1390 935 1477 989 ubi
1519 949 1625 987 non
1668 948 1856 1002 paucae
1898 934 2034 986 ﬁunt

463 1028 587 1083 Iesu
620 1030 837 1081 nomine
885 1027 1223 1089 sanationes,
1255 1025 1470 1093 aliaque
1517 1024 1777 1077 miracula
1814 1023 2034 1077 minime

465 1120 884 1172 contemnenda.
936 1118 1001 1170 Et
1066 1117 1320 1185 quisnam
1384 1124 1504 1169 erat
1556 1114 1746 1183 Apollo
1806 1114 1916 1177 ille,
1977 1119 2035 1165 ut

458 1208 674 1275 iuberet
708 1210 982 1262 Aristoam
1037 1222 1066 1260 a
1121 1206 1509 1275 Metapontinis
1554 1207 1607 1259 in
1661 1205 1885 1259 deorum
1935 1220 2033 1257 nu-

466 1313 617 1351 mero
670 1297 970 1351 collocari?
1023 1298 1140 1362 Qua
1206 1305 1386 1349 mente
1446 1296 1589 1349 istud
1642 1294 1813 1348 facit?
1863 1292 2033 1358 Quam

462 1385 624 1456 465
657 1386 946 1439 utilitatem
976 1396 1131 1455 parat
1165 1385 1547 1453 Metapontinis
1570 1401 1637 1439 ex
1676 1385 1820 1438 cultu
1848 1385 1919 1437 illi
1951 1382 2037 1436 ad-

465 1476 639 1530 hibito
694 1484 948 1544 tanquam
1000 1477 1120 1539 deo,
1170 1476 1213 1528 si
1249 1478 1406 1528 deum
1451 1490 1571 1528 esse
1634 1483 1895 1529 censeant
1945 1473 2035 1542 qui

468 1566 629 1619 modo
652 1566 813 1619 homo
843 1564 1056 1617 fuerat?
1088 1566 1285 1618 Verum
1314 1565 1600 1633 Apollinis,
1632 1565 1724 1633 qui
1776 1563 1928 1617 nobis
1954 1572 2038 1617 est

468 1658 675 1711 daemon
704 1658 905 1710 nidoris
942 1667 995 1710 et
1023 1656 1295 1709 libaminis
1324 1656 1463 1709 dona
1506 1655 1754 1719 sortitus,
1806 1655 1871 1708 de
1910 1654 2036 1706 Ari-

2132 480 2229 550 τὴν
2266 478 2533 549 τυχοῦσαν
2579 479 2819 548 φέρομεν
2862 478 3158 545 ἀπολογίαν
3211 479 3339 548 περὶ
3396 478 3491 530 τοῦ
3538 478 3716 531 ταῦτα

2132 572 2429 639 γεγονέναι,
2454 571 2513 623 τὸ
2530 570 2618 622 τὸν
2639 570 2771 623 Θεὸν
2820 570 3176 639 βεϐουλῆσθαι
3206 571 3473 638 συστῆσαι
3508 570 3597 622 τὸν
3623 571 3714 623 διὰ

2146 662 2316 733 Ἰησοῦ
2363 664 2437 725 ὡς
2462 664 2725 733 σωτήριον
2768 665 2880 724 τοῖς
2911 661 3218 732 ἀνθρώποις
3259 661 3435 728 λόγον,
3468 661 3716 730 βεϐαιού-

2137 771 2295 826 μενον
2340 754 2434 823 μὲν
2455 756 2566 815 τοῖς
2614 740 2949 815 ἀποστόλοις
2982 752 3221 822 ὡσπερεὶ
3284 750 3555 820 θεμελίοις
3610 751 3714 820 τῆς

2134 843 2609 913 καταϐαλλομένης
2639 843 2923 913 οἰκοδομῆς
2972 842 3065 895 τοῦ
3106 842 3556 912 Χριστιανισμοῦ,
3590 843 3713 895 ἐπι-

2133 936 2337 989 διδόντα
2377 936 2544 987 δὲκαὶ
2587 934 2728 987 κατά
2774 936 2901 996 τοὺς
2940 934 3066 1002 ἐξῆς
3116 934 3373 1003 χρόνους·
3401 936 3459 985 ἐν
3498 928 3579 996 οἷς
3608 935 3713 986 οὐκ

2134 1026 2308 1093 ὀλίγαι
2339 1026 2624 1096 θεραπεῖαι
2664 1024 2739 1095 τῷ
2786 1024 2958 1094 Ἰησοῦ
2997 1024 3221 1089 ὀνόματι
3255 1025 3349 1076 καὶ
3389 1024 3545 1079 ἀλλαι
3566 1025 3713 1088 τινὲς

2136 1116 2442 1183 ἐπιφάνειαι
2501 1116 2600 1167 οὐκ
2647 1114 3109 1184 εὐκαταφρόνητοι
3155 1112 3528 1165 ἐπιτελοῦνται
3570 1112 3708 1182 (54).

2135 1204 2383 1268 Ποταπὸς
2429 1205 2485 1257 δὲ
2534 1202 2628 1257 καὶ
2670 1205 2962 1269 Ἀπόλλων,
3023 1204 3376 1272 ἐπισκήπτων
3425 1204 3714 1255 Μεταπον-

2135 1297 2299 1358 τίνοις
2337 1297 2393 1346 ἐν
2430 1294 2566 1347 θεῶν
2612 1295 2776 1365 μοίρᾳ
2823 1294 3008 1363 νέμειν
3062 1294 3154 1346 τὸν
3217 1293 3543 1364 Ἀριστέαν;
3599 1294 3711 1346 Καὶ⁵

2138 1388 2189 1439 τί
2235 1386 2553 1456 βουλόμενος
2597 1386 2752 1438 τοῦτο
2798 1389 2973 1450 ποιεῖ;
3009 1386 3177 1438 Ποίαν
3231 1403 3289 1438 τε
3340 1386 3610 1453 ὠφέλειαν
3650 1389 3711 1439 ἐκ

2136 1477 2236 1547 τῆς
2268 1478 2343 1540 ὡς
2374 1478 2509 1547 πρὸς
2534 1477 2664 1529 Θεὸν
2838 1478 3001 1546 τιμῆς
3046 1476 3345 1545 οἰκονομῶν
3376 1479 3492 1539 τοῖς
3527 1478 3705 1529 Μετα-

2138 1565 2402 1628 ποντίνοις
2447 1566 2715 1633 γενέσθαι,
2761 1569 2808 1618 εί
2854 1567 2943 1619 τὸν
3020 1566 3126 1636 πρὸ
3188 1566 3367 1633 ὀλίγου
3426 1566 3711 1637 ἄνθρωπον

2139 1654 2232 1707 νῦν
2281 1656 2410 1708 Θεὸν
2452 1655 2784 1723 λογίζοιντο;
2847 1657 2981 1709 Ἀλλ’
3061 1656 3392 1719 ’Λπόλλωνος
3445 1657 3545 1727 μὲν
3593 1657 3711 1726 (τοῦ

468 1756 582 1801 stea
616 1748 915 1801 testimonia
953 1747 1047 1801 tibi
1081 1748 1238 1815 digna
1262 1746 1535 1809 videntur,
1584 1747 1813 1813 quorum
1839 1745 2033 1798 habea-

2139 1744 2257 1797 καθ’
2279 1747 2423 1815 ἡμᾶς
2453 1746 2721 1816 δαίμονος,
2764 1746 3017 1815 λαχόντος
3048 1747 3216 1818 γέρας
3244 1748 3430 1817 λοιϐῆς
3466 1765 3527 1799 τε
3562 1749 3710 1800 κνίσ-

470 1846 559 1890 tur
602 1838 771 1903 ratio;
819 1837 1014 1891 summi
1067 1837 1158 1889 Dei
1215 1845 1397 1889 autem
1450 1844 1504 1889 et
1553 1842 1867 1888 sanctorum
1921 1834 2037 1902 ejus

469 1928 780 1997 angelorum
838 1926 1162 1987 testimonia,
1218 1939 1322 1977 non
1378 1932 1499 1993 post
1526 1923 1652 1978 Jesu
1689 1931 1889 1986 ortum,
1942 1924 2037 1977 sed

470 2032 754 2088 antequam
785 2019 849 2073 ad
877 2031 1041 2087 genus
1072 2018 1361 2069 humanum
1390 2014 1765 2077 descenderet,
1796 2014 1946 2067 edita
1976 2023 2027 2068 te

471 2110 743 2163 adducere
790 2122 893 2161 non
935 2116 1179 2175 possunt,
1241 2103 1607 2159 utadmireris
1655 2113 1708 2158 et
1742 2105 2038 2173 prophetas

468 2200 562 2268 qui
591 2200 773 2254 divino
805 2198 1007 2268 Spiritu
1043 2198 1233 2267 repleti
1266 2207 1411 2257 sunt,
1443 2206 1497 2249 et
1529 2211 1653 2250 eum
1690 2196 1782 2264 qui
1819 2196 1887 2250 ab
1929 2195 2035 2249 illis

470 2293 858 2360 praenuntiatus
897 2300 1002 2345 est.
1051 2288 1218 2358 Hujus
1276 2297 1456 2342 tamen
1505 2289 1796 2342 adventum
1853 2279 2036 2342 multis

468 2390 595 2435 ante
625 2382 782 2435 annis
813 2381 884 2434 ita
915 2395 944 2433 a
992 2380 1178 2432 multis
1240 2379 1617 2432 anuuntiatum
1677 2390 1799 2430 esse
1846 2390 2033 2429 verum

466 2481 569 2535 est,
600 2480 659 2526 ut
691 2471 999 2527 Judzeorum
1039 2485 1171 2540 gens
1226 2478 1363 2534 tota,
1416 2485 1535 2537 quae
1582 2483 1647 2522 ex
1698 2469 1815 2538 ejus
1874 2484 2034 2538 quem

468 2564 722 2633 sperabat
765 2574 1053 2618 venturum
1091 2577 1232 2626 esse,
1282 2562 1692 2629 exspectatione
1745 2560 2034 2629 pendebat,

468 2662 596 2708 nato
620 2653 769 2719 Jesu,
804 2656 938 2710 duas
961 2656 1013 2709 in
1046 2656 1332 2724 opiniones
1356 2655 1525 2708 scissa
1559 2653 1745 2707 fuerit.
1775 2652 2035 2709 Permulti

467 2748 609 2801 enim
636 2746 907 2801 Christum
940 2746 1179 2802 confessi
1215 2754 1365 2811 sunt,
1420 2753 1475 2800 et
1518 2762 1642 2800 eum
1683 2760 1804 2801 esse
1858 2744 2038 2799 credi.

470 2844 664 2891 derunt
702 2877 715 2901 ,
749 2853 909 2907 quem
940 2839 1217 2908 prophetae
1242 2838 1641 2907 praedixerant;
1678 2837 1762 2891 alii
1796 2852 1921 2891 vero
1952 2836 2033 2889 iu-

470 2928 697 2992 creduli,
727 2940 905 2996 spreta
956 2930 1168 2984 illorum
1217 2930 1633 2985 mansuetudine
1666 2931 1755 2998 qui
1814 2923 2036 2998 propter

469 3016 594 3073 Jesu
649 3021 951 3074 doctrinam
1011 3037 1079 3075 ne
1123 3022 1398 3075 minimam
1440 3023 1656 3090 quidem
1711 3020 2030 3074 seditionem

2142 1851 2239 1904 σῆς
2266 1853 2325 1888 τε
2347 1834 2384 1905 ,)
2419 1837 2475 1887 αί
2510 1838 2637 1907 περὶ
2668 1836 2762 1889 τοῦ
2817 1838 3093 1908 Ἀριστέου
3136 1839 3422 1914 συστάσεις
3450 1840 3713 1908 ἀξιόλογοξ

2140 1940 2219 1975 σοι
2248 1925 2523 1992 φαίνονται
2548 1921 2703 1978 εἶναι’
2734 1928 2790 1978 αἱ
2817 1927 2871 1978 δέ
2899 1926 2991 1979 τοῦ
3027 1928 3119 1980 ἐπὶ
3157 1929 3289 1981 πᾶσι
3319 1928 3453 1982 Θεοῦ
3484 1931 3578 1982 καὶ
3609 1931 3713 1982 τῶν

2136 2015 2306 2083 ἁγίων
2338 2016 2582 2083 ἀγγέλων
2614 2017 2778 2069 αὑτοῦ
2808 2017 2894 2069 διὰ
2934 2019 3249 2089 προφητῶν,
3274 2021 3333 2072 ού
3364 2022 3500 2090 μετά
3530 2022 3590 2074 τὸ
3622 2040 3713 2089 γε·

2136 2107 2348 2174 γονέναι
2404 2108 2495 2161 τὸν
2548 2108 2792 2179 Ἰησοῦν,
2841 2109 2975 2163 ἀλλὰ
3031 2112 3159 2181 πρὶν
3238 2113 3576 2183 ἐπιδημῆσαι
3638 2116 3715 2184 τῷ

2140 2194 2239 2265 βίῳ
2276 2195 2385 2265 (56)
2428 2196 2536 2249 τῶν
2586 2197 2923 2269 ἀνθρώπων,
2977 2203 3478 2271 προαγορευόμεναι
3526 2204 3586 2256 οὐ
3635 2222 3716 2256 κιε-

2138 2286 2286 2340 νοῦσί
2327 2306 2385 2340 σε
2426 2290 2562 2359 πρὸς
2602 2290 2662 2342 τὸ
2706 2290 2979 2361 θαυμάσαι
3026 2293 3118 2344 καὶ
3178 2294 3304 2355 τοὺς
3360 2297 3715 2366 χωρήσαντας

2138 2380 2278 2433 θεῖον
2311 2380 2534 2450 Πνεῦμα
2565 2384 2866 2453 προφήτας,
2910 2385 3003 2437 καὶ
3038 2384 3126 2436 τὸν
3160 2385 3252 2437 ὑπ’
3288 2385 3466 2437 αὐτῶν
3503 2403 3714 2456 προφη-

2137 2471 2457 2541 τευόμενον;
2513 2465 2574 2526 οὗ
2623 2472 2719 2543 τὴν
2766 2476 2845 2536 είς
2878 2474 2967 2527 τὸν
2996 2475 3108 2545 βίον
3152 2476 3445 2546 ἐπιδημίαν
3503 2476 3713 2539 πολλοῖς

2140 2563 2397 2635 πρότερον
2426 2563 2600 2617 ἔτεσιν
2630 2564 2773 2617 οὕτω
2793 2564 2881 2617 διά
2900 2564 3162 2620 πλειόνων
3183 2567 3525 2637 κεκηρῦχθαι
3581 2584 3712 2638 συμ-

2139 2655 2388 2725 ϐέϐηκεν,
2436 2654 2576 2708 ὥστε
2600 2656 2660 2709 τὸ
2721 2656 2986 2709 Ἰουδαίων
3024 2657 3141 2710 ὅλον
3184 2657 3356 2721 ἔθνος,
3407 2659 3711 2727 ἠρτημένον

2137 2742 2237 2812 τῆς
2270 2743 2397 2811 περὶ
2430 2742 2522 2794 τοῦ
2552 2742 2902 2813 ἐλπιζομένου
2957 2745 3315 2815 ἐπιδημήσειν
3366 2746 3708 2817 προσδοκίας,

2138 2837 2218 2898 είς
2244 2834 2342 2905 τὴν
2364 2835 2507 2906 πρὸς
2535 2834 2796 2906 ἀλλήλους
2826 2835 3049 2905 ζήτησιν
3095 2835 3442 2905 ἐληλυθέναι,
3473 2836 3569 2888 τοῦ
3615 2838 3714 2906 Ἰη-

2141 2925 2234 2978 σοῦ
2286 2926 2754 2996 ἐπιδημήσαντος·
2812 2927 2905 2979 καὶ
2959 2927 3089 2980 πολὺ
3134 2927 3232 2997 μὲν
3289 2927 3489 2997 πλῆθος
3537 2927 3713 2980 αὐτῶν

2140 3017 2547 3087 ὡμολογηκέναι
2608 3018 2870 3089 Χριστὸν,
2929 3018 3021 3071 καὶ
3083 3018 3505 3072 πεπιστευκέναι
3555 3018 3714 3072 αὐτὸν

471 3113 710 3167 excitare
757 3115 1062 3178 voluerunt,
1115 3116 1359 3169 facinora
1417 3116 1509 3169 illa
1574 3115 1626 3167 in
1680 3112 1862 3168 Jesum
1914 3115 2031 3167 ausi

2139 3082 2275 3160 εἶναι
2326 3082 2415 3161 τὸν
2473 3082 2962 3179 προφητευόμενον·
3022 3109 3148 3171 τοὺς
3189 3109 3245 3162 δὲ
3305 3110 3377 3180 μὴ
3441 3110 3715 3163 πιστεύον-

472 3211 616 3267 sunt,
647 3219 765 3271 qum
796 3208 911 3273 ejus
936 3203 1174 3273 discipuli
1210 3221 1404 3274 magno
1454 3206 1700 3259 veritatis
1765 3220 1949 3259 amore
1978 3215 2031 3259 et

472 3294 637 3347 animi
669 3296 906 3349 candore
937 3295 1402 3363 conscripserunt,
1457 3312 1523 3349 ne
1565 3295 1862 3349 subtractis
1909 3297 2032 3364 qui-

471 3388 592 3440 dem
614 3402 679 3440 ex
706 3387 847 3442 illius
889 3388 1146 3455 stupenda
1201 3388 1428 3441 historia
1478 3388 1662 3451 rebus,
1706 3401 1823 3454 quae
1870 3385 2032 3440 Chri-

471 3478 769 3531 stianorum
799 3478 1055 3532 doctrinae
1081 3480 1280 3547 probro
1323 3478 1457 3531 verti
1506 3491 1665 3545 posse
1699 3477 2031 3530 viderentur.

472 3568 651 3621 Voluit
677 3570 818 3622 enim
842 3567 997 3622 Jesus
1030 3569 1141 3637 ipse
1178 3580 1229 3622 et
1262 3569 1379 3635 ejus
1404 3566 1675 3635 discipuli,
1719 3568 1888 3637 utqui
1941 3582 2035 3621 ac-

469 3660 752 3722 cedebant,
782 3674 885 3713 non
916 3662 986 3713 ita
1017 3662 1132 3730 ejus
1163 3661 1435 3713 divinitati
1468 3670 1520 3712 et
1551 3660 1828 3714 miraculis
1860 3660 2032 3715 habe-

469 3761 591 3804 rent
627 3752 807 3813 ﬁdem,
830 3766 892 3806 ac
919 3752 1091 3806 sinon
1123 3755 1488 3807 consociasset
1512 3750 1618 3805 sibi
1649 3762 1905 3806 naturam
1937 3752 2037 3805 hu—

470 3858 709 3907 manam,
739 3854 793 3897 et
832 3859 1073 3907 carnem,
1101 3861 1218 3912 quae
1250 3847 1302 3898 in
1340 3847 1647 3901 hominibus
1691 3845 2036 3914 concupiscit

471 3935 731 3989 adversus
763 3936 1049 4003 spiritum,
1081 3952 1184 3990 non
1213 3939 1556 4006 suscepisset.
1588 3940 1859 3994 Noverant
1889 3937 2034 3991 enim

472 4022 719 4078 conferre
743 4027 808 4078 ad
844 4026 1078 4080 ﬁdelium
1111 4027 1360 4090 salutem,
1402 4029 1472 4091 si,
1498 4036 1554 4081 ut
1605 4044 1690 4083 res
1718 4029 2034 4092 diviniores,

469 4119 546 4173 sic
574 4118 738 4173 etiam
772 4121 1055 4175 crederent
1078 4123 1330 4176 virtutem
1394 4135 1451 4176 se
1488 4123 1557 4177 ad
1596 4120 1890 4179 humanam
1928 4136 2033 4179 na-

468 4218 643 4263 turam
680 4212 1054 4281 humanasque
1085 4214 1334 4270 miserias
1357 4215 1660 4279 demisisse,
1710 4225 1765 4268 et
1797 4215 2033 4269 animam

470 4303 876 4374 humanumque
908 4319 1103 4374 corpus
1125 4308 1502 4375 assumpsisse.
1540 4308 1749 4376 Quippe
1782 4308 1870 4376 qui
1904 4307 2037 4362 hinc

2137 3217 2235 3263 τας
2269 3200 2379 3269 (57)
2402 3239 2416 3262 ,
2463 3200 2978 3270 καταφρονήσαντας
3012 3202 3110 3272 τῆς
3150 3201 3455 3271 πραότητος
3492 3201 3600 3253 τῶν
3629 3201 3716 3253 διὰ

2136 3291 2204 3344 τὰ
2241 3290 2415 3361 Ἰησοῦ
2464 3290 2759 3361 μαθήματα
2795 3291 2915 3344 ούδέ
2961 3291 3120 3361 μέχρι
3158 3292 3252 3344 τοῦ
3293 3292 3553 3361 τυχόντος
3595 3309 3715 3345 στα-

2140 3382 2343 3445 σιάζειν
2402 3381 2803 3451 βουληθέντων,
2866 3382 3132 3452 τολμῆσαι
3203 3382 3345 3435 κατὰ
3402 3382 3496 3435 τοῦ
3543 3384 3713 3453 Ἰησοῦ

2136 3474 2386 3538 τοιαῦτα,
2422 3474 2577 3527 ἆτινα
2633 3472 2945 3543 φιλαληθῶς
2970 3475 3062 3526 καὶ
3090 3475 3443 3543 εὐγνωμόνως
3485 3474 3714 3544 ἀνέγρα-

2136 3565 2242 3634 ψαν
2275 3567 2323 3618 oi
2357 3564 2593 3636 μαθηταὶ
2622 3564 2808 3627 αὑτοῦ,
2835 3566 2932 3634 οὐχ
2964 3565 3403 3634 ὑπεκκλέψαντες
3448 3567 3549 3635 τῆς
3590 3568 3715 3637 περὶ

2138 3658 2299 3710 αὐτοῦ
2354 3655 2651 3727 παραδόξου
2718 3656 2955 3726 ἱστορίας
3000 3657 3060 3709 τὸ
3111 3658 3300 3711 δοκοῦν
3346 3660 3459 3720 τοῖς
3502 3658 3715 3722 πολλοῖς

2138 3748 2396 3818 αἰσχύνην
2424 3747 2500 3817 τῷ
2520 3748 2661 3817 λόγῳ
2683 3747 3021 3817 Χριστιανῶν
3056 3749 3260 3819 φέρειν.
3293 3750 3400 3800 Καὶ
3430 3750 3591 3812 αὐτὸς
3611 3750 3715 3821 γάρ

2137 3844 2165 3894 ό
2214 3840 2416 3911 Ἰησοῦς
2446 3840 2692 3892 ἐϐούλετο
2732 3841 2824 3893 καὶ
2862 3842 2909 3891 οἱ
2937 3839 3172 3910 μαθηταὶ
3220 3841 3408 3905 αὑτοῦ,
3451 3842 3525 3911 μὴ
3558 3842 3715 3910 μόνον

2138 3937 2203 4004 τῇ
2256 3933 2490 4003 θειότητι
2529 3933 2623 3985 καὶ
2676 3936 2787 3995 τοῖς
2840 3931 3163 4003 παραδόξοις
3216 3932 3381 3986 αὑτοῦ
3443 3933 3714 3985 πιστεύειν

2138 4026 2262 4087 τοὺς
2304 4024 2645 4095 προσιόντας,
2686 4024 2761 4086 ὡς
2802 4024 2863 4076 ού
2911 4027 3336 4095 κοινωνήσαντος
3390 4029 3457 4094 τῇ
3509 4024 3715 4094 ἀνθρω-

2140 4115 2267 4186 πίνῃ
2330 4114 2508 4183 φύσει,
2562 4115 2669 4167 οὐδ’
2732 4115 3089 4178 ἀναλαϐόντος
3142 4117 3241 4186 τὴν
3296 4118 3354 4168 ἐν
3412 4116 3715 4186 ἀνθρώποις

2141 4210 2318 4278 σάρκα
2349 4206 2717 4276 ἐπιθυμοῦσαν
2745 4205 2882 4259 κατά
2921 4206 3015 4259 τοῦ
3064 4205 3392 4275 πνεύματος·
3437 4206 3570 4259 ἀλλά
3610 4206 3713 4278 γάρ

2141 4302 2231 4353 καλ⁹
2258 4300 2352 4370 τὴν
2387 4298 2699 4353 καταϐᾶσαν
2728 4300 2808 4361 είς
2832 4298 3177 4369 ἀνθρωπίνην
3207 4298 3365 4366 φύσιν
3398 4301 3491 4351 καὶ
3520 4302 3599 4361 είς
3633 4301 3715 4351 ἀν-

466 4396 679 4451 discunt
706 4399 772 4452 ab
796 4397 885 4453 illo
908 4399 1199 4469 incmpisse
1218 4400 1408 4454 divinze
1432 4410 1641 4456 naturae
1664 4417 1785 4455 cum
1806 4403 2033 4456 humana

2146 4393 2419 4463 θρωπίνας
2456 4391 2807 4462 περιστάσεις
2844 4391 3106 4461 δύναμιν,
3174 4394 3267 4444 καὶ
3342 4391 3713 4445 ἀναλαϐοῦσαν

465 4488 897 4555 conjunctionem
936 4507 950 4551 ;
983 4500 1038 4543 ut
1066 4492 1297 4544 humana
1354 4505 1451 4545 sua
1499 4507 1621 4545 cum
1679 4508 1737 4546 re
1769 4492 2022 4546 diviniori

466 4579 723 4631 societate
753 4579 907 4633 ﬁeret
935 4580 1112 4632 divina
1140 4595 1243 4633 non
1284 4581 1335 4633 iu
1368 4581 1485 4635 solo
1530 4580 1676 4649 Jesu,
1725 4582 1820 4637 sed
1870 4591 1926 4636 et
1978 4583 2030 4635 in

464 4667 733 4728 omnibus,
774 4669 865 4736 qni
894 4685 1018 4723 cum
1060 4670 1163 4723 ﬁde
1203 4671 1365 4725 vitam
1422 4671 1827 4739 amplectuntur
1868 4687 2030 4740 quam

466 4752 620 4808 Jesus
648 4757 883 4824 edocuit,
927 4770 981 4813 et
1021 4777 1140 4830 quae
1182 4762 1249 4814 ad
1305 4763 1601 4817 amicitiam
1668 4763 1762 4816 Dei
1807 4761 2031 4830 ejusque

465 4848 900 4902 communionem
932 4853 1174 4919 perducit
1218 4854 1526 4921 quicunque
1574 4868 1701 4907 suos
1760 4867 1935 4907 mores
1965 4867 2032 4906 ex

463 4930 592 4986 Jesu
618 4942 899 5006 praeceptis
920 4946 1345 5009 composuerint.

2129 4485 2303 4556 ψυχὴν
2359 4486 2449 4537 καὶ
2508 4483 2669 4553 σῶμα
2720 4482 3081 4553 ἀνθρώπινον,
3144 4483 3332 4553 ἐώρων
3379 4486 3443 4536 ἐκ
3491 4483 3585 4537 τοῦ
3624 4501 3713 4536 πι-

2136 4576 2417 4628 στεύεσθαι
2475 4574 2611 4644 μετά
2660 4573 2768 4626 τῶν
2813 4574 3097 4645 θειοτέρων
3143 4575 3587 4646 συμϐαλλομένην
3635 4578 3714 4637 εἰς

2140 4666 2409 4736 σωτηρίαν
2444 4669 2555 4727 τοῖς
2584 4664 2948 4717 πιστεύουσιν·
2994 4665 3214 4735 ὁρῶσιν,
3245 4668 3327 4719 ὅτι
3369 4667 3462 4719 ἀπ’
3503 4667 3711 4719 ἐκείνου

2136 4757 2337 4828 ἤρξατο
2354 4755 2471 4809 θεία
2503 4758 2595 4809 καὶ
2618 4756 2933 4827 ἀνθρωπίνη
2959 4757 3376 4825 συνυφαίνεσθαι
3398 4758 3506 4828 (58)
3530 4758 3707 4826 φύσις·

2127 4851 2193 4903 ἵν’
2226 4852 2258 4920 ὴ
2296 4849 2605 4920 ἀνθρωπίνη
2648 4852 2710 4918 τῇ
2753 4850 2887 4919 πρὸς
2912 4850 2972 4901 τὸ
3002 4848 3276 4920 θειότερον
3325 4851 3580 4921 κοινωνίᾳ
3617 4851 3712 4917 γέ·

2131 4960 2288 5012 νηται
2310 4940 2429 4993 θεία
2464 4941 2563 4992 οὐκ
2590 4941 2645 4992 ὲν
2674 4940 2817 5010 μόνῳ
2837 4939 2913 5009 τῷ
2947 4941 3143 5010 Ἰησοῦ,
3173 4941 3306 4994 ἀλλά
3332 4943 3425 4995 καὶ
3443 4944 3575 4994 πᾶσι
3600 4943 3709 5001 τοῖς

465 5027 603 5097 μετά
626 5030 718 5082 τοῦ
741 5034 1011 5086 πιστεύειν
1035 5036 1468 5105 ἀναλαμϐάνουσι
1503 5036 1635 5105 βίον,
1663 5035 1720 5087 ὃν
1750 5035 1953 5106 Ἰησοῦς
1994 5035 2247 5100 ἐδίδαξεν,
2289 5034 2556 5102 ἀνάγοντα
2582 5032 2672 5084 ἐπὶ
2706 5034 2801 5101 τὴν
2836 5034 2969 5104 πρὸς
2993 5033 3083 5086 τὸν
3116 5035 3247 5087 Θεὸν
3272 5036 3449 5102 φιλίαν
3484 5035 3577 5087 καὶ
3598 5035 3694 5104 τὴν

464 5118 600 5189 πρὸς
632 5122 835 5175 ἐκεῖνον
869 5126 1147 5177 κοινωνίαν
1184 5126 1357 5177 πάντα
1376 5125 1464 5176 τὸν
1486 5125 1625 5177 κατά
1657 5125 1754 5188 τὰς
1787 5126 1957 5196 Ἰησοῦ
1996 5126 2272 5197 ὑποθήκας
2304 5125 2501 5189 ζῶντα.

557 5326 648 5389 34)
680 5325 849 5381 Codd.
885 5326 1084 5392 Regius
1114 5335 1166 5380 et
1198 5326 1544 5390 Basileensis,
1580 5326 1875 5380 τελοῦνται.

554 5396 641 5468 55)
680 5397 1095 5468 lltnscltelinsiin
1119 5406 1290 5460 textu,
1318 5397 1451 5468 πρὸς
1472 5397 1548 5461 ὼς
1582 5396 1720 5449 θεόν.

552 5466 639 5536 56)
679 5467 848 5529 Alias,
870 5466 947 5536 τῷ
979 5467 1144 5534 γένει.

552 5536 640 5602 '57)
677 5538 840 5609 Alias,
872 5537 1281 5603 πιστεύσαντας.
1318 5538 1517 5592 Ibidem
1566 5554 1665 5609 pro
1708 5538 1816 5591 τῶν
1845 5536 1932 5591 διὰ
1960 5537 2028 5609 τὰ

471 5606 646 5684 Ἰηστρ
676 5606 1210 5684 μαθήματι-ϐοίδια
1232 5606 1594 5684 scribendum
1634 5609 1869 5684 videtur,
1921 5608 2027 5662 τῶν

456 5675 552 5724 τοῦ
599 5675 771 5745 Ἰησοῦ
801 5675 1071 5749 μαθητῶν,
1112 5688 1166 5734 et
1202 5682 1272 5735 ita
1304 5680 1561 5736 Gelenius
1584 5680 1813 5749 legebat.

2195 5326 2310 5397 (58)
2345 5325 2865 5397 Συνυφαίνεσθαιη
2892 5323 2987 5397 Sic
3008 5339 3202 5397 omnes
3234 5340 3368 5381 mss.
3401 5324 3547 5381 Libri
3577 5338 3706 5380 veno

2124 5394 2313 5452 extrusi
2344 5398 2396 5449 in
2433 5405 2613 5466 textu._
2662 5394 3076 5466 συμϐαίνεσθαι.
3130 5395 3303 5451 Paulo
3360 5397 3500 5449 infra
3550 5401 3716 5466 mss,,‘

2170 5466 2265 5519 ετά
2292 5466 2384 5519 τοῦ
2428 5464 2737 5535 πιστεύειν,
2764 5464 2979 5535 rectius
3002 5480 3166 5533 quam
3201 5468 3452 5535 impressi
3486 5466 3537 5518 in
3582 5464 3704 5531 qui-

2165 5552 2227 5589 us
2254 5538 2468 5605 legitnr,
2510 5534 2646 5605 μετά
2696 5534 2769 5605 τὸ
2792 5532 3089 5587 πιστεύειν.
3144 5532 3309 5589 Paulo
3343 5536 3479 5590 infra
3544 5548 3702 5605 mss.,

2124 5606 2223 5676 τὴν
2249 5602 2387 5676 πρὸς
2414 5602 2661 5676 τὸνθεόν
2701 5604 2902 5676 φιλίαν.
2955 5605 3103 5662 Libri
3149 5606 3363 5673 excusi,
3419 5605 3516 5676 τὴν
3568 5602 3700 5674 πρὸς

2124 5675 2213 5731 τὸν
2243 5675 2373 5728 Θεὸν
2408 5675 2837 5745 φιλανθρωπίαν.
