3998 6170
275 295 420 350 957
1504 294 1788 350 CONTRA
1825 290 2104 350 CELSUM
2158 291 2284 349 LIB.
2321 291 2406 347 Ill.
2672 327 2683 337 κ
3464 299 3570 355 958

386 406 453 459 Ὃ
483 405 583 476 μὲν
611 397 705 459 οῦν
749 406 888 460 κατὰ
929 407 1020 460 τὸν
1065 408 1273 461 Κέλσον
1330 409 1599 462 Ἀπόλλων
1643 410 1890 480 βούλεται
1924 413 1965 471 Α

2068 409 2157 464 29.
2187 413 2261 464 Ac
2287 407 2482 478 Apollo
2530 408 2742 478 quidem
2805 408 3097 464 secundum
3147 408 3362 465 Celsum
3414 408 3571 478 jubet

274 497 747 561 Μεταποντίνους
781 502 839 552 ἐν
878 499 1016 552 Θεῶν
1048 503 1212 573 μοίρᾳ
1241 502 1425 572 νέμειν
1454 503 1544 555 τὸν
1590 503 1853 575 Ἀριστέαι

1998 501 2267 554 Aristeam
2321 516 2350 554 a
2398 499 2773 569 Metapontiuis
2812 501 2999 555 haberi
3051 500 3232 555 deum.
3285 501 3392 555 Sed
3440 503 3564 569 quia

294 586 474 642 Ἐπεὶ
499 589 555 642 δὲ
583 592 631 641 οἱ
661 591 1055 645 Μεταποντῖνοι
1075 591 1174 665 τὴν
1195 594 1322 664 περὶ
1346 593 1438 646 τοῦ
1484 595 1759 664 Ἀριστέου
1799 597 1873 649 ἀν-

2001 590 2354 660 Metapontini
2405 601 2749 662 argumenta,
2819 605 2939 660 qua:
2973 591 3244 647 Aristeam
3295 592 3564 647 hominem

277 677 546 750 Θρώπου,
582 682 674 733 καὶ
716 682 856 752 τάχα
903 682 964 734 οὐ
1017 684 1327 749 σπουδαίου,
1377 686 1663 757 ἐνάργειαν
1714 689 1856 758 κρείτ

1996 695 2230 748 eumque
2257 679 2491 735 fortasse
2519 695 2625 734 non
2678 680 2878 734 bonum
2909 693 3036 733 esse
3068 679 3396 746 probabant,
3450 693 3565 733 cer-

275 787 440 824 τονα
457 770 701 842 ἐνόμιζον
726 769 865 826 εἶναι
894 773 987 826 τοῦ
1021 776 1148 847 περὶ
1174 776 1337 830 αὐτοῦ
1368 778 1618 848 χρησμοῦ
1651 777 1725 841 ὡς
1769 779 1854 830 θεο

1999 772 2136 824 liora
2196 778 2456 838 putarunt
2503 785 2625 826 esse
2674 785 2836 839 quam
2894 770 3172 824 oraculum
3223 770 3365 839 quod
3415 770 3563 824 illum

278 859 318 930 ἢ
365 861 530 914 θείων
561 863 736 933 τιμῶν
775 863 946 927 ἀξίου·
984 863 1071 918 διὰ
1117 866 1274 919 τοῦτο
1321 867 1420 921 οὐκ
1465 867 1744 921 ἐϐούλοντο
1784 885 1849 920 πε

1997 865 2156 918 deum
2190 864 2507 918 autdiviuis
2543 863 2836 917 honoribus
2881 862 3100 932 dignum
3150 863 3561 931 pronuntiabat,

280 946 494 1004 θεσθαι
529 953 604 1022 τῷ
660 954 975 1018 Ἀπόλλωνι,
1015 959 1108 1010 καὶ
1157 956 1300 1010 οὕτω
1341 956 1431 1010 τὸν
1481 958 1766 1030 Ἀριστέαν
1799 960 1859 1012 οὐ

1993 956 2063 1008 ob
2100 954 2242 1008 hanc
2294 967 2406 1007 rem
2462 953 2691 1022 Apollini
2757 947 2952 1022 parere
3000 954 3313 1021 noluerunt,
3376 954 3564 1022 sicque

169 1075 182 1081 -
277 1041 412 1105 δεὶς
442 1043 657 1114 ἐνόμιζε
686 1046 794 1116 (59)
815 1047 952 1100 θεόν·
980 1048 1106 1119 περὶ
1121 1048 1178 1101 δέ
1191 1047 1285 1101 τοῦ
1317 1049 1489 1120 Ἰησοῦ
1515 1051 1748 1120 εἴποιμει

1993 1061 2156 1100 nemo
2183 1046 2330 1099 illum
2375 1045 2644 1100 Aristcam
2695 1047 2854 1100 deum
2913 1060 3035 1100 esse
3079 1046 3435 1100 existimavit.
3489 1046 3564 1100 De

278 1133 424 1185 ἐπεὶ
452 1135 728 1206 συμφέρον
754 1131 821 1206 ἦν
855 1135 936 1206 τῷ
963 1136 1071 1190 τῶν
1106 1138 1409 1210 ἀνθρώπων
1451 1140 1596 1208 γένει
1652 1139 1857 1211 παραδέ

1993 1137 2119 1192 Jesu
2147 1147 2326 1192 autem
2357 1137 2611 1202 dicimus,
2636 1138 2758 1205 quia
2787 1136 2918 1190 utile
2941 1145 3059 1190 erat
3095 1138 3335 1192 humano
3379 1136 3563 1205 generi

280 1223 499 1289 ξασθαι
533 1226 694 1279 αὐτὸν
723 1226 799 1290 ὡς
824 1228 954 1281 Υίὸν
985 1229 1141 1294 Θεοῦ,
1177 1230 1310 1284 Θεὸν
1358 1231 1656 1300 ἐληλυθότα
1699 1233 1756 1284 ἐν
1795 1233 1859 1285 ἀν

1995 1226 2161 1299 466
2199 1227 2346 1281 illiilli
2383 1228 2552 1297 accipi
2589 1239 2644 1280 ut
2672 1227 2762 1280 Dei
2797 1226 3021 1286 Filium.
3063 1237 3119 1280 ut
3171 1229 3334 1281 Deum
3377 1228 3475 1296 .qui
3509 1227 3560 1280 in

280 1316 548 1388 θρωπίνῃ
582 1318 726 1390 ψυχῇ
767 1321 862 1374 καὶ
896 1320 1126 1391 σώματι·
1161 1323 1254 1375 κοιλ¹
1285 1323 1384 1376 οὐκ
1416 1323 1586 1376 ἐδόκει
1632 1323 1788 1376 τοῦτο
1817 1329 1859 1393 τῆ

1996 1319 2230 1372 humana
2267 1318 2444 1373 anima
2480 1326 2533 1372 et
2557 1333 2787 1387 corpore
2811 1318 3000 1384 venit;
3025 1318 3076 1371 id
3117 1334 3245 1372 vero
3276 1335 3380 1372 non
3413 1333 3563 1372 com-

279 1407 508 1480 λιχνείᾳ
536 1411 642 1462 τῶν
675 1412 1070 1482 φιλοσωμάτων
1119 1414 1408 1485 δαιμόνων,
1459 1415 1550 1468 καὶ
1589 1415 1698 1468 τῶν
1733 1433 1856 1486 νομι

1994 1412 2212 1466 modum
2237 1411 2522 1465 videbatur
2554 1411 2852 1479 liguritioni
2886 1411 3191 1465 (heiuonum
3243 1412 3332 1480 qui
3369 1425 3565 1480 corpo-

279 1499 502 1562 ζώντων
537 1502 732 1566 αὐτοὺς
771 1503 925 1568 θεοὺς
957 1501 1112 1569 εἶναι,
1163 1506 1468 1570 λυσιτελές”
1516 1507 1604 1560 διὰ
1647 1507 1792 1560 τοῦθ’
1838 1526 1858 1561 ο

1993 1515 2114 1555 rum
2159 1501 2337 1570 cupidi
2401 1509 2556 1565 sunt,
2607 1514 2908 1570 eorumque
2967 1501 3060 1568 qui
3099 1500 3221 1554 illos
3263 1502 3394 1556 deos
3440 1514 3561 1554 esse

283 1593 398 1661 μὲν
433 1594 526 1646 ἐπὶ
555 1595 656 1664 γῆς
685 1594 959 1665 δαίμονες,
987 1597 1139 1668 παρὰ
1163 1600 1274 1660 τοῖς
1301 1599 1374 1668 μὴ
1407 1598 1738 1651 παιδευθεῖσι
1759 1616 1862 1670 περ

1990 1601 2258 1648 censent:
2291 1592 2409 1646 ideo
2446 1591 2716 1647 daemones
2746 1593 2838 1661 qui
2890 1593 2942 1645 in
2983 1601 3126 1646 terra
3159 1599 3303 1656 sunt,
3359 1592 3559 1661 quique

276 1682 565 1753 δαιμόνων
600 1686 942 1756 νομιζόμενοι
975 1683 1113 1740 εἷναι
1169 1688 1301 1752 θεοὶ,
1333 1687 1467 1743 ἀλλὰ
1513 1691 1606 1743 καὶ
1634 1693 1682 1744 οἱ
1725 1691 1855 1762 θερα

1989 1683 2057 1737 ab
2109 1681 2323 1738 illorum
2379 1682 2579 1750 ignaris
2631 1681 2684 1735 in
2735 1683 2866 1736 deos
2909 1680 3244 1747 referuntur,
3283 1691 3339 1735 ct
3369 1696 3557 1736 eorum

278 1773 556 1839 πεύοντες
584 1778 802 1840 αὐτοὺς,
848 1779 1220 1850 ἐϐουλήθησαν
1280 1780 1524 1834 κωλῦσαι
1568 1781 1668 1852 τὴν
1717 1782 1856 1853 νομὴ

1992 1776 2231 1831 cultores
2259 1774 2490 1830 voluisse
2520 1774 2833 1844 prohibere,
2868 1789 2939 1830 ne
2965 1774 3213 1828 doctrina
3255 1772 3381 1828 Jesu
3441 1788 3563 1841 per-

276 1866 392 1935 τῆς
441 1867 616 1937 Ἰησοῦ
641 1869 1008 1933 διδασκαλίας.
1051 1871 1268 1943 Ἐώρων
1297 1873 1408 1944 γὰρ
1449 1873 1548 1936 τὰς
1580 1873 1766 1937 λοιϐάς
1795 1893 1855 1927 κει

1989 1869 2324 1939 vulgaretur.
2367 1866 2633 1922 Videbam
2687 1867 2854 1934 enim,
2915 1866 3374 1921 invalescentihus
3429 1863 3557 1920 Jesu

275 1955 391 2020 τὰς
421 1957 660 2024 κνίσσας,
696 1960 781 2028 ἐφ’
831 1957 918 2024 αἷς
950 1961 1148 2031 λίχνως
1197 1963 1405 2033 ἥδοντο,
1447 1964 1854 2036 καθαιρουμένα

1989 1958 2349 2021 documentis,
2381 1957 2638 2012 libamina
2667 1959 2996 2027 nidoresque
3050 1958 3184 2022 tolli,
3225 1959 3424 2024 quibus
3475 1957 3561 2012 in-

275 2047 354 2100 ὲκ
384 2048 477 2101 τοῦ
519 2053 738 2122 κρατεῖν
781 2051 850 2104 τὰ
907 2053 1081 2123 Ἰησοῦ
1119 2053 1435 2125 μαθήματα.
1484 2057 1542 2108 '0
1574 2057 1630 2110 δέ
1666 2057 1854 2127 πέμψα

1988 2051 2264 2120 gurgitare
2318 2065 2373 2104 se
2419 2051 2690 2105 solebant.
2722 2049 2790 2104 At
2822 2050 2987 2114 Deus,
3028 2051 3120 2119 qui
3164 2051 3308 2105 misit
3350 2049 3557 2121 Iesum,

275 2141 379 2192 τὸν
435 2141 640 2211 Ἰησοῦν
688 2142 840 2207 Θεὸς,
906 2143 1140 2207 ἐκλύσας
1187 2148 1368 2199 πᾶσαν
1409 2146 1507 2217 τὴν
1552 2147 1660 2202 τῶν
1699 2149 1854 2219 δαιμό

1987 2140 2264 2210 dissipatis
2302 2139 2600 2196 daemonum
2625 2141 2860 2206 insidiis,
2894 2139 3076 2196 eﬂeeit
3117 2150 3175 2194 ut
3209 2141 3412 2210 ubique
3446 2153 3559 2195 ter-

277 2249 397 2285 νων
432 2233 744 2306 ἐπιϐουλὴν,
803 2236 1024 2305 ἐποίησε
1073 2238 1352 2308 πανταχοῦ
1408 2240 1508 2310 τῆς
1558 2241 1850 2311 οἰκουμένη

2010 2245 2175 2284 ὀνυιη
2215 2231 2281 2285 ad
2337 2231 2734 2286 convertendos
2787 2232 3258 2302 corrigendosque
3305 2233 3589 2288 homines-

279 2321 434 2394 ὑπὲρ
458 2323 558 2394 τῆς
586 2323 694 2376 τῶν
743 2324 1045 2396 ἀνθρώπων
1100 2328 1434 2400 ἐπιστροφῆς
1461 2329 1573 2400 (40)
1607 2331 1700 2384 καὶ
1741 2331 1858 2402 διορη

1985 2319 2340 2388 Evangelium
2367 2319 2493 2374 Jesu
2523 2319 2886 2389 praepolleret,
2923 2331 2978 2374 et
2999 2329 3183 2376 essent
3211 2321 3416 2390 ubique
3447 2322 3550 2377 Ec-

280 2411 510 2476 θώσεως
552 2415 824 2486 κρατῆσαι
855 2416 916 2469 τὸ
950 2416 1279 2485 Εὐαγγέλιον
1341 2421 1537 2488 Ἰησοῦ,
1591 2423 1685 2474 καὶ
1738 2422 1859 2489 γενέ

1985 2411 2164 2465 clesia:
2186 2411 2343 2479 longe
2367 2411 2486 2466 aliis
2510 2412 2719 2481 legibus
2745 2419 2909 2466 rectae
2946 2427 3010 2465 ac
3031 2412 3552 2481 superstitiosorum,

283 2504 415 2557 σθαι
439 2506 714 2574 πανταχοῦ
759 2507 1082 2578 Ἑκκλησίας
1113 2510 1660 2581 ἀντιπολιτευομένας
1682 2512 1862 2583 ἐκκλη·

1984 2502 2452 2569 intemperantiam
2518 2501 2956 2570 iniustorumque
3009 2511 3204 2556 costus.
3260 2499 3354 2556 llis
3411 2503 3553 2556 enim

285 2594 436 2656 σίαις
481 2594 890 2664 δεισιδαιμόνων
948 2598 1044 2649 καὶ
1105 2599 1420 2653 ἀκολάστων
1500 2601 1595 2654 καὶ
1655 2601 1864 2654 ἀδίκων

1983 2591 2098 2646 fere
2123 2601 2251 2646 sunt
2276 2593 2510 2648 moribus
2543 2594 2715 2662 quiin
2757 2593 2995 2649 cmtibus
3060 2595 3276 2649 urbium
3327 2595 3552 2660 degunt.

287 2684 533 2739 Τοιαῦτα
564 2685 672 2757 γὰρ
700 2687 768 2740 τὰ
795 2689 1072 2759 πανταχοῦ
1109 2690 1505 2761 πολιτευόμενα
1544 2694 1601 2744 ἐν
1634 2693 1750 2757 ταῖς
1791 2697 1866 2747 ἐκ·

1984 2683 2091 2736 Sed
2115 2682 2373 2738 Ecclesia:
2392 2685 2481 2740 Dei
2515 2699 2544 2739 a
2568 2685 2790 2740 Christo
2821 2686 3052 2752 edoctae,
3099 2688 3144 2741 si
3172 2701 3294 2740 cum
3331 2687 3556 2756 populo-

284 2774 544 2845 κλησίαις
569 2776 678 2836 τῶν
699 2777 907 2830 πόλεων
923 2777 1122 2850 πλήθη.
1159 2779 1223 2831 Αἱ
1257 2779 1311 2831 δὲ
1345 2779 1439 2832 τοῦ
1475 2781 1610 2834 Θεοῦ
1659 2782 1863 2853 Χριστιξ

1983 2788 2101 2827 rum
2133 2774 2396 2839 conciliis,
2436 2776 2761 2845 quibuscum
2819 2778 3091 2845 habitant,
3143 2788 3551 2848 comparentur,

290 2866 718 2937 μαθητευθεὶσαι
761 2869 1101 2938 Ἐκκλησίαι,
1131 2869 1612 2941 συνεξεταζόμεναι
1649 2878 1771 2937 ταῖς
1803 2869 1869 2928 ὧν

1981 2864 2036 2918 in
2076 2867 2280 2919 mundo
2311 2877 2560 2936 tanquam
2590 2863 2794 2923 lumina
2829 2879 2978 2924 sunt.
3009 2871 3211 2940 Ecquis
3259 2872 3404 2925 enim
3444 2886 3550 2926 nou

285 2958 610 3026 παροικοῦσι
641 2960 830 3030 δήμων
847 2960 1184 3031 ἐκκλησίαις,
1218 2961 1295 3023 ὡς
1329 2963 1614 3032 φωστῆρες
1648 2965 1782 3016 εἰσιν
1821 2966 1864 3017 ἐι

1981 2955 2216 3010 fateatur
2243 2973 2355 3022 eos,
2383 2960 2465 3027 qui
2502 2959 2553 3013 iu
2584 2958 2826 3016 Ecclesia
2878 2963 3186 3017 deteriores
3237 2971 3363 3016 sunt
3409 2970 3465 3018 et
3496 2963 3549 3016 in

283 3054 498 3123 κόσμῳ.
531 3053 628 3116 Τίς
657 3053 762 3124 γὰρ
797 3055 898 3108 οὐκ
941 3054 1006 3107 ἂν
1054 3054 1406 3125 ὁμολογήσαι,
1461 3056 1555 3108 καὶ
1600 3058 1725 3120 τοὺς
1767 3059 1862 3127 χεί-

1981 3047 2266 3104 meliorum
2335 3053 2740 3121 comparatione
2815 3055 3060 3123 pejores,
3140 3054 3551 3123 praestautiores

289 3160 416 3214 ρους
443 3143 550 3196 τῶν
584 3145 691 3196 ἀπὸ
719 3144 821 3214 τῆς
861 3144 1206 3216 Ἐκκλησίας,
1230 3147 1322 3198 καὶ
1355 3147 1640 3217 συγκρίσει
1671 3148 1868 3218 βελτιό-

1977 3155 2100 3195 csse
2130 3140 2313 3196 multis
2337 3157 2517 3198 eorum
2554 3145 2645 3214 qui
2691 3145 2744 3199 in
2788 3147 3145 3216 popularibus
3201 3148 3430 3204 coetibus
3472 3150 3552 3203 vi-

283 3251 394 3287 νων
437 3234 716 3298 ἐλάττους,
758 3237 967 3290 πολλῶν
1001 3239 1283 3310 κρείττους
1321 3239 1612 3308 τυγχάνειν
1651 3239 1758 3292 τῶν
1816 3242 1874 3293 ἐν
1977 3233 2148 3287 vuut?
3081 3240 3090 3247 '

284 3327 400 3387 τοῖς
433 3325 624 3396 δήμοις
657 3327 989 3396 ἐκκλησιῶν;

370 3416 666 3487 Ἐκκλησία
726 3417 824 3487 μὲν
887 3420 993 3492 γὰρ
1053 3419 1148 3473 τοῦ
1203 3420 1360 3485 Θεοῦ,
1413 3422 1532 3493 φέρ’
1592 3423 1790 3486 εἰπεῖν,
1839 3425 1871 3494 ἡ

2045 3407 2134 3463 50.
2163 3408 2338 3479 Atque
2387 3420 2436 3465 ut
2483 3412 2730 3482 exempla
2779 3413 3082 3478 conferam,
3144 3417 3388 3473 Ecclesia
3453 3419 3547 3474 Dei

296 3505 556 3578 ’.Αθήνησι
587 3509 790 3578 πραεῖά
831 3526 915 3574 τις
955 3511 1048 3563 καὶ
1105 3511 1399 3582 εὐσταθὴς,
1459 3513 1554 3565 ἆτε
1590 3512 1708 3583 Θεῷ
1741 3514 1872 3584 ἀρέ-

1975 3515 2094 3569 quae
2116 3509 2200 3556 est
2228 3502 2468 3566 Athenis,
2501 3513 2786 3556 mansueta
2813 3512 2897 3557 est
2928 3513 2984 3558 et
3011 3515 3292 3574 constans,
3341 3517 3398 3562 ut
3425 3524 3547 3577 quae

285 3615 438 3650 axsw
477 3598 554 3668 τῷ
595 3599 688 3652 ἐπὶ
739 3602 872 3654 πᾶσι
923 3601 1243 3672 βουλομένη·
1292 3604 1325 3673 ὴ
1363 3602 1408 3654 δ’
1451 3602 1748 3671 Ἀθηναίων
1782 3605 1864 3658 ἐκ-

1975 3603 2130 3662 grata
2167 3608 2379 3648 summo
2410 3594 2513 3648 Deo
2551 3603 2608 3648 et
2635 3605 2863 3660 accepta
2904 3610 3027 3651 esse
3076 3599 3257 3652 studet
3291 3617 3307 3658 ;
3355 3611 3546 3657 contra

282 3689 482 3760 κλησία
526 3690 828 3761 στασιώδης
871 3693 964 3745 καὶ
1009 3693 1262 3763 οὐδαμῶς
1309 3693 1764 3767 παραϐαλλομένη
1803 3699 1861 3767 τῇ

1975 3693 2151 3738 coetus
2179 3685 2586 3740 Atheniensium
2646 3681 2991 3744 turbulentus
3037 3699 3119 3744 est
3167 3705 3268 3744 nec
3321 3691 3426 3745 ulla
3475 3708 3545 3748 ex

281 3782 402 3835 ἐκεῖ
439 3782 732 3853 Ἐκκλησία
751 3782 842 3836 τοῦ
867 3783 1030 3837 Θεοῦ.
1077 3785 1150 3838 Τὸ
1168 3785 1212 3837 δ’
1247 3784 1376 3837 αὐτὸ
1407 3786 1550 3857 ἐρεῖς
1580 3787 1708 3856 περὶ⁹
1749 3788 1860 3840 Ἐκ-

1973 3785 2128 3844 parte
2172 3777 2240 3828 ad
2299 3777 2590 3832 Ecclesiam
2644 3779 2885 3847 ejusdem
2953 3782 3058 3837 loci
3114 3786 3541 3854 comparandus,

281 3872 514 3942 κλησίας
541 3873 636 3926 τοῦ
659 3873 794 3928 Θεοῦ
823 3875 924 3945 τῆς
953 3878 1012 3928 ἐν
1040 3875 1292 3946 Κορίνθῳ
1329 3878 1423 3929 καὶ
1451 3878 1550 3948 τῆς
1575 3877 1860 3949 ἐκκλησίας

1974 3866 2116 3922 Idem
2143 3868 2347 3922 dixeris
2383 3869 2446 3925 de
2478 3871 2721 3926 Ecclesia
2784 3874 2878 3928 Dei
2937 3890 3059 3944 qua:
3111 3886 3194 3930 est
3261 3876 3540 3941 Corinthi,

277 3962 376 4016 τοῦ
407 3963 577 4034 δήμου
605 3965 925 4036 Κορινθίωνο
975 3967 1087 4029 καὶ,
1125 3967 1246 4037 φέρ’
1300 3969 1499 4033 εἰπεῖν,
1548 3973 1678 4040 περὶ
1746 3971 1856 4024 Ἐκ-

1973 3967 2028 4010 et
2059 3958 2126 4012 de
2146 3957 2546 4015 Corinthiorum
2581 3973 2756 4032 cmtu;
2790 3966 2930 4020 idem
2961 3982 3174 4036 quoque
3203 3969 3269 4023 de
3292 3969 3541 4025 Ecclesia

279 4055 510 4126 κλησίας
532 4054 626 4109 τοῦ
651 4056 786 4109 Θεοῦ
809 4057 906 4126 τῆς
937 4060 996 4110 ἐν
1037 4056 1413 4130 Ἀλεξανδρείᾳ
1447 4061 1542 4114 καὶ
1577 4061 1858 4131 ἐκκλησίας

1973 4048 2065 4104 Dei
2091 4065 2212 4119 quae
2235 4063 2319 4106 est
2346 4052 2704 4122 Alexandriae,
2728 4067 2782 4112 et
2807 4060 2876 4114 de
2893 4059 3388 4114 Alexandrinorum
3414 4077 3543 4115 con-

277 4146 374 4199 τοῦ
443 4146 835 4221 Ἀλεξανδρέων
885 4149 1081 4219 δήμου.
1130 4149 1240 4201 Καὶ
1282 4150 1376 4202 ἐὰν
1415 4151 1714 4221 εὐγνώμων
1840 4156 1856 4207 ί

1969 4141 2115 4196 cilio.
2148 4143 2214 4197 Et
2248 4145 2291 4199 si
2318 4149 2440 4214 quis
2469 4148 2576 4201 haec
2597 4148 2829 4203 candido
2861 4151 3044 4204 animo
3097 4152 3330 4206 audierit
3390 4162 3443 4204 et
3485 4153 3537 4206 in

277 4236 469 4292 τούτου
498 4239 712 4292 ἁκούων
740 4241 835 4292 καὶ
863 4239 1170 4310 φιλαληθῶς
1195 4240 1427 4312 ἐξετάζῃ
1451 4244 1521 4295 τὰ
1546 4243 1856 4314 πράγματα,

1970 4234 2136 4288 rebus
2178 4235 2583 4293 considerandis
2624 4242 2909 4297 veritatem
2973 4243 3270 4311 qumsierit,
3320 4242 3366 4296 is
3415 4257 3538 4298 eum

279 4330 615 4398 θαυμάσεται
649 4332 738 4384 τὸν
767 4332 860 4384 καὶ
886 4331 1332 4403 βουλευσάμενον,
1361 4335 1455 4387 καὶ
1487 4335 1684 4388 άνῦσαι
1715 4337 1858 4408 δυνη-

1969 4327 2348 4390 admirabitur,
2395 4331 2483 4396 qui
2518 4331 2806 4386 consilium
2857 4336 3001 4403 cepit
3047 4343 3101 4388 et
3151 4336 3414 4404 perlicere
3445 4354 3541 4406 pu—

279 4420 439 4475 θέντα
465 4423 738 4493 πανταχοῦ
766 4424 1135 4496 συστήσασθαι
1192 4425 1522 4496 Ἐκκλησίας
1564 4426 1659 4478 τοῦ
1707 4425 1858 4492 Θεοῦ,

1974 4419 2077 4471 luit
2119 4428 2174 4473 ut
2200 4419 2456 4474 Ecclesia:
2483 4420 2568 4475 Dei
2614 4425 2816 4494 ubique
2877 4435 3060 4482 essent
3092 4429 3144 4480 in
3182 4428 3408 4497 singulis
3457 4446 3541 4484 ur-

279 4515 647 4586 παροικούσας
697 4517 1016 4586 ἐκκλησίαις
1066 4517 1174 4570 τῶν
1230 4517 1352 4570 καθ’
1419 4517 1659 4590 ἑκάστην
1707 4519 1858 4573 πόλιν

1970 4510 2127 4564 bibus
2154 4513 2474 4581 populorqu
2520 4517 2754 4571 cmtibus
2809 4517 3216 4596 immistze..Sic
3262 4529 3442 4575 autem
3484 4533 3539 4577 et

275 4605 648 4674 δήμων.οὐτω
677 4606 733 4658 δὲ
769 4608 864 4660 καὶ
895 4607 1088 4678 βουλὴν
1152 4608 1477 4679 Ἐκκλησίας
1517 4607 1643 4661 θεοῦ
1697 4608 1854 4680 βουλῇ

1970 4604 2181 4660 curiam
2216 4605 2472 4662 Ecclesia:
2496 4606 2585 4662 Dei
2619 4624 2739 4663 cum
2767 4609 2916 4664 curia
2946 4611 3283 4681 singularum
3323 4615 3536 4670 urbium

277 4700 342 4766 τῇ
380 4698 501 4750 καθ’
523 4699 758 4768 ἑκάστην
793 4699 946 4752 πόλιν
969 4699 1356 4764 συνεξετάζων,
1390 4699 1572 4772 εὕροις
1619 4701 1684 4754 ἂν
1717 4702 1856 4765 τίνες

1971 4696 2277 4762 conferens,
2332 4697 2568 4755 invenias
2626 4702 2888 4770 quosdam
2942 4703 3198 4759 Ecclesiae
3230 4716 3537 4776 senatores,

283 4788 378 4855 μὲν
398 4788 496 4857 τῆς
531 4790 855 4861 Ἐκκλησίας
884 4791 1168 4862 βουλευταὶ
1197 4792 1307 4863 (41)
1336 4792 1473 4859 ἄξιοί
1505 4795 1663 4858 εἰσιν,
1696 4795 1751 4847 εί
1777 4811 1861 4857 τις

1969 4786 2158 4856 dignos
2189 4787 2278 4854 qui
2316 4785 2407 4842 Dei
2434 4788 2780 4844 moderentur
2835 4791 3133 4856 civitatem,
3189 4795 3233 4849 si
3283 4811 3390 4866 qua
3438 4799 3537 4854 liu-

351 4964 464 5046 (59)
526 4967 800 5046 Ἐνόμίζε,
867 4968 946 5025 [la
1001 4972 1160 5030 codd.
1209 4971 1342 5043 Reg,
1401 4979 1456 5026 ει
1506 4971 1857 5028 Basileensjs.
1972 4966 2151 5046 cunda
2179 4967 2562 5046 Sa-bbatorum,
2602 4981 2679 5038 ut,
2706 4972 2749 5026 si
2783 4989 2889 5042 qua
2919 4983 3287 5032 contraversia
3319 4994 3385 5033 ex
3413 4995 3542 5035 sen-

279 5035 566 5110 Aliiv‘ero:
591 5038 856 5110 νομίζειν
1291 5035 1342 5110 ’γ
1975 5036 2156 5110 tentia
2177 5046 2361 5110 vestra
2389 5040 2612 5104 oriatur,
2644 5035 2814 5110 usque
2845 5047 2908 5098 ad
2945 5047 3239 5101 Sabbatum
3275 5049 3442 5104 libera
3466 5053 3541 5108 sit

351 5104 462 5175 (.50)
501 5104 928 5179 ζΕπιστροφῆς.
967 5111 1134 5166 Recte
1166 5111 1289 5165 cod.
1327 5109 1460 5178 Reg.
1506 5120 1560 5164 et
1588 5111 1862 5166 Basilcen-
1972 5104 2424 5173 vobis'l‘acultas,
2479 5125 2582 5179 qua
2639 5104 2856 5178 possitis
2902 5115 3048 5168 illam
3101 5104 3534 5175 controversiam

279 5175 709 5256 sis,-nial_te_vero
747 5175 1111 5256 libriexcusi,
1157 5175 1538 5256 bruto-eget“.
1592 5250 1602 5256 _
1730 5250 1754 5256 Α
1969 5188 2321 5256 componere,
2356 5192 2412 5232 et
2436 5175 2616 5256 pacem
2639 5175 2939 5256 conciliare
2981 5186 3122 5240 inter
3146 5203 3238 5240 eos
3293 5189 3384 5256 qui
3422 5189 3532 5243 liti-

348 5244 712 5324 (41).Ειξροςς
739 5245 815 5324 due
842 5249 1008 5324 τίνες·Δ
1022 5250 1138 5318 μὲν
1174 5248 1295 5324 τῆς
1318 5244 1676 5324 Ἑκκτᾷησίας
1707 5250 1860 5324 ,ϐορ-

1967 5253 2114 5324 gant.
2149 5245 2347 5324 Adsilit
2379 5244 2556 5324 autem
2585 5251 2789 5324 judicio
2829 5256 3064 5318 diaconi,
3105 5266 3158 5310 et
3199 5244 3526 5324 presbyteri,

273 5315 502 5394 λςυζίέί.
547 5317 913 5394 βοτξικιιιιιιιῃι
962 5315 1194 5394 videtur,
1236 5315 1536 5394 si'ipotgﬁet
1567 5321 1718 5394 τινές
1761 5319 1852 5390 μὲν

1965 5315 2175 5394 integre
2204 5315 2527 5383 judicaturi,
2563 5315 2724 5374 veluti
2765 5323 2855 5376 Dei
2897 5315 3165 5385 homines,
3199 5315 3527 5394 'cumjusti;

275 5383 376 5464 τῇς
414 5385 1075 5464 Ἐκκλησίαςβουλευςταί
1115 5383 1383 5464 Particulo
1426 5389 1507 5441 ὅτι
1549 5389 1716 5464 lacile
1760 5383 1854 5464 ex-

1967 5383 2067 5464 tia._
2097 5384 2234 5464 Cum.
2259 5398 2487 5464 utraque
2525 5404 2750 5456 persona
2782 5397 3008 5459 venerit,
3035 5383 3193 5460 prout
3223 5393 3302 5447 lex
3332 5383 3519 5464 jubet,

274 5452 460 5534 ciijfgpe
491 5452 691 5534 ροιιξίι,
741 5452 916 5534 ἱίμμιὶι
960 5457 1308 5534 Βυξιθπιθιιυεῑ
1348 5473 1470 5510 cum
1509 5459 1696 5534 ullitpa
1720 5461 1859 5534 fjus
1961 5456 2119 5532 ambo
2145 5458 2235 5520 qui
2260 5452 2482 5534 illigent!
2525 5452 2843 5534 'statuautur
2901 5465 2954 5516 ill
2996 5452 3190 5516 'medio
3243 5452 3518 5534 tribunali;

278 5525 482 5602 syllaba
519 5529 707 5602 eadem
746 5523 830 5602 sit
858 5542 920 5581 ac
962 5528 1340 5602 Δρι’ἰιιιικνοιιὶιι
1395 5529 1690 5602 sequentis.
1720 5523 1855 5602 ξξρυ-
1961 5523 2134 5602 iisque
2168 5523 2396 5591 auditis“,
2448 5540 2630 5602 sancte
2679 5529 2938 5602 judicium
2973 5535 3337 5602 pronuntiate,
3393 5523 3514 5590 stu;

275 5591 480 5673 λευταί,
519 5597 570 5649 id
602 5606 708 5673 est,
735 5591 997 5673 episcopi,
1022 5597 1332 5673 presbyteri
1363 5591 1686 5673 et‘d'iacoui.
1726 5598 1854 5673 Vide
1957 5595 2146 5647 dentes
2178 5606 2308 5650 aute
2333 5599 2655 5651 sententiam
2679 5591 2926 5673 episcopi
2973 5591 3076 5656 'eos
3124 5591 3512 5673 reconciliare;

275 5659 604 5741 Clettientern
637 5659 935 5741 Constituti
979 5659 1344 5741 l_il'i._u,'cap.
1381 5667 1472 5729 49,
1497 5667 1588 5741 _50,
1627 5666 1713 5741 5i,
1756 5669 1849 5733 52,

1953 5677 2019 5714 ne
2050 5673 2212 5741 exeat
2261 5681 2422 5741 supra
2452 5677 2671 5741 __tcrram
2715 5659 2976 5734 judicium
3032 5673 3082 5724 in
3127 5659 3507 5741 peet-atorem;

276 5730 364 5798 εδ,
391 5733 480 5801 δι,
513 5735 603 5802 55,
635 5735 720 5801 56,
751 5735 815 5789 57
857 5756 869 5793 :
921 5758 938 5790 ι
977 5737 1194 5796 Judicia
1261 5730 1442 5794 vestra
1488 5737 1615 5792 ﬁunt
1663 5730 1714 5793 in
1763 5730 1847 5794 se;

1950 5743 2109 5799 prout
2138 5735 2193 5788 iu
2229 5730 2485 5792 tribunali
2517 5730 2817 5793 consortem
2869 5730 3296 5814 participemque
3327 5730 3508 5800 causa;
