3998 6170
467 259 570 316 959

462 375 695 441 jusmodi
739 387 882 434 esset
935 380 986 434 in
1037 382 1137 436 bac
1198 395 1370 436 rerum
1443 381 1796 434 universitate
1846 400 1858 434 :

469 469 780 521 ccontrario
812 469 900 536 qui
932 480 1230 524 cernuntur
1259 470 1452 539 passim
1482 479 1791 531 senatores,
1841 484 2030 523 eorum

473 576 654 617 mores
711 564 844 616 nihil
899 580 1006 632 prie
1055 581 1112 619 se
1173 564 1346 618 [erant
1399 567 1618 635 dignum
1682 566 1880 619 tributa
1929 565 2035 619 illis

470 653 732 722 dignitate
760 671 863 722 qua
905 656 1156 709 videntur
1189 670 1300 724 pne
1334 658 1820 716 civibuseminere.
1851 661 2034 726 Atque

469 743 515 798 si
549 746 736 800 eodem
774 749 932 802 modo
975 748 1232 804 Ecclesia:
1268 752 1568 804 antistitem
1621 766 1745 805 cum
1793 751 2038 818 singula-

471 851 588 889 rum
623 838 833 892 urbium
895 843 1218 910 praesidibus
1257 845 1681 913 comparaveris,
1741 843 2034 908 intelliges,

469 927 614 980 inter
647 940 931 985 senatores
957 942 1010 986 et
1042 935 1411 990 moderatores
1440 933 1605 1005 467
1637 933 1892 987 Ecclesia:
1919 934 2036 996 Dei,

467 1022 633 1074 etiam
663 1037 778 1086 eos,
810 1025 901 1092 qui
948 1041 978 1077 a
1041 1028 1258 1081 caeteris
1305 1035 1632 1096 superantur
1685 1033 1733 1080 et
1786 1028 1926 1094 apud
1957 1027 2038 1079 of-

466 1109 711 1164 ﬁciorum
763 1114 1202 1170 observantiores
1253 1117 1436 1172 haberi
1483 1127 1710 1187 possunt
1756 1119 2035 1182 desidiosi,

469 1199 522 1252 in
574 1203 954 1270 progressione
1007 1205 1074 1258 ad
1116 1206 1348 1261 virtutes
1390 1208 1704 1275 praecellere
1736 1208 1821 1269 iis,
1849 1209 1944 1275 qui
1981 1209 2034 1261 in

469 1293 693 1348 urbibus
725 1304 1038 1349 senatorum
1075 1307 1125 1352 et
1155 1299 1441 1366 praesidum
1482 1299 1834 1368 dignitatibus
1898 1317 2037 1370 pra:-

469 1385 699 1452 fulgent.

537 1476 626 1530 51.
664 1475 796 1545 Quae
823 1493 944 1531 cum
979 1478 1052 1531 ita
1087 1493 1146 1532 se
1194 1479 1447 1540 habeant.
1495 1493 1676 1532 annon
1711 1495 1920 1548 aequum
1955 1491 2040 1534 est

469 1566 524 1618 in
558 1565 707 1631 Jesu,
743 1567 834 1635 qui
870 1569 985 1622 bzee
1021 1577 1166 1622 tanta
1194 1573 1530 1626 constituere
1561 1571 1750 1640 potuit,
1786 1587 1890 1625 non
1928 1571 2038 1624 vnl-

469 1673 653 1722 garem
679 1673 974 1727 agnoscere
995 1661 1371 1730 divinitatem;
1404 1682 1507 1721 non
1531 1675 1706 1719 autem
1738 1664 1790 1717 in
1819 1665 2032 1717 Aristca

1909 239 2229 318 omni;le

1911 394 2033 432 cum
2063 381 2111 437 Α
2139 374 2282 426 ἐστὶν
2312 374 2370 426 ἐν
2401 373 2479 444 τῷ
2513 373 2673 425 παντὶ
2706 371 2856 434 πόλις
2917 368 3012 424 τοῦ
3056 369 3213 432 Θεοῦ,
3250 371 3310 422 ἐν
3338 371 3526 442 ἐκείνη
3575 373 3740 426 πολι-

3625 257 3741 311 960

2139 461 2411 525 τεύεσθαι,
2435 465 2483 516 ot
2511 462 2567 515 δὲ
2596 461 2869 532 πανταχοῦ
2904 459 3183 530 βουλευταὶ
3225 459 3377 513 οὐδὲν
3435 460 3586 524 ἄξιον
3630 463 3738 531 τῆς

2140 557 2204 608 ἐκ
2233 554 2575 620 κατατάξεως
2606 552 2902 624 ὑπεροχῆς,
2929 554 2995 622 ἣν
3025 551 3314 623 ὑπερέχειν
3364 552 3582 605 δοκοῦσι
3617 556 3738 606 τῶν

2141 647 2390 711 πολιτῶν,
2425 646 2681 716 φέρουσιν
2717 647 2774 697 ἐν
2813 647 2926 707 τοῖς
2967 643 3174 697 ἑαυτῶν
3219 643 3428 713 ἤθεσιν.
3472 643 3638 696 Οῦτω
3677 645 3736 698 δὲ

2140 738 2236 790 καὶ
2278 738 2512 810 ἄρχοντα
2577 735 2900 806 Ἐκκλησίας
2955 733 3194 804 ἑκάστης
3255 733 3463 796 πόλεως
3503 736 3737 804 ἄρχοντι

2140 829 2246 881 τῶν
2277 829 2334 880 ἐν
2364 831 2430 899 τῇ
2463 829 2614 881 πόλει
2642 827 2981 899 συγκριτέον,
3011 826 3098 879 ἴνα
3130 827 3494 896 κατανοήσῃς,
3519 828 3602 879 ὃτι
3640 829 3734 880 καὶ

2141 921 2232 973 ἐπὶ
2274 919 2381 973 τῶν
2431 919 2631 992 σφόδρα
2691 921 3220 990 ἀποτυγχανομένων
3276 921 3578 991 βουλευτῶν
3634 922 3734 973 καὶ

2142 1011 2412 1081 ἀρχόντων
2471 1010 2793 1082 Ἐκκλησίας
2834 1011 3004 1076 Θεοῦ,
3055 1013 3150 1064 καὶ
3201 1012 3574 1083 ῥᾳθυμότερον
3614 1011 3730 1079 (42)

2143 1103 2291 1174 παρὰ
2320 1104 2445 1165 τοὺς
2473 1103 2850 1174 εὐτονωτέρως
2893 1103 3160 1173 βιοῦντας,
3192 1105 3342 1157 οὐδὲν
3383 1102 3546 1178 ἧττόν
3575 1107 3732 1158 ἐστιν

2142 1195 2317 1265 εὑρεῖν
2338 1194 2413 1257 ὡς
2444 1194 2644 1247 ἐπίπαν
2674 1195 2967 1266 ὑπεροχὴν,
2999 1195 3096 1264 τὴν
3128 1197 3185 1248 ἐν
3214 1198 3279 1266 τῇ
3317 1197 3409 1248 ἐπὶ
3449 1197 3550 1258 τὰς
3593 1196 3732 1267 ἀρε-

2141 1286 2238 1348 τὰς
2277 1288 2550 1356 προκοπῇ,
2599 1286 2748 1357 παρὰ
2780 1287 2845 1338 τὰ
2873 1286 2976 1356 ἦθη
3008 1287 3115 1340 τῶν
3149 1287 3206 1339 ἐν
3234 1289 3354 1348 ταῖς
3380 1287 3568 1340 πόλεσι
3598 1288 3730 1357 βου-

2141 1375 2346 1430 λευτῶν
2373 1376 2485 1447 (45)
2517 1378 2609 1430 κα)⁴
2630 1377 2924 1446 ἀρχόντων.

2212 1467 2274 1518 Εἰ
2315 1466 2372 1518 δὲ
2404 1465 2555 1518 ταῦθ’
2589 1465 2762 1528 οὕτως
2805 1465 2938 1536 ἔχει,
2971 1465 3087 1529 πῶς
3113 1467 3214 1521 οὐκ
3246 1466 3466 1536 εὔλογον
3507 1470 3610 1540 μὲν
3640 1489 3731 1524 νο-

2147 1557 2322 1628 μίζειν
2356 1557 2607 1627 περὶτοῦ
2666 1557 2867 1627 Ἰησοῦ,
2917 1559 3151 1612 τοσαῦτα
3194 1562 3455 1631 συστῆσαι
3503 1562 3728 1634 δεδυνη-

2146 1648 2326 1718 μένου,
2361 1649 2442 1701 ὅτι
2480 1649 2579 1718 οὐχ
2603 1651 2636 1717 ἡ
2667 1649 2906 1719 τυχοῦσα
2939 1649 3151 1721 θειότης
3187 1647 3254 1722 ἦν
3286 1653 3343 1704 ἐν
3384 1653 3536 1723 αὑτῷ
3557 1673 3571 1684 ο
3602 1656 3732 1706 οὑκ-

469 1748 854 1812 l‘rocounesio,
895 1754 1108 1806 tametsi
1147 1753 1296 1808 illum
1347 1757 1535 1824 Apollo
1589 1757 1723 1809 inter
1769 1758 1895 1809 deos
1951 1771 2038 1809 re-

2148 1740 2224 1792 έτι
2279 1740 2335 1792 δὲ
2386 1738 2510 1792 οὔτε
2562 1742 2620 1794 ἐν
2672 1740 2750 1811 τῷ
2799 1741 3178 1812 Προκοννησίῳ
3240 1743 3512 1814 Ἀριστέᾳ,
3551 1744 3654 1798 κᾶν
3700 1749 3729 1798 6

469 1841 680 1894 censeri
724 1842 974 1911 jusserit,
1010 1860 1186 1913 neque
1222 1847 1274 1900 in
1321 1850 1400 1902 eis
1432 1863 1567 1915 quos
1603 1857 1878 1901 enumerat
1910 1847 2033 1902 Cel-

469 1945 590 1994 sus,
624 1945 746 1984 cum
781 1934 853 1985 ait
882 1951 894 1984 :
938 1951 956 1984 ι
997 1935 1202 1990 Abarin
1239 1937 1640 2007 Hyperboreum
1685 1953 1842 1992 nemo
1875 1939 2035 1992 deum

469 2033 594 2073 esse
621 2018 850 2086 judicat,
887 2021 1038 2089 cujus
1074 2035 1251 2078 tamen
1285 2041 1346 2080 ea
1377 2028 1486 2080 t‘nit-
1511 2037 1763 2096 potestas,
1793 2037 1850 2081 ut
1873 2044 2035 2083 cursu

471 2109 636 2163 telum
676 2115 1098 2180 assequcretur?
1146 2135 1164 2167 ι
1221 2115 1504 2182 Quodnam
1540 2119 1675 2172 enim
1729 2119 2034 2174 divinitatis

471 2202 757 2257 consilium
811 2205 931 2268 fuit,
963 2223 1084 2260 cum
1121 2209 1344 2263 Abaritli
1397 2210 1736 2280 Hyperboreo
1774 2212 1940 2276 dedit,
1979 2221 2041 2265 ut

468 2295 753 2349 celeritate
785 2297 950 2350 telum
985 2300 1264 2365 aequaret?
1297 2300 1371 2354 Ex
1403 2310 1550 2354 tanto
1597 2302 1892 2358 illi-collato
1925 2319 2040 2355 mu-

471 2399 602 2440 nere
633 2388 762 2456 quid
817 2389 1069 2444 utilitatis
1107 2392 1404 2446 rediturum
1463 2403 1581 2446 erat
1633 2393 1690 2445 ad
1743 2393 2036 2447 bumamnn

471 2479 685 2542 genus?
719 2479 859 2546 Quid
888 2481 962 2535 illi
1001 2482 1203 2551 profuit
1241 2484 1352 2539 haec
1380 2499 1476 2552 par
1508 2484 1613 2537 telo
1647 2485 1939 2539 velocitas?
1973 2484 2042 2540 Ut

469 2570 590 2623 dem
618 2571 731 2626 haec
764 2577 1020 2644 tigmenla
1056 2592 1160 2629 non
1201 2591 1340 2640 esse,
1369 2577 1462 2630 sed
1491 2592 1519 2630 a
1554 2579 1779 2646 quodam
1813 2579 2041 2632 numine

469 2657 640 2715 fuisse
671 2663 936 2731 profecta.
988 2665 1056 2718 At
1099 2680 1226 2720 vero
1256 2665 1414 2721 Jesns
1441 2667 1486 2720 si
1520 2669 1727 2722 dicatur
1771 2685 1790 2718 Ι
1828 2669 1881 2720 in
1927 2668 2042 2736 glo-

470 2749 551 2804 ria
585 2763 896 2821 assumptus
932 2755 1000 2820 ⁶³,
1049 2773 1068 2807 ι
1124 2757 1286 2811 video
1335 2756 1492 2824 hujus
1549 2759 1623 2813 rei
1664 2775 1909 2814 causam.
1948 2758 2041 2812 Sic

470 2856 667 2911 nempe
702 2843 864 2908 Deus,
900 2863 1009 2915 quo
1057 2857 1250 2917 agente
1306 2848 1356 2901 id
1395 2850 1614 2914 accidit,
1662 2851 2041 2918 spectantibus

473 2933 760 2989 doctorem
793 2937 1119 3005 assignavit,
1157 2947 1212 2990 ut
1253 2954 1358 2991 non
1398 2938 1750 2991 humanarum
1797 2938 2040 3008 discipli-

2152 1831 2421 1884 Ἀπόλλων
2451 1832 2612 1884 αὑτὸν
2634 1831 2888 1902 βούληται
2921 1834 2976 1886 ἐν
3006 1832 3143 1885 θεῶν
3179 1835 3341 1904 μοίρᾳ.
3373 1835 3579 1905 νέμειν,
3611 1836 3726 1889 οὔτ’

2136 1923 2194 1974 ἐν
2237 1917 2317 1984 οἷς
2361 1922 2734 1993 ἐξαριθμεῖται
2773 1925 2801 1976 6
2839 1924 3064 1990 Κέλσος,
3107 1925 3313 1992 λέγων·
3352 1929 3433 1980 ὅτι
3481 1946 3500 1979 t
3539 1930 3730 1993 Οὐδεὶς

2137 2013 2344 2084 νομίζει
2392 2014 2512 2067 θεὸν
2549 2015 2780 2086 ’Ἄϐαριν
2811 2017 2901 2070 τὸν
2954 2019 3360 2091 ’1⁸περϐόρειον,
3389 2021 3447 2082 ὃς
3494 2021 3728 2092 δύναμιν

2138 2102 2250 2176 εἶχε
2278 2105 2521 2177 τοσήνδε,
2552 2106 2694 2160 ὥστε
2727 2108 2892 2178 ὀϊστῷ
2947 2109 3089 2180 βέλει
3121 2111 3230 2181 (44)
3263 2111 3639 2183 συμφέρεσθαι
3663 2130 3678 2176 ;
3706 2133 3723 2163 ι

2139 2199 2202 2251 Τί
2230 2199 2338 2270 γὰρ
2372 2199 2667 2271 βουλομένη
2711 2205 2743 2273 ή
2784 2206 3124 2278 χαρισαμένη
3159 2205 3368 2277 θειότης
3405 2205 3482 2276 τῷ
3525 2207 3726 2276 ’Υπερ-

2139 2290 2334 2362 ϐορείῳ
2380 2291 2620 2363 Ἀὁάριδι
2653 2295 2815 2364 ὀϊστῷ
2861 2298 3255 2368 συμφέρεσθαι,
3299 2299 3358 2351 τὸ
3405 2298 3726 2370 τηλικοῦτον

2139 2381 2289 2452 αὐτῷ
2326 2382 2606 2452 ἐδωρεῖτο,
2642 2385 2728 2437 ἵνα
2760 2403 2812 2437 τι
2845 2384 2957 2455 (45)
2988 2387 3242 2459 ὠφεληθῇ
3285 2389 3345 2441 τὺ
3370 2391 3478 2443 τῶν
3519 2389 3732 2460 ἀνθρώ-

2141 2489 2256 2526 πων
2286 2472 2476 2540 γένος;
2525 2475 2556 2544 ἢ
2605 2476 2766 2538 αὐτὸς
2793 2477 3000 2542 ἐκεῖνος
3029 2480 3081 2532 τί
3112 2477 3286 2533 ὤνατο
3318 2480 3483 2550 ὀϊστῷ
3519 2482 3726 2551 συμφέ-

2145 2563 2365 2634 ρεσθαι;
2399 2565 2486 2617 ἵνα
2535 2566 2631 2619 καὶ
2679 2569 3003 2638 συγχωρηθῇ
3057 2569 3229 2623 ταῦτα
3278 2571 3542 2642 μηδαμῶς
3592 2567 3725 2624 εἶναι

2142 2654 2455 2725 πλάσματα,
2501 2656 2638 2710 ἀλλά
2666 2659 2808 2711 κατά
2832 2676 2954 2713 τινα
2985 2660 3262 2731 δαιμονίου
3307 2662 3596 2733 συνεργίαν
3626 2679 3718 2730 γε-

2141 2746 2375 2813 γονέναι.
2425 2747 2548 2800 Ἐὰν
2581 2747 2637 2800 δὲ
2668 2749 2696 2800 6
2727 2748 2859 2820 ἐμὸς
2913 2751 3641 2822 Ἰησοῦςιάναλαμὸάνεσθαι
3668 2755 3724 2803 ἐν

2141 2840 2264 2913 δόξῃ
2287 2838 2556 2908 »λέγηται,
2572 2835 2683 2907 ὁρῶ
2695 2835 2791 2906 τὴν
2813 2842 3144 2912 οἰκονομίαν,
3169 2844 3248 2896 ὅτι
3278 2846 3389 2912 τοῖς
3419 2843 3725 2914 θεωρήσασι

2145 2929 2363 2998 συνίστη
2394 2929 2484 2982 τὸν
2531 2929 2848 2985 διδάσκαλον
2893 2934 2922 2985 6
2965 2933 3107 2986 τοῦτ’
3149 2934 3259 3003 (46)
3303 2936 3604 3005 ἐνεργήσας
3635 2951 3725 3003 γε-

474 3037 696 3088 narum,
728 3025 825 3080 sed
871 3026 1131 3079 doctrina:
1179 3027 1374 3081 divinae
1419 3043 1581 3082 causa
1625 3039 1899 3084 certantes
1946 3046 2043 3099 pro

2148 3020 2328 3073 νέσθαι
2356 3017 2486 3083 Θεός
2514 3038 2526 3050 °
2566 3021 2633 3074 ἵν’
2671 3022 2747 3085 ὡς
2793 3023 2890 3092 οὐχ
2925 3025 3062 3094 ὑπὲρ
3093 3025 3448 3095 ἀνθρωπίνων
3477 3025 3728 3096 μαθημά-

476 3112 705 3176 viribus,
738 3130 951 3168 summo
980 3131 1038 3169 se
1075 3116 1183 3170 Deo
1214 3119 1515 3172 devoveant
1546 3131 1595 3173 et
1623 3135 1679 3173 se
1706 3121 1757 3174 in
1789 3121 2045 3176 omnibus

479 3205 548 3258 ad
596 3203 713 3270 ejus
748 3206 1084 3260 voluntatem
1121 3212 1565 3276 accommodent;
1613 3211 1846 3266 donandi
1900 3228 2044 3266 mer-

478 3297 610 3350 cede
641 3305 734 3351 aut
761 3312 947 3365 pmuas
973 3299 1151 3353 daturi
1184 3315 1284 3368 pro
1317 3303 1525 3355 meritis
1559 3312 1678 3356 ante
1726 3301 1820 3356 Dei
1873 3305 2046 3358 tribu-

479 3389 590 3453 nal,
619 3400 779 3459 prout
807 3390 857 3444 in
888 3390 989 3446 liae
1015 3393 1123 3447 vita
1165 3393 1305 3449 bene
1338 3395 1420 3448 vel
1458 3394 1594 3449 male
1617 3394 1868 3452 fecerint.

550 3565 642 3623 32.
692 3565 939 3623 Postlizcc
995 3569 1064 3626 de
1114 3570 1204 3626 illo
1265 3572 1607 3627 Clazomenio
1664 3573 1944 3641 loquitur,
1992 3581 2048 3627 et

478 3660 709 3717 adducta
741 3661 854 3730 ejus
890 3665 1140 3728 historia,
1189 3665 1268 3720 sic
1321 3665 1544 3735 pergit:
1585 3685 1601 3718 ‹
1662 3667 1852 3722 Nonne
1899 3670 2048 3721 aiunt

481 3752 628 3807 illius
679 3753 918 3807 animam
972 3757 1190 3824 smpius,
1231 3757 1419 3811 relicto
1467 3773 1710 3828 corpore,
1744 3761 2050 3814 circumva-

481 3852 663 3914 gatam
699 3841 865 3897 fuisse
892 3844 1010 3898 sine
1044 3845 1313 3912 corpore?
1345 3861 1442 3900 nec
1474 3846 1615 3900 illum
1661 3857 1841 3901 tamen
1875 3847 2051 3901 homi-

485 3949 580 3988 nes
633 3933 685 3986 in
740 3936 966 3988 deomm
1001 3950 1228 3990 numero
1283 3938 1605 3991 habuerunt.
1646 3958 1664 3988 ι
1727 3937 2050 4006 Respondeo

486 4025 719 4078 fortasse
754 4025 924 4079 malos
947 4025 1221 4080 daemones
1248 4027 1351 4080 ista
1387 4044 1602 4083 curasse
1629 4029 1890 4098 perscribi
1929 4031 2053 4098 (nec

483 4118 629 4170 enim
664 4116 903 4170 arbitror
933 4132 1153 4170 curasse
1210 4119 1372 4187 ﬁeri),
1409 4128 1464 4171 ut
1496 4135 1610 4188 quae
1641 4120 1706 4174 de
1757 4118 1886 4173 Jesu
1917 4136 2053 4189 pra:-

484 4207 628 4261 dicta
679 4205 900 4260 fuerunt
951 4217 1004 4261 et
1041 4211 1108 4261 ab
1145 4207 1236 4262 illo
1271 4211 1414 4262 dicta
1450 4218 1589 4276 sunt,
1641 4221 1733 4264 aut
1762 4212 1911 4266 velut
1958 4212 2053 4279 tig-

486 4304 664 4350 menta
697 4296 891 4350 similia
939 4297 1045 4350 illis
1087 4298 1524 4366 exploderentnr,
1561 4311 1654 4355 aut
1687 4301 1842 4370 quasi
1879 4301 2049 4355 nihilo

485 4387 687 4457 majora
713 4390 1059 4445 admirationi
1097 4407 1201 4446 non
1237 4404 1436 4448 essent.
1487 4397 1551 4448 At
1598 4409 1748 4448 meus
1791 4393 1950 4449 Jesus
1982 4397 2046 4446 de
2082 4425 2126 4478 ο

483 4493 582 4532 sua
619 4479 786 4548 ipsius
820 4483 1020 4546 anima,
1057 4499 1175 4551 qua:
1219 4502 1323 4540 non
1377 4486 1609 4540 lnunano
1646 4485 1756 4540 fato
1790 4496 2041 4553 separata

483 4580 570 4624 est
605 4585 634 4624 a
691 4586 936 4639 corpore,
972 4577 1067 4629 sed
1114 4577 1235 4628 data
1289 4577 1360 4629 illi
1398 4579 1556 4631 etiam
1595 4580 1694 4631 hac
1737 4577 1806 4632 de
1838 4593 1894 4631 re
1944 4577 2048 4628 mi-

485 4661 654 4714 randa
709 4671 974 4730 potestate
1010 4688 1020 4720 :
1059 4682 1077 4716 ι
1119 4665 1319 4730 Nemo,
1374 4668 1564 4738 inquit,
1615 4669 1755 4724 tollit
1809 4683 2044 4722 ammam

583 4845 628 4877 ⁸³
668 4847 682 4898 l
716 4846 856 4898 Tim.
889 4862 970 4914 ιιι,
998 4848 1084 4903 16.

491 5071 961 5147 liabetCliristum
1003 5073 1095 5147 Dei
1143 5073 1357 5147 Filium.
1411 5097 1428 5128 ι
1477 5076 1607 5132 Vide
1657 5075 2046 5147 Augustinum,

491 5145 570 5197 De
596 5145 835 5208 aperibus
872 5145 1267 5198 monachorum.
1301 5146 1559 5202 Spsacsn.

565 5212 676 5284 (42)
719 5213 1164 5291 ξξᾳθιξέιότεροις.
1215 5215 1412 5291 Mavult
1446 5216 1773 5291 Bolierellus,
1811 5219 2054 5291 partione-

492 5281 686 5360 τέρων.
719 5283 840 5360 mox
863 5281 1214 5360 j'lmschelius
1240 5287 1304 5356 _in
1341 5295 1512 5353 textu,
1556 5289 1705 5360 παρὰ
1741 5281 1868 5352 τοῦς
1900 5281 2056 5358 εὐγο-

494 5353 744 5424 νωτὲρως
776 5353 1040 5424 βιοῦντας.

567 5422 678 5496 (45)
717 5422 1088 5480 Βουλευτῶν.
1111 5422 1193 5496 lta
1218 5427 1374 5480 codd.
1404 5427 1597 5496 Regius
1625 5436 1680 5482 et
1707 5427 2052 5482 Basileensis.

495 5491 827 5564 Libri'autea
865 5496 1070 5559 excusi,
1098 5495 1472 5564 βουλευόντων.

570 5561 679 5635 (44)
727 5562 917 5618 Βέλει.
957 5561 1248 5618 Delendum
1293 5577 1420 5634 puto
1465 5575 1716 5634 tanquam
1765 5566 2050 5635 glossema,

500 5633 578 5722 illi
609 5644 848 5722 lelet‘ex
878 5651 998 5722 mox
1025 5633 1372 5722 sequentibus
1397 5638 1480 5720 ubi
1509 5636 1651 5722 βέλει
1683 5633 1788 5690 ηοιῖ
1809 5637 2054 5722 jungitur

497 5699 683 5770 ὀϊστῷ.
737 5701 1056 5759 Consuleudi
1103 5699 1371 5762 'I-lerodot.
1423 5708 1475 5764 in
1509 5699 1699 5779 'Melp.,
1740 5699 1859 5778 μιᾷ.
1909 5699 2050 5773 ἒϐη

2146 3127 2277 3174 των,
2310 3111 2444 3165 ἀλλὰ
2478 3110 2626 3175 θείας
2657 3112 3021 3178 διδασκαλίας,
3058 3114 3484 3187 ἀγωνιζόμενοι,
3509 3117 3610 3186 ὅση
3642 3116 3728 3169 δύ-

2148 3219 2329 3273 ναμις,
2381 3204 2604 3265 ἑαυτοὺς
2661 3202 2900 3256 ἀναθῶσι
2953 3205 3032 3276 τῷ
3077 3206 3168 3258 ἐπὶ⁹
3231 3208 3364 3259 πᾶσι
3425 3206 3577 3277 Θεῷ,
3635 3209 3727 3259 καὶ

2149 3293 2326 3344 πάντα
2356 3294 2666 3364 πράττωσιν
2691 3297 2829 3366 ὑπὲρ
2863 3297 2960 3366 τῆς
2985 3297 3119 3366 πρὸς
3147 3299 3352 3349 ἐκεῖνον
3395 3298 3690 3367 ἀρεσκείας
3710 3313 3724 3327 ’

2148 3383 2223 3446 ὡς
2277 3383 2677 3454 ἀποληψόμενοι
2732 3388 2854 3438 κατ’
2904 3386 3060 3450 ἀξίαν
3113 3388 3168 3438 ἐν
3218 3386 3346 3458 θείῳ
3398 3387 3726 3459 δικαστηρίῳ

2149 3473 2291 3543 ἅπερ
2319 3475 2375 3524 ἐν
2407 3474 2483 3544 τῷ
2515 3474 2615 3544 βίῳ
2644 3473 2821 3544 τούτῳ
2844 3470 2902 3528 εὖ
2931 3475 2962 3544 ἢ
3001 3474 3185 3537 κακῶς
3219 3476 3602 3545 πεποιήκασιν.

2233 3568 2383 3620 Ἐπεὶ
2413 3567 2468 3620 δὲ
2515 3567 2652 3637 μετὰ
2677 3567 2849 3620 ταῦτα
2901 3568 2994 3622 καὶ
3039 3568 3167 3638 περὶ
3217 3568 3310 3621 τοῦ
3355 3566 3726 3637 Κλαζομενίου

2151 3657 2261 3727 (47)
2294 3661 2321 3712 6
2371 3659 2574 3721 Κέλσος
2631 3655 2770 3724 εἷπε,
2821 3658 3078 3729 προσθεὶς
3129 3661 3223 3712 ἐπὶ
3259 3658 3356 3728 τῆς
3399 3660 3515 3712 κατ’
3572 3659 3728 3710 αὐτὸν

2153 3750 2421 3821 ιστορίας·
2465 3769 2483 3802 ι
2523 3749 2656 3804 Μῶν
2707 3751 2767 3803 οὐ
2816 3750 2971 3804 τοῦτό
3011 3768 3195 3820 φασιν,
3242 3753 3316 3815 ὡς
3356 3753 3464 3823 ἄρα
3508 3753 3540 3822 ὴ
3587 3752 3727 3822 ψυχὴ

2152 3843 2316 3896 αὐτοῦ
2375 3842 2636 3905 πολλάκις
2694 3840 3038 3895 ἀπολιποῦσα
3092 3842 3151 3893 τὸ
3207 3843 3364 3913 σῶμα
3422 3843 3725 3912 περιεπόλει

2152 3934 2472 4005 άσώματος;
2503 3935 2595 3987 καὶ
2623 3934 2743 3987 οὐδὲ
2782 3934 2969 3987 τοῦτον
2998 3934 3252 4003 ἐνόμισαν
3274 3935 3405 3986 Θεὸν
3437 3936 3486 3986 οἱ
3519 3933 3724 4003 ἄνθρω-

2154 4045 2267 4082 ποι.
2319 4047 2337 4078 ι
2379 4028 2486 4080 Καὶ
2538 4027 2675 4098 πρὸς
2707 4027 2866 4080 τοῦτο
2900 4029 3167 4097 φήσομεν,
3203 4028 3284 4078 ὅτι
3318 4027 3455 4096 τάχα
3511 4027 3726 4096 πονηροί

2153 4137 2296 4182 τινες
2344 4119 2591 4188 δαίμονες
2619 4117 2844 4172 τοιαῦτα
2867 4119 3223 4189 ᾠκονόμησαν
3247 4119 3626 4189 ἀναγραφῆναι
3650 4119 3722 4188 (οὐ

2154 4209 2263 4282 γὰρ
2289 4211 2549 4272 πιστεύω,
2583 4212 2663 4263 ὅτι
2693 4211 2790 4263 καὶ
2833 4209 3084 4278 γενέσθαι
3117 4210 3514 4280 ᾠκονόμησαν),
3551 4211 3634 4261 ἵνα
3666 4208 3725 4261 τὰ

2157 4301 2598 4374 προφητευθέντα
2619 4303 2744 4372 περ).
2772 4301 2867 4354 τοῦ
2899 4301 3093 4364 Ἰησοῦ,
3127 4303 3222 4354 καὶ
3253 4301 3322 4353 τὰ
3355 4300 3608 4371 λεχθέντα
3642 4299 3724 4351 ὑπ’

2155 4395 2342 4458 αὐτοῦ,
2370 4395 2487 4464 ἢτοι
2511 4393 2587 4456 ὡς
2607 4392 2902 4462 πλάσματα
2924 4393 3082 4462 ὅμοια
3105 4394 3334 4456 ἐκείνοις
3361 4392 3724 4463 διαϐάλληται,

2155 4489 2188 4558 ἢ
2217 4487 2292 4550 ὼς
2321 4487 2472 4539 οὐδὲν
2505 4485 2689 4538 πλεῖον
2719 4483 2924 4554 ἐτέρων
2969 4483 3179 4553 ἔχοντα,
3234 4485 3306 4554 μὴ
3353 4483 3492 4536 πάνυ
3527 4482 3728 4552 θαυμά-

2155 4577 2335 4649 ζηται.
2383 4577 2575 4644 Ἔλεγε
2618 4576 2675 4628 δέ
2719 4577 2746 4629 ὁ
2776 4574 2906 4645 ἐμὸς
2954 4573 3163 4646 Ἰησοῦς
3211 4576 3341 4645 περὶ
3390 4576 3488 4644 τῆς
3543 4575 3725 4628 ἐαυτοῦ

2153 4669 2330 4738 ψυχῆς
2373 4668 2454 4738 (οὐ
2492 4666 2633 4721 κατά
2659 4667 2719 4720 τὸ
2766 4665 3105 4738 ἀνθρώπινον
3155 4667 3332 4739 χρεὼν
3365 4667 3726 4738 χωριζομένης

2156 5075 2261 5130 Lil.
2295 5075 2588 5146 Gyraldus,
2632 5075 2728 5131 lib.
2766 5092 2822 5129 ιιι
2861 5074 2933 5146 D_e
2961 5082 3146 5146 pom;
3185 5070 3339 5126 Suid.
3385 5072 3437 5124 in
3483 5071 3727 5146 :Aﬁaptg,

2157 5141 2406 5215 Apollon.
2443 5146 2680 5215 Dyscol..
2714 5162 2836 5212 cap.
2884 5144 2916 5196 4
2955 5141 3097 5194 Hist.
3157 5149 3435 5215 c_on_tment.
3479 5141 3726 5215 Sparten.

2231 5217 2341 5286 (45)
2395 5211 2717 5284 Ἐδ’ωρεῖτο,
2762 5211 2861 5267 2m
2914 5230 2989 5274 τι,
3021 5211 3360 5293 ett:.\GtAtielo
3391 5213 3728 5293 scribendum

2162 5279 2395 5350 videtur,
2424 5279 2704 5356 ἐδωρεῖτο,
2740 5286 2772 5356 ἢ
2806 5285 2893 5337 ἵνα
2925 5299 2978 5334 τι
3023 5280 3276 5351 ὠφεληθῇ
3308 5282 3367 5334 τὸ
3400 5281 3506 5334 τῶν
3537 5279 3732 5350 ἀνθρώ-

2164 5375 2278 5435 πων
2307 5355 2548 5435 γένος,ιῆ
2579 5355 2770 5419 αὐτὸς,
2793 5365 2948 5435 etc.“
3070 5420 3088 5435 κ
3217 5422 3239 5435 ν
3335 5424 3346 5434 ⁹

2235 5420 2344 5497 (46⁷)
2393 5420 2548 5480 ιιιψξ
2580 5431 2794 5497 excusi,
2842 5420 3181 5484 διδάσκαλον,
3215 5422 3296 5473 ὅτι
3325 5424 3371 5485 ὁ,
3415 5433 3526 5477 etc.
3563 5421 3665 5476 Sed
3701 5437 3727 5474 a

2165 5496 2730 5571 inaiiuscriplisabest
2757 5497 2860 5571 ὅτι2
2894 5504 3099 5571 recte.“
3339 5561 3350 5571 ι
3466 5559 3505 5571 __
3685 5559 3696 5571 _

2231 5566 2340 5636 (47)
2390 5559 2810 5636 Κλαζομενίου.
2846 5565 2893 5636 ls
2921 5574 3008 5636 est
3042 5561 3422 5636 Clazomenius
3465 5559 3726 5636 Hel-moti-

2160 5629 2281 5690 mus
2316 5629 2382 5690 de
2410 5651 2517 5705 quo
2543 5629 2815 5705 L'ncianus
2843 5635 2896 5687 in
2925 5631 2982 5686 Μ
2989 5647 3128 5705 itch
3155 5631 3392 5705 eucoiuio
3433 5640 3495 5705 _et
3535 5629 3727 5705 Plinius

2160 5706 2252 5761 lib.
2284 5721 2378 5771 vn,
2419 5699 2666 5774 cap.~52.
2714 5705 2845 5760 Vide
2885 5717 3074 5773 supra,
3115 5699 3276 5768 bujus
3322 5701 3446 5756 libri
3490 5716 3635 5755 num.
3679 5699 3720 5751 ι.
