3998 6170
235 270 351 326 961
1492 270 1775 325 CONTRA
1811 269 2088 327 CELSUM
2126 270 2255 327 LIB.
2292 269 2380 325 lll.
3437 274 3551 329 962'

236 387 343 439 τοῦ
389 388 680 460 σώματος,
706 388 841 442 ἀλλὰ
869 388 1010 442 κατὰ
1038 387 1134 459 τὴν
1160 387 1400 441 δοθεῖσαν
1432 388 1581 459 αύτῷ
1614 391 1708 442 καὶ
1740 392 1845 461 περ

1973 404 2146 444 meam
2179 404 2204 443 τι
2229 403 2336 451 me,
2374 388 2466 443 sed
2494 401 2591 457 ego
2618 401 2759 457 pono
2789 386 2935 442 illam
2968 403 2994 441 a
3040 388 3264 455 meipso.
3296 387 3545 442 Potesta-

237 475 466 527 τούτου
508 475 805 546 παράδοξον
847 476 1155 546 ἐξουσίαν’)
1190 475 1270 539 τὸ,
1314 496 1330 526 ι
1372 476 1559 539 Οὐδεὶς
1590 479 1734 548 αἴρει
1765 479 1845 549 τὴι

1969 491 2073 535 tem
2109 482 2284 534 habeo
2310 481 2541 550 ponendi
2570 494 2709 543 eam,
2755 488 2808 533 et
2854 491 3179 549 potestatem
3230 480 3403 535 habeo
3438 482 3545 535 ite-

233 566 448 637 ψυχήν
503 585 603 638 μου
634 569 728 620 ἀπ’
779 568 936 638 ἐμοῦ,
983 567 1117 620 ἀλλὰ
1152 567 1261 635 ἐγὼ
1305 566 1497 638 τίθημι
1545 569 1715 640 αὐτὴν
1768 570 1845 621 ἀπ

1969 587 2089 624 rum
2122 572 2365 626 sumendi
2415 586 2532 624 eam
2564 571 2629 621 “.
2678 589 2696 622 ι
2741 572 2806 624 Et
2846 573 3097 638 quoniam
3140 586 3258 624 eam
3310 573 3542 640 ponendi

236 660 540 729 ἐμαυτοῦ.
607 660 886 725 Ἐξουσίαν
937 660 1044 730 ἔχω
1094 659 1265 713 θεῖναι
1320 660 1508 730 αὐτὴν,
1555 661 1648 712 καὶ
1705 661 1845 714 πάλιε

1968 671 2287 727 potestatem
2336 658 2545 722 habuit,
2593 660 2769 729 posuit
2801 663 3020 729 quando
3068 661 3249 713 dixit:
3291 679 3308 711 ι
3360 660 3541 727 l’ater,

237 749 527 814 ἐξουσίαν
578 750 685 821 ἔχω
730 752 914 806 λαϐεῖν
946 753 1138 823 αὐτήν.
1195 772 1213 805 ι
1268 753 1420 804 Ἐπεὶ
1465 752 1572 824 γὰρ
1618 753 1845 818 ἐξουσίαι

1968 754 2152 817 utquid
2199 753 2534 821 dereliquisti
2574 752 2697 804 me?
2725 751 2791 804 Et
2837 754 3146 807 exclamans
3178 768 3310 806 voce
3354 768 3540 822 magna

236 836 371 910 εἶχε
428 841 609 895 θεῖναι
649 844 838 915 αὐτὴν,
888 844 1047 915 ἔθηκε
1084 845 1202 915 μὲν,
1238 845 1398 914 ἡνίκα
1436 841 1573 905 εἷπε,
1606 863 1624 895 ι
1659 844 1841 916 Πάτερ

1966 844 2145 897 emisit
2181 843 2426 910 spiritum
2460 845 2539 906 6";
2580 863 2596 891 ι
2638 859 2914 911 occupans
2944 842 3252 908 carnifices,
3285 844 3374 911 qui
3418 860 3544 897 cru-

239 934 343 986 ἵνα
385 935 446 987 τί
484 953 552 1006 με
597 937 985 1005 ὲγκατέλιπεςς
1040 938 1150 990 Καὶ
1183 938 1388 1008 κράξας
1437 940 1585 1008 φωνῇ
1633 936 1838 1007 μεγάλῃ

1968 934 2249 987 cifixorum
2280 932 2447 1003 468
2480 933 2803 1002 frangebant
2850 950 3029 996 crura,
3078 944 3131 985 et
3181 935 3301 987 ideo
3330 934 3544 1003 frange-

237 1027 452 1097 ἀφῆκε
499 1029 561 1081 τὸ
595 1029 847 1099 πνεῦμαο
902 1050 920 1082 ι
962 1029 1247 1101 προλαϐὼν
1294 1033 1417 1094 τοὺς
1450 1032 1541 1083 ἐπὶ
1580 1026 1688 1082 τῶν
1738 1031 1845 1082 ἀνε-

1966 1028 2112 1087 bant,
2146 1034 2201 1075 ut
2252 1037 2319 1076 ne
2361 1024 2564 1079 diutius
2611 1030 3016 1078 cruciarentur.
3078 1024 3322 1093 Sumpsit
3359 1037 3541 1078 autem

236 1120 715 1191 σκολοπισμένων
736 1122 844 1191 (48)
877 1121 1127 1192 δημίους,
1160 1122 1561 1191 ύποτέμνοντας
1592 1121 1660 1174 τὰ
1696 1120 1845 1173 σκέλη

1965 1117 2227 1182 animam,
2254 1119 2472 1185 quando
2501 1116 2777 1186 discipulis
2806 1118 3079 1185 apparuit,
3110 1126 3167 1170 ut
3199 1134 3381 1171 coram
3413 1118 3542 1187 ipsis

234 1210 361 1264 τῶν
404 1215 852 1284 σταυρουμένων,
885 1216 978 1267 καὶ
1020 1215 1107 1268 διὰ
1151 1213 1295 1266 τοῦθ’
1329 1215 1748 1284 ύποτέμνοντας,
1776 1213 1845 1265 ἴνι

1964 1208 2288 1277 praedixerat
2316 1208 2379 1261 iis
2406 1224 2469 1261 ex
2495 1207 2714 1271 Jndtcis,
2742 1206 2833 1274 qui
2866 1208 2963 1275 ipsi
2996 1208 3222 1261 credere
3252 1208 3535 1262 nolebant:

237 1302 324 1372 μὴ
363 1304 638 1357 ἐπιπλέον
661 1306 929 1377 τιμωρίαν
952 1307 1193 1359 τίσωσιν.
1220 1305 1417 1357 Ἔλαϐε
1450 1305 1507 1358 δὲ
1538 1305 1635 1377 τὴν
1662 1306 1839 1377 ψυχὴν

1971 1324 1988 1356 ι
2028 1306 2231 1360 Solvite
2262 1303 2517 1371 templum
2544 1301 2663 1362 hoc,
2694 1307 2749 1351 et
2779 1299 2829 1351 in
2863 1297 3035 1351 tribus
3072 1298 3263 1350 diebus
3290 1298 3540 1351 excitabo

233 1395 336 1446 ὅτε
375 1396 585 1449 ἑαυτὸν
621 1398 905 1466 ἐνεφάνισε
955 1401 1066 1462 τοῖς
1119 1400 1408 1469 μαθηταῖς,
1443 1398 1721 1469 προειπὼν
1773 1401 1845 1452 ἐπ

1965 1398 2094 1451 illud
2142 1397 2205 1447 ⁵⁵.
2270 1414 2287 1445 ι
2342 1394 2492 1460 Quod
2554 1410 2572 1441 ι
2633 1389 2845 1443 dicebat
2911 1390 2978 1441 de
3033 1389 3235 1457 templo
3292 1390 3541 1458 corporis

232 1488 446 1541 αὐτῶν
485 1491 596 1553 τοῖς
639 1490 959 1543 ἀπιστοῦσιν
1006 1490 1155 1561 αὐτῷ
1203 1492 1511 1554 Ἰουδαίοις·
1570 1509 1588 1541 ι
1647 1490 1845 1544 Λύσατε

1964 1490 2046 1543 sui
2083 1488 2148 1540 ⁸⁷.
2187 1506 2205 1538 ι
2244 1486 2390 1540 idem
2421 1493 2473 1537 et
2510 1483 2785 1552 proiihetce
2828 1480 3382 1550 prmsigniflcaverant
3412 1498 3536 1536 cum

246 1575 351 1627 τὸν
416 1578 550 1633 ναὸν
608 1579 831 1642 τοῦτον,
874 1578 1026 1647 κάγὼ
1076 1580 1132 1632 ὲν
1182 1583 1356 1651 τρισὶν
1405 1583 1640 1655 ἡμέραις
1676 1586 1845 1657 ἐγερῶ

1965 1579 2147 1633 multis
2180 1577 2233 1630 in
2264 1576 2417 1637 locis,
2453 1583 2563 1627 tum
2595 1574 2863 1642 prsccipue
2891 1571 2996 1624 isto
3026 1589 3037 1623 :
3077 1588 3094 1620 ι
3136 1572 3276 1624 Caro
3304 1587 3419 1625 mea
3454 1588 3538 1625 re-

246 1665 461 1720 αύτόν.
496 1686 513 1718 ι
558 1669 665 1721 Καὶ
707 1686 727 1720 ι
766 1670 917 1737 ἔλεγε
955 1668 1112 1723 τοῦτο
1150 1673 1277 1740 περὶ
1313 1672 1405 1724 τοῦ
1446 1675 1572 1727 ναοῦ
1612 1678 1703 1729 τοῦ
1746 1678 1845 1731 σώ-

1963 1670 2203 1740 quiescet
2248 1668 2301 1720 in
2346 1682 2472 1734 spe;
2500 1668 2755 1734 quoniam
2791 1678 2896 1717 non
2924 1662 3269 1729 derelinques
3299 1662 3535 1716 animam

254 1774 454 1825 ματος
491 1758 684 1823 αὑτοῦ,
736 1779 752 1811 ι
785 1761 876 1813 καὶ
914 1760 1021 1813 τῶν
1059 1762 1355 1832 προφητῶν
1393 1767 1845 1837 προκηρυξάντων

1968 1774 2140 1812 meam
2186 1756 2238 1810 in
2273 1755 2505 1817 inferno,
2542 1769 2639 1809 nec
2671 1752 2827 1808 dabis
2860 1762 3110 1807 sanctum
3158 1762 3307 1805 tuum
3355 1753 3539 1806 videre

235 1844 306 1896 τὸ
338 1847 570 1902 τοιοῦτο
602 1848 690 1902 διά
717 1848 976 1905 πλειόνων
997 1868 1009 1880 ·
1046 1853 1141 1905 καὶ
1166 1854 1252 1907 διὰ
1286 1854 1401 1917 τοῦ,
1439 1873 1457 1904 ι
1506 1855 1628 1907 Ἔτι
1661 1854 1717 1907 δὲ
1763 1856 1845 1909 καλ

1965 1852 2367 1918 corruptionem
2399 1847 2462 1899 ⁸⁸.
2500 1864 2520 1897 ›

240 1942 279 2012 ὴ
314 1940 472 2012 σάρξ
507 1959 606 2012 μου
641 1942 1058 2013 κατασκηνώσει
1117 1947 1201 1997 ἐπ’
1228 1947 1435 2001 ἐλπίδι·
1466 1949 1547 2001 ὅτι
1585 1949 1683 2001 οὐκ
1727 1943 2140 2015 ἐγκαταλείψεις
2183 1940 2280 2011 τὴν
2310 1940 2489 2011 ψυχήν
2538 1954 2638 2008 μου
2675 1939 2754 2001 εἰς
2800 1938 2890 1991 τὸν
2950 1937 3081 2009 ᾅδην
3111 1978 3126 2004 ,
3170 1938 3292 1992 οὐδὲ
3346 1938 3536 2002 δώσεις

238 2035 343 2087 τὸν
381 2034 538 2087 ὅσιόν
571 2051 662 2087 σου
693 2037 1164 2108 ίδεῖνιδιαφθοράν.
1215 2057 1233 2088 ι

327 2125 551 2192 Ἐδειξε
586 2126 629 2179 δ’
662 2129 690 2180 ὁ
722 2127 947 2193 Κέλσος,
981 2129 1062 2182 ὅτι
1093 2129 1345 2193 πλείονας
1370 2131 1580 2199 ἀνέγνω
1611 2131 1851 2203 ἱστορίας

255 2219 619 2289 Ἑλληνικὰς,
655 2219 1033 2291 παραθέμενος
1061 2222 1155 2275 καὶ
1185 2222 1253 2275 τά
1281 2222 1407 2292 περὶ
1440 2222 1532 2275 τοῦ
1582 2224 1854 2277 Ἀστυπα-

243 2311 467 2373 λαιέως
510 2311 895 2383 Κλεομήδους·
953 2335 971 2368 ι
1032 2323 1091 2375 ὃν
1170 2319 1443 2389 ίστρησεν,
1495 2316 1575 2376 εἰς
1620 2315 1850 2369 κιϐωτὸν

243 2402 594 2467 καταδύντα,
640 2404 735 2456 καί¹
782 2403 992 2457 ἔνδοθεν
1037 2404 1207 2476 αὐτῆς
1256 2405 1588 2476 εἰλημμένον
1634 2406 1709 2477 μὴ
1764 2408 1852 2459 εύ-

253 2495 475 2564 ρῆσθαι
523 2495 672 2547 ἔνδον
697 2511 710 2524 ·
749 2495 862 2548 ἀλλ’
897 2496 1077 2548 ἔκτοθι
1118 2496 1369 2566 δαιμονίᾳ
1399 2496 1506 2549 τινὶ
1546 2497 1710 2566 μοίρᾳ
1740 2496 1855 2549 δια-

247 2586 490 2655 πτῆναι,
522 2585 683 2655 ἡνίκα
715 2586 856 2657 ὑπὲρ
882 2586 976 2638 τοῦ
1009 2586 1170 2639 αὑτὸν
1192 2586 1472 2639 συλλαϐεῖν
1496 2586 1752 2656 διέκοψαν
1773 2605 1855 2640 τι-

244 2692 350 2738 νες
385 2676 487 2745 τὴν
512 2676 763 2730 κιϐωτόν.
806 2696 825 2729 ι
863 2677 970 2729 Καὶ
994 2677 1153 2730 τοῦτο
1182 2678 1238 2730 δὲ
1273 2679 1320 2730 εί
1357 2678 1454 2748 μὲν
1488 2677 1597 2749 (49)
1629 2678 1851 2749 πλάσμα

244 2768 437 2830 ἐστὶν,
472 2766 660 2837 ὥσπερ
685 2767 856 2820 ἔοικεν
885 2763 1024 2821 εἶναι
1064 2767 1309 2838 πλάσμα,
1340 2768 1401 2820 οὑ
1443 2768 1850 2839 παραϐάλλεται

242 2860 374 2921 τοῖς
414 2858 541 2929 περὶ
575 2857 667 2913 τοῦ
725 2859 918 2929 Ἰησοῦ.
960 2859 1113 2912 Ἐπεί
1164 2876 1267 2931 περ
1296 2860 1521 2913 ἐκείνων
1565 2861 1664 2931 μὲν
1698 2861 1848 2914 οὐδὲν

2031 2124 2116 2179 55.
2162 2120 2287 2174 Haec
2314 2118 2505 2172 Celsus
2534 2116 2601 2171 de
2625 2116 3012 2186 Astypalzeensi
3054 2117 3340 2173 Cleomede
3381 2120 3536 2175 addi-

1961 2218 2060 2281 dit,
2101 2222 2161 2267 ut
2208 2212 2473 2266 sciremus
2500 2208 2695 2261 multas
2723 2208 2824 2261 sibi
2860 2208 3027 2262 lectas
3057 2209 3223 2264 fuisse
3251 2208 3532 2277 Graecani-

1960 2322 2051 2359 cas
2080 2301 2358 2359 historias.
2397 2317 2417 2350 ι
2452 2299 2522 2363 Is,
2552 2306 2610 2351 ut
2644 2298 2834 2363 refert,
2862 2315 2984 2353 cum
3016 2300 3068 2353 in
3100 2316 3283 2355 arcam
3319 2302 3531 2373 ingres-

1960 2411 2051 2452 sus
2072 2403 2234 2460 esset,
2260 2402 2314 2446 et
2340 2392 2483 2445 intus
2511 2404 2631 2443 eam
2665 2389 2899 2443 clausam
2926 2400 3152 2455 teneret,
3180 2391 3322 2445 intus
3351 2401 3531 2447 tamen

1961 2490 2214 2543 inventus
2245 2499 2351 2538 non
2390 2491 2506 2546 est;
2542 2481 2633 2535 sed
2669 2480 2919 2535 evolasse
2944 2482 3129 2535 divino
3156 2482 3387 2551 quodam
3415 2483 3533 2537 fato

1960 2556 2453 2649 deprehenderunt,
2483 2573 2574 2643 qui
2624 2571 2769 2626 illius
2819 2574 3317 2642 comprehendendi
3365 2589 3528 2629 causa

1959 2687 2145 2726 arcam
2174 2667 2457 2737 eﬂ‘regere.
2503 2684 2521 2716 ι
2560 2664 2674 2718 lloc
2719 2664 2819 2719 etsi
2869 2666 3025 2718 nobis
3077 2664 3387 2734 figmentum
3420 2681 3529 2720 non

1957 2770 2123 2827 esset,
2152 2769 2213 2815 ut
2254 2772 2375 2815 esse
2418 2757 2727 2827 (lginentum
2761 2756 2998 2819 videtur,
3032 2764 3211 2810 tamen
3243 2772 3366 2810 cum
3397 2755 3526 2810 Jesu

1959 2856 2122 2910 rebus
2150 2850 2454 2921 comparari
2491 2864 2595 2902 non
2627 2848 2805 2903 debet.
2843 2847 2975 2901 Nam
3023 2849 3076 2901 in
3123 2848 3314 2902 horum
3360 2848 3531 2902 homi-

243 2945 359 3015 τῆς
391 2945 780 3017 ἱστορουμένης
824 2944 1097 3016 θειότητος
1129 2947 1185 2998 ὲν
1223 2946 1301 3017 τῷ
1348 2947 1448 3017 βίῳ
1493 2948 1601 3002 τῶν
1643 2948 1845 3021 ἀνθρώ.

1962 2960 2088 2999 num
2124 2945 2234 2997 vita
2271 2941 2475 2995 nullum
2508 2939 2615 2993 illis
2645 2939 2921 2992 attributae
2964 2939 3264 2992 divinitatis
3311 2941 3529 3009 signum

246 3055 381 3091 πων
414 3037 695 3109 -σύμϐολον
745 3038 1092 3109 εὑρίσκεται·
1150 3037 1243 3092 τοῦ
1292 3038 1350 3091 δὲ
1418 3039 1590 3111 Ἰησοῦ
1637 3042 1693 3093 αῖ
1740 3040 1848 3094 τῶν

246 3130 650 3201 ὠφελουμένων
705 3132 1015 3203 ἐκκλησίαι,
1062 3132 1157 3185 καὶ
1200 3134 1255 3184 αί
1302 3134 1429 3203 περὶ
1465 3133 1629 3186 αὐτοῦ
1660 3133 1845 3203 λελεγ-

254 3223 423 3292 μέναι
453 3227 797 3293 προφητεῖαι,
838 3225 933 3278 καὶ
968 3226 1023 3277 αἱ
1055 3226 1113 3276 ἐν
1158 3225 1385 3295 ὀνόματι
1415 3227 1581 3279 αὑτοῦ
1628 3229 1850 3299 γινόμε-

249 3331 350 3367 ναι
381 3314 685 3385 θεραπεῖαι,
718 3315 813 3368 καὶ
844 3315 877 3386 ἡ
910 3317 1032 3369 κατ’
1074 3316 1236 3369 αὑτὸν
1290 3317 1427 3386 μετὰ
1469 3321 1660 3387 σοφίας
1705 3318 1846 3387 γνῶ-

251 3421 367 3467 σις,
411 3403 505 3456 καὶ
548 3405 574 3454 ό
602 3403 758 3471 λόγος
797 3404 1186 3475 εὑρισκόμενος
1229 3404 1381 3476 παρὰ
1412 3409 1525 3469 τοῖς
1558 3405 1847 3476 φροντίσα-

252 3493 634 3565 σινσάναϐἧναι
664 3495 761 3565 μὲν
792 3495 902 3548 άπὸ
930 3496 1030 3566 τῆς
1060 3495 1223 3566 ψιλῆς
1262 3496 1517 3561 πίστεως,
1554 3497 1845 3567 ἐρευνῆσαι

248 3588 308 3639 δὲ
362 3586 457 3639 τὸν
488 3589 546 3639 ἐν
572 3588 690 3649 ταῖς
724 3586 898 3649 θείαις
938 3588 1183 3659 Γραφαῖς
1234 3587 1357 3642 νοῦν
1413 3589 1553 3642 κατὰ
1599 3589 1698 3653 τὰς
1752 3589 1844 3642 τοῦ

264 3676 445 3747 Ἰησοῦ
490 3676 790 3747 ὑποθήκας,
825 3677 1101 3741 εἰπόντος⁸
1165 3697 1183 3729 ι
1251 3681 1537 3749 Ἐρευνᾶτε
1578 3679 1676 3742 τὰς
1707 3681 1846 3751 Γρα-

250 3769 363 3839 φάς
386 3785 398 3797 ·
443 3788 461 3821 ι
502 3769 595 3822 καὶ
625 3768 767 3821 κατὰ
794 3768 854 3821 τὸ
898 3768 1145 3840 βούλημα
1173 3768 1268 3822 τοῦ
1293 3770 1602 3835 διδάξαντος
1629 3772 1844 3824 Παύλου

248 3862 367 3914 δεῖν
397 3861 591 3914 εἰδέναι
623 3862 769 3931 ἡμᾶς
811 3862 1025 3932 ἑκάστῳ
1072 3862 1215 3915 κατὰ
1277 3863 1338 3915 τὸ
1384 3863 1502 3916 δέον
1545 3865 1845 3937 ἀποκρίνα-

252 3954 387 4007 σθαι
419 3971 430 3983 ·
479 3954 616 4007 ἀλλὰ
646 3956 742 4008 καὶ
774 3955 867 4007 τοῦ
907 3957 1181 4019 εἰπόντος·
1219 3975 1237 4006 ι
1275 3958 1522 4027 ’Έτοιμοι
1575 3958 1660 4010 ἀεὶ
1712 3957 1845 4028 πρὸς

250 4046 557 4114 ἀπολογίαν
592 4046 753 4100 παντὶ
788 4044 866 4116 τῷ
906 4045 1144 4099 αἰτοῦντι
1188 4048 1333 4117 ὑμᾶς
1379 4048 1534 4117 λόγον
1578 4050 1704 4121 περὶ
1745 4051 1845 4121 τῆς

249 4140 309 4191 ἐν
338 4140 470 4209 ὑμῖν
498 4139 753 4201 πίστεως.
795 4160 813 4191 ι
851 4140 915 4191 El
956 4140 1014 4192 δὲ
1051 4138 1297 4210 βούλεται
1350 4141 1510 4205 αὐτὸς
1550 4146 1845 4212 συγχωρεῖ-

253 4225 381 4278 σθαι
410 4226 483 4296 μὴ
505 4222 643 4279 εἶναι
686 4226 931 4297 πλάσμα,
960 4225 1186 4295 λεγέτω,
1221 4228 1272 4280 τί
1305 4228 1600 4301 βουλομένη
1640 4234 1672 4301 ἡ
1704 4232 1843 4304 ὑπὲρ

251 4317 549 4387 ἄνθρωπον
581 4318 692 4389 (50)
724 4318 954 4388 δύναμις
981 4319 1281 4388 πεποίηκεν
1316 4320 1496 4374 ἔκτοθι
1539 4322 1635 4391 τῆς
1678 4321 1843 4375 κιϐω-

251 4409 351 4462 τοῦ
393 4409 643 4480 δαιμονία
672 4410 777 4462 τινὶ
807 4410 971 4481 μοίρᾳ
994 4410 1284 4480 διαπτῆναι
1312 4427 1325 4476 ;
1356 4412 1418 4464 El
1446 4412 1543 4482 μὲν
1572 4412 1680 4482 γάρ
1703 4412 1845 4478 ἀξιό-

254 4499 413 4567 λογόν
458 4518 509 4553 τι
562 4502 937 4572 παραστήσει,
984 4502 1079 4555 καὶ
1129 4501 1374 4572 βούλημα
1417 4502 1554 4555 Θεοῦ
1591 4502 1737 4567 ἄξιον
1784 4503 1846 4556 τὸ

254 4590 639 4663 δωρησάμενον
686 4592 746 4645 τὸ
788 4592 1029 4645 τοιοῦτον
1075 4592 1154 4663 τῷ
1194 4593 1519 4666 Κλεομήδει,
1554 4595 1845 4667 κρινοῦμεν

254 4681 307 4732 τί
346 4683 449 4753 χρὴ
500 4683 677 4751 λέγειν
726 4683 862 4754 πρὸς
898 4684 1093 4737 αὐτόν’
1127 4687 1175 4737 εἰ
1222 4685 1267 4737 δ’
1300 4688 1567 4758 ἀπορήσει
1614 4688 1717 4742 κᾶν
1763 4706 1846 4742 πι-

258 4771 421 4824 θανόν
446 4790 497 4824 τι
524 4776 603 4835 είς
629 4775 721 4828 τὸν
745 4774 908 4827 τόπον
930 4775 1582 4849 λέγειν,δηλονότι(51)τὸ
1603 4780 1725 4833 ὅσον
1744 4780 1835 4833 ἐπὶ

255 4859 337 4931 τῷ
370 4864 443 4933 μὴ
473 4865 819 4935 εὑρίσκεσθαι
844 4869 1022 4936 λόγον,
1057 4870 1174 4940 ἤτοι
1200 4870 1561 4941 διαϐαλοῦμεν
1586 4876 1698 4937 τοῖς
1739 4874 1836 4925 αύ-

254 4950 355 5024 τὴν
386 4953 460 5023 μὴ
487 4956 967 5027 παραδεξαμένοις,
1001 4960 1094 5012 καὶ
1130 4961 1495 5032 ἐγκαλέσομεν
1526 4966 1590 5034 τῇ
1630 4965 1836 5036 ἱστορίᾳ

254 5043 332 5107 ὡς
357 5046 457 5099 οὐκ
482 5046 688 5117 ἀληθεῖ,
720 5050 751 5118 ἧ
785 5049 1058 5120 δαιμόνιόν
1088 5070 1141 5105 τι
1183 5057 1428 5125 φήσομεν
1458 5056 1835 5127 παραπλήσιον

333 5253 378 5284 ⁸⁸
406 5251 564 5305 Joan.
595 5266 647 5310 κ.
686 5250 769 5303 18.

259 5338 314 5388 v,
347 5324 441 5377 59.

878 5253 921 5283 ⁸³
982 5254 1169 5307 Matth.
1204 5272 1375 5316 xxv”,
1407 5256 1475 5309 46
1500 5297 1513 5313 .
1560 5257 1649 5311 50.

522 5322 589 5351 ⁸³·
625 5320 832 5374 Coloss.
863 5339 936 5381 Iv.
969 5325 1021 5376 6.
1098 5325 1142 5354 ⁷⁰
1175 5326 1188 5379 Ι
1220 5328 1335 5380 Pet.
1370 5342 1426 5380 ιιι
1455 5327 1586 5391 ,15.

333 5502 441 5570 (48)
496 5501 1165 5573 Ἇνεσκολοπισμένωνη
1206 5502 1301 5573 Sie
1340 5502 1497 5573 codd.
1536 5501 1742 5573 Regius
1778 5509 1829 5555 et

265 5569 611 5636 Basileensis,
634 5574 771 5625 alias
800 5587 928 5626 vero
951 5569 1546 5640 ἁνασκολοπιζομένων.

334 5643 446 5711 (49)
489 5641 828 5697 Hmscbelius
864 5642 914 5694 in
955 5652 1100 5697 textu
1134 5652 1189 5695 et
1218 5658 1412 5695 omnes
1441 5658 1593 5703 mss.,
1625 5643 1673 5693 εἰ
1709 5642 1825 5709 μέν,

267 5712 566 5781 Spcncerus
606 5722 785 5768 autem
826 5713 977 5783 ἡμῖν,
1013 5712 1171 5767 male.
1200 5711 1364 5782 Lego,
1393 5712 1439 5763 εἰ
1473 5712 1547 5783 μὴ
1580 5711 1825 5783 πλάσμα.

1752 5258 1797 5289 ⁵⁸
1824 5256 1983 5313 Joan.
2017 5276 2077 5324 ιι,
2111 5260 2199 5316 19.

1956 3037 2249 3091 invenitur.
2278 3032 2461 3089 Iesum
2498 3039 2676 3086 autem
2708 3032 2872 3085 Deum
2902 3045 3020 3085 esse
3057 3031 3207 3101 signa
3244 3042 3390 3098 sunt,
3420 3047 3529 3087 coe-

1954 3137 2039 3183 tus
2076 3128 2354 3181 hominum
2380 3124 2578 3194 quibus
2610 3123 2838 3191 profuit,
2862 3123 3115 3176 vaticinia
3147 3123 3213 3177 de
3241 3125 3330 3177 illo
3359 3124 3525 3190 edita,

1950 3220 2259 3275 sanatioues
2309 3219 2361 3271 in
2405 3219 2549 3273 illius
2605 3216 2826 3273 nomine
2878 3213 3051 3278 factae,
3105 3215 3366 3282 sapientis
3410 3214 3529 3285 ejus

1950 3312 2211 3365 doctrinae
2244 3311 2505 3380 cognitio,
2553 3311 2692 3365 ratio
2724 3309 3127 3379 mysteriorum,
3165 3322 3325 3379 quam
3374 3308 3529 3363 inve-

1950 3404 2104 3457 niunt
2133 3404 2190 3470 ii,
2234 3404 2324 3472 qui
2374 3404 2607 3473 simplici
2661 3404 2765 3458 fide
2798 3418 2902 3456 non
2935 3404 3170 3457 contenti
3200 3401 3515 3471 Scriptura—

1952 3510 2068 3548 rum
2116 3511 2336 3549 sensum
2378 3495 2613 3550 scrutari
2663 3496 2902 3550 student.
2936 3493 2992 3547 id
3044 3494 3183 3561 quod
3218 3492 3376 3546 Jesus
3408 3492 3525 3560 ipse

1947 3588 2228 3657 praecipit:
2263 3586 2650 3649 «Scrutamini,
2698 3586 2893 3653 inquit,
2928 3584 3242 3652 Scripturas
3270 3583 3348 3647 ⁶⁹;
3401 3601 3422 3634 ι
3469 3592 3525 3637 et

1947 3682 2147 3737 Paulus
2169 3681 2303 3746 vult,
2332 3681 2601 3750 siquidem
2627 3681 2803 3744 docet,
2833 3686 3083 3747 Oportere
3112 3691 3208 3729 nos
3224 3676 3367 3729 scire
3383 3691 3521 3745 quo-

1951 3773 2110 3827 modo
2158 3773 2450 3842 unicuique
2496 3769 3020 3841 respondeamus”.
3054 3769 3521 3835 Quemadmodum

1948 3872 2002 3917 et
2048 3863 2140 3929 qui
2196 3863 2373 3917 dicit:
2410 3882 2428 3914 ι
2482 3862 2662 3917 Parati
2712 3877 2927 3930 semper
2979 3862 3045 3916 ad
3094 3860 3522 3914 satisfactionem

1947 3957 2092 4009 omni
2128 3956 2371 4024 poscenti
2404 3970 2499 4009 vos
2533 3954 2800 4009 rationem
2834 3955 2898 4008 de
2934 3967 2997 4007 ea
3031 3969 3153 4022 quae
3179 3953 3230 4005 in
3262 3951 3409 4005 vobis
3438 3962 3523 4006 est

1951 4048 2053 4101 fide
2082 4048 2149 4101 "°.
2184 4066 2202 4100 ι
2231 4047 2385 4115 Quod
2414 4049 2458 4102 si
2489 4048 2588 4102 sibi
2614 4046 2839 4102 concedi
2873 4046 3111 4115 postulat
3140 4046 3240 4099 hoc
3268 4060 3371 4098 non
3395 4058 3522 4097 esse

1948 4139 2222 4205 fabulam,
2260 4140 2407 4194 dicat
2429 4155 2534 4208 qua
2568 4148 2745 4193 mente
2770 4139 2903 4201 lucc,
2938 4152 3058 4206 quae
3087 4150 3248 4205 supra
3277 4135 3523 4188 homines

1948 4242 2053 4297 est,
2098 4241 2336 4299 potestas
2369 4233 2622 4295 voluerit,
2672 4242 2728 4285 ut
2777 4232 2963 4286 divino
3009 4231 3241 4299 quodam
3289 4228 3402 4280 fato
3452 4240 3519 4279 ex

1947 4340 2069 4378 arca
2106 4324 2251 4378 foras
2282 4323 2544 4379 cvolaret.
2582 4324 2637 4377 Si
2661 4324 2788 4386 quid
2813 4324 2955 4376 enim
2990 4322 3222 4390 alicujus
3263 4321 3517 4373 momenti

1946 4420 2275 4489 dignumque
2312 4417 2420 4472 Deo
2474 4419 2527 4470 in
2578 4416 2906 4469 conferendo
2952 4414 3045 4469 illo
3090 4413 3360 4469 Cleomedi
3395 4428 3520 4465 mu-

1943 4524 2073 4564 nere
2106 4508 2389 4563 consilium
2421 4508 2684 4573 attnlerit,
2712 4507 3015 4561 videbimus
3059 4506 3188 4575 quid
3233 4503 3307 4556 illi
3353 4517 3521 4568 oppo-

1943 4601 2177 4656 nendum
2208 4602 2313 4655 erit
2343 4618 2355 4653 :
2386 4602 2467 4655 sin
2500 4607 2680 4654 autem
2711 4600 2844 4653 nihil
2873 4600 3070 4653 habeat
3100 4597 3183 4650 vel
3212 4594 3516 4666 probabile,

1944 4694 2087 4762 quod
2120 4694 2223 4748 hoc
2252 4692 2373 4747 loco
2418 4693 2584 4759 dicat,
2616 4693 2717 4747 hoc
2768 4692 2885 4761 ipso
2925 4689 3068 4761 quod
3101 4688 3299 4742 nullam
3354 4687 3520 4739 ratio-

1944 4801 2068 4841 nem
2122 4786 2365 4858 reperire
2412 4795 2608 4856 potest,
2650 4785 2933 4840 historiam
2991 4784 3141 4837 illam
3190 4794 3373 4835 coram
3428 4780 3517 4842 iis,

1942 4879 2035 4949 qui
2066 4893 2187 4933 eam
2238 4880 2475 4934 nondum
2524 4888 2868 4950 receperunt,
2899 4876 3331 4947 vituperabimus
3363 4882 3420 4927 et
3460 4880 3519 4925 ut

1944 4974 2136 5027 falsam
2169 4973 2591 5042 redarguemus;
2627 4982 2720 5025 aut
2747 4971 2957 5024 dicetur
3000 4966 3322 5021 daemonium
3353 4963 3522 5032 quod-

1947 5067 2069 5119 dam
2099 5065 2337 5134 magicas
2373 5074 2519 5119 artes
2556 5064 2841 5126 imitatum,
2891 5060 3064 5117 oculis
3102 5059 3281 5113 fucum
3325 5054 3520 5110 fecisse

2302 5263 2344 5293 ⁸⁷
2381 5261 2548 5327 lbid.,
2578 5262 2667 5317 21.
2746 5262 2790 5294 ⁸⁸
2819 5261 2961 5316 Psal.
2994 5277 3082 5323 xv,
3121 5259 3175 5314 9.
3278 5256 3322 5288 ⁶⁹
3352 5254 3513 5309 «Ιοεὶιιι

2010 5502 2122 5573 (50)
2152 5503 2488 5557 llmschelins
2510 5513 2564 5558 ct
2595 5503 2919 5572 Spencerus,
2953 5505 2984 5573 ή
3019 5501 3160 5572 ὑπὲρ
3190 5498 3514 5573 ἀνθρώπων.

1940 5572 2149 5645 Μδεξέή
2180 5574 2321 5643 ὑπὲρ
2345 5574 2652 5645 ἄνθρωπον,
2686 5575 2904 5645 rectius.

2010 5639 2466 5711 (51)’Δη.1ὸνότιζ
2503 5642 2576 5695 ita
2617 5644 2785 5697 codex
2832 5639 3194 5705 Basilecnsis;
3229 5640 3362 5695 alias
3389 5656 3515 5698 vero

1940 5713 2096 5782 δῆλον
2130 5714 2232 5779 ότι,
2263 5713 2444 5766 minus
2475 5713 2633 5766 bene.
