  <div class='ocr_page' id='page_1' title='image "/cluster/home/n/w/nwhite01/storage/ocr_20150623/11/mdp.39015013266690/495.png"; bbox 0 0 3998 6170; ppageno 0'>
   <div class='ocr_carea' id='block_1_1' title="bbox 460 233 566 290">
    <p class='ocr_par' dir='ltr' id='par_1_1' title="bbox 460 233 566 290">
     <span class='ocr_line' id='line_1_1' title="bbox 460 233 566 290; baseline -0.038 0"><span class='ocrx_word' id='word_1_1' title='bbox 460 233 566 290; x_wconf 80' lang='grc'><strong>965</strong></span> 
     </span>
    </p>
   </div>
   <div class='ocr_carea' id='block_1_2' title="bbox 1909 225 2225 281">
    <p class='ocr_par' dir='ltr' id='par_1_2' title="bbox 1909 225 2225 281">
     <span class='ocr_line' id='line_1_2' title="bbox 1909 225 2225 281; baseline -0.003 0"><span class='ocrx_word' id='word_1_2' title='bbox 1909 225 2225 281; x_wconf 72' lang='lat' dir='ltr'><strong>ORIGENIS</strong></span> 
     </span>
    </p>
   </div>
   <div class='ocr_carea' id='block_1_3' title="bbox 3623 218 3744 272">
    <p class='ocr_par' dir='ltr' id='par_1_3' title="bbox 3623 218 3744 272">
     <span class='ocr_line' id='line_1_3' title="bbox 3623 218 3744 272; baseline 0.008 -1"><span class='ocrx_word' id='word_1_3' title='bbox 3623 218 3744 272; x_wconf 66' lang='lat'><strong>964</strong></span> 
     </span>
    </p>
   </div>
   <div class='ocr_carea' id='block_1_4' title="bbox 460 333 2050 416">
    <p class='ocr_par' dir='ltr' id='par_1_4' title="bbox 460 339 2033 416">
     <span class='ocr_line' id='line_1_4' title="bbox 460 339 2033 416; baseline -0.003 -17"><span class='ocrx_word' id='word_1_4' title='bbox 460 360 588 416; x_wconf 82' lang='lat' dir='ltr'><strong>erga</strong></span> <span class='ocrx_word' id='word_1_5' title='bbox 632 344 780 399; x_wconf 89' lang='lat' dir='ltr'><strong>illum</strong></span> <span class='ocrx_word' id='word_1_6' title='bbox 811 343 1270 416; x_wconf 66' lang='lat' dir='ltr'><strong>Astypalmensem</strong></span> <span class='ocrx_word' id='word_1_7' title='bbox 1303 360 1316 397; x_wconf 90' lang='lat'><strong>:</strong></span> <span class='ocrx_word' id='word_1_8' title='bbox 1349 340 1561 396; x_wconf 97' lang='lat' dir='ltr'><strong>tametsi</strong></span> <span class='ocrx_word' id='word_1_9' title='bbox 1597 339 1786 396; x_wconf 83' lang='lat' dir='ltr'><strong>Celsus</strong></span> <span class='ocrx_word' id='word_1_10' title='bbox 1816 340 2033 394; x_wconf 86' lang='lat' dir='ltr'><strong>videtur</strong></span> 
     </span>
    </p>
   </div>
   <div class='ocr_carea' id='block_1_5' title="bbox 2155 333 3743 416">
    <p class='ocr_par' dir='ltr' id='par_1_5' title="bbox 2155 333 3743 409">
     <span class='ocr_line' id='line_1_5' title="bbox 2155 333 3743 409; baseline -0.004 -19"><span class='ocrx_word' id='word_1_11' title='bbox 2155 342 2244 403; x_wconf 74' lang='lat' dir='ltr'><strong>rei;</strong></span> <span class='ocrx_word' id='word_1_12' title='bbox 2293 338 2753 409; x_wconf 82' lang='grc' dir='ltr'><strong>ἐπιδεικνυμένοις</strong></span> <span class='ocrx_word' id='word_1_13' title='bbox 2796 337 2986 408; x_wconf 89' lang='grc' dir='ltr'>γόησιν</span> <span class='ocrx_word' id='word_1_14' title='bbox 3040 337 3224 406; x_wconf 77' lang='grc' dir='ltr'>ἀπάτῃ</span> <span class='ocrx_word' id='word_1_15' title='bbox 3265 333 3377 405; x_wconf 73' lang='grc'>(52)</span> <span class='ocrx_word' id='word_1_16' title='bbox 3428 333 3743 403; x_wconf 73' lang='grc' dir='ltr'>ὀφθαλμῶν</span> 
     </span>
    </p>
   </div>
   <div class='ocr_carea' id='block_1_6' title="bbox 462 432 2032 504">
    <p class='ocr_par' dir='ltr' id='par_1_6' title="bbox 462 432 2032 504">
     <span class='ocr_line' id='line_1_6' title="bbox 462 432 2032 504; baseline -0.003 -13"><span class='ocrx_word' id='word_1_17' title='bbox 462 436 569 491; x_wconf 83' lang='lat' dir='ltr'><strong>sibi</strong></span> <span class='ocrx_word' id='word_1_18' title='bbox 617 445 875 504; x_wconf 89' lang='lat' dir='ltr'><strong>tanquam</strong></span> <span class='ocrx_word' id='word_1_19' title='bbox 905 453 936 488; x_wconf 90' lang='lat' dir='ltr'><strong>e</strong></span> <span class='ocrx_word' id='word_1_20' title='bbox 982 433 1186 504; x_wconf 92' lang='lat' dir='ltr'><strong>tripode</strong></span> <span class='ocrx_word' id='word_1_21' title='bbox 1217 433 1618 501; x_wconf 82' lang='lat' dir='ltr'><strong>pronuntiasse,</strong></span> <span class='ocrx_word' id='word_1_22' title='bbox 1653 433 1798 486; x_wconf 90' lang='lat' dir='ltr'><strong>illum</strong></span> <span class='ocrx_word' id='word_1_23' title='bbox 1851 432 2032 486; x_wconf 88' lang='lat' dir='ltr'><strong>divino</strong></span> 
     </span>
    </p>
   </div>
   <div class='ocr_carea' id='block_1_7' title="bbox 465 523 1547 596">
    <p class='ocr_par' dir='ltr' id='par_1_7' title="bbox 465 523 1547 596">
     <span class='ocr_line' id='line_1_7' title="bbox 465 523 1547 596; baseline -0.004 -17"><span class='ocrx_word' id='word_1_24' title='bbox 465 525 696 596; x_wconf 84' lang='lat' dir='ltr'><strong>quodam</strong></span> <span class='ocrx_word' id='word_1_25' title='bbox 727 525 838 580; x_wconf 90' lang='lat' dir='ltr'><strong>fato</strong></span> <span class='ocrx_word' id='word_1_26' title='bbox 865 527 1109 580; x_wconf 86' lang='lat' dir='ltr'><strong>evolasse</strong></span> <span class='ocrx_word' id='word_1_27' title='bbox 1139 523 1282 577; x_wconf 90' lang='lat' dir='ltr'><strong>foras</strong></span> <span class='ocrx_word' id='word_1_28' title='bbox 1305 538 1372 578; x_wconf 79' lang='lat' dir='ltr'><strong>ex</strong></span> <span class='ocrx_word' id='word_1_29' title='bbox 1401 538 1547 578; x_wconf 91' lang='lat' dir='ltr'><strong>arca.</strong></span> 
     </span>
    </p>
   </div>
   <div class='ocr_carea' id='block_1_8' title="bbox 533 693 2036 766">
    <p class='ocr_par' dir='ltr' id='par_1_8' title="bbox 533 693 2036 766">
     <span class='ocr_line' id='line_1_8' title="bbox 533 693 2036 766; baseline -0.004 -14"><span class='ocrx_word' id='word_1_30' title='bbox 533 700 620 752; x_wconf 64' lang='grc'><strong>34.</strong></span> <span class='ocrx_word' id='word_1_31' title='bbox 687 697 864 753; x_wconf 83' lang='lat' dir='ltr'><strong>Credo</strong></span> <span class='ocrx_word' id='word_1_32' title='bbox 919 697 1173 766; x_wconf 80' lang='lat' dir='ltr'><strong>equidem</strong></span> <span class='ocrx_word' id='word_1_33' title='bbox 1245 695 1392 752; x_wconf 91' lang='lat' dir='ltr'><strong>solos</strong></span> <span class='ocrx_word' id='word_1_34' title='bbox 1459 695 1578 750; x_wconf 92' lang='lat' dir='ltr'><strong>illos</strong></span> <span class='ocrx_word' id='word_1_35' title='bbox 1647 694 1816 748; x_wconf 86' lang='lat' dir='ltr'><strong>fuisse</strong></span> <span class='ocrx_word' id='word_1_36' title='bbox 1879 693 2036 747; x_wconf 83' lang='lat' dir='ltr'><strong>Celso</strong></span> 
     </span>
    </p>
   </div>
   <div class='ocr_carea' id='block_1_9' title="bbox 464 784 2036 859">
    <p class='ocr_par' dir='ltr' id='par_1_9' title="bbox 464 784 2036 859">
     <span class='ocr_line' id='line_1_9' title="bbox 464 784 2036 859; baseline -0.003 -18"><span class='ocrx_word' id='word_1_37' title='bbox 464 788 630 859; x_wconf 71' lang='grc'><strong>469</strong></span> <span class='ocrx_word' id='word_1_38' title='bbox 658 785 924 856; x_wconf 82' lang='lat' dir='ltr'><strong>cognitos,</strong></span> <span class='ocrx_word' id='word_1_39' title='bbox 960 802 1060 841; x_wconf 91' lang='lat' dir='ltr'><strong>nec</strong></span> <span class='ocrx_word' id='word_1_40' title='bbox 1085 785 1289 841; x_wconf 84' lang='lat' dir='ltr'><strong>dixisse</strong></span> <span class='ocrx_word' id='word_1_41' title='bbox 1323 803 1341 836; x_wconf 79' lang='grc' dir='ltr'><strong>ι</strong></span> <span class='ocrx_word' id='word_1_42' title='bbox 1380 785 1517 838; x_wconf 90' lang='lat' dir='ltr'><strong>alios</strong></span> <span class='ocrx_word' id='word_1_43' title='bbox 1557 784 1864 854; x_wconf 71' lang='lat' dir='ltr'><strong>huiusmodi</strong></span> <span class='ocrx_word' id='word_1_44' title='bbox 1907 797 2036 837; x_wconf 89' lang='lat' dir='ltr'><strong>eos-</strong></span> 
     </span>
    </p>
   </div>
   <div class='ocr_carea' id='block_1_10' title="bbox 434 874 2036 947">
    <p class='ocr_par' dir='ltr' id='par_1_10' title="bbox 434 874 2036 947">
     <span class='ocr_line' id='line_1_10' title="bbox 434 874 2036 947; baseline -0.004 -15"><span class='ocrx_word' id='word_1_45' title='bbox 434 896 571 946; x_wconf 71' lang='lat' dir='ltr'><strong>que</strong></span> <span class='ocrx_word' id='word_1_46' title='bbox 601 879 799 932; x_wconf 84' lang='lat' dir='ltr'><strong>multos</strong></span> <span class='ocrx_word' id='word_1_47' title='bbox 834 878 1030 931; x_wconf 78' lang='lat' dir='ltr'><strong>adduci</strong></span> <span class='ocrx_word' id='word_1_48' title='bbox 1076 893 1257 947; x_wconf 91' lang='lat' dir='ltr'><strong>posse,</strong></span> <span class='ocrx_word' id='word_1_49' title='bbox 1299 896 1317 928; x_wconf 70' lang='grc' dir='ltr'><strong>ι</strong></span> <span class='ocrx_word' id='word_1_50' title='bbox 1371 877 1472 930; x_wconf 85' lang='lat' dir='ltr'><strong>nisi</strong></span> <span class='ocrx_word' id='word_1_51' title='bbox 1524 885 1583 930; x_wconf 90' lang='lat' dir='ltr'><strong>ut</strong></span> <span class='ocrx_word' id='word_1_52' title='bbox 1609 875 1799 929; x_wconf 89' lang='lat' dir='ltr'><strong>volens</strong></span> <span class='ocrx_word' id='word_1_53' title='bbox 1840 874 2036 928; x_wconf 86' lang='lat' dir='ltr'><strong>similia</strong></span> 
     </span>
    </p>
   </div>
   <div class='ocr_carea' id='block_1_11' title="bbox 463 967 2039 1038">
    <p class='ocr_par' dir='ltr' id='par_1_11' title="bbox 463 967 2039 1038">
     <span class='ocr_line' id='line_1_11' title="bbox 463 967 2039 1038; baseline -0.004 -14"><span class='ocrx_word' id='word_1_54' title='bbox 463 970 712 1037; x_wconf 81' lang='lat' dir='ltr'><strong>exempla</strong></span> <span class='ocrx_word' id='word_1_55' title='bbox 760 969 1046 1038; x_wconf 88' lang='lat' dir='ltr'><strong>reliquisse</strong></span> <span class='ocrx_word' id='word_1_56' title='bbox 1095 971 1394 1022; x_wconf 73' lang='lat' dir='ltr'><strong>videretur.</strong></span> <span class='ocrx_word' id='word_1_57' title='bbox 1433 967 1630 1022; x_wconf 85' lang='lat' dir='ltr'><strong>Verum</strong></span> <span class='ocrx_word' id='word_1_58' title='bbox 1684 976 1824 1031; x_wconf 91' lang='lat' dir='ltr'><strong>esto,</strong></span> <span class='ocrx_word' id='word_1_59' title='bbox 1885 967 2039 1020; x_wconf 88' lang='lat' dir='ltr'><strong>detur</strong></span> 
     </span>
    </p>
   </div>
   <div class='ocr_carea' id='block_1_12' title="bbox 465 1057 2036 1130">
    <p class='ocr_par' dir='ltr' id='par_1_12' title="bbox 465 1057 2036 1130">
     <span class='ocr_line' id='line_1_12' title="bbox 465 1057 2036 1130; baseline -0.005 -15"><span class='ocrx_word' id='word_1_60' title='bbox 465 1061 538 1115; x_wconf 91' lang='lat' dir='ltr'><strong>illi</strong></span> <span class='ocrx_word' id='word_1_61' title='bbox 566 1061 749 1130; x_wconf 89' lang='lat' dir='ltr'><strong>plures</strong></span> <span class='ocrx_word' id='word_1_62' title='bbox 788 1060 840 1114; x_wconf 92' lang='lat' dir='ltr'><strong>id</strong></span> <span class='ocrx_word' id='word_1_63' title='bbox 871 1075 1041 1129; x_wconf 76' lang='lat' dir='ltr'><strong>genus</strong></span> <span class='ocrx_word' id='word_1_64' title='bbox 1078 1059 1246 1114; x_wconf 89' lang='lat' dir='ltr'><strong>fuisse</strong></span> <span class='ocrx_word' id='word_1_65' title='bbox 1283 1060 1375 1128; x_wconf 92' lang='lat' dir='ltr'><strong>qui</strong></span> <span class='ocrx_word' id='word_1_66' title='bbox 1417 1058 1554 1112; x_wconf 90' lang='lat' dir='ltr'><strong>nihil</strong></span> <span class='ocrx_word' id='word_1_67' title='bbox 1594 1057 1901 1124; x_wconf 83' lang='lat' dir='ltr'><strong>adjuvarint</strong></span> <span class='ocrx_word' id='word_1_68' title='bbox 1939 1058 2036 1111; x_wconf 85' lang='lat' dir='ltr'><strong>lm-</strong></span> 
     </span>
    </p>
   </div>
   <div class='ocr_carea' id='block_1_13' title="bbox 465 1147 2039 1221">
    <p class='ocr_par' dir='ltr' id='par_1_13' title="bbox 465 1147 2039 1221">
     <span class='ocr_line' id='line_1_13' title="bbox 465 1147 2039 1221; baseline -0.003 -13"><span class='ocrx_word' id='word_1_69' title='bbox 465 1155 666 1217; x_wconf 83' lang='lat' dir='ltr'><strong>mines,</strong></span> <span class='ocrx_word' id='word_1_70' title='bbox 696 1153 826 1221; x_wconf 90' lang='lat' dir='ltr'><strong>quid</strong></span> <span class='ocrx_word' id='word_1_71' title='bbox 854 1153 1048 1206; x_wconf 89' lang='lat' dir='ltr'><strong>horum</strong></span> <span class='ocrx_word' id='word_1_72' title='bbox 1071 1152 1289 1221; x_wconf 85' lang='lat' dir='ltr'><strong>quidvis</strong></span> <span class='ocrx_word' id='word_1_73' title='bbox 1312 1152 1379 1204; x_wconf 91' lang='lat' dir='ltr'><strong>ad</strong></span> <span class='ocrx_word' id='word_1_74' title='bbox 1411 1165 1496 1205; x_wconf 86' lang='lat' dir='ltr'><strong>res</strong></span> <span class='ocrx_word' id='word_1_75' title='bbox 1523 1149 1648 1204; x_wconf 87' lang='lat' dir='ltr'><strong>Jesu</strong></span> <span class='ocrx_word' id='word_1_76' title='bbox 1678 1159 1862 1218; x_wconf 83' lang='lat' dir='ltr'><strong>gestas</strong></span> <span class='ocrx_word' id='word_1_77' title='bbox 1893 1147 2039 1218; x_wconf 74' lang='lat' dir='ltr'><strong>ejus-</strong></span> 
     </span>
    </p>
   </div>
   <div class='ocr_carea' id='block_1_14' title="bbox 466 1241 2041 1312">
    <p class='ocr_par' dir='ltr' id='par_1_14' title="bbox 466 1241 2041 1312">
     <span class='ocr_line' id='line_1_14' title="bbox 466 1241 2041 1312; baseline -0.003 -14"><span class='ocrx_word' id='word_1_78' title='bbox 466 1261 572 1312; x_wconf 88' lang='lat' dir='ltr'><strong>que</strong></span> <span class='ocrx_word' id='word_1_79' title='bbox 607 1243 899 1309; x_wconf 90' lang='lat' dir='ltr'><strong>miracula,</strong></span> <span class='ocrx_word' id='word_1_80' title='bbox 927 1245 992 1296; x_wconf 90' lang='lat' dir='ltr'><strong>de</strong></span> <span class='ocrx_word' id='word_1_81' title='bbox 1023 1244 1218 1311; x_wconf 85' lang='lat' dir='ltr'><strong>quibus</strong></span> <span class='ocrx_word' id='word_1_82' title='bbox 1240 1243 1360 1296; x_wconf 87' lang='lat' dir='ltr'><strong>l&#39;use</strong></span> <span class='ocrx_word' id='word_1_83' title='bbox 1391 1241 1558 1296; x_wconf 85' lang='lat' dir='ltr'><strong>loculi</strong></span> <span class='ocrx_word' id='word_1_84' title='bbox 1594 1241 1820 1296; x_wconf 85' lang='lat' dir='ltr'><strong>sumus?</strong></span> <span class='ocrx_word' id='word_1_85' title='bbox 1841 1241 2041 1294; x_wconf 88' lang='lat' dir='ltr'><strong>Deinde</strong></span> 
     </span>
    </p>
   </div>
   <div class='ocr_carea' id='block_1_15' title="bbox 468 1332 2040 1405">
    <p class='ocr_par' dir='ltr' id='par_1_15' title="bbox 468 1332 2040 1405">
     <span class='ocr_line' id='line_1_15' title="bbox 468 1332 2040 1405; baseline -0.001 -16"><span class='ocrx_word' id='word_1_86' title='bbox 468 1338 596 1404; x_wconf 88' lang='lat' dir='ltr'><strong>quia</strong></span> <span class='ocrx_word' id='word_1_87' title='bbox 653 1337 1110 1405; x_wconf 90' lang='lat' dir='ltr'><strong>comprehensum</strong></span> <span class='ocrx_word' id='word_1_88' title='bbox 1174 1342 1560 1401; x_wconf 81' lang='lat' dir='ltr'><strong>mortuumque</strong></span> <span class='ocrx_word' id='word_1_89' title='bbox 1613 1333 1862 1398; x_wconf 88' lang='lat' dir='ltr'><strong>colimus,</strong></span> <span class='ocrx_word' id='word_1_90' title='bbox 1909 1332 2040 1388; x_wconf 87' lang='lat' dir='ltr'><strong>ait:</strong></span> 
     </span>
    </p>
   </div>
   <div class='ocr_carea' id='block_1_16' title="bbox 475 1423 2040 1494">
    <p class='ocr_par' dir='ltr' id='par_1_16' title="bbox 475 1423 2040 1494">
     <span class='ocr_line' id='line_1_16' title="bbox 475 1423 2040 1494; baseline 0 -16"><span class='ocrx_word' id='word_1_91' title='bbox 475 1445 495 1478; x_wconf 77' lang='grc' dir='ltr'><strong>ι</strong></span> <span class='ocrx_word' id='word_1_92' title='bbox 543 1427 732 1482; x_wconf 88' lang='lat' dir='ltr'><strong>Simile</strong></span> <span class='ocrx_word' id='word_1_93' title='bbox 762 1441 862 1480; x_wconf 90' lang='lat' dir='ltr'><strong>nos</strong></span> <span class='ocrx_word' id='word_1_94' title='bbox 903 1425 1186 1494; x_wconf 87' lang='lat' dir='ltr'><strong>quidpiam</strong></span> <span class='ocrx_word' id='word_1_95' title='bbox 1212 1425 1392 1479; x_wconf 90' lang='lat' dir='ltr'><strong>facere</strong></span> <span class='ocrx_word' id='word_1_96' title='bbox 1421 1423 1578 1478; x_wconf 87' lang='lat' dir='ltr'><strong>Getis</strong></span> <span class='ocrx_word' id='word_1_97' title='bbox 1609 1424 1699 1492; x_wconf 93' lang='lat' dir='ltr'><strong>qui</strong></span> <span class='ocrx_word' id='word_1_98' title='bbox 1740 1423 2040 1491; x_wconf 83' lang='lat' dir='ltr'><strong>Zamolxin,</strong></span> 
     </span>
    </p>
   </div>
   <div class='ocr_carea' id='block_1_17' title="bbox 469 1515 2042 1586">
    <p class='ocr_par' dir='ltr' id='par_1_17' title="bbox 469 1515 2042 1586">
     <span class='ocr_line' id='line_1_17' title="bbox 469 1515 2042 1586; baseline -0.002 -15"><span class='ocrx_word' id='word_1_99' title='bbox 469 1519 729 1572; x_wconf 77' lang='lat' dir='ltr'><strong>Cilicibus</strong></span> <span class='ocrx_word' id='word_1_100' title='bbox 758 1517 850 1585; x_wconf 84' lang='lat' dir='ltr'><strong>qui</strong></span> <span class='ocrx_word' id='word_1_101' title='bbox 877 1516 1146 1586; x_wconf 83' lang='lat' dir='ltr'><strong>Mopsum,</strong></span> <span class='ocrx_word' id='word_1_102' title='bbox 1165 1517 1465 1570; x_wconf 78' lang='lat' dir='ltr'><strong>Acarnanis</strong></span> <span class='ocrx_word' id='word_1_103' title='bbox 1497 1515 2042 1582; x_wconf 80' lang='lat' dir='ltr'><strong>quiAmpliilocltum,</strong></span> 
     </span>
    </p>
   </div>
   <div class='ocr_carea' id='block_1_18' title="bbox 469 1605 2044 1677">
    <p class='ocr_par' dir='ltr' id='par_1_18' title="bbox 469 1605 2044 1677">
     <span class='ocr_line' id='line_1_18' title="bbox 469 1605 2044 1677; baseline 0.001 -16"><span class='ocrx_word' id='word_1_104' title='bbox 469 1607 746 1662; x_wconf 84' lang='lat' dir='ltr'><strong>Thebanis</strong></span> <span class='ocrx_word' id='word_1_105' title='bbox 771 1611 862 1677; x_wconf 91' lang='lat' dir='ltr'><strong>qui</strong></span> <span class='ocrx_word' id='word_1_106' title='bbox 893 1608 1310 1674; x_wconf 82' lang='lat' dir='ltr'><strong>Amphiaraum,</strong></span> <span class='ocrx_word' id='word_1_107' title='bbox 1339 1606 1771 1661; x_wconf 86' lang='lat' dir='ltr'><strong>Lebadiensibus</strong></span> <span class='ocrx_word' id='word_1_108' title='bbox 1791 1607 1882 1674; x_wconf 86' lang='lat' dir='ltr'><strong>qui</strong></span> <span class='ocrx_word' id='word_1_109' title='bbox 1910 1605 2044 1662; x_wconf 89' lang='lat' dir='ltr'><strong>Tro-</strong></span> 
     </span>
    </p>
   </div>
   <div class='ocr_carea' id='block_1_19' title="bbox 2139 420 3743 504">
    <p class='ocr_par' dir='ltr' id='par_1_19' title="bbox 2139 420 3743 504">
     <span class='ocr_line' id='line_1_19' title="bbox 2139 420 3743 504; baseline -0.006 -18"><span class='ocrx_word' id='word_1_110' title='bbox 2139 433 2498 504; x_wconf 80' lang='grc' dir='ltr'><strong>πεποιηκέναι</strong></span> <span class='ocrx_word' id='word_1_111' title='bbox 2539 432 2634 485; x_wconf 76' lang='grc' dir='ltr'>καὶ</span> <span class='ocrx_word' id='word_1_112' title='bbox 2679 431 2806 502; x_wconf 76' lang='grc' dir='ltr'>περὶ</span> <span class='ocrx_word' id='word_1_113' title='bbox 2855 429 2945 481; x_wconf 73' lang='grc' dir='ltr'><strong>τὸν</strong></span> <span class='ocrx_word' id='word_1_114' title='bbox 3001 427 3440 481; x_wconf 77' lang='grc' dir='ltr'><strong>Ἀστυπαλαιέα·</strong></span> <span class='ocrx_word' id='word_1_115' title='bbox 3489 427 3620 496; x_wconf 74' lang='grc' dir='ltr'>περὶ</span> <span class='ocrx_word' id='word_1_116' title='bbox 3676 420 3743 478; x_wconf 61' lang='grc' dir='ltr'>οἶ</span> 
     </span>
    </p>
   </div>
   <div class='ocr_carea' id='block_1_20' title="bbox 2135 517 3746 593">
    <p class='ocr_par' dir='ltr' id='par_1_20' title="bbox 2135 517 3746 593">
     <span class='ocr_line' id='line_1_20' title="bbox 2135 517 3746 593; baseline -0.005 -16"><span class='ocrx_word' id='word_1_117' title='bbox 2135 524 2306 578; x_wconf 84' lang='grc' dir='ltr'>οἴεται</span> <span class='ocrx_word' id='word_1_118' title='bbox 2337 526 2364 576; x_wconf 86' lang='grc' dir='ltr'>ὁ</span> <span class='ocrx_word' id='word_1_119' title='bbox 2391 524 2598 585; x_wconf 83' lang='grc' dir='ltr'><strong>Κέλσος</strong></span> <span class='ocrx_word' id='word_1_120' title='bbox 2627 525 2708 575; x_wconf 80' lang='grc' dir='ltr'><strong>ὅτι</strong></span> <span class='ocrx_word' id='word_1_121' title='bbox 2740 521 3073 593; x_wconf 78' lang='grc' dir='ltr'>θεοπρόπιον</span> <span class='ocrx_word' id='word_1_122' title='bbox 3108 537 3158 571; x_wconf 90' lang='grc' dir='ltr'><strong>τι</strong></span> <span class='ocrx_word' id='word_1_123' title='bbox 3186 518 3496 582; x_wconf 87' lang='grc' dir='ltr'>ἐθέσπισεν,</span> <span class='ocrx_word' id='word_1_124' title='bbox 3525 517 3600 580; x_wconf 81' lang='grc' dir='ltr'>ὡς</span> <span class='ocrx_word' id='word_1_125' title='bbox 3623 519 3746 587; x_wconf 77' lang='grc' dir='ltr'>ἄρα</span> 
     </span>
    </p>
   </div>
   <div class='ocr_carea' id='block_1_21' title="bbox 2141 607 3497 686">
    <p class='ocr_par' dir='ltr' id='par_1_21' title="bbox 2141 607 3497 686">
     <span class='ocr_line' id='line_1_21' title="bbox 2141 607 3497 686; baseline -0.006 -20"><span class='ocrx_word' id='word_1_126' title='bbox 2141 615 2304 686; x_wconf 77' lang='grc' dir='ltr'>μοίρᾳ</span> <span class='ocrx_word' id='word_1_127' title='bbox 2328 613 2433 666; x_wconf 71' lang='grc' dir='ltr'>τινὶ</span> <span class='ocrx_word' id='word_1_128' title='bbox 2465 613 2717 682; x_wconf 80' lang='grc' dir='ltr'>δαιμονίᾳ</span> <span class='ocrx_word' id='word_1_129' title='bbox 2746 612 2938 682; x_wconf 79' lang='grc' dir='ltr'>διέπτη</span> <span class='ocrx_word' id='word_1_130' title='bbox 2973 610 3082 663; x_wconf 84' lang='grc' dir='ltr'>ἀπὸ</span> <span class='ocrx_word' id='word_1_131' title='bbox 3108 610 3207 679; x_wconf 76' lang='grc' dir='ltr'><strong>τῆς</strong></span> <span class='ocrx_word' id='word_1_132' title='bbox 3238 607 3497 662; x_wconf 84' lang='grc' dir='ltr'>κιϐωτοῦ.</span> 
     </span>
    </p>
   </div>
   <div class='ocr_carea' id='block_1_22' title="bbox 2223 697 3742 775">
    <p class='ocr_par' dir='ltr' id='par_1_22' title="bbox 2223 697 3742 775">
     <span class='ocr_line' id='line_1_22' title="bbox 2223 697 3742 775; baseline -0.007 -19"><span class='ocrx_word' id='word_1_133' title='bbox 2223 704 2363 774; x_wconf 85' lang='grc' dir='ltr'>Ἐγὼ</span> <span class='ocrx_word' id='word_1_134' title='bbox 2378 705 2474 775; x_wconf 77' lang='grc' dir='ltr'><strong>μὲν</strong></span> <span class='ocrx_word' id='word_1_135' title='bbox 2490 701 2582 758; x_wconf 84' lang='grc' dir='ltr'><strong>οῦν</strong></span> <span class='ocrx_word' id='word_1_136' title='bbox 2601 702 2734 773; x_wconf 87' lang='grc' dir='ltr'>ἡγοῦ</span> <span class='ocrx_word' id='word_1_137' title='bbox 2743 721 2840 773; x_wconf 85' lang='grc' dir='ltr'><strong>μαι</strong></span> <span class='ocrx_word' id='word_1_138' title='bbox 2850 742 2862 765; x_wconf 93' lang='grc'><strong>,</strong></span> <span class='ocrx_word' id='word_1_139' title='bbox 2875 702 2955 754; x_wconf 81' lang='grc' dir='ltr'><strong>ὅτι</strong></span> <span class='ocrx_word' id='word_1_140' title='bbox 2971 700 3193 763; x_wconf 81' lang='grc' dir='ltr'><strong>τούτους</strong></span> <span class='ocrx_word' id='word_1_141' title='bbox 3213 701 3405 770; x_wconf 82' lang='grc' dir='ltr'>μόνους</span> <span class='ocrx_word' id='word_1_142' title='bbox 3419 697 3698 769; x_wconf 71' lang='grc' dir='ltr'>ἠπίστατο</span> <span class='ocrx_word' id='word_1_143' title='bbox 3711 698 3742 746; x_wconf 84' lang='grc' dir='ltr'><strong>ό</strong></span> 
     </span>
    </p>
   </div>
   <div class='ocr_carea' id='block_1_23' title="bbox 2138 788 3738 864">
    <p class='ocr_par' dir='ltr' id='par_1_23' title="bbox 2138 788 3738 864">
     <span class='ocr_line' id='line_1_23' title="bbox 2138 788 3738 864; baseline -0.008 -15"><span class='ocrx_word' id='word_1_144' title='bbox 2138 796 2362 859; x_wconf 82' lang='grc' dir='ltr'>Κέλσος·</span> <span class='ocrx_word' id='word_1_145' title='bbox 2396 797 2491 849; x_wconf 77' lang='grc' dir='ltr'><strong>καὶ</strong></span> <span class='ocrx_word' id='word_1_146' title='bbox 2521 796 2608 849; x_wconf 80' lang='grc' dir='ltr'><strong>ἵνα</strong></span> <span class='ocrx_word' id='word_1_147' title='bbox 2645 795 2773 864; x_wconf 85' lang='grc' dir='ltr'>δοκῇ</span> <span class='ocrx_word' id='word_1_148' title='bbox 2807 794 2947 846; x_wconf 83' lang='grc' dir='ltr'>ἑκὼν</span> <span class='ocrx_word' id='word_1_149' title='bbox 2983 791 3309 864; x_wconf 80' lang='grc' dir='ltr'>παραλιπεῖν</span> <span class='ocrx_word' id='word_1_150' title='bbox 3334 789 3403 842; x_wconf 79' lang='grc' dir='ltr'>τὰ</span> <span class='ocrx_word' id='word_1_151' title='bbox 3430 788 3738 858; x_wconf 72' lang='grc' dir='ltr'>παραπλή-</span> 
     </span>
    </p>
   </div>
   <div class='ocr_carea' id='block_1_24' title="bbox 2140 882 3738 956">
    <p class='ocr_par' dir='ltr' id='par_1_24' title="bbox 2140 882 3738 956">
     <span class='ocr_line' id='line_1_24' title="bbox 2140 882 3738 956; baseline -0.005 -17"><span class='ocrx_word' id='word_1_152' title='bbox 2140 904 2250 950; x_wconf 90' lang='grc' dir='ltr'>σια,</span> <span class='ocrx_word' id='word_1_153' title='bbox 2283 882 2402 940; x_wconf 80' lang='grc' dir='ltr'>εἷπε</span> <span class='ocrx_word' id='word_1_154' title='bbox 2419 887 2498 940; x_wconf 83' lang='grc' dir='ltr'><strong>τό·</strong></span> <span class='ocrx_word' id='word_1_155' title='bbox 2531 906 2548 938; x_wconf 79' lang='grc' dir='ltr'><strong>ι</strong></span> <span class='ocrx_word' id='word_1_156' title='bbox 2583 888 2692 941; x_wconf 78' lang='grc' dir='ltr'><strong>Καὶ</strong></span> <span class='ocrx_word' id='word_1_157' title='bbox 2716 886 2906 948; x_wconf 85' lang='grc' dir='ltr'>ἄλλους</span> <span class='ocrx_word' id='word_1_158' title='bbox 2926 885 3040 956; x_wconf 76' lang='grc' dir='ltr'>ἔχοι</span> <span class='ocrx_word' id='word_1_159' title='bbox 3070 902 3153 946; x_wconf 91' lang='grc' dir='ltr'><strong>τις</strong></span> <span class='ocrx_word' id='word_1_160' title='bbox 3187 884 3252 937; x_wconf 86' lang='grc' dir='ltr'><strong>ἂν</strong></span> <span class='ocrx_word' id='word_1_161' title='bbox 3281 886 3457 936; x_wconf 76' lang='grc' dir='ltr'>εἰπεῖν</span> <span class='ocrx_word' id='word_1_162' title='bbox 3486 882 3738 934; x_wconf 74' lang='grc' dir='ltr'>τοιούσδε</span> 
     </span>
    </p>
   </div>
   <div class='ocr_carea' id='block_1_25' title="bbox 2140 974 3738 1044">
    <p class='ocr_par' dir='ltr' id='par_1_25' title="bbox 2140 974 3738 1044">
     <span class='ocr_line' id='line_1_25' title="bbox 2140 974 3738 1044; baseline -0.004 -12"><span class='ocrx_word' id='word_1_163' title='bbox 2140 979 2408 1043; x_wconf 89' lang='grc' dir='ltr'>πλείονας.</span> <span class='ocrx_word' id='word_1_164' title='bbox 2456 1000 2474 1031; x_wconf 72' lang='grc' dir='ltr'><strong>ι</strong></span> <span class='ocrx_word' id='word_1_165' title='bbox 2522 981 2701 1032; x_wconf 90' lang='grc' dir='ltr'>Ἔστω</span> <span class='ocrx_word' id='word_1_166' title='bbox 2729 980 2773 1032; x_wconf 79' lang='grc' dir='ltr'>δ’</span> <span class='ocrx_word' id='word_1_167' title='bbox 2807 975 2899 1032; x_wconf 78' lang='grc' dir='ltr'><strong>οὖν</strong></span> <span class='ocrx_word' id='word_1_168' title='bbox 2928 979 3022 1032; x_wconf 71' lang='grc' dir='ltr'><strong>καὶ</strong></span> <span class='ocrx_word' id='word_1_169' title='bbox 3050 975 3304 1042; x_wconf 85' lang='grc' dir='ltr'>δεδόσθω,</span> <span class='ocrx_word' id='word_1_170' title='bbox 3342 974 3586 1028; x_wconf 79' lang='grc' dir='ltr'>τοιούσδε</span> <span class='ocrx_word' id='word_1_171' title='bbox 3617 974 3738 1044; x_wconf 73' lang='lat'><strong>(55)</strong></span> 
     </span>
    </p>
   </div>
   <div class='ocr_carea' id='block_1_26' title="bbox 2140 1063 3734 1140">
    <p class='ocr_par' dir='ltr' id='par_1_26' title="bbox 2140 1063 3734 1140">
     <span class='ocr_line' id='line_1_26' title="bbox 2140 1063 3734 1140; baseline -0.004 -17"><span class='ocrx_word' id='word_1_172' title='bbox 2140 1070 2420 1139; x_wconf 88' lang='grc' dir='ltr'>γεγονέναι</span> <span class='ocrx_word' id='word_1_173' title='bbox 2437 1070 2706 1133; x_wconf 87' lang='grc' dir='ltr'>πλείονας,</span> <span class='ocrx_word' id='word_1_174' title='bbox 2734 1069 2898 1140; x_wconf 79' lang='grc' dir='ltr'>μηδὲν</span> <span class='ocrx_word' id='word_1_175' title='bbox 2925 1067 3272 1138; x_wconf 76' lang='grc' dir='ltr'>ὡφεληκότας</span> <span class='ocrx_word' id='word_1_176' title='bbox 3294 1068 3354 1119; x_wconf 86' lang='grc' dir='ltr'>τὸ</span> <span class='ocrx_word' id='word_1_177' title='bbox 3383 1067 3493 1119; x_wconf 83' lang='grc' dir='ltr'><strong>τῶν</strong></span> <span class='ocrx_word' id='word_1_178' title='bbox 3517 1063 3734 1136; x_wconf 74' lang='grc' dir='ltr'>ἀνθρὼ-</span> 
     </span>
    </p>
   </div>
   <div class='ocr_carea' id='block_1_27' title="bbox 2141 1156 3740 1230">
    <p class='ocr_par' dir='ltr' id='par_1_27' title="bbox 2141 1156 3740 1230">
     <span class='ocr_line' id='line_1_27' title="bbox 2141 1156 3740 1230; baseline -0.004 -16"><span class='ocrx_word' id='word_1_179' title='bbox 2141 1179 2258 1214; x_wconf 85' lang='grc' dir='ltr'>πων</span> <span class='ocrx_word' id='word_1_180' title='bbox 2300 1161 2474 1230; x_wconf 85' lang='grc' dir='ltr'>γένος·</span> <span class='ocrx_word' id='word_1_181' title='bbox 2507 1161 2558 1213; x_wconf 84' lang='grc' dir='ltr'><strong>τί</strong></span> <span class='ocrx_word' id='word_1_182' title='bbox 2610 1160 2813 1213; x_wconf 89' lang='grc' dir='ltr'>τούτων</span> <span class='ocrx_word' id='word_1_183' title='bbox 2844 1161 3072 1212; x_wconf 76' lang='grc' dir='ltr'>ἕκαστον</span> <span class='ocrx_word' id='word_1_184' title='bbox 3110 1158 3354 1229; x_wconf 79' lang='grc' dir='ltr'>εὑρεθείη</span> <span class='ocrx_word' id='word_1_185' title='bbox 3398 1157 3466 1210; x_wconf 85' lang='grc' dir='ltr'>ἂν</span> <span class='ocrx_word' id='word_1_186' title='bbox 3499 1158 3638 1228; x_wconf 71' lang='grc' dir='ltr'>πρὸς</span> <span class='ocrx_word' id='word_1_187' title='bbox 3675 1156 3740 1208; x_wconf 78' lang='grc' dir='ltr'><strong>τὸ</strong></span> 
     </span>
    </p>
   </div>
   <div class='ocr_carea' id='block_1_28' title="bbox 2142 1249 3740 1323">
    <p class='ocr_par' dir='ltr' id='par_1_28' title="bbox 2142 1249 3740 1323">
     <span class='ocr_line' id='line_1_28' title="bbox 2142 1249 3740 1323; baseline -0.003 -19"><span class='ocrx_word' id='word_1_188' title='bbox 2142 1251 2236 1304; x_wconf 90' lang='grc' dir='ltr'><strong>τοῦ</strong></span> <span class='ocrx_word' id='word_1_189' title='bbox 2272 1251 2444 1322; x_wconf 82' lang='grc' dir='ltr'>Ἰησοῦ</span> <span class='ocrx_word' id='word_1_190' title='bbox 2467 1251 2625 1323; x_wconf 81' lang='grc' dir='ltr'>ἔργον</span> <span class='ocrx_word' id='word_1_191' title='bbox 2661 1252 2755 1304; x_wconf 69' lang='grc' dir='ltr'><strong>καὶ</strong></span> <span class='ocrx_word' id='word_1_192' title='bbox 2783 1251 2851 1304; x_wconf 81' lang='grc' dir='ltr'>τὰ</span> <span class='ocrx_word' id='word_1_193' title='bbox 2874 1253 3001 1323; x_wconf 71' lang='grc' dir='ltr'>περὶ</span> <span class='ocrx_word' id='word_1_194' title='bbox 3025 1251 3189 1305; x_wconf 77' lang='grc' dir='ltr'>αὐτοῦ</span> <span class='ocrx_word' id='word_1_195' title='bbox 3237 1250 3520 1322; x_wconf 80' lang='grc' dir='ltr'>παράδοξα</span> <span class='ocrx_word' id='word_1_196' title='bbox 3547 1289 3562 1312; x_wconf 92' lang='grc'><strong>,</strong></span> <span class='ocrx_word' id='word_1_197' title='bbox 3601 1266 3669 1301; x_wconf 83' lang='grc' dir='ltr'><strong>πε</strong></span> <span class='ocrx_word' id='word_1_198' title='bbox 3679 1249 3740 1318; x_wconf 68' lang='lat' dir='ltr'><strong>pi</strong></span> 
     </span>
    </p>
   </div>
   <div class='ocr_carea' id='block_1_29' title="bbox 2144 1339 3738 1414">
    <p class='ocr_par' dir='ltr' id='par_1_29' title="bbox 2144 1339 3738 1414">
     <span class='ocr_line' id='line_1_29' title="bbox 2144 1339 3738 1414; baseline -0.005 -16"><span class='ocrx_word' id='word_1_199' title='bbox 2144 1339 2217 1398; x_wconf 81' lang='grc' dir='ltr'>ὦν</span> <span class='ocrx_word' id='word_1_200' title='bbox 2250 1344 2341 1396; x_wconf 77' lang='grc' dir='ltr'><strong>ἐπὶ</strong></span> <span class='ocrx_word' id='word_1_201' title='bbox 2384 1344 2565 1397; x_wconf 84' lang='grc' dir='ltr'>πλεῖον</span> <span class='ocrx_word' id='word_1_202' title='bbox 2605 1345 2938 1414; x_wconf 83' lang='grc' dir='ltr'>είρήκαμεν;</span> <span class='ocrx_word' id='word_1_203' title='bbox 2975 1344 3130 1397; x_wconf 86' lang='grc' dir='ltr'><strong>Μετά</strong></span> <span class='ocrx_word' id='word_1_204' title='bbox 3161 1343 3334 1396; x_wconf 87' lang='grc' dir='ltr'>ταῦτα</span> <span class='ocrx_word' id='word_1_205' title='bbox 3363 1363 3381 1394; x_wconf 81' lang='grc' dir='ltr'><strong>ι</strong></span> <span class='ocrx_word' id='word_1_206' title='bbox 3431 1341 3738 1412; x_wconf 72' lang='grc' dir='ltr'>παραπλή-</span> 
     </span>
    </p>
   </div>
   <div class='ocr_carea' id='block_1_30' title="bbox 2106 1433 3737 1509">
    <p class='ocr_par' dir='ltr' id='par_1_30' title="bbox 2106 1433 3737 1509">
     <span class='ocr_line' id='line_1_30' title="bbox 2106 1433 3737 1509; baseline -0.001 -22"><span class='ocrx_word' id='word_1_207' title='bbox 2106 1504 2110 1509; x_wconf 86' lang='lat'><strong>_</strong></span> <span class='ocrx_word' id='word_1_208' title='bbox 2147 1453 2260 1488; x_wconf 90' lang='grc' dir='ltr'>σιον</span> <span class='ocrx_word' id='word_1_209' title='bbox 2290 1436 2435 1505; x_wconf 81' lang='grc' dir='ltr'>ἡμᾶς</span> <span class='ocrx_word' id='word_1_210' title='bbox 2464 1455 2482 1486; x_wconf 83' lang='grc'><strong>»</strong></span> <span class='ocrx_word' id='word_1_211' title='bbox 2521 1434 2692 1487; x_wconf 83' lang='grc' dir='ltr'>οἱέται</span> <span class='ocrx_word' id='word_1_212' title='bbox 2729 1453 2746 1485; x_wconf 78' lang='grc' dir='ltr'><strong>ι</strong></span> <span class='ocrx_word' id='word_1_213' title='bbox 2790 1436 3172 1506; x_wconf 84' lang='grc' dir='ltr'>πεποιηκέναι,</span> <span class='ocrx_word' id='word_1_214' title='bbox 3215 1454 3234 1486; x_wconf 70' lang='grc' dir='ltr'><strong>ι</strong></span> <span class='ocrx_word' id='word_1_215' title='bbox 3276 1435 3367 1488; x_wconf 85' lang='grc' dir='ltr'><strong>τὸν</strong></span> <span class='ocrx_word' id='word_1_216' title='bbox 3400 1438 3417 1504; x_wconf 95' lang='grc'>(</span> <span class='ocrx_word' id='word_1_217' title='bbox 3450 1433 3527 1497; x_wconf 81' lang='grc' dir='ltr'>ὥς</span> <span class='ocrx_word' id='word_1_218' title='bbox 3564 1451 3737 1504; x_wconf 78' lang='grc' dir='ltr'>φησιν</span> 
     </span>
    </p>
   </div>
   <div class='ocr_carea' id='block_1_31' title="bbox 2145 1525 3732 1597">
    <p class='ocr_par' dir='ltr' id='par_1_31' title="bbox 2145 1525 3732 1597">
     <span class='ocr_line' id='line_1_31' title="bbox 2145 1525 3732 1597; baseline -0.002 -18"><span class='ocrx_word' id='word_1_219' title='bbox 2145 1529 2173 1579; x_wconf 77' lang='grc' dir='ltr'>ὁ</span> <span class='ocrx_word' id='word_1_220' title='bbox 2207 1526 2470 1597; x_wconf 87' lang='grc' dir='ltr'>Κέλσος,)</span> <span class='ocrx_word' id='word_1_221' title='bbox 2519 1527 2717 1580; x_wconf 78' lang='grc' dir='ltr'>ἁλόντα</span> <span class='ocrx_word' id='word_1_222' title='bbox 2765 1527 2858 1578; x_wconf 73' lang='grc' dir='ltr'>καὶ</span> <span class='ocrx_word' id='word_1_223' title='bbox 2901 1526 3243 1580; x_wconf 81' lang='grc' dir='ltr'>ἀποθανόντα</span> <span class='ocrx_word' id='word_1_224' title='bbox 3281 1525 3689 1597; x_wconf 81' lang='grc' dir='ltr'>θρησκεύοντας</span> <span class='ocrx_word' id='word_1_225' title='bbox 3717 1566 3732 1587; x_wconf 86' lang='grc'><strong>,</strong></span> 
     </span>
    </p>
   </div>
   <div class='ocr_carea' id='block_1_32' title="bbox 2156 1615 3736 1687">
    <p class='ocr_par' dir='ltr' id='par_1_32' title="bbox 2156 1615 3736 1687">
     <span class='ocr_line' id='line_1_32' title="bbox 2156 1615 3736 1687; baseline -0.001 -18"><span class='ocrx_word' id='word_1_226' title='bbox 2156 1636 2173 1669; x_wconf 78' lang='grc' dir='ltr'><strong>ι</strong></span> <span class='ocrx_word' id='word_1_227' title='bbox 2210 1621 2320 1682; x_wconf 88' lang='grc' dir='ltr'>τοῖς</span> <span class='ocrx_word' id='word_1_228' title='bbox 2354 1618 2542 1681; x_wconf 88' lang='grc' dir='ltr'>Γέταις</span> <span class='ocrx_word' id='word_1_229' title='bbox 2573 1617 2789 1670; x_wconf 86' lang='grc' dir='ltr'>σέϐουσι</span> <span class='ocrx_word' id='word_1_230' title='bbox 2826 1618 2916 1670; x_wconf 76' lang='grc' dir='ltr'>τὸν</span> <span class='ocrx_word' id='word_1_231' title='bbox 2944 1615 3210 1687; x_wconf 80' lang='grc' dir='ltr'>Ζάμολξιν</span> <span class='ocrx_word' id='word_1_232' title='bbox 3237 1658 3250 1680; x_wconf 94' lang='grc'><strong>,</strong></span> <span class='ocrx_word' id='word_1_233' title='bbox 3287 1617 3378 1670; x_wconf 73' lang='grc' dir='ltr'><strong>καὶ</strong></span> <span class='ocrx_word' id='word_1_234' title='bbox 3424 1615 3610 1681; x_wconf 79' lang='grc' dir='ltr'>Κίλιξι</span> <span class='ocrx_word' id='word_1_235' title='bbox 3641 1616 3736 1667; x_wconf 76' lang='grc' dir='ltr'><strong>τὸν</strong></span> 
     </span>
    </p>
   </div>
   <div class='ocr_carea' id='block_1_33' title="bbox 469 1701 2050 1782">
    <p class='ocr_par' dir='ltr' id='par_1_33' title="bbox 469 1701 2046 1772">
     <span class='ocr_line' id='line_1_33' title="bbox 469 1701 2046 1772; baseline 0.001 -16"><span class='ocrx_word' id='word_1_236' title='bbox 469 1703 729 1772; x_wconf 83' lang='lat' dir='ltr'><strong>phonium</strong></span> <span class='ocrx_word' id='word_1_237' title='bbox 764 1702 909 1756; x_wconf 86' lang='lat' dir='ltr'><strong>cultu</strong></span> <span class='ocrx_word' id='word_1_238' title='bbox 946 1712 1370 1772; x_wconf 89' lang='lat' dir='ltr'><strong>prosequuntur.</strong></span> <span class='ocrx_word' id='word_1_239' title='bbox 1413 1721 1431 1753; x_wconf 72' lang='grc' dir='ltr'><strong>ι</strong></span> <span class='ocrx_word' id='word_1_240' title='bbox 1457 1701 1554 1757; x_wconf 77' lang='lat' dir='ltr'><strong>llis</strong></span> <span class='ocrx_word' id='word_1_241' title='bbox 1584 1718 1800 1772; x_wconf 86' lang='lat' dir='ltr'><strong>quoque</strong></span> <span class='ocrx_word' id='word_1_242' title='bbox 1831 1719 1928 1758; x_wconf 88' lang='lat' dir='ltr'><strong>nos</strong></span> <span class='ocrx_word' id='word_1_243' title='bbox 1955 1704 2046 1757; x_wconf 90' lang='lat' dir='ltr'><strong>ab-</strong></span> 
     </span>
    </p>
   </div>
   <div class='ocr_carea' id='block_1_34' title="bbox 2155 1701 3736 1782">
    <p class='ocr_par' dir='ltr' id='par_1_34' title="bbox 2155 1706 3736 1782">
     <span class='ocr_line' id='line_1_34' title="bbox 2155 1706 3736 1782; baseline -0.006 -16"><span class='ocrx_word' id='word_1_244' title='bbox 2155 1712 2351 1782; x_wconf 73' lang='grc' dir='ltr'>Μόψον,</span> <span class='ocrx_word' id='word_1_245' title='bbox 2377 1712 2470 1766; x_wconf 71' lang='grc' dir='ltr'><strong>καὶ</strong></span> <span class='ocrx_word' id='word_1_246' title='bbox 2516 1711 2810 1782; x_wconf 78' lang='grc' dir='ltr'>Ἀκαρνᾶσι</span> <span class='ocrx_word' id='word_1_247' title='bbox 2840 1709 2928 1762; x_wconf 74' lang='grc' dir='ltr'><strong>τὸν</strong></span> <span class='ocrx_word' id='word_1_248' title='bbox 2971 1709 3316 1779; x_wconf 82' lang='grc' dir='ltr'>Ἀμφίλοχον,</span> <span class='ocrx_word' id='word_1_249' title='bbox 3347 1709 3442 1760; x_wconf 79' lang='grc' dir='ltr'><strong>καὶ</strong></span> <span class='ocrx_word' id='word_1_250' title='bbox 3469 1706 3736 1776; x_wconf 76' lang='grc' dir='ltr'>Θηϐαίοις</span> 
     </span>
    </p>
   </div>
   <div class='ocr_carea' id='block_1_35' title="bbox 471 1796 2042 1852">
    <p class='ocr_par' dir='ltr' id='par_1_35' title="bbox 471 1796 2042 1852">
     <span class='ocr_line' id='line_1_35' title="bbox 471 1796 2042 1852; baseline 0.001 -3"><span class='ocrx_word' id='word_1_251' title='bbox 471 1797 636 1850; x_wconf 81' lang='lat' dir='ltr'><strong>surde</strong></span> <span class='ocrx_word' id='word_1_252' title='bbox 691 1812 720 1849; x_wconf 89' lang='lat' dir='ltr'><strong>a</strong></span> <span class='ocrx_word' id='word_1_253' title='bbox 769 1796 926 1851; x_wconf 89' lang='lat' dir='ltr'><strong>Celso</strong></span> <span class='ocrx_word' id='word_1_254' title='bbox 977 1796 1268 1850; x_wconf 87' lang='lat' dir='ltr'><strong>assimilari</strong></span> <span class='ocrx_word' id='word_1_255' title='bbox 1324 1798 1402 1850; x_wconf 85' lang='lat' dir='ltr'><strong>sic</strong></span> <span class='ocrx_word' id='word_1_256' title='bbox 1449 1797 1786 1851; x_wconf 91' lang='lat' dir='ltr'><strong>demonstro.</strong></span> <span class='ocrx_word' id='word_1_257' title='bbox 1822 1797 1861 1851; x_wconf 88' lang='lat' dir='ltr'><strong>li</strong></span> <span class='ocrx_word' id='word_1_258' title='bbox 1899 1798 2042 1852; x_wconf 87' lang='lat' dir='ltr'><strong>enim</strong></span> 
     </span>
    </p>
   </div>
   <div class='ocr_carea' id='block_1_36' title="bbox 474 1888 2043 1958">
    <p class='ocr_par' dir='ltr' id='par_1_36' title="bbox 474 1888 2043 1958">
     <span class='ocr_line' id='line_1_36' title="bbox 474 1888 2043 1958; baseline 0.003 -18"><span class='ocrx_word' id='word_1_259' title='bbox 474 1888 675 1958; x_wconf 79' lang='lat' dir='ltr'><strong>templa</strong></span> <span class='ocrx_word' id='word_1_260' title='bbox 709 1899 762 1943; x_wconf 92' lang='lat' dir='ltr'><strong>et</strong></span> <span class='ocrx_word' id='word_1_261' title='bbox 794 1899 1002 1943; x_wconf 83' lang='lat' dir='ltr'><strong>statuas</strong></span> <span class='ocrx_word' id='word_1_262' title='bbox 1031 1889 1251 1957; x_wconf 83' lang='lat' dir='ltr'><strong>erigunt</strong></span> <span class='ocrx_word' id='word_1_263' title='bbox 1286 1888 1390 1942; x_wconf 90' lang='lat' dir='ltr'><strong>illis</strong></span> <span class='ocrx_word' id='word_1_264' title='bbox 1422 1903 1559 1958; x_wconf 89' lang='lat' dir='ltr'><strong>quos</strong></span> <span class='ocrx_word' id='word_1_265' title='bbox 1596 1889 1896 1944; x_wconf 89' lang='lat' dir='ltr'><strong>recensuit.</strong></span> <span class='ocrx_word' id='word_1_266' title='bbox 1929 1888 2043 1945; x_wconf 88' lang='lat' dir='ltr'><strong>Nos</strong></span> 
     </span>
    </p>
   </div>
   <div class='ocr_carea' id='block_1_37' title="bbox 476 1981 2046 2051">
    <p class='ocr_par' dir='ltr' id='par_1_37' title="bbox 476 1981 2046 2051">
     <span class='ocr_line' id='line_1_37' title="bbox 476 1981 2046 2051; baseline 0.001 -17"><span class='ocrx_word' id='word_1_267' title='bbox 476 1991 654 2035; x_wconf 85' lang='lat' dir='ltr'><strong>autem</strong></span> <span class='ocrx_word' id='word_1_268' title='bbox 691 1997 719 2034; x_wconf 88' lang='lat' dir='ltr'><strong>a</strong></span> <span class='ocrx_word' id='word_1_269' title='bbox 756 1991 940 2035; x_wconf 89' lang='lat' dir='ltr'><strong>nostro</strong></span> <span class='ocrx_word' id='word_1_270' title='bbox 975 1996 1104 2051; x_wconf 82' lang='lat' dir='ltr'><strong>erga</strong></span> <span class='ocrx_word' id='word_1_271' title='bbox 1131 1981 1481 2034; x_wconf 86' lang='lat' dir='ltr'><strong>Divinitatem</strong></span> <span class='ocrx_word' id='word_1_272' title='bbox 1510 1981 1656 2035; x_wconf 87' lang='lat' dir='ltr'><strong>cultu</strong></span> <span class='ocrx_word' id='word_1_273' title='bbox 1685 1997 1774 2035; x_wconf 89' lang='lat' dir='ltr'><strong>res</strong></span> <span class='ocrx_word' id='word_1_274' title='bbox 1801 1981 1918 2036; x_wconf 83' lang='lat' dir='ltr'><strong>illas</strong></span> <span class='ocrx_word' id='word_1_275' title='bbox 1960 1996 2046 2036; x_wconf 89' lang='lat' dir='ltr'><strong>re-</strong></span> 
     </span>
    </p>
   </div>
   <div class='ocr_carea' id='block_1_38' title="bbox 467 2073 2045 2144">
    <p class='ocr_par' dir='ltr' id='par_1_38' title="bbox 467 2073 2045 2144">
     <span class='ocr_line' id='line_1_38' title="bbox 467 2073 2045 2144; baseline 0.002 -19"><span class='ocrx_word' id='word_1_276' title='bbox 467 2073 692 2144; x_wconf 80' lang='lat' dir='ltr'><strong>jicimus</strong></span> <span class='ocrx_word' id='word_1_277' title='bbox 752 2083 809 2126; x_wconf 93' lang='lat' dir='ltr'><strong>ut</strong></span> <span class='ocrx_word' id='word_1_278' title='bbox 849 2074 1026 2141; x_wconf 83' lang='lat' dir='ltr'><strong>magis</strong></span> <span class='ocrx_word' id='word_1_279' title='bbox 1085 2073 1472 2126; x_wconf 86' lang='lat' dir='ltr'><strong>convenientes</strong></span> <span class='ocrx_word' id='word_1_280' title='bbox 1529 2073 1814 2128; x_wconf 76' lang='lat' dir='ltr'><strong>daemoniis</strong></span> <span class='ocrx_word' id='word_1_281' title='bbox 1864 2074 2045 2128; x_wconf 83' lang='lat' dir='ltr'><strong>nescio</strong></span> 
     </span>
    </p>
   </div>
   <div class='ocr_carea' id='block_1_39' title="bbox 475 2164 2050 2234">
    <p class='ocr_par' dir='ltr' id='par_1_39' title="bbox 475 2164 2050 2234">
     <span class='ocr_line' id='line_1_39' title="bbox 475 2164 2050 2234; baseline -0.004 -15"><span class='ocrx_word' id='word_1_282' title='bbox 475 2166 746 2234; x_wconf 90' lang='lat' dir='ltr'><strong>quomodo</strong></span> <span class='ocrx_word' id='word_1_283' title='bbox 776 2164 1110 2219; x_wconf 79' lang='lat' dir='ltr'><strong>consecratis</strong></span> <span class='ocrx_word' id='word_1_284' title='bbox 1134 2166 1370 2233; x_wconf 78' lang='lat' dir='ltr'><strong>quodam</strong></span> <span class='ocrx_word' id='word_1_285' title='bbox 1405 2165 1456 2217; x_wconf 89' lang='lat' dir='ltr'><strong>in</strong></span> <span class='ocrx_word' id='word_1_286' title='bbox 1494 2164 1649 2231; x_wconf 92' lang='lat' dir='ltr'><strong>loco,</strong></span> <span class='ocrx_word' id='word_1_287' title='bbox 1697 2180 1856 2234; x_wconf 89' lang='lat' dir='ltr'><strong>quem</strong></span> <span class='ocrx_word' id='word_1_288' title='bbox 1895 2176 2050 2222; x_wconf 59' lang='lat' dir='ltr'><strong>caete.</strong></span> 
     </span>
    </p>
   </div>
   <div class='ocr_carea' id='block_1_40' title="bbox 475 2255 2047 2326">
    <p class='ocr_par' dir='ltr' id='par_1_40' title="bbox 475 2255 2047 2326">
     <span class='ocr_line' id='line_1_40' title="bbox 475 2255 2047 2326; baseline 0 -16"><span class='ocrx_word' id='word_1_289' title='bbox 475 2257 551 2310; x_wconf 86' lang='lat' dir='ltr'><strong>ris</strong></span> <span class='ocrx_word' id='word_1_290' title='bbox 587 2255 961 2325; x_wconf 75' lang='lat' dir='ltr'><strong>pnetulerunt,</strong></span> <span class='ocrx_word' id='word_1_291' title='bbox 994 2265 1087 2308; x_wconf 92' lang='lat' dir='ltr'><strong>aut</strong></span> <span class='ocrx_word' id='word_1_292' title='bbox 1119 2257 1172 2308; x_wconf 91' lang='lat' dir='ltr'><strong>in</strong></span> <span class='ocrx_word' id='word_1_293' title='bbox 1209 2269 1316 2323; x_wconf 89' lang='lat' dir='ltr'><strong>quo</strong></span> <span class='ocrx_word' id='word_1_294' title='bbox 1348 2255 1791 2310; x_wconf 83' lang='lat' dir='ltr'><strong>lixeruntsedem</strong></span> <span class='ocrx_word' id='word_1_295' title='bbox 1821 2257 2047 2326; x_wconf 82' lang='lat' dir='ltr'><strong>quibus-</strong></span> 
     </span>
    </p>
   </div>
   <div class='ocr_carea' id='block_1_41' title="bbox 474 2345 2044 2417">
    <p class='ocr_par' dir='ltr' id='par_1_41' title="bbox 474 2345 2044 2417">
     <span class='ocr_line' id='line_1_41' title="bbox 474 2345 2044 2417; baseline 0.003 -19"><span class='ocrx_word' id='word_1_296' title='bbox 474 2346 598 2399; x_wconf 87' lang='lat' dir='ltr'><strong>dam</strong></span> <span class='ocrx_word' id='word_1_297' title='bbox 633 2346 907 2417; x_wconf 88' lang='lat' dir='ltr'><strong>mysteriis</strong></span> <span class='ocrx_word' id='word_1_298' title='bbox 948 2345 1128 2400; x_wconf 85' lang='lat' dir='ltr'><strong>allecti</strong></span> <span class='ocrx_word' id='word_1_299' title='bbox 1154 2355 1208 2399; x_wconf 90' lang='lat' dir='ltr'><strong>et</strong></span> <span class='ocrx_word' id='word_1_300' title='bbox 1239 2346 1469 2413; x_wconf 81' lang='lat' dir='ltr'><strong>magicis</strong></span> <span class='ocrx_word' id='word_1_301' title='bbox 1504 2345 1715 2400; x_wconf 87' lang='lat' dir='ltr'><strong>artibus</strong></span> <span class='ocrx_word' id='word_1_302' title='bbox 1739 2349 2002 2402; x_wconf 87' lang='lat' dir='ltr'><strong>incantati</strong></span> <span class='ocrx_word' id='word_1_303' title='bbox 2031 2365 2044 2402; x_wconf 91' lang='lat'>:</span> 
     </span>
    </p>
   </div>
   <div class='ocr_carea' id='block_1_42' title="bbox 473 2434 2047 2505">
    <p class='ocr_par' dir='ltr' id='par_1_42' title="bbox 473 2434 2047 2505">
     <span class='ocr_line' id='line_1_42' title="bbox 473 2434 2047 2505; baseline 0.002 -16"><span class='ocrx_word' id='word_1_304' title='bbox 473 2445 528 2490; x_wconf 83' lang='lat' dir='ltr'><strong>et</strong></span> <span class='ocrx_word' id='word_1_305' title='bbox 547 2434 729 2490; x_wconf 79' lang='lat' dir='ltr'><strong>Jesum</strong></span> <span class='ocrx_word' id='word_1_306' title='bbox 766 2435 1125 2497; x_wconf 82' lang='lat' dir='ltr'><strong>admiramur,</strong></span> <span class='ocrx_word' id='word_1_307' title='bbox 1151 2437 1240 2505; x_wconf 87' lang='lat' dir='ltr'><strong>qui</strong></span> <span class='ocrx_word' id='word_1_308' title='bbox 1269 2445 1504 2490; x_wconf 87' lang='lat' dir='ltr'><strong>mentem</strong></span> <span class='ocrx_word' id='word_1_309' title='bbox 1541 2447 1782 2492; x_wconf 84' lang='lat' dir='ltr'><strong>nostram</strong></span> <span class='ocrx_word' id='word_1_310' title='bbox 1806 2438 1873 2491; x_wconf 90' lang='lat' dir='ltr'><strong>ab</strong></span> <span class='ocrx_word' id='word_1_311' title='bbox 1902 2440 2047 2493; x_wconf 89' lang='lat' dir='ltr'><strong>omni</strong></span> 
     </span>
    </p>
   </div>
   <div class='ocr_carea' id='block_1_43' title="bbox 474 2528 2049 2599">
    <p class='ocr_par' dir='ltr' id='par_1_43' title="bbox 474 2528 2049 2599">
     <span class='ocr_line' id='line_1_43' title="bbox 474 2528 2049 2599; baseline 0 -17"><span class='ocrx_word' id='word_1_312' title='bbox 474 2544 555 2592; x_wconf 86' lang='lat' dir='ltr'><strong>re,</strong></span> <span class='ocrx_word' id='word_1_313' title='bbox 581 2543 703 2597; x_wconf 66' lang='lat' dir='ltr'><strong>quae</strong></span> <span class='ocrx_word' id='word_1_314' title='bbox 726 2529 824 2583; x_wconf 91' lang='lat' dir='ltr'><strong>sub</strong></span> <span class='ocrx_word' id='word_1_315' title='bbox 855 2543 1051 2583; x_wconf 88' lang='lat' dir='ltr'><strong>sensus</strong></span> <span class='ocrx_word' id='word_1_316' title='bbox 1084 2528 1252 2592; x_wconf 87' lang='lat' dir='ltr'><strong>cadit,</strong></span> <span class='ocrx_word' id='word_1_317' title='bbox 1291 2537 1348 2582; x_wconf 92' lang='lat' dir='ltr'><strong>ut</strong></span> <span class='ocrx_word' id='word_1_318' title='bbox 1374 2543 1478 2583; x_wconf 89' lang='lat' dir='ltr'><strong>non</strong></span> <span class='ocrx_word' id='word_1_319' title='bbox 1507 2529 1685 2583; x_wconf 91' lang='lat' dir='ltr'><strong>solum</strong></span> <span class='ocrx_word' id='word_1_320' title='bbox 1709 2529 2049 2599; x_wconf 89' lang='lat' dir='ltr'><strong>corruptioni</strong></span> 
     </span>
    </p>
   </div>
   <div class='ocr_carea' id='block_1_44' title="bbox 475 2619 2052 2688">
    <p class='ocr_par' dir='ltr' id='par_1_44' title="bbox 475 2619 2052 2688">
     <span class='ocr_line' id='line_1_44' title="bbox 475 2619 2052 2688; baseline 0.001 -16"><span class='ocrx_word' id='word_1_321' title='bbox 475 2619 735 2682; x_wconf 78' lang='lat' dir='ltr'><strong>obnoxia,</strong></span> <span class='ocrx_word' id='word_1_322' title='bbox 766 2620 860 2674; x_wconf 87' lang='lat' dir='ltr'><strong>sed</strong></span> <span class='ocrx_word' id='word_1_323' title='bbox 883 2619 1048 2672; x_wconf 90' lang='lat' dir='ltr'><strong>etiam</strong></span> <span class='ocrx_word' id='word_1_324' title='bbox 1070 2620 1496 2688; x_wconf 81' lang='lat' dir='ltr'><strong>corrumpenda,</strong></span> <span class='ocrx_word' id='word_1_325' title='bbox 1529 2631 1820 2676; x_wconf 87' lang='lat' dir='ltr'><strong>avocatam</strong></span> <span class='ocrx_word' id='word_1_326' title='bbox 1869 2622 2052 2676; x_wconf 87' lang='lat' dir='ltr'><strong>tradu-</strong></span> 
     </span>
    </p>
   </div>
   <div class='ocr_carea' id='block_1_45' title="bbox 476 2709 2053 2780">
    <p class='ocr_par' dir='ltr' id='par_1_45' title="bbox 476 2709 2053 2780">
     <span class='ocr_line' id='line_1_45' title="bbox 476 2709 2053 2780; baseline 0.001 -16"><span class='ocrx_word' id='word_1_327' title='bbox 476 2710 643 2764; x_wconf 74' lang='lat' dir='ltr'><strong>xitad</strong></span> <span class='ocrx_word' id='word_1_328' title='bbox 673 2709 878 2764; x_wconf 91' lang='lat' dir='ltr'><strong>cultum</strong></span> <span class='ocrx_word' id='word_1_329' title='bbox 913 2709 1023 2763; x_wconf 93' lang='lat' dir='ltr'><strong>Deo</strong></span> <span class='ocrx_word' id='word_1_330' title='bbox 1069 2709 1416 2764; x_wconf 88' lang='lat' dir='ltr'><strong>tribuendqu</strong></span> <span class='ocrx_word' id='word_1_331' title='bbox 1464 2710 1614 2780; x_wconf 92' lang='lat' dir='ltr'><strong>puris</strong></span> <span class='ocrx_word' id='word_1_332' title='bbox 1659 2711 1903 2765; x_wconf 92' lang='lat' dir='ltr'><strong>moribus</strong></span> <span class='ocrx_word' id='word_1_333' title='bbox 1929 2725 2053 2779; x_wconf 85' lang='lat' dir='ltr'><strong>pre-</strong></span> 
     </span>
    </p>
   </div>
   <div class='ocr_carea' id='block_1_46' title="bbox 477 2801 2048 2872">
    <p class='ocr_par' dir='ltr' id='par_1_46' title="bbox 477 2801 2048 2872">
     <span class='ocr_line' id='line_1_46' title="bbox 477 2801 2048 2872; baseline -0.001 -16"><span class='ocrx_word' id='word_1_334' title='bbox 477 2803 762 2871; x_wconf 86' lang='lat' dir='ltr'><strong>cibusque,</strong></span> <span class='ocrx_word' id='word_1_335' title='bbox 800 2816 936 2872; x_wconf 82' lang='lat' dir='ltr'><strong>quas</strong></span> <span class='ocrx_word' id='word_1_336' title='bbox 959 2802 1034 2856; x_wconf 93' lang='lat' dir='ltr'><strong>illi</strong></span> <span class='ocrx_word' id='word_1_337' title='bbox 1066 2801 1291 2856; x_wconf 90' lang='lat' dir='ltr'><strong>ferimus</strong></span> <span class='ocrx_word' id='word_1_338' title='bbox 1322 2816 1418 2870; x_wconf 90' lang='lat' dir='ltr'><strong>per</strong></span> <span class='ocrx_word' id='word_1_339' title='bbox 1453 2816 1602 2868; x_wconf 93' lang='lat' dir='ltr'><strong>eum,</strong></span> <span class='ocrx_word' id='word_1_340' title='bbox 1633 2803 1720 2871; x_wconf 91' lang='lat' dir='ltr'><strong>qui</strong></span> <span class='ocrx_word' id='word_1_341' title='bbox 1752 2802 2048 2870; x_wconf 79' lang='lat' dir='ltr'><strong>ingenitam</strong></span> 
     </span>
    </p>
   </div>
   <div class='ocr_carea' id='block_1_47' title="bbox 475 2893 2052 2963">
    <p class='ocr_par' dir='ltr' id='par_1_47' title="bbox 475 2893 2052 2963">
     <span class='ocr_line' id='line_1_47' title="bbox 475 2893 2052 2963; baseline -0.001 -15"><span class='ocrx_word' id='word_1_342' title='bbox 475 2893 621 2948; x_wconf 88' lang='lat' dir='ltr'><strong>inter</strong></span> <span class='ocrx_word' id='word_1_343' title='bbox 671 2902 724 2949; x_wconf 90' lang='lat' dir='ltr'><strong>et</strong></span> <span class='ocrx_word' id='word_1_344' title='bbox 773 2895 1010 2963; x_wconf 83' lang='lat' dir='ltr'><strong>genitam</strong></span> <span class='ocrx_word' id='word_1_345' title='bbox 1047 2903 1298 2948; x_wconf 86' lang='lat' dir='ltr'><strong>naturam</strong></span> <span class='ocrx_word' id='word_1_346' title='bbox 1348 2893 1515 2948; x_wconf 84' lang='lat' dir='ltr'><strong>veluti</strong></span> <span class='ocrx_word' id='word_1_347' title='bbox 1552 2895 1760 2949; x_wconf 88' lang='lat' dir='ltr'><strong>medius</strong></span> <span class='ocrx_word' id='word_1_348' title='bbox 1786 2931 1803 2959; x_wconf 88' lang='lat'><strong>,</strong></span> <span class='ocrx_word' id='word_1_349' title='bbox 1845 2894 1912 2946; x_wconf 90' lang='lat' dir='ltr'><strong>ad</strong></span> <span class='ocrx_word' id='word_1_350' title='bbox 1954 2908 2052 2947; x_wconf 92' lang='lat' dir='ltr'><strong>nos</strong></span> 
     </span>
    </p>
   </div>
   <div class='ocr_carea' id='block_1_48' title="bbox 479 2983 2052 3051">
    <p class='ocr_par' dir='ltr' id='par_1_48' title="bbox 479 2983 2052 3051">
     <span class='ocr_line' id='line_1_48' title="bbox 479 2983 2052 3051; baseline 0.001 -13"><span class='ocrx_word' id='word_1_351' title='bbox 479 2983 656 3039; x_wconf 81' lang='lat' dir='ltr'><strong>defert</strong></span> <span class='ocrx_word' id='word_1_352' title='bbox 683 2984 862 3040; x_wconf 87' lang='lat' dir='ltr'><strong>Patris</strong></span> <span class='ocrx_word' id='word_1_353' title='bbox 889 2983 1184 3051; x_wconf 87' lang='lat' dir='ltr'><strong>beneficia,</strong></span> <span class='ocrx_word' id='word_1_354' title='bbox 1227 2994 1281 3040; x_wconf 90' lang='lat' dir='ltr'><strong>et</strong></span> <span class='ocrx_word' id='word_1_355' title='bbox 1315 2985 1622 3040; x_wconf 85' lang='lat' dir='ltr'><strong>sacerdotis</strong></span> <span class='ocrx_word' id='word_1_356' title='bbox 1655 2999 1806 3040; x_wconf 89' lang='lat' dir='ltr'><strong>more</strong></span> <span class='ocrx_word' id='word_1_357' title='bbox 1841 2993 2052 3040; x_wconf 86' lang='lat' dir='ltr'><strong>nostras</strong></span> 
     </span>
    </p>
   </div>
   <div class='ocr_carea' id='block_1_49' title="bbox 481 3078 1540 3148">
    <p class='ocr_par' dir='ltr' id='par_1_49' title="bbox 481 3078 1540 3148">
     <span class='ocr_line' id='line_1_49' title="bbox 481 3078 1540 3148; baseline 0.001 -16"><span class='ocrx_word' id='word_1_358' title='bbox 481 3080 549 3132; x_wconf 87' lang='lat' dir='ltr'><strong>ad</strong></span> <span class='ocrx_word' id='word_1_359' title='bbox 581 3093 854 3132; x_wconf 91' lang='lat' dir='ltr'><strong>summum</strong></span> <span class='ocrx_word' id='word_1_360' title='bbox 882 3078 1048 3131; x_wconf 86' lang='lat' dir='ltr'><strong>Deum</strong></span> <span class='ocrx_word' id='word_1_361' title='bbox 1088 3078 1291 3147; x_wconf 79' lang='lat' dir='ltr'><strong>perfert</strong></span> <span class='ocrx_word' id='word_1_362' title='bbox 1325 3093 1540 3148; x_wconf 88' lang='lat' dir='ltr'><strong>preces.</strong></span> 
     </span>
    </p>
   </div>
   <div class='ocr_carea' id='block_1_50' title="bbox 2146 1801 3728 1874">
    <p class='ocr_par' dir='ltr' id='par_1_50' title="bbox 2146 1801 3728 1874">
     <span class='ocr_line' id='line_1_50' title="bbox 2146 1801 3728 1874; baseline -0.003 -18"><span class='ocrx_word' id='word_1_363' title='bbox 2146 1805 2236 1858; x_wconf 82' lang='grc' dir='ltr'><strong>τὸν</strong></span> <span class='ocrx_word' id='word_1_364' title='bbox 2296 1805 2660 1874; x_wconf 81' lang='grc' dir='ltr'>Ἀμφιάρεων,</span> <span class='ocrx_word' id='word_1_365' title='bbox 2719 1802 2815 1856; x_wconf 66' lang='lat' dir='ltr'><strong>xai.</strong></span> <span class='ocrx_word' id='word_1_366' title='bbox 2853 1801 3137 1864; x_wconf 86' lang='grc' dir='ltr'>Λεϐαδίοις</span> <span class='ocrx_word' id='word_1_367' title='bbox 3180 1803 3269 1855; x_wconf 88' lang='grc' dir='ltr'><strong>τὸν</strong></span> <span class='ocrx_word' id='word_1_368' title='bbox 3319 1801 3654 1872; x_wconf 77' lang='grc' dir='ltr'>Τροφώνιον.</span> <span class='ocrx_word' id='word_1_369' title='bbox 3709 1821 3728 1852; x_wconf 75' lang='grc' dir='ltr'><strong>ι</strong></span> 
     </span>
    </p>
   </div>
   <div class='ocr_carea' id='block_1_51' title="bbox 2148 1893 3738 1965">
    <p class='ocr_par' dir='ltr' id='par_1_51' title="bbox 2148 1893 3738 1965">
     <span class='ocr_line' id='line_1_51' title="bbox 2148 1893 3738 1965; baseline -0.003 -15"><span class='ocrx_word' id='word_1_370' title='bbox 2148 1898 2259 1950; x_wconf 80' lang='grc' dir='ltr'><strong>Καὶ</strong></span> <span class='ocrx_word' id='word_1_371' title='bbox 2288 1900 2345 1950; x_wconf 88' lang='grc' dir='ltr'><strong>ἐν</strong></span> <span class='ocrx_word' id='word_1_372' title='bbox 2375 1897 2582 1959; x_wconf 81' lang='grc' dir='ltr'>τούτοις</span> <span class='ocrx_word' id='word_1_373' title='bbox 2610 1895 2665 1948; x_wconf 80' lang='grc' dir='ltr'><strong>δὲ</strong></span> <span class='ocrx_word' id='word_1_374' title='bbox 2686 1895 2977 1965; x_wconf 82' lang='grc' dir='ltr'>ἐλέγξομεν</span> <span class='ocrx_word' id='word_1_375' title='bbox 3007 1895 3167 1948; x_wconf 78' lang='grc' dir='ltr'>αὑτὸν</span> <span class='ocrx_word' id='word_1_376' title='bbox 3195 1895 3295 1946; x_wconf 82' lang='grc' dir='ltr'><strong>οὐκ</strong></span> <span class='ocrx_word' id='word_1_377' title='bbox 3325 1893 3563 1961; x_wconf 75' lang='grc' dir='ltr'>εὐλόγως</span> <span class='ocrx_word' id='word_1_378' title='bbox 3583 1895 3738 1963; x_wconf 72' lang='grc' dir='ltr'>ἡμᾶς</span> 
     </span>
    </p>
   </div>
   <div class='ocr_carea' id='block_1_52' title="bbox 2148 1983 3737 2060">
    <p class='ocr_par' dir='ltr' id='par_1_52' title="bbox 2148 1983 3737 2060">
     <span class='ocr_line' id='line_1_52' title="bbox 2148 1983 3737 2060; baseline -0.004 -19"><span class='ocrx_word' id='word_1_379' title='bbox 2148 1987 2488 2060; x_wconf 81' lang='grc' dir='ltr'>ὁμοιώσαντα</span> <span class='ocrx_word' id='word_1_380' title='bbox 2539 1991 2654 2052; x_wconf 82' lang='grc' dir='ltr'>τοῖς</span> <span class='ocrx_word' id='word_1_381' title='bbox 2715 1985 3158 2058; x_wconf 74' lang='grc' dir='ltr'>προειρημένοις.</span> <span class='ocrx_word' id='word_1_382' title='bbox 3197 1985 3260 2038; x_wconf 90' lang='grc' dir='ltr'><strong>Οἱ</strong></span> <span class='ocrx_word' id='word_1_383' title='bbox 3305 1985 3400 2054; x_wconf 81' lang='grc' dir='ltr'><strong>μὲν</strong></span> <span class='ocrx_word' id='word_1_384' title='bbox 3446 1984 3556 2055; x_wconf 82' lang='grc' dir='ltr'><strong>γὰρ</strong></span> <span class='ocrx_word' id='word_1_385' title='bbox 3596 1983 3737 2045; x_wconf 85' lang='grc' dir='ltr'>νεὼς</span> 
     </span>
    </p>
   </div>
   <div class='ocr_carea' id='block_1_53' title="bbox 2149 2075 3732 2149">
    <p class='ocr_par' dir='ltr' id='par_1_53' title="bbox 2149 2075 3732 2149">
     <span class='ocr_line' id='line_1_53' title="bbox 2149 2075 3732 2149; baseline -0.004 -16"><span class='ocrx_word' id='word_1_386' title='bbox 2149 2081 2244 2133; x_wconf 75' lang='grc' dir='ltr'><strong>καὶ</strong></span> <span class='ocrx_word' id='word_1_387' title='bbox 2289 2079 2580 2149; x_wconf 81' lang='grc' dir='ltr'>ἀγάλματα</span> <span class='ocrx_word' id='word_1_388' title='bbox 2631 2079 3042 2131; x_wconf 80' lang='grc' dir='ltr'>κατεσκεύασαν</span> <span class='ocrx_word' id='word_1_389' title='bbox 3089 2079 3203 2139; x_wconf 85' lang='grc' dir='ltr'>τοῖς</span> <span class='ocrx_word' id='word_1_390' title='bbox 3261 2075 3732 2145; x_wconf 78' lang='grc' dir='ltr'>κατειλεγμένοις·</span> 
     </span>
    </p>
   </div>
   <div class='ocr_carea' id='block_1_54' title="bbox 2151 2165 3733 2242">
    <p class='ocr_par' dir='ltr' id='par_1_54' title="bbox 2151 2165 3733 2242">
     <span class='ocr_line' id='line_1_54' title="bbox 2151 2165 3733 2242; baseline -0.004 -19"><span class='ocrx_word' id='word_1_391' title='bbox 2151 2172 2310 2242; x_wconf 85' lang='grc' dir='ltr'>ἡμεῖς</span> <span class='ocrx_word' id='word_1_392' title='bbox 2336 2171 2411 2234; x_wconf 85' lang='grc' dir='ltr'><strong>δὲ,</strong></span> <span class='ocrx_word' id='word_1_393' title='bbox 2441 2171 2540 2240; x_wconf 83' lang='grc' dir='ltr'>τὴν</span> <span class='ocrx_word' id='word_1_394' title='bbox 2567 2171 2654 2223; x_wconf 85' lang='grc' dir='ltr'>διὰ</span> <span class='ocrx_word' id='word_1_395' title='bbox 2682 2170 2788 2223; x_wconf 84' lang='grc' dir='ltr'><strong>τῶν</strong></span> <span class='ocrx_word' id='word_1_396' title='bbox 2825 2169 3080 2222; x_wconf 81' lang='grc' dir='ltr'>τοιούτων</span> <span class='ocrx_word' id='word_1_397' title='bbox 3113 2168 3278 2238; x_wconf 81' lang='grc' dir='ltr'>τιμὴν</span> <span class='ocrx_word' id='word_1_398' title='bbox 3308 2167 3591 2229; x_wconf 81' lang='grc' dir='ltr'>ἀνελόντες</span> <span class='ocrx_word' id='word_1_399' title='bbox 3621 2165 3733 2218; x_wconf 74' lang='grc' dir='ltr'><strong>ἀπὸ</strong></span> 
     </span>
    </p>
   </div>
   <div class='ocr_carea' id='block_1_55' title="bbox 2149 2257 3730 2332">
    <p class='ocr_par' dir='ltr' id='par_1_55' title="bbox 2149 2257 3730 2332">
     <span class='ocr_line' id='line_1_55' title="bbox 2149 2257 3730 2332; baseline -0.004 -18"><span class='ocrx_word' id='word_1_400' title='bbox 2149 2262 2243 2314; x_wconf 88' lang='grc' dir='ltr'><strong>τοῦ</strong></span> <span class='ocrx_word' id='word_1_401' title='bbox 2275 2261 2440 2325; x_wconf 84' lang='grc' dir='ltr'>θείου,</span> <span class='ocrx_word' id='word_1_402' title='bbox 2476 2261 2570 2331; x_wconf 83' lang='grc' dir='ltr'><strong>(ὡς</strong></span> <span class='ocrx_word' id='word_1_403' title='bbox 2617 2260 2962 2332; x_wconf 75' lang='grc' dir='ltr'>ἁρμοζόντων</span> <span class='ocrx_word' id='word_1_404' title='bbox 2995 2259 3105 2329; x_wconf 72' lang='grc'>(54)</span> <span class='ocrx_word' id='word_1_405' title='bbox 3154 2257 3354 2328; x_wconf 84' lang='grc' dir='ltr'>μᾶλλον</span> <span class='ocrx_word' id='word_1_406' title='bbox 3395 2257 3730 2326; x_wconf 83' lang='grc' dir='ltr'>δαιμονίοις,</span> 
     </span>
    </p>
   </div>
   <div class='ocr_carea' id='block_1_56' title="bbox 2151 2347 3732 2421">
    <p class='ocr_par' dir='ltr' id='par_1_56' title="bbox 2151 2347 3732 2421">
     <span class='ocr_line' id='line_1_56' title="bbox 2151 2347 3732 2421; baseline -0.005 -16"><span class='ocrx_word' id='word_1_407' title='bbox 2151 2353 2250 2405; x_wconf 78' lang='grc' dir='ltr'><strong>οὐκ</strong></span> <span class='ocrx_word' id='word_1_408' title='bbox 2275 2347 2368 2404; x_wconf 79' lang='grc' dir='ltr'>οἷδ’</span> <span class='ocrx_word' id='word_1_409' title='bbox 2387 2353 2533 2414; x_wconf 84' lang='grc' dir='ltr'>ὅπως</span> <span class='ocrx_word' id='word_1_410' title='bbox 2561 2350 2861 2421; x_wconf 86' lang='grc' dir='ltr'>ἱδρυμένοις</span> <span class='ocrx_word' id='word_1_411' title='bbox 2888 2349 2944 2402; x_wconf 76' lang='grc' dir='ltr'><strong>ἐν</strong></span> <span class='ocrx_word' id='word_1_412' title='bbox 2964 2366 3069 2402; x_wconf 92' lang='grc' dir='ltr'>τινι</span> <span class='ocrx_word' id='word_1_413' title='bbox 3097 2348 3268 2417; x_wconf 84' lang='grc' dir='ltr'>τόπῳ,</span> <span class='ocrx_word' id='word_1_414' title='bbox 3301 2347 3358 2399; x_wconf 89' lang='grc' dir='ltr'>ὂν</span> <span class='ocrx_word' id='word_1_415' title='bbox 3379 2347 3496 2416; x_wconf 70' lang='grc' dir='ltr'>ἤτοι</span> <span class='ocrx_word' id='word_1_416' title='bbox 3532 2361 3732 2416; x_wconf 81' lang='grc' dir='ltr'><strong>πρωια⁹</strong></span> 
     </span>
    </p>
   </div>
   <div class='ocr_carea' id='block_1_57' title="bbox 2151 2437 3731 2512">
    <p class='ocr_par' dir='ltr' id='par_1_57' title="bbox 2151 2437 3731 2512">
     <span class='ocr_line' id='line_1_57' title="bbox 2151 2437 3731 2512; baseline -0.004 -18"><span class='ocrx_word' id='word_1_417' title='bbox 2151 2441 2617 2512; x_wconf 83' lang='grc' dir='ltr'>ταλαμϐἀνουσιν,</span> <span class='ocrx_word' id='word_1_418' title='bbox 2665 2441 2698 2510; x_wconf 76' lang='grc' dir='ltr'><strong>ἢ</strong></span> <span class='ocrx_word' id='word_1_419' title='bbox 2735 2439 2824 2493; x_wconf 87' lang='grc' dir='ltr'><strong>διά</strong></span> <span class='ocrx_word' id='word_1_420' title='bbox 2866 2457 3025 2492; x_wconf 90' lang='grc' dir='ltr'>τινων</span> <span class='ocrx_word' id='word_1_421' title='bbox 3066 2437 3295 2490; x_wconf 82' lang='grc' dir='ltr'>τελετῶν</span> <span class='ocrx_word' id='word_1_422' title='bbox 3329 2437 3584 2508; x_wconf 83' lang='grc' dir='ltr'>ἀχθέντες</span> <span class='ocrx_word' id='word_1_423' title='bbox 3642 2437 3731 2489; x_wconf 65' lang='grc' dir='ltr'><strong>καὶ</strong></span> 
     </span>
    </p>
   </div>
   <div class='ocr_carea' id='block_1_58' title="bbox 2157 2520 3727 2603">
    <p class='ocr_par' dir='ltr' id='par_1_58' title="bbox 2157 2520 3727 2603">
     <span class='ocr_line' id='line_1_58' title="bbox 2157 2520 3727 2603; baseline -0.004 -18"><span class='ocrx_word' id='word_1_424' title='bbox 2157 2530 2502 2603; x_wconf 82' lang='grc' dir='ltr'>μαγγανειῶν</span> <span class='ocrx_word' id='word_1_425' title='bbox 2537 2530 2726 2601; x_wconf 84' lang='grc' dir='ltr'>ὥσπερ</span> <span class='ocrx_word' id='word_1_426' title='bbox 2758 2529 3012 2600; x_wconf 86' lang='grc' dir='ltr'>οίκοῦσι·)</span> <span class='ocrx_word' id='word_1_427' title='bbox 3045 2520 3356 2601; x_wconf 80' lang='grc' dir='ltr'>τεθήπαμεν</span> <span class='ocrx_word' id='word_1_428' title='bbox 3380 2529 3472 2581; x_wconf 87' lang='grc' dir='ltr'><strong>τὸν</strong></span> <span class='ocrx_word' id='word_1_429' title='bbox 3498 2526 3727 2598; x_wconf 78' lang='grc' dir='ltr'>Ἰησοῦν,</span> 
     </span>
    </p>
   </div>
   <div class='ocr_carea' id='block_1_59' title="bbox 2153 2616 3728 2693">
    <p class='ocr_par' dir='ltr' id='par_1_59' title="bbox 2153 2616 3728 2693">
     <span class='ocr_line' id='line_1_59' title="bbox 2153 2616 3728 2693; baseline -0.004 -19"><span class='ocrx_word' id='word_1_430' title='bbox 2153 2622 2244 2674; x_wconf 81' lang='grc' dir='ltr'><strong>τὸν</strong></span> <span class='ocrx_word' id='word_1_431' title='bbox 2279 2620 2401 2676; x_wconf 91' lang='grc' dir='ltr'>νοῦν</span> <span class='ocrx_word' id='word_1_432' title='bbox 2421 2621 2578 2693; x_wconf 84' lang='grc' dir='ltr'>ἡμῶν</span> <span class='ocrx_word' id='word_1_433' title='bbox 2616 2621 2917 2692; x_wconf 84' lang='grc' dir='ltr'>μεταθέντα</span> <span class='ocrx_word' id='word_1_434' title='bbox 2950 2621 3058 2673; x_wconf 74' lang='grc' dir='ltr'><strong>ἀπὺ</strong></span> <span class='ocrx_word' id='word_1_435' title='bbox 3087 2620 3288 2682; x_wconf 83' lang='grc' dir='ltr'>παντὸς</span> <span class='ocrx_word' id='word_1_436' title='bbox 3323 2616 3586 2686; x_wconf 80' lang='grc' dir='ltr'>αἰσθητοῦ</span> <span class='ocrx_word' id='word_1_437' title='bbox 3607 2658 3622 2682; x_wconf 93' lang='grc'><strong>,</strong></span> <span class='ocrx_word' id='word_1_438' title='bbox 3657 2617 3728 2678; x_wconf 85' lang='grc' dir='ltr'>ὡς</span> 
     </span>
    </p>
   </div>
   <div class='ocr_carea' id='block_1_60' title="bbox 2153 2710 3730 2784">
    <p class='ocr_par' dir='ltr' id='par_1_60' title="bbox 2153 2710 3730 2784">
     <span class='ocr_line' id='line_1_60' title="bbox 2153 2710 3730 2784; baseline -0.002 -19"><span class='ocrx_word' id='word_1_439' title='bbox 2153 2713 2212 2765; x_wconf 85' lang='grc' dir='ltr'><strong>ού</strong></span> <span class='ocrx_word' id='word_1_440' title='bbox 2243 2713 2402 2784; x_wconf 88' lang='grc' dir='ltr'>μόνον</span> <span class='ocrx_word' id='word_1_441' title='bbox 2428 2712 2689 2784; x_wconf 82' lang='grc' dir='ltr'>φθαρτοῦ,</span> <span class='ocrx_word' id='word_1_442' title='bbox 2715 2713 2851 2766; x_wconf 84' lang='grc' dir='ltr'><strong>ἀλλά</strong></span> <span class='ocrx_word' id='word_1_443' title='bbox 2883 2713 2977 2767; x_wconf 75' lang='grc' dir='ltr'><strong>καὶ</strong></span> <span class='ocrx_word' id='word_1_444' title='bbox 3002 2711 3414 2784; x_wconf 84' lang='grc' dir='ltr'>φθαρησομένου</span> <span class='ocrx_word' id='word_1_445' title='bbox 3437 2751 3451 2774; x_wconf 95' lang='grc'><strong>,</strong></span> <span class='ocrx_word' id='word_1_446' title='bbox 3483 2712 3578 2762; x_wconf 77' lang='grc' dir='ltr'><strong>καὶ</strong></span> <span class='ocrx_word' id='word_1_447' title='bbox 3603 2710 3730 2762; x_wconf 85' lang='grc' dir='ltr'>ἀνά-</span> 
     </span>
    </p>
   </div>
   <div class='ocr_carea' id='block_1_61' title="bbox 2153 2803 3732 2876">
    <p class='ocr_par' dir='ltr' id='par_1_61' title="bbox 2153 2803 3732 2876">
     <span class='ocr_line' id='line_1_61' title="bbox 2153 2803 3732 2876; baseline -0.003 -18"><span class='ocrx_word' id='word_1_448' title='bbox 2153 2822 2317 2874; x_wconf 88' lang='grc' dir='ltr'>γοντα</span> <span class='ocrx_word' id='word_1_449' title='bbox 2357 2807 2447 2858; x_wconf 77' lang='grc' dir='ltr'><strong>ἐπὶ</strong></span> <span class='ocrx_word' id='word_1_450' title='bbox 2489 2805 2586 2876; x_wconf 77' lang='grc' dir='ltr'><strong>τὴν</strong></span> <span class='ocrx_word' id='word_1_451' title='bbox 2645 2806 2784 2876; x_wconf 86' lang='grc' dir='ltr'>μετὰ</span> <span class='ocrx_word' id='word_1_452' title='bbox 2825 2805 2984 2876; x_wconf 82' lang='grc' dir='ltr'>ὀρθοῦ</span> <span class='ocrx_word' id='word_1_453' title='bbox 3029 2805 3145 2875; x_wconf 85' lang='grc' dir='ltr'>βίου</span> <span class='ocrx_word' id='word_1_454' title='bbox 3180 2803 3314 2875; x_wconf 78' lang='grc' dir='ltr'>πρὸς</span> <span class='ocrx_word' id='word_1_455' title='bbox 3338 2804 3430 2856; x_wconf 81' lang='grc' dir='ltr'><strong>τὸν</strong></span> <span class='ocrx_word' id='word_1_456' title='bbox 3469 2803 3564 2854; x_wconf 74' lang='grc' dir='ltr'><strong>ἐπὶ</strong></span> <span class='ocrx_word' id='word_1_457' title='bbox 3603 2803 3732 2854; x_wconf 73' lang='grc' dir='ltr'>πᾶσι</span> 
     </span>
    </p>
   </div>
   <div class='ocr_carea' id='block_1_62' title="bbox 2154 2893 3732 2967">
    <p class='ocr_par' dir='ltr' id='par_1_62' title="bbox 2154 2893 3732 2967">
     <span class='ocr_line' id='line_1_62' title="bbox 2154 2893 3732 2967; baseline -0.002 -18"><span class='ocrx_word' id='word_1_458' title='bbox 2154 2897 2286 2950; x_wconf 81' lang='grc' dir='ltr'>Θεὸν</span> <span class='ocrx_word' id='word_1_459' title='bbox 2317 2895 2484 2967; x_wconf 85' lang='grc' dir='ltr'>τιμὴν</span> <span class='ocrx_word' id='word_1_460' title='bbox 2535 2899 2650 2964; x_wconf 90' lang='grc' dir='ltr'>μετ’</span> <span class='ocrx_word' id='word_1_461' title='bbox 2685 2895 2896 2966; x_wconf 76' lang='grc' dir='ltr'>εὐχῶν,</span> <span class='ocrx_word' id='word_1_462' title='bbox 2944 2896 3014 2960; x_wconf 72' lang='grc' dir='ltr'>ἃς</span> <span class='ocrx_word' id='word_1_463' title='bbox 3045 2895 3394 2966; x_wconf 81' lang='grc' dir='ltr'>προσάγομεν</span> <span class='ocrx_word' id='word_1_464' title='bbox 3434 2895 3617 2964; x_wconf 78' lang='grc' dir='ltr'>αύτῷ,</span> <span class='ocrx_word' id='word_1_465' title='bbox 3658 2893 3732 2957; x_wconf 88' lang='grc' dir='ltr'>ὠς</span> 
     </span>
    </p>
   </div>
   <div class='ocr_carea' id='block_1_63' title="bbox 2154 2986 3731 3060">
    <p class='ocr_par' dir='ltr' id='par_1_63' title="bbox 2154 2986 3731 3060">
     <span class='ocr_line' id='line_1_63' title="bbox 2154 2986 3731 3060; baseline -0.003 -18"><span class='ocrx_word' id='word_1_466' title='bbox 2154 2988 2242 3042; x_wconf 79' lang='grc' dir='ltr'>διὰ</span> <span class='ocrx_word' id='word_1_467' title='bbox 2270 2987 2472 3060; x_wconf 77' lang='grc' dir='ltr'>μεταξὺ</span> <span class='ocrx_word' id='word_1_468' title='bbox 2496 2989 2649 3052; x_wconf 77' lang='grc' dir='ltr'>ὅντος</span> <span class='ocrx_word' id='word_1_469' title='bbox 2817 2989 2916 3060; x_wconf 83' lang='grc' dir='ltr'>τῆς</span> <span class='ocrx_word' id='word_1_470' title='bbox 2948 2987 3042 3042; x_wconf 89' lang='grc' dir='ltr'><strong>τοῦ</strong></span> <span class='ocrx_word' id='word_1_471' title='bbox 3084 2987 3345 3058; x_wconf 84' lang='grc' dir='ltr'>ἀγενήτου</span> <span class='ocrx_word' id='word_1_472' title='bbox 3380 2989 3595 3057; x_wconf 76' lang='grc' dir='ltr'>καὶτῆς</span> <span class='ocrx_word' id='word_1_473' title='bbox 3628 2986 3731 3040; x_wconf 84' lang='grc' dir='ltr'><strong>τῶν</strong></span> 
     </span>
    </p>
   </div>
   <div class='ocr_carea' id='block_1_64' title="bbox 2157 3079 3732 3152">
    <p class='ocr_par' dir='ltr' id='par_1_64' title="bbox 2157 3079 3732 3152">
     <span class='ocr_line' id='line_1_64' title="bbox 2157 3079 3732 3152; baseline 0.003 -21"><span class='ocrx_word' id='word_1_474' title='bbox 2157 3079 2399 3150; x_wconf 84' lang='grc' dir='ltr'>γενητῶν</span> <span class='ocrx_word' id='word_1_475' title='bbox 2438 3080 2656 3134; x_wconf 79' lang='grc' dir='ltr'>πάντων</span> <span class='ocrx_word' id='word_1_476' title='bbox 2712 3079 2926 3148; x_wconf 81' lang='grc' dir='ltr'>φύσεως</span> <span class='ocrx_word' id='word_1_477' title='bbox 2950 3119 2964 3144; x_wconf 95' lang='grc'><strong>,</strong></span> <span class='ocrx_word' id='word_1_478' title='bbox 3000 3080 3103 3133; x_wconf 74' lang='grc' dir='ltr'>καὶ</span> <span class='ocrx_word' id='word_1_479' title='bbox 3157 3079 3410 3152; x_wconf 82' lang='grc' dir='ltr'>φέροντος</span> <span class='ocrx_word' id='word_1_480' title='bbox 3453 3079 3552 3148; x_wconf 84' lang='grc' dir='ltr'><strong>μὲν</strong></span> <span class='ocrx_word' id='word_1_481' title='bbox 3603 3080 3732 3148; x_wconf 77' lang='grc' dir='ltr'>ἡμῖν</span> 
     </span>
    </p>
   </div>
   <div class='ocr_carea' id='block_1_65' title="bbox 478 3169 3726 3244">
    <p class='ocr_par' dir='ltr' id='par_1_65' title="bbox 478 3169 3726 3244">
     <span class='ocr_line' id='line_1_65' title="bbox 478 3169 3726 3244; baseline 0.001 -20"><span class='ocrx_word' id='word_1_482' title='bbox 478 3170 578 3234; x_wconf 84' lang='grc' dir='ltr'>τὰς</span> <span class='ocrx_word' id='word_1_483' title='bbox 603 3169 818 3223; x_wconf 83' lang='grc' dir='ltr'>ἀπὸτοῦ</span> <span class='ocrx_word' id='word_1_484' title='bbox 845 3169 1054 3239; x_wconf 79' lang='grc' dir='ltr'>[ἰατρὸς</span> <span class='ocrx_word' id='word_1_485' title='bbox 1077 3170 1422 3241; x_wconf 79' lang='grc' dir='ltr'>εὐεργεσίας,</span> <span class='ocrx_word' id='word_1_486' title='bbox 1445 3170 1852 3240; x_wconf 82' lang='grc' dir='ltr'>διακομίζοντος</span> <span class='ocrx_word' id='word_1_487' title='bbox 1872 3169 1915 3222; x_wconf 71' lang='grc' dir='ltr'>δ’</span> <span class='ocrx_word' id='word_1_488' title='bbox 1938 3170 2094 3241; x_wconf 78' lang='grc' dir='ltr'>ἡμῶν</span> <span class='ocrx_word' id='word_1_489' title='bbox 2116 3171 2317 3244; x_wconf 83' lang='grc' dir='ltr'>τρόπον</span> <span class='ocrx_word' id='word_1_490' title='bbox 2351 3173 2652 3244; x_wconf 87' lang='grc' dir='ltr'>ἀρχιερέως</span> <span class='ocrx_word' id='word_1_491' title='bbox 2675 3173 2773 3234; x_wconf 88' lang='grc' dir='ltr'><strong>τάς</strong></span> <span class='ocrx_word' id='word_1_492' title='bbox 2797 3173 2962 3243; x_wconf 87' lang='grc' dir='ltr'>εύχάς</span> <span class='ocrx_word' id='word_1_493' title='bbox 2995 3173 3132 3244; x_wconf 78' lang='grc' dir='ltr'>πρὸς</span> <span class='ocrx_word' id='word_1_494' title='bbox 3165 3173 3255 3226; x_wconf 82' lang='grc' dir='ltr'><strong>τὸν</strong></span> <span class='ocrx_word' id='word_1_495' title='bbox 3283 3173 3375 3225; x_wconf 81' lang='grc' dir='ltr'><strong>ἐπὶ</strong></span> <span class='ocrx_word' id='word_1_496' title='bbox 3411 3174 3544 3224; x_wconf 82' lang='grc' dir='ltr'>πᾶσι</span> <span class='ocrx_word' id='word_1_497' title='bbox 3581 3172 3726 3226; x_wconf 85' lang='grc' dir='ltr'>Θεόν.</span> 
     </span>
    </p>
   </div>
   <div class='ocr_carea' id='block_1_66' title="bbox 551 3261 2056 3332">
    <p class='ocr_par' dir='ltr' id='par_1_66' title="bbox 551 3261 2056 3332">
     <span class='ocr_line' id='line_1_66' title="bbox 551 3261 2056 3332; baseline 0 -16"><span class='ocrx_word' id='word_1_498' title='bbox 551 3262 640 3318; x_wconf 78' lang='grc'><strong>55.</strong></span> <span class='ocrx_word' id='word_1_499' title='bbox 675 3261 782 3316; x_wconf 86' lang='lat' dir='ltr'><strong>Sed</strong></span> <span class='ocrx_word' id='word_1_500' title='bbox 817 3261 1076 3315; x_wconf 85' lang='lat' dir='ltr'><strong>adversus</strong></span> <span class='ocrx_word' id='word_1_501' title='bbox 1101 3275 1224 3315; x_wconf 86' lang='lat' dir='ltr'><strong>cum</strong></span> <span class='ocrx_word' id='word_1_502' title='bbox 1251 3302 1266 3328; x_wconf 93' lang='lat'><strong>,</strong></span> <span class='ocrx_word' id='word_1_503' title='bbox 1302 3263 1393 3330; x_wconf 92' lang='lat' dir='ltr'><strong>qui</strong></span> <span class='ocrx_word' id='word_1_504' title='bbox 1437 3263 1623 3316; x_wconf 88' lang='lat' dir='ltr'><strong>nescio</strong></span> <span class='ocrx_word' id='word_1_505' title='bbox 1648 3278 1754 3332; x_wconf 87' lang='lat' dir='ltr'><strong>qua</strong></span> <span class='ocrx_word' id='word_1_506' title='bbox 1789 3263 1858 3316; x_wconf 89' lang='lat' dir='ltr'><strong>de</strong></span> <span class='ocrx_word' id='word_1_507' title='bbox 1893 3277 2056 3317; x_wconf 84' lang='lat' dir='ltr'><strong>causa</strong></span> 
     </span>
    </p>
   </div>
   <div class='ocr_carea' id='block_1_67' title="bbox 481 3351 2057 3421">
    <p class='ocr_par' dir='ltr' id='par_1_67' title="bbox 481 3351 2057 3421">
     <span class='ocr_line' id='line_1_67' title="bbox 481 3351 2057 3421; baseline -0.001 -11"><span class='ocrx_word' id='word_1_508' title='bbox 481 3357 596 3410; x_wconf 72' lang='lat' dir='ltr'><strong>haec</strong></span> <span class='ocrx_word' id='word_1_509' title='bbox 661 3353 816 3414; x_wconf 90' lang='lat' dir='ltr'><strong>dicit,</strong></span> <span class='ocrx_word' id='word_1_510' title='bbox 876 3351 1066 3406; x_wconf 90' lang='lat' dir='ltr'><strong>lubens</strong></span> <span class='ocrx_word' id='word_1_511' title='bbox 1120 3354 1226 3408; x_wconf 86' lang='lat' dir='ltr'><strong>hoc</strong></span> <span class='ocrx_word' id='word_1_512' title='bbox 1281 3354 1442 3410; x_wconf 90' lang='lat' dir='ltr'><strong>modo</strong></span> <span class='ocrx_word' id='word_1_513' title='bbox 1498 3367 1734 3421; x_wconf 72' lang='lat' dir='ltr'><strong>nugarer</strong></span> <span class='ocrx_word' id='word_1_514' title='bbox 1768 3353 1892 3408; x_wconf 85' lang='lat' dir='ltr'><strong>:An</strong></span> <span class='ocrx_word' id='word_1_515' title='bbox 1924 3353 2057 3408; x_wconf 89' lang='lat' dir='ltr'><strong>nihil</strong></span> 
     </span>
    </p>
   </div>
   <div class='ocr_carea' id='block_1_68' title="bbox 482 3443 2058 3514">
    <p class='ocr_par' dir='ltr' id='par_1_68' title="bbox 482 3443 2058 3514">
     <span class='ocr_line' id='line_1_68' title="bbox 482 3443 2058 3514; baseline -0.003 -12"><span class='ocrx_word' id='word_1_516' title='bbox 482 3455 610 3502; x_wconf 89' lang='lat' dir='ltr'><strong>sunt</strong></span> <span class='ocrx_word' id='word_1_517' title='bbox 639 3446 720 3500; x_wconf 89' lang='lat' dir='ltr'><strong>illi</strong></span> <span class='ocrx_word' id='word_1_518' title='bbox 753 3460 890 3514; x_wconf 89' lang='lat' dir='ltr'><strong>quos</strong></span> <span class='ocrx_word' id='word_1_519' title='bbox 925 3445 1304 3500; x_wconf 87' lang='lat' dir='ltr'><strong>enumerasti?</strong></span> <span class='ocrx_word' id='word_1_520' title='bbox 1342 3443 1561 3498; x_wconf 83' lang='lat' dir='ltr'><strong>Nihilne</strong></span> <span class='ocrx_word' id='word_1_521' title='bbox 1599 3445 1878 3514; x_wconf 80' lang='lat' dir='ltr'><strong>egregium</strong></span> <span class='ocrx_word' id='word_1_522' title='bbox 1925 3444 2058 3499; x_wconf 81' lang='lat' dir='ltr'><strong>facit</strong></span> 
     </span>
    </p>
   </div>
   <div class='ocr_carea' id='block_1_69' title="bbox 483 3538 2054 3610">
    <p class='ocr_par' dir='ltr' id='par_1_69' title="bbox 483 3538 2054 3610">
     <span class='ocr_line' id='line_1_69' title="bbox 483 3538 2054 3610; baseline -0.001 -17"><span class='ocrx_word' id='word_1_523' title='bbox 483 3542 538 3594; x_wconf 91' lang='lat' dir='ltr'><strong>in</strong></span> <span class='ocrx_word' id='word_1_524' title='bbox 571 3540 807 3595; x_wconf 86' lang='lat' dir='ltr'><strong>Lebadia</strong></span> <span class='ocrx_word' id='word_1_525' title='bbox 841 3538 1213 3610; x_wconf 89' lang='lat' dir='ltr'><strong>Trophonius,</strong></span> <span class='ocrx_word' id='word_1_526' title='bbox 1250 3538 1454 3593; x_wconf 83' lang='lat' dir='ltr'><strong>Thebis</strong></span> <span class='ocrx_word' id='word_1_527' title='bbox 1479 3538 1530 3592; x_wconf 91' lang='lat' dir='ltr'><strong>in</strong></span> <span class='ocrx_word' id='word_1_528' title='bbox 1558 3553 1659 3592; x_wconf 92' lang='lat' dir='ltr'><strong>suo</strong></span> <span class='ocrx_word' id='word_1_529' title='bbox 1694 3539 1894 3609; x_wconf 91' lang='lat' dir='ltr'><strong>templo</strong></span> <span class='ocrx_word' id='word_1_530' title='bbox 1921 3539 2054 3592; x_wconf 84' lang='lat' dir='ltr'><strong>Am-</strong></span> 
     </span>
    </p>
   </div>
   <div class='ocr_carea' id='block_1_70' title="bbox 479 3617 2056 3701">
    <p class='ocr_par' dir='ltr' id='par_1_70' title="bbox 479 3617 2056 3701">
     <span class='ocr_line' id='line_1_70' title="bbox 479 3617 2056 3701; baseline -0.003 -14"><span class='ocrx_word' id='word_1_531' title='bbox 479 3633 764 3701; x_wconf 80' lang='lat' dir='ltr'><strong>phiaraus,</strong></span> <span class='ocrx_word' id='word_1_532' title='bbox 822 3634 876 3687; x_wconf 90' lang='lat' dir='ltr'><strong>in</strong></span> <span class='ocrx_word' id='word_1_533' title='bbox 937 3617 1247 3687; x_wconf 77' lang='lat' dir='ltr'><strong>Acarnania</strong></span> <span class='ocrx_word' id='word_1_534' title='bbox 1295 3630 1712 3700; x_wconf 82' lang='lat' dir='ltr'><strong>Atuphiloclius,</strong></span> <span class='ocrx_word' id='word_1_535' title='bbox 1761 3631 1813 3684; x_wconf 93' lang='lat' dir='ltr'><strong>in</strong></span> <span class='ocrx_word' id='word_1_536' title='bbox 1864 3629 2056 3685; x_wconf 82' lang='lat' dir='ltr'><strong>Cilicia</strong></span> 
     </span>
    </p>
   </div>
   <div class='ocr_carea' id='block_1_71' title="bbox 481 3720 2059 3793">
    <p class='ocr_par' dir='ltr' id='par_1_71' title="bbox 481 3720 2059 3793">
     <span class='ocr_line' id='line_1_71' title="bbox 481 3720 2059 3793; baseline 0.001 -19"><span class='ocrx_word' id='word_1_537' title='bbox 481 3721 740 3790; x_wconf 71' lang='lat' dir='ltr'><strong>Mopsus?</strong></span> <span class='ocrx_word' id='word_1_538' title='bbox 765 3721 872 3777; x_wconf 82' lang='lat' dir='ltr'><strong>Ant</strong></span> <span class='ocrx_word' id='word_1_539' title='bbox 895 3731 1052 3777; x_wconf 89' lang='lat' dir='ltr'><strong>estne</strong></span> <span class='ocrx_word' id='word_1_540' title='bbox 1084 3723 1195 3778; x_wconf 89' lang='lat' dir='ltr'><strong>illis</strong></span> <span class='ocrx_word' id='word_1_541' title='bbox 1229 3723 1424 3793; x_wconf 90' lang='lat' dir='ltr'><strong>aliquis</strong></span> <span class='ocrx_word' id='word_1_542' title='bbox 1465 3724 1547 3776; x_wconf 83' lang='lat' dir='ltr'><strong>Vel</strong></span> <span class='ocrx_word' id='word_1_543' title='bbox 1591 3723 1820 3788; x_wconf 78' lang='lat' dir='ltr'><strong>dtetnon,</strong></span> <span class='ocrx_word' id='word_1_544' title='bbox 1845 3721 1929 3776; x_wconf 91' lang='lat' dir='ltr'><strong>vel</strong></span> <span class='ocrx_word' id='word_1_545' title='bbox 1961 3720 2059 3775; x_wconf 91' lang='lat' dir='ltr'><strong>he-</strong></span> 
     </span>
    </p>
   </div>
   <div class='ocr_carea' id='block_1_72' title="bbox 484 3813 2057 3883">
    <p class='ocr_par' dir='ltr' id='par_1_72' title="bbox 484 3813 2057 3883">
     <span class='ocr_line' id='line_1_72' title="bbox 484 3813 2057 3883; baseline -0.003 -15"><span class='ocrx_word' id='word_1_546' title='bbox 484 3828 600 3878; x_wconf 84' lang='lat' dir='ltr'><strong>ros,</strong></span> <span class='ocrx_word' id='word_1_547' title='bbox 632 3814 715 3869; x_wconf 88' lang='lat' dir='ltr'><strong>vel</strong></span> <span class='ocrx_word' id='word_1_548' title='bbox 738 3816 893 3878; x_wconf 89' lang='lat' dir='ltr'><strong>deus,</strong></span> <span class='ocrx_word' id='word_1_549' title='bbox 925 3817 1016 3882; x_wconf 91' lang='lat' dir='ltr'><strong>qui</strong></span> <span class='ocrx_word' id='word_1_550' title='bbox 1048 3816 1343 3883; x_wconf 82' lang='lat' dir='ltr'><strong>quidquam</strong></span> <span class='ocrx_word' id='word_1_551' title='bbox 1365 3858 1379 3881; x_wconf 93' lang='lat'><strong>,</strong></span> <span class='ocrx_word' id='word_1_552' title='bbox 1433 3813 1578 3883; x_wconf 90' lang='lat' dir='ltr'><strong>quod</strong></span> <span class='ocrx_word' id='word_1_553' title='bbox 1614 3815 1756 3866; x_wconf 80' lang='lat' dir='ltr'><strong>vires</strong></span> <span class='ocrx_word' id='word_1_554' title='bbox 1790 3814 2057 3866; x_wconf 85' lang='lat' dir='ltr'><strong>humanas</strong></span> 
     </span>
    </p>
   </div>
   <div class='ocr_carea' id='block_1_73' title="bbox 487 3905 2056 3974">
    <p class='ocr_par' dir='ltr' id='par_1_73' title="bbox 487 3905 2056 3974">
     <span class='ocr_line' id='line_1_73' title="bbox 487 3905 2056 3974; baseline -0.001 -13"><span class='ocrx_word' id='word_1_555' title='bbox 487 3917 728 3974; x_wconf 85' lang='lat' dir='ltr'><strong>superet,</strong></span> <span class='ocrx_word' id='word_1_556' title='bbox 762 3905 1004 3963; x_wconf 74' lang='lat' dir='ltr'><strong>alliciat?</strong></span> <span class='ocrx_word' id='word_1_557' title='bbox 1036 3905 1093 3959; x_wconf 92' lang='lat' dir='ltr'><strong>Si</strong></span> <span class='ocrx_word' id='word_1_558' title='bbox 1121 3907 1267 3960; x_wconf 89' lang='lat' dir='ltr'><strong>enim</strong></span> <span class='ocrx_word' id='word_1_559' title='bbox 1291 3907 1493 3960; x_wconf 84' lang='lat' dir='ltr'><strong>dixerit</strong></span> <span class='ocrx_word' id='word_1_560' title='bbox 1525 3905 1659 3960; x_wconf 89' lang='lat' dir='ltr'><strong>nihil</strong></span> <span class='ocrx_word' id='word_1_561' title='bbox 1687 3918 1810 3960; x_wconf 89' lang='lat' dir='ltr'><strong>esse</strong></span> <span class='ocrx_word' id='word_1_562' title='bbox 1835 3944 1850 3970; x_wconf 93' lang='lat'><strong>,</strong></span> <span class='ocrx_word' id='word_1_563' title='bbox 1879 3918 2056 3973; x_wconf 91' lang='lat' dir='ltr'><strong>neque</strong></span> 
     </span>
    </p>
   </div>
   <div class='ocr_carea' id='block_1_74' title="bbox 485 3998 2058 4068">
    <p class='ocr_par' dir='ltr' id='par_1_74' title="bbox 485 3998 2058 4068">
     <span class='ocr_line' id='line_1_74' title="bbox 485 3998 2058 4068; baseline -0.003 -14"><span class='ocrx_word' id='word_1_564' title='bbox 485 4001 784 4054; x_wconf 65' lang='lat' dir='ltr'><strong>daemonem</strong></span> <span class='ocrx_word' id='word_1_565' title='bbox 810 4042 825 4065; x_wconf 89' lang='lat'><strong>,</strong></span> <span class='ocrx_word' id='word_1_566' title='bbox 876 4015 1057 4068; x_wconf 87' lang='lat' dir='ltr'><strong>neque</strong></span> <span class='ocrx_word' id='word_1_567' title='bbox 1094 3999 1261 4051; x_wconf 91' lang='lat' dir='ltr'><strong>ullum</strong></span> <span class='ocrx_word' id='word_1_568' title='bbox 1300 4014 1543 4062; x_wconf 89' lang='lat' dir='ltr'><strong>numen;</strong></span> <span class='ocrx_word' id='word_1_569' title='bbox 1579 3998 1792 4066; x_wconf 85' lang='lat' dir='ltr'><strong>aperiat</strong></span> <span class='ocrx_word' id='word_1_570' title='bbox 1840 3999 2058 4052; x_wconf 89' lang='lat' dir='ltr'><strong>tandem</strong></span> 
     </span>
    </p>
   </div>
   <div class='ocr_carea' id='block_1_75' title="bbox 483 4086 2057 4161">
    <p class='ocr_par' dir='ltr' id='par_1_75' title="bbox 483 4086 2057 4161">
     <span class='ocr_line' id='line_1_75' title="bbox 483 4086 2057 4161; baseline -0.004 -14"><span class='ocrx_word' id='word_1_571' title='bbox 483 4107 608 4161; x_wconf 68' lang='lat' dir='ltr'><strong>qua:</strong></span> <span class='ocrx_word' id='word_1_572' title='bbox 639 4107 739 4146; x_wconf 90' lang='lat' dir='ltr'><strong>sua</strong></span> <span class='ocrx_word' id='word_1_573' title='bbox 774 4091 846 4146; x_wconf 89' lang='lat' dir='ltr'><strong>sit</strong></span> <span class='ocrx_word' id='word_1_574' title='bbox 871 4092 1144 4144; x_wconf 85' lang='lat' dir='ltr'><strong>sententia</strong></span> <span class='ocrx_word' id='word_1_575' title='bbox 1171 4129 1185 4153; x_wconf 92' lang='lat'><strong>,</strong></span> <span class='ocrx_word' id='word_1_576' title='bbox 1222 4089 1550 4158; x_wconf 85' lang='lat' dir='ltr'><strong>Epicureum</strong></span> <span class='ocrx_word' id='word_1_577' title='bbox 1583 4103 1642 4142; x_wconf 91' lang='lat' dir='ltr'><strong>se</strong></span> <span class='ocrx_word' id='word_1_578' title='bbox 1671 4087 1926 4152; x_wconf 84' lang='lat' dir='ltr'><strong>fateatur,</strong></span> <span class='ocrx_word' id='word_1_579' title='bbox 1962 4086 2057 4157; x_wconf 92' lang='lat' dir='ltr'><strong>qui</strong></span> 
     </span>
    </p>
   </div>
   <div class='ocr_carea' id='block_1_76' title="bbox 484 4179 2059 4254">
    <p class='ocr_par' dir='ltr' id='par_1_76' title="bbox 484 4179 2059 4254">
     <span class='ocr_line' id='line_1_76' title="bbox 484 4179 2059 4254; baseline -0.004 -16"><span class='ocrx_word' id='word_1_580' title='bbox 484 4198 666 4254; x_wconf 90' lang='lat' dir='ltr'><strong>neque</strong></span> <span class='ocrx_word' id='word_1_581' title='bbox 687 4199 808 4238; x_wconf 90' lang='lat' dir='ltr'><strong>cum</strong></span> <span class='ocrx_word' id='word_1_582' title='bbox 846 4181 1054 4237; x_wconf 65' lang='lat' dir='ltr'><strong>Graecis</strong></span> <span class='ocrx_word' id='word_1_583' title='bbox 1081 4181 1270 4235; x_wconf 91' lang='lat' dir='ltr'><strong>eadem</strong></span> <span class='ocrx_word' id='word_1_584' title='bbox 1319 4179 1542 4246; x_wconf 84' lang='lat' dir='ltr'><strong>sentiat,</strong></span> <span class='ocrx_word' id='word_1_585' title='bbox 1581 4193 1754 4247; x_wconf 90' lang='lat' dir='ltr'><strong>neque</strong></span> <span class='ocrx_word' id='word_1_586' title='bbox 1787 4179 2059 4233; x_wconf 58' lang='lat' dir='ltr'><strong>daemones</strong></span> 
     </span>
    </p>
   </div>
   <div class='ocr_carea' id='block_1_77' title="bbox 482 4271 2060 4346">
    <p class='ocr_par' dir='ltr' id='par_1_77' title="bbox 482 4271 2060 4346">
     <span class='ocr_line' id='line_1_77' title="bbox 482 4271 2060 4346; baseline -0.005 -15"><span class='ocrx_word' id='word_1_587' title='bbox 482 4285 772 4346; x_wconf 77' lang='lat' dir='ltr'><strong>agituscat,</strong></span> <span class='ocrx_word' id='word_1_588' title='bbox 798 4289 978 4345; x_wconf 88' lang='lat' dir='ltr'><strong>neque</strong></span> <span class='ocrx_word' id='word_1_589' title='bbox 1016 4273 1235 4328; x_wconf 91' lang='lat' dir='ltr'><strong>eosdem</strong></span> <span class='ocrx_word' id='word_1_590' title='bbox 1263 4287 1327 4326; x_wconf 87' lang='lat' dir='ltr'><strong>ac</strong></span> <span class='ocrx_word' id='word_1_591' title='bbox 1360 4271 1434 4326; x_wconf 92' lang='lat' dir='ltr'><strong>illi</strong></span> <span class='ocrx_word' id='word_1_592' title='bbox 1469 4272 1600 4326; x_wconf 86' lang='lat' dir='ltr'><strong>deos</strong></span> <span class='ocrx_word' id='word_1_593' title='bbox 1633 4280 1924 4325; x_wconf 87' lang='lat' dir='ltr'><strong>veneretur</strong></span> <span class='ocrx_word' id='word_1_594' title='bbox 1956 4287 1968 4324; x_wconf 92' lang='lat'><strong>:</strong></span> <span class='ocrx_word' id='word_1_595' title='bbox 2004 4280 2060 4324; x_wconf 87' lang='lat' dir='ltr'><strong>et</strong></span> 
     </span>
    </p>
   </div>
   <div class='ocr_carea' id='block_1_78' title="bbox 482 4362 2059 4441">
    <p class='ocr_par' dir='ltr' id='par_1_78' title="bbox 482 4362 2059 4441">
     <span class='ocr_line' id='line_1_78' title="bbox 482 4362 2059 4441; baseline -0.004 -18"><span class='ocrx_word' id='word_1_596' title='bbox 482 4370 663 4441; x_wconf 89' lang='lat' dir='ltr'><strong>palam</strong></span> <span class='ocrx_word' id='word_1_597' title='bbox 700 4370 795 4423; x_wconf 86' lang='lat' dir='ltr'><strong>ﬁat</strong></span> <span class='ocrx_word' id='word_1_598' title='bbox 829 4382 970 4422; x_wconf 88' lang='lat' dir='ltr'><strong>vana</strong></span> <span class='ocrx_word' id='word_1_599' title='bbox 1005 4381 1124 4421; x_wconf 87' lang='lat' dir='ltr'><strong>esse</strong></span> <span class='ocrx_word' id='word_1_600' title='bbox 1147 4380 1267 4435; x_wconf 64' lang='lat' dir='ltr'><strong>qua:</strong></span> <span class='ocrx_word' id='word_1_601' title='bbox 1290 4365 1402 4435; x_wconf 85' lang='lat' dir='ltr'><strong>jam</strong></span> <span class='ocrx_word' id='word_1_602' title='bbox 1431 4362 1570 4418; x_wconf 80' lang='lat' dir='ltr'><strong>dixit</strong></span> <span class='ocrx_word' id='word_1_603' title='bbox 1591 4372 1645 4420; x_wconf 91' lang='lat' dir='ltr'><strong>et</strong></span> <span class='ocrx_word' id='word_1_604' title='bbox 1676 4374 1859 4434; x_wconf 89' lang='lat' dir='ltr'><strong>postea</strong></span> <span class='ocrx_word' id='word_1_605' title='bbox 1883 4363 2059 4418; x_wconf 91' lang='lat' dir='ltr'><strong>dictu-</strong></span> 
     </span>
    </p>
   </div>
   <div class='ocr_carea' id='block_1_79' title="bbox 482 4454 2060 4532">
    <p class='ocr_par' dir='ltr' id='par_1_79' title="bbox 482 4454 2060 4532">
     <span class='ocr_line' id='line_1_79' title="bbox 482 4454 2060 4532; baseline -0.006 -15"><span class='ocrx_word' id='word_1_606' title='bbox 482 4477 578 4517; x_wconf 88' lang='lat' dir='ltr'><strong>rus</strong></span> <span class='ocrx_word' id='word_1_607' title='bbox 604 4471 687 4517; x_wconf 85' lang='lat' dir='ltr'><strong>est</strong></span> <span class='ocrx_word' id='word_1_608' title='bbox 719 4459 872 4532; x_wconf 89' lang='lat' dir='ltr'><strong>quasi</strong></span> <span class='ocrx_word' id='word_1_609' title='bbox 908 4473 1038 4513; x_wconf 89' lang='lat' dir='ltr'><strong>vera</strong></span> <span class='ocrx_word' id='word_1_610' title='bbox 1071 4455 1419 4512; x_wconf 84' lang='lat' dir='ltr'><strong>credidisset.</strong></span> <span class='ocrx_word' id='word_1_611' title='bbox 1468 4454 1524 4510; x_wconf 91' lang='lat' dir='ltr'><strong>Si</strong></span> <span class='ocrx_word' id='word_1_612' title='bbox 1573 4455 1716 4510; x_wconf 87' lang='lat' dir='ltr'><strong>dicet</strong></span> <span class='ocrx_word' id='word_1_613' title='bbox 1755 4465 1938 4509; x_wconf 89' lang='lat' dir='ltr'><strong>autem</strong></span> <span class='ocrx_word' id='word_1_614' title='bbox 1967 4463 2060 4508; x_wconf 86' lang='lat' dir='ltr'><strong>aut</strong></span> 
     </span>
    </p>
   </div>
   <div class='ocr_carea' id='block_1_80' title="bbox 2246 3257 3734 3336">
    <p class='ocr_par' dir='ltr' id='par_1_80' title="bbox 2246 3257 3734 3336">
     <span class='ocr_line' id='line_1_80' title="bbox 2246 3257 3734 3336; baseline -0.001 -18"><span class='ocrx_word' id='word_1_615' title='bbox 2246 3264 2572 3336; x_wconf 88' lang='grc' dir='ltr'>Ἐϐουλόμην</span> <span class='ocrx_word' id='word_1_616' title='bbox 2615 3265 2670 3317; x_wconf 81' lang='grc' dir='ltr'>δὲ</span> <span class='ocrx_word' id='word_1_617' title='bbox 2705 3263 2839 3335; x_wconf 81' lang='grc' dir='ltr'>πρὸς</span> <span class='ocrx_word' id='word_1_618' title='bbox 2874 3265 2999 3329; x_wconf 80' lang='grc' dir='ltr'>τὸν,</span> <span class='ocrx_word' id='word_1_619' title='bbox 3037 3265 3137 3317; x_wconf 85' lang='grc' dir='ltr'><strong>οὐκ</strong></span> <span class='ocrx_word' id='word_1_620' title='bbox 3179 3257 3276 3316; x_wconf 79' lang='grc' dir='ltr'>οἷδ’</span> <span class='ocrx_word' id='word_1_621' title='bbox 3310 3265 3457 3326; x_wconf 81' lang='grc' dir='ltr'>ὅπως</span> <span class='ocrx_word' id='word_1_622' title='bbox 3512 3263 3734 3317; x_wconf 78' lang='grc' dir='ltr'>τοιαῦτα</span> 
     </span>
    </p>
   </div>
   <div class='ocr_carea' id='block_1_81' title="bbox 2158 3356 3728 3429">
    <p class='ocr_par' dir='ltr' id='par_1_81' title="bbox 2158 3356 3728 3429">
     <span class='ocr_line' id='line_1_81' title="bbox 2158 3356 3728 3429; baseline -0.001 -21"><span class='ocrx_word' id='word_1_623' title='bbox 2158 3356 2384 3425; x_wconf 85' lang='grc' dir='ltr'>λέγοντα</span> <span class='ocrx_word' id='word_1_624' title='bbox 2411 3357 2637 3412; x_wconf 85' lang='grc' dir='ltr'>τοιαῦτά</span> <span class='ocrx_word' id='word_1_625' title='bbox 2673 3376 2792 3410; x_wconf 87' lang='grc' dir='ltr'>τινα</span> <span class='ocrx_word' id='word_1_626' title='bbox 2820 3358 3137 3429; x_wconf 86' lang='grc' dir='ltr'>πρεπόντως</span> <span class='ocrx_word' id='word_1_627' title='bbox 3169 3357 3318 3428; x_wconf 80' lang='grc' dir='ltr'>αὐτῷ</span> <span class='ocrx_word' id='word_1_628' title='bbox 3351 3356 3728 3427; x_wconf 83' lang='grc' dir='ltr'>ἀδολεσχῆσαι·</span> 
     </span>
    </p>
   </div>
   <div class='ocr_carea' id='block_1_82' title="bbox 2159 3444 3811 3520">
    <p class='ocr_par' dir='ltr' id='par_1_82' title="bbox 2159 3444 3811 3520">
     <span class='ocr_line' id='line_1_82' title="bbox 2159 3444 3811 3520; baseline 0 -18"><span class='ocrx_word' id='word_1_629' title='bbox 2159 3445 2295 3520; x_wconf 72' lang='lat' dir='ltr'><strong>&#39;Ap’</strong></span> <span class='ocrx_word' id='word_1_630' title='bbox 2317 3445 2408 3503; x_wconf 83' lang='grc' dir='ltr'><strong>οῦν</strong></span> <span class='ocrx_word' id='word_1_631' title='bbox 2442 3450 2592 3502; x_wconf 75' lang='grc' dir='ltr'>οὐδέν</span> <span class='ocrx_word' id='word_1_632' title='bbox 2625 3451 2760 3503; x_wconf 79' lang='grc' dir='ltr'>εἰσιν</span> <span class='ocrx_word' id='word_1_633' title='bbox 2793 3444 2938 3503; x_wconf 76' lang='grc' dir='ltr'>οῦτοι</span> <span class='ocrx_word' id='word_1_634' title='bbox 2963 3449 3054 3514; x_wconf 77' lang='grc' dir='ltr'><strong>οὓς</strong></span> <span class='ocrx_word' id='word_1_635' title='bbox 3100 3448 3427 3515; x_wconf 79' lang='grc' dir='ltr'>κατέλεξας,</span> <span class='ocrx_word' id='word_1_636' title='bbox 3462 3451 3558 3502; x_wconf 77' lang='grc' dir='ltr'><strong>καὶ</strong></span> <span class='ocrx_word' id='word_1_637' title='bbox 3589 3451 3734 3502; x_wconf 83' lang='grc' dir='ltr'>οῦδε-</span> <span class='ocrx_word' id='word_1_638' title='bbox 3805 3493 3811 3496; x_wconf 88' lang='grc'><strong>.</strong></span> 
     </span>
    </p>
   </div>
   <div class='ocr_carea' id='block_1_83' title="bbox 2163 3539 3730 3612">
    <p class='ocr_par' dir='ltr' id='par_1_83' title="bbox 2163 3539 3730 3612">
     <span class='ocr_line' id='line_1_83' title="bbox 2163 3539 3730 3612; baseline 0.001 -21"><span class='ocrx_word' id='word_1_639' title='bbox 2163 3540 2261 3610; x_wconf 85' lang='grc' dir='ltr'><strong>μία</strong></span> <span class='ocrx_word' id='word_1_640' title='bbox 2284 3539 2510 3610; x_wconf 87' lang='grc' dir='ltr'>δύναμίς</span> <span class='ocrx_word' id='word_1_641' title='bbox 2537 3541 2683 3594; x_wconf 85' lang='grc' dir='ltr'>ἐστιν</span> <span class='ocrx_word' id='word_1_642' title='bbox 2721 3542 2776 3592; x_wconf 84' lang='grc' dir='ltr'><strong>ἐν</strong></span> <span class='ocrx_word' id='word_1_643' title='bbox 2816 3540 3054 3612; x_wconf 80' lang='grc' dir='ltr'>Λεϐαδίᾳ</span> <span class='ocrx_word' id='word_1_644' title='bbox 3087 3539 3229 3592; x_wconf 86' lang='grc' dir='ltr'><strong>κατά</strong></span> <span class='ocrx_word' id='word_1_645' title='bbox 3267 3541 3359 3591; x_wconf 77' lang='grc' dir='ltr'><strong>τὸν</strong></span> <span class='ocrx_word' id='word_1_646' title='bbox 3403 3539 3730 3609; x_wconf 76' lang='grc' dir='ltr'>Τροφώνιον,</span> 
     </span>
    </p>
   </div>
   <div class='ocr_carea' id='block_1_84' title="bbox 2159 3626 3734 3702">
    <p class='ocr_par' dir='ltr' id='par_1_84' title="bbox 2159 3626 3734 3702">
     <span class='ocr_line' id='line_1_84' title="bbox 2159 3626 3734 3702; baseline -0.001 -20"><span class='ocrx_word' id='word_1_647' title='bbox 2159 3630 2266 3683; x_wconf 80' lang='grc' dir='ltr'>οὐδ’</span> <span class='ocrx_word' id='word_1_648' title='bbox 2291 3633 2347 3683; x_wconf 89' lang='grc' dir='ltr'><strong>ἐν</strong></span> <span class='ocrx_word' id='word_1_649' title='bbox 2379 3630 2581 3702; x_wconf 83' lang='grc' dir='ltr'>Θήϐαις</span> <span class='ocrx_word' id='word_1_650' title='bbox 2618 3632 2744 3701; x_wconf 77' lang='grc' dir='ltr'>περὶ</span> <span class='ocrx_word' id='word_1_651' title='bbox 2776 3631 2865 3682; x_wconf 80' lang='grc' dir='ltr'><strong>τὸν</strong></span> <span class='ocrx_word' id='word_1_652' title='bbox 2892 3630 2986 3683; x_wconf 88' lang='grc' dir='ltr'><strong>τοῦ</strong></span> <span class='ocrx_word' id='word_1_653' title='bbox 3029 3629 3351 3700; x_wconf 83' lang='grc' dir='ltr'>Ἀμφιάρεω</span> <span class='ocrx_word' id='word_1_654' title='bbox 3377 3626 3534 3692; x_wconf 88' lang='grc' dir='ltr'>νεὼν,</span> <span class='ocrx_word' id='word_1_655' title='bbox 3557 3627 3662 3680; x_wconf 79' lang='grc' dir='ltr'>οὐδ’</span> <span class='ocrx_word' id='word_1_656' title='bbox 3680 3629 3734 3680; x_wconf 87' lang='grc' dir='ltr'><strong>ἐν</strong></span> 
     </span>
    </p>
   </div>
   <div class='ocr_carea' id='block_1_85' title="bbox 2173 3721 3733 3794">
    <p class='ocr_par' dir='ltr' id='par_1_85' title="bbox 2173 3721 3733 3794">
     <span class='ocr_line' id='line_1_85' title="bbox 2173 3721 3733 3794; baseline -0.003 -19"><span class='ocrx_word' id='word_1_657' title='bbox 2173 3723 2499 3794; x_wconf 80' lang='grc' dir='ltr'>’Λκαρνανίᾳ</span> <span class='ocrx_word' id='word_1_658' title='bbox 2520 3725 2646 3793; x_wconf 80' lang='grc' dir='ltr'>περὶ</span> <span class='ocrx_word' id='word_1_659' title='bbox 2660 3723 2750 3776; x_wconf 84' lang='grc' dir='ltr'><strong>τὸν</strong></span> <span class='ocrx_word' id='word_1_660' title='bbox 2781 3724 3118 3794; x_wconf 70' lang='grc' dir='ltr'>Ἀμφίλοχον,</span> <span class='ocrx_word' id='word_1_661' title='bbox 3143 3723 3249 3776; x_wconf 80' lang='grc' dir='ltr'>οὐδ’</span> <span class='ocrx_word' id='word_1_662' title='bbox 3279 3724 3334 3774; x_wconf 83' lang='grc' dir='ltr'><strong>ἐν</strong></span> <span class='ocrx_word' id='word_1_663' title='bbox 3352 3721 3574 3792; x_wconf 67' lang='grc' dir='ltr'>Κιλικίᾳ</span> <span class='ocrx_word' id='word_1_664' title='bbox 3609 3722 3733 3791; x_wconf 78' lang='grc' dir='ltr'>περὶ</span> 
     </span>
    </p>
   </div>
   <div class='ocr_carea' id='block_1_86' title="bbox 2158 3809 3730 3879">
    <p class='ocr_par' dir='ltr' id='par_1_86' title="bbox 2158 3809 3730 3879">
     <span class='ocr_line' id='line_1_86' title="bbox 2158 3809 3730 3879; baseline -0.002 -14"><span class='ocrx_word' id='word_1_665' title='bbox 2158 3811 2249 3865; x_wconf 80' lang='grc' dir='ltr'><strong>τὸν</strong></span> <span class='ocrx_word' id='word_1_666' title='bbox 2282 3809 2494 3879; x_wconf 54' lang='grc' dir='ltr'>Μόῲοη</span> <span class='ocrx_word' id='word_1_667' title='bbox 2518 3811 2590 3862; x_wconf 85' lang='grc' dir='ltr'><strong>’Ἠ</strong></span> <span class='ocrx_word' id='word_1_668' title='bbox 2617 3813 2834 3874; x_wconf 88' lang='grc' dir='ltr'>ἐστίτις</span> <span class='ocrx_word' id='word_1_669' title='bbox 2850 3813 2906 3864; x_wconf 85' lang='grc' dir='ltr'><strong>ἐν</strong></span> <span class='ocrx_word' id='word_1_670' title='bbox 2924 3815 3033 3875; x_wconf 83' lang='grc' dir='ltr'>τοῖς</span> <span class='ocrx_word' id='word_1_671' title='bbox 3065 3811 3324 3875; x_wconf 85' lang='grc' dir='ltr'>τοιούτοις</span> <span class='ocrx_word' id='word_1_672' title='bbox 3361 3811 3471 3863; x_wconf 80' lang='grc' dir='ltr'>εἴτε</span> <span class='ocrx_word' id='word_1_673' title='bbox 3505 3809 3730 3878; x_wconf 79' lang='grc' dir='ltr'>δαίμων,</span> 
     </span>
    </p>
   </div>
   <div class='ocr_carea' id='block_1_87' title="bbox 2161 3900 3734 3974">
    <p class='ocr_par' dir='ltr' id='par_1_87' title="bbox 2161 3900 3734 3974">
     <span class='ocr_line' id='line_1_87' title="bbox 2161 3900 3734 3974; baseline 0 -20"><span class='ocrx_word' id='word_1_674' title='bbox 2161 3905 2272 3956; x_wconf 77' lang='grc' dir='ltr'>εἴτε</span> <span class='ocrx_word' id='word_1_675' title='bbox 2296 3903 2464 3974; x_wconf 75' lang='grc' dir='ltr'>ἥρως,</span> <span class='ocrx_word' id='word_1_676' title='bbox 2490 3902 2600 3956; x_wconf 76' lang='grc' dir='ltr'>εἴτε</span> <span class='ocrx_word' id='word_1_677' title='bbox 2617 3905 2710 3956; x_wconf 71' lang='grc' dir='ltr'><strong>καὶ</strong></span> <span class='ocrx_word' id='word_1_678' title='bbox 2733 3903 2873 3966; x_wconf 79' lang='grc' dir='ltr'>θεὸς,</span> <span class='ocrx_word' id='word_1_679' title='bbox 2897 3903 3136 3973; x_wconf 84' lang='grc' dir='ltr'>ἐνεργῶν</span> <span class='ocrx_word' id='word_1_680' title='bbox 3160 3921 3281 3956; x_wconf 90' lang='grc' dir='ltr'>τινα</span> <span class='ocrx_word' id='word_1_681' title='bbox 3308 3902 3528 3974; x_wconf 75' lang='grc' dir='ltr'>μείζονα</span> <span class='ocrx_word' id='word_1_682' title='bbox 3545 3901 3578 3972; x_wconf 80' lang='grc' dir='ltr'>ἦ</span> <span class='ocrx_word' id='word_1_683' title='bbox 3597 3900 3734 3954; x_wconf 85' lang='grc' dir='ltr'><strong>κατά</strong></span> 
     </span>
    </p>
   </div>
   <div class='ocr_carea' id='block_1_88' title="bbox 2160 3990 3731 4067">
    <p class='ocr_par' dir='ltr' id='par_1_88' title="bbox 2160 3990 3731 4067">
     <span class='ocr_line' id='line_1_88' title="bbox 2160 3990 3731 4067; baseline -0.002 -19"><span class='ocrx_word' id='word_1_684' title='bbox 2160 3994 2473 4066; x_wconf 86' lang='grc' dir='ltr'>ἄνθρωπον;</span> <span class='ocrx_word' id='word_1_685' title='bbox 2499 3996 2560 4047; x_wconf 80' lang='grc' dir='ltr'><strong>Εἰ</strong></span> <span class='ocrx_word' id='word_1_686' title='bbox 2587 3997 2683 4066; x_wconf 82' lang='grc' dir='ltr'>μὲν</span> <span class='ocrx_word' id='word_1_687' title='bbox 2708 3995 2815 4065; x_wconf 81' lang='grc' dir='ltr'><strong>γάρ</strong></span> <span class='ocrx_word' id='word_1_688' title='bbox 2839 4012 2970 4066; x_wconf 78' lang='grc' dir='ltr'>φησι</span> <span class='ocrx_word' id='word_1_689' title='bbox 3009 3996 3175 4067; x_wconf 80' lang='grc' dir='ltr'>μηδὲν</span> <span class='ocrx_word' id='word_1_690' title='bbox 3198 3997 3382 4067; x_wconf 73' lang='grc' dir='ltr'>ἕτερον</span> <span class='ocrx_word' id='word_1_691' title='bbox 3411 3990 3571 4055; x_wconf 79' lang='grc' dir='ltr'>εἶναι,</span> <span class='ocrx_word' id='word_1_692' title='bbox 3602 3997 3731 4064; x_wconf 73' lang='grc' dir='ltr'>μήτε</span> 
     </span>
    </p>
   </div>
   <div class='ocr_carea' id='block_1_89' title="bbox 2159 4086 3735 4159">
    <p class='ocr_par' dir='ltr' id='par_1_89' title="bbox 2159 4086 3735 4159">
     <span class='ocr_line' id='line_1_89' title="bbox 2159 4086 3735 4159; baseline -0.001 -20"><span class='ocrx_word' id='word_1_693' title='bbox 2159 4086 2452 4158; x_wconf 84' lang='grc' dir='ltr'>δαιμόνιον,</span> <span class='ocrx_word' id='word_1_694' title='bbox 2483 4089 2617 4159; x_wconf 87' lang='grc' dir='ltr'>μήτε</span> <span class='ocrx_word' id='word_1_695' title='bbox 2645 4088 2784 4141; x_wconf 85' lang='grc' dir='ltr'>θεῖον</span> <span class='ocrx_word' id='word_1_696' title='bbox 2804 4088 2929 4156; x_wconf 75' lang='grc' dir='ltr'>περὶ</span> <span class='ocrx_word' id='word_1_697' title='bbox 2957 4088 3204 4155; x_wconf 89' lang='grc' dir='ltr'>τούτους,</span> <span class='ocrx_word' id='word_1_698' title='bbox 3233 4087 3334 4142; x_wconf 76' lang='grc' dir='ltr'><strong>κᾶν</strong></span> <span class='ocrx_word' id='word_1_699' title='bbox 3358 4087 3452 4140; x_wconf 90' lang='grc' dir='ltr'><strong>νῦν</strong></span> <span class='ocrx_word' id='word_1_700' title='bbox 3477 4086 3735 4158; x_wconf 80' lang='grc' dir='ltr'>ὁμολογη-</span> 
     </span>
    </p>
   </div>
   <div class='ocr_carea' id='block_1_90' title="bbox 2163 4177 3734 4252">
    <p class='ocr_par' dir='ltr' id='par_1_90' title="bbox 2163 4177 3734 4252">
     <span class='ocr_line' id='line_1_90' title="bbox 2163 4177 3734 4252; baseline -0.002 -20"><span class='ocrx_word' id='word_1_701' title='bbox 2163 4181 2308 4234; x_wconf 88' lang='grc' dir='ltr'>σάτω</span> <span class='ocrx_word' id='word_1_702' title='bbox 2324 4181 2423 4252; x_wconf 79' lang='grc' dir='ltr'>τὴν</span> <span class='ocrx_word' id='word_1_703' title='bbox 2447 4179 2640 4233; x_wconf 80' lang='grc' dir='ltr'>ἑαυτοῦ</span> <span class='ocrx_word' id='word_1_704' title='bbox 2668 4182 2914 4251; x_wconf 84' lang='grc' dir='ltr'>γνώμην,</span> <span class='ocrx_word' id='word_1_705' title='bbox 2947 4179 3320 4251; x_wconf 85' lang='grc' dir='ltr'>Ἐπικούρειος</span> <span class='ocrx_word' id='word_1_706' title='bbox 3340 4180 3434 4244; x_wconf 81' lang='grc' dir='ltr'><strong>ὢν,</strong></span> <span class='ocrx_word' id='word_1_707' title='bbox 3452 4182 3546 4234; x_wconf 82' lang='grc' dir='ltr'><strong>καὶ</strong></span> <span class='ocrx_word' id='word_1_708' title='bbox 3575 4179 3646 4251; x_wconf 77' lang='grc' dir='ltr'>μὴ</span> <span class='ocrx_word' id='word_1_709' title='bbox 3670 4177 3734 4230; x_wconf 82' lang='grc' dir='ltr'><strong>τά</strong></span> 
     </span>
    </p>
   </div>
   <div class='ocr_carea' id='block_1_91' title="bbox 2160 4271 3735 4344">
    <p class='ocr_par' dir='ltr' id='par_1_91' title="bbox 2160 4271 3735 4344">
     <span class='ocr_line' id='line_1_91' title="bbox 2160 4271 3735 4344; baseline -0.002 -20"><span class='ocrx_word' id='word_1_710' title='bbox 2160 4271 2298 4325; x_wconf 89' lang='grc' dir='ltr'><strong>αὐτά</strong></span> <span class='ocrx_word' id='word_1_711' title='bbox 2325 4276 2438 4336; x_wconf 56' lang='grc' dir='ltr'>τρῖς</span> <span class='ocrx_word' id='word_1_712' title='bbox 2473 4273 2697 4342; x_wconf 84' lang='grc' dir='ltr'>Ἕλλησι</span> <span class='ocrx_word' id='word_1_713' title='bbox 2747 4273 2980 4343; x_wconf 84' lang='grc' dir='ltr'>φρονῶν,</span> <span class='ocrx_word' id='word_1_714' title='bbox 3037 4272 3131 4326; x_wconf 74' lang='grc' dir='ltr'><strong>καὶ</strong></span> <span class='ocrx_word' id='word_1_715' title='bbox 3171 4275 3305 4344; x_wconf 86' lang='grc' dir='ltr'>μήτε</span> <span class='ocrx_word' id='word_1_716' title='bbox 3351 4272 3611 4343; x_wconf 83' lang='grc' dir='ltr'>δαίμονας</span> <span class='ocrx_word' id='word_1_717' title='bbox 3657 4287 3735 4339; x_wconf 82' lang='grc' dir='ltr'>γι-</span> 
     </span>
    </p>
   </div>
   <div class='ocr_carea' id='block_1_92' title="bbox 2161 4362 3733 4435">
    <p class='ocr_par' dir='ltr' id='par_1_92' title="bbox 2161 4362 3733 4435">
     <span class='ocr_line' id='line_1_92' title="bbox 2161 4362 3733 4435; baseline -0.001 -19"><span class='ocrx_word' id='word_1_718' title='bbox 2161 4362 2420 4432; x_wconf 84' lang='grc' dir='ltr'>γνώσκων</span> <span class='ocrx_word' id='word_1_719' title='bbox 2445 4409 2456 4428; x_wconf 88' lang='grc'><strong>,</strong></span> <span class='ocrx_word' id='word_1_720' title='bbox 2491 4365 2628 4435; x_wconf 84' lang='grc' dir='ltr'>μήτε</span> <span class='ocrx_word' id='word_1_721' title='bbox 2658 4363 2758 4418; x_wconf 81' lang='grc' dir='ltr'>κᾶν</span> <span class='ocrx_word' id='word_1_722' title='bbox 2807 4365 2882 4428; x_wconf 85' lang='grc' dir='ltr'>ὡς</span> <span class='ocrx_word' id='word_1_723' title='bbox 2924 4365 3182 4435; x_wconf 84' lang='grc' dir='ltr'>’Έλληνες</span> <span class='ocrx_word' id='word_1_724' title='bbox 3218 4365 3373 4428; x_wconf 77' lang='grc' dir='ltr'>θεοὺς</span> <span class='ocrx_word' id='word_1_725' title='bbox 3409 4365 3602 4417; x_wconf 87' lang='grc' dir='ltr'>σέϐων·</span> <span class='ocrx_word' id='word_1_726' title='bbox 3647 4365 3733 4416; x_wconf 72' lang='grc' dir='ltr'><strong>καί</strong></span> 
     </span>
    </p>
   </div>
   <div class='ocr_carea' id='block_1_93' title="bbox 2164 4455 3732 4529">
    <p class='ocr_par' dir='ltr' id='par_1_93' title="bbox 2164 4455 3732 4529">
     <span class='ocr_line' id='line_1_93' title="bbox 2164 4455 3732 4529; baseline 0 -21"><span class='ocrx_word' id='word_1_727' title='bbox 2164 4455 2489 4526; x_wconf 84' lang='grc' dir='ltr'>ἐλεγχέσθω,</span> <span class='ocrx_word' id='word_1_728' title='bbox 2513 4456 2596 4508; x_wconf 84' lang='grc' dir='ltr'>ὅτι</span> <span class='ocrx_word' id='word_1_729' title='bbox 2618 4459 2790 4527; x_wconf 86' lang='grc' dir='ltr'>μάτην</span> <span class='ocrx_word' id='word_1_730' title='bbox 2818 4459 2912 4510; x_wconf 74' lang='grc' dir='ltr'><strong>καὶ</strong></span> <span class='ocrx_word' id='word_1_731' title='bbox 2945 4457 3013 4510; x_wconf 84' lang='grc' dir='ltr'><strong>τά</strong></span> <span class='ocrx_word' id='word_1_732' title='bbox 3047 4459 3441 4529; x_wconf 86' lang='grc' dir='ltr'>προειρημένα,</span> <span class='ocrx_word' id='word_1_733' title='bbox 3465 4457 3540 4520; x_wconf 83' lang='grc' dir='ltr'>ὡς</span> <span class='ocrx_word' id='word_1_734' title='bbox 3562 4475 3732 4528; x_wconf 82' lang='grc' dir='ltr'>παρα-</span> 
     </span>
    </p>
   </div>
   <div class='ocr_carea' id='block_1_94' title="bbox 482 4521 2050 4618">
    <p class='ocr_par' dir='ltr' id='par_1_94' title="bbox 482 4546 2050 4618">
     <span class='ocr_line' id='line_1_94' title="bbox 482 4546 2050 4618; baseline -0.007 -9"><span class='ocrx_word' id='word_1_735' title='bbox 482 4556 778 4618; x_wconf 67' lang='lat' dir='ltr'><strong>daemones,</strong></span> <span class='ocrx_word' id='word_1_736' title='bbox 828 4561 923 4606; x_wconf 89' lang='lat' dir='ltr'><strong>aut</strong></span> <span class='ocrx_word' id='word_1_737' title='bbox 970 4553 1189 4616; x_wconf 85' lang='lat' dir='ltr'><strong>heroas,</strong></span> <span class='ocrx_word' id='word_1_738' title='bbox 1233 4559 1327 4601; x_wconf 92' lang='lat' dir='ltr'><strong>aut</strong></span> <span class='ocrx_word' id='word_1_739' title='bbox 1373 4548 1503 4600; x_wconf 89' lang='lat' dir='ltr'><strong>deos</strong></span> <span class='ocrx_word' id='word_1_740' title='bbox 1535 4561 1658 4601; x_wconf 90' lang='lat' dir='ltr'><strong>esse</strong></span> <span class='ocrx_word' id='word_1_741' title='bbox 1682 4561 1800 4610; x_wconf 91' lang='lat' dir='ltr'><strong>eos,</strong></span> <span class='ocrx_word' id='word_1_742' title='bbox 1835 4560 1972 4614; x_wconf 88' lang='lat' dir='ltr'><strong>quos</strong></span> <span class='ocrx_word' id='word_1_743' title='bbox 2004 4546 2050 4598; x_wconf 87' lang='lat' dir='ltr'><strong>in</strong></span> 
     </span>
    </p>
   </div>
   <div class='ocr_carea' id='block_1_95' title="bbox 2155 4521 3732 4618">
    <p class='ocr_par' dir='ltr' id='par_1_95' title="bbox 2164 4521 3732 4618">
     <span class='ocr_line' id='line_1_95' title="bbox 2164 4521 3732 4618; baseline -0.001 -20"><span class='ocrx_word' id='word_1_744' title='bbox 2164 4521 2452 4616; x_wconf 78' lang='grc' dir='ltr'>δεξάμενος</span> <span class='ocrx_word' id='word_1_745' title='bbox 2490 4521 2629 4600; x_wconf 81' lang='grc' dir='ltr'><strong>αύτά</strong></span> <span class='ocrx_word' id='word_1_746' title='bbox 2653 4521 2792 4600; x_wconf 78' lang='grc' dir='ltr'>εἶναι</span> <span class='ocrx_word' id='word_1_747' title='bbox 2821 4547 3015 4618; x_wconf 80' lang='grc' dir='ltr'>ἀληθῆ,</span> <span class='ocrx_word' id='word_1_748' title='bbox 3049 4521 3296 4618; x_wconf 71' lang='grc' dir='ltr'>ἐκόμισε,</span> <span class='ocrx_word' id='word_1_749' title='bbox 3327 4547 3420 4600; x_wconf 80' lang='grc' dir='ltr'><strong>καὶ</strong></span> <span class='ocrx_word' id='word_1_750' title='bbox 3453 4546 3521 4599; x_wconf 78' lang='grc' dir='ltr'>τὰ</span> <span class='ocrx_word' id='word_1_751' title='bbox 3559 4549 3617 4598; x_wconf 85' lang='grc' dir='ltr'><strong>ἐν</strong></span> <span class='ocrx_word' id='word_1_752' title='bbox 3631 4521 3732 4608; x_wconf 69' lang='grc' dir='ltr'>τοῖς</span> 
     </span>
    </p>
   </div>
   <div class='ocr_carea' id='block_1_96' title="bbox 485 4633 2059 4712">
    <p class='ocr_par' dir='ltr' id='par_1_96' title="bbox 485 4633 2059 4712">
     <span class='ocr_line' id='line_1_96' title="bbox 485 4633 2059 4712; baseline -0.007 -14"><span class='ocrx_word' id='word_1_753' title='bbox 485 4645 722 4699; x_wconf 89' lang='lat' dir='ltr'><strong>medium</strong></span> <span class='ocrx_word' id='word_1_754' title='bbox 759 4641 1023 4712; x_wconf 84' lang='lat' dir='ltr'><strong>pronilit;</strong></span> <span class='ocrx_word' id='word_1_755' title='bbox 1080 4646 1271 4695; x_wconf 87' lang='lat' dir='ltr'><strong>caveat</strong></span> <span class='ocrx_word' id='word_1_756' title='bbox 1321 4651 1390 4689; x_wconf 90' lang='lat' dir='ltr'><strong>ne</strong></span> <span class='ocrx_word' id='word_1_757' title='bbox 1443 4635 1568 4690; x_wconf 90' lang='lat' dir='ltr'><strong>hinc</strong></span> <span class='ocrx_word' id='word_1_758' title='bbox 1601 4635 1884 4703; x_wconf 89' lang='lat' dir='ltr'><strong>probetur,</strong></span> <span class='ocrx_word' id='word_1_759' title='bbox 1915 4633 2059 4701; x_wconf 88' lang='lat' dir='ltr'><strong>quod</strong></span> 
     </span>
    </p>
   </div>
   <div class='ocr_carea' id='block_1_97' title="bbox 485 4728 2059 4805">
    <p class='ocr_par' dir='ltr' id='par_1_97' title="bbox 485 4728 2059 4805">
     <span class='ocr_line' id='line_1_97' title="bbox 485 4728 2059 4805; baseline -0.006 -12"><span class='ocrx_word' id='word_1_760' title='bbox 485 4740 710 4793; x_wconf 89' lang='lat' dir='ltr'><strong>minime</strong></span> <span class='ocrx_word' id='word_1_761' title='bbox 753 4738 884 4801; x_wconf 88' lang='lat' dir='ltr'><strong>vult,</strong></span> <span class='ocrx_word' id='word_1_762' title='bbox 920 4736 1029 4791; x_wconf 91' lang='lat' dir='ltr'><strong>tale</strong></span> <span class='ocrx_word' id='word_1_763' title='bbox 1055 4732 1336 4805; x_wconf 85' lang='lat' dir='ltr'><strong>quidpiam</strong></span> <span class='ocrx_word' id='word_1_764' title='bbox 1365 4728 1534 4784; x_wconf 86' lang='lat' dir='ltr'><strong>fuisse</strong></span> <span class='ocrx_word' id='word_1_765' title='bbox 1567 4729 1750 4786; x_wconf 82' lang='lat' dir='ltr'><strong>Jesum</strong></span> <span class='ocrx_word' id='word_1_766' title='bbox 1779 4745 1794 4794; x_wconf 91' lang='lat'>;</span> <span class='ocrx_word' id='word_1_767' title='bbox 1833 4728 2059 4798; x_wconf 89' lang='lat' dir='ltr'><strong>proinde</strong></span> 
     </span>
    </p>
   </div>
   <div class='ocr_carea' id='block_1_98' title="bbox 485 4820 2059 4899">
    <p class='ocr_par' dir='ltr' id='par_1_98' title="bbox 485 4820 2059 4899">
     <span class='ocr_line' id='line_1_98' title="bbox 485 4820 2059 4899; baseline -0.005 -17"><span class='ocrx_word' id='word_1_768' title='bbox 485 4829 730 4899; x_wconf 86' lang='lat' dir='ltr'><strong>potuisse</strong></span> <span class='ocrx_word' id='word_1_769' title='bbox 758 4827 946 4881; x_wconf 92' lang='lat' dir='ltr'><strong>multis</strong></span> <span class='ocrx_word' id='word_1_770' title='bbox 973 4827 1288 4883; x_wconf 86' lang='lat' dir='ltr'><strong>hominibus</strong></span> <span class='ocrx_word' id='word_1_771' title='bbox 1317 4821 1650 4896; x_wconf 89' lang='lat' dir='ltr'><strong>persuadere</strong></span> <span class='ocrx_word' id='word_1_772' title='bbox 1689 4836 1750 4876; x_wconf 89' lang='lat' dir='ltr'><strong>se</strong></span> <span class='ocrx_word' id='word_1_773' title='bbox 1794 4820 2059 4874; x_wconf 83' lang='lat' dir='ltr'><strong>divinitus</strong></span> 
     </span>
    </p>
   </div>
   <div class='ocr_carea' id='block_1_99' title="bbox 559 5017 2067 5098">
    <p class='ocr_par' dir='ltr' id='par_1_99' title="bbox 559 5017 2067 5098">
     <span class='ocr_line' id='line_1_99' title="bbox 559 5017 2067 5098; baseline -0.006 -17"><span class='ocrx_word' id='word_1_774' title='bbox 559 5027 672 5098; x_wconf 77' lang='lat'><strong>(5‘2)</strong></span> <span class='ocrx_word' id='word_1_775' title='bbox 725 5025 962 5093; x_wconf 80' lang='grc' dir='ltr'>Ἇπὰτῃ.</span> <span class='ocrx_word' id='word_1_776' title='bbox 1002 5025 1077 5098; x_wconf 84' lang='lat' dir='ltr'><strong>Ita</strong></span> <span class='ocrx_word' id='word_1_777' title='bbox 1130 5021 1583 5098; x_wconf 85' lang='lat' dir='ltr'><strong>codd.__Joli_an_us</strong></span> <span class='ocrx_word' id='word_1_778' title='bbox 1637 5030 1693 5074; x_wconf 93' lang='lat' dir='ltr'><strong>et</strong></span> <span class='ocrx_word' id='word_1_779' title='bbox 1740 5017 2067 5098; x_wconf 74' lang='lat' dir='ltr'><strong>Basileeusis</strong></span> 
     </span>
    </p>
   </div>
   <div class='ocr_carea' id='block_1_100' title="bbox 485 5091 2061 5163">
    <p class='ocr_par' dir='ltr' id='par_1_100' title="bbox 485 5091 2061 5163">
     <span class='ocr_line' id='line_1_100' title="bbox 485 5091 2061 5163; baseline -0.008 -9"><span class='ocrx_word' id='word_1_780' title='bbox 485 5101 540 5155; x_wconf 88' lang='lat' dir='ltr'><strong>in</strong></span> <span class='ocrx_word' id='word_1_781' title='bbox 567 5091 766 5159; x_wconf 35' lang='lat' dir='ltr'><strong>Ileittu,</strong></span> <span class='ocrx_word' id='word_1_782' title='bbox 800 5091 987 5163; x_wconf 75' lang='lat' dir='ltr'><strong>sicque</strong></span> <span class='ocrx_word' id='word_1_783' title='bbox 1016 5096 1124 5148; x_wconf 88' lang='lat' dir='ltr'><strong>duo</strong></span> <span class='ocrx_word' id='word_1_784' title='bbox 1171 5092 1457 5163; x_wconf 81' lang='lat' dir='ltr'><strong>Anglicani</strong></span> <span class='ocrx_word' id='word_1_785' title='bbox 1505 5093 1556 5163; x_wconf 79' lang='lat' dir='ltr'><strong>in</strong></span> <span class='ocrx_word' id='word_1_786' title='bbox 1579 5091 1850 5163; x_wconf 72' lang='lat' dir='ltr'><strong>_margine</strong></span> <span class='ocrx_word' id='word_1_787' title='bbox 1888 5099 2061 5163; x_wconf 78' lang='lat' dir='ltr'><strong>recte.</strong></span> 
     </span>
    </p>
   </div>
   <div class='ocr_carea' id='block_1_101' title="bbox 485 5158 2065 5236">
    <p class='ocr_par' dir='ltr' id='par_1_101' title="bbox 485 5158 2065 5236">
     <span class='ocr_line' id='line_1_101' title="bbox 485 5158 2065 5236; baseline -0.01 -10"><span class='ocrx_word' id='word_1_788' title='bbox 485 5171 632 5226; x_wconf 85' lang='lat' dir='ltr'><strong>Ordo</strong></span> <span class='ocrx_word' id='word_1_789' title='bbox 677 5158 786 5231; x_wconf 84' lang='lat' dir='ltr'><strong>est,</strong></span> <span class='ocrx_word' id='word_1_790' title='bbox 813 5158 1088 5236; x_wconf 73' lang='grc' dir='ltr'>δαιμόνιόν</span> <span class='ocrx_word' id='word_1_791' title='bbox 1125 5181 1178 5236; x_wconf 88' lang='grc' dir='ltr'><strong>τι</strong></span> <span class='ocrx_word' id='word_1_792' title='bbox 1211 5163 1395 5236; x_wconf 81' lang='grc' dir='ltr'>ἀπάτῃ</span> <span class='ocrx_word' id='word_1_793' title='bbox 1437 5158 1744 5236; x_wconf 71' lang='grc' dir='ltr'>ὀφθαλμῶν</span> <span class='ocrx_word' id='word_1_794' title='bbox 1769 5158 2065 5230; x_wconf 86' lang='grc' dir='ltr'>πεποιηκέ-</span> 
     </span>
    </p>
   </div>
   <div class='ocr_carea' id='block_1_102' title="bbox 485 5229 1860 5310">
    <p class='ocr_par' dir='ltr' id='par_1_102' title="bbox 485 5229 1860 5310">
     <span class='ocr_line' id='line_1_102' title="bbox 485 5229 1860 5310; baseline -0.009 -14"><span class='ocrx_word' id='word_1_795' title='bbox 485 5259 574 5296; x_wconf 89' lang='grc' dir='ltr'><strong>ναι</strong></span> <span class='ocrx_word' id='word_1_796' title='bbox 611 5229 989 5310; x_wconf 78' lang='grc' dir='ltr'>παραπλήσὶον</span> <span class='ocrx_word' id='word_1_797' title='bbox 1016 5238 1126 5310; x_wconf 79' lang='grc' dir='ltr'>τοῖς</span> <span class='ocrx_word' id='word_1_798' title='bbox 1155 5229 1627 5310; x_wconf 75' lang='grc' dir='ltr'>ἐπιδεικνυμένοις</span> <span class='ocrx_word' id='word_1_799' title='bbox 1648 5229 1860 5300; x_wconf 83' lang='grc' dir='ltr'>γόησιν.</span> 
     </span>
    </p>
   </div>
   <div class='ocr_carea' id='block_1_103' title="bbox 560 5299 2061 5382">
    <p class='ocr_par' dir='ltr' id='par_1_103' title="bbox 560 5299 2061 5382">
     <span class='ocr_line' id='line_1_103' title="bbox 560 5299 2061 5382; baseline -0.009 -18"><span class='ocrx_word' id='word_1_800' title='bbox 560 5299 872 5382; x_wconf 62' lang='grc' dir='ltr'><strong>(53)’Μεε.;</strong></span> <span class='ocrx_word' id='word_1_801' title='bbox 907 5305 1168 5382; x_wconf 79' lang='grc' dir='ltr'>τοιούσδε.</span> <span class='ocrx_word' id='word_1_802' title='bbox 1200 5299 1453 5382; x_wconf 80' lang='lat' dir='ltr'><strong>lmpressi</strong></span> <span class='ocrx_word' id='word_1_803' title='bbox 1489 5303 1550 5382; x_wconf 51' lang='lat' dir='ltr'><strong>iit</strong></span> <span class='ocrx_word' id='word_1_804' title='bbox 1565 5299 1747 5382; x_wconf 69' lang='lat' dir='ltr'><strong>textu,</strong></span> <span class='ocrx_word' id='word_1_805' title='bbox 1767 5299 2061 5361; x_wconf 91' lang='grc' dir='ltr'>τοιούτους.</span> 
     </span>
    </p>
   </div>
   <div class='ocr_carea' id='block_1_104' title="bbox 559 5370 1740 5450">
    <p class='ocr_par' dir='ltr' id='par_1_104' title="bbox 559 5370 1740 5450">
     <span class='ocr_line' id='line_1_104' title="bbox 559 5370 1740 5450; baseline -0.011 -15"><span class='ocrx_word' id='word_1_806' title='bbox 559 5370 672 5450; x_wconf 65' lang='grc'><strong>(54)</strong></span> <span class='ocrx_word' id='word_1_807' title='bbox 704 5370 1047 5450; x_wconf 73' lang='lat' dir='ltr'><strong>Hoeschelius</strong></span> <span class='ocrx_word' id='word_1_808' title='bbox 1077 5370 1337 5450; x_wconf 31' lang='grc' dir='ltr'>ίιιηιθξιίι,</span> <span class='ocrx_word' id='word_1_809' title='bbox 1371 5370 1740 5450; x_wconf 65' lang='grc' dir='ltr'>ἁρμοζόντως.</span> 
     </span>
    </p>
   </div>
   <div class='ocr_carea' id='block_1_105' title="bbox 559 5438 2060 5517">
    <p class='ocr_par' dir='ltr' id='par_1_105' title="bbox 559 5438 2060 5517">
     <span class='ocr_line' id='line_1_105' title="bbox 559 5438 2060 5517; baseline -0.011 -11"><span class='ocrx_word' id='word_1_810' title='bbox 559 5438 673 5515; x_wconf 60' lang='grc'><strong>(553</strong></span> <span class='ocrx_word' id='word_1_811' title='bbox 711 5451 800 5514; x_wconf 89' lang='grc' dir='ltr'>Ὡς</span> <span class='ocrx_word' id='word_1_812' title='bbox 825 5448 921 5501; x_wconf 83' lang='grc' dir='ltr'>διὰ</span> <span class='ocrx_word' id='word_1_813' title='bbox 953 5438 2060 5517; x_wconf 32' lang='lat' dir='ltr'><strong>nemost)67109::llmscheliussuspiria:</strong></span> 
     </span>
    </p>
   </div>
   <div class='ocr_carea' id='block_1_106' title="bbox 488 5508 2057 5588">
    <p class='ocr_par' dir='ltr' id='par_1_106' title="bbox 488 5508 2057 5588">
     <span class='ocr_line' id='line_1_106' title="bbox 488 5508 2057 5588; baseline -0.011 -11"><span class='ocrx_word' id='word_1_814' title='bbox 488 5508 998 5588; x_wconf 39' lang='lat' dir='ltr'><strong>batur&#39;legemlum&#39;,</strong></span> <span class='ocrx_word' id='word_1_815' title='bbox 1040 5508 1215 5585; x_wconf 78' lang='grc' dir='ltr'>ὡςδὴ</span> <span class='ocrx_word' id='word_1_816' title='bbox 1250 5511 1450 5588; x_wconf 72' lang='grc' dir='ltr'>μεταξὺ</span> <span class='ocrx_word' id='word_1_817' title='bbox 1481 5511 1666 5588; x_wconf 78' lang='grc' dir='ltr'>ὄντος,</span> <span class='ocrx_word' id='word_1_818' title='bbox 1714 5511 1873 5588; x_wconf 79' lang='lat' dir='ltr'><strong>male.</strong></span> <span class='ocrx_word' id='word_1_819' title='bbox 1912 5508 2057 5561; x_wconf 83' lang='lat' dir='ltr'><strong>Nihil</strong></span> 
     </span>
    </p>
   </div>
   <div class='ocr_carea' id='block_1_107' title="bbox 494 5582 2058 5656">
    <p class='ocr_par' dir='ltr' id='par_1_107' title="bbox 494 5582 2058 5656">
     <span class='ocr_line' id='line_1_107' title="bbox 494 5582 2058 5656; baseline -0.008 -11"><span class='ocrx_word' id='word_1_820' title='bbox 494 5593 690 5645; x_wconf 84' lang='lat' dir='ltr'><strong>mutari</strong></span> <span class='ocrx_word' id='word_1_821' title='bbox 721 5582 944 5643; x_wconf 69' lang='lat' dir='ltr'><strong>necesse</strong></span> <span class='ocrx_word' id='word_1_822' title='bbox 970 5599 1072 5643; x_wconf 90' lang='lat' dir='ltr'><strong>est.</strong></span> <span class='ocrx_word' id='word_1_823' title='bbox 1110 5582 1303 5656; x_wconf 77' lang='lat' dir='ltr'><strong>Agitur</strong></span> <span class='ocrx_word' id='word_1_824' title='bbox 1325 5585 1524 5653; x_wconf 87' lang='lat' dir='ltr'><strong>quippe</strong></span> <span class='ocrx_word' id='word_1_825' title='bbox 1556 5583 1622 5656; x_wconf 83' lang='lat' dir='ltr'><strong>de</strong></span> <span class='ocrx_word' id='word_1_826' title='bbox 1643 5582 1898 5656; x_wconf 84' lang='lat' dir='ltr'><strong>precibus</strong></span> <span class='ocrx_word' id='word_1_827' title='bbox 1926 5592 2058 5649; x_wconf 84' lang='lat' dir='ltr'><strong>quas</strong></span> 
     </span>
    </p>
   </div>
   <div class='ocr_carea' id='block_1_108' title="bbox 491 5651 2057 5726">
    <p class='ocr_par' dir='ltr' id='par_1_108' title="bbox 491 5651 2057 5726">
     <span class='ocr_line' id='line_1_108' title="bbox 491 5651 2057 5726; baseline -0.008 -13"><span class='ocrx_word' id='word_1_828' title='bbox 491 5659 770 5714; x_wconf 82' lang='lat' dir='ltr'><strong>offerimus</strong></span> <span class='ocrx_word' id='word_1_829' title='bbox 809 5657 918 5714; x_wconf 88' lang='lat' dir='ltr'><strong>Deo</strong></span> <span class='ocrx_word' id='word_1_830' title='bbox 975 5677 994 5710; x_wconf 82' lang='lat'><strong>(</strong></span> <span class='ocrx_word' id='word_1_831' title='bbox 1037 5673 1135 5726; x_wconf 86' lang='lat' dir='ltr'><strong>per</strong></span> <span class='ocrx_word' id='word_1_832' title='bbox 1160 5651 1294 5711; x_wconf 68' lang='lat' dir='ltr'><strong>cum</strong></span> <span class='ocrx_word' id='word_1_833' title='bbox 1342 5651 1665 5724; x_wconf 17' lang='lat' dir='ltr'><strong>iqui’veluti</strong></span> <span class='ocrx_word' id='word_1_834' title='bbox 1712 5651 1920 5707; x_wconf 88' lang='lat' dir='ltr'><strong>medius</strong></span> <span class='ocrx_word' id='word_1_835' title='bbox 1973 5657 2057 5703; x_wconf 88' lang='lat' dir='ltr'><strong>est</strong></span> 
     </span>
    </p>
   </div>
   <div class='ocr_carea' id='block_1_109' title="bbox 2167 4639 3730 4712">
    <p class='ocr_par' dir='ltr' id='par_1_109' title="bbox 2167 4639 3730 4712">
     <span class='ocr_line' id='line_1_109' title="bbox 2167 4639 3730 4712; baseline -0.001 -21"><span class='ocrx_word' id='word_1_836' title='bbox 2167 4639 2294 4708; x_wconf 79' lang='grc' dir='ltr'>ἑξῆς</span> <span class='ocrx_word' id='word_1_837' title='bbox 2335 4640 2723 4712; x_wconf 72' lang='grc' dir='ltr'>ἐπιφερόμενα·</span> <span class='ocrx_word' id='word_1_838' title='bbox 2777 4641 2824 4691; x_wconf 87' lang='grc' dir='ltr'>εἰ</span> <span class='ocrx_word' id='word_1_839' title='bbox 2859 4639 2915 4692; x_wconf 85' lang='grc' dir='ltr'><strong>δὲ</strong></span> <span class='ocrx_word' id='word_1_840' title='bbox 2950 4641 3111 4710; x_wconf 84' lang='grc' dir='ltr'>φήσει</span> <span class='ocrx_word' id='word_1_841' title='bbox 3147 4639 3256 4692; x_wconf 71' lang='grc' dir='ltr'>εἴτε</span> <span class='ocrx_word' id='word_1_842' title='bbox 3305 4639 3587 4709; x_wconf 85' lang='grc' dir='ltr'>δαίμονας,</span> <span class='ocrx_word' id='word_1_843' title='bbox 3632 4640 3730 4691; x_wconf 71' lang='grc' dir='ltr'>εἴτε</span> 
     </span>
    </p>
   </div>
   <div class='ocr_carea' id='block_1_110' title="bbox 2165 4725 3732 4801">
    <p class='ocr_par' dir='ltr' id='par_1_110' title="bbox 2165 4725 3732 4801">
     <span class='ocr_line' id='line_1_110' title="bbox 2165 4725 3732 4801; baseline -0.001 -19"><span class='ocrx_word' id='word_1_844' title='bbox 2165 4730 2384 4800; x_wconf 75' lang='grc' dir='ltr'>ἥρωας,</span> <span class='ocrx_word' id='word_1_845' title='bbox 2412 4730 2520 4782; x_wconf 84' lang='grc' dir='ltr'>εἴτε</span> <span class='ocrx_word' id='word_1_846' title='bbox 2552 4730 2647 4782; x_wconf 72' lang='grc' dir='ltr'><strong>καὶ</strong></span> <span class='ocrx_word' id='word_1_847' title='bbox 2695 4729 2851 4792; x_wconf 82' lang='grc' dir='ltr'>θεοὺς</span> <span class='ocrx_word' id='word_1_848' title='bbox 2884 4729 2996 4801; x_wconf 83' lang='grc'><strong>(56)</strong></span> <span class='ocrx_word' id='word_1_849' title='bbox 3039 4725 3175 4782; x_wconf 76' lang='grc' dir='ltr'>εἶναι</span> <span class='ocrx_word' id='word_1_850' title='bbox 3226 4730 3354 4792; x_wconf 80' lang='grc' dir='ltr'>τοῦς</span> <span class='ocrx_word' id='word_1_851' title='bbox 3391 4729 3732 4798; x_wconf 85' lang='grc' dir='ltr'>κατειλεγμέ-</span> 
     </span>
    </p>
   </div>
   <div class='ocr_carea' id='block_1_111' title="bbox 2167 4821 3733 4892">
    <p class='ocr_par' dir='ltr' id='par_1_111' title="bbox 2167 4821 3733 4892">
     <span class='ocr_line' id='line_1_111' title="bbox 2167 4821 3733 4892; baseline -0.002 -17"><span class='ocrx_word' id='word_1_852' title='bbox 2167 4838 2289 4884; x_wconf 89' lang='grc' dir='ltr'>νους</span> <span class='ocrx_word' id='word_1_853' title='bbox 2309 4861 2323 4886; x_wconf 91' lang='grc'><strong>,</strong></span> <span class='ocrx_word' id='word_1_854' title='bbox 2359 4822 2569 4892; x_wconf 80' lang='grc' dir='ltr'>ὁράτω,</span> <span class='ocrx_word' id='word_1_855' title='bbox 2599 4823 2680 4875; x_wconf 85' lang='grc' dir='ltr'>ὅτι</span> <span class='ocrx_word' id='word_1_856' title='bbox 2705 4861 2720 4887; x_wconf 98' lang='grc'><strong>,</strong></span> <span class='ocrx_word' id='word_1_857' title='bbox 2767 4823 2905 4892; x_wconf 83' lang='grc' dir='ltr'>ὅπερ</span> <span class='ocrx_word' id='word_1_858' title='bbox 2929 4822 2990 4874; x_wconf 82' lang='grc' dir='ltr'><strong>οὐ</strong></span> <span class='ocrx_word' id='word_1_859' title='bbox 3020 4821 3267 4891; x_wconf 85' lang='grc' dir='ltr'>βούλεται</span> <span class='ocrx_word' id='word_1_860' title='bbox 3293 4861 3308 4887; x_wconf 93' lang='grc'><strong>,</strong></span> <span class='ocrx_word' id='word_1_861' title='bbox 3346 4823 3733 4876; x_wconf 77' lang='grc' dir='ltr'>κατασκευάσει</span> 
     </span>
    </p>
   </div>
   <div class='ocr_carea' id='block_1_112' title="bbox 2178 5019 3729 5090">
    <p class='ocr_par' dir='ltr' id='par_1_112' title="bbox 2178 5019 3729 5090">
     <span class='ocr_line' id='line_1_112' title="bbox 2178 5019 3729 5090; baseline 0 -18"><span class='ocrx_word' id='word_1_862' title='bbox 2178 5021 2316 5090; x_wconf 89' lang='lat' dir='ltr'><strong>inter</strong></span> <span class='ocrx_word' id='word_1_863' title='bbox 2343 5021 2640 5075; x_wconf 87' lang='lat' dir='ltr'><strong>increatam</strong></span> <span class='ocrx_word' id='word_1_864' title='bbox 2676 5031 2922 5077; x_wconf 85' lang='lat' dir='ltr'><strong>naturam</strong></span> <span class='ocrx_word' id='word_1_865' title='bbox 2955 5030 3012 5075; x_wconf 90' lang='lat' dir='ltr'><strong>et</strong></span> <span class='ocrx_word' id='word_1_866' title='bbox 3043 5031 3288 5077; x_wconf 86' lang='lat' dir='ltr'><strong>creatam</strong></span> <span class='ocrx_word' id='word_1_867' title='bbox 3317 5038 3331 5076; x_wconf 91' lang='lat'>:</span> <span class='ocrx_word' id='word_1_868' title='bbox 3365 5040 3384 5072; x_wconf 87' lang='grc'><strong>›</strong></span> <span class='ocrx_word' id='word_1_869' title='bbox 3408 5020 3483 5083; x_wconf 83' lang='grc' dir='ltr'>ὡς</span> <span class='ocrx_word' id='word_1_870' title='bbox 3511 5019 3600 5073; x_wconf 82' lang='grc' dir='ltr'>διὰ</span> <span class='ocrx_word' id='word_1_871' title='bbox 3643 5038 3729 5090; x_wconf 84' lang='grc' dir='ltr'>με-</span> 
     </span>
    </p>
   </div>
   <div class='ocr_carea' id='block_1_113' title="bbox 2173 5089 3732 5162">
    <p class='ocr_par' dir='ltr' id='par_1_113' title="bbox 2173 5089 3732 5162">
     <span class='ocr_line' id='line_1_113' title="bbox 2173 5089 3732 5162; baseline -0.001 -20"><span class='ocrx_word' id='word_1_872' title='bbox 2173 5089 2306 5154; x_wconf 82' lang='grc' dir='ltr'>ταξὺ</span> <span class='ocrx_word' id='word_1_873' title='bbox 2329 5092 2492 5162; x_wconf 12' lang='grc' dir='ltr'>ὄντος,</span> <span class='ocrx_word' id='word_1_874' title='bbox 2514 5092 2614 5161; x_wconf 81' lang='grc' dir='ltr'>τῆς</span> <span class='ocrx_word' id='word_1_875' title='bbox 2639 5093 2734 5145; x_wconf 86' lang='grc' dir='ltr'><strong>τοῦ</strong></span> <span class='ocrx_word' id='word_1_876' title='bbox 2766 5093 3030 5162; x_wconf 81' lang='grc' dir='ltr'>ἀγενήτου</span> <span class='ocrx_word' id='word_1_877' title='bbox 3060 5094 3153 5146; x_wconf 76' lang='grc' dir='ltr'><strong>καὶ</strong></span> <span class='ocrx_word' id='word_1_878' title='bbox 3202 5093 3303 5161; x_wconf 82' lang='grc' dir='ltr'>τῆς</span> <span class='ocrx_word' id='word_1_879' title='bbox 3349 5091 3456 5144; x_wconf 84' lang='grc' dir='ltr'><strong>τῶν</strong></span> <span class='ocrx_word' id='word_1_880' title='bbox 3502 5089 3732 5160; x_wconf 79' lang='grc' dir='ltr'>γενητῶν</span> 
     </span>
    </p>
   </div>
   <div class='ocr_carea' id='block_1_114' title="bbox 2173 5161 3733 5232">
    <p class='ocr_par' dir='ltr' id='par_1_114' title="bbox 2173 5161 3733 5232">
     <span class='ocr_line' id='line_1_114' title="bbox 2173 5161 3733 5232; baseline -0.001 -19"><span class='ocrx_word' id='word_1_881' title='bbox 2173 5162 2390 5214; x_wconf 90' lang='grc' dir='ltr'>πάντων</span> <span class='ocrx_word' id='word_1_882' title='bbox 2426 5161 2659 5230; x_wconf 84' lang='grc' dir='ltr'>φύσεως.</span> <span class='ocrx_word' id='word_1_883' title='bbox 2688 5164 2788 5216; x_wconf 85' lang='lat' dir='ltr'><strong>Pro</strong></span> <span class='ocrx_word' id='word_1_884' title='bbox 2814 5161 3078 5232; x_wconf 88' lang='grc' dir='ltr'>ἀγενήτου</span> <span class='ocrx_word' id='word_1_885' title='bbox 3127 5172 3181 5216; x_wconf 89' lang='lat' dir='ltr'><strong>et</strong></span> <span class='ocrx_word' id='word_1_886' title='bbox 3225 5162 3466 5230; x_wconf 86' lang='grc' dir='ltr'>γενητῶν</span> <span class='ocrx_word' id='word_1_887' title='bbox 3497 5163 3733 5232; x_wconf 84' lang='lat' dir='ltr'><strong>quodie-</strong></span> 
     </span>
    </p>
   </div>
   <div class='ocr_carea' id='block_1_115' title="bbox 2171 5230 3730 5300">
    <p class='ocr_par' dir='ltr' id='par_1_115' title="bbox 2171 5230 3730 5300">
     <span class='ocr_line' id='line_1_115' title="bbox 2171 5230 3730 5300; baseline -0.003 -15"><span class='ocrx_word' id='word_1_888' title='bbox 2171 5235 2320 5300; x_wconf 76' lang='lat' dir='ltr'><strong>gitnr</strong></span> <span class='ocrx_word' id='word_1_889' title='bbox 2358 5233 2410 5284; x_wconf 90' lang='lat' dir='ltr'><strong>in</strong></span> <span class='ocrx_word' id='word_1_890' title='bbox 2435 5235 2595 5286; x_wconf 88' lang='lat' dir='ltr'><strong>codd.</strong></span> <span class='ocrx_word' id='word_1_891' title='bbox 2637 5233 2806 5300; x_wconf 73' lang='lat' dir='ltr'><strong>Regio</strong></span> <span class='ocrx_word' id='word_1_892' title='bbox 2851 5244 2906 5286; x_wconf 91' lang='lat' dir='ltr'><strong>et</strong></span> <span class='ocrx_word' id='word_1_893' title='bbox 2939 5230 3272 5296; x_wconf 79' lang='lat' dir='ltr'><strong>Basileensi,</strong></span> <span class='ocrx_word' id='word_1_894' title='bbox 3311 5233 3444 5286; x_wconf 88' lang='lat' dir='ltr'><strong>libb.</strong></span> <span class='ocrx_word' id='word_1_895' title='bbox 3475 5230 3605 5283; x_wconf 86' lang='lat' dir='ltr'><strong>editi</strong></span> <span class='ocrx_word' id='word_1_896' title='bbox 3642 5231 3730 5282; x_wconf 87' lang='lat' dir='ltr'><strong>ha-</strong></span> 
     </span>
    </p>
   </div>
   <div class='ocr_carea' id='block_1_116' title="bbox 2173 5301 3729 5372">
    <p class='ocr_par' dir='ltr' id='par_1_116' title="bbox 2173 5301 3729 5372">
     <span class='ocr_line' id='line_1_116' title="bbox 2173 5301 3729 5372; baseline -0.002 -17"><span class='ocrx_word' id='word_1_897' title='bbox 2173 5305 2303 5356; x_wconf 89' lang='lat' dir='ltr'><strong>bent</strong></span> <span class='ocrx_word' id='word_1_898' title='bbox 2335 5321 2346 5354; x_wconf 93' lang='lat'>:</span> <span class='ocrx_word' id='word_1_899' title='bbox 2376 5303 2673 5372; x_wconf 76' lang='grc' dir='ltr'>ἀγεννήτου</span> <span class='ocrx_word' id='word_1_900' title='bbox 2706 5315 2756 5356; x_wconf 91' lang='lat' dir='ltr'><strong>et</strong></span> <span class='ocrx_word' id='word_1_901' title='bbox 2779 5301 3078 5372; x_wconf 86' lang='grc' dir='ltr'>γεννητῶν.</span> <span class='ocrx_word' id='word_1_902' title='bbox 3125 5303 3326 5356; x_wconf 89' lang='lat' dir='ltr'><strong>Ibidem</strong></span> <span class='ocrx_word' id='word_1_903' title='bbox 3357 5314 3547 5372; x_wconf 83' lang='lat' dir='ltr'><strong>oumes</strong></span> <span class='ocrx_word' id='word_1_904' title='bbox 3579 5315 3729 5372; x_wconf 80' lang='lat' dir='ltr'><strong>i_nss.,</strong></span> 
     </span>
    </p>
   </div>
   <div class='ocr_carea' id='block_1_117' title="bbox 2170 5351 3730 5444">
    <p class='ocr_par' dir='ltr' id='par_1_117' title="bbox 2170 5351 3730 5444">
     <span class='ocr_line' id='line_1_117' title="bbox 2170 5351 3730 5444; baseline -0.001 -21"><span class='ocrx_word' id='word_1_905' title='bbox 2170 5351 2535 5444; x_wconf 44' lang='lat' dir='ltr'><strong>assariis</strong></span> <span class='ocrx_word' id='word_1_906' title='bbox 2551 5351 2804 5443; x_wconf 47' lang='lat' dir='ltr'><strong>una;</strong></span> <span class='ocrx_word' id='word_1_907' title='bbox 2822 5351 3174 5444; x_wconf 38' lang='lat' dir='ltr'><strong>sagacitas.&quot;</strong></span> <span class='ocrx_word' id='word_1_908' title='bbox 3185 5351 3546 5427; x_wconf 37' lang='lat' dir='ltr'><strong>Eii—escam</strong></span> <span class='ocrx_word' id='word_1_909' title='bbox 3582 5351 3730 5424; x_wconf 59' lang='lat' dir='ltr'><strong>ista;</strong></span> 
     </span>
    </p>
   </div>
   <div class='ocr_carea' id='block_1_118' title="bbox 2168 5443 2465 5496">
    <p class='ocr_par' dir='ltr' id='par_1_118' title="bbox 2168 5443 2465 5496">
     <span class='ocr_line' id='line_1_118' title="bbox 2168 5443 2465 5496; baseline 0.007 -2"><span class='ocrx_word' id='word_1_910' title='bbox 2168 5445 2318 5496; x_wconf 79' lang='lat' dir='ltr'><strong>abest</strong></span> <span class='ocrx_word' id='word_1_911' title='bbox 2339 5443 2465 5496; x_wconf 85' lang='grc' dir='ltr'>ἀπό.</span> 
     </span>
    </p>
   </div>
   <div class='ocr_carea' id='block_1_119' title="bbox 2241 5513 3730 5640">
    <p class='ocr_par' dir='ltr' id='par_1_119' title="bbox 2241 5513 3730 5640">
     <span class='ocr_line' id='line_1_119' title="bbox 2241 5513 3730 5640; baseline -0.002 -73"><span class='ocrx_word' id='word_1_912' title='bbox 2241 5515 2351 5640; x_wconf 63' lang='lat' dir='ltr'><strong>(5g)</strong></span> <span class='ocrx_word' id='word_1_913' title='bbox 2383 5515 2585 5573; x_wconf 86' lang='lat' dir='ltr'><strong>Omnes</strong></span> <span class='ocrx_word' id='word_1_914' title='bbox 2609 5533 2738 5574; x_wconf 89' lang='lat' dir='ltr'><strong>mss.</strong></span> <span class='ocrx_word' id='word_1_915' title='bbox 2769 5515 2922 5579; x_wconf 83' lang='grc' dir='ltr'>θεούς</span> <span class='ocrx_word' id='word_1_916' title='bbox 2947 5557 2961 5582; x_wconf 95' lang='grc'><strong>,</strong></span> <span class='ocrx_word' id='word_1_917' title='bbox 3010 5515 3140 5572; x_wconf 82' lang='lat' dir='ltr'><strong>libb.</strong></span> <span class='ocrx_word' id='word_1_918' title='bbox 3177 5517 3361 5572; x_wconf 80' lang='lat' dir='ltr'><strong>excusi</strong></span> <span class='ocrx_word' id='word_1_919' title='bbox 3393 5513 3572 5576; x_wconf 75' lang='grc' dir='ltr'>θείους</span> <span class='ocrx_word' id='word_1_920' title='bbox 3593 5554 3606 5580; x_wconf 91' lang='grc'><strong>,</strong></span> <span class='ocrx_word' id='word_1_921' title='bbox 3642 5513 3730 5566; x_wconf 64' lang='lat' dir='ltr'><strong>mi.</strong></span> 
     </span>
     <span class='ocr_line' id='line_1_120' title="bbox 2246 5602 2457 5640; baseline 0 0"><span class='ocrx_word' id='word_1_922' title='bbox 2246 5602 2270 5640; x_wconf 72' lang='grc' dir='ltr'>δ</span> <span class='ocrx_word' id='word_1_923' title='bbox 2338 5603 2457 5640; x_wconf 82' lang='lat' dir='ltr'><strong>ene.</strong></span> 
     </span>
    </p>
   </div>
   <div class='ocr_carea' id='block_1_120' title="bbox 2169 5601 2457 5641">
    <p class='ocr_par' dir='ltr' id='par_1_120' title="bbox 2169 5601 2457 5641">
     <span class='ocr_line' id='line_1_121' title="bbox 2169 5601 2457 5641; baseline 0.014 -4"><span class='ocrx_word' id='word_1_924' title='bbox 2169 5601 2270 5640; x_wconf 78' lang='lat' dir='ltr'><strong>llllS</strong></span> <span class='ocrx_word' id='word_1_925' title='bbox 2300 5601 2457 5641; x_wconf 72' lang='lat' dir='ltr'><strong>DCIIU.</strong></span> 
     </span>
    </p>
   </div>
  </div>
