3998 6170
341 234 451 290 965

1583 241 1862 298 CONTRA
1900 242 2185 299 CELSUM
2248 242 2376 297 LlB.
2419 242 2501 298 111.

3501 243 3606 298 966

336 356 406 408 δι’
430 352 505 409 ὧν
539 356 779 427 εἴρηκεν,
815 358 891 421 ὠς
927 360 1021 413 xui.
1053 361 1081 414 ό
1125 358 1330 431 Ἰησοῦς
1376 359 1612 414 τοιοῦτόν
1644 378 1697 414 τι
1728 356 1816 430 ἦν’
1852 361 1900 413 δι

2037 361 2102 414 ad
2132 360 2297 432 470
2322 376 2491 431 genus
2516 360 2813 415 humanum
2837 358 3141 418 advenisse.
3172 357 3325 427 Quod
3355 359 3398 416 si
3432 361 3602 417 semel

339 444 436 495 xui.
478 443 762 514 δεδύνηται
799 447 989 499 ἑαυτὸν
1041 449 1389 519 παραστῆσαι
1451 450 1550 501 οὐκ
1579 450 1780 518 ὀλίγοις
1817 450 1924 503 τῶν

340 534 643 606 ἀνθρώπων
670 537 783 607 (57)
812 538 995 592 θεόθεν
1031 540 1492 609 ἐπιδεδημηκέναι
1524 540 1603 610 τῷ
1644 541 1789 608 γένει
1815 541 1923 593 τῶν

340 626 667 697 ἀνθρώπων.
708 628 891 694 ’Ἀπαξ
922 631 977 684 δὲ
1005 631 1149 684 τοῦτ’
1180 631 1274 683 ἐὰν
1302 631 1671 702 παραδέξηται
1695 672 1708 695 ,
1737 634 1838 703 ὅρα
1874 634 1921 685 εἰ

341 718 417 787 μὴ
456 718 935 791 ἀναγκασθήσεται
986 723 1335 795 ἰσχυρότερον
1374 723 1536 776 αὑτὸν
1585 724 1749 794 φῆσαι
1797 724 1921 775 τού-

334 825 474 873 των,
510 806 593 872 οἶς
636 812 800 864 αὑτὸν
836 814 1375 884 συγκατηρίθμησεψ
1406 816 1529 867 ἐπεὶ
1562 816 1784 868 ἐκείνων
1823 815 1921 885 μέν

334 916 400 967 γε
433 900 607 964 οὐδεὶς
635 902 832 955 κωλύει
865 904 964 968 τὰς
993 906 1129 974 πρὸς
1151 907 1276 968 τοὺς
1300 906 1523 976 ἑτέρους
1548 907 1734 976 τιμάς⁵
1768 903 1921 970 οὗτος

332 993 411 1056 δὲ,
439 993 616 1064 ἑαυτῷ
639 994 857 1067 θαρρῶν
878 1035 892 1059 ,
922 996 997 1061 ὡς
1033 998 1249 1051 πάντων
1279 999 1502 1052 ἐκείνων
1531 998 1917 1070 δυνατώτερος,

334 1086 666 1157 ἀπαγορεύει
700 1087 799 1151 τὰς
829 1089 1034 1142 τούτων
1067 1089 1356 1159 ἀποδοχάς,
1390 1090 1465 1153 ὡς
1496 1090 1784 1162 μοχθηρῶν
1807 1092 1923 1144 δαι-

337 1176 538 1244 μόνων,
574 1177 668 1230 καὶ
688 1178 886 1242 τόπους
930 1181 1022 1233 ἐπὶ
1063 1181 1165 1251 γῆς
1210 1181 1723 1252 προκατειληφότων
1748 1223 1761 1247 ,
1798 1184 1921 1235 ἐπεὶ

330 1268 432 1338 τῆς
466 1266 856 1340 καθαρωτέρας
888 1270 949 1323 οὐ
980 1270 1233 1325 δύνανται
1260 1272 1574 1342 ἐφάψασθαι
1610 1272 1795 1342 χώρας
1822 1274 1918 1326 xui

2029 453 2304 517 admittat,
2346 451 2467 506 vide
2500 466 2684 505 annon
2718 465 2937 505 necesse
2965 453 3115 505 situt
3140 451 3378 507 fateatur
3426 454 3569 518 majo

2028 559 2142 597 rem
2171 541 2298 596 Jesu
2327 542 2517 609 fuisse,
2553 557 2717 611 quam
2743 556 2965 603 eorum,
3012 544 3209 611 quibus
3248 545 3395 598 illum
3420 544 3600 599 adnu-

2029 632 2281 697 meravit,
2321 640 2671 700 potestatem.
2706 631 2843 684 Nam
2890 631 3074 685 nullus
3117 647 3303 686 eorum
3347 643 3496 688 vetat
3529 650 3599 691 ne

2026 724 2117 777 alii
2148 724 2437 787 colantur;
2469 723 2559 777 hic
2584 738 2713 776 vero
2753 722 2856 775 sibi
2891 722 2991 791 ipsi
3027 722 3202 777 ﬁdens
3223 762 3236 786 ,
3270 733 3458 793 utpote
3488 726 3597 782 illis

2024 815 2281 871 omnibus
2309 815 2603 883 petentior,
2636 814 2887 883 prohibet
2925 814 3217 883 qumninus
3251 817 3325 870 illi
3369 818 3423 870 in
3468 818 3595 873 deo-

2024 922 2145 959 rum
2173 920 2406 960 numero
2441 914 2756 973 ponantur;
2792 906 2989 974 quippe
3027 906 3119 973 qui
3154 908 3280 961 mali
3322 910 3598 966 daemones

2024 998 2128 1052 sint
2151 1036 2166 1061 ,
2199 998 2291 1066 qui
2324 997 2529 1052 idcirco
2564 998 2618 1050 in
2651 1005 2795 1050 terra
2828 998 2933 1052 sibi
2967 997 3085 1052 loca
3122 998 3437 1068 elegerunt,
3470 1004 3596 1070 quia

2024 1089 2270 1156 puriores
2303 1089 2572 1157 attingere
2596 1089 2703 1142 'non
2725 1099 2952 1157 possunt
2984 1090 3392 1160 divinioresque
3417 1093 3599 1159 sedes,

2022 1194 2130 1247 quo
2159 1178 2294 1233 nihil
2319 1193 2565 1233 crassqu
2592 1195 2622 1233 e
2669 1190 2815 1233 terra
2848 1180 3118 1251 malisque
3147 1196 3267 1251 qua:
3305 1183 3358 1236 in
3389 1197 3453 1238 ea
3471 1194 3599 1238 sunt

2023 1271 2323 1325 innumeris
2353 1270 2637 1341 pertingit.

332 1359 642 1428 θειοτέρας,
693 1361 820 1414 ἔνθα
861 1361 935 1433 μὴ
987 1362 1276 1431 φθάνουσιν
1314 1367 1368 1417 αἱ
1396 1364 1503 1417 ἀπὸ
1534 1365 1632 1434 τῆς
1668 1364 1772 1433 γῆς
1808 1366 1901 1417 xu‘t
1926 1363 2036 1416 τῶν
2068 1364 2126 1415 ὲν
2155 1362 2291 1431 αὐτῇ
2330 1361 2535 1432 μυρίων
2560 1362 2741 1415 κακῶν
2773 1363 3098 1435 παχύτητες.

417 1451 569 1504 Ἐπεὶ
608 1451 663 1503 δὲ
708 1452 847 1522 μετὰ
878 1453 1053 1507 ταῦτα
1083 1455 1178 1506 καὶ
1228 1455 1298 1508 τά
1324 1456 1453 1525 περὶ
1502 1455 1610 1508 τῶν
1646 1455 1913 1509 παιδικῶν

343 1543 621 1613 Ἀδριανοῦ
657 1543 820 1614 (λέγω
852 1545 908 1598 δὲ
932 1546 1002 1599 τά
1036 1550 1164 1619 περὶ
1202 1550 1471 1603 Ἀντινόου
1487 1548 1580 1602 τοῦ
1606 1548 1912 1619 μειρακίου,

330 1635 427 1687 xui.
443 1634 542 1698 τάς
574 1635 652 1697 εἰς
682 1636 843 1689 αὑτὸν
893 1638 1002 1691 τῶν
1037 1642 1094 1691 ὲν
1138 1641 1405 1694 Ἀντινόου
1450 1641 1602 1694 πόλει
1636 1641 1734 1711 τῆς
1759 1639 1917 1707 Αἰγύ-

330 1742 468 1777 πτου
495 1726 604 1796 (58)
630 1727 835 1796 τιμάς)’
875 1729 1025 1782 οὐδὲν
1049 1732 1220 1783 οῖεται
1262 1732 1480 1785 ἀποδεῖν
1508 1732 1606 1802 τῆς
1640 1731 1914 1801 ἡμετέρας

330 1816 470 1887 πρὸς
502 1818 592 1871 τὸν
622 1819 829 1889 Ἰησοῦν
856 1820 1041 1890 τιμῆς·
1074 1822 1206 1892 φέρε
1228 1824 1322 1875 καὶ
1343 1822 1501 1876 τοῦτο
1519 1822 1594 1885 ὼς
1615 1821 1915 1892 φιλέχθρως

327 1906 619 1979 λεγόμενον
665 1910 1049 1981 διελέγξωμεν.
1087 1912 1150 1964 Τί
1190 1912 1298 1983 γὰρ
1332 1914 1510 1966 κοινὸν
1546 1914 1657 1983 ἔχει
1702 1913 1731 1964 ό
1757 1913 1913 1980 γενόι-

333 2019 492 2074 μενος
521 2005 577 2055 ἐν
608 2007 721 2067 τοῖς
766 2004 1046 2076 Ἀδριανοῦ
1088 2006 1354 2071 παιδικοῖς
1387 2007 1520 2077 βίος,
1548 2006 1666 2059 οὐδὲ
1694 2006 1784 2059 τὸν
1816 2008 1915 2079 ἄρ-

331 2098 465 2166 ρενα
499 2097 683 2168 ἀπαθῆ
714 2098 1028 2166 γυναικείας
1053 2098 1206 2152 νόσου
1244 2098 1577 2167 φυλάξαντος
1611 2098 1744 2169 (59),
1777 2097 1912 2169 πρὸς

327 2192 420 2244 τὸν
447 2193 641 2263 σεμνὸν
663 2195 695 2263 ἡ
707 2191 822 2263 μῶν
875 2192 1105 2263 Ἰησοῦν,
1142 2188 1202 2245 οῦ
1231 2193 1365 2264 μηδὲ
1397 2194 1445 2246 οἱ
1480 2194 1648 2264 μυρία
1676 2207 1913 2262 κατηγο-

328 2284 618 2355 ρήσαντες,
651 2283 943 2353 καὶψευδῆ
973 2283 1072 2335 ὅσα
1100 2285 1229 2354 περὶ
1262 2282 1425 2335 αὑτοῦ
1461 2283 1730 2351 λέγοντες,
1762 2282 1913 2335 δεδύ-

326 2389 516 2441 νηνται
550 2376 855 2436 κατειπεῖν,
880 2373 955 2435 ὡς
982 2371 1083 2425 κᾶν
1104 2373 1165 2425 τὸ
1189 2373 1350 2442 τυχὸν
1375 2372 1670 2436 ἀκολασίας
1696 2372 1798 2427 κᾶν
1823 2375 1909 2426 ἐπ’

324 2463 504 2532 ὀλίγον
537 2465 876 2535 γευσαμένου
904 2481 918 2529 ;
965 2463 1124 2517 Ἀλλά
1157 2465 1270 2528 καὶ,
1292 2465 1449 2535 εἴπερ
1475 2464 1784 2535 φιλαληθῶς
1816 2465 1912 2517 xui.

325 2553 638 2617 ὰδεκάστως
670 2554 737 2606 τά
774 2554 900 2622 περί
930 2552 1023 2604 τὸν
1066 2552 1336 2605 Ἀντίνουν
1373 2554 1613 2619 ἐξετάζοι
1639 2571 1742 2619 τις,
1777 2571 1914 2624 μαγ-

325 2645 552 2712 γανείας
581 2643 647 2697 ἂν
670 2643 987 2712 Αἰγυπτίων
1016 2644 1110 2696 xui
1146 2643 1367 2707 τελετὰς
1400 2644 1549 2714 εὖροι
1588 2643 1687 2707 τὰς
1727 2644 1910 2707 αἰτίας

323 2733 420 2790 τοῦ
446 2736 623 2788 δοκεῖν
658 2752 711 2788 τι
742 2734 905 2789 αὐτὸν
939 2736 1111 2787 ποιεῖν
1149 2736 1207 2787 ὲν
1264 2735 1531 2788 Ἀντινόου
1580 2735 1771 2799 πόλει,
1815 2736 1911 2790 xui.

326 2825 467 2895 μετά
478 2825 576 2896 τὴν
590 2826 848 2895 τελευτὴν
860 2824 1024 2878 αὐτοῦ
1034 2842 1045 2854 ⁸
1061 2826 1198 2894 ὅπερ
1215 2826 1309 2879 xui.
1329 2826 1414 2878 ἐπ’
1432 2825 1606 2878 ἀλλων
1619 2825 1754 2878 νεῶν
1769 2827 1909 2878 ἱστο-

324 2920 499 2990 ρεῖται
517 2916 621 2970 ὑπὸ
643 2915 754 2986 (60)
785 2916 1100 2983 Αἰγυπτίων
1132 2917 1225 2970 xui.
1251 2916 1358 2968 τῶν
1376 2915 1447 2967 τὰ
1466 2915 1686 2968 τοιαῦτα
1718 2915 1907 2968 δεινῶν

1946 1683 1987 1736 Β

2090 1451 2179 1506 56.
2210 1452 2460 1507 POSUIIBC
2512 1455 2579 1506 ad
2634 1454 2876 1507 amasios
2924 1453 3144 1508 Adriani
3187 1455 3334 1510 venit
3378 1455 3597 1528 (loquor

2020 1554 2202 1597 autem
2227 1545 2295 1598 de
2333 1545 2685 1598 adolescente
2714 1546 2974 1611 Antinoo,
3011 1546 3269 1614 cultuque
3304 1549 3394 1617 qui
3429 1550 3503 1602 illi
3538 1550 3593 1604 in

2019 1633 2239 1705 Egypti
2273 1635 2404 1690 urbe
2430 1635 2778 1703 Antinoopoli
2814 1636 3129 1706 exhibetur)
3156 1678 3172 1703 ,
3197 1641 3592 1711 contenditqne

2018 1726 2223 1780 cultum
2250 1726 2399 1781 illum
2424 1742 2453 1781 a
2479 1736 2668 1781 nostro
2703 1726 2755 1780 in
2786 1726 2972 1782 Jesum
3024 1730 3173 1783 cultu
3215 1731 3349 1785 nihil
3379 1732 3594 1788 discre-

2015 1831 2165 1885 pare.
2193 1818 2304 1887 Age
2332 1827 2386 1873 et
2416 1818 2559 1872 istud
2591 1834 2621 1871 a
2651 1833 2749 1873 suo
2782 1818 2835 1872 iu
2873 1834 2973 1873 nos
3000 1821 3124 1875 odio
3140 1816 3440 1890 profectum
3468 1838 3593 1880 esse

2015 1907 2355 1963 evincamus.
2396 1908 2534 1975 Quid
2582 1912 2726 1963 enim
2765 1910 2957 1964 horum
2989 1910 3215 1965 Adriani
3250 1915 3589 1970 amasiorum

2013 1999 2124 2051 vita
2176 1998 2243 2052 ad
2298 2014 2488 2054 onmes
2527 2000 2819 2068 spurcitias
2862 2000 3027 2055 etiam
3076 2013 3266 2057 contra
3338 2017 3588 2062 naturam

2014 2092 2257 2161 projecta
2297 2106 2586 2146 commune
2614 2094 2774 2147 habet
2802 2109 2922 2148 cum
2954 2094 3061 2148 vita
3098 2093 3223 2150 Jesu
3262 2112 3423 2166 quem
3449 2100 3587 2153 coli-

2014 2200 2155 2249 mus,
2187 2198 2347 2253 quem
2386 2184 2472 2238 vel
2515 2184 2737 2239 minima
2793 2186 3225 2255 intemperantiae
3256 2191 3468 2245 macula
3501 2207 3590 2247 as-

2011 2290 2240 2344 pergere
2275 2290 2343 2329 ne
2368 2276 2586 2344 quidem
2620 2276 2655 2328 ii
2686 2278 2803 2330 ausi
2832 2288 2978 2338 sunt,
3005 2280 3097 2348 qui
3124 2290 3409 2335 sexcentas
3434 2284 3585 2336 eatu-

2015 2356 2188 2420 ntnias
2220 2367 2614 2435 mentlaciaque
2637 2378 2827 2421 contra
2854 2367 3005 2422 illum
3047 2374 3441 2426 evomuerunt?
3479 2375 3586 2428 Sed

2012 2463 2066 2509 et
2083 2455 2255 2524 siquis
2290 2456 2540 2509 veritatis
2562 2471 2751 2509 amans
2775 2471 2861 2510 res
2880 2459 3098 2512 Antinoi
3130 2460 3442 2531 incorrupte
3466 2454 3589 2531 per-

2011 2548 2281 2615 penderit,
2318 2547 2561 2601 inveniet
2590 2548 2929 2616 praestigiosa
2958 2546 3341 2620 Egyptioruut
3386 2563 3588 2624 myste-

2012 2636 2094 2689 ria
2146 2640 2200 2690 in
2234 2652 2397 2691 causa
2432 2652 2573 2703 esse,
2615 2653 2715 2691 cur
2746 2638 2836 2692 ille
2889 2639 3235 2709 Antin00poli
3271 2643 3432 2696 etiam
3464 2656 3587 2713 post

2012 2735 2245 2781 mortem
2303 2728 2433 2797 quid
2490 2728 2676 2783 facere
2707 2729 2954 2784 videatur
2988 2749 3001 2783 :
3042 2733 3187 2801 quod
3238 2732 3412 2788 fertur
3439 2743 3494 2791 et
3528 2738 3582 2790 in

2011 2819 2133 2873 aliis
2164 2820 2383 2889 templis
2414 2820 2533 2874 ﬁeri
2582 2822 2650 2874 ab
2678 2820 2950 2894 Egyptiis
2992 2823 3228 2894 aliisque
3266 2828 3584 2882 earumdem

2010 2910 2208 2962 artium
2241 2910 2453 2979 peritis.
2490 2910 2556 2963 Hi
2591 2912 2739 2965 enim
2771 2915 3095 2982 quibusdam
3129 2915 3183 2968 in
3213 2914 3346 2971 locis
3386 2918 3587 2972 dazmo-

320 3008 621 3075 γεγονέναι,
657 3006 714 3059 ἔν
750 3022 862 3058 τισι
889 3006 1075 3069 τόποις
1108 3006 1393 3077 ἱδρυόντων
1428 3004 1687 3076 δαίμονας
1718 3024 1902 3075 μαντι-

2011 3014 2105 3053 nes
2131 3009 2377 3054 statuunt
2407 3001 2620 3055 divinos
2653 3011 2749 3056 aut
2786 3006 3029 3060 medicos
3053 3045 3068 3071 ,
3115 3008 3205 3075 qui
3247 3024 3388 3078 sa-pe
3415 3011 3581 3065 etiam

320 3101 452 3161 κοὺς
483 3099 516 3169 ἢ
542 3100 837 3170 ἰατρικοὺς,
872 3097 1132 3160 πολλάκις
1151 3097 1207 3150 δὲ
1237 3099 1332 3150 καὶ
1369 3097 1754 3167 βασανίζοντας
1776 3099 1902 3160 τοὺς

318 3189 610 3253 δοκοῦντάς
634 3207 687 3242 τι
715 3188 1161 3260 παραϐεϐηκέναι
1184 3190 1313 3260 περὶ
1333 3189 1442 3241 τῶν
1462 3188 1732 3257 τυχόντων
1762 3188 1903 3259 βρω-

325 3278 533 3349 μάτων,
570 3279 602 3350 ἢ
635 3276 875 3351 περὶτοῦ
911 3277 1081 3345 θίγειν
1118 3276 1314 3349 νεκροῦ
1345 3276 1592 3348 σώματος
1625 3277 1901 3348 ἀνθρωπί-

323 3387 440 3434 νου,
474 3372 559 3424 ἵνα
593 3370 798 3424 δοκοῖεν
832 3368 1161 3424 δεδίττεσθαι
1190 3369 1278 3421 τὸν
1309 3368 1474 3422 πολὺν
1505 3367 1631 3421 λαὸν
1662 3368 1773 3439 (61)
1808 3369 1903 3421 xui.

318 3462 667 3515 ἀπαίδευτον.
699 3462 950 3524 Τοιοῦτος
981 3461 1037 3514 δέ
1068 3464 1185 3515 ἐστι
1224 3462 1319 3514 καὶ
1352 3462 1409 3512 ὲν
1450 3462 1719 3513 Ἀντινόου
1750 3459 1902 3513 πόλει

317 3554 418 3624 τῆς
452 3554 725 3622 Αἰγύπτου
752 3556 1026 3626 νομισθεὶς
1060 3552 1201 3609 εἶναι
1233 3556 1373 3621 θεὸς,
1407 3551 1467 3612 οὗ
1499 3558 1699 3628 ἀρετὰς
1732 3559 1780 3610 οἱ
1804 3558 1901 3628 μέν

318 3661 462 3708 τινες
492 3647 961 3718 κυϐευτικώτερον
1000 3646 1200 3711 ζῶντες
1233 3648 1692 3718 καταψεύδονται,
1725 3649 1901 3720 ἕτεροι

319 3736 396 3800 δὲ,
424 3737 529 3789 ὑπὸ
554 3736 654 3791 τοῦ
686 3740 801 3791 ἐκεῖ
828 3739 1111 3810 ἱδρυμένου
1135 3738 1387 3808 δαίμονος
1411 3738 1782 3811 ἀπατώμενοι,
1807 3739 1902 3792 καὶ

320 3827 468 3882 ἄλλοι
500 3828 609 3882 ἀπὸ
632 3829 893 3892 ἀσθενοῦς
916 3828 1009 3882 τοῦ
1043 3830 1345 3893 συνειδότος
1374 3831 1738 3901 ἐλεγχόμενοι,
1761 3830 1901 3883 οἴον-

320 3939 411 3974 ται
442 3923 608 3975 τίνειν
641 3921 901 3993 θεήλατον
936 3922 1044 3975 ἀπὸ
1077 3921 1171 3974 τοῦ
1231 3922 1499 3975 Ἀντινόου
1541 3924 1732 3994 ποινήν
1762 3922 1895 3994 (62).

321 4012 553 4066 Τοιαῦτα
576 4013 632 4066 δέ
660 4016 775 4067 ἐστι
805 4015 899 4067 xui.
925 4015 994 4067 τά
1024 4014 1276 4085 δρώμενα
1300 4014 1478 4067 αὐτῶν
1512 4016 1784 4085 μυστήρια
1806 4014 1900 4068 καὶ

319 4105 377 4158 αἰ
405 4103 654 4157 δοκοῦσαι
696 4106 976 4175 μαντεῖαι,
1008 4096 1081 4155 ὧν
1116 4104 1260 4157 πάνυ
1303 4104 1520 4173 μακράν
1557 4106 1674 4156 ἐστι
1704 4103 1772 4156 τά
1804 4101 1897 4155 τοῦ

334 4196 528 4268 Ἰησοῦσ
574 4198 634 4250 οὐ
682 4196 791 4267 γάρ
837 4195 1188 4257 συνελθόντες
1214 4193 1444 4264 γόητες,
1470 4195 1629 4266 χάριν
1666 4195 1899 4257 τίνοντες

321 4290 530 4360 βασιλεῖ
552 4307 661 4343 τινι
696 4289 968 4343 κελεύοντι
1003 4289 1035 4359 ἢ
1071 4289 1300 4359 ἡγεμόνι
1344 4288 1766 4357 προστάσσοντι,
1799 4303 1897 4339 πε·

2008 3090 2446 3145 animadvertant
2479 3093 2531 3146 in
2564 3108 2659 3148 eos
2684 3094 2776 3164 qui
2812 3096 3051 3164 ipsorum
3082 3097 3228 3166 leges
3257 3100 3321 3151 de
3348 3099 3589 3169 vulgari-

2007 3181 2108 3237 bus
2137 3183 2276 3239 cibis
2310 3193 2406 3239 aut
2456 3185 2522 3240 de
2553 3200 2659 3239 non
2717 3188 2987 3255 tangendo
3028 3188 3268 3243 humano
3315 3192 3583 3248 cadavere

2006 3276 2230 3341 violant,
2278 3278 2439 3346 idque
2480 3289 2538 3332 ut
2594 3279 2787 3349 vulgus
2838 3281 3152 3349 imperitum
3208 3284 3578 3340 terrel‘aciant.

2004 3367 2182 3437 Atque
2209 3369 2517 3438 hujusmodi
2553 3377 2636 3424 est
2669 3373 2762 3438 qui
2806 3371 3161 3441 Antinoopoli
3195 3378 3261 3429 ab
3304 3376 3583 3449 Egyptiis

2007 3458 2141 3513 deus
2186 3459 2574 3523 existimatur,
2622 3460 2775 3528 cujus
2823 3462 3052 3516 virtutes
3095 3466 3313 3533 quidam
3349 3472 3577 3524 commi-

2006 3550 2293 3604 niscuntur
2338 3551 2536 3618 quibus
2578 3551 2703 3603 inde
2748 3563 2993 3620 quaestus
3022 3564 3140 3619 est;
3179 3556 3304 3610 dum
3333 3558 3427 3611 alii
3455 3562 3579 3626 qui.

2006 3642 2127 3694 dem
2162 3656 2191 3693 a
2221 3641 2469 3696 daemone
2504 3640 2578 3695 ibi
2612 3641 2881 3697 collocato
2915 3644 3289 3714 decipiuntur,
3326 3648 3415 3701 alii
3444 3664 3577 3705 vero

2005 3730 2238 3785 inﬁrma:
2266 3732 2617 3787 conscientia:
2650 3733 2885 3788 stimulis
2915 3735 3105 3804 agitati
3138 3751 3353 3805 positam
3401 3740 3506 3795 sibi
3544 3758 3574 3795 a

2003 3822 2107 3877 deo
2145 3823 2384 3878 Antinoo
2420 3822 2676 3879 inﬂictam
2709 3824 2819 3893 pati
2852 3839 2912 3880 se
2943 3836 3153 3895 putant.
3191 3828 3317 3885 Haec
3345 3842 3471 3885 sunt
3505 3832 3573 3886 il-

2004 3916 2175 3969 lorum
2225 3915 2486 3987 mysteria
2523 3926 2580 3971 et
2629 3930 2749 3985 quae
2778 3916 3036 3972 videntur
3088 3919 3251 3975 edere
3296 3923 3571 3978 vaticinia.

2000 4007 2085 4061 Ab
2119 4007 2203 4062 his
2234 4006 2471 4063 immane
2500 4018 2761 4077 quantum
2787 4008 3045 4064 dili‘erunt
3082 4026 3166 4067 res
3192 4012 3344 4067 Jesu.
3385 4014 3573 4086 Neque

2002 4100 2146 4153 enim
2205 4100 2570 4169 impostorum
2621 4103 2779 4155 turba
2828 4101 2972 4171 regis
3020 4103 3295 4171 cujusdam
3327 4106 3573 4175 jubentis

2002 4202 2096 4246 aut
2150 4195 2399 4262 praesidis
2449 4203 2736 4263 captantes
2771 4197 3000 4262 gratiam
3022 4236 3037 4263 ,
3070 4196 3218 4250 illum
3262 4199 3314 4252 in
3345 4200 3570 4253 deorum

2001 4299 2291 4337 numerum
2345 4286 2756 4353 ascripserunt;
2798 4286 2891 4339 sed
2947 4286 3061 4354 ipse
3114 4302 3293 4341 rerum
3327 4290 3567 4344 omnium

320 4385 605 4453 ποιηκέναι
656 4383 838 4451 ἔδοξαν
884 4382 1046 4436 αὐτὸν
1098 4378 1236 4435 εἶναι
1288 4382 1439 4435 Θεόν’
1494 4381 1607 4435 ἀλλ’
1665 4380 1823 4443 αὐτὸς
1867 4382 1895 4433 ὁ

2011 4375 2277 4440 conditor,
2312 4375 2544 4429 miriﬁca
2585 4377 2674 4429 illa
2709 4392 2813 4445 qua
2843 4376 3008 4443 pollet
3030 4380 3393 4447 persuadendi
3424 4382 3475 4434 vi
3516 4394 3571 4436 et

316 4477 423 4531 τῶν
454 4477 590 4532 ὅλων
631 4475 964 4548 δημιουργὸς
1012 4474 1321 4539 ἀκολούθως
1373 4478 1439 4547 τῇ
1483 4476 1541 4528 ὲν
1592 4475 1670 4547 τῷ
1715 4473 1891 4543 λέγειν

386 4717 502 4787 (57)
532 4717 817 4772 Boberello
849 4716 1137 4772 delendum
1168 4714 1385 4787 videtur
1416 4713 1526 4767 τῶν
1564 4711 1888 4785 ἀνθρώπων,

319 4785 541 4855 propter
577 4789 767 4840 eadem
794 4789 955 4840 verba
999 4800 1119 4853 quae
1147 4785 1308 4854 paulo
1330 4795 1452 4855 post
1477 4794 1814 4853 repetuntur.

389 4856 502 4923 (58)
543 4855 662 4908 Τῶν
685 4857 756 4908 ἐν
786 4858 1083 4909 Ἀντινόου
1117 4853 1289 4907 πόλει
1317 4854 1427 4923 τῆς
1452 4856 1777 4924 Αἰγύπτου.
1812 4853 1887 4907 Ita

320 4936 467 4978 recte
486 4922 717 4977 omnino
743 4931 911 4980 codex
945 4926 1162 4991 Regius.
1196 4925 1347 4979 Alias
1379 4922 1655 4989 mendose,
1683 4922 1790 4977 τῶν
1829 4925 1887 4978 ὲν

329 4993 594 5065 Ἀντινόου
624 4995 717 5047 τοῦ
749 4995 846 5065 τῆς
899 4994 1189 5063 Αἰγύπτου.
1239 4994 1505 5049 Caeterum
1544 4996 1608 5049 de
1646 4993 1884 5065 Antinoo

317 5064 430 5119 [ΕΙ.
463 5063 648 5129 Spart.
696 5066 747 5117 in
775 5063 1013 5119 Adriano
1050 5088 1060 5117 :
1100 5084 1119 5116 ι
1172 5065 1469 5118 Antinoum
1519 5078 1699 5127 suum,
1754 5064 1881 5116 dum

317 5150 415 5205 per
445 5134 621 5189 Nilum
656 5134 893 5205 navigat,
921 5134 1192 5202 perdidit;
1218 5148 1377 5205 quem
1412 5133 1748 5205 muliebriter
1782 5130 1877 5185 ﬂe~

317 5202 401 5259 irit
428 5205 526 5259 :de
550 5218 655 5271 quo
689 5204 838 5255 varia
873 5203 1014 5256 farina
1040 5214 1156 5269 est;
1188 5202 1308 5256 aliis
1342 5218 1463 5256 eum
1496 5203 1750 5256 devotum
1777 5216 1875 5268 pro

314 5274 560 5329 Adriano
615 5273 1033 5338 asseren‘tihus;
1079 5273 1220 5334 aliis,
1249 5273 1391 5340 quod
1433 5278 1492 5324 et
1540 5271 1713 5323 forma
1757 5272 1877 5336 ejus

313 5354 555 5400 ostentat
587 5354 641 5397 ct
676 5343 839 5395 nimia
862 5342 1111 5411 voluptas
1137 5342 1402 5405 Adriani;
1445 5348 1501 5393 et
1535 5340 1708 5394 Grai-ci
1750 5340 1874 5406 qui-

316 5417 464 5481 dem,
483 5414 699 5467 volente
721 5412 987 5473 Adriano,
1004 5428 1125 5464 eum
1151 5419 1632 5481 consecraverunt,
1657 5411 1876 5463 oracula

316 5500 413 5553 per
432 5479 555 5538 eum
578 5482 693 5537 dari
726 5490 1032 5553 asserentes
1051 5497 1065 5543 ;
1081 5493 1227 5553 qua
1250 5479 1652 5553 Adriannsipse
1664 5493 1878 5553 conin

316 5548 798 5621 auissejactatur.’
818 5550 1091 5605 lnnumeri
1122 5548 1416 5619 scriptores
1451 5548 1607 5621 hujus
1634 5548 1877 5621 catamiti

316 5610 699 5695 mei‘niti'erunt.
722 5622 942 5695 verum,
963 5630 1021 5695 u_t
1039 5610 1548 5695 tempuscompendi
1566 5610 1751 5695 facias,
1766 5616 1879 5686 lege

319 5692 655 5761 Scaligerum
686 5694 741 5748 in
764 5686 1318 5747 Animadversidnibus
1362 5688 1417 5742 in
1453 5686 1747 5743 Eusebium
1771 5726 1785 5753 ,
1822 5699 1877 5743 et

2003 4479 2296 4542 potestate,
2331 4470 2480 4524 illum
2519 4468 2679 4540 47],
2727 4470 3027 4526 declaravit
3056 4472 3271 4540 dignum
3308 4474 3398 4555 qui
3433 4474 3572 4529 cole-

2000 4711 2358 4789 Salmasitrm,
2393 4722 2449 4769 et
2480 4714 2880 4781 Casaubonum,
2918 4717 2970 4771 in
3001 4719 3143 4774 notis
3179 4717 3230 4772 in
3262 4717 3369 4774 ΑΞΙ.
3404 4716 3566 4789 Spar-

1997 4785 2227 4839 tianum.
2260 4784 2451 4839 SPENC.

2065 4853 2613 4930 (59)_¢v.1_d§_arzqq.
2651 4855 2795 4924 Lego
2826 4871 2946 4930 eum
2982 4856 3557 4930 Bolterellotpulugug.

1990 4921 2111 5015 alo}
2156 4921 2495 5015 ltlteschelius
2538 4927 2590 4979 in
2647 4921 2796 4980 textu
2848 4927 3043 4992 habet,
3078 4928 3214 5001 πρὸς
3241 4921 3331 4982 τὸν
3363 4921 3562 4999 σεμῖνίἇν

1987 4993 2117 5062 ἡμῖν
2156 4994 2384 5065 Ἰησοῦν.
3124 4993 3136 5001 ’
3196 4993 3205 4994 ί
3429 4993 3441 4999 ⁷

1998 5062 2402 5144 Auﬁdi-Major
2459 5079 2583 5131 pars
2637 5066 3177 5137 manuscriplornm,
3236 5070 3554 5140 ἱστορεῖται.

1982 5134 2156 5203 Alias,
2190 5134 2491 5203 ἱστόρηται.

2056 5202 2167 5274 (61)
2220 5202 2402 5257 Λαόν.
2442 5204 2592 5260 Hanc
2633 5219 2822 5261 vocem
2855 5220 2975 5275 quas
3028 5207 3330 5274 exciderat,
3389 5204 3553 5261 resti-

1985 5280 2141 5326 ιυυΙΙῐ
2173 5289 2305 5326 mss.

2054 5341 2167 5412 (62)
2208 5345 2398 5397 Τίνειν
2434 5344 2728 5411 θεήλατον
2766 5344 2886 5397 ἀπὸ
2928 5345 3033 5398 τοῦ
3086 5344 3380 5397 Ἀντινόου
3426 5360 3554 5397 ποι-

1979 5412 2116 5478 νήν.
2161 5413 2432 5482 Scaliger,
2464 5426 2520 5469 ut
2549 5418 2805 5468 observat
2834 5413 3171 5477 Bohcrellus,
3208 5414 3261 5465 in
3291 5413 3551 5467 Animad-

1980 5498 2116 5536 vers.
2165 5480 2384 5546 Euse6.,
2437 5499 2565 5539 ann.
2624 5498 2862 5546 nucxnv,
2890 5482 3015 5549 legit
3036 5486 3199 5533 -πνείν
3225 5482 3450 5552 ποινήν,
3496 5492 3553 5537 et

1989 5552 2289 5622 Salinasius
2315 5554 2381 5606 ad
2414 5552 2764 5621 Spartianum
2788 5592 2802 5616 ,
2852 5553 3003 5622 πνεῖν
3037 5552 3205 5622 πνοήν
3229 5591 3244 5622 ,
3280 5555 3551 5622 quomodo

1984 5630 2039 5674 et
2067 5622 2208 5690 apud
2242 5620 2576 5691 Scaligerum
2606 5621 2891 5691 legendum
2922 5620 3174 5691 videtur.
3221 5620 3328 5691 sed
3374 5621 3551 5686 placet

1988 5687 2203 5760 vulgata
2236 5687 2418 5757 lectio,
2441 5687 2684 5761 propter"
2705 5689 2836 5745 illud
2860 5728 2875 5757 ,
2908 5687 3166 5754 ἀσθενοῦς
3194 5689 3287 5745 τοῦ
3316 5691 3547 5745 συνειδό-
