3998 6170
475 274 576 329 967

1929 272 2254 330 ORIGENIS

3643 271 3751 323 96::

475 398 630 448 retur
663 405 770 446 non
807 391 875 444 ab
906 388 974 444 iis
1001 389 1164 443 modo
1188 391 1280 458 qui
1332 390 1496 444 vitam
1551 391 1846 446 emendare
1901 409 2046 448 suam

2158 391 2458 464 τεραστίως
2509 394 2731 461 πιστικῇ
2795 390 3019 462 δυνάμει
3050 389 3158 460 (65)
3193 389 3520 461 συνέστησεν
3561 389 3744 452 αὑτὸν,

477 483 685 538 Vellent
713 521 728 546 ,
761 483 854 536 sed
879 484 1042 535 etiam
1069 495 1097 533 a
1133 478 1470 536 daemonibus
1503 481 1734 552 aliisque
1766 488 2049 552 potestati-

479 579 583 632 bus
633 590 752 644 qua:
811 574 914 629 sub
965 588 1160 626 sensus
1193 588 1300 626 non
1337 573 1556 628 cadunt.
1593 574 1711 640 Quo
1751 576 1811 630 fit
1849 585 1906 629 ιιι
1951 577 2055 630 illm

480 668 657 722 adhuc
683 667 968 721 videantur
989 675 1080 718 aut
1109 665 1402 720 formidare
1423 665 1551 721 Jesu
1577 682 1772 722 nomen
1796 679 2054 737 tanquam

482 773 542 812 se
583 757 923 826 potentioris,
980 765 1074 808 aut
1128 756 1337 826 legibus
1375 759 1493 828 ejus
1538 769 1790 828 tanquam
1842 761 2056 814 Domini

479 854 796 902 reverenter
821 847 1228 917 obtemperare.
1261 847 1374 902 Nisi
1405 852 1552 903 enim
1592 852 1669 906 sic
1717 867 1745 905 a
1791 852 1901 905 Deo
1928 867 2057 906 con-

478 940 702 994 stitutus
738 937 950 1006 fuisset,
978 941 1276 1004 daemones,
1310 940 1423 994 solo
1447 941 1562 1009 ejus
1592 943 1939 1010 pronuntiato
1962 958 2058 998 no-

479 1031 651 1095 mine,
691 1046 799 1087 non
835 1031 1052 1085 exirent
1075 1047 1104 1087 e
1135 1032 1605 1104 corporibusqna:
1639 1035 1983 1090 obsidebant.

548 1323 636 1378 57.
673 1321 943 1377 Cmterum
979 1320 1214 1390 Egyptii
1261 1319 1408 1376 docti
1451 1322 1749 1376 Antinoum
1781 1324 2056 1388 venerari,

477 1413 659 1466 ferent
711 1412 860 1464 illum
903 1427 1024 1464 cum
1079 1412 1325 1479 Apolline
1373 1423 1464 1466 aut
1512 1412 1644 1467 Jove
1699 1415 2008 1485 comparari
2038 1453 2056 1480 ,

476 1505 677 1574 quippe
713 1504 802 1572 qui
835 1503 956 1558 ideo
988 1505 1140 1557 illum
1166 1505 1370 1570 colant,
1397 1507 1522 1574 quia
1556 1507 1607 1560 in
1639 1509 1826 1562 eodem
1853 1524 1915 1562 ac
1939 1508 2058 1564 illos

479 1610 712 1649 numero
755 1594 976 1649 habent.
1021 1593 1156 1648 Nam
1192 1607 1340 1650 certe
1371 1596 1562 1652 Celsus
1613 1599 1896 1665 mentitur,
1935 1616 2056 1653 cum

477 1689 556 1740 ait
577 1707 594 1737 ι
619 1701 998 1755 nonpassuros
1020 1686 1329 1758 Egyptios,
1367 1689 1539 1757 siquis
1577 1689 1722 1742 illum
1745 1706 1867 1744 cum
1890 1691 2056 1760 Apol-

477 1780 590 1834 line
641 1788 733 1833 aut
770 1777 902 1833 Jove
951 1781 1374 1847 comparaverit.
1419 1800 1438 1833 ι
1471 1781 1542 1834 At
1581 1780 1919 1846 Christiani,
1965 1785 2052 1852 qui

476 1871 1053 1924 didieeruntteternam
1075 1886 1132 1924 se
1159 1885 1381 1925 manere
1407 1872 1569 1924 vitam
1601 1872 1652 1924 in
1679 1874 2054 1941 cognoscendo

477 1962 592 2017 solo
625 1964 1079 2017 rerumomnium
1107 1978 1238 2017 vero
1267 1961 1378 2016 Deo
1412 1963 1478 2027 τί,
1511 1973 1565 2017 et
1588 1979 1652 2017 eo
1692 1979 1852 2032 quem
1885 1965 2050 2031 misit,

475 2052 602 2109 Jesu
635 2055 852 2108 Christo
881 2057 1112 2124 positam
1141 2072 1152 2118 ;
1193 2054 1283 2123 qui
1312 2064 1511 2108 norunt
1541 2070 1732 2108 omnes
1768 2055 1898 2109 deos
1921 2069 2053 2124 gen-

475 2147 610 2198 tium
649 2145 806 2200 avida
839 2162 959 2202 esse
985 2147 1252 2202 daemonia
1285 2147 1496 2200 circmn
1529 2145 1804 2210 victimas,
1834 2147 2054 2215 sangui-

475 2251 619 2300 nem,
679 2237 923 2306 aliasque
974 2239 1368 2292 sacrificiorum
1422 2247 1606 2306 partes
1653 2240 1939 2294 volitantia
1981 2239 2049 2305 7‘,

474 2329 636 2399 idque
669 2339 728 2383 ttt
756 2344 850 2384 eos
877 2330 1153 2399 decipiant
1184 2331 1274 2399 qui
1303 2331 1370 2384 ad
1393 2329 1558 2384 Deum
1595 2345 1777 2384 rerum
1809 2332 2052 2386 omnium

471 2434 582 2474 non
611 2417 960 2489 confugiunt;
993 2421 1083 2489 qui
1130 2421 1308 2475 sciunt
1340 2421 1554 2475 divinos
1600 2430 1927 2490 sanctosque
1958 2423 2052 2478 Dei

472 2511 702 2579 angelos
727 2513 954 2567 alterius
992 2521 1201 2566 natura:
1247 2521 1302 2565 et
1346 2513 1644 2566 voluntatis
1675 2527 1817 2575 esse,
1849 2529 1912 2566 ac
1942 2514 2052 2567 da»

470 2619 664 2658 mones
698 2619 916 2669 omnes,
957 2604 1052 2673 qui
1081 2603 1136 2657 in
1169 2613 1315 2657 terra
1343 2612 1489 2666 sunt,
1525 2604 1730 2673 hosque
1764 2606 2054 2674 perpaucis

469 2703 634 2748 notos
669 2708 817 2758 esse,
852 2693 920 2747 iis
953 2694 1216 2746 nimirum
1247 2694 1338 2762 qui
1373 2695 1673 2763 prudenter
1711 2704 1766 2748 et
1797 2707 2054 2751 accurate

471 2784 578 2840 illis
603 2787 998 2857 cognoscendis
1028 2787 1159 2840 dant
1180 2801 1402 2855 operam
1425 2804 1438 2851 ;
1459 2788 1780 2852 Christiani,
1810 2789 2050 2858 inquam,

472 2890 579 2929 non
604 2877 954 2932 sustinebunt
983 2876 1290 2945 comparari
1319 2877 1621 2945 Apollinem
1649 2887 1701 2932 et
1722 2876 1932 2946 Jovem,
1961 2891 2055 2935 aut

469 2966 722 3034 quemvis
770 2981 994 3030 eorum,
1039 2967 1131 3036 qui
1178 2967 1375 3036 adipe,
1419 2970 1682 3037 sanguine
1717 2977 1770 3023 et
1815 2970 2053 3026 victimis

473 3060 780 3128 placantur.
812 3059 975 3129 Cujus
997 3061 1072 3113 rei
1103 3060 1326 3128 quidam
1356 3071 1515 3114 erunt
1543 3061 1782 3130 quidem,
1809 3063 1898 3131 qui
1927 3077 2053 3116 cau-

473 3166 589 3204 satn
614 3148 811 3205 afferre
834 3164 945 3218 pra:
980 3165 1077 3204 sua
1111 3152 1460 3222 simplicitate
1490 3169 1594 3207 non
1624 3164 1900 3223 poterunt,
1925 3170 2052 3208 con-

474 3242 610 3296 tenti
644 3244 891 3297 studiose
923 3259 1145 3297 servare
1179 3259 1298 3312 qum
1333 3244 1642 3312 acceperint
1675 3261 1687 3297 :
1725 3245 1817 3299 sed
1849 3243 1938 3297 alii
1964 3261 2053 3297 ra-

475 3334 649 3388 tiones
684 3335 912 3389 reddent
956 3335 1189 3401 solidas,
1233 3335 1558 3406 profundas,
1606 3347 1678 3402 et,
1727 3345 1785 3391 ut
1830 3335 2052 3392 Graecus

472 3423 705 3490 diceret,
739 3425 1046 3493 interiores
1079 3436 1242 3495 atque
1281 3443 1348 3480 ex
1383 3427 1686 3482 visceribus
1726 3429 1802 3482 rei
1837 3428 2047 3483 duc'tas.

474 3515 689 3570 Etenim
742 3517 908 3570 multa
961 3519 1144 3573 dicent
1188 3519 1254 3573 de
1293 3520 1401 3572 Deo
1437 3518 1630 3586 iisque,
1678 3520 1876 3588 quibus
1912 3521 2050 3574 Deus

472 3602 682 3662 tantum
735 3609 963 3664 honoris
995 3610 1211 3674 habuit,
1251 3620 1309 3664 ut
1357 3626 1456 3680 per
1508 3612 1842 3680 unigenitum
1881 3611 2047 3666 Deum

467 3699 706 3754 Verbum
740 3699 861 3754 illos
893 3700 1205 3755 divinitatis
1240 3703 1487 3772 adeoque
1517 3713 1574 3756 et
1615 3705 1852 3758 nominis
1882 3705 2050 3772 parti-

467 3790 618 3859 cipes
651 3789 872 3844 faceret.
915 3790 1079 3844 Multa
1121 3794 1289 3846 etiam
1333 3794 1439 3846 dici
1487 3803 1713 3862 possunt
1743 3793 1810 3847 de
1850 3794 2050 3849 divinis

468 3881 720 3949 angelis;
758 3883 926 3934 multa
953 3885 1018 3937 de
1058 3883 1125 3935 iis
1147 3885 1241 3953 qui
1272 3885 1489 3937 veritati
1518 3885 1714 3938 infensi
1746 3895 1892 3950 sunt,
1926 3887 2048 3955 qui-

469 3987 576 4038 que
601 3973 837 4040 primum
892 3973 1134 4042 decepti,
1167 3989 1232 4026 ex
1282 3989 1474 4028 errore
1511 3975 1700 4029 haberi
1735 3975 1922 4029 volunt.
1955 3987 2050 4031 aut

469 4078 570 4134 pro
605 4062 733 4128 diis,
766 4074 860 4118 aut
895 4079 992 4133 pro
1021 4065 1114 4118 Dei
1147 4065 1377 4134 angelis,
1401 4075 1492 4119 aut
1522 4081 1621 4134 pro
1651 4066 1806 4120 bonis
1845 4067 2042 4122 dmino-

467 4157 650 4224 nibus,
706 4171 800 4211 aut
857 4173 958 4227 pro
1005 4158 1290 4221 heroibus,
1333 4160 1385 4211 in
1429 4175 1566 4228 quos
1597 4160 1830 4213 humana
1867 4160 2044 4214 anima

469 4255 608 4305 bona
671 4266 940 4306 conversa
1002 4249 1218 4305 fuisset.
1277 4250 1545 4306 Prartetea
1605 4252 1910 4322 probabunt
1968 4253 2042 4306 illi

467 4343 794 4408 Christiani,
823 4346 1278 4412 quemadmodum
1312 4346 1362 4398 in
1386 4345 1730 4416 phil050phia
1761 4344 1913 4399 multi
1941 4345 2043 4399 sibi

2155 486 2231 548 ῶς
2285 487 2449 556 τιμῆς
2502 486 2672 550 ἄξιον,
2706 485 2768 536 οὐ
2821 488 2934 546 τοῖς
2981 486 3264 554 εὐψρονείν
3309 483 3553 536 ἐθέλουσι
3587 485 3748 554 μόνον

2157 577 2492 648 ἀνθρώποις,
2529 577 2664 630 ἀλλά
2717 578 2810 629 καὶ
2840 577 3080 646 δαίμοσι,
3125 577 3220 628 καὶ
3262 575 3451 639 ἄλλαις
3491 577 3748 647 ἀοράτοις

2156 672 2471 743 δυνάμεσιν·
2507 672 2710 734 αἵτινες
2736 671 2895 742 μέχρι
2927 671 3022 722 τοῦ
3051 670 3208 740 δεῦρο
3236 671 3593 740 ἐμφαίνουσιν
3627 672 3746 740 ἦτοι

2159 766 2487 835 φοϐούμεναι
2541 765 2601 817 τὸ
2634 765 2804 833 ὖνομα
2849 762 2942 816 τοῦ
2990 763 3164 833 Ἰησοῦ
3219 763 3294 825 ὡς
3343 763 3674 834 κρείττονος,
3707 763 3744 833 ἢ

2162 857 2469 928 σεϐασμίως
2497 857 2887 926 ἀποδεχόμεναι
2921 855 2996 918 ῶς
3025 854 3168 908 κατά
3199 855 3397 925 νόμους
3430 855 3611 908 αὐτῶν
3643 856 3744 927 ἀρ⁶

2161 964 2364 1017 χοντος.
2397 948 2460 999 EE
2492 947 2599 1018 γάρ
2633 947 2706 1017 μὴ
2733 946 2914 998 θεόθεν
2937 941 3004 1015 ἦν
3035 944 3184 1014 αὐτῷ
3215 945 3431 998 δοθεῖσα
3459 945 3739 1010 σύστασις,

2158 1039 2258 1091 οὐκ
2280 1038 2344 1091 ἂν
2392 1038 2486 1090 καὶ
2515 1039 2766 1108 δαίμονες
2814 1037 2891 1106 τῷ
2921 1037 3144 1106 ὀνόματι
3193 1037 3354 1089 αὐτοῦ
3404 1037 3758 1111 ἀπαγγελλο-¹

2164 1129 2309 1198 μένῳ
2342 1128 2500 1198 μόνον
2529 1125 2764 1188 εἴκοντες
2793 1125 3099 1196 ἀνεχώρουν
3143 1126 3250 1178 ἀπὸ
3285 1125 3392 1179 τῶν
3427 1127 3520 1180 ὑπ’
3565 1127 3744 1180 αὐτῶν

2160 1221 2286 1273 πολε
2297 1237 2397 1291 μου
2407 1221 2580 1290 μένων
2589 1259 2600 1270 .
3751 1217 3754 1224 ’

2229 1312 2514 1379 Αἰγύπτιοι
2563 1311 2659 1380 μὲν
2691 1305 2783 1363 οὖν
2833 1310 3170 1379 διδαχθέντες
3199 1310 3289 1363 τὸν
3331 1311 3602 1362 Ἀντίνοον
3651 1311 3740 1362 σέ-

2162 1404 2298 1465 ϐειν,
2343 1403 2436 1456 ὲάν
2485 1401 2635 1471 αὐτῷ
2682 1400 3006 1472 παραϐάλῃς
3045 1401 3154 1470 (64)
3193 1400 3504 1454 Ἀπόλλωνα
3545 1402 3577 1472 ἢ
3622 1402 3737 1462 Δία,

2161 1493 2456 1558 ἀνέξονται,
2491 1492 2845 1561 σεμνύνοντες
2861 1492 2949 1544 τὸν
2993 1491 3260 1543 Ἀντίνοον
3278 1491 3364 1544 διὰ
3391 1491 3484 1544 τοῦ
3514 1493 3741 1556 ἐκείνοις

2160 1585 2321 1638 αὑτὸν
2346 1583 2714 1654 συναριθμείν.
2743 1584 2852 1636 Καὶ
2883 1584 2940 1636 ὲν
2971 1583 3181 1645 τούτοις
3204 1583 3311 1653 γάρ
3343 1586 3370 1635 ὁ
3403 1583 3616 1648 Κέλσος
3643 1603 3738 1638 σα-

2161 1676 2276 1744 φῶς
2321 1675 2603 1745 ψεύδεται,
2638 1675 2811 1743 λέγων
2835 1692 2848 1705 ο
2884 1693 2900 1723 ι
2939 1674 3056 1728 Κάν
3095 1675 3415 1748 παραϐάλῃς
3464 1676 3616 1747 αὑτῷ
3650 1677 3742 1732 τὸν

2090 1763 2131 1814 Β
2172 1766 2480 1821 Ἀπόλλωνα
2500 1768 2532 1838 ἢ
2554 1767 2644 1819 τὸν
2678 1766 2796 1830 Δία,
2828 1768 2926 1818 οὐκ
2953 1765 3250 1829 ἀνέξονται.
3275 1786 3293 1817 ›
3311 1768 3656 1838 Χριστιανοῖς
3684 1769 3740 1821 δὲ

2162 1859 2504 1941 μεμαθηὶιόσι
2529 1857 2869 1929 τὴνναίώνιον
2892 1859 3076 1920 αὺτοῖς
3116 1855 3253 1911 εἶναι
3281 1857 3423 1929 ζωὴν
3457 1862 3517 1913 ἐν
3543 1859 3623 1929 τῷ
3654 1877 3740 1928 γι-

2157 1951 2422 2019 γνώσκειν
2439 1951 2529 2004 τὸν
2565 1951 2722 2021 μόνον
2758 1950 2850 2002 ἐπὶ
2875 1952 3036 2002 πᾶσιν
3073 1949 3322 2019 ἀληθινὸν
3353 1951 3486 2004 Θεὸν
3507 1992 3520 2014 ,
3555 1952 3650 2004 καὶ
3682 1952 3741 2004 ὃν

2157 2045 2363 2105 ἐκεῖνος
2393 2042 2712 2096 ἀπέστειλεν
2742 2041 2948 2112 Ἰησοῦν
2977 2043 3212 2112 Χριστόν
3239 2060 3250 2072 ·
3291 2042 3525 2113 μαθοῦσι
3550 2045 3611 2097 δὲ
3647 2045 3741 2096 καὶ

2155 2137 2236 2189 ὅτι
2267 2137 2462 2199 πάντες
2486 2136 2582 2206 μὲν
2610 2136 2659 2187 οἱ
2692 2133 2805 2187 θεοὶ
2821 2136 2928 2189 τῶν
2953 2136 3121 2190 ἐθνῶν
3147 2139 3253 2188 είσι
3286 2137 3536 2207 δαιμόνια
3560 2136 3739 2206 λιχνὰ.

2156 2230 2251 2281 καὶ
2286 2227 2416 2298 περὶ
2461 2227 2561 2290 τὰς
2599 2226 2792 2290 Θυσίας
2827 2228 2974 2297 (65),
3012 2229 3105 2280 καί
3135 2227 3204 2281 τά
3235 2229 3476 2299 αἵματα,
3513 2231 3610 2282 καὶ
3641 2230 3743 2293 τὰς

2154 2319 2262 2370 ἀπὸ
2294 2318 2401 2371 τῶν
2453 2315 2650 2369 θυσιῶν
2684 2317 2966 2388 ἀποφορὰς
3003 2318 3394 2389 καλινδούμενα
3426 2320 3520 2372 ἐπὶ
3554 2321 3741 2391 ἀπάτῃ

2154 2411 2261 2462 τῶν
2299 2410 2372 2480 μὴ
2400 2410 2894 2481 προσπεφευγότων
2928 2409 3004 2479 τῷ
3033 2411 3126 2462 ἐπὶ
3161 2413 3292 2464 πᾶσι
3318 2411 3453 2482 Θεῷ·
3487 2413 3537 2464 οἱ
3561 2412 3620 2466 δὲ
3642 2412 3738 2465 τοῦ

2097 2501 2100 2503 ’
2154 2503 2286 2555 Θεοῦ
2319 2503 2449 2555 θεῖοι
2490 2504 2584 2556 καὶ
2617 2502 2760 2571 ἅγιοι
2791 2502 3008 2571 ἄγγελοι
3039 2502 3205 2573 ἄλλης
3231 2505 3339 2556 εἰσὶ
3371 2505 3587 2572 φύσεως
3626 2505 3738 2576 (66)

2156 2596 2250 2648 καὶ
2283 2598 2660 2667 προαιρέσεως
2706 2594 2858 2664 παρὰ
2890 2597 3016 2651 τοὺς
3053 2595 3142 2647 ἐπὶ
3172 2596 3276 2666 γῆς
3307 2597 3514 2660 πάντας
3550 2598 3750 2668 δαίμο-·

2155 2705 2269 2752 νας·
2301 2689 2394 2742 καὶ
2433 2689 2514 2741 ὅτι
2551 2684 2696 2742 οὗτοι
2729 2688 2931 2760 σφόδρα
2970 2689 3170 2758 ὀλίγοις
3200 2688 3595 2757 γιγνώσκονται
3625 2694 3737 2755 τοῖς

2155 2779 2284 2850 περὶ
2332 2779 2540 2833 τούτων
2572 2779 2805 2842 συνετῶς
2838 2781 2930 2832 καὶ
2975 2779 3250 2850 ἐπιμελῶς
3279 2781 3598 2851 ζητήσασιν,
3642 2783 3737 2835 ἐὰν

2155 2869 2482 2942 παραϐάλῃς
2522 2870 2835 2924 Ἀπόλλωνα
2886 2869 2980 2923 καὶ
3024 2871 3155 2934 Δία,
3187 2873 3220 2942 ἦ
3258 2889 3375 2924 τινα
3429 2873 3537 2924 τῶν
3599 2873 3736 2943 μετά

2154 2963 2402 3033 κνίσσης,
2431 2963 2524 3017 καὶ
2546 2964 2795 3034 αἵματος,
2832 2963 2925 3016 καὶ
2959 2962 3157 3017 θυσιῶν
3177 3003 3191 3027 ,
3223 2968 3735 3036 προσκυνουμένων,

2154 3055 2253 3106 οὐκ
2289 3055 2600 3121 ἀνέξονται·
2641 3057 2783 3120 τινὲς
2826 3057 2922 3125 μὲν
2958 3057 3044 3110 διὰ
3077 3057 3172 3128 τὴν
3199 3057 3395 3128 πολλὴν
3439 3059 3734 3130 ἁπλότητα,

2157 3143 2232 3214 μὴ
2260 3145 2456 3208 εἰδότες
2493 3147 2588 3216 μὲν
2609 3145 2786 3199 δοῦναι
2814 3148 2968 3215 λόγον
3003 3150 3129 3218 περὶ
3159 3142 3232 3202 ὧν
3254 3149 3516 3216 ποιοῦσιν,
3540 3152 3738 3218 εὐγνω-

2157 3235 2335 3305 μόνως
2361 3235 2418 3288 δὲ
2450 3236 2742 3306 τηροῦντες
2761 3237 2796 3290 ἃ
2824 3239 3221 3309 παρειλήφασιν
3251 3257 3264 3270 ⁸
3315 3241 3491 3311 ’ἑτεροι
3525 3243 3581 3295 δὲ
3617 3244 3736 3312 μετ’

2153 3324 2251 3376 οὐκ
2280 3326 2770 3396 εὐκαταφρονήτων
2795 3325 2985 3394 λόγων,
3012 3327 3147 3381 ἀλλά
3171 3329 3263 3382 καὶ
3289 3328 3620 3400 βαθυτέρων,
3644 3332 3737 3384 καὶ

2155 3419 2249 3487 (ὡς
2281 3418 2345 3472 ἂν
2371 3419 2511 3471 εἴποι
2536 3436 2620 3482 τις
2647 3419 2890 3491 Ἕλλην,)
2921 3423 3262 3491 ἐσωτερικῶν
3282 3423 3373 3474 καὶ
3395 3424 3732 3487 ἐποπτικῶν,

2153 3512 2208 3563 ὲν
2230 3507 2309 3575 οἷς
2343 3511 2508 3573 πολύς
2533 3513 2645 3563 ἐστι
2679 3511 2837 3578 λόγος
2866 3513 2990 3583 περὶ
3023 3513 3156 3565 Θεοῦ
3189 3515 3282 3566 καὶ
3310 3513 3417 3566 τῶν
3437 3516 3737 3586 τετιμημέ-

2151 3619 2256 3654 νων
2289 3601 2398 3654 ἀπὸ
2426 3602 2561 3653 Θεοῦ
2591 3601 2677 3654 διὰ
2699 3601 2791 3654 τοῦ
2815 3603 3140 3673 μονογενοῦς
3169 3604 3302 3657 Θεοῦ
3319 3606 3493 3673 Λόγου
3527 3610 3731 3677 μετοχῇ

2151 3695 2404 3764 θεότητος
2440 3695 2576 3764 (67),
2611 3695 2699 3747 διὰ
2741 3693 2900 3748 τοῦτο
2926 3695 2980 3747 δὲ
3020 3697 3110 3748 καὶ
3137 3697 3380 3767 ὀνόματι.
3416 3699 3590 3760 Πολὺς
3616 3699 3673 3752 δὲ
3705 3703 3734 3752 ὁ

2150 3787 2304 3854 λόγος
2331 3787 2425 3838 καὶ
2452 3789 2479 3840 ό
2507 3788 2634 3856 περὶ
2659 3787 2767 3840 τῶν
2797 3788 2954 3841 θείων
2977 3789 3240 3857 ἀγγέλων,
3282 3790 3375 3843 καὶ
3407 3793 3435 3842 ὁ
3468 3809 3531 3843 πε
3539 3792 3594 3863 pi
3623 3793 3734 3846 τῶν

2159 3879 2423 3930 ἐναντίων
2478 3878 2575 3948 μὲν
2621 3882 2684 3950 τῇ
2735 3879 2982 3952 ἀληθείᾳ,
3018 3881 3384 3951 ἠπατημένων
3422 3882 3499 3946 δὲ,
3541 3882 3632 3936 καὶ
3673 3882 3733 3948 ἐξ

2152 3971 2368 4043 ἀπάτης
2426 3974 2622 4034 αὐτοὺς
2666 3973 3103 4044 ἀναγορευόντων
3153 3973 3328 4038 θεοὺς,
3374 3975 3405 4046 ἤ
3461 3975 3730 4042 ἀγγέλους

2150 4063 2306 4128 Θεοῦ,
2343 4064 2374 4136 ἣ
2410 4065 2666 4136 δαίμονας
2708 4064 2963 4134 ἀγαθοὺς,
3016 4066 3048 4136 ἢ
3090 4065 3276 4136 ἥρωας
3319 4069 3383 4119 ὲκ
3424 4067 3728 4138 μεταὸολῆς

2150 4159 2448 4222 συστάντας
2482 4158 2694 4228 ἀγαθῆς
2727 4157 3074 4230 ἀνθρωπίνης
3100 4157 3298 4228 ψυχῆς.
3337 4161 3400 4211 Ui
3423 4159 3477 4212 δὲ
3499 4159 3728 4213 τοιοῦτοι

2150 4252 2468 4323 Χριστιανοὶ
2497 4252 2591 4305 καὶ
2621 4251 3137 4315 κατασκευάσουσιν,
3167 4251 3249 4303 ὅτι
3270 4292 3284 4314 ,
3320 4251 3507 4322 ὥσπερ
3543 4252 3726 4305 πολλοὶ

2147 4346 2202 4397 ἐν
2226 4345 2511 4414 φιλοσοφίᾳ
2533 4342 2778 4397 δοκοῦσιν
2806 4339 2941 4395 εἶναι
2974 4345 3032 4395 ὲν
3061 4342 3287 4415 ἀληθείᾳ
3308 4384 3333 4406 ,_
3351 4346 3465 4415 ἤτοι
3499 4346 3726 4409 ἑαυτοὺς

465 4438 723 4494 videntur
759 4441 1053 4492 veritatem
1086 4449 1292 4503 tenere,
1330 4441 1420 4508 qui
1452 4450 1627 4493 tamen
1661 4449 1752 4493 aut
1773 4439 1934 4509 seipsi
1967 4439 2040 4494 si-

2156 4437 2645 4506 κατασοφισάμενοι
2683 4433 2860 4503 λόγοις
2900 4435 3161 4498 πιθανοῖς,
3193 4435 3225 4506 ἢ
3253 4439 3362 4498 τοῖς
3396 4438 3484 4505 ὑφ’
3523 4437 3723 4508 ἑτέρων

466 4529 688 4584 milibus
721 4531 834 4584 veri
869 4531 1172 4586 rationibus
1209 4530 1550 4598 fefellerunt,
1593 4541 1685 4585 aut
1712 4535 1946 4586 inventis
1974 4531 2039 4586 ab

463 4620 588 4674 aliis
630 4621 990 4690 adductisque
1041 4632 1246 4676 temere
1293 4638 1625 4678 consensum
1657 4625 2035 4693 praebuerunt;

462 4713 543 4766 sic
577 4713 721 4766 inter
755 4713 967 4768 animas
989 4730 1019 4768 e
1044 4715 1364 4784 corporibus
1395 4730 1662 4785 egressas,
1701 4716 1839 4768 inter
1872 4731 2034 4783 ange-

463 4797 546 4854 los
571 4809 624 4853 et
655 4801 952 4866 daemones,
975 4818 1096 4857 esse
1127 4804 1415 4871 quosdam,
1449 4806 1538 4872 qui
1567 4805 1888 4872 quibusdam
1915 4819 2040 4872 pro-

553 4915 597 4944 “
635 4913 793 4969 Joan.
824 4930 955 4981 ml,
989 4915 1040 4971 5.

460 5025 574 5072 τος,
604 5021 655 5063 et
686 5008 964 5079 θεήλατον.

532 5081 641 5149 (65)
683 5081 1040 5152 ᾏξίολούθως
1083 5081 1158 5149 τῇ
1215 5082 1284 5136 ἐν
1340 5081 1419 5147 τῷ
1470 5081 1673 5152 λέγειν
1719 5086 2036 5151 asperat/cur;

458 5148 706 5218 πιστικῇ
731 5149 998 5220 δυνάμει.
1027 5148 1222 5206 Ctneto
1251 5148 1598 5206 scribendum
1639 5148 1875 5214 videtur.
1902 5148 2033 5208 ἀκοξ-

459 5220 662 5284 λούθως
691 5223 754 5291 τῇ
783 5223 858 5295 »ὲν
896 5221 975 5291 τῷ
1012 5221 1168 5295 λόγῳ
1205 5223 1504 5295 τεραστίως
1562 5227 1818 5295 ποιητικῇ
1875 5225 2036 5278 δυνά-

461 5309 574 5363 μει,
601 5293 827 5358 ειο.,τὸ,
859 5292 1398 5363 ποιητικῇίδυνάμει,
1430 5292 1713 5363 requirere
1747 5292 2035 5363 cii'videtnr

457 5360 772 5434 praecedens
797 5364 945 5426 illud,
965 5360 1324 5434 πεποιηκέναι
1344 5362 1524 5428 ἔδοξαν
1545 5364 1706 5418 αὐτὸν
1723 5360 1860 5417 εἶναι
1877 5364 2028 5434 Θεόν.

531 5432 664 5505 (64)Δ
686 5431 842 5489 Lihb.
891 5435 1072 5487 excusi
1113 5431 1166 5487 in
1202 5438 1465 5505 margine,
1490 5435 1773 5505 Αἰγυπτίῳ
1808 5434 1908 5505 μέν
1939 5432 2032 5488 οὖν

453 5501 755 5577 διδαχθέντι
805 5505 893 5557 τὶν
940 5504 1204 5558 Ἀντίνοον
1254 5504 1448 5569 σέϐειν,
1503 5501 1597 5577 ὲ-ἀν
1643 5501 2027 5577 παραϐάλλῃς,

458 5583 562 5644 etc.
601 5575 806 5640 Sicque
834 5590 1023 5629 omnes
1073 5592 1202 5629 mss.
1251 5587 1478 5644 excepto
1512 5574 1733 5628 Joliano'
1763 5574 2029 5644 cnjns'le-

457 5643 695 5715 ctionem
734 5662 783 5694 ιιι
821 5653 972 5700 textu
1008 5650 1290 5715 sequimur
1335 5648 1404 5701 ob
1432 5649 1711 5713 sequentia
1752 5643 2031 5709 ἀνέξονται

459 5723 516 5759 σε
525 5708 826 5777 μνόνοντες.

1145 4918 1189 4949 ⁷²
1217 4918 1362 4973 Psal.
1401 4933 1522 4983 xcv,
1550 4917 1604 4971 5.

2149 4527 2579 4600 προσαγομένοις
2602 4526 2694 4579 καὶ
2724 4526 2993 4597 εὑρεθεῖσι
3024 4528 3487 4598 συγκαταθέμενοι
3521 4547 3726 4600 προπε-

2145 4621 2272 4684 τῶς·
2293 4620 2464 4682 οῦτως
2481 4622 2586 4672 εἰσὶ
2608 4619 2700 4672 καὶ
2723 4619 2779 4672 ἐν
2802 4622 2920 4681 ταῖς
2947 4618 3049 4683 ἔξω
3080 4620 3346 4689 σωμάτων
3377 4621 3485 4691 (68)
3502 4621 3721 4690 ψυχαῖς,

2147 4714 2240 4767 καὶ
2261 4712 2518 4781 ἀγγέλοις
2545 4713 2636 4765 καὶ
2663 4711 2880 4782 δαίμοσί
2907 4729 3070 4776 τινες,
3106 4713 3209 4764 ὑπὸ
3224 4713 3330 4766 τῶν
3353 4713 3722 4785 πιθανοτήτων

2149 4806 2500 4868 ἐλκυσθέντες
2532 4805 2667 4875 πρὸς
2683 4805 2743 4856 τὸ
2768 4804 2991 4867 ἑαυτοὺς
3015 4805 3376 4876 ἀναγορεῦσαι
3410 4807 3584 4870 Θεούς.
3612 4808 3722 4860 Καὶ

2211 5011 2326 5084 (65)
2368 5007 2750 5084 Καὶπερὶ-τᾴς
2767 5008 2996 5084 θυσίας,
3027 5009 3282 5084 αυξτ-νίας
3299 5026 3418 5080 qum
3449 5011 3724 5084 ablluctio

2139 5078 2412 5152 disputata
2449 5094 2576 5135 sunt
2612 5079 3059 5148 ()rigenianorum
3099 5078 3194 5132 lib.
3232 5094 3291 5145 tt,
3317 5078 3624 5148 quaestione
3662 5084 3718 5147 ii,

2139 5171 2288 5206 ttttm.
2316 5152 2405 5205 58.

2211 5223 2323 5291 (66)
2363 5217 2910 5291 Φύσεωςτηϐοηειιιθ
2944 5234 3065 5288 qum
3116 5220 3429 5275 observavit
3491 5222 3721 5288 Hnetius

2142 5290 2584 5359 Origenianorum
2614 5290 2704 5359 lib.
2735 5303 2794 5352 ll,
2831 5301 3020 5356 qumst.
3052 5291 3107 5351 5,
3145 5307 3294 5347 num.
3330 5291 3359 5342 7
3384 5305 3439 5346 et
3475 5296 3527 5347 8.

2214 5358 2324 5432 (67)
2368 5358 2819 5432 Μδεηίθεότη-τος.
2858 5359 3013 5432 Lihb.
3049 5363 3236 5432 excusi
3271 5363 3323 5416 in
3367 5372 3540 5424 textu,
3576 5361 3721 5415 θειό-

2139 5429 2338 5503 τητος..
2375 5433 2491 5483 Mox
2528 5431 2666 5482 forte
2708 5430 3060 5483 scribendmn
3113 5429 3303 5496 fuerit,
3343 5432 3432 5485 διὰ
3459 5432 3618 5486 τοῦτο
3659 5432 3721 5484 δὲ

2141 5501 2234 5555 καὶ
2254 5501 2532 5571 ὀνόματος.

2214 5572 2324 5640 (68)
2349 5567 2558 5642 ὀὕτως
2587 5569 2704 5642 εἰσὶ
2737 5567 2834 5622 καὶ
2864 5569 2934 5642 ὲις
2961 5569 3091 5636 ταῖς
3131 5569 3250 5635 ἔξω
3296 5571 3604 5642 σωμάτων.
3641 5573 3713 5626 lla

2145 5650 2293 5694 recte
2324 5642 2494 5694 codex
2528 5641 2795 5699 .lolianns.
2831 5639 2969 5695 male
3020 5657 3148 5694 Vt'l'O
3169 5642 3258 5694 alii
3305 5639 3551 5696 et'libh.
3605 5648 3711 5698 in;-

2141 5708 2524 5781 pressi,0i3:w;
2555 5711 2660 5762 εἰσὶ
2693 5709 2784 5763 καὶ
2815 5711 2868 5762 αἱ
2903 5712 2957 5761 ἐν
2989 5713 3107 5773 ταῖς
3141 5711 3245 5777 ἔξω
3270 5713 3555 5783 σωμάτων.
