3998 6170
407 283 516 339 969

1637 280 1914 335 CONTRA
1954 279 2228 336 CELSUM
2263 278 2390 333 LIB.
2429 276 2514 332 Ill.

3529 283 3636 338 970

405 397 496 451 διὰ
532 399 656 460 τοὺς
697 397 965 461 τοιούτους
997 413 1060 465 γε
1103 396 1289 465 λόγους
1323 392 1434 466 (69)
1476 397 1616 449 κατά
1655 398 1714 448 τὸ
1748 397 1953 468 ἁκρι6ὲ;

2075 396 2448 450 habilitatibus
2501 393 2700 447 inducti
2738 392 2902 464 472
2936 404 3083 458 sunt,
3124 403 3182 446 ut
3209 410 3290 448 ~se
3334 396 3460 449 deos
3515 412 3635 452 esse

403 490 626 551 τελείως
673 491 730 541 ὲν
782 489 1084 558 ἀνθρώποις
1141 490 1214 558 μὴ
1266 487 1598 556 δυναμένους
1655 491 1969 562 εὑρεθῆναι,

402 583 644 648 ἀσςαλὲς
669 582 922 653 ἐνομίσθη
949 583 1008 634 τὸ
1046 582 1233 652 μηδενὶ
1266 580 1454 633 ἑαυτὸν
1489 581 1844 650 ἐμπιστεῦσαι
1883 582 1972 634 ἀν-

403 671 625 744 Θρωπον
665 674 791 725 ὄντα
825 673 898 736 ὡς
931 672 1068 742 Θεῷ,
1104 671 1239 742 πλὴν
1263 673 1420 742 μόνου
1452 671 1543 724 τοῦ
1581 672 1672 724 ἐπὶ
1705 674 1865 724 πᾶσιν
1897 673 1973 734 ὼς

397 752 695 835 διαιτητοῦ,
729 765 796 817 τὰ
830 764 1102 834 βαθύτατα
1139 763 1310 816 ταῦτα
1339 765 1432 816 καὶ
1459 763 1829 834 θεωρήσαντος
1876 764 1970 817 καὶ

397 848 602 922 ὀλίγοις
636 854 964 924 παραδόντος
1005 854 1176 925 Ἰησοῦ
1195 853 1446 927 Χριστοῦ.

475 944 608 1015 Περὶ
636 944 731 1014 μὲν
763 941 856 996 οὖν
889 945 982 998 τοῦ
1027 945 1312 1012 Ἀντινόου,
1355 946 1388 1016 ἦ
1421 962 1563 1007 τινος
1596 943 1752 997 ἄλλου
1795 943 1970 996 τοιού-

394 1050 516 1094 του,
553 1034 657 1087 εἴτε
693 1037 819 1105 παρ’
849 1035 1183 1104 Αἰγυπτίοις,
1209 1035 1317 1088 εἴτε
1349 1036 1478 1105 παρ’
1513 1035 1754 1104 Ἕλλησι,
1789 1035 1970 1098 πίστις

399 1127 551 1179 ἐστὶν
589 1128 673 1196 (ἵν’
695 1125 867 1191 οὕτως
892 1128 1165 1198 ὀνομάσω)
1225 1129 1428 1199 ἀτυχής
1449 1145 1462 1158 °
1499 1129 1624 1199 περὶ
1646 1129 1700 1180 δὲ
1731 1128 1821 1180 τοῦ
1863 1131 1968 1199 Ἰη-

399 1218 498 1271 σοῦ
533 1219 647 1288 ἤτοι
675 1219 873 1283 δόξασα
899 1220 963 1272 ἂν
1012 1216 1149 1272 εἶναι
1180 1219 1426 1288 εὐτυχὴς,
1463 1220 1495 1290 ἢ
1531 1222 1622 1273 καὶ
1684 1221 1968 1290 βεϐασανι-

411 1311 622 1379 σμένως
652 1311 1012 1382 ἐξητασμένη,
1036 1312 1265 1365 δοκοῦσα
1285 1314 1382 1382 μὲν
1411 1313 1638 1383 εὐτυχὴς
1673 1313 1820 1382 παρὰ
1858 1316 1970 1376 τοῖς

399 1402 634 1466 πολλοῖς,
673 1403 1144 1474 βεϐασανισμένως
1171 1406 1226 1458 δὲ
1262 1406 1601 1476 ἐξητασμένη
1645 1406 1792 1474 παρά
1825 1406 1966 1458 πάνυ

397 1495 762 1564 ὀλιγωτάτοις.
786 1497 901 1550 Κᾶν
933 1497 1074 1566 λέγω
1097 1498 1208 1568 (70)
1241 1499 1296 1550 δέ
1328 1516 1448 1552 τινα
1482 1499 1661 1550 πίστιν
1693 1495 1858 1560 εἶναι,
1893 1499 1969 1561 ὡς

399 1587 465 1641 ἂν
504 1591 552 1641 οί
597 1589 777 1643 πολλοὶ
819 1588 1162 1658 όνομάσαιεν,
1197 1591 1436 1661 εὐτυχῆ-
1475 1590 1567 1644 καὶ
1611 1591 1737 1659 περὶ
1765 1591 1967 1660 ταύτης

317 1671 319 1674 ’
400 1678 655 1751 ἀναφέρω
678 1679 765 1732 τὸν
791 1679 944 1747 λόγον
971 1681 1061 1732 ἐπὶ
1077 1681 1168 1733 τὸν
1190 1681 1364 1734 εἰδότα
1379 1682 1512 1734 θεὸν
1539 1683 1636 1744 τὰς
1666 1684 1841 1745 αίτίας
1861 1683 1966 1734 τῶν

2076 489 2456 558 ρτωιίίςετοηι.
2491 485 2756 550 Quoniam
2807 500 2939 538 vero
2971 485 3212 539 rationes
3252 485 3367 539 istzc
3400 487 3631 541 inveniri

2073 581 2142 634 ab
2167 579 2475 635 hominibus
2506 593 2610 632 non
2642 588 2865 647 possunt
2895 586 3170 642 accurate,
3214 587 3494 646 propterea
3533 580 3632 633 ho-

2074 675 2206 727 mini
2241 683 2413 728 tutum
2469 685 2586 726 esse
2620 673 2796 725 visum
2830 681 2933 734 est,
2989 669 3121 724 nulli
3160 681 3218 723 ut
3251 670 3359 725 Deo
3388 672 3630 739 credere,

2075 775 2439 832 praeterquam
2478 763 2575 815 soli
2606 760 2732 816 Jesu
2769 761 3005 826 Christo,
3051 763 3141 832 qui
3170 765 3410 816 omnium
3441 766 3630 818 mode-

2073 865 2223 909 rator
2250 869 2451 908 arcana
2483 855 2570 906 illa
2599 854 2860 922 perspicit
2887 864 2937 908 et
2960 857 3146 922 paucis
3179 856 3403 908 indicat.

2141 947 2230 1000 58.
2285 946 2454 1014 igitur
2509 949 2574 997 de
2624 946 2886 1011 Antinoo,
2936 955 3024 999 aut
3065 946 3304 1014 quolibet
3357 947 3464 999 alio
3503 945 3620 1000 sive

2071 1039 2210 1106 apud
2242 1035 2543 1106 Egyptios,
2579 1038 2692 1089 sive
2725 1039 2864 1104 apud
2910 1037 3129 1090 Grmcos
3169 1037 3220 1090 in
3270 1039 3490 1091 deorum
3530 1055 3629 1090 nn-

2069 1145 2278 1184 mcrum
2311 1130 2508 1190 relato,
2545 1129 2804 1189 “(108851,
2839 1139 2896 1180 ιιι
2920 1130 2990 1181 ita
3019 1130 3234 1196 loquar,
3268 1128 3630 1193 infortunata;

2067 1219 2134 1272 de
2168 1216 2292 1271 Jesu
2339 1230 2550 1282 autem,
2599 1228 2691 1269 aut
2738 1216 3014 1270 fortunata
3050 1227 3163 1283 est,
3212 1229 3305 1271 aut
3347 1220 3633 1286 diligenter

2068 1304 2394 1358 examinata.
2431 1305 2726 1358 Fortunata
2758 1306 2970 1372 quidem
3017 1306 3231 1360 videtur
3276 1324 3399 1375 erga
3445 1309 3632 1380 vulgus

2068 1395 2390 1460 hominum,
2443 1397 2728 1465 perpaucis
2776 1411 2906 1449 vero
2956 1397 3248 1465 diligenter
3296 1403 3629 1454 examinata.

2067 1487 2216 1551 Quod
2260 1487 2382 1540 dico
2419 1486 2575 1538 [idem
2636 1487 2921 1554 quannlam
2967 1502 3106 1550 esse,
3149 1499 3208 1540 ut
3245 1505 3438 1544 vocare
3481 1493 3628 1554 licet,

2066 1578 2428 1642 fortunatam,
2468 1579 2518 1630 id
2560 1595 2664 1630 non
2709 1579 2931 1646 impedit
2957 1582 3246 1648 quominus
3282 1581 3426 1634 illam
3470 1599 3629 1638 acce-

2067 1680 2208 1740 ptam
2233 1671 2342 1726 Deo
2374 1671 2854 1740 referam-,quippe
2883 1674 2968 1725 cui
3001 1673 3292 1741 exploratae
3317 1686 3632 1729 suntcausaa

399 1769 614 1840 ἑκάστῳ
662 1771 1072 1841 μεμερισμένων
1109 1773 1458 1844 ἐπιδημοῦντι
1493 1772 1568 1843 τῷ
1608 1773 1704 1844 βίῳ
1733 1774 1837 1826 τῶν
1872 1774 1953 1827 ἀν-

2070 1777 2272 1826 rerum,
2309 1779 2444 1831 quas
2471 1764 2698 1832 quisque
2725 1765 2776 1817 in
2810 1767 2948 1817 hanc
2981 1765 3284 1832 ingrediens
3317 1765 3482 1817 vitam
3507 1780 3630 1818 sor-

400 1859 652 1931 θρώπων.
683 1862 790 1915 Καὶ
821 1863 1075 1933 ’Έλληνες
1106 1863 1162 1916 δὲ
1203 1866 1428 1935 φήσουσι
1461 1865 1552 1918 καὶ
1583 1867 1640 1918 ὲν
1675 1869 1785 1928 τοῖς
1823 1884 1965 1936 νομι-

399 1950 643 2023 ζομένοις
672 1949 807 2007 εἶναι
841 1957 1186 2024 σοφωτάτοις,
1219 1958 1356 2011 κατά
1390 1957 1559 2012 πολλὰ
1581 1959 1678 2029 τὴν
1711 1959 1962 2029 εὐτυχίαν

398 2040 537 2098 εἶναι
568 2046 764 2108 αἰτίαν,
796 2041 904 2100 οἷον
933 2049 1058 2119 περὶ
1091 2049 1422 2104 διδασκάλων
1455 2049 1672 2103 τοιῶνδε
1696 2091 1709 2114 ,
1741 2051 1836 2104 καὶ
1866 2050 1960 2102 τοῦ

305 2192 314 2204 ⁸
398 2137 709 2204 περιπεσεῖν
741 2139 847 2199 τοῖς
873 2138 1175 2208 κρείττοσιν
1202 2138 1389 2208 (ὅντων
1422 2137 1514 2192 καὶ
1550 2137 1660 2191 τῶν
1681 2138 1777 2202 τὰς
1817 2141 1962 2191 ἐναν-

395 2225 512 2288 τίας
530 2227 763 2296 αἱρέσεις
789 2228 1186 2296 διδασκόντων),
1227 2230 1321 2282 καὶ
1363 2231 1491 2302 περὶ
1521 2231 1825 2300 ἀνατροφῆς,
1859 2229 1962 2299 τῆς

394 2318 454 2370 ἐν
487 2317 733 2388 βελτίοσι.
773 2321 989 2385 Πολλοῖς
1035 2322 1140 2394 γὰρ
1171 2323 1262 2376 καὶ
1302 2323 1370 2377 τὰ
1409 2324 1507 2394 τῆς
1561 2323 1870 2393 ἀνατροφῆς
1903 2325 1960 2375 ἐν

393 2411 648 2474 τοιούτοις
678 2413 964 2484 γεγένηται
991 2414 1124 2483 (71),
1155 2415 1230 2478 ὼς
1259 2416 1391 2486 μηδὲ
1416 2414 1710 2484 φαντασίαν
1733 2415 1960 2482 ἐπιτρα-

395 2503 560 2571 πῆναι
590 2503 695 2554 τῶν
730 2505 1048 2574 κρειττόνων
1081 2505 1286 2558 λαϐεῖν·
1321 2506 1438 2558 ἀλλ’
1477 2506 1566 2558 ἀεὶ
1607 2505 1700 2558 καὶ
1722 2508 1786 2559 ὲκ
1819 2503 1963 2575 πρώ-

393 2610 491 2662 της
519 2595 732 2665 ἡλικίας
773 2597 888 2664 ἢτοι
930 2599 986 2649 ἐν
1030 2599 1294 2662 παιδικοῖς
1336 2595 1472 2653 εἶναι
1523 2599 1833 2652 ἀκολάστων
1863 2599 1959 2652 ἀν-

392 2684 552 2756 δρῶν,
582 2685 614 2755 ἦ
653 2686 950 2752 δεσποτῶν,
992 2687 1023 2756 ἢ
1055 2691 1114 2741 ὲν
1142 2691 1275 2764 ἄλλῃ
1305 2693 1408 2744 τιν).
1437 2691 1716 2763 κωλυούσῃ
1744 2691 1840 2760 τὴν
1867 2690 1961 2758 ψυ-

394 2777 493 2848 χὴν
527 2780 846 2832 ἀναϐλέπειν
893 2783 1297 2852 κακοδαιμονίᾳ.
1337 2784 1445 2846 Τὰς
1484 2783 1540 2834 δὲ
1592 2783 1719 2853 περὶ
1756 2783 1959 2834 τούτων

393 2870 568 2933 αίτίας
605 2871 819 2935 πάντως
867 2874 965 2941 μὲν
1015 2874 1160 2936 εἰκὸς
1215 2869 1351 2926 εἶναι
1407 2875 1463 2926 ἐν
1512 2877 1622 2934 τοῖς
1677 2873 1775 2942 τῆς
1821 2873 1959 2943 Προ-

389 2961 536 3024 νοίας
569 2963 774 3031 λόγοις·
810 2964 1026 3017 πίπτειν
1073 2966 1128 3018 δὲ
1162 2966 1328 3030 αὑτὰς
1361 2969 1439 3028 είς
1467 2965 1815 3037 ἀνθρώπους,
1859 2965 1958 3018 ούκ

388 3051 626 3122 εὐχερές.
657 3053 842 3119 Ἔδοξε
871 3055 926 3106 δέ
961 3072 1048 3126 μοι
1080 3054 1251 3108 ταῦτα
1284 3055 1368 3106 διὰ
1409 3055 1570 3125 μέσου
1595 3057 1651 3107 ὲν
1681 3053 1957 3125 παρεκϐά-

391 3157 472 3193 σει
503 3145 798 3214 εἰρηκέναι,
835 3145 921 3198 διὰ
961 3145 1039 3198 τό·
1078 3165 1096 3197 ι
1131 3146 1390 3199 Τοσοῦτον
1430 3149 1572 3198 ποιεῖ
1605 3146 1714 3215 (72)
1748 3146 1947 3211 πίστις,

389 3232 549 3284 ὁποία
575 3233 637 3304 δὴ
671 3235 1141 3308 προκατασχοῦσα.
1174 3256 1192 3288 ι
1230 3239 1425 3308 Ἐχρῆν
1460 3237 1570 3308 γὰρ
1600 3237 1686 3290 διὰ
1713 3236 1812 3300 τὰς
1839 3237 1953 3292 δια-

393 3320 588 3392 φόρους
617 3323 925 3395 ἀνατροφὰς
947 3327 1119 3380 είπεῖν
1149 3327 1407 3398 διαφορὰς
1433 3327 1539 3380 τῶν
1570 3332 1627 3379 εν
1646 3326 1952 3398 ἀνθρώποις

389 3412 642 3476 πίστεων,
673 3416 1048 3488 εὐτυχέστερον
1066 3418 1100 3488 ἢ
1127 3419 1480 3489 ἀτυχέστερον
1505 3419 1832 3472 πιστεύουσι·
1857 3418 1951 3471 καὶ

390 3508 454 3560 ἐκ
481 3507 668 3561 τούτου
695 3509 978 3580 ἀναϐῆναι,
1017 3512 1098 3562 ὅτι
1134 3509 1276 3574 δόξαι
1319 3511 1382 3561 ἂν
1421 3511 1513 3562 καὶ
1540 3512 1595 3561 ὲν
1629 3513 1739 3572 τοῖς
1771 3512 1952 3578 ὲντρε-

386 3600 661 3671 χεστέροις
695 3602 774 3663 είς
799 3601 928 3652 αὐτὸ
953 3601 1013 3652 τὸ
1041 3601 1214 3653 δοκεῖν
1247 3596 1384 3653 εἶναι
1417 3600 1824 3671 λογικωτέροις,
1857 3601 1950 3653 καὶ¹

385 3687 740 3761 λογικώτερον
771 3689 1153 3760 προστίθεσθαι
1187 3691 1254 3743 τὰ
1287 3690 1455 3743 πολλὰ
1474 3690 1756 3760 δόγμασιν,
1787 3689 1952 3760 ὴόνο·

388 3782 663 3852 μαζομένη
693 3782 919 3853 εὐτυχία
943 3783 1033 3835 καὶ
1062 3785 1094 3853 ἡ
1129 3782 1396 3854 λεγομένη
1427 3783 1622 3854 ἀτυχία
1647 3786 1946 3853 συνεργεῖν.

397 3873 556 3926 Ἀλλὰ
581 3873 687 3944 γάρ
717 3876 842 3945 περὶ
866 3873 1070 3928 τούτων
1096 3874 1231 3938 ἃλις.

454 3965 534 4018 Τὰ
580 3964 770 4034 δ’ὲξῆς
798 3965 889 4017 τοῦ
941 3967 1146 4018 Κέλσου
1197 3967 1585 4036 κατανοητέον,
1632 3966 1689 4019 ἐν
1735 3958 1816 4028 οἷς
1856 3967 1950 4019 καὶ

379 4058 516 4128 ἡμῖν
533 4073 662 4126 φησι
681 4076 698 4106 ι
721 4055 900 4107 πίστιν
931 4059 1100 4109 ποιεῖν
1129 4057 1643 4126 προκαταλαϐοὖσαν
1672 4054 1819 4128 ἡμῶν
1837 4056 1946 4126 (75)

381 4147 479 4218 τὴν
507 4146 709 4218 ψυχὴν,
748 4147 847 4216 τὴν
888 4146 1013 4217 περὶ
1055 4146 1148 4198 τοῦ
1192 4147 1367 4216 Ἰησοῦ
1413 4145 1620 4200 τοιάνδε
1677 4146 1947 4214 συγκατά-

385 4239 550 4292 θεσιν.
595 4257 613 4289 ι
664 4236 902 4306 Ἀληθῶς
937 4236 1044 4307 γὰρ
1081 4238 1261 4300 πίστις
1303 4237 1432 4308 ἡμῖν
1473 4241 1614 4290 ποιεῖ
1649 4239 1745 4306 τὴν
1769 4236 1948 4289 τοιαύ-

382 4348 480 4402 την
509 4330 921 4399 συγκατάθεσιν.
957 4329 1097 4399 Ὄρα
1143 4328 1199 4380 δὲ
1237 4329 1284 4379 εί
1328 4329 1400 4400 μὴ
1441 4328 1661 4382 αὐτόθεν
1695 4329 1727 4398 ή
1762 4329 1945 4390 πίστις

2072 1855 2202 1908 litus
2231 1865 2333 1908 est.
2369 1853 2557 1922 Neque
2590 1855 2762 1908 Grzeci
2804 1857 3080 1925 negabunt
3121 1856 3285 1908 etiam
3324 1856 3378 1908 in
3416 1857 3503 1921 iis,
3537 1857 3630 1925 qui

2063 1944 2443 2014 sapientissimi
2479 1945 2760 2011 habentur,
2795 1947 3109 2015 plerumque
3131 1945 3326 1999 bonam
3356 1946 3628 2000 fortunam

2065 2052 2184 2092 esse
2214 2051 2455 2099 causam,
2491 2052 2590 2090 cur
2625 2053 2746 2092 cum
2790 2039 3033 2107 magistri
3063 2039 3171 2092 sint
3198 2039 3289 2108 qui
3322 2041 3630 2092 contrarias

2062 2128 2344 2198 opiniones
2361 2129 2609 2192 doceant,
2627 2129 2680 2182 in
2701 2129 2952 2184 meliores
2971 2131 3258 2185 inciderint
3275 2139 3328 2186 et
3347 2131 3629 2185 liberalius

2064 2219 2267 2274 fuerint
2286 2220 2524 2273 educati.
2544 2219 2618 2274 Ea
2643 2221 2783 2275 enim
2809 2223 3036 2291 contigit
3058 2222 3240 2276 multis
3263 2222 3629 2288 institutio,ut

2062 2329 2129 2368 ne
2152 2313 2354 2382 fingere
2372 2315 2588 2384 quidem
2609 2314 2789 2368 animo
2809 2315 3028 2368 meliora
3049 2317 3314 2384 potuerint
3338 2356 3353 2378 ,
3371 2317 3463 2370 sed
3484 2333 3628 2371 sem-

2061 2421 2156 2474 per
2188 2419 2215 2457 a
2231 2405 2400 2474 prima
2424 2416 2580 2461 aetate
2596 2407 2784 2460 amasii
2811 2405 3027 2460 fuerunt
3053 2417 3145 2458 attt
3165 2408 3408 2460 virorum
3429 2408 3626 2462 intem-

2061 2495 2386 2564 perantiam,
2409 2507 2501 2551 aut
2521 2497 2883 2564 dominorum,
2904 2509 2992 2551 aut
3012 2500 3065 2553 in
3086 2498 3189 2552 alia
3209 2499 3406 2553 misera
3425 2499 3625 2554 fuerint

2061 2587 2392 2651 conditione,
2413 2605 2508 2657 per
2535 2604 2696 2660 quam
2729 2593 2920 2644 anima:
2941 2605 3001 2644 se
3023 2590 3270 2644 attollere
3305 2606 3410 2644 non
3449 2591 3620 2646 licuit.

2061 2677 2177 2734 Non
2195 2681 2412 2736 dubium
2431 2693 2512 2736 est
2529 2685 2659 2752 quin
2677 2685 2871 2738 habeat
2887 2687 3122 2760 rationes
3142 2684 3507 2754 Providentia,
3526 2701 3624 2740 cur

2064 2772 2180 2826 haec
2209 2772 2394 2827 omnia
2427 2773 2508 2829 sic
2530 2775 2780 2829 accidant
2799 2818 2814 2839 ,
2841 2779 2932 2831 sed
2969 2776 3084 2828 illas
3115 2787 3428 2844 perspectas
3451 2780 3623 2834 habe-

2062 2877 2144 2928 re,
2183 2864 2235 2918 id
2274 2879 2402 2919 vero
2447 2867 2752 2922 hominibus
2789 2883 2892 2920 non
2936 2868 3170 2936 proclive
3216 2879 3317 2922 est.
3348 2869 3525 2938 Atque
3559 2870 3616 2925 in

2070 2954 2187 3008 haec
2217 2954 2397 3010 obiter
2426 2956 2629 3024 digredi
2661 2960 2831 3011 visum
2859 2969 2974 3022 est,
3004 2968 3064 3012 ut
3093 2959 3406 3029 repellerent
3437 2961 3622 3016 crimi-

1981 3079 2024 3136 ϐ
2061 3047 2332 3101 unctionem
2375 3047 2555 3103 hanc:
2593 3067 2611 3100 ι
2654 3047 2825 3103 Tanta
2851 3051 2932 3104 vis
2965 3061 3048 3104 est
3091 3051 3236 3116 fidei,
3274 3067 3412 3122 quae,
3446 3055 3620 3122 quod-

2055 3154 2268 3208 cunque
2300 3141 2534 3210 primum
2559 3142 2818 3206 occurrit,
2849 3151 3100 3208 occupat.
3117 3161 3134 3192 ι
3155 3141 3452 3200 Ostendere
3471 3145 3620 3212 enim

2053 3229 2294 3298 oportuit
2319 3228 2478 3282 aliam
2510 3244 2627 3284 esse
2655 3230 2930 3283 hominum
2961 3229 3143 3294 tidem,
3172 3231 3380 3286 felicem
3420 3245 3512 3288 aut
3536 3236 3622 3288 in-

2053 3316 2290 3383 felicem,
2326 3333 2424 3387 pro
2471 3319 2682 3373 diversa
2725 3322 3087 3384 educatione;
3124 3322 3267 3376 unde
3309 3323 3618 3380 confectum

2053 3417 2154 3473 est,
2187 3411 2382 3465 bonam
2418 3411 2787 3476 fortunam,ut
2815 3423 3026 3476 vocant,
3053 3413 3317 3468 etmalam
3346 3415 3619 3472 fortunam

2055 3501 2382 3565 conducere,
2420 3513 2500 3565 ιιι,
2545 3503 2637 3572 qui
2671 3503 2886 3571 ingenio
2929 3514 3206 3571 prwstant,
3259 3510 3619 3575 sapientiores

2053 3604 2176 3644 esse
2201 3602 2255 3644 et
2277 3593 2575 3660 sapientius
2601 3593 2870 3662 dogmatis
2919 3593 3235 3665 plerumque
3257 3597 3504 3652 assentiri
3533 3601 3616 3652 vi-

2055 3680 2308 3737 deantur.
2343 3684 2540 3736 Verum
2573 3684 2639 3737 de
2671 3683 2756 3737 his
2780 3683 2931 3736 satis.

2121 3960 2207 4014 39.
2232 3959 2385 4015 Nunc
2405 3976 2630 4031 ea,quae
2660 3976 2963 4034 sequuntur
2998 3968 3135 4035 apud
3165 3969 3400 4036 Celsum,
3427 3975 3614 4028 consi-

2053 4051 2283 4104 deranda
2314 4062 2459 4107 sunt.
2489 4051 2669 4122 lhi_ait
2703 4073 2720 4104 ι
2765 4055 2948 4120 fidem,
2973 4073 3091 4127 quae
3111 4071 3344 4114 nostram
3375 4063 3612 4119 animam

2050 4146 2472 4212 praaoccupavit,
2502 4145 2553 4199 in
2591 4161 2754 4201 causa
2801 4148 2970 4202 fuisse
3017 4165 3114 4203 cur
3159 4151 3286 4206 Jesu
3320 4157 3612 4209 assentire-

2051 4247 2225 4287 ntur.)
2250 4233 2444 4288 Verum
2476 4236 2692 4304 quidem
2720 4248 2801 4292 est
2832 4238 2992 4293 fidem
3019 4241 3179 4309 hujus
3209 4254 3404 4298 nostrte
3425 4260 3614 4299 assen-

2052 4323 2190 4377 sioni
2240 4323 2566 4379 elfectricem
2581 4325 2772 4380 fuisse.
2790 4328 2858 4379 At
2873 4329 2992 4382 vide
3003 4345 3180 4384 annon
3195 4331 3300 4386 hoc
3316 4334 3429 4402 ipso
3445 4336 3611 4404 digna

381 4423 518 4496 αὑτὴ
551 4422 611 4476 τὸ
648 4420 927 4475 ἐπαινετὸν
964 4420 1290 4490 παρίστησιν
1345 4419 1476 4489 (7i),
1505 4421 1586 4472 ὅτι
1624 4418 1946 4488 πιστεύομεν

2058 4415 2206 4472 laude
2219 4418 2288 4470 sit
2309 4417 2412 4471 ista
2432 4418 2582 4480 iidcs,
2598 4419 2736 4487 quod
2760 4435 2857 4473 nos
2876 4421 2975 4489 ipsi
2996 4424 3280 4478 credamus
3301 4442 3478 4480 rerum
3497 4443 3612 4483 om-

381 4515 605 4580 ἐαυτοὺς
632 4514 709 4585 τῷ
737 4516 828 4568 ἐπὶ
852 4516 986 4568 πᾶσι
1011 4513 1150 4583 θεῷ,
1184 4512 1339 4584 χάριν
1361 4511 1742 4582 ὁμολογοῦντες
1763 4509 1840 4580 τῷ
1865 4513 1944 4572 εἰς

378 4608 630 4678 τοιαύτην
660 4607 841 4661 πίστιν
867 4605 1063 4677 ὁδηγῷ,
1094 4605 1187 4657 καὶ
1219 4604 1465 4671 λέγοντες
1497 4603 1655 4657 αὐτὸν
1675 4603 1773 4656 οὐκ
1794 4602 1942 4656 ἀθεεὶ

376 4699 440 4754 τὸ
467 4700 701 4754 τοιοῦτον
742 4700 1130 4770 τετολμηκέναι
1171 4699 1264 4750 καὶ
1296 4695 1577 4774 ὴνυκέναι·
1616 4695 1940 4765 πιστεύομεν

377 4789 434 4842 δὲ
463 4793 554 4846 καί
582 4795 698 4854 ταῖς
727 4793 1070 4865 προαιρέσεσι
1101 4789 1210 4842 τῶν
1247 4787 1570 4859 γραψάντων
1595 4786 1662 4839 τὰ
1693 4787 1940 4854 Εὐαγγέ-

380 4880 489 4945 λια,
521 4883 1042 4955 καταστοχαζόμενοι
1073 4881 1173 4952 τῆς
1210 4878 1491 4942 εὐλαϐείας
1513 4877 1690 4932 αὐτῶν
1845 4877 1940 4930 τοῦ

369 5065 375 5086 ’
451 5079 559 5151 (69)
593 5081 702 5136 Kal
725 5083 821 5137 διὰ
837 5084 977 5149 τοὺς
1003 5085 1309 5150 τοιούτους
1340 5099 1404 5154 γε
1431 5086 1668 5153 λόγους,
1695 5092 1798 5138 etc.
1831 5081 1934 5154 Te-

378 5167 548 5224 mere,
577 5154 790 5224 opinor,
818 5156 958 5224 hunc
984 5157 1155 5206 locum
1192 5152 1355 5224 quem
1386 5172 1490 5207 non
1518 5152 1690 5222 cepit.
1738 5152 1940 5224 sollicif

382 5231 459 5274 tat
483 5220 732 5285 Guietus,
763 5222 852 5291 qui
877 5225 954 5276 sic
977 5220 1316 5276 scribendum
1358 5233 1543 5277 censet
1572 5220 1724 5275 {Kal
1760 5223 1847 5276 διὰ
1877 5222 1938 5274 τὸ

375 5291 788 5363 τοὺςτοιούτους
830 5292 877 5343 id
894 5306 998 5363 est,
1021 5294 1299 5362 ἀγγέλους)
1317 5293 1532 5356 τελείως
1553 5295 1610 5345 ὲν
1634 5292 1939 5363 ἀνθρώποις

420 5363 452 5432 ὴ
494 5360 1160 5434 δύνασθαι-διακριθῆναι,
1207 5360 1446 5433 ἀσφαλὲς
1495 5360 1774 5434 ἐνομίσθη,
1825 5372 1938 5434 etc.

420 5380 452 5432 η
494 5380 747 5414 ουνασυαι
797 5380 1160 5432 οιακριυηναι,
1207 5380 1446 5433 ἀσφαλες
1495 5380 1774 5434 ενομισυη,
1825 5380 1938 5415 etc.

374 5380 543 5486 Faith
580 5432 716 5503 infra
748 5432 875 5484 libri
902 5435 1085 5484 excusi
1117 5435 1182 5485 ad
1217 5435 1512 5503 marginem
1551 5434 1771 5503 habent,
1796 5431 1938 5503 πλὴν

377 5503 533 5570 μόνον
580 5501 672 5555 τοῦ
712 5503 999 5573 ἐπὶ-πᾶσιν
1035 5503 1110 5565 ὡς
1140 5500 1409 5573 διαιτήτου
1435 5501 1504 5554 τά
1552 5500 1844 5573 βαθύτατα,
1877 5500 1927 5554 in

375 5583 520 5626 textu
554 5588 700 5642 vero,
737 5571 875 5642 πλὴν
909 5573 1069 5642 μόνου
1097 5573 1190 5626 τοῦ
1226 5570 1492 5628 ὲν⁷πᾶσιν
1518 5570 1595 5634 ὥς
1637 5570 1929 5641 διαιτήτου,

374 5642 464 5694 τοῦ
490 5641 774 5712 βαθύτατα.
794 5641 990 5712 Ibidem
1023 5645 1074 5695 in
1105 5652 1248 5698 textu
1285 5645 1501 5705 habent,
1537 5642 1628 5695 καὶ
1659 5645 1716 5695 ὲν
1736 5643 1934 5708 ὀλίγοις

378 5711 723 5784 παραδόντος,
763 5713 856 5764 sed
890 5711 1026 5767 bene
1055 5718 1209 5766 abest
1249 5732 1276 5767 a
1314 5714 1696 5782 numnscriplis
1732 5714 1931 5767 codici-

655 5806 919 5866 ΡΑτιιοε..
959 5805 1071 5868 Gs.
1113 5807 1221 5880 XL

2053 4507 2202 4559 nium
2225 4507 2357 4570 Deo,
2374 4508 2585 4576 gratias
2601 4511 2935 4579 agentesilli,
2953 4513 3044 4581 qui
3083 4530 3180 4570 nos
3200 4518 3266 4570 ad
3298 4518 3434 4573 hanc
3453 4520 3614 4574 fidem

2049 4597 2220 4668 473
2255 4599 2526 4667 perduxit,
2571 4601 2998 4672 confitentesque
3041 4607 3188 4659 illum
3225 4623 3328 4662 non
3371 4614 3614 4678 pomisse

2049 4694 2165 4746 sine
2204 4695 2310 4746 Deo
2359 4708 2472 4746 rem
2505 4705 2712 4748 tantam
2749 4699 3026 4767 suscipere
3058 4709 3114 4754 et
3138 4703 3396 4769 periiCere
3425 4745 3438 4756 .
3467 4707 3614 4774 quod

2049 4787 2272 4855 insuper
2315 4788 2675 4857 adiungamus
2723 4791 2881 4846 fidem
2913 4794 2981 4848 iis
3023 4795 3116 4864 qui
3156 4795 3444 4868 Evangelia
3474 4801 3617 4854 seri-

2049 4889 2293 4948 pserunt,
2347 4881 2494 4935 ducti
2547 4882 2756 4938 scilicet
2799 4885 3000 4953 pietate
3047 4896 3103 4941 et
3135 4890 3300 4943 animi
3351 4893 3612 4957 candore,-

2041 5083 2358 5157 bus_vocula
2383 5087 2460 5150 ὲν,
2489 5101 2650 5155 quam
2691 5102 2789 5142 nos
2818 5089 3200 5157 expunximus.

2267 5154 2413 5232 ldibri
2441 5153 2627 5232 excusi
2656 5161 2723 5232 ad
2758 5153 3082 5232 marginem,
3119 5163 3215 5226 καὶ
3234 5164 3395 5232 λέγω.

2269 5225 2432 5304 Iidem
2455 5228 2520 5304 ad
2531 5243 2629 5304 _ma
2643 5224 3488 5304 τείίιιθιιι,ποιούτωςγεγένηται.

2117 5294 2229 5372 (72;)
2268 5295 2371 5372 did
2400 5297 2488 5348 τόν
2527 5299 2823 5372 Τοσοῦτον
2850 5294 3026 5354 ποιεῖ.
3060 5294 3346 5372 Siceodex
3367 5294 3605 5372 'llogius.

2044 5361 2384 5434 Hmschelius
2410 5377 2589 5419 autem
2626 5386 2689 5420 ae
2719 5367 3046 5434 Spencerus,
3083 5370 3181 5422 Διά
3219 5372 3278 5425 τὸ
3302 5361 3568 5427 τοσούτων
3589 5390 3606 5408 ·

2043 5431 2095 5487 τί
2127 5438 2288 5488 ποιεῖ.
2322 5435 2636 5500 Philocalia,
2661 5431 3038 5491 διάτοσοῦτοψ
3067 5439 3120 5490 τί
3145 5446 3310 5495 ποιεῖ.

2130 5505 2219 5578 ἶᾷ)
2261 5506 2593 5578 Ηωεοιιοιίυε
2621 5511 2673 5562 in
2704 5519 2874 5570 textu,
2895 5510 3049 5578 ἡμῖν.

2133 5576 2224 5643 74⁷)
2262 5577 2661 5644 Παρίστησιν.
2720 5579 2794 5631 Ita
2850 5576 2994 5631 recte
3056 5577 3371 5635 Philocalia.
3429 5583 3603 5645 Alias,

2039 5648 2404 5716 περιίστησιν.
2435 5647 2554 5716 Mox
2588 5648 2719 5701 ιω».
2749 5647 2879 5698 editi
2911 5647 2977 5698 ad
3010 5649 3328 5716 marginem,
3374 5652 3462 5704 ὅτε
3514 5668 3605 5706 πιο

2041 5715 2301 5784 στεύομεν
2328 5715 2564 5777 ἑαυτούς.
2603 5718 2643 5768 Α
2683 5717 2970 5770 l’hilocalia
3002 5715 3174 5780 abest,
3201 5719 3444 5785 ἑαυτούς.

3271 5812 3342 5872 31
