3998 6170
437 254 534 310 97!

1867 245 2187 302 ORIGENIS

3555 255 3671 310 972

435 391 556 447 qua:
589 376 641 430 in
672 389 859 429 eorum
894 373 1111 442 scriptis
1139 373 1370 437 elucent,
1393 385 1621 440 qumque
1656 371 1788 424 nihil
1826 370 1880 424 in
1912 370 1983 424 eis

2097 369 2430 432 συνειδότος,
2484 367 2898 439 ἐμφαινομένων
2947 369 3058 431 τοῖς
3117 367 3458 439 γράμμασιν,
3519 370 3678 424 οὐδὲν

435 475 534 520 ant
579 467 845 535 spuriunt,
880 475 975 518 aut
1010 465 1274 526 dolosam,
1321 473 1413 515 aut
1459 463 1731 530 lictitiutn,
1771 473 1864 516 aut
1903 479 1996 517 va-

434 554 579 610 irum
604 555 864 622 suspicari
894 555 1097 610 sinunt.
1116 553 1222 608 Pro
1251 566 1402 610 certo
1431 556 1575 609 enim
1603 555 1858 609 habemus
1876 554 1995 607 ani-

435 664 575 712 mas,
612 662 730 715 qua:
771 660 1045 715 nunquam
1079 650 1475 716 attigerantea,
1511 661 1632 716 quae
1661 648 1800 715 apud
1843 647 1993 702 Grae—

434 753 530 792 cos
559 737 746 792 callida
782 737 1108 805 multamque
1137 738 1248 790 veri
1277 739 1516 807 speciem
1543 748 1597 791 et
1637 738 1988 792 subtilitatem

433 830 694 886 adhibens
748 829 1014 898 sapientia
1052 839 1106 883 et
1149 840 1360 883 versata
1392 829 1442 882 in
1476 829 1694 897 judiciis
1723 829 1990 883 rhetorica

431 923 646 982 docent,
683 918 906 974 idoneas
963 935 1069 973 non
1115 918 1284 973 fuisse
1322 921 1390 972 ad
1436 935 1522 973 res
1572 919 1992 974 comminiscen-

429 1013 547 1074 das,
594 1025 712 1080 qua:
767 1020 819 1063 et
880 1010 1040 1062 lident
1096 1009 1418 1078 ingenerare
1451 1019 1503 1063 et
1552 1009 1619 1062 ad
1654 1010 1817 1062 vitam
1867 1010 1989 1063 fidei

428 1112 847 1158 consetttaneatn
901 1103 1168 1155 adducere
1219 1101 1540 1170 potuissent.
1575 1100 1835 1169 Equidem
1873 1115 1990 1155 ere-

425 1195 656 1250 dideritn
706 1194 905 1248 talibus
937 1208 1045 1247 sua:
1079 1193 1340 1246 doctrina:
1374 1193 1647 1262 magistris
1671 1191 1856 1246 Jesunt
1887 1193 1989 1247 hac

428 1296 612 1342 mente
666 1287 740 1340 uti
789 1285 1048 1347 voluisse,
1082 1294 1191 1336 tum
1245 1295 1305 1338 ut
1358 1285 1667 1353 suspicandi
1697 1284 1847 1338 locus
1879 1300 1985 1338 non

425 1391 592 1442 esset,
635 1393 753 1432 eam
796 1377 891 1431 niti
929 1377 1263 1445 argumentis
1308 1378 1372 1429 ad
1416 1377 1526 1430 veri
1559 1377 1790 1444 speciem
1835 1391 1983 1429 com~
2031 1423 2038 1430 .

425 1471 650 1540 positis;
703 1480 814 1522 tum
867 1477 927 1551 ut
977 1467 1489 1538 intelligentioribus
1530 1469 1750 1522 evidens
1807 1467 1980 1530 lieret,

426 1564 802 1618 sinceritatem
837 1561 980 1613 illam
1011 1561 1334 1628 scriptorum
1359 1559 1598 1628 junctam
1641 1578 1760 1615 cum
1793 1562 1982 1626 multa,

426 1663 487 1709 ut
519 1655 594 1708 ita
643 1653 857 1723 loquar,
910 1651 1285 1719 simplicitate,
1319 1652 1574 1704 donatam
1607 1649 1773 1705 fuisse
1799 1651 1980 1705 divina

426 1755 722 1817 potestate,
751 1761 871 1815 quae
898 1743 1065 1797 multo
1091 1742 1242 1811 plura
1275 1741 1582 1810 perliceret,
1621 1757 1780 1811 quant
1814 1743 1980 1811 perii-

426 1853 551 1892 cere
588 1833 744 1906 posse
799 1837 1046 1890 videntur
1079 1835 1365 1887 verborum
1405 1834 1659 1898 ambitus,
1688 1834 1981 1890 dictionum

427 1929 775 1998 compositio,
821 1937 873 1980 et
927 1939 1073 1980 totus
1125 1925 1214 1980 ille
1259 1923 1608 1980 Graecanieus
1655 1926 1978 1982 divisionum

426 2019 753 2088 dicendique
795 2028 1236 2073 orttamentoruttt
1284 2026 1593 2084 apparatus.

501 2111 591 2168 40.
622 2109 758 2165 Vide
805 2110 967 2163 etiam
1010 2122 1184 2160 annon
1239 2107 1370 2160 fides
1405 2118 1614 2174 nostra,
1641 2109 1706 2164 ad
1746 2124 1982 2165 commui-

425 2219 549 2261 nem
578 2216 797 2260 sensum
829 2203 896 2254 ab
928 2199 1082 2252 initio
1116 2197 1272 2252 nobis
1301 2199 1518 2252 insitum
1546 2203 1978 2267 accommodata,

425 2304 598 2350 mutet
667 2307 761 2348 eos
810 2292 899 2362 qui
943 2291 1172 2346 docilem
1229 2290 1390 2344 dictis
1454 2303 1637 2344 aurem
1707 2294 1971 2362 praebent.

421 2387 536 2442 Etsi
579 2387 719 2440 enim
762 2383 1089 2454 perversitas
1142 2382 1389 2437 doctrina
1438 2385 1694 2439 roborata
1739 2387 1981 2456 potuerit

421 2480 754 2552 persuadere
827 2477 1029 2540 multis,
1092 2476 1382 2534 simulacra
1435 2493 1556 2533 esse
1607 2479 1757 2542 deos,
1804 2489 1860 2533 et
1914 2493 1978 2533 ea

420 2587 539 2643 qua:
575 2587 640 2626 cx
697 2585 852 2636 auro,
881 2578 972 2622 aut
1024 2579 1266 2639 argento,
1317 2580 1411 2624 aut
1445 2571 1630 2638 ebore,
1663 2580 1756 2624 aut
1803 2570 1980 2639 lapide

419 2670 663 2726 confecta
713 2676 856 2731 sunt,
908 2668 1068 2735 digna
1115 2682 1235 2750 esse
1289 2666 1436 2720 cultu
1501 2676 1556 2720 ct
1624 2666 1977 2730 adoratione;

418 2763 722 2819 communis
781 2773 958 2815 tamen
1018 2773 1209 2813 sensus
1255 2758 1511 2827 postulat,
1563 2767 1619 2810 ut
1689 2757 1980 2812 materiam

419 2853 750 2924 corruptioni
783 2851 1068 2907 obnoxiam
1130 2866 1234 2902 non
1294 2850 1593 2918 cogitemus
1637 2866 1758 2904 esse
1787 2850 1976 2915 Deum,

421 2945 643 3000 illumve
729 2944 983 2997 honorari
1063 2942 1116 2995 itt
1184 2940 1346 2996 rebus
1437 2943 1712 3005 inanitnis,
1783 2943 1980 3012 quibus

420 3037 568 3090 illum
607 3035 853 3088 homines
903 3045 1312 3102 repratsentant,
1367 3035 1452 3089 vel
1492 3037 1788 3089 secundum
1848 3036 2050 3115 ima-c

419 3128 618 3197 ginem,
665 3125 748 3177 vel
798 3126 1091 3178 secundum
1129 3125 1401 3195 symbola;
1463 3124 1552 3177 illa
1607 3124 1750 3178 enim
1804 3126 1975 3179 simu-

419 3220 564 3272 lacra
599 3218 725 3270 deos
755 3231 858 3268 non
886 3229 1026 3278 esse,
1055 3230 1152 3269 nec
1175 3229 1338 3285 opera
1369 3216 1645 3272 hominum
1679 3231 1804 3271 esse
1852 3232 1973 3272 cum

423 3309 710 3368 conditore
741 3307 1098 3377 conferenda;
1147 3309 1280 3365 nihil
1314 3311 1402 3366 illa
1447 3325 1568 3366 esse
1606 3325 1715 3379 prae
1765 3323 1978 3363 summo

421 3409 548 3471 Deo,
573 3405 662 3476 qui
699 3405 924 3467 creavit,
961 3402 1283 3457 eontinetct
1306 3404 1574 3472 gubernat
1601 3403 1802 3456 omnia.
1835 3401 1977 3470 Quin

417 3509 472 3554 et
519 3498 696 3551 anima
751 3495 978 3550 rationis
1013 3494 1282 3564 particeps
1313 3495 1380 3548 ad
1411 3505 1658 3548 naturam
1709 3493 1811 3550 sibi
1860 3494 1978 3548 am-

416 3606 538 3647 nem
594 3588 914 3658 respiciens,
950 3587 1124 3655 rejicit
1171 3601 1308 3656 quos
1368 3587 1632 3641 hactenus
1678 3588 1808 3642 deos
1857 3601 1977 3644 esse

415 3684 840 3745 existimaverat,
899 3688 954 3733 et
1013 3680 1316 3734 naturalem
1357 3693 1599 3733 antorem
1651 3680 1887 3750 concipit
1922 3682 1976 3736 in

415 3778 750 3838 Creatorem,
773 3782 831 3826 et
875 3771 1034 3840 hujus
1083 3787 1266 3827 amore
1299 3772 1366 3824 ad
1398 3771 1548 3825 illum
1595 3772 1761 3827 etiam
1791 3773 1976 3828 adita:-

417 3869 600 3930 rescit,
649 3864 740 3934 qui
787 3866 988 3932 primus
1030 3863 1118 3916 illa
1166 3863 1345 3916 omnia
1407 3873 1595 3932 gentes
1638 3865 1874 3931 edocuit,
1908 3867 1977 3920 ad

417 3955 582 4023 idque
630 3965 760 4006 usus
806 3960 889 4004 est
931 3951 1231 4019 discipulis,
1282 3966 1419 4019 quos
1465 3953 1643 4006 divina
1691 3954 1888 4009 virtute
1923 3966 1978 4012 et

415 4053 680 4118 potestate
705 4043 995 4098 instructos
1026 4043 1191 4105 misit,
1225 4041 1318 4096 Dei
1351 4044 1607 4114 regnique
1629 4043 1742 4111 ejus
1768 4046 1974 4101 doctri-

414 4153 539 4196 nam
571 4135 976 4192 annuntiatum.

482 4403 573 4458 41.
602 4401 658 4457 1d
687 4412 870 4470 postea
911 4399 1070 4454 nobis
1112 4399 1366 4468 obiectat,
1408 4400 1548 4467 quod
1573 4399 1684 4470 jam
1716 4399 1844 4454 fecit
1881 4414 1974 4454 nc-
2006 4397 2052 4451 D

412 4495 528 4550 scio
565 4497 796 4565 quoties,
837 4512 856 4545 ι
897 4507 994 4547 nos
1024 4491 1188 4544 Deum
1219 4491 1509 4556 aestimare,
1533 4493 1623 4561 qui
1654 4491 1819 4564 474
1843 4508 1974 4547 con-

415 4595 524 4643 stet
551 4602 617 4641 ex
648 4587 862 4641 mortali
907 4601 1156 4657 corpore,
1185 4595 1236 4638 et
1283 4585 1334 4638 itt
1367 4586 1471 4638 hoc
1511 4601 1608 4639 nos
1655 4585 1810 4638 nobis
1858 4585 1974 4653 pios

410 4679 603 4732 videri.
638 4697 656 4728 t
694 4678 810 4744 Qua
852 4678 918 4731 de
967 4693 1025 4730 re
1073 4677 1187 4744 jam
1237 4693 1397 4746 supra
1445 4675 1687 4744 pluribus
1717 4677 1971 4741 refutala,

410 4770 568 4838 plura
645 4769 828 4822 dicere
887 4784 1356 4839 supervacaneum
1430 4781 1534 4824 est.
1591 4766 1972 4821 Verumtamen

408 4864 588 4918 sciant
639 4861 1019 4916 criminatores
1081 4864 1193 4929 isti,
1251 4877 1412 4932 quem
1465 4861 1534 4916 ab
1587 4861 1742 4915 initio
1805 4861 1972 4914 Deum

482 5005 593 5080 (75)
622 5004 824 5080 (οὐδέν⁸
845 5006 1046 5080 ιξόθοις,
1077 5014 1182 5058 etc.
1208 5004 1283 5080 ita
1327 5004 1489 5059 codd.
1521 5003 1763 5080 ﬁegius,
1821 5001 1976 5080 Basi-

409 5075 612 5132 lee'nsi's
670 5093 728 5128 ac
774 5075 1085 5144 l‘hilocalia,
1117 5077 1308 5128 melius
1336 5091 1494 5144 qttaut
1521 5075 1640 5126 libri
1675 5076 1886 5136 excusi,
1917 5075 1973 5129 in

408 5149 604 5217 quibus
629 5148 844 5214 legitur,
863 5144 982 5197 ούδέ
1002 5143 1172 5198 νόθον.
1202 5143 1397 5199 Ibidem
1423 5160 1453 5197 a
1484 5145 1774 5199 Philoealia
1797 5147 1969 5213 abest,

409 5220 504 5274 καὶ
535 5217 862 5288 πανοῦργον.

481 5289 590 5358 (76)
636 5283 978 5356 Πάὶλοῦργυς
1026 5286 1355 5358 σοφιστείᾳ.
1413 5284 1488 5337 lta
1540 5283 1698 5358 codd.
1746 5283 1969 5358 llegins,

408 5355 740 5414 Balsileensis
771 5355 1172 5413 etPhilocalia.
1221 5355 1357 5409 Male
1410 5363 1587 5407 autem
1635 5355 1970 5409 llmscltelius

407 5443 464 5486 et
494 5432 818 5496 Spencerus,
845 5427 1166 5499 πανούργως
1186 5425 1482 5499 σοφιστεία.
1506 5425 1670 5479 Paulo
1695 5436 1819 5494 post
1844 5423 1970 5480 libri

407 5493 658 5566 impressi
699 5500 765 5552 ad
807 5493 1127 5568 marginem,
1160 5493 1332 5551 οἷαίτ’
1353 5493 1512 5568 ἦσαν.

477 5565 586 5640 (77)
629 5565 958 5640 Philocalia',
1002 5569 1320 5640 χρήσασθαι.
1375 5565 1537 5640 Paulo
1587 5565 1732 5640 infra
1781 5566 1966 5640 eadem

406 5634 697 5758 i’ltigoxcalia
761 5639 943 5707 habet,
1002 5634 1237 5711 ’ἐχούσης
1297 5642 1380 5703 τὸ,
1456 5637 1523 5690 ἵν’
1576 5634 1746 5700 οὕτως
1807 5634 1967 5699 εἴπω,

406 5723 620 5758 αΰεωε.

406 5723 620 5772 aptas;

2096 459 2244 512 νόθον
2275 460 2381 530 (75)
2413 461 2502 513 καὶ
2535 459 2854 514 κυϐευτικὸν
2889 461 2980 513 καὶ
3007 459 3380 529 πεπλασμένον
3412 460 3507 512 καὶ
3533 479 3678 516 παν-

2094 551 2286 623 οῦργον
2333 553 2580 622 ἐχόντων.
2611 555 2721 606 Καὶ
2763 553 2871 622 γάρ
2923 555 3251 625 παρίσταται
3277 559 3428 628 ἡμῖν,
3455 560 3539 611 ὅτι
3567 557 3678 611 οὐκ

2093 644 2160 698 ἂν
2188 643 2376 714 ψυχαὶ,
2415 645 2488 715 μὴ
2545 645 2811 716 μαθοῦσαι
2852 645 2922 698 τὰ
2962 647 3206 714 τοιαῦτα,
3241 651 3399 702 ὁποῖα
3431 649 3677 702 διδάσκει

2094 739 2128 808 ἡ
2161 737 2287 808 παρ’
2324 737 2545 809 Ἕλλησι
2599 739 2903 811 πανοῦργος
2961 741 3240 810 σοφιστεία
3291 742 3424 812 (76),
3470 741 3676 811 πολλὴν

2093 829 2290 899 ἔχουσα
2330 829 2426 900 τὴν
2469 830 2822 902 πιθανότητα,
2856 833 2948 884 καὶ
2995 833 3090 903 τὴν
3124 832 3376 901 ὀξύτητα,
3412 832 3508 885 καὶ
3542 834 3575 902 ἡ
3607 832 3680 884 ἐν

2091 923 2200 983 τοῖς
2227 920 2598 991 δικαστηρίοις
2630 921 3017 992 κυλινδουμένη
3048 923 3331 994 ῥητορικὴ,
3360 923 3501 976 οῦτω
3531 922 3675 975 πλά-

2093 1029 2181 1064 σαι
2237 1007 2408 1064 οἷοίτ’
2467 1009 2604 1083 ἦσαν
2643 1014 2964 1085 πράγματα,
3021 1015 3292 1085 δυνάμενα
3323 1014 3416 1083 ἀφ’
3461 1013 3677 1068 ἑαυτῶν

2091 1102 2231 1172 ἔχειν
2267 1105 2326 1155 τὸ
2382 1103 2516 1174 πρὸς
2550 1104 2751 1168 πίστιν,
2789 1107 2884 1158 καὶ
2929 1107 3019 1159 τὸν
3061 1106 3321 1174 ἀνάλογον
3367 1107 3433 1176 τῇ
3488 1105 3676 1158 πίστει

2092 1196 2205 1266 βίον
2253 1197 2496 1265 ἀγωγόνο
2550 1193 2703 1267 οἶμαι
2757 1198 2812 1250 δέ
2867 1199 2960 1252 καὶ
3001 1199 3089 1252 τὸν
3134 1198 3340 1267 Ἰησοῦν
3389 1197 3477 1251 διὰ
3512 1197 3679 1249 τοῦτο

2089 1289 2443 1359 βεϐουλῆσθαι
2504 1289 2839 1354 διδασκάλοις
2866 1290 2959 1344 τοῦ
2993 1291 3258 1362 δόγματος
3289 1289 3524 1360 χρῆσθαι
3558 1288 3675 1360 (77)

2086 1379 2374 1446 τοιούτοις,
2403 1381 2488 1434 ἵνα
2535 1381 2800 1452 μηδεμίαν
2848 1384 2944 1452 μέν
2973 1383 3071 1453 ἔχῃ
3101 1382 3282 1452 χώραν
3330 1381 3554 1434 ὑπόνοια
3582 1399 3679 1433 πι-

2087 1471 2261 1524 θανῶν
2289 1473 2661 1543 σοφισμάτων’
2687 1473 2948 1544 λαμπρῶς
2981 1474 3036 1526 δὲ
3072 1477 3183 1536 τοῖς
3206 1472 3443 1526 συνιέναι
3505 1471 3679 1524 δυνα-

2089 1562 2267 1632 μένοις
2288 1564 2635 1635 ἐμφαίνηται,
2655 1565 2735 1618 ὅτι
2763 1565 2822 1617 τὸ
2845 1565 3028 1618 ἄδολον
3053 1565 3152 1635 τῆς
3171 1564 3542 1635 προαιρέσεως
3560 1562 3676 1616 τῶν

2084 1653 2425 1722 γραψάντων,
2471 1655 2702 1726 ἐχούσης
2734 1655 2866 1708 πολὺ
2921 1655 2983 1707 τὸ
3013 1655 3104 1725 (ἶν’
3151 1655 3324 1718 οῦτως
3369 1653 3673 1724 ὀνομάσω),

2087 1745 2301 1814 ἀφελὲς,
2335 1745 2538 1816 ἠξιώθη
2592 1746 2866 1830 θεξοτέρας
2912 1747 3212 1816 δυνάμεως,
3243 1745 3423 1817 πολλῷ
3467 1746 3675 1816 μᾶλλον

2087 1837 2372 1908 ἀνυούσης,
2407 1839 2549 1909 ἥπερ
2593 1838 2774 1892 ἀνύειν
2821 1837 3079 1892 δύνασθαι
3111 1839 3256 1892 δοκεῖ
3287 1838 3549 1909 περιϐολὴ
3578 1838 3674 1890 λό-

2086 1946 2218 1999 γων,
2252 1931 2343 1982 καὶ
2375 1929 2567 1993 λέξεων
2627 1929 2888 1995 σύνθεσις,
2923 1933 3017 1986 καὶ
3061 1930 3198 2002 μετὰ
3221 1929 3535 2002 διαιρέσεων
3571 1927 3674 1982 καὶ

2086 2021 2427 2092 τεχνολογίας
2472 2021 2786 2092 Ἑλληνικῆς
2819 2022 3129 2076 ἀκολουθία.

2162 2116 2302 2184 Ὅρα
2328 2114 2382 2166 δέ
2416 2115 2464 2166 εξ
2500 2113 2574 2184 μὴ
2617 2113 2683 2166 τά
2716 2115 2813 2184 τῆς
2845 2115 3079 2176 πίστεως
3105 2111 3280 2184 ἡμῶν,
3305 2113 3426 2174 ταῖς
3457 2112 3671 2174 κοιναῖς

2086 2206 2314 2268 ἐννοίαις
2342 2205 2576 2277 ἀρχῆθεν
2636 2206 3099 2276 συναγορεύοντα,
3157 2203 3479 2274 μετατίθησι
3537 2202 3670 2264 τοὺς

2087 2296 2436 2367 εὐγνωμόνως
2463 2297 2756 2361 ἀκούοντας
2779 2297 2886 2350 τῶν
2909 2297 3234 2366 λεγομένων.
3264 2297 3327 2349 El
3358 2296 3466 2366 γάρ
3501 2294 3600 2348 καὶ
3633 2295 3668 2362 ἡ

2084 2385 2377 2458 διαστροφὴ
2396 2385 2691 2458 δεδύνηται,
2708 2387 2908 2457 πολλῆς
2919 2389 3052 2458 αὐτῇ
3073 2387 3420 2456 κατηχήσεως
3436 2402 3669 2452 συναγο-

2090 2479 2242 2545 ρευού
2251 2493 2368 2547 σης,
2384 2479 2496 2538 τοῖς
2510 2476 2718 2541 πολλοῖς
2734 2479 2970 2548 ἐμφυτεῦ
2979 2495 3064 2530 σαι
3077 2474 3166 2531 τὸν
3187 2495 3252 2528 πε
3263 2495 3311 2546 ρι
3321 2474 3668 2549 ’ἀγαλμάτων

2085 2564 2240 2633 λόγον
2287 2566 2359 2629 ὡς
2404 2565 2562 2631 θεῶν,
2593 2568 2686 2620 καὶ
2711 2567 2770 2620 τὸ
2801 2569 2929 2638 περὶ
2958 2567 3066 2620 τῶν
3120 2567 3424 2636 γενομένων
3459 2565 3569 2635 (78)
3601 2565 3668 2615 ἐκ

2087 2656 2308 2727 χρυσοῦ,
2343 2657 2435 2710 καὶ
2486 2660 2748 2731 ἀργύρου,
2787 2659 2880 2711 καὶ
2914 2658 3224 2728 ἐλέφαντος,
3270 2657 3364 2708 κα).
3405 2655 3553 2706 λίθου
3586 2653 3666 2716 ὡς

2085 2751 2504 2821 προσκυνήσεως
2554 2751 2750 2818 ἀξίων·
2784 2750 2894 2804 ἀλλ’
2931 2753 2964 2820 ἠ
3012 2750 3162 2820 κοινὴ
3206 2749 3380 2802 ἔννοια
3436 2746 3666 2800 ἀπαιτεῖ

2087 2842 2302 2906 ἐννοεῖν,
2347 2844 2429 2896 ὅτι
2474 2843 2604 2907 Θεὸς
2658 2843 2906 2913 οὐδαμῶς
2938 2845 3083 2895 ἐστιν
3129 2842 3228 2912 ὕλη
3261 2839 3492 2910 φθαρτὴ,
3535 2837 3662 2890 ούδέ

2085 2933 2308 3002 τιμᾶται
2341 2933 2396 2984 ἐν
2429 2932 2653 3003 ἀψύχοις
2692 2932 2843 2996 ὕλαις
2877 2931 2979 2989 ὑπὸ
3014 2930 3311 3002 ἀνθρώπων
3349 2927 3657 3002 μορφούμε-

2086 3041 2194 3090 νος,
2225 3023 2299 3086 ὡς
2331 3025 2451 3078 κατ’
2485 3024 2666 3078 εἰκόνα
2697 3024 2806 3093 (79)
2838 3023 3016 3094 ἦτινα
3040 3021 3281 3092 σύμϐολα
3331 3021 3531 3072 ἐκείνου
3561 3035 3660 3087 γι-

2084 3114 2403 3185 γνομέναις·
2448 3115 2630 3186 διόπερ
2675 3115 2876 3178 εὐθέως
2927 3114 3140 3183 λέγεται
3179 3122 3254 3170 τὰ
3314 3113 3442 3183 περὶ
3480 3110 3656 3178 ἁγαλη

2081 3205 2284 3276 μάτων,
2319 3207 2401 3258 ὅτι
2440 3205 2540 3258 οῦκ
2569 3208 2670 3258 εἱσι
2705 3206 2835 3268 θεοὶ,
2880 3206 2974 3259 καὶ
3005 3205 3071 3258 τὰ
3101 3209 3361 3276 περὶτῶν
3405 3199 3660 3256 τοιούτων

2077 3297 2588 3370 δημιουργημάτων,
2644 3297 2724 3350 δτι
2775 3297 2875 3350 ούκ
2913 3295 3025 3348 ἐστι
3069 3297 3333 3365 συγκριτὰ
3379 3296 3514 3365 πρὸς
3554 3292 3655 3346 τὸν

2077 3392 2430 3462 δημιουργόν·
2481 3390 2635 3458 ὀλίγα
2671 3405 2730 3442 τε
2763 3388 2890 3460 περὶ
2919 3387 3012 3440 τοῦ
3045 3387 3136 3440 ἐπὶ
3172 3389 3302 3439 πᾶσι
3334 3386 3467 3438 Θεοῦ
3490 3385 3660 3456 δημι-

2077 3485 2460 3554 ουργήσαντος,
2510 3483 2603 3535 καὶ
2661 3481 2970 3550 συνέχοντος
3023 3480 3117 3532 καὶ
3165 3478 3532 3550 κυϐερνῶντος
3578 3476 3657 3530 τὰ

2079 3575 2320 3629 δλα.Καὶ
2350 3574 2551 3638 εὐθέως
2583 3574 2822 3644 ὡσπερεὶ
2851 3571 2912 3625 τὸ
2945 3571 3203 3641 συγγενὲς
3221 3571 3330 3640 (80)
3353 3566 3654 3638 ἐπιγνοῦσα

2077 3671 2112 3740 ὴ
2137 3669 2326 3740 λογικὴ
2373 3669 2539 3739 ψυχὴ,
2588 3667 2914 3737 ἀπορρίπτει
2949 3669 3046 3736 μὲν
3071 3665 3107 3718 δι
3138 3664 3272 3726 τέως
3298 3661 3542 3728 ἐδόξαζεν
3574 3658 3658 3713 εἴ·

2077 3779 2166 3815 ναι
2207 3761 2378 3823 θεοὺς,
2413 3760 2630 3830 φίλτρον
2660 3759 2704 3811 δ’
2741 3757 3108 3827 ἀναλαμϐάνει
3160 3754 3384 3824 φυσικὸν
3420 3753 3480 3807 τὸ
3512 3753 3658 3824 πρὸς

2077 3853 2167 3906 τὸν
2191 3851 2470 3914 κτίσαντα,
2498 3851 2590 3904 καὶ
2615 3849 2701 3903 διὰ
2723 3849 2783 3902 τὸ
2816 3849 2950 3920 πρὸς
2977 3849 3179 3899 ἐκεῖνον
3211 3845 3426 3915 φίλτρον
3482 3845 3652 3915 ὑπερ-

2077 3941 2396 4011 αποδέχεται
2442 3940 2535 3992 καὶ
2578 3939 2665 3992 τὸν
2712 3937 2882 3992 ταῦτα
2913 3936 3127 4009 πρῶτον
3171 3937 3304 3988 πᾶσι
3332 3939 3441 3998 τοῖς
3469 3934 3650 3988 ἔθνεσι

2078 4034 2502 4105 παραστήσαντα
2544 4032 2610 4084 δι’
2663 4025 2737 4086 ὧν
2791 4029 3153 4085 κατεσκεύασε
3219 4027 3492 4099 μαθητῶν,
3555 4028 3651 4092 οὓς

2076 4124 2346 4195 ἐξέπεμψε
2382 4124 2516 4196 μετὰ
2551 4123 2698 4187 θείας
2737 4122 3014 4194 δυνάμεως
3047 4122 3136 4174 καὶ
3179 4120 3421 4196 ἐξουσίας
3481 4121 3652 4191 κηρῦ-

2080 4217 2168 4284 ξαι
2231 4217 2321 4272 τὸν
2373 4217 2500 4288 περί¹
2545 4216 2636 4270 τοῦ
2697 4214 2832 4269 Θεοῦ
2895 4214 2988 4269 καὶ
3029 4215 3126 4285 τῆς
3173 4212 3446 4291 βασιλείας
3480 4213 3646 4265 αὑτοῦ

2077 4309 2252 4377 λόγον.

2161 4401 2312 4454 Ἐπεὶ
2332 4401 2374 4453 δ’
2408 4399 2626 4468 ἐγκαλεῖ
2655 4401 2807 4470 ἡμῖν,
2839 4399 2937 4451 ούκ
2965 4394 3058 4451 οἷδ’
3083 4399 3182 4470 ἤδη
3203 4397 3482 4462 ὁποσάκις,
3519 4395 3648 4466 περὶ

2071 4493 2163 4547 τοῦ
2204 4493 2397 4564 Ἰησοῦ,
2435 4511 2451 4542 t
2483 4493 2563 4544 δτι
2592 4492 2656 4543 ἐκ
2692 4489 2884 4561 θνητοῦ
2915 4490 3024 4558 (81)
3061 4489 3307 4560 σώματος
3338 4489 3467 4543 ὄντα
3513 4487 3648 4540 Θεὸν

2072 4585 2381 4657 νομίζομεν,
2401 4584 2494 4637 καὶ
2516 4583 2572 4634 ἐν
2599 4581 2771 4652 τούτῳ
2801 4582 2924 4634 ὅσια
2939 4581 3069 4652 δρᾷν
3092 4582 3352 4652 δοκοῦμεν
3371 4599 3382 4610 ·
3414 4600 3434 4634 t
3454 4597 3645 4652 περισ-

2075 4679 2165 4730 σὸν
2225 4678 2320 4747 μὲν
2357 4675 2415 4728 τὸ
2448 4675 2525 4726 ἐτι
2559 4673 2693 4744 πρὸς
2742 4672 2896 4726 τοῦτο
2919 4670 3094 4740 λέγειν
3115 4691 3128 4703 ·
3161 4673 3378 4724 πλείονα
3422 4671 3530 4742 γάρ
3587 4673 3644 4723 ἐν

2071 4772 2182 4831 τοῖς
2224 4767 2481 4836 ἀνωτέρω
2530 4765 2794 4817 λέλεκται.
2829 4766 3015 4832 Ὅμως
3046 4762 3101 4815 δὲ
3135 4764 3366 4816 ἴστωσαν
3405 4765 3451 4815 οἱ
3483 4764 3646 4829 ἐγκα·

2081 4861 2315 4926 λοῦντες,
2349 4860 2430 4912 ὅτι
2469 4856 2527 4911 ὃν
2579 4858 2677 4927 μὲν
2732 4855 3019 4926 νομίζομεν
3058 4855 3152 4908 καὶ
3180 4853 3518 4924 πεπείσμεθα
3545 4855 3645 4924 ἁρ-

2151 5003 2262 5075 (78)
2291 5001 2400 5055 Καὶ
2434 4997 2501 5052 τὸ
2544 5000 2673 5075 περὶ
2715 4999 2833 5075 τῶν
2868 4998 3221 5075 γενομένων,
3249 5008 3353 5075 etc.
3385 4996 3639 5052 Scribon-

2081 5069 2206 5128 dnitt
2247 5069 2490 5132 Videtur,
2546 5072 2637 5123 καὶ
2692 5070 2792 5140 τὸν
2837 5069 3092 5140 περὶτῶν
3150 5071 3476 5138 γενομένων,
3533 5081 3637 5122 etc.

2079 5145 2368 5200 Philocalia
2396 5143 2572 5204 habet,
2600 5141 2695 5192 καὶ
2729 5138 2836 5191 τῶν
2864 5138 3314 5210 περιγενομένων,
3351 5148 3452 5191 etc.

2291 5210 2601 5294 liltilocalia,
2627 5210 2731 5294 ύιπὸ
2753 5210 2847 5263 ἀνθ
2858 5206 3273 5291 ρώπουιμορφού
3271 5225 3459 5294 μενος,
3488 5206 3635 5294 (ligo?

2077 5277 2195 5338 κατ’
2224 5277 2424 5344 εἰκόνα,
2474 5291 2525 5332 et
2551 5281 2706 5347 paulo
2739 5277 2869 5347 post'
2889 5277 3109 5344 omittit,
3133 5277 3213 5332 ὅτι
3239 5277 3336 5332 οὔκ
3370 5281 3475 5331 εἰσι
3505 5277 3635 5330 θεοί.

2076 5355 2205 5409 Item
2238 5354 2394 5412 infra,
2427 5351 2578 5416 ὀλίγα
2610 5368 2668 5420 τε
2700 5352 2824 5420 περὶ
2847 5349 2964 5420 τοῦ,

2149 5423 2256 5494 (80)
2303 5421 2568 5494 Ὠσπερεὶ
2613 5419 2677 5472 τὸ
2712 5416 3022 5494 gemmeo
3057 5418 3469 5494 llecleomnino
3512 5416 3635 5494 Phi-

2076 5486 2296 5556 loe‘alia,’
2317 5492 2456 5544 male
2481 5486 2677 5542 autem
2717 5486 2849 5544 libb.
2882 5497 3086 5552 exensi,
3118 5490 3243 5556 περὶ
3275 5488 3331 5540 τὸ
3358 5486 3631 5557 συγγενές.

2147 5565 2256 5636 (81)
2287 5561 2703 5636 llaeseheliusnin
2743 5569 2925 5636 levia,-
2946 5561 3073 5636 _é7:a‘t
3110 5560 3294 5612 τοῦτον
3328 5562 3389 5612 ἐκ
3419 5556 3626 5628 θνητοῦ.

2075 5629 2248 5691 Paulo
2277 5640 2400 5702 post
2429 5632 2588 5697 idem,
2615 5629 2762 5700 ὅμως
2793 5630 2849 5683 δὲ
2886 5631 3156 5683 ξδέτωσαν.
