  <div class='ocr_page' id='page_1' title='image "/cluster/home/n/w/nwhite01/storage/ocr_20150623/11/mdp.39015013266690/500.png"; bbox 0 0 3998 6170; ppageno 0'>
   <div class='ocr_carea' id='block_1_1' title="bbox 375 281 548 347">
    <p class='ocr_par' dir='ltr' id='par_1_1' title="bbox 375 281 548 347">
     <span class='ocr_line' id='line_1_1' title="bbox 375 281 548 347; baseline -0.006 -8"><span class='ocrx_word' id='word_1_1' title='bbox 375 281 548 347; x_wconf 28' lang='grc'>973,</span> 
     </span>
    </p>
   </div>
   <div class='ocr_carea' id='block_1_2' title="bbox 1561 285 2436 348">
    <p class='ocr_par' dir='ltr' id='par_1_2' title="bbox 1561 285 2436 348">
     <span class='ocr_line' id='line_1_2' title="bbox 1561 285 2436 348; baseline -0.001 -1"><span class='ocrx_word' id='word_1_2' title='bbox 1561 291 1838 348; x_wconf 78' lang='lat' dir='ltr'><strong>CONTRA</strong></span> <span class='ocrx_word' id='word_1_3' title='bbox 1869 285 2144 347; x_wconf 79' lang='lat' dir='ltr'><strong>CELSUM</strong></span> <span class='ocrx_word' id='word_1_4' title='bbox 2181 287 2309 344; x_wconf 79' lang='lat' dir='ltr'><strong>LIB.</strong></span> <span class='ocrx_word' id='word_1_5' title='bbox 2344 289 2436 346; x_wconf 86' lang='lat' dir='ltr'><strong>Ill.</strong></span> 
     </span>
    </p>
   </div>
   <div class='ocr_carea' id='block_1_3' title="bbox 2083 145 2106 164">
    <p class='ocr_par' dir='ltr' id='par_1_3' title="bbox 2083 145 2106 164">
     <span class='ocr_line' id='line_1_3' title="bbox 2083 145 2106 164; baseline 0 0"><span class='ocrx_word' id='word_1_6' title='bbox 2083 145 2106 164; x_wconf 60' lang='grc' dir='ltr'>Ο</span> 
     </span>
    </p>
   </div>
   <div class='ocr_carea' id='block_1_4' title="bbox 3504 287 3607 346">
    <p class='ocr_par' dir='ltr' id='par_1_4' title="bbox 3504 287 3607 346">
     <span class='ocr_line' id='line_1_4' title="bbox 3504 287 3607 346; baseline 0.029 -3"><span class='ocrx_word' id='word_1_7' title='bbox 3504 287 3607 346; x_wconf 75' lang='grc' dir='ltr'><strong>97ῑ</strong></span> 
     </span>
    </p>
   </div>
   <div class='ocr_carea' id='block_1_5' title="bbox 379 399 1958 486">
    <p class='ocr_par' dir='ltr' id='par_1_5' title="bbox 379 399 1948 480">
     <span class='ocr_line' id='line_1_5' title="bbox 379 399 1948 480; baseline 0.003 -21"><span class='ocrx_word' id='word_1_8' title='bbox 379 405 541 476; x_wconf 79' lang='grc' dir='ltr'>χῆθεν</span> <span class='ocrx_word' id='word_1_9' title='bbox 571 402 706 460; x_wconf 72' lang='grc' dir='ltr'>εἶναι</span> <span class='ocrx_word' id='word_1_10' title='bbox 726 405 858 460; x_wconf 86' lang='grc' dir='ltr'>Θεὸν</span> <span class='ocrx_word' id='word_1_11' title='bbox 875 408 966 461; x_wconf 71' lang='grc' dir='ltr'><strong>καὶ</strong></span> <span class='ocrx_word' id='word_1_12' title='bbox 981 408 1106 462; x_wconf 74' lang='grc' dir='ltr'>Υίὸν</span> <span class='ocrx_word' id='word_1_13' title='bbox 1125 406 1282 471; x_wconf 82' lang='grc' dir='ltr'>Θεοῦ,</span> <span class='ocrx_word' id='word_1_14' title='bbox 1306 399 1456 472; x_wconf 73' lang='grc' dir='ltr'>οὗτος</span> <span class='ocrx_word' id='word_1_15' title='bbox 1472 411 1498 462; x_wconf 86' lang='lat'><strong>6</strong></span> <span class='ocrx_word' id='word_1_16' title='bbox 1517 409 1810 480; x_wconf 76' lang='grc' dir='ltr'>Αὑτολόγος</span> <span class='ocrx_word' id='word_1_17' title='bbox 1832 409 1948 463; x_wconf 72' lang='grc' dir='ltr'>ἐστὶ</span> 
     </span>
    </p>
   </div>
   <div class='ocr_carea' id='block_1_6' title="bbox 2061 399 3608 486">
    <p class='ocr_par' dir='ltr' id='par_1_6' title="bbox 2061 405 3608 486">
     <span class='ocr_line' id='line_1_6' title="bbox 2061 405 3608 486; baseline 0 -25"><span class='ocrx_word' id='word_1_18' title='bbox 2061 407 2254 477; x_wconf 82' lang='lat' dir='ltr'><strong>Deique</strong></span> <span class='ocrx_word' id='word_1_19' title='bbox 2290 406 2486 462; x_wconf 85' lang='lat' dir='ltr'><strong>Filium</strong></span> <span class='ocrx_word' id='word_1_20' title='bbox 2529 419 2652 460; x_wconf 88' lang='lat' dir='ltr'><strong>esse</strong></span> <span class='ocrx_word' id='word_1_21' title='bbox 2698 405 2974 486; x_wconf 88' lang='lat' dir='ltr'><strong>credimus</strong></span> <span class='ocrx_word' id='word_1_22' title='bbox 3006 415 3060 460; x_wconf 90' lang='lat' dir='ltr'><strong>et</strong></span> <span class='ocrx_word' id='word_1_23' title='bbox 3100 420 3200 475; x_wconf 89' lang='lat' dir='ltr'><strong>pro</strong></span> <span class='ocrx_word' id='word_1_24' title='bbox 3243 415 3392 460; x_wconf 88' lang='lat' dir='ltr'><strong>certo</strong></span> <span class='ocrx_word' id='word_1_25' title='bbox 3439 405 3608 461; x_wconf 80' lang='lat' dir='ltr'><strong>habe-</strong></span> 
     </span>
    </p>
   </div>
   <div class='ocr_carea' id='block_1_7' title="bbox 381 496 1956 572">
    <p class='ocr_par' dir='ltr' id='par_1_7' title="bbox 381 496 1956 572">
     <span class='ocr_line' id='line_1_7' title="bbox 381 496 1956 572; baseline 0.003 -24"><span class='ocrx_word' id='word_1_26' title='bbox 381 496 476 549; x_wconf 73' lang='grc' dir='ltr'><strong>καὶ</strong></span> <span class='ocrx_word' id='word_1_27' title='bbox 523 497 556 567; x_wconf 84' lang='grc' dir='ltr'>ὴ</span> <span class='ocrx_word' id='word_1_28' title='bbox 606 497 896 567; x_wconf 86' lang='grc' dir='ltr'>αὑτοσοφία</span> <span class='ocrx_word' id='word_1_29' title='bbox 929 499 1021 552; x_wconf 73' lang='grc' dir='ltr'><strong>καὶ</strong></span> <span class='ocrx_word' id='word_1_30' title='bbox 1063 501 1096 571; x_wconf 77' lang='grc' dir='ltr'>ἡ</span> <span class='ocrx_word' id='word_1_31' title='bbox 1131 497 1518 569; x_wconf 81' lang='grc' dir='ltr'>αὑτοαλήθεια·</span> <span class='ocrx_word' id='word_1_32' title='bbox 1553 502 1614 552; x_wconf 86' lang='grc' dir='ltr'><strong>τὸ</strong></span> <span class='ocrx_word' id='word_1_33' title='bbox 1662 501 1724 572; x_wconf 86' lang='grc' dir='ltr'>δὴ</span> <span class='ocrx_word' id='word_1_34' title='bbox 1767 500 1956 572; x_wconf 88' lang='grc' dir='ltr'>θνητὸν</span> 
     </span>
    </p>
   </div>
   <div class='ocr_carea' id='block_1_8' title="bbox 381 585 1956 663">
    <p class='ocr_par' dir='ltr' id='par_1_8' title="bbox 381 585 1956 663">
     <span class='ocr_line' id='line_1_8' title="bbox 381 585 1956 663; baseline 0.003 -23"><span class='ocrx_word' id='word_1_35' title='bbox 381 585 547 640; x_wconf 85' lang='grc' dir='ltr'>αὑτοῦ</span> <span class='ocrx_word' id='word_1_36' title='bbox 603 587 779 658; x_wconf 85' lang='grc' dir='ltr'>σῶμα,</span> <span class='ocrx_word' id='word_1_37' title='bbox 809 591 902 643; x_wconf 76' lang='grc' dir='ltr'><strong>καὶ</strong></span> <span class='ocrx_word' id='word_1_38' title='bbox 947 590 1044 662; x_wconf 77' lang='grc' dir='ltr'>τὴν</span> <span class='ocrx_word' id='word_1_39' title='bbox 1096 592 1435 663; x_wconf 82' lang='grc' dir='ltr'><strong>ἀνθρωπίνην</strong></span> <span class='ocrx_word' id='word_1_40' title='bbox 1485 592 1542 644; x_wconf 85' lang='grc' dir='ltr'>ὲν</span> <span class='ocrx_word' id='word_1_41' title='bbox 1596 592 1744 663; x_wconf 88' lang='grc' dir='ltr'>αὑτῷ</span> <span class='ocrx_word' id='word_1_42' title='bbox 1779 592 1956 663; x_wconf 78' lang='grc' dir='ltr'>ψυχὴν</span> 
     </span>
    </p>
   </div>
   <div class='ocr_carea' id='block_1_9' title="bbox 381 677 1956 752">
    <p class='ocr_par' dir='ltr' id='par_1_9' title="bbox 381 677 1956 752">
     <span class='ocr_line' id='line_1_9' title="bbox 381 677 1956 752; baseline 0.003 -24"><span class='ocrx_word' id='word_1_43' title='bbox 381 679 446 747; x_wconf 82' lang='grc' dir='ltr'>τῇ</span> <span class='ocrx_word' id='word_1_44' title='bbox 498 677 634 749; x_wconf 86' lang='grc' dir='ltr'>πρὸς</span> <span class='ocrx_word' id='word_1_45' title='bbox 671 679 876 732; x_wconf 75' lang='grc' dir='ltr'>ἐκεῖνον</span> <span class='ocrx_word' id='word_1_46' title='bbox 918 681 1024 750; x_wconf 70' lang='grc'>(82)</span> <span class='ocrx_word' id='word_1_47' title='bbox 1071 682 1132 734; x_wconf 87' lang='grc' dir='ltr'><strong>οὑ</strong></span> <span class='ocrx_word' id='word_1_48' title='bbox 1187 683 1345 750; x_wconf 88' lang='grc' dir='ltr'>μόνον</span> <span class='ocrx_word' id='word_1_49' title='bbox 1390 681 1659 752; x_wconf 78' lang='grc' dir='ltr'>κοινωνίᾳ,</span> <span class='ocrx_word' id='word_1_50' title='bbox 1693 681 1824 734; x_wconf 87' lang='grc' dir='ltr'><strong>ἀλλά</strong></span> <span class='ocrx_word' id='word_1_51' title='bbox 1862 681 1956 734; x_wconf 72' lang='grc' dir='ltr'><strong>καὶ</strong></span> 
     </span>
    </p>
   </div>
   <div class='ocr_carea' id='block_1_10' title="bbox 383 767 1955 844">
    <p class='ocr_par' dir='ltr' id='par_1_10' title="bbox 383 767 1955 844">
     <span class='ocr_line' id='line_1_10' title="bbox 383 767 1955 844; baseline 0.003 -25"><span class='ocrx_word' id='word_1_52' title='bbox 383 767 570 821; x_wconf 82' lang='grc' dir='ltr'>ὲνώσει</span> <span class='ocrx_word' id='word_1_53' title='bbox 599 771 693 822; x_wconf 76' lang='grc' dir='ltr'><strong>καὶ</strong></span> <span class='ocrx_word' id='word_1_54' title='bbox 726 772 1019 843; x_wconf 79' lang='grc' dir='ltr'><strong>ἀνακράσει</strong></span> <span class='ocrx_word' id='word_1_55' title='bbox 1042 773 1108 826; x_wconf 75' lang='grc' dir='ltr'><strong>τὰ</strong></span> <span class='ocrx_word' id='word_1_56' title='bbox 1140 773 1369 842; x_wconf 85' lang='grc' dir='ltr'>μέγιστά</span> <span class='ocrx_word' id='word_1_57' title='bbox 1393 789 1569 843; x_wconf 86' lang='grc' dir='ltr'>φαμεν</span> <span class='ocrx_word' id='word_1_58' title='bbox 1601 773 1955 844; x_wconf 80' lang='grc' dir='ltr'>προσειληφέ-</span> 
     </span>
    </p>
   </div>
   <div class='ocr_carea' id='block_1_11' title="bbox 382 861 1953 934">
    <p class='ocr_par' dir='ltr' id='par_1_11' title="bbox 382 861 1953 934">
     <span class='ocr_line' id='line_1_11' title="bbox 382 861 1953 934; baseline 0.004 -24"><span class='ocrx_word' id='word_1_59' title='bbox 382 874 491 921; x_wconf 86' lang='grc' dir='ltr'>ναι,</span> <span class='ocrx_word' id='word_1_60' title='bbox 519 861 727 931; x_wconf 78' lang='grc' dir='ltr'>καὶτῆς</span> <span class='ocrx_word' id='word_1_61' title='bbox 748 861 951 915; x_wconf 85' lang='grc' dir='ltr'>ἐκείνου</span> <span class='ocrx_word' id='word_1_62' title='bbox 970 862 1239 933; x_wconf 81' lang='grc' dir='ltr'><strong>θειότητος</strong></span> <span class='ocrx_word' id='word_1_63' title='bbox 1265 864 1695 934; x_wconf 80' lang='grc' dir='ltr'>κεκοινωνηκότα</span> <span class='ocrx_word' id='word_1_64' title='bbox 1721 867 1798 928; x_wconf 76' lang='grc' dir='ltr'><strong>εἰς</strong></span> <span class='ocrx_word' id='word_1_65' title='bbox 1823 863 1953 916; x_wconf 85' lang='grc' dir='ltr'>Θεὸν</span> 
     </span>
    </p>
   </div>
   <div class='ocr_carea' id='block_1_12' title="bbox 389 951 1954 1041">
    <p class='ocr_par' dir='ltr' id='par_1_12' title="bbox 389 951 1954 1041">
     <span class='ocr_line' id='line_1_12' title="bbox 389 951 1954 1041; baseline 0.004 -40"><span class='ocrx_word' id='word_1_66' title='bbox 389 951 832 1021; x_wconf 85' lang='grc' dir='ltr'>μεταϐεϐηκέναι.</span> <span class='ocrx_word' id='word_1_67' title='bbox 897 953 1136 1041; x_wconf 37' lang='grc' dir='ltr'>Ἐὰνρδέ</span> <span class='ocrx_word' id='word_1_68' title='bbox 1177 972 1261 1017; x_wconf 87' lang='grc' dir='ltr'><strong>τις</strong></span> <span class='ocrx_word' id='word_1_69' title='bbox 1313 957 1629 1027; x_wconf 77' lang='grc' dir='ltr'>προσκόπτῃ</span> <span class='ocrx_word' id='word_1_70' title='bbox 1679 957 1773 1010; x_wconf 76' lang='grc' dir='ltr'><strong>καὶ</strong></span> <span class='ocrx_word' id='word_1_71' title='bbox 1826 955 1954 1026; x_wconf 80' lang='grc' dir='ltr'>περὶ</span> 
     </span>
    </p>
   </div>
   <div class='ocr_carea' id='block_1_13' title="bbox 385 1042 1953 1119">
    <p class='ocr_par' dir='ltr' id='par_1_13' title="bbox 385 1042 1953 1119">
     <span class='ocr_line' id='line_1_13' title="bbox 385 1042 1953 1119; baseline 0.004 -25"><span class='ocrx_word' id='word_1_72' title='bbox 385 1042 476 1094; x_wconf 82' lang='grc' dir='ltr'><strong>τοῦ</strong></span> <span class='ocrx_word' id='word_1_73' title='bbox 525 1043 770 1114; x_wconf 84' lang='grc' dir='ltr'>σώματος</span> <span class='ocrx_word' id='word_1_74' title='bbox 813 1047 975 1098; x_wconf 84' lang='grc' dir='ltr'>αὑτοῦ</span> <span class='ocrx_word' id='word_1_75' title='bbox 1021 1046 1173 1099; x_wconf 80' lang='grc' dir='ltr'>ταῦθ’</span> <span class='ocrx_word' id='word_1_76' title='bbox 1217 1048 1375 1119; x_wconf 82' lang='grc' dir='ltr'>ἡμῶν</span> <span class='ocrx_word' id='word_1_77' title='bbox 1413 1049 1697 1117; x_wconf 90' lang='grc' dir='ltr'>λεγόντων,</span> <span class='ocrx_word' id='word_1_78' title='bbox 1731 1051 1953 1119; x_wconf 80' lang='grc' dir='ltr'>ἐπιστη-</span> 
     </span>
    </p>
   </div>
   <div class='ocr_carea' id='block_1_14' title="bbox 388 1134 1953 1212">
    <p class='ocr_par' dir='ltr' id='par_1_14' title="bbox 388 1134 1953 1212">
     <span class='ocr_line' id='line_1_14' title="bbox 388 1134 1953 1212; baseline 0.004 -27"><span class='ocrx_word' id='word_1_79' title='bbox 388 1134 535 1187; x_wconf 84' lang='grc' dir='ltr'><strong>σάτω</strong></span> <span class='ocrx_word' id='word_1_80' title='bbox 558 1139 669 1199; x_wconf 88' lang='grc' dir='ltr'>τοῖς</span> <span class='ocrx_word' id='word_1_81' title='bbox 697 1137 798 1189; x_wconf 85' lang='grc' dir='ltr'><strong>ὑπὸ</strong></span> <span class='ocrx_word' id='word_1_82' title='bbox 825 1138 930 1190; x_wconf 83' lang='grc' dir='ltr'><strong>τῶν</strong></span> <span class='ocrx_word' id='word_1_83' title='bbox 962 1139 1224 1210; x_wconf 85' lang='grc' dir='ltr'>Ἑλλήνων</span> <span class='ocrx_word' id='word_1_84' title='bbox 1252 1140 1560 1209; x_wconf 79' lang='grc' dir='ltr'>λεγομένοις</span> <span class='ocrx_word' id='word_1_85' title='bbox 1595 1158 1661 1193; x_wconf 90' lang='grc' dir='ltr'><strong>πε</strong></span> <span class='ocrx_word' id='word_1_86' title='bbox 1672 1141 1722 1211; x_wconf 66' lang='grc' dir='ltr'>ρ).</span> <span class='ocrx_word' id='word_1_87' title='bbox 1752 1142 1848 1211; x_wconf 87' lang='grc' dir='ltr'><strong>τῆς</strong></span> <span class='ocrx_word' id='word_1_88' title='bbox 1876 1141 1953 1212; x_wconf 81' lang='grc' dir='ltr'>τῷ</span> 
     </span>
    </p>
   </div>
   <div class='ocr_carea' id='block_1_15' title="bbox 390 1223 1949 1301">
    <p class='ocr_par' dir='ltr' id='par_1_15' title="bbox 390 1223 1949 1301">
     <span class='ocr_line' id='line_1_15' title="bbox 390 1223 1949 1301; baseline 0.005 -25"><span class='ocrx_word' id='word_1_89' title='bbox 390 1224 504 1295; x_wconf 82' lang='grc' dir='ltr'><strong>ἰδίῳ</strong></span> <span class='ocrx_word' id='word_1_90' title='bbox 545 1223 688 1295; x_wconf 86' lang='grc' dir='ltr'>λόγῳ</span> <span class='ocrx_word' id='word_1_91' title='bbox 723 1227 911 1280; x_wconf 90' lang='grc' dir='ltr'>ἀποίου</span> <span class='ocrx_word' id='word_1_92' title='bbox 962 1227 1113 1298; x_wconf 78' lang='grc' dir='ltr'>ὕλης,</span> <span class='ocrx_word' id='word_1_93' title='bbox 1169 1229 1459 1299; x_wconf 77' lang='grc' dir='ltr'>ποιότητας</span> <span class='ocrx_word' id='word_1_94' title='bbox 1504 1231 1949 1301; x_wconf 79' lang='grc' dir='ltr'>ἀμφισχομένης,</span> 
     </span>
    </p>
   </div>
   <div class='ocr_carea' id='block_1_16' title="bbox 387 1312 1954 1388">
    <p class='ocr_par' dir='ltr' id='par_1_16' title="bbox 387 1312 1954 1388">
     <span class='ocr_line' id='line_1_16' title="bbox 387 1312 1954 1388; baseline 0.006 -25"><span class='ocrx_word' id='word_1_95' title='bbox 387 1312 574 1376; x_wconf 83' lang='grc' dir='ltr'>ὁποίας</span> <span class='ocrx_word' id='word_1_96' title='bbox 604 1315 632 1365; x_wconf 97' lang='lat'><strong>6</strong></span> <span class='ocrx_word' id='word_1_97' title='bbox 669 1313 992 1386; x_wconf 88' lang='grc' dir='ltr'>δημιουργὸς</span> <span class='ocrx_word' id='word_1_98' title='bbox 1021 1316 1263 1386; x_wconf 83' lang='grc' dir='ltr'>βούλεται</span> <span class='ocrx_word' id='word_1_99' title='bbox 1291 1319 1424 1388; x_wconf 83' lang='grc' dir='ltr'>αὑτῇ</span> <span class='ocrx_word' id='word_1_100' title='bbox 1459 1319 1809 1388; x_wconf 79' lang='grc' dir='ltr'>περιτιθέναι,</span> <span class='ocrx_word' id='word_1_101' title='bbox 1861 1320 1954 1372; x_wconf 72' lang='grc' dir='ltr'>καὶ</span> 
     </span>
    </p>
   </div>
   <div class='ocr_carea' id='block_1_17' title="bbox 387 1404 1953 1482">
    <p class='ocr_par' dir='ltr' id='par_1_17' title="bbox 387 1404 1953 1482">
     <span class='ocr_line' id='line_1_17' title="bbox 387 1404 1953 1482; baseline 0.005 -26"><span class='ocrx_word' id='word_1_102' title='bbox 387 1404 644 1468; x_wconf 78' lang='grc' dir='ltr'>πολλάκις</span> <span class='ocrx_word' id='word_1_103' title='bbox 666 1404 762 1466; x_wconf 77' lang='grc' dir='ltr'>τὰς</span> <span class='ocrx_word' id='word_1_104' title='bbox 791 1409 885 1476; x_wconf 79' lang='grc' dir='ltr'><strong>μὲν</strong></span> <span class='ocrx_word' id='word_1_105' title='bbox 912 1410 1178 1479; x_wconf 83' lang='grc' dir='ltr'>προτέρας</span> <span class='ocrx_word' id='word_1_106' title='bbox 1211 1409 1621 1480; x_wconf 88' lang='grc' dir='ltr'>ἀποτιθεμένης,</span> <span class='ocrx_word' id='word_1_107' title='bbox 1644 1411 1953 1482; x_wconf 85' lang='grc' dir='ltr'>κρείττονας</span> 
     </span>
    </p>
   </div>
   <div class='ocr_carea' id='block_1_18' title="bbox 387 1494 1952 1574">
    <p class='ocr_par' dir='ltr' id='par_1_18' title="bbox 387 1494 1952 1574">
     <span class='ocr_line' id='line_1_18' title="bbox 387 1494 1952 1574; baseline 0.006 -28"><span class='ocrx_word' id='word_1_108' title='bbox 387 1494 444 1546; x_wconf 77' lang='grc' dir='ltr'><strong>δὲ</strong></span> <span class='ocrx_word' id='word_1_109' title='bbox 484 1497 576 1548; x_wconf 79' lang='grc' dir='ltr'><strong>καὶ</strong></span> <span class='ocrx_word' id='word_1_110' title='bbox 618 1497 905 1568; x_wconf 70' lang='grc' dir='ltr'>διαφόρους</span> <span class='ocrx_word' id='word_1_111' title='bbox 941 1500 1456 1570; x_wconf 87' lang='grc' dir='ltr'>ἀναλαμϐανούσης·</span> <span class='ocrx_word' id='word_1_112' title='bbox 1505 1503 1552 1553; x_wconf 86' lang='grc' dir='ltr'><strong>εί</strong></span> <span class='ocrx_word' id='word_1_113' title='bbox 1585 1503 1689 1574; x_wconf 85' lang='grc' dir='ltr'>γὰρ</span> <span class='ocrx_word' id='word_1_114' title='bbox 1729 1503 1854 1572; x_wconf 85' lang='grc' dir='ltr'>ὑγιῆ</span> <span class='ocrx_word' id='word_1_115' title='bbox 1885 1503 1952 1555; x_wconf 80' lang='grc' dir='ltr'>τὰ</span> 
     </span>
    </p>
   </div>
   <div class='ocr_carea' id='block_1_19' title="bbox 391 1584 1949 1661">
    <p class='ocr_par' dir='ltr' id='par_1_19' title="bbox 391 1584 1949 1661">
     <span class='ocr_line' id='line_1_19' title="bbox 391 1584 1949 1661; baseline 0.004 -25"><span class='ocrx_word' id='word_1_116' title='bbox 391 1584 632 1648; x_wconf 88' lang='grc' dir='ltr'>τοιαῦτα,</span> <span class='ocrx_word' id='word_1_117' title='bbox 680 1586 730 1637; x_wconf 92' lang='grc' dir='ltr'><strong>τί</strong></span> <span class='ocrx_word' id='word_1_118' title='bbox 789 1585 1117 1658; x_wconf 86' lang='grc' dir='ltr'>θαυμαστὸν,</span> <span class='ocrx_word' id='word_1_119' title='bbox 1172 1591 1269 1659; x_wconf 79' lang='grc' dir='ltr'><strong>τὴν</strong></span> <span class='ocrx_word' id='word_1_120' title='bbox 1324 1589 1580 1660; x_wconf 87' lang='grc' dir='ltr'>ποιότητα</span> <span class='ocrx_word' id='word_1_121' title='bbox 1613 1590 1704 1643; x_wconf 91' lang='grc' dir='ltr'><strong>τοῦ</strong></span> <span class='ocrx_word' id='word_1_122' title='bbox 1757 1588 1949 1661; x_wconf 87' lang='grc' dir='ltr'>θνητοῦ</span> 
     </span>
    </p>
   </div>
   <div class='ocr_carea' id='block_1_20' title="bbox 391 1675 1949 1754">
    <p class='ocr_par' dir='ltr' id='par_1_20' title="bbox 391 1675 1949 1754">
     <span class='ocr_line' id='line_1_20' title="bbox 391 1675 1949 1754; baseline 0.003 -24"><span class='ocrx_word' id='word_1_123' title='bbox 391 1675 531 1730; x_wconf 88' lang='grc' dir='ltr'><strong>κατά</strong></span> <span class='ocrx_word' id='word_1_124' title='bbox 563 1676 652 1729; x_wconf 89' lang='grc' dir='ltr'><strong>τὸν</strong></span> <span class='ocrx_word' id='word_1_125' title='bbox 696 1678 899 1748; x_wconf 77' lang='grc' dir='ltr'>Ἰησοῦν</span> <span class='ocrx_word' id='word_1_126' title='bbox 922 1679 1167 1750; x_wconf 85' lang='grc' dir='ltr'>σώματος</span> <span class='ocrx_word' id='word_1_127' title='bbox 1201 1681 1314 1750; x_wconf 83' lang='grc'>(85)</span> <span class='ocrx_word' id='word_1_128' title='bbox 1348 1682 1568 1752; x_wconf 70' lang='grc' dir='ltr'>προνοίᾳ</span> <span class='ocrx_word' id='word_1_129' title='bbox 1599 1681 1729 1735; x_wconf 87' lang='grc' dir='ltr'>Θεοῦ</span> <span class='ocrx_word' id='word_1_130' title='bbox 1763 1682 1949 1754; x_wconf 81' lang='grc' dir='ltr'>βουλη-</span> 
     </span>
    </p>
   </div>
   <div class='ocr_carea' id='block_1_21' title="bbox 2059 495 3608 565">
    <p class='ocr_par' dir='ltr' id='par_1_21' title="bbox 2059 495 3608 565">
     <span class='ocr_line' id='line_1_21' title="bbox 2059 495 3608 565; baseline -0.003 -14"><span class='ocrx_word' id='word_1_131' title='bbox 2059 513 2204 562; x_wconf 89' lang='lat' dir='ltr'><strong>mus,</strong></span> <span class='ocrx_word' id='word_1_132' title='bbox 2233 513 2356 552; x_wconf 89' lang='lat' dir='ltr'><strong>eum</strong></span> <span class='ocrx_word' id='word_1_133' title='bbox 2390 512 2510 552; x_wconf 89' lang='lat' dir='ltr'><strong>esse</strong></span> <span class='ocrx_word' id='word_1_134' title='bbox 2559 495 2788 552; x_wconf 85' lang='lat' dir='ltr'><strong>Verbum</strong></span> <span class='ocrx_word' id='word_1_135' title='bbox 2820 496 3016 565; x_wconf 91' lang='lat' dir='ltr'><strong>ipsum,</strong></span> <span class='ocrx_word' id='word_1_136' title='bbox 3065 495 3386 565; x_wconf 79' lang='lat' dir='ltr'><strong>sapientiam</strong></span> <span class='ocrx_word' id='word_1_137' title='bbox 3413 495 3608 564; x_wconf 87' lang='lat' dir='ltr'><strong>ipsam,</strong></span> 
     </span>
    </p>
   </div>
   <div class='ocr_carea' id='block_1_22' title="bbox 2056 583 3612 654">
    <p class='ocr_par' dir='ltr' id='par_1_22' title="bbox 2056 583 3612 654">
     <span class='ocr_line' id='line_1_22' title="bbox 2056 583 3612 654; baseline -0.002 -13"><span class='ocrx_word' id='word_1_138' title='bbox 2056 587 2230 654; x_wconf 86' lang='lat' dir='ltr'><strong>ipsam</strong></span> <span class='ocrx_word' id='word_1_139' title='bbox 2281 585 2565 640; x_wconf 90' lang='lat' dir='ltr'><strong>veritatem</strong></span> <span class='ocrx_word' id='word_1_140' title='bbox 2606 601 2620 638; x_wconf 90' lang='lat'><strong>:</strong></span> <span class='ocrx_word' id='word_1_141' title='bbox 2656 583 2885 638; x_wconf 86' lang='lat' dir='ltr'><strong>mortale</strong></span> <span class='ocrx_word' id='word_1_142' title='bbox 2933 593 3109 637; x_wconf 84' lang='lat' dir='ltr'><strong>autem</strong></span> <span class='ocrx_word' id='word_1_143' title='bbox 3169 583 3285 651; x_wconf 85' lang='lat' dir='ltr'><strong>ejus</strong></span> <span class='ocrx_word' id='word_1_144' title='bbox 3329 600 3525 654; x_wconf 91' lang='lat' dir='ltr'><strong>corpus</strong></span> <span class='ocrx_word' id='word_1_145' title='bbox 3558 595 3612 638; x_wconf 82' lang='lat' dir='ltr'><strong>et</strong></span> 
     </span>
    </p>
   </div>
   <div class='ocr_carea' id='block_1_23' title="bbox 2055 674 3608 744">
    <p class='ocr_par' dir='ltr' id='par_1_23' title="bbox 2055 674 3608 744">
     <span class='ocr_line' id='line_1_23' title="bbox 2055 674 3608 744; baseline 0.001 -15"><span class='ocrx_word' id='word_1_146' title='bbox 2055 676 2346 730; x_wconf 84' lang='lat' dir='ltr'><strong>humanam</strong></span> <span class='ocrx_word' id='word_1_147' title='bbox 2399 690 2519 744; x_wconf 67' lang='lat' dir='ltr'><strong>qua:</strong></span> <span class='ocrx_word' id='word_1_148' title='bbox 2576 676 2626 728; x_wconf 90' lang='lat' dir='ltr'><strong>in</strong></span> <span class='ocrx_word' id='word_1_149' title='bbox 2677 677 2791 744; x_wconf 89' lang='lat' dir='ltr'><strong>ipso</strong></span> <span class='ocrx_word' id='word_1_150' title='bbox 2823 681 2906 728; x_wconf 91' lang='lat' dir='ltr'><strong>est</strong></span> <span class='ocrx_word' id='word_1_151' title='bbox 2949 674 3184 728; x_wconf 86' lang='lat' dir='ltr'><strong>animam</strong></span> <span class='ocrx_word' id='word_1_152' title='bbox 3219 677 3285 729; x_wconf 90' lang='lat' dir='ltr'><strong>ad</strong></span> <span class='ocrx_word' id='word_1_153' title='bbox 3319 678 3608 730; x_wconf 76' lang='lat' dir='ltr'><strong>maximam</strong></span> 
     </span>
    </p>
   </div>
   <div class='ocr_carea' id='block_1_24' title="bbox 2054 765 3612 835">
    <p class='ocr_par' dir='ltr' id='par_1_24' title="bbox 2054 765 3612 835">
     <span class='ocr_line' id='line_1_24' title="bbox 2054 765 3612 835; baseline 0.003 -17"><span class='ocrx_word' id='word_1_154' title='bbox 2054 766 2372 835; x_wconf 77' lang='lat' dir='ltr'><strong>dignitatem</strong></span> <span class='ocrx_word' id='word_1_155' title='bbox 2399 775 2581 820; x_wconf 88' lang='lat' dir='ltr'><strong>evecta</strong></span> <span class='ocrx_word' id='word_1_156' title='bbox 2614 765 2803 830; x_wconf 86' lang='lat' dir='ltr'><strong>fuisse,</strong></span> <span class='ocrx_word' id='word_1_157' title='bbox 2832 781 2938 819; x_wconf 90' lang='lat' dir='ltr'><strong>non</strong></span> <span class='ocrx_word' id='word_1_158' title='bbox 2964 766 3220 820; x_wconf 82' lang='lat' dir='ltr'><strong>societate</strong></span> <span class='ocrx_word' id='word_1_159' title='bbox 3252 777 3457 820; x_wconf 88' lang='lat' dir='ltr'><strong>tantum</strong></span> <span class='ocrx_word' id='word_1_160' title='bbox 3489 783 3612 823; x_wconf 91' lang='lat' dir='ltr'><strong>cum</strong></span> 
     </span>
    </p>
   </div>
   <div class='ocr_carea' id='block_1_25' title="bbox 2054 858 3612 928">
    <p class='ocr_par' dir='ltr' id='par_1_25' title="bbox 2054 858 3612 928">
     <span class='ocr_line' id='line_1_25' title="bbox 2054 858 3612 928; baseline 0.002 -17"><span class='ocrx_word' id='word_1_161' title='bbox 2054 858 2168 920; x_wconf 90' lang='lat' dir='ltr'><strong>illo,</strong></span> <span class='ocrx_word' id='word_1_162' title='bbox 2199 859 2290 912; x_wconf 87' lang='lat' dir='ltr'><strong>sed</strong></span> <span class='ocrx_word' id='word_1_163' title='bbox 2345 859 2506 912; x_wconf 89' lang='lat' dir='ltr'><strong>etiam</strong></span> <span class='ocrx_word' id='word_1_164' title='bbox 2556 859 2607 911; x_wconf 91' lang='lat' dir='ltr'><strong>in</strong></span> <span class='ocrx_word' id='word_1_165' title='bbox 2655 874 2817 912; x_wconf 91' lang='lat' dir='ltr'><strong>unum</strong></span> <span class='ocrx_word' id='word_1_166' title='bbox 2845 873 3108 911; x_wconf 84' lang='lat' dir='ltr'><strong>concursu</strong></span> <span class='ocrx_word' id='word_1_167' title='bbox 3137 868 3188 912; x_wconf 92' lang='lat' dir='ltr'><strong>et</strong></span> <span class='ocrx_word' id='word_1_168' title='bbox 3225 860 3573 928; x_wconf 89' lang='lat' dir='ltr'><strong>permistione</strong></span> <span class='ocrx_word' id='word_1_169' title='bbox 3595 902 3612 927; x_wconf 94' lang='lat'><strong>,</strong></span> 
     </span>
    </p>
   </div>
   <div class='ocr_carea' id='block_1_26' title="bbox 2055 947 3609 1017">
    <p class='ocr_par' dir='ltr' id='par_1_26' title="bbox 2055 947 3609 1017">
     <span class='ocr_line' id='line_1_26' title="bbox 2055 947 3609 1017; baseline 0.005 -17"><span class='ocrx_word' id='word_1_170' title='bbox 2055 949 2215 1002; x_wconf 87' lang='lat' dir='ltr'><strong>ambo</strong></span> <span class='ocrx_word' id='word_1_171' title='bbox 2271 950 2321 1002; x_wconf 91' lang='lat' dir='ltr'><strong>in</strong></span> <span class='ocrx_word' id='word_1_172' title='bbox 2375 959 2591 1017; x_wconf 90' lang='lat' dir='ltr'><strong>partem</strong></span> <span class='ocrx_word' id='word_1_173' title='bbox 2639 960 2828 1001; x_wconf 86' lang='lat' dir='ltr'><strong>vocata</strong></span> <span class='ocrx_word' id='word_1_174' title='bbox 2882 947 3049 1003; x_wconf 87' lang='lat' dir='ltr'><strong>fuisse</strong></span> <span class='ocrx_word' id='word_1_175' title='bbox 3097 949 3426 1014; x_wconf 84' lang='lat' dir='ltr'><strong>divinitatis,</strong></span> <span class='ocrx_word' id='word_1_176' title='bbox 3460 960 3513 1006; x_wconf 92' lang='lat' dir='ltr'><strong>et</strong></span> <span class='ocrx_word' id='word_1_177' title='bbox 3557 953 3609 1006; x_wconf 90' lang='lat' dir='ltr'><strong>in</strong></span> 
     </span>
    </p>
   </div>
   <div class='ocr_carea' id='block_1_27' title="bbox 2053 1039 3615 1108">
    <p class='ocr_par' dir='ltr' id='par_1_27' title="bbox 2053 1039 3615 1108">
     <span class='ocr_line' id='line_1_27' title="bbox 2053 1039 3615 1108; baseline 0.004 -16"><span class='ocrx_word' id='word_1_178' title='bbox 2053 1039 2389 1093; x_wconf 80' lang='lat' dir='ltr'><strong>divinitatem</strong></span> <span class='ocrx_word' id='word_1_179' title='bbox 2417 1039 2582 1093; x_wconf 86' lang='lat' dir='ltr'><strong>fuisse</strong></span> <span class='ocrx_word' id='word_1_180' title='bbox 2608 1052 2888 1093; x_wconf 87' lang='lat' dir='ltr'><strong>conversa.</strong></span> <span class='ocrx_word' id='word_1_181' title='bbox 2915 1039 2970 1092; x_wconf 88' lang='lat' dir='ltr'><strong>Si</strong></span> <span class='ocrx_word' id='word_1_182' title='bbox 3005 1055 3162 1108; x_wconf 75' lang='lat' dir='ltr'><strong>quem</strong></span> <span class='ocrx_word' id='word_1_183' title='bbox 3192 1041 3306 1096; x_wconf 73' lang='lat' dir='ltr'><strong>haec</strong></span> <span class='ocrx_word' id='word_1_184' title='bbox 3341 1043 3615 1101; x_wconf 66' lang='lat' dir='ltr'><strong>offendant</strong></span> 
     </span>
    </p>
   </div>
   <div class='ocr_carea' id='block_1_28' title="bbox 2055 1129 3616 1199">
    <p class='ocr_par' dir='ltr' id='par_1_28' title="bbox 2055 1129 3616 1199">
     <span class='ocr_line' id='line_1_28' title="bbox 2055 1129 3616 1199; baseline 0.006 -17"><span class='ocrx_word' id='word_1_185' title='bbox 2055 1146 2174 1199; x_wconf 65' lang='lat' dir='ltr'><strong>quae</strong></span> <span class='ocrx_word' id='word_1_186' title='bbox 2201 1131 2266 1184; x_wconf 90' lang='lat' dir='ltr'><strong>de</strong></span> <span class='ocrx_word' id='word_1_187' title='bbox 2299 1129 2423 1184; x_wconf 79' lang='lat' dir='ltr'><strong>Jesu</strong></span> <span class='ocrx_word' id='word_1_188' title='bbox 2467 1145 2694 1199; x_wconf 88' lang='lat' dir='ltr'><strong>corpore</strong></span> <span class='ocrx_word' id='word_1_189' title='bbox 2732 1131 2980 1195; x_wconf 78' lang='lat' dir='ltr'><strong>dicinius,</strong></span> <span class='ocrx_word' id='word_1_190' title='bbox 3023 1131 3064 1183; x_wconf 94' lang='lat' dir='ltr'><strong>is</strong></span> <span class='ocrx_word' id='word_1_191' title='bbox 3116 1131 3332 1190; x_wconf 64' lang='lat' dir='ltr'><strong>Graecos</strong></span> <span class='ocrx_word' id='word_1_192' title='bbox 3367 1138 3616 1192; x_wconf 82' lang='lat' dir='ltr'><strong>consulat</strong></span> 
     </span>
    </p>
   </div>
   <div class='ocr_carea' id='block_1_29' title="bbox 2055 1221 3611 1296">
    <p class='ocr_par' dir='ltr' id='par_1_29' title="bbox 2055 1221 3611 1296">
     <span class='ocr_line' id='line_1_29' title="bbox 2055 1221 3611 1296; baseline 0.003 -21"><span class='ocrx_word' id='word_1_193' title='bbox 2055 1224 2120 1276; x_wconf 91' lang='lat' dir='ltr'><strong>de</strong></span> <span class='ocrx_word' id='word_1_194' title='bbox 2167 1223 2420 1286; x_wconf 85' lang='lat' dir='ltr'><strong>materia,</strong></span> <span class='ocrx_word' id='word_1_195' title='bbox 2470 1237 2628 1291; x_wconf 89' lang='lat' dir='ltr'><strong>quam</strong></span> <span class='ocrx_word' id='word_1_196' title='bbox 2670 1221 2864 1276; x_wconf 88' lang='lat' dir='ltr'><strong>docent</strong></span> <span class='ocrx_word' id='word_1_197' title='bbox 2897 1239 2992 1291; x_wconf 89' lang='lat' dir='ltr'><strong>per</strong></span> <span class='ocrx_word' id='word_1_198' title='bbox 3020 1239 3078 1279; x_wconf 89' lang='lat' dir='ltr'><strong>se</strong></span> <span class='ocrx_word' id='word_1_199' title='bbox 3111 1227 3287 1279; x_wconf 89' lang='lat' dir='ltr'><strong>omnis</strong></span> <span class='ocrx_word' id='word_1_200' title='bbox 3336 1238 3611 1296; x_wconf 81' lang='lat' dir='ltr'><strong>expertem</strong></span> 
     </span>
    </p>
   </div>
   <div class='ocr_carea' id='block_1_30' title="bbox 2064 1313 3613 1389">
    <p class='ocr_par' dir='ltr' id='par_1_30' title="bbox 2064 1313 3613 1389">
     <span class='ocr_line' id='line_1_30' title="bbox 2064 1313 3613 1389; baseline 0.005 -23"><span class='ocrx_word' id='word_1_201' title='bbox 2064 1329 2184 1366; x_wconf 86' lang='lat' dir='ltr'><strong>esse</strong></span> <span class='ocrx_word' id='word_1_202' title='bbox 2211 1313 2516 1382; x_wconf 83' lang='lat' dir='ltr'><strong>qualitatis;</strong></span> <span class='ocrx_word' id='word_1_203' title='bbox 2541 1313 2827 1382; x_wconf 85' lang='lat' dir='ltr'><strong>qualitates</strong></span> <span class='ocrx_word' id='word_1_204' title='bbox 2866 1316 3010 1370; x_wconf 84' lang='lat' dir='ltr'><strong>indui</strong></span> <span class='ocrx_word' id='word_1_205' title='bbox 3036 1317 3440 1389; x_wconf 87' lang='lat' dir='ltr'><strong>qualescunque</strong></span> <span class='ocrx_word' id='word_1_206' title='bbox 3469 1320 3613 1374; x_wconf 89' lang='lat' dir='ltr'><strong>Deus</strong></span> 
     </span>
    </p>
   </div>
   <div class='ocr_carea' id='block_1_31' title="bbox 2059 1403 3613 1482">
    <p class='ocr_par' dir='ltr' id='par_1_31' title="bbox 2059 1403 3613 1482">
     <span class='ocr_line' id='line_1_31' title="bbox 2059 1403 3613 1482; baseline 0.005 -26"><span class='ocrx_word' id='word_1_207' title='bbox 2059 1403 2158 1482; x_wconf 31' lang='lat' dir='ltr'><strong>illi.</strong></span> <span class='ocrx_word' id='word_1_208' title='bbox 2193 1403 2526 1458; x_wconf 88' lang='lat' dir='ltr'><strong>circumdare</strong></span> <span class='ocrx_word' id='word_1_209' title='bbox 2575 1403 2714 1470; x_wconf 91' lang='lat' dir='ltr'><strong>vult;</strong></span> <span class='ocrx_word' id='word_1_210' title='bbox 2761 1414 2814 1458; x_wconf 85' lang='lat' dir='ltr'><strong>et</strong></span> <span class='ocrx_word' id='word_1_211' title='bbox 2869 1420 3030 1476; x_wconf 67' lang='lat' dir='ltr'><strong>saepe.</strong></span> <span class='ocrx_word' id='word_1_212' title='bbox 3080 1408 3348 1476; x_wconf 87' lang='lat' dir='ltr'><strong>prioribus</strong></span> <span class='ocrx_word' id='word_1_213' title='bbox 3396 1412 3613 1479; x_wconf 86' lang='lat' dir='ltr'><strong>positis,</strong></span> 
     </span>
    </p>
   </div>
   <div class='ocr_carea' id='block_1_32' title="bbox 2055 1494 3610 1569">
    <p class='ocr_par' dir='ltr' id='par_1_32' title="bbox 2055 1494 3610 1569">
     <span class='ocr_line' id='line_1_32' title="bbox 2055 1494 3610 1569; baseline 0.007 -23"><span class='ocrx_word' id='word_1_214' title='bbox 2055 1495 2294 1562; x_wconf 85' lang='lat' dir='ltr'><strong>potiores</strong></span> <span class='ocrx_word' id='word_1_215' title='bbox 2326 1504 2379 1548; x_wconf 91' lang='lat' dir='ltr'><strong>et</strong></span> <span class='ocrx_word' id='word_1_216' title='bbox 2409 1494 2647 1552; x_wconf 87' lang='lat' dir='ltr'><strong>diversas</strong></span> <span class='ocrx_word' id='word_1_217' title='bbox 2673 1510 2970 1550; x_wconf 87' lang='lat' dir='ltr'><strong>assumere.</strong></span> <span class='ocrx_word' id='word_1_218' title='bbox 3004 1496 3130 1562; x_wconf 70' lang='lat' dir='ltr'><strong>Qua:</strong></span> <span class='ocrx_word' id='word_1_219' title='bbox 3159 1499 3375 1567; x_wconf 87' lang='lat' dir='ltr'><strong>quidem</strong></span> <span class='ocrx_word' id='word_1_220' title='bbox 3404 1503 3610 1569; x_wconf 91' lang='lat' dir='ltr'><strong>opinio,</strong></span> 
     </span>
    </p>
   </div>
   <div class='ocr_carea' id='block_1_33' title="bbox 2058 1586 3614 1663">
    <p class='ocr_par' dir='ltr' id='par_1_33' title="bbox 2058 1586 3614 1663">
     <span class='ocr_line' id='line_1_33' title="bbox 2058 1586 3614 1663; baseline 0.007 -25"><span class='ocrx_word' id='word_1_221' title='bbox 2058 1587 2102 1638; x_wconf 87' lang='lat' dir='ltr'><strong>si</strong></span> <span class='ocrx_word' id='word_1_222' title='bbox 2148 1601 2276 1639; x_wconf 89' lang='lat' dir='ltr'><strong>sana</strong></span> <span class='ocrx_word' id='word_1_223' title='bbox 2323 1594 2424 1649; x_wconf 90' lang='lat' dir='ltr'><strong>est,</strong></span> <span class='ocrx_word' id='word_1_224' title='bbox 2484 1586 2609 1654; x_wconf 89' lang='lat' dir='ltr'><strong>qtnd</strong></span> <span class='ocrx_word' id='word_1_225' title='bbox 2659 1587 2852 1640; x_wconf 91' lang='lat' dir='ltr'><strong>mirum</strong></span> <span class='ocrx_word' id='word_1_226' title='bbox 2888 1589 3231 1657; x_wconf 88' lang='lat' dir='ltr'><strong>qualitatem,</strong></span> <span class='ocrx_word' id='word_1_227' title='bbox 3269 1607 3371 1660; x_wconf 91' lang='lat' dir='ltr'><strong>qua</strong></span> <span class='ocrx_word' id='word_1_228' title='bbox 3416 1609 3614 1663; x_wconf 88' lang='lat' dir='ltr'><strong>corpus</strong></span> 
     </span>
    </p>
   </div>
   <div class='ocr_carea' id='block_1_34' title="bbox 2051 1673 3614 1751">
    <p class='ocr_par' dir='ltr' id='par_1_34' title="bbox 2051 1673 3614 1751">
     <span class='ocr_line' id='line_1_34' title="bbox 2051 1673 3614 1751; baseline 0.008 -23"><span class='ocrx_word' id='word_1_229' title='bbox 2051 1673 2174 1730; x_wconf 87' lang='lat' dir='ltr'><strong>Jesu</strong></span> <span class='ocrx_word' id='word_1_230' title='bbox 2222 1676 2449 1731; x_wconf 89' lang='lat' dir='ltr'><strong>mortale</strong></span> <span class='ocrx_word' id='word_1_231' title='bbox 2493 1677 2738 1731; x_wconf 91' lang='lat' dir='ltr'><strong>indutum</strong></span> <span class='ocrx_word' id='word_1_232' title='bbox 2769 1688 2902 1745; x_wconf 88' lang='lat' dir='ltr'><strong>erat,</strong></span> <span class='ocrx_word' id='word_1_233' title='bbox 2939 1681 3028 1734; x_wconf 89' lang='lat' dir='ltr'><strong>Dei</strong></span> <span class='ocrx_word' id='word_1_234' title='bbox 3061 1681 3293 1735; x_wconf 84' lang='lat' dir='ltr'><strong>volentis</strong></span> <span class='ocrx_word' id='word_1_235' title='bbox 3326 1685 3614 1751; x_wconf 84' lang='lat' dir='ltr'><strong>providen-</strong></span> 
     </span>
    </p>
   </div>
   <div class='ocr_carea' id='block_1_35' title="bbox 393 1745 1958 1858">
    <p class='ocr_par' dir='ltr' id='par_1_35' title="bbox 393 1765 1952 1858">
     <span class='ocr_line' id='line_1_35' title="bbox 393 1765 1952 1858; baseline 0.006 -41"><span class='ocrx_word' id='word_1_236' title='bbox 393 1765 594 1831; x_wconf 85' lang='grc' dir='ltr'>θέντος,</span> <span class='ocrx_word' id='word_1_237' title='bbox 625 1769 941 1837; x_wconf 83' lang='grc' dir='ltr'>μεταϐαλεῖν</span> <span class='ocrx_word' id='word_1_238' title='bbox 989 1774 1067 1835; x_wconf 84' lang='grc' dir='ltr'><strong>εἰς</strong></span> <span class='ocrx_word' id='word_1_239' title='bbox 1101 1770 1334 1842; x_wconf 81' lang='grc' dir='ltr'>αἰθέριον</span> <span class='ocrx_word' id='word_1_240' title='bbox 1363 1774 1456 1826; x_wconf 71' lang='grc' dir='ltr'><strong>καὶ</strong></span> <span class='ocrx_word' id='word_1_241' title='bbox 1486 1774 1632 1827; x_wconf 86' lang='grc' dir='ltr'>θείαν</span> <span class='ocrx_word' id='word_1_242' title='bbox 1661 1774 1952 1858; x_wconf 74' lang='grc' dir='ltr'>ποιότητα;</span> 
     </span>
    </p>
   </div>
   <div class='ocr_carea' id='block_1_36' title="bbox 2061 1745 3477 1858">
    <p class='ocr_par' dir='ltr' id='par_1_36' title="bbox 2063 1769 3477 1841">
     <span class='ocr_line' id='line_1_36' title="bbox 2063 1769 3477 1841; baseline 0.006 -19"><span class='ocrx_word' id='word_1_243' title='bbox 2063 1769 2155 1837; x_wconf 76' lang='lat' dir='ltr'><strong>tia,</strong></span> <span class='ocrx_word' id='word_1_244' title='bbox 2195 1769 2247 1822; x_wconf 92' lang='lat' dir='ltr'><strong>in</strong></span> <span class='ocrx_word' id='word_1_245' title='bbox 2276 1771 2564 1823; x_wconf 70' lang='lat' dir='ltr'><strong>milieream</strong></span> <span class='ocrx_word' id='word_1_246' title='bbox 2601 1770 2950 1841; x_wconf 88' lang='lat' dir='ltr'><strong>divinamque</strong></span> <span class='ocrx_word' id='word_1_247' title='bbox 2983 1783 3240 1827; x_wconf 86' lang='lat' dir='ltr'><strong>mutatam</strong></span> <span class='ocrx_word' id='word_1_248' title='bbox 3276 1776 3477 1830; x_wconf 85' lang='lat' dir='ltr'><strong>fuisse?</strong></span> 
     </span>
    </p>
   </div>
   <div class='ocr_carea' id='block_1_37' title="bbox 462 1859 1962 1938">
    <p class='ocr_par' dir='ltr' id='par_1_37' title="bbox 462 1859 1962 1938">
     <span class='ocr_line' id='line_1_37' title="bbox 462 1859 1962 1938; baseline 0.006 -28"><span class='ocrx_word' id='word_1_249' title='bbox 462 1859 572 1929; x_wconf 77' lang='grc' dir='ltr'><strong>Οὐχ</strong></span> <span class='ocrx_word' id='word_1_250' title='bbox 599 1861 674 1923; x_wconf 81' lang='grc' dir='ltr'>ὡς</span> <span class='ocrx_word' id='word_1_251' title='bbox 704 1860 1032 1927; x_wconf 85' lang='grc' dir='ltr'>διαλεκτικὸς</span> <span class='ocrx_word' id='word_1_252' title='bbox 1059 1865 1154 1934; x_wconf 85' lang='grc' dir='ltr'><strong>μὲν</strong></span> <span class='ocrx_word' id='word_1_253' title='bbox 1182 1861 1272 1918; x_wconf 82' lang='grc' dir='ltr'><strong>οὖν</strong></span> <span class='ocrx_word' id='word_1_254' title='bbox 1306 1862 1456 1918; x_wconf 84' lang='grc' dir='ltr'>εἶπεν</span> <span class='ocrx_word' id='word_1_255' title='bbox 1479 1868 1506 1918; x_wconf 88' lang='lat'><strong>6</strong></span> <span class='ocrx_word' id='word_1_256' title='bbox 1529 1865 1754 1929; x_wconf 85' lang='grc' dir='ltr'>Κέλσος,</span> <span class='ocrx_word' id='word_1_257' title='bbox 1785 1883 1962 1938; x_wconf 88' lang='grc' dir='ltr'>παρα-</span> 
     </span>
    </p>
   </div>
   <div class='ocr_carea' id='block_1_38' title="bbox 393 1947 1957 2029">
    <p class='ocr_par' dir='ltr' id='par_1_38' title="bbox 393 1947 1957 2029">
     <span class='ocr_line' id='line_1_38' title="bbox 393 1947 1957 2029; baseline 0.007 -30"><span class='ocrx_word' id='word_1_258' title='bbox 393 1947 598 2002; x_wconf 86' lang='grc' dir='ltr'>ϐάλλων</span> <span class='ocrx_word' id='word_1_259' title='bbox 629 1951 726 2015; x_wconf 70' lang='grc' dir='ltr'><strong>τὰς</strong></span> <span class='ocrx_word' id='word_1_260' title='bbox 759 1953 1098 2024; x_wconf 83' lang='grc' dir='ltr'>ἀνθρωπίνας</span> <span class='ocrx_word' id='word_1_261' title='bbox 1147 1956 1238 2008; x_wconf 87' lang='grc' dir='ltr'><strong>τοῦ</strong></span> <span class='ocrx_word' id='word_1_262' title='bbox 1292 1956 1464 2028; x_wconf 88' lang='grc' dir='ltr'>Ἰησοῦ</span> <span class='ocrx_word' id='word_1_263' title='bbox 1508 1957 1717 2028; x_wconf 88' lang='grc' dir='ltr'>σάρκας</span> <span class='ocrx_word' id='word_1_264' title='bbox 1753 1959 1957 2029; x_wconf 81' lang='grc' dir='ltr'>χρυσῷ,</span> 
     </span>
    </p>
   </div>
   <div class='ocr_carea' id='block_1_39' title="bbox 393 2040 1962 2120">
    <p class='ocr_par' dir='ltr' id='par_1_39' title="bbox 393 2040 1962 2120">
     <span class='ocr_line' id='line_1_39' title="bbox 393 2040 1962 2120; baseline 0.007 -29"><span class='ocrx_word' id='word_1_265' title='bbox 393 2040 485 2092; x_wconf 74' lang='grc' dir='ltr'><strong>καὶ</strong></span> <span class='ocrx_word' id='word_1_266' title='bbox 512 2041 750 2112; x_wconf 83' lang='grc' dir='ltr'>ἀργύρῳ,</span> <span class='ocrx_word' id='word_1_267' title='bbox 783 2044 875 2095; x_wconf 79' lang='grc' dir='ltr'><strong>καὶ</strong></span> <span class='ocrx_word' id='word_1_268' title='bbox 922 2044 1069 2116; x_wconf 83' lang='grc' dir='ltr'>λίθῳ,</span> <span class='ocrx_word' id='word_1_269' title='bbox 1105 2047 1184 2099; x_wconf 85' lang='grc' dir='ltr'><strong>ότι</strong></span> <span class='ocrx_word' id='word_1_270' title='bbox 1217 2040 1372 2100; x_wconf 76' lang='grc' dir='ltr'>αὗται</span> <span class='ocrx_word' id='word_1_271' title='bbox 1407 2049 1628 2102; x_wconf 76' lang='grc' dir='ltr'>ἐκείνων</span> <span class='ocrx_word' id='word_1_272' title='bbox 1668 2049 1962 2120; x_wconf 84' lang='grc' dir='ltr'>φθαρτότε-</span> 
     </span>
    </p>
   </div>
   <div class='ocr_carea' id='block_1_40' title="bbox 394 2133 1962 2212">
    <p class='ocr_par' dir='ltr' id='par_1_40' title="bbox 394 2133 1962 2212">
     <span class='ocr_line' id='line_1_40' title="bbox 394 2133 1962 2212; baseline 0.008 -30"><span class='ocrx_word' id='word_1_273' title='bbox 394 2149 500 2201; x_wconf 87' lang='grc' dir='ltr'>ραι.</span> <span class='ocrx_word' id='word_1_274' title='bbox 531 2133 672 2203; x_wconf 86' lang='grc' dir='ltr'>Πρὸς</span> <span class='ocrx_word' id='word_1_275' title='bbox 689 2134 795 2207; x_wconf 89' lang='grc' dir='ltr'><strong>γάρ</strong></span> <span class='ocrx_word' id='word_1_276' title='bbox 815 2135 905 2190; x_wconf 89' lang='grc' dir='ltr'><strong>τὸν</strong></span> <span class='ocrx_word' id='word_1_277' title='bbox 925 2138 1122 2210; x_wconf 90' lang='grc' dir='ltr'>ἀκριϐῆ</span> <span class='ocrx_word' id='word_1_278' title='bbox 1141 2139 1316 2207; x_wconf 86' lang='grc' dir='ltr'>λόγον,</span> <span class='ocrx_word' id='word_1_279' title='bbox 1332 2138 1440 2192; x_wconf 75' lang='grc' dir='ltr'>οὔτ’</span> <span class='ocrx_word' id='word_1_280' title='bbox 1461 2139 1733 2210; x_wconf 75' lang='grc' dir='ltr'>ἄφθαρτον</span> <span class='ocrx_word' id='word_1_281' title='bbox 1753 2139 1962 2212; x_wconf 83' lang='grc' dir='ltr'>ἀφθάρ-</span> 
     </span>
    </p>
   </div>
   <div class='ocr_carea' id='block_1_41' title="bbox 390 2223 1962 2303">
    <p class='ocr_par' dir='ltr' id='par_1_41' title="bbox 390 2223 1962 2303">
     <span class='ocr_line' id='line_1_41' title="bbox 390 2223 1962 2303; baseline 0.008 -30"><span class='ocrx_word' id='word_1_282' title='bbox 390 2239 482 2274; x_wconf 85' lang='grc' dir='ltr'><strong>του</strong></span> <span class='ocrx_word' id='word_1_283' title='bbox 506 2223 924 2298; x_wconf 88' lang='grc' dir='ltr'>ἀφθαρτότερον,</span> <span class='ocrx_word' id='word_1_284' title='bbox 959 2227 1080 2282; x_wconf 72' lang='grc' dir='ltr'>οὔτε</span> <span class='ocrx_word' id='word_1_285' title='bbox 1130 2229 1369 2302; x_wconf 88' lang='grc' dir='ltr'>φθαρτὸν</span> <span class='ocrx_word' id='word_1_286' title='bbox 1406 2229 1645 2303; x_wconf 79' lang='grc' dir='ltr'>φθαρτοῦ</span> <span class='ocrx_word' id='word_1_287' title='bbox 1669 2230 1962 2302; x_wconf 84' lang='grc' dir='ltr'>φθαρτότε-</span> 
     </span>
    </p>
   </div>
   <div class='ocr_carea' id='block_1_42' title="bbox 393 2315 1962 2393">
    <p class='ocr_par' dir='ltr' id='par_1_42' title="bbox 393 2315 1962 2393">
     <span class='ocr_line' id='line_1_42' title="bbox 393 2315 1962 2393; baseline 0.006 -27"><span class='ocrx_word' id='word_1_288' title='bbox 393 2329 502 2383; x_wconf 88' lang='grc' dir='ltr'>ρον.</span> <span class='ocrx_word' id='word_1_289' title='bbox 543 2315 679 2368; x_wconf 85' lang='grc' dir='ltr'>Ἀλλ’</span> <span class='ocrx_word' id='word_1_290' title='bbox 724 2318 772 2369; x_wconf 84' lang='grc' dir='ltr'><strong>εί</strong></span> <span class='ocrx_word' id='word_1_291' title='bbox 818 2317 926 2389; x_wconf 83' lang='grc' dir='ltr'>ἄρα</span> <span class='ocrx_word' id='word_1_292' title='bbox 981 2319 1362 2393; x_wconf 89' lang='grc' dir='ltr'>φθαρτότερον,</span> <span class='ocrx_word' id='word_1_293' title='bbox 1406 2323 1552 2392; x_wconf 81' lang='grc' dir='ltr'>ὅμως</span> <span class='ocrx_word' id='word_1_294' title='bbox 1602 2322 1658 2376; x_wconf 85' lang='grc' dir='ltr'>δὲ</span> <span class='ocrx_word' id='word_1_295' title='bbox 1702 2323 1962 2393; x_wconf 76' lang='grc' dir='ltr'>καὶπρὸς</span> 
     </span>
    </p>
   </div>
   <div class='ocr_carea' id='block_1_43' title="bbox 388 2404 1962 2486">
    <p class='ocr_par' dir='ltr' id='par_1_43' title="bbox 388 2404 1962 2486">
     <span class='ocr_line' id='line_1_43' title="bbox 388 2404 1962 2486; baseline 0.006 -29"><span class='ocrx_word' id='word_1_296' title='bbox 388 2404 544 2458; x_wconf 81' lang='grc' dir='ltr'>τοῦτο</span> <span class='ocrx_word' id='word_1_297' title='bbox 577 2409 838 2480; x_wconf 81' lang='grc' dir='ltr'>φήσομεν,</span> <span class='ocrx_word' id='word_1_298' title='bbox 872 2413 952 2463; x_wconf 85' lang='grc' dir='ltr'><strong>ὅτι</strong></span> <span class='ocrx_word' id='word_1_299' title='bbox 979 2412 1133 2483; x_wconf 79' lang='grc' dir='ltr'>εἴπερ</span> <span class='ocrx_word' id='word_1_300' title='bbox 1156 2413 1372 2467; x_wconf 83' lang='grc' dir='ltr'>δυνατὸν</span> <span class='ocrx_word' id='word_1_301' title='bbox 1402 2415 1646 2484; x_wconf 86' lang='grc' dir='ltr'>ἀμείϐειν</span> <span class='ocrx_word' id='word_1_302' title='bbox 1674 2415 1962 2486; x_wconf 87' lang='grc' dir='ltr'>ποιότητας</span> 
     </span>
    </p>
   </div>
   <div class='ocr_carea' id='block_1_44' title="bbox 388 2498 1960 2578">
    <p class='ocr_par' dir='ltr' id='par_1_44' title="bbox 388 2498 1960 2578">
     <span class='ocr_line' id='line_1_44' title="bbox 388 2498 1960 2578; baseline 0.008 -29"><span class='ocrx_word' id='word_1_303' title='bbox 388 2498 489 2568; x_wconf 84' lang='grc' dir='ltr'><strong>τὴν</strong></span> <span class='ocrx_word' id='word_1_304' title='bbox 542 2501 902 2575; x_wconf 81' lang='grc' dir='ltr'>ὑποκειμένην</span> <span class='ocrx_word' id='word_1_305' title='bbox 949 2505 1149 2569; x_wconf 86' lang='grc' dir='ltr'>πάσαις</span> <span class='ocrx_word' id='word_1_306' title='bbox 1204 2507 1479 2576; x_wconf 84' lang='grc' dir='ltr'>ποιότησιν</span> <span class='ocrx_word' id='word_1_307' title='bbox 1534 2506 1694 2578; x_wconf 78' lang='grc' dir='ltr'>ὓληνο</span> <span class='ocrx_word' id='word_1_308' title='bbox 1737 2508 1852 2570; x_wconf 85' lang='grc' dir='ltr'>πῶς</span> <span class='ocrx_word' id='word_1_309' title='bbox 1899 2508 1960 2562; x_wconf 82' lang='grc' dir='ltr'><strong>οὑ</strong></span> 
     </span>
    </p>
   </div>
   <div class='ocr_carea' id='block_1_45' title="bbox 391 2587 1961 2667">
    <p class='ocr_par' dir='ltr' id='par_1_45' title="bbox 391 2587 1961 2667">
     <span class='ocr_line' id='line_1_45' title="bbox 391 2587 1961 2667; baseline 0.007 -28"><span class='ocrx_word' id='word_1_310' title='bbox 391 2587 610 2642; x_wconf 84' lang='grc' dir='ltr'>δυνατὸν</span> <span class='ocrx_word' id='word_1_311' title='bbox 638 2591 730 2642; x_wconf 66' lang='grc' dir='ltr'><strong>καὶ</strong></span> <span class='ocrx_word' id='word_1_312' title='bbox 757 2591 855 2662; x_wconf 80' lang='grc' dir='ltr'>τὴν</span> <span class='ocrx_word' id='word_1_313' title='bbox 884 2593 1060 2664; x_wconf 84' lang='grc' dir='ltr'>σάρκα</span> <span class='ocrx_word' id='word_1_314' title='bbox 1081 2593 1173 2647; x_wconf 87' lang='grc' dir='ltr'><strong>τοῦ</strong></span> <span class='ocrx_word' id='word_1_315' title='bbox 1212 2595 1380 2664; x_wconf 87' lang='grc' dir='ltr'>Ἰησοῦ</span> <span class='ocrx_word' id='word_1_316' title='bbox 1407 2596 1714 2665; x_wconf 77' lang='grc' dir='ltr'>ἀμείψασαν</span> <span class='ocrx_word' id='word_1_317' title='bbox 1745 2599 1961 2667; x_wconf 84' lang='grc' dir='ltr'>ποιότη-</span> 
     </span>
    </p>
   </div>
   <div class='ocr_carea' id='block_1_46' title="bbox 392 2682 1962 2760">
    <p class='ocr_par' dir='ltr' id='par_1_46' title="bbox 392 2682 1962 2760">
     <span class='ocr_line' id='line_1_46' title="bbox 392 2682 1962 2760; baseline 0.008 -30"><span class='ocrx_word' id='word_1_318' title='bbox 392 2696 490 2743; x_wconf 85' lang='grc' dir='ltr'><strong>τας</strong></span> <span class='ocrx_word' id='word_1_319' title='bbox 542 2682 818 2748; x_wconf 85' lang='grc' dir='ltr'>γεγονέναι</span> <span class='ocrx_word' id='word_1_320' title='bbox 865 2685 1134 2755; x_wconf 81' lang='grc' dir='ltr'>τοιαύτην,</span> <span class='ocrx_word' id='word_1_321' title='bbox 1165 2687 1353 2738; x_wconf 86' lang='grc' dir='ltr'>ὁποίαν</span> <span class='ocrx_word' id='word_1_322' title='bbox 1409 2687 1576 2757; x_wconf 82' lang='grc' dir='ltr'>ἐχρῆν</span> <span class='ocrx_word' id='word_1_323' title='bbox 1617 2685 1874 2760; x_wconf 80' lang='grc' dir='ltr'>εἶναιτὴν</span> <span class='ocrx_word' id='word_1_324' title='bbox 1904 2691 1962 2742; x_wconf 78' lang='grc' dir='ltr'>ἐν</span> 
     </span>
    </p>
   </div>
   <div class='ocr_carea' id='block_1_47' title="bbox 394 2772 1959 2849">
    <p class='ocr_par' dir='ltr' id='par_1_47' title="bbox 394 2772 1959 2849">
     <span class='ocr_line' id='line_1_47' title="bbox 394 2772 1959 2849; baseline 0.006 -26"><span class='ocrx_word' id='word_1_325' title='bbox 394 2772 574 2842; x_wconf 83' lang='grc' dir='ltr'>αἰθέρι</span> <span class='ocrx_word' id='word_1_326' title='bbox 603 2775 814 2838; x_wconf 74' lang='grc' dir='ltr'>καὶτοῖς</span> <span class='ocrx_word' id='word_1_327' title='bbox 842 2778 1094 2849; x_wconf 85' lang='grc' dir='ltr'>ἀνωτέρω</span> <span class='ocrx_word' id='word_1_328' title='bbox 1125 2778 1233 2848; x_wconf 68' lang='grc'>(84)</span> <span class='ocrx_word' id='word_1_329' title='bbox 1264 2778 1425 2831; x_wconf 80' lang='grc' dir='ltr'>αὑτοῦ</span> <span class='ocrx_word' id='word_1_330' title='bbox 1454 2781 1637 2842; x_wconf 78' lang='grc' dir='ltr'>τόποις</span> <span class='ocrx_word' id='word_1_331' title='bbox 1682 2779 1959 2833; x_wconf 76' lang='grc' dir='ltr'>πολιτευο-</span> 
     </span>
    </p>
   </div>
   <div class='ocr_carea' id='block_1_48' title="bbox 396 2864 1960 2940">
    <p class='ocr_par' dir='ltr' id='par_1_48' title="bbox 396 2864 1960 2940">
     <span class='ocr_line' id='line_1_48' title="bbox 396 2864 1960 2940; baseline 0.004 -24"><span class='ocrx_word' id='word_1_332' title='bbox 396 2864 583 2936; x_wconf 81' lang='grc' dir='ltr'>μένην,</span> <span class='ocrx_word' id='word_1_333' title='bbox 643 2867 828 2920; x_wconf 82' lang='grc' dir='ltr'>οὑκέτι</span> <span class='ocrx_word' id='word_1_334' title='bbox 876 2867 1098 2938; x_wconf 81' lang='grc' dir='ltr'>ἔχουσαν</span> <span class='ocrx_word' id='word_1_335' title='bbox 1145 2869 1213 2920; x_wconf 80' lang='grc' dir='ltr'>τὰ</span> <span class='ocrx_word' id='word_1_336' title='bbox 1255 2869 1352 2937; x_wconf 79' lang='grc' dir='ltr'><strong>τῆς</strong></span> <span class='ocrx_word' id='word_1_337' title='bbox 1386 2871 1650 2940; x_wconf 81' lang='grc' dir='ltr'>σαρκικῆς</span> <span class='ocrx_word' id='word_1_338' title='bbox 1683 2869 1960 2934; x_wconf 85' lang='grc' dir='ltr'>ἀσθενείας</span> 
     </span>
    </p>
   </div>
   <div class='ocr_carea' id='block_1_49' title="bbox 394 2953 1958 3027">
    <p class='ocr_par' dir='ltr' id='par_1_49' title="bbox 394 2953 1958 3027">
     <span class='ocr_line' id='line_1_49' title="bbox 394 2953 1958 3027; baseline 0.005 -23"><span class='ocrx_word' id='word_1_339' title='bbox 394 2953 519 3014; x_wconf 79' lang='grc' dir='ltr'>ἴδια,</span> <span class='ocrx_word' id='word_1_340' title='bbox 545 2954 638 3006; x_wconf 73' lang='grc' dir='ltr'><strong>καὶ</strong></span> <span class='ocrx_word' id='word_1_341' title='bbox 676 2955 829 3006; x_wconf 83' lang='grc' dir='ltr'>ἅτινα</span> <span class='ocrx_word' id='word_1_342' title='bbox 869 2955 1180 3027; x_wconf 83' lang='grc' dir='ltr'>μιαρώτερα</span> <span class='ocrx_word' id='word_1_343' title='bbox 1212 2957 1488 3027; x_wconf 81' lang='grc' dir='ltr'>ὠνόμασεν</span> <span class='ocrx_word' id='word_1_344' title='bbox 1519 2959 1546 3009; x_wconf 88' lang='grc' dir='ltr'>ὁ</span> <span class='ocrx_word' id='word_1_345' title='bbox 1570 2959 1806 3024; x_wconf 84' lang='grc' dir='ltr'>Κέλσος;</span> <span class='ocrx_word' id='word_1_346' title='bbox 1838 2959 1958 3012; x_wconf 85' lang='grc' dir='ltr'>οὑδὲ</span> 
     </span>
    </p>
   </div>
   <div class='ocr_carea' id='block_1_50' title="bbox 2128 1859 3616 1934">
    <p class='ocr_par' dir='ltr' id='par_1_50' title="bbox 2128 1859 3616 1934">
     <span class='ocr_line' id='line_1_50' title="bbox 2128 1859 3616 1934; baseline 0.006 -20"><span class='ocrx_word' id='word_1_347' title='bbox 2128 1860 2220 1914; x_wconf 70' lang='grc'><strong>42.</strong></span> <span class='ocrx_word' id='word_1_348' title='bbox 2270 1863 2450 1927; x_wconf 75' lang='lat' dir='ltr'><strong>Quare</strong></span> <span class='ocrx_word' id='word_1_349' title='bbox 2487 1859 2682 1917; x_wconf 89' lang='lat' dir='ltr'><strong>Celsus</strong></span> <span class='ocrx_word' id='word_1_350' title='bbox 2713 1863 3010 1918; x_wconf 71' lang='lat' dir='ltr'><strong>dialectica:</strong></span> <span class='ocrx_word' id='word_1_351' title='bbox 3040 1880 3143 1919; x_wconf 94' lang='lat' dir='ltr'><strong>non</strong></span> <span class='ocrx_word' id='word_1_352' title='bbox 3177 1868 3310 1921; x_wconf 91' lang='lat' dir='ltr'><strong>satis</strong></span> <span class='ocrx_word' id='word_1_353' title='bbox 3349 1868 3616 1934; x_wconf 88' lang='lat' dir='ltr'><strong>meminit,</strong></span> 
     </span>
    </p>
   </div>
   <div class='ocr_carea' id='block_1_51' title="bbox 2061 1951 3617 2028">
    <p class='ocr_par' dir='ltr' id='par_1_51' title="bbox 2061 1951 3617 2028">
     <span class='ocr_line' id='line_1_51' title="bbox 2061 1951 3617 2028; baseline 0.007 -24"><span class='ocrx_word' id='word_1_354' title='bbox 2061 1964 2184 2004; x_wconf 90' lang='lat' dir='ltr'><strong>cum</strong></span> <span class='ocrx_word' id='word_1_355' title='bbox 2219 1951 2483 2008; x_wconf 88' lang='lat' dir='ltr'><strong>humanas</strong></span> <span class='ocrx_word' id='word_1_356' title='bbox 2527 1952 2652 2007; x_wconf 88' lang='lat' dir='ltr'><strong>Jcsu</strong></span> <span class='ocrx_word' id='word_1_357' title='bbox 2701 1969 2894 2009; x_wconf 88' lang='lat' dir='ltr'><strong>carnes</strong></span> <span class='ocrx_word' id='word_1_358' title='bbox 2937 1971 3058 2008; x_wconf 87' lang='lat' dir='ltr'><strong>cum</strong></span> <span class='ocrx_word' id='word_1_359' title='bbox 3109 1972 3260 2023; x_wconf 91' lang='lat' dir='ltr'><strong>auro,</strong></span> <span class='ocrx_word' id='word_1_360' title='bbox 3305 1968 3529 2028; x_wconf 83' lang='lat' dir='ltr'><strong>argento</strong></span> <span class='ocrx_word' id='word_1_361' title='bbox 3559 1969 3617 2015; x_wconf 85' lang='lat' dir='ltr'><strong>et</strong></span> 
     </span>
    </p>
   </div>
   <div class='ocr_carea' id='block_1_52' title="bbox 2063 2041 3617 2112">
    <p class='ocr_par' dir='ltr' id='par_1_52' title="bbox 2063 2041 3617 2112">
     <span class='ocr_line' id='line_1_52' title="bbox 2063 2041 3617 2112; baseline 0.007 -18"><span class='ocrx_word' id='word_1_362' title='bbox 2063 2041 2242 2110; x_wconf 85' lang='lat' dir='ltr'><strong>lapide</strong></span> <span class='ocrx_word' id='word_1_363' title='bbox 2269 2058 2613 2112; x_wconf 86' lang='lat' dir='ltr'><strong>comparans,</strong></span> <span class='ocrx_word' id='word_1_364' title='bbox 2635 2044 2710 2096; x_wconf 90' lang='lat' dir='ltr'><strong>ait</strong></span> <span class='ocrx_word' id='word_1_365' title='bbox 2733 2058 2924 2098; x_wconf 86' lang='lat' dir='ltr'><strong>carnes</strong></span> <span class='ocrx_word' id='word_1_366' title='bbox 2947 2046 3070 2100; x_wconf 88' lang='lat' dir='ltr'><strong>illas</strong></span> <span class='ocrx_word' id='word_1_367' title='bbox 3098 2047 3244 2102; x_wconf 88' lang='lat' dir='ltr'><strong>bisce</strong></span> <span class='ocrx_word' id='word_1_368' title='bbox 3268 2049 3428 2103; x_wconf 83' lang='lat' dir='ltr'><strong>rebus</strong></span> <span class='ocrx_word' id='word_1_369' title='bbox 3450 2048 3617 2105; x_wconf 89' lang='lat' dir='ltr'><strong>fuisse</strong></span> 
     </span>
    </p>
   </div>
   <div class='ocr_carea' id='block_1_53' title="bbox 2062 2135 3617 2213">
    <p class='ocr_par' dir='ltr' id='par_1_53' title="bbox 2062 2135 3617 2213">
     <span class='ocr_line' id='line_1_53' title="bbox 2062 2135 3617 2213; baseline 0.005 -24"><span class='ocrx_word' id='word_1_370' title='bbox 2062 2135 2235 2206; x_wconf 84' lang='lat' dir='ltr'><strong>magis</strong></span> <span class='ocrx_word' id='word_1_371' title='bbox 2289 2137 2340 2190; x_wconf 93' lang='lat' dir='ltr'><strong>in</strong></span> <span class='ocrx_word' id='word_1_372' title='bbox 2397 2138 2800 2205; x_wconf 88' lang='lat' dir='ltr'><strong>corruptionem</strong></span> <span class='ocrx_word' id='word_1_373' title='bbox 2848 2154 3166 2209; x_wconf 79' lang='lat' dir='ltr'><strong>propensus.</strong></span> <span class='ocrx_word' id='word_1_374' title='bbox 3208 2138 3342 2194; x_wconf 85' lang='lat' dir='ltr'><strong>Nam</strong></span> <span class='ocrx_word' id='word_1_375' title='bbox 3377 2142 3420 2195; x_wconf 88' lang='lat' dir='ltr'><strong>si</strong></span> <span class='ocrx_word' id='word_1_376' title='bbox 3471 2142 3617 2213; x_wconf 80' lang='lat' dir='ltr'><strong>loqui</strong></span> 
     </span>
    </p>
   </div>
   <div class='ocr_carea' id='block_1_54' title="bbox 2062 2229 3616 2304">
    <p class='ocr_par' dir='ltr' id='par_1_54' title="bbox 2062 2229 3616 2304">
     <span class='ocr_line' id='line_1_54' title="bbox 2062 2229 3616 2304; baseline 0.006 -25"><span class='ocrx_word' id='word_1_377' title='bbox 2062 2237 2322 2282; x_wconf 84' lang='lat' dir='ltr'><strong>accurate</strong></span> <span class='ocrx_word' id='word_1_378' title='bbox 2376 2229 2645 2292; x_wconf 88' lang='lat' dir='ltr'><strong>volumus,</strong></span> <span class='ocrx_word' id='word_1_379' title='bbox 2706 2231 2841 2284; x_wconf 88' lang='lat' dir='ltr'><strong>nihil</strong></span> <span class='ocrx_word' id='word_1_380' title='bbox 2894 2232 3306 2300; x_wconf 88' lang='lat' dir='ltr'><strong>incorruptibile</strong></span> <span class='ocrx_word' id='word_1_381' title='bbox 3340 2244 3425 2288; x_wconf 84' lang='lat' dir='ltr'><strong>est</strong></span> <span class='ocrx_word' id='word_1_382' title='bbox 3471 2235 3616 2304; x_wconf 90' lang='lat' dir='ltr'><strong>quod</strong></span> 
     </span>
    </p>
   </div>
   <div class='ocr_carea' id='block_1_55' title="bbox 2059 2317 3618 2395">
    <p class='ocr_par' dir='ltr' id='par_1_55' title="bbox 2059 2317 3618 2395">
     <span class='ocr_line' id='line_1_55' title="bbox 2059 2317 3618 2395; baseline 0.004 -23"><span class='ocrx_word' id='word_1_383' title='bbox 2059 2317 2135 2372; x_wconf 88' lang='lat' dir='ltr'><strong>sit</strong></span> <span class='ocrx_word' id='word_1_384' title='bbox 2166 2320 2560 2388; x_wconf 82' lang='lat' dir='ltr'><strong>incorruptibili</strong></span> <span class='ocrx_word' id='word_1_385' title='bbox 2599 2321 3091 2390; x_wconf 89' lang='lat' dir='ltr'><strong>incorruptibilius:</strong></span> <span class='ocrx_word' id='word_1_386' title='bbox 3129 2338 3302 2392; x_wconf 87' lang='lat' dir='ltr'><strong>neque</strong></span> <span class='ocrx_word' id='word_1_387' title='bbox 3343 2327 3618 2395; x_wconf 83' lang='lat' dir='ltr'><strong>corrupti-</strong></span> 
     </span>
    </p>
   </div>
   <div class='ocr_carea' id='block_1_56' title="bbox 2064 2410 3618 2484">
    <p class='ocr_par' dir='ltr' id='par_1_56' title="bbox 2064 2410 3618 2484">
     <span class='ocr_line' id='line_1_56' title="bbox 2064 2410 3618 2484; baseline 0.007 -22"><span class='ocrx_word' id='word_1_388' title='bbox 2064 2410 2171 2464; x_wconf 91' lang='lat' dir='ltr'><strong>bile</strong></span> <span class='ocrx_word' id='word_1_389' title='bbox 2200 2412 2608 2481; x_wconf 88' lang='lat' dir='ltr'><strong>eorruptibilius</strong></span> <span class='ocrx_word' id='word_1_390' title='bbox 2640 2413 3000 2478; x_wconf 86' lang='lat' dir='ltr'><strong>corruptibili.</strong></span> <span class='ocrx_word' id='word_1_391' title='bbox 3035 2413 3180 2467; x_wconf 88' lang='lat' dir='ltr'><strong>Sane</strong></span> <span class='ocrx_word' id='word_1_392' title='bbox 3214 2429 3340 2469; x_wconf 85' lang='lat' dir='ltr'><strong>vero</strong></span> <span class='ocrx_word' id='word_1_393' title='bbox 3371 2417 3440 2470; x_wconf 93' lang='lat' dir='ltr'><strong>sit</strong></span> <span class='ocrx_word' id='word_1_394' title='bbox 3468 2417 3618 2484; x_wconf 87' lang='lat' dir='ltr'><strong>quid-</strong></span> 
     </span>
    </p>
   </div>
   <div class='ocr_carea' id='block_1_57' title="bbox 2062 2503 3616 2574">
    <p class='ocr_par' dir='ltr' id='par_1_57' title="bbox 2062 2503 3616 2574">
     <span class='ocr_line' id='line_1_57' title="bbox 2062 2503 3616 2574; baseline 0.005 -19"><span class='ocrx_word' id='word_1_395' title='bbox 2062 2503 2206 2570; x_wconf 88' lang='lat' dir='ltr'><strong>piam</strong></span> <span class='ocrx_word' id='word_1_396' title='bbox 2260 2504 2314 2555; x_wconf 94' lang='lat' dir='ltr'><strong>in</strong></span> <span class='ocrx_word' id='word_1_397' title='bbox 2373 2505 2772 2574; x_wconf 90' lang='lat' dir='ltr'><strong>corruptionem</strong></span> <span class='ocrx_word' id='word_1_398' title='bbox 2820 2504 3063 2572; x_wconf 82' lang='lat' dir='ltr'><strong>pronius,</strong></span> <span class='ocrx_word' id='word_1_399' title='bbox 3101 2505 3344 2560; x_wconf 90' lang='lat' dir='ltr'><strong>dicemus</strong></span> <span class='ocrx_word' id='word_1_400' title='bbox 3389 2515 3616 2563; x_wconf 86' lang='lat' dir='ltr'><strong>tamen:</strong></span> 
     </span>
    </p>
   </div>
   <div class='ocr_carea' id='block_1_58' title="bbox 2067 2583 3618 2663">
    <p class='ocr_par' dir='ltr' id='par_1_58' title="bbox 2067 2583 3618 2663">
     <span class='ocr_line' id='line_1_58' title="bbox 2067 2583 3618 2663; baseline 0.006 -18"><span class='ocrx_word' id='word_1_401' title='bbox 2067 2593 2124 2646; x_wconf 91' lang='lat' dir='ltr'><strong>Si</strong></span> <span class='ocrx_word' id='word_1_402' title='bbox 2176 2596 2415 2647; x_wconf 71' lang='lat' dir='ltr'><strong>materiae</strong></span> <span class='ocrx_word' id='word_1_403' title='bbox 2464 2583 2814 2662; x_wconf 81' lang='lat' dir='ltr'><strong>qualitatibus</strong></span> <span class='ocrx_word' id='word_1_404' title='bbox 2843 2596 3094 2649; x_wconf 89' lang='lat' dir='ltr'><strong>omnibus</strong></span> <span class='ocrx_word' id='word_1_405' title='bbox 3123 2597 3375 2663; x_wconf 61' lang='lat' dir='ltr'><strong>subjectae</strong></span> <span class='ocrx_word' id='word_1_406' title='bbox 3416 2600 3618 2655; x_wconf 86' lang='lat' dir='ltr'><strong>mutari</strong></span> 
     </span>
    </p>
   </div>
   <div class='ocr_carea' id='block_1_59' title="bbox 2063 2685 3620 2758">
    <p class='ocr_par' dir='ltr' id='par_1_59' title="bbox 2063 2685 3620 2758">
     <span class='ocr_line' id='line_1_59' title="bbox 2063 2685 3620 2758; baseline 0.01 -26"><span class='ocrx_word' id='word_1_407' title='bbox 2063 2685 2270 2752; x_wconf 82' lang='lat' dir='ltr'><strong>possint</strong></span> <span class='ocrx_word' id='word_1_408' title='bbox 2311 2685 2603 2753; x_wconf 89' lang='lat' dir='ltr'><strong>qualitates</strong></span> <span class='ocrx_word' id='word_1_409' title='bbox 2645 2705 2657 2740; x_wconf 90' lang='lat'>:</span> <span class='ocrx_word' id='word_1_410' title='bbox 2696 2701 2792 2741; x_wconf 88' lang='lat' dir='ltr'><strong>cur</strong></span> <span class='ocrx_word' id='word_1_411' title='bbox 2845 2686 2960 2741; x_wconf 81' lang='lat' dir='ltr'><strong>fieri</strong></span> <span class='ocrx_word' id='word_1_412' title='bbox 3019 2704 3124 2742; x_wconf 91' lang='lat' dir='ltr'><strong>non</strong></span> <span class='ocrx_word' id='word_1_413' title='bbox 3175 2691 3349 2758; x_wconf 87' lang='lat' dir='ltr'><strong>potuit</strong></span> <span class='ocrx_word' id='word_1_414' title='bbox 3381 2700 3440 2744; x_wconf 93' lang='lat' dir='ltr'><strong>ut</strong></span> <span class='ocrx_word' id='word_1_415' title='bbox 3491 2706 3620 2748; x_wconf 81' lang='lat' dir='ltr'><strong>caro</strong></span> 
     </span>
    </p>
   </div>
   <div class='ocr_carea' id='block_1_60' title="bbox 2064 2771 3620 2850">
    <p class='ocr_par' dir='ltr' id='par_1_60' title="bbox 2064 2771 3620 2850">
     <span class='ocr_line' id='line_1_60' title="bbox 2064 2771 3620 2850; baseline 0.008 -24"><span class='ocrx_word' id='word_1_416' title='bbox 2064 2771 2216 2837; x_wconf 80' lang='lat' dir='ltr'><strong>Jesu,</strong></span> <span class='ocrx_word' id='word_1_417' title='bbox 2265 2774 2488 2828; x_wconf 87' lang='lat' dir='ltr'><strong>mutatis</strong></span> <span class='ocrx_word' id='word_1_418' title='bbox 2527 2775 2899 2842; x_wconf 84' lang='lat' dir='ltr'><strong>qualitatibus,</strong></span> <span class='ocrx_word' id='word_1_419' title='bbox 2951 2777 3070 2832; x_wconf 89' lang='lat' dir='ltr'><strong>talis</strong></span> <span class='ocrx_word' id='word_1_420' title='bbox 3098 2780 3356 2845; x_wconf 87' lang='lat' dir='ltr'><strong>evaserit,</strong></span> <span class='ocrx_word' id='word_1_421' title='bbox 3405 2784 3620 2850; x_wconf 85' lang='lat' dir='ltr'><strong>qualem</strong></span> 
     </span>
    </p>
   </div>
   <div class='ocr_carea' id='block_1_61' title="bbox 2075 2865 3622 2944">
    <p class='ocr_par' dir='ltr' id='par_1_61' title="bbox 2075 2865 3622 2944">
     <span class='ocr_line' id='line_1_61' title="bbox 2075 2865 3622 2944; baseline 0.008 -27"><span class='ocrx_word' id='word_1_422' title='bbox 2075 2865 2317 2932; x_wconf 82' lang='lat' dir='ltr'><strong>oportuit</strong></span> <span class='ocrx_word' id='word_1_423' title='bbox 2339 2879 2480 2929; x_wconf 87' lang='lat' dir='ltr'><strong>esse,</strong></span> <span class='ocrx_word' id='word_1_424' title='bbox 2513 2881 2632 2936; x_wconf 71' lang='lat' dir='ltr'><strong>qua:</strong></span> <span class='ocrx_word' id='word_1_425' title='bbox 2663 2869 2716 2920; x_wconf 91' lang='lat' dir='ltr'><strong>in</strong></span> <span class='ocrx_word' id='word_1_426' title='bbox 2751 2868 2949 2924; x_wconf 83' lang='lat' dir='ltr'><strong>aethere</strong></span> <span class='ocrx_word' id='word_1_427' title='bbox 2977 2885 3039 2923; x_wconf 92' lang='lat' dir='ltr'><strong>ac</strong></span> <span class='ocrx_word' id='word_1_428' title='bbox 3074 2870 3207 2924; x_wconf 90' lang='lat' dir='ltr'><strong>locis</strong></span> <span class='ocrx_word' id='word_1_429' title='bbox 3235 2873 3436 2927; x_wconf 63' lang='lat' dir='ltr'><strong>aethere</strong></span> <span class='ocrx_word' id='word_1_430' title='bbox 3465 2888 3622 2944; x_wconf 86' lang='lat' dir='ltr'><strong>supe-</strong></span> 
     </span>
    </p>
   </div>
   <div class='ocr_carea' id='block_1_62' title="bbox 2061 2958 3623 3032">
    <p class='ocr_par' dir='ltr' id='par_1_62' title="bbox 2061 2958 3623 3032">
     <span class='ocr_line' id='line_1_62' title="bbox 2061 2958 3623 3032; baseline 0.005 -21"><span class='ocrx_word' id='word_1_431' title='bbox 2061 2958 2298 3012; x_wconf 85' lang='lat' dir='ltr'><strong>rior-ibus</strong></span> <span class='ocrx_word' id='word_1_432' title='bbox 2343 2969 2674 3023; x_wconf 84' lang='lat' dir='ltr'><strong>versaretur,</strong></span> <span class='ocrx_word' id='word_1_433' title='bbox 2710 2959 2955 3029; x_wconf 87' lang='lat' dir='ltr'><strong>nihilque</strong></span> <span class='ocrx_word' id='word_1_434' title='bbox 3012 2961 3232 3016; x_wconf 87' lang='lat' dir='ltr'><strong>haberet</strong></span> <span class='ocrx_word' id='word_1_435' title='bbox 3277 2978 3463 3018; x_wconf 90' lang='lat' dir='ltr'><strong>eorum</strong></span> <span class='ocrx_word' id='word_1_436' title='bbox 3501 2979 3623 3032; x_wconf 67' lang='lat' dir='ltr'><strong>quae</strong></span> 
     </span>
    </p>
   </div>
   <div class='ocr_carea' id='block_1_63' title="bbox 393 3044 1958 3138">
    <p class='ocr_par' dir='ltr' id='par_1_63' title="bbox 393 3044 1958 3122">
     <span class='ocr_line' id='line_1_63' title="bbox 393 3044 1958 3122; baseline 0.003 -22"><span class='ocrx_word' id='word_1_437' title='bbox 393 3046 548 3100; x_wconf 75' lang='grc' dir='ltr'>τοῦτο</span> <span class='ocrx_word' id='word_1_438' title='bbox 588 3044 883 3117; x_wconf 78' lang='grc' dir='ltr'>φιλοσόφως</span> <span class='ocrx_word' id='word_1_439' title='bbox 927 3049 1111 3102; x_wconf 79' lang='grc' dir='ltr'>ποιῶν.</span> <span class='ocrx_word' id='word_1_440' title='bbox 1145 3050 1216 3102; x_wconf 89' lang='grc' dir='ltr'><strong>Τὸ</strong></span> <span class='ocrx_word' id='word_1_441' title='bbox 1248 3051 1355 3122; x_wconf 76' lang='grc' dir='ltr'><strong>γὰρ</strong></span> <span class='ocrx_word' id='word_1_442' title='bbox 1393 3052 1594 3121; x_wconf 87' lang='grc' dir='ltr'>κυρίως</span> <span class='ocrx_word' id='word_1_443' title='bbox 1625 3051 1816 3122; x_wconf 85' lang='grc' dir='ltr'>μιαρὸν</span> <span class='ocrx_word' id='word_1_444' title='bbox 1850 3051 1958 3105; x_wconf 81' lang='grc' dir='ltr'><strong>ἀπὸ</strong></span> 
     </span>
    </p>
   </div>
   <div class='ocr_carea' id='block_1_64' title="bbox 2061 3044 3622 3138">
    <p class='ocr_par' dir='ltr' id='par_1_64' title="bbox 2061 3049 3622 3125">
     <span class='ocr_line' id='line_1_64' title="bbox 2061 3049 3622 3125; baseline 0.006 -23"><span class='ocrx_word' id='word_1_445' title='bbox 2061 3049 2285 3104; x_wconf 64' lang='lat' dir='ltr'><strong>infirma:</strong></span> <span class='ocrx_word' id='word_1_446' title='bbox 2315 3051 2493 3104; x_wconf 82' lang='lat' dir='ltr'><strong>carnis</strong></span> <span class='ocrx_word' id='word_1_447' title='bbox 2522 3052 2738 3120; x_wconf 89' lang='lat' dir='ltr'><strong>propria</strong></span> <span class='ocrx_word' id='word_1_448' title='bbox 2768 3060 2914 3119; x_wconf 90' lang='lat' dir='ltr'><strong>sunt,</strong></span> <span class='ocrx_word' id='word_1_449' title='bbox 2947 3061 2999 3106; x_wconf 87' lang='lat' dir='ltr'><strong>ct</strong></span> <span class='ocrx_word' id='word_1_450' title='bbox 3033 3070 3148 3122; x_wconf 74' lang='lat' dir='ltr'><strong>qua:</strong></span> <span class='ocrx_word' id='word_1_451' title='bbox 3183 3053 3371 3109; x_wconf 88' lang='lat' dir='ltr'><strong>Celsus</strong></span> <span class='ocrx_word' id='word_1_452' title='bbox 3412 3055 3622 3125; x_wconf 83' lang='lat' dir='ltr'><strong>impura</strong></span> 
     </span>
    </p>
   </div>
   <div class='ocr_carea' id='block_1_65' title="bbox 394 3138 1955 3214">
    <p class='ocr_par' dir='ltr' id='par_1_65' title="bbox 394 3138 1955 3214">
     <span class='ocr_line' id='line_1_65' title="bbox 394 3138 1955 3214; baseline 0.004 -24"><span class='ocrx_word' id='word_1_453' title='bbox 394 3138 588 3203; x_wconf 83' lang='grc' dir='ltr'>κακίας</span> <span class='ocrx_word' id='word_1_454' title='bbox 615 3141 848 3194; x_wconf 83' lang='grc' dir='ltr'>τοιοῦτόν</span> <span class='ocrx_word' id='word_1_455' title='bbox 875 3143 1008 3195; x_wconf 75' lang='grc' dir='ltr'>ἐστι.</span> <span class='ocrx_word' id='word_1_456' title='bbox 1029 3141 1191 3205; x_wconf 83' lang='grc' dir='ltr'>Φύσις</span> <span class='ocrx_word' id='word_1_457' title='bbox 1213 3141 1268 3194; x_wconf 80' lang='grc' dir='ltr'><strong>δὲ</strong></span> <span class='ocrx_word' id='word_1_458' title='bbox 1297 3142 1544 3214; x_wconf 79' lang='grc' dir='ltr'>σώματος</span> <span class='ocrx_word' id='word_1_459' title='bbox 1579 3143 1638 3195; x_wconf 83' lang='grc' dir='ltr'><strong>οῦ</strong></span> <span class='ocrx_word' id='word_1_460' title='bbox 1670 3142 1868 3213; x_wconf 78' lang='grc' dir='ltr'>μιαρά·</span> <span class='ocrx_word' id='word_1_461' title='bbox 1896 3143 1955 3196; x_wconf 83' lang='grc' dir='ltr'><strong>οῦ</strong></span> 
     </span>
    </p>
   </div>
   <div class='ocr_carea' id='block_1_66' title="bbox 395 3226 1962 3306">
    <p class='ocr_par' dir='ltr' id='par_1_66' title="bbox 395 3226 1962 3306">
     <span class='ocr_line' id='line_1_66' title="bbox 395 3226 1962 3306; baseline 0.004 -25"><span class='ocrx_word' id='word_1_462' title='bbox 395 3226 560 3304; x_wconf 82' lang='grc' dir='ltr'>γὰρῇ</span> <span class='ocrx_word' id='word_1_463' title='bbox 607 3233 765 3300; x_wconf 78' lang='grc' dir='ltr'>φύσις</span> <span class='ocrx_word' id='word_1_464' title='bbox 816 3234 1062 3305; x_wconf 82' lang='grc' dir='ltr'>σώματός</span> <span class='ocrx_word' id='word_1_465' title='bbox 1115 3238 1229 3288; x_wconf 78' lang='grc' dir='ltr'>ἐστι</span> <span class='ocrx_word' id='word_1_466' title='bbox 1257 3235 1388 3305; x_wconf 77' lang='grc'>(85),</span> <span class='ocrx_word' id='word_1_467' title='bbox 1421 3235 1480 3288; x_wconf 85' lang='grc' dir='ltr'><strong>τὸ</strong></span> <span class='ocrx_word' id='word_1_468' title='bbox 1518 3234 1829 3304; x_wconf 81' lang='grc' dir='ltr'>γεννητικὸν</span> <span class='ocrx_word' id='word_1_469' title='bbox 1867 3237 1962 3306; x_wconf 88' lang='grc' dir='ltr'><strong>τῆς</strong></span> 
     </span>
    </p>
   </div>
   <div class='ocr_carea' id='block_1_67' title="bbox 402 3324 1962 3403">
    <p class='ocr_par' dir='ltr' id='par_1_67' title="bbox 402 3324 1962 3403">
     <span class='ocr_line' id='line_1_67' title="bbox 402 3324 1962 3403; baseline 0.004 -29"><span class='ocrx_word' id='word_1_470' title='bbox 402 3324 723 3396; x_wconf 85' lang='grc' dir='ltr'>μιαρότητος</span> <span class='ocrx_word' id='word_1_471' title='bbox 750 3327 859 3397; x_wconf 82' lang='grc' dir='ltr'>ἔχει</span> <span class='ocrx_word' id='word_1_472' title='bbox 910 3328 1005 3398; x_wconf 81' lang='grc' dir='ltr'><strong>τὴν</strong></span> <span class='ocrx_word' id='word_1_473' title='bbox 1049 3328 1278 3390; x_wconf 58' lang='grc' dir='ltr'>κακίανς</span> <span class='ocrx_word' id='word_1_474' title='bbox 1296 3325 1406 3380; x_wconf 81' lang='grc' dir='ltr'><strong>Εἶτ’</strong></span> <span class='ocrx_word' id='word_1_475' title='bbox 1440 3329 1580 3403; x_wconf 59' lang='grc' dir='ltr'>ἐπε),</span> <span class='ocrx_word' id='word_1_476' title='bbox 1618 3328 1962 3398; x_wconf 79' lang='grc' dir='ltr'>ὑπειδόμενος</span> 
     </span>
    </p>
   </div>
   <div class='ocr_carea' id='block_1_68' title="bbox 397 3414 1963 3491">
    <p class='ocr_par' dir='ltr' id='par_1_68' title="bbox 397 3414 1963 3491">
     <span class='ocr_line' id='line_1_68' title="bbox 397 3414 1963 3491; baseline 0.003 -23"><span class='ocrx_word' id='word_1_477' title='bbox 397 3414 494 3486; x_wconf 73' lang='grc' dir='ltr'><strong>τὴν</strong></span> <span class='ocrx_word' id='word_1_478' title='bbox 524 3419 651 3487; x_wconf 88' lang='grc' dir='ltr'>παρ’</span> <span class='ocrx_word' id='word_1_479' title='bbox 683 3418 836 3491; x_wconf 81' lang='grc' dir='ltr'>ἡμῶν</span> <span class='ocrx_word' id='word_1_480' title='bbox 865 3419 1172 3487; x_wconf 83' lang='grc' dir='ltr'>ἀπολογίαν,</span> <span class='ocrx_word' id='word_1_481' title='bbox 1196 3420 1342 3487; x_wconf 81' lang='grc' dir='ltr'>λέγει</span> <span class='ocrx_word' id='word_1_482' title='bbox 1377 3420 1503 3490; x_wconf 79' lang='grc' dir='ltr'>περὶ</span> <span class='ocrx_word' id='word_1_483' title='bbox 1527 3421 1624 3490; x_wconf 83' lang='grc' dir='ltr'><strong>τῆς</strong></span> <span class='ocrx_word' id='word_1_484' title='bbox 1664 3419 1963 3490; x_wconf 77' lang='grc' dir='ltr'>μεταϐολῆς</span> 
     </span>
    </p>
   </div>
   <div class='ocr_carea' id='block_1_69' title="bbox 395 3505 1962 3587">
    <p class='ocr_par' dir='ltr' id='par_1_69' title="bbox 395 3505 1962 3587">
     <span class='ocr_line' id='line_1_69' title="bbox 395 3505 1962 3587; baseline 0.005 -30"><span class='ocrx_word' id='word_1_485' title='bbox 395 3505 490 3558; x_wconf 85' lang='grc' dir='ltr'><strong>τοῦ</strong></span> <span class='ocrx_word' id='word_1_486' title='bbox 508 3506 754 3577; x_wconf 88' lang='grc' dir='ltr'>σώματος</span> <span class='ocrx_word' id='word_1_487' title='bbox 780 3509 960 3580; x_wconf 71' lang='grc' dir='ltr'>αὑτοῦ,</span> <span class='ocrx_word' id='word_1_488' title='bbox 979 3511 1058 3563; x_wconf 82' lang='grc' dir='ltr'><strong>ὅτι</strong></span> <span class='ocrx_word' id='word_1_489' title='bbox 1081 3532 1096 3560; x_wconf 76' lang='grc' dir='ltr'><strong>ι</strong></span> <span class='ocrx_word' id='word_1_490' title='bbox 1123 3511 1260 3565; x_wconf 82' lang='grc' dir='ltr'>Ἀλλ’</span> <span class='ocrx_word' id='word_1_491' title='bbox 1278 3512 1606 3587; x_wconf 63' lang='grc' dir='ltr'>ἀποθέμενος</span> <span class='ocrx_word' id='word_1_492' title='bbox 1620 3512 1836 3576; x_wconf 85' lang='grc' dir='ltr'>ταύτας,</span> <span class='ocrx_word' id='word_1_493' title='bbox 1855 3513 1962 3583; x_wconf 84' lang='grc' dir='ltr'>ἄρα</span> 
     </span>
    </p>
   </div>
   <div class='ocr_carea' id='block_1_70' title="bbox 395 3595 1962 3674">
    <p class='ocr_par' dir='ltr' id='par_1_70' title="bbox 395 3595 1962 3674">
     <span class='ocr_line' id='line_1_70' title="bbox 395 3595 1962 3674; baseline 0.005 -25"><span class='ocrx_word' id='word_1_494' title='bbox 395 3595 719 3662; x_wconf 73' lang='grc' dir='ltr'>ἓσταιΘεόςο</span> <span class='ocrx_word' id='word_1_495' title='bbox 745 3601 796 3652; x_wconf 89' lang='grc' dir='ltr'><strong>τί</strong></span> <span class='ocrx_word' id='word_1_496' title='bbox 819 3597 910 3654; x_wconf 82' lang='grc' dir='ltr'><strong>οῦν</strong></span> <span class='ocrx_word' id='word_1_497' title='bbox 941 3602 1058 3671; x_wconf 73' lang='grc' dir='ltr'>οὐχὶ</span> <span class='ocrx_word' id='word_1_498' title='bbox 1092 3602 1289 3672; x_wconf 76' lang='grc' dir='ltr'>μᾶλλον</span> <span class='ocrx_word' id='word_1_499' title='bbox 1308 3604 1335 3655; x_wconf 92' lang='lat'><strong>6</strong></span> <span class='ocrx_word' id='word_1_500' title='bbox 1375 3603 1698 3674; x_wconf 81' lang='grc' dir='ltr'>’Λσκληπιὸς</span> <span class='ocrx_word' id='word_1_501' title='bbox 1721 3604 1813 3656; x_wconf 73' lang='grc' dir='ltr'><strong>καὶ</strong></span> <span class='ocrx_word' id='word_1_502' title='bbox 1842 3605 1962 3657; x_wconf 87' lang='grc' dir='ltr'>Διό-</span> 
     </span>
    </p>
   </div>
   <div class='ocr_carea' id='block_1_71' title="bbox 394 3693 1965 3766">
    <p class='ocr_par' dir='ltr' id='par_1_71' title="bbox 394 3693 1965 3766">
     <span class='ocr_line' id='line_1_71' title="bbox 394 3693 1965 3766; baseline 0.001 -22"><span class='ocrx_word' id='word_1_503' title='bbox 394 3709 572 3756; x_wconf 83' lang='grc' dir='ltr'>νυσος,</span> <span class='ocrx_word' id='word_1_504' title='bbox 592 3693 684 3746; x_wconf 75' lang='grc' dir='ltr'><strong>καὶ</strong></span> <span class='ocrx_word' id='word_1_505' title='bbox 715 3693 981 3766; x_wconf 84' lang='grc' dir='ltr'>Ἡρακλῆς</span> <span class='ocrx_word' id='word_1_506' title='bbox 1001 3696 1317 3766; x_wconf 77' lang='grc' dir='ltr'>;»φησομεν·</span> <span class='ocrx_word' id='word_1_507' title='bbox 1335 3693 1397 3748; x_wconf 86' lang='grc' dir='ltr'><strong>Τί</strong></span> <span class='ocrx_word' id='word_1_508' title='bbox 1420 3695 1729 3765; x_wconf 86' lang='grc' dir='ltr'>τηλικοῦτον</span> <span class='ocrx_word' id='word_1_509' title='bbox 1746 3695 1965 3766; x_wconf 81' lang='grc' dir='ltr'>Ἀσκληο</span> 
     </span>
    </p>
   </div>
   <div class='ocr_carea' id='block_1_72' title="bbox 395 3784 1962 3861">
    <p class='ocr_par' dir='ltr' id='par_1_72' title="bbox 395 3784 1962 3861">
     <span class='ocr_line' id='line_1_72' title="bbox 395 3784 1962 3861; baseline 0.002 -24"><span class='ocrx_word' id='word_1_510' title='bbox 395 3784 594 3856; x_wconf 85' lang='grc' dir='ltr'>πιὸς,ἢ</span> <span class='ocrx_word' id='word_1_511' title='bbox 627 3786 892 3850; x_wconf 74' lang='grc' dir='ltr'>Διόνυσος,</span> <span class='ocrx_word' id='word_1_512' title='bbox 926 3787 958 3859; x_wconf 82' lang='grc' dir='ltr'>ἢ</span> <span class='ocrx_word' id='word_1_513' title='bbox 999 3786 1270 3861; x_wconf 77' lang='grc' dir='ltr'>Ἡρακλῆς</span> <span class='ocrx_word' id='word_1_514' title='bbox 1293 3787 1612 3859; x_wconf 77' lang='grc' dir='ltr'>εἰργάσαντο</span> <span class='ocrx_word' id='word_1_515' title='bbox 1636 3803 1648 3850; x_wconf 93' lang='grc'><strong>;</strong></span> <span class='ocrx_word' id='word_1_516' title='bbox 1674 3787 1782 3839; x_wconf 77' lang='grc' dir='ltr'>Καὶ</span> <span class='ocrx_word' id='word_1_517' title='bbox 1812 3788 1962 3849; x_wconf 89' lang='grc' dir='ltr'>τίνας</span> 
     </span>
    </p>
   </div>
   <div class='ocr_carea' id='block_1_73' title="bbox 395 3877 1960 3951">
    <p class='ocr_par' dir='ltr' id='par_1_73' title="bbox 395 3877 1960 3951">
     <span class='ocr_line' id='line_1_73' title="bbox 395 3877 1960 3951; baseline 0 -21"><span class='ocrx_word' id='word_1_518' title='bbox 395 3877 602 3941; x_wconf 74' lang='grc' dir='ltr'>ἕξουσιν</span> <span class='ocrx_word' id='word_1_519' title='bbox 628 3877 900 3943; x_wconf 81' lang='grc' dir='ltr'>ἀποδεῖξαι</span> <span class='ocrx_word' id='word_1_520' title='bbox 933 3878 1315 3947; x_wconf 80' lang='grc' dir='ltr'>βελτιωθέντας</span> <span class='ocrx_word' id='word_1_521' title='bbox 1341 3880 1406 3931; x_wconf 79' lang='grc' dir='ltr'>τὰ</span> <span class='ocrx_word' id='word_1_522' title='bbox 1430 3879 1533 3950; x_wconf 78' lang='grc' dir='ltr'><strong>ῆθη</strong></span> <span class='ocrx_word' id='word_1_523' title='bbox 1561 3880 1654 3932; x_wconf 78' lang='grc' dir='ltr'><strong>καὶ</strong></span> <span class='ocrx_word' id='word_1_524' title='bbox 1682 3879 1960 3951; x_wconf 88' lang='grc' dir='ltr'>κρείττους</span> 
     </span>
    </p>
   </div>
   <div class='ocr_carea' id='block_1_74' title="bbox 396 3971 1961 4042">
    <p class='ocr_par' dir='ltr' id='par_1_74' title="bbox 396 3971 1961 4042">
     <span class='ocr_line' id='line_1_74' title="bbox 396 3971 1961 4042; baseline 0 -18"><span class='ocrx_word' id='word_1_525' title='bbox 396 3971 716 4042; x_wconf 87' lang='grc' dir='ltr'>γενομένους</span> <span class='ocrx_word' id='word_1_526' title='bbox 751 3973 856 4026; x_wconf 85' lang='grc' dir='ltr'><strong>ἀπὸ</strong></span> <span class='ocrx_word' id='word_1_527' title='bbox 900 3973 1004 4025; x_wconf 86' lang='grc' dir='ltr'><strong>τῶν</strong></span> <span class='ocrx_word' id='word_1_528' title='bbox 1032 3972 1202 4040; x_wconf 88' lang='grc' dir='ltr'>λόγων</span> <span class='ocrx_word' id='word_1_529' title='bbox 1231 3973 1326 4024; x_wconf 72' lang='grc' dir='ltr'><strong>καὶ</strong></span> <span class='ocrx_word' id='word_1_530' title='bbox 1369 3972 1459 4025; x_wconf 83' lang='grc' dir='ltr'><strong>τοῦ</strong></span> <span class='ocrx_word' id='word_1_531' title='bbox 1499 3972 1609 4041; x_wconf 85' lang='grc' dir='ltr'>βίου</span> <span class='ocrx_word' id='word_1_532' title='bbox 1643 3971 1838 4036; x_wconf 83' lang='grc' dir='ltr'>αὑτῶν,</span> <span class='ocrx_word' id='word_1_533' title='bbox 1876 3973 1961 4024; x_wconf 80' lang='grc' dir='ltr'><strong>ἵνα</strong></span> 
     </span>
    </p>
   </div>
   <div class='ocr_carea' id='block_1_75' title="bbox 397 4061 1961 4132">
    <p class='ocr_par' dir='ltr' id='par_1_75' title="bbox 397 4061 1961 4132">
     <span class='ocr_line' id='line_1_75' title="bbox 397 4061 1961 4132; baseline 0 -18"><span class='ocrx_word' id='word_1_534' title='bbox 397 4062 656 4129; x_wconf 86' lang='grc' dir='ltr'>γένωνται</span> <span class='ocrx_word' id='word_1_535' title='bbox 675 4062 825 4126; x_wconf 76' lang='grc' dir='ltr'>Θεοίς</span> <span class='ocrx_word' id='word_1_536' title='bbox 868 4061 1071 4124; x_wconf 79' lang='grc' dir='ltr'>Πολλὰς</span> <span class='ocrx_word' id='word_1_537' title='bbox 1100 4062 1206 4132; x_wconf 71' lang='grc' dir='ltr'><strong>γὰρ</strong></span> <span class='ocrx_word' id='word_1_538' title='bbox 1239 4068 1334 4124; x_wconf 72' lang='grc' dir='ltr'><strong>τας</strong></span> <span class='ocrx_word' id='word_1_539' title='bbox 1371 4063 1495 4131; x_wconf 78' lang='grc' dir='ltr'>περὶ</span> <span class='ocrx_word' id='word_1_540' title='bbox 1523 4062 1699 4113; x_wconf 82' lang='grc' dir='ltr'>αὑτῶν</span> <span class='ocrx_word' id='word_1_541' title='bbox 1726 4062 1961 4132; x_wconf 84' lang='grc' dir='ltr'>ἱστορίας</span> 
     </span>
    </p>
   </div>
   <div class='ocr_carea' id='block_1_76' title="bbox 399 4152 1956 4223">
    <p class='ocr_par' dir='ltr' id='par_1_76' title="bbox 399 4152 1956 4223">
     <span class='ocr_line' id='line_1_76' title="bbox 399 4152 1956 4223; baseline -0.001 -18"><span class='ocrx_word' id='word_1_542' title='bbox 399 4153 736 4220; x_wconf 82' lang='grc' dir='ltr'>ἀναγνόντες,</span> <span class='ocrx_word' id='word_1_543' title='bbox 761 4153 956 4223; x_wconf 81' lang='grc' dir='ltr'>ἴδωμεν</span> <span class='ocrx_word' id='word_1_544' title='bbox 985 4155 1032 4206; x_wconf 80' lang='grc' dir='ltr'>εἰ</span> <span class='ocrx_word' id='word_1_545' title='bbox 1056 4153 1421 4222; x_wconf 78' lang='grc' dir='ltr'>ὲκαθάρευσαν</span> <span class='ocrx_word' id='word_1_546' title='bbox 1460 4152 1566 4204; x_wconf 83' lang='grc' dir='ltr'><strong>ἀπὸ</strong></span> <span class='ocrx_word' id='word_1_547' title='bbox 1596 4152 1956 4221; x_wconf 85' lang='grc' dir='ltr'>ἀκολασίας,ῆ</span> 
     </span>
    </p>
   </div>
   <div class='ocr_carea' id='block_1_77' title="bbox 399 4241 1961 4316">
    <p class='ocr_par' dir='ltr' id='par_1_77' title="bbox 399 4241 1961 4316">
     <span class='ocr_line' id='line_1_77' title="bbox 399 4241 1961 4316; baseline -0.001 -20"><span class='ocrx_word' id='word_1_548' title='bbox 399 4242 630 4306; x_wconf 84' lang='grc' dir='ltr'>ἀδικίας,</span> <span class='ocrx_word' id='word_1_549' title='bbox 668 4241 698 4314; x_wconf 82' lang='grc' dir='ltr'>ἦ</span> <span class='ocrx_word' id='word_1_550' title='bbox 732 4243 1114 4314; x_wconf 78' lang='grc' dir='ltr'>ἀφροσύνης,ῆ</span> <span class='ocrx_word' id='word_1_551' title='bbox 1145 4241 1360 4316; x_wconf 79' lang='grc' dir='ltr'>δειλίας.</span> <span class='ocrx_word' id='word_1_552' title='bbox 1409 4242 1518 4295; x_wconf 77' lang='grc' dir='ltr'>Καὶ</span> <span class='ocrx_word' id='word_1_553' title='bbox 1567 4245 1614 4294; x_wconf 89' lang='grc' dir='ltr'><strong>εί</strong></span> <span class='ocrx_word' id='word_1_554' title='bbox 1666 4242 1762 4313; x_wconf 82' lang='grc' dir='ltr'><strong>μὲν</strong></span> <span class='ocrx_word' id='word_1_555' title='bbox 1799 4243 1961 4312; x_wconf 81' lang='grc' dir='ltr'>μηδὲν</span> 
     </span>
    </p>
   </div>
   <div class='ocr_carea' id='block_1_78' title="bbox 398 4329 1962 4402">
    <p class='ocr_par' dir='ltr' id='par_1_78' title="bbox 398 4329 1962 4402">
     <span class='ocr_line' id='line_1_78' title="bbox 398 4329 1962 4402; baseline -0.003 -19"><span class='ocrx_word' id='word_1_556' title='bbox 398 4331 644 4402; x_wconf 84' lang='grc' dir='ltr'>εὑρεθείη</span> <span class='ocrx_word' id='word_1_557' title='bbox 691 4330 938 4384; x_wconf 88' lang='grc' dir='ltr'>τοσοῦτον</span> <span class='ocrx_word' id='word_1_558' title='bbox 980 4331 1088 4402; x_wconf 84' lang='grc'>(86)</span> <span class='ocrx_word' id='word_1_559' title='bbox 1120 4333 1174 4382; x_wconf 84' lang='grc' dir='ltr'><strong>ὲν</strong></span> <span class='ocrx_word' id='word_1_560' title='bbox 1227 4331 1428 4392; x_wconf 78' lang='grc' dir='ltr'>αὐτοῖς,</span> <span class='ocrx_word' id='word_1_561' title='bbox 1461 4329 1675 4400; x_wconf 81' lang='grc' dir='ltr'>ἰσχυρὸς</span> <span class='ocrx_word' id='word_1_562' title='bbox 1709 4329 1773 4382; x_wconf 87' lang='grc' dir='ltr'>ἃν</span> <span class='ocrx_word' id='word_1_563' title='bbox 1805 4329 1886 4398; x_wconf 80' lang='grc' dir='ltr'><strong>εἴη</strong></span> <span class='ocrx_word' id='word_1_564' title='bbox 1934 4330 1962 4380; x_wconf 90' lang='grc' dir='ltr'>ὁ</span> 
     </span>
    </p>
   </div>
   <div class='ocr_carea' id='block_1_79' title="bbox 2062 3140 3619 3219">
    <p class='ocr_par' dir='ltr' id='par_1_79' title="bbox 2062 3140 3619 3219">
     <span class='ocr_line' id='line_1_79' title="bbox 2062 3140 3619 3219; baseline 0.008 -27"><span class='ocrx_word' id='word_1_565' title='bbox 2062 3140 2263 3194; x_wconf 74' lang='lat' dir='ltr'><strong>vocat?</strong></span> <span class='ocrx_word' id='word_1_566' title='bbox 2288 3142 2402 3207; x_wconf 83' lang='lat' dir='ltr'><strong>Qua</strong></span> <span class='ocrx_word' id='word_1_567' title='bbox 2430 3143 2592 3196; x_wconf 89' lang='lat' dir='ltr'><strong>etiam</strong></span> <span class='ocrx_word' id='word_1_568' title='bbox 2621 3143 2672 3196; x_wconf 94' lang='lat' dir='ltr'><strong>in</strong></span> <span class='ocrx_word' id='word_1_569' title='bbox 2702 3157 2760 3196; x_wconf 87' lang='lat' dir='ltr'><strong>re</strong></span> <span class='ocrx_word' id='word_1_570' title='bbox 2784 3154 2972 3212; x_wconf 87' lang='lat' dir='ltr'><strong>peccat</strong></span> <span class='ocrx_word' id='word_1_571' title='bbox 3002 3146 3052 3197; x_wconf 95' lang='lat' dir='ltr'><strong>in</strong></span> <span class='ocrx_word' id='word_1_572' title='bbox 3080 3146 3430 3217; x_wconf 73' lang='lat' dir='ltr'><strong>pbilascphim</strong></span> <span class='ocrx_word' id='word_1_573' title='bbox 3454 3149 3619 3219; x_wconf 84' lang='lat' dir='ltr'><strong>leges.</strong></span> 
     </span>
    </p>
   </div>
   <div class='ocr_carea' id='block_1_80' title="bbox 2061 3231 3618 3304">
    <p class='ocr_par' dir='ltr' id='par_1_80' title="bbox 2061 3231 3618 3304">
     <span class='ocr_line' id='line_1_80' title="bbox 2061 3231 3618 3304; baseline 0.007 -17"><span class='ocrx_word' id='word_1_574' title='bbox 2061 3231 2197 3287; x_wconf 77' lang='lat' dir='ltr'><strong>Nam</strong></span> <span class='ocrx_word' id='word_1_575' title='bbox 2231 3236 2448 3302; x_wconf 89' lang='lat' dir='ltr'><strong>proprie</strong></span> <span class='ocrx_word' id='word_1_576' title='bbox 2492 3235 2629 3304; x_wconf 90' lang='lat' dir='ltr'><strong>quod</strong></span> <span class='ocrx_word' id='word_1_577' title='bbox 2665 3236 2934 3304; x_wconf 88' lang='lat' dir='ltr'><strong>impurum</strong></span> <span class='ocrx_word' id='word_1_578' title='bbox 2965 3246 3066 3303; x_wconf 92' lang='lat' dir='ltr'><strong>est,</strong></span> <span class='ocrx_word' id='word_1_579' title='bbox 3100 3239 3149 3290; x_wconf 92' lang='lat' dir='ltr'><strong>id</strong></span> <span class='ocrx_word' id='word_1_580' title='bbox 3177 3240 3353 3292; x_wconf 86' lang='lat' dir='ltr'><strong>oritur</strong></span> <span class='ocrx_word' id='word_1_581' title='bbox 3397 3255 3426 3293; x_wconf 90' lang='lat' dir='ltr'><strong>a</strong></span> <span class='ocrx_word' id='word_1_582' title='bbox 3467 3242 3618 3298; x_wconf 88' lang='lat' dir='ltr'><strong>vitio.</strong></span> 
     </span>
    </p>
   </div>
   <div class='ocr_carea' id='block_1_81' title="bbox 2061 3325 3620 3400">
    <p class='ocr_par' dir='ltr' id='par_1_81' title="bbox 2061 3325 3620 3400">
     <span class='ocr_line' id='line_1_81' title="bbox 2061 3325 3620 3400; baseline 0.003 -20"><span class='ocrx_word' id='word_1_583' title='bbox 2061 3325 2274 3395; x_wconf 90' lang='lat' dir='ltr'><strong>lmpura</strong></span> <span class='ocrx_word' id='word_1_584' title='bbox 2304 3335 2484 3381; x_wconf 90' lang='lat' dir='ltr'><strong>autem</strong></span> <span class='ocrx_word' id='word_1_585' title='bbox 2523 3342 2626 3380; x_wconf 91' lang='lat' dir='ltr'><strong>non</strong></span> <span class='ocrx_word' id='word_1_586' title='bbox 2656 3336 2741 3381; x_wconf 90' lang='lat' dir='ltr'><strong>est</strong></span> <span class='ocrx_word' id='word_1_587' title='bbox 2787 3336 2978 3380; x_wconf 90' lang='lat' dir='ltr'><strong>natura</strong></span> <span class='ocrx_word' id='word_1_588' title='bbox 3011 3331 3275 3396; x_wconf 92' lang='lat' dir='ltr'><strong>corporis.</strong></span> <span class='ocrx_word' id='word_1_589' title='bbox 3307 3329 3426 3386; x_wconf 86' lang='lat' dir='ltr'><strong>Non</strong></span> <span class='ocrx_word' id='word_1_590' title='bbox 3454 3333 3620 3400; x_wconf 88' lang='lat' dir='ltr'><strong>enim,</strong></span> 
     </span>
    </p>
   </div>
   <div class='ocr_carea' id='block_1_82' title="bbox 2063 3417 3623 3488">
    <p class='ocr_par' dir='ltr' id='par_1_82' title="bbox 2063 3417 3623 3488">
     <span class='ocr_line' id='line_1_82' title="bbox 2063 3417 3623 3488; baseline 0.003 -18"><span class='ocrx_word' id='word_1_591' title='bbox 2063 3433 2168 3486; x_wconf 91' lang='lat' dir='ltr'><strong>qua</strong></span> <span class='ocrx_word' id='word_1_592' title='bbox 2223 3427 2411 3470; x_wconf 89' lang='lat' dir='ltr'><strong>natura</strong></span> <span class='ocrx_word' id='word_1_593' title='bbox 2467 3431 2725 3484; x_wconf 83' lang='lat' dir='ltr'><strong>corporea</strong></span> <span class='ocrx_word' id='word_1_594' title='bbox 2761 3426 2867 3480; x_wconf 85' lang='lat' dir='ltr'><strong>est,</strong></span> <span class='ocrx_word' id='word_1_595' title='bbox 2900 3432 2960 3468; x_wconf 89' lang='lat' dir='ltr'><strong>ea</strong></span> <span class='ocrx_word' id='word_1_596' title='bbox 3007 3417 3269 3470; x_wconf 82' lang='lat' dir='ltr'><strong>malitiam</strong></span> <span class='ocrx_word' id='word_1_597' title='bbox 3297 3419 3623 3488; x_wconf 87' lang='lat' dir='ltr'><strong>impuritatis</strong></span> 
     </span>
    </p>
   </div>
   <div class='ocr_carea' id='block_1_83' title="bbox 2064 3505 3621 3576">
    <p class='ocr_par' dir='ltr' id='par_1_83' title="bbox 2064 3505 3621 3576">
     <span class='ocr_line' id='line_1_83' title="bbox 2064 3505 3621 3576; baseline 0.003 -16"><span class='ocrx_word' id='word_1_598' title='bbox 2064 3505 2377 3576; x_wconf 81' lang='lat' dir='ltr'><strong>genitricem</strong></span> <span class='ocrx_word' id='word_1_599' title='bbox 2429 3507 2768 3572; x_wconf 83' lang='lat' dir='ltr'><strong>conjunctam</strong></span> <span class='ocrx_word' id='word_1_600' title='bbox 2805 3506 2986 3559; x_wconf 88' lang='lat' dir='ltr'><strong>habet.</strong></span> <span class='ocrx_word' id='word_1_601' title='bbox 3019 3505 3154 3571; x_wconf 85' lang='lat' dir='ltr'><strong>Quia</strong></span> <span class='ocrx_word' id='word_1_602' title='bbox 3210 3523 3338 3560; x_wconf 87' lang='lat' dir='ltr'><strong>vero</strong></span> <span class='ocrx_word' id='word_1_603' title='bbox 3374 3521 3621 3564; x_wconf 91' lang='lat' dir='ltr'><strong>nostrum</strong></span> 
     </span>
    </p>
   </div>
   <div class='ocr_carea' id='block_1_84' title="bbox 2064 3596 3623 3666">
    <p class='ocr_par' dir='ltr' id='par_1_84' title="bbox 2064 3596 3623 3666">
     <span class='ocr_line' id='line_1_84' title="bbox 2064 3596 3623 3666; baseline 0.002 -14"><span class='ocrx_word' id='word_1_604' title='bbox 2064 3599 2168 3652; x_wconf 87' lang='lat' dir='ltr'><strong>hoc</strong></span> <span class='ocrx_word' id='word_1_605' title='bbox 2225 3611 2539 3666; x_wconf 73' lang='lat' dir='ltr'><strong>rCSponsum</strong></span> <span class='ocrx_word' id='word_1_606' title='bbox 2590 3597 2693 3650; x_wconf 86' lang='lat' dir='ltr'><strong>sibi</strong></span> <span class='ocrx_word' id='word_1_607' title='bbox 2746 3597 2928 3649; x_wconf 89' lang='lat' dir='ltr'><strong>datum</strong></span> <span class='ocrx_word' id='word_1_608' title='bbox 2975 3596 3039 3649; x_wconf 90' lang='lat' dir='ltr'><strong>iri</strong></span> <span class='ocrx_word' id='word_1_609' title='bbox 3072 3598 3394 3664; x_wconf 86' lang='lat' dir='ltr'><strong>suspicatus,</strong></span> <span class='ocrx_word' id='word_1_610' title='bbox 3440 3600 3512 3653; x_wconf 91' lang='lat' dir='ltr'><strong>ita</strong></span> <span class='ocrx_word' id='word_1_611' title='bbox 3553 3599 3623 3656; x_wconf 90' lang='lat' dir='ltr'><strong>de</strong></span> 
     </span>
    </p>
   </div>
   <div class='ocr_carea' id='block_1_85' title="bbox 2065 3685 3622 3757">
    <p class='ocr_par' dir='ltr' id='par_1_85' title="bbox 2065 3685 3622 3757">
     <span class='ocr_line' id='line_1_85' title="bbox 2065 3685 3622 3757; baseline 0.002 -16"><span class='ocrx_word' id='word_1_612' title='bbox 2065 3687 2154 3742; x_wconf 90' lang='lat' dir='ltr'><strong>illa</strong></span> <span class='ocrx_word' id='word_1_613' title='bbox 2196 3688 2437 3753; x_wconf 86' lang='lat' dir='ltr'><strong>corporis</strong></span> <span class='ocrx_word' id='word_1_614' title='bbox 2472 3687 2773 3740; x_wconf 69' lang='lat' dir='ltr'><strong>inuitatione</strong></span> <span class='ocrx_word' id='word_1_615' title='bbox 2828 3685 3068 3754; x_wconf 88' lang='lat' dir='ltr'><strong>loquitur</strong></span> <span class='ocrx_word' id='word_1_616' title='bbox 3106 3703 3121 3739; x_wconf 88' lang='lat'>:</span> <span class='ocrx_word' id='word_1_617' title='bbox 3157 3685 3304 3740; x_wconf 65' lang='lat' dir='ltr'><strong>«Sed</strong></span> <span class='ocrx_word' id='word_1_618' title='bbox 3370 3688 3622 3757; x_wconf 81' lang='lat' dir='ltr'><strong>fortasse,</strong></span> 
     </span>
    </p>
   </div>
   <div class='ocr_carea' id='block_1_86' title="bbox 2069 3774 3625 3845">
    <p class='ocr_par' dir='ltr' id='par_1_86' title="bbox 2069 3774 3625 3845">
     <span class='ocr_line' id='line_1_86' title="bbox 2069 3774 3625 3845; baseline -0.001 -16"><span class='ocrx_word' id='word_1_619' title='bbox 2069 3777 2252 3830; x_wconf 74' lang='lat' dir='ltr'><strong>exutis</strong></span> <span class='ocrx_word' id='word_1_620' title='bbox 2277 3775 2380 3828; x_wconf 89' lang='lat' dir='ltr'><strong>illis</strong></span> <span class='ocrx_word' id='word_1_621' title='bbox 2414 3775 2785 3842; x_wconf 88' lang='lat' dir='ltr'><strong>qualitatibus,</strong></span> <span class='ocrx_word' id='word_1_622' title='bbox 2813 3774 2948 3828; x_wconf 83' lang='lat' dir='ltr'><strong>Deus</strong></span> <span class='ocrx_word' id='word_1_623' title='bbox 2982 3775 3206 3839; x_wconf 85' lang='lat' dir='ltr'><strong>evadet;</strong></span> <span class='ocrx_word' id='word_1_624' title='bbox 3238 3775 3420 3841; x_wconf 89' lang='lat' dir='ltr'><strong>quidni</strong></span> <span class='ocrx_word' id='word_1_625' title='bbox 3460 3776 3625 3845; x_wconf 82' lang='lat' dir='ltr'><strong>igitur</strong></span> 
     </span>
    </p>
   </div>
   <div class='ocr_carea' id='block_1_87' title="bbox 2063 3865 3622 3939">
    <p class='ocr_par' dir='ltr' id='par_1_87' title="bbox 2063 3865 3622 3939">
     <span class='ocr_line' id='line_1_87' title="bbox 2063 3865 3622 3939; baseline 0 -17"><span class='ocrx_word' id='word_1_626' title='bbox 2063 3869 2240 3939; x_wconf 88' lang='lat' dir='ltr'><strong>potius</strong></span> <span class='ocrx_word' id='word_1_627' title='bbox 2263 3867 2632 3934; x_wconf 73' lang='lat' dir='ltr'><strong>lEsculapins,</strong></span> <span class='ocrx_word' id='word_1_628' title='bbox 2664 3865 2928 3932; x_wconf 82' lang='lat' dir='ltr'><strong>Bacchus,</strong></span> <span class='ocrx_word' id='word_1_629' title='bbox 2953 3865 3256 3919; x_wconf 83' lang='lat' dir='ltr'><strong>llereules?</strong></span> <span class='ocrx_word' id='word_1_630' title='bbox 3293 3884 3311 3917; x_wconf 76' lang='grc' dir='ltr'><strong>ι</strong></span> <span class='ocrx_word' id='word_1_631' title='bbox 3337 3880 3520 3934; x_wconf 82' lang='lat' dir='ltr'><strong>quer</strong></span> <span class='ocrx_word' id='word_1_632' title='bbox 3555 3867 3622 3922; x_wconf 86' lang='lat' dir='ltr'><strong>ab</strong></span> 
     </span>
    </p>
   </div>
   <div class='ocr_carea' id='block_1_88' title="bbox 2065 3957 3622 4030">
    <p class='ocr_par' dir='ltr' id='par_1_88' title="bbox 2065 3957 3622 4030">
     <span class='ocr_line' id='line_1_88' title="bbox 2065 3957 3622 4030; baseline -0.003 -14"><span class='ocrx_word' id='word_1_633' title='bbox 2065 3963 2156 4016; x_wconf 89' lang='lat' dir='ltr'><strong>illo</strong></span> <span class='ocrx_word' id='word_1_634' title='bbox 2201 3959 2330 4030; x_wconf 89' lang='lat' dir='ltr'><strong>quid</strong></span> <span class='ocrx_word' id='word_1_635' title='bbox 2381 3969 2585 4014; x_wconf 91' lang='lat' dir='ltr'><strong>tantum</strong></span> <span class='ocrx_word' id='word_1_636' title='bbox 2647 3957 2877 4012; x_wconf 79' lang='lat' dir='ltr'><strong>fecerint</strong></span> <span class='ocrx_word' id='word_1_637' title='bbox 2936 3957 3303 4026; x_wconf 64' lang='lat' dir='ltr'><strong>jEsculapius,</strong></span> <span class='ocrx_word' id='word_1_638' title='bbox 3358 3958 3622 4024; x_wconf 83' lang='lat' dir='ltr'><strong>Bacchus,</strong></span> 
     </span>
    </p>
   </div>
   <div class='ocr_carea' id='block_1_89' title="bbox 2061 4049 3622 4118">
    <p class='ocr_par' dir='ltr' id='par_1_89' title="bbox 2061 4049 3622 4118">
     <span class='ocr_line' id='line_1_89' title="bbox 2061 4049 3622 4118; baseline -0.003 -11"><span class='ocrx_word' id='word_1_639' title='bbox 2061 4051 2338 4107; x_wconf 82' lang='lat' dir='ltr'><strong>Hercules.</strong></span> <span class='ocrx_word' id='word_1_640' title='bbox 2392 4052 2602 4118; x_wconf 77' lang='lat' dir='ltr'><strong>Eequos</strong></span> <span class='ocrx_word' id='word_1_641' title='bbox 2671 4049 2873 4105; x_wconf 86' lang='lat' dir='ltr'><strong>referre</strong></span> <span class='ocrx_word' id='word_1_642' title='bbox 2929 4059 3174 4115; x_wconf 86' lang='lat' dir='ltr'><strong>possunt,</strong></span> <span class='ocrx_word' id='word_1_643' title='bbox 3235 4065 3374 4118; x_wconf 90' lang='lat' dir='ltr'><strong>quos</strong></span> <span class='ocrx_word' id='word_1_644' title='bbox 3432 4065 3622 4104; x_wconf 88' lang='lat' dir='ltr'><strong>eorum</strong></span> 
     </span>
    </p>
   </div>
   <div class='ocr_carea' id='block_1_90' title="bbox 2063 4141 3624 4199">
    <p class='ocr_par' dir='ltr' id='par_1_90' title="bbox 2063 4141 3624 4199">
     <span class='ocr_line' id='line_1_90' title="bbox 2063 4141 3624 4199; baseline -0.004 0"><span class='ocrx_word' id='word_1_645' title='bbox 2063 4160 2346 4199; x_wconf 84' lang='lat' dir='ltr'><strong>sermones</strong></span> <span class='ocrx_word' id='word_1_646' title='bbox 2396 4152 2450 4197; x_wconf 91' lang='lat' dir='ltr'><strong>ct</strong></span> <span class='ocrx_word' id='word_1_647' title='bbox 2492 4144 2597 4197; x_wconf 88' lang='lat' dir='ltr'><strong>vita</strong></span> <span class='ocrx_word' id='word_1_648' title='bbox 2628 4143 2968 4197; x_wconf 82' lang='lat' dir='ltr'><strong>correxerint</strong></span> <span class='ocrx_word' id='word_1_649' title='bbox 3002 4151 3056 4194; x_wconf 80' lang='lat' dir='ltr'><strong>ct</strong></span> <span class='ocrx_word' id='word_1_650' title='bbox 3095 4142 3345 4194; x_wconf 87' lang='lat' dir='ltr'><strong>meliores</strong></span> <span class='ocrx_word' id='word_1_651' title='bbox 3375 4141 3624 4194; x_wconf 87' lang='lat' dir='ltr'><strong>reddide-</strong></span> 
     </span>
    </p>
   </div>
   <div class='ocr_carea' id='block_1_91' title="bbox 2062 4230 3623 4301">
    <p class='ocr_par' dir='ltr' id='par_1_91' title="bbox 2062 4230 3623 4301">
     <span class='ocr_line' id='line_1_91' title="bbox 2062 4230 3623 4301; baseline -0.003 -13"><span class='ocrx_word' id='word_1_652' title='bbox 2062 4238 2196 4301; x_wconf 88' lang='lat' dir='ltr'><strong>rint,</strong></span> <span class='ocrx_word' id='word_1_653' title='bbox 2227 4249 2285 4289; x_wconf 90' lang='lat' dir='ltr'><strong>ut</strong></span> <span class='ocrx_word' id='word_1_654' title='bbox 2322 4238 2374 4290; x_wconf 92' lang='lat' dir='ltr'><strong>in</strong></span> <span class='ocrx_word' id='word_1_655' title='bbox 2407 4236 2633 4289; x_wconf 89' lang='lat' dir='ltr'><strong>deorum</strong></span> <span class='ocrx_word' id='word_1_656' title='bbox 2673 4249 2897 4288; x_wconf 90' lang='lat' dir='ltr'><strong>numero</strong></span> <span class='ocrx_word' id='word_1_657' title='bbox 2935 4233 3056 4286; x_wconf 88' lang='lat' dir='ltr'><strong>duci</strong></span> <span class='ocrx_word' id='word_1_658' title='bbox 3090 4231 3354 4286; x_wconf 87' lang='lat' dir='ltr'><strong>debeant?</strong></span> <span class='ocrx_word' id='word_1_659' title='bbox 3398 4230 3623 4284; x_wconf 83' lang='lat' dir='ltr'><strong>Evolva-</strong></span> 
     </span>
    </p>
   </div>
   <div class='ocr_carea' id='block_1_92' title="bbox 2062 4319 3620 4396">
    <p class='ocr_par' dir='ltr' id='par_1_92' title="bbox 2062 4319 3620 4396">
     <span class='ocr_line' id='line_1_92' title="bbox 2062 4319 3620 4396; baseline -0.003 -17"><span class='ocrx_word' id='word_1_660' title='bbox 2062 4343 2181 4380; x_wconf 82' lang='lat' dir='ltr'><strong>ll&#39;ItIS</strong></span> <span class='ocrx_word' id='word_1_661' title='bbox 2216 4329 2378 4396; x_wconf 77' lang='lat' dir='ltr'><strong>igitur</strong></span> <span class='ocrx_word' id='word_1_662' title='bbox 2414 4327 2628 4391; x_wconf 81' lang='lat' dir='ltr'><strong>inultas,</strong></span> <span class='ocrx_word' id='word_1_663' title='bbox 2661 4341 2778 4394; x_wconf 83' lang='lat' dir='ltr'><strong>quae</strong></span> <span class='ocrx_word' id='word_1_664' title='bbox 2802 4327 2865 4379; x_wconf 90' lang='lat' dir='ltr'><strong>de</strong></span> <span class='ocrx_word' id='word_1_665' title='bbox 2890 4324 2994 4378; x_wconf 84' lang='lat' dir='ltr'><strong>illis</strong></span> <span class='ocrx_word' id='word_1_666' title='bbox 3027 4322 3244 4391; x_wconf 76' lang='lat' dir='ltr'><strong>scripta:</strong></span> <span class='ocrx_word' id='word_1_667' title='bbox 3274 4330 3422 4384; x_wconf 88' lang='lat' dir='ltr'><strong>sunt,</strong></span> <span class='ocrx_word' id='word_1_668' title='bbox 3447 4319 3620 4374; x_wconf 84' lang='lat' dir='ltr'><strong>histo-</strong></span> 
     </span>
    </p>
   </div>
   <div class='ocr_carea' id='block_1_93' title="bbox 398 4413 1958 4490">
    <p class='ocr_par' dir='ltr' id='par_1_93' title="bbox 398 4417 1958 4490">
     <span class='ocr_line' id='line_1_93' title="bbox 398 4417 1958 4490; baseline -0.004 -14"><span class='ocrx_word' id='word_1_669' title='bbox 398 4421 490 4476; x_wconf 82' lang='grc' dir='ltr'><strong>τοῦ</strong></span> <span class='ocrx_word' id='word_1_670' title='bbox 519 4422 724 4478; x_wconf 82' lang='grc' dir='ltr'>Κέλσου</span> <span class='ocrx_word' id='word_1_671' title='bbox 757 4419 929 4490; x_wconf 81' lang='grc' dir='ltr'>λόγος,</span> <span class='ocrx_word' id='word_1_672' title='bbox 974 4419 1162 4485; x_wconf 79' lang='grc' dir='ltr'>ὲξισῶν</span> <span class='ocrx_word' id='word_1_673' title='bbox 1187 4417 1264 4490; x_wconf 77' lang='grc' dir='ltr'>τῷ</span> <span class='ocrx_word' id='word_1_674' title='bbox 1323 4420 1493 4489; x_wconf 81' lang='grc' dir='ltr'>Ἰησοῦ</span> <span class='ocrx_word' id='word_1_675' title='bbox 1541 4419 1666 4482; x_wconf 76' lang='grc' dir='ltr'>τοὺς</span> <span class='ocrx_word' id='word_1_676' title='bbox 1710 4435 1958 4489; x_wconf 85' lang='grc' dir='ltr'>προειρη-</span> 
     </span>
    </p>
   </div>
   <div class='ocr_carea' id='block_1_94' title="bbox 2061 4413 3622 4490">
    <p class='ocr_par' dir='ltr' id='par_1_94' title="bbox 2074 4413 3622 4484">
     <span class='ocr_line' id='line_1_94' title="bbox 2074 4413 3622 4484; baseline -0.004 -10"><span class='ocrx_word' id='word_1_677' title='bbox 2074 4420 2182 4474; x_wconf 88' lang='lat' dir='ltr'><strong>rias</strong></span> <span class='ocrx_word' id='word_1_678' title='bbox 2204 4461 2219 4484; x_wconf 94' lang='lat'><strong>,</strong></span> <span class='ocrx_word' id='word_1_679' title='bbox 2255 4429 2309 4473; x_wconf 91' lang='lat' dir='ltr'><strong>et</strong></span> <span class='ocrx_word' id='word_1_680' title='bbox 2343 4420 2624 4474; x_wconf 88' lang='lat' dir='ltr'><strong>videamus</strong></span> <span class='ocrx_word' id='word_1_681' title='bbox 2653 4437 2719 4473; x_wconf 93' lang='lat' dir='ltr'><strong>an</strong></span> <span class='ocrx_word' id='word_1_682' title='bbox 2752 4421 2818 4473; x_wconf 89' lang='lat' dir='ltr'><strong>ab</strong></span> <span class='ocrx_word' id='word_1_683' title='bbox 2853 4415 3290 4483; x_wconf 88' lang='lat' dir='ltr'><strong>intemperantia,</strong></span> <span class='ocrx_word' id='word_1_684' title='bbox 3318 4415 3384 4469; x_wconf 91' lang='lat' dir='ltr'><strong>ab</strong></span> <span class='ocrx_word' id='word_1_685' title='bbox 3407 4413 3622 4480; x_wconf 79' lang='lat' dir='ltr'><strong>injusti-</strong></span> 
     </span>
    </p>
   </div>
   <div class='ocr_carea' id='block_1_95' title="bbox 403 4511 1962 4585">
    <p class='ocr_par' dir='ltr' id='par_1_95' title="bbox 403 4511 1962 4585">
     <span class='ocr_line' id='line_1_95' title="bbox 403 4511 1962 4585; baseline -0.003 -19"><span class='ocrx_word' id='word_1_686' title='bbox 403 4514 591 4585; x_wconf 85' lang='grc' dir='ltr'>μένους</span> <span class='ocrx_word' id='word_1_687' title='bbox 611 4531 625 4543; x_wconf 84' lang='grc'>⁶</span> <span class='ocrx_word' id='word_1_688' title='bbox 657 4518 704 4568; x_wconf 85' lang='grc' dir='ltr'>εἰ</span> <span class='ocrx_word' id='word_1_689' title='bbox 727 4514 782 4568; x_wconf 76' lang='grc' dir='ltr'><strong>δὲ</strong></span> <span class='ocrx_word' id='word_1_690' title='bbox 809 4514 962 4584; x_wconf 80' lang='grc' dir='ltr'>δῆλόν</span> <span class='ocrx_word' id='word_1_691' title='bbox 987 4515 1121 4577; x_wconf 79' lang='grc' dir='ltr'>ἐστι,</span> <span class='ocrx_word' id='word_1_692' title='bbox 1145 4513 1243 4566; x_wconf 75' lang='grc' dir='ltr'><strong>κάν</strong></span> <span class='ocrx_word' id='word_1_693' title='bbox 1277 4530 1398 4565; x_wconf 89' lang='grc' dir='ltr'>τινα</span> <span class='ocrx_word' id='word_1_694' title='bbox 1443 4512 1671 4583; x_wconf 80' lang='grc' dir='ltr'>φέρηται</span> <span class='ocrx_word' id='word_1_695' title='bbox 1713 4511 1842 4580; x_wconf 77' lang='grc' dir='ltr'>περὶ</span> <span class='ocrx_word' id='word_1_696' title='bbox 1869 4511 1962 4562; x_wconf 85' lang='grc' dir='ltr'>αὐ-</span> 
     </span>
    </p>
   </div>
   <div class='ocr_carea' id='block_1_96' title="bbox 398 4599 1962 4675">
    <p class='ocr_par' dir='ltr' id='par_1_96' title="bbox 398 4599 1962 4675">
     <span class='ocr_line' id='line_1_96' title="bbox 398 4599 1962 4675; baseline -0.004 -19"><span class='ocrx_word' id='word_1_697' title='bbox 398 4603 506 4656; x_wconf 79' lang='grc' dir='ltr'>τῶν</span> <span class='ocrx_word' id='word_1_698' title='bbox 537 4604 611 4667; x_wconf 80' lang='grc' dir='ltr'>ὡς</span> <span class='ocrx_word' id='word_1_699' title='bbox 648 4604 1003 4675; x_wconf 86' lang='grc' dir='ltr'>χρηστότερα,</span> <span class='ocrx_word' id='word_1_700' title='bbox 1040 4605 1120 4656; x_wconf 82' lang='grc' dir='ltr'><strong>ὅτι</strong></span> <span class='ocrx_word' id='word_1_701' title='bbox 1175 4602 1339 4673; x_wconf 80' lang='grc' dir='ltr'>μυρία</span> <span class='ocrx_word' id='word_1_702' title='bbox 1383 4604 1482 4655; x_wconf 75' lang='grc' dir='ltr'><strong>ὅσα</strong></span> <span class='ocrx_word' id='word_1_703' title='bbox 1517 4601 1666 4673; x_wconf 82' lang='grc' dir='ltr'><strong>παρά</strong></span> <span class='ocrx_word' id='word_1_704' title='bbox 1688 4600 1776 4653; x_wconf 85' lang='grc' dir='ltr'><strong>τὸν</strong></span> <span class='ocrx_word' id='word_1_705' title='bbox 1806 4599 1962 4670; x_wconf 80' lang='grc' dir='ltr'>ὀρθὸν</span> 
     </span>
    </p>
   </div>
   <div class='ocr_carea' id='block_1_97' title="bbox 399 4689 1965 4764">
    <p class='ocr_par' dir='ltr' id='par_1_97' title="bbox 399 4689 1965 4764">
     <span class='ocr_line' id='line_1_97' title="bbox 399 4689 1965 4764; baseline -0.002 -19"><span class='ocrx_word' id='word_1_706' title='bbox 399 4694 552 4763; x_wconf 85' lang='grc' dir='ltr'>λόγον</span> <span class='ocrx_word' id='word_1_707' title='bbox 580 4694 931 4764; x_wconf 82' lang='grc' dir='ltr'>πεποιηκέναι</span> <span class='ocrx_word' id='word_1_708' title='bbox 954 4692 1426 4761; x_wconf 81' lang='grc' dir='ltr'>ἀναγεγραμμένοι</span> <span class='ocrx_word' id='word_1_709' title='bbox 1467 4690 1602 4742; x_wconf 80' lang='grc' dir='ltr'>εἰσί·</span> <span class='ocrx_word' id='word_1_710' title='bbox 1636 4689 1751 4752; x_wconf 83' lang='grc' dir='ltr'><strong>πῶς</strong></span> <span class='ocrx_word' id='word_1_711' title='bbox 1774 4690 1854 4741; x_wconf 80' lang='grc' dir='ltr'>ἔτι</span> <span class='ocrx_word' id='word_1_712' title='bbox 1878 4690 1965 4742; x_wconf 86' lang='grc' dir='ltr'>εὑ-</span> 
     </span>
    </p>
   </div>
   <div class='ocr_carea' id='block_1_98' title="bbox 401 4781 1965 4855">
    <p class='ocr_par' dir='ltr' id='par_1_98' title="bbox 401 4781 1965 4855">
     <span class='ocr_line' id='line_1_98' title="bbox 401 4781 1965 4855; baseline -0.001 -20"><span class='ocrx_word' id='word_1_713' title='bbox 401 4784 572 4851; x_wconf 79' lang='grc' dir='ltr'>λόγως</span> <span class='ocrx_word' id='word_1_714' title='bbox 597 4785 791 4854; x_wconf 78' lang='grc' dir='ltr'>μᾶλλον</span> <span class='ocrx_word' id='word_1_715' title='bbox 826 4783 917 4839; x_wconf 89' lang='grc' dir='ltr'><strong>τοῦ</strong></span> <span class='ocrx_word' id='word_1_716' title='bbox 966 4783 1138 4855; x_wconf 84' lang='grc' dir='ltr'>Ἰησοῦ</span> <span class='ocrx_word' id='word_1_717' title='bbox 1170 4785 1358 4853; x_wconf 84' lang='grc' dir='ltr'>φήσεις</span> <span class='ocrx_word' id='word_1_718' title='bbox 1387 4782 1578 4844; x_wconf 82' lang='grc' dir='ltr'>αὑτοὺς</span> <span class='ocrx_word' id='word_1_719' title='bbox 1600 4781 1965 4852; x_wconf 84' lang='grc' dir='ltr'>ἀποθεμένους</span> 
     </span>
    </p>
   </div>
   <div class='ocr_carea' id='block_1_99' title="bbox 402 4873 1372 4947">
    <p class='ocr_par' dir='ltr' id='par_1_99' title="bbox 402 4873 1372 4947">
     <span class='ocr_line' id='line_1_99' title="bbox 402 4873 1372 4947; baseline 0.011 -21"><span class='ocrx_word' id='word_1_720' title='bbox 402 4875 463 4926; x_wconf 85' lang='grc' dir='ltr'><strong>τὸ</strong></span> <span class='ocrx_word' id='word_1_721' title='bbox 486 4875 672 4947; x_wconf 86' lang='grc' dir='ltr'>θνητὸν</span> <span class='ocrx_word' id='word_1_722' title='bbox 700 4878 856 4947; x_wconf 84' lang='grc' dir='ltr'>σῶμα</span> <span class='ocrx_word' id='word_1_723' title='bbox 881 4876 1153 4945; x_wconf 87' lang='grc' dir='ltr'>γεγονέναι</span> <span class='ocrx_word' id='word_1_724' title='bbox 1183 4873 1337 4936; x_wconf 86' lang='grc' dir='ltr'>θεούς</span> <span class='ocrx_word' id='word_1_725' title='bbox 1358 4892 1372 4940; x_wconf 86' lang='grc'><strong>;</strong></span> 
     </span>
    </p>
   </div>
   <div class='ocr_carea' id='block_1_100' title="bbox 2069 4507 3620 4579">
    <p class='ocr_par' dir='ltr' id='par_1_100' title="bbox 2069 4507 3620 4579">
     <span class='ocr_line' id='line_1_100' title="bbox 2069 4507 3620 4579; baseline -0.003 -14"><span class='ocrx_word' id='word_1_726' title='bbox 2069 4513 2163 4574; x_wconf 88' lang='lat' dir='ltr'><strong>tia,</strong></span> <span class='ocrx_word' id='word_1_727' title='bbox 2192 4526 2221 4564; x_wconf 91' lang='lat' dir='ltr'><strong>a</strong></span> <span class='ocrx_word' id='word_1_728' title='bbox 2274 4511 2521 4573; x_wconf 88' lang='lat' dir='ltr'><strong>stultitia,</strong></span> <span class='ocrx_word' id='word_1_729' title='bbox 2559 4525 2588 4564; x_wconf 88' lang='lat' dir='ltr'><strong>a</strong></span> <span class='ocrx_word' id='word_1_730' title='bbox 2623 4512 2908 4565; x_wconf 88' lang='lat' dir='ltr'><strong>timiditate</strong></span> <span class='ocrx_word' id='word_1_731' title='bbox 2943 4509 3060 4579; x_wconf 88' lang='lat' dir='ltr'><strong>puri</strong></span> <span class='ocrx_word' id='word_1_732' title='bbox 3095 4517 3148 4562; x_wconf 90' lang='lat' dir='ltr'><strong>et</strong></span> <span class='ocrx_word' id='word_1_733' title='bbox 3181 4508 3446 4561; x_wconf 83' lang='lat' dir='ltr'><strong>immunes</strong></span> <span class='ocrx_word' id='word_1_734' title='bbox 3473 4507 3620 4560; x_wconf 80' lang='lat' dir='ltr'><strong>vixe-</strong></span> 
     </span>
    </p>
   </div>
   <div class='ocr_carea' id='block_1_101' title="bbox 2068 4598 3620 4664">
    <p class='ocr_par' dir='ltr' id='par_1_101' title="bbox 2068 4598 3620 4664">
     <span class='ocr_line' id='line_1_101' title="bbox 2068 4598 3620 4664; baseline -0.006 -9"><span class='ocrx_word' id='word_1_735' title='bbox 2068 4603 2196 4655; x_wconf 89' lang='lat' dir='ltr'><strong>rint.</strong></span> <span class='ocrx_word' id='word_1_736' title='bbox 2233 4601 2286 4655; x_wconf 89' lang='lat' dir='ltr'><strong>Si</strong></span> <span class='ocrx_word' id='word_1_737' title='bbox 2331 4602 2460 4655; x_wconf 88' lang='lat' dir='ltr'><strong>nihil</strong></span> <span class='ocrx_word' id='word_1_738' title='bbox 2499 4604 2689 4656; x_wconf 84' lang='lat' dir='ltr'><strong>liornm</strong></span> <span class='ocrx_word' id='word_1_739' title='bbox 2738 4602 2989 4656; x_wconf 86' lang='lat' dir='ltr'><strong>vitiorqu</strong></span> <span class='ocrx_word' id='word_1_740' title='bbox 3016 4600 3068 4656; x_wconf 91' lang='lat' dir='ltr'><strong>in</strong></span> <span class='ocrx_word' id='word_1_741' title='bbox 3097 4600 3204 4654; x_wconf 88' lang='lat' dir='ltr'><strong>illis</strong></span> <span class='ocrx_word' id='word_1_742' title='bbox 3251 4598 3620 4664; x_wconf 80' lang='lat' dir='ltr'><strong>invenirerst,</strong></span> 
     </span>
    </p>
   </div>
   <div class='ocr_carea' id='block_1_102' title="bbox 2069 4689 3620 4762">
    <p class='ocr_par' dir='ltr' id='par_1_102' title="bbox 2069 4689 3620 4762">
     <span class='ocr_line' id='line_1_102' title="bbox 2069 4689 3620 4762; baseline -0.003 -14"><span class='ocrx_word' id='word_1_743' title='bbox 2069 4696 2266 4749; x_wconf 86' lang='lat' dir='ltr'><strong>merito</strong></span> <span class='ocrx_word' id='word_1_744' title='bbox 2330 4695 2516 4749; x_wconf 86' lang='lat' dir='ltr'><strong>Celsus</strong></span> <span class='ocrx_word' id='word_1_745' title='bbox 2573 4694 2694 4748; x_wconf 88' lang='lat' dir='ltr'><strong>illos</strong></span> <span class='ocrx_word' id='word_1_746' title='bbox 2734 4710 2855 4749; x_wconf 83' lang='lat' dir='ltr'><strong>cum</strong></span> <span class='ocrx_word' id='word_1_747' title='bbox 2899 4693 3026 4747; x_wconf 84' lang='lat' dir='ltr'><strong>Jesu</strong></span> <span class='ocrx_word' id='word_1_748' title='bbox 3070 4692 3360 4748; x_wconf 89' lang='lat' dir='ltr'><strong>contulerit</strong></span> <span class='ocrx_word' id='word_1_749' title='bbox 3406 4709 3420 4744; x_wconf 89' lang='lat'><strong>:</strong></span> <span class='ocrx_word' id='word_1_750' title='bbox 3459 4689 3620 4762; x_wconf 68' lang='grc'><strong>475</strong></span> 
     </span>
    </p>
   </div>
   <div class='ocr_carea' id='block_1_103' title="bbox 2071 4783 3616 4854">
    <p class='ocr_par' dir='ltr' id='par_1_103' title="bbox 2071 4783 3616 4854">
     <span class='ocr_line' id='line_1_103' title="bbox 2071 4783 3616 4854; baseline -0.001 -15"><span class='ocrx_word' id='word_1_751' title='bbox 2071 4786 2154 4839; x_wconf 83' lang='lat' dir='ltr'><strong>sin</strong></span> <span class='ocrx_word' id='word_1_752' title='bbox 2199 4785 2376 4854; x_wconf 89' lang='lat' dir='ltr'><strong>palam</strong></span> <span class='ocrx_word' id='word_1_753' title='bbox 2413 4795 2496 4839; x_wconf 81' lang='lat' dir='ltr'><strong>est</strong></span> <span class='ocrx_word' id='word_1_754' title='bbox 2523 4800 2636 4850; x_wconf 89' lang='lat' dir='ltr'><strong>eos,</strong></span> <span class='ocrx_word' id='word_1_755' title='bbox 2671 4786 2879 4839; x_wconf 87' lang='lat' dir='ltr'><strong>etiamsi</strong></span> <span class='ocrx_word' id='word_1_756' title='bbox 2911 4784 3152 4854; x_wconf 70' lang='lat' dir='ltr'><strong>quaadam</strong></span> <span class='ocrx_word' id='word_1_757' title='bbox 3183 4783 3248 4837; x_wconf 92' lang='lat' dir='ltr'><strong>de</strong></span> <span class='ocrx_word' id='word_1_758' title='bbox 3296 4783 3426 4853; x_wconf 87' lang='lat' dir='ltr'><strong>ipsis</strong></span> <span class='ocrx_word' id='word_1_759' title='bbox 3460 4783 3616 4853; x_wconf 88' lang='lat' dir='ltr'><strong>quasi</strong></span> 
     </span>
    </p>
   </div>
   <div class='ocr_carea' id='block_1_104' title="bbox 2069 4877 3620 4946">
    <p class='ocr_par' dir='ltr' id='par_1_104' title="bbox 2069 4877 3620 4946">
     <span class='ocr_line' id='line_1_104' title="bbox 2069 4877 3620 4946; baseline -0.001 -18"><span class='ocrx_word' id='word_1_760' title='bbox 2069 4877 2294 4930; x_wconf 88' lang='lat' dir='ltr'><strong>meliora</strong></span> <span class='ocrx_word' id='word_1_761' title='bbox 2342 4877 2607 4946; x_wconf 85' lang='lat' dir='ltr'><strong>ferantur,</strong></span> <span class='ocrx_word' id='word_1_762' title='bbox 2641 4881 2922 4932; x_wconf 89' lang='lat' dir='ltr'><strong>innumera</strong></span> <span class='ocrx_word' id='word_1_763' title='bbox 2975 4888 3152 4930; x_wconf 82' lang='lat' dir='ltr'><strong>tamen</strong></span> <span class='ocrx_word' id='word_1_764' title='bbox 3190 4885 3380 4930; x_wconf 89' lang='lat' dir='ltr'><strong>contra</strong></span> <span class='ocrx_word' id='word_1_765' title='bbox 3416 4883 3620 4929; x_wconf 89' lang='lat' dir='ltr'><strong>rectam</strong></span> 
     </span>
    </p>
   </div>
   <div class='ocr_carea' id='block_1_105' title="bbox 404 4964 3625 5044">
    <p class='ocr_par' dir='ltr' id='par_1_105' title="bbox 404 4964 3625 5044">
     <span class='ocr_line' id='line_1_105' title="bbox 404 4964 3625 5044; baseline 0.001 -25"><span class='ocrx_word' id='word_1_766' title='bbox 404 4969 669 5022; x_wconf 87' lang='lat' dir='ltr'><strong>rationem</strong></span> <span class='ocrx_word' id='word_1_767' title='bbox 690 4969 885 5025; x_wconf 81' lang='lat' dir='ltr'><strong>fecisse</strong></span> <span class='ocrx_word' id='word_1_768' title='bbox 911 4971 1235 5036; x_wconf 88' lang='lat' dir='ltr'><strong>memorari;</strong></span> <span class='ocrx_word' id='word_1_769' title='bbox 1267 4969 1442 5022; x_wconf 89' lang='lat' dir='ltr'><strong>eritne</strong></span> <span class='ocrx_word' id='word_1_770' title='bbox 1467 4981 1565 5021; x_wconf 92' lang='lat' dir='ltr'><strong>cur</strong></span> <span class='ocrx_word' id='word_1_771' title='bbox 1595 4967 1772 5022; x_wconf 85' lang='lat' dir='ltr'><strong>adhuc</strong></span> <span class='ocrx_word' id='word_1_772' title='bbox 1803 4968 1954 5023; x_wconf 88' lang='lat' dir='ltr'><strong>dicas</strong></span> <span class='ocrx_word' id='word_1_773' title='bbox 1988 4964 2106 5024; x_wconf 82' lang='lat' dir='ltr'><strong>illos</strong></span> <span class='ocrx_word' id='word_1_774' title='bbox 2141 4973 2336 5041; x_wconf 89' lang='lat' dir='ltr'><strong>potius,</strong></span> <span class='ocrx_word' id='word_1_775' title='bbox 2361 4989 2522 5044; x_wconf 86' lang='lat' dir='ltr'><strong>quam</strong></span> <span class='ocrx_word' id='word_1_776' title='bbox 2545 4973 2748 5039; x_wconf 86' lang='lat' dir='ltr'><strong>.lesum,</strong></span> <span class='ocrx_word' id='word_1_777' title='bbox 2777 4973 2953 5043; x_wconf 88' lang='lat' dir='ltr'><strong>posito</strong></span> <span class='ocrx_word' id='word_1_778' title='bbox 2971 4970 3182 5027; x_wconf 85' lang='lat' dir='ltr'><strong>mortali</strong></span> <span class='ocrx_word' id='word_1_779' title='bbox 3215 4983 3464 5040; x_wconf 78' lang='lat' dir='ltr'><strong>corpore,</strong></span> <span class='ocrx_word' id='word_1_780' title='bbox 3496 4983 3625 5024; x_wconf 87' lang='lat' dir='ltr'><strong>eva-</strong></span> 
     </span>
    </p>
   </div>
   <div class='ocr_carea' id='block_1_106' title="bbox 404 5061 736 5116">
    <p class='ocr_par' dir='ltr' id='par_1_106' title="bbox 404 5061 736 5116">
     <span class='ocr_line' id='line_1_106' title="bbox 404 5061 736 5116; baseline 0 -2"><span class='ocrx_word' id='word_1_781' title='bbox 404 5061 542 5114; x_wconf 89' lang='lat' dir='ltr'><strong>sisse</strong></span> <span class='ocrx_word' id='word_1_782' title='bbox 574 5062 736 5116; x_wconf 81' lang='lat' dir='ltr'><strong>deos?</strong></span> 
     </span>
    </p>
   </div>
   <div class='ocr_carea' id='block_1_107' title="bbox 477 5175 1955 5248">
    <p class='ocr_par' dir='ltr' id='par_1_107' title="bbox 477 5175 1955 5248">
     <span class='ocr_line' id='line_1_107' title="bbox 477 5175 1955 5248; baseline 0.002 -19"><span class='ocrx_word' id='word_1_783' title='bbox 477 5175 584 5246; x_wconf 74' lang='lat'><strong>(82)</strong></span> <span class='ocrx_word' id='word_1_784' title='bbox 632 5176 966 5248; x_wconf 73' lang='lat' dir='ltr'><strong>llwscbelins</strong></span> <span class='ocrx_word' id='word_1_785' title='bbox 1006 5188 1059 5230; x_wconf 94' lang='lat' dir='ltr'><strong>et</strong></span> <span class='ocrx_word' id='word_1_786' title='bbox 1107 5177 1433 5247; x_wconf 88' lang='lat' dir='ltr'><strong>Spencerns,</strong></span> <span class='ocrx_word' id='word_1_787' title='bbox 1466 5176 1600 5248; x_wconf 85' lang='grc' dir='ltr'>πρὸς</span> <span class='ocrx_word' id='word_1_788' title='bbox 1627 5177 1832 5248; x_wconf 72' lang='grc' dir='ltr'>έκεῖνο,</span> <span class='ocrx_word' id='word_1_789' title='bbox 1862 5179 1955 5248; x_wconf 89' lang='lat' dir='ltr'><strong>sed</strong></span> 
     </span>
    </p>
   </div>
   <div class='ocr_carea' id='block_1_108' title="bbox 405 5245 1956 5316">
    <p class='ocr_par' dir='ltr' id='par_1_108' title="bbox 405 5245 1956 5316">
     <span class='ocr_line' id='line_1_108' title="bbox 405 5245 1956 5316; baseline 0 -15"><span class='ocrx_word' id='word_1_790' title='bbox 405 5245 724 5309; x_wconf 74' lang='lat' dir='ltr'><strong>PliilUCalia,</strong></span> <span class='ocrx_word' id='word_1_791' title='bbox 747 5247 882 5316; x_wconf 83' lang='grc' dir='ltr'>πρὸς</span> <span class='ocrx_word' id='word_1_792' title='bbox 914 5245 1342 5301; x_wconf 54' lang='grc' dir='ltr'>ἐκεῖνονίιύιιῑο</span> <span class='ocrx_word' id='word_1_793' title='bbox 1393 5245 1524 5314; x_wconf 63' lang='grc' dir='ltr'><strong>νος(</strong></span> <span class='ocrx_word' id='word_1_794' title='bbox 1549 5247 1733 5299; x_wconf 75' lang='lat' dir='ltr'><strong>cadenti</strong></span> <span class='ocrx_word' id='word_1_795' title='bbox 1771 5245 1956 5301; x_wconf 86' lang='lat' dir='ltr'><strong>Philo-</strong></span> 
     </span>
    </p>
   </div>
   <div class='ocr_carea' id='block_1_109' title="bbox 405 5316 1955 5388">
    <p class='ocr_par' dir='ltr' id='par_1_109' title="bbox 405 5316 1955 5388">
     <span class='ocr_line' id='line_1_109' title="bbox 405 5316 1955 5388; baseline -0.001 -18"><span class='ocrx_word' id='word_1_796' title='bbox 405 5317 577 5379; x_wconf 88' lang='lat' dir='ltr'><strong>calia,</strong></span> <span class='ocrx_word' id='word_1_797' title='bbox 618 5317 698 5379; x_wconf 87' lang='grc' dir='ltr'><strong>είς</strong></span> <span class='ocrx_word' id='word_1_798' title='bbox 745 5318 875 5369; x_wconf 83' lang='grc' dir='ltr'>Θεὸν</span> <span class='ocrx_word' id='word_1_799' title='bbox 931 5317 1405 5388; x_wconf 86' lang='grc' dir='ltr'>μεταϐεϐληκέναι.</span> <span class='ocrx_word' id='word_1_800' title='bbox 1455 5317 1582 5382; x_wconf 62' lang='lat' dir='ltr'><strong>Quae</strong></span> <span class='ocrx_word' id='word_1_801' title='bbox 1640 5316 1804 5388; x_wconf 85' lang='lat' dir='ltr'><strong>|ectio_</strong></span> <span class='ocrx_word' id='word_1_802' title='bbox 1847 5333 1955 5388; x_wconf 85' lang='lat' dir='ltr'><strong>non</strong></span> 
     </span>
    </p>
   </div>
   <div class='ocr_carea' id='block_1_110' title="bbox 405 5385 1957 5456">
    <p class='ocr_par' dir='ltr' id='par_1_110' title="bbox 405 5385 1957 5456">
     <span class='ocr_line' id='line_1_110' title="bbox 405 5385 1957 5456; baseline 0.001 -17"><span class='ocrx_word' id='word_1_803' title='bbox 405 5389 732 5456; x_wconf 85' lang='lat' dir='ltr'><strong>spernenda,</strong></span> <span class='ocrx_word' id='word_1_804' title='bbox 751 5403 871 5440; x_wconf 89' lang='lat' dir='ltr'><strong>cum</strong></span> <span class='ocrx_word' id='word_1_805' title='bbox 897 5385 1192 5452; x_wconf 68' lang='lat' dir='ltr'><strong>praesertim</strong></span> <span class='ocrx_word' id='word_1_806' title='bbox 1219 5385 1358 5441; x_wconf 88' lang='lat' dir='ltr'><strong>infra</strong></span> <span class='ocrx_word' id='word_1_807' title='bbox 1382 5389 1608 5456; x_wconf 82' lang='lat' dir='ltr'><strong>legatur,</strong></span> <span class='ocrx_word' id='word_1_808' title='bbox 1635 5385 1957 5455; x_wconf 85' lang='grc' dir='ltr'>μεταϐαλεῖν</span> 
     </span>
    </p>
   </div>
   <div class='ocr_carea' id='block_1_111' title="bbox 405 5455 1069 5528">
    <p class='ocr_par' dir='ltr' id='par_1_111' title="bbox 405 5455 1069 5528">
     <span class='ocr_line' id='line_1_111' title="bbox 405 5455 1069 5528; baseline 0 -18"><span class='ocrx_word' id='word_1_809' title='bbox 405 5459 484 5518; x_wconf 88' lang='grc' dir='ltr'>εἰς</span> <span class='ocrx_word' id='word_1_810' title='bbox 516 5455 750 5528; x_wconf 78' lang='grc' dir='ltr'>αίθέριον</span> <span class='ocrx_word' id='word_1_811' title='bbox 793 5457 1069 5528; x_wconf 89' lang='grc' dir='ltr'>ποιότητα.</span> 
     </span>
    </p>
   </div>
   <div class='ocr_carea' id='block_1_112' title="bbox 477 5523 1959 5597">
    <p class='ocr_par' dir='ltr' id='par_1_112' title="bbox 477 5523 1959 5597">
     <span class='ocr_line' id='line_1_112' title="bbox 477 5523 1959 5597; baseline -0.001 -17"><span class='ocrx_word' id='word_1_812' title='bbox 477 5527 586 5596; x_wconf 82' lang='grc'>(85)</span> <span class='ocrx_word' id='word_1_813' title='bbox 617 5523 1039 5582; x_wconf 69' lang='grc' dir='ltr'>Ηαιεςίιειίυεύι</span> <span class='ocrx_word' id='word_1_814' title='bbox 1064 5529 1388 5597; x_wconf 85' lang='lat' dir='ltr'><strong>Spencerns,</strong></span> <span class='ocrx_word' id='word_1_815' title='bbox 1413 5523 1552 5579; x_wconf 88' lang='grc' dir='ltr'><strong>κατά</strong></span> <span class='ocrx_word' id='word_1_816' title='bbox 1581 5523 1642 5577; x_wconf 92' lang='grc' dir='ltr'><strong>τὸ</strong></span> <span class='ocrx_word' id='word_1_817' title='bbox 1673 5524 1773 5597; x_wconf 82' lang='grc' dir='ltr'><strong>τοῦ</strong></span> <span class='ocrx_word' id='word_1_818' title='bbox 1788 5525 1959 5596; x_wconf 86' lang='grc' dir='ltr'>Ἰησοῦ</span> 
     </span>
    </p>
   </div>
   <div class='ocr_carea' id='block_1_113' title="bbox 408 5595 1959 5668">
    <p class='ocr_par' dir='ltr' id='par_1_113' title="bbox 408 5595 1959 5668">
     <span class='ocr_line' id='line_1_113' title="bbox 408 5595 1959 5668; baseline -0.001 -20"><span class='ocrx_word' id='word_1_819' title='bbox 408 5595 587 5668; x_wconf 81' lang='grc' dir='ltr'>σῶμα,</span> <span class='ocrx_word' id='word_1_820' title='bbox 613 5600 705 5652; x_wconf 85' lang='lat' dir='ltr'><strong>sed</strong></span> <span class='ocrx_word' id='word_1_821' title='bbox 739 5597 1026 5668; x_wconf 80' lang='lat' dir='ltr'><strong>l’bilocalia</strong></span> <span class='ocrx_word' id='word_1_822' title='bbox 1062 5595 1215 5668; x_wconf 80' lang='lat' dir='ltr'><strong>utin</strong></span> <span class='ocrx_word' id='word_1_823' title='bbox 1267 5595 1831 5668; x_wconf 28' lang='lat' dir='ltr'><strong>nostratestinalufra</strong></span> <span class='ocrx_word' id='word_1_824' title='bbox 1863 5611 1959 5668; x_wconf 14' lang='lat' dir='ltr'><strong>ea!-</strong></span> 
     </span>
    </p>
   </div>
   <div class='ocr_carea' id='block_1_114' title="bbox 409 5664 1962 5739">
    <p class='ocr_par' dir='ltr' id='par_1_114' title="bbox 409 5664 1962 5739">
     <span class='ocr_line' id='line_1_114' title="bbox 409 5664 1962 5739; baseline 0.001 -19"><span class='ocrx_word' id='word_1_825' title='bbox 409 5664 526 5739; x_wconf 73' lang='lat' dir='ltr'><strong>deni</strong></span> <span class='ocrx_word' id='word_1_826' title='bbox 570 5667 1250 5739; x_wconf 66' lang='grc' dir='ltr'>Ριιὶιοιξθιῑπ,ἀνθρωπίνας</span> <span class='ocrx_word' id='word_1_827' title='bbox 1300 5666 1390 5739; x_wconf 76' lang='grc' dir='ltr'><strong>τοῦ</strong></span> <span class='ocrx_word' id='word_1_828' title='bbox 1427 5664 1568 5739; x_wconf 28' lang='grc' dir='ltr'>’Θεοῦ</span> <span class='ocrx_word' id='word_1_829' title='bbox 1619 5664 1850 5737; x_wconf 72' lang='grc' dir='ltr'>σάρκας.</span> <span class='ocrx_word' id='word_1_830' title='bbox 1894 5666 1962 5726; x_wconf 76' lang='lat' dir='ltr'><strong>Et</strong></span> 
     </span>
    </p>
   </div>
   <div class='ocr_carea' id='block_1_115' title="bbox 410 5735 1600 5810">
    <p class='ocr_par' dir='ltr' id='par_1_115' title="bbox 410 5735 1600 5810">
     <span class='ocr_line' id='line_1_115' title="bbox 410 5735 1600 5810; baseline -0.004 -18"><span class='ocrx_word' id='word_1_831' title='bbox 410 5737 563 5803; x_wconf 78' lang='lat' dir='ltr'><strong>paulo</strong></span> <span class='ocrx_word' id='word_1_832' title='bbox 600 5752 734 5808; x_wconf 87' lang='lat' dir='ltr'><strong>post,</strong></span> <span class='ocrx_word' id='word_1_833' title='bbox 769 5738 907 5794; x_wconf 77' lang='grc' dir='ltr'><strong>κατά</strong></span> <span class='ocrx_word' id='word_1_834' title='bbox 935 5735 1040 5810; x_wconf 72' lang='grc' dir='ltr'>γὰρ</span> <span class='ocrx_word' id='word_1_835' title='bbox 1079 5737 1167 5791; x_wconf 81' lang='grc' dir='ltr'><strong>τὸν</strong></span> <span class='ocrx_word' id='word_1_836' title='bbox 1199 5736 1399 5808; x_wconf 70' lang='grc' dir='ltr'>ἀκριϐῆ</span> <span class='ocrx_word' id='word_1_837' title='bbox 1427 5735 1600 5805; x_wconf 79' lang='grc' dir='ltr'>λόγον.</span> 
     </span>
    </p>
   </div>
   <div class='ocr_carea' id='block_1_116' title="bbox 3593 5067 3637 5139">
    <p class='ocr_par' dir='ltr' id='par_1_116' title="bbox 3593 5067 3637 5139">
     <span class='ocr_line' id='line_1_116' title="bbox 3593 5067 3637 5139; baseline 0 0"><span class='ocrx_word' id='word_1_838' title='bbox 3593 5099 3596 5101; x_wconf 93' lang='grc'><strong>·</strong></span> <span class='ocrx_word' id='word_1_839' title='bbox 3628 5067 3637 5139; x_wconf 74' lang='grc' dir='ltr'>ε</span> 
     </span>
    </p>
   </div>
   <div class='ocr_carea' id='block_1_117' title="bbox 2136 5175 3622 5251">
    <p class='ocr_par' dir='ltr' id='par_1_117' title="bbox 2136 5175 3622 5251">
     <span class='ocr_line' id='line_1_117' title="bbox 2136 5175 3622 5251; baseline -0.002 -17"><span class='ocrx_word' id='word_1_840' title='bbox 2136 5177 2244 5251; x_wconf 70' lang='grc'>(84)</span> <span class='ocrx_word' id='word_1_841' title='bbox 2278 5177 2591 5251; x_wconf 86' lang='lat' dir='ltr'><strong>Pbilocalia,</strong></span> <span class='ocrx_word' id='word_1_842' title='bbox 2633 5179 2904 5251; x_wconf 82' lang='grc' dir='ltr'>ἀνωτέρω.</span> <span class='ocrx_word' id='word_1_843' title='bbox 2938 5177 3269 5251; x_wconf 65' lang='lat' dir='ltr'><strong>llmschelius</strong></span> <span class='ocrx_word' id='word_1_844' title='bbox 3293 5187 3347 5230; x_wconf 88' lang='lat' dir='ltr'><strong>et</strong></span> <span class='ocrx_word' id='word_1_845' title='bbox 3379 5175 3622 5251; x_wconf 78' lang='lat' dir='ltr'><strong>Spence-</strong></span> 
     </span>
    </p>
   </div>
   <div class='ocr_carea' id='block_1_118' title="bbox 2065 5246 3616 5336">
    <p class='ocr_par' dir='ltr' id='par_1_118' title="bbox 2065 5246 3616 5336">
     <span class='ocr_line' id='line_1_118' title="bbox 2065 5246 3616 5336; baseline -0.002 -32"><span class='ocrx_word' id='word_1_846' title='bbox 2065 5246 2481 5336; x_wconf 53' lang='lat' dir='ltr'><strong>rtlé,~de1é1tp.</strong></span> <span class='ocrx_word' id='word_1_847' title='bbox 2529 5246 2732 5336; x_wconf 57' lang='lat' dir='ltr'><strong>ibidem</strong></span> <span class='ocrx_word' id='word_1_848' title='bbox 2772 5246 3111 5304; x_wconf 63' lang='lat' dir='ltr'><strong>ll&#39;tescbelius</strong></span> <span class='ocrx_word' id='word_1_849' title='bbox 3154 5250 3205 5300; x_wconf 93' lang='lat' dir='ltr'><strong>in</strong></span> <span class='ocrx_word' id='word_1_850' title='bbox 3239 5257 3388 5299; x_wconf 85' lang='lat' dir='ltr'><strong>textu</strong></span> <span class='ocrx_word' id='word_1_851' title='bbox 3435 5246 3616 5311; x_wconf 85' lang='lat' dir='ltr'><strong>habet,</strong></span> 
     </span>
    </p>
   </div>
   <div class='ocr_carea' id='block_1_119' title="bbox 2063 5320 3622 5463">
    <p class='ocr_par' dir='ltr' id='par_1_119' title="bbox 2063 5320 3622 5463">
     <span class='ocr_line' id='line_1_119' title="bbox 2063 5320 3117 5402; baseline 0 -30"><span class='ocrx_word' id='word_1_852' title='bbox 2063 5321 2131 5372; x_wconf 79' lang='grc' dir='ltr'><strong>τὰ</strong></span> <span class='ocrx_word' id='word_1_853' title='bbox 2156 5321 2250 5402; x_wconf 87' lang='grc' dir='ltr'><strong>τῆς</strong></span> <span class='ocrx_word' id='word_1_854' title='bbox 2285 5320 2481 5391; x_wconf 80' lang='grc' dir='ltr'>σαρκὸς</span> <span class='ocrx_word' id='word_1_855' title='bbox 2519 5320 2818 5401; x_wconf 78' lang='grc' dir='ltr'>ἀσθενείας.</span> <span class='ocrx_word' id='word_1_856' title='bbox 3105 5384 3117 5400; x_wconf 37' lang='grc' dir='ltr'><em>θ</em></span> 
     </span>
     <span class='ocr_line' id='line_1_120' title="bbox 2135 5383 3622 5463; baseline -0.003 -19"><span class='ocrx_word' id='word_1_857' title='bbox 2135 5389 2244 5460; x_wconf 75' lang='grc'>(85)</span> <span class='ocrx_word' id='word_1_858' title='bbox 2282 5390 2449 5463; x_wconf 66' lang='lat' dir='ltr'><strong>lleete</strong></span> <span class='ocrx_word' id='word_1_859' title='bbox 2477 5389 2788 5455; x_wconf 80' lang='lat' dir='ltr'><strong>PhthCalta,</strong></span> <span class='ocrx_word' id='word_1_860' title='bbox 2881 5389 3038 5463; x_wconf 74' lang='grc' dir='ltr'>φύσις</span> <span class='ocrx_word' id='word_1_861' title='bbox 3056 5383 3301 5463; x_wconf 69' lang='grc' dir='ltr'>σωματός</span> <span class='ocrx_word' id='word_1_862' title='bbox 3323 5383 3458 5449; x_wconf 79' lang='grc' dir='ltr'>ἐστι,</span> <span class='ocrx_word' id='word_1_863' title='bbox 3483 5385 3622 5463; x_wconf 79' lang='lat' dir='ltr'><strong>male</strong></span> 
     </span>
    </p>
   </div>
   <div class='ocr_carea' id='block_1_120' title="bbox 2067 5453 3623 5528">
    <p class='ocr_par' dir='ltr' id='par_1_120' title="bbox 2067 5453 3623 5528">
     <span class='ocr_line' id='line_1_121' title="bbox 2067 5453 3623 5528; baseline -0.003 -15"><span class='ocrx_word' id='word_1_864' title='bbox 2067 5453 2246 5513; x_wconf 78' lang='lat' dir='ltr'><strong>anieni</strong></span> <span class='ocrx_word' id='word_1_865' title='bbox 2291 5459 2424 5514; x_wconf 90' lang='lat' dir='ltr'><strong>alias</strong></span> <span class='ocrx_word' id='word_1_866' title='bbox 2466 5469 2583 5528; x_wconf 86' lang='lat' dir='ltr'><strong>post</strong></span> <span class='ocrx_word' id='word_1_867' title='bbox 2624 5453 3108 5525; x_wconf 55' lang='lat' dir='ltr'><strong>vocem&#39;cL-Bpa&#39;ro;</strong></span> <span class='ocrx_word' id='word_1_868' title='bbox 3167 5453 3380 5506; x_wconf 85' lang='lat' dir='ltr'><strong>additur</strong></span> <span class='ocrx_word' id='word_1_869' title='bbox 3434 5456 3623 5528; x_wconf 85' lang='grc' dir='ltr'>μιαρό-</span> 
     </span>
    </p>
   </div>
   <div class='ocr_carea' id='block_1_121' title="bbox 2064 5543 3620 5668">
    <p class='ocr_par' dir='ltr' id='par_1_121' title="bbox 2064 5543 3620 5668">
     <span class='ocr_line' id='line_1_122' title="bbox 2064 5543 3620 5668; baseline 0.017 -43"><span class='ocrx_word' id='word_1_870' title='bbox 2283 5597 2616 5656; x_wconf 66' lang='grc' dir='ltr'>Ηωεριιριῑυε</span> <span class='ocrx_word' id='word_1_871' title='bbox 2653 5609 2706 5656; x_wconf 71' lang='grc' dir='ltr'>ει</span> <span class='ocrx_word' id='word_1_872' title='bbox 2743 5600 3045 5667; x_wconf 69' lang='lat' dir='ltr'><strong>Spenccrus</strong></span> <span class='ocrx_word' id='word_1_873' title='bbox 3073 5593 3126 5648; x_wconf 89' lang='lat' dir='ltr'><strong>in</strong></span> <span class='ocrx_word' id='word_1_874' title='bbox 3159 5592 3423 5663; x_wconf 71' lang='lat' dir='ltr'><strong>margine,</strong></span> <span class='ocrx_word' id='word_1_875' title='bbox 3447 5594 3620 5652; x_wconf 78' lang='grc' dir='ltr'>τοιοῦο</span> 
     </span>
    </p>
   </div>
   <div class='ocr_carea' id='block_1_122' title="bbox 2066 5686 2172 5724">
    <p class='ocr_par' dir='ltr' id='par_1_122' title="bbox 2066 5686 2172 5724">
     <span class='ocr_line' id='line_1_123' title="bbox 2066 5686 2172 5724; baseline 0.009 -1"><span class='ocrx_word' id='word_1_876' title='bbox 2066 5686 2152 5723; x_wconf 83' lang='grc' dir='ltr'><strong>τον</strong></span> <span class='ocrx_word' id='word_1_877' title='bbox 2160 5710 2172 5724; x_wconf 84' lang='grc'><strong>.</strong></span> 
     </span>
    </p>
   </div>
  </div>
