3998 6170
450 263 553 319 975

1880 267 2195 325 ORlGENlS
3557 280 3669 337 97o

521 381 610 435 45.
654 381 848 437 Postea
900 384 1033 438 dicit
1088 402 1107 435 ι
1170 384 1290 439 illos
1338 399 1369 437 a
1426 386 1581 441 nobis
1632 388 1850 443 irrideri
1908 405 1979 459 qu

2170 390 2323 445 Μετά
2351 392 2521 445 ταῦτα
2557 391 2704 461 λέγει
2746 394 2873 465 περὶ
2904 394 3079 465 ἡμῶν,
3112 412 3131 445 ι
3168 393 3249 447 ὄτι
3284 394 3675 465 καταγελῶμεν

447 470 634 529 Jovem
659 476 863 541 colunt,
894 478 1020 544 quia
1054 478 1169 544 ejus
1204 479 1257 531 in
1287 478 1451 533 Creta
1482 478 1784 548 sepulcrum
1817 491 2002 535 osten-

450 566 625 631 ditur;
659 566 1007 621 nihilominus
1062 577 1238 622 tamen
1294 569 1472 624 colere
1510 585 1607 625 nos
1648 586 1770 625 eum
1800 572 1890 642 qui
1923 586 2002 627 se-

449 654 633 724 pultus
678 667 778 721 est,
803 657 1011 711 nescios
1036 659 1306 726 quomodo
1343 669 1398 714 et
1428 674 1533 728 qua
1575 661 1638 715 de
1664 676 1825 715 causa
1865 662 2000 719 Cre-

451 757 632 802 tenses
698 748 747 801 id
797 746 1019 802 faciant.
1058 768 1075 800 ι
1114 749 1216 803 Ubi
1255 750 1406 803 vides
1453 750 1601 804 illum
1639 750 1998 819 Cretensium,

446 836 619 905 Jovis,
652 838 877 909 ejusque
909 839 1140 908 sepulcri
1198 841 1473 909 suscipere
1523 843 1902 911 patrocinium,
1947 852 2001 899 et

447 928 671 984 innuere
730 930 1052 1000 allegoricas
1106 933 1367 1001 quasdam
1420 933 1681 997 rationes,
1738 933 1806 987 ad
1863 949 1999 1003 quas

446 1019 635 1073 referri
678 1019 882 1073 .debeat
934 1019 1160 1073 conﬁcta
1191 1020 1256 1074 de
1286 1018 1416 1074 Jove
1440 1020 1618 1073 fabula
1650 1020 1815 1078 :dum
1848 1023 1991 1077 inte-

444 1112 546 1165 rim
577 1110 734 1165 nobis
765 1111 898 1165 vitio
921 1112 1033 1176 dat,
1060 1111 1203 1180 quod
1232 1120 1471 1165 nostrum
1507 1110 1686 1165 Jesnm
1729 1112 1784 1166 in
1823 1113 1999 1181 sepul-

443 1213 536 1252 cro
567 1200 799 1266 positum
859 1211 978 1250 esse
1029 1196 1377 1261 conﬁtentes,
1414 1198 1660 1251 eumdem
1686 1213 1717 1252 e
1753 1200 1997 1266 sepulcro

442 1292 732 1343 excitatum
767 1300 1071 1342 asseramus
1106 1306 1119 1340 :
1153 1288 1292 1355 quod
1347 1287 1581 1341 nondum
1622 1290 1687 1343 de
1729 1304 1825 1344 suo
1866 1288 1997 1344 Jove

441 1383 628 1435 dicunt
677 1380 992 1435 Cretenses.
1049 1380 1313 1444 Quoniam
1379 1391 1560 1433 autem
1620 1380 1829 1435 videtur
1886 1396 1993 1437 non

440 1471 651 1526 dilIiteri
679 1470 863 1525 Jovem
908 1471 960 1524 in
1004 1469 1160 1523 Creta
1195 1470 1458 1539 sepultum
1494 1470 1696 1536 fuisse;
1725 1472 1993 1541 siquidem

442 1563 593 1628 dicit,
625 1562 837 1615 nescire
864 1574 961 1613 nos
1000 1561 1269 1628 quomodo
1314 1575 1529 1628 quaque
1559 1560 1624 1614 de
1654 1576 1814 1615 causa
1860 1561 1990 1615 Cre-

439 1662 620 1708 tenses
665 1652 716 1705 id
752 1650 977 1719 faciant,
1010 1653 1132 1705 dico
1170 1666 1291 1720 ego,
1330 1666 1504 1721 neque
1542 1652 1840 1721 Cyrenensi
1871 1652 1991 1705 Cal-

2102 483 2209 536 τῶν
2264 483 2706 554 προσκυνούντων
2755 484 2846 538 τὸν
2872 487 2989 551 Δία,
3040 486 3162 539 ἐπεὶ
3207 485 3375 552 τάφος
3415 484 3573 540 αὐτοῦ
3599 487 3673 538 ἐν

2101 576 2297 647 Κρήτῃ
2340 574 2608 629 δείκνυται
2632 592 2645 605 ·
2677 574 2770 629 καὶ
2804 576 2957 628 οὐδὲν
2996 571 3157 648 ἦττον
3187 575 3415 645 σέϐομεν
3440 574 3529 627 τὸν
3556 576 3671 629 ἀπὸ

2098 667 2193 720 τοῦ
2241 668 2431 736 τάφου,
2466 668 2567 721 οὐκ
2608 667 2826 731 εἰδότες,
2862 667 2976 731 πῶς
3027 667 3122 721 καὶ
3167 667 3302 720 καθὸ
3350 666 3562 739 Κρῆτες
3599 668 3671 721 τὺ

2100 758 2304 810 τοιοῦτο
2326 758 2434 830 (87)
2459 757 2716 810 ποιοῦσιν.
2752 777 2773 808 ι
2808 759 2948 829 Ὅρα
2971 753 3081 821 οὖν,
3110 757 3189 810 ὅτι
3213 758 3269 811 έν
3293 758 3500 820 τούτοις
3529 757 3670 810 ἀπο-

2099 849 2330 918 λογεῖται
2360 851 2456 919 μὲν
2492 851 2617 920 περὶ
2644 848 2895 921 Κρητῶν,
2922 849 3017 902 καὶ
3038 848 3133 902 τοῦ
3166 848 3305 913 Διὸς,
3336 849 3432 901 καὶ
3452 848 3543 901 τοῦ
3570 851 3674 903 τά·

2100 961 2198 1012 φου
2238 943 2422 1007 αὐτοῦ,
2452 943 2816 1013 αἰνιττόμενος
2840 941 3105 1013 τροπικὰς
3136 933 3409 1005 ὑπονοίας,
3442 940 3563 994 καθ’
3596 941 3668 1005 ἃς

2100 1033 2402 1086 πεπλάσθαι
2445 1032 2659 1099 λέγεται
2690 1032 2718 1083 ὁ
2766 1032 2893 1102 περ),
2927 1031 3020 1084 τοῦ
3039 1032 3159 1095 Διὸς
3184 1031 3359 1101 μῦθος
3378 1048 3391 1060 ·
3419 1030 3573 1101 ήμῶν
3604 1030 3667 1083 δὲ

2099 1127 2407 1195 κατηγορεῖ,
2438 1122 2837 1193 ὁμολογούντων
2871 1123 2969 1193 μὲν
2994 1123 3255 1191 τετάφθαι
3281 1123 3373 1176 τὸν
3396 1122 3661 1193 ἡμέτερον

2109 1213 2329 1286 Ἰησοῦν,
2370 1213 2681 1281 φασκόντων
2711 1212 2769 1265 δὲ
2797 1213 2890 1265 καὶ
2916 1212 3206 1283 ἐγηγέρθαι
3228 1212 3388 1267 αὑτὸν
3418 1210 3525 1264 ἀπὸ
3560 1209 3659 1263 τοῦ

2094 1308 2285 1375 τάφου,
2311 1307 2447 1376 ὅπερ
2468 1306 2683 1377 Κρῆτες
2711 1305 2892 1359 οὐκέτι
2920 1308 3048 1377 περὶ
3072 1304 3164 1358 τοῦ
3190 1305 3309 1369 Διὸς
3336 1304 3655 1375 ἱστοροῦσιν.

2108 1397 2259 1449 Ἐπεὶ
2284 1396 2339 1448 δὲ
2366 1395 2510 1448 δοκεῖ
2543 1394 2652 1465 (88)
2680 1394 3056 1465 συναγορεύειν
3084 1394 3160 1466 τῷ
3189 1394 3247 1447 ὲν
3288 1394 3480 1465 Κρήτῃ
3505 1396 3663 1465 τάφῳ

2094 1487 2186 1540 τοῦ
2240 1487 2381 1550 Διὸς,
2435 1487 2642 1555 λέγων’
2697 1488 2882 1551 Ὀπως
2931 1488 3030 1559 μὲν
3069 1488 3162 1541 καὶ⁹
3206 1487 3394 1541 καθότι
3443 1488 3664 1557 Κρῆτες

2093 1577 2246 1631 τοῦτο
2286 1577 2527 1630 ποιοῦσιν
2562 1578 2660 1630 οὐκ
2710 1578 2938 1641 είδότες’
2979 1580 3241 1651 φήσομεν,
3274 1579 3354 1633 ὅτι
3379 1578 3472 1631 καὶ
3501 1582 3528 1633 ὀ
3550 1581 3662 1632 Κυ-

2099 1671 2308 1739 ρηναῖος
2324 1669 2684 1739 Καλλίμαχος,
2703 1668 2926 1723 πλεῖστα
2940 1669 3040 1723 ὅσα
3066 1672 3329 1739 ἀναγνοὺς
3355 1673 3658 1741 ποιήματα,

439 1744 695 1808 limacho,
730 1744 820 1812 qui
847 1743 1132 1813 plerosque
1188 1752 1374 1811 poetas
1424 1743 1655 1797 callebat
1720 1752 1985 1813 totamque

2094 1734 2186 1812 καὶ
2218 1761 2453 1831 ἱστορίαν
2483 1734 2664 1830 σχεδὸν
2698 1761 2877 1813 πᾶσαν
2904 1734 3297 1834 ἀναλεξάμενος
3320 1734 3654 1832 Ἑλληνικὴν,

437 1836 553 1891 fere
588 1835 959 1891 Grazcanicarn
990 1835 1266 1889 evolverat
1292 1836 1599 1899 historiam,
1625 1842 1806 1888 notam
1831 1834 1993 1889 ullam

436 1930 608 1983 fuisse
649 1927 889 1982 historia:
931 1924 1080 1982 Jovis
1118 1926 1344 1996 ejusque
1379 1927 1611 1994 sepulcri
1644 1926 1990 1996 allegorieam

437 2020 961 2089 interpretationem.
1036 2019 1375 2090 Quapropter
1448 2019 1502 2072 in
1561 2018 1762 2088 hymno
1832 2032 1991 2088 quem

438 2112 559 2167 Jovi
593 2122 885 2181 nuncupat,
905 2110 1192 2167 Cretenses
1228 2110 1441 2165 incusat
1467 2110 1552 2166 his
1578 2110 1763 2164 verbis
1798 2128 1810 2162 :

503 2225 719 2293 Semper
750 2225 1020 2277 mendaces
1048 2223 1236 2284 Crelm,
1263 2238 1353 2275 rex
1386 2238 1594 2289 magne,
1616 2221 1905 2288 sepulcrum
1926 2290 1959 2293 Α,
1996 2220 1999 2223 ’

510 2290 829 2349 Exsiruxere
862 2296 953 2347 tibi
974 2335 989 2359 ,
1012 2295 1095 2347 cui
1125 2310 1261 2347 more
1300 2309 1402 2345 non
1430 2293 1626 2345 accidet
1660 2308 1887 2360 unquam
1914 2290 1983 2344 ⁷³.

432 2408 639 2465 Tamen
687 2422 807 2462 eum
840 2406 969 2462 dicit
991 2404 1176 2461 Jovem
1219 2418 1325 2459 non
1365 2404 1562 2458 ohiisse
1590 2412 1843 2470 mortem,
1867 2392 1987 2458 cum

432 2514 646 2570 semper
674 2497 765 2563 sit,
802 2497 875 2551 ita
912 2507 1074 2566 negat
1099 2497 1216 2565 ejus
1246 2496 1297 2548 in
1327 2494 1482 2548 Creta
1515 2493 1819 2561 sepulcrum
1845 2508 1983 2558 esse,

430 2603 491 2647 ut
531 2602 707 2646 tamen
760 2600 1024 2645 memoret
1076 2589 1128 2642 in
1180 2588 1271 2642 ino
1304 2586 1470 2642 fuisse
1514 2586 1707 2640 mortis
1745 2586 1984 2640 initium.

432 2684 593 2740 Nasci
633 2686 800 2750 enim,
833 2683 1073 2752 incipere
1108 2689 1193 2736 est
1229 2678 1388 2735 mori.
1421 2678 1582 2748 Atqui
1608 2676 1753 2733 illius
1779 2686 1863 2732 est.
1900 2678 1986 2733 hic

430 2790 622 2832 VCI'SIJS
651 2794 664 2829 ζ

676 2888 748 2945 Te
784 2890 924 2957 apud
959 2888 1277 2941 Parrhasios
1306 2886 1448 2939 Rhea
1473 2887 1687 2954 peperit.

431 2981 895 3049 Quemadmodum
949 2990 1129 3032 autem
1169 2978 1317 3033 Jovis
1352 2980 1403 3032 in
1431 2979 1588 3034 Creta
1614 2990 1792 3057 ortum
1820 2994 1986 3049 nega-

2092 1851 2344 1921 οὐδεμίαν
2368 1848 2473 1905 οἷδε
2502 1852 2854 1923 τροπολογίαν
2882 1855 2942 1907 ὲν
2969 1856 3081 1919 τοῖς
3108 1854 3238 1926 περὶ
3258 1854 3379 1918 Διὸς
3426 1854 3517 1906 καὶ
3560 1852 3654 1905 τοῦ

2090 1945 2259 2013 τάφου
2309 1943 2492 1997 αὑτοῦ.
2521 1945 2612 1997 Διὸ
2638 1946 2730 1998 καὶ
2755 1945 2976 2014 ἐγκαλεῖ
3000 1949 3112 2011 τοῖς
3141 1947 3351 2020 Κρησὶν
3374 1947 3432 1999 ὲν
3465 1945 3544 2017 τῷ
3575 1947 3656 2010 είς

2090 2036 2179 2089 τὸν
2203 2035 2299 2088 Δία
2326 2035 2586 2105 γραφέντι
2607 2035 2770 2089 αὐτοῦ
2813 2036 2987 2108 ὕμνῳ,
3008 2036 3180 2106 λέγων
3197 2053 3212 2069 ο

2088 2236 2314 2303 Κρῆτες
2341 2236 2431 2290 ἀεὶ
2460 2236 2748 2307 ψεῦσταιο
2780 2237 2880 2290 καὶ
2912 2236 3023 2307 γὰρ
3051 2236 3258 2307 τάφον,
3288 2232 3335 2291 ὦ
3362 2237 3499 2301 ἄνα,
3525 2238 3651 2294 σεῖο

2086 2308 2307 2376 Κρῆτες
2319 2306 2728 2372 ἐτεκτήναντο·
2755 2308 2835 2361 σὺ
2860 2307 2909 2359 δ’
2921 2306 2991 2362 οὺ
3013 2306 3208 2375 θάνεςο
3227 2309 3367 2363 ἐσσὶ
3384 2309 3490 2379 γὰρ
3517 2310 3649 2365 αἰεί.

2090 2420 2195 2474 Καὶ
2220 2423 2248 2474 ὁ
2275 2420 2462 2486 εἰπὼν,
2493 2422 2565 2474 Σὺ
2591 2420 2634 2473 δ’
2661 2422 2721 2473 ού
2746 2421 2934 2484 θάνεςο
2967 2421 3085 2473 ἐσσὶ
3105 2419 3212 2492 γάρ
3239 2420 3369 2487 αἰεὶ,
3410 2421 3649 2494 ἀρνησά-

2090 2527 2247 2581 μενος
2277 2510 2376 2580 τὴν
2425 2509 2481 2563 ὲν
2514 2510 2708 2583 Κρήτῃ
2737 2512 2912 2581 ταφὴν
2930 2510 3022 2563 τοῦ
3046 2510 3190 2575 Διὸς,
3222 2511 3319 2582 τὴν
3348 2512 3523 2583 ἀρχὴν
3557 2512 3648 2567 τοῦ

2088 2603 2314 2656 Θανάτου
2362 2603 2560 2673 ίστορεί
2600 2601 2878 2669 γεγονέναι
2920 2604 3049 2673 περὶ
3095 2602 3187 2657 τὸν
3223 2604 3342 2658 Δία.
3390 2604 3555 2676 Ἀρχὴ
3593 2605 3649 2657 δὲ

2088 2695 2314 2749 Θανάτου
2346 2696 2378 2765 ἡ
2404 2696 2497 2746 ἐπὶ
2524 2695 2625 2765 γῆς
2650 2694 2859 2761 γένεσις
2878 2711 2891 2724 ’
2920 2694 3066 2763 λέγει
3090 2694 3135 2749 δ’
3164 2694 3366 2759 οὕτως’

2098 2894 2193 2946 Ἐν
2217 2893 2282 2947 δέ
2301 2909 2374 2947 σε
2395 2895 2753 2962 Παῤῥασίοις
2777 2894 2886 2964 (89)
2925 2894 3076 2962 Ῥείη
3105 2893 3278 2949 τέκεν
3305 2893 3635 2963 εὐνηθεῖσα.

2098 2986 2297 3057 Ἐχρῆν
2326 2986 2369 3038 δ’
2398 2986 2578 3049 αὐτὸν,
2607 2985 2682 3048 ὡς
2720 2987 2991 3058 ἠρνήσατο
3013 2985 3108 3057 τὴν
3127 2988 3185 3039 ἐν
3215 2986 3408 3059 Κρήτῃ
3435 2986 3637 3054 γένεσιν

431 3080 585 3126 verat
635 3079 855 3139 propter
901 3069 1203 3135 sepulcrum
1253 3069 1404 3135 ejus,
1438 3081 1514 3124 tta
1565 3070 1746 3125 videre
1803 3072 1985 3125 debuit

2087 3076 2178 3129 τοῦ
2224 3077 2341 3141 Διὸς
2370 3076 2458 3130 διὰ
2486 3077 2577 3130 τὸν
2625 3077 2790 3144 τάφον
2834 3076 3019 3142 αὑτοῦ,
3051 3078 3202 3148 ὁρᾷν,
3238 3078 3319 3131 ὅτι
3366 3076 3643 3147 ἠκολούθει

429 3176 767 3231 consequens
810 3175 932 3213 esse
965 3170 1022 3211 ut
1068 3160 1112 3213 si
1160 3168 1317 3213 natus
1348 3170 1431 3213 est
1470 3161 1524 3213 in
1563 3161 1813 3222 Arcadia,
1843 3177 1986 3215 rnor-

430 3265 557 3309 tuus
586 3254 748 3307 fuerit
779 3253 868 3322 qui
894 3262 1051 3306 natus
1092 3261 1230 3306 erat.
1256 3253 1327 3306 At
1359 3251 1438 3306 sic
1478 3253 1544 3307 de
1574 3251 1658 3306 his
1689 3253 1837 3307 canit
1859 3252 1984 3307 Cal-

428 3347 692 3402 limachus
726 3362 741 3399 :

498 3442 729 3509 Jupiter,
760 3438 918 3492 Idmis
948 3447 1123 3491 natum
1152 3449 1201 3491 te
1231 3439 1284 3490 in
1314 3436 1572 3491 montibus
1603 3437 1792 3509 aiunt;

494 3508 786 3565 Arcadibus
821 3518 869 3562 te
902 3515 1027 3562 dum
1060 3510 1155 3561 alii
1191 3527 1211 3564 :
1235 3512 1341 3562 utri
1369 3509 1518 3563 verba
1551 3508 1843 3562 dederunt?

494 3640 710 3715 Semper
738 3644 1006 3698 mendaces
1032 3640 1221 3709 Creten,
1256 3652 1360 3699 etc.

421 3762 599 3828 Atque
636 3758 741 3813 huc
787 3774 883 3813 nos
924 3759 1099 3825 coegit
1142 3756 1349 3825 Celsus,
1402 3757 1492 3827 qui
1540 3771 1731 3828 parum
1790 3773 1977 3828 :equus

424 3853 478 3905 in
508 3850 709 3917 Jesum,
738 3852 909 3905 credit
932 3851 1146 3918 quidem
1178 3864 1365 3904 verum
1393 3864 1514 3904 esse
1547 3851 1689 3919 quod
1717 3851 1979 3921 scripturn

422 3954 525 4008 est,
584 3943 732 3998 illum
785 3952 838 3995 et
900 3954 1167 3995 mortuum
1216 3950 1270 3994 et
1319 3941 1586 4011 sepultum
1655 3958 1814 4008 esse,
1881 3957 1979 4012 pro

424 4038 679 4104 tigmento
724 4041 901 4086 autem
946 4032 1107 4085 habet
1152 4030 1397 4085 eumdem
1445 4046 1476 4086 e
1534 4033 1760 4086 mortuis
1811 4031 1981 4087 fuisse

423 4125 716 4183 excitatum
754 4125 1041 4194 :quamvis
1071 4133 1145 4177 tot
1172 4125 1445 4194 prephetae
1479 4123 1592 4190 ejus
1627 4124 1981 4180 resurrectio-

420 4238 544 4278 nem
578 4223 946 4291 praadixerint,
969 4221 1260 4292 multisque
1281 4221 1453 4290 signis
1484 4221 1636 4276 illum
1677 4219 1978 4277 redivivum

420 4310 731 4381 apparuisse
766 4321 996 4366 constet.

2082 3175 2149 3242 τῇ
2196 3174 2255 3224 ὲν
2294 3172 2547 3245 Ἀρκαδία
2581 3173 2786 3240 γενέσει
2812 3170 2975 3224 αὑτοῦ
2996 3170 3054 3224 τὸ
3086 3172 3180 3225 καὶ
3231 3171 3519 3225 ἀποθανεῖν
3554 3170 3646 3223 τὸν

2082 3265 2491 3334 γεγεννημένον.
2524 3263 2757 3317 Τοιαῦτα
2807 3262 2864 3316 δὲ
2906 3262 2999 3316 καὶ
3044 3262 3172 3333 περὶ
3216 3262 3421 3317 τούτων
3448 3262 3645 3332 λέγειὸ

2083 3354 2429 3426 Καλλίμαχος
2443 3373 2456 3385 ·

2082 3446 2216 3511 Ζεῦ,
2253 3446 2327 3499 σὲ
2350 3448 2468 3514 μὲν
2520 3446 2813 3499 Ἰδαίοισιν
2845 3443 2915 3497 ἐν
2940 3444 3143 3511 οὔρεσι
3178 3444 3325 3513 φασί
3350 3444 3643 3514 γενέσθαι,

2081 3514 2217 3581 Ζεῦ,
2273 3516 2349 3570 σὲ
2403 3516 2454 3569 δ’
2492 3516 2564 3570 ἐν
2613 3515 3213 3585 Ἀρκαδίῃ.11ότεροι,
3247 3515 3645 3585 πάτερβψεύ-

3416 3602 3600 3640 σαντο
3620 3602 3639 3648 ;

2080 3655 2304 3725 Κρῆτες
2329 3656 2418 3711 ἀεὶ
2452 3656 2729 3725 ψεῦσται,
2755 3656 2850 3709 καὶ
2878 3654 2945 3709 τὰ
2975 3654 3124 3727 ἑξῆς.

2079 3771 2174 3834 Εἰς
2198 3769 2371 3823 ταῦτα
2418 3769 2462 3821 δ’
2504 3771 2649 3840 ἡμᾶς
2694 3770 2899 3839 ἤγαγεν
2946 3772 2975 3823 ὁ
3028 3767 3267 3833 Κέλσος,
3316 3767 3642 3839 ἀγνωμονῶν

2081 3862 2210 3934 περὶ
2244 3860 2337 3914 τοῦ
2390 3859 2585 3931 Ἰησοῦ,
2616 3859 2711 3914 καὶ
2744 3858 3266 3930 συγκατατιθέμενος
3301 3859 3397 3931 μὲν
3418 3863 3527 3924 τοῖς
3550 3876 3641 3929 γε-

2079 3951 2434 4023 γραμμένοις,
2489 3952 2571 4005 ὅτι
2616 3951 2853 4006 ἀπέθανε
2911 3951 3007 4005 καὶ
3063 3950 3257 4022 ἐτάφη,
3317 3950 3546 4022 πλάσμα
3582 3951 3639 4005 δὲ

2079 4043 2379 4114 ἡγούμενος
2424 4037 2585 4106 εἶναι,
2617 4045 2699 4097 ὅτι
2749 4042 2840 4097 καὶ
2882 4042 3081 4115 ἀνέστη
3131 4042 3239 4098 ἀπὸ
3267 4042 3374 4098 τῶν
3398 4042 3637 4117 νεκρῶνο

2080 4136 2175 4189 καὶ
2222 4135 2394 4190 ταῦτα
2441 4136 2648 4207 μυρίων
2686 4135 2976 4208 προφητῶν
3016 4134 3291 4189 καὶτοῦτο
3321 4135 3643 4207 προειρηκό-

2079 4245 2207 4291 των,
2240 4227 2334 4281 καὶ
2378 4226 2586 4280 πολλῶν
2634 4227 2803 4281 ὄντων
2858 4226 3098 4298 σημείων
3123 4226 3220 4299 τῆς
3247 4225 3384 4299 μετὰ
3416 4226 3641 4282 θάνατον

2080 4318 2395 4387 ἐπιφανείας
2422 4318 2604 4371 αὐτοῦ.

488 4404 577 4458 44.
631 4403 832 4458 Deinde
889 4403 1119 4469 Celsus,
1172 4418 1291 4473 qua:
1343 4401 1502 4472 pauci
1540 4401 1761 4457 omnino
1794 4415 1862 4456 ex
1908 4399 1973 4455 iis

2150 4402 2263 4459 Εἶθ’
2304 4406 2427 4476 ἑξῆς
2458 4407 2566 4476 (90)
2592 4406 2800 4470 τούτοις
2848 4408 2879 4459 ὁ
2930 4407 3135 4471 Κέλσος
3177 4408 3245 4461 τὰ
3298 4408 3403 4462 ὑπὸ
3446 4407 3639 4477 ὀλίγων

417 4499 510 4566 qui
561 4496 829 4550 habentur
874 4496 1198 4560 Christiani,
1255 4496 1402 4565 iique
1451 4511 1561 4551 non
1619 4495 1968 4558 eruditiores,

417 4601 475 4643 nt
538 4599 711 4657 putat,
784 4590 877 4642 sed
926 4589 1319 4657 imperitissimi
1408 4598 1598 4642 contra
1667 4588 1972 4642 doctrinam

416 4679 543 4735 Jesu
610 4682 876 4750 garriunt,
925 4678 1153 4734 all‘erens
1208 4698 1221 4733 :
1280 4697 1299 4730 ι
1351 4677 1477 4734 Πωο
1551 4689 1698 4742 sunt,
1773 4679 1971 4745 inquit,

418 4786 603 4827 eorum
668 4771 908 4825 instituta
969 4788 983 4824 :
1031 4771 1199 4826 Nemn
1256 4772 1524 4835 eruditus,
1581 4786 1739 4825 nemo
1809 4770 1975 4841 476

419 4862 655 4930 sapiens,
718 4874 877 4914 nemo
941 4864 1178 4929 prudens
1226 4864 1294 4917 ad
1346 4877 1444 4916 nos
1500 4862 1723 4916 accedat
1783 4880 1796 4916 :
1859 4864 1973 4916 haec

417 4965 563 5006 ernrn
622 4948 762 5002 mala
832 4950 972 5017 apud
1070 4966 1168 5006 nos
1248 4951 1655 5005 existimantur.
1745 4950 1851 5005 Sed
1926 4949 1971 5004 si

417 5044 538 5113 quis
575 5052 661 5097 est
698 5041 942 5111 ignarus,
981 5040 1026 5096 si
1080 5042 1199 5111 quis
1246 5043 1530 5112 insipiens,
1570 5043 1615 5096 si
1660 5042 1783 5109 quis
1840 5042 1973 5097 stul-

483 5164 531 5195 "
560 5161 881 5216 Callimach.
906 5162 1088 5232 liymn.
1116 5162 1170 5226 1,
1200 5161 1255 5216 ἱιι
1286 5160 1495 5216 Jovem.

484 5274 598 5347 (87)
627 5277 931 5347 Spencerus
960 5277 1015 5330 in
1052 5285 1225 5340 textu,
1246 5273 1428 5347 τοῦτο.

488 5346 599 5417 (88)
639 5348 942 5416 Spencerus
981 5347 1033 5399 in
1069 5346 1469 5417 textu,_60xst’;.

484 5415 596 5489 (89)
645 5415 770 5473 Mss.
828 5416 1191 5489 Παρρασίοις.
1217 5415 1641 5489 llmselteli‘ushet
1668 5416 1973 5485 Spencerus

414 5489 468 5542 in
498 5486 667 5561 textu
702 5486 1044 5557 Παρνασίοις.
1084 5488 1236 5541 Lihb.
1290 5487 1419 5540 editi
1456 5486 1777 5541 Callimachi
1826 5489 1973 5561 Παῤ-

416 5563 596 5697 ραῗδθ)
636 5624 754 5681 Εἴθ’
785 5627 944 5695 ἑξῆς.
1002 5626 1092 5681 Sic
1146 5642 1272 5681 mss.
1304 5635 1357 5680 et
1404 5626 1721 5687 Philocalia.
1773 5629 1970 5685 rectius

417 5710 546 5750 sane
578 5713 738 5773 quam
765 5698 1104 5753 lluzschclius
1134 5707 1185 5752 et
1214 5697 1541 5767 Spencerus,
1570 5696 1676 5749 Είδ⁹
1700 5697 1844 5766 ἑξῆς.

2080 4499 2216 4550 πάνυ
2248 4499 2397 4567 παρὰ
2438 4498 2532 4569 τὴν
2556 4501 2899 4557 διδασκαλίαν
2927 4499 3099 4569 Ἰησοῦ
3131 4498 3394 4570 λεγόμενα
3430 4500 3641 4570 νομιζο-

2080 4589 2253 4657 μένων
2301 4590 2674 4661 Χριστιανῶν,
2722 4590 2781 4643 ού
2829 4591 3243 4662 φρονιμωτέρων
3280 4592 3373 4661 (ὡς
3421 4594 3637 4659 οἴεται),

2076 4682 2188 4734 ἀλλ’
2222 4680 2609 4753 ἀμαθεστέρων
2638 4684 2768 4754 (91),
2811 4684 3012 4754 φέρων,
3042 4684 3173 4755 φησὶ
3227 4704 3245 4735 ι
3284 4684 3505 4737 τοιαῦτα
3548 4688 3637 4740 ὑπ’

2075 4770 2253 4824 αὐτῶν
2309 4773 2767 4843 προστάσσεσθαι·
2818 4772 3021 4844 Μηδεὶς
3068 4774 3307 4845 προσίτω
3358 4774 3639 4827 πεπαιδευ-

2081 4862 2258 4931 μένος,
2314 4863 2499 4934 μηδεὶς
2560 4864 2740 4933 σοφὸς,
2767 4865 2951 4936 μηδείς
2998 4866 3257 4937 φρόνιμος
3310 4865 3476 4936 (κακά
3529 4866 3637 4936 γὰρ

2079 4952 2247 5005 ταῦτα
2275 4954 2552 5025 νομίζεται
2584 4960 2713 5028 παρ’
2730 4957 2902 5028 ἡμῖν),
2920 4957 3033 5010 ἀλλ’
3048 4957 3099 5008 εἰ
3122 4974 3204 5020 τις
3227 4957 3459 5027 ἀμαθὴς,
3487 4956 3539 5008 εί
3555 4972 3637 5019 τις

2080 5046 2301 5116 ἀνόητος
2324 5046 2490 5115 ,εἴτις
2505 5048 2821 5113 ἀπαίδευτος
2850 5050 2980 5121 (92),
3002 5047 3156 5113 εἴτις
3187 5051 3396 5119 νήπιος,
3419 5046 3634 5119 θαρρῶν

2142 5280 2252 5349 (91)
2282 5280 2738 5348 Ἀμαθεστέριιηρ.
2766 5279 2838 5333 Ita
2871 5279 3026 5334 codd.
3058 5278 3259 5349 Regius
3282 5288 3337 5333 et
3358 5275 3633 5349 Basileen-

2070 5350 2164 5403 sis.
2196 5348 2364 5413 Alias,
2399 5349 2807 5419 ἀμαθεστάτων.
2844 5349 3012 5404 Paulo
3043 5348 3161 5419 post
3213 5348 3549 5419 llteschelms
3579 5359 3634 5401 et

2069 5420 2327 5490 Spencer.
2360 5424 2414 5490 in
2444 5418 2704 5486 margine.
2730 5419 2834 5490 acati
2865 5419 2972 5490 γάρ
2993 5418 3165 5490 ταῦτα
3190 5418 3485 5488 νομίζεται.

2139 5489 2251 5560 (92)
2304 5488 2376 5542 ΕΖ
2427 5504 2517 5555 τις
2568 5486 3119 5560 ἀπαίδευτος-ξληεερ
3170 5490 3221 5543 in
3256 5486 3445 5560 antea
3473 5486 3631 5541 editis

2067 5556 2265 5628 omissa
2300 5560 2556 5628 sunt,_sed
2582 5558 2895 5627 supplentur
2922 5576 2952 5610 e
2977 5557 3285 5612 Philoealia.
3317 5556 3632 5628 Paulopost

2067 5627 2357 5700 Philaealia
2415 5625 2815 5700 tnanttseri‘pta,
2868 5628 2949 5682 ὅτι
2995 5629 3184 5700 μόνους
3221 5630 3345 5692 τοὺς
3392 5625 3631 5698 ἠλιθίους

2067 5699 2161 5750 καὶ
2196 5697 2438 5761 ἀσθενεῖς
2465 5699 2557 5751 καὶ
2585 5696 2957 5769 ἀναισθήτους.
2997 5696 3008 5700 ⁷
3417 5696 3423 5698 Ἴ
3622 5717 3626 5721 ’
