3998 6170
376 313 481 371 977

1554 311 1832 369 CONTRA
1864 309 2139 367 CELSUM
2176 311 2303 366 LIB.
2342 310 2425 365 lll.

3483 308 3588 364 978

378 432 574 505 ἡκέτω.
608 430 841 494 Τούτους
870 430 978 502 γὰρ
1010 431 1191 498 ἀξίους
1213 429 1306 483 τοῦ
1332 431 1594 501 σφετέρου
1625 430 1756 484 Θεοῦ
1787 429 1944 485 αὑτό-

2046 440 2150 495 tus,
2187 431 2232 485 is
2267 430 2493 484 ﬁdenter
2521 428 2722 482 veniat.
2756 426 2899 494 Quos
2928 427 3171 482 homines
3195 442 3316 482 cum
3355 444 3451 483 suo
3484 430 3591 484 Deo

376 524 471 579 θεν
496 520 896 594 ὁμολογοῦντες,
929 522 1077 592 δῆλοί
1118 524 1253 575 εἰσιν
1274 561 1289 585 ,
1330 523 1411 574 ὃτι
1449 522 1640 592 μόνους
1676 523 1799 584 τοὺς
1827 522 1941 590 ἡλι-

377 614 522 680 θίους
551 612 645 667 καὶ
669 615 914 682 ἀγεννεῖς
945 614 1037 666 καὶ
1077 613 1453 683 ἀναισθήτους,
1484 611 1578 664 καὶ
1615 613 1938 684 ἀνδράποδα,

382 704 479 758 καὶ
542 702 763 771 γύναια,
817 703 910 756 καὶ
973 703 1253 775 παιδάρια,
1324 703 1528 757 πείθειν
1578 703 1816 756 ἐθέλουσί
1882 719 1942 755 τε

376 796 471 850 καί¹
522 795 805 850 δύνανται⁶
847 815 866 849 ι
894 796 1003 848 Καὶ
1065 798 1197 869 πρὸς
1251 795 1426 850 ταῦτα
1483 796 1540 849 δέ
1590 812 1787 864 φαμεν,
1837 795 1940 856 ὃτι,

376 887 563 958 ὥσπερ
591 886 644 941 εἴ
663 886 876 956 τις(τοῦ
907 886 1079 958 Ἰησοῦ
1106 888 1448 951 διδάσκοντος
1490 886 1557 939 τὰ
1580 886 1705 956 περὶ
1736 902 1944 955 σωφρο-

381 977 564 1048 σύνης,
594 978 686 1032 καὶ
714 979 987 1048 λέγοντοςο
1017 982 1113 1043 Ὃς
1156 980 1249 1034 ἐὰν
1282 979 1523 1052 ἐμϐλέψῃ
1548 979 1765 1047 γυναικὶ
1808 976 1943 1047 πρὸς

386 1070 436 1124 εδ
481 1072 834 1142 ἐπιθυμῆσαι,
878 1073 974 1145 ἥδη
1008 1074 1322 1145 ἐμοίχευσεν
1348 1074 1516 1144 αὐτὴν
1555 1075 1612 1125 ἐν
1651 1076 1714 1143 τῇ
1750 1073 1944 1143 καρδίᾳ

378 1163 541 1216 αὑτοῦ
563 1181 577 1194 ο
606 1158 803 1233 »)ὲώρα
830 1165 1042 1234 ὀλίγους
1060 1166 1165 1219 ἀπὸ
1184 1164 1291 1218 τῶν
1310 1166 1573 1219 τοσούτων
1592 1167 1944 1237 Χριστιανοὺς

272 1258 281 1265 “
378 1248 516 1308 εἶναι
555 1254 935 1327 νομιζομένους
977 1255 1288 1321 ἀκολάστως
1337 1257 1561 1321 ζῶντας,
1607 1255 1945 1324 εὐλογώτατα

382 1345 478 1414 μὲν
524 1344 591 1398 ἂν
622 1345 802 1408 αὐτοῖς
824 1345 1067 1399 ἐνεκάλει
1091 1346 1241 1417 παρά
1273 1345 1369 1416 τὴν
1402 1344 1573 1416 Ἰησοῦ
1608 1344 1779 1414 βιοῦσι
1805 1344 1947 1397 διδα-

386 1434 645 1490 σκαλίανο
677 1436 991 1505 ἀλογώτατα
1027 1436 1071 1490 δ’
1104 1437 1169 1491 ἂν
1190 1437 1461 1506 ἐποίησεν,
1498 1438 1544 1489 εί
1570 1436 1629 1489 τὸ
1660 1436 1779 1489 κατ’
1809 1435 1948 1488 ἐκεί-

388 1542 495 1579 νων
546 1526 795 1596 ἔγκλημα
835 1525 913 1595 τῷ
954 1525 1093 1596 λόγῳ
1121 1527 1429 1598 προσῆπτεν
1446 1542 1463 1558 ·
1484 1526 1653 1588 οὕτως
1682 1526 1776 1579 ἐὰν
1798 1524 1946 1595 εὑρί-

384 1631 580 1686 σκηται
600 1614 812 1678 οὐδενὸς
833 1612 995 1688 ἦττον
1028 1617 1055 1668 ὁ
1085 1617 1421 1689 Χριστιανῶν
1458 1615 1611 1685 λόγος
1638 1616 1731 1667 ἐπὶ
1761 1616 1949 1685 σοφίαν

383 1705 838 1777 προκαλούμενος,
862 1707 1148 1777 ἐγκλητέον
1180 1709 1275 1779 μὲν
1300 1708 1457 1762 ἐσται
1485 1711 1593 1772 τοῖς
1624 1708 1947 1780 συναγορεύ-

382 1814 501 1850 ουσι
522 1799 587 1868 τῇ
618 1797 766 1867 σφῶν
782 1796 1008 1868 ἀμαθίᾳ,
1028 1800 1119 1852 καὶ
1141 1799 1386 1867 λέγουσιν
1407 1800 1467 1852 ού
1489 1799 1657 1853 ταῦτα
1686 1800 1781 1870 μὲν
1807 1801 1948 1872 ἅπερ

382 1888 413 1939 ό
444 1885 649 1948 Κέλσος
695 1886 999 1957 ἀνέγραψεν
1025 1886 1163 1959 (οὐδὲ
1208 1889 1315 1959 γὰρ
1364 1888 1534 1952 οὕτως
1560 1890 1944 1959 ἀναισχύντως,

386 1977 491 2031 κᾶν
527 1977 731 2031 ἰδιῶταί
753 1996 895 2042 τινες
920 1973 1021 2032 ὦσι
1068 1980 1160 2033 καὶ
1186 1981 1431 2051 ἀμαθεῖς,
1459 1981 1702 2049 λέγουσιν
1720 1984 1757 2050 ·)
1789 1982 1949 2053 ἕτερα

384 2069 441 2123 δὲ
483 2068 660 2140 πολλῷ
705 2069 957 2125 ἐλάττονα
1002 2072 1094 2125 καὶ
1123 2072 1492 2144 ἀποτρεπτικὰ
1526 2072 1618 2126 τοῦ
1646 2075 1829 2126 ἀσκεῖν
1857 2091 1947 2127 σο-

388 2163 533 2232 φίαν.

454 2254 660 2307 Ὅτιδέ
694 2253 936 2323 βούλεται
969 2256 1115 2325 ἡμᾶς
1152 2250 1289 2308 εἶναι
1337 2258 1531 2325 σοφοὺς
1570 2260 1599 2311 ό
1631 2258 1805 2327 λόγος,
1841 2259 1949 2311 δει-

382 2340 538 2395 κτέον
560 2343 653 2396 καὶ
680 2342 785 2397 ἀπὸ
807 2343 921 2407 τῶν
938 2344 1180 2399 παλαιῶν
1208 2346 1300 2399 καὶ
1338 2347 1641 2400 Ἰουδαϊκῶν
1685 2350 1947 2421 γραμμά-

382 2448 511 2495 των,
541 2430 622 2495 οἴς
654 2434 745 2486 καὶ
781 2436 939 2505 ἡμεῖς
977 2435 1255 2506 χρώμεθα,
1280 2438 1382 2508 οὐχ
1411 2434 1571 2509 ἦττον
1614 2440 1671 2491 δὲ
1708 2442 1799 2492 καὶ
1839 2440 1949 2493 ἀπὸ

382 2523 493 2575 τῶν
526 2525 661 2595 μετά
692 2522 784 2578 τὸν
825 2528 1028 2598 Ἰησοῦν
1063 2529 1398 2599 γραφέντων,
1431 2533 1525 2583 καὶ
1574 2533 1630 2582 ἐν
1673 2536 1789 2594 ταῖς
1825 2533 1948 2585 Ἐκ-

384 2617 634 2686 κλησίαις
682 2617 840 2671 θείων
858 2674 859 2679 η
877 2615 1014 2672 εἶναι
1043 2622 1501 2692 πεπιστευμένων.
1522 2624 1949 2695 Ἀναγέγραπται

383 2705 448 2775 δὴ
474 2708 529 2787 ἐν
560 2707 905 2778 πεντηκοστῷ
925 2709 1121 2782 ψαλμῷ
1140 2713 1301 2765 Δαυὶδ
1329 2716 1385 2765 ἐν
1405 2716 1469 2784 τῇ
1504 2716 1639 2785 πρὸς
1663 2715 1792 2768 Θεὸν
1818 2719 1946 2787 εὐχῇ

384 2782 588 2863 λέγων·
615 2798 697 2852 Τά
733 2799 899 2870 ἄδηλα
933 2802 1025 2855 καὶ⁸
1053 2803 1118 2856 τὰ
1144 2803 1346 2874 κρύφια
1370 2782 1467 2875 τῆς
1497 2782 1684 2875 σοφίας
1718 2825 1808 2861 σου
1830 2782 1950 2880 ὲδῆζ

383 2887 563 2953 λωσάς
585 2908 693 2961 μοι.
727 2910 745 2942 ι
776 2894 886 2946 Καὶ
917 2893 970 2946 εἴ
992 2895 1075 2957 τίς
1100 2912 1162 2962 γε
1188 2895 1396 2967 ἐντύχοι
1426 2902 1535 2961 τοῖς
1564 2900 1827 2971 Ψαλμοῖς,
1861 2902 1951 2956 εὖ-

385 2997 467 3051 ροι
500 2980 566 3034 ἂν
598 2982 806 3036 πολλῶν
855 2984 1029 3052 σοφῶν
1069 2986 1352 3057 δογμάτων
1398 2987 1574 3060 πλήρη
1614 2991 1708 3062 τὴν
1749 2993 1943 3061 βίϐλον.

382 3072 491 3124 Καὶ
521 3073 763 3145 Σολομὼν
801 3074 909 3145 (95)
935 3076 1015 3130 δέ.
1040 3078 1160 3130 ἐπεὶ
1192 3079 1382 3146 σοφίαν
1408 3081 1623 3152 ᾔτησεν,
1652 3085 1937 3156 ἀπεδέχθη.
1970 3098 2013 3158 c

385 3163 496 3215 Καὶ
542 3165 640 3232 τῆς
690 3167 881 3235 σοφίας
937 3168 1100 3222 αὑτοῦ
1139 3170 1207 3224 τὰ
1256 3171 1376 3242 ἴχνη
1424 3174 1569 3227 ἐστὶν
1598 3176 1654 3227 ἐν
1676 3179 1788 3239 τοῖς
1817 3194 1944 3246 συγ-

388 3256 671 3327 γράμμασι
696 3259 985 3333 θεωρῆσαι,
1033 3262 1269 3333 μεγάλην
1302 3262 1488 3333 ἔχοντα
1523 3266 1580 3317 ἐν
1619 3266 1945 3339 βραχυλογίᾳ

391 3343 688 3413 περίνοιανο
718 3348 774 3400 ἐν
806 3344 886 3411 οἷς
912 3349 976 3403 ἂν
1005 3349 1182 3422 εὕροις
1203 3353 1366 3405 πολλὰ
1396 3354 1643 3424 ἐγκώμια
1672 3356 1765 3426 τῆς
1798 3357 1946 3425 σοφί-

390 3453 473 3500 ας,
502 3438 593 3491 καὶ
616 3442 980 3512 προτρεπτικά
1018 3444 1144 3515 περὶ
1181 3444 1273 3497 τοῦ
1303 3445 1488 3515 σοφίαν
1510 3446 1619 3499 δεῖν
1639 3447 1940 3502 ἀναλαϐεῖν.

387 3528 497 3582 Καὶ
535 3529 675 3584 οὓτω
702 3548 764 3600 γε
795 3532 954 3601 σοφὸς
997 3528 1065 3604 ἦν
1088 3534 1353 3605 Σολομὼν,
1373 3535 1511 3590 ὥστε
1540 3558 1557 3589 ι
1585 3538 1682 3608 τὴν
1707 3538 1945 3608 βασιλίδα

388 3620 555 3685 Σαϐὰ,
601 3624 932 3687 ἀκούσασαν,
978 3625 1141 3679 αὑτοῦ
1188 3628 1249 3680 τὸ
1298 3628 1464 3700 ὄνομα
1523 3631 1616 3683 καὶ
1665 3632 1725 3684 τὸ
1775 3631 1944 3703 ὄνομα

386 3712 611 3783 Κυρίου,
643 3714 814 3769 ἐλθεῖν
840 3719 1097 3788 πειρᾶσαι
1132 3719 1291 3771 αὑτὸν
1339 3722 1396 3773 ἐν
1432 3723 1744 3791 αἰνίγμασιν
1764 3744 1779 3755 νι
1825 3725 1945 3793 ἥτις

386 3804 479 3856 καὶ
522 3805 778 3877 ἐλάληπν
830 3809 974 3880 αὐτῷ
998 3810 1173 3864 πάντα
1203 3811 1303 3865 ὅσα
1349 3808 1416 3884 ἦν
1442 3814 1497 3865 ἐν
1536 3818 1600 3885 τῇ
1630 3815 1824 3885 καρδίᾳ
1850 3817 1945 3869 αύ-

385 3896 501 3962 τῆς.
550 3897 656 3949 Καὶ
704 3900 1034 3970 ἀπήγγειλεν
1086 3902 1220 3975 αὐτῇ
1266 3904 1513 3975 Σολομὼν
1570 3905 1775 3971 πάντας
1817 3908 1942 3971 τοὺς

386 3984 572 4053 λόγους
598 3988 796 4058 αὐτῆς·
822 3992 923 4043 οὐκ
955 3989 1022 4062 ἦν
1054 3992 1207 4060 λόγος
1254 3999 1675 4069 -παρεωραμένος
1710 3999 1811 4050 ὑπὸ
1851 4000 1941 4051 τοῦ

388 4075 667 4144 βασιλέως,
701 4079 760 4132 δν
802 4081 899 4133 οὐκ
928 4083 1257 4153 ἀπήγγειλεν
1290 4088 1445 4157 αὐτῇ.
1486 4089 1593 4139 Καὶ
1639 4085 1742 4140 εἶδε
1798 4090 1944 4158 βασί-

386 4167 543 4221 λισσα
587 4171 735 4223 Σαῦά
777 4174 955 4226 πᾶσαν
995 4175 1093 4244 τὴν
1136 4177 1389 4247 φρόνησιν
1436 4178 1699 4248 Σολομὼν,
1747 4164 1837 4233 καὶ
1876 4182 1944 4234 τὰ

387 4261 507 4312 κατ’
552 4260 746 4315 αὐτόν·
799 4264 893 4317 καὶ
938 4264 993 4330 ἐξ
1042 4266 1205 4336 αὐτῆς
1254 4268 1465 4335 ἐγένετο
1511 4271 1603 4322 καὶ
1646 4267 1767 4323 εἷπε
1808 4272 1941 4342 πρὸς

384 4352 477 4406 τὸν
519 4352 775 4424 βασιλέαο
843 4355 1068 4428 Ἀληθὴς
1123 4358 1154 4410 ὁ
1203 4360 1359 4427 λόγος
1411 4360 1468 4414 ὃν
1515 4362 1722 4431 ἥκουσα
1777 4365 1834 4416 έν
1872 4368 1938 4436 τῇ

2043 524 2235 593 dignos
2277 536 2398 576 esse
2432 522 2530 588 ip3i
2565 518 2853 584 fateantur,
2882 530 3064 589 aperte
3092 520 3369 574 declarant
3400 536 3460 575 se
3491 537 3592 576 nec

2040 615 2197 675 velle,
2225 627 2326 667 nec
2350 627 2506 681 posse
2535 611 2633 665 sibi
2664 611 2952 665 conciliare
2978 611 3130 674 alios,
3152 626 3309 680 quam
3344 613 3587 680 stolidos,

2043 698 2328 767 ignobiles.
2361 699 2623 767 stupidos,
2654 698 2944 768 mancipia,
2990 700 3332 755 mulierculas
3382 713 3435 756 et
3464 716 3592 771 pue-

2042 791 2208 844 rulos.
2245 809 2264 842 ι
2304 790 2384 843 Ad
2418 805 2537 858 quae
2566 791 2644 844 sic
2679 793 2998 859 respondeo.
3033 791 3153 846 llaec
3187 789 3340 847 Jesus
3368 795 3432 847 dc
3465 810 3592 850 con-

2044 883 2268 938 tinentia
2320 886 2473 936 docet
2512 900 2524 935 :
2560 900 2578 933 ι
2624 883 2724 949 Qui
2758 885 2950 937 viderit
2982 885 3260 938 mulierem
3294 886 3359 938 ad
3394 901 3592 941 concu-

2042 976 2357 1045 piscendum
2400 989 2540 1037 eam,
2573 975 2685 1042 jam
2730 975 3032 1029 moechatus
3062 987 3141 1030 est
3168 992 3283 1030 eam
3335 978 3386 1030 in
3431 981 3593 1036 corde

2044 1067 2220 1121 suo“.
2260 1086 2279 1118 ι
2313 1067 2383 1119 At
2416 1066 2459 1119 si
2493 1066 2611 1133 quis
2642 1066 2845 1119 videret
2872 1080 3070 1133 paucos
3091 1081 3155 1119 ex
3189 1067 3293 1121 illis
3323 1068 3413 1136 qui
3439 1069 3597 1123 ()hri-

2045 1158 2208 1211 stiani
2267 1165 2545 1225 putantur,
2596 1154 2880 1209 libidinose
2925 1156 3130 1221 vivere,
3164 1158 3357 1212 merito
3379 1160 3596 1227 quidem

2047 1248 2153 1303 illis
2196 1246 2409 1302 crimini
2441 1256 2618 1300 vertat
2665 1246 2806 1315 quod
2850 1246 3005 1300 aliter
3041 1248 3224 1301 vivant
3260 1261 3420 1317 atque
3443 1249 3598 1306 Jesus

2047 1341 2305 1408 prxcepit
2341 1358 2354 1392 :
2390 1338 2484 1394 sed
2521 1337 2864 1408 iniquissime
2893 1337 3076 1401 faciat,
3102 1340 3146 1393 si
3178 1340 3381 1395 crimen
3411 1355 3596 1396 eorum

2049 1431 2100 1484 in
2143 1430 2440 1485 doctrinam
2490 1428 2849 1484 transtulerit.
2881 1427 3163 1494 Similiter,
3190 1446 3311 1484 cum
3354 1434 3598 1488 doctrina

2049 1519 2482 1575 Christianorum
2517 1528 2775 1589 provocet
2802 1520 2866 1572 ad
2902 1520 3251 1589 sapientiam,
3287 1524 3599 1591 increpandi

2049 1626 2178 1666 sane
2214 1621 2339 1665 sunt
2375 1611 2429 1675 ii,
2461 1611 2551 1679 qui
2584 1611 2638 1666 in
2676 1628 2771 1666 sua
2804 1614 3103 1683 ignorantia
3132 1616 3479 1684 acquiescunt
3520 1617 3601 1671 di-

2049 1711 2310 1773 cuntque,
2342 1714 2447 1754 nou
2498 1701 2711 1771 quidem
2742 1718 2860 1770 qua:
2894 1703 3085 1759 Celsus
3110 1705 3212 1759 illis
3245 1705 3429 1758 tribuit
3453 1706 3599 1769 (nam

2048 1790 2455 1858 quantumlibet
2508 1790 2776 1859 simplices
2828 1802 2885 1845 et
2947 1793 3117 1863 ignari
3182 1805 3328 1857 Slllll,
3377 1811 3482 1849 non
3534 1810 3600 1850 eo

2052 1890 2229 1934 tamen
2269 1882 2617 1949 impudentia:
2649 1894 2772 1935 sunt
2794 1886 3084 1951 progressi,
3123 1894 3183 1938 ut
3215 1902 3276 1939 ea
3305 1889 3599 1956 dicerent);

2048 1972 2141 2025 sed
2179 1988 2298 2040 quae
2323 1972 2449 2027 licet
2474 1973 2956 2045 leviora,avocant
2986 1978 3335 2034 nihilominus
3369 1994 3398 2032 a
3422 1980 3639 2035 studio.‘

2046 2063 2344 2133 sapientia}.

2117 2238 2207 2292 45.
2242 2236 2360 2291 Jam
2392 2254 2522 2293 vero
2555 2240 2813 2294 doctrina}
2843 2251 3040 2296 nostra:
3088 2252 3323 2297 mentem
3370 2259 3507 2305 esse.
3542 2255 3602 2298 ut

2046 2330 2327 2398 sapientiae
2357 2346 2617 2384 navemus
2643 2346 2885 2399 operam,
2911 2332 3247 2401 probandum
3271 2345 3354 2387 est
3383 2351 3507 2389 cum
3533 2350 3601 2389 ex

2045 2421 2318 2475 veteribus
2367 2418 2672 2475 Judeeorum
2734 2422 3012 2489 scripturis
3062 2423 3255 2491 quibus
3280 2434 3333 2478 et
3360 2440 3455 2479 nos
3495 2426 3603 2479 uti-

2046 2527 2183 2573 mur,
2236 2522 2345 2567 tum
2388 2528 2452 2566 ex
2502 2515 2569 2566 iis
2598 2529 2716 2582 qua:
2771 2526 2892 2584 post
2941 2516 3122 2571 Jesum
3179 2518 3396 2585 scripta:
3449 2527 3597 2583 sunt,
3640 2568 3641 2571 η

2047 2618 2287 2673 quasque
2319 2605 2529 2662 divinas
2552 2621 2668 2662 esse
2706 2607 2931 2661 credunt
2957 2608 3226 2661 Ecclesia}.
3255 2608 3331 2661 Ac
3368 2608 3598 2677 primum

2050 2693 2216 2749 David
2248 2696 2300 2749 in
2333 2697 2538 2765 psalmo
2572 2698 3024 2768 quinquagesimo
3072 2699 3304 2753 fundens
3340 2702 3403 2754 ad
3432 2700 3598 2753 Deum

2048 2801 2233 2859 preces
2270 2805 2284 2842 :
2318 2806 2337 2840 ι
2375 2786 2605 2853 Incerta,
2634 2790 2826 2859 inquit,
2855 2800 2908 2845 et
2939 2792 3149 2845 occulta
3191 2794 3471 2860 sapientiae
3496 2804 3601 2848 tua:

2048 2881 2406 2937 manifestasti
2446 2883 2660 2937 mihi".
2695 2902 2714 2936 ›
2748 2886 2822 2938 Ac
2846 2884 2889 2937 si
2934 2887 3054 2952 quis
3086 2885 3320 2954 psalmos
3352 2901 3600 2941 versave-
3634 2924 3639 2931 ι

2048 2974 2142 3039 rit,
2178 2974 2373 3027 librum
2409 2975 2555 3028 hunc
2583 2975 2994 3043 quamplurimis
3026 2977 3363 3045 sapientibus
3396 2977 3599 3048 praece-

2048 3065 2153 3132 ptis
2200 3063 2462 3118 rel‘ertum
2514 3078 2635 3119 esse
2686 3066 3070 3135 deprehendet.
3099 3067 3352 3121 Salomon
3385 3084 3601 3139 quoque

2046 3156 2309 3227 ﬂagitavit
2346 3156 2665 3226 sapientiam
2703 3165 2757 3210 ct
2780 3156 3029 3220 obtinuit,
3071 3158 3295 3226 ejusque
3325 3160 3602 3225 sapientiae

2048 3249 2273 3319 vestigia
2326 3248 2378 3302 in
2432 3248 2546 3317 ejus
2597 3247 2816 3317 scriptis
2870 3248 3051 3302 videre
3103 3260 3203 3313 est,
3233 3259 3285 3305 ct
3314 3265 3599 3320 expressas

2048 3340 2238 3409 paucis
2271 3339 2451 3394 verbis
2502 3339 2757 3393 sublimes
2785 3339 3101 3409 sententias.
3130 3339 3244 3395 lllic
3271 3343 3451 3397 multis
3484 3343 3601 3396 lau-

2053 3432 2205 3485 dibus
2252 3431 2657 3486 animadvertas
2713 3431 2971 3486 celebrari
3025 3434 3367 3502 sapientiam,
3423 3445 3478 3489 et
3529 3439 3597 3490 ad

2047 3537 2165 3577 eam
2194 3524 2578 3593 acquirendam
2608 3525 2854 3579 homines
2884 3527 3115 3580 incitari.
3139 3528 3312 3597 Atque
3337 3529 3498 3583 etiam
3523 3532 3601 3585 sic

2045 3617 2257 3684 sapiens
2281 3626 2403 3671 erat
2425 3617 2704 3680 Salomon,
2733 3630 2791 3672 ut
2818 3638 2836 3670 ι
2862 3619 3063 3690 Regina
3094 3619 3251 3683 Saba,
3279 3622 3463 3675 audita
3482 3623 3597 3690 ejus

2049 3706 2187 3761 fama
2232 3717 2285 3762 et
2315 3709 2455 3763 fama
2486 3710 2718 3776 Domini,
2744 3713 2949 3766 venerit
2975 3722 3186 3769 tentare
3228 3704 3348 3770 eum
3383 3718 3434 3770 in
3468 3717 3597 3771 alni-

2046 3799 2336 3868 gmatibus.
2364 3801 2430 3855 Et
2459 3802 2635 3856 locuta
2669 3815 2750 3859 est
2776 3808 2824 3859 ei
2853 3807 3101 3861 universa
3132 3824 3249 3875 qua:
3283 3809 3515 3864 habebat
3544 3812 3594 3864 in

2047 3894 2212 3947 corde
2246 3909 2364 3948 suo.
2396 3895 2461 3949 Et
2509 3895 2833 3951 docuiteam
2888 3900 3138 3954 Salomon
3194 3903 3373 3955 omnia
3433 3905 3593 3957 verba

2046 4002 2162 4054 qua:
2193 3999 2543 4057 proposuerat
2569 4009 2582 4043 :
2615 4005 2718 4043 non
2742 3988 2839 4044 fuit
2866 4006 3062 4054 seruio,
3088 3994 3176 4062 qui
3213 4009 3389 4062 regem
3418 4004 3597 4064 posset

2045 4078 2215 4133 latere
2242 4091 2295 4135 et
2327 4098 2432 4136 non
2465 4085 2812 4151 responderet
2844 4085 2914 4137 ei.
2949 4084 3014 4137 Et
3043 4086 3176 4139 vidit
3224 4087 3409 4155 regina
3458 4086 3597 4140 Saba

2045 4184 2256 4224 onmem
2304 4173 2622 4242 sapientiam
2660 4174 2984 4237 Salomonis,
3015 4191 3308 4246 omnesque
3356 4178 3472 4246 ejus
3517 4178 3598 4231 fa-

2044 4264 2270 4318 cultates
2305 4284 2317 4317 :
2366 4275 2422 4319 et
2458 4282 2561 4319 non
2594 4269 2824 4322 habebat
2858 4270 2993 4321 ultra
3055 4270 3326 4339 spiritum,
3361 4271 3599 4338 dixitque

2044 4358 2110 4409 ad
2153 4372 2328 4423 regem
2365 4374 2378 4411 :
2415 4359 2586 4413 Verus
2617 4370 2701 4413 est
2729 4376 2926 4425 sermo,
2952 4377 3111 4430 quem
3143 4363 3319 4415 audivi
3351 4363 3404 4417 in
3453 4373 3597 4418 terra

383 4447 452 4516 γῇ
489 4463 588 4517 μου
642 4448 769 4519 περὶ
818 4449 910 4502 σοῦ
958 4452 1049 4503 καὶ
1092 4451 1353 4522 περὶτῆς
1422 4452 1731 4525 φρονήσεώς
1809 4431 1937 4509 om:

2047 4463 2162 4501 mea
2206 4448 2270 4501 de
2314 4457 2365 4501 te
2394 4459 2449 4503 et
2488 4453 2750 4517 sapientia
2781 4460 2900 4516 tua;
2934 4464 2987 4506 et
3020 4468 3121 4506 non
3154 4454 3435 4507 credebam
3474 4472 3599 4509 nar-

385 4538 476 4590 καὶ
490 4538 589 4592 οὐκ
610 4539 900 4593 ἐπίστευσα
945 4544 1051 4604 τοῖς
1075 4540 1290 4595 λαλοῦσί
1329 4560 1438 4613 μοι,
1470 4546 1572 4608 ἕως
1600 4546 1686 4597 ὅτε
1717 4563 1948 4616 παρεγε-

385 4630 572 4701 νόμην,
607 4632 698 4685 καὶ
733 4634 1037 4701 ἑωράκασιν
1061 4638 1109 4687 οἱ
1145 4635 1408 4705 ὀφθαλμοί
1433 4654 1553 4707 μου.
1572 4637 1679 4690 Καὶ
1713 4638 1819 4690 ἰδοὺ
1849 4638 1947 4691 οὐκ

385 4720 497 4774 ἐστι
532 4723 710 4788 καθὼς
747 4726 1083 4795 ἀπήγγειλάν
1114 4744 1203 4797 μοι
1236 4727 1297 4781 τὸ
1323 4729 1513 4803 ἥμισυ.
1554 4729 1946 4799 Προστέθεικας

387 4813 573 4881 σοφίαν
647 4817 740 4869 καὶ
804 4815 983 4885 ἀγαθά
1051 4820 1185 4890 πρὸς
1250 4820 1387 4873 αὐτὰ
1452 4822 1544 4872 ἐπὶ
1603 4822 1779 4875 πᾶσαν
1848 4822 1944 4891 τὴν

386 4902 551 4973 ἀκοὴν
576 4904 640 4976 ἢν
662 4908 884 4977 ἤκουσα.
936 4928 954 4961 ι
1010 4910 1316 4983 Γέγραπται
1344 4912 1408 4982 δὴ
1459 4913 1584 4985 περὶ
1630 4913 1810 4979 αὐτοῦ,
1858 4916 1940 4967 ὅτι

392 5012 408 5043 ι
448 4995 555 5047 Καὶ
584 4996 744 5050 ἔδωκε
768 5000 965 5070 Κύριος
984 5003 1238 5073 φρόνησιν
1265 5003 1340 5074 τῷ
1360 5006 1607 5075 Σολομὼν
1638 5007 1729 5059 καὶ
1750 5005 1939 5075 σοφίαν

384 5085 581 5158 πολλὴν
628 5089 847 5159 σφόδρα,
899 5093 993 5145 καὶ
1040 5093 1187 5164 χύμα
1234 5096 1455 5165 καρδίας
1484 5098 1558 5160 ὡς
1605 5098 1637 5167 ή
1678 5098 1858 5168 ἄμμος
1901 5098 1935 5169 ὴ

383 5179 533 5250 παρὰ
554 5179 650 5251 τὴν
667 5178 952 5237 θάλασσαν’
979 5187 1069 5239 καὶ
1092 5188 1397 5259 ἐπληθύνθη
1423 5188 1580 5258 σοφία
1602 5191 1656 5242 ἐν
1683 5188 1938 5260 Σαλομὼν

384 5270 583 5342 σφόδρα
628 5271 767 5344 ὑπὲρ
813 5272 909 5345 τὴν
951 5276 1205 5346 φρόνησιν
1250 5278 1464 5331 πάντων
1498 5277 1793 5350 ἀνθρώπων
1839 5280 1938 5348 ἀρ-

384 5363 571 5432 χαίων.
622 5364 715 5417 καὶ
744 5364 881 5436 ὑπὲρ
928 5367 1131 5431 πάντας
1157 5371 1470 5440 φρονίμους
1501 5369 1794 5439 Αἰγύπτου,
1848 5372 1939 5423 καί

381 5454 666 5525 ἐσοφίσατο
698 5456 805 5528 (9ι)
854 5458 992 5531 ὑπὲρ
1022 5460 1226 5525 πάντας
1258 5461 1595 5534 ἀνθρώπους,
1625 5464 1719 5517 καὶ
1754 5466 1935 5535 ἐσοφί-

2046 4542 2287 4594 rautibus
2336 4542 2489 4607 mihi,
2516 4543 2687 4597 donec
2720 4546 2983 4613 ipsaveni
3013 4556 3065 4600 et
3110 4547 3213 4599 vidi
3244 4548 3414 4601 oculis
3442 4550 3595 4605 meis.

2044 4632 2107 4684 Et
2154 4646 2278 4685 ecce
2309 4632 2485 4687 media
2535 4650 2663 4703 pars
2694 4636 2825 4689 mihi
2862 4637 3103 4689 nuntiata
3144 4653 3246 4691 non
3278 4637 3395 4692 fuit.
3431 4638 3601 4708 Major

2043 4733 2125 4777 est
2171 4724 2431 4792 sapientia
2461 4733 2513 4778 et
2539 4740 2702 4795 opera
2744 4736 2852 4789 tua,
2882 4710 3047 4797 quam
3099 4744 3279 4782 rumor
3305 4746 3464 4799 quem
3503 4747 3600 4784 au-

2044 4816 2209 4870 divi"
2244 4839 2253 4868 :
2299 4835 2319 4867 ι
2351 4818 2425 4871 De
2455 4819 2642 4872 eodem
2674 4817 2835 4888 477
2876 4832 2999 4887 rege
3041 4820 3240 4888 scripta
3284 4832 3409 4877 sunt
3441 4824 3592 4879 haec:

2050 4926 2068 4959 ι
2120 4908 2270 4962 Dedit
2300 4922 2511 4977 quoque
2556 4908 2694 4962 Deus
2725 4911 3037 4977 sapientiam
3082 4912 3351 4967 Salumoni
3381 4925 3434 4967 et
3467 4932 3596 4984 pru-

2046 5001 2280 5054 dentiain
2308 5000 2528 5054 multam
2570 5001 2753 5065 nimis,
2783 5011 2837 5055 et
2867 5001 3199 5056 latitudinem
3229 5007 3411 5059 cordis
3442 5010 3596 5074 quasi

2046 5105 2262 5145 arenam
2292 5106 2410 5160 qua:
2449 5101 2531 5145 est
2553 5092 2605 5145 in
2631 5091 2812 5147 littore
2852 5094 3047 5148 maris:
3077 5104 3131 5149 et
3152 5098 3487 5162 praecedebat
3512 5116 3598 5153 sa-

2044 5185 2244 5253 pientia
2302 5183 2604 5239 Salomonis
2651 5186 2967 5253 sapientiam
3026 5191 3267 5241 omnium
3318 5190 3593 5244 hominum

2044 5274 2363 5343 priscorum,
2404 5282 2456 5327 et
2483 5272 2856 5343 Egyptiorum
2896 5264 3362 5341 prudentissimos,
3406 5293 3597 5334 omnes

2044 5367 2272 5435 denique
2325 5366 2589 5431 homines,
2635 5368 2928 5435 sapientior
2983 5366 3188 5420 Gethau
3262 5367 3498 5435 Ezarita,
3542 5382 3598 5425 et

2041 5455 2227 5519 Emad.
2276 5466 2331 5511 et
2369 5456 2629 5525 Chalcad,
2670 5469 2723 5514 et
2754 5459 2986 5524 Aradab,
3017 5458 3141 5512 (iliis
3175 5456 3339 5522 Madi,
3370 5469 3424 5513 et
3477 5474 3596 5519 erat

450 5586 497 5625 ⁷⁸
528 5586 790 5652 Mattb.v,
821 5589 912 5645 28.
987 5591 1032 5622 ⁷⁵
1053 5590 1192 5649 Psal.
1220 5608 1276 5658 L,
1296 5595 1349 5650 8.
1426 5594 1473 5627 ⁷⁸
1494 5594 1557 5650 lll
1582 5594 1713 5667 Reg.
1739 5611 1793 5660 κ,
1828 5597 1851 5650 l
1889 5610 2037 5667 seqq.

454 5700 562 5773 {95)
596 5702 883 5780 Philofalia
935 5705 1153 5780 tibique,
1197 5707 1463 5780 Σολομῶν,
1522 5708 1854 5767 llmschelius
1877 5720 1929 5766 et

387 5769 706 5840 Spcneerus,
737 5772 1009 5845 Σαλομών.

2107 5708 2216 5780 (94)
2271 5707 2603 5780 llmschelius
2651 5714 2704 5759 et
2739 5706 3103 5780 _Spencerus,_
3130 5709 3222 5780 καὶ
3276 5709 3365 5763 ἐπὶ
3394 5710 3594 5773 πάντας

2032 5774 2323 5851 φρονίμους
2350 5777 2643 5846 Αἰγύπτου,
2668 5777 2759 5830 καὶ
2775 5774 3060 5844 ἐσοφίσατο
3085 5777 3223 5850 ὑπὲρ
3239 5780 3441 5844 πάντας
3464 5798 3596 5854 φρο-
