3998 6170
400 293 512 351 919

1840 293 2165 351 ORIGENlS

3536 292 3636 348 980

403 415 719 471 nominatus
740 413 794 469 in
832 412 1098 469 universis
1129 412 1379 483 gentibus
1409 427 1506 484 per
1534 413 1836 470 circuitum.
1869 415 1971 471 Lo-

2072 433 2205 477 σατο
2235 414 2373 486 ὑπὲρ
2401 413 2571 468 Γεθὰν
2611 415 2705 467 τὸν
2746 413 3051 485 Ἐζαρίτην,
3087 414 3179 468 καί
3200 412 3292 468 τὸν
3333 412 3520 484 mea,
3548 415 3639 468 καὶ

405 515 567 563 cutus
602 518 817 576 quoque
849 512 932 559 est
962 504 1215 559 Salomon
1242 503 1341 558 tria
1374 504 1543 558 millia
1572 505 1889 574 parabolas:
1918 517 1974 562 et

402 597 628 652 {uerunt
663 595 904 651 carmina
930 595 1045 661 ejus
1086 595 1325 664 quinque
1357 596 1545 650 millia.
1572 597 1640 651 Et
1677 596 1974 665 disputavit

397 702 569 758 super
601 687 755 756 lignis
783 702 813 740 a
849 687 1012 741 cedro
1051 701 1173 756 qua:
1209 694 1292 741 est
1329 686 1382 740 in
1428 686 1658 752 Libano,
1688 702 1857 757 usque
1902 688 1972 742 ail

402 779 693 850 hyssopum
727 792 846 848 quae
865 778 1139 849 egreditur
1160 778 1228 833 de
1260 777 1495 848 pariete;
1527 787 1583 833 et
1615 778 1872 833 disseruit
1904 780 1973 835 de

402 870 663 941 piscibus,
695 878 749 923 et
768 869 1051 937 jumentis.
1098 868 1165 922 Et
1197 868 1488 923 veniebant
1520 867 1587 922 de
1616 868 1829 923 cunctis
1880 883 1969 938 po-

401 961 543 1032 pulis
567 960 636 1015 ad
676 960 995 1014 audiendam
1044 959 1365 1028 sapientiam
1408 957 1732 1023 Salomonis,
1795 968 1853 1013 et
1903 959 1974 1015 ab

399 1050 670 1106 universis
695 1051 915 1121 regibus
960 1058 1143 1111 terrae,
1193 1050 1283 1118 qui
1316 1050 1607 1105 audiebant
1652 1050 1971 1119 sapientiam

401 1143 520 1211 ejus
538 1144 603 1198 ⁷⁷.
630 1162 651 1197 ι
691 1141 781 1198 Sic
810 1151 991 1196 autem
1027 1142 1270 1195 doctrina
1301 1141 1413 1195 vult
1445 1143 1715 1210 sapientes
1737 1156 1858 1196 esse
1886 1142 1972 1196 iu-

399 1247 490 1294 ter
533 1237 743 1297 ﬁdeles.
772 1245 833 1290 ut
858 1234 1108 1304 quaedam
1150 1235 1364 1303 quidem
1396 1235 1497 1288 sub
1532 1234 1836 1305 :enigmatis
1878 1248 1973 1289 θον

394 1328 586 1393 cultet,
613 1327 855 1396 quaedam
884 1326 1130 1380 obscuris
1152 1325 1331 1379 verbis
1361 1324 1624 1389 involvat,
1658 1325 1973 1380 exercendae

395 1420 708 1475 auditorum
746 1417 1112 1487 intelligentiae
1133 1432 1333 1484 causa;
1366 1416 1469 1471 alia
1502 1418 1667 1471 etiam
1696 1431 1792 1485 per
1815 1417 1972 1471 simi-

396 1509 681 1576 iitudines,
714 1509 821 1563 alia
848 1523 946 1577 per
989 1507 1318 1577 problemata
1360 1506 1649 1575 signiﬁcet.
1700 1506 1972 1572 Quocirca

399 1602 545 1658 Osee
576 1617 717 1657 unus
750 1615 814 1655 ex
847 1600 1123 1669 prophetis
1145 1600 1243 1654 sub
1277 1599 1474 1653 linem:
1514 1616 1534 1650 ι
1572 1597 1703 1664 Quis
1735 1596 1972 1667 sapiens,

403 1689 606 1760 inquit,
628 1700 682 1744 et
705 1688 977 1759 intelliget
1001 1688 1101 1743 ista
1118 1688 1140 1742 ?
1156 1686 1483 1755 intelligens,
1500 1694 1554 1741 et
1577 1686 1711 1741 sciet
1728 1686 1900 1740 haec"
1916 1685 1968 1740 ἰ»

2071 507 2162 560 τὸν
2183 506 2443 570 Χαλκαδί,
2471 508 2563 559 καί.
2594 504 2827 578 Ἀραδὰϐ
2857 507 3005 569 υἱοὺς
3041 505 3204 559 Μαδί·
3235 505 3328 560 καί
3351 501 3418 576 ἦν
3445 506 3639 575 ὀνομα-

2074 599 2198 663 στὸς
2241 600 2300 652 ἐν
2335 600 2467 652 πᾶσι
2494 598 2605 661 τοῖς
2642 597 2818 650 ἔθνεσι
2847 596 3050 668 κύκλῳ.
3086 596 3196 649 Καὶ
3221 596 3445 667 ἐλάλησε
3487 596 3639 649 Σολο-

2074 689 2193 761 μὼν
2236 682 2537 762 τρισχιλίας
2596 688 2934 760 παραϐολάς·
2977 688 3071 742 κο.)⁵
3117 684 3257 758 ἦσαν
3296 687 3429 757 ᾠδαί
3476 687 3639 752 αρτοῦ

2071 782 2526 851 πεντακισχίλιαι·
2557 780 2650 835 καὶ
2671 779 2897 851 ἐλάλησε
2917 778 3047 851 περί
3072 779 3183 849 (95)
3212 779 3321 831 τῶν
3347 777 3516 842 ξύλων
3535 778 3641 831 ἀπὸ

2070 874 2169 945 τῆς
2201 874 2390 945 κέδρου
2412 874 2513 943 τῆς
2538 875 2596 927 ἐν
2625 872 2703 944 τῷ
2729 872 2964 943 Λιϐάνῳ,
3001 872 3095 925 καὶ
3121 871 3227 933 ἕως
3260 870 3361 939 τῆς
3388 869 3640 923 ὑσσώπου

2069 964 2172 1034 τῆς
2198 965 2631 1037 ἐκπορευομένης
2664 963 2751 1017 διὰ
2780 962 2874 1017 τοῦ
2905 961 3105 1032 τοίχου·
3143 963 3237 1015 καί
3267 962 3492 1033 ἐλάλησε
3518 963 3643 1034 περί

2070 1055 2177 1109 τῶν
2197 1056 2390 1126 ἰχθύων
2416 1057 2508 1109 καί
2538 1056 2649 1109 τῶν
2673 1055 2902 1125 κτηνῶν.
2928 1055 3037 1108 Καὶ
3062 1054 3413 1125 παρεγίνοντο
3444 1054 3642 1119 πάντες

2071 1149 2119 1202 οἰ
2145 1148 2261 1201 λαοὶ
2292 1149 2520 1202 ἀκοῦσαι
2542 1147 2640 1216 τῆς
2663 1148 2852 1216 σοφίας
2872 1146 3230 1217 Σολομῶντος·
3255 1147 3347 1201 καί
3372 1147 3499 1220 περί
3533 1147 3640 1218 (96)

2072 1238 2287 1292 πάντων
2309 1238 2417 1292 τῶν
2448 1237 2705 1307 βασιλέων
2738 1239 2835 1307 τῆς
2863 1238 2984 1308 γῆς,
3014 1238 3063 1291 οἳ
3097 1239 3290 1309 ἤκουον
3316 1238 3414 1307 τῆς
3453 1238 3642 1306 σοφίας

2072 1327 2256 1382 αὐτοῦ.
2298 1347 2317 1379 ι
2369 1328 2524 1381 Οὕτω
2544 1328 2601 1380 δέ
2658 1328 2900 1397 βούλεται
2922 1330 3117 1397 σοφοὺς
3144 1322 3282 1382 εἶναι
3310 1329 3365 1380 ἐν
3407 1329 3519 1389 τοῖς
3553 1343 3643 1379 πι-

2074 1420 2351 1473 στεύουσιν
2376 1422 2407 1474 6
2428 1420 2605 1488 λόγος,
2640 1420 2780 1473 ὥστε
2811 1421 2947 1493 ὑπὲρ
2975 1421 3067 1474 τοῦ
3093 1421 3364 1492 γυμνάσαι
3394 1421 3494 1492 τὴν
3526 1419 3643 1473 σύν-

2072 1528 2185 1565 εσιν
2224 1502 2351 1564 τῶν
2376 1511 2678 1564 ἀκουόντων
2719 1511 2786 1564 τὰ
2834 1512 2931 1583 μὲν
2967 1510 3248 1582 αἰνίγμασι
3293 1511 3427 1582 (97),
3460 1511 3529 1564 τά
3583 1511 3641 1564 δὲ

2072 1602 2129 1654 ἐν
2160 1603 2269 1665 τοῖς
2297 1600 2460 1654 καλου
2469 1601 2647 1671 μένοις
2671 1604 2961 1665 σκοτεινοῖς
2983 1601 3160 1670 λόγοις
3182 1601 3548 1672 λελαληκένατ,
3571 1602 3642 1655 τὰ

2073 1691 2129 1745 δέ
2160 1692 2247 1746 διὰ
2278 1693 2622 1766 παραϐολῶν,
2654 1695 2747 1747 καὶ
2784 1693 2916 1748 ἄλλα
2947 1693 3034 1747 διὰ
3087 1693 3503 1765 προϐλημάτων.
3530 1694 3640 1746 Καί

402 1780 472 1836 Et
495 1780 684 1837 Daniel
719 1782 862 1850 iique
897 1780 989 1849 qui
1011 1795 1130 1833 cum
1155 1778 1247 1834 illo
1280 1778 1487 1833 redacti
1521 1778 1739 1831 fuerant
1763 1777 1815 1831 in
1855 1791 1971 1831 ser—

2076 1784 2208 1853 φησί
2241 1784 2305 1852 γέ
2337 1801 2419 1847 τις
2460 1783 2567 1837 τῶν
2615 1782 2969 1855 προφητῶν,ὁ
3012 1784 3188 1854 Ὦσηέ,
3229 1784 3321 1837 ἐπὶ
3357 1784 3500 1836 τέλει
3532 1782 3640 1836 τῶν

403 1874 650 1936 vitutem,
674 1882 881 1928 tantum
908 1873 960 1926 in
987 1870 1308 1940 disciplinis,
1332 1884 1465 1938 quas
1492 1868 1631 1938 apud
1660 1883 1838 1937 regem
1867 1866 1968 1921 Ba-

402 1962 713 2033 bylonicum
752 1962 1026 2033 sapientes
1057 1963 1469 2033 proﬁtebantur,
1509 1960 1873 2030 profecerant,
1908 1968 1967 2014 ut

403 2057 631 2126 decuplo
667 2064 985 2127 superarent
1011 2065 1235 2111 caeteros
1264 2056 1331 2108 τ’.
1360 2054 1511 2109 Unde
1540 2056 1678 2123 apud
1705 2055 1966 2110 Ezechie-

395 2146 512 2203 lem
561 2148 809 2219 princeps
859 2147 1010 2219 Tyri,
1068 2147 1156 2216 qui
1187 2138 1256 2202 de
1296 2146 1560 2216 sapientia
1608 2146 1964 2212 gloriabatur,

403 2238 561 2292 audit
591 2256 607 2294 :
646 2258 665 2291 ι
698 2240 778 2292 Αη
811 2247 864 2293 ιιι
890 2238 1187 2307 sapientior
1209 2253 1268 2291 es
1295 2237 1545 2293 Daniele?
1574 2237 1746 2293 Omne
1779 2252 1963 2294 secre-

399 2337 519 2383 tum
546 2345 652 2384 non
680 2338 957 2384 ostensum
986 2338 1070 2384 est
1101 2330 1194 2385 tibi
1210 2330 1277 2384 ⁸ο.
1313 2348 1331 2382 ι

398 2426 466 2478 ἐν
516 2422 596 2493 τῷ
663 2423 917 2497 Ἰεζεκιὴλ
975 2424 1112 2496 πρὸς

391 2516 635 2589 Δανιήλ;
664 2518 771 2571 πᾶν
788 2516 1015 2588 κρύφιον
1048 2518 1149 2571 οὐκ
1175 2516 1455 2588 ἐπεδείχθη
1482 2516 1594 2587 (99)
1623 2534 1726 2572 σοι.
1766 2536 1785 2569 ι

470 2611 561 2669 46.
592 2611 745 2668 Nunc
782 2612 825 2667 si
872 2613 1168 2681 sumpseris
1209 2612 1261 2665 in
1295 2628 1488 2666 manus
1518 2611 1687 2668 libros
1718 2614 1841 2683 post
1865 2612 1964 2667 ad-

399 2712 621 2759 ventum
642 2703 767 2759 Jesu
790 2704 1024 2774 scriptos
1056 2703 1225 2769 “,‘ibi
1251 2703 1427 2758 turbis
1452 2703 1689 2757 ﬁdelium
1735 2703 1969 2772 parabo-

2070 1873 2241 1941 λόγων
2286 1871 2498 1926 ἐαυτοῦ·
2539 1892 2558 1925 ι
2615 1874 2711 1937 Τίς
2761 1873 2940 1943 σοφὸς,
2983 1873 3077 1926 καὶ
3130 1874 3346 1943 συνήσει
3373 1872 3565 1937 ταῦτα,
3603 1872 3638 1943 ἢ

2072 1965 2289 2029 συνετὸς
2340 1964 2470 2035 (98),
2510 1967 2604 2019 καὶ
2627 1965 2983 2033 ἐπιγνώσεται
3007 1966 3171 2031 am;
3203 1985 3222 2017 ι
3241 1966 3435 2036 Δανιὴλ
3460 1966 3517 2019 δὲ
3547 1967 3640 2021 καὶ

2070 2058 2120 2110 οἰ
2154 2058 2269 2127 μετ’
2296 2058 2461 2111 αὐτοῦ
2499 2058 3020 2128 αἰχμαλωτισθέντες
3050 2059 3300 2112 τοσοῦτον
3331 2059 3639 2129 προέκοψαν

2069 2149 2164 2202 καὶ
2194 2149 2250 2202 ἐν
2271 2152 2384 2213 τοῖς
2408 2150 2743 2221 μαθήμασιν,
2779 2152 2932 2205 ἆτινα
2957 2148 3154 2220 ἤσκουν
3178 2154 3235 2204 ἐν
3273 2150 3549 2205 Βαϐυλῶνι
3587 2152 3637 2205 οἰ

2070 2242 2198 2313 περί
2218 2242 2307 2295 τὸν
2341 2242 2563 2313 βασιλέα
2617 2244 2789 2313 σοφοὶ,
2818 2244 2894 2308 ώς
2916 2244 3127 2298 πάντων
3148 2243 3327 2298 αὐτῶν
3357 2244 3638 2314 διαφέρον-

2069 2348 2167 2396 τας
2201 2334 2583 2405 ἀποδειχθῆναι
2623 2336 2843 2399 τούτους
2884 2336 3273 2403 δεκαπλασίως.
3309 2339 3539 2409 Λέγεται
3581 2338 3638 2394 δὲ

1197 2424 1287 2479 τὸν
1333 2425 1506 2498 Τύρου
1564 2423 1822 2496 ἄρχοντα,
1900 2424 2042 2495 μέγα
2089 2426 2389 2498 φρονοῦντα
2433 2429 2526 2482 ἐπὶ
2575 2429 2769 2501 σοφίᾳ·
2809 2449 2828 2482 ι
2860 2429 2950 2501 Μὴ
2998 2430 3062 2484 σὺ
3117 2430 3418 2503 σοφώτερος
3457 2426 3511 2486 εἴ
3546 2428 3639 2486 τοῖ

2149 2612 2274 2667 Ἐὰν
2302 2613 2358 2666 δὲ
2394 2613 2488 2667 καί
2520 2613 2612 2666 ἐπί
2645 2611 2714 2666 τά
2746 2611 2885 2683 μετὰ
2920 2612 3011 2666 τὸν
3047 2610 3251 2683 Ἰησοῦν
3282 2611 3639 2682 γεγραμμένα

2068 2704 2226 2778 ἔλθῃς
2253 2704 2449 2775 βιϐλία,
2475 2704 2650 2776 εὕροις
2671 2702 2736 2757 ἂν
2761 2705 2887 2767 τοὺς
2918 2704 3015 2774 μὲν
3042 2702 3228 2775 ὄχλους
3240 2703 3347 2755 τῶν
3366 2703 3639 2755 πιστευόνα

404 2795 487 2849 las
518 2795 733 2850 narrari
762 2795 1028 2859 invenias,
1053 2795 1207 2865 quasi
1224 2804 1379 2850 extra
1407 2804 1588 2849 essent
1611 2804 1663 2849 et
1691 2795 1773 2851 his
1792 2795 1965 2851 solum

2072 2814 2174 2852 των
2205 2796 2280 2868 (1)
2313 2795 2419 2851 τῶν
2448 2794 2765 2866 παραϐολῶν
2809 2795 3121 2858 ἀκούοντας,
3170 2795 3245 2859 ὡς
3286 2793 3392 2859 ἔξω
3434 2792 3640 2863 τυγχά-

395 2889 683 2942 extrancis
710 2889 1054 2943 sermonibus
1083 2888 1289 2959 dignm;
1313 2887 1594 2956 discipulis
1625 2896 1805 2943 autem
1852 2887 1968 2957 pri-

402 2977 568 3031 vatim
595 2979 879 3046 parabolas
905 2978 1186 3047 explicari.
1207 2977 1467 3033 Privatim
1499 2978 1641 3033 enim
1673 2977 1784 3033 suis
1808 2978 1971 3035 disci-

2070 2904 2277 2951 νοντας,
2330 2886 2425 2941 καὶ
2466 2886 2651 2953 ἀξίους
2709 2886 2865 2957 μόνον
2915 2886 3023 2940 τῶν
3073 2885 3409 2958 ἐξωτερικῶν
3438 2884 3629 2952 λόγων·

2070 2981 2197 3043 τοὺς
2228 2979 2284 3033 δέ
2319 2979 2562 3050 μαθητάς
2593 2980 2712 3032 κατ’
2751 2978 2884 3032 ἰδίαν
2909 2977 3018 3031 τῶν
3060 2977 3383 3049 παραϐολῶν
3427 2973 3629 3047 μανθά-

402 3070 552 3139 pulis
597 3068 754 3125 Jesus
780 3071 1114 3127 edisserebat
1156 3071 1358 3136 omnia,
1406 3072 1581 3126 turbis
1630 3081 1967 3141 anteponens

2072 3087 2257 3135 νοντας
2280 3072 2378 3135 τὰς
2406 3071 2703 3142 διηγήσεις.
2741 3073 2876 3124 Κατ’
2916 3070 3044 3124 ἰδίαν
3076 3070 3184 3140 γὰρ
3215 3072 3327 3132 τοῖς
3362 3068 3509 3137 ἰδίοις
3530 3084 3636 3138 μα-

397 3172 523 3223 eos,
561 3157 952 3227 quisapientiae
985 3158 1100 3226 ejus
1145 3158 1415 3214 desiderio
1467 3160 1810 3215 tenebantur.
1843 3160 1970 3217 Pol-

400 3250 602 3306 licetur
621 3252 782 3308 etiam
822 3266 881 3306 se
911 3252 978 3307 ad
1005 3266 1118 3318 eos,
1152 3251 1243 3320 qui
1274 3251 1325 3305 in
1348 3266 1469 3306 eum
1499 3251 1801 3317 crederent,
1835 3252 1969 3307 mis-

399 3358 596 3399 surum
645 3344 919 3411 sapientes
966 3353 1020 3399 et
1068 3345 1305 3398 scribas:
1350 3359 1372 3395 ι
1410 3343 1550 3398 Ecce
1590 3359 1715 3414 ego,
1769 3346 1968 3416 inquit,

403 3432 565 3490 mitto
592 3436 656 3489 ad
684 3449 782 3491 vos
800 3435 1072 3504 sapientes
1090 3447 1144 3489 et
1165 3436 1398 3499 scribas,
1421 3444 1472 3489 et
1492 3450 1559 3490 ex
1588 3436 1696 3491 illis
1722 3437 1971 3493 occident

398 3535 465 3580 et
517 3525 829 3597 :ruciﬁgent
874 3526 943 3579 ".
994 3547 1014 3581 ι
1068 3526 1135 3581 Ει
1167 3525 1367 3581 Paulus
1395 3526 1599 3597 gratias
1644 3542 1971 3584 enumerans

400 3635 527 3687 quae
556 3617 721 3674 Deum
755 3627 1029 3675 auctorem
1068 3618 1289 3683 habent,
1333 3620 1386 3674 in
1421 3620 1595 3690 primo
1638 3620 1758 3677 loco
1803 3639 1824 3673 ι
1857 3636 1971 3676 ser-

406 3727 622 3767 mouem
665 3711 968 3780 sapientiae,
1022 3730 1041 3763 ι
1094 3711 1146 3765 in
1202 3712 1459 3776 secundo,
1510 3721 1569 3765 ut
1632 3712 1967 3778 inferiorem,

407 3822 434 3856 ι
470 3818 773 3859 sermonem
815 3804 1056 3859 scientiae
1097 3821 1114 3855 ι
1170 3804 1381 3873 reponit
1408 3803 1495 3869 ⁸⁸;
1524 3805 1663 3859 infra
1704 3820 1862 3876 quem
1917 3806 1970 3859 in

408 3896 571 3951 tertio
613 3894 781 3966 478
818 3912 839 3946 ‹
876 3896 1032 3949 ﬁdem
1087 3913 1106 3946 ι
1146 3895 1417 3951 collocat:
1447 3906 1503 3951 et
1545 3897 1671 3966 quia
1702 3915 1722 3948 ι
1767 3911 1973 3951 sermo-

412 4001 535 4041 nem
570 4005 590 4038 ι
623 3986 797 4055 pluris
826 4001 988 4054 quam
1034 3986 1403 4057 prodigiorum
1439 3989 1780 4057 operationcs
1807 3988 1975 4043 iacie-

411 4080 520 4142 bat,
552 4077 621 4133 ob
650 4077 789 4133 hanc
815 4092 929 4132 rem
961 4094 982 4127 ι
1027 4078 1365 4145 operationes
1384 4080 1643 4133 virtutum
1681 4100 1700 4132 ι
1728 4090 1785 4133 et
1810 4097 1829 4130 ι
1850 4095 1975 4149 gra-

409 4171 516 4226 tias
552 4170 840 4225 sanitatum
884 4187 906 4223 ›
959 4170 1176 4225 ultimas
1212 4178 1458 4225 recenset
1486 4171 1974 4239 spiritualibusque

411 4264 567 4319 donis
589 4262 876 4319 inferiores
900 4263 1072 4319 ducit.
1111 4263 1239 4319 item
1271 4263 1582 4333 Stephanus
1619 4263 1972 4333 multiplicem

2071 3163 2261 3236 θηταῖς
2312 3161 2535 3216 ἐπέλυεν
2584 3164 2799 3218 ἅπαντα
2846 3165 2874 3216 6
2928 3163 3150 3234 Ἰησοῦς,
3184 3161 3463 3232 προτιμῶν
3487 3160 3636 3230 παρὰ

2069 3256 2194 3319 τοὺς
2224 3255 2412 3326 ὄχλους
2430 3256 2556 3319 τοὺς
2571 3256 2670 3326 τῆς
2704 3254 2894 3325 σοφίας
2923 3254 3086 3309 αὑτοῦ
3120 3253 3517 3324 ἐπιθυμοῦντας
3537 3251 3634 3322 (2).

2069 3350 2494 3419 Ἐπαγγέλλεται
2526 3349 2582 3403 δὲ
2610 3351 2736 3411 ίτοῖς
2767 3349 2846 3411 εἰς
2886 3344 3044 3400 αὐτὸν
3077 3345 3387 3399 πιστεύουσι
3424 3343 3636 3414 πέμψαι

2072 3444 2267 3512 σοφοὺς
2292 3442 2383 3495 καὶ
2402 3441 2765 3512 γραμματεῖς,
2782 3438 2979 3507 λέγων·
3016 3455 3036 3489 ι
3068 3437 3199 3490 ’ἰδοὺ
3229 3434 3338 3504 ἐγὼ
3355 3431 3638 3488 ἀποστελῶ

2071 3533 2150 3595 εἰς
2169 3532 2311 3603 ὑμᾶς
2340 3531 2536 3600 σοφοὺς
2562 3528 2657 3582 καί
2687 3528 3051 3599 γραμματεῖς,
3087 3526 3179 3579 καὶ
3211 3524 3268 3590 ἐξ
3297 3523 3475 3577 αὐτῶν
3503 3522 3637 3575 ἀπο-ο

2072 3620 2321 3675 κτενοῦσι
2358 3620 2456 3674 καὶ
2482 3617 2869 3693 σταυρώσουσι.
2908 3635 2929 3669 ι
2962 3616 3072 3670 Καὶ
3104 3617 3132 3668 ὁ
3165 3614 3374 3677 Παῦλος
3408 3613 3453 3666 δ’
3480 3615 3538 3665 ἐν
3559 3610 3635 3682 τῷ

2072 3713 2358 3784 καταλόγῳ
2396 3712 2504 3765 τῶν
2540 3710 2646 3763 ὑπὸ
2677 3708 2771 3763 τοῦ
2808 3707 2942 3761 Θεοῦ
2972 3707 3260 3778 διδομένων
3286 3704 3637 3777 χαρισμάτων

2072 3806 2285 3877 πρῶτον
2327 3803 2480 3870 ἔταξε
2517 3821 2534 3853 ι
2567 3803 2658 3858 τὸν
2696 3802 2850 3873 λόγον
2893 3803 2991 3873 τῆς
3021 3800 3231 3869 σοφίας,
3271 3818 3289 3850 ι
3322 3799 3415 3851 καί
3455 3796 3637 3850 δεύτερ-

2074 3914 2166 3969 ρον
2212 3897 2310 3967 (5),
2359 3895 2433 3959 ὡς
2477 3895 2854 3967 ύποϐεϐηκότα
2898 3893 3027 3965 παρ’
3057 3894 3277 3952 ἐκεῖνον,
3313 3908 3332 3942 ι
3366 3890 3455 3942 τὸν
3480 3888 3634 3955 λόγον

2071 3988 2167 4059 τῆς
2209 3985 2481 4057 γνώσεως,
2529 4006 2547 4038 ι
2579 3987 2757 4058 τρίτον
2797 3986 2854 4041 δέ
2889 4002 2988 4037 που
3028 3985 3122 4038 καί
3152 3983 3441 4052 κατωτέρω
3477 3999 3497 4033 ι
3535 3979 3634 4052 τὴν

2074 4079 2271 4132 πίστιν·
2308 4096 2327 4130 ι
2364 4078 2458 4130 καί¹
2485 4077 2608 4131 ἐπεὶ
2638 4096 2657 4128 ι
2692 4077 2781 4129 τὸν
2806 4077 2961 4146 λόγον
2994 4094 3012 4127 ι
3055 4074 3320 4145 προετίμα
3351 4071 3456 4126 τῶν
3477 4089 3637 4145 τερα-

2075 4171 2236 4224 στίων
2274 4170 2582 4241 ἐνεργειῶν,
2622 4169 2708 4223 διὰ
2736 4168 2878 4222 τοῦτ’
2923 4187 2941 4219 ι
2988 4168 3332 4238 ἐνεργήματα
3358 4166 3636 4236 δυνάμεων

2074 4266 2168 4319 κα).
2207 4264 2518 4337 χαρίσματα
2571 4262 2810 4332 ἰαμάτων
2851 4278 2870 4311 ι
2912 4262 2969 4313 ἐν
3000 4262 3065 4330 τῇ
3122 4257 3411 4329 κατωτέρω
3453 4256 3634 4327 τίθησι

406 4351 605 4425 Moysis
640 4355 1002 4410 eruditionem
1042 4362 1275 4409 testatur
1319 4353 1373 4409 in
1404 4354 1554 4408 Actis
1583 4353 1969 4422 apostolorum,

2075 4354 2228 4427 χώρᾳ
2252 4355 2402 4429 παρὰ
2445 4354 2512 4409 τὰ
2561 4353 2754 4422 λογικὰ
2792 4352 3118 4424 χαρίσματα.
3159 4351 3440 4422 Μαρτυρεῖ
3484 4348 3538 4401 δέ
3568 4349 3632 4418 τῇ

407 4448 461 4501 id
492 4449 632 4516 quod
660 4462 725 4501 ex
756 4453 1032 4506 veteribus
1058 4463 1158 4502 nec
1194 4447 1356 4518 vulgo
1395 4447 1626 4517 cognitis
1657 4446 1810 4502 libris
1835 4447 1972 4500 bau-

366 4602 369 4605 _
408 4545 555 4592 serat
583 4553 597 4591 :
633 4556 652 4590 ι
680 4538 939 4595 Eruditus
973 4550 1056 4596 est
1092 4538 1305 4608 Moyses
1329 4538 1473 4592 omni
1507 4537 1768 4607 sapientia
1804 4535 1969 4607 ,ΕΠ--

409 4628 646 4698 ptiorum
679 4629 747 4684 ".
787 4648 806 4681 ι
835 4629 951 4697 Qua
977 4632 1041 4685 dc
1062 4646 1231 4687 causa
1261 4628 1498 4698 suspicio
1532 4627 1656 4694 fuit,
1682 4643 1779 4682 sua
1807 4628 1971 4680 mira-

483 4740 529 4814 ῗῖ
564 4743 626 4796 Ill
662 4743 796 4813 Reg.
833 4760 904 4801 ιν.
941 4744 1010 4801 29
1056 4759 1206 4814 seqq.

408 4812 457 4843 ⁸¹
486 4813 672 4867 Matth.
702 4812 858 4878 sit",
884 4815 975 4869 54.

409 4903 601 4974 νίμους
626 4905 897 4973 Αἰγύπτου
923 4906 1018 4959 καί
1048 4906 1357 4976 ἐσοφίσατο,
1398 4916 1502 4959 etc.
1532 4905 1640 4958 Sed
1678 4903 1971 4976 Philucalia

413 4973 563 5047 recte
592 4977 813 5047 omittit,
852 4976 947 5029 καὶ
971 4973 1255 5047 ἐσοφίσατο
1286 4978 1429 5047 ὑπὲρ
1455 4976 1659 5037 πάντας
1681 4973 1974 5047 φρονίμους

409 5044 710 5112 Αἰγύπτου.
760 5046 928 5101 Paulo
967 5044 1087 5112 post
1136 5044 1472 5101 llmscltcii‘us
1517 5049 1565 5097 in
1610 5055 1755 5096 textu
1792 5046 1972 5110 habet,

411 5061 710 5168 AIZU‘TC‘COU.
760 5061 928 5101 Paulo
967 5061 1087 5112 post
1136 5061 1472 5101 Ilmscncltus
1517 5062 1565 5097 ιιι
1610 5061 1755 5096 textu
1792 5061 1972 5110 mtuet,

411 5114 554 5188 613p
602 5115 769 5170 Γεθάν
801 5115 890 5169 τὸν
925 5115 1335 5188 ζΝαζαρίτην...
1359 5155 1405 5188 ..
1443 5117 1534 5169 καὶ
1571 5114 1826 5188 ’Apa616_
1845 5114 1975 5188 Ἰου-

412 5184 564 5254 μάδί,
612 5201 711 5242 nos
749 5203 878 5240 vero
925 5184 1211 5257 lectionem
1258 5184 1771 5257 sequimur__codicis
1795 5184 1974 5257 Regii,

408 5258 502 5324 qui
520 5268 677 5328 recte
700 5274 797 5326 pro
821 5256 1056 5328 Ἰουμάδι
1080 5255 1240 5328 habet
1266 5256 1410 5319 υἱοὺς
1433 5254 1594 5311 Μαδί.

482 5326 594 5398 (95)
629 5324 849 5398 Vulgata
872 5324 1059 5392 Biblia,
1095 5324 1254 5398 ὑπέρ.

504 5397 592 5467 96)
625 5395 820 5451 Eadem
856 5398 1047 5459 Biblia,
1076 5395 1246 5467 παρά,
1268 5395 1486 5467 rectius.

504 5398 570 5450 96
625 5395 820 5451 Eadem
856 5398 1047 5459 Biblia,
1076 5395 1246 5467 παρά,
1268 5395 1486 5450 reetius.

479 5395 592 5541 £97)
626 5468 698 5522 Τὰ
730 5469 848 5541 μὲν
887 5468 1210 5538 αἰνίγμασι.
1240 5464 1594 5521 Scribendum
1623 5464 1855 5533 videtur,
1904 5465 1977 5521 τά

413 5536 510 5608 μιν
543 5536 599 5591 ἐν
631 5536 932 5608 αἰνίγμασι.

405 5605 593 5717 5/(926)
654 5605 977 5673 Pliilucalia,
1040 5607 1074 5678 ἢ
1132 5605 1379 5672 συνετός.
1441 5605 1605 5675 alias,
1666 5608 1760 5661 καὶ
1825 5625 1977 5661 συνε-

411 5691 502 5717 {at

410 5691 502 5738 τος
509 5717 522 5729 .

486 5744 599 5815 (99)
651 5748 769 5801 Οὐκ
802 5748 1135 5821 ἐπεδείχθη.
1175 5747 1266 5807 Sic
1301 5746 1615 5806 Philocalia.
1663 5746 1829 5816 Alias,
1878 5746 1978 5821 οὐχ

1305 4744 1353 4778 ⁷⁸
1375 4745 1511 4799 Osee
1537 4742 1766 4809 x1v,10.
1855 4745 1903 4776 ’⁷⁸
1931 4744 2067 4798 Dan.
2102 4762 2141 4809 ι,
2185 4745 2273 4800 20.

2076 4451 2351 4514 Μωῦσέως
2372 4449 2711 4521 πολυμαθείᾳ
2736 4450 2764 4501 6
2790 4449 2845 4500 ἐν
2874 4449 2993 4509 ταῖς
3011 4444 3245 4516 Πράξεσι
3271 4444 3376 4496 τῶν
3407 4441 3639 4496 ἀποστό-

2075 4540 2181 4594 λων
2214 4540 2505 4609 Στέφανος,
2547 4540 2761 4601 πάντως
2790 4537 2896 4590 ἀπὸ
2924 4535 3030 4588 τῶν
3068 4533 3309 4588 παλαιῶν
3340 4533 3432 4587 καὶ
3459 4532 3531 4603 μὴ
3556 4530 3637 4593 εἰς

2077 4631 2302 4695 πολλοὺς
2346 4632 2655 4701 ἐφθακότων
2697 4628 3034 4700 γραμμάτων
3086 4624 3277 4681 λαϐών.
3327 4626 3461 4696 Φησί
3506 4622 3632 4694 γάρ·

2379 4746 2424 4778 ⁸⁸
2453 4745 2648 4801 Ezech.
2673 4759 2866 4810 xxvm,
2895 4743 2950 4799 ‘5.
3048 4740 3094 4773 ⁸⁸
3123 4738 3289 4795 Marc.
3332 4752 3414 4804 tv,
3458 4736 3516 4803 Ω,
3542 4736 3632 4791 54.

1075 4813 1318 4871 “lCor.
1352 4832 1450 4880 xu,
1480 4815 1536 4881 8,
1580 4814 1633 4868 9.
1725 4814 1773 4846 “
1801 4813 1917 4867 Act.
1945 4830 2039 4881 vn,
2066 4817 2159 4870 22.

2076 4907 2262 4960 ὑπεδεί
2300 4906 2387 4960 θτι.

2152 4978 2225 5050 (l)
2244 4925 2581 5052 ⁸ίίξΙέΙοιειιιίιι,
2608 4975 3029 5052 πιστευσάντων,
3077 4978 3131 5052 et
3156 4965 3634 5052 -p:|l||0"[l05.l.;t"ttw

2078 5035 2399 5120 παραϐολῶν
2418 5035 2931 5119 παραλαμϐάνοντας
2957 5035 3055 5106 τὰς
3085 5035 3312 5113 δεήσεις.
3337 5038 3470 5091 Κατ’
3500 5035 3634 5091 ἰδίαν

2078 5119 2435 5255 γάῗὼθέθὸάά.
2489 5188 2687 5254 Regius
2738 5195 2792 5239 et
2828 5181 3169 5255 Basilecnsis,
3199 5176 3631 5255 ⁸ἐξαθυμοῦνταςέ

2081 5248 2249 5321 Alias,
2296 5248 2787 5329 ἐπιδικαξομένους,
2837 5272 2940 5329 non
2985 5252 3146 5329 male.
3199 5248 3635 5329 Ἐπιδικάζεσθαι

2076 5317 2245 5393 enim,
2288 5337 2481 5398 pra-ter
2518 5317 2845 5387 vetitum—est
2887 5323 3251 5378 haereditatem
3300 5332 3499 5400 petere.
3536 5317 3637 5370 Dc-

2077 5400 2275 5454 mostb.
2303 5416 2317 5451 :
2344 5398 2469 5453 Ἐὰν
2496 5399 2551 5452 δὲ
2582 5396 2654 5460 μὴ
2682 5398 2747 5460 ζῇ
2771 5397 2798 5449 6
2835 5391 3283 5460 ἐπιδικασάμενος
3296 5407 3389 5442 του
3412 5388 3635 5460 κλήρου.

2077 5393 2317 5454 ιιιοειίι.’;
2344 5398 2469 5453 Ἐὰν
2496 5399 2551 5452 δὲ
2582 5396 2654 5467 μὴ
2682 5398 2747 5466 ζῇ
2771 5397 2798 5449 6
2835 5393 3283 5461 ἐπιδικασάμενος
3296 5393 3389 5442 τοῦ
3412 5393 3635 5460 κλήρου.

2078 5470 2245 5538 Paulo
2280 5479 2401 5538 post
2429 5468 2739 5538 Philocalia,
2767 5465 3006 5538 «sudati;
3034 5461 3227 5533 σοφοὺς
3253 5462 3347 5515 καί
3379 5475 3638 5531 γραμμα-

2075 5543 2186 5602 τεῖς
2214 5534 2401 5604 λέγων·
2425 5539 2556 5592 Ἰδοὺ
2586 5535 2694 5606 ἐγὼ
2721 5534 3046 5606 ἀποστέλλω.

2149 5595 2599 5682 (3)_li(psclielitts
2626 5595 2715 5682 Iin_
2743 5617 2917 5682 textu,
2966 5602 3245 5682 δευτέρᾳ.-
3260 5600 3419 5682 male.
3471 5595 3636 5654 Paulo

2078 5669 2219 5754 post,
2237 5678 2527 5737 Pbilocalia
2545 5717 2560 5743 ,
2594 5675 2851 5748 κεκίνηκέ
2877 5691 3024 5739 τινας
3053 5669 3247 5738 ὡς’τοῦ
3279 5669 3459 5740 λόγου.
