3998 6170
435 299 542 358 381
1612 296 1890 353 CONTRA
1924 297 2003 352 CE

2027 297 2202 351 csum
2242 296 2369 350 LIB,
2411 296 2498 349 Ill.
3172 300 3184 308 ·
3562 299 3678 355 982·
3752 369 3760 377 ο

443 435 462 466 α
497 419 605 471 Καὶ
621 417 909 488 ἐπαιδεύθη
937 418 1175 487 Μωῦσῆς
1196 417 1252 470 ἐν
1279 417 1425 488 πάσῃ
1447 418 1604 488 σοφίᾳ
1631 419 1958 486 Αἰγυπτίων.
1984 437 2002 470 ι

2036 425 2083 480 Α
2110 419 2232 498 cula
2277 435 2381 472 non
2419 416 2682 486 proficisci
2714 431 2741 468 a
2787 417 2917 482 Deo,
2965 427 3024 472 ut
3052 419 3414 489 praedicabat,
3455 418 3544 471 sed
3577 435 3670 486 pa-

434 507 534 561 Διά
563 508 716 561 τοῦτο
753 507 809 560 δέ
855 510 950 562 καὶ
998 511 1056 562 ἐν
1086 512 1199 572 τοῖς
1245 509 1544 582 τεραστίοις
1581 510 1874 574 ὑπενοεῖτο,
1932 511 2002 582 μή

2111 511 2242 564 trari
2271 508 2674 576 disciplinarum
2701 505 3145 576 Egyptiacarum
3191 526 3314 578 ope,
3348 509 3541 578 quibus
3571 525 3668 575 ap-

436 616 566 652 ποτε
595 599 655 652 οὑ
692 598 828 652 κατὰ
860 598 956 670 τὴν
978 599 1306 668 ἐπαγγελίαν
1329 600 1421 653 τοῦ
1451 593 1632 653 θεόθεν
1661 602 1815 672 ἣκειν
1836 603 2003 655 ἐποίει

2106 607 2278 675 prime
2303 605 2548 660 eruditus
2579 611 2713 658 eral.
2744 601 2856 669 Qua
2896 604 3196 670 suspicione
3220 613 3390 657 motus
3422 617 3535 668 rex,
3573 617 3667 654 ae-

434 689 594 754 αὺτά,
657 689 793 743 ἀλλὰ
825 692 964 744 κατά
1000 690 1069 743 τὰ
1099 691 1410 759 Αἰγυπτίων
1471 690 1787 761 μαθήματα,
1844 695 2003 762 σοφὸς

2106 697 2327 752 ccrsivit
2363 697 2731 750 incantatores
2761 693 3066 764 Egyptios,
3105 712 3124 743 ι
3157 695 3426 762 sapientes
3462 703 3517 747 et
3549 707 3665 746 ma-

434 779 508 832 ὣν
538 781 593 832 ἐν
622 781 822 842 αὐτοῖς.
855 780 1088 833 Τοιαῦτα
1107 781 1218 851 γὰρ
1241 779 1482 833 ὑπονοῶν
1509 781 1636 852 περὶ
1664 781 1826 834 αὐτοῦ
1854 783 1882 834 ό
1912 782 2003 851 βα-

2105 790 2287 843 leiicos
2315 788 2382 852 ⁸⁵,
2423 807 2442 840 ι
2477 802 2612 855 quos
2641 787 2789 840 brevi
2820 785 2995 855 patuit
3027 785 3158 837 nihil
3182 800 3298 838 esse
3327 800 3436 854 pm
3461 783 3661 852 Moyse,

435 871 632 935 σιλεὺς,
675 872 898 925 ἐκάλεσε
934 873 1061 934 τοὺς
1097 872 1376 935 ἐπαοιδοὺς
1409 871 1515 924 τῶν
1545 873 1875 939 Αἰγυπτίων,
1911 873 2003 924 καὶ

2103 879 2257 946 cujus
2314 879 2583 948 sapientia
2637 890 2850 931 omnem
2912 874 3289 944 Aigyptiorum
3348 873 3664 942 sapientiam

440 981 460 1013 ε
491 964 614 1026 τοὺς
650 963 902 1031 σοφιστὰς
949 966 1042 1017 καὶ
1065 965 1190 1028 τοὺς
1221 967 1546 1036 φαρμακεῖς,
1578 983 1597 1017 ι
1627 965 1820 1026 οἵτινες
1845 963 2006 1033 ὴλέγ-
2103 970 2417 1040 superabat.

433 1054 638 1125 χθησαν
672 1056 732 1108 τὸ
759 1055 910 1109 οὐδὲν
939 1056 1089 1120 ὅντες
1114 1057 1189 1120 ὡς
1215 1057 1350 1128 πρὸς
1373 1055 1469 1127 τὴν
1498 1059 1554 1110 ἐν
1584 1058 1790 1127 Μωῡσῇ
1810 1055 2003 1125 σοφίαν

433 1148 571 1219 ὑπὲρ
605 1149 780 1201 πᾶσαν
811 1148 1120 1216 Αἰγυπτίων
1150 1149 1360 1218 σοφίαν.

501 1237 639 1290 Ἀλλ’
670 1238 816 1302 εἰκὸς
848 1237 916 1292 τὰ
943 1239 1302 1310 γεγραμμένα
1334 1239 1393 1292 ὲν
1420 1239 1486 1308 τῇ
1519 1237 1652 1309 πρὸς
1684 1236 2003 1308 Κορινθίους

2173 1241 2262 1295 47.
2293 1236 2598 1292 Verisimile
2621 1244 2725 1300 est,
2759 1250 2878 1304 quae
2917 1233 3110 1288 Paulus
3144 1232 3195 1286 in
3232 1230 3416 1300 priore
3468 1245 3562 1284 sua
3596 1232 3662 1285 ad

431 1331 673 1402 προτέρᾳ
697 1329 772 1401 τῷ
798 1331 1012 1400 Παύλῳ,
1044 1331 1119 1394 ὡς
1149 1331 1284 1402 πρὸς
1307 1330 1570 1400 ’Έλληνας
1595 1330 1688 1382 καὶ
1743 1328 1881 1399 μέγα
1904 1346 2003 1396 φυ-

2103 1327 2418 1383 Corinthios
2449 1327 2516 1388 ⁸⁸,
2546 1326 2762 1380 Graecos
2800 1324 3006 1378 scilicet
3046 1321 3357 1377 Grmeanica
3397 1319 3663 1390 sapientia

432 1423 644 1485 σῶντας
678 1423 770 1475 ἐπὶ
800 1425 863 1493 τῇ
896 1421 1179 1493 Ἐλληνικῇ
1233 1423 1414 1494 σοφίᾳ,
1457 1421 1800 1493 κεκινηκέναι
1827 1419 1999 1484 τινὰς,

2104 1417 2338 1482 inﬂatos,
2383 1417 2618 1486 scripsit,
2655 1432 2718 1470 ea
2753 1416 2994 1470 movisse
3025 1415 3310 1482 quosdam,
3346 1421 3406 1466 ut
3439 1413 3661 1481 sapien-

430 1516 505 1578 ὼς
545 1514 638 1568 τοῦ
669 1514 828 1582 λόγου
861 1513 934 1584 μὴ
967 1513 1290 1584 βουλομένου
1335 1515 1548 1584 σοφούς.
1581 1514 1720 1566 Ἀλλ’
1759 1513 2002 1568 ἀκουέτω

2103 1515 2185 1561 tes
2221 1522 2249 1559 a
2283 1517 2467 1562 nostra
2503 1506 2762 1574 religione
2814 1503 3028 1559 excludi
3063 1505 3366 1558 crederent.
3419 1501 3521 1568 Qui
3557 1504 3660 1556 sibi

428 1609 458 1660 ὁ
482 1605 551 1659 τά
577 1605 799 1659 τοιαῦτα
827 1606 1080 1676 νομίζων,
1120 1607 1222 1668 ότι,
1259 1605 1443 1677 ῶσπερ
1470 1605 1764 1658 διαϐάλλων
1793 1603 2000 1675 ἀνθρώο

2105 1599 2206 1652 hoc
2234 1600 2444 1653 induxit
2473 1600 2524 1652 in
2559 1599 2820 1661 animum,
2858 1599 3028 1652 discat
3064 1597 3512 1666 quemadmodum
3553 1597 3664 1650 illic

429 1715 564 1760 πους
611 1695 840 1765 φαύλους
882 1699 910 1748 ὁ
947 1696 1102 1764 λόγος
1148 1697 1308 1767 φησὶν
1352 1697 1546 1759 αὐτοὺς
1577 1692 1719 1750 εἶναι
1762 1697 1821 1749 οὐ
1871 1696 1999 1766 περὶ

2102 1691 2496 1762 reprehendens
2531 1689 2805 1759 improbos
2841 1691 3108 1755 homines,
3139 1703 3234 1744 eos
3272 1690 3348 1742 ait
3375 1688 3664 1756 Apostolus

427 1789 535 1842 τῶν
565 1787 768 1858 νοητῶν
805 1788 897 1841 καὶ
935 1789 1180 1857 ἀοράτων
1214 1789 1308 1842 καὶ
1336 1788 1569 1842 αἰωνίων
1609 1789 1828 1856 σοφοὺς,
1862 1787 1996 1840 ἀλλὰ

2031 1765 2069 1818 Β
2099 1799 2203 1838 non
2241 1784 2294 1836 in
2325 1783 2411 1838 his
2441 1797 2563 1837 esse
2609 1782 2880 1850 sapientes
2927 1797 3046 1850 qua:
3080 1782 3248 1836 solius
3295 1780 3665 1850 intelligentia:

429 1882 556 1953 περὶ
580 1882 753 1951 μόνων
793 1882 898 1934 τῶν
940 1880 1210 1950 αἰσθητῶν
1244 1881 1871 1952 πραγματευσαμένους,.
1903 1881 1995 1933 καὶ

2097 1885 2243 1940 sunt,
2267 1889 2386 1943 qua:
2409 1877 2507 1928 sub
2540 1889 2732 1928 sensus
2755 1889 2860 1927 non
2892 1874 3110 1936 cadunt,
3136 1888 3256 1942 qua}
3280 1881 3479 1927 aeterna
3511 1881 3661 1936 sunt,

426 1973 483 2025 ὲν
527 1971 733 2035 τούτοις
769 1972 835 2025 τὰ
886 1972 1064 2026 πάντα
1101 1972 1433 2042 τιθεμένους,
1481 1967 1615 2024 εἶναι
1651 1973 1844 2040 σοφοὺς
1899 1971 1994 2025 τοῦ

2095 1968 2188 2022 sed
2227 1982 2347 2019 cum
2377 1967 2429 2019 in
2477 1965 2608 2019 solis
2640 1966 2987 2019 sensibilibus
3011 1973 3363 2032 occupentur,
3401 1964 3456 2018 in
3489 1965 3662 2033 iisque

426 2062 650 2132 κόσμου·
677 2061 926 2115 οὕτωκαὶ
948 2062 1156 2116 πολλῶν
1173 2063 1340 2116 ὄντων
1369 2063 1652 2133 δογμάτων
1682 2063 1778 2134 (4),
1809 2062 1878 2114 τὰ
1896 2061 1996 2132 μὲν

2094 2067 2357 2126 reponant
2383 2057 2590 2119 omnia,
2637 2057 2910 2124 sapientes
2949 2070 3068 2110 esse
3099 2056 3256 2124 hujus
3299 2055 3516 2121 mundi;
3580 2056 3661 2110 sic

425 2152 849 2224 συναγορεύοντα
881 2138 981 2225 ὕλῃ
1026 2155 1119 2207 καὶ
1159 2152 1392 2226 σώμασι,
1422 2155 1516 2207 καὶ
1546 2154 1722 2207 πάντα
1763 2155 1997 2223 φασκόν-

2091 2149 2237 2204 inter
2279 2147 2444 2202 multa
2498 2149 2768 2217 dogmata,
2807 2164 2892 2212 ea,
2925 2161 3042 2216 qua:
3071 2148 3309 2202 materia:
3351 2155 3406 2200 et
3445 2148 3660 2215 corpori

421 2260 527 2296 των
548 2238 687 2297 εἶναι
723 2242 949 2315 σώματα
977 2245 1046 2298 τὰ
1075 2246 1494 2321 προηγουμένως
1515 2247 1874 2317 ὑφεστηκότα,
1897 2247 1992 2300 καὶ
2091 2239 2522 2308 patrocinantur,
2575 2254 2800 2310 quaeque
2851 2255 2959 2304 res,
3009 2241 3172 2294 etiam
3215 2255 3333 2308 qutn
3387 2239 3659 2310 praecipue

421 2334 587 2404 μηδὲν
627 2336 778 2407 παρά
812 2336 982 2389 ταῦτα
1021 2332 1156 2389 εἶναι
1189 2336 1335 2401 ἄλλο,
1366 2338 1474 2389 εἴτε
1507 2335 1792 2408 λεγόμενον
1823 2335 1990 2408 ἀόρα-

2091 2327 2410 2393 subsistunt,
2435 2344 2731 2398 corporeas
2773 2345 2893 2384 esse
2920 2338 3187 2393 statuunt,
3222 2344 3431 2391 necnon
3462 2337 3659 2398 praeter

419 2442 509 2478 τον
541 2425 638 2479 εἴτ’
671 2426 1062 2498 ὀνομαζόμενον
1095 2427 1402 2499 ἀσώματον,
1440 2428 1603 2500 φησὶν
1636 2423 1770 2480 εἶναι
1802 2427 1991 2496 σοφίαν

2091 2419 2180 2472 illa
2214 2419 2348 2473 nihil
2376 2422 2519 2489 quod
2551 2420 2738 2474 oculos
2774 2420 2969 2489 fugiat,
2998 2419 3131 2473 nihil
3160 2422 3541 2489 incorporeum
3563 2422 3658 2474 ad-

419 2516 511 2569 τοῦ
529 2517 732 2588 κόσμου
749 2520 1216 2590 καταργουμένην,
1240 2519 1332 2572 καὶ
1355 2520 1762 2590 μωραινομένην
1779 2520 1874 2589 (5),
1897 2521 1996 2574 καὶ

2090 2513 2336 2577 mittunt,
2362 2512 2429 2566 ab
2454 2513 2571 2581 ipso
2593 2512 2699 2566 dici
2723 2528 2844 2567 esse
2871 2513 3055 2566 mundi
3097 2512 3412 2582 sapientiam
3443 2513 3654 2567 irritam

422 2607 612 2675 σοφίαν
637 2608 729 2661 τοῦ
764 2610 954 2673 αἰῶνος
972 2611 1180 2663 τούτου·
1207 2609 1274 2663 τά
1300 2611 1357 2663 δὲ
1384 2611 1736 2681 μετατιθέντα
1764 2611 1861 2682 τὴν
1886 2611 1985 2681 ψυ-

2089 2601 2310 2682 factam,
2332 2604 2638 2669 evanidam,
2663 2605 2906 2670 stultam,
2930 2616 2985 2660 et
3009 2606 3330 2675 sapientiam
3363 2606 3522 2676 hujus
3556 2621 3658 2661 ste-

420 2698 518 2768 χὴν
541 2699 647 2752 ἀπὸ
673 2699 779 2753 τῶν
801 2701 923 2770 τῇδε
960 2701 1296 2772 πραγμάτων
1326 2702 1420 2753 ἐπὶ
1444 2701 1542 2772 τὴν
1571 2701 1721 2774 παρά
1743 2701 1860 2772 Θεῷ
1892 2721 1990 2774 μα-

2089 2693 2233 2759 culi;
2281 2709 2344 2747 ea
2377 2709 2506 2748 vero
2552 2710 2671 2764 quae
2715 2697 2951 2751 animam
2981 2698 3050 2750 ab
3084 2698 3230 2753 hisce
3263 2699 3424 2752 rebus
3449 2697 3516 2751 ad
3561 2697 3655 2752 Dei

419 2791 716 2859 καριότητα
743 2793 836 2844 καὶ
865 2791 959 2862 τὴν
994 2793 1326 2863 καλουμένην
1359 2793 1520 2849 αὑτοῦ
1551 2793 1840 2863 βασιλείαν,
1894 2797 1990 2851 καὶ⁵

2088 2783 2473 2838 beatitudinem
2497 2784 2718 2853 ejusque
2745 2804 2968 2858 regnum
3003 2791 3262 2855 evehunt,
3293 2805 3412 2858 qua:
3459 2790 3656 2844 docent

417 2881 731 2935 διδάσκοντα
772 2885 1126 2953 καταφρονεῖν
1158 2885 1255 2953 μὲν
1285 2883 1360 2947 ὡς
1395 2885 1741 2956 προσκαίρων
1774 2887 1986 2941 πάντων

2085 2874 2268 2927 omnia
2287 2876 2538 2930 sensibus
2567 2877 2724 2930 obvia
2748 2888 3101 2934 contemnere
3126 2889 3184 2933 ut
3217 2881 3452 2948 peritura
3484 2889 3538 2934 et
3563 2895 3655 2934 ca-

415 2974 521 3026 τῶν
563 2975 833 3045 αἰσθητῶν
881 2977 973 3028 καὶ
1020 2975 1385 3046 βλεπομένων,
1419 2977 1666 3031 σπεύδειν
1705 2979 1762 3031 δὲ
1789 2981 1879 3032 ἐπὶ
1918 2980 1986 3033 τὰ

2086 2963 2254 3025 duca;
2301 2965 2628 3020 contendere
2672 2981 2800 3020 vero
2827 2970 2892 3022 ad
2917 2984 3001 3032 ea,
3030 2985 3148 3038 quae
3184 2969 3282 3023 sub
3310 2970 3494 3024 oculos
3547 2984 3652 3024 non

414 3065 639 3136 ἀόρατα,
673 3067 765 3119 καὶ
798 3070 1017 3120 σκοπεῖν
1057 3068 1124 3121 τὰ
1167 3068 1239 3139 μὴ
1264 3068 1586 3138 βλεπόμενα,
1619 3069 1790 3124 ταῦτά
1844 3089 1974 3142 φησι
2001 3129 2003 3151 Ι

2027 3110 2041 3130 η
2085 3053 2302 3118 cadunt,
2337 3063 2389 3107 et
2421 3057 2778 3125 contemplari
2810 3074 2928 3126 quae
2971 3077 3074 3114 non
3119 3062 3386 3126 videntur,
3437 3063 3653 3131 sapien.

2027 3143 2043 3166 Δ
2089 3147 2210 3167 ,2.ε-.-
2255 3147 2342 3167 Ιι-ξ
2403 3146 2581 3167 _.-,-_,_!
2640 3148 2712 3167 ιν,
2757 3166 2761 3167 γ
2877 3159 2888 3167 .
3083 3166 3086 3167 ,
3135 3153 3165 3167 ι,
3213 3154 3246 3167 ,ι
3447 3163 3456 3167 _
3611 3155 3641 3167 .-

418 3159 612 3226 σοφίαν
639 3156 772 3212 εἶναι
811 3159 966 3214 Θεοῦ,
999 3159 1296 3232 Φιλαλήθης
1337 3160 1383 3212 δ’
1416 3159 1490 3214 ὢν
1523 3164 1550 3215 ό
1585 3161 1792 3225 ΙΙαῦλός
1845 3181 1974 3234 φησι
2001 3146 2003 3151 τ

2027 3146 2043 3166 ‘
2089 3147 2214 3198 tiam
2253 3147 2344 3200 Dei
2403 3146 2606 3200 vocari.
2639 3148 2770 3202 Cum
2805 3159 2984 3205 autem
3033 3153 3278 3207 veritatis
3316 3163 3528 3207 amator
3579 3155 3648 3208 sit

419 3245 546 3316 περί
570 3263 728 3301 τινων
753 3249 810 3300 ἐν
838 3249 1061 3320 Ἕλλησι
1097 3249 1273 3318 σοφῶν
1301 3252 1357 3302 ἐν
1394 3244 1475 3312 οἷς
1505 3250 1874 3320 ἀληθεύουσιν·
1905 3253 1984 3305 ὅτι

2086 3237 2303 3302 Paulus,
2339 3241 2405 3295 de
2449 3243 2772 3310 quibusdam
2817 3243 3131 3299 Graecorum
3169 3245 3510 3316 sapientibus
3562 3247 3652 3301 ubi

425 3357 444 3388 ε
486 3337 706 3401 Γνόντες
745 3339 836 3392 τὸν
864 3340 1015 3401 Θεὸν,
1047 3341 1142 3410 οὐχ
1171 3341 1246 3404 ὡς
1277 3341 1406 3395 Θεὸν
1443 3341 1719 3408 ἐδόξασαν,
1759 3343 1791 3414 ἢ
1818 3345 1986 3414 ηύχα-

2083 3349 2207 3387 vera
2231 3335 2488 3399 sentiunt,
2522 3337 2598 3390 ait
2638 3356 2652 3392 :
2682 3357 2700 3389 ‹
2731 3337 2864 3392 Cum
2903 3340 3286 3408 cognovissent
3319 3340 3508 3403 Deum,
3545 3354 3651 3392 non

421 3429 702 3499 ρίστησαν.
738 3449 756 3482 ›
790 3431 899 3484 Καὶ
926 3435 1188 3502 μαρτυρεῖ
1203 3433 1396 3497 αὐτοὺς
1423 3433 1494 3504 (6)
1519 3435 1980 3502 ἐγνωκέναιΘεόν·

2083 3426 2223 3480 sicut
2249 3426 2418 3482 Deum
2453 3428 2910 3496 gloriﬁcaverunt,
2939 3440 3032 3484 aut
3060 3433 3262 3501 gratias
3292 3444 3516 3502 egerunt
3545 3434 3644 3488 ⁸⁷.»

416 3516 564 3588 λέγει
594 3522 651 3574 δὲ
690 3524 785 3577 καὶ
811 3523 952 3577 τοῦτ’
977 3524 1074 3577 οὐκ
1105 3524 1252 3577 ἀθεεὶ
1276 3527 1456 3587 αὐτοῖς
1496 3525 1794 3594 γεγονέναι,
1825 3528 1882 3580 ἐν
1905 3521 1984 3591 οἷς

2084 3515 2151 3570 Ει
2181 3525 2406 3571 testatur
2435 3527 2619 3573 notum
2653 3517 2760 3572 illis
2799 3518 2966 3574 fuisse
2999 3521 3202 3577 Deum:
3231 3525 3372 3589 quod
3405 3539 3502 3578 uec
3533 3525 3652 3579 sine

414 3613 614 3683 γράφει
645 3615 724 3666 τό·
767 3634 785 3666 ε
825 3616 882 3668 '0
909 3616 1039 3680 Θεὸς
1078 3617 1185 3686 γὰρ
1234 3617 1414 3681 αὐτοῖς
1446 3619 1807 3688 ἐφανέρωσεν·
1849 3637 1867 3669 ι
1903 3619 1987 3672 αί-

2083 3605 2193 3660 Deo
2216 3607 2320 3662 illis
2355 3609 2645 3679 contigisse
2679 3612 2810 3666 dicit
2854 3613 2937 3666 his
2971 3612 3194 3667 verbis:
3243 3631 3262 3664 ι
3315 3613 3452 3669 Deus
3500 3618 3646 3673 enim

412 3703 744 3774 νισσόμενος,
772 3701 943 3776 οἶμαι,
967 3707 1094 3769 τοὺς
1120 3706 1502 3770 ἀναϐαίνοντας
1519 3708 1626 3760 ἀπὸ
1647 3707 1754 3762 τῶν
1777 3709 1983 3779 ὁρατῶν

2083 3699 2191 3754 illis
2221 3701 2585 3755 manifestavit
2629 3703 2706 3767 3’;
2767 3722 2784 3756 ι
2821 3704 3171 3759 subindicans
3201 3721 3313 3771 eos,
3364 3710 3414 3761 ui
3471 3709 3647 3774 fallor,

415 3788 508 3848 ἐπὶ
534 3795 601 3848 τά
621 3796 805 3868 νοητὰ,
839 3797 926 3850 ὅτε
957 3798 1176 3868 γράφει·
1207 3801 1288 3852 ὅτι
1325 3819 1343 3850 ι
1383 3799 1452 3852 τά
1481 3801 1684 3871 ἀόρατα
1715 3800 1806 3852 τοῦ
1848 3800 1983 3853 Θεοῦ

2083 3789 2173 3856 qui
2205 3804 2234 3842 a
2261 3791 2418 3846 rebus
2442 3794 2721 3860 corporeis
2746 3794 2813 3846 ad
2841 3793 3136 3863 spiritualia
3159 3805 3390 3850 mentem
3408 3797 3644 3868 erigunt,

413 3883 520 3938 ἀπὸ
542 3884 765 3946 κτίσεως
789 3885 991 3955 κόσμου
1026 3889 1135 3949 τοῖς
1167 3889 1431 3958 ποιήμασι
1463 3889 1723 3958 νοούμενα
1757 3889 1986 3959 καθορᾶο

2084 3881 2174 3934 ubi
2201 3882 2392 3935 scribit
2421 3899 2435 3935 :
2478 3903 2495 3934 ι
2530 3884 2823 3950 Invisibilia
2861 3885 2950 3947 Dei
2975 3901 3004 3938 a
3030 3897 3279 3941 creatura
3321 3890 3525 3955 mundi,
3551 3905 3648 3958 per

412 3991 526 4039 ται,
563 3976 597 4045 ἦ
627 3993 684 4027 τε
720 3975 887 4039 ἀΐδιος
918 3977 1082 4030 αὐτοῦ
1131 3978 1356 4050 δύναμις
1390 3969 1744 4052 καὶδθειότης·
1795 3984 1875 4044 εἰς
1923 3982 1985 4035 τὸ

2082 3987 2142 4026 ea
2182 3989 2301 4043 qum
2334 3974 2472 4029 facta
2507 3986 2652 4043 sunt,
2680 3979 2948 4033 intellecta
2984 3981 3417 4048 conspiciuntur;
3451 3983 3640 4051 scrupi-

415 4062 553 4119 εἶναι
580 4069 774 4130 αὐτοὺς
800 4068 1254 4140 ἀναπολογήτους·
1294 4071 1425 4123 διότι
1453 4073 1670 4139 γνόντες
1715 4073 1804 4125 τὸν
1830 4074 1980 4137 Θεὸν,

2085 4073 2232 4118 terna
2262 4081 2476 4135 quoque
2519 4066 2635 4136 ejus
2667 4069 2837 4126 virtus
2883 4082 2938 4126 et
2979 4073 3268 4127 divinitas:
3323 4074 3394 4127 ita
3431 4083 3488 4127 ut
3539 4077 3645 4130 sint

415 4161 514 4232 οὐχ
537 4161 610 4225 ὠς
637 4161 767 4215 Θεὸν
791 4161 1066 4226 ἐδόξασαν,
1096 4162 1128 4232 ἢ
1154 4161 1576 4234 ηὐχαρίστησαν.
1609 4182 1628 4214 ι

2083 4157 2494 4213 incxcusabiles.
2549 4161 2684 4227 Quia
2727 4177 2846 4216 eum
2911 4165 3288 4231 cognovissent
3316 4165 3503 4232 Deum,
3537 4181 3646 4220 non

2027 4303 2040 4310 κ
2081 4249 2219 4302 sicut
2257 4249 2422 4303 Deum
2455 4251 2896 4319 glorilicaverunt
2920 4264 3011 4308 aut
3036 4256 3236 4323 gratias
3261 4264 3488 4324 egerunt
3516 4256 3579 4308 ⁸⁸.
3617 4274 3634 4307 ι

485 4341 637 4412 Τάχα
660 4340 826 4394 δὲκαὶ
861 4341 925 4393 ἐκ
945 4339 1059 4401 τοῦ,
1079 4359 1096 4390 ι
1116 4339 1349 4394 Βλέπετε
1372 4341 1427 4394 δὲ
1455 4342 1551 4411 τὴν
1589 4342 1774 4414 κλῆσιν
1805 4344 1834 4396 ὑ
1844 4345 1978 4414 μῶν,

2153 4338 2240 4395 48.
2326 4338 2577 4394 Fortasse
2653 4343 2814 4394 etiam
2903 4343 3140 4410 opinioni
3228 4359 3463 4410 eorum,
3551 4345 3642 4413 qui

415 4433 650 4503 ἀδελφοὶ,
679 4433 760 4486 ὅτι
788 4432 848 4484 οὐ
875 4431 1056 4484 πολλοὶ
1087 4433 1237 4502 σοφοὶ
1268 4432 1403 4485 κατὰ
1453 4433 1655 4506 σάρκα,
1701 4436 1761 4487 οὐ
1796 4435 1976 4488 πολλοὶ

2027 4453 2052 4505 )
2079 4428 2244 4502 479
2277 4431 2564 4491 eruditum,
2598 4443 2690 4484 aut
2724 4433 3046 4501 sapientem,
3082 4442 3174 4488 aut
3207 4437 3528 4504 prudentem
3556 4452 3646 4490 ar-

411 4523 647 4586 δυνατοι,
682 4525 742 4575 οὐ
774 4521 956 4576 πολλοὶ
984 4523 1220 4592 εὐγενεῖς
1243 4540 1254 4552 ·
1292 4523 1426 4577 ἀλλά
1455 4525 1522 4577 τά
1561 4525 1718 4597 μωρά
1752 4526 1846 4580 τοῦ
1885 4528 1976 4582 κό-

2081 4523 2351 4576 bitrantur
2385 4521 2436 4576 in
2474 4533 2713 4581 nostram
2743 4526 3060 4579 societatem
3103 4543 3206 4580 non
3240 4529 3429 4597 recipi,
3463 4531 3640 4584 locum

413 4631 548 4684 σμου
581 4615 856 4681 ἐξελέξατο
887 4617 915 4668 ὁ
945 4615 1094 4678 Θεὸς,
1127 4615 1213 4668 ἵνα
1255 4616 1586 4689 καταισχύνῃ
1630 4619 1753 4680 τοὺς
1785 4618 1978 4686 σοφούς

2081 4613 2291 4668 dederit
2323 4613 2412 4667 hic
2439 4615 2576 4668 alius
2605 4615 2754 4669 Pauli
2791 4617 2942 4673 locus
2975 4636 2988 4672 :
3033 4637 3052 4670 ι
3090 4621 3277 4674 Videte
3317 4631 3497 4676 autem
3543 4638 3640 4674 vo.

411 4705 508 4774 (7)°
538 4707 632 4759 καὶ
660 4706 726 4759 τὰ
765 4706 928 4776 ἀγενῆ
964 4705 1057 4758 καὶ
1092 4705 1158 4758 τὰ
1205 4705 1596 4778 ἐξουθενημένα
1634 4707 1910 4774 ἐξελέξατο
1945 4710 1974 4762 ό

2079 4704 2348 4758 catiouem
2383 4715 2640 4770 vestram,
2670 4707 2891 4774 fratres,
2925 4711 3051 4778 quia
3083 4728 3190 4766 non
3231 4714 3387 4767 multi
3423 4706 3640 4783 sapien-

412 4795 562 4859 Θεὸς,
595 4797 688 4850 καὶ
711 4797 778 4850 τὰ
806 4797 878 4868 μὴ
904 4797 1048 4860 ὄντα,
1078 4796 1164 4849 ἵνα
1189 4796 1253 4859 τά
1279 4795 1405 4854 ὄντα
1429 4798 1768 4870 καταργήσῃ·
1792 4797 1877 4852 ἵνα
1899 4798 1973 4870 μὴ

2082 4807 2162 4850 tes
2197 4799 2494 4860 secundum
2544 4813 2799 4863 carnem,
2843 4817 2948 4855 non
3000 4804 3152 4858 mulli
3199 4817 3478 4875 potentes,
3531 4823 3634 4860 non

414 4887 748 4956 καυχήσηται
779 4889 925 4941 πᾶσα
955 4885 1088 4959 σὰρξ
1115 4887 1339 4940 ἐνώπιον
1367 4888 1549 4942 αὐτοῦ·
1591 4909 1609 4941 ι
1647 4888 1974 4959 ἐκινήθησάν

2082 4890 2234 4944 multi
2270 4891 2509 4954 nobiles;
2554 4895 2647 4947 sed
2701 4909 2820 4962 quae
2876 4895 3038 4950 stulta
3075 4907 3205 4952 sunt
3250 4899 3432 4953 mundi
3477 4900 3638 4969 elegit

412 4992 552 5038 τινες
579 4977 711 5047 πρὸς
739 4979 797 5030 τὸ
828 4978 1027 5032 οἴεσθαι
1059 4980 1138 5031 ὅτι
1164 4979 1335 5042 οὐδεὶς
1361 4981 1783 5052 πεπαιδευμένος
1808 4981 1841 5048 ἢ
1882 4997 1974 5034 σο-

2084 4980 2249 5044 Deus,
2275 4992 2331 5036 ut
2357 4983 2647 5039 confundat
2682 4989 2976 5056 sapientes;
3011 4999 3067 5044 et
3095 4990 3348 5060 ignobilia
3379 4993 3558 5047 mundi
3581 5001 3638 5044 et

479 5110 526 5142 "
557 5110 725 5165 Exod.
757 5127 848 5176 vn,
882 5113 966 5167 10.
1038 5112 1084 5147 ⁸⁸
1112 5113 1278 5169 lCor.
1309 5131 1351 5180 ι,
1386 5117 1450 5169 l8
1481 5132 1597 5184 seq.
1702 5119 1745 5149 ετ
1777 5118 1934 5176 ﬂetu.
1965 5135 2003 5184 ι,

2037 5119 2126 5174 2|.
2201 5121 2246 5152 ⁸⁸
2272 5121 2428 5188 lbid.,
2459 5123 2547 5177 i9.
2623 5125 2667 5157 ⁸³
2697 5127 2856 5193 lbid.,
2882 5128 2971 5183 20.

483 5226 559 5296 (4)
589 5227 716 5320 ηεξ.
750 5239 802 5280 et
824 5227 1139 5320 Philoealia,
1163 5232 1660 5320 6vzwvn80'rp-0'tttlov,
1693 5237 1848 5320 alias.
1881 5239 1953 5290 ὅν-

2076 5241 2406 5320 editionibus
2428 5245 3012 5320 addunturhteeverba
3047 5265 3167 5320 quae
3192 5251 3428 5306 uneinuli
3461 5253 3637 5307 inclu-

410 5313 518 5350 των
545 5297 974 5390 καξδογμάτων.
993 5301 1307 5390 Paulo'polst
1337 5297 1673 5387 "te-schelius
1705 5317 1759 5357 et
1800 5308 1972 5390 Spen-

2076 5313 2205 5390 Slunt
2241 5331 2253 5366 :
2289 5297 2478 5390 καιτά

410 5383 589 5460 cerusI,
623 5371 720 5438 ὕλῃ
759 5374 852 5452 καὶ
888 5371 1116 5451 σώματι.
1157 5371 1355 5426 Ibidem
1403 5391 1497 5440 pro
1530 5376 1703 5428 πάντα
1742 5371 1972 5442 φασκόνς-

2076 5382 2510 5460 ίνακαταισχύνῃ
2522 5387 2589 5439 τὰ
2616 5371 2934 5460 ἰσχύρὰβιτᾱ
2949 5371 3394 5452 ιιίιιεε.νοιιιιῖἱ1)ιιδ
3418 5371 3634 5458 ειὺειιηῖξ

407 5439 673 5526 τωνδὶιιίξο
703 5439 884 5526 πάντα¹
905 5439 1200 5526 φάσκοντα.
1405 5439 1415 5440 ί
1471 5512 1483 5526 Ι
1657 5513 1672 5526 1
1755 5439 1766 5442 ⁷

2073 5463 2129 5526 οι
2155 5448 2278 5526 ideo
2306 5471 2336 5508 e
2365 5439 2511 5509 exii;
2551 5439 3637 5526 τρρίδείιςιιεξἐἶδε-,τιέξῆῖῖιῑιῑέείιῑζιςίῑ

481 5507 555 5598 ig)
589 5507 712 5561 Mss.
751 5522 805 5562 et
828 5509 1148 5595 Philocalia.’
1176 5512 1603 5584 μωραινομένην.
1632 5513 1968 5572 llocschelius

2073 5523 2196 5598 bilis
2214 5527 2570 5598 reperiantur.
2603 5527 2721 5598 Mox
2745 5507 3080 5598 llmschclius
3101 5542 3158 5582 et
3189 5507 3514 5598 Spencgrus,
3543 5533 3636 5585 καὶ

406 5576 1277 5668 ειέρθΐξξριίξτυεῖθμαραινομένηνξ
1393 5576 1432 5667 ”
1478 5654 1500 5668 θ
1540 5576 1551 5584 ’

2067 5592 2137 5668 τᾲ
2157 5576 2324 5668 ἀγενζῆ
2349 5596 2574 5668 κόσμου,
2593 5597 2684 5668 sed
2705 5612 2802 5649 vox
2827 5597 3050 5668 κόσμου,
3076 5615 3104 5652 a
3131 5576 3259 5657 mssr.
3276 5608 3327 5655 et
3347 5576 3635 5664 Philocalia

583 5643 890 5741 aliilocalia,
917 5643 1131 5734 ἀύτούς,
1168 5643 1588 5741 ιιίίέὶεῆαὖτίίἶςςη
1704 5724 1736 5741 n
1949 5728 1959 5739 .

2071 5643 2259 5741 abest."
2270 5643 2439 5716 ῥὶιῆῐὸ
2452 5643 2965 5741 ῗμοέιῖίξιιεοιιριίυξ
2990 5643 3050 5722 ρι’

479 5714 563 5788 L7)
591 5715 716 5774 Post
749 5735 932 5776 vocem
964 5721 1178 5794 σοφούς,
1210 5720 1260 5776 in
1301 5714 1589 5779 liceschclii
1623 5734 1674 5780 et
1704 5724 1960 5797 Spenccri

2068 5714 2210 5800 sine,
2233 5714 2377 5796 ὅπως
2393 5714 2496 5806 μῆ
2513 5714 2865 5804 κᾶυῇξῆὲῆἶάἱζ
