3998 6170
307 303 416 360 985

1507 281 1783 358 CONTRA
1815 299 2094 356 eanun
2133 298 2258 353 LIB.
2295 296 2381 352 In.

3455 293 3559 351 986

304 424 336 480 ὁ
364 427 618 498 Χριστὸς,
667 443 686 475 ι
725 425 818 478 καὶ
866 424 1098 495 μάλιστα
1147 423 1392 488 πιστῶν,
1442 441 1459 474 ι
1499 425 1607 477 εἴτε
1653 422 1885 494 συνετῷν

1991 423 2193 475 minum
2219 429 2303 474 est
2334 438 2351 472 ι
2380 417 2653 479 Christus,
2679 432 2697 465 ι
2721 422 2777 467 et
2797 414 3030 468 maxime
3046 411 3281 466 fidelium
3302 410 3368 471 ”,
3402 428 3422 460 ι
3446 409 3560 463 sive

306 517 844 588 eiradrrlouatéptov,
877 535 895 567 ι
932 516 1040 569 Καὶ
1073 515 1294 585 ἱλασμός
1324 517 1440 568 ἐστι
1473 515 1608 586 πρὸς
1645 515 1735 568 τὸν
1767 517 1881 567 Πα-

305 604 439 675 τέρα
470 605 596 675 περὶ
617 603 722 656 τῶν
755 603 1035 676 ἁμαρτιῶν
1067 603 1244 676 ἡμῶν·
1268 604 1328 656 ού
1360 605 1518 674 μόνον
1538 603 1594 656 δὲ
1621 603 1747 674 περὶ
1776 605 1883 656 τῶν

307 696 589 766 ἡμετέρων
613 736 628 759 ,
659 695 793 750 ἀλλά
825 697 920 749 καὶ
965 697 1092 768 περὶ
1131 695 1253 748 ὅλου
1297 696 1390 748 τοῦ
1427 696 1631 766 κόσμου
1671 696 1799 766 (l2).
1860 713 1878 746 ι

307 787 572 858 Περισσὺν
604 783 695 840 οὖν
729 788 788 840 τὸ
821 787 992 840 θέλειν
1041 787 1177 858 μετά
1223 787 1394 840 ταῦτα
1443 786 1884 858 ἀπολογήσασθαι

305 876 455 946 ἡμᾶς
480 875 615 948 πρὸς
636 875 732 940 τὰς
747 875 952 929 Κέλσου
978 876 1154 942 λέξεις
1179 877 1350 940 οὕτως
1371 877 1614 948 ἐχούσας·
1645 877 1756 929 ‹“Τί
1777 877 1886 948 γάρ

309 968 461 1021 ἐστιν
489 968 663 1031 ἄλλως
701 968 868 1022 κακὸν
896 968 958 1021 τὸ
983 969 1395 1034 πεπαιδεῦσθαι,
1445 969 1541 1022 καὶ
1573 969 1744 1038 λόγων
1775 969 1886 1022 τῶν

309 1058 548 1130 ἀρίστων
597 1059 1046 1130 ὲπιμεμελῆσθαι,
1081 1061 1175 1113 καὶ
1210 1061 1468 1133 φρόνιμον
1508 1057 1644 1115 εἷναί
1682 1078 1742 1114 τε
1792 1062 1887 1115 καλ¹

299 1148 504 1214 .δοκεῖν;
545 1149 610 1202 Τί
642 1151 699 1204 δὲ
731 1150 927 1205 κωλύει
958 1151 1116 1204 τοῦτο
1138 1153 1273 1223 πρὸς
1302 1152 1364 1205 τὸ
1390 1153 1591 1221 γνῶναι
1624 1152 1793 1220 Θεόν;
1823 1153 1888 1205 Τί

306 1238 352 1292 δ’
397 1239 516 1310 οὐχὶ
560 1239 837 1313 προύργου
891 1241 1109 1312 μᾶλλον,
1135 1244 1230 1295 καὶ
1259 1243 1325 1296 δι’
1362 1237 1424 1297 οῦ
1467 1243 1668 1312 μᾶλλόν
1711 1261 1794 1308 τις
1825 1241 1890 1296 ἂν

309 1332 422 1401 (ιὸ)
457 1331 738 1400 ἐφικέσθαι
769 1332 986 1387 δύναιτο
1014 1333 1290 1404 ἀληθείαςς
1329 1353 1347 1385 ι
1395 1335 1468 1387 Τὸ
1500 1335 1598 1406 μὲν
1637 1330 1729 1388 οῦν
1761 1335 1892 1406 ἀλη-

307 1422 417 1486 θῶς
437 1423 825 1478 πεπαιδεῦσθαι
851 1427 911 1479 οὐ
939 1426 1124 1480 κακόν·
1147 1426 1264 1489 ὁδὸς
1286 1425 1392 1498 γὰρ
1415 1428 1500 1479 ἐπ’
1524 1427 1724 1498 ἀρετήν
1744 1427 1891 1479 ἐστιν

309 1517 342 1586 ἡ
374 1515 671 1578 παίδευσις·
707 1517 768 1569 τὸ
792 1517 1039 1587 μέντοιγε
1074 1519 1132 1569 ὲν
1156 1516 1606 1587 πεπαιδευμένοις
1636 1517 1890 1587 ἀριθμεῖν

308 1608 436 1671 τοὺς
463 1607 774 1678 ἐσφαλμένα
814 1608 1060 1678 δόγματα
1103 1607 1342 1678 ἔχοντας,
1371 1607 1480 1659 οὐδ’
1519 1608 1568 1659 οἱ
1625 1605 1892 1676 Ἐλλήνων

311 1699 466 1768 σοφοὶ
497 1700 748 1770 φήσουσι.
779 1699 943 1752 Πάλιν
967 1701 1017 1768 γ’
1049 1695 1116 1753 αὖ
1164 1700 1248 1762 τίς
1279 1699 1379 1751 οὐκ
1427 1697 1493 1752 ἂν
1531 1682 1886 1768 ὁμολογήσαι,

309 1793 393 1845 ὅτι
420 1791 592 1858 λόγων
619 1791 725 1844 τῶν
757 1792 990 1864 ἀρίστων
1015 1790 1445 1862 ἐπιμεμελῆσθαι
1482 1789 1684 1857 ἀγαθόν
1717 1791 1884 1853 ὲστιν;
1921 1772 1962 1825 Β

324 1883 482 1938 Ἀλλά
507 1884 653 1947 τίνας
674 1883 903 1955 ἐροῦμεν
930 1886 1055 1946 τοὺς
1075 1884 1330 1953 ἀρίστους
1347 1883 1537 1951 λόγους
1560 1883 1592 1951 ἢ
1615 1883 1738 1944 τοὺς
1761 1881 1888 1951 ἀλη-

313 1971 426 2037 θεῖς
469 1975 562 2026 καὶ
598 1975 685 2026 ἐπ’
725 1974 924 2044 ἀρετὴν
963 1972 1433 2042 παρακαλοῦντας;
1486 1971 1642 2025 Ἀλλά
1693 1972 1784 2024 καὶ
1827 1970 1888 2024 τὸ

314 2067 570 2138 φρόνιμον
598 2063 733 2119 εἶναι
760 2066 921 2120 καλόν
952 2068 1114 2119 ἐστιν·
1144 2065 1326 2118 οὐκέτι
1352 2065 1408 2118 δὲ
1439 2064 1498 2118 τὸ
1522 2065 1718 2130 δοκεῖν,
1752 2065 1888 2134 ὅπερ

311 2154 465 2211 εἶπεν
491 2159 519 2210 ό
549 2158 774 2220 Κέλσος.
815 2159 925 2212 Καὶ
955 2159 1014 2210 ού
1059 2157 1256 2211 κωλύει
1302 2174 1364 2224 γε
1401 2158 1536 2228 πρὸς
1578 2157 1638 2210 τὸ
1684 2156 1888 2225 γνῶναι

308 2250 458 2313 Θεὸν,
485 2249 620 2304 ἀλλά
647 2250 737 2302 καὶ
767 2253 1017 2319 συνεργεῖ
1042 2250 1100 2303 τὸ
1128 2249 1551 2314 πεπαιδεῦσθαι,
1587 2249 1681 2302 καὶ⁵
1714 2249 1888 2316 λόγων

308 2337 542 2408 ἀρίστων
591 2337 1065 2407 ὲπιμεμελῆσθαι,
1121 2340 1213 2391 καὶ
1255 2339 1514 2409 φρόνιμον
1573 2335 1729 2392 εἶναι.
1779 2339 1888 2390 Καὶ

308 2431 438 2500 ἡμῖν
471 2428 667 2500 μᾶλλον
691 2430 889 2500 πρέπει
915 2429 1070 2482 τοῦτο
1094 2429 1270 2498 λέγειν
1298 2431 1330 2499 ἦ
1363 2429 1575 2500 Κέλσῳ,
1604 2430 1696 2485 καὶ
1733 2431 1889 2500 μάλι-

308 2537 430 2583 στα,
465 2521 559 2573 ἐὰν
596 2521 964 2590 Ἐπικούρειος
993 2520 1067 2572 ὢν
1093 2520 1403 2589 ἐλέγχηται.

384 2612 612 2680 Ἴδωμεν
636 2611 680 2663 δ’
705 2611 869 2664 αὑτοῦ
893 2611 984 2665 καὶ
1007 2611 1074 2664 τά
1099 2611 1225 2681 ἑξῆς
1250 2609 1421 2673 οὔτως
1442 2609 1651 2680 ἔχοντα·
1683 2629 1702 2662 ι
1748 2609 1886 2663 Ἀλλ’

309 2703 523 2775 ὁρῶμεν
544 2704 715 2774 δήπου
744 2705 836 2758 καὶ
861 2705 984 2768 τοὺς
1008 2705 1064 2756 ὲν
1091 2707 1210 2766 ταῖς
1237 2705 1462 2773 ἀγοραῖς
1491 2702 1888 2775 ἐπιρῤητότατα

310 2797 782 2867 ἐπιδεικνυμένους
817 2797 910 2850 καὶ
952 2795 1272 2866 ἀγείροντας
1297 2836 1310 2858 ,
1355 2797 1434 2858 είς
1483 2796 1578 2866 μὲν
1613 2797 1889 2866 φρονίμων

309 2886 516 2960 ἀνδρῶν
545 2887 797 2956 σύλλογον
839 2887 938 2940 ούκ
964 2887 1028 2940 ἄν
1071 2903 1199 2939 ποτε
1243 2886 1642 2960 παρελθόντας,
1685 2887 1791 2940 οὐδ’
1831 2889 1891 2941 ἐν

309 2980 516 3042 τούτοις
564 2979 631 3032 τὰ
696 2977 904 3032 ἑαυτῶν
961 2955 1489 3048 κατατολμήσαντας,
1515 2977 1884 3032 ἐπιδεικνύεινο

310 3072 437 3125 ἔνθα
462 3071 505 3124 δ’
535 3071 600 3126 ἂν
631 3071 796 3141 ὁρῶσι
825 3070 1104 3141 μειράκια,
1136 3071 1227 3124 καὶ
1253 3069 1568 3141 οἰκοτρίϐων
1595 3070 1770 3140 ὄχλον,
1794 3070 1889 3124 καὶ

313 3164 552 3230 ἀνοήτων
580 3160 876 3232 ἀνθρώπων
902 3161 1088 3232 ὅμιλον
1113 3203 1126 3226 ,
1178 3161 1408 3214 ἐνταῦθα
1457 3159 1797 3230 ὠθουμένους
1829 3179 1889 3215 τε

314 3255 410 3306 καὶ
433 3253 949 3323 καλλωπιζομένους.
986 3273 1004 3304 ι
1041 3256 1184 3325 Ὅρα
1215 3254 1278 3325 δὴ
1311 3257 1405 3308 καὶ
1437 3255 1493 3308 ὲν
1519 3253 1726 3318 τούτοις
1770 3255 1892 3310 τίνα

313 3346 512 3417 τρόπον
544 3346 688 3414 ἡμᾶς
725 3349 1064 3414 συκοφαντεῖ,
1099 3345 1358 3416 ὲξομοιῶν
1388 3350 1500 3410 τοῖς
1531 3349 1588 3399 ὲν
1620 3350 1740 3410 ταῖς
1768 3349 1891 3416 ἁγο-

315 3441 438 3511 ραῖς
463 3438 528 3492 τὰ
563 3437 960 3508 ὲπιρῤητότατα
985 3438 1441 3508 ἐπιδεικνυμένοις
1473 3440 1566 3493 καί
1591 3440 1886 3510 ἀγείρουσι.

313 3531 448 3584 Ποῖα
479 3527 542 3598 δὴ
574 3529 974 3601 ὲπιρῥητότατα
999 3530 1412 3600 ἐπιδεικνύμεθα
1439 3531 1573 3602 (Μ);
1606 3531 1676 3584 Ἦ
1699 3532 1750 3584 τί
1771 3532 1891 3584 τού-

310 3642 423 3688 τοις
449 3623 829 3695 παραπλήσιον
861 3623 1189 3696 πράττομεν,
1221 3624 1270 3674 οἱ
1299 3622 1388 3675 καὶ
1432 3622 1496 3675 δι’
1526 3623 1891 3694 ἀναγνωσμά-

311 3733 418 3770 των
463 3718 556 3770 καὶ
586 3715 673 3770 διὰ
713 3715 822 3768 τῶν
852 3717 929 3778 είς
969 3715 1109 3768 αύτά
1157 3714 1462 3786 διηγήσεων
1496 3715 1892 3788 προτρέποντες

316 3809 414 3879 μὲν
439 3809 531 3862 ἐπὶ
560 3807 656 3880 τὴν
682 3809 760 3870 εἰς
787 3808 877 3860 τὸν
909 3807 1040 3859 Θεὸν
1073 3807 1182 3860 τῶν
1207 3806 1344 3859 ὅλων
1364 3806 1643 3862 εὐσέϐειαν
1671 3809 1764 3860 καὶ
1791 3808 1890 3870 τὰς

313 3900 632 3971 συνθρόνους
677 3899 846 3970 ταύτῃ
889 3899 1107 3968 ἀρετάς·
1140 3898 1538 3970 ἀποτρέποντες
1569 3899 1612 3951 δ’
1643 3899 1752 3952 ἀπὸ
1795 3897 1888 3951 τοῦ

314 3994 672 4064 καταφρονεῖν
700 3990 794 4044 τοῦ
827 3989 981 4044 Θείου
1015 3991 1107 4043 καὶ⁸
1131 3991 1348 4043 πάντων
1373 3989 1480 4042 τῶν
1507 3991 1656 4061 παρά
1676 3990 1764 4044 τὸν
1794 3991 1890 4064 6p-

314 4085 404 4138 θὺν
446 4084 600 4152 λόγον
638 4083 1046 4154 πραττομένων;
1084 4084 1193 4136 Καὶ
1225 4084 1273 4135 οἱ
1300 4083 1572 4152 φιλόσοφοί
1604 4085 1655 4150 γ’
1703 4083 1766 4136 ἂν
1800 4083 1891 4136 εῦ-

315 4176 494 4244 ξαιντο
525 4177 765 4246 ἀγείρειν
785 4173 1069 4237 τοσούτους
1097 4176 1371 4246 ἀκροατὰς
1397 4176 1568 4244 λόγοιν
1595 4177 1684 4228 ἐπὶ
1712 4176 1770 4228 τὸ
1797 4193 1894 4228 κα-

313 4271 403 4324 λὸν
447 4266 940 4341 παρακαλούντων;
973 4267 1104 4338 ὅπερ
1145 4269 1478 4336 πεποιήκασι
1517 4267 1748 4336 μαλιστα
1787 4267 1894 4321 τῶν

315 4361 566 4417 Κυνικῶν
596 4360 706 4431 (15)
739 4375 900 4422 τινες,
929 4357 1162 4428 δημοσία
1205 4359 1341 4428 πρὸς
1377 4360 1504 4422 τοὺς
1535 4359 1894 4430 παρατυγχά-

1983 513 2250 582 ingeniosi
2273 511 2403 574 sint,
2436 509 2552 563 sive
2579 504 2959 574 simpliciores;
2996 523 3015 555 ‹
3053 515 3110 558 et
3139 502 3448 573 propitiatio
3476 510 3560 556 est

1982 605 2120 672 apud
2139 602 2354 656 Patrem
2375 614 2474 668 pro
2500 598 2738 667 peccatis
2769 595 2992 659 nostris,
3023 609 3128 646 non
3145 609 3242 660 pro
3261 592 3458 646 nostris
3471 607 3563 644 au-

1987 706 2092 749 tem
2114 693 2450 757 tantum,sed
2469 692 2629 746 etiam
2645 706 2740 760 pro
2753 689 2915 742 totius
2931 686 3110 740 mundi
3129 685 3194 739 ³⁵.
3219 703 3235 735 ι
3258 683 3443 738 Inutile
3469 683 3561 752 igi-

1986 795 2074 838 tur
2099 784 2256 837 fuerit
2279 792 2399 852 post
2416 783 2529 836 ltmc
2554 781 2878 851 rcspomlere
2899 795 2996 834 nos
3019 781 3086 831 ad
3101 777 3240 832 Celsi
3258 777 3419 830 verba
3443 789 3561 844 qua:

1985 876 2065 930 sic
2089 876 2287 928 habent
2325 891 2339 926 :
2375 890 2396 924 ι
2446 873 2584 945 Quid
2614 873 2758 926 enim
2797 871 3024 926 tnaliest
3055 870 3325 923 eruditum
3351 881 3470 921 esse
3505 874 3562 921 et

1985 964 2536 1023 commentationibus
2558 965 2779 1033 eptimis
2796 963 3097 1017 excoluisse
3119 962 3414 1033 ingenium,
3442 975 3562 1028 prq-

1988 1057 2204 1112 dentem
2235 1071 2356 1110 esse
2383 1063 2438 1108 et
2467 1052 2677 1106 videri?
2709 1051 2844 1117 Quid
2874 1052 2986 1105 Inec
3012 1052 3231 1105 obstant
3261 1047 3560 1118 cognitioni

1974 1150 2124 1204 Dei?
2149 1149 2340 1202 Annon
2373 1145 2554 1215 potius
2599 1144 2907 1198 conducunt
2942 1151 2998 1195 et
3023 1141 3279 1210 adjuvant
3311 1139 3377 1192 ad
3405 1151 3560 1192 asse-

1987 1243 2258 1312 quendam
2289 1237 2611 1293 veritatem?
2639 1255 2657 1289 ι
2681 1233 2796 1289 Non
2832 1234 3076 1304 profecto
3105 1233 3303 1287 tnalunt
3333 1241 3414 1286 est
3437 1245 3563 1284 eru-

1989 1335 2158 1389 ditum
2183 1345 2324 1388 esse.
2357 1329 2470 1384 lmo
2497 1329 2585 1383 via
2607 1341 2690 1383 est
2709 1330 2775 1382 ad
2803 1329 3055 1381 virtutem
3085 1326 3320 1380 eruditio
3348 1342 3362 1378 :
3391 1337 3562 1392 quan-

1991 1441 2150 1495 quam
2179 1438 2278 1478 nec
2307 1423 2620 1478 Grtccorum
2648 1421 2919 1490 sapientes
2948 1418 3130 1472 locum
3158 1417 3299 1469 inter
3318 1414 3562 1468 eruditos

1991 1520 2182 1572 darent
2213 1517 2300 1580 iis,
2331 1517 2424 1586 qui
2472 1530 2722 1585 perversa
2764 1515 3014 1581 dogmata
3055 1517 3460 1564 consectantur.
3499 1506 3564 1560 Et

1991 1609 2542 1667 commentationibus
2577 1607 2798 1676 optimis
2825 1605 3098 1669 ingenium
3128 1600 3384 1654 excolere
3403 1637 3418 1660 ς
3466 1614 3560 1654 ec-

1993 1703 2114 1772 quis
2138 1703 2401 1756 intitietur
2441 1703 2641 1755 bonum
2674 1698 2834 1752 esse?
2865 1698 2969 1751 Sed
3000 1709 3264 1765 qnasnant
3318 1693 3562 1746 dicemus

1989 1798 2225 1864 optimas
2249 1808 2388 1856 esse,
2428 1793 2530 1846 nisi
2573 1806 2692 1860 quae
2729 1805 2871 1842 vera:
2913 1798 3041 1842 sunt
3086 1795 3141 1840 et
3187 1787 3254 1838 ad
3306 1784 3562 1838 virtutem

1988 1886 2262 1941 excitant?
2295 1884 2730 1952 Bonumqnoqne
2754 1892 2836 1935 est
2868 1881 3184 1950 prudentem
3219 1891 3362 1941 esse,
3393 1873 3561 1927 videri

1989 1989 2170 2032 autem
2211 1978 2455 2037 minime,
2479 1987 2668 2028 contra
2702 1973 2842 2043 quod
2877 1973 3104 2023 attirmat
3134 1969 3346 2026 Celsus.
3377 1966 3564 2035 Neque

1990 2075 2105 2124 Inec
2134 2068 2226 2122 Dei
2255 2067 2551 2136 cognitioni
2573 2065 2815 2118 ollieiunt
2843 2082 2856 2116 :
2885 2062 3180 2131 quinetiam
3205 2063 3271 2114 ad
3297 2076 3416 2116 eam
3441 2074 3566 2112 cott-

1991 2164 2194 2216 ducunt
2232 2158 2464 2214 eruditio
2488 2197 2506 2222 ,
2552 2158 3039 2210 commentationes
3084 2156 3300 2224 optimae
3342 2163 3397 2208 et
3436 2169 3566 2222 pro--

1990 2256 2192 2309 dentia.
2225 2253 2292 2308 Et
2332 2253 2605 2307 id~dicere
2659 2254 2812 2305 nobis
2857 2252 3023 2317 magis
3068 2248 3349 2308 convenit,
3401 2258 3562 2314 quam

1989 2348 2168 2412 Celso,
2207 2348 2442 2403 maxime
2470 2348 2514 2402 si
2548 2348 2616 2402 ab
2643 2347 2878 2415 Epicuro
2911 2358 3033 2399 esse
3060 2342 3426 2398 convincitur.

2061 2617 2152 2671 50.
2197 2613 2317 2669 Jam
2368 2613 2650 2671 videamus
2695 2627 2818 2681 qua:
2871 2621 3174 2679 sequuntur
3225 2627 3239 2664 :
3306 2628 3325 2660 ι
3377 2607 3564 2678 Neque

1989 2711 2154 2764 etiam
2188 2711 2430 2764 videmus
2459 2708 2923 2764 circumforaneos
2953 2706 3222 2766 homines,
3249 2705 3340 2773 qui
3367 2703 3416 2756 in
3445 2704 3564 2758 foro

1991 2803 2370 2858 circulatorias
2401 2819 2530 2857 suas
2563 2802 2796 2872 ineptias
2843 2808 3143 2864 ostentant,
3179 2807 3377 2853 etetum
3411 2796 3566 2851 adire

1990 2896 2232 2950 virorum
2267 2896 2609 2964 prudentium
2659 2895 2844 2963 ibique
2877 2895 3077 2948 audere
3112 2906 3207 2944 sua
3257 2889 3557 2943 venditare.

1989 2988 2060 3040 At
2113 2989 2420 3057 ubicunque
2465 2988 2895 3042 adolescentulos
2923 3027 2940 3055 ,
2996 2985 3238 3041 servulos
3288 2994 3342 3040 et
3387 2984 3562 3040 fatuos

1917 3111 1962 3172 Ο
1992 3080 2247 3135 collectos
2282 3081 2794 3146 animadverterint,
2827 3097 2892 3137 eo
2919 3095 2980 3136 se
3015 3081 3268 3148 ingerunt
3316 3079 3562 3131 illorum.

1991 3191 2097 3245 que
2130 3175 2375 3243 plausum
2411 3185 2773 3243 aucupantur.
2813 3193 2832 3226 ι
2865 3174 2995 3230 Vide
3028 3184 3081 3228 et
3110 3177 3163 3229 in
3194 3175 3259 3228 iis
3289 3170 3564 3243 quomodo

1991 3284 2090 3324 nos
2123 3268 2509 3332 calumnietur,
2548 3269 2687 3322 facta
2737 3268 2906 3322 nostri
2955 3283 3076 3321 cunt
3113 3265 3566 3321 circumforaneis

1991 3362 2408 3417 circulatoribus
2439 3362 2774 3431 ineptissima
2801 3361 2852 3414 in
2890 3359 3008 3414 foro
3040 3359 3388 3414 l’umlentibus
3417 3373 3567 3414 com-

1991 3457 2291 3526 paratione.
2341 3455 2410 3509 At
2466 3469 2585 3523 qua!
2642 3453 2860 3506 tandem
2907 3461 3107 3506 nostrae
3147 3451 3250 3504 illa:
3302 3458 3427 3503 sunt
3481 3449 3566 3501 in-

1989 3546 2184 3616 eptiaa?
2225 3546 2332 3598 Aut
2369 3545 2496 3613 quid
2522 3541 2698 3597 simile
2741 3541 2846 3597 illis
2871 3542 3120 3606 facimus,
3151 3556 3246 3594 nos
3266 3543 3354 3608 qui
3378 3539 3568 3592 lectio-

1992 3640 2150 3694 nibus
2177 3617 3071 3705 lectiomtmque.explicationibus
3109 3631 3460 3687 accendimus
3498 3629 3566 3682 ad

1993 3730 2245 3799 pietatem
2297 3741 2425 3795 erga
2465 3727 2858 3779 universorum.
2901 3723 3067 3777 Deum
3118 3732 3172 3777 et
3218 3723 3290 3799 ad
3338 3722 3568 3773 virtutes

1992 3793 2230 3886 ejusdem
2263 3793 2386 3870 cum
2417 3815 2614 3884 pietate
2655 3812 2954 3882 dignitatis,
2992 3793 3566 3880 quique'abduetnms

1991 3925 2022 3964 a
2065 3918 2377 3979 contemptu
2427 3907 2672 3962 Numinis
2721 3917 2777 3961 et
2829 3906 2898 3959 ab
2945 3905 3197 3959 omnibus
3243 3917 3362 3970 qme
3405 3909 3568 3954 recta:

1994 4003 2189 4056 rationi
2217 4001 2493 4056 contraria
2523 3999 2676 4055 sunt?
2705 3999 2865 4053 Certe
2894 4009 2949 4050 et
2974 3998 3076 4066 ipsi
3128 3995 3435 4066 philosophi
3469 4008 3568 4059 op-

1994 4096 2223 4150 taverint
2261 4093 2396 4150 tales
2420 4108 2752 4163 congregare
2789 4093 2880 4162 qui
2910 4108 3039 4147 suos
3067 4093 3134 4145 de
3180 4091 3411 4145 honesto
3445 4101 3567 4141 ser-

1994 4201 2182 4240 mones
2216 4186 2458 4240 audiant.
2483 4185 2634 4252 Quod
2661 4183 3149 4253 quidetnlecerunt
3181 4180 3414 4234 maxime
3442 4177 3567 4246 qui-

1993 4276 2116 4327 dam
2141 4291 2170 4329 e
2204 4273 2444 4344 Cynicis,
2477 4276 2567 4342 qui
2599 4275 2814 4343 publice
2853 4274 2992 4342 apud
3038 4271 3320 4326 fortuitum
3357 4267 3570 4322 audito-

1995 4366 2134 4420 rium
2165 4365 2525 4419 disserebant.
2555 4367 2637 4418 An
2667 4367 2830 4419 etiam
2868 4364 3006 4429 illos,
3041 4363 3136 4433 qui
3178 4377 3282 4414 non
3329 4358 3569 4414 eruditos

315 4472 499 4518 νοντας
525 4451 916 4521 διαλεγόμενοι.
951 4446 1076 4520 Ἆρ’
1109 4445 1200 4502 οῦν
1228 4451 1322 4502 καὶ
1345 4450 1585 4514 τούτους,
1625 4448 1698 4522 μὴ
1729 4467 1890 4503 συναα

1997 4455 2274 4526 colligunt,
2309 4458 2405 4511 sed
2443 4472 2474 4511 e
2516 4456 2693 4510 triviis
2733 4455 2893 4528 481
2936 4456 3212 4509 auditores
3251 4459 3566 4510 accersunt,

314 4546 625 4618 θροίζοντας
661 4543 759 4616 μὲν
779 4542 904 4606 τοὺς
933 4539 1318 4612 νομιζομένους
1344 4541 1759 4607 πεπαιδεῦσθαι,
1791 4561 1892 4598 κα-

316 4625 534 4706 λοῦντας
566 4640 610 4694 δ’
641 4639 749 4694 ἀπὸ
773 4637 872 4708 τῆς
899 4636 1107 4709 τριόδου
1134 4638 1227 4690 καὶ
1257 4635 1582 4705 συνάγοντας
1598 4638 1890 4709 ἀκροατὰς,

316 4735 546 4804 φήσουσι
580 4728 994 4801 παραπλησίους
1041 4721 1181 4781 εἶναι
1231 4730 1343 4791 τοῖς
1389 4730 1445 4781 ὲν
1489 4733 1610 4793 ταῖς
1667 4730 1892 4799 ἀγοραῖς

317 4825 385 4876 τὰ
440 4823 839 4894 ὲπιρῤητότατα
898 4820 1360 4892 ἐπιδεικνυμένοις
1407 4821 1501 4876 καὶ
1540 4821 1890 4894 ἀγείρουσιν;

389 4914 436 4948 ³³
462 4914 480 4969 l
509 4913 650 4970 Tim.
677 4929 751 4979 tv,
785 4912 873 4968 10.
951 4912 999 4945 ⁸⁸
1040 4912 1247 4968 lJoan.
1273 4930 1336 4978 ιι,
1375 4915 1430 4970 2.

391 5002 502 5076 (19.)
542 5003 858 5076 Pbilocalja,
890 5003 1018 5075 περὶ
1059 5003 1152 5057 τοῦ
1188 5005 1394 5075 κόσμου
1436 5005 1888 5076 παντόςηιιιὶάοιῐι

321 5072 663 5149 l—loiscltelitts
691 5083 745 5126 et
772 5072 1387 5149 Spe_nce5tts,_nsptaobv
1427 5073 1619 5149 abaco
1655 5074 1884 5149 θέλημα.

319 5145 636 5214 Philocalia,
674 5137 928 5214 περισσὸν
955 5137 1135 5214 οὖντὸ
1159 5137 1364 5210 θέλειν,
1419 5146 1638 5200 reetins.
1686 5137 1884 5202 Eadem

322 5216 481 5288 paulo
523 5213 660 5288 inira
701 5211 879 5288 habet,
913 5211 1022 5288 τεῖιν
1048 5213 1288 5288 ἀρίστων
1320 5215 1715 5288 ἐπιμελεῖσθαι.

392 5287 506 5357 (13)
537 5284 854 5357 Pliiloca_lia,
897 5281 1107 5357 μᾶλλόν
1126 5301 1210 5357 τις
1248 5285 1349 5341 ἄν.
1388 5281 1539 5357 Alias
1561 5326 1584 5357 ,_
1616 5285 1812 5357 μᾶλλον
1846 5285 1902 5338 εἴ

321 5352 411 5423 τις
437 5352 523 5415 ἄν,
555 5355 716 5416 male.
749 5352 1113 5410 Infra—eadem
1153 5355 1477 5421 Pbitocalia,
1515 5352 1626 5407 τῶν
1658 5356 1895 5426 ἀρίστων

322 5425 718 5478 ἐπιμελεῖσθαι.

322 5428 718 5483 ἐπιμελεῖσθαι.

392 5445 848 5568 ίλῗίῗῖῗῧέιιιίε,
866 5494 1226 5568 δεικνύμεθα.
1263 5492 1430 5568 Paulo
1456 5504 1580 5568 post
1601 5495 1752 5568 codd.
1783 5495 1892 5550 Re-

324 5565 442 5646 gius
481 5578 536 5646 et
561 5566 906 5646 ﬁasilleeusis
927 5610 942 5632 ,
982 5565 1081 5621 δια
1112 5565 1882 5646 ἰᾗχί-εἰςμῖιτίιι.διῃγήσεων..

325 5635 684 5702 litescltelitts,
720 5637 1024 5704 Spettcertts
1047 5647 1102 5692 et
1123 5635 1434 5701 Pbilocalia,
1464 5635 1551 5690 διὰ
1577 5635 1684 5690 τῶν
1710 5635 1791 5700 ἐἰς
1819 5637 1887 5691 τά

327 5706 730 5778 ἀναγνώσματα
761 5707 1120 5778 νδιηγήσεωνη
1157 5705 1321 5760 ΡιιιιΙο
1355 5707 1512 5778 _inl'ra
1562 5707 1886 5774 Pbilocalia,

329 5775 647 5850 συνθρὸνους
673 5775 1086 5850 ταύτῃάρετας.
1119 5775 1455 5835 Ηωεοιιειὶυε
1479 5789 1532 5834 et
1558 5778 1882 5848 Spencerus,

1997 4549 2281 4602 conferent
2329 4540 2451 4602 eunt
2501 4547 2915 4604 eit'eulatoribus
2957 4546 3286 4615 itteptissima
3335 4544 3390 4597 in
3450 4543 3568 4596 foro

1997 4638 2401 4708 garrientibus?
2429 4641 2532 4696 Sed
2575 4655 2750 4710 neque
2798 4639 3014 4703 Celsus,
3068 4653 3243 4707 neque
3277 4635 3566 4706 quisquam

1998 4731 2189 4785 eadem
2242 4731 2626 4796 sentientium,
2663 4734 2767 4789 illis
2816 4733 2953 4787 vitio
2982 4731 3149 4793 dabit,
3186 4727 3326 4798 quod
3378 4729 3569 4782 buma~

2000 4826 2188 4882 nitatis
2222 4842 2346 4882 esse
2384 4828 2639 4883 duxerint
2675 4828 2862 4881 rudem
2894 4825 3113 4879 erudire
3144 4819 3496 4892 plebeculam.

1997 5008 2316 5080 συνθρόνους
2341 5007 2788 5080 ταύτηςηάρετάς.
2866 5077 2876 5080 _
3007 5074 3020 5080 _
3109 5051 3114 5060 .

2067 5071 2176 5150 (to)
2206 5071 2511 5150 Κυνικῶνξ
2539 5071 2670 5150 Vide
2699 5074 3060 5150 Laertittm_i_n
3108 5072 3262 5150 Diog.
3292 5071 3446 5150 idem
3462 5081 3566 5150 ore—

1994 5136 2099 5204 fer‘t
2119 5136 2184 5203 de
2208 5149 2522 5203 Menedemo
2549 5149 2771 5219 Cynico,
2789 5147 2950 5216 quod.
2982 5136 3568 5219 prt~{‘J6d;_&yg116€ev

1997 5221 2201 5290 σχῆμα,
2226 5219 2436 5290 περιῄει
2459 5207 2630 5287 λέγιιῖν
2658 5207 2952 5290 ἐπίσκοπος
2973 5207 3197 5290 ἀφῖχθαι
3220 5214 3278 5290 ἐξ,
3305 5212 3431 5290 ᾅδου
3459 5207 3568 5259 τῶν

1997 5281 2458 5359 ἁμαρτανομένων
2483 5329 2498 5352 ,
2531 5281 2691 5352 ⁷ὅπως
2730 5288 2889 5341 πάλιν
2927 5281 3129 5359 κατἰᾧν
3168 5281 3338 5337 ταῦτα
3383 5281 3567 5359 ἀπαγ-

1995 5351 2170 5428 γέλλοι
2198 5351 2308 5424 τοῖς
2330 5363 2446 5413 ἐκεῖ
2461 5351 2730 5431 δαίμοσιν.
2764 5378 2782 5412 ι
2817 5357 3109 5424 Erinnydis
3132 5363 3380 5431 ornatum
3413 5351 3569 5400 indu-

1999 5422 2086 5484 tus
2117 5422 2514 5495 obambularet,
2548 5422 2908 5499 spectatorem
2943 5422 3002 5477 se
3033 5439 3098 5478 ex
3141 5422 3328 5499 inferis
3375 5433 3568 5499 pet-ca-

1999 5511 2176 5554 lorum
2218 5489 2740 5563 advenisse'di'cens,
2775 5507 2833 5551 ut
2863 5497 3059 5548 iterum
3107 5510 3173 5547 eo
3205 5489 3568 5560 descendens,

1995 5571 2109 5626 bme
2147 5573 2259 5640 ipsa
2289 5573 2412 5633 diis,
2443 5571 2534 5639 qtti
2565 5572 2636 5625 ibi
2668 5579 2818 5640 sunt,
2847 5563 3199 5640 renuntiaret.
3233 5583 3252 5614 ι
3297 5563 3564 5640 δρεκςειι.

1995 5627 2208 5765 -ὄιιιΐιτςι
2262 5627 2577 5708 Ριιιιόυεὶιιιι,
2609 5640 2734 5704 τοὺς
2763 5636 2837 5710 μὴ
2857 5631 3240 5704 νομιζομένους
3266 5627 3567 5686 πεπαιδεῦ.

1997 5729 2027 5765 σ
2061 5730 2138 5765 αι.

1997 5729 2138 5765 συαι.
