3998 6170
473 261 579 319 987
1508 264 1525 279 ’
1917 263 2042 321 0th

2140 261 2241 319 NIS
3631 250 3767 309 988

498 379 639 436 Ἀλλ’
667 383 791 438 οὔτε
837 382 1059 445 Κέλσος,
1113 380 1237 435 οὔτε
1273 399 1356 446 τις
1401 379 1510 435 τῶν
1549 379 1617 434 τά
1653 379 1793 435 αὐτὰ
1835 379 1945 452 (16)
1968 378 2321 452 ,φρονούντων
2377 373 2671 446 ἐγκαλοῦσι
2712 375 2825 438 τοῖς
2847 414 2862 438 ,
2915 373 3056 427 κατὰ
3097 371 3159 426 τδ
3191 371 3516 443 φαινόμενον
3544 369 3761 433 αὐτοῖς

488 472 884 544 φιλάνθρωπον,
912 473 1117 528 κινοῦσι
1141 464 1333 542 λόγους
1374 474 1468 526 καὶ
1508 474 1645 547 πρὸς
1681 473 1806 536 τοὺς
1848 473 2145 536 ἰδιωτικοὺς
2164 472 2386 542 δήμους.

560 564 648 618 51.
681 565 750 617 At
781 563 828 615 si
882 563 1104 616 minime
1134 562 1385 630 culpandi
1436 572 1566 617 sunt
1613 562 1695 617 illi
1744 563 1837 632 qui
1882 562 1936 615 id
1966 562 2042 615 fa-

2215 561 2282 613 Εί
2325 559 2371 613 δ’
2428 559 2627 614 ἐκεῖνοι
2672 557 2773 613 οὐκ
2832 557 3087 630 ἐγκλητοι
3140 555 3305 610 τοῦτο
3351 554 3705 629 πράττοντες
3728 593 3751 620 ,

487 656 667 720 ciunt;
696 655 976 708 videamus
1029 669 1210 706 annon
1248 653 1423 721 magis
1477 662 1534 707 et
1582 653 1692 707 illis
1741 652 1940 708 melius
1978 652 2042 707 ad

2151 652 2344 723 ἴδωμεν
2372 652 2421 705 εί
2468 651 2542 723 μὴ
2590 652 2906 723 Χριστιανοὶ
2934 649 3133 721 μᾶλλον
3162 650 3254 703 καὶ
3280 648 3485 702 τούτων
3514 647 3749 718 βέλτιον

488 749 826 803 honestatem
859 755 1155 814 provocent
1180 744 1501 800 Christiani.
1532 745 1615 798 Illi
1655 745 1800 799 enim
1830 743 2047 813 publice

487 838 652 892 verba
685 835 951 891 facientes
980 835 1317 903 philosophi,
1336 849 1441 888 non
1472 835 1708 904 seligunt
1737 834 2046 899 auditores,

483 930 580 986 sed
634 938 775 982 astat
825 919 1223 997 quisquis'vult
1267 935 1323 980 et
1355 926 1529 980 audit.
1583 924 1884 981 Christiani
1917 940 2047 980 vero

482 1029 609 1077 ante
657 1019 840 1073 omnia
870 1027 1180 1088 pertentant
1213 1019 1389 1085 quoad
1422 1017 1552 1070 licet
1596 1017 1808 1071 animas
1856 1031 2045 1071 eorum

479 1116 573 1183 qui
608 1112 755 1181 ipsos
807 1110 997 1164 audire
1034 1110 1281 1177 cupiunt,
1320 1118 1375 1164 et
1411 1109 1660 1177 privatim
1720 1108 1843 1164 illas
1876 1107 2048 1163 infor-

482 1212 668 1268 mant;
698 1210 861 1270 atque
891 1215 1014 1255 cum
1059 1201 1338 1254 auditores
1375 1199 1472 1265 illi,
1508 1211 1804 1271 antequam
1838 1201 1892 1254 in
1924 1213 2046 1255 co:-

480 1302 597 1348 tum
628 1293 1009 1367 admittantur,
1046 1293 1180 1346 satis
1211 1293 1264 1345 in
1292 1292 1567 1347 voluntate
1598 1295 1826 1347 honeste
1852 1293 2047 1347 viven-

478 1386 535 1442 di
560 1385 858 1456 profecisse
885 1386 1161 1450 videntur,
1198 1394 1325 1438 tunc
1357 1386 1577 1439 tandem
1603 1385 1724 1440 illos
1755 1386 2052 1454 recipiunt,

444 1464 759 1532 .distinctis
805 1475 1112 1541 ordinibus,
1167 1476 1339 1531 altero
1377 1492 1565 1532 eorum
1613 1478 1705 1547 qui
1740 1492 1933 1532 recens
1962 1478 2050 1533 in—

466 1578 772 1638 ceperunt
803 1583 1081 1637 nuperque
1115 1568 1342 1623 admissi
1393 1579 1542 1634 sunt,
1567 1570 1794 1624 necdum
1830 1570 2049 1642 symbo-

480 1661 594 1717 ium
639 1660 1037 1729 purificationis
1075 1671 1444 1729 acceperunt;
1482 1661 1657 1716 altero
1699 1677 1911 1727 eorum,
1942 1664 2036 1733 qui
2088 1700 2091 1703 -

480 1768 580 1823 pro
605 1753 814 1806 viribus
841 1767 899 1806 se
928 1752 1351 1822 comprobarunt
1384 1754 1435 1807 id
1461 1753 1665 1807 habere
1689 1755 2046 1823 propositum,

481 1852 542 1899 ut.
568 1844 705 1898 nihil
740 1842 943 1908 velint,
977 1845 1085 1898 nisi
1117 1860 1235 1912 qua:
1278 1843 1609 1899 Christianis
1639 1845 1908 1914 placeant.
1940 1846 2048 1901 llos

2150 743 2330 816 πλήθη
2364 743 2459 797 ἐπὶ
2497 743 2900 815 καλοκάγαθίαν
2932 740 3347 813 προκαλοῦνται.
3388 740 3453 793 Οἱ
3485 740 3584 810 μὲν
3614 739 3747 810 γὰρ

2147 832 2381 905 δημοσίᾳ
2404 833 2773 905 διαλεγόμενοι
2800 832 3077 903 φιλόσοφοι
3110 834 3170 885 οὐ
3204 830 3572 902 φιλοκρινοῦσι
3598 832 3745 895 τοὺς

2147 925 2475 991 ἀκούοντας,
2521 926 2634 979 ἀλλ’
2681 928 2709 979 ὁ
2756 925 3075 997 βουλόμενος
3119 925 3318 996 ἕστηκε
3364 923 3461 977 κει)⁸
3508 923 3737 979 ἀκούει.

2146 1018 2458 1087 Χριστιανοὶ
2480 1014 2592 1088 (17)
2618 1018 2697 1081 δὲ,
2734 1017 2877 1071 κατά
2916 1018 2977 1071 τὸ
3016 1016 3238 1071 δυνατὸν
3285 1016 3487 1079 αὐτοῖς,
3524 1014 3742 1085 1:906:1-

2149 1111 2464 1174 σανίσαντες
2504 1112 2611 1165 τῶν
2656 1110 2872 1164 ἀκούειν
2903 1109 3051 1179 σφῶν
3095 1108 3430 1180 βουλομένων
3475 1107 3575 1171 τὰς
3621 1107 3740 1176 ψυ-

2148 1199 2267 1270 χάς,
2288 1201 2381 1254 καὶ
2406 1202 2526 1254 κατ’
2557 1201 2691 1254 ίδίαν
2721 1200 2903 1264 αὐτοῖς
2930 1202 3359 1273 προεπᾴσαντες,
3392 1200 3530 1255 ἐπάν
3552 1199 3738 1253 δοκῶ-

2150 1306 2232 1342 σιν
2260 1290 2547 1361 αὐτάρκως
2581 1293 2631 1344 οί
2659 1292 2945 1363 ἀκροαταὶ,
2974 1291 3103 1363 πρὶν
3129 1293 3210 1355 εἰς
3239 1290 3301 1345 τὸ
3332 1290 3510 1344 κοινὸν
3548 1290 3736 1344 εἰσελ-

2148 1379 2281 1444 θεῖν,
2321 1381 2700 1436 ἐπιδεδωκέναι
2745 1382 2882 1455 πρὸς
2923 1382 2985 1436 τὸ
3029 1382 3204 1435 θέλειν
3233 1382 3415 1446 καλῶς
3446 1381 3633 1452 βιοῦν⁸
3664 1382 3731 1436 τὸ

2146 1472 2395 1540 τηνικάδε
2416 1472 2525 1544 (18)
2551 1474 2745 1537 αὐτοὺς
2776 1474 3101 1543 εἰσάγουσιν,
3138 1474 3242 1545 ἰδίᾳ
3265 1474 3362 1546 μὲν
3396 1477 3731 1546 ποιήσαντες

2146 1563 2332 1632 τάγμα
2359 1563 2467 1617 τῶν
2499 1564 2624 1636 ἄρτι
2664 1565 3002 1637 ἀρχομένων,
3048 1567 3143 1620 καὶ
3182 1568 3574 1639 εἰσαγομένων,
3626 1570 3727 1622 καὶ

2147 1645 2362 1707 οὐδέπω
2393 1654 2454 1708 τδ
2486 1655 2751 1726 σύμϐολον
2794 1656 2886 1710 τοῦ
2937 1658 3382 1731 ἀποκεκαθάρθαι
3433 1661 3728 1733 ἀνειληφό-

2109 1782 2116 1790 ι
2145 1763 2254 1801 των
2272 1764 2287 1777 °
2319 1748 2404 1801 ἔτε
2411 1766 2503 1817 ρον
2526 1747 2582 1800 δὲ
2612 1749 2674 1802 τὸ
2695 1747 2806 1802 τῶν
2829 1749 2971 1803 κατὰ
2991 1750 3052 1802 τὸ
3073 1750 3296 1804 δυνατὸν
3323 1754 3725 1824 παραστησάν-

2147 1855 2253 1890 των
2278 1838 2488 1893 έαυτῶν
2524 1839 2624 1910 τὴν
2663 1840 3000 1912 προαίρεσιν,
3036 1841 3135 1895 οὐκ
3175 1841 3302 1896 ἄλλο
3325 1860 3377 1895 τι
3409 1843 3722 1913 βούλεσθαι,

480 1936 627 1991 inter
653 1934 876 2005 quidam
908 1936 1193 1990 constituti
1243 1945 1390 2000 sunt,
1423 1938 1514 2006 qui
1544 1937 1598 1990 in
1637 1938 1803 1991 vitam
1843 1947 1897 1992 et
1931 1954 2042 1992 mo-

2151 1927 2182 1998 ἢ
2226 1928 2295 1982 τά
2333 1930 2681 2001 Χριστιανοῖς
2723 1930 3016 1987 δοκοῦντα⁸
3046 1935 3177 2005 παρ’
3209 1929 3290 1998 οἷς
3327 1935 3433 1988 εἰσί
3455 1953 3603 2000 τινες
3627 1953 3720 1989 τε-

479 2042 572 2083 res
623 2042 838 2092 eorum,
884 2028 977 2097 qui
1029 2028 1412 2096 admittuntur,
1449 2027 1755 2098 inquirant,
1784 2040 1843 2084 ut
1875 2030 2046 2085 scele-

478 2135 599 2175 rum
625 2120 734 2177 reis
765 2120 1101 2175 interdicant
1128 2120 1274 2174 aditu
1321 2121 1374 2174 in
1407 2136 1563 2176 suum
1602 2137 1893 2177 commune
1918 2137 2050 2177 con-

478 2211 701 2278 cilium;
744 2211 978 2267 Jillorum
1032 2223 1210 2267 autem
1271 2214 1564 2269 dissimiles
1596 2230 1658 2268 ex
1696 2214 1880 2268 animo
1932 2230 2049 2268 am—

477 2301 644 2373 plexi,
692 2304 947 2359 meliores
979 2305 1032 2358 in
1067 2303 1308 2372 singulos
1351 2304 1469 2359 dies
1515 2305 1775 2360 etiiciant.
1807 2305 1881 2359 Ea
1915 2319 2046 2359 vero

476 2404 563 2450 est
589 2397 785 2466 agendi
823 2397 962 2449 ratio
1003 2395 1058 2449 in
1094 2410 1190 2450 eos
1217 2397 1308 2465 qui
1342 2407 1576 2467 peccant
1608 2406 1663 2452 et
1690 2400 1926 2453 maxime
1952 2398 2045 2467 qui

476 2484 685 2542 libidini
722 2501 781 2542 se
813 2486 1041 2554 dedunt,
1081 2498 1140 2541 ut
1176 2470 1300 2541 illos
1331 2502 1360 2540 a
1402 2502 1500 2542 suo
1523 2498 1666 2544 coetu
1698 2488 2042 2557 prohibeant.

472 2579 651 2647 Atque
697 2578 751 2633 hi
785 2587 934 2644 sunt,
971 2593 1109 2647 quos
1138 2578 1217 2632 ait
1246 2577 1434 2634 Celsus
1470 2595 1590 2636 esse
1619 2581 1832 2637 similes
1862 2583 2045 2637 circu-

478 2670 746 2726 iatoribus
785 2671 965 2738 inepte
1007 2670 1062 2724 in
1120 2668 1239 2725 foro
1268 2672 1616 2742 nugantibus.
1651 2672 1729 2727 Ac
1760 2672 2039 2746 Pythago-

474 2776 693 2818 reorum
735 2761 952 2830 quidem
989 2762 1298 2814 vcneranda
1357 2764 1567 2828 schola,
1597 2774 1842 2820 mortuos
1876 2782 2042 2836 repn-

476 2863 598 2908 tans
663 2868 776 2908 sua:
836 2854 1102 2908 doctrinae
1153 2855 1482 2922 desertores,
1530 2857 1636 2911 illis
1687 2860 2043 2914 construebat

474 2945 804 3013 cenotaphia
833 2962 847 2998 :
874 2945 1129 3001 similiter
1154 2945 1453 3000 Christiani
1498 2959 1559 3001 ut
1581 2949 1821 3016 perditos
1839 2959 1895 3004 et
1932 2951 2042 3006 Deo

476 3045 720 3091 mortuos
767 3035 952 3104 lugent
1006 3050 1101 3095 eos
1145 3037 1237 3104 qui
1289 3036 1514 3092 libidine
1564 3048 1658 3090 aut
1706 3041 1900 3106 quovis
1934 3041 2041 3095 alio

475 3127 709 3182 crimine
736 3125 927 3194 dejecti
961 3135 1122 3189 sunt;
1159 3127 1378 3181 eosdem
1408 3142 1539 3182 vero
1577 3128 1732 3195 quasi
1757 3142 1788 3181 e
1811 3131 2040 3185 mortuis

2146 2021 2416 2092 ταγμέμοι
2447 2021 2583 2093 πρὸς
2617 2022 2679 2075 τὸ
2711 2022 3087 2090 φιλοπευστεῖν
3123 2025 3249 2088 τοὺς
3294 2024 3461 2095 βίους,
3494 2028 3590 2080 καὶ
3621 2030 3722 2092 τάς

2148 2112 2369 2181 ἀγωγάς
2408 2113 2515 2168 τῶν
2553 2113 2902 2186 προσιόντων,
2939 2115 3026 2168 ἵνα
3051 2117 3179 2180 τοὺς
3225 2118 3323 2188 μὲν
3351 2119 3420 2173 τὰ
3445 2120 3720 2193 ὲπίρρητα

2147 2207 2482 2278 πράττοντας
2523 2206 2947 2261 ἀποκωλύσωσιν
2978 2208 3135 2277 ἣκειν
3180 2209 3274 2265 ἐπὶ
3299 2210 3388 2263 τὸν
3413 2212 3595 2265 κοινὸν
3622 2215 3720 2267 αὑ-

2146 2299 2254 2354 τῶν
2287 2299 2559 2368 σύλλογον,
2586 2300 2712 2363 τοὺς
2734 2299 2792 2352 δὲ
2818 2299 2891 2371 μὴ
2920 2299 3194 2366 τοιούτους
3224 2300 3320 2375 ὅλῃ
3354 2302 3499 2374 ψυχῇ
3524 2304 3718 2358 ἀποδε-

2146 2392 2381 2463 χόμενοι,
2424 2391 2662 2461 βελτίους
2688 2391 2959 2465 ὁσημέραι
3008 2395 3509 2459 κατασκευάζωσιν.
3537 2398 3640 2450 Οἴα
3670 2398 3718 2451 δ’

2144 2484 2290 2536 ἐστὶν
2321 2484 2503 2546 αὐτοῖς
2535 2483 2724 2554 ἀγωγὴ
2750 2484 2843 2537 καὶ
2873 2483 3001 2556 περὶ
3025 2485 3461 2557 ἁμαρτανόντων,
3490 2489 3586 2542 καὶ
3615 2491 3713 2561 μά-

2142 2575 2298 2630 λιστα
2337 2576 2446 2630 τῶν
2486 2575 2982 2631 ἀκολασταινόντων
3026 2578 3175 2649 (19),
3216 2577 3312 2642 οὓς
3350 2580 3712 2635 ἀπελαύνουσι

2141 2669 2235 2722 τοῦ
2275 2666 2456 2723 κοινοῦ
2503 2668 2553 2722 οἱ
2583 2666 2726 2720 κατά
2768 2667 2860 2720 τὸν
2888 2667 3092 2722 Κέλσον
3118 2669 3488 2741 παραπλήσιοι
3518 2675 3633 2736 τοῖς
3656 2675 3716 2725 ὲν

2141 2762 2260 2825 ταῖς
2285 2761 2507 2832 ἀγοραῖς
2548 2759 2615 2812 τά
2654 2760 3059 2832 ὲπιρῤητότατα
3100 2762 3576 2832 ἐπιδεικνυμένοις.
3602 2765 3714 2818 Καὶ

2140 2854 2203 2906 τὸ
2239 2852 2338 2922 μὲν
2380 2852 2488 2905 τῶν
2538 2851 2924 2923 Πυθαγορείων
2976 2852 3170 2924 σεμνὸν
3198 2853 3712 2925 διδασκαλεῖονοβθ)

2139 2943 2432 3012 κενοτάφια
2480 2942 2589 2997 τῶν
2644 2944 2997 2998 ἀποστάντων
3044 2945 3148 3015 τῆς
3203 2943 3355 3014 σφῶν
3399 2943 3715 3014 φιλοσοφίας

2140 3035 2885 3106 κατεσκεύαζε,λογιζόμενον
2916 3037 3144 3107 νεκροὺς
3172 3036 3370 3100 αὐτοὺς
3394 3037 3708 3106 γεγονέναιο

2138 3122 2282 3180 οὗτοι
2314 3126 2370 3180 δὲ
2388 3127 2464 3191 ὡς
2497 3127 2840 3190 ἀπολωλότας
2868 3128 2961 3180 καὶ
2989 3119 3316 3199 τεθνηκότας
3335 3128 3412 3199 τῷ
3435 3128 3556 3200 Θεῷ
3586 3131 3709 3193 τοὺς

477 3213 748 3267 excitatos
776 3214 1004 3276 ducunt,
1038 3213 1081 3267 si
1113 3228 1234 3268 eam
1266 3230 1476 3268 morum
1507 3216 1859 3270 mutationem
1894 3217 2037 3274 fece-

2140 3219 2229 3271 ὑπ’
2265 3218 2553 3287 ἀσελγείας
2590 3220 2624 3290 ἣ
2654 3236 2799 3282 τινος
2829 3218 3032 3273 ἀτόπου
3062 3220 3464 3291 νενικημένους,
3510 3221 3590 3285 ὡς
3620 3239 3706 3275 νι-

477 3303 606 3364 rint,
634 3302 789 3371 cujus
822 3301 962 3357 ratio
990 3302 1175 3357 haberi
1223 3303 1454 3369 debeat;
1484 3304 1692 3359 tardius
1731 3315 1914 3361 tamen
1940 3307 2038 3362 ad-

480 3393 780 3448 mittuntur
809 3408 970 3464 quam
1025 3395 1115 3464 qui
1158 3395 1335 3463 primo
1384 3394 1758 3464 recipiuntur:
1792 3406 1848 3452 et
1875 3396 2039 3469 482

481 3487 614 3556 quia
651 3497 772 3556 post
805 3486 1101 3557 professum
1126 3487 1439 3555 religionem
1470 3487 1603 3557 lapsi
1629 3498 1776 3550 sunt,
1800 3493 1867 3543 ab
1893 3490 2039 3545 oumi

472 3580 701 3648 posthac
758 3581 1023 3652 dignitate
1071 3592 1127 3637 et
1175 3581 1505 3652 praefectura
1556 3581 1612 3635 in
1665 3578 1904 3637 Ecclesia
1940 3580 2037 3638 Dei

469 3684 748 3728 arcentur.

545 3884 654 3958 (16)
710 3886 1023 3954 Philocalia,
1062 3888 1131 3944 τὰ
1176 3887 1336 3954 αὐτά,
1389 3899 1556 3946 recte.
1613 3890 1783 3955 Alias,
1836 3891 2026 3948 ταῦτα.

470 3955 674 4011 Ibidem
731 3958 962 4032 Philum,
1001 3960 1352 4029 ὲγκαλέσουσι
1401 3965 1532 4026 τοῖς,
1591 3971 1720 4023 etc.,
1777 3972 1831 4016 et
1876 3966 2034 4032 paulo

471 4038 590 4097 post
602 4068 615 4084 .
646 4027 856 4080 κινοῦσι
885 4027 1059 4097 λόγον.

542 4096 652 4170 (17)
686 4096 1026 4165 Χριστιανοὶ
1056 4099 1140 4160 δέ.
1173 4111 1279 4156 etc.
1310 4100 1437 4154 Haec
1471 4100 1801 4156 articulatim
1848 4104 2041 4159 distin-

469 4175 665 4241 cteque
691 4172 831 4241 dit-ta
865 4181 993 4224 sunt
1022 4173 1090 4224 ab
1115 4171 1347 4241 Origene
1377 4190 1390 4224 :
1418 4180 1474 4224 at
1503 4172 1709 4238 plenius
1739 4175 2003 4241 intelliges
2023 4214 2039 4240 ,

468 4238 515 4290 si
537 4238 700 4312 legas
729 4238 1001 4297 Justinum
1036 4238 1513 4312 intine'ApoIogiw
1535 4243 1806 4312 secundae,
1830 4253 1886 4300 et
1910 4238 2043 4300 ’l‘eré

468 4309 780 4379 tulliaunm,
821 4327 941 4379 cap.
973 4313 1042 4367 59
1072 4311 1290 4377 Apolog.
1327 4312 1592 4369 Spsucsn.

538 4378 649 4521 (18)
683 4378 998 4446 Philocalia,
1026 4381 1413 4453 τατηνικαῦτα.

566 4450 792 4521 19)(Καὶ
830 4451 1097 4520 μάλιστα
1146 4450 1264 4505 τῶν
1309 4455 1413 4507 ἀκε

566 4436 647 4515 19)
683 4450 792 4503 Καὶ
830 4436 1097 4520 μάλιὸντα
1146 4436 1264 4505 τῶν
1309 4436 1895 4520 ἀκολασταινόντων,
1925 4463 2035 4513 etc.
2077 4436 2121 4493 Β

467 4519 722 4592 Tertull.,
770 4519 875 4592 lib.
928 4538 963 4576 ll
1022 4527 1101 4576 Ad
1172 4538 1407 4586 uxorem,
1441 4540 1560 4592 cap.
1596 4526 1668 4578 ὅτ
1707 4545 1724 4576 ι
1757 4519 2031 4582 litescunt

468 4591 544 4646 ita
593 4591 721 4662 sint,
760 4590 970 4651 fideles.
1004 4592 1285 4662 gentilium
1322 4590 1667 4649 tnatrimonia
1710 4599 2030 4661 subeuntes,

468 4660 642 4727 stupri
673 4676 793 4713 reos
827 4676 950 4715 esse
978 4660 1212 4722 constat,
1246 4672 1300 4716 et
1331 4666 1595 4718 arcendos
1618 4668 1685 4717 ab
1713 4668 1857 4719 omni
1882 4683 2033 4720 com-

468 4729 841 4804 municatone
872 4732 1249 4804 fraternitatis,
1275 4748 1338 4786 ex
1366 4734 1561 4788 litteris
1587 4736 1825 4804 Apostoli
1853 4737 2037 4791 dicen-

470 4799 564 4871 tis,
593 4814 714 4871 cum
750 4800 1012 4863 ejusmodi
1048 4818 1146 4854 nec
1182 4803 1358 4855 cibum
1389 4804 1604 4871 quidem
1633 4799 1978 4859 sumendum.
2009 4825 2029 4859 ο

466 4865 622 4943 Ideni
646 4870 695 4920 in
730 4870 868 4921 libro
898 4870 971 4921 De
991 4865 1420 4943 pudicitia,cap.
1446 4872 1479 4925 4
1516 4890 1531 4926 :
1562 4892 1579 4923 ι
1605 4874 1729 4927 Ideo
1750 4890 1915 4943 penes
1940 4892 2035 4930 nos

467 4937 696 4992 occulta:
750 4954 969 5008 quoque
1022 4937 1456 5005 conjunctiones,
1490 4942 1540 4995 id
1597 4953 1698 5007 cst,
1732 4937 1834 4997 non
1884 4945 2035 5008 prius

467 4962 696 4992 occultat:
750 4962 969 5008 quoque
1022 4962 1456 5005 cnttjttttcumtcs,
1490 4962 1540 4995 ltl
1597 4962 1698 5007 CSI,
1732 4962 1834 4997 11011
1925 4962 2035 5001 rtus

467 5009 609 5077 apud
642 5007 938 5063 Ecclesiam
969 5009 1246 5077 professae,
1279 5009 1433 5074 juxta
1466 5014 1753 5067 mmehiam
1783 5024 1837 5068 et
1866 4962 2035 5069 [ει-υἱ.

467 5077 743 5133 cntionem
766 5077 999 5146 judicari
1033 5081 1435 5149 periclitantur.
1469 5081 1578 5135 Nec
1607 5085 1730 5135 inde
1767 5095 2034 5141 conserta!

466 5150 1061 5224 obtentumatrimonii
1109 5150 1315 5224 crimen
1361 5151 1602 5224 cludant.
1649 5153 1905 5224 Reliquas
1930 5171 2029 5208 au-

467 5226 577 5273 tem
629 5218 915 5290 libidinum
956 5222 1125 5273 furias
1173 5220 1370 5290 impias
1418 5223 1556 5276 etin
1604 5218 1831 5289 cui-pora
1880 5237 1934 5279 et
1979 5226 2031 5280 in

465 5304 653 5358 sexus,
684 5289 823 5342 ultra
852 5290 973 5357 jura
1003 5302 1226 5345 naturae.
1257 5305 1360 5343 non
1396 5293 1556 5344 modo
1596 5292 1804 5359 limine,
1841 5310 2028 5350 verum

468 5363 618 5413 omni
671 5362 935 5415 Ecclesiae
982 5371 1125 5415 tecto
1160 5361 1726 5430 submovemus;quia
1769 5379 1874 5418 non
1906 5376 2034 5418 sunt

469 5429 688 5501 delicta,
718 5431 811 5486 sed
862 5441 1127 5486 monstra.
1157 5449 1176 5483 ι
1206 5430 1370 5501 Idem,
1406 5432 1459 5484 in
1493 5429 1735 5501 Αροῖορ..
1763 5449 1886 5501 cap.
1921 5435 1987 5488 59
2014 5452 2030 5500 ;

466 5498 724 5573 ργρτῆιιη.
755 5504 917 5572 epist.
947 5503 1036 5566 58,
1064 5504 1129 5556 ad
1165 5499 1505 5573 Caldoniunt,
1540 5498 1930 5573 ‘Herculauum,
1967 5498 2034 5559 de

469 5567 808 5635 Felicissimo
852 5572 1170 5627 abstinendo
1200 5589 1215 5625 :
1248 5587 1267 5621 ι
1296 5571 1362 5625 Ut
1389 5572 1697 5627 abstentum
1728 5590 1787 5630 se
1816 5591 1844 5627 a
1878 5567 2033 5630 nobis

469 5638 642 5714 sciat;
670 5643 890 5714 quando
923 5646 988 5697 ad
1019 5644 1235 5697 fraudes
1281 5643 1399 5714 ejus
1437 5651 1491 5714 et
1523 5645 1764 5712 rapinas,
1791 5660 1926 5714 quas
1952 5647 2032 5701 di-

468 5703 653 5764 lucida
679 5703 907 5767 veritate
933 5703 1782 5785 cogitovimus,.'adulterii'etiam
1808 5703 2027 5775 'crimen

2146 3312 2312 3382 κροὺς
2348 3310 2601 3365 πενθοῦσι
2620 3328 2633 3342 °
2666 3312 2760 3365 καὶ
2790 3311 2867 3375 ὡς
2898 3311 3203 3383 ὲκ,νεκρῶν
3229 3314 3584 3378 ἀναστάντας,
3617 3314 3705 3367 sev

2145 3402 2420 3471 ἀξιόλογον
2444 3404 2779 3471 ὲνδείξωνται
2814 3403 2926 3477 (21)
2971 3405 3288 3478 μεταϐολὴν,
3308 3407 3485 3479 χρόνῳ
3509 3407 3702 3462 πλείονι

2140 3494 2247 3548 τῶν
2283 3497 2402 3548 κατ’
2431 3497 2606 3566 ἀρχάς
2633 3497 3001 3568 εἰσαγομένων
3052 3496 3275 3569 ὕστερόν
3300 3516 3430 3552 ποτε
3457 3500 3700 3571 προσίεν-

2137 3603 2255 3640 ταιο
2285 3589 2363 3651 είς
2387 3588 2639 3658 οὐδεμίαν
2662 3588 2836 3661 ἀρχὴν
2876 3588 2987 3660 (9.2)
3014 3591 3107 3642 καὶ
3149 3592 3477 3661 προστασίαν
3501 3593 3600 3663 τῆς
3625 3592 3702 3646 λε·

2137 3679 2705 3751 γομένηςἘκκλησίας
2725 3681 2817 3735 τοῦ
2836 3681 2971 3734 Θεοῦ
2999 3681 3386 3751 καταλέγοντες
3416 3685 3544 3748 τοὺς
3572 3684 3698 3755 φθά-

2149 3793 2362 3844 σαντας,
2395 3779 2531 3851 μετὰ
2550 3781 2609 3833 τὸ
2624 3781 3074 3854 προσεληλυθέναι
3104 3782 3178 3853 τῷ
3188 3782 3349 3853 λόγῳ,
3374 3781 3696 3835 ἐπταικέναι.

2137 3899 2366 3971 accedit.
2400 3918 2417 3950 ι
2445 3899 2584 3971 Ιιιονη
2622 3902 2778 3967 epist.
2804 3903 2891 3967 (i2,
2924 3902 2989 3955 ad
3030 3902 3405 3971 Pomponium,
3435 3904 3501 3955 de
3525 3901 3686 3966 virgi-

2143 3968 2301 4041 nibus
2331 3986 2345 4022 :
2378 3970 2487 4041 tEt
2521 3971 2724 4026 idcirco
2762 3972 3005 4027 consulte
3035 3983 3083 4026 et
3112 3968 3233 4025 cum
3272 3973 3457 4041 vigore
3491 3972 3683 4034 fecisti,

2144 4038 2311 4091 frater
2341 4040 2685 4103 charissimc,
2721 4042 3042 4095 abstinendo
3086 4038 3395 4105 diaconum,
3431 4043 3522 4109 qui
3574 4057 3692 4094 cum

2146 4109 2354 4180 virgine
2390 4125 2529 4178 saepe
2577 4113 2806 4166 mansit:
2834 4113 2925 4165 sed
2950 4122 3005 4165 et
3035 4124 3280 4174 caeteros,
3306 4114 3397 4180 qui
3426 4128 3546 4165 eum
3582 4111 3686 4165 vir-

2148 4178 2361 4250 ginibus
2390 4180 2628 4250 dormire
2657 4190 3078 4235 consueverunt.
3129 4182 3281 4248 Quod
3328 4178 3378 4235 ﬁsi
3431 4183 3692 4250 pmniten-

2149 4250 2278 4320 tiam
2310 4249 2468 4316 hujus
2502 4250 2672 4303 illiciti
2726 4253 3045 4306 concubitus
3078 4253 3159 4306 sui
3191 4249 3514 4320 egerint,’et
3570 4266 3599 4305 a
3642 4266 3693 4305 se

2150 4318 2382 4390 invicem
2416 4320 2775 4373 recesserint:
2815 4322 3173 4389 inspicientur
3211 4318 3424 4375 interim
3465 4322 3693 4390 virgines

2153 4389 2222 4461 ab
2249 4389 2633 4461 obstetricibus
2665 4390 2984 4459 diligenter;
3015 4403 3089 4457 et,
3121 4392 3162 4444 si
3202 4392 3438 4461 virgines
3470 4389 3688 4446 inventa:

2152 4458 2370 4520 fuerint,
2398 4470 2617 4526 accnpta
2652 4458 3149 4515 connnunicatione
3178 4462 3244 4514 ad
3279 4458 3576 4515 Ecclesium
3608 4464 3691 4513 ad-

2136 4529 2440 4581 mittautur.
2481 4528 2591 4582 Hac
2631 4540 2807 4583 tamen
2838 4531 3296 4593 interminatioue,
3322 4541 3377 4584 ut
3399 4533 3443 4586 si
3481 4532 3547 4584 ad
3580 4546 3689 4586 eos-

2137 4599 2256 4652 dem
2312 4599 2580 4669 masculos
2628 4601 2972 4669 postmodum
3033 4616 3268 4655 reversae
3316 4602 3549 4664 fuerint,
3605 4611 3688 4654 aut

2096 4666 2111 4677 ‘
2137 4670 2181 4720 si
2225 4682 2345 4720 cum
2397 4668 2582 4721 iisdem
2628 4666 2691 4723 in
2747 4685 2850 4722 una
2887 4671 3066 4732 domo,
3097 4682 3150 4724 et
3177 4672 3277 4724 sub
3304 4672 3491 4724 eodem
3532 4680 3684 4730 tecto.

2136 4738 2296 4808 simul
2327 4738 2710 4808 habitaverint,
2733 4738 2982 4808 graviore
3012 4756 3237 4794 censura
3271 4740 3580 4806 ejiciantur,
3600 4756 3686 4793 nec

2108 4806 2193 4877 _in
2229 4806 2517 4861 Ecclesiam
2544 4806 2888 4876 postmodum
2919 4809 3083 4864 facile
3113 4812 3462 4877 recipiantur.
3511 4808 3566 4862 Si
3602 4826 3686 4864 an-

2137 4885 2242 4930 tem
2270 4878 2343 4949 _de
2379 4878 2457 4949 eis
2483 4879 2658 4948 aliqua
2686 4891 2938 4948 corrupta
2973 4882 3137 4934 fuerit
3174 4883 3534 4949 deprehensa,
3569 4887 3685 4948 agat

2135 4947 2511 5019 paenitentiam
2548 4947 2759 5015 plenam
2787 4947 2949 5017 :q'uia
2999 4967 3119 5019 qua:
3151 4947 3258 5004 hoc
3281 4951 3487 5005 crimen
3523 4947 3684 5002 admi-

2136 5018 2231 5082 sit,
2262 5032 2368 5072 non
2397 5019 2599 5084 mariti,
2650 5020 2742 5074 sed
2799 5018 3027 5085 Christi,
3056 5021 3294 5075 adultera
3323 5032 3441 5086 est;
3469 5029 3525 5074 et
3556 5020 3683 5082 ideo,

2134 5087 2403 5142 aestimato
2424 5087 2571 5153 justo
2616 5099 2876 5158 tempore,
2915 5101 3127 5158 postea,
3174 5091 3570 5158 evhemulugesi
3610 5089 3684 5142 fa-

2137 5167 2246 5218 cta,
2275 5158 2339 5209 ad
2389 5158 2686 5212 Ecclesium
2721 5161 2932 5219 redeat.
2963 5182 2982 5213 ι
3021 5172 3126 5218 etc.
3159 5161 3430 5214 Sensum.
3453 5189 3523 5203 —-
3550 5158 3682 5213 infra

2134 5225 2450 5301 Philocalia‘,
2483 5230 2530 5280 οἱ
2563 5229 2709 5301 κατάΔ
2731 5227 2801 5281 τὰ
2824 5229 3034 5301 Κέλσου
3065 5231 3457 5301 παραπλήσιοι.

2204 5296 2315 5367 (20)
2346 5297 2794 5354 Διδασκαλεῖον.
2821 5300 2912 5354 Sic
2944 5313 3090 5355 recte
3120 5296 3341 5354 nomino
3368 5298 3685 5367 l’hilocalia;

2133 5367 2267 5420 alias
2302 5370 2438 5419 male
2482 5369 2839 5435 διδασκάλων,
2874 5387 2996 5424 nam
3042 5369 3377 5424 διδασκάλων
3440 5372 3577 5424 idem
3608 5383 3684 5424 est

2133 5435 2618 5511 quod_6£6azrpov,
2677 5441 2956 5508 praemium
3007 5457 3199 5511 nempe
3247 5444 3389 5509 quod
3437 5442 3682 5511 magistro

2134 5508 2390 5582 doctrina:
2440 5508 2688 5582 nomine
2718 5511 2983 5564 redditur.
3037 5508 3180 5578 Mos,
3220 5508 3683 5582 κενοτάφιαξγιιιυ

2132 5578 2516 5631 adnotationes
2538 5582 2602 5633 ad
2638 5579 2729 5633 lib.
2764 5596 2823 5643 ιι,
2861 5596 3008 5637 num.
3043 5584 3132 5636 Η.

2205 5647 2319 5712 (9.1)
2344 5646 2478 5701 Cod.
2511 5649 2711 5717 Regius
2736 5661 2791 5703 et
2820 5650 3162 5711 Basileensis,
3198 5649 3584 5717 ἐπιδείξωνται.

2204 5717 2313 5790 (‘39-)
2342 5719 2444 5787 Εἰς
2474 5716 2979 5792 οὐδέμίῖινάρχήν,
3003 5732 3111 5781 etc.
3138 5723 3299 5794 Cypr.
3328 5716 3492 5790 epist.
3511 5721 3598 5784 et,
3626 5716 3681 5771 ad
