3998 6170
325 292 429 349 989

329 523 349 555 ι
390 499 632 572 Ὀρῶμέν
675 515 776 550 που
818 499 912 550 καὶ
944 499 1071 560 τοὺς
1097 499 1154 550 ὲν
1187 497 1304 559 ταῖς
1347 497 1570 568 ἀγοραῖς
1599 498 1894 568 ὲπιῤῥητό-

322 609 463 648 τατα
501 589 972 660 ἐπιδεικνυμένους
1014 589 1108 641 καὶ
1144 585 1488 657 ἀγείροντας·
1516 607 1534 638 ι
1566 591 1612 640 εἰ
1645 590 1716 659 μὴ
1752 589 1896 642 ἄντι-

325 699 462 752 κρυς
489 679 698 748 ψευδῶς
724 678 956 748 εἴρηται,
1013 679 1104 730 καὶ
1156 677 1420 747 ἀνομοίως
1467 678 1891 747 παραϐέϐληται.

325 772 561 833 Τούτους
599 767 664 836 δὴ
696 763 776 832 οἷς
811 770 954 838 ἡμᾶς
985 769 1012 820 ὁ
1040 767 1247 831 Κέλσος
1272 771 1468 837 ὁμοιοῖ,
1508 788 1525 818 ι
1546 771 1655 831 τοῖς
1685 773 1742 821 ἐν
1780 772 1894 833 ταῖς

326 861 556 930 ἀγοραῖς
588 858 654 910 τὰ
687 859 1083 930 ἐπιρῤητότατα
1116 859 1576 928 ἐπιδεικνυμένοις
1617 861 1711 912 καὶ
1743 859 1895 927 ἀγεί-

329 968 504 1023 ρουσι,
532 969 549 999 ι
581 948 742 1018 φησιν
782 966 798 998 ι
823 949 901 1010 εἰς
936 948 1030 1018 μὲν
1069 948 1342 1019 φρονίμων
1386 949 1597 1019 ἀνδρῶν
1642 949 1896 1017 σύλλογον

326 1044 431 1096 οὐκ
476 1042 540 1095 ἄν
587 1057 716 1093 ποτε
757 1039 1065 1110 παρελθεῖν,
1108 1039 1214 1091 οὐδ’
1246 1041 1303 1091 ὲν
1337 1039 1546 1103 τούτοις
1582 1040 1650 1092 τά
1690 1041 1897 1093 ἑαυτῶν

329 1132 675 1201 κατατολμᾷν
707 1129 814 1199 (⁵2.5)
848 1129 1234 1182 ἐπιδεικνύειν·
1269 1129 1396 1182 ἔνθα
1422 1131 1468 1182 δ’
1494 1131 1558 1183 ἂν
1590 1131 1758 1202 ὁρῶσι
1785 1148 1900 1200 μει-

334 1223 516 1295 ράκια,
552 1224 642 1274 καὶ
669 1221 983 1291 οἰκοτρίϐων
1008 1220 1181 1291 ὄχλον,
1213 1222 1306 1274 καὶ
1335 1221 1633 1292 ἀνθρώπων
1661 1225 1899 1293 ἀνοήτων

329 1315 536 1386 ὅμιλον,
562 1334 580 1364 ι
614 1311 848 1367 ἐνταῦθα
875 1310 1216 1380 ὠθουμένους
1266 1329 1325 1363 τε
1349 1313 1442 1364 καὶ
1487 1313 1898 1384 καλλωπιζομέ-

330 1423 472 1468 νους.
514 1405 624 1456 Καὶ
671 1405 727 1455 ὲν
773 1401 944 1471 τούτῳ
978 1400 1128 1454 οὐδὲν
1156 1401 1281 1454 ἄλλο
1312 1401 1479 1454 ποιῶν
1505 1402 1536 1472 ἢ
1558 1402 1898 1474 λοιδορούμε-

331 1512 420 1557 νος
445 1496 576 1564 ἡμῖν
601 1491 991 1561 παραπλησίως
1015 1493 1134 1555 ταῖς
1166 1494 1222 1544 ὲν
1253 1495 1370 1555 ταῖς
1401 1494 1629 1564 τριόδοις
1659 1495 1896 1563 γυναιξὶ,

335 1585 533 1638 σκοπὸν
594 1581 841 1652 ἐχούσαις
895 1580 954 1633 τὸ
1002 1582 1185 1646 κακῶς
1240 1583 1472 1652 ἀλλήλας
1536 1587 1644 1656 (24)
1697 1586 1892 1654 λέγειν.

348 1679 534 1749 Ἡμεῖς
554 1676 680 1746 γὰρ,
715 1676 810 1745 ὅση
834 1674 1078 1744 δύναμις,
1110 1677 1282 1730 πάντα
1315 1678 1620 1748 πράττομεν
1654 1679 1788 1750 ὑπὲρ
1804 1678 1896 1732 τοῦ

1515 287 1795 348 CONTRA
1833 289 2104 346 CELSUM
2143 289 2269 344 LIB.
2310 287 2398 346 lli.

397 412 540 480 Ὅρα
570 409 632 481 δὴ
657 407 792 480 μετά
819 405 988 461 ταῦτα
1010 407 1071 460 τὸ
1101 404 1202 460 ὑπὸ
1231 405 1320 459 τοῦ
1339 403 1545 459 Κέλσου
1573 408 1889 479 λεγόμενον·
1923 414 1968 470 Α

3445 285 3550 343 990

2065 408 2152 462 5'2.
2186 408 2338 462 Nunc
2373 407 2492 460 vide
2524 417 2700 457 annon
2737 403 2958 458 evidens
3001 403 3339 458 mendacium
3385 406 3457 458 sit
3495 414 3550 461 et

2000 513 2180 553 rerum
2238 495 2726 552 dissimillimarum
2776 494 3114 562 comparatio
3166 494 3220 547 in
3267 495 3354 549 his
3406 495 3552 550 Celsi

1998 591 2178 644 verbis
2212 607 2225 642 :
2261 607 2280 640 ι
2309 590 2559 642 Videmus
2586 585 2769 655 utique
2800 596 2852 639 et
2885 585 3004 639 illos
3027 586 3116 652 qui
3151 585 3204 639 in
3235 586 3354 640 foro
3381 587 3551 642 scele-

1998 692 2144 736 ratas
2179 691 2231 735 et
2263 679 2638 735 circulatorias
2690 696 2816 732 suas
2868 691 3016 734 artes
3061 687 3356 733 ostentant.
3386 697 3403 729 ι
3441 677 3552 732 llos

1997 777 2178 820 autem
2241 786 2259 817 ‹
2292 768 2381 835 qui
2450 768 2501 819 in
2550 766 2682 820 foris
2723 769 3024 822 sceleratas
3071 777 3125 822 et
3170 769 3552 822 circulatorias

1997 857 2233 925 ineptias
2265 867 2606 917 ostentant,»
2651 868 2705 912 et
2751 861 3074 927 quibuscum
3129 875 3228 914 nos
3276 867 3553 926 c0mparat

1995 950 2204 1014 Celsus,
2242 950 2316 1002 ait
2355 964 2668 1016 «nunquam
2705 961 2902 1004 ctetum
2953 951 3101 1004 adire
3147 952 3380 1005 virorum
3429 967 3557 1019 pru-

1997 1041 2262 1105 dentium,
2290 1056 2384 1093 nec
2413 1040 2483 1092 ibi
2514 1040 2713 1092 audere
2746 1057 2841 1092 sua
2873 1043 3192 1105 venditare;
3232 1052 3287 1094 at
3317 1041 3548 1093 ubicun-

1998 1147 2103 1200 que
2153 1131 2624 1197 adolescentulos,
2669 1131 2914 1184 servulos
2958 1139 3012 1183 et
3058 1131 3237 1185 fatuos
3294 1133 3552 1185 collectos

2001 1217 2507 1280 animadverterint,
2545 1232 2610 1271 eo
2659 1233 2716 1271 se
2761 1221 3012 1285 ingerere
3065 1234 3360 1290 eorumque
3406 1222 3557 1290 plau-

1999 1323 2121 1362 sum
2175 1311 2455 1378 aucupari.
2484 1328 2502 1361 ›
2560 1309 2660 1364 Ubi
2705 1311 2838 1364 nihil
2891 1313 3004 1380 agit
3049 1312 3259 1374 Celsus,
3303 1329 3462 1381 quam
3498 1320 3557 1365 ut

2001 1400 2156 1453 nobis
2212 1400 2518 1463 maledicat,
2565 1401 2756 1455 similis
2826 1403 3185 1467 mulierculis,
3227 1419 3346 1470 qua:
3395 1420 3454 1459 se
3503 1407 3554 1458 iu

2000 1492 2254 1560 compitis
2315 1493 2518 1546 mutuis
2573 1493 2836 1546 conviciis
2889 1506 3291 1549 conscelantnr.
3344 1497 3555 1550 Etenim

2001 1600 2118 1648 nos,
2153 1592 2413 1653 quantum
2461 1600 2766 1653 possumus,
2798 1586 3027 1639 facimus
3068 1590 3273 1650 omnia,
3302 1599 3356 1641 ut
3387 1599 3559 1642 cretus
3635 1597 3650 1605 ‘

2000 1687 2180 1732 noster
2204 1687 2413 1732 constet
2436 1678 2794 1746 prudentibus
2824 1680 3169 1747 hominibus;
3195 1690 3248 1733 et
3273 1697 3392 1748 quae
3416 1685 3556 1750 apud

336 1775 613 1845 φρονίμων
647 1769 853 1842 ἀνδρῶν
895 1769 1143 1837 γενέσθαι
1170 1771 1260 1824 τὸν
1307 1771 1559 1840 σύλλογον
1587 1773 1742 1843 ἡμῶν
1761 1791 1774 1802 ·
1804 1775 1896 1827 καὶ

2005 1785 2098 1823 nos
2127 1768 2365 1823 maxime
2400 1768 2621 1837 pulchra
2644 1778 2699 1822 et
2727 1769 2905 1822 divina
2955 1779 3101 1833 sunt,
3142 1785 3202 1824 ea
3236 1779 3346 1823 tum
3393 1776 3559 1828 aude-

333 1867 402 1919 τὰ
451 1868 508 1918 ἐν
548 1866 677 1935 ἡμῖν
729 1862 958 1931 μάλιστα
1008 1859 1146 1914 καλὰ
1177 1863 1269 1914 καὶ
1307 1861 1424 1916 θεῖα
1459 1864 1578 1917 τότε
1615 1865 1897 1935 τολμῶμεν

338 1960 396 2010 ἐν
445 1958 555 2020 τοῖς
598 1957 730 2027 πρὸς
760 1957 821 2008 τὸ
864 1957 1041 2008 κοινὸν
1075 1954 1338 2020 διαλόγοις
1370 1953 1555 2024 φέρειν
1599 1957 1678 2019 είς
1714 1956 1894 2026 μέσον,

336 2050 412 2102 ὅτ’
454 2048 789 2119 εὐποροῦμεν
838 2046 1072 2099 συνετῶν
1114 2045 1433 2116 ἀκροατῶν·
1478 2047 1899 2119 ἀποκρύπτομεν

335 2143 392 2196 δὲ
421 2144 512 2195 καὶ
541 2140 983 2212 παρασιωπῶμεν
1015 2138 1082 2192 τὰ
1121 2139 1409 2210 βαθύτερα,
1440 2140 1577 2193 ἐπὰν
1603 2140 1900 2194 ἁπλουστέ-

346 2251 471 2304 ρους
508 2232 794 2304 θεωρῶμεν
834 2232 942 2302 (25)
971 2232 1097 2294 τοὺς
1132 2232 1554 2302 συνερχομένους
1587 2234 1680 2287 καὶ
1715 2233 1900 2305 δεομέ-

333 2342 454 2388 νους
489 2324 661 2393 λόγων
689 2322 962 2395 τροπικῶς
993 2322 1408 2392 ὀνομαζομένων
1433 2323 1591 2390 γάλα.

404 2419 715 2486 Γέγραπται
738 2415 844 2486 γὰρ
884 2413 1035 2484 παρά
1065 2413 1142 2482 τῷ
1180 2413 1374 2483 Παύλῳ
1405 2413 1564 2483 ἡμῶν
1588 2414 1898 2484 Κορινθίοις

335 2507 737 2569 ὲπιστέλλοντι,
793 2505 1012 2574 Ἕλλησι
1075 2505 1210 2573 μὲν,
1264 2504 1331 2556 ού-
1377 2502 1805 2575 κεκαθαρμένοις
1843 2503 1901 2557 δέ

338 2615 424 2650 πω
449 2598 513 2651 τά
545 2596 649 2667 ἤθη
703 2596 846 2666 (Ξ6)·
886 2595 1070 2649 «Γάλα
1101 2595 1242 2665 ὑμᾶς
1291 2596 1532 2659 ἐπότισα,
1573 2597 1632 2648 ού
1680 2595 1898 2666 βρῶμα·

336 2687 488 2742 οὔπω
517 2687 624 2760 γὰρ
655 2685 945 2740 ἐδύνασθε·
979 2685 1089 2738 ἀλλ’
1123 2685 1248 2738 οὐδὲ
1288 2685 1366 2738 ἔτι
1407 2685 1502 2740 νῦν
1539 2685 1791 2738 δύνασθε·
1823 2686 1902 2739 ἔτι

336 2778 445 2848 γὰρ
483 2777 732 2850 σαρκικοί
786 2778 927 2828 ἐστε.
967 2777 1139 2828 Ὅπου
1191 2775 1298 2846 γὰρ
1349 2776 1404 2828 ὲν
1455 2777 1582 2846 ύμῖν
1624 2773 1783 2846 ζῆλος
1807 2778 1902 2830 καὶ

337 2871 471 2941 ἔρις,
500 2872 618 2940 ούχὶ
650 2869 898 2940 σαρκικοί
946 2870 1088 2930 ἐστε,
1123 2869 1214 2920 καὶ
1249 2867 1389 2920 κατά
1418 2868 1699 2939 ἄνθρωπον
1749 2887 1903 2940 περι-

337 2963 625 3024 πατεῖτε;ι
671 2959 728 3011 '0
763 2959 807 3012 δ’
842 2958 1020 3020 αὐτὸς,
1071 2957 1427 3026 ἐπιστάμενος
1481 2958 1577 3026 μέν
1614 2975 1736 3011 τινα
1780 2976 1903 3028 τρο-

339 3053 445 3122 φὴν
474 3046 610 3104 εἶναι
645 3049 979 3121 τελειοτέραν
1003 3049 1112 3120 (27)
1141 3048 1336 3119 ψυχῆς,
1370 3050 1436 3102 τὰ
1461 3050 1515 3102 δὲ
1547 3049 1654 3102 τῶν
1683 3053 1898 3118 εἰσαγο-

345 3144 516 3213 μένων
545 3141 982 3213 παραὸάλλεσθαι
1014 3141 1242 3209 γάλακτι
1267 3140 1492 3210 νηπίων,
1537 3140 1704 3212 φησί·
1743 3160 1760 3192 ‹
1788 3143 1896 3195 Καὶ

342 3233 599 3303 γεγόνατε
643 3233 829 3303 χρείαν
859 3232 1070 3302 ἔχοντες
1110 3233 1394 3301 γάλακτος,
1424 3233 1485 3284 οὐ
1524 3235 1744 3304 στερεᾶς
1775 3251 1900 3305 τρο-

345 3325 471 3394 φῆς.
512 3324 624 3386 Πᾶς
661 3323 768 3392 γὰρ
809 3325 836 3376 ὁ
884 3323 1118 3393 μετέχων
1173 3323 1436 3390 γάλακτος
1476 3323 1698 3393 ἄπειρος
1741 3325 1897 3392 λόγου

342 3413 714 3483 δικαιοσύνης·
762 3414 946 3483 νήπιος
988 3415 1095 3485 γάρ
1134 3416 1278 3466 ἐστι·
1329 3414 1546 3468 τελείων
1585 3416 1639 3468 δέ
1685 3418 1829 3470 ἐστιν
1865 3419 1900 3488 ἡ

343 3506 540 3578 στερεὰ
583 3506 773 3577 τροφὴ,
802 3505 908 3558 τῶν
936 3507 1022 3560 διὰ
1054 3508 1152 3576 τὴν
1189 3506 1298 3572 ἕξιν
1323 3506 1388 3558 τὰ
1428 3507 1754 3580 αἰσθητήρια
1812 3526 1902 3579 γε-

339 3597 700 3669 γυμνασμένα
752 3598 981 3667 ἐχόντων
1023 3599 1160 3670 πρὸς
1200 3599 1468 3672 διάκρισιν
1511 3600 1676 3653 καλοῦ
1709 3619 1767 3654 τε
1811 3602 1904 3654 καὶ

340 3687 532 3743 κακοῦ.
564 3708 580 3739 ι
615 3683 738 3758 τΑρ¹
770 3683 860 3741 οὖν
895 3689 942 3740 οί
992 3687 1197 3754 τούτοις
1254 3689 1328 3753 ὡς
1375 3689 1551 3753 καλῶς
1600 3692 1904 3762 εἰρημένοις

341 3779 685 3844 πιστεύοντες
723 3779 1037 3832 ὑπολάϐοιεν
1083 3781 1190 3852 (28)
1227 3781 1291 3835 ἂν
1330 3783 1397 3836 τὰ
1429 3783 1568 3837 καλά
1603 3784 1696 3837 τοῦ
1725 3785 1904 3853 λόγου,

411 3877 458 3909 ’⁸
488 3875 504 3929 Ι
533 3876 658 3932 Cor.
695 3891 774 3940 ιιι,
797 3876 855 3931 2.
955 3877 1002 3910 “
1029 3878 1193 3932 Hebr.
1217 3895 1272 3941 ν,
1305 3879 1372 3932 12
1398 3896 1550 3949 seqq.

345 3973 670 4042 Epictetum,
701 3987 868 4041 agens
899 3972 964 4026 de
995 3972 1415 4036 Fortunatiano,
1448 3976 1706 4042 episcopo
1737 3979 1906 4030 Assu-

344 4045 541 4104 ritauo,
575 4058 730 4108 quem
763 4043 892 4094 dicit
933 4061 951 4091 ι
975 4053 1093 4108 post
1121 4059 1336 4111 gravem
1365 4045 1571 4110 lapsum
1599 4049 1765 4099 ruime
1795 4064 1906 4101 sua}

347 4129 446 4180 pro
494 4113 702 4179 integro
735 4127 878 4164 nunc
927 4127 1088 4180 agere
1131 4113 1286 4177 velle,
1321 4123 1373 4164 et
1404 4116 1769 4182 episcopatum
1802 4118 1903 4170 sibi

346 4182 628 4235 vindicare
683 4181 948 4246 cmpisse;
981 4201 997 4232 ι
1035 4193 1088 4234 et
1117 4183 1275 4249 paulo
1317 4194 1470 4247 post:
1529 4202 1546 4233 ι
1571 4185 1748 4236 Audet
1801 4187 1904 4239 sibi

349 4252 527 4305 adhuc
555 4251 940 4321 sacerdotium,
963 4253 1101 4318 quod
1127 4251 1384 4318 prodidit,
1414 4253 1727 4319 vindicare;
1752 4256 1907 4321 quasi

345 4330 472 4388 post
508 4336 630 4374 aras
665 4319 865 4373 diaboli
904 4322 1163 4373 accedere
1198 4322 1264 4374 ad
1303 4321 1475 4374 altare
1515 4321 1606 4375 Dei
1644 4322 1724 4376 fas
1769 4319 1858 4377 sit.
1887 4342 1905 4374 ι

347 4389 517 4460 quue
561 4401 789 4445 conatus
812 4399 912 4450 est,
949 4399 1131 4458 spreto
1161 4390 1392 4444 Cornelii
1429 4407 1576 4460 papa:
1607 4392 1910 4454 interdicto,

2003 1873 2120 1912 mus
2152 1858 2204 1912 in
2250 1859 2606 1912 concionihus
2645 1861 2882 1929 publicis
2925 1859 3167 1926 proferre
3203 1863 3253 1915 in
3299 1864 3558 1927 medium,

1999 1962 2124 2002 cum
2175 1957 2371 2014 prmsto
2424 1959 2508 2002 est
2547 1948 2963 2018 intelligentiam
3018 1953 3321 2004 auditorum
3362 1955 3560 2023 copia:

2004 2039 2287 2093 arcaniora
2332 2049 2515 2092 autem
2554 2040 2776 2094 silentio
2803 2044 3292 2108 prietermiltimus,
3317 2060 3437 2096 cum
3471 2046 3559 2112 qui

2001 2129 2227 2183 audiunt
2249 2130 2606 2200 simpliciores
2639 2132 2794 2185 nobis
2825 2135 3081 2188 videntur
3107 2143 3159 2188 et
3189 2151 3325 2204 Opus
3355 2137 3560 2191 habere

2001 2222 2365 2288 sermonibus,
2393 2225 2481 2293 qui
2516 2228 2891 2294 metaphorico
2945 2227 3102 2282 lactis
3147 2230 3364 2283 nomine
3421 2231 3564 2284 desi-

2000 2321 2258 2380 gnantur.

2071 2404 2160 2459 55.
2203 2405 2271 2458 Ει
2313 2420 2445 2460 sane
2491 2405 2695 2461 Paulus
2758 2419 2942 2463 noster
2989 2411 3234 2465 scribens
3261 2411 3324 2464 ad
3368 2411 3562 2465 Corin-

2004 2496 2167 2560 thios,
2202 2497 2424 2552 Grrecos
2465 2501 2706 2566 quidem,
2746 2504 2841 2557 sed
2888 2504 3126 2558 nondum
3155 2505 3393 2573 purgatis
3449 2517 3567 2557 mo-

2001 2591 2174 2652 ribus,
2217 2591 2330 2644 ait:
2361 2607 2377 2640 ι
2406 2588 2514 2643 Lac
2557 2589 2713 2649 vobis
2756 2612 2944 2663 potum
2997 2597 3140 2660 dedi,
3181 2611 3285 2648 non
3339 2609 3562 2660 escam;

2001 2684 2239 2736 nondum
2299 2686 2444 2738 enim
2500 2687 2792 2755 poteratis;
2853 2688 2945 2741 sed
3015 2702 3115 2741 nec
3167 2701 3306 2740 nunc
3347 2687 3564 2753 quidem

2003 2776 2264 2843 potestis;
2289 2777 2466 2832 adhuc
2497 2779 2642 2831 enim
2687 2778 2937 2832 carnales
2962 2778 3116 2833 estis.
3140 2777 3272 2832 Cant
3304 2779 3446 2830 enim
3494 2775 3568 2831 sit

2003 2865 2147 2920 inter
2171 2881 2266 2920 vos
2309 2868 2458 2921 zelus
2483 2879 2537 2921 et
2558 2869 2841 2923 contentio
2868 2909 2881 2930 ,
2911 2885 3092 2923 nonne
3125 2869 3375 2922 carnales
3407 2868 3563 2933 estis,

2001 2966 2056 3011 et
2103 2960 2401 3012 secundmn
2435 2960 2706 3014 hominem
2753 2960 3192 3014 ambulatis"?t
3241 2960 3358 3028 Ipse
3399 2961 3565 3015 etiam

2004 3066 2108 3104 non
2142 3053 2355 3106 nescius
2403 3054 2694 3120 quemdam
2746 3054 2937 3106 animm
2977 3053 3154 3106 cibum
3206 3067 3325 3107 esse
3389 3052 3570 3122 perfe-

2001 3143 2244 3202 ctiorem.
2293 3154 2346 3198 et
2375 3157 2567 3198 recens
2633 3144 2970 3197 iniliatorum
3025 3145 3202 3196 cibum
3249 3160 3370 3198 cum
3430 3143 3570 3198 lacte

2003 3234 2336 3302 comparari,
2359 3236 2438 3290 sic
2462 3235 2702 3304 loquitur
2728 3249 2742 3288 :
2779 3254 2796 3286 ι
2818 3235 2967 3288 Facti
2995 3236 3147 3300 estis,
3180 3237 3376 3304 quibus
3426 3235 3570 3289 lacte

2003 3339 2138 3394 Opus
2170 3327 2259 3391 sit,
2294 3344 2400 3381 non
2449 3329 2620 3382 solido
2657 3328 2798 3382 cibo.
2839 3326 3030 3381 Omnis
3085 3329 3226 3381 enim
3265 3329 3353 3396 qni
3407 3328 3568 3380 lactis

2005 3424 2090 3470 est
2113 3418 2405 3488 particeps,
2446 3434 2640 3487 expers
2667 3429 2750 3475 est
2783 3420 3049 3474 sermonis
3079 3405 3334 3487 justitil;
3365 3434 3568 3487 parvu-

2009 3508 2092 3562 lus
2131 3509 2272 3562 enim
2302 3518 2404 3566 est.
2436 3509 2801 3565 Periectorum
2832 3523 3006 3566 autem
3045 3522 3127 3566 est
3157 3512 3358 3565 solidus
3391 3511 3564 3576 cibus,

2009 3618 2220 3667 eorum,
2253 3603 2344 3672 qui
2393 3618 2490 3670 pro
2543 3607 2938 3660 consuetudine
2986 3606 3312 3659 exercitatos
3366 3604 3568 3656 habent

2011 3710 2203 3752 sensus
2233 3695 2298 3747 ad
2337 3694 2714 3748 discretionem
2750 3695 2875 3749 boni
2927 3712 2990 3750 ac
3053 3698 3174 3749 mali
3201 3697 3265 3748 ⁸⁸.
3300 3714 3318 3746 ι
3357 3698 3437 3749 Au
3473 3694 3568 3763 qui

2014 3789 2129 3842 ιιιιξο
2163 3799 2222 3842 ιιι
2253 3787 2480 3856 pulchre
2512 3787 2654 3841 dicta
2677 3788 2927 3855 credunt,
2956 3789 3222 3857 suspicari
3249 3796 3446 3858 queant
3469 3800 3567 3840 no-

2012 3978 2067 4033 in
2103 3975 2263 4028 Deum
2295 3988 2352 4028 se
2383 3971 2756 4039 blasphemum
2783 3983 2834 4027 et
2861 3972 3179 4027 idololatria:
3206 3973 3390 4038 libello
3436 3986 3569 4028 con-

2013 4047 2335 4101 taminatum
2393 4045 2655 4111 agnovit:
2687 4061 2706 4092 ‹
2732 4045 2893 4096 Deum
2958 4047 3276 4110 deprecans,
3336 4057 3391 4097 et
3432 4044 3568 4097 satis

2012 4117 2315 4186 gratulans,
2345 4113 2388 4167 si
2421 4115 2522 4166 sibi
2555 4113 2635 4186 vel
2668 4113 2805 4186 laico
2849 4116 3255 4186 communicare
3287 4116 3568 4186 continge-

2016 4183 2223 4240 i'et.)——
2249 4184 2498 4237 (Frustra
2525 4183 2709 4246 tales,»
2732 4183 2902 4250 inquit
2924 4186 3246 4253 Cyprianus,
3270 4184 3571 4253 (episcopa-

2017 4267 2128 4307 tum
2163 4254 2262 4306 sibi
2303 4268 2566 4320 usurpare
2601 4263 2865 4305 conantur
2896 4269 2908 4304 :
2940 4252 3061 4306 cum
3119 4254 3463 4305 manifestum
3495 4252 3568 4304 sit

2017 4324 2279 4390 ejusmodi
2319 4324 2564 4375 homines
2595 4337 2694 4373 nec
2725 4322 2975 4374 Ecclesia:
3005 4322 3204 4374 Christi
3240 4337 3394 4389 posse
3425 4337 3564 4390 prte-

2019 4408 2162 4453 esse,
2203 4408 2300 4445 nec
2345 4393 2454 4442 Uco
2487 4392 2752 4443 sacriﬁcia
2799 4391 2997 4444 oll'erre
3039 4393 3269 4455 debere;
3311 4393 3566 4454 maxime,

348 4458 458 4530 quo
496 4462 724 4516 vetitum
769 4470 904 4540 _era_t
953 4461 1242 4540 episcopos
1296 4460 1472 4540 lapsos
1499 4458 1751 4540 Vulteritts
1805 4461 1908 4516 frui
1943 4458 1988 4515 D
2016 4479 2138 4517 cum
2191 4461 2516 4540 jampridem
2553 4459 2858 4521 nobiscum,
2888 4471 2940 4513 et
2988 4477 3109 4514 cum
3173 4462 3423 4540 omnibus
3451 4476 3569 4540 out-

347 4529 688 4601 episcopatu.
721 4549 738 4579 ι
769 4529 920 4601 [inde
950 4530 1200 4601 etipsam
1229 4532 1444 4584 venisse
1472 4532 1830 4600 perspicimus
1853 4543 1904 4586 et

348 4599 620 4655 credimus
656 4601 721 4652 de
773 4599 865 4653 Dei
904 4600 1277 4669 exploratione
1330 4599 1631 4662 censuram,
1669 4618 1734 4653 ne
1768 4604 1906 4670 apud

350 4671 520 4724 altare
545 4671 849 4725 consistere
882 4679 936 4723 et
967 4679 1312 4725 contrectare
1343 4671 1566 4724 ulterius
1591 4687 1906 4740 persevera-

352 4749 478 4811 rent
511 4743 770 4811 pudorem
819 4740 1050 4802 incesti,
1098 4740 1255 4795 [idem
1309 4742 1498 4808 perlidi
1528 4783 1542 4806 ,
1593 4743 1904 4811 religionem

350 4809 602 4876 profani.
638 4810 822 4862 divina
879 4811 1116 4874 terreni,
1169 4823 1356 4865 sancta
1414 4809 1732 4878 sacrilegi.)
1774 4813 1908 4868 Vide

354 4878 652 4952 epistolam
667 4879 756 4945 67,
780 4878 864 4952 _ad‘
894 4879 1227 4952 Stephanum
1272 4881 1339 4934 de
1369 4880 1673 4952 Martiano;
1708 4892 1761 4935 et
1788 4884 1907 4952 epi-

355 4945 556 5022 §_tolat_n_
593 4948 692 5022 52,
730 4949 795 5002 ad
836 4945 1232 5022 Antonianmn,
1279 4953 1368 5006 tibi
1425 4951 1603 5006 obiter
1647 4945 1908 5022 agens-de

354 5014 658 5092 Trophimo
680 5018 1006 5092 haec_habet_
1033 5037 1046 5072 :
1076 5038 1094 5070 ι
1119 5018 1377 5074 Tractatu
1442 5037 1588 5092 ergo_
1629 5014 1739 5076 illic
1783 5038 1907 5077 cum

354 5085 577 5154 collegis
611 5085 1093 5161 plurimishabito,
1121 5102 1402 5158 susceptus
1433 5085 1906 5161 eszrophimus;

353 5170 454 5227 pro
497 5171 603 5223 quo
645 5155 1018 5210 satisfaciehat
1055 5155 1292 5213 fratrum
1313 5161 1535 5222 reditus,
1570 5171 1624 5215 et
1653 5155 1907 5216 restituta

353 5227 654 5282 multorum
700 5228 857 5300 salus
886 5247 901 5284 :
931 5228 1010 5281 sic
1038 5235 1217 5282 tamen
1269 5231 1539 5285 admissus
1571 5240 1655 5285 est
1682 5231 1910 5300 Tropiti-

354 5312 511 5370 mus,
543 5309 601 5350 ut
631 5299 815 5370 laicus
862 5300 1242 5368 communicet,
1275 5315 1406 5370 non,
1446 5303 1744 5354 secundmn
1768 5299 1910 5370 quod

356 5367 424 5420 ad
450 5377 501 5420 te
534 5367 894 5438 malignorum
928 5369 1121 5439 littera:
1153 5369 1510 5438 pertulerunt,
1547 5373 1700 5439 quasi
1733 5367 1906 5426 locum

356 5439 656 5511 sacerdotis
708 5449 996 5511 usurpet.»
1050 5438 1194 5511 l_d_em
1239 5440 1467 5508 epistola
1500 5438 1911 5511 68,7rescripsit

357 5507 423 5578 ad
468 5511 674 5578 clerum
741 5516 796 5562 et
835 5508 1020 5576 plebes
1067 5507 1446 5578 Hispaniarum
1493 5512 1557 5566 de
1597 5507 1828 5566 Basilide
1859 5520 1914 5566 et

360 5573 604 5651 Martiale
634 5573 939 5651 episcopis:
967 5573 1202 5651 quorum?
1225 5578 1312 5651 hic
1333 5594 1393 5634 se
1420 5580 1698 5651 gentilium
1736 5584 1909 5650 turpia

355 5647 603 5720 convivia
635 5646 1038 5718 frequentasse,
1066 5658 1124 5703 et
1147 5646 1448 5720 Christum‘
1472 5652 1612 5720 apud
1647 5646 1909 5719 procura-

363 5723 535 5770 torem
569 5718 920 5776 ducenarinm
979 5719 1268 5790 negavisse
1296 5718 1743 5779 contestatusest
1764 5738 1779 5789 ;
1817 5722 1910 5777 ille

2015 4536 2143 4585 ttino
2193 4531 2461 4597 episcopis
2507 4533 2560 4582 in
2625 4541 2736 4581 t0to
2791 4535 2991 4584 tmmdo
3047 4533 3376 4594 constitutis,
3407 4532 3565 4584 etiant

2009 4601 2300 4656 Cornelius
2358 4601 2560 4668 collega
2631 4610 2834 4661 noster,
2900 4603 3156 4655 sacerdos
3212 4603 3468 4670 pacificus
3505 4615 3568 4654 ac

2005 4670 2203 4740 justus,
2230 4682 2282 4724 et
2315 4673 2579 4739 martyrio
2614 4685 2830 4737 quoque
2871 4673 3185 4734 dignatione
3218 4671 3427 4722 Domini
3463 4673 3562 4722 ho-

2010 4753 2257 4801 noratus,
2293 4740 2594 4794 decreverit
2635 4740 2894 4807 ejusmodi
2941 4742 3186 4795 homines
3209 4743 3272 4793 ad
3298 4744 3565 4810 paeniten-

2011 4813 2137 4864 tiam
2190 4810 2408 4879 quidem
2450 4810 2709 4878 agendam
2761 4827 2922 4878 posse
2973 4814 3218 4870 admitti;
3250 4814 3315 4863 ab
3344 4813 3566 4861 ordina-

2010 4882 2154 4935 tione
2187 4893 2362 4932 autem
2413 4879 2543 4933 cieri
2580 4890 2740 4948 atque
2785 4882 3106 4935 sacerdotali
3149 4883 3351 4935 honore
3385 4882 3570 4950 prohi-

2008 4951 2142 5005 beri.
2171 4971 2188 5001 ι
2219 4951 2478 5003 δΡΕΝΕΕΒ.

2083 5021 2191 5103 (ἓξ)
2245 5021 2581 5103 Philpeal‘iat
2616 5020 2914 5092 προελθεῖν.
2975 5021 3096 5075 Οὐδ’
3155 5020 3214 5072 ἐν
3263 5017 3472 5080 τούτοις
3501 5018 3569 5070 τὰ

2009 5089 2218 5162 ἑαυτῶν
2248 5089 2386 5144 καλά
2414 5091 2634 5162 τολμᾷν.

2108 5162 2195 5234 24)
2228 5162 2381 5234 Lihb.
2410 5159 2594 5234 extrusi
2625 5164 2676 5216 in
2710 5160 2972 5234 margine,
2999 5159 3314 5234 ἀλλήλουςῇ
3445 5223 3475 5234 η

2103 5223 2192 5302 25)
2235 5231 2417 5304 Ἑπάν
2447 5223 2898 5304 ἀπλοίιιστέροῦς
2927 5223 3244 5304 θεωρῶμέν.
3275 5229 3392 5304 [hec
3445 5223 3566 5304 licet

2013 5292 2346 5362 necessaria,
2384 5302 2436 5355 itt
2472 5292 2766 5356 stchclii
2815 5292 2889 5356 ct'
2925 5292 3184 5369 Speitceri
3237 5292 3567 5352 editiouibus

2011 5372 2408 5443 desiderantur,
2429 5373 2523 5426 sed
2543 5373 2856 5443 supplentur
2877 5389 2910 5443 re
2935 5370 3250 5424 l’hiiocalia.

2083 5441 2196 5512 (‘26)
2227 5443 2560 5498 stcltelius
2580 5440 2830 5512 itit—textu,
2860 5440 2979 5510 ἔθη.

2105 5511 2196 5583 27)
2230 5513 2549 5574 Philocalia,
2584 5511 2941 5583 τελειοτέρας.

2105 5517 2174 5566 27
2230 5517 2549 5574 Philocalia,
2584 5517 2941 5583 τελειοτέρας.

2082 5517 2196 5655 (28)
2227 5583 2459 5655 Philae,
2504 5581 2973 5655 t3_ﬁo)tap6avotsv_._
3002 5576 3315 5655 B_oherellus
3346 5573 3566 5655 _mavult

2178 5446 2196 5656 ξ

2011 5655 2067 5710 in
2091 5647 2314 5722 passivo
2343 5647 2694 5722 ὑπολαϐεῖεν,
2722 5662 2774 5704 ιιι
2807 5653 2872 5722 ad
2915 5650 3254 5722 Christianos
3280 5647 3564 5722 referatur,

2011 5735 2067 5780 et
2093 5718 2254 5794 paulo
2274 5731 2394 5792 post
2424 5737 2519 5792 pro
2550 5719 2924 5792 λεχθήσεσθαι,
2962 5720 3144 5778 mallet
3167 5718 3432 5787 λέξεσθαι.
