3998 6170
466 259 569 342 θοι,

1938 259 2262 317 ORIGENIS

3590 242 3698 306 993

469 385 617 432 διε-οε
649 389 756 431 non
795 376 1041 432 dicturos
1071 377 1123 432 in
1153 385 1299 432 coetu
1331 375 1495 449 483
1529 376 1773 432 virorum
1803 377 2020 447 pruden

2137 378 2217 442 εἰς
2246 354 2350 447 μὲν
2373 374 2652 448 φρονίμων
2683 371 2892 444 ἀνδρῶν
2924 370 3175 440 σύλλογον
3195 370 3294 425 οὐκ
3324 369 3390 424 ἄν
3414 385 3546 422 ποτε
3572 365 3694 438 λεχ-

475 469 609 520 tium
633 467 777 535 quod
815 468 869 521 in
903 479 1083 522 nostra
1112 467 1357 522 doctrina
1387 468 1646 523 eximium
1676 477 1795 533 est;
1821 470 1916 524 sed
1944 471 2031 525 ubi

473 556 715 612 viderint
741 557 1013 626 parvulos,
1047 558 1291 613 servulos
1320 557 1610 627 l'atuosque
1643 557 1920 624 collectos,
1960 559 2034 614 ibi

471 648 800 702 adducturos
824 648 874 700 in
905 649 1138 702 medium
1165 649 1344 703 divina
1387 657 1439 703 et
1473 649 1728 709 illustria.
1763 659 1816 703 et
1848 649 2034 706 talium

470 740 778 792 auditorum
805 739 1028 808 plausus
1053 740 1406 810 captaturos?
1436 740 1596 796 Certe
1624 741 1875 811 quisquis
1903 757 2036 796 con-

467 829 646 885 silium
685 847 845 886 omue
898 842 1206 886 nostrarum
1241 833 1632 902 scripturarum
1665 835 2030 904 perpenderit;

466 913 597 970 ltuic
643 915 860 985 planum
895 917 1007 985 ﬁet,
1038 918 1254 973 Celsum
1310 919 1425 974 haec
1479 919 1615 975 falsa
1641 931 1698 974 et
1728 921 2035 977 inconside-

465 1017 583 1060 rata
632 1024 738 1062 non
777 1010 1054 1063 dicturum
1089 1010 1261 1066 fuisse
1305 1021 1492 1066 contra
1523 1013 1886 1081 Christianos,
1926 1014 2031 1070 nisi

465 1105 527 1150 ut
556 1098 714 1154 homo
735 1114 766 1155 e
796 1099 928 1156 fmce
968 1101 1144 1170 plebis
1193 1101 1462 1158 infensum
1491 1103 1548 1158 in
1577 1102 1699 1159 illos
1722 1105 1902 1160 odium
1931 1105 2031 1160 ha—

465 1185 696 1245 lmisset.

535 1281 624 1336 54.
652 1280 833 1352 Neque
857 1297 987 1337 vero
1002 1281 1286 1340 diliitemur
1314 1301 1412 1342 nos
1443 1285 1584 1342 velle
1611 1286 1731 1353 Dei,
1763 1286 1864 1342 etsi
1895 1287 2034 1342 nolit

461 1371 683 1438 Celsus,
713 1374 961 1430 doctrina
991 1390 1179 1433 omnes
1214 1379 1484 1445 imbuere,
1522 1380 1598 1434 ita
1635 1389 1697 1434 ut
1736 1394 1860 1433 cum
1902 1381 2032 1433 ado-

463 1463 775 1520 lescentulis
799 1474 991 1536 agatur
1035 1468 1340 1527 hortatione
1393 1472 1502 1527 illis
1549 1482 1936 1540 attemperata,
1973 1486 2029 1532 et

459 1555 604 1613 servi
628 1556 839 1612 discant
864 1561 1155 1628 quomodo,
1179 1572 1392 1631 sumpto
1421 1563 1630 1618 liberali
1652 1565 1856 1630 animo,
1876 1565 2031 1636 inge..-

461 1647 557 1702 nui
581 1662 674 1716 per
707 1647 1022 1718 religionem
1057 1652 1171 1704 ﬁeri
1206 1662 1428 1722 queant.
1464 1654 1639 1722 Atque
1666 1658 1827 1709 etiam
1865 1657 2027 1710 Chri-

2134 467 2422 540 θήσεσθαι;
2469 466 2595 520 ἔνθα
2622 465 2667 519 δ’
2701 465 2766 520 ἂν
2795 463 2964 537 ὁρῶσι
3005 463 3283 536 μειράκια,
3318 461 3413 516 καὶ
3456 460 3691 530 οἰκοτρί-

2133 560 2242 614 ϐων
2273 559 2448 630 δχλον,
2481 558 2576 611 καὶ
2604 557 2904 630 ἀνθρώπων
2943 556 3185 627 ἀνοήτων
3227 552 3433 625 ὅμιλον,
3463 551 3696 605 ἐνταῦθα

2129 652 2200 707 τὰ
2234 652 2351 705 θεῖα
2393 651 2486 706 καὶ
2519 648 2693 721 σεμνὰ
2729 649 2913 719 φέρειν
2940 649 3021 711 εἰς
3055 645 3241 718 μέσον,
3273 645 3369 698 καὶ
3402 641 3554 715 παρὰ
3581 645 3693 706 τοῖς

2129 743 2388 808 τοιούτοις
2428 744 2557 814 περὶ
2587 740 2766 796 αὐτῶν
2813 735 3344 809 ὲγκαλλωπίζεσθαις
3386 733 3551 788 Ἀλλά
3597 751 3693 788 σα-

2131 835 2228 904 φὲς
2277 834 2354 904 τῷ
2393 833 2696 898 ὲξετάξοντι
2747 831 2863 884 ὅλον
2911 829 2973 882 τὸ
3003 816 3248 900 βούλημα
3279 826 3387 880 τῶν
3412 825 3694 896 ἡμετέρων

2129 924 2493 996 γραμμάτων,
2524 925 2604 977 ὅτι
2632 923 2998 993 ἀπεχθόμενος
3036 920 3147 990 (29)
3172 917 3372 989 ὁμοίως
3409 918 3522 980 τοῖς
3557 915 3695 969 ἰδιω-

2129 1020 2300 1079 τικοῖς
2325 1016 2516 1087 δήμοις
2543 1017 2572 1069 ὁ
2598 1014 2802 1078 Κέλσος
2854 1012 2988 1084 πρὸς
3046 1011 3108 1065 τὸ
3160 1007 3498 1083 Χριστιανῶν
3538 1007 3693 1076 γένος

2129 1103 2200 1156 τὰ
2228 1103 2450 1157 τοιαῦτα
2479 1102 2845 1169 ἀνεξετάστως
2863 1099 3323 1171 καταψευδόμενος
3351 1097 3463 1170 (50)
3487 1095 3657 1166 λέγει.

2210 1279 2607 1354 Ὀμολογοΰμεν
2635 1280 2692 1335 δὲ
2724 1280 2931 1344 πάντας
2952 1279 3154 1334 ἐθέλειν
3185 1275 3469 1332 παιδεῦσαι
3498 1274 3578 1347 τῷ
3597 1275 3694 1329 τοῦ

2129 1373 2286 1439 Θεοῦ,
2320 1374 2420 1429 κᾶν
2461 1375 2534 1446 μὴ
2570 1372 2820 1444 βούληται
2845 1371 3068 1435 Κέλσος,
3097 1369 3259 1440 λόγῳ,
3289 1369 3428 1423 ὥστε
3457 1367 3553 1422 καὶ
3586 1385 3697 1439 μει-

2131 1466 2340 1540 ρακίοις
2371 1465 2709 1538 μεταδιδόναι
2739 1464 2838 1535 τῆς
2877 1460 3220 1535 ἁρμοζούσης
3249 1460 3432 1524 αὐτοῖς
3465 1475 3694 1531 προτρο-

2130 1559 2258 1629 πῆς,
2307 1556 2402 1610 καὶ
2450 1555 2750 1628 οἰκότριψιν
2802 1553 3197 1613 ὑποδεικνύναι,
3253 1549 3370 1614 πῶς
3412 1548 3694 1620 ἐλεύθερον

2131 1649 2486 1711 ἀναλαϐόντες
2513 1647 2782 1718 φρόνημα,
2809 1644 3226 1715 ὲξευγενισθεῖεν
3258 1643 3361 1697 ὑπὸ
3391 1641 3485 1695 τοῦ
3511 1641 3690 1712 λόγου.

460 1739 724 1794 stianismi
769 1756 1043 1808 praecones
1081 1745 1403 1812 proﬁtentur
1443 1762 1502 1802 se
1539 1745 1749 1802 Graecis
1794 1758 1851 1802 et
1894 1751 2020 1804 bar-

2132 1741 2196 1794 Oi.
2250 1739 2308 1792 δὲ
2363 1740 2492 1810 παρ’
2521 1741 2654 1810 ἡμῖν
2690 1738 3078 1811 πρεσϐεύοντες
3131 1736 3223 1790 τὸν
3269 1733 3693 1812 Χριστιανισμὸν

457 1827 626 1895 haris,
668 1831 1000 1900 sapientibus
1042 1845 1095 1887 et
1141 1835 1518 1905 insipientibus
1561 1852 1680 1893 esse
1734 1839 2028 1894 debitores.

459 1917 723 1974 Fatentur
749 1923 892 1976 enim
926 1923 1010 1977 vel
1037 1923 1406 1993 insipientium
1441 1927 1640 1982 animis
1668 1928 2029 1984 adhibendam

458 2025 576 2064 esse
603 2013 945 2076 medicinam,
985 2023 1042 2068 ut
1080 2015 1346 2084 deposita,
1378 2027 1643 2085 quantum
1674 2018 1788 2073 fieri
1828 2028 2028 2089 potest,

459 2100 786 2170 ignorantia,
810 2107 1061 2159 studeant
1081 2121 1276 2173 capere
1304 2107 1492 2162 melius
1517 2125 1532 2162 :
1557 2111 1623 2162 ad
1640 2110 1784 2178 quod
1808 2110 2032 2165 hortan-

459 2191 918 2259 temSalomonem
933 2197 1181 2251 audiunt:
1205 2198 1337 2253 «lusi
1346 2199 1573 2266 pientes,
1588 2201 1756 2255 redite
1769 2203 1834 2255 ad
1849 2217 1964 2268 cor,
1977 2209 2032 2257 et

457 2284 551 2350 qui
579 2293 665 2338 est
694 2286 834 2339 inter
852 2302 945 2341 vos
973 2289 1473 2357 insipientissimus,
1491 2291 1720 2344 declinet
1738 2293 1804 2346 ad
1823 2307 1908 2347 me
1923 2293 2022 2346 ".r

455 2372 833 2443 lnsipientibus
849 2389 1024 2434 autem
1045 2383 1554 2452 prmcipitsapientia
1573 2384 2026 2452 dicensuVenite,

456 2467 719 2520 comedite
751 2484 940 2536 panem
963 2487 1160 2537 meum,
1177 2484 1232 2527 et
1254 2475 1425 2530 bibite
1452 2475 1636 2529 vinum
1666 2476 1809 2544 quod
1835 2477 2026 2532 miscui

455 2556 639 2623 vobis;
681 2559 972 2630 relinquite
1003 2564 1387 2632 insipientiam,
1425 2575 1483 2620 ut
1512 2566 1732 2631 vivatis,
1769 2576 1824 2622 et
1849 2569 2027 2623 corri-

456 2649 566 2715 gite
600 2649 652 2702 in
681 2652 907 2706 scientia
951 2654 1357 2725 intelligentiam
1389 2658 1454 2713 ".
1493 2675 1514 2708 ι
1546 2658 1656 2714 Hac
1681 2659 1846 2715 etiam
1873 2659 1941 2714 de
1969 2675 2026 2716 re

454 2738 668 2794 Celsum
707 2741 1103 2813 interrogarem
1145 2749 1339 2803 lubens
1376 2763 1390 2800 :
1428 2750 1509 2802 An
1556 2750 1862 2820 philosophi
1916 2767 2022 2807 non

454 2828 814 2884 exhortantur
849 2834 1224 2892 adolescentes
1257 2838 1324 2890 ad
1357 2838 1727 2892 audiendum?
1756 2838 2018 2907 Anjuve-

455 2931 597 2970 nesa
620 2921 828 2986 perdita
854 2922 958 2975 vita
986 2925 1050 2977 ad
1073 2928 1352 2980 meliorem
1373 2926 1578 2995 frugem
1599 2943 1702 2982 non
1725 2929 2024 2983 revocant?

452 3007 534 3058 An
575 3011 828 3064 vernulas
875 3014 1064 3067 nolunt
1106 3017 1506 3086 philosoiihari?
1547 3023 1623 3072 An
1668 3033 1766 3073 nos
1805 3034 2019 3089 quoque

454 3107 665 3167 Oportet
706 3102 1037 3172 philosophis
1089 3107 1300 3160 crimini
1335 3109 1548 3168 ducere.
1580 3111 1724 3178 quod
1774 3110 2018 3166 servulos

453 3193 521 3246 ad
551 3193 805 3249 virtutem
835 3209 1158 3263 provocent;
1179 3199 1496 3269 Pythagora:
1527 3202 1669 3270 quod
1696 3201 2014 3268 Zamolxim,

413 3280 415 3282 ’
453 3283 655 3341 Zenoni
679 3288 818 3355 quod
843 3288 1133 3356 Persarum,
1161 3294 1704 3364 recentioribusquod
1718 3294 2017 3361 Epictetum

452 3378 518 3431 ad
540 3378 931 3448 philosOphiam
961 3384 1198 3440 excitare
1220 3385 1559 3439 studuerint?
1582 3388 1662 3441 An
1688 3388 1840 3440 vobis
1871 3387 2016 3452 licet,

451 3481 487 3522 ο
519 3467 718 3534 Graeci,
744 3472 1119 3530 adolescentes
1145 3486 1200 3531 et
1237 3476 1470 3534 famulos
1495 3488 1549 3534 et
1587 3481 1814 3536 stolidos
1844 3482 2017 3536 homi-

452 3575 552 3615 nes
595 3562 660 3614 ad
702 3562 1099 3634 philosophiam
1144 3583 1364 3634 vocare,
1412 3587 1514 3626 nos
1549 3586 1678 3626 vero
1712 3587 1834 3626 cum
1873 3573 2012 3628 idem

452 3651 705 3720 facimus,
737 3670 851 3709 rem
882 3658 949 3710 ab
986 3658 1338 3714 humanitatis
1388 3660 1563 3717 cilicio
1595 3663 1828 3717 alienam
1878 3663 2016 3718 faei-

449 3745 610 3806 mus?
631 3745 730 3812 Qui
759 3756 939 3802 tamen
969 3749 1019 3802 id
1046 3750 1274 3821 agimus,
1293 3763 1350 3806 ut
1369 3755 1548 3808 omnis
1574 3765 1766 3808 natura
1792 3756 2013 3812 rationis

452 3836 733 3906 particeps
785 3841 1045 3893 doctrinae
1074 3842 1337 3897 medicina
1360 3855 1601 3908 sanetur,
1629 3855 1683 3900 et
1715 3846 1766 3899 in
1798 3846 1891 3901 Dei
1926 3863 2014 3902 re-

454 3941 572 3980 rum
600 3931 840 3983 omnium
873 3933 1169 3988 conditoris
1198 3934 1621 3991 familiaritatem
1652 3938 1858 3994 veniat.
1886 3938 2013 3994 [hnc

447 4016 584 4068 satis
616 4015 816 4072 iuerint
868 4028 1056 4076 contra
1097 4023 1239 4079 Celsi
1278 4024 1563 4080 maledicta
1604 4027 1785 4096 potius
1845 4043 2006 4098 quam

453 4111 848 4169 accusationes.

517 4337 564 4370 "
599 4339 763 4400 Prov.
797 4359 916 4409 vm,
942 4343 996 4398 5.
1070 4344 1116 4378 ’⁸
1141 4344 1298 4401 Prov.
1330 4362 1405 4411 Ix,
1429 4347 1484 4402 5.

523 4477 637 4553 (:29)
676 4475 992 4553 thilocalia,
1019 4480 1486 4553 ἀπεχθανόμενος,

518 4550 632 4622 (δυ)
671 4549 1333 4622 ῌᾳταψευδόμενάβὶὸ
1357 4553 1667 4622 Philocalia,
1698 4554 1833 4610 alias
1861 4571 2007 4622 vero,

449 4617 547 4669 καὶ
577 4617 932 4692 ψευδόμενος,
975 4617 1216 4692 [νεολψιθ
1254 4621 1570 4692 Bellerellu‘s
1608 4617 1909 4692 susliicatur
1938 4617 2010 4680 le;

449 4688 704 4762 gendum,
741 4687 834 4762 καὶ
864 4687 1224 4762 ψευδομένους.
1259 4691 1376 4744 Mox
1411 4687 1746 4762 "(DscilL‘litiS
1777 4703 1828 4746 et
1851 4697 2013 4762 Speu-

454 4769 633 4825 cerus,
670 4755 1043 4828 όμολογοῦμεν
1075 4759 1131 4812 δὲ
1180 4762 1379 4822 πάντες
1419 4760 1589 4815 θέλειν
1628 4755 2006 4828 παιδεύεσθαι,

454 4823 561 4904 non
588 4823 746 4903 male,
777 4823 946 4904 ‘ntOdo
974 4843 1070 4904 pro
1093 4830 1290 4904 πάντες
1316 4830 1519 4904 legatur
1543 4843 1598 4884 ιιι
1630 4834 1678 4884 in
1698 4835 1890 4904 codice
1910 4823 2007 4904 Ba;

449 4893 691 4972 sileeusi,
721 4895 949 4959 πάντας.
977 4893 1085 4952 Nos
1114 4900 1166 4952 in
1199 4909 1345 4953 textu
1369 4893 1671 4957 lectionem
1696 4901 2002 4959 Philocalia:

449 4976 749 5028 sequimur.

523 5031 635 5110 (δί)
667 5030 742 5085 lta
770 5032 1454 5110 Philocalia;_llmschelius
1487 5048 1666 5110 autem
1690 5049 1741 5093 et
1772 5041 2002 5110 Spence-

449 5118 547 5185 rus
594 5105 654 5185 ili
693 5112 888 5185 texitu':
925 5104 1330 5185 ἀξρροειέστερος,
1387 5108 1684 5185 ἐκκλινάτω
1725 5104 1856 5185 πρὸς
1908 5113 1997 5185 μέ·

451 5173 681 5256 καὶ-τοϊς
691 5173 987 5256 ἐνδεέσι-δὲ
1006 5173 1051 5244 “φ
1061 5173 1234 5245 ρενῶν
1257 5179 1710 5256 παρακελεύομαι.

524 5243 636 5314 (32)
689 5242 1500 5316 ΡΙιιΙοςειΙίιι.λ’προκαλοῦνται,
1563 5242 1896 5307 Ηωεοίιειίυε
1948 5260 2004 5308 et

458 5313 786 5386 Speticerus.
835 5313 1248 5386 προεκαλοῦντο.

521 5383 636 5456 (ὃὸ)
670 5383 976 5456 Πιίνθαγὸρᾳ
1003 5385 1119 5455 μὲν
1135 5385 1243 5440 τὸν
1269 5386 1586 5456 Ζάμολξιν,
1616 5399 1718 5444 etc.
1746 5388 2001 5444 Herodot.

455 5453 690 5527 inMelp.
897 5453 1049 5510 Suid‘.
1080 5459 1146 5527 in,
1173 5453 1581 5527 Zo'tp..'}\éyouot
1601 5458 1656 5512 δέ
1682 5476 1843 5522 τινες,
1876 5459 1950 5522 ὡς
1975 5463 2004 5514 ὁ

450 5523 712 5612 Ξά-μολξις
725 5525 1016 5612 ηὲδούλευσε
1045 5523 1333 5612 ῌυθαχὸρᾳ
1349 5523 1672 5612 Μνησάρχου
1688 5529 1894 5612 goryti),
1913 5532 2005 5584 καὶ

453 5591 835 5672 ἐλευθερωθεὶς
855 5594 1028 5672 ταῦτα
1046 5591 1350 5672 impigr-ho.
1395 5591 1555 5672 ’ᾼλλᾶ
1579 5591 1715 5672 ἴτολῦ
1741 5591 2005 5672 ’ξρότερος

449 5659 596 5716 δοκεῖ
616 5659 929 5733 ὁ⁷Ζάμολξις
958 5659 1270 5741 Πυθαγόρου
1301 5669 1568 5740 γενέσθαι.
1589 5689 1606 5724 ι
1629 5659 1853 5739 Quidam
1878 5659 2005 5728 vorti

2134 1831 2333 1895 ἱκανῶς
2361 1847 2521 1899 φασιν
2543 1829 2811 1899 ὀφειλέται
2844 1825 2981 1883 εἶναι
3011 1827 3234 1900 Ἕλλησι
3255 1827 3347 1880 καί⁵
3378 1826 3694 1898 βαρϐάροις,

2133 1927 2315 1992 σοφοῖς
2337 1925 2430 1977 καὶ
2454 1924 2715 1992 ἀνοήτοις.
2754 1924 2836 1988 (οὐ
2859 1921 2966 1993 γὰρ
2991 1909 3284 1992 ἀρνοῦνται
3316 1919 3377 1972 τὸ
3405 1920 3500 1971 καὶ
3535 1920 3694 1990 ἀνοή-

2129 2030 2236 2066 των
2267 2013 2377 2067 δεῖν
2415 2013 2514 2077 τάς
2559 2012 2734 2084 ψυχάς
2779 2011 3123 2086 θεραπεύειν)
3143 2029 3156 2041 ·
3189 2010 3277 2074 ἶν’,
3309 2011 3410 2080 ὅση
3443 2008 3694 2079 δύναμις,

2129 2107 2504 2177 ἀποτιθέμενοι
2535 2108 2630 2178 τὴν
2659 2107 2877 2175 ἄγνοιαν
2907 2105 2998 2158 ἐπὶ
3028 2104 3090 2157 τὸ
3133 2101 3492 2174 συνετώτερον
3533 2102 3698 2156 σπεύ·

2128 2198 2309 2264 δωσιν,
2333 2198 2621 2262 ἀκούοντες
2659 2199 2754 2250 καλ⁵
2797 2196 3136 2267 Σολομῶντος
3183 2195 3450 2264 λέγοντος.
3488 2213 3507 2246 ι
3546 2196 3611 2248 Οἱ
3637 2195 3694 2248 δὲ

2129 2290 2360 2363 ἄφρονες
2387 2289 2604 2342 ἕνθεσθε
2639 2288 2882 2360 καρδίαν,
2911 2287 3006 2341 καὶ
3035 2287 3092 2352 ὃς
3116 2289 3260 2339 ἐστιν
3287 2284 3440 2357 ὑμῶν
3464 2284 3694 2356 ἀφρονέ-

2131 2399 2342 2445 στατος,
2390 2381 2687 2434 ἐκκλινάτω
2735 2380 2872 2452 πρός
2945 2395 3034 2450 με’
3073 2397 3091 2429 ι
3120 2377 3320 2431 ὲνδεέσι
3369 2376 3427 2430 δὲ
3483 2373 3694 2449 φρενῶν

2129 2474 2560 2546 παρακελεύεται
2589 2471 2697 2544 (5i)
2734 2471 2964 2540 λέγουσα
3003 2472 3037 2542 ὴ
3060 2470 3238 2540 σοφίαι
3264 2488 3283 2520 ι
3329 2468 3574 2531 Ἔλθετε,
3594 2467 3694 2534 φάο

2126 2583 2250 2636 γετε
2287 2567 2377 2619 τὸν
2422 2566 2553 2637 ὲμὸν
2606 2567 2787 2637 ἄρτον,
2822 2563 2917 2616 καὶ
2964 2562 3116 2614 πίετε
3147 2555 3318 2624 οἶνον,
3365 2559 3425 2613 ὃν
3458 2559 3692 2628 ἐκέρασα

2127 2659 2273 2728 ὑμῖν·
2301 2658 2622 2712 ἀπολείπετε
2652 2654 2980 2728 ἀφροσύνην,
3009 2653 3096 2706 ἵνα
3128 2650 3351 2723 ςήσητε,
3382 2650 3475 2705 καὶ
3496 2665 3690 2720 κατορ-

2127 2751 2333 2805 θώσατε
2368 2750 2579 2804 σύνεσιν
2597 2751 2654 2804 ἐν
2684 2749 2902 2818 γνώσει.
2933 2767 2953 2802 ι
2984 2749 3208 2817 Εἵποιμι
3227 2745 3271 2799 δ’
3297 2745 3361 2799 ἂν
3383 2742 3688 2805 καὶταῦτα,

2122 2842 2211 2896 διὰ
2238 2842 2306 2895 τὰ
2338 2842 2647 2913 ὲγκείμενα,
2680 2841 2814 2911 πρὸς
2843 2839 2934 2892 τὸν
2973 2839 3183 2892 Κέλσου
3227 2837 3401 2905 λόγον·
3437 2830 3581 2905 Ἆρα
3635 2836 3688 2886 οἰ

2124 2933 2535 3002 φιλοσοφοῦντες
2588 2932 2648 2984 ού
2690 2928 3078 3002 προκαλοῦνται
3129 2927 3242 2998 ('52)
3292 2923 3541 2998 μειράκια
3590 2923 3689 2975 ἐπὶ

2122 3025 2219 3095 τὴν
2253 3025 2512 3094 ἀκρόασιν
2539 3040 2552 3086 ;
2578 3023 2688 3076 Καὶ
2716 3025 2838 3085 τοὺς
2861 3021 2967 3074 ἀπὸ
2999 3020 3258 3074 κακίστου
3299 3017 3413 3088 βίου
3441 3016 3591 3078 νέους
3624 3014 3686 3065 οὺ

2119 3116 2520 3188 παρακαλοῦσιν
2553 3115 2644 3168 ἐπὶ
2671 3114 2738 3168 τά
2766 3114 3002 3184 βελτίονα
3024 3131 3038 3178 ;
3059 3111 3123 3166 Τί
3146 3112 3203 3165 δὲ
3232 3112 3359 3174 τοὺς
3377 3107 3686 3180 οἰκότριϐας

2117 3209 2175 3261 οὗ
2204 3208 2477 3278 βούλονται
2496 3207 2804 3276 φιλοσοφεῖν
2825 3222 2838 3271 ;
2867 3207 3044 3259 Ἦκαί
3065 3205 3223 3275 ἡμεῖς
3243 3201 3504 3273 μέλλομεν
3523 3201 3688 3269 ἐγκα-

2117 3299 2228 3352 λεῖν
2267 3300 2575 3369 φιλοσόφοις
2613 3297 2922 3370 οἰκότριϐας
2953 3297 3038 3348 ἐπ’
3078 3295 3278 3366 ἀρετὴν
3306 3289 3686 3364 προτρεψαμέ-

2115 3409 2247 3456 νοις,
2283 3392 2575 3462 Πυθαγόρᾳ
2606 3390 2702 3460 μὲν
2724 3390 2812 3442 τὸν
2842 3385 3104 3458 Ζάμολξιν
3129 3386 3262 3456 (5'5),
3294 3385 3498 3453 Ζήνωνι
3518 3381 3572 3433 δὲ
3594 3380 3681 3432 τὸν

2115 3487 2378 3558 Περσαῖον
2403 3484 2536 3554 (54),
2569 3485 2663 3536 καὶ.
2698 3481 2822 3552 χθὲς
2842 3481 2935 3534 καὶ
2955 3479 3143 3553 πρώην
3166 3480 3277 3540 τοῖς
3309 3473 3682 3548 προτρεψαμέ-

2113 3561 2226 3642 νοις
2254 3577 2576 3646 Ἐπίκτητον
2599 3573 2708 3645 (55)
2736 3575 2828 3628 ἐπὶ
2855 3573 2914 3626 τὸ
2943 3571 3277 3639 φιλοσοφεῖν;
3302 3568 3376 3620 ’1-1
3395 3567 3523 3636 ὑμῖν
3558 3564 3676 3635 μὲν,

2112 3662 2157 3721 ὧ
2192 3666 2467 3736 Ἕλληνες,
2515 3666 2689 3731 ἔξεστι
2747 3663 3002 3735 μειράκια
3048 3661 3140 3714 καὶ
3200 3657 3529 3730 οἰκότριϐας,
3579 3655 3672 3709 καὶ

2115 3759 2375 3828 ἀνοήτους
2408 3755 2723 3828 ἀνθρώπους
2749 3755 2840 3808 ἐπὶ
2873 3753 3182 3824 φιλοσοφίαν
3205 3750 3417 3812 καλεῖν,
3438 3751 3598 3819 ἡμεῖς
3621 3746 3676 3799 δὲ

2116 3848 2273 3901 τοῦτο
2304 3848 2600 3910 ποιοῦντες,
2637 3848 2698 3900 οὑ
2738 3843 3128 3916 φιλανθρώπως
3168 3841 3299 3895 αὐτὸ
3335 3841 3673 3910 πράττομεν,

2115 3942 2179 4009 τῇ
2209 3939 2314 3992 ἀπὸ
2333 3938 2423 3992 τοῦ
2454 3939 2610 4007 λόγου
2644 3939 2857 4008 ἰατρικῇ
2882 3938 3060 3989 πᾶσαν
3082 3934 3303 4003 λογικὴν
3331 3929 3490 4000 φύσιν
3523 3929 3676 4000 θερα-

2115 4028 2311 4081 πεῦσαι
2344 4029 2671 4099 βουλόμενοι,
2699 4029 2792 4082 καὶ
2812 4026 3086 4080 οἰκειῶσαι
3113 4024 3189 4095 τῷ
3213 4023 3674 4094 δημιουργήσαντι

2114 4120 2291 4174 πάντα
2313 4120 2460 4190 Θεῷ;
2485 4123 2679 4192 Ἤρκει
2715 4123 2810 4190 μὲν
2838 4116 2928 4173 οὖν
2951 4120 3043 4173 καὶ
3066 4117 3234 4171 ταῦτα
3257 4116 3391 4187 πρὸς
3409 4113 3506 4179 τὰς
3534 4111 3672 4166 Κέλ-

2115 4227 2208 4265 σου
2241 4213 2500 4285 λοιδορίας
2537 4214 2789 4285 μᾶλλονῆ
2827 4211 3176 4284 κατηγορίας.

2041 4488 2085 4542 D
2114 4487 2300 4542 dicunt
2353 4487 2630 4542 Zamolxin
2669 4486 2922 4542 serviisse
2954 4485 3270 4557 Pythagorae
3298 4484 3481 4538 Samio
3514 4485 3661 4539 Mne-

2115 4558 2290 4611 sarchi
2325 4558 2455 4619 lilio,
2487 4569 2542 4611 et
2573 4559 2818 4611 libertate
2849 4556 3125 4620 donatum,
3159 4556 3255 4609 ista
3293 4567 3658 4610 commentum

2112 4642 2250 4698 esse.
2297 4630 2400 4682 Sed
2441 4627 2710 4682 Zamolxis
2742 4625 3245 4698 Pythagoradonge
3279 4625 3548 4698 antiquior
3578 4627 3661 4678 vi-

2113 4697 2265 4750 detur
2298 4698 2485 4751 fuisse.
2521 4717 2540 4748 ι
2572 4698 2745 4750 Aliter
2784 4693 3000 4755 Strabo.
3036 4695 3128 4748 lib.
3165 4693 3234 4749 m
3271 4704 3322 4748 ct
3352 4709 3461 4755 ut,
3497 4693 3662 4749 Laer-

2115 4765 2242 4836 tius.
2271 4768 2323 4821 in
2357 4765 2620 4836 l’ytlmg.;
2646 4767 2909 4827 Clemens,
2942 4764 3140 4836 Strom.
3172 4779 3248 4828 tv,
3286 4772 3340 4817 et
3364 4765 3453 4817 alii
3476 4780 3664 4832 quam-

2110 4835 2355 4901 plurimi;
2387 4835 2614 4903 quorum
2651 4836 2954 4891 testimonia
3005 4835 3238 4904 allegare
3283 4848 3389 4887 non
3443 4844 3526 4889 est
3570 4851 3663 4888 ne-

2107 4920 2276 4959 cesse.
2307 4906 2566 4960 Spsucen.

2179 4975 2641 5057 (filiiﬂﬁpoaioy.
2667 4973 2910 5057 Θρεῖιτξς
2941 4973 3184 5057 Ζήνωνος
3213 4972 3314 5056 ,τοῦ
3349 4972 3656 5055 φιλοσόφου,

2107 5043 2280 5100 8ιιίιΙ.’
2303 5045 2354 5099 in
2371 5043 2676 5114 Περσαῖος.
2703 5043 2726 5097 ι’
2757 5044 2821 5098 Ει
2854 5043 3081 5114 Zenonis
3127 5046 3282 5098 stoici
3310 5043 3521 5108 servus,
3567 5045 3656 5106 qui

2106 5116 2349 5170 Persaeus
2371 5113 2588 5168 voeatus
2626 5125 2726 5168 est.
2767 5131 2789 5166 ι
2816 5118 2878 5169 Α.
2909 5113 3134 5178 Gellius,
3177 5115 3273 5170 lib.
3315 5129 3373 5180 II,
3405 5129 3525 5183 cap.
3565 5115 3652 5174 18.

2103 5186 2284 5242 Laort.
2325 5187 2374 5237 in
2404 5185 2604 5242 Zenon.
2635 5188 2891 5238 Sruucsn.

2169 5257 2280 5326 (33)
2331 5255 2697 5322 Ἐπίκτητον.
2717 5273 2735 5304 ¢
2772 5255 2844 5308 De
2870 5252 3120 5326 Epicteto
3134 5261 3310 5326 autem
3335 5252 3653 5326 philosopho

2100 5321 2289 5384 nobili.
2333 5329 2473 5394 quod
2524 5321 2569 5380 is
2620 5339 2831 5394 quoque
2863 5339 3052 5394 servus
3097 5321 3218 5394 fuit,
3265 5321 3533 5394 recentior
3566 5333 3650 5377 est

2102 5393 2382 5458 memoria,
2410 5410 2570 5461 quam
2597 5393 2654 5447 ut
2695 5394 2854 5463 scribi
2879 5393 3031 5463 quasi
3052 5393 3424 5447 oblitteratum
3455 5393 3651 5463 debue-

2103 5468 2195 5519 rit.
2223 5484 2240 5515 ι
2271 5468 2336 5522 Α.
2366 5464 2502 5519 Gell.
2534 5465 2661 5534 ihitl.
2693 5462 2976 5527 Δοῦλοςδὲ
3009 5463 3395 5534 Ἐπαφροδίτου
3417 5462 3522 5516 τῶν
3551 5479 3654 5516 σω-

2104 5533 2638 5629 ματοιρυλόέκωνητ-οὖ
2711 5534 2971 5606 βασιλέως
3039 5533 3305 5603 Νέρωνος.
3383 5533 3535 5590 Suid.
3595 5534 3650 5587 in

2123 5602 2329 5658 Επικτ.
2353 5603 2609 5664 Spartam.
