3998 6170
250 239 373 296 995

1447 239 1719 296 CONTRA
1756 240 2031 296 CELSUM
2069 238 2197 293 LIB.
2232 237 2321 294 lll.

3389 233 3493 287 994

356 355 509 409 Ἐπεὶ
545 355 591 409 δ’
624 356 938 428 ὲνηδόμενος
977 355 1055 427 τῷ
1084 355 1193 409 τῶν
1237 355 1355 410 καθ’
1376 356 1529 427 ἡμῶν
1558 357 1830 428 λοιδοριῶν

2001 352 2090 411 53.
2120 355 2226 411 Sed
2256 354 2384 425 quia
2411 352 2514 406 hoc
2539 349 2948 405 maledictorum
2980 362 3176 419 genere
3206 348 3491 401 admodum

256 442 416 514 λόγῳ
446 444 747 517 προσέθηκε
775 447 866 498 καὶ
904 446 1081 513 ἕτερα,
1111 446 1262 515 φέρε,
1298 447 1388 501 καὶ
1422 446 1591 500 ταῦτα
1612 448 1833 518 ἐκθέμε-

254 550 371 599 νοι,
404 535 599 605 ἴδωμεν
624 535 847 605 πότερον
875 536 1187 606 Χριστιανοὶ
1220 535 1612 606 ἀσχημονοῦσιν
1638 538 1669 607 ἢ
1694 538 1832 590 Κέλ-

257 641 365 687 σος
396 624 487 677 ent
514 626 623 687 τοῖς
649 623 975 692 λεγομένοις,
1012 624 1071 687 ὃς
1100 640 1281 695 φησιν·
1312 643 1331 675 ι
1372 624 1617 694 Ὁρῶμεν
1645 625 1707 695 δὴ
1742 630 1835 680 καὶ

258 717 416 771 κατὰ
445 717 545 779 τὰς
571 716 703 779 ἰδίας
722 716 898 780 οἰκίας
934 718 1276 788 ὲριουργοὺς,
1311 715 1405 769 καὶ
1439 716 1798 787 σκυτοτόμους
1816 756 1832 779 ,

258 812 367 865 καὶ
396 813 636 877 κναφεῖς,
666 810 912 873 καὶτοὺς
962 808 1446 872 άπαιδευτοτάτους
1489 809 1599 879 (56)
1646 827 1703 861 τε
1742 810 1835 862 καὶ

259 904 724 975 ἁγροικοτάτους,
768 902 1015 956 ἐναντίον.
1054 902 1149 972 μὲν
1187 901 1294 956 τῶν
1330 902 1711 973 πρεσϐυτέρων
1742 902 1835 955 καὶ

262 996 691 1069 φρονιμωτέρων
705 993 973 1047 δεσποτῶν
993 993 1142 1046 οὐδὲν
1161 993 1489 1061 φθέγγεσθαι
1503 993 1831 1064 τολμῶντας⁶

263 1086 495 1140 ἐπειδὰν
530 1087 586 1141 δὲ
627 1086 735 1140 τῶν
775 1086 977 1140 παίδων
1024 1085 1129 1153 ἰδίᾳ
1163 1085 1429 1138 λάϐωνται
1478 1084 1573 1137 καὶ
1604 1084 1837 1153 γυναίων

262 1176 437 1230 τινῶν
470 1178 565 1230 σὺν
594 1177 771 1239 αὐτοῖς
799 1176 1060 1246 ἀνοήτων,
1089 1174 1342 1245 θαυμάσι’
1360 1173 1494 1227 ἄττα
1525 1174 1835 1240 διεξιόντας,

265 1268 352 1333 ὡς
382 1270 442 1322 οὐ
480 1268 583 1339 χρὴ
606 1268 887 1338 προσέχειν
916 1266 993 1337 τῷ
1016 1268 1182 1338 πατρὶ
1211 1266 1303 1320 καί
1337 1269 1447 1330 τοῖς
1480 1264 1835 1328 διδασκάλοις,

271 1362 432 1430 σφίσι
454 1362 508 1415 δὲ
532 1359 829 1414 πείθεσθαι·
866 1360 958 1413 καὶ
987 1359 1112 1422 τοὺς
1139 1359 1233 1427 μέν
1261 1375 1325 1426 γε
1359 1358 1543 1428 ληρεῖν
1569 1358 1659 1409 καὶ
1700 1357 1839 1409 ἀπο-

271 1454 552 1523 πλήκτους
576 1448 734 1515 εἶναι,
766 1452 856 1504 καὶ
881 1451 1044 1520 μηδὲν
1074 1450 1151 1520 τῷ
1179 1450 1290 1502 ὄντι
1316 1450 1477 1503 καλὸν
1514 1450 1646 1519 μήτε
1680 1447 1841 1500 ίδέναι

276 1544 420 1612 μήτε
450 1540 703 1593 δύνασθαι
719 1542 910 1602 ποιεῖν,
930 1539 1103 1602 ύθλοις
1126 1542 1300 1602 κενοῖς
1322 1540 1430 1607 (57)
1451 1537 1844 1609 προκατειλημ-

278 1628 495 1698 μένους⁸
522 1630 659 1696 σφᾶς
690 1627 747 1679 δὲ
779 1627 967 1696 μόνους
999 1627 1144 1689 ὅπως
1164 1627 1243 1678 δεῖ
1263 1627 1358 1697 ζῇν
1390 1627 1726 1680 ἐπίστασθαν
1751 1625 1843 1679 καὶ

275 1718 348 1773 ἂν
381 1719 565 1781 αὐτοῖς
611 1719 660 1770 οἱ
708 1719 893 1782 παῖδες
926 1719 1243 1780 πείθωνται,

278 1809 516 1871 ἔσεσθαι,
551 1810 643 1864 καὶ
668 1811 757 1865 τὸν
777 1806 919 1864 οἷκον
944 1810 1256 1879 ἀποφαίνειν
1281 1809 1586 1879 εὐδαίμονα.
1609 1810 1716 1862 Καὶ
1731 1809 1846 1877 ἅμα

279 1902 550 1969 λέγοντες,
579 1901 671 1955 ἐὰν
697 1901 843 1953 ἴδωσί
866 1918 984 1954 τινα
1012 1900 1271 1970 παριόντα
1298 1899 1405 1952 τῶν
1439 1898 1682 1961 παιδείας
1699 1898 1844 1951 διδα-

285 1992 497 2047 σκάλων
530 1992 620 2046 καὶ
651 1992 1066 2062 φρονιμωτέρων
1101 1991 1131 2061 ἥ
1162 1991 1255 2043 καὶ
1285 1990 1447 2043 αὐτὸν
1479 1990 1570 2042 τὸν
1600 1989 1841 2060 πατέρα,

282 2086 333 2136 οἱ
365 2085 462 2155 μὲν
494 2084 864 2155 εύλαόέστεροι
902 2084 1078 2136 αὐτῶν
1111 2084 1385 2154 διέτρεσαν
1416 2081 1546 2153 (58)⁶
1590 2082 1639 2135 οἱ
1661 2080 1703 2133 δ’
1738 2083 1844 2134 ἰτα-

284 2175 516 2245 μώτεροι
549 2176 674 2238 τοὺς
701 2176 895 2239 παῖδας
937 2174 1251 2246 ἀφηνιάζειν
1282 2175 1583 2246 ἐπαίρουσι,
1615 2172 1840 2226 τοιαῦτα

280 2265 673 2337 ψιθυρίζοντες,
717 2266 792 2330 ὼς
828 2267 1090 2338 παρόντος
1137 2267 1234 2337 μὲν
1263 2266 1353 2319 τοῦ
1384 2266 1586 2337 πατρὸς
1614 2265 1707 2318 καὶ
1735 2263 1842 2316 τῶν

280 2357 615 2413 διδασκάλων
646 2348 795 2411 οὐδὲν
834 2360 986 2412 αὐτοὶ
1014 2359 1357 2429 ἐθελήσουσιν
1388 2358 1520 2426 (59),
1546 2355 1666 2408 οὐδὲ
1695 2355 1847 2425 δυνή-

284 2464 468 2501 σονται
495 2452 608 2512 τοῖς
648 2450 833 2502 παισὶν
872 2449 1191 2521 ἑρμηνεύειν
1235 2448 1453 2516 ἀγαθόν·
1490 2444 1847 2519 ἐκτρέπεσθαι

281 2538 391 2608 γὰρ
411 2539 507 2611 τὴν
526 2542 749 2594 ἐκείνων
766 2539 1086 2611 ἀϐελτηρίαν
1108 2541 1199 2591 καὶ
1222 2540 1531 2609 σκαιότητα,
1552 2537 1726 2605 πάντη
1746 2535 1852 2588 διε-

284 2629 643 2701 φθαρμένων,
685 2630 777 2683 καὶ
814 2630 1002 2699 πόρρω
1041 2629 1236 2692 κακίας
1274 2628 1535 2699 ἡκόντων,
1572 2627 1665 2679 καὶ
1706 2626 1845 2694 σφᾶς

283 2720 644 2785 κολαζόντων·
676 2724 723 2774 εί
756 2721 815 2773 δὲ
845 2720 1063 2783 θέλοιεν,
1102 2721 1294 2791 χρῆναι
1324 2720 1516 2781 αὐτοὺς
1548 2717 1847 2787 ἀφεμένους

284 2810 379 2863 τοῦ
409 2811 611 2883 πατρός
634 2829 693 2864 τε
727 2812 819 2863 καὶ
850 2809 956 2863 τῶν
1006 2810 1356 2873 διδασκάλων,
1414 2810 1549 2864 ἰέναι
1597 2809 1693 2862 σὺν
1742 2808 1853 2867 τοῖς

1932 447 2251 509 delectatus,
2283 442 2485 497 addidit
2509 448 2565 495 et
2588 439 2727 504 alia;
2761 452 2858 507 age
2890 446 2949 490 et
2978 438 3060 490 his
3097 436 3263 508 484
3292 452 3494 492 memo-
3526 503 3533 517 δ

1934 539 2095 601 ratis,
2129 537 2405 590 videamus
2437 534 2541 586 utri
2583 530 2702 599 plus
2738 528 3015 583 dedecoris
3049 528 3297 593 aﬁerant,
3332 527 3495 582 Chri-

1932 630 2230 682 stianorum
2257 628 2527 691 societati,
2562 639 2627 677 an
2657 621 2836 677 Celso.
2874 619 2965 674 Sic
3008 619 3142 673 iste:
3164 638 3183 670 ι
3211 618 3273 672 Ει
3307 617 3358 673 in
3384 619 3495 687 pri-

1932 720 2073 773 vatis
2105 720 2307 772 tedibus
2336 718 2520 770 videre
2555 723 2637 768 est
2674 712 2938 778 laniﬁces,
2980 718 3215 775 Sutores,
3246 708 3497 777 fullones,

1933 807 2395 874 itnperitissimum
2432 817 2698 872 quemque
2746 812 2801 855 et
2848 800 3262 855 rusticissimum
3299 814 3489 854 coram

1935 896 2241 952 senioribus
2270 904 2324 947 et
2350 892 2791 962 prudentioribus
2847 889 3332 958 patribuslamilias
3365 888 3500 942 nihil

1935 988 2135 1043 audere
2181 984 2426 1055 proloqui
2463 1001 2475 1036 :
2510 983 2599 1036 ubi
2645 997 2775 1036 vero
2818 997 3065 1036 seorsum
3113 983 3251 1035 nacti
3298 981 3500 1034 fuerint

1936 1095 2133 1149 pueros
2156 1088 2211 1132 et
2244 1076 2586 1132 mulierculas
2619 1088 2768 1143 mque
2797 1088 2859 1126 ac
2883 1073 2982 1141 ipsi
3017 1074 3296 1140 imperitas
3318 1112 3332 1136 ,
3362 1073 3500 1126 mira

1937 1172 2180 1241 quantam
2210 1170 2516 1233 disserunt;
2565 1182 2669 1221 non
2705 1164 3001 1219 audiendos
3039 1180 3161 1219 esse
3198 1175 3404 1233 patrem
3447 1173 3502 1217 et

1939 1273 2315 1333 praeceptores,
2350 1262 2453 1317 sibi
2484 1276 2603 1317 esse
2635 1261 2996 1322 credendum;
3042 1259 3163 1312 illos
3194 1259 3425 1314 delirare
3448 1269 3505 1313 et

1943 1365 2122 1409 niente
2148 1368 2269 1408 esse
2290 1364 2496 1423 captos,
2528 1353 2662 1407 nihil
2694 1368 2818 1406 vere
2849 1351 3061 1404 honesti
3092 1361 3183 1404 aut
3206 1352 3388 1404 videre
3409 1364 3505 1406 aut

1944 1448 2126 1501 facere
2154 1461 2314 1515 posse
2348 1446 2506 1514 nugis
2538 1445 2786 1499 inanibus
2816 1453 3241 1513 prmoctupatos,
3273 1459 3330 1497 se
3358 1442 3504 1496 solo‘s

1944 1542 2084 1592 scire
2116 1538 2387 1606 quomodo
2417 1538 2599 1590 vivere
2621 1545 2869 1602 oporteat
2895 1554 2909 1601 ;
2951 1536 2995 1589 si
3034 1536 3191 1589 dictis
3216 1534 3507 1602 adjnngant

1942 1630 2122 1695 fidem,
2150 1628 2331 1683 felices
2367 1627 2483 1682 fore
2520 1637 2791 1696 totamque
2823 1626 3106 1681 familiam.
3143 1625 3353 1679 Interea
3378 1626 3504 1678 dum

1297 1718 1596 1788 μακαρίους
1646 1718 1839 1782 αὐτοὺς

1950 1722 2055 1774 [nec
2078 1719 2390 1787 loquuntur,
2429 1718 2473 1773 si
2495 1718 2677 1772 vident
2710 1716 2943 1787 aliquem
2972 1731 3036 1770 ex
3062 1712 3505 1785 prteceptoribus,

1952 1826 2017 1865 ex
2056 1808 2496 1879 prudentioribus
2521 1817 2610 1862 aut
2659 1817 2863 1875 patrem
2893 1807 3065 1876 ipsum
3090 1806 3373 1868 accedere,
3414 1803 3505 1873 qui

1948 1902 2247 1955 timidiores
2280 1908 2426 1965 sunt,
2450 1900 2481 1953 ii
2514 1898 2813 1953 tremefacﬁ
2854 1898 3052 1961 silent;
3094 1898 3187 1952 sed
3219 1896 3511 1951 ferociores

1946 1990 2128 2059 pueris
2158 1998 2412 2042 auctores
2438 1999 2588 2053 sunt,
2630 1998 2688 2042 ut
2728 1989 2970 2042 habenas
3018 1987 3315 2052 excutiant,
3358 1987 3510 2039 insu-

1944 2088 2266 2148 surrantque
2301 2078 2365 2133 ad
2410 2094 2569 2133 aures
2610 2094 2669 2133 se
2710 2093 2811 2132 nec
2845 2093 3003 2147 posse
3055 2093 3154 2131 nec
3204 2078 3340 2129 Velie
3384 2076 3509 2138 illis,

1943 2173 2293 2241 przesentibus
2322 2180 2477 2239 patre
2514 2180 2568 2225 et
2593 2169 3034 2240 praeceptoribus.
3059 2167 3351 2238 quidquam
3381 2167 3510 2221 boni

1943 2264 2239 2332 explicare;
2274 2263 2511 2317 aversari
2548 2278 2605 2317 se
2632 2262 2917 2317 stultitiam
2941 2273 2995 2315 et
3022 2262 3284 2315 sawitiam
3319 2262 3510 2315 horum

1946 2354 2219 2410 hominum
2258 2356 2589 2424 perditorum
2620 2367 2675 2410 et
2705 2365 2945 2410 extrema
2992 2355 3229 2422 nequitia
3263 2354 3516 2421 praedito-

1948 2461 2088 2510 rum,
2121 2447 2208 2514 qui
2239 2447 2383 2516 ipsos
2415 2448 2704 2515 punirent;
2737 2446 2830 2500 scd
2862 2447 2905 2499 si
2933 2446 3060 2513 quid
3090 2446 3304 2500 discere
3328 2445 3529 2511 velint,

1949 2545 2217 2605 oportere,
2261 2546 2338 2604 ut,
2394 2539 2595 2592 relictis
2642 2547 2792 2607 patre
2818 2548 2873 2591 ct
2903 2539 3349 2607 pra‘ceptorihus,
3387 2545 3518 2590 eant

1950 2641 2070 2681 cum
2103 2630 2435 2685 mulierculis
2472 2641 2527 2685 et
2548 2632 2821 2685 sodalibus
2845 2631 2897 2684 in
2925 2630 3182 2684 conclave
3208 2631 3515 2695 mulierum,

1952 2719 2118 2773 autin
2144 2724 2403 2775 sutoriam
2434 2722 2827 2801 oliicinam,aut
2856 2723 2908 2776 in
2937 2722 3240 2789 fulloniam,
3274 2723 3343 2776 ibi
3371 2721 3515 2791 quod

1957 2810 2255 2877 perfectum
2294 2823 2377 2869 est
2401 2816 2663 2868 edocendi
2699 2832 2712 2865 :
2748 2823 2909 2882 atque
2932 2814 3011 2867 sic
3041 2813 3387 2885 persuadent.
3420 2831 3441 2864 ι

284 2903 546 2971 γυναίοις,
572 2904 786 2966 καὶτοῖς
808 2900 1170 2973 συμπαίζουσι
1195 2900 1520 2972 παιδαρίοις,
1548 2902 1627 2962 είς
1652 2898 1750 2970 τὴν
1773 2906 2171 2970 γυναικωνῖτιν,
2205 2906 2238 2976 ἢ
2273 2907 2333 2959 τὸ
2362 2908 2630 2971 σκυτεῖον,
2661 2907 2694 2977 ἢ
2726 2906 2787 2960 τὸ
2817 2909 3092 2976 κναφεῖον,
3126 2906 3212 2960 ἵνα
3243 2905 3301 2958 τὸ
3320 2904 3521 2960 τέλειον

284 2995 507 3051 λάϐωσι·
542 2996 632 3050 καὶ⁵
655 2995 826 3050 ταῦτα
854 2995 1099 3063 λέγοντες
1120 2993 1395 3047 πείθουσιν
1425 2992 1554 3062 (40).
1584 3010 1604 3043 ι

360 3144 501 3213 Ὅρα
524 3141 588 3212 δὴ
616 3142 709 3194 καὶ
738 3144 796 3194 ἐν
825 3140 1030 3204 τούτοις
1060 3139 1180 3193 τίνα
1210 3139 1408 3212 τρόπον
1430 3135 1700 3208 διασύρων
1722 3136 1846 3200 τοὺς

1976 3185 1979 3188 .
2019 3135 2107 3191 56.
2147 3137 2211 3192 Et
2239 3138 2329 3192 hic
2358 3137 2482 3192 vide
2510 3137 2706 3206 quibus
2737 3137 2988 3193 doctores
3027 3148 3247 3192 nostros
3286 3137 3521 3194 lacessat

292 3236 422 3306 παρ’
450 3237 578 3305 ἡμῖν
618 3233 958 3295 διδάσκοντας
996 3234 1086 3288 τὸν
1125 3232 1280 3299 λόγον
1302 3272 1317 3296 ,
1359 3230 1454 3283 καὶ
1488 3229 1580 3282 ἐπὶ
1616 3228 1705 3281 τὸν
1745 3226 1854 3281 τῶν

294 3327 427 3380 ὅλων
459 3325 783 3398 δημιουργὸν
804 3326 965 3377 παντὶ
986 3324 1168 3395 τρόπῳ
1192 3324 1289 3393 τὴν
1310 3321 1482 3392 ψυχὴν
1514 3319 1855 3384 ἀναϐιϐάζειν

296 3417 685 3488 πειρωμένους,
729 3416 1091 3489 παριστάντας
1126 3416 1182 3468 δὲ
1213 3415 1306 3467 καὶ
1345 3414 1420 3477 ὡς
1467 3414 1571 3484 χρὴ
1607 3413 1704 3484 μὲν
1748 3412 1856 3466 τῶν

293 3506 566 3577 αἰσθητῶν
603 3508 695 3559 καὶ
731 3505 1073 3577 προσκαίρων
1119 3505 1211 3556 καὶ
1251 3504 1593 3574 βλεπομένων
1641 3503 1856 3556 πάντων

293 3598 671 3666 καταφρονεῖν,
693 3597 866 3649 πάντα
897 3595 952 3647 δὲ
983 3593 1239 3663 πράττειν
1268 3593 1403 3664 ὑπὲρ
1438 3592 1529 3645 τοῦ
1551 3595 1730 3662 τυχεῖν
1758 3591 1860 3659 τῆς

294 3685 384 3738 τοῦ
423 3683 557 3737 Θεοῦ
588 3686 889 3747 κοινωνίας,
931 3683 1150 3756 καὶτῆς
1190 3684 1297 3737 τῶν
1333 3683 1535 3753 νοητῶν
1564 3684 1657 3736 καὶ
1689 3683 1855 3754 ἀορά-

296 3797 399 3832 των
426 3777 673 3848 θεωρίας,
695 3777 787 3830 καὶ
807 3777 1077 3847 μακαρίας
1106 3776 1239 3847 μετὰ
1261 3776 1392 3829 Θεοῦ
1411 3776 1504 3829 ml.
1526 3775 1632 3828 τῶν
1647 3775 1858 3828 οίκείων

296 3867 386 3921 τοῦ
424 3868 556 3920 Θεοῦ
582 3866 917 3936 διεξαγωγῆς
944 3866 1076 3938 (41),
1114 3867 1446 3940 παραϐάλλει
1489 3868 1684 3930 αὐτοὺς
1720 3867 1860 3921 κατὰ

297 3957 393 4023 τὰς
416 3959 591 4020 οἰκίας
620 3960 938 4028 ὲριουργοῖς,
979 3958 1201 4022 καὶτοῖς
1244 3957 1609 4028 σκυτοτόμοις,
1633 3957 1724 4010 καὶ
1748 3960 1859 4021 τοῖς

296 4047 580 4117 κναφεῦσι,
611 4047 832 4109 καὶτοῖς
864 4047 1269 4119 ἀγροικοτάτοις
1290 4046 1398 4100 τῶν
1431 4046 1860 4118 ἀνθρώπων,ὲπὶ

296 4141 364 4194 τὰ
385 4139 565 4209 φαῦλα
586 4139 1042 4209 προκαλουμένοις
1064 4138 1257 4204 παῖδας
1280 4141 1477 4210 κομιδη
1501 4140 1746 4210 νηπίους,
1768 4142 1862 4194 καὶ

300 4233 514 4301 γύναια,
539 4231 603 4283 ἵν’
626 4230 898 4283 ἀποστῶσι
935 4230 1031 4302 μὲν
1056 4230 1256 4302 πατρὸς
1282 4232 1375 4283 καὶ
1396 4230 1745 4295 διδασκάλων,
1769 4232 1863 4286 αύ-

296 4328 409 4387 τοῖς
440 4323 495 4375 δὲ
524 4322 779 4375 ἕπωνται.
807 4323 962 4385 Τίνος
981 4322 1089 4393 γὰρ
1121 4321 1326 4392 πατρὸς
1360 4321 1759 4394 σωφρονοῦντος
1779 4363 1791 4386 ,
1826 4323 1860 4395 ἢ

299 4415 456 4469 τίνων
471 4413 801 4467 διδασκάλων
832 4413 1129 4486 σεμνότερα
1142 4413 1516 4475 διδασκόντων,
1551 4412 1864 4482 ἀφιστῶμεν

1955 3229 2166 3298 injuriis
2195 3244 2211 3283 :
2243 3229 2334 3299 qui
2382 3239 2559 3285 tamen
2604 3231 2777 3284 modis
2804 3231 3059 3286 omnibus
3094 3240 3359 3285 conantur
3398 3233 3521 3284 ani-

1957 3335 2096 3374 mam
2133 3323 2199 3375 ad
2250 3326 2430 3375 rerum
2477 3323 2720 3375 omnium
2755 3322 3090 3376 conditorem
3140 3324 3391 3386 evehere,
3427 3322 3519 3392 qui

1956 3414 2151 3465 docent
2182 3414 2610 3467 contemnendas
2647 3428 2768 3467 esse
2807 3427 2891 3466 res
2940 3412 3187 3466 sensibus
3226 3413 3523 3481 subjectas,

1957 3504 2192 3556 caducas
2220 3514 2277 3556 ct
2314 3518 2435 3571 qua:
2462 3503 2752 3566 videntur;
2788 3501 3025 3570 nihilque
3065 3515 3169 3554 ll0l|
3194 3500 3521 3567 faciendum,

1958 3602 2015 3647 ut
2061 3602 2403 3662 comparetur
2442 3593 2531 3645 illa
2572 3609 2694 3647 cum
2746 3592 2857 3645 Deo
2889 3592 3143 3654 societas,
3180 3593 3233 3644 in
3265 3608 3373 3660 qua
3404 3606 3523 3659 qua:

1958 3699 2151 3740 sensus
2197 3694 2457 3752 Superant
2505 3699 2657 3738 mens
2714 3694 2899 3737 nostra
2950 3683 3433 3751 contemplabitur,
3470 3693 3525 3735 et

1959 3780 2113 3835 beata
2144 3794 2264 3831 cum
2299 3777 2408 3831 Deo
2432 3778 2729 3846 amicisque
2767 3777 2883 3846 ejus
2916 3776 3023 3830 vita
3067 3774 3431 3844 perfruentur.
3458 3774 3520 3827 lli

1958 3879 2083 3926 Sunt
2107 3869 2336 3933 scilicet,
2369 3883 2505 3938 quos
2527 3867 2811 3923 aitCeIsus
2842 3866 3048 3921 similes
3092 3865 3342 3932 laniﬁcis,
3374 3875 3530 3919 suto-'

1959 3964 2129 4027 ribus,
2158 3962 2455 4016 fullonibus
2485 3972 2539 4015 et
2580 3961 2857 4016 hominum
2888 3958 3282 4022 rusticissitnis,
3325 3957 3417 4026 qui
3457 3957 3526 4009 ad

1959 4053 2096 4108 mala
2127 4051 2384 4122 puerulos
2427 4059 2482 4104 et
2535 4048 2882 4103 mulierculas
2910 4048 3167 4117 instigant
3202 4055 3523 4114 urgentque,

1961 4152 2039 4209 ut,
2071 4153 2224 4213 patre
2248 4151 2302 4196 et
2330 4140 2751 4210 praeceptoribus
2775 4138 3042 4203 dimissis,
3074 4154 3132 4193 se
3164 4138 3230 4191 ad
3265 4137 3409 4204 ipsos
3436 4149 3530 4204 ap-

1962 4233 2162 4302 plicent
2182 4240 2235 4285 et
2262 4230 2578 4301 adiungant.
2607 4228 2813 4283 lndicet
2834 4242 2964 4295 ergo
2989 4227 3242 4297 quisnam
3279 4225 3351 4279 sit
3374 4234 3529 4292 pater

1962 4323 2052 4377 ille
2087 4321 2321 4390 sapiens,
2355 4331 2447 4376 aut
2472 4321 2689 4390 quinam
2718 4321 2828 4374 sint
2866 4319 2943 4373 illi
2988 4317 3231 4388 magistri
3270 4318 3486 4371 virtutis
3510 4356 3526 4381 ,

1968 4430 1995 4468 a
2039 4413 2234 4481 quibus
2284 4425 2479 4480 pueros
2526 4419 2583 4466 et
2632 4410 2982 4466 muliercula‘s
3014 4408 3438 4472 abduxerimns;
3472 4415 3530 4461 et

299 4508 421 4570 τοὺς
438 4507 629 4571 παῖδας
646 4505 819 4560 καὶτὰ
834 4505 1029 4575 γύναια
1049 4522 1298 4577 παραστη
1307 4506 1449 4559 σάτω
1476 4508 1503 4559 ὁ
1532 4505 1754 4569 Κέλσος,
1773 4504 1848 4557 κα¹

1968 4502 2251 4557 conferens
2281 4515 2400 4570 qua:
2450 4502 2705 4557 docemus
2737 4514 2932 4570 pueros
2978 4507 3033 4553 et
3068 4497 3408 4553 mulierculas
3437 4511 3532 4550 no-

301 4599 782 4671 ἀντιπαραϐαλέτω
815 4599 905 4651 ἐπὶ
937 4599 1044 4652 τῶν
1072 4598 1401 4669 προσιόντων
1436 4599 1513 4669 τῷ
1541 4598 1681 4668 λόγῳ
1708 4597 1863 4668 ἡμῶν

304 4691 500 4746 παίδων
566 4692 659 4746 καὶ
689 4692 945 4761 γυναίων,
988 4690 1191 4761 πότερα
1228 4690 1382 4753 τίνας
1422 4690 1531 4761 (42)
1568 4683 1642 4743 ὧν
1666 4690 1862 4760 ἧκουον

377 4896 486 4968 (56)
520 4900 610 4957 Sic
649 4914 777 4955 mss.
826 4909 878 4954 et
904 4896 1221 4961 Philocalia,
1250 4896 1385 4951 alias
1419 4912 1568 4963 vero,
1596 4893 1856 4949 ἀπαιδεύ-

304 4984 444 5031 τους.

374 5059 488 5130 (57)
526 5036 1074 5130 Codex‘Basileensis,
1094 5062 1287 5121 κενοῖς.
1316 5058 1486 5130 Alias,
1516 5060 1739 5122 καινοῖς,
1768 5057 1863 5110 mi.

307 5146 406 5185 nus
435 5128 591 5184 bene.
616 5128 782 5182 Panln
816 5140 935 5198 post
963 5129 1275 5186 Boherellus
1304 5129 1649 5183 scribendum
1680 5136 1857 5197 putat,

304 5202 596 5269 ἀποφανεῖν
618 5199 923 5270 εὐδαίμονα.

374 5294 486 5362 (58)
519 5291 855 5359 Διέτρεσαν.
907 5291 1000 5362 ita
1028 5289 1495 5362 coddLVaticani,
1531 5289 1767 5362 Regius,
1807 5295 1865 5341 et

305 5359 632 5433 Anglicanus
669 5362 875 5433 primus
896 5400 913 5426 ,
957 5361 1146 5433 sicque
1168 5359 1320 5433 μου,
1356 5361 1605 5433 impressi
1635 5360 1686 5433 in
1718 5373 1863 5409 mar-

308 5427 448 5500 ρίιιῖι,
495 5450 549 5487 et
579 5427 937 5504 est—genuina
957 5427 1138 5504 lectio.
1162 5427 1561 5504 Sic_llomerus,
1584 5427 1863 5504 διέτρεσαν

307 5497 513 5566 ἄλλυδις
541 5497 726 5566 ἄλλοςῖ
762 5501 1099 5558 Hteschelius
1142 5509 1199 5553 et
1247 5497 1553 5568 Spencerus
1604 5500 1658 5552 in
1693 5507 1859 5563 textu,

307 5574 603 5643 διέτρεψαν.

376 5668 484 5739 (59)
531 5666 987 5737 Ἐθελήσουσιν.
1015 5664 1210 5722 Guieto
1252 5663 1464 5719 videtur
1492 5660 1853 5725 scribendum,

1967 4604 2137 4649 stram
2167 4594 2469 4651 doctrinam
2502 4592 2778 4662 amplexos
2819 4606 2942 4645 cum
2988 4591 3053 4644 iis
3080 4604 3201 4657 qua:
3234 4597 3358 4642 ante
3391 4586 3529 4641 didi.

1970 4694 2177 4751 eerant,
2226 4683 2389 4757 485
2421 4684 2675 4738 ostendat
2720 4698 2816 4739 eos
2861 4681 2928 4736 ab
2962 4680 3204 4735 honestis
3235 4680 3527 4748 probisqtte

1963 4893 2333 4968 ὲκθλήσουσιν.
2363 4893 2474 4963 Ego
2496 4890 2632 4945 nihil
2658 4889 2854 4943 mutari
2882 4886 3065 4942 velint.

2036 5006 2149 5129 πο)
2184 5005 2311 5059 Mss.
2346 5004 2660 5069 Πείθωσιν,
2713 5000 3050 5056 llmschelius
3099 5008 3153 5056 et
3204 4999 3526 5069 Spencerus,

2093 5093 2260 5128 ουσιν.

1967 5093 2260 5128 πειυουσιν.

2039 5188 2149 5260 (41)
2185 5184 2570 5260 Διεξανωτῆς.
2602 5183 2910 5239 Boherellus
2934 5191 3120 5239 censet
3151 5180 3343 5237 melius
3392 5178 3529 5232 forte

1968 5255 2069 5331 legi
2103 5255 2258 5328 posse
2280 5255 2571 5325 διαγωγῆς.

2043 5371 2158 5445 (42)
2196 5373 2423 5445 Πότερα
2450 5372 2639 5445 τινας,
2668 5379 2778 5445 etc.
2810 5367 2953 5445 _Lego
2975 5380 3097 5419 cum
3125 5363 3310 5445 eodem
3356 5358 3534 5445 Bche-

1970 5430 2151 5507 rello,’
2178 5430 2382 5512 πότερα
2412 5441 2554 5501 τίνα,
2581 5430 2695 5512 εἰς.
2725 5430 2925 5512 Quieto
2971 5445 3148 5512 autem
3182 5430 3528 5512 scribendum

1970 5496 2270 5580 ijidelialur,
2311 5496 2512 5580 πότερα
2541 5496 2688 5580 τίνας
2714 5504 3041 5580 Δὀιςριστῶλμεν
3074 5502 3184 5580 τῶν
3217 5496 3529 5580 ἡμετέρων,

1966 5567 2042 5637 ὧν
2069 5567 2284 5654 ἢκουον.
2309 5567 2509 5654 Ibidem
2541 5594 2637 5654 pro
2653 5567 3329 5654 ﬁsi-{io‘vallmseltelius‘el
3359 5567 3534 5635 Spen-

1968 5642 2127 5712 ceru's
2156 5653 2354 5707 habent
2378 5650 2428 5703 in
2458 5642 2722 5717 margine,
2755 5642 3060 5713 βελτιόνων.
