3998 6170
510 257 616 317 905

1977 254 2301 314 οιιιοΕΝιδ

3643 256 3781 315 996.

511 377 853 434 documentis
875 378 941 434 ad
976 379 1157 450 pejora
1182 377 1351 433 fuisse
1377 391 1406 432 a
1436 378 1595 434 nobis
1638 387 1916 436 avocatus.
1967 379 2058 434 Ser

2178 378 2421 450 βελτίονα
2448 377 2555 431 τῶν
2581 375 2885 449 ἡμετέρων,
2911 377 3005 431 καὶ
3019 377 3138 432 τίνα
3153 376 3352 451 τρόπον
3377 374 3562 430 καλῶν
3582 393 3771 432 τινων

509 470 804 541 quidquam
843 472 1016 526 simile
1061 487 1336 543 nunquam
1383 471 1452 526 de
1503 471 1661 526 nobis
1699 471 2072 528 demonstrare

510 564 732 631 poterit.
764 561 876 616 lmo
905 563 1249 618 mulierculas
1292 565 1589 619 avertimus
1619 564 1686 619 ab
1713 563 2068 633 impudicitia,

510 652 580 707 ab
596 652 911 707 exercendis
923 668 1042 707 cum
1063 655 1272 709 maritis
1288 656 1670 720 simultatibus,
1691 671 1719 707 a
1739 655 2070 708 theatrorum

511 743 963 813 saltationumque
994 746 1203 799 insania
1223 786 1237 809 ,
1265 764 1292 800 a
1319 747 1737 817 superstitione;
1776 748 2071 815 puberibus

510 845 684 887 autem
715 834 896 902 pueris
923 834 1330 891 lascivientibns
1362 847 1415 890 et
1449 838 1499 891 in
1535 838 1795 891 Venerem
1825 839 2073 905 prurien-

506 922 649 977 tibus
670 922 852 979 frenos
876 925 1170 994 injicimus,
1206 925 1501 980 admonitis
1528 943 1632 981 non
1661 928 1832 981 solum
1865 938 2068 996 quanta

506 1014 742 1069 libidinis
770 1016 990 1070 infamia
1014 1017 1106 1080 sit,
1134 1018 1227 1071 sed
1251 1017 1413 1070 etiam
1446 1028 1705 1086 quantum
1730 1019 1854 1072 inde
1877 1022 2071 1073 anima:

509 1109 879 1179 improborum
908 1110 1189 1163 immineat
1238 1110 1560 1178 periculum,
1590 1127 1726 1180 quas
1751 1124 1939 1181 pmnas
1966 1111 2070 1166 lui-

506 1209 625 1255 tura
654 1202 754 1269 sit,
779 1216 899 1272 quae
927 1202 1071 1256 illam
1095 1201 1355 1274 supplicia
1386 1211 1662 1258 maneant.

572 1468 661 1524 57.
706 1466 769 1522 Et
797 1468 886 1536 qui
920 1451 1047 1522 suni
1077 1468 1155 1522 illi
1184 1477 1566 1539 prreceptores,
1611 1481 1872 1538 quorum,
1908 1466 2065 1538 quasi

501 1556 726 1609 meliora
752 1557 1027 1621 docerent,
1060 1557 1414 1624 patrocinium
1442 1558 1670 1625 suscipit
1695 1556 1900 1620 Celsus,
1932 1573 2068 1627 quos

503 1644 736 1699 delirare
772 1656 826 1698 et
857 1655 1038 1698 mente
1083 1654 1273 1715 captos
1318 1659 1440 1698 esse
1470 1643 1739 1698 dicimus?
1770 1644 1883 1699 Nisi
1928 1641 2066 1697 forte

2174 469 2492 540 καὶσεμνῶν
2516 468 2850 540 μαθημάτων
2873 469 3194 538 ἀφιστάντες
3216 468 3409 531 παῖδας
3431 468 3525 521 καὶ
3552 467 3768 536 γύναια

2173 564 2264 616 ἐπὶ
2298 562 2364 615 τα
2406 563 2623 633 χείρονα
2659 560 3094 633 προκαλούμεθα.
3139 560 3278 614 Ἀλλ’
3310 561 3408 631 οὐχ
3435 560 3547 626 ἔξει
3574 576 3768 631 παραρ

2174 656 2367 726 στῆσαι
2397 655 2457 708 τὸ
2478 654 2687 708 τοιοῦτο
2713 652 2834 706 καθ’
2860 651 3036 724 ἡμῶν·
3072 650 3380 704 τούναντίον
3409 648 3518 720 γὰρ
3547 647 3618 701 τὰ
3651 648 3766 719 μὲν

2170 745 2366 814 γύναια
2398 744 2689 807 ἀκολασίας
2728 742 2822 796 καὶ
2840 742 3166 813 διαστροφῆς
3203 741 3303 810 τῆς
3342 740 3449 793 ἀπὸ
3474 738 3583 793 τῶν
3633 756 3766 791 συν-

2170 838 2335 892 όντων
2391 838 2715 907 ἀφίσταμεν,
2754 835 2849 888 καὶ
2885 835 3064 905 πάσης
3101 832 3510 905 θεατρομανίας,
3540 832 3638 884 καὶ
3661 831 3760 902 δρ-

2170 929 2589 1001 χηστρομανίας,
2609 928 2702 981 καὶ
2722 927 3139 998 δεισιδαιμονίας
3167 926 3298 995 (45),
3319 928 3443 989 τοὺς
3463 925 3519 977 δὲ
3544 924 3750 989 παῖδας

2171 1021 2295 1093 ἀρτι
2321 1021 2565 1092 ἡϐῶντας
2585 1021 2676 1074 καὶ
2699 1018 3040 1092 σφριγῶντας
3064 1022 3182 1082 ταῖς
3207 1018 3332 1091 περὶ
3360 1020 3425 1070 τά
3448 1018 3746 1089 ἀφροδίσια

2170 1112 2379 1185 ὀρέξεσι
2419 1112 2855 1185 σωφρονίζομεν,
2904 1110 3293 1183 παρατιθέντες
3321 1110 3382 1163 οὐ
3416 1110 3574 1181 μόνον
3603 1110 3665 1161 τὸ
3688 1111 3752 1161 ὲν

2168 1207 2281 1269 τοῖς
2323 1204 2794 1279 ἁμαρτανομένοις
2828 1204 3069 1275 αἰσχρὸν,
3108 1202 3240 1255 ἀλλὰ
3276 1203 3366 1257 καὶ
3398 1205 3454 1255 ὲν
3485 1196 3568 1264 οἷς
3590 1202 3752 1254 ἔσται

2167 1296 2257 1350 διὰ
2285 1297 2352 1350 τά
2387 1297 2612 1351 τοιαῦτα
2653 1299 2686 1368 ἠ
2723 1295 2832 1349 τῶν
2863 1295 3079 1365 φαύλων
3117 1295 3283 1367 ψυχὴ,
3322 1295 3416 1348 καὶ
3459 1295 3576 1359 οἵας
3603 1294 3753 1347 τίσει

2166 1387 2343 1453 δίκας,
2376 1390 2470 1442 καὶ
2500 1388 2575 1452 ὡς
2595 1386 3011 1458 κολασθήσεται.

2236 1480 2400 1544 Τίνας
2427 1480 2482 1533 δὲ
2507 1479 2853 1542 διδασκάλους
2891 1476 3120 1549 λέγομεν
3151 1464 3336 1549 ληρείν
3379 1479 3473 1530 καὶ
3497 1476 3752 1547 ἀποπλήο

2168 1588 2328 1635 κτους
2356 1567 2515 1635 εἶναι,
2552 1572 2690 1645 ὑπὲρ
2719 1565 2791 1627 ὧν
2820 1573 2847 1625 ὁ
2875 1571 3080 1635 Κέλσος
3110 1572 3339 1636 ἵσταται,
3364 1571 3438 1635 ὡς
3468 1569 3746 1623 διδασκόν-

2167 1678 2275 1716 των
2304 1661 2373 1715 τὰ
2403 1662 2716 1733 κρείττονα;
2746 1665 2793 1716 εἱ
2820 1664 2893 1736 μὴ
2930 1664 3035 1736 ἀρα
3075 1662 3270 1726 καλοὺς
3302 1662 3470 1715 οἴεται
3493 1660 3742 1714 διδασκά-

502 1736 702 1807 probos
729 1747 781 1791 et
813 1752 919 1790 non
956 1748 1132 1791 mente
1173 1748 1361 1805 captos
1407 1745 1764 1804 prteccptores
1798 1736 2058 1790 existimet

2167 1752 2290 1817 λους
2313 1731 2547 1821 γυναίων
2571 1755 2662 1806 καὶ
2703 1754 2776 1825 μὴ
2801 1731 3098 1827 ληροῦντας
3136 1755 3262 1818 τοὺς
3295 1753 3385 1806 ἐπὶ
3413 1752 3747 1822 δεισιδαιμο-

500 1844 614 1889 eos,
646 1828 737 1896 qui
771 1828 1028 1882 mulieres
1059 1828 1125 1882 ad
1158 1828 1600 1897 superstitionem
1627 1838 1682 1881 et
1714 1828 1921 1895 impura
1951 1841 2070 1896 spe—

500 1924 712 1974 etacula
764 1920 1119 1988 compellunt;
1179 1921 1282 1973 nisi
1331 1936 1463 1977 sano
1510 1922 1689 1989 capite
1726 1919 1843 1974 illos
1880 1929 2062 1988 putet,

498 2012 591 2081 qui
650 2012 1025 2067 adolescentes
1075 2013 1295 2067 trahunt
1345 2015 1668 2082 rapiuntque
1721 2013 1788 2066 ad
1838 2013 2062 2066 crimina

499 2103 590 2158 illa
639 2106 848 2167 omnia,
898 2120 1019 2174 qua:
1053 2106 1257 2159 scimus
1310 2106 1376 2157 ab
1415 2105 1522 2160 illis
1557 2104 1823 2158 committi
1875 2104 2065 2172 saepis-

499 2197 656 2251 sime.
701 2194 804 2251 Eos
836 2196 1021 2262 etiam,
1050 2199 1141 2265 qui
1187 2197 1539 2268 philosophiae
1566 2198 1697 2263 dant
1723 2211 1964 2264 operam,
1995 2195 2063 2250 ad

500 2282 738 2340 nostram
784 2288 1098 2359 religionem
1148 2303 1470 2343 revocamus
1511 2303 1610 2358 pro
1655 2288 1885 2351 viribus,
1931 2287 2064 2341 illis-

495 2392 601 2445 que
641 2377 760 2449 ejus
806 2388 861 2435 et
909 2379 1276 2434 sinceritatem
1314 2380 1757 2434 commendamus
1794 2388 1848 2432 ct
1879 2378 2061 2433 excel—

494 2467 743 2526 lentiam.
775 2470 832 2525 Id
862 2486 889 2523 a
920 2472 1073 2525 nobis
1102 2469 1219 2524 ﬁeri
1269 2480 1430 2541 negat
1468 2471 1676 2532 Celsus,
1709 2481 1763 2525 et
1803 2470 1946 2525 solos
1981 2469 2063 2523 fa-

495 2569 617 2617 tuos
660 2564 842 2618 vocari
881 2564 1138 2633 disputat.
1168 2563 1274 2637 Sed
1314 2578 1411 2633 ego
1444 2563 1514 2616 illi
1550 2563 1777 2618 dixerim
1814 2585 1825 2618 :
1870 2563 1925 2616 Si
1965 2578 2060 2616 ac-

493 2670 712 2710 cusares
743 2656 884 2724 quod
924 2665 1231 2712 avertamns
1265 2674 1359 2713 eos
1385 2674 1414 2712 a
1450 2657 1788 2727 philosophia
1819 2658 1907 2727 qui
1947 2658 2058 2728 jam

490 2746 580 2803 illa
611 2748 799 2804 imbuti
830 2761 975 2816 sunt,
1003 2766 1110 2804 non
1144 2764 1268 2805 vera
1310 2752 1550 2821 quidem,
1579 2754 1673 2805 sed
1715 2762 1894 2805 tamen
1932 2766 2063 2819 pro-

489 2836 686 2893 babilis
715 2849 860 2894 esset
898 2840 1241 2903 criminatio;
1276 2856 1398 2894 cum
1431 2854 1561 2894 vero
1589 2840 1725 2895 dicis
1769 2855 1964 2909 pueros
1994 2839 2059 2893 ad

489 2926 734 2983 nostram
796 2932 1111 3001 religionem
1185 2934 1505 2986 accedentes
1560 2933 1715 2985 bonis
1785 2931 2059 3001 magistris

489 3021 763 3085 subtrahi,
790 3024 1015 3078 ostende
1053 3023 1189 3078 alios
1222 3038 1339 3078 esse
1370 3023 1656 3094 magistros
1698 3032 1896 3091 praeter
1940 3023 2056 3091 phi-

2167 1841 2285 1895 νίαν
2311 1842 2524 1905 καὶτὰς
2570 1842 2899 1907 ἀκολάστους
2925 1844 3053 1909 θέας
3102 1843 3611 1915 προκαλουμένους·
3662 1842 3743 1895 ἔτι

2165 1933 2221 1987 δὲ
2246 1934 2340 1987 καὶ
2369 1933 2444 2003 μὴ
2482 1933 2862 2006 άποπλήκτους
2894 1933 3030 1989 εἶναι
3067 1937 3193 1999 τοὺς
3231 1936 3462 2004 ἄγοντας
3502 1934 3598 1987 καί
3642 1932 3740 2002 φέ-

2168 2038 2357 2094 ροντας
2389 2023 2516 2085 τοὺς
2546 2021 2698 2087 νέους
2724 2022 2817 2076 ἐπὶ
2850 2024 3048 2092 πάντα,
3071 2025 3169 2077 ὅσα
3197 2024 3352 2094 ἴσμεν
3377 2023 3624 2087 ἀτάκτως
3648 2023 3742 2077 ὑπ’

2164 2112 2340 2166 αὐτῶν
2364 2111 2628 2182 πολλαχοῦ
2649 2115 2962 2187 γιγνόμενα.
3002 2116 3190 2187 Ἡμεῖς
3222 2115 3320 2187 μὲν
3344 2110 3439 2168 οῦν
3473 2114 3569 2168 καὶ
3603 2116 3736 2181 τοὺς

2165 2202 2273 2256 ἀπὸ
2313 2200 2614 2271 φιλοσόφων
2650 2201 2954 2273 δογμάτων,
3003 2204 3099 2274 ὅση
3137 2202 3392 2275 δύναμις,
3435 2204 3739 2275 προκαλοὺο

2168 2294 2305 2365 μεθα
2348 2294 2439 2347 ἐπὶ
2482 2293 2580 2365 τὴν
2633 2294 2754 2347 καθ’
2788 2297 2935 2366 ἡμᾶς
2981 2295 3302 2361 θεοσέϐειαν,
3347 2296 3409 2350 τὸ
3458 2297 3735 2369 ἐξαίρετον

2164 2385 2257 2438 καὶ
2290 2383 2350 2437 τὸ
2377 2384 2661 2454 εἱλικρινὲς
2696 2386 2863 2456 αὐτῆς
2893 2386 3279 2458 παριστάντες·
3319 2387 3440 2440 ἐπεὶ
3473 2387 3532 2441 δὲ
3557 2389 3623 2441 δι’
3657 2382 3731 2442 ὧν

2162 2476 2344 2546 ἔλεγεν
2387 2478 2415 2530 ὀ
2458 2476 2664 2542 Κέλσος
2707 2478 3049 2551 παρέστησε,
3095 2479 3250 2533 τοῦτο
3311 2480 3408 2550 μὲν
3455 2483 3601 2552 ἡμᾶς
3659 2483 3731 2555 μὴ

2164 2572 2354 2634 ποιεῖν,
2386 2570 2576 2641 μόνους
2612 2571 2668 2623 δὲ
2690 2573 2814 2634 τοὺς
2853 2573 3108 2643 ἀνοήτους
3139 2572 3353 2627 καλεῖν·
3384 2573 3634 2645 εἴποιμεν
3670 2575 3731 2629 ἂν

2161 2662 2297 2733 πρὸς
2322 2662 2505 2715 αὐτόν·
2536 2663 2600 2716 El
2636 2662 2733 2734 μὲν
2763 2665 3036 2729 ἐνεκάλεις
3057 2666 3186 2735 ἡμῖν
3209 2664 3285 2729 ὼς
3329 2665 3601 2735 άφιστῶσι
3625 2666 3730 2738 (Η)

2162 2753 2475 2823 φιλοσοφίας
2518 2755 2644 2819 τοὺς
2692 2755 2792 2826 ἠδη
2847 2756 3418 2827 προκατειλημμένους
3459 2758 3517 2810 ἐν
3563 2760 3729 2829 αὐτῇ,

2159 2842 2412 2915 ἀλήθειαν
2443 2844 2540 2915 μὲν
2574 2844 2673 2898 οὐκ
2710 2843 2776 2897 ἂν
2801 2844 3054 2913 ἔφασκες,
3085 2844 3415 2917 πιθανότητα
3445 2847 3489 2900 δ’
3508 2846 3575 2900 ἂν
3613 2844 3730 2918 εἶχέ

2162 2950 2253 2986 σου
2277 2937 2305 2988 ὁ
2330 2934 2516 3004 λόγος·
2559 2936 2673 2989 νυνὶ
2710 2936 2766 2988 δὲ
2804 2936 2998 3004 λέγων,
3041 2938 3185 3007 ἡμᾶς
3226 2926 3449 3010 ὰφιστᾷν
3478 2939 3732 3000 διδασκά-

2159 3025 2265 3080 λων
2299 3029 2425 3091 τοὺς
2466 3028 2785 3098 προσιόντας
2830 3028 3068 3096 ἀγαθῶν,
3097 3030 3444 3102 παράστησον
3489 3032 3615 3095 τοὺς
3645 3031 3731 3085 δι-

490 3109 752 3179 losophize
799 3113 1070 3176 doctores,
1100 3120 1191 3166 aut
1234 3127 1326 3167 eos
1355 3114 1445 3184 qui
1486 3114 1613 3183 quid
1654 3113 1786 3167 utile
1838 3113 2052 3171 docent.

2161 3115 2459 3180 δασκάλους
2504 3096 2701 3181 ἀλλους
2742 3118 2893 3188 παρά
2935 3119 3060 3182 τοὺς
3094 3096 3405 3189 φιλοσοφίας
3434 3120 3541 3191 (έὸ)
3588 3120 3732 3174 διδα-

487 3202 563 3257 At
600 3202 732 3255 nihil
760 3203 936 3257 simile
970 3205 1203 3272 probare
1234 3215 1431 3272 petest..
1465 3204 1669 3258 Deinde
1717 3205 1905 3258 beatos
1944 3204 2061 3258 fore

488 3294 805 3364 pollicemur
856 3294 1016 3364 idque
1068 3297 1325 3349 audacter
1365 3306 1420 3349 et
1455 3306 1674 3364 aperte,
1720 3296 1808 3365 qui
1848 3311 1913 3349 ex
1968 3295 2059 3348 Dei

487 3386 699 3457 legibus
724 3387 888 3439 vitam
929 3396 1114 3455 agunt.
1163 3388 1251 3455 qui
1283 3386 1464 3440 omnia
1493 3387 1559 3440 ad
1604 3386 1750 3440 illum
1785 3387 2054 3451 referunt,

487 3479 690 3548 quique
712 3480 892 3531 omnia
918 3478 1144 3542 faciunt,
1167 3479 1320 3547 quasi
1350 3480 1502 3533 testis
1530 3490 1582 3532 ct
1609 3488 1878 3548 spectator
1894 3488 2053 3533 esset.

485 3572 566 3624 An
593 3571 704 3623 haec
725 3578 851 3623 sunt
874 3569 1227 3635 lanilicorum,
1246 3579 1511 3635 sutorum,
1532 3568 1812 3632 fullonum,
1834 3570 2058 3624 rustico-

487 3680 606 3717 rum
659 3663 1141 3733 intpcritorumque
1190 3664 1466 3717 hominum
1516 3663 1822 3734 praecepta?
1867 3661 2054 3731 Neque

485 3757 629 3811 istud
663 3757 950 3811 Ostendere
988 3758 1210 3825 poterit.

2160 3207 2412 3271 σκάλους,
2442 3208 2474 3279 ἢ
2516 3211 2641 3273 τοὺς
2692 3210 2834 3264 κατά
2863 3228 2915 3263 τι
2948 3210 3056 3262 τῶν
3083 3207 3386 3283 ’χρησίμων
3430 3215 3734 3286 πεποιημέ-

2156 3318 2300 3364 νους.
2353 3301 2489 3354 Ἀλλ’
2526 3303 2676 3356 οὐδὲν
2727 3302 2836 3367 ἕξει
2895 3303 3129 3356 τοιοῦτον
3189 3304 3479 3358 δεικνύναι.
3539 3308 3731 3360 Μακα-

2157 3389 2303 3459 ρίους
2349 3388 2405 3443 δὲ
2449 3390 2665 3444 ἔσεσθαι
2714 3392 3154 3462 ἐπαγγελλόμεθα
3206 3394 3342 3464 μετά
3385 3397 3731 3468 παρῤησίας,

2102 3520 2115 3529 ,
2155 3482 2249 3533 καὶ
2297 3482 2355 3533 ού
2398 3480 2657 3553 κρύϐδην,
2708 3483 2834 3546 τοὺς
2885 3482 3094 3547 ζῶντας
3148 3483 3290 3538 κατά
3325 3486 3412 3539 τὸν
3454 3487 3547 3541 τοῦ
3601 3489 3733 3543 Θεοῦ

2160 3570 2333 3640 λόγον,
2369 3573 2461 3625 καὶ
2506 3572 2682 3625 πάντα
2732 3575 2811 3637 εἰς
2859 3574 3062 3628 ἐκεῖνον
3101 3575 3415 3646 ἀφορῶντας
3454 3578 3601 3649 (46),
3641 3582 3735 3635 καὶ

2159 3666 2233 3729 ὡς
2266 3664 2356 3717 ἐπὶ
2403 3664 2535 3717 Θεοῦ
2576 3664 2763 3719 θεατοῦ
2808 3670 2914 3719 πᾶν
2958 3667 2985 3719 ὃ
3028 3686 3080 3720 τι
3124 3671 3239 3722 ποτ’
3282 3666 3373 3723 οὖν
3419 3672 3732 3725 ἐπιτελοῦν-

2155 3772 2273 3818 τας.
2308 3750 2432 3826 Ἆρ’
2474 3750 2564 3809 οὖν
2616 3756 2787 3810 ταῦτα
2836 3758 3166 3829 ἐριουργῶν,
3221 3761 3313 3813 καὶ
3364 3764 3729 3834 σκυτοτόμων,

484 3854 580 3907 καί
654 3854 928 3922 κναφέων,
980 3853 1073 3906 κα)⁵
1132 3852 1601 3906 ἀπαιδευτοτάτων
1663 3852 1934 3925 ἀγροίκων
1985 3849 2094 3922 (47)
2128 3849 2258 3920 ,ἐστὶ
2340 3849 2667 3921 μαθήματα;
2746 3851 2906 3905 Ἀλλὰ
2952 3852 3108 3905 τοῦτο
3157 3853 3426 3909 δεικνύναι
3468 3857 3527 3911 ού
3573 3858 3730 3930 δυνή-

488 3967 658 4003 σεται.

556 4046 646 4102 58.
688 4044 805 4100 Jam
848 4045 939 4117 qui
976 4046 1114 4116 apud
1151 4046 1363 4101 Celsum
1390 4055 1518 4100 sunt
1546 4046 1750 4101 similes
1794 4045 2047 4110 lanificis,

484 4139 692 4194 similes
742 4154 959 4209 quoque
1004 4143 1307 4210 sutoribus,
1361 4142 1683 4204 fullonibus,
1740 4139 1960 4194 rusticis
1994 4149 2050 4192 et

485 4230 789 4299 imperitis,
843 4231 918 4286 illi
972 4243 1242 4301 prasente
1289 4241 1442 4301 patre
1487 4238 1541 4283 et.
1592 4228 2047 4299 praeceptoribus,

484 4322 617 4377 nihil
647 4324 872 4386 bonum;
910 4323 1109 4393 inquit,
1149 4322 1330 4377 volent
1359 4333 1450 4376 aut
1491 4330 1744 4391 poterunt
1772 4320 2048 4391 explicare

2233 4037 2296 4091 Ui
2337 4035 2393 4089 δὲ
2433 4032 2585 4105 παρὰ
2617 4032 2697 4104 τῷ
2739 4034 2930 4107 Κέλσῳ
2975 4037 3340 4111 παραπλήσιοι
3380 4041 3489 4104 τοῖς
3526 4042 3581 4094 ὲν
3613 4045 3727 4107 ταῖς

2154 4130 2352 4191 οἰκίαις
2403 4128 2732 4198 ὲριουργοῖς,
2777 4126 2951 4197 ὃμοιοι
2993 4128 3048 4181 δὲ
3098 4130 3333 4195 καὶτοῖς
3384 4134 3727 4205 σκυτοτόμοις

2153 4220 2245 4273 καὶ
2281 4219 2572 4288 κναφεῦσι,
2611 4220 2704 4271 καὶ
2748 4220 3216 4286 ἀπαιδευτοτάτοις
3271 4226 3545 4295 ἀγροίκοις
3570 4267 3585 4291 ,
3626 4245 3726 4280 ττι..

2156 4314 2339 4384 ρόντος
2393 4312 2491 4381 μὲν
2553 4311 2758 4381 πατρὸς
2809 4314 2903 4366 καὶ
2940 4313 3288 4381 διδασκάλων,
3329 4319 3449 4372 οὐδὲ
3493 4321 3723 4393 (φησὶ,)

483 4416 682 4483 pueris.
713 4417 781 4469 At
829 4415 976 4469 illum
1030 4410 1201 4485 r'ogo:
1243 4416 1450 4482 Quem,
1498 4430 1529 4468 ο
1578 4415 1746 4479 bene,
1802 4423 2044 4482 patrem,

2161 4403 2328 4470 λέγειν
2358 4401 2465 4472 (48)
2491 4400 2851 4472 ἐθελήσουσιν,
2888 4403 3007 4456 οὐδὲ
3050 4404 3367 4476 δυνήσονται
3394 4411 3505 4472 τοῖς
3543 4412 3723 4463 παισὶν

482 4522 639 4576 quem
672 4517 1054 4575 praeceptorem
1098 4507 1268 4561 dicis?
1310 4506 1366 4559 Si
1409 4522 1554 4572 cum,
1582 4505 1672 4575 qui
1707 4505 1893 4557 virtuti
1934 4512 2049 4557 stu-

484 4601 630 4660 deat,
658 4599 749 4667 qui
781 4599 1077 4666 nequitiam
1111 4599 1351 4661 horreat,
1375 4598 1470 4667 qui
1502 4597 1725 4650 meliora
1760 4602 2044 4664 capessat;

481 4691 620 4743 scito
650 4704 745 4743 nos
788 4704 970 4743 coram
1015 4686 1103 4740 illo
1137 4688 1408 4755 intrepide
1449 4696 1633 4740 nostra
1686 4686 1868 4756 pueris
1905 4697 2046 4739 rete-

483 4791 688 4843 ctttros,
736 4791 913 4833 certos
962 4779 1213 4831 nimirum
1259 4778 1349 4831 tali
1400 4776 1571 4845 judici
1621 4775 1905 4844 probatum
1953 4774 2042 4827 iri.

483 4868 747 4923 Tacemus
787 4879 963 4922 autem
1005 4883 1188 4922 coram
1231 4867 1399 4940 486
1430 4877 1582 4937 patre
1631 4866 1722 4933 qui
1773 4865 1956 4918 virtuti
1989 4873 2044 4917 et.

483 4958 751 5013 honestati
783 4967 867 5013 est
914 4958 1196 5020 inimicus,
1244 4971 1427 5010 coram
1482 4954 1905 5025 praeceptoribus
1952 4954 2043 5021 qui

480 5051 755 5106 contraria
791 5064 937 5105 sanae
978 5048 1239 5105 doctrina:
1288 5048 1531 5103 tradunt.
1578 5048 1763 5114 Neque
1796 5046 1848 5101 id
1893 5046 2047 5101 nobis

555 5286 663 5357 (4‘5)
701 5287 856 5345 Libb.
890 5286 1161 5357 impressi,
1188 5283 1634 5355 δυσειδαιμονίας,
1668 5283 1828 5357 male.

553 5352 663 5431 (44)
702 5360 871 5413 Codd.
903 5352 1105 5427 Regius
1132 5368 1187 5413 et.
1214 5352 1557 5419 Basilcensis,
1580 5353 1865 5423 ἀφιστῶσι.
1885 5352 2036 5408 Libb.

480 5443 641 5484 antea
678 5431 830 5493 editi,
865 5431 1144 5499 ἀφιστᾶσι.

701 5500 857 5574 Libb.
886 5495 1070 5574 excusi
1107 5499 1458 5574 in_margin_e,
1487 5495 1791 5574 φιλοσοφίᾳ.
1826 5562 1859 5574 ﬂ
1909 5562 1921 5574 O

552 5562 664 5637 (46)
716 5570 1094 5639 Ἀρορῶντας.
1157 5562 1511 5625 δρτίὺᾶιιώηιὶ
1564 5562 1773 5623 videtur
1820 5562 2036 5631 Guieto,

481 5638 869 5692 ἀναφέροντας.

519 5654 846 5693 ναφεοοντας
853 5678 869 5692 ι

552 5655 869 5709 αφεροντας.

552 5708 665 5779 (47)
715 5709 1040 5777 Ἀγροίκων.
1084 5711 1243 5770 Forte
1279 5710 1583 5781 legendum,
1619 5709 1711 5766 καὶ
1740 5707 2032 5781 ἀγροίκων,

2154 4496 2472 4569 ἑρμηνεύειν
2523 4496 2746 4563 ἀγαθόν.
2794 4497 2903 4550 Καὶ
2971 4498 3106 4569 πρὸς
3157 4497 3316 4552 τοῦτο
3367 4499 3412 4551 δ’
3456 4501 3720 4572 ἐροῦμεν·

2152 4589 2314 4641 Ποίου
2348 4590 2473 4657 φῂς,
2505 4581 2549 4639 ὦ
2578 4581 2758 4651 οὗτος,
2799 4588 3026 4659 πατρὸς,
3067 4590 3160 4642 καὶ
3196 4590 3346 4642 ποίου
3374 4590 3719 4657 διδασκάλου;

2152 4682 2216 4734 Εἰ
2244 4679 2341 4749 μὲν
2385 4678 2479 4730 τοῦ
2517 4678 2716 4749 ἀρετὴν
2761 4678 3178 4749 ἀποδεχομένου,
3220 4681 3315 4734 καὶ
3360 4682 3556 4734 κακίαν
3593 4684 3719 4735 ἀπο-

2155 4771 2540 4844 στρεφομένου,
2567 4772 2659 4824 καὶ
2687 4771 3065 4842 ἀσπαζομένου
3092 4771 3161 4824 τὰ
3199 4772 3500 4843 κρείττονα,
3542 4775 3715 4837 ἄκουε,

2152 4864 2234 4917 ὅτι
2273 4863 2364 4915 καὶ
2403 4862 2546 4932 μάλα
2590 4861 2950 4934 θαρροῦντες,
3000 4862 3075 4927 ὡς
3123 4862 3535 4935 εὐδοκιμοῦντες
3574 4863 3717 4937 παρά

2152 4955 2231 5026 τῷ
2255 4952 2477 5024 τοιούτῳ
2510 4957 2689 5025 κριτῇ,
2732 4954 2960 5026 ἐροῦμεν
2990 4959 3101 5020 τοῖς
3140 4955 3294 5009 παισὶ
3332 4957 3401 5011 τὲ
3444 4959 3716 5032 ἡμέτερα·

2153 5048 2202 5099 εί
2234 5046 2277 5099 δ’
2303 5044 2531 5099 ἐνώπιον
2579 5046 2783 5115 πατρὸς
2810 5045 3233 5119 διαϐεϐλημένου
3263 5049 3372 5123 (49)
3414 5051 3550 5123 πρὸς
3595 5053 3713 5123 ἀρε-

2145 5294 2202 5339 et
2231 5281 2539 5356 patilqpost
2563 5281 3041 5356 ἀπαιδευτοτάτοις
3067 5301 3162 5337 κα.
3186 5285 3488 5356 ἀγροίκοις,

2220 5351 2334 5421 (48)
2380 5354 2572 5407 Vocem
2618 5351 2798 5419 λέγειν
2856 5355 3139 5408 delendam
3200 5351 3386 5409 censet
3459 5354 3710 5409 Bohcrel-

2144 5424 2253 5485 lus.
2283 5438 2337 5475 et
2365 5434 2514 5477 certe
2544 5425 2697 5478 abest
2725 5437 2883 5489 Supra
2910 5439 3060 5477 num.
3085 5426 3170 5480 54.
3195 5426 3394 5479 Ibidem
3431 5425 3568 5488 loco,
3606 5425 3711 5477 ἐθε-

2143 5492 2427 5565 λήσουσιν,
2480 5491 2675 5549 Guieto
2732 5491 3079 5550 scribendum
3148 5497 3356 5552 videtur
3420 5495 3708 5569 ἐκθλήτου-

2144 5580 2248 5617 σιν.

2144 5581 2248 5618 σιν.

2144 5632 2705 5758 6°aitpvol‘itesclielius
2736 5646 2787 5695 et
2818 5636 3130 5710 Spencerus
3161 5640 3213 5695 in
3244 5638 3509 5710 margine,
3532 5635 3706 5691 διαῢει

2210 5721 2242 5777 η
2251 5721 2431 5776 μενον.
