3998 6170
291 237 400 295 997

1482 240 1761 298 CONTRA
1799 239 2078 298 CELSUM
2113 238 2242 294 LIB.
2283 236 2372 293 Ill.

3433 236 3535 293 998

285 356 396 424 τὴν
430 355 524 408 καὶ
559 355 979 425 καλοκάγαθίαν,
1015 357 1324 428 σιωπῶμεν,
1350 359 1443 412 καὶ
1472 361 1582 413 τῶν
1617 363 1686 416 τὰ
1712 364 1855 426 ἐναν·

1973 360 2104 414 vitio
2145 369 2334 425 verte;
2367 365 2611 412 verteres
2645 358 2788 411 enim
2843 353 3061 424 injuste.
3113 355 3190 410 Tu
3226 357 3366 410 enim
3420 358 3536 423 ipse

285 445 382 499 τία
405 446 483 516 τῷ
516 448 658 515 ὑγιεί
687 447 828 518 λόγῳ
862 448 1238 512 διδασκόντων,
1263 448 1421 502 τοῦτο
1453 452 1572 522 μηδ’
1604 455 1734 523 ἡμῖν
1775 455 1866 522 ἐγ-

288 541 476 593 κάλει·
516 541 574 594 οὐ
624 540 732 613 γὰρ
775 541 1010 610 εὐλόγως
1054 543 1322 611 ἐγκαλεῖς.
1369 543 1478 596 Καὶ
1524 543 1587 596 σὺ
1635 544 1763 612 γοῦν
1797 545 1865 599 τὰ

286 631 606 701 φιλοσοφίας
627 632 786 704 ὄργια
810 637 921 697 τοῖς
950 633 1088 697 νέοις
1113 635 1208 688 καὶ
1234 637 1388 698 υἱοῖς,
1419 636 1668 706 πατέρων
1695 639 1862 707 ἀργὸν

287 725 521 795 πρᾶγμα
548 725 640 776 καὶ
667 725 939 794 ἀνωφελὲς
971 726 1316 795 νομιζόντων,
1345 726 1655 795 φιλοσοφίαν
1686 744 1863 797 παρα-

282 816 461 880 διδοὺς
503 821 616 880 τοῖς
661 821 868 881 παισὶν,
917 819 1015 871 οὐκ
1057 820 1149 873 ἐπὶ
1185 819 1294 872 τῶν
1343 818 1558 888 φαύλων
1608 821 1860 891 πατέρων

285 909 462 980 ἐρεῖςο
511 910 641 963 ἀλλὰ
697 910 1012 981 βουλόμενος
1071 913 1388 984 χωρίζεσθαι
1439 914 1565 977 τοὺς
1619 930 1860 984 προτρα-

286 1001 491 1065 πέντας
532 1003 623 1054 ἐπὶ
670 1004 982 1071 φιλοσοφίαν
1018 1005 1166 1066 υἱοὺς
1217 1004 1321 1057 τῶν
1371 1005 1653 1076 μοχθηρῶν
1693 1004 1862 1058 πατέ-

288 1109 422 1161 ρων,
461 1095 806 1164 ἐπιτηρήσεις
847 1095 1098 1164 καιροὺς,
1127 1095 1213 1146 ἵνα
1261 1095 1588 1148 καθίκωνται
1621 1097 1670 1147 οἱ
1711 1095 1860 1163 φιλο-

288 1183 482 1252 σοφίας
506 1184 652 1251 λόγοι
686 1183 792 1236 τῶν
827 1185 978 1236 νέων.
1017 1185 1124 1237 Καὶ
1151 1185 1276 1255 περὶ
1306 1185 1413 1236 τῶν
1437 1185 1766 1237 διδασκάλων
1804 1183 1860 1236 δὲ

286 1273 362 1326 τὰ
388 1275 522 1327 αὐτὰ
557 1277 825 1345 φήσομεν·
859 1278 905 1328 εί
941 1277 1036 1346 μεν
1070 1275 1177 1347 γὰρ
1203 1277 1586 1347 ἁποτρέπομεν
1612 1277 1863 1328 διδασκά-

289 1362 399 1416 λων
427 1364 780 1419 διδασκόντων
804 1367 870 1418 τὰ
897 1368 1105 1437 ἄσεμνα
1129 1367 1229 1436 τῆς
1263 1368 1572 1438 κωμιεῶίας,
1614 1369 1706 1420 καὶ
1735 1370 1862 1429 τοὺς

290 1457 621 1520 ἀκολάστους
647 1458 752 1510 τῶν
798 1459 1024 1529 ἰάμϐων,
1071 1461 1162 1511 καὶ
1191 1459 1287 1510 ὅσα
1321 1459 1474 1521 ἄλλα,
1514 1458 1548 1511 ἂ
1593 1461 1726 1528 μήτε
1771 1458 1860 1511 τὸν

289 1546 515 1616 λέγοντα
538 1549 872 1620 ἐπιστρέφει,
907 1552 1040 1621 μήτε
1067 1551 1190 1613 τοὺς
1213 1550 1501 1614 ἀκούοντας
1521 1550 1738 1619 ὠφελεῖ,
1767 1551 1861 1603 καὶ

295 1639 369 1710 μὴ
407 1641 610 1703 εἰδότας
645 1641 943 1709 φιλοσόφως
979 1641 1192 1694 ἀκούειν
1229 1643 1567 1711 ποιημάτων,
1607 1642 1700 1693 καὶ
1741 1644 1861 1694 ἐπι-

1965 467 2070 505 ηοη
2119 452 2357 520 aperires
2415 451 2848 516 adolescentibus
2889 455 2942 500 et
2995 448 3122 503 tiliis
3173 447 3533 519 philoSOphia:

1963 556 2158 594 arcana
2187 555 2368 595 coram
2418 543 2659 611 patrihus
2706 540 2842 593 male
2887 537 3126 603 aiTectis,
3176 539 3379 606 q-uique
3415 552 3530 590 rem

1966 631 2182 686 inanem
2220 632 2572 701 inutilemque
2607 632 2916 700 judicarent
2942 644 3061 682 esse
3095 629 3526 699 philosophiam;
3576 678 3584 684 .

1963 726 2054 778 sed
2087 725 2250 778 velles
2282 741 2377 778 eos
2409 725 2570 790 ﬁlios,
2615 740 2752 793 quos
2786 724 2852 775 ad
2899 723 3295 790 philosophiam
3327 723 3533 778 adhor-

1963 815 2152 866 tandos
2185 816 2456 878 duxisses,
2495 815 2775 868 discedere
2823 813 2890 864 ab
2938 813 3199 881 improbis
3249 813 3528 880 patribus;

1963 918 2210 975 captares
2237 907 2618 967 occasionem,
2667 907 2755 959 ubi
2788 904 2862 956 tui
2913 905 2978 957 de
3025 904 3364 973 philosophia
3417 921 3534 960 ser-

1963 1017 2151 1056 tuones
2211 1010 2428 1056 teneros
2473 1002 2730 1070 juvenum
2778 1001 2986 1053 animos
3051 1001 3334 1070 attingant.
3378 1000 3528 1066 Quod

1965 1093 2105 1147 idem
2137 1093 2258 1146 dico
2303 1094 2369 1146 de
2400 1093 2840 1161 praeceptoribus.
2897 1093 2954 1145 Si
2992 1094 3133 1145 enim
3165 1108 3192 1144 a
3232 1102 3531 1161 prtecepto-

1961 1187 2112 1238 rihus
2167 1185 2508 1248 ahducimus,
2561 1183 2652 1250 qui
2706 1183 2991 1237 obscenas
3041 1187 3374 1248 commdias,
3426 1185 3529 1237 im—

1961 1293 2125 1346 puros
2173 1277 2381 1330 iambos
2411 1276 2602 1330 docent
2629 1283 2681 1328 et
2713 1275 2836 1337 alia,
2885 1291 3004 1342 qua:
3038 1291 3136 1329 nec
3165 1287 3524 1343 exponentem

1961 1366 2241 1432 corrigunt
2277 1381 2377 1420 nec
2411 1366 2562 1418 utilia
2607 1371 2731 1418 sunt
2773 1363 3135 1426 audientibus,
3162 1364 3284 1432 quia
3317 1381 3413 1419 nec
3439 1365 3528 1419 isti

1962 1459 2334 1527 pltilOSOphico
2384 1459 2567 1512 animo
2618 1457 2858 1512 carmina
2914 1457 3098 1509 audire
3136 1467 3390 1524 possunt,
3429 1473 3529 1512 nec

1961 1551 2036 1604 illi
2085 1551 2309 1618 singulis
2351 1550 2635 1617 juvenibus
2683 1548 3026 1612 interpretari
3072 1562 3191 1614 qua:
3238 1548 3303 1600 ad
3339 1561 3524 1601 eorum

1959 1643 2243 1696 utilitatem
2277 1645 2529 1707 tendunt;
2569 1642 2620 1694 id
2655 1656 2782 1694 vero
2813 1638 2966 1691 fateri
2996 1654 3099 1691 non
3131 1637 3526 1695 eruheseintus.

291 1729 468 1798 λέγειν
506 1732 753 1794 ἑκάστοις
793 1733 860 1784 τά
921 1733 1256 1785 συντείνοντα
1303 1736 1382 1796 εἰς
1438 1733 1702 1801 ὠφέλειαν
1755 1733 1855 1786 τῶν

1966 1723 2060 1787 Sin
2107 1733 2223 1801 agis
2264 1732 2330 1786 de
2360 1731 2804 1801 prteceptoribus,
2851 1729 2940 1797 qui
2978 1729 3373 1798 philosolihiam
3426 1731 3527 1783 do-

292 1821 456 1874 ίλὲωνθ
504 1821 660 1874 τοῦτο
697 1822 1000 1886 ποιοῦντες,
1039 1825 1137 1876 ούκ
1177 1823 1537 1894 αἰσχυνόμεθα
1579 1823 1857 1892 ὁμολογεῖν

291 1911 353 1963 τὸ
384 1912 778 1982 πραττόμενον·
812 1915 858 1965 εί
891 1913 945 1965 δὲ
985 1914 1352 1984 παραστήσεις
1389 1931 1476 1983 μοι
1510 1912 1858 1976 διδασκάλους

291 2002 427 2074 πρὸς
477 2003 784 2073 φιλοσοφίαν
827 2004 1282 2075 προπαιδεύοντας
1321 2007 1414 2058 καὶ
1457 2007 1512 2058 ἐν
1567 2005 1855 2076 φιλοσοφίᾳ

289 2093 686 2162 γυμνάζοντας,
737 2094 836 2147 οὐκ
879 2095 1167 2166 ἀποτρέψω
1218 2097 1314 2166 μὲν
1354 2097 1462 2166 (50)
1509 2097 1616 2150 ἀπὸ
1653 2098 1856 2151 τούτων

286 2185 413 2246 τοὺς
464 2185 641 2249 νέους,
692 2187 1020 2258 πειράσομαι
1057 2187 1113 2240 δὲ
1159 2189 1715 2259 προγυμνασαμένους
1768 2191 1857 2242 αὐ-

283 2274 410 2337 τοὺς
447 2273 519 2338 ὡς
561 2277 618 2329 ἐν
655 2277 962 2344 ὲγκυκλίοις
1011 2277 1292 2349 μαθήμασι
1340 2279 1432 2331 καὶ¹
1480 2282 1590 2342 τοῖς
1641 2280 1854 2348 φιλοσο-

285 2367 572 2438 φουμένοις
608 2369 932 2424 ἀναϐιϐάσαι
960 2371 1050 2423 ἐπὶ
1078 2371 1136 2424 τὸ
1171 2371 1362 2441 σεμνὸν
1401 2372 1496 2424 καὶ
1525 2372 1724 2441 ὑψηλὸν
1755 2372 1856 2442 τῆς

283 2454 566 2526 λεληθυίας
595 2459 720 2525 τοὺς
751 2459 975 2522 πολλοὺς
1017 2460 1356 2530 Χριστιανῶν
1413 2460 1820 2530 μεγαλοφωνίας
1839 2500 1854 2524 ,

285 2548 414 2618 περὶ
463 2549 572 2601 τῶν
624 2550 890 2620 μεγίστων
936 2551 1028 2602 καὶ
1074 2551 1511 2618 ἀναγκαιοτάτων
1556 2551 1856 2622 διαλαμϐα-

1964 1833 2124 1879 ceant
2152 1833 2206 1876 ct
2235 1824 2288 1877 in
2321 1823 2660 1892 philosophia
2690 1832 3005 1885 exerceant,
3033 1821 3100 1874 ab
3129 1821 3212 1874 his
3243 1836 3344 1873 non
3374 1836 3529 1874 aver-

1963 1925 2070 1970 tam
2104 1915 2323 1984 quidem
2369 1914 2774 1980 adolescentes;
2821 1915 2915 1969 sed
2967 1914 3207 1967 conabor
3259 1910 3377 1966 illos
3415 1912 3526 1979 jam

1962 2015 2085 2060 ante
2128 2007 2477 2069 exercitatos,
2508 2015 2562 2059 et
2614 2007 2667 2060 in
2718 2007 3127 2076 disciplinarum
3181 2005 3346 2058 veluti
3398 2005 3528 2059 orbe

1961 2105 2208 2151 versatos
2256 2106 2418 2165 atque
2468 2097 2806 2167 philosophia
2863 2109 3191 2168 praeparatos
3243 2098 3310 2152 ad
3362 2113 3527 2152 vene-

1963 2189 2187 2242 randam
2217 2188 2608 2257 sublimemque
2645 2199 2700 2244 et
2745 2189 2900 2258 vulgo
2946 2191 3182 2261 ignotam
3229 2189 3528 2244 subvehere

1958 2280 2515 2350 grandiloquentiam,
2570 2299 2674 2352 qua
2733 2282 3028 2338 Christiani
3070 2284 3134 2336 de
3193 2285 3354 2337 rebus
3407 2298 3525 2335 ma-

1959 2372 2119 2426 ximis
2165 2374 2505 2439 maximeque
2540 2374 2862 2428 necessariis
2915 2374 3227 2436 disserunt,
3270 2381 3324 2426 et
3368 2387 3522 2425 suam

1960 2463 2378 2532 philosophiam,
2413 2464 2526 2526 Dei,
2575 2466 2984 2534 prophetarum,
3025 2464 3262 2536 Jesuque
3308 2475 3527 2536 aposto-

1961 2553 2136 2606 lnrttm
2167 2553 2560 2622 philosophiam
2593 2571 2712 2608 esse
2743 2557 3137 2610 demonstrant.

283 2643 504 2706 νόντων,
550 2646 642 2698 καὶ
672 2645 1102 2698 ἀποδεικνύντων
1132 2647 1224 2698 καὶ
1263 2647 1640 2716 παριστάντων
1670 2646 1806 2699 αὐτὰ
1860 2646 2321 2718 πεφιλοσοφῆσθαι
2351 2648 2500 2717 παρὰ
2535 2651 2646 2712 τοῖς
2677 2649 2769 2702 τοῦ
2815 2649 2946 2703 Θεοῦ
2981 2652 3282 2722 προφήταις
3306 2652 3398 2704 καὶ
3417 2653 3529 2714 τοῖς

281 2735 378 2788 τοῦ
411 2737 584 2808 Ἰησοῦ
616 2738 948 2801 ἀποστόλοις.

354 2823 486 2879 Εἶτα
516 2828 652 2898 μετὰ
675 2828 864 2890 ταῦτα,
895 2829 1212 2899 αἰσθόμενος
1241 2828 1432 2882 ἑαυτοῦ
1463 2831 1490 2882 ό
1525 2830 1732 2893 Κέλσος
1767 2848 1857 2882 πι-

282 2920 538 2992 κρότερον
568 2923 697 2991 ἡμῖν
742 2921 1219 2992 λοιδορησαμένου,
1266 2922 1508 2994 ὡσπερεὶ
1562 2923 1856 2992 ἀπολογού-

285 3031 462 3084 μενος,
498 3013 721 3068 τοιαῦτά
781 3031 974 3085 φησιν·
1028 3034 1044 3066 ι
1079 3017 1198 3068 Ὅτι
1245 3015 1300 3067 δὲ
1348 3016 1497 3068 οὐδὲν
1537 3017 1857 3087 πικρότερον

284 3105 612 3175 ἐπαιτιῶμαι
642 3105 674 3177 ἢ
707 3107 788 3173 ἐφ’
813 3108 936 3159 ὅσον
974 3107 1007 3177 ή
1048 3106 1270 3173 ἀλήθεια
1317 3106 1584 3176 βιάζεται,
1627 3125 1855 3177 τεκμαι-

287 3195 464 3268 ρέσθω
491 3196 580 3249 καὶ
603 3197 788 3250 τούσδε
822 3216 903 3261 τις
933 3198 1063 3269 (δι).
1091 3196 1151 3250 Oi
1193 3197 1289 3268 μὲν
1324 3199 1430 3269 γάρ
1456 3203 1534 3263 είς
1564 3199 1662 3263 τὰς
1690 3200 1850 3263 ἄλλας

287 3285 514 3348 τελετὰς
549 3286 836 3350 καλοῦντες
875 3287 1303 3358 προκηρύττουσι
1333 3288 1486 3340 τάδε·
1525 3290 1710 3353 Ὅστις
1742 3293 1852 3360 χεῖ-

290 3394 387 3448 ρας
421 3366 656 3448 καθαρὸς
694 3379 786 3430 καὶ
827 3377 1006 3448 φωνὴν
1045 3377 1290 3439 συνετός·
1321 3379 1413 3430 καὶ
1454 3373 1610 3441 αὖθις
1649 3380 1848 3449 ἕτερον

290 3467 477 3530 Ὅστις
515 3469 675 3535 ἁγνὸς
725 3467 831 3521 ἀπὺ
887 3469 1084 3532 παντὸς
1139 3469 1339 3540 μύσους
1375 3469 1504 3538 (359.),
1555 3471 1648 3522 καὶ
1679 3471 1784 3540 ὅτῳ
1819 3472 1850 3542 ἡ

283 3556 428 3627 ψυχὴ
467 3557 616 3610 οὐδὲν
662 3557 863 3611 σύνοιδε
904 3559 1087 3620 κακον,
1125 3560 1220 3610 καὶ
1259 3560 1364 3628 ὅτῳ
1398 3554 1456 3611 εὖ
1499 3561 1592 3612 καὶ
1633 3559 1854 3622 δικαίως

289 3647 558 3713 βεϐίωται.
596 3649 704 3700 Καὶ
756 3649 929 3702 ταῦτα
981 3649 1446 3721 προκηρύττουσιν
1494 3651 1541 3702 οἱ
1581 3651 1853 3723 καθάρσια

286 3740 691 3810 ἁμαρτημάτων
710 3741 966 3812 ὑπισχνού
977 3760 1145 3812 μενοι.
1164 3742 1589 3813 ’Υπακούσωμεν
1620 3743 1674 3796 δὲ
1704 3745 1853 3807 τίνας

287 3831 416 3883 ποτε
445 3825 588 3884 οὗτοι
637 3833 920 3886 καλοῦσιν’
961 3836 1151 3898 ’Ὅστις
1182 3833 1370 3906 [φησὶν
1406 3833 1549 3906 (55)]
1593 3837 1851 3906 ἁμαρτω-

287 3922 402 3986 λός,
433 3925 579 3987 ὅστις
622 3925 906 3988 ἀσύνετος,
951 3926 1098 3989 ὅστις
1152 3928 1374 3990 νήπιος,
1413 3927 1507 3978 καὶ
1547 3926 1622 3988 ὼς
1670 3926 1852 3989 ἁπλῶς

285 4017 476 4076 εἰπεῖν,
532 4015 676 4078 ὅστις
734 4016 1096 4085 κακοδαίμων,
1145 4017 1330 4070 τοῦτον
1385 4019 1419 4088 ἡ
1472 4017 1714 4086 βασιλεία
1757 4016 1851 4070 τοῦ

285 4107 417 4160 Θεοῦ
448 4106 671 4170 δέξεται.
711 4108 814 4160 Τὸν
848 4109 1169 4179 ἁμαρτωλὸν
1201 4106 1310 4180 ἆρα
1345 4109 1404 4160 ού
1435 4108 1623 4161 τοῦτον
1667 4108 1851 4176 λέγετε

283 4198 374 4250 τὸν
421 4198 619 4262 ἄδικον,
657 4199 748 4250 καὶ
782 4198 1036 4268 κλέπτην,
1072 4201 1163 4252 καὶ
1205 4199 1555 4270 τοιχωρύχον,
1587 4201 1680 4252 καὶ
1715 4217 1853 4269 φαρ-

289 4288 487 4360 μακέα,
531 4290 626 4341 καὶ
669 4289 958 4360 ἱερόσυλον,
1007 4291 1100 4342 καὶ
1142 4291 1530 4361 τυμϐωρύχον;
1577 4291 1736 4353 Τίνας
1787 4291 1852 4343 ἂν

286 4380 477 4444 ἄλλους
537 4381 924 4452 προκηρύττων
973 4381 1172 4454 λῃστὰς
1217 4382 1324 4451 (Ei-ﬁ)
1379 4381 1640 4445 ἑκάλεσε;
1672 4400 1689 4431 ι
1742 4381 1850 4434 Καὶ

2028 2829 2119 2884 59.
2161 2829 2349 2883 Celsus
2379 2837 2562 2897 postea
2605 2830 2858 2884 conscius
2903 2845 2960 2885 se
2991 2832 3056 2886 de
3103 2831 3256 2885 nobis
3305 2845 3526 2884 amaru-

1960 2921 2156 2976 leutius
2183 2921 2552 2986 maledixisse,
2571 2924 2720 2990 quasi
2745 2923 2810 2975 ad
2841 2924 3204 2978 excusandum
3237 2923 3313 2976 sic
3345 2936 3526 2992 prose-

1958 3013 2142 3081 quitur
2168 3030 2181 3065 :
2220 3030 2238 3062 ε
2268 3011 2422 3077 Quod
2449 3026 2550 3082 ego
2587 3028 2688 3067 non
2721 3013 2999 3068 acerbiora
3029 3014 3319 3080 objecerim
3360 3027 3523 3082 quam

1960 3119 2078 3172 quae
2121 3103 2322 3157 veritas
2352 3105 2559 3172 coegit,
2610 3104 2692 3157 vel
2732 3105 2857 3158 hinc
2900 3103 3090 3170 conjici
3144 3115 3340 3172 potest.
3387 3104 3522 3156 Nam

1958 3195 2048 3263 qui
2079 3193 2142 3245 ad
2177 3193 2280 3245 alia
2328 3193 2582 3261 mysteria
2614 3203 2826 3256 vocant,
2873 3194 2985 3248 luce
3019 3195 3373 3262 pronuntiant
3412 3194 3519 3246 alta

1956 3298 2124 3339 voce:
2157 3284 2407 3352 Quisquis
2439 3285 2587 3352 puris
2624 3294 2708 3337 est
2739 3283 2985 3335 manibus
3024 3293 3077 3336 et
3104 3299 3234 3336 voce
3265 3284 3514 3351 sapiens;

1954 3383 2009 3430 et
2052 3391 2236 3430 rursus
2266 3377 2354 3428 alii
2397 3390 2411 3426 :
2449 3375 2700 3445 Quisquis
2750 3391 2916 3443 purus
2969 3376 3035 3428 ah
3082 3375 3227 3428 omni
3281 3375 3514 3440 scelere,

1956 3466 2107 3534 cujus
2139 3465 2526 3519 conscientiam
2573 3465 2704 3518 nihil
2745 3465 2870 3518 ntali
2911 3466 3211 3531 remordet,
3262 3467 3347 3518 cui
3383 3466 3522 3519 bene

1954 3566 2006 3612 et
2042 3556 2186 3624 juste
2231 3564 2445 3624 peracta
2477 3555 2583 3608 vita
2632 3564 2730 3608 est.
2776 3554 2956 3622 Atque
3004 3556 3118 3607 lucc
3160 3555 3398 3622 quidem,
3429 3555 3522 3622 qui

1954 3658 2294 3718 peccatorum
2345 3645 2718 3714 purgationem
2781 3644 3130 3712 promittunt.
3182 3641 3334 3695 Nune
3382 3655 3513 3694 vero

1955 3745 2239 3798 audiamus
2269 3756 2526 3810 quosnam
2555 3739 2818 3792 advocent
2851 3735 3149 3790 Christiani
3183 3751 3197 3788 :
3229 3734 3510 3803 Quisquis,

1954 3837 2231 3904 inquiunt,
2279 3845 2550 3901 peccator,
2606 3828 2853 3898 quisquis
2914 3827 3211 3895 insipiens,
3270 3824 3519 3894 quisquis

1954 3943 2109 3998 puer,
2141 3935 2215 3990 et,
2244 3936 2302 3980 ut
2331 3924 2496 3978 verbo
2531 3925 2728 3986 dicam,
2759 3921 3006 3990 quisquis
3027 3920 3209 3974 infelix
3241 3928 3354 3984 est;
3376 3919 3518 3973 hunc

1955 4021 2048 4074 Dei
2084 4033 2308 4088 regnum
2337 4015 2585 4084 accipiet.
2626 4013 2688 4067 Et
2725 4027 2882 4081 quem
2921 4021 3262 4082 peccatorem
3294 4011 3518 4064 dicitis?

1953 4109 2141 4164 Nonne
2169 4110 2446 4179 injustam,
2480 4108 2675 4171 furem,
2713 4119 2991 4158 murorum
3031 4103 3398 4165 etl‘ractorem,
3429 4116 3519 4154 ve-

1955 4204 2222 4268 neﬁcum,
2289 4201 2649 4270 sacrilegum,
2709 4207 3045 4251 mortuorum
3123 4194 3520 4264 spoliatorem?

1955 4294 2164 4360 Ecquos
2208 4293 2343 4346 alios
2373 4299 2632 4354 voearet,
2683 4289 2774 4358 qui
2808 4289 3075 4341 latronum
3120 4284 3378 4340 eonﬂaret
3427 4299 3518 4336 so-

1956 4384 2251 4437 cietatem?
2285 4403 2306 4435 ι
2364 4383 2444 4436 Ad
2492 4384 2608 4436 haec
2658 4379 2920 4441 dicimus,
2973 4376 3122 4430 aliud
3177 4390 3296 4428 esse
3345 4389 3518 4444 rcgras

286 4473 422 4544 πρὸς
451 4474 623 4528 ταῦτα
650 4475 704 4526 δέ
750 4492 946 4545 φαμεν,
985 4475 1066 4528 ὃτι
1089 4475 1146 4526 ού
1194 4473 1387 4526 ταυτόν
1425 4476 1542 4526 ὲστι
1573 4470 1855 4535 νοσοῦντας

1960 4475 2168 4527 animas
2193 4473 2258 4526 ad
2288 4472 2658 4534 curationem;
2697 4469 2844 4522 aliud
2897 4483 3057 4522 sanas
3106 4467 3172 4520 ad
3215 4480 3397 4520 rerum
3433 4466 3516 4518 di-
3561 4483 3564 4488 ·

283 4567 379 4636 τὴν
415 4566 593 4637 ψυχὴν
619 4567 708 4619 ἐπὶ
734 4567 1021 4636 θεραπείαν
1047 4567 1247 4620 καλεῖν.
1273 4567 1365 4618 καὶ
1393 4565 1730 4632 ὑγιαίνοντας
1757 4563 1849 4616 ἐπὶ

283 4657 379 4726 τὴν
433 4657 540 4711 τῶν
594 4658 876 4729 θειοτέρων
943 4657 1140 4726 γνῶσιν
1208 4657 1300 4709 καὶ
1356 4657 1682 4728 ἐπιστήμην.
1738 4656 1850 4708 Καὶ

286 4748 442 4815 ἡμεῖς
469 4749 544 4813 δὲ,
584 4749 865 4821 ἀμφότερα
905 4747 1075 4801 ταῦτα
1121 4745 1548 4816 γιγνώσκοντες,
1591 4745 1709 4798 κατ’
1752 4746 1851 4815 ἀρ-

285 4837 384 4907 χὰς
429 4839 523 4907 μὲν
559 4841 982 4912 προκαλούμενοι
1029 4841 1120 4894 ἐπὶ
1169 4839 1234 4890 τὸ
1281 4836 1678 4907 θεραπευθῆναι
1721 4836 1848 4900 τοὺς

282 4931 626 5001 ἀνθρώπους,
677 4936 1052 5005 προτρέπομεν
1115 4936 1240 4997 τοὺς
1298 4930 1652 5002 ἁμαρτωλοὺς
1691 4929 1846 4998 ἣκειν

285 5022 377 5075 ἐπὶ
427 5023 551 5083 τοὺς
606 5021 945 5088 διδάσκοντας
997 5025 1188 5092 λόγους
1243 5023 1315 5094 μὴ
1365 5019 1718 5090 ἁμαρτάνειν,
1755 5019 1848 5071 καὶ

282 5113 408 5176 τοὺς
454 5109 740 5175 ἀσυνέτους
785 5113 879 5166 ἐπὶ
909 5116 1032 5177 τοὺς
1077 5113 1433 5184 ὲμποιοῦντας
1472 5108 1705 5168 σύνεσιν,
1755 5107 1849 5160 καὶ

281 5205 409 5267 τοὺς
443 5202 667 5274 νηπίους
711 5203 792 5266 είς
838 5202 897 5255 τὸ
929 5203 1239 5257 ἀναϐαίνειν
1293 5201 1601 5272 φρονήματι
1635 5195 1728 5248 ἐπὶ
1759 5196 1849 5248 τὸν

354 5405 465 5474 (50)
505 5405 674 5470 Alias,
706 5403 1104 5476 ἀποτρέψομεν,
1132 5405 1294 5476 male.

354 5479 464 5548 t5!)
512 5475 736 5530 Τούσδε
775 5474 885 5542 τιςῖ.
923 5474 1577 5548 Bchcrelloscribendum
1605 5475 1836 5548 videtur,

281 5543 455 5614 ὥςγέ
483 5565 586 5610 τις,
623 5548 815 5602 Gnieto
850 5555 1026 5598 autem
1053 5543 1226 5596 τοῖσδέ
1259 5561 1360 5607 τις.

359 5619 468 5687 (5:!)
509 5617 845 5672 fitescltelius
873 5618 924 5670 in
953 5626 1121 5687 textu,
1157 5615 1364 5685 μίσους.

358 5686 468 5758 (55)
508 5688 720 5757 Φησίν.
758 5686 1058 5759 Legendum
1095 5688 1319 5754 videtur,
1351 5688 1526 5754 φασίν.

1958 4563 2226 4616 viniorum
2267 4561 2632 4633 cognitionem
2671 4569 2725 4613 et
2775 4559 3058 4613 scientiam
3101 4571 3312 4610 vocare.
3373 4553 3516 4620 Nos,

1956 4655 2046 4724 qui
2099 4655 2382 4723 utriusque
2427 4654 2721 4708 discrimen
2761 4652 2986 4714 scimus,
3040 4649 3305 4718 principio
3352 4645 3516 4718 487

1955 4747 2168 4814 quidem
2223 4746 2470 4800 homines
2528 4746 2808 4799 hortamur
2854 4753 2912 4796 ut
2960 4742 3139 4795 curari
3199 4755 3256 4794 se
3311 4741 3514 4816 velint;

1955 4839 2237 4892 hortamur
2292 4846 2643 4905 peccatores,
2677 4843 2736 4888 ut.
2781 4833 3027 4888 doctores
3077 4832 3306 4884 audiant
3357 4829 3516 4897 quia

1953 4934 2228 5002 peccando
2259 4933 2584 4996 deterrent;
2612 4932 2952 5002 insipientes,
2984 4940 3040 4984 ut
3074 4931 3393 4985 acuentilms
3424 4932 3519 4984 ad-

1949 5023 2370 5092 juvantibusque
2400 5026 2465 5079 ad
2499 5025 2905 5094 intelligendum
2952 5023 3156 5077 dociles
3187 5040 3348 5078 aures
3380 5038 3518 5091 prae-

1955 5116 2144 5180 beant;
2178 5130 2400 5184 pueros,
2430 5125 2490 5170 ut
2522 5130 2720 5169 sensus
2753 5116 3101 5182 animumque
3140 5115 3347 5167 virilem
3388 5128 3517 5165 con-

1957 5205 2192 5275 cipiant;
2228 5205 2473 5262 infelices
2513 5209 2746 5277 denique
2795 5208 2860 5261 ad
2894 5210 3058 5262 vitam
3108 5204 3350 5267 felicem,
3397 5217 3512 5266 seu,

2020 5409 2132 5483 (54)
2171 5411 2775 5488 Λῃσζάςηῐιοςοηᾶιι-ιη
2802 5413 3028 5488 videtur
3076 5406 3297 5485 λῃστής.
3353 5405 3513 5488 l‘atr‘lo

1948 5494 2068 5558 post
2114 5482 2276 5540 codd.
2329 5485 2526 5558 Regius
2583 5493 2637 5536 et
2693 5482 3037 5558 B‘asileensis,
3090 5482 3379 5553 νοσούντας
3411 5482 3511 5558 τήν

1947 5552 2144 5649 ψυχήν.
2207 5551 2544 5608 Ηωεοιιριὶιιε
2603 5559 2657 5606 οι
2713 5552 3036 5620 Spencerus,
3092 5551 3349 5598 νοσοῦντα
3412 5551 3506 5614 τὴν

1946 5638 2140 5693 ψυχηνο
