3998 6170
547 241 652 299 999

2019 245 2339 301 ORICENIS

3638 249 3658 301 ί
3668 249 3785 305 00‘)

547 372 607 417 ut
657 363 827 430 "13ng
867 366 1086 434 proprie
1122 365 1328 435 loquar,
1362 365 1428 419 ad
1478 365 1862 421 beatitudinem
1899 368 2066 421 excita

2172 368 2387 437 ἀνδρα,
2428 365 2519 419 καὶ
2566 364 2691 428 τοὺς
2748 363 2930 427 ἁπλῶς
2967 364 3356 435 κακοδαίμονας
3399 364 3492 417 ἐπὶ
3532 363 3782 434 εὐδαιμο-

544 467 689 507 mus.
716 452 820 507 Sed
849 464 1130 523 postquam
1160 455 1217 517 ii,
1259 470 1387 522 quos
1413 456 1614 509 hortati
1637 472 1844 521 sumus,
1869 472 2107 527 progres-

546 541 753 597 sionem
782 545 847 597 ad
886 547 1137 599 virtutem
1168 542 1431 611 fecerunt,
1462 546 1534 599 ita
1563 556 1617 600 ut
1652 546 1770 600 illos
1800 563 1827 600 a
1859 548 2101 601 doctrina

543 634 858 688 emendatos
892 634 1058 690 fuisse
1106 637 1441 701 innotescat,
1485 647 1595 691 tum
1642 639 1853 692 demum
1901 640 2104 694 nosuis

542 728 814 796 mysteriis
861 727 1164 783 initiantur.
1215 748 1234 782 ι
1267 730 1603 800 Sapientiam
1642 731 1786 785 enim
1830 730 2101 802 loquimur

540 818 685 873 inter
719 817 988 888 perfectos
1008 821 1074 876 ".
1099 839 1119 873 ι

605 1019 695 1074 60.
735 1020 1001 1087 Quoniam
1030 1039 1158 1079 vero
1188 1026 1465 1089 docemus,
1504 1043 1522 1076 ι
1548 1024 1865 1092 sapientiam
1898 1027 1947 1079 in
1982 1041 2100 1079 ma-

532 1110 760 1165 levolam
799 1116 1033 1168 animam
1066 1131 1170 1169 non
1202 1116 1567 1179 introituram,
1607 1131 1707 1170 nec
1732 1116 2093 1172 habitaturam

532 1205 586 1259 in
619 1219 846 1272 corpore
883 1206 1097 1259 subdito
1124 1204 1432 1274 peccatis‘,
1462 1224 1480 1257 ι
1528 1205 1755 1260 dicimus
1791 1225 1806 1260 :
1840 1209 2095 1276 Quisquis

530 1305 613 1349 est
645 1296 790 1362 puris
818 1295 1064 1349 manibus
1090 1309 1141 1347 et
1169 1297 1259 1363 qui
1293 1306 1572 1363 propterea
1606 1312 1797 1350 manus
1824 1298 1889 1349 ad
1927 1296 2092 1352 Deum

529 1402 695 1458 puras
726 1385 887 1449 levat,
922 1387 1042 1453 quia
1076 1388 1323 1439 sublimia
1371 1386 1721 1455 caelestiaque
1756 1397 1975 1452 tractat,
2019 1387 2093 1441 ita

532 1484 590 1529 ut
622 1476 799 1528 dicere
851 1475 1021 1543 possit
1059 1489 1072 1525 :
1116 1493 1133 1526 ι
1156 1475 1395 1529 Elevatio
1446 1492 1698 1530 manuum
1730 1492 1968 1531 mearum
2002 1493 2094 1532 sa-

528 1567 791 1621 Crificium
847 1567 1204 1634 vespertinum
1227 1569 1271 1632 ²,
1322 1586 1342 1620 ›
1395 1568 1439 1621 is
1468 1569 1533 1621 ad
1581 1585 1678 1623 nos
1719 1571 1915 1623 veniat.
1949 1570 2086 1625 Dici-

528 1679 651 1718 mus
696 1665 857 1718 etiam
914 1682 928 1718 :
981 1664 1237 1732 Quisquis
1283 1676 1366 1719 est
1414 1680 1545 1719 voce
1580 1668 1814 1734 sapiens,
1848 1667 1987 1734 quod
2036 1666 2087 1719 in

527 1752 648 1822 lege
680 1754 884 1808 Domini
920 1756 1204 1808 meditetur
1232 1756 1318 1807 die
1351 1771 1414 1810 ac
1442 1766 1620 1823 nocte,
1651 1766 1703 1809 et
1736 1772 1831 1825 pro
1858 1772 2085 1811 consue-

528 1844 715 1897 tudine
759 1844 1085 1897 excrcitatos
1122 1844 1319 1899 habeat
1370 1860 1560 1899 sensus
1591 1845 1655 1898 ad
1709 1846 2086 1899 discretionem

523 1932 649 1990 beni
683 1949 746 1989 ac
795 1934 993 2001 mali';
1046 1935 1092 1989 is
1143 1950 1210 1989 ne
1256 1945 1511 2004 gravetur
1560 1935 1623 1986 ad
1655 1936 1857 1988 solidos
1887 1950 2089 2004 eosque

524 2026 797 2093 spiritales
827 2028 975 2081 cibos
1017 2028 1295 2090 accedere,
1333 2026 1423 2097 qui
1459 2027 1695 2096 pietatis,
1748 2027 2087 2096 aliarumque

520 2118 782 2171 virtutum
813 2119 1054 2172 omnium
1088 2118 1309 2174 athletis
1337 2119 1684 2185 cpuveniunt.
1737 2119 1802 2173 Et
1830 2120 1953 2189 quia
1994 2119 2084 2174 Dei

520 2207 693 2277 gratia
722 2218 802 2263 est
834 2224 953 2262 cum
983 2210 1234 2263 omnibus
1267 2210 1356 2279 qui
1393 2212 1705 2279 incorrupto
1745 2226 1931 2264 amore
1961 2226 2080 2264 eum

520 2307 723 2363 ainant,
759 2314 786 2352 a
835 2315 941 2367 quo
971 2300 1035 2353 de
1069 2300 1472 2355 immortalitate
1506 2302 1822 2357 documenta
1866 2302 2079 2364 dantur,

519 2384 751 2441 dicimus
783 2403 797 2440 :
831 2387 1083 2458 Quisquis
1132 2405 1297 2459 purus
1333 2401 1415 2445 est
1454 2408 1557 2444 non
1609 2392 1676 2445 ab
1704 2394 1847 2444 enini
1877 2394 2081 2447 scelere

516 2485 757 2541 tantum,
806 2480 898 2532 sed
929 2468 1189 2533 etiam'ab
1219 2481 1283 2534 iis
1316 2482 1556 2549 peccatis
1585 2498 1703 2552 quae
1734 2499 1830 2551 pro
1863 2482 2080 2537 leviori-

516 2564 619 2623 bus
668 2568 981 2632 habentur,-
1012 2571 1239 2626 ﬁdenter
1284 2575 1506 2627 accedat
1539 2575 1830 2629 initiandns
1859 2576 2076 2646 religio-

516 2656 603 2713 nis
632 2656 756 2712 Jesu
807 2662 1094 2732 mysteriis,
1130 2679 1251 2733 qua:
1300 2666 1511 2719 nonnisi
1546 2680 1642 2734 pro
1674 2669 1821 2736 puris
1864 2678 1913 2721 et
1946 2685 2074 2723 san-

514 2748 619 2803 Clis
664 2748 904 2805 instituta
955 2762 1101 2809 sunt.
1152 2753 1217 2809 Et
1268 2767 1437 2828 mysta
1495 2759 1711 2827 quidem
1763 2759 1902 2813 Celsi
1950 2761 2070 2814 ait:

518 2858 538 2891 ι
563 2840 722 2908 Cujus
747 2845 1133 2900 conscientiam
1156 2846 1287 2901 nihil
1316 2850 1438 2902 mali
1470 2853 1769 2915 remordet,
1799 2854 2011 2919 veniat;
2048 2873 2066 2905 ι

510 2931 605 2985 sed
635 2934 723 3000 qui
773 2936 1065 2989 secundum
1108 2933 1235 2990 Iesu
1286 2939 1620 3007 disciplinam
1650 2941 1741 2995 Dei
1799 2946 2070 3011 mysteriis

2207 456 2343 520 νίαν,
2384 454 2441 525 ἤ,
2481 453 2636 524 (ὅπερ
2668 453 2993 525 κυριώτερόν
3027 456 3172 507 ἐστιν
3210 454 3427 523 εἰπεῖν,)
3462 455 3556 508 ἐπὶ
3595 473 3778 525 μακα-

2210 546 2459 616 ριότητα*
2493 543 2630 598 ὲπάν
2661 544 2705 597 δ’
2727 546 2774 597 οἱ
2796 544 3191 615 προκόπτοντες
3216 543 3325 597 τῶν
3351 545 3778 616 προτραπέντων

2204 638 2591 708 παραστήσωσι
2618 634 2679 688 τὸ
2708 634 3042 703 κεκαθάρθαι
3071 634 3175 687 ὑπὸ
3200 633 3292 686 τοῦ
3323 633 3502 701 λόγου,
3531 636 3647 699 καὶ,
3673 636 3775 707 ὅση

2201 724 2445 795 δύναμις,
2490 724 2695 795 βέλτιον
2737 723 3077 794 βεϐιωκέναι,
3119 724 3182 777 τὸ
3213 725 3467 793 τηνικάδε
3501 724 3778 795 καλοῦμεν

2200 816 2395 880 αὐτοὺς
2442 817 2533 869 ἐπὶ
2582 816 2680 879 τὰς
2737 818 2864 889 παρ’
2908 818 3038 887 ἡμῖν
3076 815 3315 880 τελετάς.
3364 835 3383 867 ι
3416 816 3615 884 Σοφίαν
3664 816 3778 886 γὰρ

2198 906 2463 977 λαλοῦμεν
2494 909 2550 959 ὲν
2580 911 2692 970 τοῖς
2722 907 2964 971 τελείοις.
2990 926 3008 959 ι

2269 998 2377 1049 Καὶ
2407 998 2764 1061 διδάσκοντες,
2793 998 2876 1050 ὅτι
2934 1018 2952 1048 ι
2980 999 3075 1063 Εἰς
3116 997 3441 1069 κακότεχνον
3467 996 3644 1067 ψυχὴν
3671 997 3773 1048 οῦκ

2195 1089 2555 1143 εἰσελεύσεται
2590 1091 2768 1159 σοφία,
2820 1091 2939 1143 οὐδὲ
2973 1092 3284 1162 κατοικήσει
3330 1092 3389 1143 ἐν
3424 1089 3634 1160 σώματι
3666 1106 3769 1140 κα-

2193 1179 2407 1249 τάχρεῳ
2442 1180 2733 1250 ἁμαρτίας,
2760 1200 2779 1231 ι
2830 1180 3045 1252 φαμέν·
3079 1180 3261 1243 Ὅστις
3294 1183 3477 1251 χεῖρας
3510 1179 3770 1248 καθαρὸς,

2195 1269 2288 1321 καί
2319 1268 2406 1321 διὰ
2448 1269 2592 1322 τοῦτ’
2619 1270 2859 1342 ἐπαίρων
2907 1273 3090 1342 χεῖρας
3145 1271 3299 1335 ὁσίας
3353 1270 3430 1340 τῷ
3484 1268 3626 1338 Θεῷ,
3675 1270 3773 1321 καὶ

2194 1362 2344 1432 παρὰ
2366 1364 2426 1415 τὸ
2453 1362 2714 1435 διηρμένα
2739 1365 2831 1415 καὶ
2850 1364 3075 1433 οὐράνια
3102 1363 3384 1426 ἐπιτελεῖν,
3414 1362 3632 1415 δύναται
3654 1361 3771 1430 (55)

2191 1456 2389 1524 λέγειν,
2450 1457 2750 1524 ι”Επαρσις
2793 1454 2901 1507 τῶν
2948 1456 3141 1527 χειρῶν
3194 1472 3295 1527 μου
3344 1454 3501 1507 θυσία
3548 1453 3773 1522 ὲσπερι‹

2190 1548 2252 1617 νή
2275 1563 2287 1575 ·
2315 1567 2332 1597 ι
2353 1547 2542 1618 ἡκέτω
2576 1546 2710 1616 πρὸς
2743 1549 2919 1617 ἡμᾶς·
2957 1547 3069 1600 καί·
3106 1548 3289 1608 Ὅστις
3313 1545 3494 1615 φωνὴν
3526 1544 3767 1607 συνετὸς,

2189 1637 2265 1708 τῷ
2301 1639 2524 1709 μελετᾷν
2578 1639 2666 1691 τὸν
2712 1638 2872 1709 νόμον
2904 1637 3105 1709 Κυρίου
3150 1638 3359 1709 ἡμέρας
3410 1636 3506 1690 καὶ
3546 1636 3764 1698 νυκτὸς,

2125 1717 2162 1770 Β
2192 1730 2285 1782 καὶ
2328 1729 2405 1799 τῷ
2453 1728 2539 1781 διὰ
2586 1730 2683 1801 τὴν
2730 1729 2841 1795 ἕξιν
2869 1729 2937 1783 τά
2971 1728 3293 1801 αἰσθητήρια
3334 1726 3767 1796 γεγυμνασμένα

2190 1821 2476 1891 ἐσχηκέναι
2529 1820 2665 1891 πρὸς
2697 1820 2966 1891 διάκρισιν
3016 1818 3179 1872 καλοῦ
3207 1836 3266 1871 τε
3314 1817 3407 1872 καὶ
3454 1815 3651 1881 κακοῦ,
3688 1816 3767 1885 μὴ

2188 1913 2409 1965 ὀκνείτω
2463 1913 2741 1982 προσιέναι
2791 1912 3034 1982 στερεαῖς
3088 1910 3330 1977 λογικαῖς
3373 1911 3600 1976 τροιραῐς
3648 1906 3763 1975 (56)

2188 2006 2280 2059 καὶ
2308 2004 2668 2075 ἁρμοζούσαις
2696 2004 2951 2075 ἀθληταῖς
2975 2002 3250 2064 εὐσεϐείας
3284 2000 3376 2053 καὶ
3416 2000 3595 2068 πάσης
3631 1999 3762 2066 ἀρε-

2185 2096 2303 2165 τῆς.
2344 2097 2495 2148 Ἐπεὶ
2527 2096 2583 2147 δὲ
2609 2097 2701 2150 καὶ
2747 2096 2779 2165 ἡ
2808 2096 2964 2166 χάρις
3004 2093 3097 2147 τοῦ
3128 2092 3261 2145 Θεοῦ
3303 2093 3417 2144 ἐστι
3450 2090 3590 2161 μετὰ
3625 2091 3762 2142 πάν-

2185 2205 2291 2239 των
2339 2188 2447 2240 τῶν
2493 2188 2550 2239 ἐν
2598 2187 2874 2258 ἀφθαρσίᾳ
2918 2183 3252 2253 ἀγαπώντων
3297 2182 3388 2236 τὸν
3439 2181 3760 2235 διδάσκαλον

2182 2277 2289 2329 τῶν
2320 2278 2414 2347 τῆς
2448 2277 2743 2340 ἀθανασίας
2771 2276 3130 2347 μαθημάτων·
3162 2276 3346 2336 Ὅστις
3374 2270 3533 2341 ἁγνὸς
3560 2271 3622 2323 οὐ
3659 2271 3743 2341 μό

2183 2384 2269 2422 νον
2308 2370 2412 2422 ἀπὸ
2440 2368 2638 2431 παντὸς
2671 2369 2870 2439 μύσους
2895 2368 3026 2438 (57),
3076 2365 3211 2420 ἀλλὰ
3257 2364 3487 2419 καὶτῶν
3537 2363 3755 2416 ἐλαττό-

2181 2478 2285 2513 νων
2313 2456 2447 2513 εἷναι
2474 2460 2838 2530 νομιζομένων
2864 2459 3295 2531 ἁμαρτημάτων,
3348 2455 3567 2527 οαρρῶν
3596 2454 3750 2525 μυεί-

2182 2550 2291 2603 σθω
2332 2551 2398 2603 τὰ
2425 2551 2610 2621 μόνοις
2649 2551 2821 2617 ἁγίοις
2849 2551 2942 2603 καὶ
2966 2550 3222 2620 καθαροῖς
3255 2548 3487 2616 εὐλόγως
3523 2544 3750 2616 παραδι-

2176 2642 2375 2712 δόμενα
2422 2644 2695 2713 μυστήρια
2744 2642 2842 2713 τῆς
2874 2640 3014 2695 κατὰ
3054 2639 3257 2710 Ἰησοῦν
3306 2637 3634 2699 θεοσεϐείας.
3685 2635 3744 2687 ⁸0

2178 2720 2275 2804 μὲν
2320 2730 2410 2787 οὖν
2444 2733 2652 2786 Κέλσου
2690 2734 2896 2803 μύστης
2945 2733 3128 2801 φησὶν,
3192 2749 3210 2782 ι
3238 2731 3381 2799 Ὅτῳ
3410 2728 3559 2781 οὐδὲν
3590 2726 3746 2798 ἡψυ-

2175 2825 2241 2896 χὴ
2277 2825 2480 2878 σύνοιδε
2526 2824 2712 2888 κακὸν,
2763 2824 2972 2895 ἡκέτωο
2998 2842 3017 2873 ι
3061 2826 3089 2875 ὁ
3122 2822 3177 2875 δὲ
3228 2821 3367 2874 κατὰ
3407 2820 3495 2872 τὸν
3536 2817 3745 2890 Ἰησοῦν

2176 2916 2548 2988 μυσταγωγῶν
2598 2915 2675 2986 τῷ
2708 2914 2826 2985 Θεῷ
2854 2918 2962 2979 τοῖς
2991 2913 3411 2983 κεκαθαρμένοις
3439 2911 3532 2982 τὴν
3556 2910 3747 2982 ψυχὴν

510 3019 711 3087 initiat,
761 3026 892 3079 dicit
940 3027 1027 3092 iis,
1076 3042 1301 3095 quorum
1330 3002 1438 3096 jani
1472 3034 1647 3087 anima
1680 3002 1901 3103 purgaia
1933 3047 2011 3090 est
2049 3054 2064 3090 :

2172 3012 2309 3081 ἐρεῖ·
2354 3012 2493 3080 Ὅτῳ
2522 3008 2698 3079 πολλῷ
2735 3009 2907 3079 χρόνῳ
2932 3008 3122 3079 ἡψυχὴ
3148 3007 3299 3059 οὐδὲν
3324 3003 3512 3057 σύνοιδε
3538 3002 3742 3067 κακὸν,

2241 3099 2252 3114 \
2352 3099 2387 3112 εκ
2567 3099 2577 3111 ο
2633 3099 2646 3114 ο
2704 3092 2728 3113 τ’
2895 3113 2910 3114 7
2946 3096 2959 3108 ε
2988 3095 3030 3114 I‘
3080 3095 3130 3114 n-
3173 3096 3230 3114 _.'!
3266 3093 3355 3114 _-f"
3393 3092 3538 3114 \1---_.
3574 3091 3710 3114 ἢ---

509 3112 764 3181 Quisquis
812 3115 1130 3184 jamdudum
1182 3119 1313 3173 nihil
1351 3121 1475 3174 tnali
1525 3091 1811 3178 conscivit"
1837 3126 1960 3191 sibi,
2014 3139 2066 3182 et

2172 3099 2263 3152 καὶ
2296 3099 2528 3169 μάλιστα
2555 3099 2646 3167 ἀφ’
2675 3092 2734 3149 οῦ
2776 3095 3137 3168 προσελήλυθε
3169 3096 3232 3164 τῇ
3263 3093 3357 3147 τοῦ
3393 3092 3543 3161 λόγου
3574 3091 3747 3163 θερα-

505 3206 804 3273 prrsertiin
831 3220 895 3259 ex
944 3222 1047 3275 quo
1078 3209 1335 3264 doctrinte
1390 3212 1653 3267 medicina
1699 3226 1927 3269 sanatus
1959 3227 2063 3279 est,

505 3291 597 3347 ille
627 3296 809 3349 audiat
856 3313 975 3366 qua:
1004 3297 1165 3354 Jesus
1193 3302 1418 3356 seorsim
1453 3304 1569 3357 suis
1617 3306 1895 3375 discipulis
1924 3308 2067 3361 edis-

503 3382 693 3436 seruit.
759 3385 835 3438 Ex
888 3402 992 3454 quo
1045 3389 1275 3443 elﬁcitur
1324 3391 1560 3457 Celsum,
1614 3396 1738 3449 dum
1789 3396 2063 3465 religionis

500 3475 827 3532 Graecanica:
891 3482 1169 3536 ministros
1224 3484 1500 3551 religionis
1565 3484 1691 3541 Jesu
1753 3488 2062 3543 doctoribus

496 3571 764 3638 opposuit,
800 3586 907 3625 non
945 3574 1280 3629 intellexisse
1332 3578 1457 3645 quid
1512 3579 1626 3632 haec
1652 3581 1758 3634 duo
1786 3582 2060 3650 discrepa-

497 3667 643 3723 rent,
676 3676 868 3716 vncare
900 3664 1072 3717 malos
1115 3666 1180 3717 ad
1212 3668 1470 3720 sumenda
1504 3671 1761 3738 remedia,
1806 3681 1857 3727 et
1892 3687 2057 3742 puros

495 3748 563 3801 ad
594 3764 771 3802 rerum
800 3752 1219 3807 recnnditiorum
1257 3758 1639 3824 cognitionem.

566 3842 652 3895 6|.
696 3841 803 3897 Nec
857 3843 1113 3911 iniustum
1147 3846 1329 3913 igitur,
1376 3865 1476 3903 nec
1521 3850 1712 3913 furem.
1749 3868 1847 3909 nec
1876 3868 2056 3909 muro-

494 3947 613 3986 rum
643 3932 1004 4001 clTractorem,
1056 3950 1154 3990 nec
1181 3940 1501 4006 veneﬁcum,
1557 3958 1656 3996 nec
1709 3945 2051 4009 sacrilegum,

490 4039 593 4078 nec
643 4034 979 4079 mortuorum
1036 4026 1408 4095 spoliatorem,
1464 4047 1561 4085 nec
1595 4034 1735 4086 alios
1777 4050 2051 4103 quoscun-

487 4130 593 4186 que
635 4116 823 4171 Celsus
852 4121 1228 4188 exaggerando
1272 4138 1559 4175 numerare
1591 4135 1792 4190 posset,
1822 4126 1889 4178 ad
1934 4143 2050 4196 my-

484 4209 777 4264 Steriorum
833 4211 1081 4264 notitiam
1133 4227 1410 4274 vocamus,
1463 4222 1556 4266 aut
1590 4216 1883 4287 participes
1911 4216 2047 4273 faci-

482 4316 602 4356 mus
650 4302 952 4371 sapientiae,
1006 4323 1025 4356 ‹
1050 4319 1168 4373 quae
1218 4304 1533 4359 abscondita
1569 4319 1675 4369 est,
1715 4322 1872 4374 quam
1908 4324 2046 4378 pra-

2169 3192 2315 3262 πείᾳ,
2361 3187 2511 3253 οὗτος
2541 3191 2634 3243 καὶ
2662 3190 2770 3243 τῶν
2804 3190 2920 3242 κατ’
2955 3187 3088 3241 ἰδίαν
3116 3185 3489 3257 λελαλημὲνων
3515 3184 3621 3237 ὑπὸ
3644 3182 3739 3237 τοῦ

2178 3283 2352 3353 Ἰησοῦ
2386 3284 2496 3343 τοῖς
2530 3283 2769 3352 γνησίοις
2804 3280 3069 3351 μαθηταῖς
3096 3279 3355 3332 ἀκουέτω.
3405 3276 3612 3332 Οὐκοῦν
3641 3275 3738 3330 καὶ

2164 3377 2222 3429 ἐν
2250 3373 2329 3439 οἷς
2360 3376 2808 3446 ἀντιπαρατίθησι
2856 3374 2923 3427 τὰ
2952 3373 3058 3426 τῶν
3103 3371 3377 3443 μυούντων
3421 3370 3480 3423 ὲν
3513 3369 3738 3440 Ἕλλησι

2159 3470 2271 3529 τοῖς
2299 3466 2605 3519 διδάσκουσι
2634 3465 2704 3518 τὰ
2735 3464 2828 3517 τοῦ
2873 3462 3044 3534 Ἰησοῦ
3079 3463 3178 3516 οῦκ
3210 3458 3316 3514 οἶδε
3349 3460 3614 3531 διαφορὰν
3637 3479 3737 3514 κα-

2158 3559 2429 3629 λουμένων
2478 3558 2570 3611 ἐπὶ
2600 3559 2697 3628 μὲν
2727 3557 3018 3627 θεραπείαν
3046 3556 3284 3624 φαύλων,
3328 3557 3420 3608 ἐπὶ
3444 3554 3502 3609 δὲ
3529 3554 3597 3607 τὰ
3635 3572 3737 3626 μυ-

2160 3650 2463 3722 στικώτερα
2496 3649 2604 3702 τῶν
2628 3650 2725 3721 ἤδη
2758 3649 3178 3721 καθαρωτάτων.

2224 3855 2335 3907 Οὐκ
2358 3854 2447 3907 ἐπὶ
2477 3855 2747 3926 μυστήρια
2773 3849 2865 3909 οῦν
2895 3855 2987 3909 καὶ
3016 3856 3296 3910 κοινωνίαν
3327 3857 3518 3926 σοφίας
3545 3859 3600 3912 ἐν
3631 3875 3724 3928 μυ-

2153 3948 2355 4018 στηρίῳ
2387 3968 2404 3999 ι
2430 3948 2943 4019 ἀποκεκρυμμένης,
2974 3947 3045 4014 ἢν
3070 3947 3370 4020 προώρισεν
3408 3953 3435 4002 ὁ
3459 3951 3587 4015 Θεὸς
3616 3952 3719 4021 πρὸ

2148 4040 2257 4092 τῶν
2294 4039 2503 4092 αἰώνων
2546 4042 2624 4101 εἰς
2651 4039 2807 4103 δόξαν
2836 4059 2854 4089 ι
2892 4039 2998 4093 τῶν
3024 4040 3244 4094 δικαίων
3277 4042 3491 4105 ἑαυτοῦ,
3523 4044 3717 4097 καλοῦ-

2153 4146 2251 4200 μεν
2281 4132 2373 4184 τδν
2402 4131 2604 4195 ἄδικον,
2660 4132 2751 4183 καὶ
2802 4130 3060 4199 κλέπτην,
3110 4133 3205 4186 καὶ
3237 4133 3583 4206 τοιχωρύχον,
3627 4137 3719 4189 καὶ

2147 4225 2459 4294 φαρμακέα,
2521 4225 2615 4277 καὶ
2670 4224 2961 4295 ἱερόσυλον,
3021 4223 3115 4277 καί
3190 4227 3564 4299 τυμϐωρύχον,
3624 4228 3717 4281 καὶ

2145 4315 2299 4379 ὅσους
2330 4316 2395 4370 ἂν
2440 4316 2629 4381 ἄλλους
2654 4316 2964 4370 δεινοποιῶν
2991 4319 3020 4370 ὁ
3050 4316 3254 4380 Κέλσος
3284 4320 3565 4389 ὀνομάσαι,
3599 4321 3712 4373 ἀλλ’

480 4391 774 4448 destinavit
809 4395 951 4449 Deus
999 4406 1125 4451 ante
1174 4396 1370 4451 sarcula
1419 4399 1469 4452 in
1514 4398 1822 4469 glorinm‘i
1873 4400 2042 4468 justo.

2176 4410 2235 4459 πὶ
2276 4408 2583 4479 θεραπείαν.
2641 4410 2792 4462 Ἔστι
2822 4408 2929 4480 γὰρ
2961 4409 3019 4462 ἐν
3058 4412 3124 4481 τῇ
3154 4409 3247 4463 τοῦ
3278 4411 3435 4480 λόγου
3482 4413 3711 4482 θειότητι

480 4500 599 4539 rum
626 4486 775 4552 ejus;
823 4489 916 4541 sed
963 4490 1028 4541 ad
1058 4490 1391 4545 sanatiOncm
1420 4490 1763 4547 advocamus.
1820 4492 1955 4547 Nam
1985 4495 2035 4548 iu

478 4577 656 4630 divina
704 4588 885 4633 nostra
921 4581 1167 4635 doctrina
1206 4582 1312 4636 alia
1362 4592 1489 4638 sunt
1531 4594 1842 4655 comparata
1894 4588 2035 4641 male

476 4667 817 4735 habentibus,
849 4673 915 4726 de
940 4673 1134 4741 quibus
1165 4676 1241 4727 ait
1275 4693 1289 4728 :
1330 4693 1348 4725 ι
1374 4675 1487 4729 Non
1519 4685 1599 4730 est
1641 4692 1773 4745 Opus
1800 4678 2031 4732 valenti-

472 4759 573 4813 bus
620 4764 880 4825 medicus,
929 4766 1022 4817 sed
1055 4765 1192 4820 male
1228 4766 1672 4833 habentibus'p
1727 4768 1832 4821 alia
1878 4783 2028 4833 vero,

470 4863 591 4918 qua:
650 4864 843 4919 corpus
888 4851 1054 4922 488
1117 4856 1464 4924 animamque
1516 4871 1648 4924 pura
1710 4856 2029 4911 habentibus

468 4944 761 4997 ostendunt
789 4962 807 4993 ι
836 4948 1217 5002 revelationem
1250 4948 1488 5018 mysterii
1527 4948 1857 5017 temporibus
1876 4959 2031 5002 teter-

467 5034 555 5089 nis
600 5036 772 5100 taciti,
808 5038 1063 5101 patefacti
1096 5056 1237 5094 nunc
1267 5056 1365 5109 pcr
1389 5040 1702 5110 Scripturas
1734 5042 2025 5110 propheta-

466 5140 585 5179 rum
611 5126 651 5193 ⁸,
688 5137 741 5181 et
791 5144 887 5196 per
922 5129 1209 5183 adventura
1247 5131 1455 5184 Domini
1508 5132 1672 5185 nostri
1715 5131 1837 5187 Jesu
1868 5133 2026 5187 Chri-

463 5217 534 5271 sti
559 5216 648 5281 ’,ι
715 5218 805 5287 qui
856 5218 1119 5273 adventus
1168 5220 1423 5288 perfectis
1470 5223 1720 5278 omnibus
1771 5225 2020 5294 patescit,

463 5317 807 5378 mentemque
834 5311 899 5362 ad
934 5324 1019 5365 res
1047 5310 1190 5365 nulla
1214 5312 1478 5368 mendacii
1508 5312 1795 5370 formidine
1823 5331 2021 5383 cogno-

529 5422 576 5455 ”
601 5421 622 5478 l
652 5422 777 5480 Cor.
813 5441 875 5484 ll,
900 5425 953 5479 6.
1033 5427 1051 5459 ⁸
1083 5425 1207 5495 Sap.
1236 5442 1277 5492 ι,
1308 5428 1360 5482 4.
1466 5428 1487 5459 ¹
1517 5428 1661 5484 Psal.
1686 5444 1808 5495 cu,
1834 5428 1889 5484 2.

459 5492 481 5525 ⁸
510 5493 669 5548 llom.
703 5510 813 5559 xvi,
844 5494 933 5550 25.
1029 5497 1050 5528 "
1103 5492 1319 5553 ll'Titn.
1347 5513 1387 5565 1,
1419 5497 1507 5554 10.

527 5607 640 5685 (55)
667 5612 935 5685 Αύναται.
981 5612 1290 5685 Boherellus
1327 5614 1473 5685 legit.
1508 5614 1745 5680 δυνατός

529 5680 639 5749 (56)
669 5681 1001 5739 lltBschelius
1034 5684 1086 5738 in
1119 5694 1291 5752 textu,
1321 5680 1560 5758 rpcxak,
1595 5690 1749 5743 male.

1966 5429 1987 5464 ⁸
2021 5428 2164 5486 Psal.
2207 5449 2243 5497 ι,
2275 5435 2343 5499 2;
2376 5434 2509 5489 lleb.
2533 5436 2686 5499 v,“.

2144 4499 2276 4552 ἄλλα
2304 4501 2401 4570 μὲν
2427 4500 2494 4553 τά
2522 4500 2886 4572 θεραπευτικά
2912 4500 3020 4554 τῶν
3049 4501 3234 4565 κακῶς
3264 4503 3493 4574 ἐχόντων
3520 4503 3711 4575 βοηθή-

2145 4607 2306 4661 ματα,
2340 4592 2466 4657 περὶ
2510 4585 2583 4644 ὧν
2612 4588 2762 4644 εἶπεν
2788 4595 2815 4646 ὁ
2838 4591 2993 4662 λόγος
3014 4598 3104 4661 τὸ,
3136 4613 3155 4647 ι
3185 4595 3259 4648 Οὐ
3284 4596 3471 4667 χρείαν
3498 4597 3709 4668 ἔχουσιν

2137 4684 2185 4734 οἱ
2223 4681 2494 4752 ἰσχύοντες
2524 4682 2728 4754 ἰατροῦ,
2776 4684 2890 4737 ἀλλ’
2915 4686 2965 4737 οί
3002 4685 3185 4749 κακῶς
3231 4687 3443 4757 ἔχοντες
3465 4705 3479 4718 ·
3506 4708 3525 4740 ι
3572 4690 3708 4744 ἄλλα

2134 4774 2191 4826 δὲ
2223 4773 2290 4827 τὰ
2316 4776 2426 4839 τοῖς
2454 4773 2710 4846 καθαροῖς
2751 4774 2925 4846 ψυχὴν
2956 4776 3050 4829 καὶ
3096 4776 3253 4848 σῶμα
3277 4778 3704 4850 παραδεικνύντα

2142 4885 2161 4918 ι
2188 4865 2523 4935 ἀποκάλυψιν
2554 4867 2869 4939 μυστηρίου,
2916 4869 3124 4939 χρόνοις
3150 4870 3388 4935 αἰωνίοις
3418 4874 3704 4943 σεσιγημέ-

2134 4978 2245 5024 νου,
2289 4962 2687 5034 φανερωθέντος
2719 4964 2775 5017 δὲ
2818 4962 2913 5017 νῦν
2955 4965 3044 5018 διά
3067 4983 3123 5019 τε
3166 4967 3205 5019 Γ
3209 4967 3393 5039 percpi};
3440 4987 3700 5042 προφητι-

2133 5050 2264 5113 κῶν,
2306 5052 2398 5104 καί
2442 5051 2540 5121 τῆς
2584 5052 2901 5121 ἐπιφανείας
2950 5054 3042 5106 τοῦ
3085 5054 3289 5126 Κυρίου
3332 5056 3485 5126 ἡμῶν
3526 5056 3696 5128 Ἰησοῦ

2132 5141 2386 5212 Χριστοῦ,
2414 5161 2430 5193 ι
2476 5144 2686 5213 ἑκάστῳ
2728 5143 2835 5196 τῶν
2882 5144 3100 5199 τελείων
3138 5148 3557 5217 ὲπιφαινομὲνης
3602 5148 3691 5202 καὶ

2127 5229 2464 5302 φωτιζούσης
2508 5234 2587 5295 εἰς
2630 5233 2833 5304 ἀψευδῆ
2870 5236 3068 5303 γνῶσιν
3112 5237 3219 5292 τῶν
3263 5239 3598 5309 πραγμάτων
3631 5237 3692 5292 τδ

2123 5323 2461 5393 ἡγεμονικόν.
2504 5324 2655 5377 Ἐπεὶ
2700 5326 2757 5379 δὲ
2801 5326 3111 5382 δεινοποιιῖΝ
3144 5327 3211 5383 τά
3252 5329 3372 5383 καθ’
3402 5330 3554 5401 ήμῶν
3600 5330 3690 5397 ἑγ-

2766 5436 2819 5490 ‘l
2845 5438 2969 5493 Cor.
3000 5455 3061 5505 ii,
3094 5438 3144 5492 7.
3219 5442 3241 5473 ⁵
3276 5440 3462 5497 Matth.
3492 5441 3682 5508 13,12.

2199 5612 2312 5686 (57)
2347 5615 2683 5676 llmschelius
2707 5622 2759 5677 in
2798 5633 2965 5691 textu,
2994 5622 3199 5694 μίσους·
