3998 6170
368 217 501 273 ιοοι

1554 220 1829 275 cornua
1869 220 2140 293 CELSUM
2181 220 2307 275 ιλιι.
2351 222 2438 277 lll.

3458 225 3601 283 {003

364 330 639 402 κλήματα,
668 332 911 403 ἐπιφέρει
933 327 1013 395 οἷς
1034 334 1314 405 ὠνόμασεν
1335 337 1638 408 ἀνθρώποις
1668 339 1907 411 μιαρωτά

2005 396 2007 401 ,
2036 340 2266 395 sccndas
2306 341 2595 396 illuminat.
2650 342 2800 407 Quod
2829 342 2926 407 ait,
2962 353 3018 398 ut
3047 342 3451 399 accusationem
3483 360 3599 399 am-

361 438 475 480 τοις
521 421 603 484 τὸ,
656 442 675 473 ι
703 424 861 487 Τίνας
905 424 1097 488 ἄλλους
1139 426 1529 498 προκηρύττων
1578 429 1776 501 λῃστὴς
1803 430 1929 483 ἐκά-

363 517 516 577 λεσε;
543 533 560 565 ι
605 516 696 569 καὶ
732 516 865 586 πρὸς
889 517 1044 571 τοῦτο
1071 520 1333 590 φήσομεν,
1359 521 1439 573 ὅτι
1468 519 1666 593 λῃστὴς
1693 522 1803 592 (58)
1833 523 1929 593 μὲν

358 604 485 667 τοὺς
532 604 802 668 τοιούτους
837 606 1008 671 καλεῖ,
1069 609 1345 679 χρώμενος
1376 609 1554 662 αὐτῶν
1588 613 1651 681 τῇ
1700 613 1930 683 πονηρίᾳ

360 695 480 749 κατ’
513 695 813 767 ἀνθρώπων
859 697 951 762 οὓς
1001 697 1240 768 φονεύειν
1294 702 1385 754 καὶ
1434 700 1596 772 συλᾷν
1654 702 1928 772 βούλονται

360 784 470 856 (59)
491 802 503 816 ⁸
557 788 880 857 Χριστιανὸς
900 789 977 852 δὲ,
1027 788 1126 843 κᾶν
1164 790 1299 862 καλῇ
1333 791 1426 855 οὓς
1456 794 1484 845 6
1516 791 1713 864 λῃστὴς
1754 794 1924 858 καλεῖ,

354 876 609 949 διάφορον
643 878 831 948 κλῆσιν
864 881 1059 944 αὐτοὺς
1106 881 1293 935 καλεῖ·
1339 883 1403 935 ἵν’
1436 883 1614 936 αὐτῶν
1654 885 1927 959 καταδήσῃ

358 968 427 1021 τὰ
449 968 732 1039 τραύματα
772 971 848 1041 τῷ
893 971 1053 1043 λόγῳ,
1084 975 1175 1027 καὶ
1202 974 1394 1048 ἐπιχέῃ
1420 978 1485 1046 τῇ
1520 976 1924 1053 φλεγμαινούσῃ

357 1059 415 1111 ἐν
442 1063 627 1124 κακοῖς
653 1061 794 1134 ψυχῇ
826 1062 895 1116 τά
913 1064 1020 1118 ἀπὸ
1040 1064 1133 1118 τοῦ
1162 1066 1318 1135 λόγου
1352 1068 1634 1138 φάρμακα,
1667 1070 1925 1139 ἀνάλογον

356 1152 501 1220 οῖνῳ,
556 1152 647 1203 καὶ
682 1153 859 1224 ἐλαίῳ,
896 1155 987 1208 καὶ
1037 1156 1371 1227 μαλάγματι,
1425 1159 1517 1212 καὶ
1566 1163 1676 1224 τοῖς
1725 1161 1925 1227 λοιποῖς

355 1242 461 1297 ἀπὸ
496 1245 746 1315 ἰατρικῆς
777 1246 953 1319 ψυχῆς
982 1247 1091 1321 (60)
1120 1248 1474 1321 βοηθήμασιν.
1594 1320 1599 1327 ε

423 1332 555 1389 Εἶτα
606 1334 955 1408 συκοφαντῶν
1001 1339 1067 1394 τὰ
1110 1343 1422 1413 προτροπῆς
1453 1345 1612 1398 ἕνεκα
1660 1346 1925 1418 εἰρημένα

353 1429 447 1481 καὶ
478 1432 837 1503 γεγραμμένα
885 1434 983 1504 τῆς
1016 1434 1150 1505 πρὸς
1186 1437 1314 1500 τοὺς
1343 1437 1526 1501 κακῶς
1577 1438 1922 1509 βεϐιωκότας,

353 1525 446 1577 καὶ
487 1524 751 1578 καλοῦντα
800 1525 997 1590 αὐτοὺς
1043 1528 1135 1580 ἐπὶ
1184 1528 1467 1598 μετάνοιαν
1511 1530 1604 1583 καί¹
1644 1531 1924 1601 διόρθωσιν

349 1621 449 1689 τῆς
475 1620 651 1690 ψυχῆς
700 1621 895 1689 αὐτῶν,
965 1622 1127 1692 φησὶν
1173 1625 1320 1694 ἡμᾶς
1357 1623 1553 1691 λέγειν,
1599 1626 1709 1687 τοῖς
1741 1627 1920 1695 ἀμαρ-

2035 431 2238 500 pliﬁcet
2279 450 2293 486 :
2340 451 2357 483 ι
2386 432 2599 503 Ecquos
2643 434 2779 489 alios
2810 445 3027 489 vocaret
3066 435 3244 489 latro?
3274 454 3293 487 ι
3354 435 3600 505 Respon-

2033 524 2222 579 demus
2249 539 2280 577 a
2312 523 2523 580 latrone
2555 526 2735 580 vocari
2766 525 3027 590 latrones,
3080 529 3220 595 quod
3255 527 3471 582 illorum
3501 544 3596 583 ne-

2034 613 2203 680 quitia
2240 622 2421 668 utatur
2452 624 2640 670 contra
2692 616 2938 671 homines
2969 634 3105 688 quos
3136 620 3444 675 interﬁcere
3486 621 3598 675 vult

2031 710 2086 757 et
2111 703 2381 772 spoliare;
2428 706 2765 763 Christianos
2810 724 2958 772 vero,
3006 712 3105 765 etsi
3140 712 3355 766 eosdem
3401 722 3595 767 vocent

2032 806 2094 846 ac
2125 791 2285 855 latro,
2343 795 2450 848 alio
2479 804 2657 850 tamen
2691 813 2883 853 vocare
2937 800 3197 863 consilio;
3247 802 3499 857 nimirum
3537 813 3594 857 ιιι

2031 883 2275 937 doctrina
2332 885 2555 939 vulnera
2607 902 2795 941 eorum
2839 890 3096 961 obligeut,
3148 901 3201 945 ct
3254 892 3306 946 in
3355 894 3594 948 animam

2029 973 2378 1042 cupiditatum
2426 976 2689 1031 incendiis
2738 978 3119 1036 inﬂammatam
3176 983 3457 1038 infundant
3499 1000 3588 1040 re-

2032 1064 2229 1128 media,
2260 1080 2379 1135 qu:e
2429 1066 2581 1129 vino,
2630 1067 2773 1133 oleo,
2806 1071 3032 1140 aliisque
3066 1075 3427 1142 respondeant
3460 1075 3593 1131 leni-

2030 1154 2228 1210 mentis
2257 1170 2376 1225 quae
2403 1156 2593 1212 medici
2623 1160 2941 1227 corporibus
2973 1162 3281 1217 admovent.

2100 1326 2188 1381 69..
2219 1326 2355 1381 Tum
2388 1329 2593 1395 Celsus,
2642 1346 2760 1400 quae
2809 1332 2953 1386 dicta
2985 1342 3040 1385 et
3069 1334 3268 1404 scripta
3298 1347 3422 1392 sunt
3463 1337 3590 1394 hor-

2030 1418 2209 1472 tanais
2250 1418 2390 1474 male
2436 1421 2739 1475 viventibus
2790 1422 3156 1491 vocandisque
3207 1425 3270 1478 ad
3322 1431 3591 1496 poeniten-

2030 1510 2163 1564 tiam
2194 1521 2248 1566 et
2280 1514 2473 1568 anima:
2504 1529 2612 1568 suae
2640 1516 3096 1579 emendationem,
3133 1518 3349 1584 indigne
3382 1523 3581 1577 calum-

2026 1605 2200 1671 nians,
2224 1605 2299 1660 ait
2326 1606 2507 1662 dicere
2541 1623 2660 1673 nos,
2697 1630 2715 1659 ι
2742 1609 2962 1663 missum
2992 1612 3056 1663 ad
3087 1626 3397 1679 peccatores
3422 1618 3588 1675 fuisse

349 1711 539 1775 τωλοῖς
572 1731 589 1762 ι
622 1713 936 1785 πεπέμφθαι
963 1714 1053 1767 τὸν
1082 1714 1231 1768 Θεόν.
1260 1733 1277 1765 ι
1314 1716 1533 1785 Ὅμοιον
1561 1716 1616 1768 δὲ
1646 1716 1739 1769 καὶ
1770 1717 1907 1769 τοῦτ‹

2027 1694 2257 1749 Deum.»
2305 1696 2456 1763 Quod
2491 1699 2713 1767 perinde
2745 1699 2875 1755 facit
2923 1718 2987 1757 ac
3024 1705 3068 1758 si
3117 1704 3437 1774 quibusdam
3480 1712 3587 1763 cri—

350 1806 515 1866 ποιεῖ,
569 1804 643 1868 ὡς
691 1806 740 1857 εί
789 1806 1028 1860 ἐνεκάλει
1057 1808 1185 1871 τισὶ,
1226 1806 1440 1875 λέγουσι
1468 1807 1555 1860 διὰ
1582 1810 1706 1871 τοὺς
1738 1810 1923 1872 κακῶς

349 1890 631 1960 διάγοντας
659 1898 715 1948 ἐν
742 1899 806 1967 τῇ
839 1896 989 1949 πόλει
1039 1896 1352 1967 πεπέμφθαι
1400 1898 1504 1951 ὑπὸ
1551 1899 1923 1971 φιλανθρωπο-

348 1985 509 2038 τάτου
543 1986 801 2056 βασιλέως
847 1988 936 2041 τὸν
978 1990 1177 2060 ἰατρόν.
1221 1988 1503 2058 Ἑπέμφθη
1535 1985 1625 2043 οῦν
1654 1990 1785 2054 Θεὸς
1816 1991 1920 2043 Λό-

348 2093 462 2144 γος,
495 2077 627 2131 καθὸ
675 2080 771 2149 μὲν
802 2080 1002 2151 ἰατρὸς,
1049 2082 1162 2142 τοῖς
1188 2079 1552 2151 ἁμαρτωλοῖς,
1601 2082 1734 2135 καθὸ
1761 2082 1818 2135 δὲ
1846 2082 1921 2135 δι-

343 2167 605 2233 δάσκαλος
645 2169 801 2225 θείων
838 2173 1169 2244 μυστηρίων,
1222 2175 1334 2235 τοῖς
1385 2174 1484 2245 ήδη
1538 2174 1795 2246 καθαροῖς
1827 2176 1920 2228 καὶ

346 2259 541 2330 μηκέτι
590 2262 1011 2334 ἁμαρτάνουσιν.
1056 2266 1115 2318 Ὀ
1164 2265 1221 2318 δέ
1265 2264 1490 2330 Κέλσος,
1520 2267 1689 2320 ταῦτα
1724 2267 1797 2339 μὴ
1823 2268 1914 2321 δυ-

340 2351 520 2422 νηθεὶς
557 2354 845 2427 διακρῖναι,
890 2356 970 2426 (ού
998 2354 1106 2429 γὰρ
1160 2357 1429 2429 ἠϐουλήθη
1486 2358 1914 2430 φιλομαθῆσαι·ὶ

340 2444 506 2513 φησί’
558 2465 576 2496 ι
602 2446 665 2498 Τί
711 2446 786 2510 δὲ,
816 2451 928 2510 τοῖς
956 2449 1357 2520 ἀναμαρτήτοις
1384 2449 1484 2502 οὐκ
1528 2449 1815 2521 ἐπέμφθη;
1850 2451 1913 2504 Τί

339 2534 508 2588 κακόν
556 2538 671 2589 ἐστι
702 2539 762 2590 τὸ
796 2540 869 2609 μὴ
899 2541 1276 2610 ἡμαρτηκέναι
1301 2558 1315 2606 ;
1363 2542 1471 2593 Καὶ
1500 2540 1634 2612 πρὸς
1665 2541 1822 2595 τοῦτο
1854 2542 1911 2596 δέ

340 2641 539 2694 φαμεν,
591 2627 693 2690 ὅτι,
745 2629 807 2680 Ei
857 2629 954 2698 μὲν
987 2630 1398 2701 ἀναμαρτήτους
1432 2631 1577 2699 λέγει
1625 2632 1753 2695 τοὺς
1808 2650 1911 2705 μη-

337 2713 454 2766 κέτι
487 2717 918 2787 ἁμαρτάνοντας,
968 2719 1224 2791 ἐπέμφθη
1276 2721 1369 2774 καὶ
1400 2721 1608 2784 τούτοις
1648 2724 1675 2775 6
1720 2724 1909 2795 Σωτὴρ

333 2805 366 2872 ἡ
378 2804 491 2872 μῶν
536 2807 758 2877 Ἰησοῦς,
808 2809 922 2861 ἀλλ’
956 2810 1054 2863 οὐκ
1089 2810 1272 2882 ἰατρός
1294 2828 1308 2842 ο
1338 2813 1385 2865 εί
1431 2813 1486 2865 δὲ
1512 2814 1909 2887 ἀναμαρτήτοις

331 2898 443 2959 τοῖς
479 2896 611 2968 μηδὲ
647 2896 863 2951 πώποτε
909 2901 1301 2972 ἡμαρτηκόσιν,
1335 2902 1414 2972 (ού
1439 2902 1547 2974 γὰρ
1579 2904 1907 2959 διεστείλατο

332 2986 390 3039 ἐν
420 2988 485 3056 τῇ
514 2986 704 3041 ἐαυτοῦ
736 2987 875 3052 λέξει
895 2990 933 3058 ·)
960 2990 1213 3060 ἐροῦμεν,
1244 2992 1325 3045 ὅτι
1356 2992 1615 3046 ἀδύνατον
1651 2990 1787 3048 εἶναι
1814 2995 1905 3049 οὖ-

328 3094 438 3141 τως
460 3078 741 3150 ἄνθρωπον
775 3080 1173 3151 ἀναμάρτητον.
1225 3081 1394 3137 Τοῦτο
1425 3084 1483 3138 δέ
1509 3102 1709 3155 φαμεν,
1740 3086 1905 3153 ὑπεξ-

330 3171 648 3241 αιρουμένου
682 3172 771 3225 τοῦ
822 3172 962 3225 κατά
1005 3174 1095 3227 τὸν
1134 3174 1337 3245 Ἰησοῦν
1384 3176 1671 3246 νοουμένου
1699 3177 1904 3248 ἀνθρώ-

330 3275 458 3323 που,
506 3260 564 3323 ὸς
599 3262 912 3332 (ἁμαρτίαν
960 3264 1060 3317 οὐκ
1114 3266 1354 3335 ἐποίησε.
1386 3285 1404 3317 ι
1460 3267 1796 3339 Κακούργως
1837 3270 1899 3341 δή

333 3366 495 3419 φησιν
522 3353 549 3404 6
579 3351 786 3416 Κέλσος
832 3355 957 3423 περὶ
997 3355 1171 3425 ήμῶν,
1217 3356 1292 3420 ὡς
1323 3356 1385 3428 δὴ
1432 3359 1765 3425 φασκόντων,
1819 3361 1899 3416 ὅτι

333 3458 355 3491 ‹
386 3440 488 3493 Τὸν
538 3442 635 3511 μὲν
668 3443 865 3505 ἄδικον,
914 3443 1006 3497 ἐὰν
1057 3445 1216 3499 αὑτὸν
1246 3447 1349 3499 ὑπὸ
1381 3448 1680 3521 μοχθηρίας
1706 3468 1897 3507 ταπει-

326 3529 494 3602 νώσῃ,
526 3531 731 3596 δέξεται
775 3535 803 3586 6
828 3533 959 3597 Θεός
981 3551 995 3565 '
1027 3536 1117 3589 τὸν
1148 3536 1203 3589 δὲ
1244 3537 1469 3602 δίκαιον,
1504 3540 1596 3593 ἐὰν
1629 3545 1743 3612 μετ’
1772 3544 1899 3615 ἀρε-

322 3621 423 3691 τῆς
454 3624 545 3676 ἀπ’
576 3626 748 3696 ἀρχῆς
784 3626 896 3680 ἄνω
925 3629 1060 3699 πρὸς
1090 3631 1252 3684 αὑτὸν
1286 3631 1477 3704 βλέπῃ,
1514 3634 1699 3689 τοῦτον
1734 3638 1791 3690 οὐ
1821 3637 1898 3691 δέ-

324 3711 492 3778 ξεται.
521 3733 539 3765 ι
585 3716 863 3771 Ἀδύνατον
897 3720 1007 3791 γάρ
1051 3738 1227 3792 φαμεν
1277 3718 1413 3775 εἶναι
1448 3724 1728 3796 ἄνθρωπον
1778 3730 1893 3797 μετ’

322 3806 521 3877 ἀρετῆς
549 3809 643 3860 ἀπ’
676 3810 848 3882 ἀρχῆς
879 3813 1013 3882 πρὸς
1044 3814 1134 3866 τὸν
1164 3814 1293 3867 Θεὸν
1335 3815 1447 3869 ἄνω
1480 3816 1716 3886 βλέπειν.
1773 3820 1892 3874 Κα-

322 3896 445 3950 κίαν
487 3899 595 3970 γὰρ
629 3901 954 3969 ὑφίστασθαι
985 3905 1274 3974 ἀναγκαῖον
1320 3907 1533 3977 πρῶτον
1582 3909 1641 3962 ἐν
1685 3908 1893 3983 ἀνθρώ-

321 4004 442 4051 ποις
473 3988 604 4060 (61).
651 3992 800 4045 Καθὸ
828 3995 919 4047 καὶ
948 3996 977 4047 6
1004 3996 1213 4061 Παῦλος
1246 3998 1423 4067 λέγει’
1467 4020 1485 4052 ι
1521 4000 1810 4072 Ἐλθούσης
1833 4003 1892 4057 δὲ

316 4079 416 4149 τῆς
442 4081 679 4152 ἐντολῆς,
704 4085 736 4154 ή
760 4086 996 4156 ἁμαρτία
1017 4088 1122 4159 (6‘2)
1145 4088 1424 4160 ἀνέζησεν,
1454 4092 1563 4161 ἐγὼ
1593 4094 1650 4146 δὲ
1683 4095 1888 4149 ἀπέθα-

316 4187 424 4224 νον.
448 4191 465 4222 ι
516 4172 672 4227 Ἀλλά
700 4175 793 4228 καὶ
838 4178 897 4229 οὐ
928 4177 1244 4250 διδάσκομεν
1275 4183 1403 4251 περὶ
1440 4182 1535 4235 τοῦ
1568 4183 1774 4249 ἀδίκου,
1806 4186 1886 4239 ὅτι

314 4261 584 4334 αὔταρκες
623 4265 769 4337 αὐτῷ
812 4267 873 4320 τὸ
899 4268 987 4322 διὰ
1016 4270 1115 4341 τὴν
1147 4272 1441 4345 μοχθηρίαν
1480 4273 1670 4327 ἐαυτὸν
1696 4293 1887 4329 ταπει-

312 4353 436 4407 νοῦν
462 4355 599 4426 πρὸς
630 4356 690 4410 τὸ
721 4358 969 4430 δεχθῆναι
1000 4361 1104 4415 ὑπὸ
1130 4362 1223 4415 τοῦ
1270 4363 1403 4417 Θεοῦ
1423 4381 1438 4394 ο
1471 4365 1607 4429 ἀλλ’,
1656 4366 1751 4420 ἐὰν
1784 4369 1881 4439 μὲν
1910 4388 1956 4444 D

312 4446 402 4498 ἐπὶ
428 4449 538 4509 τοῖς
565 4448 848 4520 προτέροις
876 4451 1064 4505 ἐαυτοῦ
1099 4455 1416 4523 καταγνοὺς,
1464 4456 1760 4529 πορεύηται
1786 4477 1879 4515 τα-

290 4537 489 4602 πεινὸς
521 4540 607 4593 ἐπ’
635 4541 877 4608 ἐκείνοις,
924 4545 1016 4598 καὶ
1041 4548 1450 4619 κεκοσμημένος
1477 4549 1573 4603 ἐπὶ
1613 4552 1726 4616 τοῖς
1750 4552 1873 4606 δευ-

305 4629 502 4701 τέροις,
530 4632 716 4688 τοῦτον
743 4636 1101 4708 παραδέξεται
1129 4641 1157 4693 6
1179 4641 1330 4704 Θεός.

376 4718 523 4783 Εἶτα,
558 4725 631 4795 μὴ
658 4726 792 4780 νοῶν
809 4727 925 4791 πῶς
949 4729 1160 4801 εἴρηται
1188 4731 1269 4797 τὸ,
1307 4752 1326 4785 ι
1365 4735 1482 4800 Πᾶς
1511 4736 1540 4789 6
1565 4736 1714 4807 ὑψῶν
1743 4737 1869 4791 ἑαυ-

305 4810 394 4861 τὸν
420 4817 914 4889 ταπεινωθήσεται·
958 4840 977 4873 ι
1017 4823 1151 4894 μηδὲ
1184 4826 1287 4878 κᾶν
1319 4826 1428 4880 ἀπὸ
1458 4828 1552 4881 τοῦ
1583 4828 1869 4893 Πλάτωνος

302 4897 585 4970 διδαχθεὶς,
630 4906 713 4959 ὅτι
760 4928 778 4957 ι
825 4910 883 4963 '0
916 4911 1076 4976 καλὸς
1101 4917 1193 4968 καὶ
1221 4915 1424 4984 ἀγαθὸς
1453 4918 1746 4990 πορεύεται
1772 4934 1868 4972 τα-

372 5015 395 5048 ⁸
423 5016 440 5069 l
464 5013 582 5070 Pet.
612 5032 671 5082 ιι,
692 5017 782 5073 22.
856 5022 877 5054 ⁹
908 5023 1064 5078 Rom.
1090 5042 1186 5092 vn,
1212 5028 1265 5083 9.
1341 5030 1385 5061 ¹⁰
1415 5031 1603 5089 Matth.
1638 5049 1788 5095 xxm,
1826 5028 1919 5086 12.

371 5150 845 5235 {58)_Hms_chelius
880 5165 932 5210 et
976 5162 1310 5235 Spencerus,
1346 5163 1565 5235 λῃστὰς
1589 5165 1852 5231 ἐκαλεσες

296 5222 390 5304 καὶ
406 5221 549 5304 ⁸πρὸς
570 5221 726 5304 τοῦτο
740 5221 1028 5304 ,φήσομενξ
1047 5231 1126 5283 ὅτι
1152 5221 1502 5304 λῃστάς,’ὲιε.
1526 5221 1652 5290 ’δρα
1690 5221 1855 5292 εοιίθέ

298 5290 622 5346 Basiléensis
655 5303 711 5347 ιιι
740 5290 790 5347 in
815 5290 1007 5350 iwétro
1034 5292 1198 5354 textu:

367 5362 480 5433 (59)
528 5364 871 5417 Βούλοντίιι.
932 5367 1111 5423 Malim
1162 5388 1281 5426 cum
1328 5370 1630 5437 Boherello,
1676 5373 1855 5444 βούλε-

293 5446 398 5485 ται.

364 5502 474 5573 (60)
521 5504 749 5583 ιξθυχῆς.
787 5505 1048 5583 _O_mnino
1095 5512 1459 5578 scribendum,
1510 5510 1722 5583 τέχνης,
1765 5515 1847 5570 vel

295 5567 558 5641 ὕλης,’νρ1
590 5567 719 5642 quid
755 5576 953 5631 simile.

362 5642 471 5715 (ti!)
505 5645 732 5698 Κακίαν
750 5647 859 5715 γὰρ
891 5648 1067 5717 ὑφίστ
1079 5654 1250 5707 ασθαι
1276 5653 1598 5723 ἀναγκαῖον
1617 5654 1848 5727 πρῶτον

601 5734 870 5798 Ρηῑιοι.
920 5738 1037 5799 Gtt.
1084 5742 1198 5802 XI.

2027 1785 2154 1840 mini
2185 1786 2427 1852 duceret,
2462 1789 2600 1858 quod
2639 1792 2906 1846 medicum
2938 1796 3003 1849 ab
3036 1797 3427 1855 humanissimo
3459 1817 3587 1870 rege

2022 1879 2088 1930 ad
2124 1879 2309 1932 urbem
2338 1890 2557 1948 propter
2578 1896 2693 1946 eos,
2724 1883 2814 1951 qui
2852 1886 3054 1943 morbis
3083 1888 3414 1957 laborabant,
3447 1896 3583 1951 mis-

2020 1983 2135 2021 sum
2166 1984 2286 2023 esse
2338 1969 2687 2026 aliirmarent.
2745 1974 2936 2034 Missus
2968 1980 3132 2048 igitur
3163 1993 3245 2038 est
3275 1984 3417 2041 Deus
3446 1984 3584 2041 Vere

2020 2058 2144 2111 bum
2188 2059 2258 2112 ad
2305 2070 2620 2129 peccatores
2674 2075 2928 2136 tanquam
2983 2073 3259 2141 medicus;
3315 2078 3410 2133 sed
3464 2088 3580 2133 tau-

2017 2166 2180 2220 quam
2231 2153 2532 2208 divinorum
2583 2160 2964 2226 mysteriorum
3016 2164 3202 2219 doctor
3231 2167 3295 2220 ad
3331 2184 3447 2235 eos,
3485 2173 3575 2240 qui

2016 2242 2177 2297 elutis
2212 2244 2455 2312 pristinis
2506 2248 2759 2314 peccatis,
2792 2251 2934 2305 inea
2976 2252 3087 2320 jam
3119 2271 3222 2310 non
3262 2260 3582 2317 relabuntur.-

2016 2334 2267 2403 amplius.
2298 2339 2368 2391 At
2400 2335 2612 2405 Celsus,
2659 2340 2817 2409 hujus
2858 2344 3185 2403 discriminis
3219 2350 3456 2419 ignarus,
3490 2363 3577 2408 ut-

2014 2436 2138 2493 pote
2172 2429 2311 2495 quod
2337 2430 2624 2498 exquirere
2651 2431 2842 2497 noluit,
2891 2447 3045 2506 rogat
3074 2456 3088 2492 :
3127 2440 3272 2494 «Cur
3300 2458 3403 2495 non
3441 2446 3575 2498 mis-

2016 2531 2106 2570 sus
2142 2528 2226 2572 est
2259 2521 2327 2574 ad
2374 2520 2638 2577 immunes
2692 2539 2720 2576 a
2754 2529 3026 2595 peccatis?
3074 2530 3210 2596 Quid
3264 2534 3461 2589 malum
3492 2544 3572 2591 est

2010 2622 2117 2661 non
2156 2613 2489 2679 peccasse?»
2537 2616 2618 2668 Ad
2659 2617 2761 2671 hoc
2814 2618 3045 2675 dicimus
3087 2639 3101 2675 :
3139 2622 3194 2675 Si
3240 2639 3337 2692 per
3374 2626 3568 2679 immu-

2009 2714 2107 2754 ιιι-ε
2132 2715 2162 2754 a
2191 2704 2430 2772 peccatis
2465 2705 2748 2777 intelligar
2773 2710 2863 2779 qui
2913 2726 3017 2765 non
3058 2714 3285 2783 amplius
3322 2728 3568 2785 peccant,

2009 2792 2258 2849 Salvator
2284 2808 2468 2852 noster
2513 2801 2579 2854 ad
2602 2815 2693 2855 eos
2726 2803 2921 2858 missus
2953 2815 3057 2872 est,
3095 2808 3189 2862 sed
3221 2825 3327 2863 non
3357 2822 3415 2864 ut
3453 2827 3564 2867 meo

2006 2888 2187 2953 dicus;
2239 2890 2321 2943 sin
2371 2899 2549 2945 autem
2609 2907 2703 2948 eos
2748 2895 2838 2964 qui
2892 2912 3161 2966 nunquam
3211 2915 3568 2969 peccaverunt

2006 2978 2202 3049 (neque
2237 2983 2379 3036 enim
2434 2983 2549 3037 haec
2594 2983 2711 3053 ejus
2758 2986 2920 3042 verba
2962 3001 3144 3058 aperte
3185 2994 3564 3067 distinguunt),

2009 3071 2340 3140 impossibile
2365 3082 2446 3130 est
2478 3078 2750 3133 hominem
2777 3095 2898 3137 esse
2930 3087 3022 3153 qul
3074 3099 3348 3155 nunquam
3376 3104 3567 3157 pecca-

2003 3165 2165 3230 verit,
2193 3176 2420 3236 eacepto
2463 3177 2641 3224 tamen
2676 3172 2895 3229 homine
2923 3188 2951 3227 a
2982 3173 3109 3231 Jcsu
3141 3192 3437 3250 assumpto,
3472 3187 3561 3255 qui

2000 3255 2162 3311 homo
2214 3274 2233 3307 ι
2256 3269 2533 3327 peccatum
2570 3276 2675 3315 non
2713 3261 2839 3318 fecit
2862 3265 2902 3318 ⁸.
2930 3284 2957 3319 ι
2981 3265 3226 3339 improbe
3257 3274 3418 3328 etiam
3466 3293 3565 3333 no-

1998 3348 2080 3403 bis
2109 3351 2248 3404 hanc
2276 3352 2518 3421 assignat
2546 3357 2869 3412 sententiam
2898 3376 2912 3413 :
2944 3378 2962 3411 ι
2982 3360 3238 3429 lnjustum
3280 3380 3310 3419 a
3340 3366 3446 3423 Deo
3474 3385 3564 3427 re-

1996 3447 2211 3507 ceptum
2250 3441 2336 3508 iri,
2373 3444 2417 3496 si
2445 3458 2504 3497 se
2528 3445 2596 3498 de
2624 3446 2864 3515 nequitia
2901 3462 2998 3503 sua
3035 3451 3433 3522 humiliaverit,;
3466 3462 3563 3514 mi-

1996 3531 2142 3585 nime
2177 3544 2357 3587 autem
2382 3534 2609 3603 justum,
2640 3538 2683 3590 si
2716 3538 3005 3596 virtutibus
3028 3551 3253 3599 ornatus
3281 3545 3349 3600 ab
3379 3547 3554 3615 initio,

1995 3624 2059 3677 ad
2085 3624 2231 3678 illum
2277 3626 2461 3685 oculos
2512 3629 2816 3684 tetenderit.
2846 3650 2866 3685 ι
2921 3632 3222 3692 Censemus
3258 3640 3403 3695 enim
3437 3642 3552 3698 ﬁeri

1994 3732 2099 3770 non
2154 3731 2328 3785 posse,
2383 3727 2441 3770 ut
2488 3718 2648 3772 homo
2690 3721 2979 3779 virtutibus
3024 3738 3252 3784 ornatus
3301 3732 3370 3786 ab
3398 3732 3552 3789 initio

1992 3803 2058 3857 ad
2088 3806 2252 3858 Deum
2282 3804 2467 3861 oculos
2493 3808 2682 3878 erigat.
2710 3808 2947 3866 Primum
2971 3816 3115 3871 enim
3149 3818 3202 3872 in
3242 3820 3550 3880 hominibus

1990 3907 2269 3962 peccatum
2316 3896 2441 3965 puni
2477 3910 2698 3954 necesse
2739 3910 2842 3967 est,
2876 3904 3088 3962 dicente
3120 3908 3288 3966 Paulo
3320 3929 3335 3968 :
3372 3932 3391 3965 ι
3413 3914 3547 3970 Cum

1988 3988 2225 4043 venisset
2272 3991 2608 4056 mandatum,
2655 4004 2939 4060 peccatum
2973 3999 3203 4068 revixit;
3232 4018 3331 4075 ego
3369 4017 3545 4063 autem

1989 4092 2237 4136 mortuus
2280 4097 2396 4137 sum
2420 4081 2463 4138 ’.
2492 4100 2511 4135 ι
2565 4082 2751 4154 Neque
2782 4088 2945 4142 etiam
2993 4093 3266 4162 docemus,
3315 4106 3373 4152 ut
3405 4098 3547 4166 initt-

1987 4180 2103 4226 stus
2135 4187 2165 4226 a
2194 4173 2301 4228 Deo
2328 4173 2638 4242 recipiatur,
2670 4176 2802 4231 satis
2828 4192 2966 4246 esse,
3006 4182 3051 4236 si
3104 4195 3323 4254 propter
3355 4190 3545 4259 nequi-

1988 4265 2119 4327 tiam
2172 4279 2230 4320 se
2265 4266 2663 4332 bumiliaverit;
2710 4266 2881 4341 489
2931 4274 3023 4328 sed
3054 4274 3199 4330 illum
3232 4292 3261 4331 a
3311 4278 3425 4335 Deo
3460 4298 3543 4338 re-

1985 4364 2200 4423 ceptum
2234 4356 2299 4410 iri
2330 4356 2445 4426 qui,
2476 4357 2759 4426 pristinam
2791 4347 2961 4415 vita'm
2988 4366 3377 4435 condemnans,
3414 4387 3531 4442 pro.

1984 4456 2103 4516 pter
2136 4446 2281 4501 illam
2329 4449 2573 4506 modeste
2622 4459 2677 4504 et
2718 4454 2787 4507 ob
2839 4454 3199 4513 recentiorem
3245 4467 3539 4533 composite

1981 4537 2286 4593 incesserit.

2044 4735 2131 4790 6'5.
2152 4734 2280 4792 Post
2302 4736 2418 4791 haec
2439 4751 2542 4793 non
2573 4738 2877 4811 intelligens
2902 4745 3037 4815 quid
3060 4747 3166 4804 sibi
3189 4750 3353 4808 velint
3378 4755 3525 4813 haec:
3588 4784 3591 4785 ν

1980 4845 1999 4879 ι
2020 4826 2212 4883 Omnis
2231 4829 2321 4899 qui
2344 4843 2403 4885 se
2423 4830 2649 4899 exaltat,
2668 4833 3048 4893 humiliabitur
3068 4841 3143 4908 ¹⁰;
3174 4860 3194 4893 ι
3218 4844 3529 4919 oblitusque

1972 4919 2101 4990 quid
2134 4918 2291 4979 Plato
2324 4920 2515 4975 doceat
2538 4960 2554 4989 ,
2593 4939 2614 4973 ι
2653 4923 2827 4979 virum
2871 4929 3101 4998 probum
3151 4941 3207 4988 et
3236 4918 3527 4995 honestum

1962 5161 2407 5242 ζῇν-ἀνθρώποις.
2452 5162 2530 5242 De
2565 5177 2799 5242 peccato
2843 5172 3089 5242 originali
3124 5175 3252 5242 quid
3292 5182 3525 5234 senserit

1962 5234 2262 5314 Origenes;
2297 5237 2418 5314 vide
2483 5234 3074 5314 Qrigenignorumflib.
3116 5234 3177 5308 Ii,
3232 5256 3422 5314 quaest.
3465 5249 3517 5309 7,

1962 5318 2018 5379 ῃ,
2059 5306 2149 5357 24.
2223 5304 2472 5379 Cousu_|e_
2510 5306 2637 5361 item
2685 5309 2943 5379 Spenceri
2994 5304 3402 5371 adnotationem
3452 5304 3519 5373 ad

1960 5370 2058 5427 lib.
2091 5389 2142 5426 IV
2172 5383 2352 5426 contra
2383 5374 2609 5442 Celsum,
2641 5370 2787 5432 num.
2811 5381 2902 5434 40.

2032 5443 2143 5514 (6‘2)
2189 5443 2257 5498 'H
2277 5444 2549 5513 ἁμαρτία,
2576 5456 2682 5502 etc.
2743 5449 2833 5504 Sic
2861 5465 3048 5504 omnes
3097 5466 3226 5506 mss.
3251 5452 3514 5510 "(BSCliP-

1958 5512 2061 5593 lius
2094 5512 2271 5593 autem
2298 5512 2352 5593 et
2385 5515 2685 5593 Spehttcerus
2722 5518 2773 5571 in
2825 5528 2995 5585 textu,
3027 5522 3060 5591 ή
3101 5523 3343 5593 ἁμαρτία
3377 5526 3503 5583 ἀπό-

1955 5582 2131 5649 θανεν,
2165 5582 2272 5653 ἐγὼ
2296 5583 2350 5637 δέ
2378 5584 2627 5656 ἀνέζησα.

3151 5749 3232 5811 32
