3998 6170
459 241 593 298 i005

453 447 504 498 id
535 451 675 515 quod
703 449 975 502 dicimus:
1013 468 1030 499 ι
1069 448 1440 502 Ηυηὶίῐὶῑιῐιιίηἱ
1476 450 1642 516 igitur
1675 451 1775 506 sub
1802 454 2012 520 potenti

452 554 614 592 manu
649 541 762 599 Dei,
792 549 851 592 ut
878 540 1073 591 exaltet
1097 555 1191 592 vos
1221 540 1272 591 in
1307 549 1545 608 tempore
1570 540 1652 606 “;
1686 559 1706 592 ι
1739 541 1813 595 ait
1845 561 1856 594 :
1892 561 1910 593 ι
1937 544 2013 597 Ac

457 633 701 685 homines
730 632 944 699 quidem
978 633 1067 698 qui
1107 641 1250 684 recte
1292 630 1530 698 iudicum
1569 630 1743 686 ofﬁcio
1782 633 2013 702 fungun-

451 733 560 784 tnr,
596 735 716 775 reos
750 730 935 772 vetant
972 721 1044 772 uti
1092 735 1274 773 coram
1306 737 1361 773 se
1399 722 1692 790 gemitibus
1717 735 1772 776 et
1802 723 2012 778 lamen-

451 813 542 872 tis,
573 819 632 863 ut
667 826 731 862 ne
779 811 830 862 in
861 808 1157 877 judicando
1209 813 1580 865 misericordia
1627 815 1806 880 potius
1853 830 2010 879 quam

451 904 682 956 veritate
716 912 1074 965 moveantur;
1107 914 1160 954 at
1189 904 1328 955 Dcus
1357 903 1496 956 inter
1525 902 1875 969 judicandmn
1908 920 2010 958 non

448 993 719 1054 veritatis,
772 992 865 1045 sed
913 992 1243 1046 adulationis
1291 994 1558 1047 rationem
1612 995 1794 1047 habet.
1837 1014 1855 1045 ι
1906 993 2011 1049 Sed

450 1101 694 1156 quaenam
724 1083 981 1144 adulatio,
1014 1087 1104 1150 qui
1137 1086 1366 1153 gemitus
1399 1085 1765 1154 inScripturis
1793 1102 2013 1156 compa-

451 1187 592 1238 rent,
623 1191 743 1228 cum
775 1176 864 1242 qui
909 1175 1154 1242 peccavit
1184 1175 1328 1228 dicat
1357 1177 1407 1228 in
1451 1177 1562 1230 suis
1597 1178 1660 1229 ad
1695 1178 1856 1230 Deum
1893 1193 2012 1244 pre-

449 1271 642 1324 cibus;
681 1287 698 1319 c
742 1268 1002 1321 Delictmn
1032 1282 1210 1320 meum
1240 1268 1510 1335 cognitum
1545 1268 1636 1322 tibi
1683 1267 1806 1333 feci,
1844 1281 1896 1322 et
1925 1271 2009 1322 iu-

446 1362 713 1430 justitiam
749 1373 920 1412 meam
957 1373 1061 1412 non
1096 1357 1374 1413 abscondi.
1409 1359 1548 1421 Dixi,
1581 1360 1884 1414 confitebor
1916 1361 2010 1413 ad-

450 1470 667 1509 versum
704 1468 789 1507 me
844 1451 1166 1520 iniustitiam
1205 1467 1378 1504 meam
1432 1451 1656 1506 Domino
1679 1492 1693 1516 ,
1724 1463 1831 1506 etc.
1861 1453 1947 1504 “?
1986 1474 2003 1504 ι

448 1550 530 1602 An
558 1546 870 1614 probaverit
902 1544 1207 1611 huiusmodi
1241 1544 1635 1598 confessionem
1679 1561 1885 1609 eorum,
1919 1547 2009 1614 qui

450 1656 508 1695 se
542 1647 664 1708 post
693 1637 1042 1691 commissum
1095 1644 1377 1706 peccaturo
1425 1638 1713 1699 humiliant
1739 1637 1837 1691 sub
1878 1637 2007 1704 Deo,

453 1732 520 1782 ad
555 1731 769 1783 illorum
803 1729 1196 1782 correctionem
1233 1745 1341 1782 non
1379 1729 1731 1783 conducere?
1767 1730 1870 1784 Sed
1896 1729 2010 1796 ejus

450 1819 791 1873 obtrectandi
821 1819 989 1871 libido
1016 1817 1168 1881 facit,
1203 1828 1261 1871 ut
1304 1818 1404 1871 sibi
1434 1819 1686 1887 loquatur
1717 1820 2006 1873 contraria.

454 1910 605 1962 Nunc
635 1911 773 1962 enim
807 1923 1136 1978 cognoscere
1163 1910 1375 1962 videtur
1407 1909 1679 1962 hominem
1705 1953 1718 1976 ,
1758 1912 1848 1978 qui
1893 1911 2010 1964 sine

453 2011 717 2070 peccato,
766 2001 945 2069 justus
995 2008 1048 2051 et
1094 2002 1292 2052 virtute
1339 2000 1593 2066 przcditus
1634 2003 1700 2053 ab
1747 2001 1900 2053 initio
1943 2000 2010 2052 ad

454 2093 618 2145 Deum
647 2092 836 2145 oculos
859 2071 1137 2144 sustulerit
1161 2106 1174 2154 ;
1204 2104 1345 2142 nunc
1371 2092 1637 2157 approbat
1667 2092 1719 2144 id
1747 2093 1888 2160 quod
1914 2108 2010 2148 nos

451 2185 682 2236 dicimus
727 2200 738 2234 :
795 2201 812 2232 ι
863 2183 994 2247 Quis
1024 2183 1182 2234 homo
1215 2181 1454 2249 perfecte
1496 2181 1711 2249 justus?
1754 2195 1848 2239 aut
1887 2185 2009 2254 quis

451 2277 569 2331 sine
596 2286 818 2344 peccato
843 2275 930 2328 “‘I
968 2293 988 2326 ι
1017 2276 1106 2328 Ait
1133 2276 1276 2329 enim
1311 2275 1424 2342 ipse
1453 2293 1466 2327 :
1505 2292 1524 2325 ι
1567 2274 1762 2329 Verum
1801 2284 1884 2330 est
1910 2293 2008 2330 ua-

452 2377 571 2420 tura
601 2365 837 2434 proclive
867 2380 988 2419 esse
1017 2366 1082 2418 ad
1104 2367 1436 2434 peccandum
1470 2380 1640 2432 genus
1659 2367 1956 2421 hominum.
1983 2387 2002 2420 ι

452 2456 676 2520 Deinde,
713 2456 869 2524 quasi
920 2471 1026 2510 non
1075 2471 1264 2510 omnes
1309 2457 1375 2508 ad
1423 2466 1662 2510 nostram
1697 2457 2006 2528 religionem

451 2562 784 2608 vocarentur
811 2569 826 2603 :
862 2568 882 2602 ι
921 2548 1192 2618 Oportuit,
1221 2550 1413 2618 inquit,
1445 2551 1664 2604 omnino
1694 2565 1884 2606 omnes
1915 2567 2008 2626 vo-

447 2645 588 2708 cari,
617 2645 660 2699 si
696 2644 914 2713 quidem
948 2657 1136 2697 omnes
1187 2642 1554 2710 peccaverint.
1597 2661 1614 2694 ι
1650 2643 1714 2698 Ει
1739 2653 1918 2698 tamen
1954 2645 2005 2698 in

450 2736 825 2804 superioribus
853 2733 1070 2786 allatum
1105 2749 1134 2785 a
1169 2734 1326 2786 nobis
1353 2743 1437 2787 est
1466 2734 1606 2788 ismd
1629 2734 1761 2789 Jesu
1791 2754 1804 2789 :
1845 2756 1864 2788 ι
1905 2736 2008 2792 Ve-

449 2828 565 2881 nite
591 2827 655 2879 ad
691 2842 796 2901 me,
818 2841 1013 2880 oumes
1042 2825 1131 2892 qui
1161 2825 1422 2879 laboratis
1461 2834 1515 2879 et
1545 2829 1750 2880 onerati
1779 2829 1927 2889 estis.
1953 2836 2007 2881 et

448 2933 546 2986 ego
597 2918 832 2970 reficiam
885 2933 978 2970 vos
1018 2917 1087 2970 ³⁵.
1124 2937 1142 2969 ι
1182 2915 1382 2971 Omnes
1426 2918 1586 2986 igitur
1627 2919 1873 2973 homines
1907 2923 2008 2974 hac

1925 240 2244 297 ORIGENIS

451 365 690 409 modeste
739 363 792 409 et
827 356 1126 425 composite
1173 356 1442 419 incedere,
1486 376 1503 408 ι
1559 367 1718 426 atque
1753 359 2006 429 ignorans

2113 363 2291 424 πεινὸς
2324 363 2413 414 καὶ
2440 360 2847 432 κεκοσμημένος
2869 379 2882 391 ·

3553 239 3684 292 ικυι

2926 380 2942 410 ι
2976 362 3048 432 μὴ
3075 361 3225 425 εἰδὼς
3255 361 3309 414 δὲ
3337 361 3450 421 καὶ,
3482 358 3558 422 ὣς
3591 375 3688 425 φα-

2118 471 2234 524 μεν,
2270 474 2286 504 ι
2327 453 2690 524 ταπεινώθητε
2725 450 2816 506 οὖν
2849 454 2953 506 ὑπὸ
2981 456 3077 524 τὴν
3112 453 3377 526 κραταιὰν
3410 455 3565 525 χεῖρα
3594 450 3687 503 τοῦ

2112 547 2266 608 Θεοῦ,
2299 548 2384 600 ἵνα
2418 547 2560 616 ὑμᾶς
2589 545 2779 617 ὑψώσῃ
2808 547 2865 598 ἐν
2895 545 3072 617 καιρῷ
3092 563 3104 576 ⁸
3145 565 3162 597 ι
3193 547 3374 617 φησιν,
3406 546 3486 597 ὅτι
3515 562 3532 595 t
3562 543 3674 596 Ἀν-

2113 637 2321 708 θρωποι
2353 639 2449 707 μὲν
2476 636 2652 708 ὀρθῶς
2679 635 2836 707 δίκης
2873 637 3262 708 προϊστάμενοι
3295 636 3421 699 τοὺς
3451 635 3543 687 ἐπὶ
3575 638 3688 697 τοῖς

2113 730 2437 802 ἀδικήμασιν
2483 730 2909 800 ὀλοφυρομένους
2951 731 3293 783 ἀποπαύουσι
3337 729 3444 782 τῶν
3477 731 3684 799 οἰκτρο-

2112 823 2272 891 γοῶν,
2307 824 2390 875 ἴνα
2431 823 2502 893 μὴ
2532 822 2668 894 πρὸς
2695 822 2841 875 ἔλεον
2879 823 3078 892 μᾶλλον
3107 823 3138 892 ἢ
3175 823 3306 894 πρὸς
3330 821 3584 893 ἀλήθειαν
3611 822 3686 874 δι-

2113 910 2417 964 κασθῶσινο
2465 912 2492 962 6
2533 911 2663 972 Θεὸς
2703 909 2748 962 δ’
2796 909 2904 981 ἀρα
2950 913 3010 963 οὐ
3054 911 3191 981 πρὸς
3235 911 3515 982 ἀλήθειαν,
3548 910 3683 965 ἀλλὰ

2112 1004 2249 1073 πρὸς
2291 1003 2579 1056 κολακείαν
2626 1002 2854 1064 δικάζει.
2897 1022 2915 1053 ι
2957 1003 3092 1055 Ποία
3123 1003 3228 1074 γὰρ
3262 1001 3550 1067 κολακεία,
3592 1006 3686 1057 καὶ

2113 1098 2262 1157 ποῖος
2303 1095 2456 1162 λόγος
2501 1095 2826 1165 οἰκτρογοῶν
2865 1095 3004 1148 κατά
3035 1095 3133 1157 τὰς
3181 1094 3328 1157 Θείας
3371 1095 3687 1164 γιγνόμενος

2115 1187 2358 1255 Γραφὰς,
2391 1184 2527 1237 ἐπάν
2565 1187 2592 1238 ό
2634 1185 2959 1256 ἁμαρτάνων
2997 1185 3129 1258 λέγῃ
3163 1188 3218 1238 ἐν
3244 1188 3362 1248 ταῖς
3394 1186 3529 1257 πρὸς
3553 1186 3686 1237 Θεὸν

2111 1277 2315 1344 εὐχαῖς,
2353 1295 2370 1325 ι
2412 1274 2523 1344 Τὴν
2554 1275 2822 1346 ἁμαρτίαν
2859 1292 2956 1345 μου
2988 1275 3257 1345 ἐγνώρισα
3276 1314 3290 1337 ,
3321 1273 3414 1326 καὶ
3439 1273 3535 1343 τὴν
3566 1274 3687 1325 ἀνο-

2116 1357 2242 1436 μίαν
2295 1383 2395 1436 μου
2430 1367 2529 1418 οὐκ
2563 1365 2806 1434 ἐκάλυψα
2829 1383 2840 1395 ·
2883 1385 2901 1417 ›
2936 1362 3062 1418 εἶπα
3086 1405 3100 1426 ,
3135 1385 3152 1416 ι
3193 1363 3533 1435 ἐξαγορεύσω
3564 1366 3683 1417 κατ’

2112 1458 2244 1526 ἐμοῦ
2282 1459 2379 1528 τὴν
2429 1459 2656 1528 ἀνομίαν
2697 1475 2794 1528 μου
2839 1456 2918 1526 τῷ
2957 1458 3175 1529 Κυρίῳ,
3225 1477 3243 1508 ι
3277 1458 3369 1510 καὶ
3417 1455 3486 1508 τὰ
3517 1455 3683 1526 ἑξῆς;

2124 1551 2282 1602 Ἀλλά
2328 1551 2546 1603 δύναται
2580 1550 2688 1620 (65)
2722 1550 3088 1622 παραστῆσαι,
3135 1551 3214 1603 ὅτι
3249 1550 3349 1602 οὐκ
3389 1549 3533 1601 ἔστιν
3563 1551 3684 1600 ἐπι-

2116 1643 2435 1712 στρεπτικὸν
2476 1643 2536 1695 τὸ
2563 1641 2799 1694 τοιοῦτον
2843 1642 2952 1694 τῶν
2985 1643 3417 1712 ἁμαρτανόντων,
3451 1641 3554 1692 ὑπὸ
3594 1641 3685 1692 τὸν

2041 1716 2082 1772 Β
2111 1733 2241 1786 Θεὸν
2303 1735 2526 1799 ἑαυτοὺς
2579 1734 2968 1787 ταπεινούντων
3020 1735 3077 1785 ἐν
3135 1735 3252 1796 ταῖς
3302 1734 3524 1803 εὐχαίς;
3575 1733 3685 1785 Καὶ

2114 1826 2512 1896 συγκεχυμένος
2555 1827 2599 1878 δ’
2646 1827 2752 1878 ἀπὸ
2798 1826 2896 1895 τῆς
2925 1825 3018 1876 ἐπὶ
3049 1826 3108 1878 τὸ
3137 1827 3455 1895 κατηγορεῖν
3485 1825 3681 1894 ὁρμῆς,

2111 1916 2293 1986 ἐαυτῴ
2342 1917 2558 1969 ἐναντία
2603 1916 2778 1983 λέγει’
2833 1917 2963 1968 ὅπου
3012 1917 3108 1984 μὲν
3159 1917 3434 1986 ἐμφαίνων
3485 1914 3685 1966 εἰδέναι

2111 2009 2488 2079 ἀναμάρτητον
2516 2008 2798 2078 ἄνθρωπον
2832 2009 2922 2061 καὶ
2963 2009 3168 2060 δίκαιον
3201 2008 3314 2078 μετ’
3347 2007 3547 2079 ἀρετῆς
3585 2006 3683 2059 ἀπ’

2112 2100 2283 2170 ἀρχῆς
2314 2099 2447 2170 πρὸς
2475 2099 2633 2152 αὐτὸν
2655 2099 2762 2170 (64)
2784 2099 2896 2153 ἀνω
2925 2098 3186 2175 βλέποντα
3207 2115 3220 2128 ·
3252 2100 3386 2151 ὅπου
3417 2098 3460 2150 δ’
3486 2097 3684 2150 ἀποδε-

2111 2192 2338 2262 χόμενος
2364 2192 2425 2244 τὸ
2454 2192 2751 2262 λεγόμενον
2787 2192 2874 2261 ὑφ’
2902 2191 3075 2262 ἡμῶν,
3102 2192 3183 2244 ὅτι
3217 2211 3235 2243 ‹
3271 2191 3366 2254 Τίς
3397 2190 3679 2260 ἄνθρωπος

2110 2284 2304 2346 τελέως
2327 2284 2530 2346 δίκαιος
2567 2301 2580 2348 ;
2609 2283 2642 2354 ἦ
2674 2283 2756 2346 τίς
2784 2285 3159 2354 ἀναμάρτητος
3191 2299 3204 2346 ;
3245 2301 3264 2331 ι
3310 2282 3395 2345 Ὠς
3422 2283 3678 2352 ἀποδεχό-

2113 2391 2272 2444 μενος
2305 2374 2411 2446 γὰρ
2440 2375 2603 2439 αὐτὸ,
2640 2375 2770 2445 φησί
2790 2389 2802 2403 ³
2849 2375 3006 2427 τοῦτο
3049 2375 3144 2444 μὲν
3182 2374 3435 2436 ἐπιεικῶς
3461 2372 3676 2443 ἀληθὲς,

2110 2470 2191 2522 ὅτι
2221 2467 2428 2538 πέφυκέ
2459 2485 2575 2530 πως
2602 2468 2662 2520 τὸ
2695 2466 3028 2538 ἀνθρώπινον
3059 2466 3221 2534 φῦλον
3260 2465 3610 2536 ἁμαρτάνειν.
3652 2485 3669 2516 ι

2109 2557 2272 2622 Εἶτα,
2319 2561 2393 2622 ὡς
2454 2560 2528 2630 μὴ
2571 2561 2788 2614 πάντων
2821 2559 3167 2630 καλουμένων
3215 2558 3316 2611 ὑπὸ
3358 2558 3453 2611 τοῦ
3495 2556 3673 2625 λόγου,

2109 2653 2308 2724 φησίν·
2348 2673 2365 2703 ι
2417 2653 2608 2722 Ἐχρῆν
2646 2647 2737 2705 οῦν
2766 2651 2971 2715 ,ἁπλῶς
3009 2652 3215 2713 πάντας
3255 2650 3473 2711 καλεῖν,
3511 2649 3565 2701 εἷ
3613 2667 3674 2716 γε

2107 2744 2308 2804 πάντες
2336 2741 2724 2813 ἁμαρτάνουσι.
2753 2761 2770 2791 ι
2802 2741 2909 2793 Καὶ
2932 2741 2987 2791 ἐν
3014 2741 3124 2802 τοῖς
3154 2737 3406 2807 ἀνωτέρω
3429 2735 3484 2788 δὲ
3505 2751 3676 2804 παρε-

2107 2832 2386 2904 δείκνυμεν
2422 2833 2510 2885 τὸν
2554 2831 2757 2899 Ἰησοῦν
2785 2829 3089 2900 εἰρηκέναι,
3127 2847 3145 2879 t
3191 2827 3358 2880 Δεῦτε
3387 2827 3581 2888 πάντες
3620 2828 3670 2878 oi

2108 2924 2403 2985 κοπιῶντες
2420 2924 2513 2975 καὶ
2531 2921 2967 2993 πεφορτισμένοι,
2990 2918 3140 2987 κάγὼ
3160 2917 3448 2972 ἀναπαύσω
3464 2917 3620 2985 ὑμᾶς.
3635 2933 3660 2967 ο

450 3009 515 3061 ad
561 3009 896 3076 peccandum
944 3008 1283 3074 proclivitate
1350 3009 1661 3063 laborantes
1697 3019 1751 3063 et
1800 3011 2004 3064 onerati

2110 3017 2314 3078 Πάντες
2360 3013 2451 3068 οὖν
2491 3015 2802 3084 ἄνθρωποι,
2847 3013 2935 3065 διὰ
2973 3013 3070 3083 τὴν
3111 3013 3208 3082 τῆς
3255 3010 3516 3082 ἁμαρτίας
3559 3009 3662 3077 φύ-

450 3108 716 3151 vocantur
749 3100 812 3150 ad
844 3099 986 3148 illam
1035 3097 1124 3149 Dei
1158 3099 1473 3164 requietem,
1504 3114 1666 3167 quam
1699 3113 1882 3153 nostra
1911 3102 2006 3154 do-

453 3193 624 3245 ctrina
650 3190 933 3259 promittit.
960 3207 976 3238 ε
1005 3186 1147 3241 Misit
1178 3208 1195 3240 ι
1229 3191 1368 3243 enim
1395 3189 1534 3246 Deus
1563 3191 1826 3245 (Verbum
1850 3209 2003 3248 suum

451 3293 503 3337 et
531 3283 740 3337 sanavit
774 3298 885 3346 eos,
914 3293 968 3336 et
996 3283 1195 3352 eripuit
1225 3299 1320 3338 eos
1355 3288 1420 3340 de
1447 3286 1887 3354 corruptiouibns
1916 3302 2007 3342 eo-

438 3389 571 3429 :rum
597 3375 659 3430 ".
695 3393 717 3424 θ

515 3557 604 3610 6'4.
635 3555 850 3626 Pergit:
892 3575 910 3606 ‹
941 3555 1054 3622 Qua
1088 3557 1250 3624 igitur
1299 3571 1460 3611 causa
1511 3565 1827 3625 peccatores
1863 3571 2002 3626 prac-

447 3648 738 3703 leruntur?
775 3667 793 3698 ι
825 3647 1093 3717 Atlditque
1133 3649 1285 3716 plura
1315 3649 1364 3702 id
1394 3650 2003 3719 genus.Respondemus

444 3748 786 3808 peccatorem
836 3739 1152 3806 simpliciter
1201 3755 1305 3793 non
1336 3740 1588 3806 anteponi
1622 3741 1732 3805 illi,
1761 3741 1851 3810 qui
1897 3756 2028 3794 non-

446 3842 530 3886 est
561 3840 815 3900 peccator
841 3847 854 3893 ;
890 3832 983 3884 sed
1013 3831 1282 3884 interdum
1328 3833 1522 3885 accidit
1551 3841 1610 3885 ut
1637 3843 1889 3901 peccator
1919 3833 2003 3887 sui

449 3921 657 3988 peccati
684 3920 1014 3973 conscientia
1041 3930 1215 3974 tactus
1245 3931 1298 3974 et
1323 3921 1524 3973 idcirco
1551 3923 1822 3989 paenitens
1841 3927 2004 3990 atqbe

449 4021 671 4079 propter
703 4026 798 4064 sua
851 4021 1070 4079 peccata
1120 4011 1338 4064 humilis
1383 4011 1716 4064 anteferatur
1764 4011 1861 4075 illi,
1909 4012 2001 4080 qui

447 4107 628 4160 minus
658 4105 874 4174 quidem
907 4103 997 4156 illo
1018 4103 1252 4158 habetur
1273 4112 1544 4173 peccator,
1573 4106 1666 4157 sed
1699 4119 1756 4158 se
1786 4105 2003 4158 minime

445 4206 782 4265 peccatorem
816 4212 932 4252 esse
959 4197 1266 4262 existimat,
1301 4197 1408 4250 imo
1435 4197 1694 4266 gloriatur
1728 4198 2004 4267 turgescit-

443 4307 549 4361 qne
579 4293 899 4361 quibusdam
939 4293 1091 4346 bonis
1113 4333 1127 4356 ,
1159 4293 1353 4361 quibus
1382 4292 1481 4346 sibi
1519 4291 1632 4360 ipse
1673 4303 1896 4346 ornatus
1926 4293 2004 4344 vi—

446 4384 622 4439 detur.
649 4384 812 4456 490
837 4385 893 4439 Id
925 4386 1063 4454 quod
1109 4384 1355 4439 candidis
1390 4382 1802 4453 Evangeliorum
1837 4384 2001 4438 lecto-

443 4476 594 4530 ribus
640 4477 849 4531 iudicat
897 4478 962 4530 de
997 4478 1286 4546 publicano
1316 4485 1370 4531 et
1425 4476 1692 4529 Phariszeo
1719 4476 1999 4544 parabola,

442 4581 670 4632 quorum
705 4565 794 4618 ille
826 4566 1078 4620 dicebat:
1121 4585 1138 4616 ι
1187 4566 1457 4636 Propitius
1483 4577 1602 4619 esto
1635 4567 1761 4617 mihi
1806 4579 2002 4632 pecca-

444 4656 546 4707 tori
573 4673 587 4718 ;
623 4673 641 4705 ι
685 4653 772 4708 hic
818 4664 995 4707 autem
1057 4671 1246 4725 magna
1297 4657 1363 4708 de
1389 4672 1446 4709 se
1475 4655 1726 4723 opinione
1755 4654 1890 4707 male
1919 4664 2001 4707 lu-

443 4745 660 4797 midus:
697 4761 716 4792 (
753 4743 996 4807 Gratias,
1046 4746 1363 4813 inquiebat,
1416 4761 1518 4814 ago
1555 4746 1672 4808 tibi,
1719 4747 1846 4812 quia
1893 4761 1999 4799 non

441 4849 561 4888 sum
597 4833 738 4886 sicut
761 4835 940 4888 caeteri
974 4837 1272 4903 hominum,
1303 4847 1569 4906 raptores,
1616 4837 1820 4905 injusti,
1852 4836 2002 4890 adul-

442 4927 570 4987 teri,
596 4925 738 4979 velut
769 4927 931 4981 etiam
965 4930 1052 4981 hic
1085 4929 1424 4997 publicanus.
1463 4949 1481 4981 ›
1512 4929 1724 4984 Etenim
1753 4927 1910 4983 Jesus
1935 4931 2003 4984 de

441 5019 724 5088 utriusque
751 5019 997 5071 oratione
1021 5020 1099 5072 sic
1137 5019 1383 5084 iudicat:
1425 5041 1444 5073 ι
1477 5022 1768 5076 Descendit
1797 5023 1887 5077 hic
1916 5023 2002 5093 ju-

437 5112 706 5164 stiticatns
733 5110 788 5162 in
814 5110 1032 5162 domum
1063 5125 1212 5163 suam
1245 5113 1312 5166 ab
1352 5111 1488 5178 illo;
1524 5114 1648 5180 quia
1701 5117 1877 5169 omnis
1908 5116 2000 5183 qui

435 5217 499 5259 ac
532 5201 758 5266 exultat,
799 5199 1215 5266 humiliabitur;
1246 5212 1298 5256 et
1326 5204 1418 5272 qui
1463 5219 1522 5258 se
1554 5205 1819 5272 humiliat,
1852 5205 2001 5260 exal-

509 5339 555 5371 “
584 5339 598 5392 Ι
633 5338 782 5392 Petr.
818 5353 870 5401 ν,
903 5337 954 5402 6,
988 5336 1036 5390 7.

433 5477 847 5601 δύεξῗὲιἋλλὰ
875 5478 1135 5534 δύναται.
1182 5478 1441 5536 Gelenius
1480 5481 1727 5550 legebat,
1777 5482 1888 5537 ἀλλ’
1937 5482 1996 5535 οὐ

438 5619 798 5756 ωὲὕᾶὲξέξῗς
835 5622 1039 5678 αὐτόν.
1080 5623 1366 5688 Gelenius,
1399 5622 1815 5704 πρὸςμοῖειεῶνόῖα,
1842 5625 1997 5680 Side-

1120 5337 1164 5370 “
1198 5336 1344 5392 Psal.
1384 5354 1535 5404 xui,
1563 5339 1618 5395 5.

1699 5340 1742 5372 ¹³
1767 5338 1867 5396 Job
1899 5355 1986 5404 xv,
2026 5340 2111 5395 14.

2111 3124 2194 3159 σιν
2245 3106 2352 3174 (65)
2403 3104 2698 3167 κοπιῶντες
2746 3105 2838 3158 καὶ
2885 3103 3340 3174 πεφορτισμένοι,
3387 3101 3670 3157 καλοῦνται

2108 3200 2199 3252 ἐπὶ
2229 3198 2325 3268 τὴν
2356 3197 2505 3268 παρά
2536 3196 2612 3266 τῷ
2641 3196 2781 3266 λόγῳ
2812 3195 2904 3248 τοῦ
2925 3195 3056 3248 Θεοῦ
3089 3195 3422 3248 ἀνάπαυσιψ
3463 3215 3478 3243 ι
3518 3192 3672 3257 Ἑξα-
3691 3173 3707 3190 ’

2108 3289 2349 3343 πέστειλε
2412 3289 2519 3359 γὰρ
2579 3289 2607 3339 ό
2665 3288 2794 3351 Θεὸς
2856 3287 2945 3340 τὸν
3016 3288 3186 3354 Λόγον
3226 3286 3412 3350 αὑτοῦ,
3446 3287 3540 3340 καὶ
3589 3286 3672 3338 idt-

2109 3397 2237 3434 σατο
2269 3382 2480 3443 αὐτοὺς,
2504 3383 2596 3435 καί
2623 3380 2888 3452 ἐρρύσατο
2920 3380 3114 3442 αὐτοὺς
3140 3380 3204 3431 ἐκ
3233 3377 3340 3430 τῶν
3367 3376 3672 3448 διαφθορῶν

2106 3473 2304 3524 αὐτῶν.
2347 3492 2364 3522 ι

2187 3566 2339 3617 Ἐπεὶ
2368 3563 2423 3616 δέ
2451 3580 2580 3633 φησι
2612 3564 2704 3616 καὶ
2732 3565 2826 3628 τὸ,
2870 3580 2888 3613 t
2928 3561 3023 3624 Τίς
3050 3558 3142 3615 οὖν
3173 3561 3307 3632 αὕτη
3347 3561 3534 3630 ποτὲή
3568 3559 3674 3612 τῶν

2105 3656 2440 3728 ἁμαρτωλῶν
2463 3657 2788 3726 προτίμησις
2825 3671 2838 3718 ;
2873 3674 2892 3707 ι
2925 3656 3017 3708 καὶ
3045 3656 3203 3723 ὃμοια
3239 3654 3445 3717 τούτοις
3479 3653 3672 3722 ἐπιφέ-

2108 3765 2226 3819 ρει·
2269 3745 2704 3818 ἀποκρινούμεθα
2729 3786 2743 3807 ,
2794 3746 2874 3797 ὅτι
2916 3745 3168 3810 καθάπαξ
3221 3746 3317 3815 μέν
3350 3744 3672 3815 ἁμαρτωλὸς

2104 3841 2164 3891 οὐ
2198 3842 2524 3910 προτιμᾶται
2550 3837 2641 3889 τοῦ
2671 3837 2743 3908 μὴ
2773 3837 3093 3907 ἀμαρτωλοῦ
3117 3854 3130 3867 ·
3163 3835 3276 3888 ἔστι
3304 3837 3348 3888 δ’
3371 3837 3458 3888 ὅτε
3489 3838 3672 3906 ἀμαρ-

2101 3932 2270 3994 τωλὸς
2291 3973 2302 3995 ,
2337 3929 2746 3998 συναισθόμενος
2777 3929 2874 3998 τῆς
2921 3928 3055 3990 ἰδίας
3099 3929 3368 3998 ἁμαρτίας
3393 3968 3406 3990 ,
3458 3928 3551 3980 καὶ
3582 3927 3670 3978 διὰ

2103 4025 2259 4076 τοῦτο
2288 4023 2424 4094 πρὸς
2447 4023 2506 4074 τὸ
2533 4024 2804 4093 μετανοεῖν
2827 4021 3202 4092 πορευόμενος,
3239 4021 3329 4072 ἐπί
3353 4023 3467 4084 τοῖς
3490 4021 3672 4092 ἡμαρη

2103 4117 2356 4188 τημένοις
2387 4117 2656 4178 ταπεινὸς,
2693 4115 3021 4185 προτιμᾶται
3066 4112 3161 4165 τοῦ
3203 4113 3422 4165 ἔλαττον
3450 4113 3546 4181 μὲν
3577 4129 3666 4163 νο-

2107 4209 2396 4279 μιζομένου
2442 4203 2580 4260 εἶναι
2621 4204 2940 4278 ἀμαρτωλοῦ
2967 4245 2981 4265 ,
3011 4206 3109 4258 οὐκ
3155 4207 3398 4274 οἰομένου
3426 4205 3470 4258 δ’
3505 4205 3668 4257 αὑτὸν

2105 4301 2420 4372 ἁμαρτωλὸν
2442 4341 2455 4364 ,
2491 4299 2601 4352 ἀλλ’
2647 4298 2999 4369 ἐπαιρομένου
3056 4298 3147 4350 ἐπί
3201 4313 3340 4348 τισιν
3361 4336 3374 4357 ,
3404 4291 3484 4358 οἷς
3521 4296 3670 4349 δοκεῖ

2033 4383 2078 4443 D
2107 4394 2398 4447 συνειδέναι
2429 4391 2536 4461 (66)
2570 4390 2746 4462 ἐαυτῷ
2774 4391 3040 4460 κρείττοσι
3069 4430 3081 4453 ,
3126 4391 3218 4443 καὶ
3253 4389 3665 4458 πεφυσιωμένου

2105 4485 2191 4538 ἐπ’
2225 4486 2422 4546 αὐτοῖς.
2451 4484 2556 4535 Καὶ
2587 4483 2739 4535 τοῦτο
2778 4481 2925 4552 δηλοῖ
2953 4485 3063 4545 τοῖς
3100 4481 3436 4551 βουλομένοις
3458 4483 3666 4548 εὐγνω-

2103 4575 2275 4646 μόνως
2319 4575 2660 4643 ἐντυγχάνειν
2695 4577 2806 4636 τοῖς
2851 4573 3201 4642 Εὐαγγελίοις
3239 4574 3426 4643 ἠπερὶ
3457 4571 3549 4624 τοῦ
3591 4574 3669 4624 el—

2099 4667 2287 4728 πόντος
2312 4665 2538 4718 τελώνου
2570 4664 2866 4734 παραϐολή·
2910 4684 2927 4715 ι
2963 4664 3226 4734 Ἰλάσθητί
3261 4682 3347 4734 μοι
3376 4663 3452 4732 τῷ
3483 4665 3664 4732 ἀμαρ-

2097 4757 2250 4826 τωλῷ
2287 4773 2299 4786 '
2348 4776 2366 4808 ι
2416 4757 2508 4809 καὶ
2556 4757 2683 4827 περὶ
2725 4755 2818 4809 τοῦ
2863 4756 3278 4826 καυχησαμένου
3335 4755 3472 4824 μετά
3520 4770 3668 4818 τινος

2104 4847 2373 4919 μοχθηροῦ
2407 4849 2663 4916 οἰήματος
2693 4848 3007 4919 Φαρισαίου,
3036 4849 3129 4901 καὶ
3161 4849 3461 4917 φήσαντοςο
3497 4864 3516 4897 ‹
3557 4847 3666 4898 Εὑ-

2100 4937 2338 5008 χαριστῶ
2369 4938 2562 4998 σοι,ὄτι
2585 4939 2683 4989 οὐκ
2711 4939 2824 5007 εἰμὶ
2849 4940 2924 5002 ὡς
2943 4942 2989 4992 οἱ
3016 4939 3190 4992 λοιποὶ
3216 4940 3323 4993 τῶν
3341 4939 3660 5011 ἀνθρώπων,

2099 5032 2363 5100 ἅρπαγες,
2386 5029 2575 5091 ἄδικοι,
2611 5031 2860 5102 μοιχοὶ,ῆ
2893 5034 2985 5085 καὶ
3007 5033 3081 5095 ὡς
3113 5026 3264 5095 οὗτος
3294 5034 3322 5084 ό
3354 5031 3605 5102 τελώνης.
3638 5052 3658 5083 ι

2113 5120 2388 5189 Ἐπιφέρει
2421 5117 2527 5190 γὰρ
2554 5120 2581 5170 ό
2618 5119 2822 5190 Ἰησοῦς
2871 5121 2946 5191 τῷ
2993 5124 3120 5193 περὶ
3155 5123 3474 5194 ἀμφοτέρων
3520 5123 3662 5193 λόγῳ

2098 5211 2178 5272 τὸ,
2213 5230 2230 5260 ‹
2269 5209 2487 5280 Κατέϐη
2526 5204 2674 5273 οὗτος
2709 5213 2786 5275 εἰς
2823 5213 2911 5266 τὸν
2941 5208 3085 5267 οἷκον
3117 5214 3281 5268 αὐτοῦ
3310 5214 3663 5284 δεδικαιωμέ-

2189 5342 2236 5372 ¹⁵
2271 5341 2474 5395 Matth.
2511 5359 2586 5410 xu,
2619 5343 2706 5398 28.
2789 5341 2921 5397 “Ps.
2954 5357 3060 5409 cvi,
3085 5343 3177 5399 20.

2181 5481 2292 5550 (65)
2338 5479 2650 5548 Ἀμαρτίας
2673 5480 2878 5549 φύσιν.
2914 5480 3048 5536 Vide
3077 5480 3448 5538 adnotationcs
3469 5483 3534 5536 ad
3565 5480 3660 5535 lib.

2104 5554 2583 5690 Π’((Ξιίῗίιίίίέῗέιιοίο
2615 5631 2666 5672 ει
2695 5620 2953 5690 Speurer.
2984 5623 3034 5676 it!
3069 5631 3237 5688 textu,
3269 5622 3502 5682 mum
3523 5660 3537 5685 ,
3568 5620 3658 5674 sed

2102 5708 2288 5748 omnes
2321 5706 2471 5756 mss,
2508 5690 2828 5760 συνειδέναι,
