3998 6170
358 251 496 312 1005

1547 267 1826 326 CONTRA
1861 271 2140 334 CELSUM
2180 277 2307 332 LIB.
2342 280 2428 335 ΙΙΙ.

3458 301 3592 360 1008

349 392 463 443 νος,
498 379 629 449 παρ’
658 379 862 433 ἐκεῖνον
884 378 1025 452 (67)·
1059 381 1142 435 ὅτι
1186 385 1292 447 πᾶς
1336 385 1365 437 6
1414 386 1561 457 ὑψῶν
1602 391 1792 444 ἐαυτὸν
1835 409 1897 445 τα

2000 444 2004 451 .
2035 397 2234 451 tabitur
2256 398 2317 450 ¹⁶.
2358 420 2377 451 ι
2414 397 2523 455 Nec
2552 400 2718 471 igitur
2749 402 2859 459 Deo
2889 404 3118 464 facimus
3153 409 3407 480 injuriam
3430 458 3446 483 ,
3494 433 3595 475 nec

350 470 773 541 πεινωθήσεται,
809 472 901 525 καὶ
937 474 1045 536 πᾶς
1085 475 1114 527 6
1143 475 1411 531 ταπεινῶν
1441 480 1627 536 ἑαυτὸν
1656 484 1926 557 ὑψωθήσε-

349 576 458 614 ται.
503 580 521 611 ι
560 562 633 615 Οὐ
686 563 1111 637 βλασφημοῦμεν
1153 560 1244 621 ὀῦν
1294 569 1383 622 τὸν
1412 570 1564 637 Θεὸν,
1608 575 1725 628 οὐδὲ
1751 595 1923 631 κατα-

346 652 672 724 ψευδόμεθα,
703 655 1045 721 διδάσκοντες
1078 660 1235 713 πάνθ’
1270 663 1505 716 ὁντινοῦν
1541 668 1921 724 συναισθέσθαι

348 744 449 813 τῆς
492 745 839 819 ἀνθρωπίνης
871 746 1206 822 βραχύτητος
1224 792 1239 815 ,
1270 753 1345 817 ὡς
1374 756 1511 827 πρὸς
1538 757 1636 828 τὴν
1665 758 1758 811 τοῦ
1787 761 1920 815 Θεοῦ

350 837 772 911 μεγαλειότητα’
811 843 902 894 καὶ
955 843 1041 896 ἀεὶ
1076 845 1244 897 αἰτεῖν
1270 849 1364 901 ἀπ’
1396 850 1605 903 ἐκείνου
1643 852 1705 905 τὸ
1744 854 1920 908 ἐνδέον

342 932 411 1002 τῇ
460 931 617 1000 φύσει
663 932 772 1005 (68)
824 936 1001 1005 ἡμῶν,
1047 936 1139 989 τοῦ
1172 938 1331 1009 μόνου
1359 940 1706 1015 ἀναπληροῦν
1737 944 1804 998 τά
1835 945 1919 997 ἐλ-

342 1020 473 1093 λιπῆ
509 1024 638 1093 ἡμῖν
667 1024 985 1097 δυναμένου.

414 1114 598 1167 Οἴεται
624 1117 670 1169 δ’
696 1118 775 1170 ὄτι
805 1120 1027 1173 τοιαῦτα
1068 1122 1148 1185 εἰς
1173 1125 1488 1196 προτροπὴν
1522 1126 1627 1181 τῶν
1674 1128 1919 1200 ἁμαρτα-

341 1206 539 1260 νόντων
568 1210 764 1279 φαμὲν,
789 1211 863 1274 ὡς
899 1214 1101 1282 μηδένα
1128 1214 1295 1285 ἄνδρα
1324 1216 1401 1286 τῷ
1434 1217 1545 1271 δντι
1571 1221 1803 1290 χρηστὸν
1826 1223 1918 1274 καὶ

338 1296 544 1351 δίκαιον
571 1301 937 1372 προσάγεσθαι
963 1304 1246 1375 δυνάμενοι
1273 1324 1286 1336 ο
1315 1310 1407 1361 καὶ
1429 1309 1612 1363 artata
1633 1312 1789 1364 τοῦτο
1808 1314 1919 1375 τοῖς

337 1388 721 1453 ἀνοσιωτάτοις
750 1393 843 1445 καὶ
876 1393 1257 1459 ἐξωλεστάτοις
1282 1398 1379 1460 τὰς
1404 1399 1577 1463 πύλας
1606 1402 1912 1473 ἀνοίγομεν.

351 1479 541 1551 Ἡμεῖς
570 1483 646 1549 δὲ,
698 1485 753 1536 εἴ
786 1503 871 1549 τις
914 1491 1241 1561 κατανοῆσαι
1269 1492 1423 1561 ἡμῶν
1468 1494 1821 1566 εὐγνωμόνως
1857 1502 1917 1553 τὸ

337 1572 630 1645 ἄθροισμα,
661 1575 908 1641 πλείονας
933 1579 1125 1651 ἔχομεν
1149 1584 1497 1653 παραστῆσαι
1523 1587 1649 1650 τοὺς
1675 1589 1774 1641 οὐκ
1806 1591 1914 1644 άπὸ

336 1663 571 1733 χαλεποῦ
623 1666 763 1719 πάνυ
814 1668 927 1738 βίου
991 1672 1134 1743 ἤπερ
1199 1676 1325 1737 τοὺς
1387 1676 1494 1729 ἀπὸ
1536 1676 1912 1744 ἐξωλεστάτων

336 1755 744 1827 ἁμαρτημάτων
807 1761 1254 1832 ἐπιστρέψαντας.
1298 1768 1407 1819 Καὶ
1455 1767 1562 1840 γὰρ
1603 1772 1908 1840 πεφύκασιν

340 1848 390 1899 οἱ
437 1848 504 1900 τά
540 1849 821 1918 κρείττονα
875 1853 1084 1916 ἑαυτοῖς
1141 1859 1576 1925 συνεγνωκότες,
1626 1864 1910 1934 εὐχόμενοι

332 1935 509 2007 ἀληθῆ
545 1932 685 1992 εῖναι
716 1940 783 1992 τὰ
808 1944 1185 2014 κηρυσσόμενα
1216 1948 1341 2018 περὶ
1368 1948 1469 2018 τῆς
1504 1950 1607 2003 ὑπὸ
1639 1932 1770 2005 Θεοῦ
1796 1958 1909 2020 τοῖς

331 2030 630 2100 κρείττοσιν
655 2032 906 2104 ἀμοιϐῆς,
926 2037 1263 2109 ἑτοιμότερον
1289 2042 1774 2108 συγκατατίθεσθαι
1795 2050 1908 2111 τοῖς

330 2120 640 2191 λεγομένοις
677 2125 825 2195 παρά
871 2127 998 2190 τοὺς
1041 2128 1182 2181 πάνυ
1218 2131 1505 2203 μοχθηρῶς
1549 2133 1902 2204 βεϐιωκότας,

327 2212 421 2264 ἀπ’
443 2213 605 2267 αὑτοῦ
630 2215 722 2268 τοῦ
759 2218 1054 2282 συνειδότος
1070 2221 1446 2293 κωλυομένους
1473 2227 1901 2298 παραδέξασθαι,

323 2301 404 2353 ὅτι
444 2303 866 2376 κολασθήσονται
909 2309 1014 2361 ὑπὸ
1058 2310 1152 2363 τοῦ
1195 2313 1287 2365 ἐπὶ
1334 2316 1466 2367 πᾶσι
1505 2316 1760 2371 δικαστοῦ
1809 2338 1901 2373 κο-

322 2391 495 2457 λάσει,
546 2395 666 2465 ἥτις
722 2398 921 2467 πρέποι
967 2400 1033 2452 ἂν
1064 2400 1143 2471 τῷ
1166 2401 1235 2454 τὰ
1266 2404 1502 2457 τοσαῦτα
1538 2408 1899 2479 ἡμαρτηκότι,

322 2485 417 2537 καὶ
452 2486 513 2537 οὐ
549 2487 700 2559 παρὰ
749 2490 840 2541 τὸν
888 2490 1047 2561 ὀρθὸν
1086 2492 1240 2561 λόγον
1288 2496 1619 2565 προσάγοιτο
1649 2499 1756 2569 (69)
1798 2503 1902 2555 ὑπὸ

321 2574 417 2628 τοῦ
461 2578 553 2629 ἐπὶ
585 2580 719 2631 πᾶσι
767 2580 1043 2635 δικαστοῦ.
1083 2584 1235 2635 Ἐσθ’
1263 2586 1353 2637 ὅτε
1381 2587 1438 2640 δέ
1465 2587 1565 2641 κᾶν
1597 2589 1734 2642 πάνυ
1771 2590 1901 2656 ἐξώ-

321 2663 432 2731 λεις
463 2669 866 2741 παραδέξασθαι
897 2672 1193 2742 βούλωνται
1220 2676 1311 2729 τὸν
1350 2678 1505 2746 λόγον
1530 2680 1620 2733 τὸν
1651 2683 1778 2752 περὶ
1811 2701 1901 2735 κο-

320 2760 553 2826 λάσεως,
607 2764 693 2816 διὰ
743 2765 842 2836 τὴν
878 2767 971 2818 ἐπὶ
1018 2771 1082 2839 τῇ
1117 2771 1377 2843 μετανοίᾳ
1407 2773 1598 2827 ἐλπίδα
1627 2776 1898 2845 ἐπιμόνως

320 2856 674 2928 βεϐαμμένοι,
716 2860 1017 2915 κωλύονται
1046 2864 1153 2916 ἀπὸ
1179 2865 1275 2935 τῆς
1310 2866 1446 2937 πρὸς
1472 2868 1532 2920 τὸ
1566 2870 1900 2941 ἁμαρτάνειν

318 2950 623 3020 συνηθείας,
648 2952 888 3022 ὡσπερεὶ
913 2954 1382 3027 δευσοποιηθὲντες
1411 2958 1517 3011 ἀπὸ
1543 2962 1641 3031 τῆς
1673 2963 1893 3029 κακίας,

316 3045 411 3096 καὶ
456 3045 652 3115 μηκέτι
704 3045 991 3117 δυνάμενοι
1037 3049 1132 3101 ἀπ’
1174 3050 1347 3120 αὐτῆς
1395 3052 1693 3124 ἀποστῆναι
1739 3056 1893 3125 εὐχε-

318 3134 427 3207 ρῶς
472 3138 564 3189 ἐπὶ
611 3137 700 3190 τὸν
747 3139 1121 3211 καθεστηκότα
1162 3142 1256 3194 καὶ
1299 3143 1390 3196 τὸν
1429 3143 1570 3197 κατά
1614 3146 1704 3199 τὸν
1739 3148 1894 3219 ὀρθὸν

316 3226 473 3294 λόγον
519 3228 650 3298 βίον.
680 3230 849 3282 Τοῦτο
873 3231 929 3283 δὲ
957 3233 1049 3285 καὶ
1078 3234 1106 3284 6
1138 3234 1343 3299 Κέλσος
1371 3237 1646 3309 ἐννοήσας,
1681 3240 1781 3292 οὐκ
1802 3236 1894 3292 οἷδ’

315 3319 466 3382 ὅπως
498 3320 645 3389 λέγει
687 3323 743 3373 ἐν
793 3325 905 3384 τοῖς
936 3323 1061 3392 ἑξῆς
1091 3325 1344 3379 τοιαῦται
1383 3346 1401 3378 ‹
1442 3330 1551 3381 Καὶ
1585 3330 1689 3400 μὴν
1733 3331 1895 3384 παντί

317 3428 421 3464 που
467 3412 641 3483 δῆλον,
677 3415 759 3468 ὅτι
790 3418 915 3481 τοὺς
964 3417 1294 3488 ἁμαρτάνειν
1340 3421 1647 3488 πεφυκότας
1692 3440 1751 3474 τε
1801 3424 1894 3475 καὶ

316 3504 658 3575 εἰθισμένους
709 3509 881 3572 οὐδεὶς
926 3509 993 3562 ἂν
1044 3510 1163 3563 οὐδὲ
1207 3511 1447 3576 κολάζων
1502 3513 1678 3584 πάντη
1733 3532 1896 3585 μετα-

315 3595 501 3660 ϐάλοι,
549 3601 678 3670 μήτι
725 3618 787 3668 γε
834 3600 1030 3655 ἐλεῶν·
1071 3603 1230 3672 φύσιν
1272 3603 1381 3674 γὰρ
1419 3605 1647 3675 ἀμεῖψαι
1695 3608 1894 3670 τελέως

312 3689 679 3760 παγχάλεπον.
728 3694 789 3745 Oi
831 3692 875 3745 δ’
928 3693 1300 3766 ἀναμάρτητοι
1361 3682 1601 3764 βελτίους
1650 3701 1893 3751 κοινωνοὶ

314 3779 454 3852 βίου.
482 3803 500 3834 ι

380 3904 492 3957 Kal
532 3905 591 3956 ἐν
630 3906 837 3967 τούτοις
878 3904 920 3956 δ’
972 3907 1001 3957 ὁ
1065 3906 1270 3970 Κέλσος
1303 3906 1441 3959 πάνυ
1497 3924 1584 3977 μοι
1626 3904 1888 3974 ἐσφάλθαι

308 3993 486 4057 δοκεῖ,
544 3995 617 4065 μὴ
682 3996 859 4058 διδοὺς
910 3998 1021 4059 τοῖς
1082 3996 1412 4067 ἁμαρτάνειν
1475 3996 1740 4063 πεφυκόσι
1796 3997 1888 4049 καὶ

307 4086 470 4138 τοῦτο
536 4085 794 4155 πράττειν
862 4087 1185 4156 εἰθισμένοις
1258 4088 1357 4157 τὴν
1423 4088 1657 4156 παντελῆ
1723 4105 1887 4156 μετα-

309 4177 472 4247 ϐολήν
497 4193 509 4205 ·
543 4179 689 4241 ὅστις
714 4177 819 4230 οὐδ’
848 4178 954 4231 ἀπὸ
986 4178 1257 4231 κολάσεων
1293 4179 1488 4241 αὐτοὺς
1519 4178 1689 4232 οἴεται
1728 4180 1887 4251 θερα-

305 4268 567 4323 πεύεσθαι
591 4286 604 4298 ·
636 4269 821 4339 σαφῶς
853 4270 959 4341 γάρ
991 4270 1256 4338 φαίνεται,
1295 4271 1376 4323 ὅτι
1409 4271 1608 4333 πάντες
1647 4271 1745 4341 μὲν
1792 4272 1885 4325 ἄν-

305 4361 512 4433 θρωποι
552 4361 687 4434 πρὸς
715 4362 774 4414 τὸ
802 4362 1134 4433 ἁμαρτάνειν
1165 4362 1485 4432 πεφύκαμεν
1511 4362 1641 4433 (70),
1673 4361 1801 4414 ἔνιοι
1828 4362 1885 4414 δὲ

2026 491 2339 556 mentimur,
2375 506 2498 545 cum
2539 494 2793 551 docemus
2822 500 3090 555 neminem
3138 520 3257 558 esse
3308 508 3439 575 quin
3484 510 3590 566 sibi

2025 583 2279 637 conscius
2327 584 2398 638 sit
2429 585 2680 640 humanae
2714 589 3001 655 parvitatis
3024 630 3038 656 ,
3077 609 3197 647 cum
3230 596 3345 650 haec
3376 601 3442 653 ad
3474 617 3595 656 ma-

2024 673 2354 740 gnitudinem
2409 676 2503 728 Dei
2542 687 2890 747 comparatur
2928 697 2943 746 ;
2998 693 3051 737 et
3099 698 3355 754 perpetuo
3401 701 3590 758 postu-

2024 759 2242 816 landum
2294 765 2360 819 ab
2394 766 2487 820 illo
2532 783 2654 822 esse
2688 769 2833 837 quod
2880 784 3087 830 naturas
3136 789 3333 834 nostra:
3363 781 3588 851 deﬁcit;

2022 853 2221 946 quippe
2248 859 2341 927 qui
2373 862 2523 916 solus
2552 870 2733 931 potest
2765 871 3111 937 suppeditare
3154 888 3272 943 qute
3306 877 3461 931 nobis
3499 880 3592 932 de-

2021 954 2169 998 sunt.

2093 1122 2181 1178 65.
2209 1123 2475 1182 Caeterum
2510 1139 2668 1198 putat
2698 1135 2787 1190 ille
2818 1152 2878 1192 ea
2908 1153 3071 1192 causa
3100 1141 3180 1195 sic
3208 1156 3239 1196 a
3270 1144 3426 1199 nobis
3461 1160 3590 1213 pec-

2020 1221 2232 1269 calores
2262 1218 2557 1284 advocari,
2594 1227 2736 1293 quod
2780 1230 3051 1283 neminem
3092 1232 3267 1299 reipsa
3300 1234 3588 1292 honestum

2014 1303 2332 1377 justumque
2397 1312 2554 1366 nobis
2622 1318 2913 1373 conciliare
2977 1337 3289 1390 queamus;
3353 1336 3409 1380 et
3463 1329 3589 1382 hinc

2020 1388 2134 1443 ﬁeri
2167 1401 2225 1444 ut
2270 1394 2687 1463 improbissimis
2720 1388 3209 1478 perditissiluisque
3250 1424 3433 1480 portas
3461 1432 3590 1484 ape-

2018 1480 2241 1537 riamus.
2279 1483 2693 1557 Verumtamen,
2723 1496 2766 1549 si
2802 1512 2904 1565 qua
2937 1514 3035 1566 par
3066 1512 3150 1555 est
3196 1506 3450 1573 aequitate
3476 1525 3590 1567 cte-

2018 1578 2104 1625 tus
2149 1583 2334 1630 noster
2368 1581 2760 1648 consideretur,
2800 1587 2981 1655 plures
3033 1591 3103 1645 ibi
3140 1593 3323 1648 videre
3351 1608 3461 1659 est,
3493 1602 3583 1667 qui

2017 1678 2047 1717 a
2075 1665 2184 1719 vita
2214 1684 2320 1722 non
2347 1672 2635 1728 admodum
2673 1677 2981 1735 inordinata
3006 1723 3020 1746 ,
3048 1701 3208 1752 quam
3240 1689 3331 1755 qui
3378 1705 3407 1742 a
3436 1690 3587 1761 ﬂagi-

1942 1760 1983 1813 B
2015 1753 2149 1809 tiosa
2169 1761 2417 1814 conversi
2443 1762 2663 1818 fuerint.
2695 1766 2784 1821 Sic
2811 1772 2954 1825 enim
2986 1785 3179 1829 natura
3206 1753 3581 1848 cumparattim

2010 1853 2114 1907 est,
2149 1854 2227 1911 ut,
2258 1849 2349 1915 qui
2381 1852 2506 1907 vita:
2532 1854 2726 1910 melius
2757 1870 2893 1912 actae
2919 1861 3019 1915 sibi
3052 1867 3255 1919 conscii
3284 1878 3430 1933 sunt,
3460 1886 3581 1924 cum

2008 1936 2230 2002 cupiant
2260 1954 2387 1994 vera
2423 1956 2542 1996 esse
2572 1960 2692 2012 quae
2721 1948 2787 2001 de
2820 1952 3070 2006 mercede
3094 1970 3123 2007 a
3158 1955 3268 2010 Deo
3300 1959 3457 2014 bonis
3485 1966 3582 2013 tri-

2006 2030 2217 2087 buenda
2255 2037 2651 2104 praedicantur,
2704 2047 3006 2113 promptius
3049 2063 3377 2106 consensum
3425 2057 3580 2109 dictis

2006 2124 2301 2192 praebeant,
2354 2143 2517 2197 quam
2570 2132 2661 2200 qui
2711 2135 2933 2190 omnino
2979 2140 3119 2194 male
3169 2143 3443 2199 vixerint:
3477 2148 3579 2202 hos

2007 2228 2240 2283 namque
2270 2218 2605 2273 conscientia
2653 2222 2910 2289 deterret,
2946 2230 3238 2295 quominus
3290 2233 3580 2289 admittant

2004 2316 2065 2356 se
2091 2305 2159 2359 ab
2190 2308 2431 2362 omnium
2471 2309 2654 2376 judice
2706 2312 2957 2369 allectum
3009 2318 3073 2371 iri
3123 2321 3423 2389 suppliciis,
3458 2341 3579 2393 quas

2005 2394 2194 2447 talium
2227 2396 2495 2452 scelerum
2541 2400 2648 2454 reis
2687 2403 2852 2474 ἰηΠὶςί
2884 2405 3058 2472 decet,
3088 2418 3142 2461 et
3173 2426 3292 2479 qua:
3329 2411 3476 2479 justa
3506 2416 3577 2469 de

2002 2500 2165 2542 causa
2212 2489 2442 2545 intentat
2480 2508 2770 2563 supremus
2800 2496 2988 2564 judex.
3020 2500 3162 2566 Quin
3198 2511 3251 2556 ct
3281 2504 3576 2573 aliquando

2004 2582 2271 2651 contingit
2301 2591 2357 2635 ut
2393 2587 2542 2651 pravi
2578 2587 2826 2642 homines
2848 2630 2863 2650 ,
2896 2590 3110 2646 etiamsi
3143 2608 3239 2662 spe
3266 2599 3435 2652 veniae
3466 2615 3578 2668 pae-

2006 2673 2229 2727 nitentia
2268 2676 2577 2732 obtinenda:
2607 2681 2806 2735 vellent
2848 2683 2914 2737 iis
2944 2699 3061 2753 quae
3098 2689 3162 2741 de
3188 2690 3361 2756 poenis
3386 2692 3575 2746 dicun-

2003 2772 2090 2819 tur
2120 2768 2397 2834 assentiri,
2435 2776 2614 2825 tamen
2663 2775 2922 2840 peccandi
2970 2780 3363 2836 consuetudine
3388 2792 3442 2838 et
3475 2801 3572 2838 ne-

2000 2858 2171 2927 quitia
2201 2860 2355 2914 tincti
2385 2864 2603 2930 penitus
2637 2875 2691 2919 et
2722 2866 2933 2931 imbuti,
2980 2870 3044 2924 ad
3073 2872 3238 2925 vitam
3271 2876 3571 2943 sapientem

2000 2959 2269 3021 rectaeque
2319 2954 2514 3008 rationi
2554 2965 2975 3012 consentaneam
3020 2963 3152 3016 eniti
3199 2965 3301 3019 nisi
3355 2967 3569 3022 diﬂicile

2000 3058 2105 3096 non
2153 3045 2381 3113 possint.
2413 3046 2565 3111 Quod
2611 3050 2829 3117 quidem
2864 3051 3049 3107 Celsus
3098 3054 3212 3122 ipse
3256 3058 3409 3113 vidit.
3444 3059 3571 3116 Haec

1999 3134 2142 3187 enim
2196 3136 2270 3189 illi
2322 3140 2507 3192 nescio
2560 3142 2830 3209 quomodo
2876 3145 3197 3200 exciderunt
3248 3150 3299 3201 in
3337 3164 3565 3220 sequen-

2004 3227 2146 3282 tibus
2190 3244 2205 3280 :
2264 3246 2282 3279 ι
2338 3230 2560 3299 Ignorat
2604 3247 2798 3300 nemo,
2850 3237 2942 3304 qui
2996 3237 3196 3293 innatae
3237 3243 3567 3308 proclivitati

1999 3319 2066 3372 ad
2098 3322 2434 3388 peccandum
2471 3325 2768 3391 adiunxere
2794 3330 3279 3397 consuetudinem,
3311 3333 3432 3389 illos
3460 3352 3568 3390 non

1997 3414 2173 3481 ptenis
2205 3414 2425 3470 omnino
2458 3417 2656 3470 mutari
2687 3457 2701 3481 ,
2736 3420 2905 3472 multo
2950 3421 3132 3475 minus
3172 3424 3567 3480 misericordia.

1998 3504 2131 3559 Nam
2165 3522 2252 3560 res
2282 3518 2367 3561 est
2398 3508 2751 3575 perdiiiicilis,
2790 3509 3028 3577 perfecta
3074 3522 3282 3568 natura;
3312 3519 3564 3573 mutatio.

1998 3598 2101 3652 Sed
2143 3600 2232 3666 qui
2271 3600 2388 3654 sine
2420 3611 2642 3669 peccato
2675 3612 2820 3665 sunt,
2854 3603 2889 3655 ii
2923 3614 3047 3659 sunt
3073 3606 3295 3661 meliore
3333 3608 3445 3661 vita
3473 3611 3567 3663 de-

1996 3692 2179 3749 nandi.
2218 3711 2235 3741 ι

2062 3895 2153 3950 66.
2204 3895 2310 3950 Sed
2362 3905 2416 3951 et
2465 3898 2518 3950 in
2570 3899 2654 3953 his
2708 3900 2841 3953 mihi
2895 3899 3081 3955 Celsus
3120 3903 3335 3958 videtur
3380 3906 3559 3960 hallu-

1992 3987 2200 4040 cinatus
2258 4003 2416 4051 esse,
2472 4004 2593 4042 cum
2663 4000 2856 4045 natura
2930 4003 2984 4046 et
3039 3997 3427 4051 consuetudine
3492 4003 3561 4052 ad

1990 4082 2325 4149 peccandum
2389 4082 2657 4152 proclives
2719 4095 2880 4155 negat
2946 4087 3168 4141 omnino
3240 4092 3439 4143 mutari
3506 4102 3562 4147 et

1990 4174 2073 4226 vel
2129 4175 2303 4243 pinnis
2354 4175 2537 4230 sanari
2593 4191 2774 4244 posse.
2837 4179 2908 4233 Ut
2966 4179 3111 4233 enim
3154 4195 3339 4233 verum
3381 4183 3453 4235 sit
3492 4186 3559 4237 ad

1986 4264 2144 4337 491
2177 4276 2451 4336 peccatum
2482 4284 2666 4322 omnes
2698 4270 2942 4323 homines
2971 4280 3157 4323 natura
3192 4275 3557 4341 propendere,

1988 4369 2043 4412 et
2094 4358 2352 4426 quosdam
2408 4376 2513 4415 non
2563 4370 2753 4414 natura
2802 4363 3191 4426 tantummodo,
3248 4366 3341 4419 sed
3394 4367 3556 4421 etiam

302 4457 365 4511 οὐ
396 4456 553 4529 μόνον
586 4456 911 4526 πεφύκασιν,
941 4454 1076 4509 ἀλλά
1110 4457 1202 4509 καὶ
1230 4454 1522 4526 εἰθισμένοι
1550 4455 1684 4507 εἰσὶν
1709 4456 1887 4525 ἁμαρ-

2000 4448 2384 4502 consuetudine
2411 4449 2477 4500 ad
2510 4457 2786 4516 peccatum
2822 4449 2983 4513 ferri,
3022 4465 3126 4502 non
3158 4466 3346 4505 omnes
3380 4462 3556 4506 tamen

302 4549 518 4603 τάνειν·
550 4550 660 4603 ἀλλ’
699 4550 758 4602 οὐ
808 4550 1004 4612 πάντες
1050 4548 1323 4620 ἄνθρωποι
1370 4546 1735 4618 ἀπαράδεκτοί
1779 4548 1885 4599 εἱσι

304 4642 401 4712 τῆς
429 4642 721 4706 παντελοῦς
748 4641 1047 4711 μεταϐολῆς
1067 4658 1080 4671 ·
1113 4642 1218 4694 εἰσὶ
1249 4640 1357 4713 γὰρ
1402 4641 1495 4694 καὶ
1535 4640 1675 4693 κατὰ
1706 4642 1882 4692 πᾶσαν

307 4732 616 4801 φιλοσοφίας
668 4735 897 4805 αἵρεσιν,
944 4734 1039 4787 καὶ
1084 4732 1225 4786 κατὰ
1273 4732 1363 4785 τὸν
1424 4733 1562 4786 θεῖον
1616 4732 1791 4800 λόγον,
1835 4733 1883 4783 οἰ

306 4824 554 4877 τοσοῦτον
588 4827 1045 4898 μεταϐεϐληκέναι
1090 4824 1474 4897 ἱστορούμενοι,
1506 4825 1646 4878 ὥστε
1688 4826 1883 4887 αὐτοὺς

306 4915 581 4982 ἐγκεῖσθαι
608 4918 952 4989 παράδειγμα
977 4917 1070 4970 τοῦ
1102 4919 1321 4989 ἀρίστου
1354 4918 1486 4987 βίου.
1523 4918 1630 4970 Καὶ
1660 4916 1883 4988 φέρουσί

303 5022 446 5067 τινες
473 5007 666 5077 ἡρώων
704 5011 796 5078 μὲν
825 5010 912 5062 τὸν
939 5010 1210 5081 Ἠρακλέα
1238 5010 1330 5062 καὶ
1359 5010 1446 5062 τὸν
1475 5008 1750 5071 Ὀδυσσέα,
1774 5006 1879 5058 τῶν

303 5096 349 5149 δ’
380 5095 601 5165 ὕστερον
631 5098 718 5149 τὸν
748 5099 1059 5170 Σωκράτην,
1086 5100 1194 5151 τῶν
1220 5100 1276 5151 δὲ
1298 5098 1421 5168 χθὲς
1450 5097 1543 5150 καὶ
1573 5095 1761 5167 πρώην
1790 5113 1881 5164 γε-

380 5216 421 5245 ¹⁸
452 5214 582 5269 Luc.
629 5230 784 5277 xvm,
823 5214 856 5268 9
884 5226 938 5268 et
965 5230 1081 5283 seq.

378 5332 488 5401 (67)
541 5332 848 5395 Snencerus
901 5330 954 5383 in
1004 5339 1187 5393 textu,
1213 5330 1248 5401 ἢ
1281 5332 1509 5401 ἐκεῖνος.
1550 5331 1698 5401 Mss.
1739 5332 1873 5396 παρ’

302 5405 527 5459 ἐκεῖνον.
573 5403 738 5457 Paulo
775 5411 895 5470 post
932 5416 1119 5454 omnes
1168 5400 1329 5470 mss”
1359 5400 1452 5453 καὶ
1487 5401 1593 5460 πᾶς
1620 5400 1649 5451 ὀ
1681 5414 1871 5451 ταπει-

301 5476 424 5537 ιῶν.
457 5475 612 5527 Libh.
653 5469 860 5535 excusi,
884 5472 915 5523 6
943 5469 1341 5550 δὲταπεινῶκι..
1429 5548 1433 5550 Α
1674 5538 1700 5550 ~
1823 5537 1834 5549 ο

373 5548 484 5614 (68)
531 5544 871 5599 Hceschelius
900 5552 959 5614 et
982 5541 1289 5614 Spencerus
1331 5541 1382 5614 in
1422 5548 1568 5614 textu
1595 5579 1608 5601 ,
1640 5541 1737 5609 τῆς
1768 5541 1868 5614 φῦ-

303 5610 475 5680 σειως,⁷
510 5617 601 5667 sed
631 5616 784 5668 codd.
834 5613 1057 5683 Regius,
1089 5610 1414 5665 Baslleensis
1446 5620 1502 5665 et
1533 5611 1638 5665 duo
1682 5612 1867 5678 Angli-

301 5690 457 5763 ιιιιηλιζ
478 5688 541 5757 τῇ
573 5685 749 5763 φύσει.
778 5756 789 5763 .
951 5756 983 5763 _
1058 5754 1088 5763 __
1232 5752 1244 5763 O
1289 5754 1299 5763 _
1574 5752 1585 5763 .

374 5755 484 5822 (69)
500 5754 861 5826 tiodetcgius
876 5768 929 5810 et
950 5754 1274 5813 Basileeusis
1289 5754 1425 5809 bene
1440 5754 1683 5819 omnino,
1703 5768 1863 5821 προσ-

1990 4540 2236 4595 bomines
2270 4542 2306 4594 ii
2350 4550 2496 4604 sunt,
2536 4542 2626 4609 qui
2679 4542 2912 4610 perfecte
2952 4542 3147 4597 mutari
3185 4560 3286 4597 non
3329 4545 3554 4611 possint.

1988 4633 2124 4687 Nam
2163 4641 2217 4687 et
2245 4635 2295 4686 in
2329 4634 2578 4687 omnibus
2609 4635 2961 4703 philosophia
2992 4635 3154 4687 sectis
3197 4646 3249 4687 et
3287 4636 3425 4703 apud
3461 4652 3558 4689 nos

1989 4735 2359 4779 memorantur
2385 4727 2603 4794 quidam
2637 4742 2805 4795 usque
2837 4727 2972 4780 adeo
3002 4727 3292 4790 immutati,
3326 4736 3381 4779 ut
3409 4727 3556 4794 digiti

1984 4816 2188 4870 fuerint
2219 4818 2308 4881 qui
2340 4832 2438 4885 pro
2468 4818 2724 4885 exemplo‘
2757 4819 2972 4886 Optimae
3019 4820 3142 4872 vitae
3186 4833 3553 4886 proponeren-

1988 4919 2093 4962 tur.
2154 4909 2311 4962 Tales
2360 4911 2496 4963 inter
2546 4912 2740 4963 heroas
2782 4910 2949 4964 fuisse
2990 4909 3240 4963 dicuntur
3299 4910 3554 4964 Hercules

1985 5009 2041 5055 et
2080 4999 2329 5066 Ulysses;
2380 5001 2521 5054 inter
2570 5003 2897 5070 posteriores
2927 5012 3102 5063 mtate,
3134 5001 3420 5065 Socrates;
3477 5003 3555 5054 in-

1990 5103 2073 5148 ter
2104 5093 2443 5158 novissimos,
2474 5093 2764 5148 Musonius.
2804 5094 2919 5151 Non
2964 5097 3126 5165 igitur
3160 5111 3255 5149 nos
3292 5094 3391 5147 soli
3424 5108 3554 5147 ρους

1976 5326 2179 5395 ἀγοιτο.
2220 5325 2555 5401 llmsphelius
2590 5336 2643 5381 et
2688 5326 3015 5401 Spencerus,
3050 5321 3341 5401 προσάγει,
3387 5321 3549 5401 male.

1976 5391 2139 5448 Paulo
2162 5408 2285 5465 post
2310 5398 2377 5467 ab
2403 5399 2592 5450 iisdem
2613 5391 2770 5452 codd.
2798 5397 3032 5467 llegioet
3050 5391 3342 5443 Basileensi
3368 5391 3548 5467 abest.

1972 5462 2244 5537 ἐπιμόνως
2276 5466 2608 5539 βεϐαμμένοι
2630 5511 2642 5531 ,
2662 5468 2824 5539 quod
2874 5462 2926 5515 et
2960 5462 3165 5539 ‘allesse
3192 5471 3381 5539 potest
3411 5462 3548 5539 .sim:

1972 5528 2162 5591 sensus
2217 5528 2518 5607 dispendio.
2572 5528 2766 5590 Guieto
2811 5549 2907 5602 pro
2958 5528 3288 5601 βεϐαμμένοι
3335 5530 3548 5582 videtur

1971 5610 2337 5673 scribendmn,
2370 5607 2727 5682 κεκαμμένοιι
2854 5674 2863 5682 _
2950 5680 2958 5682 _
3007 5670 3037 5682 Α,
3275 5670 3289 5682 ι
3335 5669 3369 5682 η

2041 5677 2151 5747 (70)
2187 5669 2569 5746 Περῦκαμέἱθί
2617 5675 2746 5729 Vide
2800 5670 3176 5726 adnotationes
3223 5670 3293 5726 ad
3334 5669 3432 5726 lib.
3473 5688 3545 5735 IV,

1972 5764 2117 5802 nunt.
2154 5750 2240 5802 40.
