3986 6164
369 334 508 389 ςοοθ

368 441 506 498 εῖναι
538 440 867 514 ἀνθρώπων;
895 427 1036 490 Ἀλλ’
1054 437 1200 505 ὅμως
1221 433 1405 502 ἴσχυσε
1430 426 1585 496 λόγος
1618 425 1708 478 καὶ

368 534 697 606 ἐπιστρέψας
745 531 963 600 ποιῆσαι
1016 527 1108 591 ἐπὶ
1156 522 1406 577 τοσοῦτον
1463 515 1839 586 διαϐεϐηκέναι
1884 514 1940 563 έν

368 605 671 698 φιλοσοφίᾳ,
721 623 859 676 ὥστε
913 621 1001 674 τὸν
1050 619 1146 689 μὲν
1201 615 1305 670 ὑπὸ
1352 612 1634 672 Πλάτωνος
1678 605 1939 698 ,κριθῆναι

364 719 508 785 ἄξιον
541 715 634 770 τοῦ
675 715 765 768 τὸν
804 713 932 783 περὶ
978 711 1074 780 τῆς
1126 705 1422 768 ἀθανασίας
1468 697 1795 765 διεξοδεῦσαι
1829 695 1940 746 Σω-

365 810 596 880 κράτους
633 805 814 875 λόγον,
857 802 950 857 καὶ
979 802 1076 872 τὴν
1117 800 1175 852 ὲν
1205 797 1282 868 τῷ
1319 790 1672 865 δεσμωτηρίῳ
1699 785 1938 839 εὐτονίαν

362 901 525 957 αὐτοῦ
549 903 916 974 παραστῆσαι,
948 899 1010 952 οὐ
1033 893 1410 970 φροντίσαντος
1432 887 1525 941 τοῦ
1551 883 1798 944 κωνείου,
1823 877 1934 932 ἀλλ’

361 991 528 1058 ἀδεῶς
556 971 647 1048 καί
678 993 816 1066 μετὰ
857 993 1036 1064 πάσης
1064 988 1303 1059 γαλήνης
1331 983 1428 1054 τῆς
1457 983 1514 1034 ὲν
1539 981 1604 1050 τῇ
1633 977 1776 1048 ψυχῇ
1799 971 1937 1037 διεξ-

362 1087 670 1150 οδεύσαντος
702 1077 936 1140 τοσαῦτα
975 1084 1066 1137 καί
1089 1077 1406 1153 τηλικαῦτα,
1424 1069 1503 1136 οἷς
1531 1073 1685 1142 μόγις
1705 1084 1938 1138 παρακο-

362 1179 564 1232 λουθεῖν
609 1179 701 1232 καὶ
727 1178 779 1230 οί
820 1177 956 1230 πάνυ
996 1170 1389 1242 καθεστηκότες
1418 1165 1510 1219 κα).
1536 1164 1639 1216 ὑπὸ
1672 1160 1935 1232 μηδεμιᾶς

359 1269 730 1340 ἐνοχλούμενοι
774 1267 1146 1338 περιστάσεως
1197 1263 1476 1316 δύνανται·
1533 1258 1648 1316 τὸν,
1677 1257 1732 1309 δὲ
1780 1252 1936 1306 Πολέ-

365 1381 514 1434 μωνα
537 1361 668 1432 (74),
689 1358 748 1424 ἐξ
775 1357 983 1413 ἀσώτου
1023 1355 1308 1426 γενόμενον
1354 1349 1807 1422 σωφρονέστατον,
1829 1345 1937 1398 δια-

358 1453 607 1519 δέξασθαι
627 1453 726 1524 τὴν
746 1451 839 1504 τοῦ
854 1449 1133 1519 διαϐοήτου
1151 1447 1242 1499 ἐπὶ
1273 1443 1556 1515 σεμνότητι
1575 1437 1934 1509 Ξενοκράτους

357 1545 651 1616 διατριϐήν.
709 1543 821 1596 Οὐκ
865 1541 972 1612 ἄρα
1026 1537 1277 1608 ἀληθεύει
1322 1534 1525 1596 Κέλσος
1572 1530 1768 1599 λέγων,
1809 1527 1934 1590 τοὺς

359 1634 668 1704 πεφυκότας
702 1631 1030 1704 ἁμαρτάνειν
1051 1630 1144 1682 καὶ
1163 1625 1500 1696 εἰθισμένους
1530 1622 1699 1684 οὐδεὶς
1721 1619 1786 1674 ἂν
1811 1616 1930 1672 οὐδὲ

358 1725 599 1788 κολάζων
637 1723 814 1792 πάντη
849 1719 1159 1791 μεταϐάλοι.

441 1815 599 1869 Ἀλλά
623 1815 719 1885 τὴν
750 1814 846 1885 μὲν
873 1812 1022 1879 τάξιν
1056 1811 1151 1864 καὶ
1187 1807 1431 1864 σύνθεσιν
1461 1804 1553 1858 καὶ
1590 1803 1786 1874 φράσιν
1823 1799 1930 1853 τῶν

354 1907 464 1962 ἀπὺ
489 1906 798 1977 φιλοσοφίας
818 1905 988 1976 λόγων
1009 1900 1232 1956 τοιαῦτα
1257 1901 1336 1962 εἰς
1356 1898 1483 1960 τοὺς
1507 1885 1933 1968 προειρημένους

355 1998 728 2068 πεποιηκέναι,
759 1996 850 2050 καὶ
891 1993 1067 2058 ἄλλως
1096 1991 1206 2063 (75)
1251 1989 1435 2052 κακῶς
1485 1985 1830 2058 βεϐιωκότας,
1869 1983 1929 2036 ού

355 2092 495 2146 πάνυ
525 2109 576 2143 τι
613 2089 947 2161 θαυμαστόν·
984 2087 1119 2142 ἐπάν
1151 2085 1207 2139 δὲ
1237 2082 1330 2147 οὖς
1364 2099 1527 2152 φησιν
1565 2075 1700 2131 εἶναι
1737 2076 1930 2129 ἰδιωτι-

354 2186 482 2247 κοὺς
530 2183 718 2252 λόγους
762 2185 790 2236 6
833 2181 1038 2244 Κέλσος
1082 2178 1525 2247 κατανοήσωμεν,
1557 2170 1793 2244 ὡσπερεὶ
1836 2169 1930 2222 καὶ

349 2275 582 2346 ἐπῳδάς,
618 2274 895 2344 δυνάμεως
927 2272 1407 2344 πεπληρωμένους,
1455 2267 1549 2320 καὶ
1587 2265 1712 2327 τοὺς
1740 2262 1930 2330 λόγους

348 2368 661 2440 θεωρῶμεν,
703 2367 912 2439 ἀθρόως
950 2366 1350 2438 προτρέποντας
1393 2360 1569 2432 πλήθη
1617 2358 1709 2411 ἐπὶ
1743 2356 1833 2410 τὸν
1872 2355 1928 2420 ἐξ

347 2459 660 2515 ἀκολάστων
701 2460 780 2522 εἰς
818 2458 907 2512 τὸν
949 2457 1370 2510 εὖσταθέστατον
1420 2453 1554 2524 βίον,
1601 2451 1694 2505 καὶ
1739 2449 1827 2502 τὸν
1872 2446 1931 2512 ἐξ

350 2552 546 2606 ἀδίκων
577 2553 656 2614 εἰς
678 2550 768 2602 τὸν
795 2549 1172 2620 χρηστότερον,
1210 2547 1303 2599 κα).
1335 2546 1424 2598 τὸν
1466 2545 1530 2596 ὲκ
1557 2541 1745 2595 δειλῶν
1774 2539 1806 2610 ἢ
1833 2540 1928 2592 ἀν-

352 2644 556 2714 άνδρων
583 2643 663 2704 είς
689 2641 779 2694 τὸν
809 2639 901 2693 ἐπὶ
925 2638 1174 2692 τοσοῦτον
1205 2636 1441 2697 εὔτονον,
1469 2634 1543 2696 ὼς
1572 2633 1664 2686 καὶ
1699 2631 1927 2684 θανάτου

348 2735 436 2788 διὰ
450 2737 547 2805 τὴν
563 2737 818 2804 φανεῖσαν
837 2736 892 2787 ἐν
914 2733 1093 2795 αὐτοῖς
1113 2730 1389 2783 εὐσέϐειαν
1407 2727 1766 2797 καταφρονεῖν
1786 2745 1793 2751 ·
1811 2722 1928 2785 πῶς

348 2827 469 2896 οὐχὶ
500 2825 723 2888 δικαίως
767 2824 1116 2896 θαυμάσομεν
1167 2822 1264 2893 τὴν
1297 2824 1352 2874 ἐν
1390 2819 1536 2890 αὑτῷ
1568 2819 1825 2887 δύναμιν;
1869 2816 1927 2869 Ὀ

348 2916 457 2988 γὰρ
489 2915 644 2984 λόγος
673 2914 782 2968 τῶν
815 2915 986 2968 ταῦτα
1017 2914 1114 2986 τὴν
1145 2912 1320 2984 ἀρχὴν
1347 2908 1796 2980 πρεσϐευσάντων
1834 2905 1928 2958 καὶ

347 3006 650 3077 καμόντων,
697 3005 784 3058 ἵνα
833 3005 1168 3076 συστήσωσιν
1214 3001 1532 3071 Ἐκκλησίας
1564 2997 1735 3051 Θεοῦ·
1791 2996 1925 3051 ἀλλὰ

348 3099 444 3151 καὶ
482 3097 544 3151 τὺ
581 3099 839 3170 κήρυγμα
883 3095 1061 3149 αὐτῶν
1106 3096 1162 3148 ἐν
1208 3093 1383 3148 πειθοί
1426 3093 1524 3164 μὲν
1573 3091 1824 3159 γέγονεν,
1862 3091 1924 3143 οὐ
1953 3117 1997 3174 c

346 3189 571 3260 τοιαύτῃ
597 3190 674 3252 δὲ,
703 3189 863 3242 ὁποία
890 3189 1005 3241 ἐστὶ
1037 3186 1206 3240 πειθὼ
1242 3189 1299 3240 ἐν
1327 3187 1438 3248 τοῖς
1487 3182 1677 3252 σοφίαν
1706 3182 1927 3236 Πλάτω-

349 3296 440 3344 νος
482 3279 990 3350 ἐπαγγελλομένοις,
1031 3280 1066 3349 ﬁ
1111 3295 1254 3340 τινος
1301 3275 1407 3328 τῶν
1450 3273 1928 3344 φιλοσοφησάντων

349 3371 518 3425 ὄντων
545 3370 862 3441 ἀνθρώπων,
894 3370 988 3424 καὶ
1025 3369 1175 3422 οὐδὲν
1204 3367 1330 3423 ἄλλο
1375 3367 1512 3437 πλὴν
1548 3357 1648 3436 τῆς
1695 3364 1804 3436 (76)
1836 3365 1929 3418 ἀν-

349 3461 626 3531 θρωπίνης
668 3461 880 3529 φύσεως
927 3460 1174 3529 ἐχόντων.
1215 3459 1278 3510 Ἦ
1310 3457 1353 3510 δ’
1403 3455 1674 3522 ἀπόδειξις
1718 3456 1776 3507 ὲν
1816 3456 1928 3516 τοῖς

359 3551 536 3622 Ἰησοῦ
571 3551 884 3614 ἀποστόλοις
915 3549 1096 3604 θεόθεν
1127 3549 1358 3612 δοθεῖσα,
1379 3547 1604 3618 πιστικη
1627 3546 1734 3601 ἀπὸ
1761 3544 1929 3598 Πνεύ-

350 3659 518 3710 ματος
561 3644 654 3696 καὶ
704 3643 1000 3714 δυνάμεως.
1045 3642 1244 3714 Διόπερ
1284 3641 1514 3712 τάχιστα
1558 3641 1652 3694 καὶ
1695 3639 1927 3704 ὀξύτατα

345 3734 580 3806 ἔδραμεν
599 3737 626 3787 ὁ
652 3735 807 3806 λόγος
835 3736 1040 3790 αὐτῶν·
1069 3735 1266 3807 μᾶλλον
1293 3735 1350 3788 δὲ
1374 3736 1402 3788 ό
1429 3733 1522 3787 τοῦ
1542 3731 1699 3796 Θεοῦ,
1729 3733 1796 3786 δι’
1825 3732 1926 3786 αὐ-

345 3829 453 3881 τῶν
490 3831 835 3900 μεταϐάλλων
861 3831 1086 3894 πολλοὺς
1107 3830 1214 3884 τῶν
1243 3829 1575 3902 ἁμαρτάνειν
1607 3826 1926 3898 πεφυκότων

347 3921 442 3972 κα).
472 3921 818 3992 εἰθισμένωνο
842 3922 934 3986 οὒς
962 3923 1079 3976 οὐδὲ
1110 3923 1352 3988 κολάζων
1385 3922 1482 3992 μὲν
1508 3923 1572 3976 ἄν
1603 3938 1689 3984 τις
1715 3919 1923 3991 ἄνθρω-

348 4028 448 4073 πος
484 4011 596 4080 (77)
628 4011 937 4081 μετέϐαλεν,
971 4014 998 4064 ὁ
1034 4011 1090 4063 δὲ
1121 4010 1278 4078 λόγος
1325 4009 1670 4080 μετεποίησε,
1703 4003 1922 4078 μορφώ-

348 4120 448 4166 σας
480 4103 573 4155 καὶ
604 4102 859 4166 τυπώσας
896 4104 1090 4166 αὐτοὺς
1123 4101 1262 4155 κατὰ
1292 4102 1351 4154 τὸ
1383 4099 1546 4153 αὐτοῦ
1583 4099 1850 4170 βούλημα.

418 4274 528 4328 Καὶ
555 4275 584 4326 6
619 4273 715 4344 μὲν
748 4272 951 4335 Κέλσος
984 4272 1136 4342 φησὶ,
1182 4270 1252 4324 τά
1288 4271 1552 4325 ἀκόλουθα
1587 4272 1764 4344 ἑαυτῷ
1807 4275 1925 4327 ἐπι-

349 4368 548 4440 φέρων,
579 4367 660 4420 ὅτι
694 4365 852 4434 φύσιν
882 4364 1108 4434 ἀμεῖψαι
1139 4364 1336 4430 τελέως
1367 4365 1738 4436 παγχάλεπον·
1763 4368 1924 4438 ἡμεῖς

1565 303 1845 366 CONTRA
1881 295 2156 357 CELSUM
2191 292 2318 349 LIB.
2350 289 2439 344 111.

1731 421 1947 481 τούτους
1979 424 2019 476 Α
2052 415 2260 468 ratione
2305 403 2630 463 audiebant?
2669 394 2980 468 Huiusmodi
3016 392 3261 448 homines
3309 395 3488 439 tamen
3519 395 3610 434 us-

3473 264 3611 321 1010

2042 524 2146 577 que
2169 507 2303 561 adeo
2324 500 2613 557 emendare
2646 495 2784 549 ratio
2807 501 2859 546 et
2885 491 2950 544 ad
2977 496 3154 542 tantos
3186 486 3238 536 in
3270 475 3612 551 philosophia

2040 567 2355 670 progressus
2380 592 2678 664 perducere
2711 588 2905 656 potuit,
2945 592 2998 634 ιιι
3026 581 3174 634 illum
3208 567 3364 631 Plato
3390 574 3610 642 dignum

2035 669 2382 760 iudicaverit,
2412 683 2504 755 qui
2553 679 2797 737 Socratis
2843 677 2909 731 de
2953 669 3360 728 immortalitate
3403 681 3612 720 sermo-

2040 756 2161 839 nem
2192 782 2414 852 ejusque
2461 779 2513 831 in
2557 785 2778 829 carcere
2823 767 3187 826 constantiam
3221 762 3488 818 referret:
3519 756 3608 825 qui

2042 850 2233 928 tamen
2257 871 2510 927 Socrates
2550 865 2679 920 nihil
2701 864 2768 918 de
2792 863 2968 916 cicuta
3001 857 3288 916 sollicitus,
3317 851 3464 906 nulla
3498 850 3612 902 for-

2039 967 2264 1029 midine,
2304 963 2541 1034 perfecta
2581 956 2747 1012 animi
2796 950 3192 1020 tranquillitate
3234 955 3313 1000 tot
3357 960 3420 998 ac
3465 951 3608 996 tanta

2038 1057 2313 1119 disseruit,
2345 1064 2406 1108 ut
2429 1052 2521 1106 illa
2546 1049 2637 1102 vix
2666 1044 2880 1114 assequi
2915 1043 3122 1112 possint
3145 1044 3228 1094 vel
3256 1037 3343 1106 qui
3376 1035 3610 1090 maxime

2037 1149 2324 1206 attendunt
2366 1160 2471 1201 nec
2518 1140 2626 1197 ulla
2667 1153 2797 1193 cura
2847 1135 3258 1196 distrahuntur;
3311 1130 3413 1184 iste
3460 1142 3609 1190 vero,

2035 1244 2255 1299 Polemo
2291 1237 2567 1298 videlicet,
2609 1249 2678 1288 ex
2725 1231 3123 1297 intemperante
3177 1221 3609 1292 temperantissi-

2037 1350 2156 1390 tnns
2206 1333 2403 1396 factus,
2453 1326 2648 1383 schola:
2694 1319 3018 1377 Xenocratis
3053 1318 3317 1388 gravitate
3363 1313 3608 1369 celeber-

2037 1429 2154 1484 rimi
2202 1439 2328 1501 post'
2370 1428 2550 1496 ipsum
2586 1417 2885 1491 prtcfucrit.
2928 1415 3166 1470 Aberrat
3213 1411 3373 1479 igitur
3415 1425 3442 1460 a
3481 1422 3610 1459 vero

2033 1521 2222 1575 Celsus
2252 1535 2376 1575 cum
2420 1518 2515 1580 ait,
2543 1529 2680 1584 quos
2709 1519 2898 1566 natura
2934 1517 2990 1562 et
3023 1502 3357 1561 consuetudo
3387 1501 3452 1553 ad
3485 1514 3612 1567 pec-

2033 1613 2263 1665 candum
2299 1609 2513 1679 abripit,
2537 1622 2632 1662 eos
2678 1617 2744 1658 ne
2792 1601 2966 1672 poenis
2995 1599 3211 1668 quidem
3243 1593 3464 1647 omnino
3495 1607 3613 1646 ntu-

2034 1711 2083 1754 ta
2093 1702 2132 1754 ri
2168 1715 2345 1770 posse.

1963 1764 2004 1817 Β
2105 1764 2193 1849 68-.
2222 1791 2408 1860 Neque
2449 1802 2579 1842 vero
2623 1785 2818 1839 mirum
2869 1778 3154 1834 admodum
3201 1784 3284 1830 est
3329 1786 3612 1829 sermones

2034 1885 2436 1959 phiIOSOphicos
2467 1891 2575 1935 tam
2611 1886 2752 1947 apte.
2783 1885 2892 1929 tam
2920 1869 3241 1938 composite,
3273 1877 3378 1920 tam
3419 1876 3612 1920 ornate

2030 1958 2338 2038 elaboratus
2389 1983 2596 2028 tantum
2638 1971 2893 2026 habuisse
2933 1961 3188 2017 momenti
3231 1959 3296 2013 ad
3330 1958 3612 2026 corrigen-

2034 2077 2130 2130 dos
2165 2070 2286 2127 illos
2313 2067 2406 2137 qui
2440 2080 2600 2134 supra
2632 2059 2916 2118 memorati
2962 2069 3106 2119 sunt,
3143 2054 3384 2120 aliosque
3433 2049 3608 2116 pessi-

2033 2181 2130 2218 ma:
2159 2165 2284 2217 vita;
2337 2157 2605 2213 homines.
2641 2153 2749 2208 Sed
2801 2166 2922 2207 cum
2958 2149 3207 2204 videmus
3241 2158 3521 2200 sermones
3545 2141 3606 2194 il-

2032 2255 2130 2317 los,
2164 2266 2299 2322 quos
2324 2249 2591 2305 demissos
2631 2253 2685 2300 et
2730 2241 2963 2297 humiles
2996 2245 3155 2293 vocat
3185 2235 3398 2297 Celsus,
3435 2234 3608 2286 instar

2031 2344 2480 2404 incantationum,
2508 2346 2656 2394 tanta
2687 2336 2735 2390 vi
2768 2347 2823 2390 et
2865 2333 3102 2389 efﬁcacia
3149 2329 3405 2397 praeditos
3433 2343 3446 2379 :
3482 2340 3606 2380 cum

2033 2439 2297 2499 videmus,
2338 2434 2580 2503 inquam,
2606 2426 2945 2484 sermonibus
2989 2422 3096 2477 illis
3128 2437 3156 2475 δ
3205 2419 3491 2474 libidinosa
3539 2417 3606 2469 ad

2031 2539 2420 2599 temperantem
2448 2525 2633 2589 vitam,
2666 2521 2735 2577 ab
2766 2521 2949 2588 iniqua
2979 2517 3045 2572 ad
3071 2517 3298 2585 justam,
3338 2529 3370 2568 a
3406 2511 3607 2566 timidi-

2032 2634 2142 2678 tate
2181 2623 2246 2676 ad
2272 2630 2481 2674 tantam
2503 2614 2871 2694 constantiam
2907 2610 3148 2668 revocari
3182 2606 3602 2666 multitudinem.

2030 2724 2090 2769 ut
2120 2711 2333 2782 pietatis
2358 2723 2549 2775 causa,
2577 2721 2740 2778 quam
2767 2701 3199 2759 commendatam
3228 2699 3333 2755 illis
3361 2696 3606 2752 animad-

2030 2805 2224 2869 vertit,
2277 2811 2505 2859 mortem
2562 2814 2661 2870 pro
2719 2796 2890 2853 nihilo
2938 2806 3122 2866 putet;
3177 2792 3447 2864 quomodo
3499 2803 3602 2844 non

2032 2899 2228 2953 merito
2296 2904 2501 2950 tantam
2576 2899 2899 2962 potestatem
2963 2883 3396 2942 admirabimur?
3467 2881 3602 2936 Nam

2029 3004 2208 3044 sermo
2239 3000 2449 3048 eorum,
2477 2982 2672 3052 quibus
2697 2981 2764 3034 ab
2791 2979 2944 3034 initio
2977 2976 3254 3047 vulgandze
3280 2983 3481 3030 nostrae
3508 2974 3606 3028 do-

2030 3081 2218 3135 ctrinae
2277 3087 2460 3148 partes
2499 3076 2638 3130 data:
2691 3081 2816 3128 sunt
2857 3071 3056 3141 quique
3105 3068 3159 3122 in
3209 3067 3606 3122 constituendis

2031 3174 2120 3228 Dei
2156 3171 2416 3227 Ecclesiis
2444 3169 2785 3230 laborarunt,
2819 3174 2873 3220 et
2910 3177 3096 3219 eorum
3131 3159 3445 3235 praedicatio
3478 3173 3603 3226 per-

2027 3266 2194 3321 suasit
2233 3265 2478 3334 quidem,
2512 3262 2605 3318 sed
2643 3276 2750 3316 non
2800 3272 2865 3313 ea
2916 3257 3128 3312 ratione
3170 3270 3274 3326 qua
3317 3252 3608 3308 Platonicae

2027 3361 2310 3432 sapientiae
2351 3359 2604 3414 doctores
2635 3365 2728 3410 aut
2769 3352 2997 3424 quilibet
3027 3351 3119 3405 alii
3155 3347 3481 3420 philoso'thi,
3514 3349 3604 3414 qni

2026 3454 2159 3509 nihil
2207 3467 2366 3524 supra
2417 3452 2670 3506 humana:
2728 3455 2936 3502 natura:
2982 3444 3128 3498 vires
3182 3450 3455 3511 poterant.
3499 3437 3607 3493 Sed

2026 3552 2342 3615 argumenta
2390 3541 2589 3612 quibus
2632 3538 2927 3595 utebantur
2967 3533 3219 3605 apostoli,
3252 3534 3374 3587 data
3415 3531 3520 3584 illis
3573 3545 3605 3583 a

2027 3634 2137 3690 Deo
2171 3633 2408 3698 fuerant,
2433 3631 2654 3701 vimque
2697 3627 3056 3698 persuadendi
3106 3641 3133 3678 a
3177 3624 3378 3691 Spiritu
3413 3632 3468 3678 et
3491 3624 3604 3676 vir-

2026 3734 2143 3781 tute
2190 3725 2486 3781 habebant.
2517 3723 2858 3792 Quapropter
2905 3715 3304 3789 promptissime
3335 3724 3388 3771 et
3427 3715 3603 3770 celer-

2027 3817 2165 3871 rime
2189 3829 2367 3869 sermo
2397 3830 2583 3869 eorum
2616 3826 2943 3883 quocunque
2972 3807 3240 3879 pervasit;
3277 3807 3386 3860 imo
3423 3821 3604 3860 sermo

2029 3909 2145 3971 Dei,
2174 3909 2263 3978 qui
2298 3923 2393 3977 per
2428 3907 2546 3962 illos
2581 3905 2826 3960 mutabat
2868 3918 3005 3974 quos
3044 3912 3241 3956 natura
3280 3911 3336 3956 et
3372 3915 3604 3954 consue-

2029 4003 2156 4056 tudo
2202 4003 2265 4056 ad
2304 4011 2584 4072 peccatum
2638 4000 2964 4064 trahebant;
3017 4007 3072 4054 et
3115 4012 3252 4069 quos
3307 4011 3377 4050 ne
3429 3991 3607 4063 poenis

2028 4095 2245 4164 quidem
2279 4095 2566 4163 quisquam
2610 4092 2890 4146 hominum
2939 4091 3286 4155 correxisset,
3336 4089 3434 4141 hos
3481 4100 3605 4139 cor-

2026 4188 2184 4250 rexit,
2215 4186 2538 4251 eﬂ'ormavit,
2576 4185 2642 4239 ad
2676 4197 2831 4239 suam
2863 4181 3196 4236 voluntatem
3233 4179 3521 4234 convertit.

2095 4279 2184 4333 69.
2225 4279 2388 4332 Addit
2425 4277 2612 4331 Celsus
2669 4277 2734 4328 ad
2785 4289 2937 4328 suam
2976 4273 3242 4327 rationem
3290 4285 3605 4326 accommo-

2026 4373 2149 4426 date
2181 4391 2193 4425 :
2225 4391 2242 4423 ι
2281 4368 2388 4424 ἢὼς
2431 4378 2514 4424 est
2567 4366 2919 4438 perdiﬂicilis,
2950 4365 3188 4435 perfecta
3239 4374 3444 4419 natura:
3480 4381 3608 4418 mll-

343 4461 402 4516 δὲ
442 4460 592 4532 (μίαν
632 4460 790 4530 φύσιν
838 4459 1189 4530 ἐπιστάμενοι
1236 4459 1415 4531 πάσης
1455 4458 1676 4530 λογικῆς
1722 4459 1918 4533 ψυχῆς,

2032 4465 2181 4520 latio.
2213 4483 2232 4514 ι
2266 4463 2372 4517 Nos
2406 4477 2555 4527 vero,
2593 4461 2685 4530 qui
2722 4461 2926 4515 scimus
2959 4475 3122 4515 unam
3159 4473 3279 4514 esse
3320 4458 3606 4515 rationalis

353 4554 438 4608 ταὶ
467 4553 732 4625 μηδεμίαν
766 4552 1062 4620 φάσκοντες
1097 4551 1335 4623 πονηράν
1368 4551 1472 4604 ὑπὸ
1506 4550 1600 4604 τοῦ
1639 4552 1923 4617 κτίσαντος

343 4645 412 4698 τὰ
439 4645 532 4698 ὅλα
557 4643 1065 4716 δεδημιουργῆσθαι,
1094 4644 1370 4713 γεγονέναι
1390 4645 1446 4697 δὲ
1471 4643 1697 4707 πολλοὺς
1717 4646 1919 4709 κακοὺς

346 4737 497 4807 παρά
526 4737 624 4800 τάς
664 4737 993 4808 ἀνατροφὰς,
1044 4739 1138 4792 καὶ
1178 4737 1276 4801 τὰς
1312 4736 1659 4808 διαστροφάς,
1695 4737 1787 4790 κα)¹
1817 4735 1916 4800 τὰς

347 4830 713 4898 περιηχήσεις,
763 4829 900 4882 ὥστε
935 4831 1028 4884 καὶ
1059 4829 1394 4900 φυσιωθῆναι
1435 4828 1492 4882 ἕν
1531 4846 1638 4882 τισι
1681 4829 1777 4900 τὴν
1815 4846 1913 4881 κα-

347 4918 491 4988 κίαν)
554 4920 863 4991 πειθόμεθα,
892 4923 973 4976 ὅτι
1005 4922 1081 4994 τῷ
1112 4922 1246 4992 θείῳ
1277 4923 1417 4994 λόγῳ
1446 4922 1669 4994 ἀμεῖψαι
1711 4923 1910 4976 κακίαν

348 5009 694 5081 φυσιώσασάν
725 5016 870 5066 ἐστιν
915 5017 976 5068 οὐ
1017 5016 1172 5087 μόνον
1205 5016 1305 5070 οὐκ
1335 5015 1610 5078 ἀδύνατον,
1647 5014 1780 5070 ἀλλά
1821 5016 1914 5069 καὶ

344 5101 407 5154 ού
439 5101 578 5154 πάνυ
609 5103 868 5173 χαλεπόν·
907 5106 1040 5160 ἐπὰν
1077 5107 1234 5176 μόνον
1277 5106 1640 5178 παραδέξηταί
1681 5124 1787 5170 τις,
1834 5108 1916 5160 ὅτι

349 5193 620 5248 πιστεύειν
645 5192 724 5248 δεῖ
775 5196 965 5249 ἑαυτὸν
997 5197 1073 5268 τῷ
1125 5200 1216 5250 ἐπὶ
1257 5200 1389 5251 πᾶσι
1432 5199 1570 5268 Θεῷ,
1605 5200 1698 5253 καὶ
1743 5199 1918 5252 πάντα

351 5431 440 5514 τού
467 5431 734 5514 Φαίδωνος
767 5434 1074 5514 ἱστορεῖται.
1099 5432 1235 5488 Vide
1263 5435 1535 5514 Laeuium
1557 5435 1610 5488 in
1635 5434 1919 5488 Pha’douis

352 5504 477 5557 Vita
501 5513 557 5555 et
584 5503 988 5572 Origenem'lib.
1025 5521 1039 5558 ι
1081 5517 1260 5557 contra
1291 5504 1519 5566 Celsum,
1550 5521 1691 5558 uum.
1725 5505 1812 5559 64.

348 5643 360 5654 ι
417 5574 532 5655 (7.4)
572 5574 681 5655 ῖὸγ
711 5573 778 5628 δὲ
811 5574 1148 5655 ῌολέμωξςατ
1179 5573 1309 5655 Vide
1350 5575 1596 5655 eumdem
1643 5574 1918 5655 Laertium

348 5643 400 5694 in
423 5642 537 5696 Vita
575 5643 900 5710 Polemonis,
951 5642 1006 5699 et
1056 5645 1322 5698 Valerium
1375 5645 1661 5698 Maximum
1714 5645 1806 5700 lib.
1848 5661 1920 5706 γι,

502 5714 556 5767 Η
586 5731 599 5767 :
641 5715 766 5769 item
802 5713 1046 5786 Origen.,
1080 5715 1171 5771 lib.
1216 5732 1232 5770 ι
1279 5727 1461 5769 contra
1498 5713 1728 5780 Celsum,
1773 5731 1919 5770 nutu.

2024 4553 2216 4608 anima:
2259 4561 2535 4615 naturam,
2572 4548 2874 4624 neeullam
2904 4564 2932 4602 a
2970 4562 3152 4602 rerum
3177 4548 3416 4601 omnium
3456 4547 3602 4602 Con-

2021 4645 2196 4700 ditore
2246 4642 2443 4697 malam
2491 4641 2660 4696 fuisse
2692 4649 2931 4696 creatam
2959 4657 2974 4706 ;
3009 4639 3284 4708 plerisque
3315 4637 3478 4710 5.93
3508 4654 3606 4693 au-

2019 4747 2124 4791 tem
2175 4734 2431 4805 nequitiae
2480 4747 2676 4790 causas
2715 4747 2838 4788 esse
2892 4732 3288 4796 educationem,
3329 4730 3598 4800 exempla,

2017 4828 2158 4882 mala
2191 4826 2441 4891 consilia,
2487 4827 2558 4880 ita
2595 4837 2656 4880 ut
2687 4827 2740 4880 in
2784 4825 3108 4894 quibusdam
3151 4825 3390 4893 nequitia
3433 4825 3598 4877 veluti

2018 4933 2174 4972 versa
2218 4919 2287 4972 sit
2335 4918 2385 4971 in
2431 4926 2714 4984 naturam;
2752 4918 2805 4972 id
2838 4917 3097 4972 habemus
3130 4933 3227 4986 pro
3257 4926 3405 4972 certo
3451 4915 3603 4969 ntali-

2023 5012 2154 5065 tiam
2189 5010 2272 5064 vel
2307 5010 2448 5064 illam
2477 5011 2632 5080 quasi
2683 5011 2984 5066 naturalem
3030 5025 3136 5066 non
3171 5010 3342 5062 solum
3383 5024 3540 5078 posse
3570 5023 3601 5061 a
3655 4989 3662 4999 ’

2023 5103 2206 5156 divino
2239 5102 2401 5156 verbo
2434 5103 2654 5168 mutari,
2683 5104 2778 5158 sed
2825 5105 2986 5158 etiam
3019 5105 3072 5159 id
3115 5105 3188 5158 illi
3232 5103 3455 5158 omnino
3492 5116 3596 5154 non

2026 5212 2146 5250 esse
2173 5195 2414 5260 difﬁcile;
2451 5197 2608 5250 modo
2651 5195 2701 5249 id
2744 5212 2908 5251 unum
2953 5198 3298 5261 admittatur,
3343 5203 3600 5262 oportere

2089 5433 2202 5500 (75)
2241 5437 2487 5501 Ἄλλως.
2519 5434 2831 5503 Legendum
2857 5436 3070 5488 videtur
3127 5432 3337 5494 ἄλλους.

2086 5506 2200 5575 (76)
2233 5505 2406 5572 Πλὴν
2436 5504 2562 5572 τῆς,
2595 5501 2701 5562 etc.
2736 5505 2949 5573 Optime
2987 5517 3118 5556 mss.
3160 5503 3329 5565 Alias,
3362 5502 3392 5572 ἢ
3437 5501 3602 5559 πλέον

2020 5575 2365 5646 ἀνθρωπίνης
2392 5575 2622 5646 φύσεως.

2089 5642 2200 5715 (77)
2234 5642 2726 5716 Μδεηάνθιοωποςἴ
2766 5642 3144 5716 Libb._excnsi
3193 5643 3250 5716 in
3296 5652 3464 5709 textu,
3491 5644 3599 5716 ἀν-

2023 5711 2274 5785 θρώπων.
2307 5715 2470 5785 Patth
2501 5711 2622 5785 post
2658 5714 2817 5768 iidem
2862 5711 2990 5767 libb.
3021 5714 3205 5769 excusi
3237 5713 3290 5770 in
3331 5715 3592 5784 margine,

2023 5783 2161 5839 κατά
2190 5785 2250 5838 τὸ
2278 5785 2408 5839 αὐτὸ
2442 5783 2704 5855 βούλημα.
