3986 6164
449 331 585 392 {OE-1

1886 327 2204 382 ORZGENIS

3532 315 3658 370 ΜΩ.

441 450 678 514 seipsum
706 447 813 499 Deo
840 447 1057 500 credere
1079 456 1130 500 et
1158 443 1334 498 omnia
1360 459 1420 497 ea
1455 454 1627 497 mente
1655 441 1827 498 facere
1852 455 1906 498 ut
1931 444 2000 497 illi

2113 442 2359 512 πράττειν
2383 440 2500 492 κατ’
2529 437 2801 508 ἀναφορὰν
2833 433 2924 489 τοῦ
2952 434 3202 504 ἀρέσκειν
3235 429 3442 500 ἐκείνῳ,
3471 432 3598 502 παρ’
3621 422 3660 496 ᾧ

444 541 712 608 placeant,
739 539 874 605 apud
905 552 1060 605 quem

515 631 796 699 Improbus
856 639 1006 697 atque
1067 631 1256 699 probus
1316 630 1473 682 simili
1523 630 1667 682 haud
1716 631 2001 772 dfgnautur

1808 715 2001 761 onore;

1808 717 1961 752 onore
1983 715 2002 761 ;

441 791 507 844 Et

511 882 743 952 Impiger
777 892 931 953 atque
971 883 1112 952 piger
1152 883 1445 953 funguntur
1475 884 1672 952 dispari
1702 883 1811 952 {alo
1834 882 1896 935 ".

443 1040 593 1106 Quod
641 1041 682 1094 si
726 1041 1050 1108 quibusdam
1106 1040 1437 1109 ptrrdiﬂicilis
1493 1049 1577 1095 est
1625 1043 1706 1094 sui
1755 1041 1998 1101 mutatio,

445 1146 659 1183 causam
686 1130 971 1182 dicendum
1007 1139 1087 1182 est
1113 1145 1296 1182 eorum
1341 1145 1460 1184 esse
1498 1131 1854 1190 voluntatem,
1886 1147 2004 1200 qua:

444 1221 694 1275 assentiri
729 1221 909 1272 renuit
947 1220 1071 1274 buic
1131 1220 1372 1284 veritati,
1405 1235 1667 1274 summum
1714 1223 1880 1274 Deum
1918 1223 2002 1288 ju-

445 1324 585 1366 stum
617 1313 728 1365 fore
758 1311 993 1380 judicem
1019 1313 1280 1377 omnium,
1305 1327 1425 1378 quae
1450 1313 1502 1364 in
1533 1314 1631 1366 bac
1651 1315 1755 1366 vita
1777 1314 2004 1382 quisque

444 1405 654 1459 fecerit.
694 1403 825 1456 Nam
869 1405 933 1457 ad
987 1403 1258 1458 eiiicienda
1307 1421 1428 1473 qua:
1477 1404 1784 1459 dillicillima
1824 1408 1998 1470 nobis,

444 1505 519 1560 et,
553 1506 798 1563 utquam
842 1497 1074 1549 maxime
1127 1512 1238 1550 rem
1294 1497 1644 1565 ampliticem,
1687 1513 1853 1566 prope
1906 1499 2003 1551 im-

443 1586 722 1652 possibilia
763 1587 1038 1650 videnlur,
1103 1589 1280 1656 magui
1318 1599 1400 1642 est
1439 1591 1698 1644 momenti
1757 1591 2004 1644 voluntas

447 1693 568 1729 cum
608 1677 996 1731 exercitatione
1018 1677 1324 1745 conjuncta.
1381 1681 1462 1732 An
1521 1683 1708 1746 homo,
1756 1698 1877 1735 cum
1909 1697 2005 1735 vo-

2134 533 2200 583 ὐκ
2232 531 2374 583 ἐστιν

2134 551 2142 564 ·
2232 550 2374 583 εστιν

2103 550 2286 673 ΜξΕν
2310 620 2377 674 δὲ
2403 619 2463 688 ἰῇ
2497 617 2634 688 τιμῇ
2661 618 2813 687 ἡμὲν
2836 615 3019 691 κακὸς
3048 613 3157 684 ἠδὲ
3205 615 3300 668 καί
3355 611 3592 680 ἐσθλός·

2103 778 2223 830 οὐδὲ

2171 867 2419 924 Κάτθαν⁹
2452 865 2607 936 ὁμῶς
2653 865 2685 918 ὅ
2725 866 2773 918 τ’
2820 864 3028 934 ἀεργὸς
3071 864 3227 932 ἀνὴρ
3281 863 3315 917 ὅ
3357 861 3667 936 19504.16

3398 931 3657 1003 [ἐοργώς.

2102 1031 2166 1082 Εἰ
2198 1029 2253 1082 δὲ
2301 1029 2394 1080 καί
2425 1044 2532 1078 τισι
2575 1025 2713 1078 πάνυ
2753 1027 2985 1096 χαλεπόν
3015 1027 3128 1076 ἐστι
3173 1025 3234 1076 τὸ
3293 1021 3665 1093 μεταϐάλλειν,

2103 1122 2200 1191 τὴν
2229 1121 2403 1173 αἰτίαν
2434 1119 2649 1171 λεκτέον
2677 1114 2813 1169 εἶναι
2852 1117 2980 1186 περὶ
3010 1117 3106 1187 τὴν
3149 1115 3540 1183 συγκατάθεσιν
3572 1114 3670 1166 αὐ-

2103 1213 2232 1276 τῶν,
2288 1211 2547 1264 όκνοῦσαν
2589 1208 3008 1280 παραδέξασθαι,
3062 1208 3151 1260 τὸν
3207 1208 3298 1260 ἐπὶ
3345 1209 3478 1260 πᾶσι
3536 1205 3669 1259 Θεὸν

2105 1303 2240 1358 εἶναι
2269 1305 2482 1373 ἑκάστῳ
2509 1303 2715 1355 δίκαιον
2747 1302 2938 1372 κριτὴν
2970 1301 3099 1371 περὶ
3129 1300 3341 1353 πάντων
3370 1300 3476 1351 τῶν
3501 1301 3559 1351 ἐν

2108 1398 2207 1468 βίῳ
2239 1394 2656 1467 πεπραγμένων.
2707 1393 2867 1460 Μέγα
2904 1392 3011 1463 γὰρ
3058 1392 3273 1445 δύναται
3305 1393 3400 1446 καὶ
3441 1391 3576 1462 πρὸς
3602 1390 3675 1444 τὰ

2104 1489 2362 1543 δοκοῦντα
2407 1483 2543 1540 εἶναι
2582 1485 2959 1556 χαλεπώτατα,
2995 1487 3086 1539 καὶ
3132 1484 3241 1556 (ἵνα
3281 1485 3402 1538 καθ’
3441 1483 3674 1554 ὑπερϐο-

2105 1582 2199 1653 λὴν
2253 1580 2522 1651 ὀνομάσω)
2578 1577 2740 1646 ἐγγύς
2797 1594 2898 1630 που
2923 1577 3176 1640 ἀδύνατα,
3209 1577 3528 1648 προαίρεσις
3577 1577 3673 1628 καὶ

2107 1676 2357 1746 ἄσκησις.
2380 1669 2459 1724 Ἦ
2499 1670 2816 1743 βουληθεῖσα
2852 1669 3164 1742 ἀνθρωπίνη
3194 1668 3352 1738 φύσις
3383 1668 3474 1720 ἐπὶ
3506 1667 3673 1721 κάλοι)

447 1767 632 1831 luerit,
660 1769 798 1821 banc
827 1769 931 1820 sibi
970 1769 1165 1834 poterit
1189 1785 1286 1822 usu
1321 1779 1375 1822 et
1408 1772 1590 1824 studio
1625 1787 1814 1839 parare
1836 1772 2004 1827 facul-

2113 1767 2331 1836 βαίνειν,
2383 1761 2676 1831 τεταμένου
2721 1761 2807 1814 διὰ
2861 1761 3026 1831 μέσου
3077 1758 3167 1811 τοῦ
3197 1758 3422 1830 θεάτρου
3476 1758 3532 1809 ὲν
3576 1773 3676 1826 μεσ-

445 1868 633 1921 talem,
664 1867 723 1912 ut.
745 1874 839 1927 per
878 1862 1056 1914 funem
1105 1860 1172 1913 ab
1225 1862 1392 1916 altera
1436 1865 1504 1917 ad
1528 1863 1749 1916 alteram
1811 1865 2004 1918 theatri

446 1961 656 2022 partem
684 1955 910 2007 sublime
935 1967 1239 2021 porrectum
1291 1957 1504 2010 incedat
1533 1957 1788 2024 gravibus
1842 1957 2003 2009 etiam

447 2045 706 2098 oneribus
756 2055 1016 2110 onustus;
1075 2058 1129 2099 et
1180 2047 1402 2102 vincere
1450 2063 1599 2101 suam
1655 2048 2006 2116 pravitatem,

445 2136 788 2204 quantalibet
830 2147 988 2190 antea
1029 2137 1213 2202 fuerit,
1258 2149 1312 2192 et
1350 2139 1603 2192 virtutem
1668 2138 1722 2190 in
1778 2139 2007 2193 vivendo

445 2225 776 2287 consectari,
808 2240 930 2278 cum
966 2225 1128 2288 volet,
1158 2241 1260 2279 non
1294 2223 1527 2277 valebit?
1559 2224 1692 2278 Vide
1719 2239 1899 2276 annon
1927 2225 2005 2277 illi

443 2316 643 2384 potius,
673 2317 764 2384 qui
790 2317 988 2370 animal
1021 2317 1246 2370 rationis
1274 2317 1544 2386 particeps
1587 2318 1817 2382 creavit,
1845 2331 2006 2385 quam

445 2407 662 2461 animali
708 2410 830 2476 ipsi,
871 2410 1129 2478 injurium
1169 2420 1332 2476 esset,
1373 2411 1644 2464 hominem
1704 2411 1778 2462 ita
1821 2410 2010 2464 condi-

444 2509 562 2552 tum
590 2498 778 2565 fuisse,
828 2512 886 2554 ut
925 2512 1030 2555 tam
1063 2500 1297 2556 dLﬂieilia
1351 2519 1447 2557 nec
1486 2518 1547 2556 ea
1592 2503 1808 2573 quidem
1856 2502 2007 2555 utilia

446 2592 712 2660 perﬁcere
746 2605 945 2662 posset,
986 2597 1115 2648 nihil
1143 2605 1323 2664 posset
1352 2611 1476 2649 vero
1515 2597 1581 2648 ad
1637 2611 1789 2648 suam
1840 2594 2007 2662 ipsius

445 2683 784 2739 felicitatem.
818 2688 994 2756 Atque
1021 2687 1133 2740 haec
1156 2686 1424 2739 suﬂiciant
1454 2675 1521 2739 de
1571 2686 1678 2741 isto
1711 2687 1851 2741 Celsi
1878 2682 2007 2738 eﬂ‘a-

448 2786 528 2842 to,
564 2781 912 2832 mutationem
943 2778 1236 2847 perfectam
1289 2788 1518 2842 natura»,
1581 2795 1692 2833 rem
1735 2793 1854 2832 esse
1886 2793 2010 2847 per-

447 2869 736 2925 difﬁcilem.
791 2868 1116 2941 Subjungitt
1151 2888 1243 2926 eos
1294 2874 1382 2941 qui
1427 2872 1543 2926 sine
1583 2882 1806 2940 peccato
1856 2881 2004 2935 sunt,

447 2961 670 3016 meliore
686 2963 794 3015 vita
827 2979 946 3017 esse
972 2964 1275 3018 donandos.
1324 2984 1341 3015 ι
1378 2964 1484 3019 Sed
1517 2980 1622 3018 non
1674 2963 1847 3031 aperit
1871 2978 2008 3032 quos

453 3054 600 3122 dicat
630 3068 752 3108 esse
783 3057 900 3109 sine
927 3064 1169 3124 peccato.
1193 3071 1355 3111 eosne
1385 3058 1475 3125 qui
1506 3072 1572 3110 ne
1595 3058 1660 3109 ab
1689 3056 1845 3109 initio
1887 3055 2007 3122 qui-

2107 1857 2314 1929 τεὼρῳ,
2350 1857 2441 1909 καὶ
2483 1855 2619 1926 μετὰ
2638 1855 2729 1907 τοῦ
2761 1854 2942 1924 φερειν
2975 1851 3210 1904 τοσαῦτα
3243 1853 3334 1904 καὶ
3373 1847 3676 1920 τηλικαῦτα

2111 1949 2247 2019 βάρη
2275 1949 2548 2016 δεδύνηται
2575 1950 2641 2016 τῇ
2662 1947 2891 2016 ἀσκήσει
2913 1946 3006 1997 καὶ
3021 1946 3084 2014 τῇ
3112 1945 3349 2014 προσοχῇ
3381 1941 3442 1994 τὸ
3467 1941 3677 1996 τοιοῦτο

2109 2042 2350 2110 ποιῆσαι·
2387 2037 2706 2108 βουληθεῖσα
2736 2037 2791 2088 δὲ
2829 2038 2945 2089 κατ’
2989 2035 3186 2106 ἀρετὴν
3230 2033 3441 2104 βιῶσαι,
3482 2032 3680 2086 ἀδυνά-

2107 2149 2212 2195 τως
2254 2131 2383 2201 ἔχει,
2426 2129 2522 2185 κᾶν
2567 2125 2889 2201 ᾔπρότερον
2938 2126 3252 2195 φαυλοτάτη
3301 2122 3674 2192 γεγενημένης

2120 2224 2256 2276 Ἀλλ’
2281 2225 2379 2294 ὅρα
2412 2223 2618 2293 μήποτε
2649 2223 2676 2273 6
2707 2221 2776 2273 τὰ
2809 2219 3031 2272 τοιαῦτα
3058 2218 3230 2285 λέγων
3258 2219 3324 2286 τῇ
3365 2213 3679 2285 δημιουργῷ

2108 2319 2199 2370 τοῦ
2228 2316 2443 2386 λογικοῦ
2475 2315 2609 2380 ζὼου
2631 2313 2788 2383 φύσει
2818 2312 3038 2380 ἐγκαλεῖ
3061 2310 3256 2382 μᾶλλον
3286 2309 3319 2379 ἢ
3453 2323 3679 2376 γεγενη-

2112 2411 2273 2482 μένῳ·
2315 2412 2362 2462 εί
2405 2407 2544 2480 πρὸς
2587 2408 2682 2478 μὲν
2708 2407 2776 2458 τὰ
2812 2405 2951 2457 οὕτω
2987 2403 3218 2474 χαλεπὰ,
3265 2399 3517 2470 οὐδαμῶς
3550 2398 3677 2450 ὄντα

2109 2503 2371 2572 χρήσιμα,
2400 2499 2661 2568 πεποίηκε
2685 2496 2910 2566 δυνατὴν
2931 2495 3026 2565 τὴν
3058 2493 3152 2547 τοῦ
3183 2491 3471 2563 ἀνθρώπου
3495 2488 3674 2557 φύσιν,

2109 2594 2365 2647 ἀδύνατον
2391 2591 2446 2644 δὲ
2475 2591 2610 2662 πρὸς
2640 2589 2736 2660 τὴν
2766 2589 2901 2642 ἰδίαν
2937 2585 3328 2658 μακαριότητα.
3379 2581 3536 2635 Ἀλλά
3570 2581 3673 2653 γάρ

2111 2687 2268 2757 ἀρκεῖ
2296 2683 2576 2737 καὶταῦτα
2616 2682 2751 2755 πρὸς
2781 2681 2863 2744 τὺ,
2892 2680 3054 2732 Φύσιν
3082 2679 3190 2750 γὰρ
3219 2677 3448 2748 ἀμεῖψαι
3481 2674 3676 2735 τελέως

2109 2777 2475 2847 παγχάλεπον.
2512 2774 2667 2844 Ἑξῆς
2700 2773 2755 2825 δέ
2797 2789 2979 2842 φησιν,
3018 2772 3097 2824 ὅτι
3152 2789 3170 2820 ι
3212 2770 3272 2822 Οί
3308 2765 3676 2837 ἀναμάρτητοι

2111 2867 2348 2940 βελτίους
2373 2865 2613 2917 κοινωνοὶ
2649 2861 2781 2932 βίου·
2823 2881 2841 2912 ι
2878 2862 2950 2931 μὴ
2995 2859 3329 2930 σαφηνίσας,
3361 2857 3506 2917 τίνας
3539 2855 3675 2922 φησὶ

2108 2962 2231 3020 τοὺς
2267 2956 2699 3026 ἀναμαρτήτους,
2754 2953 2982 3024 πότερον
3032 2952 3158 3013 τοὺς
3196 2946 3444 3020 ἀρχῆθεν,
3474 2945 3505 3016 ἢ
3540 2945 3670 3006 τοὺς

2109 3052 2170 3103 ὲκ
2203 3045 2520 3120 μεταϐολῆς·
2555 3046 2604 3098 οί
2642 3045 2740 3115 μὲν
2780 3039 2872 3096 οὖν
2913 3041 3172 3113 ἀρχῆθεν,
3229 3038 3490 3092 ἀδύνατοι·
3539 3035 3589 3087 οἱ
3620 3033 3669 3086 δ’

447 3147 569 3200 dem
598 3157 916 3216 peccarunt,
951 3165 1017 3204 an
1048 3149 1138 3217 qui
1175 3151 1364 3202 mutati
1391 3164 1493 3202 non
1526 3156 1771 3217 peccant.
1801 3146 2004 3201 Tamen

2113 3142 2173 3193 ὲκ
2205 3117 2524 3211 μεταϐολῆς,
2577 3135 2812 3199 σπανίως
2860 3136 2994 3187 εἰσιν
3049 3131 3439 3203 εὑρισκόμενοι,
3483 3127 3678 3188 οἵτινες

447 3237 538 3306 qui
569 3238 636 3292 ab
669 3237 826 3290 initio
854 3253 956 3292 non
1006 3239 1350 3306 peccaverint
1404 3240 1531 3293 nulli
1578 3254 1700 3295 esse
1748 3249 2008 3308 possunt;

448 3328 540 3395 qui
569 3340 699 3382 vero
722 3329 908 3381 mutati
939 3343 1046 3381 non
1073 3337 1323 3397 peccent,
1346 3345 1588 3399 quosque
1611 3329 1744 3384 tales
1768 3331 2008 3384 admiSsa

453 3431 640 3474 nostra
675 3419 927 3476 salutaris
950 3421 1197 3476 doctrina
1225 3421 1540 3487 reddiderit,
1581 3422 1631 3474 hi
1675 3425 1782 3476 rari
1816 3423 2007 3476 admo-

449 3511 576 3564 dum
611 3521 754 3566 sunt.
787 3512 972 3582 Neque
995 3514 1160 3568 etiam
1213 3512 1347 3568 tales
1393 3515 1460 3567 ad
1495 3515 1794 3568 doctrinam
1851 3530 2010 3569 acce-

447 3601 608 3656 dunt.
647 3601 779 3656 Nam
807 3604 926 3658 sine
954 3604 1041 3657 illa
1068 3620 1238 3674 eaque
1258 3604 1497 3674 perfecta
1542 3621 1700 3660 nemo
1744 3622 1866 3661 esse
1916 3623 2011 3676 po-

449 3701 554 3747 test
573 3694 692 3748 sine
713 3706 956 3761 peccato.

522 3782 608 3836 70.
633 3783 823 3838 Postea
851 3784 1037 3850 objicit
1061 3787 1204 3841 istud
1224 3787 1378 3855 quasi
1414 3789 1553 3856 apud
1589 3788 1965 3857 nosjactatum
1992 3807 2007 3843 :

456 3891 485 3922 ι
525 3875 664 3929 Deus
695 3877 872 3928 omnia
904 3878 1120 3943 poterit.
1158 3898 1175 3928 ι
1205 3880 1274 3932 At
1304 3894 1475 3946 neque
1507 3896 1614 3948 quo
1653 3896 1816 3934 sensu
1849 3881 1900 3934 id
1929 3881 2012 3934 di-

449 3976 628 4032 catur,
671 3983 842 4035 neque
863 3983 982 4036 quae
1015 3969 1122 4022 sint
1155 3970 1293 4022 illac
1327 3974 1529 4036 omnia,
1577 3992 1594 4023 ι
1647 3990 1822 4040 neque
1872 3990 2009 4040 quo-

452 4059 612 4113 modo
639 4061 828 4129 possit,
859 4061 1129 4130 intelligit.
1165 4061 1241 4113 De
1293 4062 1356 4116 iis
1405 4075 1584 4117 tamen
1614 4065 1745 4117 nihil
1796 4081 2014 4120 necesse

449 4163 534 4207 est
588 4153 1074 4222 impraesentiarum
1143 4155 1346 4208 dicere.
1418 4153 1604 4223 Neque
1671 4157 1813 4210 enim
1874 4159 2006 4226 ipse,

450 4251 700 4316 quamvis
746 4250 1102 4317 probabiliter
1133 4259 1336 4318 posset,
1384 4250 1451 4304 de
1514 4252 1612 4304 ista
1660 4265 1716 4304 re
1773 4253 2010 4306 institit:

450 4341 567 4397 sive
593 4343 848 4397 nescierit
872 4343 999 4411 quid
1036 4343 1313 4412 probabile
1345 4353 1536 4397 contra
1574 4343 1756 4398 alierri
1782 4355 1967 4414 posset
1993 4364 2007 4411 ;

2110 3235 2175 3285 ὲκ
2196 3230 2288 3286 τοῦ
2310 3228 2760 3301 προσεληλυθέναι
2774 3227 2914 3297 λόγῳ
2941 3224 3182 3288 σώζοντι,
3215 3221 3445 3275 τοιοῦτοι
3467 3218 3679 3289 γίγνον-

2107 3343 2216 3378 ται.
2251 3324 2384 3394 Οὐχὶ
2411 3323 2466 3375 δὲ
2502 3321 2730 3374 τοιοῦτοι
2772 3320 2922 3382 ὄντες
2964 3318 3041 3388 τῷ
3079 3317 3219 3387 λόγῳ
3265 3313 3676 3386 προσέρχονται.

2111 3418 2292 3487 Χωρὶς
2318 3415 2425 3486 γὰρ
2445 3414 2621 3483 λόγου,
2659 3415 2750 3467 καὶ
2774 3411 2945 3464 ταῦτα
2974 3411 3199 3474 τελείου,
3242 3407 3521 3480 ἀμήχανον
3549 3405 3680 3458 ἀνα-

2113 3509 2384 3580 μάρτητον
2411 3507 2659 3576 γενέσθαι
2680 3505 2979 3576 ἄνθρωπον.

2180 3799 2291 3857 Εἶτ’
2313 3798 2672 3868 ἀνθυποφέρει
2713 3794 2948 3864 ὡσπερεὶ
2985 3791 3269 3861 λεγόμενον
3302 3787 3391 3856 ὑφ’
3418 3785 3574 3857 ἡμῶν
3594 3786 3673 3847 τὸ,

2117 3915 2135 3947 α
2169 3895 2463 3964 Δυνήσεται
2496 3890 2671 3942 πάντα
2712 3889 2740 3939 ὁ
2777 3887 2926 3948 Θεός·
2975 3904 2992 3935 ι
3040 3883 3158 3936 οὐδὲ
3193 3880 3336 3933 τοῦθ’
3379 3879 3520 3950 ὁρῶν
3563 3878 3676 3938 πῶς

2111 3987 2378 4044 λέλεκται,
2409 3984 2503 4036 καὶ
2530 3981 2652 4034 τίνα.
2683 3980 2856 4032 πάντα
2883 3980 2939 4029 ὲν
2967 3975 3140 4045 τούτῳ
3169 3969 3673 4044 παραλαμϐάνεται,

2112 4079 2206 4130 καὶ
2237 4076 2351 4138 πῶς
2383 4074 2619 4127 δύναται·
2665 4070 2789 4140 περὶ
2811 4062 2884 4121 ῶν
2912 4069 3009 4121 οὐκ
3037 4068 3327 4133 ἀναγκαῖον
3357 4063 3450 4116 νῦν
3480 4063 3674 4130 λέγειν·

2112 4169 2233 4222 οὐδὲ
2268 4168 2376 4238 γὰρ
2399 4166 2582 4228 αὐτὸς,
2619 4164 2855 4229 καίτοιγε
2889 4161 3183 4229 δυνάμενος
3221 4157 3354 4228 πρὸς
3390 4154 3520 4208 αὐτὸ
3553 4151 3678 4219 στῆ-

2114 4278 2202 4314 ναι
2250 4257 2510 4319 πιθανῶς,
2558 4255 2706 4325 ἕστη-
2763 4252 2900 4322 τάχα
2944 4249 3076 4321 μηδὲ
3131 4243 3552 4316 παρακολουθῶν
3610 4245 3674 4312 τῇ

2115 4349 2484 4422 λεχθησομένῃ
2509 4346 2573 4401 ἂν
2602 4345 2740 4399 κατὰ
2771 4343 2958 4396 τούτου
3006 4341 3332 4409 πιθανότητι·
3369 4337 3401 4408 ἦ
3433 4352 3676 4408 παρακο-

449 4434 566 4487 sive
614 4435 1066 4504 scieritquidem.
1109 4438 1201 4490 sed
1263 4437 1391 4506 quid
1427 4439 1527 4507 ipsi
1590 4443 2010 4508 reSponderetur

2115 4443 2317 4498 λουθῶν
2361 4442 2478 4512 μὲν,
2515 4437 2732 4509 θεωρῶν
2764 4437 2820 4489 δὲ
2857 4437 2948 4489 καὶ
2986 4435 3081 4505 τὴν
3121 4435 3256 4505 πρὸς
3298 4433 3356 4487 τὸ
3393 4432 3676 4501 λεγόμενον

448 4527 784 4595 praeviderit.
811 4527 967 4582 Certe
1016 4527 1182 4580 Deum
1227 4531 1406 4583 omnia
1451 4547 1606 4598 posse
1666 4532 2004 4599 proﬁtemur,

451 4619 546 4672 sed
576 4634 692 4686 qua:
725 4628 920 4686 potest,
959 4619 1104 4673 nullo
1138 4636 1246 4673 sua:
1292 4622 1611 4686 divinitatis,
1658 4624 1918 4678 bonitatis
1956 4634 2011 4680 et

449 4712 730 4775 sapientia:
748 4711 1087 4764 detrimento.
1111 4711 1310 4765 Contra
1341 4711 1550 4774 Celsus,
1589 4723 1646 4765 ut
1678 4715 1768 4782 qui
1805 4717 2014 4770 nescie-

451 4801 672 4868 batquo
697 4817 855 4855 sensu
885 4802 1026 4857 Deus
1054 4804 1262 4857 dicatur
1307 4804 1488 4857 omnia
1542 4820 1722 4872 posse,
1782 4808 1857 4858 ait
1903 4825 2012 4862 non

451 4891 756 4962 esse
789 4892 1050 4954 futurum,
1086 4911 1104 4942 ι
1143 4904 1202 4946 ιιι
1239 4895 1379 4948 Deus
1415 4896 1710 4964 quidquam
1752 4896 2011 4962 injustum

450 4984 614 5048 velit;
659 5003 677 5034 ι
713 4984 865 5052 quasi
891 4999 956 5037 ex
995 4985 1084 5037 illo
1121 4996 1308 5052 posset
1340 4989 1555 5055 quidem
1598 4987 1851 5055 injustum
1885 4991 2011 5058 quid

450 5077 667 5140 facere,
725 5077 816 5130 sed
872 5076 1037 5130 nollet
1079 5085 1282 5131 tamen.
1342 5079 1580 5134 Dicimus
1636 5091 1812 5133 autem
1876 5097 2009 5148 nos,

450 5171 905 5238 quemadmodum
941 5171 1014 5234 id,
1041 5172 1192 5237 cujus
1237 5173 1415 5224 nativa
1449 5173 1734 5225 dulcedine
1786 5189 1872 5226 res
1894 5175 2014 5229 alia:

450 5261 787 5330 dulcescunt,
825 5261 941 5317 illas
979 5279 1085 5315 non
1121 5271 1295 5330 potest
1346 5277 1561 5315 amaras
1617 5262 1816 5325 facere,
1869 5264 2013 5332 quod

451 5365 637 5407 contra
662 5370 811 5407 suam
853 5362 1100 5407 naturam
1135 5365 1311 5418 esset;
1347 5369 1522 5421 neque
1554 5354 1603 5406 id
1627 5364 1802 5422 potest
1820 5355 2015 5409 obscu-

453 5457 578 5497 rare
606 5445 747 5513 quod
779 5455 961 5498 natum
986 5456 1066 5500 est
1095 5446 1160 5500 ad
1189 5445 1595 5510 illustrandum;
1629 5445 1698 5498 ita
1727 5460 1822 5498 nec
1846 5447 2009 5499 Deum

455 5534 652 5603 injuste
676 5537 855 5592 facere
888 5537 1064 5608 posse.
1100 5538 1222 5593 liam
1250 5540 1393 5592 enim
1423 5548 1662 5607 potestas
1705 5538 1821 5609 ejus
1869 5539 2008 5594 divi-

559 5643 600 5672 "
627 5648 774 5702 iliad.
803 5665 879 5711 ix,
904 5650 1006 5702 519
1029 5658 1083 5702 et
1111 5647 1236 5701 520.

2115 4541 2432 4609 ἀπάντησιν.
2463 4534 2690 4587 Δύναται
2718 4532 2774 4585 δὲ
2805 4531 2922 4584 καθ’
2954 4531 3098 4601 ἡμᾶς
3121 4529 3293 4582 πάντα
3313 4530 3340 4580 6
3359 4527 3509 4590 Θεός·
3539 4526 3679 4594 άπερ

2118 4631 2429 4699 δυνάμενος,
2449 4625 2541 4679 τοῦ
2582 4624 2714 4686 Θεὸς
2745 4618 2902 4686 εἶναι,
2932 4623 3025 4674 καῖ
3054 4620 3144 4673 τοῦ
3171 4619 3370 4688 ἀγαθὸς
3400 4615 3556 4680 εἶναι,
3586 4617 3676 4670 καὶ

2123 4723 2283 4791 σοφὸς
2308 4717 2443 4773 εἶναι
2465 4719 2564 4771 οὐκ
2596 4716 2888 4781 ἐξίσταται.
2944 4714 3000 4766 ὐ
3037 4713 3092 4766 δὲ
3126 4713 3332 4774 Κέλσος
3360 4711 3542 4780 φησιν,
3583 4708 3678 4778 (ὡς

2127 4815 2202 4886 μὴ
2236 4814 2431 4883 νοήσας
2458 4809 2574 4872 πῶς
2593 4808 2804 4875 λέγεται
2837 4809 2864 4859 6
2895 4805 3025 4868 Θεὸς
3051 4804 3226 4861 πάντα
3272 4801 3566 4873 δύνασθαι),
3600 4801 3678 4854 ὅτι

2129 4925 2148 4956 ‹
2183 4905 2294 4958 Οὐκ
2327 4901 2566 4968 ἐθελήσει
2593 4899 2742 4950 οὐδὲν
2775 4897 2974 4958 ἄδικον,
3026 4915 3043 4946 ι
3091 4895 3281 4958 διδοὺς,
3330 4894 3408 4946 ὅτι
3461 4893 3678 4946 δύναται

2126 4997 2219 5066 μὲν
2251 4994 2342 5048 καὶ
2373 4993 2434 5044 τὸ
2461 4991 2659 5053 ἄδικον,
2689 4990 2748 5042 οὐ
2783 4989 2921 5041 θέλει
2949 4988 3024 5041 δέ.
3065 4989 3252 5057 Ἡμεῖς
3275 4986 3329 5038 δέ
3351 5004 3549 5056 φαμεν,
3576 4987 3674 5046 ὅτι,

2121 5087 2305 5159 ὥσπερ
2333 5085 2392 5138 οὐ
2418 5083 2635 5137 δύναται
2670 5082 2731 5134 τὸ
2767 5080 3005 5148 πεφυκὸς
3043 5079 3349 5146 γλυκαίνειν
3390 5077 3467 5149 τῷ
3507 5077 3676 5145 γλυκὺ

2120 5179 2403 5248 τυγχάνειν
2437 5173 2717 5246 πικράζειν
2748 5171 2896 5243 παρὰ
2936 5171 3030 5242 τὴν
3077 5169 3236 5222 αὑτοῦ
3277 5169 3441 5240 μόνην
3479 5171 3673 5228 αἰτίαν,

2119 5270 2240 5322 οὐδὲ
2275 5268 2335 5320 τὸ
2373 5265 2610 5334 πεφυκὸς
2653 5263 2901 5332 φωτίζειν
2936 5262 3013 5332 τῷ
3053 5259 3191 5314 εἶναι
3229 5261 3342 5331 φῶς
3390 5262 3671 5325 σκοτίζειν·

2121 5359 2291 5423 οὕτως
2319 5359 2437 5410 οὐδὲ
2459 5359 2486 5408 6
2511 5355 2642 5418 Θεὸς
2668 5353 2885 5408 δύναται
2909 5354 3125 5408 ἀδικεῖν·
3147 5355 3382 5407 ἐναντίον
3405 5355 3512 5425 γάρ
3533 5356 3678 5406 ἐστιν

2120 5452 2283 5505 αὑτοῦ
2316 5453 2382 5522 τῇ
2423 5449 2654 5519 θειότητι
2696 5450 2789 5502 καὶ
2817 5451 2882 5520 τῇ
2915 5449 3033 5502 κατ’
3063 5449 3230 5518 αὐτὴν
3277 5448 3421 5520 πάσῃ
3454 5449 3680 5516 δυνάμει

2116 5547 2148 5616 ἡ
2182 5544 2274 5598 τοῦ
2305 5544 2505 5598 ἀδικεῖν
2534 5540 2775 5612 δύναμις.
2808 5542 2870 5594 Et
2901 5539 2955 5594 δέ
2983 5540 3160 5613 τι(78)
3189 5539 3295 5593 τῶν
3327 5539 3493 5593 ὄντων
3520 5539 3679 5599 δύνα-

529 5786 640 5859 (³28)
692 5788 1026 5848 Ιίσεεσιιυιίιιε
1085 5805 1136 5848 et
1210 5795 1545 5867 Spencerus,
1586 5799 1633 5851 εἰ
1689 5797 1730 5849 δ’
1784 5799 1836 5850 εἴ
1888 5817 1972 5872 τι,
2007 5799 2165 5856 male.
