3986 6164
462 322 600 378 10ιὸ

462 443 584 511 pien
618 439 720 490 iam
751 439 1052 492 vocaverim
1078 437 1257 505 potius
1287 435 1661 505 ignorantiam.

530 706 617 760 7'5.
666 705 792 759 Post
845 704 973 759 hmc'
1012 718 1200 758 rursus
1246 704 1485 773 exagitat
1533 701 1808 771 religionis
1857 701 2012 757 Chri-

456 802 647 855 stiana:
688 800 984 865 doctorem,
1031 808 1365 866 accusatqne
1401 798 1542 865 quod
1575 814 1593 846 ι
1625 796 1850 850 ridicula
1884 813 1903 846 ι
1939 795 2016 850 Ιο-

1904 313 2226 372 ORIGENIS

2051 439 2093 493 Α
2126 432 2218 483 καὶ
2291 429 2394 483 ὑπὸ
2464 427 2808 498 σοφισμάτων
2887 427 3280 498 ἠπατημένοις·

3541 304 3672 365 1016

3363 428 3451 482 διά
3520 430 3677 485 τοῦτο

2123 522 2361 592 ἀμαθίαν
2412 521 2618 591 εἴποιμι
2674 519 2868 591 μᾶλλον
2917 520 2950 591 ἢ
3008 521 3195 590 σοφίαν
3240 524 3293 575 ὲν
3339 525 3448 586 τοῖς
3504 522 3674 577 τοιού-

2117 631 2245 675 τοις.

2189 704 2342 757 Μετὰ
2362 702 2534 756 ταῦτα
2558 704 2715 758 πάλιν
2737 703 3046 773 λοιδορεῖται
3065 704 3143 776 τῷ
3167 707 3515 777 πρεσϐεύοντι
3538 708 3669 779 Χρι-

2118 798 2456 867 στιανισμὸν·
2518 799 2609 851 καὶ
2662 798 3016 867 ἀποφαίνεται
3071 799 3169 869 μὲν
3214 800 3339 870 περὶ
3382 800 3545 852 αὑτοῦ
3592 801 3665 865 ὼς

456 902 686 962 quatnr;
722 892 817 945 sed
841 905 960 959 quae
995 908 1014 939 ι
1052 889 1280 944 ridicula
1320 908 1336 939 ι
1390 887 1480 942 illa
1524 890 1669 949 sint,
1704 902 1804 943 nec
1843 887 1983 955 aperi

2118 904 2137 935 ί
2172 885 2582 955 καταγέλαστα
2630 906 2648 939 ι
2710 887 3012 953 διεξιόντος,
3055 889 3153 942 οὐκ
3196 888 3537 943 ἀποδείκνυσι
3584 890 3663 955 δὲ,

454 1001 554 1040 nec
587 982 887 1052 probat.Et
910 997 1174 1037 accusare
1206 996 1474 1051 pergens:
1512 999 1531 1032 ι
1561 978 1729 1034 Nemo
1755 980 2010 1047 prudens,

2110 978 2229 1031 οὐδὲ
2258 979 2501 1050 ἐναργῶς
2532 975 2853 1050 παρίστησιν
2887 980 2923 1034 ἆ
2957 999 3118 1053 φησιν
3168 978 3306 1035 εἶναι
3362 1000 3380 1033 ι
3428 984 3664 1052 κατατέ-

453 1076 648 1145 inquit,
683 1076 812 1130 huic
855 1074 1115 1129 doctrina:
1144 1073 1465 1136 assentitur,
1502 1072 1741 1125 deterret
1786 1073 1983 1141 ipsame

2108 1074 2322 1124 λαστα.
2363 1090 2381 1122 ι
2425 1073 2533 1124 Καὶ
2573 1072 2991 1144 λοιδορούμενος,
3042 1092 3060 1124 ι
3110 1075 3309 1128 Οὐδένα
3343 1076 3598 1146 φρόνιμον
3638 1094 3657 1128 ι

453 1168 601 1223 illam
666 1168 1014 1237 sequentium
1067 1165 1371 1220 multitudo.
1415 1183 1434 1215 ›
1468 1164 1580 1228 Qua
1624 1164 1676 1217 in
1724 1179 1783 1218 re
1836 1163 2008 1218 simile

448 1261 575 1328 quid
603 1260 749 1321 facit.
781 1275 845 1314 ac
871 1260 1042 1328 siquis
1068 1260 1274 1314 diceret
1311 1257 1578 1311 neminem
1611 1271 1731 1311 esse
1774 1257 2006 1326 pruden-

447 1361 580 1415 tem,
615 1352 706 1419 qui
746 1350 979 1416 Solonis,
1021 1348 1276 1420 Lycurgi,
1308 1347 1524 1403 Zaleuci
1561 1355 1653 1400 aut
1693 1348 2004 1417 quorumvis

447 1441 678 1495 aliorum
730 1440 1099 1507 legislatornm
1158 1438 1368 1507 legibus
1422 1435 1799 1506 obtemperare
1852 1438 2001 1502 velit,

445 1532 572 1601 quia
609 1531 962 1601 simplicium,
994 1531 1086 1600 qui
1112 1531 1191 1603 eis
1219 1537 1466 1599 pareant,
1502 1543 1689 1596 magna
1718 1528 2003 1582 multitudo

445 1632 530 1676 est
555 1640 569 1688 ;
594 1625 828 1675 maxime
856 1622 899 1676 si
936 1622 1251 1690 prudentem
1298 1618 1528 1687 appellet
1562 1634 1705 1682 eum,
1750 1621 1839 1687 qui
1879 1620 2001 1673 talis

440 1716 647 1767 virtute
681 1712 938 1768 evaserit.
978 1712 1131 1766 Sicut
1170 1713 1311 1766 enim
1353 1710 1690 1780 legislatores
1718 1710 1836 1765 istis
1871 1712 2000 1765 sim-

442 1805 693 1874 plicibus,
728 1813 787 1857 ut
819 1802 917 1858 sibi
946 1803 1121 1857 visum
1161 1812 1245 1857 est
1275 1801 1428 1867 utile,
1461 1800 1608 1870 leges
1646 1800 1912 1857 dederunt
1940 1814 1996 1855 ut

441 1898 565 1952 illos
594 1904 879 1966 regerent;
933 1896 1013 1951 sic
1055 1904 1109 1950 et
1150 1895 1293 1949 Deus
1337 1893 1391 1948 in
1441 1891 1566 1948 Jesu
1604 1892 1750 1962 leges
1793 1893 1997 1960 ferens,

442 1989 609 2042 etiam
648 2003 755 2042 non
786 1988 1077 2057 prudentes
1106 1986 1263 2056 regit,
1290 1995 1553 2055 quatenus
1585 1987 1650 2039 ad
1673 1985 1862 2041 melius
1892 1986 1994 2040 hu-

436 2080 672 2150 jusmodi
710 2081 962 2136 homines
996 2079 1081 2150 agi
1127 2089 1353 2149 queunt.
1407 2080 1559 2146 Quod
1611 2080 1791 2135 sciens
1834 2077 1991 2145 Deus,

437 2172 579 2241 apud
602 2171 839 2243 Moysem
886 2171 963 2225 ait
1008 2184 1127 2239 quae
1147 2170 1259 2238 jam
1285 2182 1445 2237 supra
1470 2168 1797 2223 retulimus:
1835 2191 1853 2221 ι
1887 2169 1990 2239 Ipsi

436 2280 521 2319 me
567 2273 996 2332 provocaverunt
1049 2264 1101 2317 in
1137 2277 1201 2318 eo
1264 2259 1356 2330 qui
1402 2276 1508 2315 non
1577 2270 1695 2316 erat
1735 2262 1876 2317 Deus
1938 2270 1993 2317 et

431 2354 785 2410 lrritaverunt
814 2371 898 2410 me
948 2355 1001 2409 in
1041 2353 1348 2410 simulacris
1385 2352 1541 2407 suis:
1575 2360 1630 2409 et
1654 2368 1754 2422 ego
1793 2368 1989 2423 provo-

438 2446 572 2502 cabo
621 2462 715 2503 eos
760 2448 811 2501 in
846 2460 911 2502 eo
941 2447 1032 2516 qui
1070 2461 1176 2502 non
1222 2455 1303 2500 est
1343 2446 1589 2516 populus,
1636 2456 1688 2501 et
1730 2447 1782 2501 in
1833 2457 1989 2515 gente

430 2540 591 2592 stulta
623 2539 846 2593 irritabo
877 2539 999 2594 illos
1030 2539 1095 2592 ¹⁹.
1138 2557 1156 2590 ι
1194 2536 1306 2592 Hoc
1354 2538 1533 2592 sciens
1564 2537 1762 2592 Paulus
1811 2537 1984 2592 dixit:

437 2650 455 2681 ε
488 2630 619 2698 Quae
651 2631 813 2687 stulta
846 2640 969 2687 sunt
1002 2631 1183 2687 mundi
1216 2630 1381 2700 elegit
1415 2630 1575 2695 Deus,
1606 2639 1663 2684 ut
1689 2628 1987 2685 confundat

427 2724 701 2792 sapientes
726 2724 771 2755 ¹⁰
797 2739 812 2789 ;
843 2742 861 2775 ι
903 2725 989 2778 ubi
1023 2723 1292 2791 sapientes
1327 2730 1482 2774 vocat
1513 2721 1606 2790 qui
1641 2721 1805 2791 vulgo
1844 2722 1983 2777 mul-

430 2821 544 2863 tum
576 2811 630 2864 in
680 2812 984 2879 disciplinis
1015 2814 1313 2882 profecisse
1351 2811 1624 2874 videntur,
1664 2813 1755 2867 sed
1789 2812 1843 2866 in
1878 2812 1984 2864 im-

428 2900 572 2966 pium
597 2903 829 2969 plurium
875 2904 1095 2957 deorum
1128 2905 1331 2959 cultum
1366 2907 1503 2975 lapsi
1543 2914 1687 2957 sunt.
1725 2923 1745 2955 ι
1787 2903 1982 2956 Dicen-

430 3001 514 3043 tes
559 2991 701 3044 enim
736 3007 795 3046 se
833 3007 955 3046 esse
1012 2995 1304 3062 sapientes,
1365 2996 1515 3050 stulti
1566 2995 1691 3048 facti
1737 3004 1881 3048 sunt.
1918 2993 1982 3047 Et

431 3088 777 3134 mutaverunt
807 3080 1031 3151 gloriam
1061 3084 1488 3153 incorruptibilis
1519 3084 1611 3138 Dei
1645 3084 1698 3137 in
1736 3083 1982 3138 similitu-
2008 3116 2050 3173 ο

425 3171 606 3226 dinem
635 3170 885 3242 imaginis
906 3174 1277 3244 corruptibilis
1298 3176 1555 3243 hominis,
1592 3183 1647 3230 et
1675 3174 1975 3239 volucrum,

424 3275 480 3319 et
510 3265 940 3335 quadrupedum,
968 3275 1023 3320 et
1057 3269 1384 3337 serpentium
1411 3270 1480 3322 ἰ.
1509 3287 1528 3320 ι

491 3438 582 3497 74.
638 3441 905 3497 Praeterea
966 3442 1291 3497 criminatur
1353 3453 1599 3501 nostrum
1660 3447 1976 3516 doctorem,

426 3549 447 3584 ι
483 3532 628 3601 quod
663 3531 882 3587 insanos
927 3544 1154 3603 quierat.
1194 3552 1214 3585 ι
1247 3535 1327 3589 Ad
1376 3535 1527 3589 illum
1559 3551 1660 3608 ego
1696 3539 1927 3594 dixerim
1958 3561 1973 3596 :

417 3623 692 3692 Quasnam
724 3627 937 3681 tandem
968 3626 1187 3682 insanos
1215 3628 1421 3681 vocas?
1452 3627 1587 3682 Nam
1623 3630 1667 3685 si
1702 3646 1816 3685 rem
1852 3633 1975 3686 diti-

419 3719 613 3778 gcnter
653 3713 950 3778 scrutaris;
994 3728 1154 3768 nemo
1202 3714 1398 3779 malus,
1434 3717 1564 3785 quin
1610 3718 1833 3774 insanus
1877 3722 1970 3775 sit.

414 3797 581 3868 Igitur
610 3801 655 3854 si
689 3801 784 3854 tibi
818 3802 991 3855 insani
1024 3814 1149 3857 sunt
1186 3804 1356 3869 mali,
1416 3814 1469 3860 tu
1500 3808 1617 3876 ipse
1645 3826 1766 3863 cum
1796 3811 1972 3865 homi-

417 3905 517 3944 nes
545 3894 608 3944 ad
630 3892 1020 3961 philosophiam
1046 3894 1282 3959 adducis,
1305 3904 1458 3953 utros
1477 3900 1744 3958 adducere
1763 3907 1968 3969 studes,

415 3982 588 4037 malos
615 3999 681 4035 an
721 3984 915 4052 probos
944 3984 968 4037 1
996 3985 1113 4039 Non
1160 3986 1295 4042 istos
1323 3999 1470 4044 certe
1504 4001 1695 4060 potes:
1739 3995 1969 4065 jampri-

412 4075 535 4128 dem
570 4075 714 4129 enim
759 4082 881 4129 sunt
923 4075 1426 4150 philosophi;ergo
1457 4082 1645 4136 malos.
1688 4085 1744 4140 Si
1776 4088 1966 4155 malos,

409 4166 686 4234 improbos
741 4166 925 4236 igitur.
956 4166 1119 4235 Atqui
1162 4170 1361 4225 multos
1406 4171 1667 4240 ejusmodi
1696 4177 1760 4231 ad
1789 4179 1967 4249 philo-

408 4259 653 4326 sophiam
684 4259 884 4327 quaeris
914 4260 1256 4317 adducendos
1283 4280 1297 4315 :
1329 4269 1528 4333 qmeris
1565 4282 1693 4338 ergo
1723 4272 1964 4326 insanos.

403 4347 518 4418 Ego
542 4367 692 4416 vero,
727 4354 941 4407 tametsi
966 4353 1152 4425 £496
1196 4356 1411 4412 insanos
1459 4358 1559 4414 hoc
1606 4376 1767 4417 sensu
1815 4379 1964 4434 quie-

2109 1164 2243 1233 φησὶ
2289 1180 2307 1213 ι
2340 1163 2618 1217 πείθεσθαι
2654 1164 2731 1235 τῷ
2772 1165 2931 1235 λόγῳ,
2968 1165 3377 1237 περισπώμενος
3415 1166 3526 1239 (86)
3560 1167 3663 1221 ὑπὸ

2104 1252 2197 1307 τοῦ
2232 1254 2465 1326 πλήθους
2493 1255 2601 1308 τῶν
2622 1257 3065 1327 προσερχομένων
3094 1257 3259 1327 αὐτῷ.
3299 1277 3317 1308 ι
3352 1259 3573 1329 Ὅμοιον
3601 1260 3658 1312 δὲ

2109 1346 2201 1398 καὶ
2229 1345 2285 1396 ὲν
2312 1344 2484 1416 τούτῳ
2512 1347 2653 1399 ποιεῖ
2678 1346 2934 1415 φάσκοντι
2958 1346 3046 1399 διὰ
3073 1347 3131 1400 τὸ
3162 1348 3359 1421 πλῆθος
3381 1349 3490 1403 τῶν
3520 1351 3658 1405 κατὰ

2101 1434 2226 1498 τοὺς
2255 1433 2449 1503 νόμους
2482 1434 2758 1505 ἀγομένων
2792 1435 3029 1499 ἰδιωτῶν,
3063 1436 3142 1489 ὅτι
3170 1438 3425 1508 φρόνιμος
3463 1440 3654 1506 οὐδεὶς,

2102 1525 2222 1597 φέρ’
2269 1527 2462 1585 εἰπεῖν,
2498 1526 2714 1590 Σόλωνι,
2754 1527 2788 1599 ἢ
2833 1526 3129 1598 Λυκούργῳ
3174 1528 3434 1594 πείθεται,
3482 1530 3515 1599 ἦ
3554 1532 3656 1584 Ζα-

2100 1616 2293 1689 λεύκῳ,
2336 1619 2369 1689 ἦ
2411 1636 2515 1672 τινι
2555 1618 2662 1671 τῶν
2692 1619 2924 1672 λοιπῶν
2959 1621 3051 1673 καὶ
3084 1621 3312 1691 μάλιστα
3343 1621 3437 1674 ἐὰν
3471 1623 3654 1693 φρόνι-

2103 1725 2199 1777 μον
2238 1708 2487 1782 λαμϐάνῃ
2521 1710 2613 1763 τὸν
2657 1713 2774 1763 κατ’
2818 1710 3014 1783 ἀρετὴν
3055 1712 3223 1766 ποιόν.
3286 1713 3372 1776 Ὠς
3412 1714 3519 1783 γάρ
3561 1715 3652 1767 ὲπὶ

2098 1798 2319 1864 τούτων,
2346 1802 2486 1854 κατά
2507 1801 2567 1855 τὸ
2598 1802 2759 1871 φανὲν
2784 1803 2964 1866 αὺτοῖς
2986 1805 3273 1874 χρήσιμον,
3297 1806 3344 1857 οἱ
3369 1805 3648 1875 νομοθέται

2099 1895 2423 1965 πεποιήκασι
2444 1895 2503 1948 τὸ
2526 1895 2745 1967 τοιαύτῃ
2768 1895 2955 1966 ἀγωγῇ
2986 1895 3092 1965 (87)
3124 1896 3317 1959 αὐτοὺς
3344 1897 3650 1967 περιϐαλεῖν

2097 1981 2190 2035 καὶ
2216 1984 2417 2053 νόμοις,
2446 1984 2584 2037 οὕτω
2611 1983 2909 2054 νομοθετῶν
2936 1986 2992 2036 ἐν
3024 1984 3100 2056 τῷ
3135 1985 3307 2056 Ἰησοῦ
3336 1987 3363 2037 ὁ
3386 1987 3515 2051 Θεὸς
3536 1991 3648 2052 τοῖς

2096 2076 2363 2145 πανταχοῦ
2399 2075 2719 2149 ἀνθρώποις,
2759 2076 2852 2129 καὶ
2891 2076 3017 2140 τοὺς
3067 2077 3139 2148 μὴ
3179 2080 3471 2150 φρονίμους
3503 2081 3643 2148 ἀγει,

2092 2165 2168 2229 ὡς
2199 2161 2308 2219 οἷόν
2339 2166 2398 2219 τέ
2422 2168 2567 2220 ἐστιν
2609 2167 2832 2235 ἄγεσθαι
2859 2169 2983 2232 τοὺς
3017 2169 3289 2235 τοιούτους
3321 2170 3411 2223 ἐπὶ
3442 2171 3502 2224 τὸ
3528 2172 3645 2241 βέλ-

2089 2272 2223 2311 τιον.
2256 2259 2449 2330 Ὅπερ,
2480 2258 2554 2323 ὡς
2574 2260 2667 2312 καὶ
2692 2261 2748 2311 ἐν
2770 2262 2879 2324 τοῖς
2903 2261 3155 2331 ἀνωτέρω
3180 2264 3500 2335 εἰρήκαμεν,
3530 2268 3645 2318 ἐπι-

2092 2350 2351 2420 στάμενος
2376 2350 2404 2403 ὁ
2434 2351 2491 2404 ὲν
2518 2352 2739 2404 Μωῦσεῖ
2764 2351 2913 2415 Θεὸς,
2945 2351 3089 2421 λέγει
3122 2353 3203 2416 τὸ,
3237 2372 3255 2405 ι
3287 2355 3449 2407 Αὐτοὶ
3480 2373 3643 2427 παρε-

2089 2440 2333 2511 ζήλωσάν
2365 2458 2430 2511 με
2460 2441 2545 2493 ἐπ’
2568 2442 2627 2493 οὐ
2660 2440 2795 2512 Θεῷ,
2836 2444 3187 2515 παρώργισάν
3225 2463 3292 2515 με
3336 2448 3393 2499 ὲν
3423 2451 3533 2510 τοῖς
3565 2450 3640 2500 εἰ-

2086 2531 2272 2595 δώλοις
2309 2532 2518 2585 αὐτῶν·
2565 2530 2720 2602 κάγὼ
2756 2534 3131 2606 παραζηλώσω
3178 2538 3375 2600 αὐτοὺς
3419 2539 3504 2590 ἐπ’
3544 2540 3640 2592 οὐκ

2087 2623 2246 2687 ἔθνει,
2272 2626 2359 2677 ἐπ’
2390 2624 2531 2677 ἔθνει
2568 2624 2809 2695 ἀσυνέτῳ
2851 2627 3131 2698 παροργιῶ
3169 2628 3382 2690 αὐτούς.
3426 2648 3445 2680 ι
3478 2630 3639 2695 Εἰδὼς

2084 2715 2141 2769 δὲ
2174 2715 2267 2767 καὶ
2291 2716 2319 2767 ὁ
2352 2714 2562 2777 Παῦλος
2595 2710 2733 2767 εἷπε·
2774 2733 2791 2765 ι
2820 2715 2900 2768 Τὰ
2929 2716 3083 2787 μωρά
3109 2716 3201 2769 τοῦ
3230 2718 3432 2788 κόσμου
3465 2718 3637 2785 ἐξελέ-

2085 2804 2211 2872 ξατο
2241 2808 2269 2859 ὁ
2296 2806 2426 2869 Θεὸς
2457 2806 2586 2877 (88),
2619 2806 2703 2859 ἵνα
2725 2807 3050 2881 καταισχύνῃ
3082 2810 3205 2871 τοὺς
3228 2810 3421 2878 σοφούς
3442 2827 3455 2840 ·
3495 2829 3514 2861 ι
3551 2828 3634 2863 σο-

2084 2898 2217 2966 φοὺς
2259 2897 2561 2968 κοινότερον
2600 2896 2770 2965 λέγων
2798 2898 3002 2961 πάντας
3029 2898 3152 2962 τοὺς
3184 2899 3466 2962 δοκοῦντας
3496 2918 3626 2971 προ-

2083 2989 2372 3058 6ε6ηκέναι
2402 2990 2499 3059 μὲν
2527 2990 2585 3041 ἐν
2625 2989 2956 3060 μαθήμασιν,
2989 2992 3443 3054 ἀποπεπτωκότας
3467 2990 3521 3043 δὲ
3546 2992 3625 3054 είς

2082 3082 2178 3152 τὴν
2212 3082 2366 3136 ἄθεον
2399 3080 2760 3152 πολυθεότητα
2779 3098 2791 3110 ·
2825 3082 2945 3134 ἐπεὶ
2970 3082 3264 3151 φάσκοντες
3293 3079 3427 3135 εἶναι
3457 3083 3627 3152 σοφοὶ,

2082 3171 2470 3243 ἐμωράνθησαν
2513 3172 2607 3225 καὶ
2642 3170 2871 3242 ἤλλαξαν
2904 3170 2999 3242 τὴν
3033 3171 3187 3237 δόξαν
3226 3171 3320 3224 τοῦ
3360 3171 3631 3243 ἀφθάρτου

2080 3262 2214 3315 Θεοῦ
2253 3261 2363 3332 (89)
2403 3263 2460 3316 ὲν
2493 3260 2790 3332 ὁμοιώματι
2828 3261 3028 3326 εἰκόνος
3062 3263 3293 3333 φθαρτοῦ
3328 3262 3631 3336 ἀνθρώπου,

2080 3355 2174 3407 καὶ
2209 3354 2485 3417 πετεινῶν,
2514 3354 2606 3406 καὶ
2635 3353 2993 3424 τετραπόδων,
3023 3354 3115 3406 καὶ
3141 3354 3401 3425 ἑρπετῶν.
3436 3375 3455 3405 ›

2161 3446 2407 3515 Ἐγκαλεῖ
2437 3446 2492 3499 δὲ
2519 3445 2596 3516 τῷ
2626 3445 2943 3509 διδάσκοντι,
2966 3448 3058 3501 καὶ
3091 3466 3108 3498 ι
3146 3448 3220 3511 ὡς
3253 3448 3511 3517 ἀνοήτους
3538 3447 3629 3517 ζηο

2077 3537 2275 3592 τοῦντι.
2326 3558 2342 3591 ι
2392 3539 2533 3609 Ηρὸς
2576 3537 2634 3590 ὃν
2670 3537 2910 3608 εἴποιμεν
2949 3539 3047 3592 ἄν·
3097 3540 3256 3602 Τίνας
3286 3539 3464 3606 λέγεις
3506 3539 3627 3601 τοὺς

2078 3635 2366 3704 ἀνοήτους;
2394 3632 2551 3686 Κατά
2584 3632 2691 3702 γάρ
2716 3632 2776 3685 τὸ
2812 3632 3053 3704 ἀκριϐὲς,
3094 3635 3199 3696 πᾶς
3234 3633 3433 3701 φαῦλος
3474 3632 3629 3703 ἀνόη-

2074 3725 2164 3787 τός
2190 3726 2353 3775 ἐστιν.
2378 3723 2439 3774 El
2461 3722 2635 3774 τοίνυν
2650 3720 2826 3789 λέγεις
2841 3722 3093 3791 ἀνοήτους
3106 3722 3228 3784 τοὺς
3250 3720 3502 3788 φαύλους,
3522 3716 3626 3788 ἄρα

2076 3814 2163 3875 σὺ,
2206 3812 2492 3882 προσάγων
2523 3807 2835 3879 ἀνθρώπους
2874 3807 3174 3877 φιλοσοφίᾳ,
3197 3805 3428 3874 φαύλους
3450 3804 3623 3874 ζητεῖς

2075 3904 2368 3976 προσάγειν
2413 3902 2447 3970 ἢ
2479 3901 2753 3965 ἀστείους;
2801 3898 2935 3951 Ἀλλ’
2983 3899 3080 3967 οὐχ
3111 3894 3219 3950 οἶόν
3268 3913 3328 3949 τε
3356 3897 3618 3957 ἀστείους,

2073 3998 2173 4068 ήδη
2212 3994 2320 4066 γὰρ
2360 3993 2853 4064 πεφιλοσοφήκασιο
2890 3990 3120 4061 φαύλους
3154 3990 3291 4061 ἄρα·
3321 3989 3450 4041 εἰδὲ
3484 3987 3616 4057 φαύ-

2070 4083 2215 4147 λους,
2247 4082 2523 4151 ἀνοήτους.
2550 4080 2660 4133 Καὶ
2688 4078 2868 4150 ζητεῖς
2894 4078 3117 4141 πολλοὺς
3138 4079 3427 4149 προσάγειν
3454 4076 3618 4130 τοιού-

2066 4190 2194 4236 τους
2217 4172 2517 4242 φιλοσοφίαο
2531 4171 2624 4224 καὶ
2643 4170 2704 4222 σὺ
2721 4171 2827 4241 ἄρα
2842 4169 2964 4231 τοὺς
2980 4169 3234 4239 ἀνοήτους
3252 4168 3450 4237 ζητεῖς.
3483 4166 3617 4235 Ἐγὼ

2066 4266 2124 4319 δὲ
2154 4265 2255 4319 κᾶν
2282 4267 2404 4327 τοὺς
2432 4263 2573 4316 οὕτω
2610 4261 2931 4332 λεγομένους
2959 4262 3211 4331 ἀνοήτους
3244 4259 3409 4329 ζητῶ,
3442 4260 3617 4329 ὅμοιον

2069 4358 2225 4422 ποιῶ,
2277 4358 2352 4420 ὡς
2393 4358 2442 4409 εί
2485 4355 2578 4409 καὶ
2624 4353 2997 4424 φιλάνθρωπος
3045 4351 3223 4422 ἰατρὸς
3274 4352 3452 4423 ἐζήτει
3495 4351 3617 4413 τοὺς

406 4457 548 4507 ram,
592 4454 701 4498 tum
734 4454 909 4500 tamen
944 4450 1152 4502 medico
1180 4463 1296 4501 sum
1341 4450 1537 4505 similis
1577 4453 1666 4522 qui
1709 4469 1819 4522 pra:
1862 4470 1959 4509 sua

2084 4452 2390 4521 ιάμνοντας,
2415 4449 2479 4502 ἵν’
2507 4449 2686 4511 αὐτοῖς
2704 4446 3034 4519 προσαγάγοι
3053 4445 3157 4515 (90)
3183 4444 3252 4497 τὰ
3280 4445 3613 4517 βοηθήματα,

402 4534 740 4591 humanitate
761 4552 935 4609 aegros
968 4541 1316 4609 conquireret
1344 4544 1540 4610 quibus
1567 4544 1842 4601 adhiberet
1873 4562 1961 4600 re-

402 4628 604 4688 media.
643 4629 839 4697 quibus
868 4631 1011 4684 vires
1058 4633 1387 4686 restitueret.
1422 4634 1516 4687 Sin
1562 4636 1784 4690 insanos
1812 4638 1961 4691 dicas

404 4718 589 4770 tardos
627 4728 683 4772 et
725 4718 1002 4772 hominum
1025 4722 1459 4790 stupidissimos,
1506 4724 1705 4790 fateor,
1732 4726 1816 4780 vel
1843 4727 1962 4781 illos

402 4806 615 4870 studeo,
647 4809 824 4876 quoad
860 4824 1108 4878 possum,
1140 4813 1368 4866 reddere
1396 4812 1666 4879 meliores,
1702 4818 1795 4869 sed
1837 4816 1961 4871 nolo

398 4912 465 4950 ex
505 4895 611 4950 illis
655 4897 1088 4954 Christianorum
1143 4912 1396 4958 constare
1434 4905 1767 4960 societatem.
1797 4906 1957 4973 Qua:-

396 4990 541 5044 siero
572 4990 751 5059 potius
775 4990 1225 5060 intelligentiores
1254 4995 1653 5065 acutioresque,
1676 4998 1765 5068 qui
1789 4999 1954 5070 aenig-

397 5089 601 5135 matum
647 5082 1150 5151 interpretationem
1204 5100 1421 5153 capere.
1462 5096 1517 5141 et
1568 5103 1687 5156 qua:
1731 5090 1782 5144 in
1817 5090 1956 5161 lege,

2066 4545 2161 4597 καὶ
2189 4543 2335 4613 ρώσῃ
2362 4541 2575 4604 αὐτούς.
2610 4541 2672 4592 Ei
2710 4539 2755 4592 δ’
2789 4540 3042 4610 ἀνοήτους
3072 4538 3246 4606 λέγεις
3269 4540 3394 4603 τοὺς
3437 4532 3616 4610 μὴ’ἐν-

2063 4636 2296 4706 τρεχεῖς,
2338 4632 2474 4686 ἀλλά
2496 4630 2985 4703 τερατωδεστέρους
3015 4629 3120 4702 (91)
3158 4629 3265 4682 τῶν
3297 4629 3609 4702 ἀνθρώπων,

2066 4723 2461 4797 ἀποκρινοῦμαί
2502 4741 2604 4789 σοι,
2644 4724 2724 4776 ὅτι
2752 4723 2846 4775 καὶ
2890 4722 3096 4786 τούτοις
3139 4723 3232 4793 μὲν
3270 4722 3407 4776 κατὰ
3438 4725 3498 4775 τὸ
3524 4724 3612 4776 δυ-

2064 4817 2221 4872 νατὸν
2268 4815 2505 4886 βελτιοῦν
2539 4814 2835 4884 πειρῶμαι,
2867 4814 2925 4866 οὐ
2965 4813 3066 4885 μὴν
3104 4816 3166 4866 ὲκ
3194 4813 3397 4867 τούτων
3437 4814 3615 4884 βούλο-

2065 4927 2164 4981 μαι
2212 4908 2474 4978 συστῆσαι
2510 4906 2572 4959 τὺ
2604 4905 2943 4978 Χριστιανῶν
2988 4906 3274 4976 ἄθροισμα.
3321 4906 3476 4977 Ζητῶ
3508 4906 3613 4977 γάρ

2063 5000 2261 5072 μᾶλλον
2307 5001 2432 5063 τοὺς
2475 4999 2919 5069 ὲντρεχεστέρους
2949 4997 3041 5050 καὶ
3080 4996 3381 5068 ὀξυτέρους,
3414 4997 3490 5061 ὡς
3526 4997 3615 5050 δυο

2061 5091 2324 5162 ναμένους
2356 5089 2827 5162 παρακολουθῆσαι
2850 5091 2917 5161 τῇ
2944 5089 3205 5162 σαφηνείᾳ
3226 5088 3334 5144 τῶν
3357 5089 3611 5163 αἰνιγμά-

465 5179 509 5211 ¹⁹
534 5180 745 5234 Denter.
784 5193 959 5245 xxx",
980 5179 1073 5234 21.
1147 5182 1192 5213 ⁸ο
1222 5170 1387 5235 ιιιδτ.
1413 5182 1567 5249 1,27.
1645 5186 1687 5217 ¹¹
1718 5185 1873 5240 Rom.
1900 5202 1943 5251 ι,
1966 5185 2055 5240 22.

462 5272 575 5358 (86)
613 5273 1085 5345 Περισπώμενος.
1119 5276 1471 5332 Scribendum
1521 5279 1748 5344 videtur,
1799 5298 1953 5354 περι-

391 5361 423 5397 σ
429 5360 511 5397 πω
518 5362 692 5398 μενον.

461 5415 569 5489 (8ῖ)
611 5415 921 5489 Philocalia,
947 5415 1211 5489 διαγωγῇ.

463 5486 573 5558 (88)
613 5488 763 5558 Apud
782 5486 1187 5558 _Hmschelium"
1214 5498 1269 5541 et
1331 5487 1663 5558 Spcncerum
1717 5489 1866 5547 deest
1915 5490 1945 5543 ὁ

390 5554 664 5630 Θεόςέεομά
694 5557 746 5630 in
781 5556 1069 5630 Philocalia
1096 5569 1149 5612 et
1183 5574 1311 5615 mss.
1342 5554 1625 5630 reperitur.

460 5626 575 5691 (89)
596 5625 906 5704 _Ppilocalia
936 5638 992 5704 et.
1023 5625 1432 5704 duo_Va_tica_ni',
1467 5631 1698 5704 ἤλλαξαν
1733 5631 1830 5704 τήν
1860 5630 1945 5685 δό-

395 5698 487 5773 εαν
531 5693 623 5773 τοῦ
652 5693 927 5773 ἀφθάρτου
946 5698 1110 5773 θεοῦ.
1137 5698 1194 5753 1η
1231 5701 1395 5773 liegio
1421 5693 1810 5765 ct'Basileensi',
1847 5718 1945 5771 pro

392 5757 645 5829 ἤλλαξαν,
682 5757 871 5831 legitur
911 5767 1221 5835 ἠλλάξαντο.
1272 5757 1339 5826 Ιιι⁷
1364 5771 1511 5828 libris
1546 5783 1719 5829 autem
1790 5757 1944 5828 antea

2059 5278 2219 5335 editis
2251 5275 2401 5331 deest
2426 5273 2717 5345 ἀφθάρτου.

2132 5348 2244 5418 (90)
2284 5341 2595 5421 Philocalia,
2628 5342 2872 5414 ἐπιζητεῖ
2910 5342 3035 5405 τοὺς
3064 5342 3384 5413 κάμνοντας,
3419 5343 3486 5398 ἵν’
3513 5341 3609 5398 αὕ-
3662 5399 3679 5421 υ,

2055 5423 2168 5482 τοῖς
2198 5417 2538 5488 προσαγάγῃ·
2703 5483 2722 5488 _
2853 5482 2866 5488 -
3065 5484 3149 5488 _-
3282 5440 3291 5450 '

2122 5482 2254 5557 (91)
2279 5482 3025 5557 Ἀᾅλὰέὲεραζωδεστέρουᾳ
3053 5484 3243 5540 Guieto
3267 5483 3604 5557 serihendum

2051 5554 2277 5618 videtur.
2306 5555 2441 5610 ἀλλά
2487 5554 2954 5625 καταδεεστέρους.
2988 5557 3052 5608 Et
3080 5570 3206 5626 sane
3248 5554 3328 5616 τὸ,
3367 5570 3606 5626 τερατω-

2048 5629 2348 5700 δεστέρους,
2379 5628 2464 5700 hic
2492 5626 2691 5700 nullum
2717 5624 3089 5700 habet-locum.
3120 5624 3449 5700 Paulo_infra
3482 5624 3606 5700 Phi:

2052 5692 2260 5762 localia,
2286 5699 2349 5749 ὲκ
2374 5695 2481 5766 τῶν
2512 5693 2763 5766 τοιούτων
2797 5692 3073 5765 βούλομαι,
3107 5706 3156 5749 ct
3184 5696 3346 5765 paulo
3386 5704 3504 5763 post
3521 5696 3601 5766 ,τῇ

2055 5767 2322 5838 ἀσφαλείᾳ
2354 5765 2460 5820 τῶν
2492 5764 2842 5832 αἰνιγμάτων.
