3986 6164
322 347 464 401 ⁴οΠ

337 482 458 524 των,
499 459 590 514 καὶ
631 456 738 510 τῶν
773 455 887 525 μετ’
927 449 1270 524 ἐπικρύψεως
1308 446 1612 519 εἰρημένων
1657 446 1713 497 ἐν
1748 443 1895 513 νόμῳ
1923 449 1965 503 Α

334 556 426 610 καί
469 552 772 624 προφήταις
818 547 912 600 καὶ
954 543 1320 613 Εὐαγγελίοις,
1352 534 1427 594 ὧν
1459 539 1532 603 ὡς
1572 539 1721 592 οὐδὲν
1753 536 1894 603 ἀξιό-

330 649 484 713 λογον
512 638 867 711 περιεχόντων
898 636 1007 707 (92)
1052 631 1560 703 καταπεφρόνηκας,
1592 629 1651 680 οὐ
1677 624 1895 694 βασανί-

334 752 432 798 σας
460 732 550 784 τὸν
576 733 631 783 ἐν
665 728 848 790 αὐτοῖς
874 725 1017 787 νοῦν,
1054 724 1172 795 μηδ’
1216 719 1471 774 εἰσελθεῖν
1503 715 1780 789 πειραθεὶς
1817 713 1895 776 εἰς

332 824 393 877 τὸ
426 821 667 891 βούλημα
695 816 801 869 τῶν
827 814 1173 886 γραψάντων.

416 912 567 966 Ἐπεί
601 911 656 963 δὲ
694 908 786 962 καὶ
824 907 958 978 μετά
993 905 1165 958 ταῦτα
1208 923 1228 956 ι
1265 899 1641 973 παραπλήσιον
1673 915 1691 949 ι
1735 895 1900 966 φησὶν

340 1023 360 1055 ι
396 1006 568 1056 ποιεῖν
596 1001 685 1053 τὸν
727 998 795 1051 τὰ
823 993 1248 1067 Χριστιανισμοῦ
1295 992 1613 1047 διδάσκοντα
1655 985 1729 1057 τῷ
1772 986 1897 1039 ὑπι-

338 1094 649 1165 σχνουμένῳ
676 1093 776 1164 μὲν
805 1090 932 1161 ὐγιῆ
964 1090 1134 1142 ποιεῖν
1166 1087 1234 1139 τά
1268 1084 1513 1156 σώματα,
1543 1079 1900 1151 ἀποτρέποντι

336 1188 392 1240 δὲ
419 1186 510 1239 τοῦ
545 1184 831 1257 προσέχειν
865 1185 975 1245 τοῖς
1004 1179 1357 1249 ἐπιστήμοσιν
1387 1176 1609 1246 ἰατροῖς,
1642 1170 1718 1240 τῷ
1747 1169 1898 1235 ἐλέγ-

338 1276 527 1349 χεσθαι
566 1277 657 1328 ὐπ’
690 1274 864 1327 αὐτῶν
897 1271 994 1342 τὴν
1028 1268 1290 1323 ἰδιωτείαν
1323 1263 1483 1319 αὐτοῦ
1504 1281 1518 1294 ·
1566 1281 1584 1313 ι
1629 1261 1721 1313 καὶ
1765 1257 1901 1328 πρὸς

335 1347 505 1422 ταῦτα
530 1365 779 1438 ἐροῦμεν·
806 1363 968 1425 Τίνας
990 1361 1093 1432 φῂς
1124 1358 1357 1429 ἰατροὺς,
1384 1356 1475 1423 ἀφ’
1502 1347 1577 1407 ὧν
1600 1353 1735 1405 άποτ
1747 1350 1903 1421 ρέπο-

341 1477 438 1533 μεν
467 1459 590 1522 τοὺς
625 1456 867 1519 ἰδιώτας;
902 1454 974 1507 Οὐ
1005 1451 1111 1522 γάρ
1142 1450 1205 1520 δὴ
1248 1447 1644 1518 ὑπολαμϐάνεις
1673 1450 1782 1507 τοῖς
1814 1461 1903 1512 φι-

337 1547 620 1623 λοσοφοῦσι
649 1552 942 1624 προσάγειν
966 1548 1111 1618 ἡμᾶς
1128 1546 1228 1616 τὴν
1255 1547 1335 1608 εἰς
1362 1543 1451 1596 τὸν
1486 1540 1642 1607 λόγον
1674 1552 1902 1624 προτρο-

344 1649 469 1719 πὴν,
526 1646 591 1699 ἵν’
636 1642 876 1704 ἐκείνους
922 1637 1150 1710 νομίσῃς
1204 1632 1340 1689 εἶναι
1393 1633 1629 1704 ἰατροὺς,
1688 1629 1779 1698 ἀφ’
1829 1620 1902 1681 ὧν

342 1737 619 1806 άποτρέπο
627 1751 744 1805 μεν,
768 1731 861 1795 οὓς
877 1732 968 1783 ἐπὶ
989 1729 1078 1782 τὸν
1096 1728 1234 1780 θεῖον
1262 1725 1424 1780 καλοῦ
1435 1742 1529 1795 μεν
1544 1723 1717 1791 λόγον.
1745 1719 1901 1772 Ἤτοι

1524 320 1801 382 CONTRA
1831 318 2105 377 CELSUM
2143 314 2270 371 LIB.
2308 308 2392 366 Ill.

3417 293 3552 349 10:3

1998 437 2277 508 prophetis
2298 444 2353 487 et
2384 426 2691 498 Evangeliis
2720 425 2949 481 obscure
2981 422 3122 476 dicta
3155 425 3301 482 sunt,
3335 416 3550 483 assequi

1996 507 2237 587 valeant.
2284 527 2411 580 llzec
2463 522 2665 590 scripta
2710 528 2765 571 tu
2802 515 3019 585 quidem
3054 509 3362 581 aspernaris
3396 507 3552 576 quasi

1998 623 2133 679 nihil
2179 620 2408 690 alicujus
2436 612 2691 671 momenti
2726 610 3101 672 continerent;
3149 604 3243 660 sed
3280 603 3332 655 id
3375 601 3511 657 facis
3535 640 3553 668 ,

1995 717 2124 787 quia
2159 725 2431 781 nunquam
2470 720 2657 762 eorum
2702 700 3036 757 intellectum
3078 695 3422 766 inquisivisti,
3457 709 3555 747 nec

1998 821 2236 875 unquam
2266 804 2318 856 in
2358 815 2544 855 eorum
2580 804 2815 850 mentem
2850 796 3056 845 intrare
3084 797 3311 842 conatus
3335 800 3414 839 es.

2068 873 2156 949 7—5.
2208 893 2299 948 Ait
2329 901 2519 961 postea
2566 906 2585 938 ι
2617 883 3021 942 Christianismi
3072 882 3343 935 doctorem
3383 873 3560 931 simile

2000 987 2128 1057 quid
2163 984 2345 1039 facere
2390 981 2489 1046 illi,
2524 979 2612 1047 qni
2646 978 2931 1032 sanitatem
2965 987 3251 1040 corporum
3285 968 3557 1039 pollicitus

1999 1077 2312 1148 prohiberet
2342 1072 2631 1142 quominus
2682 1066 2839 1137 periti
2885 1064 3082 1119 medici
3128 1069 3558 1120 accerserentur,

2001 1182 2068 1221 ne
2099 1167 2179 1220 sic
2208 1180 2302 1218 sua
2332 1163 2652 1233 proderetur
2682 1154 3005 1226 imperitia.»
3045 1152 3141 1207 llic
3180 1168 3372 1205 rursus
3400 1151 3562 1203 inter-

2004 1273 2171 1328 rogo:
2217 1257 2365 1322 Quos
2415 1267 2609 1307 narras
2658 1250 2918 1311 medicos,
2963 1262 2993 1300 a
3046 1246 3243 1315 quibus
3285 1241 3561 1311 simplices

2004 1350 2345 1407 avertimus?
2392 1347 2507 1401 Non
2560 1343 2802 1414 profecto
2845 1340 3053 1395 dixeris
3103 1338 3338 1391 medicos
3378 1336 3496 1389 illos
3530 1350 3561 1393 a

2002 1443 2198 1511 quibus
2219 1455 2313 1495 eos
2343 1451 2639 1493 avocamus
2666 1449 2801 1504 quos
2836 1434 2901 1487 ad
2936 1431 3172 1484 divinam
3203 1440 3442 1482 nostram
3472 1441 3561 1481 re-

2016 1534 2269 1602 ligionem
2296 1532 2601 1591 hortamur,
2635 1542 2754 1581 esse
2791 1523 3158 1593 philosophos.
3195 1520 3379 1588 Neque
3416 1518 3558 1571 enim

2002 1636 2161 1696 putas
2187 1638 2278 1678 eos
2306 1621 2397 1692 qui
2426 1619 2779 1691 philosophiae
2810 1617 2940 1671 dant
2967 1628 3208 1682 operam,
3238 1628 3268 1665 a
3298 1611 3454 1665 nobis
3493 1608 3562 1663 ad

2003 1717 2318 1788 religionem
2346 1712 2774 1781 amplectendam
2799 1706 3105 1777 provocari.
3131 1704 3238 1758 Aut
3261 1703 3420 1771 igitur
3471 1714 3568 1752 ne-

339 1826 430 1883 οῦν
465 1792 564 1880 όύκ
608 1792 957 1895 ἀποκρίνεται
1005 1819 1077 1891 μὴ
1120 1819 1256 1889 ἔχων
1285 1792 1461 1885 λέγειν
1502 1816 1627 1878 τοὺς
1666 1813 1898 1884 ἰατροὺς,

2004 1810 2182 1866 sciens
2202 1808 2421 1877 quinam
2447 1804 2523 1858 illi
2554 1800 2747 1857 medici
2772 1802 2898 1865 sint,
2932 1813 3037 1852 non
3061 1792 3443 1866 respondebit,
3473 1798 3567 1845 aut

339 1915 374 1988 ἢ
402 1919 614 1987 ἀνάγκη
638 1914 798 1969 αὐτὸν
820 1911 1180 1980 καταφεύγειν
1209 1910 1299 1961 ἐπὶ
1323 1908 1447 1971 τούς
1477 1904 1705 1968 ἰδιώτας,
1735 1904 1783 1957 οἳ
1808 1902 1903 1956 καὶ

342 2008 492 2061 αὐτοί
540 2004 888 2078 περιηχοῦσιν
937 1998 1357 2070 ἀνδραποδωδῶς
1401 1998 1468 2052 τά
1521 1997 1648 2068 περί
1696 1995 1903 2049 πολλῶν

342 2098 498 2163 θεῶν,
537 2098 630 2150 καὶ
674 2097 774 2148 ὅσα
808 2093 939 2148 ἀλλα
980 2092 1186 2161 λέγοιεν
1231 2090 1296 2144 ἂν
1341 2090 1562 2143 ἰδιῶται.
1603 2086 1904 2158 Ἐκατέρως

340 2188 431 2245 οῦν
458 2188 839 2259 ἐλεγχθήσεται
873 2186 1046 2258 μάτην
1074 2181 1403 2256 παραλαϐὼν
1445 2184 1502 2236 ἐν
1539 2180 1617 2251 τῷ
1642 2179 1785 2251 λόγῳ
1813 2178 1905 2232 τὸν

343 2281 715 2352 ἀποτρέποντα
753 2278 861 2331 τῶν
906 2276 1284 2347 ἐπιστημόνων
1330 2273 1547 2346 ἰατρῶν.
1582 2273 1699 2325 ’Ἰνα
1730 2271 1787 2325 δὲ
1812 2270 1906 2324 καὶ

340 2373 443 2429 ἀπὸ
483 2372 581 2441 τῆς
623 2368 945 2442 Ἐπικούρου
989 2368 1097 2438 (95)
1141 2366 1477 2435 φιλοσοφίας,
1521 2363 1752 2417 καὶτῶν
1785 2364 1905 2417 κατ’

351 2464 666 2533 Ἐπίκουρον
706 2460 1071 2532 νομιζομένων
1122 2458 1323 2529 ἰατρῶν
1355 2456 1463 2529 (94)
1511 2456 1907 2527 ἀποτρέπωμεν

337 2556 463 2616 τοὺς
496 2556 552 2606 ἐν
592 2551 816 2614 ἐκείνοις
848 2550 1255 2619 ἀπατωμένους,
1292 2547 1410 2610 πῶς
1440 2547 1538 2599 οὐκ
1568 2545 1907 2614 εὐλογώτατα

342 2645 655 2715 ποιήσομεν,
684 2640 1004 2709 ἀφιστάντες
1034 2638 1187 2691 νόσου
1216 2637 1473 2709 χαλεπῆς,
1496 2639 1560 2708 ἣν
1588 2635 1908 2705 ἐνεποίησαν

341 2736 388 2787 οἰ
421 2734 626 2787 Κέλσου
662 2734 865 2805 ἰατροὶ,
899 2732 997 2803 τῆς
1023 2731 1163 2785 κατά
1200 2730 1297 2802 τὴν
1341 2730 1617 2801 ἀναίρεσιν
1647 2729 1742 2799 τῆς
1778 2744 1909 2797 προ-

343 2825 488 2888 νοίας
530 2824 625 2877 καὶ
660 2824 966 2894 εἰσαγωγὴν
996 2822 1097 2892 τῆς
1138 2822 1334 2892 ἡδονῆς
1362 2820 1439 2884 ὡς
1478 2820 1714 2889 ἀγαθοῦ;
1750 2812 1910 2873 ”Αλλ’

341 2916 500 2979 εστω,
559 2915 758 2987 ἰατρῶν
814 2916 959 2986 ἡμᾶς
1010 2914 1184 2968 ἄλλων
1237 2912 1536 2981 φιλοσόφων
1597 2912 1910 2981 ἀφιστάνειν

341 3006 582 3072 τούτους,
630 3006 722 3070 οὒς
770 3006 1149 3078 προτρέπομεν
1193 3006 1284 3058 ἐπὶ
1318 3005 1406 3059 τὸν
1442 3005 1705 3078 ἡμέτερον
1731 3003 1907 3073 λόγον,

341 3101 449 3155 τῶν
477 3099 581 3153 ἀπὸ
614 3098 707 3151 τοῦ
735 3099 1043 3171 Περιπάτου
1080 3098 1211 3168 (95),
1244 3094 1608 3168 ἀναιρούντων
1638 3095 1735 3166 τὴν
1770 3094 1907 3166 πρὸς

2005 1901 2125 1956 illos
2148 1901 2292 1954 inter
2326 1897 2613 1965 imperitos
2640 1902 2845 1963 quaerat
2874 1905 3100 1945 necesse
3125 1897 3227 1950 est,
3258 1884 3351 1954 qui
3383 1893 3562 1938 tamen

2002 2002 2057 2049 et
2084 1993 2185 2063 ipsi
2210 1993 2442 2062 turpiter
2464 1988 2760 2043 multorum
2782 1987 3002 2041 deorum
3031 1982 3230 2037 cultum
3251 1979 3563 2050 perdocent,

2008 2095 2063 2140 et
2096 2081 2356 2153 quidquid
2388 2080 2454 2133 ab
2490 2077 2754 2148 imperitis
2780 2074 3203 2144 exspectandum
3237 2079 3342 2125 est.
3376 2066 3564 2123 Utrin-

2004 2191 2109 2245 que
2140 2188 2271 2243 ergo
2293 2185 2547 2242 peccasse
2588 2169 2858 2238 arguitur,
2899 2180 3020 2220 cum
3043 2163 3291 2231 exemplo
3328 2174 3457 2214 usus
3483 2165 3568 2211 est

2006 2265 2265 2328 hominis,
2315 2262 2411 2333 qui
2463 2276 2495 2314 ιι
2539 2260 2731 2330 peritis
2762 2257 2986 2312 medicis
3027 2262 3318 2310 averteret.
3365 2250 3566 2305 Verum

2005 2359 2111 2414 etsi
2154 2359 2221 2413 ab
2269 2355 2490 2426 Epicuri
2539 2352 2879 2422 pltilOSOphia
2922 2348 3308 2420 Epicureisque
3340 2341 3569 2397 medicis

2004 2464 2099 2505 eos
2126 2462 2444 2504 revocamus
2467 2445 2559 2515 qui
2586 2445 2655 2499 ab
2680 2443 2786 2496 illis
2812 2441 2863 2495 in
2892 2454 3129 2494 errorem
3148 2434 3393 2508 perducti
3416 2442 3565 2500 sunt,

2006 2556 2185 2597 nonne
2209 2540 2508 2609 justissima
2536 2537 2603 2592 de
2645 2553 2809 2593 causa
2838 2536 3068 2591 facimus
3096 2531 3119 2586 ?
3150 2530 3241 2585 Sic
3268 2528 3411 2584 enim
3444 2525 3567 2583 illos

2006 2643 2248 2691 tutamur
2303 2648 2331 2686 a
2363 2634 2514 2702 gravi
2553 2633 2766 2696 morbo,
2807 2630 2859 2684 in
2904 2642 3060 2697 quem
3100 2625 3222 2678 illos
3265 2622 3569 2692 iniecerunt

2008 2727 2206 2783 medici
2240 2726 2403 2792 Celsi,
2433 2742 2554 2781 cum
2585 2724 2978 2796 providentiam
3006 2719 3290 2782 sustulere,
3328 2726 3383 2771 et
3415 2729 3564 2769 cem-

2014 2820 2181 2874 menti
2206 2826 2333 2874 sunt
2359 2833 2625 2871 sumnmm
2656 2818 2853 2870 bonum
2884 2828 3005 2867 esse
3047 2812 3397 2879 voluptatem.
3433 2806 3566 2860 Esto

2008 2912 2170 2967 etiam
2203 2911 2581 2981 prohibeamus
2602 2924 2690 2973 ne,
2720 2922 2854 2976 quos
2884 2906 2949 2959 ad
2982 2913 3219 2959 nostram
3252 2900 3565 2971 religionem

2010 3002 2301 3065 allicimus,
2350 3000 2384 3054 ii
2438 3000 2765 3053 medicorum
2822 2996 2941 3051 loco
2995 2996 3237 3049 habeant
3266 2991 3566 3060 aliquarum

2010 3104 2279 3150 sectarum
2326 3092 2706 3162 philosophos,
2754 3090 2904 3145 verbi
2951 3102 3114 3143 causa
3156 3083 3567 3153 Peripateticos,

344 3186 489 3256 ἡμᾶς
529 3186 801 3258 πρόνοιαν,
837 3189 930 3241 καὶ
960 3187 1058 3259 τὴν
1088 3187 1268 3266 σχέσιν
1306 3186 1438 3256 πρὸς
1465 3185 1783 3259 ἀνθρώπους
1807 3184 1900 3237 τοῦ

2006 3185 2096 3255 qui
2128 3182 2219 3237 Dei
2253 3198 2384 3251 erga
2419 3198 2519 3237 nos
2553 3180 2972 3251 providentiam,
3003 3177 3277 3244 ullamque
3301 3173 3445 3227 illius
3467 3185 3567 3223 no-

345 3277 528 3329 Θείου·
556 3279 670 3341 πῶς
701 3279 819 3348 οὐχὶ
852 3280 1090 3342 εὐσεϐεῖς
1116 3278 1223 3349 (96)
1257 3279 1353 3349 μὲν
1383 3280 1545 3349 ἡμεῖς
1567 3279 1907 3332 κατασκευά-

351 3385 532 3440 σομεν,
588 3370 679 3423 καὶ
746 3370 1148 3441 θεραπεύσομεν
1193 3372 1318 3433 τούς
1370 3371 1902 3441 προτετραμμένους,

348 3460 622 3524 πείθοντες
650 3462 844 3524 αὐτοὺς
870 3461 1180 3514 ἀνακεῖσθαι
1309 3461 1400 3514 ἐπὶ
1428 3461 1558 3514 πᾶσι
1580 3460 1715 3531 Θεῷ,
1740 3463 1907 3532 μεγά-

344 3548 452 3600 λων
484 3549 541 3603 δὲ
569 3549 912 3620 τραυμάτων,
944 3549 1051 3603 τῶν
1074 3549 1179 3603 άπὸ
1211 3548 1382 3617 λόγων
1414 3547 1780 3619 νομιζομένων
1816 3568 1901 3617 φι-

343 3638 603 3707 λοσόφων,
663 3638 1077 3709 ἀπαλλάσσομεν
1129 3639 1256 3701 τοὺς
1326 3638 1678 3708 πειθομένους
1732 3641 1903 3709 ἠμῖν;

354 3728 511 3783 Ἀλλὰ
545 3731 637 3782 καὶ
661 3729 850 3794 ἄλλους
880 3729 1106 3783 δεδόσθω
1132 3731 1280 3801 ἡμᾶς
1312 3729 1641 3801 ἀποτρέπειν
1676 3732 1783 3784 ἀπὸ
1829 3733 1909 3783 ἰα-

341 3818 483 3889 τρῶν
520 3820 774 3873 Στωϊκῶν
820 3820 951 3890 (97),
992 3818 1123 3873 Θεὸν
1167 3817 1399 3893 φθαρτὸν
1447 3822 1787 3889 εἰσαγόντων,
1816 3821 1909 3874 καὶ

341 3910 439 3981 τὴν
467 3912 652 3964 οὐσίαν
676 3911 837 3965 αὐτοῦ
866 3912 1129 3981 λεγόντων
1166 3913 1323 3984 σῶμα
1349 3914 1580 3987 τρεπτὺν
1601 3913 1771 3967 διόλου
1796 3913 1905 3985 (98)

344 4004 439 4056 καὶ
475 4003 757 4057 ἀλλοιωτὸν
783 4004 875 4057 καὶ
904 4005 1254 4075 μεταϐλητὸν,
1283 4004 1373 4057 καί
1396 4022 1523 4057 ποτε
1552 4006 1723 4059 πάντα
1761 4006 1909 4075 φθει-

346 4096 546 4167 ρόντων
574 4096 666 4148 καὶ
694 4095 849 4165 μόνον
876 4094 965 4146 τὸν
993 4094 1123 4147 θεὸν
1168 4096 1573 4149 καταλιπόντων
1590 4113 1603 4125 ·
1644 4096 1760 4159 πῶς
1788 4098 1909 4167 οὐχ).

343 4185 439 4239 καὶ
469 4185 610 4239 οὕτω
635 4186 814 4239 κακῶν
843 4186 938 4256 μὲν
960 4186 1338 4255 ἀπαλλάξομεν
1380 4187 1507 4249 τοὺς
1535 4186 1906 4257 πειθομένους,

345 4275 688 4347 προσάξομεν
714 4277 757 4330 δ’
799 4277 1011 4329 εὐσεϐεῖ
1032 4275 1173 4347 λόγῳ
1203 4275 1278 4347 τῷ
1319 4277 1446 4349 περὶ
1473 4274 1565 4328 τοῦ
1593 4277 1908 4330 ἀνακεῖσθαι

341 4369 421 4441 τῷ
455 4369 787 4441 δημιουργῷ,
823 4368 915 4422 καὶ
959 4367 1255 4439 θαυμάζειν
1283 4368 1373 4421 τὸν
1404 4369 1614 4439 πατέρα
1635 4362 1735 4438 τῆς
1775 4369 1910 4440 Χρι-

344 4462 576 4516 στιανῶν
590 4460 950 4525 διδασκαλίας,
970 4457 1453 4531 φιλανθρωπότατα
1471 4459 1904 4531 ἐπιστρεπτικὸν,

414 4670 525 4738 (92)
567 4668 876 4743 Pbilocalia,
908 4666 1162 4743 ἐχόντων.

415 4733 522 4809 (9'5)
568 4733 989 4807 ’meoﬁp'ov."\
1007 4738 1091 4809 ide
1119 4750 1277 4805 supra
1303 4733 1677 4790 adnotationes
1699 4734 1765 4789 ad
1799 4734 1890 4792 lib.

348 4823 365 4861 ι
394 4820 573 4862 contra
612 4810 773 4870 Cels.,
809 4825 951 4861 ntttn.
979 4808 1070 4861 21.

420 4880 527 4948 (94)
547 4876 967 4949 ’Νομιζομένιιηι
997 4874 1227 4943 ἰατρῶν,
1255 4883 1358 4949 etc.
1391 4874 1481 4930 Sic
1508 4883 1654 4929 recte
1675 4875 1895 4930 omnino

347 4946 513 5002 codex
542 4946 781 5001 Julianus
813 4949 1043 5002 secunda
1072 4963 1253 4999 manu.
1273 4947 1421 5000 Alias
1447 4953 1720 5011 corrupte,
1749 4962 1896 5015 νομι-

348 5016 591 5087 ζομένοις
630 5017 1011 5085 Ἐπικουρείοις
1039 5015 1252 5087 ἰατρῶν.
1276 5015 1596 5087 Bnlterellns
1618 5015 1895 5087 legendum

348 5083 586 5152 conjicit,
628 5083 988 5156 νομιζομένων
1021 5083 1406 5156 ἐπιστημόνων
1442 5083 1656 5155 ἰατρῶν.
1675 5083 1895 5156 Ίίιίάειη

347 5172 535 5211 omnes
584 5154 711 5226 mss.
743 5154 904 5226 recte,
936 5155 1052 5218 πῶς
1090 5154 1558 5223 οὐκεύλογώτατα
1589 5154 1903 5226 ποιήσομεν.

344 5228 514 5288 Alias,
546 5225 661 5289 πῶς
696 5223 1032 5296 εὐλογώτατα
1061 5226 1391 5296 ποιήσωμεν,
1420 5225 1576 5296 male.

417 5296 527 5367 (95)
568 5294 914 5367 Περιπάτου.
949 5293 1676 5367 Videsupraatlnotationes
1706 5294 1772 5347 ad
1809 5293 1903 5350 lib.

344 5383 363 5423 ι
387 5363 567 5420 contra
603 5365 826 5428 Celsum,
860 5380 1003 5416 num.
1028 5363 1119 5418 2|.

416 5438 527 5503 (96)
568 5434 700 5501 Πῶς
729 5434 865 5502 οὐχὶ
891 5431 1506 5503 εὐσεϐεῗςᾛοιιθι-θιιιιε
1535 5432 1757 5498 mavult,
1788 5433 1905 5496 πῶς

344 5507 465 5576 οὐχί
492 5502 750 5568 εὐσεϐῶς,
774 5519 833 5576 _et
863 5504 939 5576 ita
966 5504 1161 5576 legisse
1190 5503 1397 5576 videtur
1418 5502 1691 5576 Gelenius.

418 5571 528 5648 ('97)
571 5573 862 5630 Στωϊκῶν.
900 5571 1717 5648 _V_ide_adnotationes_ad_lib._t,
1754 5587 1903 5648 num.

343 5641 445 5711 2b;
483 5648 575 5699 lib.
602 5661 672 5706 tv,
718 5662 864 5699 num.
894 5643 959 5697 l4
996 5653 1050 5697 et
1091 5643 1180 5695 68.
1225 5641 1494 5711 Plutarch.
1543 5642 1594 5695 in
1648 5642 1782 5695 libro
1826 5644 1901 5695 De

2010 3275 2215 3329 biscum
2244 3283 2442 3345 negant
2471 3288 2591 3328 esse
2623 3270 3078 3327 necessitudinem
3107 3287 3119 3322 :
3152 3282 3327 3321 nonne
3349 3264 3571 3333 pietatis

2005 3366 2243 3423 oflicium
2275 3376 2377 3429 est,
2425 3365 2548 3420 illos
2590 3364 2822 3429 institui,
2850 3363 3053 3425 curari,
3092 3357 3467 3430 persuadendo
3507 3363 3565 3408 ut

2006 3476 2063 3516 se
2108 3469 2250 3515 totos
2294 3459 2404 3514 Deo
2438 3474 2619 3513 rerum
2659 3458 2899 3514 omnium
2939 3451 3278 3508 devoveant?
3304 3446 3557 3515 Quando-

2006 3551 2222 3619 quidem
2262 3550 2340 3603 sic
2375 3564 2573 3617 magna
2602 3547 2825 3601 vulnera
2860 3551 3144 3605 sanantur,
3176 3555 3297 3609 qua:
3320 3538 3560 3608 philoso—

2008 3639 2234 3707 phorum
2286 3636 2497 3692 illorum
2544 3636 2798 3689 doctrina
2847 3632 3120 3687 intulerat.
3167 3628 3302 3682 Volo
3356 3637 3411 3681 et
3468 3641 3569 3680 nos

2010 3729 2274 3799 impedire
2318 3728 2607 3799 quominus
2649 3727 2890 3781 medicos
2937 3723 3134 3778 adeant
3182 3722 3424 3783 Stoicos,
3473 3717 3569 3789 qui

2011 3823 2174 3876 Deum
2209 3818 2736 3890 corruptiorti497
2788 3817 3103 3881 obnoxium,
3152 3812 3268 3882 ejus
3318 3821 3567 3867 naturam

2009 3924 2324 3979 corpoream
2375 3924 2603 3977 eamque
2651 3907 2966 3961 mutabilem
3000 3913 3055 3960 et
3086 3906 3327 3959 omnium
3370 3901 3569 3955 forma-

2016 4018 2133 4057 rum
2182 4015 2440 4071 capacem
2485 4001 2748 4055 inducunt
2788 4001 3091 4066 docentque
3135 3994 3336 4057 omnia,
3375 4002 3571 4063 praeter

2012 4094 2204 4157 Deum,
2251 4108 2372 4147 esse
2405 4092 2683 4161 peritura;
2716 4090 2899 4161 quidni
2936 4091 3101 4144 etiam
3138 4102 3167 4140 a
3214 4085 3378 4139 tantis
3410 4081 3571 4137 malls
3660 4110 3661 4113 η

2015 4195 2234 4239 nostros
2274 4184 2693 4249 removebimus,
2725 4182 2915 4251 bisque
2954 4181 3135 4251 potius
3165 4178 3269 4248 piis
3302 4176 3570 4230 institutis

2010 4276 2441 4343 informabimus,
2479 4289 2806 4330 consecrare
2860 4289 2917 4328 se
2952 4269 3222 4327 conditori
3266 4269 3487 4331 debere,
3516 4276 3572 4320 et

2012 4368 2274 4423 admirari
2320 4368 2650 4423 Christianae
2680 4366 2940 4422 doctrina:
2971 4374 3271 4436 parentem,
3305 4361 3398 4432 qui
3438 4377 3567 4415 con-

2010 4460 2287 4514 vertendis
2319 4459 2605 4515 animabus
2631 4458 2861 4523 curavit,
2890 4466 2948 4511 ut
2968 4456 3354 4526 benignissima
3385 4455 3437 4507 in
3473 4453 3574 4508 ho-

1933 4673 1975 4729 D
2007 4665 2144 4748 πλὴν
2194 4663 2288 4748 τοῦ
2337 4664 2507 4748 πυρὸς
2548 4664 2822 4748 άφθαρτον
2873 4659 3008 4718 εἶναι
3036 4662 3172 4748 ’τῶν
3211 4661 3381 4723 Θεῶν,
3409 4660 3568 4748 ’ἀλλά

2002 4732 2207 4819 πάντας
2224 4732 2470 4819 έδμαλῷς
2498 4732 2607 4817 καί
2635 4732 2920 4819 γεγονότας
2945 4735 3057 4819 ’καὶ
3106 4732 3569 4819 φθαρησρμένους.

2001 4809 2181 4863 Ταῦτα
2221 4802 2299 4859 δὲ’
2320 4807 2614 4877 πανταχοῦ,
2643 4802 2721 4869 ὡς
2749 4806 2877 4869 ἔπος
2913 4807 3103 4866 εἰπεῖν,
3132 4802 3245 4877 far.“
3273 4802 3435 4855 αὐτοῦ
3481 4802 3570 4856 λέ-

1999 4896 2173 4950 γεται.
2214 4873 2608 4950 Παραθήσομαι
2650 4877 2708 4931 δέ
2754 4877 2897 4950 λέξιν
2941 4877 3015 4950 ἐκ.
3065 4873 3158 4929 τοῦ
3209 4874 3393 4950 τρίτου
3430 4874 3572 4950 Περί

2001 4944 2153 5008 θεῶν
2176 4944 2713 5018 καθ’ἶέτερονλόγον.
2739 4950 2800 5003 Oi
2828 4945 3064 5018 μὲνγὰρ
3096 4944 3312 5018 γενητοί
3341 4945 3446 4995 εἰσι
3478 4946 3573 4999 καί

2003 5019 2260 5093 φθαρτοί·
2294 5021 2342 5093 οἱ
2371 5015 2429 5073 δὲ
2465 5015 2738 5093 ἀγένητοι.
2787 5039 2803 5070 ι
2831 5015 3017 5093 Nullus
3037 5015 3126 5093 est
3163 5015 3322 5086 igitur
3355 5030 3419 5069 ex
3455 5030 3574 5093 om?

2006 5085 2163 5146 nibus
2194 5092 2476 5160 Antipatro
2511 5085 2863 5159 Chrysippus.
2892 5088 2991 5143 Hic
3017 5087 3159 5140 enim
3197 5094 3423 5160 excepto
3457 5085 3563 5151 igni

2012 5162 2212 5216 nullum
2250 5157 2413 5215 Deum
2451 5170 2604 5229 putat
2629 5157 2852 5213 interitu
2904 5172 3146 5229 carere:
3195 5157 3310 5229 sed
3340 5162 3568 5229 creterris

2010 5247 2198 5286 omnes
2230 5247 2382 5301 teque
2410 5220 2464 5285 et
2504 5240 2658 5285 natos
2686 5240 2739 5285 et
2769 5230 3030 5284 obituros.
3078 5228 3253 5301 Atque
3299 5224 3417 5301 hoc.
3453 5220 3567 5301 fere

2009 5304 2207 5369 passim
2234 5290 2308 5355 ab'
2333 5316 2398 5356 eo
2426 5304 2641 5358 dicitur.
2672 5301 2845 5355 Verba
2878 5310 3059 5369 tamen
3092 5290 3205 5369 ejus
3231 5309 3261 5346 e
3300 5291 3456 5369 ter-tio
3490 5290 3564 5345 De

2006 5360 2110 5426 diis
2146 5373 2281 5428 libro
2310 5374 2600 5427 ascribam.
2648 5371 2767 5425 Alia
2818 5386 2998 5439 porro,
3048 5360 3429 5440 inqttit._ratio
3482 5374 3563 5440 est

2006 5444 2225 5497 deorum
2304 5441 2406 5498 Alii
2468 5444 2614 5498 enim
2659 5442 2769 5495 nati
2818 5430 3071 5502 ἔμπυοί
3116 5430 3426 5502 {merituri}
3475 5430 3560 5483 alii

2006 5514 2116 5567 nati
2168 5530 2272 5570 non
2310 5525 2498 5571 sunt.»
2553 5511 2690 5568 Vide
2737 5499 2972 5572 ibidem,
3023 5519 3144 5576 pag.
3182 5500 3339 5558 £052.
3393 5499 3561 5555 Spuri:-

2005 5598 2127 5639 CER.
2423 5629 2428 5635 .

2078 5655 2188 5727 (98)
2228 5656 2458 5711 Διόλου.
2508 5654 2586 5709 lta
2639 5649 2795 5707 codd.
2844 5646 3044 5719 Regius
3092 5654 3145 5701 et
3215 5640 3561 5700 Basileeztsis.

346 5706 643 5794 δῑόᾶςοίμηι
687 5714 1086 5794 repttgnantjis}
1116 5712 1301 5794 ρύδεὶς
1345 5706 1434 5765 οὖν
1463 5713 1588 5794 ,ἐστι
1620 5711 1727 5766 τῶν
1760 5712 1898 5765 πάν-

2004 5706 2263 5794 Αιΐᾶἐίδῦ
2275 5706 2436 5782 616v.

346 5803 452 5839 των
476 5788 499 5838 ὁ
529 5782 843 5855 Χρύσιππος
865 5784 981 5838 κατ’
1016 5783 1384 5853 Ἀντίπατρον.
1410 5783 1574 5837 Οὐδὲν
1601 5782 1709 5854 γάρ
1729 5782 1897 5836 οἴεται
