3986 6164
424 274 558 328 £013

1864 274 2184 333 ORIGENIS

3521 261 3679 317 1033

426 390 633 442 mtuum
666 406 837 461 genus
885 408 1044 447 omne
1074 395 1398 450 documenta
1431 402 1837 467 spargerentur.
1877 398 1989 452 Etsi

2096 397 2187 448 καὶ
2233 393 2415 463 ψυχῶν
2465 392 2755 462 μαθήματα
2800 389 2909 459 (99)
2958 388 3386 458 οἰκονομήσαντα
3427 385 3673 437 ἐπισπα-

421 494 681 549 pr'aeterea
720 484 983 537 medicam
1026 485 1131 539 illis
1160 500 1315 555 opem
1352 486 1639 554 an‘eramus
1672 489 1761 556 qui
1807 504 1837 541 a
1873 504 1987 542 me-

422 574 562 627 tiicis
590 583 837 626 naturam
874 575 1097 629 rationis
1129 588 1433 645 compotem
1454 619 1469 642 ,
1495 580 1653 633 modo
1694 579 1744 631 iu
1778 580 1989 633 ratione

429 678 666 729 cassam,
712 666 870 718 modo
918 667 969 717 in
1014 668 1307 735 imaginum
1347 670 1559 723 artiﬁce
1606 669 1865 723 facultate
1894 686 1988 725 ca-

420 765 625 809 rentem
664 757 1052 827 relegantibus,
1076 761 1265 813 insana
1301 761 1392 814 illa
1426 766 1725 816 animarum
1762 766 1811 816 iu
1838 765 1985 817 varia

420 859 647 911 corpora
688 849 1193 916 transmigrationis
1239 852 1493 919 opinione
1539 852 1785 906 iulatuati
1819 864 1986 917 sunt;

430 952 606 990 auuou
640 939 836 992 animm
865 956 1056 993 eorum
1103 942 1403 996 redduntur
1436 944 1713 1007 meliores,
1756 960 1876 997 cum
1910 945 1990 998 eis

420 1031 835 1096 persuademus,
872 1047 978 1085 non
1016 1048 1179 1086 sensu
1212 1044 1267 1088 et
1310 1036 1521 1089 ratione
1559 1037 1757 1103 privari
1794 1036 1991 1103 impro—

418 1121 544 1176 bum
573 1136 694 1174 cum
721 1124 942 1189 punitur
970 1141 984 1187 ;
1022 1125 1115 1177 sed
1141 1127 1318 1193 potius
1343 1125 1553 1180 labores
1588 1144 1618 1181 a
1650 1128 1757 1183 Deo
1808 1128 1988 1194 injun-

418 1226 537 1266 l'lOS
571 1228 867 1281 pinnasque
898 1214 1131 1269 inﬂictas
1163 1218 1441 1286 improbis,
1467 1233 1584 1272 esse
1616 1219 1848 1273 remedia
1871 1219 1990 1287 qui-

420 1302 519 1357 bus
578 1305 643 1357 ad
705 1304 855 1357 illum
915 1307 1183 1358 emendati
1239 1308 1625 1361 revertantur?
1672 1308 1793 1362 llmc
1845 1310 1987 1362 enim

420 1394 717 1461 prudentes
750 1394 1042 1449 Christiani
1082 1397 1361 1465 cogitant;
1399 1399 1485 1453 his
1515 1400 1896 1467 simpliciores,
1931 1410 1991 1454 ut

421 1498 603 1552 patres
628 1486 906 1553 parvulos,
942 1486 1220 1542 erudiunt.
1254 1487 1367 1542 Non
1404 1491 1567 1559 igitur
1597 1492 1855 1560 parvulis,
1886 1506 1989 1545 non

422 1577 663 1643 rusticis,
694 1591 796 1630 non
832 1577 995 1631 fatuis
1029 1590 1276 1633 auctores
1306 1595 1516 1645 sumus,
1555 1593 1612 1635 ut
1642 1585 1879 1638 medicos
1910 1585 1993 1637 l'u-

423 1670 578 1737 giant
609 1687 622 1722 :
650 1685 755 1723 nou
796 1670 900 1724 illis
928 1670 1195 1725 dicimus:
1233 1692 1250 1723 ι
1290 1673 1487 1727 Cavete
1508 1690 1575 1728 ne
1605 1676 1726 1742 quis
1752 1688 1989 1731 vestrum

2094 487 2249 557 ρῆναι
2282 485 2386 555 ὅλῳ
2415 484 2491 554 τῷ
2513 483 2620 535 τῶν
2653 481 2949 553 ἀνθρώπων
2978 479 3158 548 γένει;
3210 477 3368 530 Ἀλλά
3397 476 3499 529 κᾶν
3532 476 3674 542 τοὺς

2092 576 2426 639 πεπονθότας
2459 574 2557 643 τὴν
2592 576 2716 645 περὶ
2757 574 2855 643 τῆς
2901 568 3437 641 μετενσωματώσεως
3478 569 3673 622 ἄνοιαν

2090 669 2196 722 ἀπὸ
2241 667 2458 737 ἰατρῶν,
2491 666 2596 718 τῶν
2632 664 3100 727 καταϐιϐαξόντων
3129 662 3226 730 τὴν
3250 659 3469 729 λογικὴν
3498 660 3671 726 φύσιν

2090 761 2180 811 ὁτὲ
2212 760 2309 830 μὲν
2344 760 2437 811 ἐπὶ
2472 759 2573 829 τὴν
2609 757 2797 824 ἄλογον
2833 757 3031 817 πᾶσαν,
3075 754 3162 806 ὁτὲ
3204 752 3259 805 δὲ
3291 753 3383 804 καὶ
3426 750 3517 802 ἐπὶ
3560 750 3668 820 τὴν

2090 852 2446 919 ἀφάνταστον,
2470 848 2855 919 θεραπεύωμεν
2885 846 2981 916 (1)·
3012 846 3129 908 πῶς
3159 845 3217 897 οὐ
3245 844 3518 914 βελτίονας
3542 846 3669 905 ταῖς

2088 942 2285 1011 ψυχαῖς
2320 940 2793 1008 κατασκευάσομεν
2823 939 2948 1000 τοὺς
2994 936 3345 1007 πειθομένους
3388 935 3552 1005 λόγῳ,
3598 935 3667 987 οὑ

2088 1034 2389 1086 διδάσκοντι
2423 1034 2519 1103 μὲν
2545 1034 2600 1084 έν
2642 1033 2913 1095 κολάσεως
2947 1031 3109 1102 μοίρᾳ
3137 1029 3214 1100 τῷ
3258 1029 3443 1099 φαύλῳ
3474 1029 3670 1080 ἀποδι-

2089 1125 2272 1177 δοσθαι
2317 1125 2667 1195 ἀναισθησίαν
2708 1124 2740 1194 ἣ
2785 1123 3025 1191 ἀλογίαν,
3071 1122 3389 1192 παριστάντι
3425 1121 3480 1173 δὲ
3522 1117 3669 1175 εἶναι

2088 1232 2208 1267 τινα
2236 1215 2501 1285 φάρμακα
2535 1213 2929 1286 ὲπιστρεπτικά
2952 1214 3075 1275 τοὺς
3104 1212 3209 1265 ἀπὸ
3233 1211 3367 1263 Θεοῦ
3390 1214 3503 1274 τοῖς
3525 1210 3666 1278 φαύ-

2089 1305 2199 1368 λοις
2243 1305 2683 1377 προσαγομένους
2708 1305 2899 1366 πόνους
2931 1304 3023 1355 καὶ
3048 1302 3145 1365 τὰς
3174 1302 3421 1364 κολάσεις
3445 1319 3459 1366 ;
3490 1302 3665 1357 Τοῦτο

2090 1396 2197 1465 γὰρ
2239 1399 2286 1448 οἱ
2326 1397 2600 1467 φρονίμως
2635 1396 2947 1465 Χριστιανοὶ
2986 1392 3184 1458 ζῶντες
3218 1394 3291 1463 ('2)
3337 1393 3662 1463 φρονοῦντες

2088 1488 2430 1557 οίκονομοῦσι
2464 1489 2591 1550 τοὺς
2636 1487 3051 1557 ἁπλουστέρους,
3090 1485 3165 1547 ὼς
3208 1486 3301 1537 καὶ
3334 1487 3381 1537 οἱ
3425 1485 3664 1554 πατέρες

2089 1581 2216 1643 τοὺς
2283 1580 2480 1650 κομιδῆ
2533 1579 2777 1649 νηπίους.
2834 1580 2907 1631 Οὐ
2962 1576 3376 1646 καταφεύγομεν
3423 1572 3516 1627 οῦν
3571 1578 3664 1631 ἐπὶ

2090 1673 2315 1743 νηπίους
2335 1672 2428 1724 καὶ
2446 1672 2683 1742 ἠλιθίους
2706 1672 3012 1742 ἀγροίκους,
3033 1671 3281 1737 λέγοντες
3304 1670 3504 1732 αὐτοῖς,
3529 1669 3663 1721 Φεύ-

422 1759 656 1827 attingat
702 1758 1031 1813 scientiam:
1075 1778 1094 1811 ι
1138 1775 1314 1829 neque
1354 1761 1583 1815 dicimus
1620 1764 1747 1831 quid
1786 1765 1985 1821 malum

2092 1780 2212 1831 γετε
2243 1763 2369 1827 τοὺς
2410 1763 2643 1833 ίατρούς·
2674 1763 2792 1815 οὐδὲ
2818 1761 3069 1831 λέγομεν,
3116 1780 3133 1811 ι
3197 1762 3387 1831 Ὁρᾶτε
3418 1761 3492 1830 μή
3527 1760 3661 1813 ποτέ

422 1862 543 1904 esse
568 1850 885 1915 scientiam;
926 1864 1102 1918 neque
1148 1866 1213 1905 eo
1256 1853 1480 1907 insaniae
1512 1857 1750 1923 provecti
1784 1872 1990 1923 sumus,

423 1950 483 1992 ut
515 1941 828 2010 Cognitioue
870 1956 1191 1997 censeamus
1223 1943 1470 1997 homines
1514 1945 1582 1997 ab
1618 1947 1811 1999 animae
1844 1948 1995 2001 sani-

422 2042 533 2085 tate
564 2035 826 2087 removeri
854 2052 869 2100 ;
897 2045 989 2087 aut
1027 2049 1356 2102 quemquam
1389 2051 1627 2105 unquam
1652 2053 1681 2091 a
1722 2039 1992 2107 sapientia

423 2123 591 2178 fuisse
615 2125 988 2193 depravatum.
1028 2126 1141 2181 Etsi
1174 2128 1451 2192 docemus,
1477 2143 1633 2182 nemo
1664 2139 1841 2183 tamen
1894 2146 1992 2184 no-

428 2226 604 2268 strum
678 2216 844 2271 dixit;
889 2235 908 2267 t
959 2216 1087 2272 Mihi
1144 2219 1496 2274 adhaerescile
1538 2235 1606 2272 ε»
1642 2223 1735 2275 sed
1788 2222 1987 2290 potius,

423 2304 530 2358 Deo
562 2321 741 2359 rerum
769 2309 1009 2362 onmium
1069 2312 1422 2365 adhaerescite
1456 2320 1508 2365 et
1536 2312 1660 2367 Jesu
1694 2313 1837 2369 illius
1862 2317 1989 2372 :do-

430 2397 625 2451 ctrina:
653 2398 859 2454 doctori
887 2418 900 2453 :
940 2417 1111 2470 neque
1139 2404 1298 2457 etiam
1320 2406 1607 2473 quisquam
1638 2416 1879 2461 nostrum
1911 2408 1986 2461 ita

420 2501 506 2543 est
553 2506 842 2559 arrogans,
881 2504 937 2547 ut
990 2496 1134 2548 dicat
1171 2498 1359 2564 sociis,
1397 2500 1541 2565 quod
1574 2508 1750 2551 tamen
1792 2500 1881 2553 uni
1917 2517 1987 2555 ex

426 2586 630 2640 nostris
683 2588 995 2643 doctoribus
1039 2591 1335 2662 assignavit
1363 2594 1598 2659 'Celsus,
1645 2612 1663 2645 ι
1702 2594 1810 2663 Ego
1840 2596 1988 2651 solus

418 2676 594 2730 salvos
617 2692 714 2731 vos
746 2678 957 2734 iaciant.
990 2699 1008 2730 ι
1045 2681 1178 2735 Vide
1210 2683 1373 2751 igitur
1402 2699 1567 2752 quam
1612 2685 1774 2737 multa
1799 2694 1986 2739 contra

420 2782 521 2822 nos
569 2773 884 2825 mentiatur.
933 2770 1046 2826 Nec
1085 2789 1319 2843 unquam
1373 2777 1575 2829 dictum
1607 2791 1636 2827 a
1680 2776 1835 2831 nobis
1879 2785 1985 2839 est,

422 2876 444 2909 ι
478 2874 508 2911 a
543 2861 689 2914 veris
725 2864 947 2916 medicis
998 2863 1230 2919 interﬁci
1266 2866 1514 2920 homines
1553 2866 1749 2936 quibus
1783 2868 1987 2922 sanita-

424 2960 533 3003 tem
579 2952 918 3019 polliceutur.
957 2973 976 3005 ι

494 3039 583 3096 76.
611 3043 771 3098 Aliud
815 3047 977 3099 etiam
1025 3056 1212 3101 contra
1263 3064 1363 3104 nos
1392 3050 1694 3117 exemplum
1744 3051 1983 3106 adhibet.

423 3149 447 3182 ι
486 3132 633 3187 ldem
667 3133 820 3199 facit,
858 3137 1055 3205 inquit,
1101 3140 1292 3193 doctor
1321 3142 1461 3194 inter
1506 3141 1649 3204 illos,
1690 3158 1752 3197 ac
1789 3145 1831 3197 si
1864 3146 1986 3213 quis

423 3224 616 3278 ebrius
641 3239 894 3281 versatus
927 3229 1068 3282 inter
1112 3232 1313 3300 ebrios,
1353 3234 1781 3290 calumniaretur
1808 3238 1989 3292 ebrios

421 3333 543 3371 csse
599 3318 689 3387 qui
743 3318 916 3373 sobrii
963 3333 1166 3381 essent.
1200 3343 1219 3375 ι
1262 3325 1461 3380 Probet
1504 3327 1669 3396 igitur
1706 3344 1737 3381 e
1773 3330 1989 3399 scriptis

422 3407 596 3472 Pauli,
648 3411 876 3480 exempli
939 3428 1141 3481 causa,
1191 3416 1337 3471 hunc
1406 3420 1714 3487 apostolum
1775 3422 1985 3476 ebrium

420 3499 614 3564 fuisse,
660 3517 839 3570 neque
882 3503 1053 3558 sobrii
1106 3507 1341 3561 hominis
1386 3508 1553 3562 fuisse
1599 3526 1718 3579 qua:
1748 3511 1983 3579 dixerit;

422 3602 518 3645 aut
545 3607 612 3646 ex
642 3594 707 3648 iis
728 3611 848 3664 qum
868 3596 1089 3665 scripsit
1112 3596 1369 3665 Joannes,
1403 3600 1519 3668 ejus
1552 3607 1853 3659 sententias
1881 3622 1989 3660 nun

420 3699 539 3738 esse
596 3689 946 3755 temperantis
995 3700 1050 3743 et
1100 3706 1129 3743 a
1174 3693 1431 3746 vitiorum
1488 3695 1753 3749 ebrietate
1801 3698 1988 3754 alieni.

426 3774 622 3831 Nullus
655 3779 820 3847 igitur
848 3779 1174 3837 Christiana:
1207 3786 1483 3855 religionis
1520 3789 1713 3842 doctor
1753 3805 1858 3843 nou
1898 3806 1989 3844 so-

422 3867 577 3920 brius
606 3880 712 3933 est,
745 3872 920 3927 nullus
959 3875 1240 3930 ebrietatis
1272 3880 1517 3931 accusari
1552 3892 1727 3947 potest
1763 3900 1777 3947 ;
1819 3893 1872 3935 et
1911 3884 1991 3935 iu-

424 3956 587 4025 digua
616 3958 784 4031 498
813 3962 1137 4032 philosopho
1169 3977 1291 4019 sunt
1322 3986 1439 4036 quae
1468 3969 1653 4024 Celsus
1686 3973 1735 4024 in
1770 3990 1866 4027 nos
1891 3972 1993 4029 hac

424 4052 492 4103 de
524 4065 583 4103 re
603 4051 738 4120 jacit
777 4056 1041 4109 convicia.
1090 4057 1295 4113 lndicet
1331 4076 1492 4129 porro
1533 4064 1723 4119 Celsus
1771 4082 1989 4135 quinam

423 4143 502 4198 illi
528 4146 696 4199 sobrii
718 4147 847 4215 sint,
878 4164 1015 4217 ths
1035 4153 1205 4204 nostri
1224 4154 1478 4208 doctores
1501 4158 1710 4225 injuriis
1730 4157 1988 4211 alliciant.

421 4235 530 4291 Nos
558 4240 701 4293 enim
752 4239 931 4294 ebrios
978 4244 1192 4310 quidem
1228 4245 1457 4301 dicimus
1518 4264 1629 4315 eos,
1678 4253 1771 4319 qui
1830 4250 1990 4304 rebus

424 4333 743 4387 inauimatis
794 4334 949 4402 quasi
1004 4334 1115 4390 Deo
1184 4352 1370 4405 preces
1425 4339 1619 4394 ferant.
1678 4344 1816 4408 Quid
1877 4343 1987 4396 dixi

2090 1872 2174 1918 τις
2207 1854 2358 1925 ὑμῶν
2403 1856 2709 1925 ἐπιστήμης
2750 1854 3090 1923 ἐπιλάϐηταιο
3136 1872 3153 1903 ι
3199 1852 3318 1904 οὐδὲ
3357 1853 3658 1921 φάσκομεν,

2091 1948 2172 2000 ὅτι
2200 1948 2368 2001 κακόν
2412 1950 2555 2001 ἐστιν
2581 1949 2855 2018 ἐπιστήμη
2878 1964 2891 1977 ·
2927 1946 3045 1998 οὐδὲ
3097 1946 3439 2015 μεμήναμεν,
3478 1944 3545 1995 ἶν’
3579 1942 3661 1995 εῖ-

2091 2054 2301 2106 πωμεν,
2325 2038 2406 2091 ὅτι
2432 2038 2632 2106 γνῶσις
2658 2038 2876 2107 σφάλλει
2909 2038 3034 2099 τοὺς
3072 2035 3391 2106 ἀνθρώπους
3433 2036 3539 2088 ἀπὸ
3561 2037 3662 2106 τῆς

2092 2126 2233 2180 κατά
2262 2127 2438 2197 ψυχὴν
2465 2127 2652 2195 ὑγείας
2670 2144 2683 2156 ⁸
2713 2127 2824 2180 ἀλλ’
2850 2126 2955 2179 οὐδ’
2984 2124 3315 2178 ἀπόλλυσθαι
3341 2122 3448 2175 ἀπὸ
3472 2124 3660 2192 σοφίας

2091 2217 2337 2287 εἴποιμεν
2353 2218 2417 2270 ἄν
2436 2235 2559 2271 τινα.
2576 2217 2813 2270 πώποτε
2851 2218 3045 2279 οἵτινες
3066 2216 3186 2268 οὐδὲ
3204 2214 3265 2267 τὸ
3278 2254 3293 2279 ,
3318 2234 3334 2263 ι
3362 2216 3484 2285 ἐμοὶ
3501 2230 3659 2285 προσ-

2091 2308 2265 2379 έχετε,
2297 2327 2314 2359 ι
2352 2308 2455 2362 κᾶν
2478 2308 2833 2379 διδάσκωμεν,
2867 2307 3079 2379 φαμέν·
3113 2306 3267 2369 ἀλλὰ,
3291 2305 3381 2377 Τῷ
3405 2305 3523 2376 Θεῷ
3551 2305 3659 2361 τῶν

2089 2401 2226 2454 ὅλων
2254 2400 2548 2471 προσέχετε
2589 2400 2681 2453 καὶ
2708 2400 3010 2468 διδασκάλῳ
3045 2399 3154 2453 τῶν
3192 2399 3320 2466 περὶ
3347 2397 3512 2450 αὺτοῦ
3555 2415 3656 2468 μα-

2090 2490 2348 2563 θημάτων
2376 2490 2451 2560 τῷ
2490 2491 2681 2561 Ἰησοῦ.
2710 2491 2894 2553 Οὐδεὶς
2914 2491 2956 2542 δ’
2986 2492 3018 2559 ἡ
3028 2491 3141 2559 μῶν
3160 2489 3328 2551 οὕτως
3354 2490 3500 2541 ἐστὶν
3527 2489 3655 2541 ἀλα-

2090 2580 2219 2649 ζὼν,
2247 2583 2311 2635 ἵν’
2340 2580 2508 2653 (ὅπερ
2543 2582 2747 2645 Κέλσος
2777 2581 3067 2653 περιέθηκε
3098 2579 3176 2651 τῷ
3207 2578 3300 2632 τοῦ
3327 2579 3657 2641 διδάσκοντος

2088 2675 2396 2750 προσώπῳ)
2425 2674 2565 2728 εἴποι
2588 2676 2723 2748 πρὸς
2749 2658 2873 2738 τοὺς
2900 2674 3204 2746 γνωρίμους
3219 2675 3302 2735 τὸ,
3334 2692 3351 2724 ι
3380 2672 3488 2740 ἐγὼ
3517 2674 3656 2743 ὑμᾶς

2092 2769 2251 2823 σώσω
2293 2769 2469 2840 μόνος.
2509 2787 2527 2820 ι
2581 2769 2718 2838 Ὄρα
2750 2765 2842 2821 οὖν
2873 2767 3012 2820 πόσα
3040 2767 3193 2838 ήμῶν
3248 2766 3652 2835 καταψεύδεται.

2099 2864 2236 2917 Ἀλλ’
2268 2863 2623 2933 οὐδέιφαμεν,
2657 2863 2739 2915 ὃτι
2760 2882 2778 2913 ‹
2802 2863 2850 2914 oi
2892 2860 3104 2933 άληθῶς
3140 2862 3311 2933 ἰατροὶ
3352 2860 3651 2931 φθείρουσιν

2088 2954 2177 3019 οὒς
2204 2954 2625 3023 ἐπαγγέλλονται
2653 2952 2993 3025 θεραπεύειν.
3033 2972 3051 3006 ι

2159 3069 2271 3121 Καὶ
2311 3067 2561 3138 δεύτερον
2608 3067 2664 3119 δὲ
2710 3066 2863 3137 φέρει
2913 3066 3034 3120 καθ’
3082 3066 3239 3138 ἡμῶν
3290 3065 3653 3137 παράδειγμα,

2091 3160 2315 3229 φάσκων
2351 3180 2369 3212 ι
2402 3161 2623 3230 Ὅμοιον
2655 3161 2825 3212 ποιεῖν
2856 3159 2945 3211 τὸν
2978 3161 3034 3212 ὲν
3060 3160 3188 3230 ἡμῖν
3214 3154 3550 3221 διδάσκαλον,
3583 3156 3657 3218 ὡς

2090 3252 2244 3315 εἴτις
2275 3252 2486 3322 μεθύων
2516 3252 2595 3314 είς
2626 3252 2921 3322 μεθύοντας
2948 3250 3176 3322 παριὼν,
3213 3252 3509 3320 κατηγορεῖ
3534 3250 3655 3311 τοὺς

2090 3347 2355 3416 νήφοντας
2383 3343 2456 3408 ώς
2486 3343 2800 3414 μεθύοντας.
2839 3362 2857 3393 ›
2888 3342 3297 3414 Παραστησάτω
3330 3341 3437 3412 γάρ
3464 3342 3526 3393 ὲκ
3551 3339 3655 3392 τῶν

2090 3438 2428 3507 γραμμάτων
2468 3435 2620 3507 (φέρ’
2655 3435 2861 3503 εἰπεῖν)
2890 3433 3122 3499 Παύλου,
3146 3436 3225 3486 ὅτι
3249 3433 3475 3503 ἐμέθυεν
3508 3434 3535 3483 ὁ
3565 3431 3651 3484 τοῦ

2105 3529 2279 3600 Ἰησοῦ
2318 3529 2635 3592 ἀπόστολος,
2672 3530 2764 3581 καὶ
2805 3528 2903 3580 οὐκ
2934 3524 3072 3597 ἦσαν
3105 3530 3153 3580 οἱ
3192 3527 3336 3595 λόγοι
3371 3524 3534 3578 αὐτοῦ
3568 3525 3655 3595 νή-

2093 3638 2283 3690 φοντες
2312 3622 2385 3691 (5)
2407 3639 2420 3651 ·
2454 3621 2486 3691 ἢ
2514 3620 2571 3687 se
2603 3615 2676 3674 ὧν
2707 3619 2949 3688 ἔγραψεν
2988 3620 3257 3690 Ἰωάννης,
3288 3619 3367 3671 ὅτι
3404 3618 3523 3687 οὐχ).
3552 3633 3652 3668 σω-

2093 3709 2409 3782 φρονοῦντος
2432 3712 2523 3763 καὶ
2553 3710 2967 3781 ἀπηλλαγμένου
2996 3710 3097 3779 τῆς
3121 3709 3228 3762 ἀπὸ
3262 3709 3461 3771 κακίας
3490 3706 3651 3777 μέθης

2094 3806 2217 3855 πνεῖ
2252 3801 2413 3855 αὑτοῦ
2447 3802 2516 3855 τὰ
2555 3804 2819 3873 νοήματα.
2858 3802 3043 3866 Οὐδεὶς
3073 3797 3165 3855 οῦν
3206 3800 3518 3871 σωφρονῶν,
3566 3800 3649 3852 καὶ

2093 3894 2351 3947 διδάσκων
2383 3896 2472 3947 τὸν
2506 3894 2849 3966 Χριστιανῶν
2868 3895 3044 3963 λόγον,
3082 3893 3295 3964 μεθύειο
3323 3894 3436 3946 ἀλλ’
3470 3891 3647 3960 ἀφιλο-

2098 3986 2274 4054 σόφως
2329 3988 2458 4056 ἡμῖν
2497 3983 2901 4056 λοιδορούμενος
2950 3983 3123 4039 ταῦτά
3154 4002 3315 4054 φησιν
3358 3988 3385 4037 ὁ
3431 3984 3647 4046 Κέλσος.

2095 4078 2255 4139 Τίνας
2280 4078 2335 4130 δὲ
2362 4079 2452 4130 καὶ
2472 4079 2736 4147 νήφοντας
2758 4076 3169 4148 κακηγοροῦμεν
3198 4079 3246 4129 οἱ
3271 4075 3650 4147 πρεσϐεύοντες

2093 4168 2160 4222 τά
2206 4169 2542 4240 Χριστιανῶν
2582 4169 2842 4240 δόγματα,
2882 4169 3084 4237 λεγέτω
3115 4172 3143 4222 ὁ
3184 4168 3405 4230 Κέλσος.
3454 4168 3650 4231 Πάντες

2094 4257 2201 4328 γάρ
2232 4257 2351 4309 καθ’
2396 4259 2540 4327 ἡμᾶς
2579 4258 2862 4328 μεθύουσιν
2909 4259 2958 4310 οἱ
3005 4261 3115 4321 τοῖς
3153 4258 3379 4329 ἀῴύχοις
3423 4259 3498 4319 ὡς
3541 4257 3650 4327 Θεῷ

2095 4349 2538 4421 προσλαλοῦντες.
2570 4350 2678 4402 Καὶ
2710 4350 2761 4403 τί
2802 4350 2944 4419 λέγω
2976 4350 3292 4420 μεθύουσιν;
3328 4350 3523 4420 μᾶλλον
3552 4350 3649 4421 γάρ

419 4425 637 4479 ebrios?
667 4426 778 4479 luto
810 4428 1087 4482 insaniunt
1126 4432 1241 4497 qui,
1275 4435 1325 4485 iu
1355 4436 1550 4502 templa
1583 4447 1985 4500 procurrentes,

2098 4444 2423 4513 μεμήνασιν,
2457 4445 2533 4505 είς
2560 4444 2684 4506 τοὺς
2727 4442 2863 4505 νεὼς
2911 4444 3249 4507 σπεύδοντες.
3288 4446 3382 4497 καὶ
3413 4445 3488 4507 ὡς
3517 4444 3648 4505 θεοῖς

421 4527 640 4571 statuas
674 4521 905 4573 adorant
938 4533 1030 4573 aut
1054 4522 1312 4577 animalia
1345 4529 1497 4593 quasi
1528 4529 1598 4580 dii
1637 4540 1840 4581 essent.
1879 4529 1989 4584 Nec

421 4612 643 4679 sapiunt
687 4615 859 4681 magis
905 4616 1003 4678 illi,
1038 4616 1131 4681 qui
1180 4620 1231 4667 in
1267 4622 1526 4670 honorem
1574 4633 1822 4672 verorqu
1864 4624 1990 4675 deo-

425 4716 546 4753 rum
578 4718 699 4755 esse
728 4714 919 4770 putant
945 4706 1237 4760 simulacra
1271 4723 1301 4761 a
1324 4708 1441 4773 vili,
1469 4711 1737 4764 interdum
1770 4711 1934 4765 etiam
1959 4728 1987 4765 a

423 4790 853 4845 sceleratissimo
878 4796 1092 4848 artitice
1121 4794 1408 4850 fabricata.

498 4881 584 4935 77.
642 4882 838 4935 Postea
889 4886 1101 4939 confert
1151 4902 1273 4941 cum
1330 4888 1588 4957 lippiente
1623 4888 1903 4941 doctorem
1939 4899 1996 4943 et

422 4987 548 5027 cum
614 4973 966 5044 lippientibus
1014 4979 1329 5045 auditores,
1384 4982 1565 5048 aitque
1618 4999 1635 5030 ι
1679 4980 1991 5049 lippientem

424 5064 565 5134 apud
605 5066 686 5119 sui
722 5065 953 5131 similes,
992 5069 1265 5137 postulare
1298 5070 1561 5124 cazcitatis
1587 5086 1681 5125 eos
1722 5072 1811 5139 qui
1838 5081 1995 5127 acute

424 5168 677 5214 cernunt.
711 5176 729 5211 ι
769 5159 1002 5225 Quinam
1057 5161 1222 5229 igitur
1269 5164 1361 5215 alii
1415 5176 1561 5229 sunt,
1595 5182 1626 5218 o
1657 5166 1854 5227 Graeci,
1901 5167 1993 5234 qui

424 5253 582 5306 nobis
607 5268 727 5305 esse
762 5254 889 5306 caeci
926 5255 1238 5320 videantur,
1270 5256 1372 5309 nisi
1411 5257 1501 5326 qui
1538 5273 1600 5312 ex
1635 5267 1782 5310 tanta
1814 5272 1992 5310 rerum

497 5370 606 5438 (91))
652 5369 933 5443 Bulterello
958 5375 1302 5427 scribendum
1333 5375 1564 5437 videtur,
1609 5373 1995 5443 φιλανθρωπό-

426 5455 563 5516 τατα
586 5442 679 5516 καὶ
700 5441 884 5516 ψυχῶν
905 5444 1297 5516 ἐπιστρεπτικά
1328 5441 1639 5516 μαθήματα.

501 5512 578 5589 (ΙΙ)
618 5512 798 5565 Codex
832 5512 1176 5581 Basilcetisis,
1205 5512 1614 5589 θεραπεύωμεν.
1652 5515 1816 5581 Alias,
1846 5520 1997 5587 θερα-

420 5580 686 5649 ’πεύομεν.

507 5650 603 5718 ('3)
646 5653 979 5723 Χρὲστιανοὶ
1050 5653 1274 5723 ζῶα-τες.
1337 5657 1685 5713 Scrihendutu
1764 5657 1994 5717 videtur.

438 5717 924 5785 Χριστιανίςοντες.
974 5724 1139 5782 Paulo
1188 5717 1307 5797 post
1338 5732 1506 5786 Cuch
1561 5729 1903 5794 liasileensisi
1935 5728 1994 5780 οὐ

2091 4538 2202 4597 τοῖς
2232 4534 2534 4604 ἀγάλμασιν
2560 4535 2592 4605 ἢ
2623 4538 2735 4597 τοῖς
2762 4534 2918 4599 ζώοις
2943 4534 3389 4606 προσκυνοῦντες.
3424 4535 3536 4605 Οὐχ
3566 4533 3650 4606 ἦτ-

2091 4643 2181 4678 τον
2211 4625 2267 4677 δὲ
2298 4625 2499 4677 τούτων
2532 4626 2807 4697 μαίνονται
2841 4626 2933 4678 καὶ
2973 4628 3020 4678 oi
3053 4626 3358 4695 νομίζοντες
3388 4628 3467 4689 είς
3498 4625 3649 4695 τιμὴν

2094 4716 2228 4767 θεῶν
2256 4715 2520 4786 ἀληθινῶν
2552 4716 2976 4769 κατεσκευάσθαι
3002 4715 3071 4768 τὰ
3104 4716 3206 4768 ὑπὸ
3248 4715 3528 4786 βαναύσων
3565 4716 3649 4769 καὶ

2093 4807 2436 4876 φαυλοτάτων
2461 4808 2569 4861 ἔσθ’
2595 4810 2682 4860 ὅτε
2707 4806 2914 4878 ἀνδρῶν
2946 4807 3481 4877 κατασκευαζόμενα.

2162 4898 2315 4952 Μετά
2359 4899 2530 4952 ταῦτα
2572 4899 2804 4970 ἐξομοιοῖ
2846 4897 2934 4950 τὸν
2973 4898 3068 4968 μὲν
3106 4896 3419 4949 διδάσκοντα
3459 4895 3646 4965 ὀφθαλ-

2098 4988 2310 5059 μιῶντι,
2340 4992 2463 5054 τοὺς
2494 4992 2549 5043 δὲ
2591 4991 2957 5062 μανθάνοντας
2988 4988 3325 5059 ὀφθαλμιῶσι
3346 5006 3359 5019 ’
3393 4987 3485 5040 καί
3525 5003 3648 5057 φησι

2101 5100 2119 5131 ι
2157 5079 2341 5133 τοῦτον
2367 5082 2457 5133 ἐπὶ
2488 5082 2590 5134 τῶν
2630 5080 3049 5151 ὀφθαλμιώντων
3090 5078 3360 5132 αἰτιᾶσθαι
3400 5078 3525 5139 τοὺς
3562 5076 3645 5142 ὀξὺ

2099 5171 2389 5240 βλέποντας
2408 5174 2481 5235 ti);
2502 5173 2944 5243 πεπηρωμένους.
2976 5190 2993 5223 ι
3014 5171 3169 5233 Τίνες
3183 5164 3274 5222 οὖν
3294 5168 3537 5239 εἴποιμεν
3554 5166 3643 5239 (4),

2099 5264 2374 5334 Ἕλληνες,
2430 5267 2499 5328 οἱ,
2541 5265 2659 5318 καθ’
2702 5267 2846 5335 ἡμᾶς
2866 5266 2925 5317 οῦ
2965 5263 3329 5334 βλέποντες,ἢ
3373 5265 3421 5314 οἱ
3462 5264 3525 5313 ὲκ
3559 5260 3643 5314 τοῦ

2098 5378 2509 5460 καταφεύγομεν
2572 5371 2683 5428 οὖν.
2736 5375 2917 5439 Alias,
2964 5374 3025 5426 ού
3076 5373 3183 5441 γάρ
3246 5371 3646 5442 καταφεύγομεν

2097 5464 2243 5584 mil?)
2282 5517 2450 5572 Codd.
2485 5517 2711 5583 Regius,
2761 5514 3082 5568 Basileeusis
3127 5522 3178 5567 et
3229 5513 3333 5565 duo
3375 5511 3645 5578 Vaticani,

2099 5589 2373 5656 νήφοντες,
2409 5589 2560 5656 alias,
2588 5591 2859 5656 νήφοντος.

2169 5652 2244 5723 (’4)
2290 5658 2452 5721 Τίνες
2479 5654 2590 5710 οὖν
2612 5652 2898 5723 ε’ῖὲτριμεν,
2928 5658 3232 5717 Ἕλληνες,
3258 5657 3331 5713 οἱ,
3362 5662 3467 5705 etc.
3496 5652 3646 5707 Forte

2100 5728 2406 5797 legendum,
2437 5727 2577 5791 τίνες
2609 5723 2699 5780 οὖν
2724 5725 2866 5781 ἄλλοι
2897 5727 3012 5796 μὲν,
3040 5723 3314 5793 Ἕλληνες,
3336 5724 3407 5787 oi,
3439 5731 3545 5777 etc.
