3986 6164
341 350 476 414 ιοίιι

1545 346 1824 403 CONTRA
1862 344 2136 402 CELSUM
2174 346 2299 400 LIB.
2336 342 2420 399 ΙΙΙ.

3451 334 3586 387 Ιῦῗὶ

343 465 654 541 τηλικούτου
686 465 947 537 μεγέθους
967 464 1075 517 τῶν
1114 466 1171 516 ὲν
1203 463 1280 533 τῷ
1314 462 1502 532 κόσμῳ
1541 464 1634 515 καὶ
1662 463 1753 515 τοῦ
1788 463 1914 515 κάλ-

2030 464 2184 533 hujus
2228 460 2411 515 mundi
2465 454 2869 527 magniﬁcentia
2919 463 2973 509 et
3021 452 3427 523 pulchritudine
3479 466 3583 502 non

338 562 463 625 λους
490 561 597 615 τῶν
636 560 1130 631 δημιουργημάτων
1175 559 1249 629 μὴ
1288 558 1571 626 δυνάμενοι
1615 555 1912 624 ἀναϐλέψαι

340 656 433 708 καὶ
483 653 777 723 θεωρῆσαι,
831 653 913 703 ὃτι
957 652 1283 721 προσκυνεῖν
1332 649 1426 702 καὶ
1477 644 1775 717 θαυμάζειν
1820 648 1914 698 καὶ⁵

340 745 517 799 σέϐειν
553 744 658 814 χρὴ
705 744 862 814 μόνον
899 742 988 795 τὸν
1027 741 1195 794 ταῦτα
1234 742 1589 810 πεποιηκότα,
1628 739 1723 792 καὶ
1763 739 1913 791 οὐδὲν

338 836 446 888 τῶν
472 837 598 905 παρ’
621 834 924 906 ἀνθρώποις
948 832 1529 902 κατασκευαζομένων,
1559 833 1651 883 καὶ
1677 833 1755 892 είς
1777 829 1914 882 θεῶν

337 925 504 995 τιμὴν
531 923 1123 994 παραλαμϐανομένων,
1155 919 1500 991 καθηκόντως
1531 921 1595 974 ἄν
1632 937 1717 982 τις
1744 920 1910 983 σέϐοι,

340 1016 449 1067 εἴτε
467 1014 631 1085 χωρὶς
650 1014 742 1065 τοῦ
765 1012 1095 1084 δημιουργοῦ
1124 1011 1258 1063 Θεοῦ
1284 1011 1392 1063 εἴτε
1414 1011 1506 1062 καὶ
1530 1010 1645 1080 μετ’
1670 1009 1913 1072 ὲκείνου;

340 1104 410 1156 τὰ
455 1105 562 1173 γὰρ
606 1102 853 1172 οὐδαμῶς
911 1102 1177 1172 συγκριτά
1226 1100 1534 1171 συγκρίνειν
1584 1097 1661 1169 τῷ
1706 1098 1918 1168 ἀπείρῳ

343 1196 580 1266 ὑπεροχῇ
619 1194 936 1265 ὑπερέχοντι
973 1194 1150 1263 πάσης
1179 1192 1410 1261 γενητῆς
1458 1190 1665 1260 φύσεως
1703 1187 1917 1256 τυφλῶν

341 1288 439 1358 τὴν
462 1286 696 1339 διάνοιάν
722 1289 868 1339 ἐστιν
896 1286 1075 1356 ἔργον.
1106 1285 1218 1337 Οὑκ
1243 1282 1656 1353 ὀφθαλμιῶντας
1679 1275 1769 1333 οῦν
1792 1281 1918 1343 τοὺς

341 1380 436 1447 ὀξὺ
468 1379 759 1449 βλέποντας
798 1379 1027 1447 λέγομεν
1071 1373 1207 1430 εἶναι
1236 1376 1269 1448 ἢ
1303 1375 1757 1446 πεπηρωμένους,
1784 1372 1919 1427 ἀλλά

340 1474 469 1537 τοὺς
502 1470 950 1541 καλινδουμένους
980 1470 1170 1540 ἀγνοίᾳ
1196 1467 1331 1521 Θεοῦ
1359 1468 1452 1519 ἐπὶ
1484 1469 1612 1529 τοὺς
1646 1465 1803 1533 νεὼς,
1828 1469 1920 1519 καὶ

343 1565 412 1619 τὰ
441 1562 749 1633 ἀγάλματα,
774 1563 866 1614 καὶ
896 1561 994 1625 τὰς
1030 1561 1329 1629 λεγομένας
1355 1559 1690 1631 ἱερομηνίας,
1719 1559 1921 1629 φάσκο-

348 1670 447 1720 μεν
478 1652 853 1722 τετυφλῶσθαι
876 1652 966 1703 τὸν
992 1650 1114 1704 νοῦν
1136 1667 1149 1681 ·
1179 1653 1272 1704 xai.
1296 1651 1552 1721 μάλιστα,
1581 1651 1669 1703 ὅτε
1693 1652 1828 1722 πρὸς
1853 1654 1917 1722 τῇ

346 1744 569 1814 ἀσεϐείᾳ
606 1743 699 1797 καὶ
722 1744 778 1795 ὲν
806 1742 1059 1813 ἀσελγείᾳ
1083 1742 1266 1807 ζῶσιν,
1299 1744 1328 1796 ὃ
1358 1744 1410 1796 τί
1438 1742 1555 1795 ποτ’
1595 1743 1741 1795 ἐστὶν
1776 1743 1918 1798 αἰδέ-

2020 564 2243 622 possunt
2286 553 2351 607 ad
2404 566 2590 604 earum
2628 549 2967 603 conditorem
3011 548 3259 601 attollere
3297 546 3486 601 oculos
3531 558 3586 598 et

2019 646 2327 715 perspicere
2372 642 2548 697 solum
2597 641 2743 695 illum
2787 654 2929 705 esse,
2964 639 3047 694 cui
3079 650 3421 708 prosternere
3450 652 3586 701 nos,

2019 752 2181 807 quem
2231 735 2517 798 admirari,
2572 750 2731 803 quem
2784 735 2965 789 colere
3013 740 3287 802 oporteat;
3342 740 3399 786 et
3452 728 3586 783 nihil

2020 845 2210 883 eorum
2241 843 2361 897 qua!
2386 828 2526 894 apud
2561 826 2806 881 homines
2840 827 2977 879 ﬁunt
3014 836 3071 879 et
3104 825 3168 878 ad
3215 823 3420 876 cultum
3455 825 3587 875 deo-

2020 939 2141 977 rum
2169 922 2521 983 adhibentur,
2552 919 2651 971 rite
2675 934 2833 986 posse
2863 920 2992 981 coli,
3024 919 3134 972 sive
3160 918 3277 971 sine
3306 915 3415 969 Deo
3437 930 3591 969 creao

2022 1024 2162 1079 tore,
2193 1014 2310 1068 sive
2346 1028 2470 1067 cum
2500 1013 2638 1066 illo?
2670 1010 2807 1065 Nam
2854 1025 3174 1077 comparare
3216 1025 3337 1062 cum
3372 1008 3462 1061 illo
3497 1007 3590 1070 qui

2020 1117 2272 1160 naturam
2323 1119 2542 1157 omnem
2597 1115 2837 1157 creatam
2890 1103 3211 1155 immensum
3256 1108 3494 1167 superat,
3526 1114 3592 1154 ea

2022 1212 2141 1266 quae
2174 1206 2446 1263 nequeunt
2472 1194 2803 1264 comparari,
2842 1193 3121 1246 hominum
3154 1200 3235 1244 est
3267 1201 3445 1243 tuente
3489 1205 3593 1243 ca!-

2023 1290 2376 1344 cutientium.
2412 1287 2529 1342 Non
2555 1303 2688 1357 ergo
2717 1288 3075 1342 criminamur
3102 1284 3417 1353 lippitudine
3446 1283 3596 1337 labo-

2025 1394 2149 1433 rare
2177 1388 2271 1431 aut
2307 1393 2480 1432 caecos
2504 1393 2646 1442 esse,
2676 1380 2769 1446 qui
2802 1388 2959 1429 acute
2992 1376 3200 1438 vident;
3240 1376 3332 1428 sed
3356 1375 3446 1443 qui
3498 1373 3593 1427 Dei

2024 1470 2364 1537 ignoratione
2394 1468 2641 1537 templis,
2675 1466 3013 1530 simulacris,
3045 1465 3195 1518 festis
3218 1474 3362 1518 stato
3392 1466 3597 1517 mensis

2023 1561 2113 1615 die
2147 1561 2555 1645 recurrentiqu
2586 1560 2794 1614 assidui
2833 1567 2981 1621 sunt,
3028 1556 3127 1610 hos
3158 1565 3338 1609 mente
3366 1554 3596 1609 dicimus

2027 1664 2330 1707 occaecatos
2369 1667 2527 1707 esse:
2562 1652 2865 1721 praesertim
2898 1648 2942 1702 si
2983 1649 3052 1701 ad
3088 1646 3301 1700 illorum
3348 1647 3597 1714 impieta-

2028 1756 2132 1798 tem
2167 1745 2392 1797 accedat
2426 1745 2535 1796 vita
2585 1742 2902 1797 libidinibus
2932 1740 3168 1810 perdita,
3200 1750 3254 1793 et
3296 1739 3445 1792 nulla
3494 1740 3595 1792 ho-

348 1848 504 1903 σιμον
530 1833 687 1904 ἔργον
708 1833 839 1904 μηδὲ
856 1833 1165 1905 ζητοῦντες,
1186 1832 1319 1887 ἀλλὰ
1343 1834 1497 1887 πάντ’
1520 1833 1778 1905 αἰσχύνης
1793 1833 1917 1897 ἄξια

2030 1834 2248 1891 aestatis
2272 1834 2454 1888 habita
2496 1833 2707 1887 ratione
2737 1831 2914 1901 turpia
2941 1831 3123 1884 omnia
3152 1839 3468 1899 perpetrcnt

348 1926 698 1998 πράττοντες.

418 2018 569 2071 Μετά
593 2017 762 2069 ταῦτα
789 2017 1007 2070 τοσαῦθ’
1050 2018 1195 2088 ἡμᾶς
1228 2018 1613 2089 αἰτιασάμενος
1652 2018 1791 2071 θέλει
1819 2019 1917 2088 ὲμ-

349 2110 534 2178 φῆναι,
565 2111 645 2163 ὅτι
673 2110 764 2162 καὶ
794 2110 955 2180 ἕτερα
986 2109 1122 2181 ἔχων
1156 2111 1351 2179 λέγειν,
1384 2113 1717 2183 παρασιωπᾷ
1758 2111 1915 2164 αὐτά.

350 2202 499 2271 Ἔχει
528 2201 571 2253 δ’
602 2202 771 2265 οῦτως
800 2202 963 2254 αὑτοῦ
993 2206 1025 2272 ἠ
1046 2203 1187 2269 λέξις
1221 2204 1315 2274 (5)·
1352 2222 1370 2255 ι
1402 2203 1588 2256 Ταῦτα
1611 2204 1710 2274 μὲν
1731 2201 1919 2255 αἰτιῶ-

348 2311 447 2364 μαι
493 2294 583 2347 καὶ
629 2294 695 2346 τὰ
738 2294 993 2358 τοιαῦτα,
1024 2294 1111 2347 ἵνα
1162 2294 1235 2365 μὴ
1276 2295 1432 2347 πάντ’
1474 2292 1788 2365 ἀπαριθμῶ,
1830 2294 1921 2345 καί

345 2403 484 2455 φημι
528 2385 862 2456 πλημμελεῖν
887 2387 1081 2449 αὐτοὺς
1118 2384 1517 2456 ὲπηρεάζοντας
1544 2387 1620 2447 είς
1649 2384 1738 2437 τὸν
1767 2384 1918 2450 Θεὸν,

346 2477 434 2530 ῐνα
492 2478 758 2548 πονηροὺς
814 2476 1131 2548 ἀνθρώπους
1178 2477 1494 2543 ὑπάγωνται
1549 2476 1777 2546 κούφαις
1833 2476 1921 2530 ἐλ-

344 2569 486 2633 πίσι,
518 2568 610 2621 καὶ
645 2569 1023 2639 παραπείσωσι
1061 2568 1472 2639 καταφρονῆσαι
1518 2569 1628 2622 τῶν
1678 2571 1910 2641 κρειττό-

348 2676 475 2723 νων,
518 2658 630 2722 ὼς,
688 2658 783 2712 ὲάν
848 2659 1156 2737 ἀπέχωνται
1206 2660 1417 2724 αὐτῶν,
1467 2660 1688 2731 ἄμεινον
1740 2663 1923 2725 αὐτοῖς

346 2750 518 2804 ἔσται.
552 2770 568 2800 ι
612 2749 719 2803 Καὶ
758 2751 893 2821 πρὸς
918 2751 1086 2803 ταῦτα
1114 2751 1171 2802 δὲ
1197 2751 1391 2819 λέγοιτ’
1431 2752 1494 2805 ἂν
1535 2752 1640 2805 ἀπὸ
1672 2754 1769 2823 τῆς
1794 2755 1921 2824 περὶ

347 2842 455 2897 τῶν
486 2842 934 2912 προσερχομένων
962 2842 1035 2911 (6)
1063 2843 1471 2914 Χριστιανισμῷ
1499 2844 1799 2916 ἐνεργείας,
1838 2847 1921 2899 ὅτι

345 2934 407 2987 οὑ
466 2934 604 2986 πάνυ
648 2952 701 2987 τι
754 2934 981 3004 πονηροὶ
1027 2936 1326 3003 ὑπάγονται
1370 2935 1447 3006 τῷ
1488 2936 1650 3007 λόγῳ,
1701 2938 1825 2990 ὅσον
1871 2941 1920 2990 ot

346 3024 724 3097 ἁπλούστεροι,
755 3025 848 3079 καὶ
882 3026 895 3086 (
912 3027 986 3090 ὡς
1015 3025 1080 3079 ἂν
1103 3028 1152 3079 οἱ
1195 3027 1377 3080 πολλοὶ
1405 3028 1750 3099 ὀνομάσαιεν)
1788 3046 1923 3100 κομ-

348 3116 458 3186 ψοί.
500 3111 655 3171 Οὗτοι
703 3118 813 3190 γὰρ
866 3119 1014 3189 φόϐῳ
1048 3118 1125 3190 τῷ
1170 3121 1297 3191 περὶ
1344 3120 1451 3173 τῶν
1494 3121 1766 3178 κολάσεων
1811 3123 1920 3177 τῶν

2094 2012 2185 2067 78.
2228 2012 2359 2067 Post
2404 2010 2816 2065 criminationes
2871 2021 2979 2063 tam
3031 2020 3267 2074 atroces,
3310 2009 3489 2063 innuit
3540 2022 3603 2064 se

2025 2108 2180 2179 plura
2230 2107 2433 2162 habere
2479 2120 2600 2174 qua:
2631 2104 2787 2158 nobis
2834 2104 3078 2173 objiciat,
3129 2104 3225 2158 sed
3263 2103 3351 2157 illa
3381 2102 3601 2157 silentio

2026 2201 2467 2274 praetermittere.
2516 2199 2606 2253 Sic
2642 2209 2823 2252 autem
2859 2197 3142 2266 loquitur;
3196 2217 3215 2249 ι
3265 2199 3445 2267 Atque
3486 2198 3600 2252 haec

2024 2305 2289 2363 suntquaa
2319 2293 2426 2347 illis
2461 2290 2774 2362 objicienda
2809 2290 2959 2345 duxi.
2994 2292 3205 2345 Similia
3249 2292 3443 2345 afferre
3466 2306 3599 2361 posc-

2024 2391 2125 2443 siru
2152 2405 2166 2442 :
2199 2388 2291 2441 sed
2333 2397 2389 2440 ut
2418 2402 2486 2441 ne
2515 2388 2699 2442 omnia
2726 2404 3042 2458 persequar,
3074 2387 3283 2440 allirmo
3318 2385 3445 2439 illos
3497 2384 3601 2437 iui-

2024 2493 2131 2550 que
2158 2478 2341 2533 facere
2386 2489 2443 2533 et
2492 2479 2545 2532 in
2594 2480 2761 2534 Deum
2818 2481 3110 2549 injuriosos
3160 2493 3302 2541 esse,
3347 2492 3491 2543 cum,
3540 2483 3599 2529 ut

2027 2571 2198 2624 malos
2231 2573 2480 2625 homines
2510 2572 2758 2639 illiciant,
2787 2574 2904 2628 illos
2938 2589 3077 2627 vana
3108 2588 3201 2641 spe
3228 2572 3449 2633 lactant,
3481 2584 3599 2639 per-

2025 2664 2364 2730 suadentque
2398 2672 2457 2715 ut
2488 2664 2625 2718 bona
2663 2665 2987 2733 deSpiciant,
3014 2663 3167 2729 quasi
3204 2662 3311 2715 illis
3360 2660 3602 2714 dimissis

2026 2754 2412 2823 praestantiora
2466 2755 2835 2809 consecuturi.
2875 2773 2892 2805 ι
2922 2754 3001 2807 ΑιΙ
3031 2753 3145 2805 haec
3186 2749 3602 2817 respondebitur

2026 2847 2223 2902 virtute
2257 2847 2366 2913 illa,
2401 2863 2519 2917 qua:
2539 2847 2783 2900 homines
2807 2848 2873 2898 ad
2899 2843 3211 2912 religionem
3236 2839 3602 2894 Christianam

2027 2942 2268 3003 adducit,
2304 2956 2411 2993 non
2447 2939 2674 2993 omnino
2702 2946 2811 2989 tam
2851 2936 3013 2990 facile
3047 2934 3360 3002 persuaderi
3401 2933 3604 3000 impro-

2028 3028 2144 3096 bos,
2177 3043 2341 3097 quam
2368 3027 2730 3095 simpliciores
2761 3034 2835 3089 et,
2873 3036 2929 3078 ut
2959 3025 3031 3077 ita
3078 3023 3290 3091 loquar,
3334 3022 3604 3076 subrusti-

2025 3135 2137 3173 cos.
2199 3119 2260 3172 lli
2307 3120 2450 3173 enim
2492 3119 2907 3187 suppliciorum,
2968 3133 3087 3186 qua:
3129 3119 3374 3171 doctrina
3414 3126 3599 3172 nostra

349 3206 858 3279 ἀπαγγελλομένων,
881 3210 1114 3264 κινοῦντι
1137 3213 1331 3275 αὐτοὺς
1354 3213 1447 3265 καὶ
1466 3214 1823 3284 προτρέποντι
1845 3214 1918 3284 (7)

2030 3213 2332 3275 minitatur,
2389 3222 2533 3265 metu
2581 3222 2832 3265 movente
2892 3211 3040 3278 ipsos
3093 3220 3148 3265 et
3194 3210 3481 3265 inducente
3532 3213 3601 3264 ad

352 3300 446 3353 ἐπὶ
475 3300 537 3352 τὸ
565 3301 859 3371 ἀπέχεσθαι
884 3303 1107 3366 τούτων,
1148 3304 1213 3356 δι’
1237 3304 1273 3358 ἃ
1298 3306 1352 3357 αἱ
1389 3305 1659 3372 κολάσεις,
1691 3307 1925 3378 πειρῶν-

351 3407 439 3443 ται
479 3390 769 3445 ἐπιδιδόναι
809 3393 1033 3456 ἑαυτοὺς
1063 3396 1130 3463 τῇ
1163 3394 1304 3446 κατά
1341 3396 1764 3467 Χριστιανισμὺν
1811 3396 1926 3448 θεο-

353 3483 537 3554 σεόείᾳ
554 3501 567 3513 ⁸
594 3484 686 3537 ἐπὶ
708 3485 960 3538 τοσοῦτον
992 3486 1096 3539 ὑπὸ
1116 3487 1212 3539 τοῦ
1237 3488 1396 3556 λόγου
1438 3489 1818 3560 κρατούμενοι,
1850 3490 1925 3553 ὡς

348 3575 499 3647 φόϐῳ
538 3576 648 3631 τῶν
694 3577 836 3631 κατὰ
887 3580 979 3632 τὸν
1026 3579 1181 3648 λόγον
1224 3582 1637 3652 ὀνομαζομένων
1695 3584 1925 3635 αἰωνίων

343 3668 639 3732 κολάσεων,
689 3670 869 3740 πάσης
905 3671 1006 3740 τῆς
1048 3673 1179 3743 παρ’
1226 3672 1530 3743 ἀνθρώποις
1581 3675 1698 3728 κατ’
1747 3675 1924 3728 αὑτῶν

346 3762 732 3833 ὲπινοουμένης
758 3763 831 3833 (8)
886 3762 1118 3833 βασάνου
1166 3768 1258 3819 καὶ
1308 3767 1444 3837 μετά
1498 3768 1705 3839 μυρίων
1744 3768 1923 3822 πόνων

347 3854 578 3908 θανάτου
612 3859 989 3925 καταφρονεῖν,
1045 3859 1183 3929 ὅπερ
1224 3858 1397 3922 οὐδεὶς
1445 3859 1511 3913 ἂν
1552 3862 1661 3913 τῶν
1701 3857 1758 3914 εὖ
1796 3879 1925 3933 φρο-

344 3943 579 3996 νούντων
634 3946 800 4014 φήσαι
848 3945 1097 4015 πονηρῶν
1141 3949 1512 4018 προαιρέσεων
1553 3949 1711 4021 ἔργον
1765 3948 1920 4003 εἶναι.

347 4035 472 4099 Πῶς
519 4034 566 4088 δ’
617 4035 722 4089 ἀπὸ
771 4038 1139 4108 προαιρέσεως
1188 4042 1428 4110 πονηρᾶς
1484 4042 1777 4112 ἐγκράτεια
1832 4044 1922 4096 καὶ

348 4126 667 4196 σωφροσύνη
701 4128 969 4190 ἀσκεῖται,
1009 4129 1041 4198 ἢ
1082 4128 1143 4180 τὸ
1177 4131 1524 4198 μεταδοτικὸν
1560 4132 1653 4184 καὶ
1678 4149 1923 4185 κοινωνι-

347 4218 478 4283 κόν;
537 4217 675 4269 Ἀλλ’
713 4218 825 4270 οὐδ’
854 4221 882 4270 ὁ
923 4220 1058 4288 πρὸς
1099 4220 1159 4271 τὸ
1208 4221 1359 4272 Θεῖον
1401 4222 1580 4289 φόϐος,
1628 4224 1710 4292 ἐφ’
1749 4224 1807 4275 ὃν
1851 4226 1925 4286 ῶς

347 4312 614 4381 χρήσιμον
641 4313 750 4374 τοῖς
793 4310 1003 4374 πολλοῖς
1034 4313 1349 4382 παρακαλεῖ
1402 4315 1425 4365 ὁ
1469 4314 1623 4382 λόγος
1665 4316 1789 4378 τοὺς
1831 4335 1926 4386 μη-

344 4404 492 4457 δέπω
532 4405 860 4473 δυναμένους
905 4406 965 4459 τὸ
996 4406 1064 4459 δι’
1104 4406 1237 4459 αὑτὸ
1280 4408 1496 4477 αἱρετὸν
1543 4407 1779 4475 βλέπειν,
1832 4411 1925 4461 καὶ

344 4495 613 4567 αἱρεῖσθαι
642 4495 792 4559 αὐτὸ,
817 4497 891 4558 ὡς
919 4496 1174 4566 μέγιστον
1201 4497 1424 4566 ἀγαθὸν,
1463 4498 1555 4550 καὶ
1580 4499 1719 4569 ὑπὲρ
1746 4501 1920 4552 πᾶσαν

343 4589 706 4657 ἐπαγγελίανο
752 4588 810 4653 ἐξ
849 4582 922 4642 ὧν
961 4590 1019 4642 οὑ
1063 4588 1221 4643 τοῦτο
1243 4590 1319 4661 τῷ
1356 4590 1498 4644 κατὰ
1539 4592 1801 4662 πονηρίαν
1840 4595 1921 4644 αἱ-

349 4681 591 4751 ρουμένῳ
620 4682 717 4751 ζῇν
741 4681 1055 4748 ἐγγενέσθαι
1092 4682 1354 4750 πέφυκεν.

426 4774 550 4825 Ἐὰν
596 4775 650 4826 δέ
693 4791 776 4837 τις
825 4776 881 4827 ὲν
924 4774 1131 4838 τούτοις
1173 4775 1591 4846 δεισιδαιμονίαν
1642 4774 1838 4844 μᾶλλον
1881 4775 1913 4846 ἢ

349 4866 604 4934 πονηρίαν
635 4867 757 4935 περὶ
783 4868 906 4929 τοὺς
928 4867 1150 4931 πολλοὺς
1171 4868 1279 4921 τῶν
1300 4869 1654 4921 πιστευόντων
1673 4866 1750 4937 τῷ
1775 4867 1917 4939 λόγῳ

346 4949 485 5007 εἶναι
541 4954 892 5027 φαντάζηται,
946 4962 1038 5013 καὶ
1091 4962 1294 5032 ἐγκαλῇ
1378 4962 1453 5025 ὡς
1518 4962 1917 5031 δεισιδαίμονας

344 5044 587 5099 ποιοῦντι
630 5047 707 5117 τῷ
736 5046 877 5119 λόγῳ
919 5051 1092 5121 ἡμῶν·
1141 5054 1383 5122 φήσομεν
1425 5052 1559 5123 πρὸς
1602 5052 1782 5112 αὑτὸν,
1812 5053 1913 5114 ὅτι,

342 5139 532 5210 ὥσπερ
560 5139 713 5208 ἔλεγέ
749 5158 831 5205 τις
859 5143 964 5195 τῶν
1003 5143 1302 5214 νομοθετῶν
1334 5145 1408 5217 (9)
1458 5145 1592 5216 πρὸς
1632 5143 1917 5214 ἐρωτῶντα

416 5390 490 5460 (5)
535 5391 732 5456 Λέξις.
780 5390 1119 5445 llmschelius
1170 5394 1221 5444 in
1279 5402 1461 5453 textu,
1514 5394 1687 5458 τάξις.
1741 5396 1910 5450 Paulo

344 5471 649 5537 pos‘t‘au‘ss‘,
680 5462 834 5515 πάντ’
868 5461 1379 5537 ἀπαριθμκῖιηᾼιίιιε,
1422 5464 1577 5537 πάντ’
1601 5466 1834 5537 ἀριθμῶ.

417 5531 491 5599 (ti)
530 5529 726 5609 Quieto
778 5529 1119 5609 scribendum
1160 5534 1393 5609 videtur,
1422 5536 1549 5606 περὶ
1580 5529 1705 5598 τοῦς
1734 5529 1907 5609 ’προσ-

343 5601 690 5675 ερχρμένλυς,
742 5617 795 5675 et
842 5604 1000 5675 paulo
1038 5613 1183 5670 post,
1223 5604 1457 5672 ἄκομψοι
1492 5601 1585 5674 pro
1614 5601 1832 5675 κομψοί.

416 5673 490 5732 t7)
536 5673 870 5727 Htescltelius
923 5674 972 5726 in
1027 5683 1206 5737 textu,
1243 5673 1519 5740 κινοῦντος
1574 5673 1771 5740 αὐτοὺς
1818 5680 1910 5731 καὶ

345 5742 775 5815 προτρέποντος,
836 5760 956 5815 quae
1015 5743 1211 5799 Guietu
1270 5747 1512 5800 addititia
1565 5748 1905 5803 videbantur.

348 5805 511 5867 Paulo
541 5812 679 5869 intra
716 5805 903 5871 omnes
932 5834 1087 5885 mss,
1120 5815 1224 5869 ὑπὸ
1252 5815 1345 5869 τοῦ
1394 5817 1551 5887 λόγον
1602 5818 1905 5891 κρατούμε-

2031 3307 2414 3360 ahstinendum
2467 3306 2553 3370 iis,
2589 3305 2787 3373 quibus
2837 3305 3106 3357 destinata
3148 3304 3408 3373 supplicia
3450 3314 3599 3366 sunt,

2026 3406 2326 3466 preperant
2376 3412 2435 3451 se
2496 3396 2939 3450 Christianorum
2991 3395 3234 3465 religioni
3290 3397 3603 3462 devovere;

2029 3504 2198 3558 usque
2228 3489 2362 3543 adeo
2387 3498 2572 3541 nostra
2608 3488 2852 3542 doctrina
2879 3488 3030 3547 victi,
3061 3498 3139 3550 ut,
3182 3502 3377 3555 poenas
3416 3488 3603 3550 veriti,

2026 3596 2164 3649 quas
2186 3593 2419 3633 aeternas
2442 3578 2611 3650 499
2638 3589 2822 3642 vocat,
2853 3580 3036 3631 omnia
3088 3589 3355 3631 tormenta
3401 3582 3469 3631 ab
3502 3580 3599 3632 ho-

2029 3671 2269 3726 tninibus
2308 3681 2497 3725 contra
2552 3672 2699 3738 ipsos
2747 3670 3076 3732 excogitata,
3127 3684 3400 3722 :erumnas
3441 3670 3600 3722 innu-

2027 3780 2225 3826 tneras,
2270 3775 2501 3817 mortem
2556 3764 2726 3831 ipsam
2778 3771 3130 3815 contemnere
3186 3778 3289 3814 non
3333 3761 3599 3821 dubitent.

2028 3857 2140 3911 Hoc
2167 3867 2345 3909 autem
2392 3872 2550 3908 neruo
2589 3871 2732 3908 sana:
2770 3856 2967 3907 mentis
3003 3855 3200 3907 dixerit
3242 3855 3293 3907 iu
3336 3869 3602 3922 perversa

2028 3953 2320 4006 voluntatis
2347 3950 2591 4004 homines
2623 3960 2949 4016 competere.
2983 3948 3118 4002 Nutu
3157 3952 3299 4003 enim
3342 3966 3599 4018 perversa

2027 4044 2279 4097 voluntas
2318 4043 2497 4095 studet
2538 4041 2942 4113 temperantiae,
2996 4041 3316 4109 sobrietati,
3358 4042 3601 4095 liberali—

2028 4136 2146 4198 tati,
2185 4133 2602 4189 beneﬁcentize?
2654 4132 2707 4186 lu
2755 4149 2873 4186 eam
2924 4149 2989 4186 ne
3021 4133 3115 4186 Dei
3172 4135 3333 4187 tituor
3380 4135 3598 4200 quidem

2026 4228 2191 4289 cadit,
2216 4226 2282 4279 ad
2312 4241 2471 4293 quem
2500 4227 2750 4278 timorem
2783 4234 2963 4278 tamen
2992 4234 3174 4279 nostra
3208 4227 3448 4279 doctrina
3475 4228 3600 4280 hor-

2029 4327 2173 4369 tatur
2204 4326 2259 4369 ut
2291 4317 2473 4381 utilem
2508 4318 2713 4381 multis,
2747 4317 2835 4385 qui
2863 4317 3099 4375 nondum
3168 4316 3246 4379 id,
3284 4319 3428 4386 quod
3474 4334 3601 4387 pro-

2026 4418 2145 4476 pter
2197 4424 2253 4461 se
2280 4410 2639 4477 expetendum
2663 4419 2766 4472 est,
2806 4418 2899 4462 aut
2931 4410 3196 4479 dispicere
3233 4420 3476 4478 possunt,
3508 4422 3599 4464 aut

2027 4500 2225 4566 eligere
2273 4511 2332 4553 ut
2379 4516 2651 4553 summum
2690 4502 2891 4555 bonum
2940 4511 2994 4555 et
3044 4501 3191 4554 ornni
3240 4503 3601 4570 promissione

2029 4591 2239 4662 majus;
2294 4595 2437 4662 quod
2500 4596 2689 4648 horum
2742 4596 2940 4649 nemini
2988 4595 3234 4650 accidere
3267 4606 3466 4665 potest,
3506 4598 3598 4668 qui

2029 4686 2286 4752 nequiter
2316 4686 2499 4739 vivere
2524 4687 2886 4756 proposuerit.

2096 4778 2184 4833 79.
2223 4778 2550 4847 Cogitaverit
2588 4780 2818 4835 fortasse
2861 4782 3129 4849 quispiam
3171 4783 3223 4835 in
3264 4784 3349 4838 his
3383 4785 3592 4838 nostris

2027 4870 2287 4923 institutis
2322 4886 2425 4923 non
2462 4872 2762 4938 nequitiam
2800 4873 3041 4941 quidem,
3072 4873 3164 4927 sed
3195 4884 3370 4929 tamen
3400 4892 3595 4946 supcr-

2025 4962 2300 5014 stitiouem
2324 4976 2466 5023 esse,
2501 4963 2735 5031 hincque
2763 4964 3024 5019 doetrinte
3059 4978 3261 5021 nostra:
3294 4968 3420 5022 vitio
3448 4970 3597 5023 dabit

2025 5053 2165 5121 quod
2218 5054 2626 5122 superstitiosos
2660 5055 2843 5109 faciat.
2883 5056 3376 5127 Respondebimus,
3407 5076 3597 5129 quem-

2024 5144 2312 5198 admodum
2363 5147 2585 5214 quidatn
2626 5163 2694 5201 ex
2763 5148 3161 5218 legislatoribus
3210 5153 3592 5221 interroganti,

2016 5421 2115 5458 νοι.
2151 5404 2306 5488 ιιῑιη».
2350 5409 2543 5488 excusi
2590 5410 2641 5463 in
2687 5418 2836 5464 textu
2873 5410 3104 5473 habent,
3145 5404 3250 5458 ὑπὸ
3290 5401 3384 5456 τοῦ
3430 5401 3592 5473 λόγου

2016 5483 2164 5527 κινού
2174 5483 2357 5545 μενοι.³

2087 5546 2162 5615 (8)
2178 5544 2517 5615 'llufschelius
2537 5548 2588 5601 in
2612 5559 2782 5613 textu,
2800 5545 3219 5615 ὲπινοουμένοις.
3248 5545 3386 5599 Infra
3411 5544 3553 5599 idem
3574 5589 3586 5607 ,

2013 5615 2070 5682 ἐξ
2097 5613 2176 5669 ’ὧν
2204 5614 2269 5670 αὖ
2298 5618 2457 5672 τοῦτο
2482 5618 2559 5689 τῷ
2586 5620 2745 5689 κατά,
2773 5630 2905 5681 etc.,
2937 5613 3094 5670 male.

2084 5688 2157 5758 (9)
2182 5688 2304 5743 Τῶν
2320 5686 2673 5757 νομοθετῶν.
2704 5692 2779 5742 Ita
2813 5698 2956 5742 recte
2982 5688 3202 5739 omnino
3228 5686 3387 5758 habet
3416 5686 3591 5745 codex

2010 5756 2253 5815 Joliauus
2283 5756 2519 5815 secunda
2550 5774 2733 5816 manu.
2762 5759 2933 5828 Alias,
2966 5758 3056 5811 τὸν
3090 5756 3409 5829 νομοθέτην.
