3986 6164
353 294 499 350 i025

1513 286 1790 345 CONTRA
1819 286 2095 342 (ιειδυιι
2134 285 2259 339 LIB.
2301 285 2385 338 Ill.

3446 286 3582 342 l026

348 410 524 482 ψυχῆς
570 410 743 477 λόγον,
788 406 1088 474 πεφυκυίας
1135 405 1444 458 ἀναὸαίνειν
1498 404 1589 455 ἐπὶ
1626 404 1725 475 τὴν
1755 403 1909 474 ἀψίδα

2022 417 2229 454 summa
2265 400 2523 453 caelorum
2561 395 2839 462 ascendat,
2872 396 3050 466 ibique
3080 397 3132 452 In
3155 398 3389 468 quodam
3420 415 3582 466 supra

349 502 440 554 τοῦ
473 499 720 572 οὐρανοῦ,
765 500 855 551 καὶ
888 500 944 551 ὲν
976 498 1052 567 τῷ
1085 497 1460 568 ὐπερουρανίῳ
1505 496 1654 565 τόπῳ
1694 496 1916 566 θεωρεῖν

351 594 418 647 τὰ
442 590 549 646 τῶν
578 592 905 661 εὐδαιμόνων
934 590 1138 643 θεατῶν
1180 589 1447 660 θεάματα.
1478 588 1634 642 Κατά
1678 588 1737 641 σὲ
1766 588 1842 651 δὲ,
1871 581 1916 640 ὦ

352 685 542 745 Κέλσε.
575 684 667 736 καὶ
699 684 747 735 οἱ
779 680 1203 753 παραδεξάμενοι
1243 681 1337 751 τὴν
1366 680 1461 750 τῆς
1494 679 1667 750 ψυχῆς
1705 680 1914 731 ἐπιδια-

355 777 537 849 μονὴν,
573 777 667 828 καὶ
703 774 944 845 βιοῦντες
987 773 1116 826 ὥσθ’
1146 774 1323 844 ἥρωες
1346 772 1617 841 γενέσθαι,
1653 772 1745 826 καὶ
1777 771 1915 842 μετά

312 832 336 905 ί
353 869 487 922 θεῶν
530 868 669 933 ἕξειν
695 867 789 929 τὰς,
834 865 1130 937 διατριϐὰς,
1174 864 1401 933 κούφαις
1434 864 1642 919 ἐλπίσιν
1681 864 1916 933 ὑπάγον-

351 977 458 1013 ται.
490 958 641 1027 Τάχα
664 957 718 1009 δὲ
744 958 835 1008 καὶ
859 956 907 1008 οἱ
936 954 1245 1016 πεισθέντες
1273 954 1398 1024 περὶ
1421 951 1512 1005 τοῦ
1542 951 1773 1023 θύραθεν
1795 952 1910 1014 νοῦ,

350 1049 425 1113 ὡς
458 1050 685 1102 θανάτου
735 1046 918 1101 καινοῦ
944 1044 1272 1115 διεξαγωγὴν
1303 1044 1510 1109 ἕξοντος
1533 1044 1663 1113 (14),
1688 1042 1915 1112 κούφαις

352 1140 417 1194 ἂν
444 1140 743 1210 ὑπάγεσθαι
769 1138 1010 1206 λέγοιντο
1039 1137 1144 1188 ὐπὸ
1169 1136 1376 1189 Κέλσου
1411 1134 1637 1187 ἐλπίσιν.
1688 1136 1913 1203 Ἀγωνιη

354 1233 534 1288 σάσθω
560 1230 654 1286 οὖν
690 1232 882 1303 μηκέτι
915 1228 1167 1302 κρύπτων
1198 1228 1295 1299 τὴν
1330 1226 1519 1279 ἑαυτοῦ
1548 1227 1774 1297 αἵρεσιν,
1803 1226 1915 1278 ἀλλ’

350 1322 624 1392 ὁμολογῶν
672 1320 1042 1391 Ἐπικούρειος
1076 1315 1374 1389 εἶναιπρὸς
1419 1317 1487 1371 τά
1526 1318 1655 1389 παρ’
1694 1318 1916 1388 Ἕλλησι

348 1414 442 1466 καὶ
489 1412 781 1482 βαρϐάροις
822 1411 919 1463 οὐκ
963 1410 1446 1479 εὐκαταφρονήτως
1482 1408 1746 1477 λεγόμενα
1789 1408 1918 1477 περὶ

345 1506 444 1574 τῆς
472 1503 769 1565 ἀθανασίας
805 1502 906 1571 τῆς
935 1500 1131 1571 ψυχῆς,
1159 1501 1191 1569 ἢ
1222 1501 1317 1571 τῆς
1349 1500 1696 1570 ἐπιδιαμονῆς
1726 1499 1915 1570 αὐτῆς,

346 1594 380 1665 ἢ
400 1596 499 1664 τῆς
515 1594 607 1646 τοῦ
627 1593 716 1644 νοῦ
735 1592 1045 1653 ἀθανασίας
1060 1591 1153 1643 καὶ
1192 1588 1595 1661 παραδεικνύτω
1622 1587 1790 1641 ταῦτα
1820 1588 1917 1658 μὲν

346 1680 486 1736 εἶναι
514 1683 702 1751 λόγους
723 1680 949 1746 κούφαις
977 1680 1186 1734 ἐλπίσιν
1208 1679 1527 1740 ἀπατῶντας
1554 1679 1678 1742 τοὺς
1711 1696 1914 1747 συγκα-

346 1771 726 1841 τατιθεμένους
757 1772 958 1835 αὐτοῖς,
991 1772 1116 1833 τοὺς
1153 1769 1208 1822 δὲ
1240 1770 1339 1839 τῆς
1383 1767 1574 1822 ἑαυτοῦ
1603 1768 1914 1837 φιλοσοφίας

346 1865 618 1935 καθαροὺς
646 1859 780 1916 εἶναι
808 1863 1022 1931 κούφων
1050 1862 1295 1915 ἐλπίδων
1333 1861 1425 1913 καὶ
1468 1862 1583 1932 ἦτοι
1617 1860 1915 1931 προσάγον-

344 1973 445 2019 τας
503 1954 710 2007 ὲλπίσιν
763 1954 1080 2023 ἀγαθαῖς,ἢ
1150 1952 1307 2023 (ὅπερ
1372 1951 1570 2022 μᾶλλον
1626 1952 1913 2005 ἀκόλουθόν

346 2048 495 2098 ἐστιν
536 2045 725 2115 αὐτῷ,)
770 2044 1019 2115 οὐδεμίαν
1055 2043 1414 2113 ἐμποιοῦντας
1458 2041 1645 2095 ἐλπίδα
1685 2041 1771 2094 διὰ
1816 2042 1914 2113 τὴν

346 2140 443 2209 τῆς
469 2140 641 2209 ψυχῆς
668 2137 867 2199 εὐθέως
899 2135 1130 2205 παντελῆ
1160 2134 1382 2205 φθοράν.
1409 2135 1469 2186 Et
1494 2134 1566 2204 μὴ
1588 2134 1696 2204 ἄρα
1710 2132 1915 2196 Κέλσος

346 2231 441 2283 καὶ
471 2233 519 2283 oi
566 2227 1003 2299 Ἐπικούρειοιού
1035 2229 1262 2298 φήσουσι
1296 2226 1504 2296 κούφην
1552 2221 1691 2278 εἷναι
1723 2223 1913 2277 ἐλπίδα

2018 495 2182 549 rcelos
2231 494 2347 546 loco
2395 492 2607 553 iisdem,
2652 490 2848 559 quibus
2881 491 3049 556 beati,
3082 491 3408 559 spectaculis
3433 490 3584 544 frua-

2020 595 2126 640 tur.
2156 586 2298 655 Ergo
2329 599 2394 637 ex
2442 593 2515 649 te,
2563 598 2596 637 ο
2648 580 2825 646 Celse,
2877 582 2969 651 qui
3022 584 3256 637 animam
3288 597 3319 637 a
3348 596 3585 651 corpore

2016 679 2244 734 solutam
2289 691 2607 747 permanere
2635 676 2950 730 existimant
2986 684 3041 727 et
3071 673 3145 729 ita
3178 676 3365 729 vivunt
3395 686 3453 730 ut
3488 676 3584 730 he-

2015 785 2139 825 roes
2181 768 2332 835 ﬁant,
2378 777 2587 821 etcum
2635 767 2740 822 diis
2771 768 2978 829 vivant,
3012 766 3046 819 ii
3083 781 3219 821 vana
3268 766 3433 821 etiam
3486 782 3584 834 spe

2016 860 2307 914 ducuntur.
2342 856 2601 911 Fortasse
2635 866 2690 911 et
2722 872 2814 913 eos
2847 872 2984 910 vana
3027 872 3125 925 spe
3172 857 3361 912 Celsus
3392 858 3575 913 deludi

2016 949 2236 1015 dixerit,
2269 949 2357 1017 qui
2407 964 2507 1018 pro
2551 958 2704 1003 certo
2737 950 2941 1003 habent
2972 959 3207 1004 mentem
3243 951 3584 1006 extrinsecus

2017 1041 2220 1102 venire,
2259 1049 2314 1094 et
2341 1040 2503 1095 morti
2536 1040 2700 1094 etiam
2731 1051 2963 1094 mentem
2992 1041 3310 1095 subductum
3339 1042 3426 1096 iri.
3454 1042 3585 1097 Pro-

2017 1132 2140 1185 deat
2172 1132 2333 1200 igitur
2367 1130 2421 1184 in
2454 1139 2750 1193 certamen,
2779 1146 2883 1199 qua
2915 1140 3059 1184 secta
3088 1132 3158 1183 sit
3186 1148 3289 1185 non
3322 1132 3582 1189 dissimu-

2018 1222 2156 1287 lans;
2189 1222 2420 1277 fateatur
2449 1237 2508 1277 se
2535 1221 2852 1291 Epicureum
2895 1238 3031 1285 esse,
3062 1234 3115 1276 et
3144 1225 3381 1279 rationes
3406 1227 3579 1283 hand-

2018 1329 2287 1385 quaquam
2320 1315 2744 1371 centemnendas
2774 1325 3044 1384 oppugnet
3094 1317 3289 1384 quibus
3326 1329 3379 1373 et
3407 1318 3581 1376 Graeci

2018 1415 2073 1459 et
2113 1407 2328 1461 barbari
2383 1407 2680 1461 defendunt
2727 1408 2961 1460 animam
3012 1421 3135 1461 esse
3182 1409 3581 1478 immortalem;

2016 1500 2267 1553 ostendat
2313 1499 2399 1553 his
2434 1500 2719 1553 sententiis
2750 1515 2946 1553 vanam
2996 1502 3047 1555 in
3081 1518 3230 1572 spem
3281 1503 3459 1558 induci
3492 1504 3582 1572 qui

2018 1591 2124 1645 illis
2154 1591 2547 1655 assentiuntur,
2580 1606 2674 1644 sua
2706 1606 2833 1645 vero
2868 1591 3207 1661 philosophia
3250 1609 3354 1648 non
3386 1609 3579 1647 vanam

2017 1696 2164 1749 Spem
2198 1680 2335 1741 dari,
2376 1681 2468 1734 sed
2518 1690 2720 1734 certam
2768 1690 2823 1733 et
2859 1682 3213 1750 exploratam,
3260 1692 3352 1736 aut
3383 1684 3581 1752 potius,

2018 1772 2160 1841 quod
2182 1772 2299 1841 ejus
2330 1773 2525 1826 rationi
2552 1782 2976 1826 consentaneum
3002 1774 3358 1839 est,nn|lam;
3388 1775 3585 1843 quippe

2019 1864 2109 1933 qui
2142 1863 2334 1917 doceat
2369 1864 2632 1927 animam,
2669 1864 2853 1916 statim
2901 1872 2959 1917 ut
3007 1878 3204 1932 corpus
3251 1864 3580 1919 dissolutum

2018 1962 2122 2019 est,
2158 1968 2378 2023 prorsus
2411 1954 2657 2009 interire.
2706 1953 2821 2007 Nisi
2866 1953 3006 2009 forte
3043 1955 3231 2011 Celsus
3257 1966 3310 2010 et
3338 1954 3585 2026 Epicurei

2019 2052 2217 2114 negent
2246 2058 2439 2097 vanam
2484 2058 2605 2099 esse
2651 2058 2801 2115 spem
2848 2046 2901 2099 in
2948 2045 3227 2115 voluptate
3257 2063 3420 2116 quam
3452 2047 3583 2100 ulti-

2020 2151 2165 2189 mum
2196 2136 2392 2190 bonum
2428 2151 2549 2191 esse
2583 2146 2791 2205 putant,
2841 2138 2892 2191 in
2928 2138 3065 2191 bona
3094 2141 3338 2209 corporis
3371 2139 3583 2193 valetu—

2018 2226 2165 2289 dine,
2202 2228 2393 2283 infide
2429 2228 2645 2299 Epicuri
2677 2230 3015 2283 collociitam.

340 2323 439 2393 τὴν
472 2320 713 2392 περὶτοῦ
746 2320 929 2383 τέλους
956 2320 1130 2374 αὐτῶν
1154 2321 1251 2390 τῆς
1280 2320 1488 2389 ἡδονῆς.
1521 2318 1641 2387 ἥτις
1672 2320 1787 2370 κατ’
1817 2318 2011 2382 αὐτούς
2030 2320 2146 2374 ἐστι
2170 2321 2231 2374 τὸ
2262 2322 2484 2391 ἀγαθὸν,
2516 2322 2576 2375 τὸ
2605 2323 2702 2393 τῆς
2732 2322 2928 2393 σαρκὸς
2953 2321 3207 2387 εὐσταθὲς
3237 2324 3583 2396 κατάστημα,

342 2413 437 2465 καὶ
468 2412 529 2464 τὸ
559 2412 685 2481 περὶ
716 2410 915 2481 ταύτης
947 2411 1134 2463 πιστὸν
1169 2410 1471 2480 Ἐπικούρῳ
1502 2409 1743 2480 ἔλπισμα
1783 2411 1912 2480 (l5).

414 2509 504 2577 Μὴ
541 2506 813 2577 ὑπολάϐῃς
853 2506 909 2558 δέ
948 2522 1013 2576 με
1043 2506 1139 2575 οὐχ
1172 2505 1516 2576 ἁρμοζόντως
1552 2504 1629 2575 τῷ
1657 2507 1915 2575 Χριστια-

341 2600 449 2653 νῶν
481 2600 622 2669 λόγῳ
662 2598 1054 2669 παρειληφέναι
1089 2596 1223 2668 πρὸς
1259 2597 1347 2649 τὸν
1391 2596 1593 2649 Κέλσον
1624 2596 1748 2658 τοὺς
1787 2596 1915 2666 περὶ

342 2694 445 2762 τῆς
473 2691 765 2753 ἀθανασίας
798 2692 831 2761 ἢ
862 2691 962 2759 τῆς
996 2689 1343 2759 ὲπιδιαμονῆς
1368 2688 1466 2757 τῆς
1494 2687 1670 2757 ψυχῆς
1702 2686 1914 2756 φιλοσο-

344 2786 642 2855 φήσαντας·
679 2782 811 2853 πρὸς
845 2780 937 2843 οὓς
978 2780 1132 2833 κοινά
1170 2797 1289 2832 τινα
1329 2779 1559 2848 ἔχοντες,
1606 2777 1913 2848 εὐκαιρότε-

345 2893 437 2947 ρον
486 2877 925 2949 παραστήσομεν,
973 2873 1054 2925 ὅτι
1101 2874 1133 2941 ἡ
1188 2872 1452 2943 μέλλουσα
1504 2871 1746 2941 μακαρία
1797 2867 1909 2940 ζωὴ

345 2968 526 3039 μόνοις
554 2966 703 3019 ἔσται
734 2968 846 3028 τοῖς
887 2964 986 3035 τὴν
1032 2964 1174 3016 κατά
1207 2963 1297 3015 τὸν
1341 2964 1543 3032 Ἰησοῦν
1588 2961 1905 3025 θεοσέϐειαν,

2088 2507 2177 2562 81.
2216 2507 2401 2577 Neque
2445 2524 2574 2563 vero
2605 2510 2885 2565 existimes
2934 2524 3019 2565 me
3067 2524 3170 2564 non
3218 2520 3584 2579 congrurnter

2015 2598 2346 2654 Christiana:
2396 2601 2659 2655 doctrina:
2708 2602 3195 2670 convenienterque
3222 2600 3425 2669 facere,
3457 2617 3579 2657 cum

2017 2700 2139 2743 utor
2164 2690 2423 2763 suffragio
2453 2691 2917 2761 philosophorum,
2955 2693 3043 2761 qni
3083 2693 3316 2747 animam
3355 2694 3579 2747 immor-

2019 2781 2178 2835 talem
2218 2798 2356 2850 esse,
2393 2793 2486 2837 aut
2518 2793 2641 2854 post
2663 2786 2912 2854 corporis
2945 2785 3226 2838 interitum
3260 2799 3580 2854 permanere

2015 2874 2362 2928 contendunt.
2395 2874 2530 2929 Cum
2558 2876 2625 2930 iis
2656 2877 2801 2929 enim
2834 2878 2875 2931 si
2914 2893 3034 2945 qua:
3061 2877 3369 2930 connnunia
3401 2893 3585 2932 serva-

2017 2960 2215 3024 bimus,
2243 2962 2412 3016 multo
2442 2965 2761 3031 probabitur
2787 2964 2996 3018 facilius
3027 2966 3149 3019 vitae
3178 2965 3375 3020 futurae
3403 2965 3582 3021 felici-

296 3056 300 3062 ’
343 3032 438 3112 καὶ
464 3059 563 3130 τὴν
586 3060 664 3121 εἰς
691 3057 780 3110 τὸν
812 3056 918 3109 τῶν
943 3032 1087 3108 -ὂλων
1125 3055 1450 3125 δημιουργὸν
1482 3053 1763 3106 εὐσέϐειαν
1788 3054 1909 3105 είλι-

2023 3063 2184 3107 tatem
2209 3069 2302 3108 eos
2335 3070 2562 3110 manere
2582 3058 2759 3122 solos,
2788 3060 2878 3127 qui
2904 3058 3216 3127 religionem
3242 3074 3270 3111 a
3294 3056 3418 3113 Jesu
3439 3074 3547 3127 pra:
3567 3087 3580 3100 -

342 3151 504 3220 κρινῆ
532 3151 626 3202 καὶ
657 3147 900 3219 καθαρὰν
939 3149 1031 3201 καὶ
1073 3148 1301 3217 ἄμικτον
1348 3148 1483 3218 πρὸς
1508 3144 1787 3199 ὁτιποτοῦν
1821 3161 1913 3213 γε-

344 3241 505 3310 νητὸν
555 3239 1031 3309 παραδεξαμένοις.
1084 3239 1255 3291 Ποίων
1299 3239 1355 3291 δὲ
1396 3237 1715 3309 κρειττόνων
1744 3253 1913 3289 κατα-

345 3332 560 3403 φρονεῖν
600 3328 1002 3400 παραπείθομεν
1038 3330 1161 3391 τοὺς
1212 3327 1524 3399 ἀνθρώπους
1556 3324 1913 3399 παραδεικνύ-

344 3440 423 3477 τω
456 3424 484 3475 ὁ
525 3422 863 3493 βουλόμενος,
899 3422 992 3475 καὶ
1035 3421 1445 3491 ἀντιπαραθέτω
1484 3420 1545 3473 τὸ
1580 3420 1700 3473 καθ’
1765 3419 1913 3490 ἡμᾶς

341 3514 493 3585 παρά
519 3514 635 3584 Θεῷ
662 3515 718 3565 ὲν
750 3511 984 3583 Χριστῷ,
1020 3512 1263 3565 τουτέστι
1289 3512 1366 3582 τῷ
1412 3512 1568 3582 Λόγῳ
1599 3513 1693 3565 καὶ
1716 3513 1781 3581 τῇ
1817 3528 1907 3563 σο-

341 3606 440 3677 φίᾳ
471 3606 564 3658 καὶ
592 3605 741 3677 πάσῃ
770 3606 959 3676 ἀρετῇ,
988 3603 1140 3667 τέλος
1168 3605 1438 3676 μακάριον
1464 3607 1576 3668 τοῖς
1605 3604 1908 3675 ἀμέμπτως

336 3862 403 3902 ea
451 3856 654 3900 attente
697 3847 1033 3915 inspicimus,
1064 3860 1197 3913 pura
1239 3846 1291 3898 in
1326 3845 1444 3899 luce
1477 3845 1618 3912 puri,
1651 3855 1706 3899 et
1737 3856 1888 3900 extra

341 3931 552 3970 omnem
586 3917 912 3983 impnritatis
948 3932 1167 3978 noxam,
1195 3917 1352 3969 soluti
1385 3918 1452 3969 ab
1498 3919 1596 3968 hoc
1622 3917 1892 3985 ergasmlo

341 3988 484 4054 quod
517 3987 673 4037 modo
704 3985 1145 4039 circumferentes
1174 4000 1368 4050 (Ὄννης
1397 4000 1672 4045 Vncamns,
1706 3988 1756 4038 in
1785 4002 1896 4037 mo-

343 4062 469 4107 dum
500 4065 690 4106 ostreae
721 4057 841 4106 huic
874 4055 1128 4117 colligati.
1160 4058 1416 4109 Spescnn.
1452 4054 1591 4106 Infra
1641 4054 1759 4107 libri
1800 4072 1894 4106 ex-

337 4125 488 4208 C'JSi',
513 4124 609 4208 τὴν
640 4123 735 4191 τῆς
767 4122 942 4208 finxit;
971 4123 1244 4195 διαμονήν,
1271 4132 1362 4177 sed
1395 4122 1784 4194 IltSS.,‘t'hv.1ﬁ;
1807 4126 1908 4193 ψυ.

339 4194 440 4264 χῆς
474 4194 842 4264 ὲπιδιαμονήν.

412 4265 522 4328 (Η)
549 4259 684 4329 Περὶ
715 4262 818 4313 τοῦ
848 4262 1099 4330 θύραθεν
1138 4260 1270 4323 νοῦ,
1303 4262 1383 4326 ὠς
1410 4259 1667 4314 θανάτου
1698 4262 1905 4316 καινοῦ

336 4331 704 4401 διεξαγωγὴν
740 4332 1003 4396 ἕξοντος.
1054 4330 1227 4384 Locus
1283 4345 1429 4385 certe
1478 4331 1764 4401 obscurus,
1813 4333 1898 4385 cui

350 4400 527 4455 lttt't‘tti
560 4404 752 4455 alii-rte
777 4413 1007 4453 conatur
1054 4401 1386 4454 Boherollus.
1439 4400 1660 4465 legendo
1688 4401 1901 4453 divisim

334 4473 411 4535 ὡς
442 4472 666 4526 θανάτου
716 4473 808 4524 καὶ
844 4470 935 4523 νοῦ
987 4470 1318 4541 διεξαγωγὴν
1354 4448 1587 4536 ἕξοντος,
1627 4482 1679 4521 ιιι
1706 4487 1905 4541 sensus
1939 4448 1983 4504 D

338 4547 405 4595 sit
440 4564 458 4592 ι
487 4545 642 4595 morti
674 4545 837 4596 etiam
881 4556 1114 4595 tuentem
1168 4539 1498 4594 subductum
1534 4541 1615 4592 iri.
1648 4558 1663 4588 ι
1703 4539 1831 4593 Nam
1864 4541 1906 4592 si

335 4611 593 4692 θύραθεν-
609 4613 731 4682 ἥκει
758 4611 921 4692 ¹νοῦς,
968 4626 1305 4692 ιτριιειξιιιιςιιδ
1352 4620 1433 4663 est
1460 4620 1513 4662 ut
1546 4609 1774 4692 θανάτου
1817 4610 1910 4662 καὶ

335 4678 460 4745 νοῦς
485 4678 813 4753 διεξαγωγὴν
845 4681 961 4753 ἔχῃ.
994 4680 1093 4753 l’ro
1124 4678 1478 4749 διεξαγωγὴν,
1515 4680 1653 4753 alias
1682 4682 1737 4753 in_
1760 4690 1905 4733 textu

341 4754 575 4803 habetur
606 4770 617 4804 :
647 4749 1195 4823 Biayaiyﬁu§_:\ristot.
1246 4754 1336 4823 li|_i_.
1371 4766 1593 4823 |_i,_eap.
1624 4749 1676 4809 '5,
1710 4749 1782 4823 I_)e
1814 4766 1898 4823 ge:

341 4833 507 4890 nerui.
540 4818 849 4873 animalium
880 4818 901 4873 ἓ
951 4819 1263 4889 Ἑπομένως
1286 4820 1341 4873 δὲ
1376 4819 1632 4890 δηλονότι
1656 4818 1748 4871 καὶ
1781 4820 1908 4889 περὶ

338 4888 440 4960 τῇς
468 4889 779 4960 α-ἱγσθητικῆς
820 4890 1036 4943 λεκτέον
1062 4888 1257 4960 ψυχῆς,
1295 4890 1388 4941 καὶ
1415 4888 1542 4960 περὶ
1582 4888 1681 4957 τῆς
1722 4905 1905 4960 ’νοητιτ

338 4959 460 5026 κῆς.
495 4958 674 5029 Ilicet;
701 4958 806 5029 γὰρ
835 4958 1377 5029 ἀναγκαῖονδυνάμει
1409 4958 1666 5029 πρότερον
1707 4958 1903 5027 ἔχεινῆ

340 5027 605 5099 ἐνεργείᾳ.
675 5027 987 5097 Ἀναγκαῖον
1035 5029 1089 5081 δὲ
1135 5031 1250 5099 ἦτοι
1291 5027 1380 5098 μὴ
1433 5027 1597 5099 οὔσας
1644 5029 1904 5099 πρότερον

338 5080 647 5169 έγῆίῧεᾳδαι
689 5080 887 5160 πάσέις.
921 5101 953 5169 ἢ
996 5080 1174 5161 πάσας
1218 5080 1701 5169 προϋπαρχούσας,ι
1734 5098 1773 5169 ἢν
1810 5080 1905 5169 τας

385 5168 461 5239 ὲν,
486 5165 585 5239 τὰς
606 5166 661 5217 δὲ
687 5170 779 5239 μὴ’
809 5165 1227 5239 καιέγγίνεσθαι
1325 5171 1379 5220 ἐν
1414 5165 1606 5239 ipso,
1635 5168 1905 5239 posiae},-

339 5184 461 5286 ἴεν,
486 5184 581 5228 τας
606 5184 661 5217 οε
687 5184 779 5236 μη’
809 5184 901 5220 και
920 5184 1227 5236 εγγινεσυαι
1262 5184 1293 5239 η
1325 5185 1379 5220 εν
1414 5184 1478 5238 τῃ
1511 5184 1606 5237 oar,
1635 5184 1706 5236 μη
1734 5184 1903 5217 εισειι-

372 5236 535 5308 ούσας
572 5235 726 5308 ἐντῷ
752 5237 844 5289 τοῦ
886 5238 1111 5308 ἄρρενος
1146 5238 1507 5308 σπέρματιέῆ
1540 5236 1768 5308 ἐνταῦθα
1805 5236 1903 5305 μὲν

337 5293 550 5380 ὲκειθεν
574 5293 845 5380 ἐλθούσας,
872 5293 935 5359 ἐν’
951 5293 1007 5380 δὲ
1032 5293 1110 5380 τῷ
1132 5293 1323 5380 ἀρρένί
1365 5308 1397 5377 ἢ
1437 5293 1667 5380 θύραθεν
1690 5293 1903 5380 ἐγγίνο-

342 5376 507 5462 μένας
530 5377 764 5460 ἀπάσας,
815 5375 1231 5462 μηδεμίαν-⁷η
1273 5375 1531 5461 τὰςήμὲν,
1572 5376 1674 5462 Στὰς
1713 5375 1768 5427 δὲ
1805 5377 1900 5444 μή.

367 5451 469 5498 Οτι
489 5447 587 5515 μὲν
615 5446 791 5499 τοίνυν
811 5443 908 5517 οὐχ
934 5443 1124 5499 οἷόντε
1165 5443 1339 5509 πάσας
1376 5443 1764 5517 προῡπάρχειν,
1799 5443 1902 5517 φα-

337 5517 487 5597 νερόν
515 5519 660 5569 ἐστιν
685 5519 748 5569 ὲκ
777 5515 884 5568 τῶν
900 5515 1199 5597 τοιρύτωεη
1220 5519 1395 5597 "Oswy
1423 5517 1531 5597 γάρ
1552 5515 1901 5597 ἐστιν’ἁρχῶν

338 5583 639 5658 ῄᾷἐνέργεια
661 5588 963 5658 σωματικὴ,
988 5586 1145 5658 δῆλον
1174 5588 1254 5658 ὅτι
1278 5586 1477 5658 ταύτας
1499 5583 1631 5658 aveo
1651 5583 1901 5658 σώματος

338 5654 592 5709 ἀδύνατον
644 5654 941 5727 {amipli-sz
977 5654 1087 5710 οἷον
1118 5657 1351 5727 βαδίζειν
1381 5655 1504 5727 ἀνευ
1542 5654 1733 5727 ποδῶν·
1762 5654 1900 5727 ὥστε

340 5727 434 5778 καὶ
458 5726 684 5796 θύραθεν
716 5725 935 5782 εἰσιέναι
970 5725 1242 5782 ἀδύνατον.
1272 5725 1404 5779 Οὖτε
1438 5725 1545 5796 γὰρ
1587 5726 1752 5789 αὐτὰς
1779 5725 1899 5777 καθ’

2019 3146 2297 3214 scriptam,
2320 3155 2373 3201 et
2393 3146 2682 3216 sinceram,
2719 3165 2942 3216 puram,
2978 3150 3231 3219 omnique
3272 3150 3347 3204 rei
3383 3159 3580 3206 creata

2020 3237 2375 3304 permistione
2402 3239 2704 3308 expeditam
2735 3240 2786 3293 in
2819 3242 3151 3295 conditorem
3183 3242 3420 3295 omnium
3455 3243 3571 3312 pie-

2024 3336 2185 3380 tatem
2216 3327 2508 3397 amplexati
2553 3327 2775 3384 fuerint.
2813 3328 2931 3383 Jam
2980 3330 3312 3385 demonstret
3349 3333 3443 3401 qni
3486 3348 3582 3386 vo-

2020 3417 2176 3472 luerit
2198 3434 2441 3489 quaanam
2475 3421 2696 3475 meliora
2728 3421 2817 3476 illa
2848 3422 3114 3493 sint,quae
3148 3423 3301 3477 nihili
3320 3416 3576 3480 facienda

2022 3528 2141 3567 esse
2198 3529 2478 3582 perperam
2552 3516 2861 3571 suademus.
2922 3517 3181 3570 Conferat
3234 3516 3445 3570 felicem
3510 3518 3576 3572 il-

2016 3604 2128 3659 lum
2161 3603 2314 3674 501
2347 3606 2528 3669 finem,
2566 3621 2674 3674 quo
2702 3607 2840 3675 apud
2896 3607 3063 3660 Deum
3113 3606 3166 3659 in
3204 3605 3443 3670 Christo,
3476 3609 3578 3662 hoc

2000 3846 2198 3911 ἑαυτὰς
2234 3847 2455 3900 εἰσιέναι
2501 3840 2610 3899 οἶόν
2651 3862 2711 3898 τε
2754 3843 3088 3914 ἀχωρίστους
3130 3843 3314 3909 οὔσας,
3362 3843 3475 3899 οὐτ’
3518 3849 3574 3899 ἐν

2002 3916 2214 3987 σώματι
2254 3917 2499 3970 εἰσιέναι·
2553 3917 2613 3969 τὸ
2653 3916 2760 3987 γὰρ
2802 3916 3019 3987 σπέρμα
3063 3916 3377 3987 περίττωμα
3411 3933 3575 3986 μετα-

2000 3985 2297 4059 ϐαλλούσης
2341 3988 2442 4057 τῆς
2489 3987 2694 4109 τροφᾩς
2732 3985 2870 4039 ἐστι.
2923 3985 3179 4042 Λείπεται
3223 3985 3277 4038 δὲ
3306 3985 3420 4038 τὸν
3452 3987 3574 4039 νοῦν

2004 4059 2161 4109 μόνον
2191 4057 2420 4109 θύραθεν
2454 4060 2629 4109 ὲπεισι
2664 4075 2769 4109 ναι.
2801 4054 2893 4108 καὶ
2919 4055 3057 4107 θεῖον
3083 4052 3219 4109 εἶναι
3253 4056 3427 4109 μόνον’
3454 4055 3573 4108 οὐδὲ

2003 4059 2161 4129 μόνον
2191 4052 2420 4128 θύραθεν
2454 4052 2769 4129 ἐπεισιέναι,
2801 4054 2893 4108 καὶ
2919 4055 3057 4129 θεῖον
3083 4052 3219 4109 εἶναι
3247 4056 3427 4129 μόνον·
3454 4055 3573 4108 οὐδὲ

2012 4126 2120 4199 γὰρ
2145 4126 2304 4182 αὐτοῦ
2342 4130 2405 4198 τῇ
2443 4128 2688 4199 ἐνεργείᾳ
2712 4128 2955 4199 κοινωνεῖ
2995 4126 3274 4199 σωματικὴ
3300 4126 3573 4199 ἐνέργεια.

2017 4196 2036 4250 ι
2071 4196 2143 4251 De
2176 4202 2354 4252 anima
2382 4196 2611 4266 quoque
2655 4196 2887 4250 Sensnali
2920 4197 3032 4266 pari
3078 4199 3236 4249 modo
3266 4196 3567 4266 dicendum

2009 4279 2112 4327 est.
2143 4279 2307 4335 atque
2347 4264 2510 4321 etiam
2544 4268 2609 4319 de
2650 4265 3021 4320 intellectuali.
3057 4266 3257 4318 Omnes
3296 4264 3439 4335 enim
3473 4280 3567 4333 po-

2011 4340 2175 4391 tentia
2212 4334 2364 4406 prius
2394 4336 2580 4389 haberi
2610 4352 2768 4403 quam
2802 4348 2923 4387 aetu
2960 4349 3180 4406 necesse
3199 4344 3301 4406 est.
3331 4334 3437 4387 Sed
3471 4344 3566 4388 ant

2010 4404 2567 4473 onmes‘contingere,
2613 4421 2737 4456 cum
2786 4414 2911 4457 ante
2943 4418 3046 4454 non
3089 4404 3305 4466 fuerint,
3350 4419 3572 4457 necesse

2013 4487 2114 4539 est,
2144 4486 2237 4529 aut
2264 4491 2383 4529 cmn
2419 4484 2543 4527 ante
2571 4474 2793 4537 fuerint,
2826 4484 2915 4526 ant
2943 4474 3137 4539 partim
3165 4489 3283 4526 cum
3311 4482 3434 4526 ante
3463 4490 3567 4527 non

2012 4545 2242 4609 fuerint,
2276 4544 2469 4611 partim
2494 4560 2615 4596 cum
2643 4555 2766 4596 ante
2794 4544 2990 4596 fuerint
3017 4560 3029 4595 :
3057 4552 3112 4596 et
3140 4543 3454 4611 contingere
3477 4553 3571 4597 ant

2008 4615 2061 4668 in
2096 4614 2317 4668 materia
2353 4629 2458 4667 non
2484 4614 2773 4669 subeuntes
2804 4629 2985 4666 semen
3019 4613 3209 4672 maris,
3235 4622 3325 4665 aut
3354 4629 3417 4663 eo
3444 4616 3569 4679 qni-

2007 4685 2129 4737 dem
2168 4685 2287 4737 inde
2322 4685 2615 4744 venientes,
2654 4684 2746 4737 sed
2783 4683 2832 4735 in
2863 4697 3011 4735 mare
3043 4690 3338 4735 automnes
3362 4681 3569 4734 extrin-

2007 4770 2165 4807 secus
2194 4754 2537 4823 contingere,
2566 4764 2658 4807 ant
2692 4752 2911 4815 nullam,
2944 4762 3045 4823 aut
3071 4754 3265 4820 partim
3294 4754 3568 4803 extrinse-

2007 4840 2123 4885 ωδ,
2160 4827 2359 4892 partim
2396 4821 2506 4876 bon
2535 4823 2898 4877 extrinsecus.
2932 4821 3193 4874 Czulerutn
3219 4837 3407 4874 omnes
3435 4832 3564 4877 ante

2006 4909 2144 4955 esse,
2182 4894 2512 4961 impossibile
2570 4894 2873 4946 rationibus
2923 4892 3007 4944 his
3058 4906 3180 4945 esse
3238 4894 3565 4946 ostenditur.

2004 4965 2241 5027 Quorum
2280 4964 2422 5015 enim
2475 4963 2867 5030 principiorum
2917 4962 3061 5015 actio
3110 4971 3191 5015 est
3244 4963 3563 5030 corporalis,

2006 5035 2119 5086 lucc
2143 5035 2261 5086 sine
2286 5049 2513 5100 corpore
2535 5033 2712 5087 inesse
2735 5048 2838 5085 non
2866 5047 3021 5100 posse
3043 5043 3249 5085 certum
3274 5042 3378 5085 est.
3404 5030 3568 5085 Verbi

2004 5104 2196 5169 gratia,
2229 5104 2508 5156 ambulare
2549 5104 2666 5155 sine
2712 5103 2960 5170 pedibus.
2998 5102 3182 5168 Itaque
3224 5101 3567 5153 extrinsecus

2004 5185 2065 5223 ea
2091 5173 2275 5226 venire
2313 5172 2639 5241 impossibile
2661 5183 2760 5225 est.
2793 5172 2896 5224 Nec
2930 5174 3073 5223 enim
3112 5172 3223 5239 ipsa
3270 5184 3363 5237 per
3395 5182 3452 5221 se
3474 5183 3570 5220 ac-

2005 5242 2195 5294 cedere
2237 5254 2480 5311 possuot,
2509 5258 2627 5295 cum
2660 5243 3041 5307 inseparabilis
3072 5242 3203 5311 sint,
3240 5252 3414 5311 neque
3439 5252 3562 5311 cum

2004 5306 2252 5380 corpore;
2275 5316 2470 5365 b‘enien
2500 5314 2641 5365 enim
2670 5306 3071 5365 excreioentmn
3102 5308 3343 5361 alimenti
3373 5306 3563 5380 mutati

2002 5376 2115 5432 est;
2145 5381 2335 5434 Restat
2363 5382 2524 5450 igitur
2547 5391 2603 5453 ut
2630 5396 2781 5453 mens
2800 5380 3295 5453 solaextrinsecus
3317 5376 3561 5453 accedat,

2001 5464 2173 5520 eaque
2197 5454 2311 5505 sola
2344 5445 2523 5504 divina
2556 5452 2644 5503 sit.
2690 5451 2831 5503 Nihil
2860 5450 3005 5520 enim
3034 5462 3155 5498 cum
3198 5445 3314 5513 ejus
3347 5445 3562 5498 actione

2002 5517 2360 5586 communicat
2392 5524 2530 5574 ac.io
2559 5520 2881 5586 corporalis.
2911 5517 3172 5586 SPENCEB.

2075 5585 2182 5660 (ιό)
2223 5590 2330 5645 Καὶ
2370 5591 2435 5643 τὸ
2459 5590 2588 5656 περὶ
2616 5584 2834 5653 ταύτης
2858 5585 3077 5660 maror
3109 5584 3435 5655 Ἐπικούρῳ
3457 5584 3557 5642 ἕλ-

2000 5657 2210 5727 mm“).
2246 5662 2500 5716 Gelenius
2529 5666 2642 5713 haec
2673 5674 2777 5712 non
2804 5657 3070 5725 agnoscit.
