3986 6164
459 233 594 290 1027

1901 235 2223 292 ORIGENIS

3564 244 3711 300 ιοτιις

450 361 536 404 Cal
571 345 766 405 Verbo.
807 346 1071 415 sapientia
1102 355 1155 400 et
1189 345 1446 401 universa
1478 348 1701 414 virtute,
1733 346 2016 412 fruiturus,

2123 351 2217 404 καὶ
2249 351 2500 424 καθαρῶς
2548 354 2792 424 βιώσασι,
2849 356 2941 408 καὶ
2967 357 3065 428 τὴν
3103 357 3238 428 πρὸς
3279 359 3370 412 τδν
3416 359 3523 414 τῶν
3568 361 3710 418 ὅλων

450 442 564 497 Deo
603 439 885 509 largiente,
924 439 1181 492 docemus
1211 451 1329 500 eos,
1357 439 1448 506 qui
1479 455 1667 508 puram
1699 440 2020 493 immunem-

449 548 557 604 que
581 533 785 586 scelere
821 531 992 584 vitam
1041 532 1407 599 transegerint
1453 541 1502 585 et
1539 534 1706 587 Deum
1740 534 2020 586 universo-

448 639 569 682 rum
599 633 859 693 perpetuo
910 631 964 678 et
998 622 1274 675 constanti
1309 639 1495 678 amore
1526 624 1847 687 dilexerint;
1885 640 2018 678 con-

447 717 606 779 ferat,
642 718 860 786 inquam
889 757 904 782 ,
940 717 1092 771 illum
1133 719 1291 771 ﬁnem
1327 732 1447 770 cum
1481 733 1545 771 eo
1576 733 1735 786 quem
1792 717 2018 786 singula:

447 809 893 879 philosophorum
929 811 1070 877 apud
1103 809 1326 865 Graecos
1357 808 1692 862 barbarosve
1720 819 1901 873 sectae,
1928 820 2021 862 aut

445 901 686 968 qumdam
715 901 991 970 mysteriis
1033 903 1192 968 plena
1229 900 1548 970 pollicentes
1595 900 2016 970 exspectandum

445 1007 566 1046 esse
601 992 828 1053 docent;
861 1004 917 1047 et
943 994 1194 1046 ostendat
1224 993 1372 1045 illum
1404 1007 1524 1046 esse
1584 1003 1641 1045 ut
1689 1008 1870 1046 verum
1895 1032 1910 1056 ,
1940 993 2020 1048 sic

443 1087 538 1140 Dei
567 1087 886 1158 benignitati
913 1105 1214 1144 consonum
1245 1092 1511 1158 bonisque
1537 1093 1648 1144 vita
1673 1091 1875 1145 functis
1897 1108 2022 1147 con-

441 1180 791 1247 venientem,
829 1191 1075 1235 nostrum
1131 1197 1261 1236 vero
1320 1183 1587 1250 minime;
1621 1193 1713 1236 aut
1768 1187 1880 1238 hwc
1911 1200 2016 1238 non

439 1270 614 1326 fuisse
646 1289 674 1325 a
711 1273 898 1327 divino
927 1274 1136 1343 Spiritu
1176 1288 1341 1342 puras
1382 1275 1772 1343 pr0phetarum
1806 1275 2017 1328 animas

442 1365 684 1432 replente
725 1366 946 1419 tradita.
989 1364 1252 1420 Ostendat
1286 1366 1411 1420 item
1439 1405 1454 1429 ,
1506 1368 1550 1420 si
1602 1365 1814 1435 placet,
1851 1367 2018 1420 docu-

439 1463 772 1523 menta,qua:
790 1457 1020 1508 humana
1039 1471 1157 1509 esse
1174 1471 1332 1509 nemo
1352 1455 1624 1517 ditiitetnr,
1642 1457 2015 1524 antu-ponenda

439 1562 560 1600 esse
585 1547 650 1599 iis
673 1564 791 1616 quae
819 1549 998 1601 divina
1030 1557 1086 1601 et
1115 1548 1231 1601 Deo
1263 1546 1478 1601 alllante
1504 1549 1626 1601 data
1649 1562 1769 1602 esse
1797 1549 2018 1601 demon-

441 1649 704 1692 stramns.
740 1637 988 1708 Denique
1019 1654 1268 1708 quaenam
1303 1651 1429 1692 sunt
1479 1641 1566 1692 illa
1617 1639 1754 1691 bona
1777 1678 1792 1702 ,
1825 1641 2019 1707 quibus

440 1731 702 1797 dimissis,
748 1734 1127 1802 praestantiora
1168 1733 1537 1803 pollicemur?
1592 1730 1827 1795 Etenim,
1862 1740 1922 1784 ut
1953 1749 2018 1786 ne

440 1837 762 1894 arroganter
789 1828 985 1892 dicam,
1008 1826 1140 1880 nihil
1160 1831 1510 1897 praestantius
1533 1826 1827 1895 excogitari
1858 1839 2018 1891 posse

443 1919 789 1986 perspicuum
819 1928 924 1983 est,
954 1937 1116 1990 quam
1155 1937 1214 1974 se
1242 1934 1500 1988 supremo
1531 1920 1639 1972 Deo
1674 1918 2016 1972 committere

445 2018 502 2062 et
543 2009 795 2078 amplecti
829 2013 1152 2072 doctrinam.
1183 2026 1302 2080 qua:
1339 2026 1439 2063 nos
1470 2010 1537 2062 ab
1569 2010 1714 2062 omni
1745 2024 1802 2063 re
1832 2018 2016 2062 creata

440 2101 726 2167 abductos,
746 2105 811 2156 ad
832 2120 1100 2158 summum
1128 2103 1291 2156 Deum
1313 2117 1406 2170 per
1427 2101 1724 2154 animatum
1749 2111 1803 2154 et
1830 2101 2018 2155 vivens

440 2185 705 2261 Verbum,
733 2196 1056 2263 sapientiam
1085 2195 1378 2258 viventem,
1401 2193 1597 2247 Filium
1624 2192 1717 2246 Dei
1743 2191 2014 2262 perducit.

441 2280 550 2336 Sed
575 2282 686 2351 jam
720 2286 856 2339 satis
888 2286 1077 2356 longus
1110 2295 1193 2340 est
1229 2285 1422 2340 tertius
1477 2286 1566 2338 hic
1595 2285 1856 2338 adversus
1885 2282 2014 2339 Cel-

439 2388 559 2427 sum
588 2379 932 2445 conscriptus
957 2379 1112 2433 liber.
1135 2376 1319 2444 Quare
1349 2378 1506 2430 linem
1533 2376 1742 2430 dicendi
1769 2374 1927 2439 facio,
1958 2375 2012 2431 in

436 2469 794 2535 sequentibus
821 2479 1037 2532 contra,
1060 2485 1178 2538 qua:
1209 2469 1298 2524 ille
1329 2469 1571 2523 scribere
1594 2467 1854 2538 perrexit,
1889 2481 2014 2522 cer-

441 2568 620 2613 tamen
661 2562 1084 2615 inslauralurus.

432 2704 3548 2736 MM

2127 442 2258 496 Θεὸν
2309 445 2527 517 ἀγάπην
2574 445 2874 517 ἀδιαίρετον
2925 449 3019 500 καὶ
3065 449 3315 520 ἄσχιστον
3371 453 3704 523 ἀνειληφόσι,

2129 532 2558 604 συμϐησόμενον,
2613 536 2704 612 καὶ
2733 535 2908 607 δωρεᾷ
2941 537 3079 590 Θεοῦ
3115 541 3596 611 ἀπαντησόμενον,
3629 543 3711 616 τῷ

2127 623 2248 676 καθ’
2267 625 2500 696 ἑκάστην
2535 625 2837 696 φιλοσόφων
2891 626 3002 698 (16)
3031 629 3242 698 αἵρεσιν
3297 631 3354 682 ὲν
3386 632 3644 702 Ἕλλησιν
3668 635 3706 706 ἢ

2129 714 2516 786 βαρϐάροις,ἦ
2569 716 2914 788 μυστηριώδη
2967 720 3334 788 ἐπαγγελίαν,
3376 721 3556 775 τέλει·
3613 726 3709 778 καὶ

2125 805 2382 858 δεικνύτω
2406 807 2466 860 τὸ
2499 808 2639 860 κατά
2671 826 2794 862 τινα
2816 809 2922 864 τῶν
2955 811 3128 865 ἄλλων
3155 814 3306 877 τέλος
3335 819 3582 886 κρεῖττον
3614 816 3707 869 τοῦ

2127 898 2246 951 καθ’
2269 901 2434 969 ἡμᾶς,
2466 902 2558 952 καὶ
2584 900 2870 954 ἀκόλουθον
2908 903 3004 972 μὲν
3030 903 3103 966 ὼς
3125 904 3318 973 ἀληθὲς
3347 907 3543 966 ἐκεῖνο.
3570 908 3632 958 τὸ
3661 907 3704 959 δ’

2125 991 2390 1062 ἡμέτερον
2412 992 2507 1061 οὐχ
2542 992 2780 1062 ἁρμόζον
2806 992 2982 1064 δωρεᾷ
3005 995 3160 1059 Θεοῦ,
3188 996 3307 1049 οὐδὲ
3332 1001 3444 1060 τοῖς
3487 994 3544 1051 εὖ
3578 998 3706 1068 βιώ-

2128 1100 2280 1136 σασιν
2301 1101 2313 1113 ·
2343 1084 2374 1153 ἢ
2406 1084 2502 1154 οὐχ
2529 1084 2632 1136 ὑπὸ
2657 1084 2799 1138 θείου
2830 1086 3164 1156 Πνεύματος,
3195 1087 3580 1158 πληρώσαντος
3606 1091 3701 1156 τὰς

2123 1177 2232 1228 τῶν
2260 1177 2513 1249 καθαρῶν
2539 1180 2832 1250 προφητῶν
2857 1180 3053 1251 ψυχάς,
3084 1181 3258 1236 ταῦτα
3283 1183 3553 1254 λελέχθαι.
3589 1189 3705 1236 Δει-

2126 1268 2302 1321 κνύτω
2330 1269 2373 1321 δ’
2398 1271 2425 1321 ὁ
2451 1269 2768 1340 βουλόμενος
2801 1272 3115 1342 κρείττονας
3162 1275 3284 1336 τοὺς
3338 1274 3706 1344 ὁμολογουμέ-

2125 1378 2246 1424 νους
2276 1362 2422 1432 παρά
2450 1364 2613 1414 πᾶσιν
2644 1363 3014 1434 ἀνθρωπίνους
3037 1364 3226 1433 λόγους
3253 1365 3360 1417 τῶν
3390 1368 3704 1420 ἀποδεικνυ-

2129 1453 2301 1522 μένων
2336 1452 2490 1505 θείων
2525 1455 2615 1506 καὶ
2650 1457 2711 1506 ὲκ
2739 1455 3023 1526 θεοφορίας
3049 1456 3498 1528 ἀπηγγελμένων.
3533 1461 3704 1512 Τίνων

2123 1545 2178 1597 δὲ
2200 1546 2291 1598 καὶ
2307 1547 2627 1616 κρειττόνων
2645 1549 2772 1610 τοὺς
2788 1549 3217 1619 ἀποδεχομένους
3246 1551 3288 1618 (Ι
3302 1550 3354 1621 7)
3379 1552 3702 1623 διδάσκομεν

2125 1638 2345 1709 ἄμεινον
2375 1638 2733 1705 ἀπαλλάξειν;
2766 1642 2826 1693 Ei
2863 1641 2971 1712 γὰρ
3003 1641 3076 1712 μὴ
3107 1645 3358 1713 φορτικὸν
3386 1647 3578 1706 εἰπεῖν,
3607 1646 3703 1698 αῦ-

2119 1731 2271 1783 τόθεν
2306 1731 2592 1799 φαίνεται,
2627 1735 2707 1784 ὅτι
2758 1732 2910 1784 οὐδὲν
2962 1735 3062 1786 οῦκ
3109 1735 3456 1806 ἐπινοηθῆναι
3491 1737 3600 1805 (18)
3628 1736 3702 1801 ὡς

2119 1826 2362 1894 κρεῖττον
2417 1817 2552 1875 εἷναι
2584 1823 2802 1877 δύναται
2843 1823 2936 1876 τοῦ
2992 1826 3352 1896 ὲμπιστεῦσαι
3405 1827 3593 1880 ἑαυτὸν
3627 1827 3703 1898 τῷ

2120 1917 2211 1968 ἐπὶ
2257 1917 2390 1968 πᾶσι
2419 1915 2556 1986 Θεῷ,
2592 1917 2685 1969 καὶ
2724 1917 3002 1970 ἀναθεῖναι
3030 1919 3346 1991 διδασκαλίᾳ
3375 1919 3572 1984 παντὸς
3605 1921 3703 1991 μὲν

2119 2007 2394 2078 ἀφιστάσῃ
2423 2007 2649 2077 γενητοῦ
2675 2047 2689 2071 ,
2722 2011 3073 2082 προσαγούσῃ
3122 2011 3177 2064 δὲ
3220 2012 3288 2064 δι’
3329 2012 3572 2083 ἐμψύχου
3609 2015 3702 2067 καὶ

2121 2099 2321 2163 ζῶντος
2347 2101 2541 2167 Λόγου,
2560 2102 2618 2164 ὅς
2644 2103 2868 2156 ἐστικαὶ
2889 2103 3048 2173 σοφία
3073 2103 3240 2168 ζῶσα,
3268 2106 3359 2158 καὶ
3375 2105 3517 2168 ’Υἱὸς
3541 2105 3696 2172 Θεοῦ,

2119 2189 2197 2260 τῷ
2223 2191 2316 2242 ὲπὶ
2350 2193 2480 2244 πᾶσι
2512 2191 2649 2262 Θεῷ.
2683 2193 2842 2246 Ἀλλά
2866 2194 2974 2266 γάρ
2999 2196 3247 2267 αὐτάρκη
3273 2197 3617 2268 περιγραφὴν
3643 2200 3700 2251 ὲν

2118 2281 2326 2344 τούτοις
2371 2282 2590 2337 καὶτοῦ
2631 2285 2815 2355 τρίτου
2854 2286 3021 2357 τόμου
3061 2289 3168 2341 τῶν
3219 2289 3354 2360 πρὸς
3388 2289 3450 2341 τὸ
3494 2289 3698 2344 Κέλσω

2121 2375 2455 2446 σύγγραμμα
2490 2377 2619 2446 ἡμῖν
2661 2377 3139 2448 ὑπαγορευθέντων
3187 2380 3468 2452 εἰληφότος
3490 2421 3505 2445 ,
3537 2378 3698 2434 αὑτοῦ

2121 2481 2222 2516 που
2258 2464 2679 2536 καταπαύσομεν
2711 2467 2818 2539 (19)
2842 2468 2932 2521 τὸν
2958 2469 3113 2538 λόγον
3132 2511 3147 2534 ,
3181 2473 3239 2524 ὲν
3265 2474 3376 2535 τοῖς
3408 2470 3539 2542 ἑξῆς
3565 2472 3698 2544 πρὸς

2120 2557 2188 2610 τά
2219 2556 2356 2628 μετά
2383 2557 2538 2610 τοῦτο
2571 2561 2934 2631 γεγραμμένα
2965 2561 3040 2632 τῷ
3067 2563 3257 2634 Κέλσῳ
3283 2564 3692 2636 ἀγωνιούμενοι.

3549 2723 3676 2736 ﬂ

1092 2869 1930 2986 ΩΡΙΓΕΝΟΥΣ
1983 2872 2401 2986 ΚΑΤΑ
2454 2875 3067 2995 ΚΕΛΣΟΥ

1575 3092 1955 3178 ἸῸΜΟΣ
2010 3094 2598 3182 ΤΕΤΑΡΤΟΣ.

679 3390 1260 3525 ORIGENIS
1334 3427 1812 3524 CONTRA
1885 3429 2349 3522 CELSUM
2421 3433 2782 3522 LIBER
2855 3436 3410 3538 QUARTUS

513 3811 568 3866 ί.
600 3810 850 3864 Diximus
901 3807 954 3862 in
987 3807 1164 3860 tribus
1220 3807 1601 3877 superioribus
1639 3806 1817 3870 libris,
1859 3821 2013 3863 sacer
2039 3818 2081 3874 ρ

435 3903 716 3966 Δηιὶποεί,
742 3917 862 3971 quae
893 3901 1048 3954 nobis
1076 3909 1267 3954 contra
1303 3899 1444 3953 Celsi
1477 3899 1740 3967 scriptum
1767 3900 1820 3952 in
1853 3914 2008 3952 men-

443 4008 549 4050 tem
581 4011 812 4057 venere;
847 4009 992 4046 nunc
1022 3993 1285 4045 adversus
1332 4007 1392 4044 ea
1423 4006 1542 4059 quae
1570 3999 1890 4058 sequuntur,
1923 3990 2008 4042 in-

440 4097 636 4144 vocato
672 4103 766 4157 per
790 4085 1064 4140 Christum
1095 4085 1225 4146 Deo,
1252 4092 1504 4151 quartum
1526 4081 1888 4151 aggredimur.
1914 4081 2013 4133 At-

438 4196 546 4252 que
581 4182 787 4236 utinam
829 4178 959 4231 mihi
1015 4177 1217 4229 dentur
1269 4175 1476 4238 verba,
1519 4174 1585 4227 de
1628 4173 1826 4242 quibus
1870 4173 2011 4241 apud

437 4273 730 4328 Jeremiatn
764 4271 1024 4325 Dominus
1056 4269 1199 4322 hunc
1237 4267 1557 4338 prophetam
1583 4267 1871 4336 alloquens
1899 4268 2009 4321 ait:

443 4385 463 4418 ι
501 4367 637 4421 Ecce
665 4366 782 4420 dedi
807 4364 970 4418 verba
999 4378 1114 4416 mea
1150 4364 1202 4415 in
1235 4377 1328 4414 ore
1356 4371 1448 4415 tuo
1479 4361 1660 4430 ignem
1686 4375 1702 4426 ;
1733 4376 1860 4415 ecce
1883 4376 2013 4415 con-

438 4460 594 4514 stitui
624 4468 675 4512 te
725 4459 887 4511 hodie
919 4472 1083 4524 super
1132 4466 1320 4525 gentes
1370 4464 1422 4508 et
1457 4469 1619 4523 super
1681 4469 1890 4522 regna,
1949 4462 2008 4505 ut

439 4550 642 4604 evellas
671 4590 684 4612 ,
720 4558 774 4604 et
826 4553 1080 4602 destruas
1105 4587 1122 4612 ,
1155 4556 1211 4600 et
1261 4547 1546 4615 disperdas
1573 4585 1590 4611 ,
1647 4554 1702 4598 et
1740 4546 2008 4613 dissipes,

439 4658 495 4700 et
528 4645 766 4698 aediﬁces
794 4687 808 4709 ,
841 4653 895 4696 et
938 4643 1151 4712 planles
1179 4643 1244 4699 ".
1289 4662 1307 4694 ι
1346 4641 1493 4710 Opus
1541 4641 1688 4695 enim
1747 4641 2008 4694 habemus

439 4749 496 4790 et
537 4753 636 4791 nos
685 4737 868 4790 verbis
904 4753 1022 4804 qum
1053 4752 1118 4789 ex
1153 4734 1350 4788 animis
1380 4735 1633 4788 omnibus
1674 4751 1692 4784 ι
1722 4733 1959 4786 evellant
1987 4751 2006 4781 ι

441 4829 761 4890 mendacia,
826 4829 1024 4896 quibus
1086 4828 1208 4881 illos
1279 4825 1420 4880 Celsi
1475 4825 1734 4892 scriptum
1803 4821 2016 4889 aliaque

441 4922 516 4977 illi
547 4921 742 4974 similia
770 4921 1004 4989 cogitata
1040 4919 1315 4972 laeserunt.
1343 4918 1491 4986 Opus
1527 4917 1790 4969 habemus
1820 4924 1873 4969 et
1899 4930 2018 4969 sen-

442 5015 651 5079 tentiis,
679 5031 797 5083 qnaa
831 5033 850 5064 ι
875 5013 1199 5066 destruant»
1234 5025 1395 5065 onme
1427 5010 1682 5064 falsarum
1705 5007 1864 5078 502
1899 5007 2016 5075 opi-

2031 3621 2099 3640 ..ι-

2199 3811 2285 3863 Ἐν
2311 3811 2458 3882 τρισὶ
2485 3811 2596 3872 τοῖς
2625 3810 2730 3880 πρὸ
2759 3809 2963 3862 τούτων
2992 3810 3349 3876 διεξελθόντες
3379 3812 3605 3882 βιϐλίοις
3628 3813 3695 3870 τὰ

2117 3903 2252 3974 πρὸς
2272 3901 2330 3954 τὸ
2355 3901 2560 3953 Κέλσου
2591 3901 2929 3971 σύγγραμμα
2949 3901 3206 3971 νοηθέντα
3235 3906 3386 3974 ἡμῖν,
3422 3905 3531 3976 ἱερὲ
3570 3907 3694 3976 Ἀμ-

2117 3995 2317 4065 6ρόσιε,
2340 3995 2593 4065 τέταρτον
2615 3993 2748 4065 πρὸς
2773 3993 2841 4046 τὰ
2859 3994 3004 4063 ἑξῆς,
3036 3995 3323 4065 εὐξάμενοι
3347 3996 3432 4049 διὰ
3460 3999 3693 4068 Χριστοῦ

2115 4086 2194 4157 τῷ
2221 4085 2338 4156 Θεῷ
2361 4125 2376 4148 ,
2413 4085 2849 4156 ύπαγορεύομεν,
2881 4085 3092 4139 Δοθεῖεν
3119 4087 3174 4139 δὲ
3207 4091 3336 4158 ἡμῖν
3366 4089 3530 4158 λόγοι,
3568 4091 3694 4161 περὶ

2114 4173 2188 4232 ὧν
2221 4181 2278 4232 ἐν
2310 4179 2385 4251 τῷ
2427 4178 2664 4250 Ἱερεμίᾳ
2711 4179 3056 4250 γέγραπται,
3084 4181 3157 4242 ὡς
3177 4180 3268 4232 τοῦ
3303 4181 3508 4253 Κυρίου
3561 4184 3695 4254 πρὸς

2116 4271 2207 4324 τὸν
2239 4273 2518 4344 προφήτην
2549 4271 2791 4335 εἰπόντος
2812 4311 2826 4334 ,
2863 4290 2880 4321 ι
2925 4273 3055 4325 Ἰδοὺ
3103 4272 3310 4326 δέδωκα
3333 4275 3458 4335 τοὺς
3506 4274 3695 4341 λόγους

2120 4382 2219 4434 μου
2247 4366 2326 4427 εἰς
2349 4365 2408 4416 τὸ
2434 4365 2602 4435 στόμα
2633 4381 2724 4416 σου
2754 4364 2883 4436 πῦρ·
2909 4364 3014 4416 ἰδοῦ
3045 4365 3356 4418 καθέστακά
3379 4383 3436 4417 σε
3460 4368 3695 4438 σήμερον

2115 4457 2207 4507 ἐπὶ
2234 4455 2357 4525 ἔθνη
2387 4457 2478 4507 καὶ
2515 4455 2807 4524 βασιλείας,
2839 4453 3108 4526 ἐκριζοῦν,
3140 4457 3232 4509 καὶ
3266 4458 3692 4516 κατασκάπτειν,

2117 4547 2208 4600 καὶ
2237 4547 2521 4599 ἀπολλύειν
2556 4547 2665 4617 (‘20)
2695 4547 2786 4599 καὶ
2819 4551 3108 4618 κατασπᾷν
3136 4589 3150 4612 ,
3182 4549 3276 4601 καὶ
3308 4549 3692 4620 ἀνοικοδομεῖν,

2117 4641 2209 4692 καὶ
2237 4638 2648 4707 καταφυτεύειν.
2687 4660 2704 4690 ›
2736 4641 2845 4691 Καὶ
2871 4640 2978 4711 γὰρ
3006 4643 3166 4711 ἡμεῖς
3194 4642 3464 4712 χρῄζομεν
3493 4642 3588 4695 νῦν
3618 4643 3693 4695 λό-

2114 4748 2226 4798 γων
2265 4749 2281 4780 ι
2313 4728 2670 4801 ὲκριζούντων
2704 4749 2722 4782 ι
2767 4731 2835 4784 τὰ
2863 4733 3004 4784 κατὰ
3031 4733 3130 4802 τῆς
3168 4733 3422 4804 ἀληθείας
3453 4736 3562 4788 ἀπὸ
3589 4737 3692 4789 πά-

2117 4837 2216 4891 σης
2246 4821 2420 4891 ψυχῆς
2447 4821 2826 4893 βεϐλαμμένης
2860 4811 2965 4876 ὑπὸ
2995 4824 3105 4896 (2|)
3141 4825 3231 4879 τοῦ
3266 4827 3691 4898 συγγράμματος

2119 4913 2349 4974 Κέλσου,
2382 4913 2414 4984 ἢ
2442 4913 2548 4966 τῶν
2581 4916 2976 4986 παραπλησίων
3027 4917 3174 4988 αὐτῷ
3226 4921 3532 4990 νοημάτων.
3567 4921 3690 4972 Δεόο

2121 5003 2256 5074 μεθα
2314 5005 2369 5058 δὲ
2404 5006 2496 5058 καὶ
2547 5007 2832 5078 νοημάτων
2868 5029 2885 5060 ι
2921 5012 3412 5064 κατασκαπτόντων
3448 5031 3466 5063 ι
3515 5013 3689 5084 πάσης

443 5105 666 5162 ιιίὁιιυιη
694 5107 1008 5169 aedilicium,
1050 5101 1294 5172 adeoque
1325 5102 1377 5156 id
1427 5101 1568 5171 quod
1599 5101 1791 5155 Celsus
1828 5101 1880 5155 in
1913 5113 2012 5154 suo

2123 5097 2461 5167 ψευδοδοξίας
2498 5100 2819 5170 οἰκοδομὰς,
2851 5101 2944 5154 καὶ
2986 5103 3083 5173 τῆς
3129 5103 3334 5156 Κέλσου
3370 5103 3480 5175 (22)
3532 5107 3589 5156 ἐν
3616 5103 3688 5173 τῷ

511 5228 558 5260 ⁸²
581 5225 780 5281 Jerem.
813 5241 852 5290 ι,
881 5223 940 5278 9.

516 5325 623 5394 (16)
649 5323 831 5378 Codex
860 5321 1110 5394 Julianus
1165 5318 1401 5394 secunda
1429 5333 1588 5394 manu
1617 5359 1649 5394 ,Α
1685 5316 2006 5394 φιλοσόφων.

436 5388 643 5465 Regius
671 5405 725 5448 et
763 5393 1111 5453 Basileensis,
1139 5388 1476 5458 φιλοσοφίαν.
1508 5389 1653 5443 Libri
1686 5389 1894 5454 excusi,
1926 5403 2014 5455 φι-

437 5465 680 5534 λόσοφον.

510 5538 624 5608 (Π)
667 5533 1192 5608 Ἀποδεχομένους.
1221 5533 1362 5603 Lege
1390 5546 1510 5608 cum
1545 5527 1847 5608 Boherellp,
1877 5527 2012 5608 ἀπετ

425 5599 698 5685 ,χομένους
725 5646 737 5669 ,
773 5621 803 5657 e
845 5599 1072 5685 nurnero
1104 5605 1170 5656 77
1197 5599 1763 5685 -sup't'a._‘Paulo"posit
1797 5599 2008 5685 Iocone!

439 5670 551 5746 γὰρ
569 5679 650 5746 ,μὴ
684 5673 936 5745 φορτικδν
965 5677 1138 5727 εἰπεῖν
1161 5715 1175 5737 ,
1220 5670 1359 5731 itlcm
1394 5672 1710 5728 Bohcrcllus
1741 5670 1869 5739 legit
1890 5707 1906 5733 ν
1937 5670 2014 5730 ὡς

440 5746 550 5817 γὰρ
580 5746 655 5818 μὴ
687 5745 937 5815 φορτικὸν
971 5745 1160 5798 εἰπεῖν.

2189 5309 2301 5380 (18)
2324 5379 2327 5380 ν
2354 5307 2543 5361 Οὐδὲν
2571 5309 2682 5380 οὐκ
2710 5307 3120 5380 ἐπινοηθῆναι.
3161 5307 3517 5361 Scribeudum
3546 5306 3682 5358 vide-

2122 5378 2210 5436 tur
2243 5378 2545 5442 BOherellu,
2577 5378 2726 5431 οὐδὲν
2772 5379 2837 5431 ἂν
2865 5378 3238 5448 ἐπινοηθῆναι,

2190 5450 2829 5519 (’19)Καταπαύσομεν.
2883 5449 2958 5519 Ita
3013 5443 3173 5501 codd.
3228 5445 3427 5517 Regius
3454 5457 3509 5500 et
3537 5443 3682 5502 Batti.

2116 5517 2336 5578 leensis.
2363 5522 2510 5573 Alias
2538 5534 2685 5582 vero,
2713 5517 3169 5588 καταπαύσωμεν.

2189 5592 2301 5660 (εο)
2338 5590 2494 5646 Lihli.
2527 5591 2714 5642 excusi
2754 5590 2806 5642 in
2833 5586 3096 5660 margine,
3129 5586 3404 5645 ἀπολύειν.

2194 5657 2308 5734 (2|)
2342 5662 2504 5734 [idem
2535 5661 2588 5734 i_n
2613 5670 2807 5734 textu,
2839 5657 2964 5711 ἀπό.

2194 5726 2305 5802 (2'2)
2349 5731 2504 5800 Legit
2535 5727 2864 5795 Boherellus,
2899 5730 2994 5782 καὶ
3022 5726 3089 5781 τὰ
3119 5729 3218 5799 τῆς
3244 5726 3470 5782 Κέλσου.
