3986 6164
214 300 228 311 ’
321 286 457 344 1629

219 358 242 416 F.

1473 289 1748 346 CONTRA
1778 287 2218 361 CELSUM‘LIB.
2249 288 2338 345 IV.

3410 297 3546 350 1030

318 405 710 478 συγγράμματι
750 402 912 457 αὐτοῦ
953 404 1233 475 οἰκοδομῆς
1265 406 1618 476 παραπλήσια
1649 409 1712 478 τῇ
1739 408 1878 460 οίκο-

1985 419 2147 476 opere
2169 406 2492 471 construxit,
2529 406 2673 461 haud
2701 407 2960 464 dissimile
2985 409 3213 465 aedilicio
3234 425 3419 465 eorum
3445 414 3537 479 qui

317 497 454 567 δομῇ
479 497 585 549 τῶν
608 495 867 548 εἰπόντων
893 512 907 526 ·
939 513 957 545 ι
987 495 1173 551 Δεῦτε.
1203 496 1643 567 οἰκοδομήσωμεν
1670 499 1880 562 ἑαυτοῖς

319 587 473 639 πόλιν
506 586 598 640 κα)¹
630 585 858 657 πύργον,
885 577 945 638 οῦ
979 587 1012 657 ἡ
1041 586 1432 657 κεφαλὴ⁶ἐσται
1458 584 1564 649 ἕως
1591 586 1685 639 τοῦ
1712 588 1878 658 οὐρα-

318 677 408 730 νοῦ
427 695 440 707 ·
470 697 486 728 ι
508 676 642 731 ἀλλά
660 677 752 730 καὶ
773 675 1042 748 χρῄζομεν
1063 677 1250 746 σοφίας
1277 695 1294 727 ι
1321 677 1686 749 κατασπώσης
1706 679 1882 733 πάντα

304 763 386 822 ’τὰ
407 769 737 840 ἐπαιρόμενα
757 768 896 821 κατὰ
919 769 1017 838 τῆς
1035 767 1281 836 γνώσεως
1294 767 1386 821 τοῦ
1407 768 1539 821 Θεοῦ
1557 769 1841 839 ὑψώματα,
1856 789 1874 821 ι

318 859 410 912 καὶ
440 859 498 911 τὸ
524 858 726 912 Κέλσου
750 858 1106 929 ἐπαιρόμενον
1127 858 1248 912 καθ’
1272 860 1426 930 ἡμῶν
1445 859 1543 929 τῆς
1563 859 1879 924 ἀλαζονείας

317 947 536 1018 ῦψωμα.
584 945 696 1001 Εἶτ’
738 949 857 1001 ἐπεὶ
900 948 974 1018 μὴ
1007 947 1112 1018 χρὴ
1157 947 1480 1016 καταλήγειν
1509 947 1654 1017 ἡμᾶς
1698 947 1788 998 ἐπὶ
1819 946 1880 999 τὸ

317 1039 564 1112 ἐκριζοῦν
602 1041 694 1093 καὶ
719 1039 1116 1092 κατασκάπτειν
1147 1039 1214 1092 τὰ
1241 1039 1628 1109 προειρημένα,
1661 1037 1773 1090 ἀλλ’
1802 1039 1880 1101 είς

320 1131 418 1202 μὲν
445 1131 542 1201 τὴν
571 1129 750 1201 χώραν
781 1129 887 1182 τῶν
935 1127 1333 1200 ἐκριζωθέντων
1361 1129 1751 1198 καταφυτεύειν
1778 1145 1879 1196 φυ-

315 1221 464 1273 τείαν
496 1238 514 1270 ι
542 1219 632 1272 τοῦ
665 1219 806 1272 κατὰ
830 1218 959 1270 Θεὸν
989 1219 1278 1290 γεωργίου,
1323 1237 1340 1269 ι
1377 1221 1455 1282 είς
1481 1218 1537 1270 δέ
1581 1219 1671 1270 τὸν
1717 1219 1880 1270 τόπον

315 1311 423 1364 τῶν
461 1310 917 1378 κατασκαφέντων
949 1310 1247 1379 οἰκοδομεῖν
1295 1307 1429 1360 Θεοῦ
1480 1307 1764 1379 οἰκοδομὴν
1788 1309 1882 1361 καὶ

315 1403 438 1455 ναὸν
459 1402 614 1473 δόξης
634 1401 766 1454 Θεοῦ
785 1420 796 1433 ’
823 1400 908 1452 διὰ
938 1400 1116 1464 τοῦτο,
1145 1400 1236 1453 καὶ
1260 1402 1392 1470 ἡμῖν
1422 1400 1639 1453 εὐκτέον
1664 1401 1778 1452 ἐστὶ
1803 1399 1881 1471 τῷ

315 1495 567 1548 δεδωκότι
590 1493 780 1565 Κυρίῳ
809 1491 878 1545 τὰ
907 1493 964 1547 ἐν
990 1491 1067 1562 τῷ
1107 1493 1342 1564 Ἱερεμίᾳ
1372 1493 1728 1563 γεγραμμένα
1749 1531 1764 1554 ,
1793 1493 1880 1545 ἵνα

316 1587 410 1641 καὶ
443 1587 573 1656 ἡμῖν
603 1585 678 1654 δῷ
723 1585 912 1652 λόγους
953 1585 1047 1637 καὶ
1074 1585 1210 1656 πρὸς
1238 1584 1297 1637 τὸ
1339 1584 1638 1655 οἰκοδομεῖν
1684 1585 1752 1638 τὰ
1784 1583 1879 1636 τοῦ

316 1675 572 1748 Χριστοῦ,
592 1676 686 1728 καὶ
699 1675 1089 1744 καταφυτεύειν
1105 1677 1194 1730 τὸν
1212 1676 1572 1746 πνευματικὸν
1588 1676 1768 1746 νόμον,
1786 1676 1880 1728 καὶ

1982 497 2268 552 dicebant:
2317 516 2335 548 ι
2372 495 2584 564 Venite,
2645 495 2908 552 faciamus
2962 500 3114 554 nobis
3151 501 3429 555 civitatem
3482 511 3540 556 et.

1983 587 2196 653 turrim,
2224 587 2376 656 cujus
2403 588 2614 642 culmen
2641 589 2906 658 pertingat
2932 591 2996 643 ad
3024 591 3217 644 cmlum
3242 592 3307 645 “.
3341 611 3360 644 ι
3392 593 3540 661 Opus

1980 679 2243 732 habemus
2270 680 2559 748 sapientia,
2590 695 2708 746 qtae
2748 700 2765 732 ι
2806 683 3076 748 disperdat
3109 695 3264 735 icum
3286 699 3538 737 «omnem

1980 769 2319 822 altitudinem
2381 771 2738 824 extollentem
2804 788 2861 825 se
2922 775 3185 830 adversus
3261 777 3543 830 scientiam

1978 858 2073 936 Dei
2103 861 2171 924 ",
2211 878 2229 910 ι
2275 867 2385 913 tum
2416 863 2747 928 arrogantia:
2779 863 3142 928 altitudinem,
3177 881 3280 934 qua
3331 883 3388 919 se
3421 869 3545 919 Cel-

1979 967 2072 1006 sus
2106 959 2298 1005 contra
2339 966 2438 1005 nos
2469 951 2701 1005 extollit.
2773 953 2876 1007 Sed
2909 970 3097 1022 parum
3124 957 3285 1012 fuerit
3315 957 3546 1013 evellere

1979 1052 2032 1097 et
2061 1043 2387 1106 destruere;
2422 1051 2638 1109 oportet
2673 1044 2790 1098 loco
2820 1061 3005 1099 eorum
3034 1087 3050 1110 ,
3098 1063 3217 1117 quas
3269 1051 3542 1104 eradicata

1984 1129 2208 1195 fuerint,
2240 1131 2342 1184 alia
2376 1147 2565 1186 serere
2592 1148 2711 1202 qua-
2742 1153 2760 1185 ι
2793 1135 2886 1188 Dei
2921 1138 3260 1206 agricultura:
3293 1158 3312 1190 ι
3342 1156 3544 1196 conve-

1982 1224 2138 1278 niant
2184 1225 2251 1287 ”,
2286 1236 2340 1277 et
2372 1225 2769 1278 destructorum
2824 1225 2945 1280 loco
2999 1227 3435 1286 Deiweditirium
3491 1243 3547 1288 et

1983 1315 2234 1382 templum
2263 1315 2448 1385 gloria:
2481 1313 2572 1367 Dei
2602 1325 2942 1371 construere.
2973 1315 3237 1384 Quocirca
3273 1325 3548 1391 rogandus

1981 1419 2064 1462 est
2095 1407 2372 1469 Dominus,
2405 1421 2591 1461 eorum
2621 1421 2738 1474 quae
2771 1408 2823 1461 in
2852 1409 3082 1465 Jeremia
3137 1427 3542 1480 memorantur,

1980 1499 2223 1568 largitor,
2253 1509 2312 1550 ut
2333 1507 2388 1551 et
2404 1498 2558 1551 nobis
2587 1498 2678 1552 det
2701 1505 2762 1551 ea
2787 1499 2953 1568 loqui,
2982 1502 3178 1570 quibus
3202 1518 3320 1572 quae
3345 1506 3543 1561 Christi

1980 1604 2106 1644 sunt
2129 1589 2421 1656 aedificare,
2455 1588 2862 1660 spiritalemque
2885 1591 3054 1660 legem
3085 1604 3140 1647 et
3170 1593 3448 1651 referenda
3478 1600 3544 1653 ad

1981 1679 2126 1733 illam
2154 1680 2468 1749 prophetica
2500 1681 2718 1734 oracula
2744 1698 2928 1737 serere
2951 1685 3245 1742 valeamus.
3269 1685 3395 1744 Haec
3416 1706 3545 1746 vero

315 1771 443 1833 τοὺς
460 1768 716 1837 ἀνάλογον
741 1769 885 1839 αὐτῷ
910 1769 1272 1840 προφητικοὺς
1289 1769 1494 1836 λόγους.
1517 1769 1624 1820 Καὶ
1650 1768 1878 1838 μάλιστα

1986 1770 2198 1824 oracula
2236 1785 2379 1824 nunc
2428 1773 2666 1826 maxime
2699 1775 2987 1829 ostendere
3038 1791 3175 1845 opus
3206 1789 3290 1832 est
3319 1781 3544 1850 pulchre

316 1862 474 1931 χρεία
503 1862 630 1931 ἡμῖν
661 1862 796 1933 πρὸς
838 1861 904 1914 τὰ
951 1860 1044 1914 νῦν
1072 1861 1198 1931 ἐξῆς
1224 1863 1335 1924 τοῖς
1361 1861 1772 1932 προειρημένοις
1799 1861 1876 1932 τῷ

1981 1860 2048 1914 de
2081 1861 2296 1916 Christo
2328 1861 2474 1915 edita
2508 1861 2696 1925 fuisse,
2721 1875 2777 1917 ιιι
2810 1880 2930 1932 qua:
2957 1867 3209 1936 deinceps
3240 1870 3427 1926 Celsus
3449 1874 3549 1928 oh-

317 1953 512 2023 Κέλσῳ
535 1953 798 2024 λεγόμενα
821 1954 1336 2016 κατασκευάσαι,ἃτι
1352 1952 1528 2015 καλῶς
1549 1953 1617 2006 τά
1637 1953 1763 2022 περὶ
1781 1951 1874 2005 τοῦ

1981 1951 2096 2021 iicit
2121 1952 2442 2007 refutentur.
2474 1951 2742 2023 Utrusque
2763 1957 2907 2009 enim
2933 1959 3543 2032 impugnat,et.|utla:os,

321 2043 556 2116 Χριστοῦ
596 2045 1050 2116 πεπροφήτευται.
1086 2045 1234 2114 ’Ἅμα
1255 2043 1361 2116 γὰρ
1385 2044 1520 2116 πρὸς
1537 2044 1876 2116 ἀμφοτέρους

320 2136 602 2204 ίστάμενος
627 2137 655 2187 ό
681 2135 903 2198 Κέλσος,
947 2135 1228 2199 Ἰουδαίους
1281 2135 1378 2206 μὲν
1409 2136 1765 2208 ἀρνουμένους
1788 2153 1879 2205 γε-

314 2226 525 2293 γονέναι
555 2226 652 2296 τὴν
678 2225 912 2298 Χριστοῦ
938 2225 1249 2298 ἐπιδημίαν,
1299 2225 1612 2291 ἐλπίζοντας
1640 2228 1684 2281 δ’
1711 2226 1878 2298 αὐτὴν

312 2314 562 2380 ἔσεσθαι,
607 2317 961 2389 Χριστιανοὺς
1007 2317 1064 2370 δὲ
1109 2315 1500 2387 ὁμολογοῦντας
1544 2319 1634 2371 τὸν
1674 2319 1878 2389 Ἰησοῦν

314 2404 451 2461 εἶναι
485 2407 574 2460 τὸν
602 2409 1044 2481 προφητευθέντα
1067 2409 1318 2482 Χριστὸν,
1349 2411 1542 2482 φησιν·

427 2513 445 2545 ι
486 2495 606 2548 Ὅτι
654 2497 710 2548 δὲ
739 2498 831 2550 καὶ
855 2498 1190 2568 Χριστιανῶν
1218 2515 1362 2562 τινες
1390 2500 1484 2552 καὶ
1525 2500 1794 2562 Ἰουδαῖοι,
1827 2499 1879 2553 οἱ

321 2586 420 2657 μὲν
447 2587 872 2658 καταϐεϐηκέναι
919 2590 1080 2656 φασιν
1110 2590 1259 2660 (25),
1289 2591 1339 2642 οἱ
1369 2589 1424 2643 δὲ
1477 2589 1879 2662 καταϐήσεσθαι

319 2681 398 2741 εις
423 2677 521 2748 τὴν
547 2679 648 2748 γῆν
675 2697 794 2732 τινα
836 2681 966 2734 Θεὸν
991 2681 1023 2752 ἢ
1055 2680 1186 2734 Θεοῦ
1234 2679 1364 2734 Υἱὸν
1392 2682 1498 2735 τῶν
1523 2683 1648 2754 τῇδε
1674 2683 1882 2736 δικαιω-

317 2770 435 2842 τὴν,
463 2771 606 2823 τοῦτ’
634 2771 907 2842 αἴσχιστον
924 2813 937 2834 ,
969 2773 1061 2826 καὶ
1090 2773 1208 2826 οὐδέ
1233 2774 1399 2827 δεῖται
1433 2774 1642 2846 μακροῦ
1667 2775 1823 2844 λόγου
1851 2777 1881 2828 ό

318 2863 554 2933 ἐλεγχος.
593 2882 612 2914 ›
647 2865 754 2917 Καὶ
781 2865 924 2917 δοκεῖ
951 2865 1061 2936 (24)
1097 2882 1159 2934 γε
1192 2865 1432 2937 ἀκριϐῶς
1455 2867 1582 2938 περὶ
1614 2865 1710 2937 μὲν
1751 2866 1881 2918 Ἰου-

314 2953 476 3006 δαίων
503 2955 564 3007 οὐ
588 2954 748 3008 τινῶν
766 2995 781 3017 ,
809 2955 944 3008 ἀλλά
975 2956 1191 3010 πάντων
1213 2956 1408 3025 λέγειν,
1439 2958 1520 3009 ὅτι
1549 2955 1746 3009 οἴονταί
1762 2974 1883 3011 τινα

314 3046 717 3118 καταϐήσεσθαι
741 3047 834 3100 ἐπὶ
865 3047 962 3120 τὴν
992 3049 1094 3120 γῆν
1117 3065 1130 3079 ·
1166 3051 1295 3120 περ).
1320 3048 1376 3101 δὲ
1410 3047 1770 3120 Χριστιανῶν,
1799 3049 1880 3102 δτι

1981 2043 2077 2111 qui
2103 2041 2379 2098 Christum
2408 2044 2691 2099 advenisse
2712 2057 2907 2117 negant
2930 2050 3396 2123 adventurumque
3420 2071 3542 2124 spe-

1981 2146 2128 2202 rant,
2154 2147 2208 2192 et
2240 2137 2586 2192 Christianos
2623 2138 2716 2202 qui
2740 2136 2924 2194 Jesum
2958 2155 3077 2197 esse
3105 2143 3379 2200 Christum
3411 2161 3544 2202 con-

1982 2229 2206 2284 litentur
2266 2246 2426 2299 quem
2487 2231 2764 2301 prophetae
2816 2234 3204 2301 praedixerunt.
3253 2237 3343 2293 Sic
3381 2237 3542 2308 igitur

1983 2323 2072 2378 ille
2095 2340 2110 2378 :

2051 2496 2106 2552 2.
2141 2516 2161 2549 ι
2196 2497 2425 2564 Quidam
2459 2513 2490 2553 e
2519 2497 2842 2554 Christianis
2875 2507 2929 2553 et
2958 2497 3126 2554 Judaei
3159 2500 3453 2568 diSputant,
3484 2502 3539 2556 hi

1983 2590 2197 2660 quidem
2223 2591 2274 2642 in
2299 2601 2495 2642 terram
2521 2590 2907 2645 descensurum
2935 2605 3056 2644 esse
3081 2591 3236 2643 deum
3255 2594 3541 2659 qut-Iudam

1983 2687 2078 2732 aut
2115 2677 2210 2732 Dei
2238 2677 2432 2732 Filium
2465 2679 2624 2748 hujus
2656 2689 2812 2734 terra:
2849 2679 3057 2735 incolas
3088 2679 3535 2748 justilicaturum;

1985 2769 2060 2824 illi
2096 2784 2224 2824 vero
2245 2770 2357 2839 jam
2415 2772 2782 2827 descendisse.
2827 2771 3008 2841 Turpe
3047 2773 3350 2840 dissidium,
3396 2779 3539 2844 quod

1986 2861 2232 2930 pluribus
2267 2862 2514 2917 refellere
2568 2878 2956 2933 super-racuum
3000 2875 3160 2919 esset.
3199 2883 3218 2916 ι
3276 2866 3543 2921 Accurate

1987 2953 2038 3007 id
2071 2953 2288 3023 quidem
2323 2954 2536 3010 .Iudznos
2574 2971 2679 3008 non
2707 2956 2990 3024 quosdam,
3021 2957 3113 3010 sed
3148 2973 3334 3012 omnes
3359 2961 3542 3014 existi-

1987 3059 2135 3098 mare
2183 3046 2318 3098 hanc
2359 3048 2411 3099 in
2446 3057 2643 3100 terram
2675 3049 2958 3114 quemdam
2987 3063 3106 3102 esse
3136 3050 3538 3117 descensurum;

315 3141 456 3203 τινὲς
486 3140 660 3193 αὐτῶν
690 3141 1121 3213 καταϐεϐηκέναι
1155 3141 1420 3210 λέγουσιν.
1464 3141 1744 3212 Ἐμιραίνει
1774 3141 1878 3211 γὰρ

1985 3136 2244 3204 quosdam
2277 3149 2458 3192 autem
2501 3140 2882 3193 eChristianis
2945 3139 3287 3195 descendisse
3337 3144 3538 3197 dicere.

315 3231 442 3293 τοὺς
497 3232 602 3284 ἀπὸ
645 3233 946 3286 Ἰουδαϊκῶν
988 3235 1216 3306 Γραφῶν
1249 3235 1752 3300 κατασκευάζοντας
1782 3235 1882 3306 τὴν

319 3321 554 3394 Χριστοῦ
607 3322 718 3394 (25)
764 3325 1052 3396 ἐπιδημίαν
1085 3326 1160 3390 ὡς
1201 3327 1298 3398 ἠδη
1327 3328 1733 3399 γεγενημένηνο
1787 3325 1882 3380 κα)¹

319 3413 491 3466 ἔοικεν
519 3414 731 3479 εἰδέναι,
757 3416 840 3468 ὅτι
867 3416 969 3468 είσί
988 3433 1128 3479 τινες
1148 3417 1382 3486 αἱρέσεις
1403 3417 1726 3490 ἀρνούμεναι
1750 3419 1882 3490 Χρι-

318 3504 441 3558 στὸν
483 3505 685 3575 Ἰησοῦν
715 3502 851 3560 εἶναι
889 3508 980 3561 τὸν
1032 3509 1562 3580 προπεφητευμένον.
1598 3509 1735 3580 Ἤδη
1783 3509 1881 3580 μὲν

312 3591 406 3649 οῦν
433 3599 524 3651 καὶ
574 3600 632 3650 ἐν
680 3601 791 3662 τοῖς
815 3599 1096 3671 προτέροις
1121 3601 1248 3672 περὶ
1273 3599 1368 3653 τοῦ
1406 3597 1880 3670 προπεφητεῦσθαι

313 3691 404 3742 τὸν
433 3692 662 3762 Χριστὸν
689 3691 830 3746 κατά
855 3691 1078 3763 δύναμιν
1097 3693 1340 3764 διειλήφα
1349 3710 1447 3764 μεν
1464 3711 1480 3725 ο
1511 3693 1590 3746 διδ
1618 3693 1686 3746 τά
1711 3692 1880 3746 πολλά

311 3781 420 3835 τῶν
464 3783 772 3855 δυναμένων
813 3783 1063 3853 λέγεσθαι
1091 3787 1170 3848 εἰς
1217 3784 1307 3838 τὸν
1352 3784 1516 3838 τόπον
1548 3786 1646 3838 οὐκ
1678 3785 1880 3838 ἐπανα-

313 3874 658 3948 λαμϐάνομεν
683 3919 695 3938 ,
745 3879 832 3931 ἵνα
862 3877 934 3949 μὴ
969 3877 1392 3947 παλιλλογῶμεν.
1443 3878 1582 3949 Ὅρα
1625 3877 1687 3950 δὴ
1709 3918 1722 3940 ,
1753 3879 1835 3932 ὅτι
1861 3919 1876 3943 ,

315 3969 470 4042 εἴπερ
499 3969 636 4040 μετὰ
665 3986 807 4032 τινος
828 3969 928 4022 κᾶν
962 3969 1218 4039 δοκούσης
1245 3969 1354 4041 (26)
1384 3969 1696 4032 ἀκολουθίας
1724 3971 1877 4024 ἐϐού-

315 4059 435 4114 λετο
458 4062 780 4133 ἀνατρέπειν
815 4063 912 4133 τὴν
941 4062 1072 4133 περὶ
1113 4062 1220 4113 τῶν
1277 4061 1635 4132 προφητειῶν,
1684 4060 1716 4132 ἧ
1753 4063 1880 4133 περὶ

316 4153 408 4208 τοῦ
427 4155 778 4225 ἐπιδημήσειν
799 4154 829 4224 ἦ
853 4153 1300 4224 ἐπιδεδημηκέναι
1319 4154 1408 4205 τὸν
1424 4154 1656 4224 Χριστὸν
1677 4155 1877 4222 πίστιν,

320 4247 486 4318 ἐχρῆν
514 4247 675 4300 αὐτὸν
701 4246 869 4309 αὐτὰς
899 4244 1150 4298 ἐκθέσθαι
1177 4245 1274 4308 τὰς
1305 4246 1639 4316 προφητείας
1663 4286 1676 4309 ,
1706 4241 1792 4309 αἷς
1823 4247 1878 4301 ἐν

315 4339 391 4410 τῷ
418 4337 756 4406 διαλέγεσθαι
788 4337 921 4409 πρὸς
950 4335 1210 4406 ἀλλήλους
1254 4336 1510 4407 χρώμεθα
1566 4338 1878 4406 Χριστιανοὶ

315 4430 407 4481 καὶ
446 4427 702 4480 Ἰουδαῖοι.
735 4426 887 4479 Οὕτω
911 4425 1017 4498 γὰρ
1048 4427 1112 4480 ἂν
1141 4426 1239 4479 κᾶν
1268 4426 1412 4490 ἔδοξε
1448 4426 1572 4490 τοὺς
1604 4443 1877 4498 περισπω-

316 4519 506 4590 μένους
533 4519 638 4570 ὑπὸ
667 4519 781 4588 τῆς,
830 4519 904 4582 ὡς
931 4519 1096 4571 οἴεται
1116 4557 1130 4580 ,
1182 4517 1532 4590 πιθανότητος
1557 4518 1730 4571 δοκεῖν
1767 4520 1876 4591 (27)

313 4613 633 4683 ἀνατρέπειν
678 4613 784 4664 ἀπὸ
810 4613 908 4682 τῆς
952 4612 1084 4682 πρὸς
1113 4611 1179 4663 τὰ
1210 4611 1516 4683 προφητικὰ
1550 4613 1882 4681 συγκαταθέ-

316 4719 471 4768 σεως,
497 4705 588 4757 καὶ
620 4705 718 4773 τῆς
745 4703 829 4756 διὰ
878 4703 945 4756 τὰ
989 4705 1300 4775 προφητικὰ
1327 4705 1405 4766 είς
1455 4704 1542 4756 τὸν
1577 4705 1778 4775 Ἰησοῦν
1806 4705 1880 4767 ὼς

315 4794 442 4847 ὄντα
470 4796 694 4865 Χριστὸν
726 4797 980 4858 πίστεως.
1017 4795 1152 4847 Νυνὶ
1185 4794 1238 4846 δὲ
1261 4834 1274 4856 ,
1331 4796 1447 4864 ἤτοι
1481 4794 1552 4864 μὴ
1587 4795 1878 4865 δυνάμενος

316 4887 618 4957 ἀπαντῆσαι
669 4891 800 4960 πρὸς
829 4889 926 4953 τὰς
982 4889 1107 4959 περὶ
1151 4887 1383 4958 Χριστοῦ
1416 4889 1784 4958 προφητείας,

318 4978 450 5050 μηδέ
481 4979 587 5048 (28)
620 4980 714 5048 τὴν
756 4981 927 5050 ἀρχὴν
974 4980 1127 5043 εἰδὼς
1155 4981 1275 5034 τίνα
1315 4980 1430 5032 ἐστὶ
1458 4980 1522 5033 τὰ
1551 4981 1676 5050 περὶ
1706 4977 1868 5031 αὐτοῦ

316 5069 757 5141 προφητευόμενα
777 5110 791 5133 ,
819 5072 1069 5142 οὐδεμίαν
1101 5073 1197 5143 μὲν
1228 5072 1370 5137 λέξιν
1396 5071 1574 5143 τίθησι
1609 5087 1871 5142 προφητι-

385 5187 432 5218 ²⁸
463 5186 596 5241 Gen.
619 5202 690 5251 ιιι,
711 5187 768 5242 4.
847 5188 890 5219 ’⁸
920 5190 958 5243 ll
985 5190 1109 5244 Cor.
1145 5206 1198 5254 ι,
1225 5189 1277 5244 5.
1356 5190 1402 5220 ’⁸
1436 5191 1450 5242 Ι
1479 5192 1607 5243 Cor.
1642 5205 1716 5253 ιιι,
1745 5192 1798 5243 υ.

381 5317 498 5390 (25)
529 5319 742 5374 Φασίν.
777 5321 1062 5391 Omittitur
1112 5323 1162 5376 in
1191 5322 1344 5376 libris
1375 5332 1532 5378 antea
1562 5323 1744 5391 editis,
1777 5325 1870 5378 sed

313 5392 580 5458 reperitur
606 5393 658 5444 in
713 5395 900 5446 codice
934 5390 1165 5446 Juliano.

385 5459 499 5528 (24)
525 5460 680 5515 Libb.
736 5463 1008 5530 impressi,
1039 5464 1132 5515 καὶ
1156 5463 1217 5514 οὐ
1245 5461 1428 5527 δοκεῖ,
1484 5465 1576 5519 sed
1605 5463 1791 5517 Vocula
1817 5461 1877 5514 οὑ

313 5532 466 5586 abest
496 5533 564 5582 ah
591 5534 840 5587 omnibus
876 5548 1005 5587 mss.

384 5601 496 5674 (25)
523 5603 802 5670 Χριστοῦ.
831 5605 905 5657 Ita
932 5602 1096 5674 (codd.
1135 5600 1293 5672 Reg.,
1330 5600 1492 5656 Basil.
1533 5614 1589 5658 et
1622 5603 1726 5655 duo
1764 5601 1874 5653 An-

313 5671 738 5746 glicattiaAlias,
780 5673 972 5746 Ἰησοῦ.

387 5745 499 5814 (26)
537 5743 876 5802 ηιεδςιιειίιιέ
907 5749 958 5800 in
992 5754 1140 5800 textu
1162 5785 1176 5811 ,
1209 5743 1310 5798 οὐκ
1340 5743 1404 5799 ἂν
1432 5743 1624 5797 ὃοκούσ
1639 5761 1710 5813 ῖς.

1982 3227 2073 3282 Sic
2096 3229 2237 3282 enim
2275 3229 2480 3284 indicat
2505 3240 2560 3286 et
2588 3246 2718 3296 eos,
2767 3232 2855 3299 qui
2889 3246 2919 3286 e
2963 3231 3203 3286 Judaicis
3248 3235 3543 3302 Scripturis

1981 3329 2228 3374 astruunt
2247 3319 2518 3376 Christum
2532 3324 2644 3392 jam
2660 3323 2962 3388 advenisse,
2984 3335 3042 3378 et
3063 3327 3321 3393 quasdam
3341 3337 3538 3391 sectas,

1980 3426 2103 3480 qua:
2131 3410 2314 3466 .lesum
2346 3423 2546 3484 negant
2578 3428 2698 3468 esse
2730 3413 3007 3468 Christum
3038 3431 3065 3467 a
3098 3417 3379 3486 prophetis
3408 3433 3541 3484 prae-

1981 3504 2310 3559 nuntiatum.
2355 3505 2553 3574 Atjam
2585 3521 2745 3575 supra
2774 3520 2877 3574 pro
2907 3507 3113 3560 viribus
3134 3507 3450 3562 conﬁrmavi
3474 3510 3542 3563 de

1981 3595 2075 3650 ilo
2105 3595 2244 3651 edita
2276 3611 2396 3650 esse
2426 3596 2813 3666 praphetarum
2847 3595 3128 3649 vaticinia.
3160 3596 3339 3662 Quare
3391 3608 3448 3650 ut
3475 3613 3542 3651 no

1981 3687 2168 3742 eadem
2201 3689 2392 3743 iterem
2421 3689 2648 3757 saepius,
2685 3702 2805 3757 qua:
2843 3688 2945 3742 hoc
2983 3689 3102 3744 loco
3139 3688 3244 3744 dici
3283 3701 3538 3757 possent,

1980 3778 2226 3834 consulto
2269 3779 2580 3850 praeteribo.
2626 3777 2737 3832 lloc
2788 3787 2998 3832 tantum
3053 3783 3309 3834 observes
3346 3781 3535 3840 velim.

1982 3869 2197 3924 Celsum
2220 3908 2238 3937 ,
2289 3871 2335 3926 si
2363 3872 2506 3940 quod
2561 3871 2874 3940 prtedictum
2904 3873 3068 3926 fuisse
3097 3873 3321 3926 credunt
3346 3871 3538 3938 Judaei,

1983 3961 2258 4017 Christum
2289 3971 2580 4018 venturum
2609 3977 2752 4028 esse,
2801 3973 2897 4016 aut
2917 3965 3058 4033 quod
3084 3963 3399 4029 Christiani,
3425 3966 3536 4035 jam

1981 4055 2215 4118 venisse,
2244 4053 2480 4110 refutare
2509 4066 2633 4125 apte
2663 4056 2831 4109 videri
2859 4057 3138 4119 voluisset,
3166 4057 3421 4112 debuisse
3448 4073 3542 4110 va-

1981 4147 2163 4200 ticinia
2201 4162 2500 4201 memorare
2525 4187 2540 4211 ,
2579 4149 2779 4215 quibus
2813 4149 3025 4215 utrique
3074 4149 3214 4200 inter
3259 4148 3539 4216 di~putau-

1981 4236 2109 4291 dum
2141 4246 2384 4291 utuntur.
2413 4237 2503 4291 Sic
2526 4239 2672 4290 enim
2701 4253 2837 4305 quos
2866 4246 3016 4306 putat
3047 4237 3426 4306 probabilitate
3454 4239 3540 4294 de-

1981 4341 2186 4401 ceptos,
2216 4348 2246 4385 a
2286 4332 2389 4385 title
2427 4331 2698 4384 vaticiniis
2730 4331 3066 4399 adiungenda
3114 4347 3388 4398 revocare,
3424 4343 3477 4388 et
3508 4354 3536 4386 ει

1984 4424 2250 4477 sententia
2281 4438 2343 4476 ex
2383 4423 2659 4476 vaticiniis
2681 4433 2832 4485 nata,
2885 4422 3068 4476 Jesntn
3094 4437 3216 4477 esse
3241 4424 3531 4491 Christum,

1984 4523 2228 4568 avertere
2262 4514 2407 4566 visus
2433 4513 2646 4566 fuisset.
2668 4513 2866 4568 Contra
2898 4513 3010 4578 ille,
3041 4513 3154 4567 sive
3187 4516 3439 4570 vaticinia
3473 4519 3539 4570 de

1977 4604 2190 4661 Christo
2213 4604 2370 4674 503
2399 4604 2654 4673 defugere
2680 4621 2784 4658 non
2817 4614 3021 4672 posset,
3049 4608 3161 4660 sive
3193 4622 3294 4659 non
3317 4609 3538 4662 ouiuinu

1975 4707 2324 4767 cognosceret
2376 4711 2625 4766 quaenam
2671 4697 2738 4750 de
2794 4697 2884 4750 illo
2914 4705 3098 4773 essent
3145 4700 3435 4766 prmdicta;
3471 4717 3538 4756 ne

1977 4791 2196 4843 verbum
2234 4791 2450 4856 quidem
2483 4804 2514 4842 e
2541 4789 2811 4840 vaticiniis
2839 4789 3075 4859 profert,
3109 4805 3418 4860 quanquam
3451 4790 3540 4848 in-

1980 4903 2205 4941 nmuera
2233 4889 2297 4940 de
2323 4886 2543 4941 Christo
2565 4885 2700 4948 sint;
2743 4894 2798 4937 et
2828 4884 2915 4938 illa
2945 4885 3044 4938 sibi
3095 4890 3421 4955 redarguere
3459 4888 3542 4942 vi-

1981 4981 2158 5041 detur,
2193 4992 2260 5030 ne
2303 4975 2547 5044 exposita
2576 4976 2827 5043 quidem,
2859 4992 3017 5043 quam
3051 4977 3157 5030 illis
3191 4979 3371 5032 inesse
3393 4979 3539 5046 judi—

1981 5080 2088 5134 cet,
2121 5069 2520 5137 probabilitate.
2550 5065 2734 5134 Neque
2759 5067 2925 5121 etiam
2953 5068 3109 5122 scivit
3128 5085 3247 5124 eam
3281 5086 3385 5124 non
3419 5082 3541 5124 es:.e

2049 5319 2160 5388 (27)
2193 5315 2416 5370 Δοκεῖν.
2440 5313 2651 5388 hiet-iur
2679 5310 2992 5388 Boherellus
3043 5314 3329 5388 delendum
3363 5323 3537 5388 putat.

1978 5382 2114 5458 Quid
2142 5382 2214 5441 sit
2256 5391 2396 5441 enim
2436 5383 2581 5446 ἔδοξε
2627 5382 2832 5458 δοκεζν;
2885 5385 3086 5435 ibidem
3131 5384 3273 5458 libb.‘
3313 5387 3539 5448 exettsi,

1976 5452 2088 5514 ἆπὸ
2137 5458 2236 5528 τῆς
2259 5460 2337 5520 εις
2370 5457 2439 5510 τὰ
2467 5452 2780 5523 προφητικά
2801 5488 2816 5512 ,
2871 5459 2964 5506 sed
2997 5465 3125 5504 mss.
3174 5460 3232 5504 ut
3261 5453 3313 5507 in
3355 5463 3543 5510 nostro

1977 5543 2160 5672 ῐθῖἓζ)
2205 5598 2298 5672 ἰΗῇ
2316 5594 2490 5664 μηδέ.
2544 5590 2710 5672 [tecte
2743 5589 2911 5644 codex
2955 5586 3220 5646 Julianus.
3258 5594 3338 5649 Ab
3376 5605 3535 5650 antea

1977 5661 2153 5728 editis'
2184 5661 2397 5725 excidit'
2437 5666 2627 5718 vocula
2684 5661 2738 5728 ἦ.
