3986 6164
499 220 632 279 11131

1940 226 2264 285 ORICENlS

3583 242 3718 295 1052

493 337 737 392 omnium
766 333 1074 392 Iudaeorum
1098 339 1447 401 sententiam,
1477 339 1788 406 Christum,
1811 344 1899 410 qui
1929 360 2012 399 ver

2114 384 2124 407 ι
2154 346 2273 417 κὴν,
2308 347 2547 416 καίτοιγε
2581 350 2767 421 μυρίαι
2796 351 2916 404 ὅσαι
2950 352 3056 404 elei.
3100 352 3227 423 περὶ
3254 354 3517 424 Χριστοῦ·
3554 373 3720 427 κατη-

494 441 648 483 tnrus
687 436 789 493 est,
828 430 991 483 Deum
1020 429 1135 482 fore
1171 440 1264 481 aut
1306 428 1398 483 Dei
1429 428 1646 497 Filium,
1690 441 1748 486 ut
1772 433 1881 500 jam
1922 435 2047 489 alibi

491 523 625 579 dixi.
657 521 857 575 Tamen
889 520 1017 573 satis
1046 534 1165 573 esse
1194 531 1346 590 putat
1370 523 1620 577 retulisse
1650 525 1789 591 quod
1816 526 2047 580 dicimus

490 611 764 667 Christum
796 612 1143 666 descendisse
1165 653 1179 675 ,
1212 622 1267 666 et
1300 615 1443 682 quod
1487 613 1658 669 Judaei
1692 615 1921 681 dicunt,
1953 617 2047 670 de-

491 716 808 755 scensurum
838 715 958 754 esse
982 716 1069 769 qm
1092 700 1380 769 justiﬁcet,
1407 714 1465 758 ut
1496 707 1547 759 id
1577 710 1733 775 quasi
1782 717 1937 778 turpe
1966 710 2046 762 vi—

488 800 699 858 tuperet
738 800 793 845 et
825 791 980 858 longa
1031 792 1355 849 refutatione
1394 797 1689 866 indignum.

2152 440 2334 509 γορεῖν
2379 438 2435 491 δὲ
2478 439 2644 493 οἴεται
2676 441 2781 493 τῶν
2813 442 3183 513 προφητικῶν,
3216 445 3335 514 μηδ’
3361 445 3426 515 ἢν
3480 446 3620 499 εἴποι
3654 449 3721 503 ἂν

2153 532 2354 595 ἐκεῖνος
2385 531 2710 602 πιθανότητα
2742 534 2917 586 αὐτῶν
2958 535 3263 605 ἐκθέμενος.
3317 538 3428 589 Οῦκ
3457 534 3561 590 οἶδε
3593 540 3718 609 μέν-

2152 622 2415 689 τοιγε,ὅτι
2447 623 2506 675 οὐ
2538 624 2677 676 πάνυ
2708 642 2761 677 τι
2808 625 3046 677 Ἰουδαῖοι
3070 625 3279 694 λέγουσι
3313 628 3442 681 Θεὸν
3472 630 3599 682 ὄντα
3627 631 3714 684 τὸν

2150 712 2380 783 Χριστὸν
2409 715 2808 784 καταϐήσεσθαι
2839 716 2870 786 ἢ
2907 716 3039 769 Θεοῦ
3080 718 3227 781 Υἱὸν,
3262 718 3336 782 ὼς
3370 721 3462 773 καὶ¹
3515 724 3571 774 ἐν
3601 726 3711 787 τοῖς

2148 803 2400 875 ἀνωτέρω
2427 806 2745 875 εἰρήκαμεν.
2775 808 2883 860 Καὶ
2908 807 3073 859 εἰπὼν
3100 808 3259 861 αὑτὸν
3283 849 3297 873 ,
3322 810 3410 879 ὑφ’
3434 811 3587 880 ἡμῶν
3615 811 3712 880 μὲν

485 881 733 950 λέγεσθαι
760 882 1186 956 καταϐεϐηκέναι
1210 928 1224 952 ,
1252 886 1357 939 ὑπὸ
1398 889 1659 945 Ἰουδαίων
1689 892 1747 946 δὲ
1779 893 2180 966 καταϐήσεσθαι
2209 896 2517 968 δικαιωτήν.
2550 899 2886 971 Κατηγορεῖν
2911 900 3134 953 αὐτόθεν
3162 900 3331 955 οἴεται
3359 901 3451 955 τοῦ
3484 902 3711 973 λεγομέ-

484 990 595 1038 νου,
626 974 701 1038 ὼς
743 976 1017 1046 αἰσχίστου
1048 982 1141 1033 καὶ
1170 984 1288 1036 οὺδέ
1313 987 1522 1059 μακροῦ
1552 989 1774 1061 ἐλέγχου
1802 991 2074 1063 δεομένου.

551 1071 606 1125 5.
649 1068 841 1123 Postea
864 1111 878 1134 ,
918 1091 936 1123 ι
962 1088 1067 1143 quo
1099 1078 1327 1133 consilio
1349 1120 1364 1146 ,
1403 1092 1584 1151 rogat,
1634 1083 1773 1140 Deus
1809 1087 1911 1141 huc
1943 1087 2037 1140 de-

481 1162 818 1218 scendisset?
846 1181 863 1214 ι
888 1162 1087 1234 Nempe
1107 1168 1317 1237 ignorat
1338 1171 1496 1241 hujus
1513 1174 1805 1230 descensus
1833 1192 1862 1229 a
1886 1179 2039 1231 nobis

478 1260 749 1329 assignari
790 1262 1098 1316 consilium.
1142 1264 1416 1336 Praecipue
1454 1268 1696 1336 quidem,
1734 1278 1794 1322 ut
1829 1285 1949 1338 quae
1982 1270 2032 1323 in

480 1353 775 1423 Evangelio
810 1356 1065 1410 dicuntur
1094 1373 1222 1413 oves
1253 1361 1444 1417 domus
1496 1363 1696 1427 Israel,
1749 1376 2035 1421 converte-

478 1457 708 1513 rentur;
744 1449 963 1512 deinde,
998 1458 1058 1502 ut
1085 1462 1304 1522 prapter
1332 1454 1541 1508 illarum
1604 1455 2033 1511 incredulitatem

477 1541 784 1594 auferretur
811 1543 879 1596 ab
932 1542 1011 1597 eis
1067 1545 1210 1612 quod
1248 1559 1472 1613 regnum
1528 1546 1623 1601 Dei
1653 1556 1906 1610 vocatur,
1938 1564 2033 1602 ex-

475 1633 746 1703 clus?sqne
796 1636 987 1703 priscis
1038 1635 1271 1703 Judmis,
1320 1639 1545 1693 daretur
1595 1640 1718 1693 aliis
1751 1641 2027 1709 agricolis,

473 1724 801 1780 Christianis
851 1728 1128 1793 nimirum,
1161 1730 1252 1800 qui
1294 1728 1503 1785 fructus
1528 1732 1676 1801 regni
1714 1732 1832 1796 Dei,
1868 1747 2028 1801 opera

471 1820 726 1873 nimirum
788 1822 900 1876 suis
951 1838 1176 1892 quaeque
1233 1825 1563 1893 temporibus
1615 1825 1722 1879 Deo
1768 1826 2027 1880 reddituri

470 1919 646 1964 erant.
708 1912 888 1979 Atque
915 1911 1028 1967 haec
1072 1928 1240 1981 pauca
1282 1914 1347 1966 de
1394 1913 1576 1967 multis
1607 1914 1672 1966 ad
1708 1914 1846 1968 hanc
1887 1914 2024 1969 Celsi

456 1996 971 2072 interrogationem,
1030 2020 1174 2074 «quo
1220 2004 1446 2060 consilio
1495 2006 1637 2060 Deus
1668 2006 1771 2060 huc
1803 2007 2028 2061 descen-

468 2091 656 2147 disset.
696 2114 714 2146 ι
777 2094 892 2148 Alia
927 2096 1028 2149 sibi
1082 2096 1299 2165 quidem
1343 2097 1589 2165 reponit,
1639 2098 1733 2152 sed
1779 2114 1898 2167 quae
1928 2114 2026 2155 nec

468 2182 666 2250 Judaei,
699 2201 799 2241 nec
831 2187 999 2240 nostri
1031 2188 1302 2255 dicerent;
1335 2206 1352 2239 ι
1379 2206 1503 2242 mnn
1525 2231 1540 2257 ,
1567 2190 1772 2259 inquit,
1812 2200 1871 2244 ut
1905 2205 2025 2261 quae

467 2278 610 2331 inter
666 2278 912 2332 homines
971 2277 1107 2332 ﬁunt
1165 2279 1487 2334 disceretir
1558 2279 1725 2334 Nemo
1781 2290 2022 2334 nostrum

465 2367 609 2421 enim
649 2368 847 2423 dixerit
879 2367 1156 2423 Christum
1206 2371 1309 2425 huc
1358 2370 1588 2435 venisse,
1626 2380 1685 2424 ut
1724 2372 1922 2426 certior
1956 2370 2023 2425 de

464 2458 627 2514 rebus
659 2459 1117 2515 humanisﬁeret.
1190 2460 1390 2515 Tamen
1421 2462 1573 2529 quasi
1618 2461 1833 2531 quidam
1871 2462 2020 2517 dice-

462 2560 603 2616 rent,
645 2570 664 2604 ι
691 2563 746 2605 ut
784 2569 869 2607 res
893 2553 1152 2607 humanas
1183 2554 1454 2619 disceret,
1477 2572 1494 2605 ι
1538 2552 1722 2624 objicit
1751 2553 1866 2623 ipse
1893 2554 2018 2620 sibi,

465 2661 486 2695 ι
510 2658 687 2698 annon
720 2645 925 2698 sciebat
944 2645 1168 2700 omnia?
1199 2665 1219 2697 ι
1276 2645 1410 2699 Tum
1446 2645 1606 2701 veluti
1636 2661 1893 2715 responso
1922 2662 2016 2702 ac-

459 2747 673 2805 ceptou
696 2735 903 2791 sciebat
930 2753 942 2789 :
975 2755 993 2787 ι
1034 2757 1052 2790 ι
1074 2738 1312 2801 Sciebat,
1337 2756 1355 2789 ι
1382 2748 1535 2806 rogat
1567 2737 1885 2803 illeiterum,
1918 2756 1937 2789 ι
1961 2749 2016 2794 et

457 2842 568 2884 non
609 2830 881 2893 correxit,
938 2845 1037 2884 nec
1082 2830 1357 2898 corrigere
1399 2842 1519 2883 erat
1560 2830 1635 2883 in‘
1664 2830 1843 2884 divina
1899 2831 2014 2900 ejus

457 2921 766 2986 potestate?
797 2939 817 2971 ι
848 2921 1051 2975 llormn
1090 2922 1223 2975 nihil
1266 2937 1371 2975 non
1402 2920 1819 2989 ineptissimum.
1860 2920 2012 2974 Sem-

459 3024 557 3078 per
587 3010 729 3063 enim
771 3011 913 3064 Deus
939 3019 991 3063 et
1021 3010 1319 3079 quibusque
1351 3009 1679 3079 temporibus
1717 3009 1888 3065 Verbo
1914 3026 2011 3065 suo

458 3098 517 3152 in
542 3108 759 3153 sanctas
796 3099 1009 3152 animas
1043 3100 1405 3154 descendente
1429 3109 1485 3155 et
1518 3100 1722 3155 amicos
1752 3101 1861 3155 Deo
1888 3116 2011 3171 pro-

456 3192 754 3260 phetasque
776 3200 1127 3259 comparante
1145 3190 1372 3259 corrigit
1393 3190 1706 3261 quicunque
1729 3207 1789 3247 se
1810 3192 2011 3247 dociles

454 3282 719 3352 praebent,
747 3290 801 3337 et
829 3281 899 3335 ab
919 3281 1155 3336 adventu
1190 3280 1389 3336 Christi
1418 3282 1732 3337 ChriStiana
1763 3283 2007 3338 doctrina

456 3376 626 3428 utitur
654 3376 721 3429 ad
769 3374 1120 3444 corrigendos
1146 3390 1253 3429 non
1281 3376 1371 3444 qui
1423 3374 1628 3441 nolunt,
1658 3377 1751 3430 sed
1775 3376 1866 3447 qui
1899 3392 2009 3433 me-

450 3466 639 3520 liorem
683 3476 1002 3536 gratamque
1050 3466 1159 3522 Deo
1193 3467 1359 3520 vitam
1392 3467 1614 3538 eligunt.
1682 3466 1787 3522 Sed
1822 3468 2008 3525 Celsus

449 3558 634 3612 nescio
682 3558 981 3627 cnjusmodi
1029 3558 1415 3612 correctionem
1462 3557 1660 3612 factam
1705 3558 1871 3614 fuisse
1913 3576 2007 3615 vo-

449 3650 564 3704 lens
595 3668 608 3705 :
647 3669 665 3701 ι
692 3652 884 3705 Annon
914 3652 963 3704 in
986 3651 1170 3703 divina
1195 3650 1311 3717 ejus
1345 3657 1637 3717 potestate,
1665 3650 1860 3718 inquit,
1887 3662 2005 3706 erat

447 3740 758 3806 corrigere,
824 3740 925 3793 nisi
977 3740 1098 3807 quis
1149 3740 1215 3792 ad
1271 3740 1373 3792 hoc
1419 3738 1540 3792 data
1597 3753 1760 3808 opera
1811 3741 2005 3796 missus

447 3834 685 3887 fuisset?
724 3852 742 3884 ι
793 3833 875 3886 An
909 3832 1068 3887 Vellet
1102 3845 1184 3898 ut,
1230 3833 1339 3887 Deo
1372 3834 1663 3901 nequitiam
1694 3832 1872 3886 subito
1901 3833 2001 3885 tol-

447 3924 593 3978 lente
623 3934 678 3978 et
711 3926 960 3978 virtutem
997 3925 1290 3987 iuserente,
1346 3924 1589 3979 homines
1637 3923 1789 3978 novis
1824 3938 2001 3977 rerum

445 4019 768 4089 imaginibus
798 4018 1071 4086 conceptis
1098 4016 1560 4070 emendarentur?
1619 4015 1674 4070 Id
1728 4016 2002 4085 quaesierit

444 4110 584 4164 alius
622 4126 690 4162 an
722 4120 925 4163 natura:
948 4110 1017 4162 sit
1044 4115 1503 4170 consentaneum,
1532 4121 1600 4159 an
1635 4105 1751 4160 ﬁeri
1790 4104 1996 4175 possit;

441 4220 542 4274 ego
559 4219 703 4267 vero,
720 4202 803 4256 l'ac
821 4216 977 4272 posse
996 4197 1178 4271 ;504
1193 4200 1283 4253 sed
1299 4198 1425 4268 quid
1449 4198 1617 4253 libero
1632 4199 1854 4253 arbitrio
1872 4196 1998 4251 ﬁet?

2215 1086 2324 1139 Καί
2378 1105 2539 1158 φησι·
2591 1089 2724 1152 «Τίς
2756 1090 2783 1141 ὀ
2828 1089 2951 1154 νοῦς
2996 1090 3096 1160 τῆς
3125 1091 3333 1144 τοιᾶσδε
3371 1091 3596 1145 καθόδου
3629 1093 3704 1164 τῷ

2143 1178 2296 1249 Θεῷ;
2329 1198 2347 1229 ι
2390 1180 2485 1249 οὐχ
2524 1181 2686 1251 ὁρῶν,
2728 1182 2807 1234 ὅτι
2854 1183 2947 1235 καὶ
2978 1183 3097 1235 καθ’
3128 1184 3273 1253 ἡμᾶς
3312 1184 3425 1235 ἐστι
3469 1183 3569 1253 τῆς
3608 1202 3702 1237 κα-

2142 1270 2291 1323 θόδου
2321 1274 2349 1325 ὁ
2386 1272 2508 1336 νοῦς
2529 1313 2542 1336 ,
2575 1275 2995 1345 προηγουμένως
3030 1276 3126 1345 μὲν
3154 1276 3222 1351 τὰ
3247 1276 3510 1346 λεγόμενα
3538 1279 3596 1329 ἐν
3623 1276 3700 1349 τῷ

2140 1367 2454 1438 Εὐαγγελίῳ
2483 1368 2794 1421 ἀπολωλότα
2825 1368 3071 1440 πρόϐατα
3116 1368 3261 1422 οἴκου
3305 1369 3519 1441 Ἰσραὴλ
3578 1372 3697 1423 ἐπι.

2139 1456 2403 1527 στρέψαν
2465 1458 2730 1530 δευτέρως
2785 1458 2843 1511 δὲ
2899 1457 2960 1511 τὸ
3014 1457 3102 1511 διὰ
3137 1460 3235 1529 τὴν
3284 1459 3506 1512 ἐκείνων
3540 1460 3694 1512 ἀπεί-

2137 1544 2286 1599 θειαν
2340 1543 2470 1618 ἆραι
2510 1547 2605 1600 ἀπ’
2638 1546 2813 1600 αὐτῶν
2845 1547 2941 1619 τὴν
2982 1548 3367 1619 ὀνομασθεῖσαν
3422 1548 3693 1618 βασιλείαν

2132 1637 2225 1691 τοῦ
2285 1638 2440 1703 Θεοῦ,
2488 1641 2582 1693 καὶ
2635 1640 2817 1692 δοῦναι
2869 1640 3047 1705 ἄλλοις
3090 1645 3353 1714 γεωργοῖς
3390 1642 3539 1714 παρά
3569 1644 3693 1708 τοὺς

2130 1731 2295 1785 πάλαι
2334 1731 2618 1793 Ἰουδαίους
2653 1732 2993 1802 Χριστιανοῖς
3011 1770 3025 1794 ,
3050 1732 3172 1795 τοὺς
3201 1734 3443 1804 καρποὺς
3475 1734 3572 1804 τῆς
3598 1735 3689 1788 τοῦ

2127 1824 2260 1877 Θεοῦ
2290 1824 2562 1894 βασιλείας
2596 1822 2926 1876 ἀποδώσουσι
2960 1823 3038 1894 τῷ
3061 1823 3198 1895 Θεῷ,
3225 1825 3281 1877 ἐν
3310 1829 3422 1888 τοῖς
3456 1827 3689 1896 ἑκάστης

2128 1916 2374 1987 πράξεως
2388 1915 2551 1987 οὔσης
2574 1916 2812 1986 καρποὺς
2836 1915 2935 1985 τῆς
2960 1915 3233 1985 βασιλείας
3258 1920 3486 1988 καιροῖς.
3503 1918 3686 1987 Ἡμεῖς

2129 2008 2226 2078 μὲν
2247 2003 2337 2060 οὖν
2363 2007 2468 2060 ἀπὸ
2490 2006 2748 2059 πλειόνων
2768 2004 2921 2072 ὀλίγα
2944 2006 3168 2076 εἴπομεν
3193 2007 3328 2077 πρὸς
3354 2006 3452 2077 τὴν
3479 2008 3683 2060 Κέλσου

2124 2097 2317 2151 πεῦσιν
2365 2098 2636 2160 εἰπόντος·
2686 2097 2781 2160 Τίς
2813 2097 2920 2168 γὰρ
2965 2099 2993 2150 ὁ
3046 2098 3167 2161 νοῦς
3197 2099 3295 2169 τῆς
3339 2100 3550 2152 τοιᾶσδε
3582 2118 3683 2154 κα-

2124 2186 2273 2239 θόδου
2302 2186 2380 2257 τῷ
2410 2186 2566 2256 Θεῷ;
2606 2186 2811 2250 Κέλσος
2858 2187 2912 2240 δὲ
2956 2187 3023 2242 τὰ
3056 2190 3191 2259 μήτε
3239 2188 3343 2241 ὑπὸ
3394 2189 3679 2255 Ἰουδαίων,

2124 2272 2261 2343 μήτε
2312 2272 2400 2342 ὑφ’
2450 2273 2605 2342 ἡμῶν
2660 2272 2916 2343 λεχθέντα
2965 2274 3036 2328 ἂν
3080 2275 3254 2346 ἐαυτῷ
3303 2277 3677 2346 ἀποφαίνεται,

2120 2362 2310 2431 λέγων,
2376 2382 2394 2415 ι
2424 2365 2491 2417 Ἢ
2555 2364 2639 2417 ἵνα
2676 2365 2821 2438 μάθῃ
2864 2365 2933 2419 τὰ
2961 2368 3019 2419 ἐν
3060 2367 3401 2437 ἀνθρώποις;
3434 2388 3452 2420 ι
3498 2372 3680 2434 Οὐδεὶς

2118 2454 2227 2527 γὰρ
2278 2455 2431 2526 ήμῶν
2470 2473 2652 2527 φησιν,
2682 2458 2797 2520 ὅτι,
2834 2457 2918 2511 ἵνα
2963 2457 3111 2530 μάθῃ
3137 2458 3207 2511 τά
3241 2460 3297 2512 ἐν
3343 2459 3674 2531 ἀνθρώποις,

2118 2547 2349 2618 Χριστὸς
2378 2549 2628 2620 ἐπιδημεῖ
2645 2548 2721 2618 τῷ
2748 2548 2863 2620 βίῳ.
2891 2545 3041 2613 Εἶτα,
3061 2549 3136 2613 ὡς
3164 2551 3420 2603 εἰπόντων
3442 2552 3505 2605 ἄν
3524 2570 3675 2605 τινων

2116 2655 2147 2691 τ
2188 2676 2204 2702 ,
2227 2657 2247 2690 ι
2273 2638 2358 2693 ἵνα
2397 2640 2540 2711 μάθῃ
2567 2641 2637 2693 τὰ
2663 2642 2721 2693 ἐν
2749 2639 3073 2713 ἀνθρώποις,
3106 2662 3123 2693 ι
3150 2642 3327 2713 ἐαυτῷ
3371 2643 3674 2713 ἀνθυποφέ-

2116 2749 2200 2803 ρει
2246 2732 2381 2804 πρὸς
2419 2732 2572 2786 τοῦτο
2601 2732 2681 2795 τὸ,
2728 2752 2746 2784 ι
2776 2734 2848 2786 Οὐ
2878 2733 2985 2806 γὰρ
3010 2731 3115 2787 οἶδε
3145 2735 3352 2800 πάντα;
3398 2726 3563 2800 Εἶτα,
3601 2737 3674 2800 ώς

2113 2825 2603 2896 ἀποκρινουμένων,
2637 2828 2717 2879 ὅτι
2744 2820 2870 2890 οἶδε,
2897 2845 2916 2877 ι
2953 2826 3113 2883 πάλιν
3153 2830 3436 2899 ὲπαπορεῖ,
3460 2828 3629 2897 λέγων
3654 2845 3667 2858 ·

2114 2918 2195 2971 ὅτι
2228 2936 2246 2968 ι
2272 2914 2418 2989 ’Ἆρα
2444 2914 2548 2970 οἶδε
2579 2919 2696 2988 μὲν,
2728 2919 2827 2971 οὐκ
2861 2917 3147 2988 ἐπανορθοῖ
3177 2919 3365 2987 (29)61=.
3384 2959 3398 2983 ,
3424 2919 3524 2971 οὐδ’
3555 2914 3667 2971 οἷόν

2113 3026 2171 3062 τε
2199 3009 2345 3080 αὐτῷ
2384 3008 2503 3081 θείᾳ
2544 3010 2766 3080 δυνάμει
2808 3009 3173 3082 ἐπανορθοῦν;
3206 3030 3223 3061 ι
3263 3012 3374 3064 Καὶ
3401 3010 3566 3064 ταῦτα
3610 3010 3669 3065 δὲ

2112 3107 2288 3159 πάντα
2318 3103 2526 3174 εὐήθως
2574 3102 2739 3170 λέγει.
2794 3102 2904 3158 Ἀεὶ
2947 3102 3053 3173 γὰρ
3098 3104 3126 3156 ὁ
3177 3104 3307 3167 Θεὸς
3358 3104 3433 3174 τῷ
3477 3103 3666 3156 ἑαυτοῦ

2110 3194 2250 3263 λόγῳ
2295 3190 2434 3245 κατά
2485 3191 2675 3259 γενεάς
2726 3192 2806 3255 είς
2848 3192 3023 3264 ψυχὰς
3069 3193 3220 3256 ὁσίας
3273 3192 3664 3263 μεταϐαίνοντι,

2110 3284 2204 3338 καὶ
2258 3284 2443 3353 φίλους
2507 3282 2640 3336 Θεοῦ
2694 3282 2788 3336 καὶ
2849 3284 3131 3355 προφήτας
3189 3283 3665 3348 κατασκευάζοντι,

2108 3374 2395 3445 ἐπανορθοῖ
2432 3374 2556 3436 τοὺς
2599 3371 2891 3435 ἀκούοντας
2944 3372 3051 3425 τῶν
3105 3372 3441 3444 λεγομένων·
3478 3377 3571 3428 καὶ
3610 3375 3667 3426 ἐν

2107 3471 2173 3539 τῇ
2206 3465 2439 3537 Χριστοῦ
2467 3466 2523 3519 δὲ
2551 3466 2813 3536 ἐπιδημίᾳ
2843 3464 3124 3536 ἐπανορθοῖ
3151 3462 3226 3534 τῷ
3249 3464 3388 3518 κατά
3407 3466 3667 3535 Χριστια-

2106 3558 2294 3629 νισμὸν
2323 3558 2485 3627 λόγῳ,
2528 3557 2647 3627 οὐχὶ
2683 3557 2809 3619 τοὺς
2844 3557 2917 3627 μὴ
2950 3555 3336 3626 βουλομένους,
3381 3556 3515 3609 ἀλλά
3542 3560 3667 3621 τοὺς

2105 3650 2195 3701 τὸν
2221 3648 2501 3720 κρείττονα
2532 3647 2643 3717 βίον
2673 3649 2763 3700 καὶ
2791 3648 3091 3718 ἀρέσκοντα
3119 3648 3193 3718 τῷ
3215 3647 3333 3717 Θεῷ
3356 3648 3659 3718 ἑλομένους.

2106 3744 2218 3794 Οὐκ
2251 3738 2367 3793 οἶδα
2404 3740 2459 3792 δέ
2492 3741 2584 3794 καὶ
2618 3741 2862 3809 ποταπὴν
2887 3738 3255 3809 ἐπανόρθωσιν
3290 3739 3607 3811 βουλόμενος
3636 3743 3662 3793 ὁ

2103 3831 2308 3893 Κέλσος
2336 3830 2616 3900 γενέσθαι,
2665 3829 2979 3901 ἐπηπόρησε
3012 3828 3181 3898 λέγων
3229 3847 3247 3879 σ
3271 3824 3396 3899 ’Ἆρ’
3426 3832 3523 3899 οὐχ
3554 3825 3660 3881 οἷόν

2102 3940 2159 3976 τε
2190 3922 2335 3993 αὐτῷ
2367 3922 2589 3992 δυνάμει
2620 3921 2736 3991 θείᾳ
2774 3920 3122 3991 ἐπανορθοῦν,
3149 3919 3241 3973 ἐάν
3270 3922 3342 3991 μὴ
3372 3920 3529 3990 φύσει
3552 3922 3655 3991 (50)

2099 4013 2218 4067 τινὰ
2264 4014 2356 4065 ἐπὶ
2402 4012 2556 4066 τοῦτο
2607 4011 2828 4085 πέμψῃς
2855 4031 2872 4062 ι
2910 4008 3055 4080 τΑρα
3096 4010 3203 4080 γάρ
3247 4011 3404 4083 ῆθελε
3462 4030 3660 4080 φαντα-

2103 4104 2403 4175 σιουμένοις
2451 4107 2561 4167 τοῖς
2599 4103 2901 4174 ἀνθρώποις
2945 4103 3049 4156 ὑπὸ
3095 4103 3253 4166 Θεοῦ,
3306 4104 3656 4180 ἀπειληφότος

2103 4196 2200 4265 μὲν
2234 4194 2443 4266 ἀθρόως
2472 4194 2567 4264 τὴν
2615 4193 2830 4256 κακίαν,
2870 4192 3165 4263 ἐμφύοντος
3212 4193 3267 4245 δὲ
3309 4194 3405 4264 τὴν
3434 4196 3650 4266 ἀρετὴν,

440 4296 722 4362 Quomodo
760 4296 914 4350 laude
947 4297 1106 4366 digna
1135 4297 1241 4350 erit
1266 4295 1389 4348 data
1419 4291 1639 4347 veritati
1674 4288 1997 4345 consensio?

2114 4285 2196 4356 τὴν
2224 4283 2588 4354 ἐπανόρθωσιν
2622 4281 2904 4350 γενέσθαι;
2961 4283 3150 4346 ’Λλλος
3184 4284 3281 4353 μὲν
3318 4281 3408 4337 οὖν
3435 4284 3653 4355 ζητήσει

438 4390 718 4454 Quomodo
765 4391 1101 4442 mendacium
1139 4387 1377 4442 aversari
1427 4388 1480 4439 in
1534 4384 1689 4439 laude
1727 4382 1997 4451 ponetur?

438 4480 517 4535 Do
563 4492 692 4532 vero
721 4478 771 4532 id
812 4489 863 4530 et
891 4478 1128 4546 potuisse
1162 4487 1218 4531 et
1264 4476 1509 4531 decuisse
1540 4475 1694 4538 ﬁeri;
1746 4480 1801 4526 at
1842 4482 1995 4543 roget

438 4572 704 4641 quispiam
755 4570 967 4625 Celsum
1020 4568 1285 4631 imitatus,
1325 4565 1566 4634 nunquid
1600 4579 1704 4617 non
1746 4562 1887 4618 Deus
1912 4563 1993 4618 di-

437 4664 561 4718 vina
592 4678 689 4718 sua
718 4663 912 4716 virtute
939 4661 1199 4731 potuisset
1242 4657 1488 4712 homines
1530 4656 1597 4709 ab
1630 4655 1783 4709 initio
1803 4662 1992 4710 creare

438 4754 516 4808 ita
549 4754 734 4807 virtuti
773 4752 1039 4812 addictos,
1087 4751 1160 4804 ita
1215 4747 1501 4819 perfectos,
1549 4755 1610 4799 ut
1668 4743 1810 4798 nulla
1846 4754 1991 4799 esset

436 4844 707 4914 nequitia,
774 4843 1026 4911 nullath
1076 4842 1210 4896 adeo
1261 4839 1602 4896 correctione
1655 4835 1989 4905 indigerent?

435 4929 563 4985 Haec
600 4929 872 4997 simplices
914 4930 1146 4983 fortasse
1168 4944 1232 4983 ac
1282 4928 1466 4983 tardos
1517 4939 1832 4995 permovere
1858 4938 1987 4992 pos-

435 5026 580 5089 sint,
635 5041 739 5079 non
793 5024 916 5077 item
949 5039 1070 5076 eum
1124 5022 1214 5091 qui
1273 5021 1326 5075 in
1363 5034 1540 5073 rerum
1582 5027 1774 5071 natura
1816 5018 1990 5071 intro-

432 5118 614 5187 Spicit.
654 5116 812 5170 Novit
840 5115 982 5170 enim
1017 5115 1263 5168 virtutem
1296 5122 1485 5166 natura
1514 5125 1632 5164 esse
1656 5125 1822 5180 usque
1848 5110 1982 5164 adeo

503 5273 615 5343 (29v
667 5268 1024 5336 Ἐπανοροοῒ.
1083 5268 1174 5322 Sic
1210 5283 1338 5323 mss.
1379 5267 1528 5322 Alias
1554 5279 1684 5320 vero
1714 5265 1769 5319 in
1810 5272 1981 5330 textu,

437 5343 766 5415 ἐπηνώρθου.

503 5403 801 5485 (ὅθίνοκ,
851 5411 1046 5482 φύσει,
1104 5410 1313 5485 videtur
1368 5403 1984 5485 Boherellocommode

430 5477 827 5554 posse'ahess'e,
855 5477 975 5554 qua;
998 5498 1115 5533 cum
1141 5481 1240 5554 hac
1264 5481 1378 5554 ipsa
1406 5478 1596 5554 pagina
1627 5477 1709 5554 his
1732 5484 1978 5554 ponatur,

433 5543 586 5606 iacile
617 5555 787 5620 potuit
816 5543 919 5606 huc
965 5551 1264 5620 irrepsisse.
1285 5543 1504 5602 lnidetn
1539 5549 1711 5620 c_odex_
1739 5543 1983 5620 Julianus

433 5612 663 5693 secunda
696 5639 851 5693 manu
894 5612 1369 5689 φαντασιουμένοις
1397 5621 1506 5680 τοῖς
1546 5612 1983 5693 ἀνθρώποις-’ῦπὸ

433 5689 567 5743 Θεοῦ
599 5685 952 5754 ἀπειληφότος
973 5731 987 5753 ,
1041 5685 1229 5745 tttclius
1257 5707 1387 5745 sane
1420 5705 1574 5754 quam
1617 5686 1816 5740 habent
1848 5685 1976 5737 libb.

2098 4375 2147 4425 εἰ
2177 4374 2485 4437 ἀκόλουθον,
2515 4373 2546 4444 ἢ
2577 4374 2625 4425 εί
2645 4373 2867 4447 ⁸δυνατόν
2896 4374 3007 4426 ἐστι
3035 4376 3098 4444 τῇ
3131 4375 3286 4441 φύσει
3311 4375 3368 4427 τὸ
3390 4374 3647 4429 τοιοῦτον·

2096 4467 2257 4536 ἡμεῖς
2288 4466 2342 4519 δὲ
2385 4466 2628 4536 εἴποιμεν
2658 4465 2754 4529 ἂν,
2785 4467 2864 4518 ὅτι
2911 4466 3066 4529 ἔστω,
3116 4468 3208 4521 καὶ
3252 4467 3470 4520 δυνατὸν
3524 4464 3652 4519 αὐτὸ

2098 4552 2256 4610 εἶναι.
2292 4557 2401 4611 Ποῦ
2436 4553 2527 4610 οὖν
2554 4557 2612 4610 τὸ
2640 4558 2723 4625 ἐφ’
2755 4559 2920 4627 ἠμῖν;
2964 4558 3056 4610 καὶ
3087 4558 3187 4611 ποῦ
3229 4558 3485 4628 ἐπαινετὴ
3522 4573 3648 4625 συγ-

2095 4642 2384 4713 κατάθεσις
2418 4653 2552 4721 πρὸς
2592 4652 2652 4704 τὸ
2700 4651 2921 4720 ἀληθές;
2975 4651 3006 4720 ἢ
3056 4650 3319 4720 ἀποδεκτὴ
3370 4652 3648 4713 ἀνάνευσις

2093 4742 2200 4796 ἀπὸ
2248 4741 2341 4794 τοῦ
2385 4742 2646 4810 ψεύδουςς
2692 4741 2850 4795 Ἀλλὰ
2893 4743 2985 4795 καὶ
3029 4743 3076 4793 εἰ
3110 4741 3254 4807 ἅπαξ
3298 4741 3505 4810 δοθείη,
3558 4744 3648 4794 καὶ

2092 4832 2311 4886 δυνατὸν
2365 4832 2539 4897 τοῦτο,
2594 4834 2686 4886 καὶ
2740 4832 3054 4903 πρεπόντως
3101 4833 3411 4902 γινόμενον·
3460 4833 3545 4885 διὰ
3598 4832 3647 4884 τί

2090 4924 2209 4995 οὐχὶ
2270 4923 2465 4995 μᾶλλον
2520 4923 2738 4995 ζητήσει
2778 4941 2860 4986 τις
2904 4924 3002 4993 τὴν
3051 4924 3243 4994 ἀρχὴν,
3290 4924 3547 4991 ἀνάλογόν
3597 4942 3645 4976 τι

2093 5016 2314 5084 φάσκων
2339 5014 2416 5085 τῷ
2441 5014 2649 5085 Κέλσῳ,
2685 5016 2763 5068 ὅτι
2800 5016 2896 5085 οὐχ
2924 5010 3031 5067 οἷόν
3064 5031 3122 5066 τε
3160 5011 3228 5085 ἦν
3271 5014 3349 5084 τῷ
3382 5015 3499 5085 Θεῷ
3531 5016 3644 5087 θεία

2089 5106 2311 5176 δυνάμει
2351 5104 2472 5176 μηδ’
2505 5102 2922 5175 ἐπανορθώσεως
2946 5103 3225 5174 δεομένους
3266 5103 3487 5175 ποιῆσαι
3521 5108 3642 5168 τοὺς

2082 5262 2357 5328 impressi,
2377 5259 2864 5331 cpavcaatoupévog;
2887 5258 3011 5321 τοὺς
3031 5256 3352 5331 ἀνθρώπους
3383 5259 3485 5312 ὑπὸ
3508 5259 3637 5311 Θεοῦ

2081 5329 2448 5400 ἀνειληφότος,
2482 5346 2577 5399 pro
2595 5329 2788 5400 quibus
2818 5329 3131 5400 Boherellns
3160 5332 3369 5398 legebat
3395 5347 3408 5380 :
3444 5346 3641 5395 φανταδ

2083 5397 2380 5473 σιουμένων
2410 5397 2517 5454 τῶν
2563 5397 2884 5473 ἀνθρώπων,
2919 5410 3024 5452 etc.
3052 5397 3220 5473 Δυιυι
3262 5410 3344 5453 cst
3369 5400 3637 5473 ,__vet‘hnrn

2079 5467 2457 5544 ἀνειληφότος,
2489 5480 2582 5523 aut
2612 5467 3269 5544 anatkncpé‘rog,_Gt_lietus
3303 5470 3506 5544 nullum
3552 5468 3636 5522 hic

2081 5538 2264 5599 locum
2282 5538 2485 5597 habere
2516 5547 2704 5610 putat.
2730 5538 2911 5611 et'legi
2947 5538 3057 5592 vult
3084 5539 3437 5612 ἀνῃρηκότος.
