3986 6164
343 298 359 350 l
373 300 478 354 033

1508 286 1791 344 CONTRA
1823 285 2101 342 CELSUM
2134 286 2262 340 LIB.
2303 284 2392 340 ΙΝ.

3449 274 3584 329 1034

336 411 660 480 ἀνθρώπους
682 450 696 472 ,
741 408 854 462 ἀλλ’
886 407 1111 462 αὐτόθεν
1158 405 1474 470 σπουδαίους
1523 409 1614 460 καὶ
1643 407 1912 470 τελείους,

2023 407 2270 469 liberam,
2302 414 2359 457 nt
2387 404 2599 459 sublata
2634 401 2905 464 libertate,
2937 401 3052 470 ipsa
3077 414 3107 455 e
3135 399 3312 453 medio
3341 398 3585 454 tollatur.

345 507 466 559 οὐδὲ
517 506 614 574 τὴν
666 505 838 573 ἀρχὴν
872 499 1181 569 ὑποστάσης
1237 499 1334 568 τῆς
1376 499 1611 563 κακίας;
1646 500 1916 558 Ταῦτατδ’

352 595 566 658 ἰδιώτας
604 594 699 664 μὲν
741 595 834 646 καὶ
859 591 1149 653 ἀδυνάτους
1171 590 1276 660 (51)
1301 590 1522 644 δύναται
1557 591 1919 661 συναρπάσαι,

337 684 398 736 οὺ
427 681 532 752 μὴν
565 682 660 734 καὶ
685 681 776 733 τὸν
810 679 1078 751 ἐνορῶντα
1116 681 1181 748 τῇ
1222 677 1381 746 φύσει
1415 678 1522 732 τῶν
1547 681 1886 749 πραγμάτων
1907 697 1919 709 ν

337 774 420 826 ὅτι
445 773 647 843 ἀρετῆς
676 771 772 841 μὲν
803 770 895 822 ἐὰν
919 769 1110 841 ἀνέλῃς
1131 769 1192 821 τὸ
1221 767 1488 832 ἑκούσιον,
1516 769 1723 832 ἀνεῖλες
1751 768 1922 836 αὐτῆς

338 865 433 918 καὶ
486 863 578 934 τὴν
631 862 856 914 οὐσίαν·
904 861 1032 930 ὅλης
1088 860 1132 912 δ’
1185 862 1265 924 είς
1321 860 1493 913 ταῦτα
1538 859 1918 930 πραγματείας

338 953 499 1026 χρεία
523 968 538 983 ο
580 953 711 1022 περὶ
739 947 806 1023 ἧς
839 951 938 1004 οὐκ
969 949 1123 1018 ὀλίγα
1151 952 1208 1002 ἐν
1231 953 1341 1012 τοῖς
1371 949 1498 1018 περὶ
1527 950 1787 1020 Προνοίας
1827 948 1921 1000 καὶ

343 1043 598 1113 Ἕλληνες
657 1043 975 1111 εἰρήκασιν·
1045 1040 1094 1092 οἱ
1147 1039 1220 1109 μὴ
1275 1041 1520 1102 εἰπόντες
1571 1040 1669 1103 ἂν,
1705 1039 1846 1108 ὅπερ
1894 1041 1921 1091 6

2023 496 2224 550 Verum
2270 497 2372 552 hac
2407 499 2471 550 de
2521 511 2579 550 re
2639 504 2749 547 ιοιο
2788 504 3019 546 tractatu
3058 506 3190 559 opus
3228 499 3392 544 esset.
3435 487 3589 544 Hanc

2025 587 2199 642 Graeci
2256 588 2308 641 in
2356 588 2468 642 suis
2503 588 2568 640 de
2600 586 2949 640 Providentia
2984 583 3132 636 libris
3164 582 3280 636 l‘use
3319 591 3593 635 tractave-

2028 688 2173 740 runt,
2211 680 2298 733 ubi
2333 679 2555 742 multum
2588 679 2742 731 abest
2772 688 2823 728 ut
2855 677 3037 730 dicant
3069 676 3212 744 quod
3250 673 3338 728 hic
3362 673 3550 728 Celsus
3578 695 3592 728 :
3650 685 3652 688 '

2035 785 2053 816 ι
2077 767 2298 822 Sciebat
2348 769 2510 836 igitur
2540 767 2628 822 ille
2656 777 2708 820 et
2759 783 2862 821 non
2891 767 3154 830 correxit,
3184 780 3286 819 nec
3322 764 3376 818 in
3409 764 3595 819 divina
3656 763 3660 768 ’

2036 860 2154 927 ejus
2195 869 2465 926 potestate
2495 869 2612 912 erat
2651 860 2943 928 corrigere.
2971 878 2990 909 )
3036 858 3174 924 Quin
3204 866 3257 910 et
3293 871 3392 925 ego
3422 870 3596 924 quan-

2032 959 2142 1001 tum
2197 952 2342 1017 petui
2388 951 2453 1002 de
2504 950 2570 1001 iis
2595 964 2736 1016 saepe
2782 964 3090 1003 sermonem
3127 948 3266 1012 feci,
3317 957 3372 1001 et
3405 949 3596 1002 divinae

2033 1039 2324 1107 Scriptura:
2371 1039 2557 1092 eadem
2588 1044 2942 1103 conﬁrmant,
2995 1041 3154 1094 modo
3203 1039 3595 1108 intelligantur.

338 1134 542 1196 Κέλσος
600 1132 811 1196 ἐξέθετο
871 1133 1079 1200 λέγων·
1133 1129 1296 1185 «Οἷδε
1348 1131 1446 1201 μὲν
1509 1126 1621 1194 οὖν,
1661 1131 1761 1182 οὐκ
1802 1130 2091 1201 ἐπανορθοῖ
2141 1132 2216 1193 δὲ,
2262 1132 2320 1182 οὐ
2366 1131 2408 1182 δ’
2448 1125 2556 1182 οἷόν
2609 1147 2668 1182 τε
2731 1131 2880 1200 αὑτῷ
2932 1131 3156 1201 δυνάμει
3211 1132 3330 1205 θείᾳ
3367 1135 3598 1203 ἐπανορ-

338 1227 483 1282 θοῦν.
511 1248 529 1278 ι
571 1229 680 1282 Καὶ
713 1229 874 1298 ἡμεῖς
901 1227 956 1279 δὲ
999 1225 1265 1296 πολλαχοῦ
1316 1224 1460 1278 κατὰ
1501 1225 1563 1277 τὸ
1611 1224 1830 1276 δυνατὸν
1870 1225 1998 1293 ἡμῖν
2035 1227 2330 1295 εἰρήκαμεν
2383 1226 2509 1295 περὶ
2555 1223 2789 1288 τούτων,
2823 1225 2915 1278 καὶ
2975 1227 3024 1278 οί
3088 1225 3218 1278 θεῖοι
3275 1227 3420 1295 λόγοι
3482 1229 3596 1290 τοῖς

337 1319 554 1374 ἀκούειν
586 1319 903 1388 δυναμένοις
941 1318 1120 1371 αὐτῶν
1148 1319 1519 1389 παρέστησαν.

411 1412 694 1476 Λελέξεται
725 1406 847 1473 οὖν,
876 1412 1015 1482 ὅπερ
1049 1412 1180 1482 ἡμῖν
1212 1411 1304 1464 καὶ
1343 1411 1612 1474 Ἰουδαίοις
1651 1412 1915 1482 προσάγει

337 1503 366 1554 ὁ
394 1501 598 1562 Κέλσος
618 1539 632 1562 ,
668 1503 761 1553 καὶ
793 1502 927 1572 πρὸς
950 1503 1132 1565 αὑτὸν,
1181 1502 1261 1554 ὅτι
1292 1499 1456 1574 τΑρα,
1488 1497 1532 1555 ὦ
1561 1494 1744 1566 οὗτος,
1777 1499 1916 1555 οἶδεν

2093 1407 2148 1462 4.
2190 1406 2341 1473 Quod
2388 1406 2552 1474 igitur
2587 1406 2744 1458 nobis
2788 1403 3098 1472 .Iudaeisque
3149 1404 3338 1461 Celsus
3387 1407 3592 1474 objicit,

2028 1498 2168 1552 idem
2204 1504 2391 1550 contra
2434 1497 2610 1564 ipsum
2638 1494 3006 1550 adhibebitur.
3048 1494 3145 1549 Dic
3168 1496 3334 1562 enim,
3363 1512 3395 1552 o
3435 1500 3595 1565 bone,

339 1593 369 1644 6
424 1591 515 1643 ἐπὶ
566 1593 699 1644 πᾶσι
752 1593 882 1655 Θεὸς
923 1593 992 1645 τὰ
1041 1595 1099 1648 ὲν
1141 1595 1480 1665 ἀνθρώποις,
1533 1594 1562 1665 ἢ
1613 1595 1712 1648 οὐκ
1741 1591 1914 1658 οἶδεν;

2028 1589 2168 1642 Deus
2211 1588 2433 1641 novitne
2473 1601 2561 1639 res
2607 1586 2894 1649 humanas,
2925 1587 3147 1640 annon?
3199 1588 3244 1641 si
3301 1588 3466 1642 Deum
3503 1592 3596 1645 ad-

359 1681 495 1732 Ἀλλ’
525 1680 685 1751 εἴπερ
735 1683 890 1754 τίθης
922 1681 1058 1737 εἶναι
1086 1685 1217 1739 Θεὸν
1250 1688 1342 1740 καὶ
1386 1686 1665 1756 Πρόνοιαν,
1703 1686 1780 1749 ὡς
1815 1687 1914 1756 ἐμ-

349 1772 526 1838 φαίνει
573 1789 665 1824 σου
708 1772 768 1824 τὸ
797 1772 1130 1844 σύγγραμμα
1148 1813 1164 1837 ,
1193 1777 1485 1844 ἀναγκαῖον
1509 1776 1671 1828 αὐτὸν
1697 1775 1912 1827 εἰδέναι.

347 1864 411 1914 Et
447 1862 489 1913 δ’
515 1857 641 1925 οἶδε,
681 1862 768 1914 διὰ
807 1863 857 1914 τί
897 1865 996 1917 οὐκ
1052 1866 1375 1936 ἐπανορθοῖ;
1412 1869 1482 1919 ’Ἡ
1521 1868 1652 1936 ἡμῖν
1685 1866 1780 1936 μὲν
1822 1866 1916 1917 άν-

348 1954 576 2018 αγκαῖον
603 1952 983 2020 ἀπολογεῖσθαι
1009 1954 1094 2006 διὰ
1119 1955 1172 2006 τί
1191 1954 1342 2018 εἰδὼς
1363 1956 1460 2010 οὐκ
1483 1955 1769 2025 ἐπανορθοῖ
1790 1972 1801 1983 ·
1835 1957 1917 2008 σοὶ

345 2043 399 2095 δὲ
426 2082 440 2105 ,
503 2042 574 2113 μὴ
621 2043 761 2095 πάνυ
803 2043 1117 2113 ἐμφαίνοντι
1149 2045 1339 2101 διὰτοῦ
1364 2045 1792 2119 συγγράμματος
1826 2045 1916 2098 τὸν

369 2134 758 2202 Ἐπικούρειον,
815 2134 948 2187 ἀλλὰ
1001 2136 1444 2205 προσποιουμένῳ
1477 2136 1736 2205 Πρόνοιαν
1785 2134 1919 2186 εἰδέ-

345 2243 452 2300 ναι,
506 2227 606 2279 οὐκ
648 2225 842 2294 ἐπίσης
876 2225 1177 2290 λελέξεται,
1224 2226 1311 2278 διὰ
1343 2227 1394 2278 τί
1435 2224 1589 2288 εἰδὼς
1627 2225 1695 2278 τὰ
1723 2227 1779 2276 ἐν
1826 2226 1919 2277 ἁν-

342 2315 580 2386 θρώποις
614 2317 791 2368 πάντα
842 2319 869 2369 ό
917 2316 1049 2379 Θεὸς
1093 2318 1193 2369 οὐκ
1257 2317 1584 2387 ἐπανορθοῖ,
1632 2316 1750 2369 οὺδέ
1798 2317 1916 2388 θείᾳ

339 2409 565 2478 δυνάμει
608 2407 943 2460 ἀπαλλάσσει
979 2407 1186 2471 πάντας
1230 2407 1328 2476 τῆς
1363 2407 1594 2471 κακίας;
1653 2407 1790 2459 Ἀλλ’
1817 2408 1918 2459 οὑκ

341 2499 707 2568 αἰσχυνόμεθα
749 2499 928 2566 λέγειν
963 2498 1096 2569 (3'2),
1131 2499 1214 2550 ὅτι
1256 2498 1342 2550 ἀεὶ
1390 2499 1486 2568 μὲν
1537 2498 1743 2568 πέμπει
1791 2500 1918 2562 τοὺς

343 2588 906 2658 ἐπανορθωσομένους.
967 2589 1029 2640 Οί
1087 2590 1198 2658 γῖτρ
1233 2588 1324 2639 ἐπὶ
1375 2587 1445 2639 τὰ
1492 2587 1744 2656 βέλτιστα
1789 2605 1920 2658 προ-

343 2677 660 2747 καλούμενοι
701 2679 870 2745 λόγοι,
910 2678 1046 2729 Θεοῦ
1085 2677 1282 2739 αὐτοὺς
1324 2677 1646 2743 δεδωκότος,
1688 2680 1822 2732 εἰσὶν
1862 2682 1919 2732 ἐν

344 2762 668 2834 ἀνθρώποις.
736 2766 873 2835 Ἤδη
937 2765 992 2817 δὲ
1039 2765 1147 2818 τῶν
1197 2766 1628 2836 διακονουμένων
1677 2768 1754 2838 τῷ
1801 2767 1919 2839 Θεῷ

344 2855 533 2908 πολλαί
563 2859 668 2909 είσι
701 2856 986 2924 διαφοραὶ,
1028 2859 1121 2910 καὶ
1156 2857 1327 2924 ὀλίγοι
1368 2860 1504 2911 είσὶν
1533 2861 1582 2911 οἱ
1610 2860 1783 2931 πάντη
1822 2877 1920 2913 κα-

2030 1679 2244 1732 miseris
2280 1688 2335 1732 et
2360 1675 2788 1740 Providentiam,
2822 1686 2877 1729 ut
2907 1692 2971 1730 ex
3003 1686 3091 1732 tuo
3119 1679 3322 1746 scripto
3349 1677 3598 1746 judicare

2021 1769 2167 1832 licet,
2199 1777 2356 1822 notas
2384 1769 2455 1822 illi
2488 1782 2608 1822 esse
2637 1767 2860 1820 fatearis
2903 1782 3127 1823 necesse
3163 1779 3269 1822 est.
3303 1768 3396 1823 Sin
3424 1772 3597 1838 novit,

2021 1876 2122 1915 cur
2154 1875 2258 1914 non
2295 1861 2562 1928 corrigit?
2601 1862 2684 1913 An
2716 1860 2875 1914 nobis
2901 1861 3271 1914 necessarium
3296 1871 3382 1916 est
3402 1878 3597 1918 causas

2021 1952 2268 2014 reddere,
2297 1967 2396 2004 cur
2444 1953 2708 2007 humanas
2762 1964 2849 2005 res
2905 1966 3010 2005 non
3043 1951 3321 2021 corrigat,
3372 1957 3595 2008 tametsi

2021 2042 2336 2108 cognoscit;
2368 2052 2421 2095 ιιι
2449 2057 2600 2107 vero,
2625 2044 2717 2112 qui
2748 2043 2800 2096 in
2835 2050 2924 2095 tuo
2949 2043 3156 2112 scripto
3192 2051 3242 2096 te
3268 2042 3593 2112 Epicureum

2022 2145 2127 2183 non
2187 2140 2373 2199 aperte
2427 2133 2632 2200 prodis,
2685 2131 2777 2184 sed
2832 2131 3235 2185 Providentiam
3296 2147 3596 2201 agnoscere

2022 2221 2265 2286 simulas,
2294 2223 2475 2276 dicere
2507 2237 2615 2276 non
2657 2224 2879 2287 teneris,
2905 2238 3005 2276 cur
3036 2223 3178 2276 Deus
3209 2223 3477 2278 humanas
3507 2237 3596 2276 res

2025 2324 2338 2382 perspectas
2390 2314 2594 2368 habens
2626 2330 2732 2368 non
2784 2315 3074 2379 emendet,
3126 2328 3228 2368 nec
3274 2329 3460 2368 omnes
3500 2329 3596 2368 ne-

2027 2406 2194 2474 quitia
2239 2406 2432 2459 liberet
2472 2405 2649 2458 divina
2685 2405 2989 2475 potestate?
3033 2405 3104 2458 At
3134 2419 3233 2458 nos
3260 2405 3442 2458 dicere
3487 2421 3590 2458 non

2027 2496 2355 2559 dubitamus,
2391 2511 2419 2548 a
2447 2497 2557 2550 Deo
2583 2511 2798 2565 semper
2824 2497 2964 2549 mitti
2993 2495 3082 2565 qui
3115 2495 3415 2564 corrigam.
3452 2497 3594 2550 Sunt

2021 2585 2168 2639 enim
2224 2585 2368 2638 inter
2422 2586 2670 2638 homines
2700 2586 3023 2639 documenta
3074 2587 3208 2654 ipsis
3240 2601 3268 2638 a
3304 2587 3412 2640 Deo
3446 2587 3590 2650 data.

2022 2677 2220 2745 quibus
2261 2675 2327 2728 ad
2359 2677 2562 2743 optima
2620 2689 3018 2744 provocentur;
3079 2694 3391 2746 quanquam
3454 2681 3596 2737 inter

2022 2767 2319 2831 ministros,
2352 2768 2548 2836 quibus
2585 2769 2755 2822 utitur
2805 2770 2979 2833 Deus,
3027 2772 3249 2826 multmn
3283 2774 3355 2827 sit
3395 2775 3595 2830 discri-

2023 2857 2212 2911 minis.
2255 2857 2465 2925 Quippe
2491 2866 2620 2911 sunt
2661 2859 2816 2925 pauci
2843 2860 2932 2927 qui
2967 2874 3102 2927 pure
3127 2862 3348 2916 omnino
3388 2865 3593 2919 verita-

341 2945 524 3015 θαρῶς
564 2945 958 3016 πρεσϐεύοντες
981 2947 1050 2999 τὰ
1076 2948 1177 3017 τῆς
1211 2949 1468 3018 ἀληθείας
1488 2990 1501 3010 ,
1529 2950 1623 3002 καὶ
1649 2949 1746 3018 τὴν
1776 2968 1914 3004 παν-

2024 2959 2131 3000 tem
2188 2948 2421 3001 doceant
2475 2954 2530 3000 et
2585 2948 2894 3003 hominibus
2959 2951 3199 3018 perfecte
3251 2953 3592 3023 corrigendis

338 3037 466 3107 τελῆ
508 3037 881 3108 ἐπανόρθωσιν
939 3031 1325 3109 ἐργαζόμενοι·
1386 3043 1557 3093 ὁποῖοι
1586 3037 1724 3111 ἦσαν
1751 3044 1916 3095 Μωῦ-

343 3131 443 3199 σῆς
469 3132 563 3184 καὶ
597 3131 646 3183 οἱ
691 3130 983 3201 προφῆται.
1047 3131 1204 3202 Παρὰ
1232 3131 1288 3183 δὲ
1331 3132 1552 3194 τούτους
1581 3133 1787 3196 πάντας
1823 3151 1917 3204 με-

339 3223 481 3292 γάλη
517 3225 550 3292 ὴ
595 3222 680 3275 διὰ
709 3222 804 3275 τοῦ
844 3220 1017 3293 Ἰησοῦ
1048 3222 1418 3293 ἐπανόρθωσις
1461 3223 1520 3275 οὐ
1557 3225 1684 3287 τοὺς
1728 3228 1786 3278 ἐν
1819 3228 1916 3297 μιᾷ

342 3314 515 3384 γωνίᾳ
563 3315 660 3384 τῆς
713 3313 1036 3383 οἰκουμένης
1091 3312 1442 3382 βουληθέντος
1508 3315 1700 3382 μόνους
1757 3315 1918 3387 θερα-

345 3404 630 3469 πεύεσθαι,
687 3402 842 3468 ἀλλὰ,
883 3402 944 3454 τὸ
978 3402 1100 3454 ὅσον
1127 3403 1210 3454 ἐπ’
1249 3402 1416 3472 αὐτῷ,
1455 3404 1548 3455 καὶ
1575 3404 1701 3466 τοὺς
1722 3421 1917 3457 παντα-

343 3495 440 3565 χοῦ
465 3514 478 3526 ·
516 3494 704 3566 Σωτὴρ
737 3494 846 3564 γὰρ
881 3489 1010 3564 ἦλθε
1037 3493 1252 3546 πάντων
1281 3493 1598 3564 ἀνθρώπων.

412 3585 567 3639 Μετὰ
593 3584 748 3637 ταῦθ’
776 3587 803 3638 6
822 3583 1194 3652 γενναιότατος
1221 3584 1452 3646 Κέλσος,
1477 3584 1576 3636 οὐκ
1595 3578 1690 3638 οἷδ’
1720 3583 1914 3638 ὁπόθεν

340 3670 539 3737 λαϐὼν,
564 3675 833 3745 ἐπαπορεῖ
856 3673 990 3744 πρὸς
1014 3675 1161 3744 ἡμᾶς
1181 3673 1256 3736 ὡς
1282 3673 1537 3741 λέγοντας
1553 3715 1567 3739 ,
1596 3675 1679 3728 ὅτι
1713 3693 1731 3726 ι
1755 3675 1917 3738 αὐτὸς

342 3766 548 3820 κάτεισι
578 3766 712 3835 πρὸς
747 3765 1063 3836 ἀνθρώπους
1085 3766 1112 3816 ό
1141 3765 1324 3828 Θεός.»
1365 3766 1472 3817 Καὶ
1506 3765 1675 3819 οἴεται
1694 3767 1916 3820 ἀκολου-

342 3853 454 3906 θεῖν
479 3853 654 3923 τούτῳ
676 3854 756 3916 τὸ,
779 3871 797 3903 ι
822 3851 918 3923 τὴν
940 3851 1132 3906 ἐαυτοῦ
1169 3853 1330 3923 ἕδραν
1351 3854 1510 3907 αὐτὸν
1527 3855 1866 3908 καταλιπεῖν.
1892 3875 1909 3905 ι

341 3945 418 3998 Οὐ
447 3948 558 4020 γὰρ
581 3941 689 3998 οἶδε
722 3942 948 4013 δύναμιν
977 3942 1134 4007 Θεοῦ,
1176 3945 1268 3996 καί
1302 3945 1383 3996 ὅτι
1417 3963 1434 3995 ι
1455 3945 1678 4015 Πνεῦμα
1707 3947 1914 4017 Κυρίου

341 4034 672 4105 πεπλήρωκε
692 4034 789 4103 τὴν
808 4033 1132 4102 οἰκουμένην
1150 4049 1163 4062 ·
1189 4033 1283 4085 καὶ
1313 4033 1375 4086 τὸ
1410 4034 1630 4104 συνέχον
1650 4034 1718 4087 τὰ
1736 4039 1915 4091 πάντα

339 4125 540 4195 γνῶσιν
567 4123 676 4192 ἔχει
700 4124 900 4192 φωνῆς.
924 4143 941 4173 ι
972 4123 1104 4175 Οὐδέ
1127 4124 1600 4177 συνιέναιδύναται
1628 4131 1697 4182 τὸ
1740 4147 1756 4176 ι
1782 4129 1915 4197 Οὐχὶ

339 4215 432 4268 τὸν
473 4214 700 4286 οὐρανὸν
739 4214 832 4265 καὶ
884 4214 981 4282 τὴν
1043 4214 1147 4282 γῆν
1195 4212 1304 4279 ἐγὼ
1341 4213 1552 4282 πληρῶ,
1601 4213 1749 4282 λέγει
1797 4216 1911 4268 Κύ-

2023 3039 2153 3092 dent
2183 3052 2429 3106 operam.
2471 3037 2788 3108 Huiusmodi
2819 3039 3031 3110 Moyses
3062 3049 3118 3096 et
3159 3047 3437 3112 propheta:
3468 3045 3589 3101 fue-

2021 3137 2192 3180 runt:
2233 3127 2324 3181 sed
2376 3127 2428 3179 in
2486 3128 2588 3181 hoc
2641 3127 2950 3196 corrigendi
2983 3130 3200 3198 negotio
3232 3146 3423 3186 omnes
3470 3133 3589 3188 illos

2019 3217 2176 3286 longe
2222 3219 2499 3286 superavit
2548 3216 2743 3282 Jesus,
2803 3219 2894 3287 qui
2951 3234 3058 3273 non
3115 3223 3275 3274 unius
3322 3235 3586 3278 terrarum

2020 3309 2204 3378 anguli
2237 3309 2470 3373 incolas,
2501 3310 2594 3364 sed
2622 3325 2809 3365 omnes
2847 3312 3084 3380 undique
3132 3326 3393 3382 quantum
3442 3317 3495 3370 in
3529 3332 3590 3373 se

2017 3398 2142 3464 fuit,
2175 3404 2394 3455 sanatos
2422 3400 2606 3454 voluit.
2651 3399 2807 3455 Venit
2844 3404 2988 3456 enim
3028 3411 3086 3458 ut
3115 3406 3356 3460 omnium
3414 3407 3590 3463 homi-

2020 3506 2148 3544 num
2183 3491 2431 3546 Salvator
2469 3501 2639 3546 esset.

2101 3581 2155 3634 5.
2200 3582 2402 3636 Deinde
2432 3583 2681 3652 egregius
2711 3582 2799 3636 ille
2828 3582 2914 3636 vir
2938 3584 3124 3639 nescio
3159 3587 3301 3639 unde
3339 3588 3586 3643 occasio-

2020 3685 2142 3724 nem
2203 3681 2394 3724 nactus
2449 3673 2802 3739 quaestionem
2868 3673 3127 3728 adversus
3200 3691 3298 3730 nos
3375 3687 3583 3744 movet,

2023 3761 2178 3829 quasi
2228 3761 2531 3816 diceremus
2602 3762 2809 3818 «Deum
2861 3764 3032 3832 ipsum
3084 3765 3152 3818 ad
3213 3781 3313 3821 nos
3362 3767 3588 3822 descen-
3668 3779 3673 3783 '

2017 3868 2205 3906 surum
2257 3867 2396 3907 esse.
2430 3871 2448 3904 ι
2520 3852 2672 3907 Unde
2723 3855 2978 3924 consequi
3043 3865 3225 3922 putat,
3275 3867 3373 3911 «ut
3429 3874 3586 3914 suum

2019 3943 2120 4011 ipsi
2164 3943 2356 3997 solium
2389 3943 2745 3998 deserendum
2792 3944 2975 3998 fuerit.
3010 3963 3028 3996 ι
3071 3945 3254 4000 Nescit
3293 3948 3436 4001 enim
3467 3964 3588 4017 quae

2019 4033 2110 4088 Dei
2143 4039 2210 4090 sit
2244 4045 2519 4104 potestas,
2570 4039 2742 4092 nescit
2797 4056 2812 4089 t
2842 4038 3102 4106 Spiritum
3130 4040 3340 4093 Domini
3375 4040 3585 4108 replere

2017 4127 2202 4180 orbem
2243 4136 2514 4180 terrarum
2542 4138 2595 4182 et
2626 4129 2728 4182 hoc
2752 4129 2894 4196 quod
2923 4128 3168 4183 continet
3195 4131 3374 4183 omnia
3408 4130 3584 4183 scien-

2019 4217 2149 4268 tiam
2183 4217 2385 4271 habere
2413 4219 2641 4272 vocis“.
2671 4237 2690 4270 ι
2733 4218 2919 4286 Neque
2945 4233 3141 4286 capere
3174 4229 3355 4286 potest
3398 4221 3581 4274 istud:

344 4323 490 4379 ριος;
530 4324 550 4358 ι
584 4305 717 4357 Οὐδέ
753 4305 958 4374 βλέπει,
993 4305 1074 4356 ὅτι
1112 4303 1250 4356 κατὰ
1278 4303 1368 4356 τὸν
1394 4305 1731 4373 Χριστιανῶν
1757 4306 1908 4374 λόγον

2023 4305 2178 4374 505
2221 4323 2238 4355 ι
2278 4305 2530 4374 Nunquid
2564 4323 2668 4362 non
2703 4309 2897 4362 coelum
2921 4318 2974 4362 et
3011 4318 3209 4362 terram
3238 4324 3338 4378 ego
3366 4309 3582 4377 impleo,

337 4400 387 4452 οξ
418 4398 618 4460 πάντες
649 4399 706 4450 ἐν
729 4394 876 4465 αὑτῷ
910 4394 1108 4464 ζῶμεν,
1127 4394 1220 4447 καὶ
1253 4393 1566 4464 κινούμεθα,
1590 4396 1684 4448 καὶ
1721 4397 1906 4465 ἐσμὲν,

337 4489 413 4551 ὡς
457 4487 552 4541 καὶ
602 4486 812 4547 Παῦλος
864 4488 920 4538 ἐν
951 4487 1014 4555 τῇ
1064 4484 1200 4554 πρὸς
1243 4484 1556 4553 Ἀθηναίους
1604 4485 1910 4558 δημηγορίᾳ

338 4578 562 4643 ἐδίδαξε.
601 4579 720 4632 Κᾶν
749 4580 777 4630 ὁ
807 4577 939 4638 Θεὸς
970 4576 1146 4629 τοίνυν
1177 4575 1284 4629 τῶν
1315 4576 1450 4629 ὅλων
1482 4579 1547 4647 τῇ
1594 4579 1788 4632 ἐαυτοῦ
1820 4581 1911 4632 δυ-

337 4673 497 4742 νάμει
528 4668 931 4739 συγκαταϐαίνῃ
968 4668 1076 4736 (55)
1107 4666 1185 4737 τῷ
1232 4666 1405 4738 Ἰησοῦ
1437 4669 1516 4730 είς
1553 4669 1642 4722 τὸν
1672 4670 1778 4723 τῶν
1817 4673 1912 4724 άν-

341 4763 571 4835 θρὼπων
607 4763 736 4832 βίον,
771 4762 874 4814 κᾶν
912 4761 940 4811 6
988 4763 1044 4812 ἐν
1083 4761 1224 4830 ἀρχῇ
1261 4758 1396 4829 πρὸς
1425 4759 1514 4812 τὸν
1547 4759 1678 4814 Θεὸν
1717 4761 1906 4829 Λόγος,

341 4853 471 4914 Θεὸς
502 4853 594 4904 καὶ
623 4853 781 4913 αὐτὸς
811 4850 904 4914 ὢν,
941 4850 1166 4922 ἔρχηται
1195 4851 1328 4921 πρὸς
1359 4851 1506 4920 ἡμᾶς
1525 4867 1538 4880 ·
1573 4852 1671 4904 οὐκ
1698 4851 1909 4922 ἔξεδρος

342 4940 566 5010 γίνεται.
594 4943 711 4994 οὐδὲ
736 4942 1049 4995 καταλείπει
1079 4941 1174 5012 τὴν
1207 4941 1398 4993 ἑαυτοῦ
1439 4942 1596 5013 ἕδραν
1615 4959 1630 4973 ⁸
1675 4945 1750 5006 ὥς
1787 4961 1908 4997 τινα

343 5031 444 5102 μὲν
474 5031 632 5082 τόπον
664 5033 816 5084 κενὸν
855 5032 1017 5085 αὐτοῦ
1061 5031 1218 5094 εἶναι,
1265 5033 1448 5103 ἓτερον
1500 5033 1556 5086 δέ
1603 5033 1802 5105 πλήρη,
1845 5037 1904 5087 οὐ

340 5119 602 5188 πρότερον
651 5120 810 5172 αὐτὸν
863 5122 1070 5190 ἔχοντα.
1132 5121 1415 5190 Ἐπιδημεῖ
1459 5121 1515 5173 δὲ
1553 5121 1778 5192 δύναμις
1814 5124 1906 5175 καὶ

340 5211 528 5280 θεότης
553 5209 687 5262 Θεοῦ
722 5210 786 5261 δι’
819 5202 877 5261 οῦ
907 5210 1171 5279 βούλεται,
1205 5211 1298 5263 καὶ
1331 5213 1387 5262 ἐν
1439 5205 1482 5275 ᾧ
1527 5212 1767 5281 εὑρίσκει
1798 5212 1905 5282 χώο

339 5319 463 5373 ραν,
497 5300 596 5352 οὐκ
622 5299 936 5368 ἀμείϐοντος
969 5300 1152 5360 τόπον,
1197 5299 1304 5351 οὐδ’
1347 5298 1686 5360 ἐκλείποντος
1724 5297 1908 5369 χώραν

409 5389 455 5420 ²⁶
483 5389 611 5456 Sap.
643 5406 679 5450 ι,
705 5388 758 5441 7.
840 5388 881 5418 ³⁷
908 5387 1109 5442 Jerem.
1160 5404 1308 5451 xxttt,
1335 5388 1425 5440 24.

410 5477 958 5551 (51)]Αδυνάτους.
1021 5479 1163 5547 Lege
1190 5496 1310 5532 cum
1344 5478 1657 5551 Boherello,
1706 5480 1900 5532 ὰσυνέ..

337 5546 482 5611 τους.
505 5546 741 5602 Ἐνιδιιτίε
773 5550 889 5603 fons
917 5551 1016 5602 luit
1049 5546 1150 5601 vox
1189 5565 1418 5617 sequens
1447 5546 1686 5600 δύναται.

409 5619 522 5740 $52)
563 5618 956 5686 Codtl._l{cgius
990 5629 1044 5673 et
1082 5618 1440 5681 Basilccusis,
1492 5617 1604 5669 ἀλλ’
1650 5619 1902 5688 αἰσχυνόὶ-

446 5706 480 5740 α
526 5689 722 5740 λέγειν.
810 5688 953 5740 Infra
1017 5689 1177 5740 iidem
1235 5689 1390 5740 codd.
1439 5687 1612 5740 πάντη
1649 5688 1900 5740 καθαρῶς

344 5687 480 5756 μεθα
526 5689 722 5756 λέγειν.
810 5688 953 5743 Infra
1017 5689 1177 5742 iidem
1235 5689 1390 5744 codd.
1439 5687 1614 5758 πάντη
1649 5687 1900 5762 καθαρῶς

657 5785 922 5843 ΡΑτιιοι..
957 5786 1071 5844 Gn.
1114 5775 1230 5844 Xl.‘

2018 4397 2150 4447 dicit
2181 4394 2444 4450 Dominus
2478 4397 2563 4449 ’7?
2598 4415 2616 4448 ι
2664 4397 2847 4464 Neque
2880 4397 3024 4450 videt
3051 4413 3118 4451 ex
3151 4397 3583 4453 Christianorum

2016 4485 2262 4538 doctrina
2291 4499 2389 4538 nos
2417 4499 2608 4538 omnes
2640 4485 2696 4538 in
2723 4485 2844 4553 ipso
2878 4487 3081 4551 vivere,
3117 4488 3321 4541 moveri
3357 4497 3410 4542 et
3441 4504 3582 4556 esse,

2018 4585 2074 4626 ut
2100 4573 2298 4629 Paulus
2333 4575 2386 4628 in
2424 4575 2833 4629 Atheniensium
2866 4578 3126 4632 concione
3157 4579 3338 4632 docuit
3369 4581 3432 4634 ’⁸.
3467 4581 3581 4638 Etsi

2020 4664 2187 4732 igitur
2223 4663 2595 4718 universorum
2646 4663 2786 4717 Deus
2825 4679 2923 4719 sua
2973 4665 3143 4734 ipsius
3177 4673 3442 4736 potestate
3485 4669 3580 4723 de-

2017 4757 2244 4810 scendat
2272 4770 2392 4809 cum
2451 4754 2577 4810 Jesu
2627 4755 2679 4808 in
2732 4755 2870 4810 hanc
2901 4756 3180 4810 hominum
3227 4759 3429 4826 vitam;
3477 4762 3580 4814 etsi

2018 4845 2162 4913 quod
2211 4845 2263 4898 in
2303 4845 2573 4913 principio
2613 4847 2752 4913 apud
2792 4847 2957 4899 Deum
2989 4856 3107 4900 erat
3140 4847 3403 4915 Verbum,
3435 4849 3580 4903 Deus

2017 4937 2153 5004 ipse,
2186 4936 2368 4988 veniat
2412 4936 2476 4986 ad
2513 4950 2631 4998 nos,
2662 4949 2766 4988 non
2807 4935 3008 4990 idcirco
3039 4952 3069 4991 e
3116 4938 3253 4994 solio
3281 4941 3579 5010 egreditur,

2015 5035 2109 5080 attt
2154 5027 2282 5080 illud
2337 5026 2624 5095 relinquit;
2681 5027 2754 5080 ita
2810 5036 2890 5090 ut,
2941 5027 3058 5083 loco
3118 5045 3287 5084 vacuo
3337 5032 3576 5096 deserto,

2017 5119 2177 5172 alium
2215 5119 2434 5189 impleat
2462 5121 2550 5174 ubi
2587 5121 2735 5188 prius
2769 5138 2874 5176 non
2900 5133 3037 5178 erat.
3073 5123 3181 5178 Sed
3213 5125 3303 5179 Dei
3337 5134 3576 5192 potestas

2016 5226 2079 5264 ac
2105 5209 2361 5264 divinitas
2381 5226 2485 5280 quo
2509 5213 2623 5265 vult
2657 5213 3020 5281 proliciscitur
3050 5223 3104 5268 et
3143 5229 3467 5282 quocunque
3497 5213 3577 5265 io-

2016 5316 2136 5355 cum
2185 5302 2412 5368 invenit,
2463 5317 2567 5357 uon
2600 5304 2777 5359 eloco
2829 5307 2879 5358 in
2931 5306 3103 5359 locum
3153 5305 3574 5375 trausmigrans,

1525 5387 1568 5417 ³³
1597 5386 1716 5441 Act.
1765 5404 1890 5454 ιιι-ιι,
1930 5389 2020 5444 28.

2008 5485 2419 5603 επρεσϐεύοντες.
2490 5487 2633 5541 Alias
2662 5525 2677 5551 ,
2732 5489 2906 5558 πάντη
2962 5487 3053 5540 καὶ
3120 5485 3371 5558 καθαρῶς
3401 5506 3571 5560 πρεσ-

2041 5570 2276 5603 ευοντες.
2475 5566 2481 5571 ’

2041 5570 2276 5618 ευοντες.
2475 5566 2481 5571 ’

2080 5625 2192 5694 (5‘5)
2232 5628 2433 5695 Omnes
2465 5641 2619 5686 mss.,
2644 5622 3070 5695 συγκαταϐαίνῃ,
3099 5635 3265 5692 recte,
3300 5642 3421 5682 cum
3447 5647 3572 5691 tuo:

2008 5706 2265 5762 sequatur
2295 5694 2541 5764 ἔρχηται.
2575 5695 2740 5762 Alias,
2777 5694 3217 5760 συγκαταδαίνει.

3215 5795 3294 5851 33
