  <div class='ocr_page' id='page_1' title='image "/cluster/home/n/w/nwhite01/storage/ocr_20150623/11/mdp.39015013266690/531.png"; bbox 0 0 3986 6164; ppageno 0'>
   <div class='ocr_carea' id='block_1_1' title="bbox 506 263 3746 336">
    <p class='ocr_par' dir='ltr' id='par_1_1' title="bbox 506 263 3746 336">
     <span class='ocr_line' id='line_1_1' title="bbox 506 263 3746 336; baseline 0.004 -16"><span class='ocrx_word' id='word_1_1' title='bbox 506 263 644 321; x_wconf 63' lang='lat'><strong>1335</strong></span> <span class='ocrx_word' id='word_1_2' title='bbox 1945 267 2036 323; x_wconf 73' lang='grc' dir='ltr'><strong>ΟΒ</strong></span> <span class='ocrx_word' id='word_1_3' title='bbox 2049 266 2273 323; x_wconf 85' lang='lat' dir='ltr'><strong>[GENIS</strong></span> <span class='ocrx_word' id='word_1_4' title='bbox 3606 274 3746 336; x_wconf 70' lang='grc' dir='ltr'><strong>10πό</strong></span> 
     </span>
    </p>
   </div>
   <div class='ocr_carea' id='block_1_2' title="bbox 507 381 2081 467">
    <p class='ocr_par' dir='ltr' id='par_1_2' title="bbox 507 381 2061 452">
     <span class='ocr_line' id='line_1_2' title="bbox 507 381 2061 452; baseline 0.001 -17"><span class='ocrx_word' id='word_1_5' title='bbox 507 395 605 436; x_wconf 92' lang='lat' dir='ltr'><strong>nec</strong></span> <span class='ocrx_word' id='word_1_6' title='bbox 630 395 790 434; x_wconf 92' lang='lat' dir='ltr'><strong>unum</strong></span> <span class='ocrx_word' id='word_1_7' title='bbox 826 393 885 435; x_wconf 91' lang='lat' dir='ltr'><strong>se</strong></span> <span class='ocrx_word' id='word_1_8' title='bbox 909 393 1137 434; x_wconf 88' lang='lat' dir='ltr'><strong>vacuum</strong></span> <span class='ocrx_word' id='word_1_9' title='bbox 1185 381 1494 450; x_wconf 89' lang='lat' dir='ltr'><strong>relinquens</strong></span> <span class='ocrx_word' id='word_1_10' title='bbox 1522 388 1578 435; x_wconf 90' lang='lat' dir='ltr'><strong>ut</strong></span> <span class='ocrx_word' id='word_1_11' title='bbox 1607 381 1771 436; x_wconf 89' lang='lat' dir='ltr'><strong>alium</strong></span> <span class='ocrx_word' id='word_1_12' title='bbox 1813 393 2061 452; x_wconf 75' lang='lat' dir='ltr'><strong>occupet.</strong></span> 
     </span>
    </p>
   </div>
   <div class='ocr_carea' id='block_1_3' title="bbox 2161 381 3735 467">
    <p class='ocr_par' dir='ltr' id='par_1_3' title="bbox 2167 383 3735 467">
     <span class='ocr_line' id='line_1_3' title="bbox 2167 383 3735 467; baseline 0.01 -32"><span class='ocrx_word' id='word_1_13' title='bbox 2167 383 2330 436; x_wconf 84' lang='grc' dir='ltr'>αὑτοῦ</span> <span class='ocrx_word' id='word_1_14' title='bbox 2373 385 2554 455; x_wconf 79' lang='grc' dir='ltr'>κενὴν,</span> <span class='ocrx_word' id='word_1_15' title='bbox 2608 387 2701 439; x_wconf 69' lang='grc' dir='ltr'><strong>καὶ</strong></span> <span class='ocrx_word' id='word_1_16' title='bbox 2747 387 2911 457; x_wconf 79' lang='grc' dir='ltr'>ἄλλην</span> <span class='ocrx_word' id='word_1_17' title='bbox 2962 388 3313 461; x_wconf 63' lang='grc' dir='ltr'>πληροῦντος.</span> <span class='ocrx_word' id='word_1_18' title='bbox 3345 391 3461 446; x_wconf 88' lang='grc' dir='ltr'>Ἵνα</span> <span class='ocrx_word' id='word_1_19' title='bbox 3505 393 3612 467; x_wconf 83' lang='grc' dir='ltr'>γὰρ</span> <span class='ocrx_word' id='word_1_20' title='bbox 3646 403 3735 455; x_wconf 80' lang='grc' dir='ltr'><strong>και</strong></span> 
     </span>
    </p>
   </div>
   <div class='ocr_carea' id='block_1_4' title="bbox 506 469 2080 557">
    <p class='ocr_par' dir='ltr' id='par_1_4' title="bbox 506 469 2059 535">
     <span class='ocr_line' id='line_1_4' title="bbox 506 469 2059 535; baseline -0.001 -9"><span class='ocrx_word' id='word_1_21' title='bbox 506 470 576 526; x_wconf 87' lang='lat' dir='ltr'><strong>Ut</strong></span> <span class='ocrx_word' id='word_1_22' title='bbox 620 474 762 526; x_wconf 88' lang='lat' dir='ltr'><strong>enim</strong></span> <span class='ocrx_word' id='word_1_23' title='bbox 792 471 1032 524; x_wconf 81' lang='lat' dir='ltr'><strong>dicamus</strong></span> <span class='ocrx_word' id='word_1_24' title='bbox 1079 469 1307 528; x_wconf 83' lang='lat' dir='ltr'><strong>alterum</strong></span> <span class='ocrx_word' id='word_1_25' title='bbox 1356 469 1422 521; x_wconf 91' lang='lat' dir='ltr'><strong>ab</strong></span> <span class='ocrx_word' id='word_1_26' title='bbox 1469 469 1560 523; x_wconf 92' lang='lat' dir='ltr'><strong>illo</strong></span> <span class='ocrx_word' id='word_1_27' title='bbox 1600 470 1800 535; x_wconf 82' lang='lat' dir='ltr'><strong>deseri,</strong></span> <span class='ocrx_word' id='word_1_28' title='bbox 1832 471 2059 526; x_wconf 85' lang='lat' dir='ltr'><strong>alterum</strong></span> 
     </span>
    </p>
   </div>
   <div class='ocr_carea' id='block_1_5' title="bbox 2157 469 3731 557">
    <p class='ocr_par' dir='ltr' id='par_1_5' title="bbox 2163 474 3731 557">
     <span class='ocr_line' id='line_1_5' title="bbox 2163 474 3731 557; baseline 0.009 -32"><span class='ocrx_word' id='word_1_29' title='bbox 2163 474 2436 527; x_wconf 75' lang='grc' dir='ltr'>ἐκλείπειν</span> <span class='ocrx_word' id='word_1_30' title='bbox 2461 475 2572 545; x_wconf 73' lang='grc'><strong>(54)</strong></span> <span class='ocrx_word' id='word_1_31' title='bbox 2601 477 2762 531; x_wconf 86' lang='grc' dir='ltr'>αὐτὸν</span> <span class='ocrx_word' id='word_1_32' title='bbox 2788 478 2996 548; x_wconf 77' lang='grc' dir='ltr'>φῶμεν,</span> <span class='ocrx_word' id='word_1_33' title='bbox 3025 481 3120 534; x_wconf 79' lang='grc' dir='ltr'><strong>καὶ</strong></span> <span class='ocrx_word' id='word_1_34' title='bbox 3149 482 3304 535; x_wconf 82' lang='grc' dir='ltr'>ἄλλον</span> <span class='ocrx_word' id='word_1_35' title='bbox 3330 482 3453 536; x_wconf 83' lang='grc' dir='ltr'>τινὰ</span> <span class='ocrx_word' id='word_1_36' title='bbox 3478 485 3731 557; x_wconf 77' lang='grc' dir='ltr'><strong>πληροῦν,</strong></span> 
     </span>
    </p>
   </div>
   <div class='ocr_carea' id='block_1_6' title="bbox 509 558 2083 646">
    <p class='ocr_par' dir='ltr' id='par_1_6' title="bbox 509 558 2059 630">
     <span class='ocr_line' id='line_1_6' title="bbox 509 558 2059 630; baseline -0.002 -14"><span class='ocrx_word' id='word_1_37' title='bbox 509 561 740 630; x_wconf 81' lang='lat' dir='ltr'><strong>repleri,</strong></span> <span class='ocrx_word' id='word_1_38' title='bbox 777 560 829 614; x_wconf 88' lang='lat' dir='ltr'><strong>id</strong></span> <span class='ocrx_word' id='word_1_39' title='bbox 881 574 984 612; x_wconf 94' lang='lat' dir='ltr'><strong>non</strong></span> <span class='ocrx_word' id='word_1_40' title='bbox 1029 558 1096 613; x_wconf 89' lang='lat' dir='ltr'><strong>dc</strong></span> <span class='ocrx_word' id='word_1_41' title='bbox 1143 558 1260 612; x_wconf 87' lang='lat' dir='ltr'><strong>loco</strong></span> <span class='ocrx_word' id='word_1_42' title='bbox 1308 558 1656 627; x_wconf 78' lang='lat' dir='ltr'><strong>intelligimus</strong></span> <span class='ocrx_word' id='word_1_43' title='bbox 1691 577 1704 612; x_wconf 90' lang='lat'><strong>:</strong></span> <span class='ocrx_word' id='word_1_44' title='bbox 1743 561 1835 614; x_wconf 92' lang='lat' dir='ltr'><strong>sed</strong></span> <span class='ocrx_word' id='word_1_45' title='bbox 1877 569 2059 615; x_wconf 89' lang='lat' dir='ltr'><strong>nostra</strong></span> 
     </span>
    </p>
   </div>
   <div class='ocr_carea' id='block_1_7' title="bbox 2157 558 3731 646">
    <p class='ocr_par' dir='ltr' id='par_1_7' title="bbox 2160 565 3731 646">
     <span class='ocr_line' id='line_1_7' title="bbox 2160 565 3731 646; baseline 0.01 -31"><span class='ocrx_word' id='word_1_46' title='bbox 2160 565 2220 616; x_wconf 85' lang='grc' dir='ltr'><strong>οὑ</strong></span> <span class='ocrx_word' id='word_1_47' title='bbox 2255 566 2382 635; x_wconf 75' lang='grc' dir='ltr'>περὶ</span> <span class='ocrx_word' id='word_1_48' title='bbox 2406 566 2570 618; x_wconf 87' lang='grc' dir='ltr'>τόπου</span> <span class='ocrx_word' id='word_1_49' title='bbox 2603 567 2667 619; x_wconf 83' lang='grc' dir='ltr'>τὸ</span> <span class='ocrx_word' id='word_1_50' title='bbox 2696 569 2932 622; x_wconf 85' lang='grc' dir='ltr'>τοιοῦτον</span> <span class='ocrx_word' id='word_1_51' title='bbox 2972 571 3394 642; x_wconf 77' lang='grc' dir='ltr'>ἁποφανούμεθα</span> <span class='ocrx_word' id='word_1_52' title='bbox 3415 589 3428 602; x_wconf 88' lang='grc'><strong>·</strong></span> <span class='ocrx_word' id='word_1_53' title='bbox 3464 575 3599 626; x_wconf 87' lang='grc' dir='ltr'><strong>ἀλλά</strong></span> <span class='ocrx_word' id='word_1_54' title='bbox 3639 578 3731 646; x_wconf 72' lang='grc' dir='ltr'>τὴν</span> 
     </span>
    </p>
   </div>
   <div class='ocr_carea' id='block_1_8' title="bbox 509 648 2083 735">
    <p class='ocr_par' dir='ltr' id='par_1_8' title="bbox 509 648 2062 719">
     <span class='ocr_line' id='line_1_8' title="bbox 509 648 2062 719; baseline -0.003 -12"><span class='ocrx_word' id='word_1_55' title='bbox 509 664 656 707; x_wconf 87' lang='lat' dir='ltr'><strong>mens</strong></span> <span class='ocrx_word' id='word_1_56' title='bbox 693 661 798 711; x_wconf 87' lang='lat' dir='ltr'><strong>est,</strong></span> <span class='ocrx_word' id='word_1_57' title='bbox 832 648 1062 719; x_wconf 88' lang='lat' dir='ltr'><strong>improbi</strong></span> <span class='ocrx_word' id='word_1_58' title='bbox 1095 657 1149 702; x_wconf 92' lang='lat' dir='ltr'><strong>et</strong></span> <span class='ocrx_word' id='word_1_59' title='bbox 1183 651 1424 717; x_wconf 76' lang='lat' dir='ltr'><strong>nequitia</strong></span> <span class='ocrx_word' id='word_1_60' title='bbox 1468 650 1663 719; x_wconf 89' lang='lat' dir='ltr'><strong>perditi</strong></span> <span class='ocrx_word' id='word_1_61' title='bbox 1691 651 1924 705; x_wconf 87' lang='lat' dir='ltr'><strong>hominis</strong></span> <span class='ocrx_word' id='word_1_62' title='bbox 1951 652 2062 703; x_wconf 86' lang='lat' dir='ltr'><strong>ani-</strong></span> 
     </span>
    </p>
   </div>
   <div class='ocr_carea' id='block_1_9' title="bbox 2157 648 3731 735">
    <p class='ocr_par' dir='ltr' id='par_1_9' title="bbox 2163 653 3731 735">
     <span class='ocr_line' id='line_1_9' title="bbox 2163 653 3731 735; baseline 0.008 -30"><span class='ocrx_word' id='word_1_63' title='bbox 2163 653 2261 722; x_wconf 89' lang='grc' dir='ltr'><strong>μέν</strong></span> <span class='ocrx_word' id='word_1_64' title='bbox 2292 653 2385 707; x_wconf 91' lang='grc' dir='ltr'><strong>τοῦ</strong></span> <span class='ocrx_word' id='word_1_65' title='bbox 2441 656 2646 725; x_wconf 84' lang='grc' dir='ltr'><strong>φαύλου</strong></span> <span class='ocrx_word' id='word_1_66' title='bbox 2679 659 2770 709; x_wconf 76' lang='grc' dir='ltr'><strong>καὶ</strong></span> <span class='ocrx_word' id='word_1_67' title='bbox 2804 660 3100 729; x_wconf 88' lang='grc' dir='ltr'>κεχυμένου</span> <span class='ocrx_word' id='word_1_68' title='bbox 3145 664 3202 715; x_wconf 86' lang='grc' dir='ltr'><strong>ἐν</strong></span> <span class='ocrx_word' id='word_1_69' title='bbox 3242 666 3306 732; x_wconf 82' lang='grc' dir='ltr'>τῇ</span> <span class='ocrx_word' id='word_1_70' title='bbox 3350 663 3517 732; x_wconf 77' lang='grc' dir='ltr'>κακίᾳ</span> <span class='ocrx_word' id='word_1_71' title='bbox 3561 665 3731 735; x_wconf 73' lang='grc' dir='ltr'>ψυχὴν</span> 
     </span>
    </p>
   </div>
   <div class='ocr_carea' id='block_1_10' title="bbox 503 737 2077 822">
    <p class='ocr_par' dir='ltr' id='par_1_10' title="bbox 503 737 2058 809">
     <span class='ocr_line' id='line_1_10' title="bbox 503 737 2058 809; baseline 0.002 -18"><span class='ocrx_word' id='word_1_72' title='bbox 503 753 642 792; x_wconf 83' lang='lat' dir='ltr'><strong>mam</strong></span> <span class='ocrx_word' id='word_1_73' title='bbox 684 753 713 790; x_wconf 89' lang='lat' dir='ltr'><strong>a</strong></span> <span class='ocrx_word' id='word_1_74' title='bbox 748 739 854 792; x_wconf 89' lang='lat' dir='ltr'><strong>Deo</strong></span> <span class='ocrx_word' id='word_1_75' title='bbox 892 737 1156 806; x_wconf 87' lang='lat' dir='ltr'><strong>relinqui;</strong></span> <span class='ocrx_word' id='word_1_76' title='bbox 1186 740 1421 792; x_wconf 87' lang='lat' dir='ltr'><strong>animam</strong></span> <span class='ocrx_word' id='word_1_77' title='bbox 1453 749 1633 793; x_wconf 90' lang='lat' dir='ltr'><strong>autem</strong></span> <span class='ocrx_word' id='word_1_78' title='bbox 1661 741 1795 809; x_wconf 84' lang='lat' dir='ltr'><strong>ejus,</strong></span> <span class='ocrx_word' id='word_1_79' title='bbox 1825 740 1914 808; x_wconf 91' lang='lat' dir='ltr'><strong>qui</strong></span> <span class='ocrx_word' id='word_1_80' title='bbox 1946 741 2058 794; x_wconf 83' lang='lat' dir='ltr'><strong>vir-</strong></span> 
     </span>
    </p>
   </div>
   <div class='ocr_carea' id='block_1_11' title="bbox 2156 737 3730 822">
    <p class='ocr_par' dir='ltr' id='par_1_11' title="bbox 2159 746 3730 822">
     <span class='ocr_line' id='line_1_11' title="bbox 2159 746 3730 822; baseline 0.008 -26"><span class='ocrx_word' id='word_1_81' title='bbox 2159 746 2402 815; x_wconf 78' lang='grc' dir='ltr'>φήσομεν</span> <span class='ocrx_word' id='word_1_82' title='bbox 2443 747 2856 802; x_wconf 80' lang='grc' dir='ltr'><strong>καταλείπεσθαι</strong></span> <span class='ocrx_word' id='word_1_83' title='bbox 2902 751 3006 802; x_wconf 86' lang='grc' dir='ltr'><strong>ὑπὸ</strong></span> <span class='ocrx_word' id='word_1_84' title='bbox 3051 751 3145 804; x_wconf 90' lang='grc' dir='ltr'><strong>τοῦ</strong></span> <span class='ocrx_word' id='word_1_85' title='bbox 3188 752 3354 819; x_wconf 91' lang='grc' dir='ltr'>Θεοῦ,</span> <span class='ocrx_word' id='word_1_86' title='bbox 3397 754 3496 822; x_wconf 76' lang='grc' dir='ltr'><strong>τὴν</strong></span> <span class='ocrx_word' id='word_1_87' title='bbox 3547 755 3603 807; x_wconf 81' lang='grc' dir='ltr'>δὲ</span> <span class='ocrx_word' id='word_1_88' title='bbox 3640 757 3730 808; x_wconf 81' lang='grc' dir='ltr'><strong>τοῦ</strong></span> 
     </span>
    </p>
   </div>
   <div class='ocr_carea' id='block_1_12' title="bbox 497 829 2071 918">
    <p class='ocr_par' dir='ltr' id='par_1_12' title="bbox 497 829 2057 900">
     <span class='ocr_line' id='line_1_12' title="bbox 497 829 2057 900; baseline 0.001 -18"><span class='ocrx_word' id='word_1_89' title='bbox 497 837 667 883; x_wconf 92' lang='lat' dir='ltr'><strong>tutem</strong></span> <span class='ocrx_word' id='word_1_90' title='bbox 704 829 757 881; x_wconf 92' lang='lat' dir='ltr'><strong>in</strong></span> <span class='ocrx_word' id='word_1_91' title='bbox 787 829 1019 882; x_wconf 91' lang='lat' dir='ltr'><strong>vivendo</strong></span> <span class='ocrx_word' id='word_1_92' title='bbox 1042 830 1237 884; x_wconf 88' lang='lat' dir='ltr'><strong>sectari</strong></span> <span class='ocrx_word' id='word_1_93' title='bbox 1265 830 1475 895; x_wconf 82' lang='lat' dir='ltr'><strong>statuit,</strong></span> <span class='ocrx_word' id='word_1_94' title='bbox 1509 831 1597 884; x_wconf 87' lang='lat' dir='ltr'><strong>vel</strong></span> <span class='ocrx_word' id='word_1_95' title='bbox 1630 831 1682 884; x_wconf 91' lang='lat' dir='ltr'><strong>in</strong></span> <span class='ocrx_word' id='word_1_96' title='bbox 1718 846 1779 884; x_wconf 90' lang='lat' dir='ltr'><strong>ea</strong></span> <span class='ocrx_word' id='word_1_97' title='bbox 1808 846 2057 900; x_wconf 85' lang='lat' dir='ltr'><strong>progres-</strong></span> 
     </span>
    </p>
   </div>
   <div class='ocr_carea' id='block_1_13' title="bbox 2150 829 3724 918">
    <p class='ocr_par' dir='ltr' id='par_1_13' title="bbox 2159 835 3724 918">
     <span class='ocr_line' id='line_1_13' title="bbox 2159 835 3724 918; baseline 0.008 -32"><span class='ocrx_word' id='word_1_98' title='bbox 2159 835 2478 906; x_wconf 84' lang='grc' dir='ltr'>βουλομένου</span> <span class='ocrx_word' id='word_1_99' title='bbox 2512 838 2609 908; x_wconf 82' lang='grc' dir='ltr'><strong>ζῇν</strong></span> <span class='ocrx_word' id='word_1_100' title='bbox 2643 842 2761 892; x_wconf 85' lang='grc' dir='ltr'>κατ’</span> <span class='ocrx_word' id='word_1_101' title='bbox 2789 840 3008 910; x_wconf 83' lang='grc' dir='ltr'>ἀρετὴν,</span> <span class='ocrx_word' id='word_1_102' title='bbox 3039 843 3070 912; x_wconf 84' lang='grc' dir='ltr'>ἢ</span> <span class='ocrx_word' id='word_1_103' title='bbox 3109 843 3202 896; x_wconf 66' lang='grc' dir='ltr'><strong>και¹</strong></span> <span class='ocrx_word' id='word_1_104' title='bbox 3235 844 3656 914; x_wconf 85' lang='grc' dir='ltr'>προκόπτοντος,</span> <span class='ocrx_word' id='word_1_105' title='bbox 3692 849 3724 918; x_wconf 83' lang='grc' dir='ltr'><strong>ἦ</strong></span> 
     </span>
    </p>
   </div>
   <div class='ocr_carea' id='block_1_14' title="bbox 493 918 2067 1008">
    <p class='ocr_par' dir='ltr' id='par_1_14' title="bbox 493 918 2055 989">
     <span class='ocr_line' id='line_1_14' title="bbox 493 918 2055 989; baseline 0.001 -17"><span class='ocrx_word' id='word_1_106' title='bbox 493 920 698 974; x_wconf 90' lang='lat' dir='ltr'><strong>sionem</strong></span> <span class='ocrx_word' id='word_1_107' title='bbox 733 918 884 983; x_wconf 91' lang='lat' dir='ltr'><strong>facit,</strong></span> <span class='ocrx_word' id='word_1_108' title='bbox 919 918 1003 973; x_wconf 89' lang='lat' dir='ltr'><strong>vel</strong></span> <span class='ocrx_word' id='word_1_109' title='bbox 1032 919 1198 973; x_wconf 88' lang='lat' dir='ltr'><strong>etiam</strong></span> <span class='ocrx_word' id='word_1_110' title='bbox 1227 922 1292 973; x_wconf 89' lang='lat' dir='ltr'><strong>ad</strong></span> <span class='ocrx_word' id='word_1_111' title='bbox 1323 934 1441 974; x_wconf 88' lang='lat' dir='ltr'><strong>eam</strong></span> <span class='ocrx_word' id='word_1_112' title='bbox 1471 935 1598 974; x_wconf 91' lang='lat' dir='ltr'><strong>suos</strong></span> <span class='ocrx_word' id='word_1_113' title='bbox 1621 935 1800 974; x_wconf 91' lang='lat' dir='ltr'><strong>mores</strong></span> <span class='ocrx_word' id='word_1_114' title='bbox 1841 935 2055 989; x_wconf 86' lang='lat' dir='ltr'><strong>compo-</strong></span> 
     </span>
    </p>
   </div>
   <div class='ocr_carea' id='block_1_15' title="bbox 2153 918 3727 1008">
    <p class='ocr_par' dir='ltr' id='par_1_15' title="bbox 2157 926 3727 1008">
     <span class='ocr_line' id='line_1_15' title="bbox 2157 926 3727 1008; baseline 0.008 -29"><span class='ocrx_word' id='word_1_115' title='bbox 2157 928 2248 980; x_wconf 80' lang='grc' dir='ltr'><strong>καὶ</strong></span> <span class='ocrx_word' id='word_1_116' title='bbox 2271 928 2369 998; x_wconf 78' lang='grc' dir='ltr'>ἤδη</span> <span class='ocrx_word' id='word_1_117' title='bbox 2404 926 2601 992; x_wconf 82' lang='grc' dir='ltr'>ζῶντος</span> <span class='ocrx_word' id='word_1_118' title='bbox 2631 931 2750 983; x_wconf 90' lang='grc' dir='ltr'>κατ’</span> <span class='ocrx_word' id='word_1_119' title='bbox 2783 933 2970 1001; x_wconf 80' lang='grc' dir='ltr'>αὐτὴν,</span> <span class='ocrx_word' id='word_1_120' title='bbox 3002 935 3425 1005; x_wconf 77' lang='grc' dir='ltr'>ἀποφανούμεθα</span> <span class='ocrx_word' id='word_1_121' title='bbox 3455 936 3562 1007; x_wconf 82' lang='grc'><strong>(55)</strong></span> <span class='ocrx_word' id='word_1_122' title='bbox 3592 939 3727 1008; x_wconf 78' lang='grc' dir='ltr'>πλη-</span> 
     </span>
    </p>
   </div>
   <div class='ocr_carea' id='block_1_16' title="bbox 489 1009 2063 1099">
    <p class='ocr_par' dir='ltr' id='par_1_16' title="bbox 489 1009 2037 1079">
     <span class='ocr_line' id='line_1_16' title="bbox 489 1009 2037 1079; baseline 0.001 -17"><span class='ocrx_word' id='word_1_123' title='bbox 489 1009 592 1075; x_wconf 87' lang='lat' dir='ltr'><strong>nit,</strong></span> <span class='ocrx_word' id='word_1_124' title='bbox 649 1009 846 1078; x_wconf 87' lang='lat' dir='ltr'><strong>repleri</strong></span> <span class='ocrx_word' id='word_1_125' title='bbox 890 1018 982 1062; x_wconf 89' lang='lat' dir='ltr'><strong>aut</strong></span> <span class='ocrx_word' id='word_1_126' title='bbox 1031 1009 1268 1079; x_wconf 89' lang='lat' dir='ltr'><strong>Spiritus</strong></span> <span class='ocrx_word' id='word_1_127' title='bbox 1323 1010 1491 1062; x_wconf 79' lang='lat' dir='ltr'><strong>divini</strong></span> <span class='ocrx_word' id='word_1_128' title='bbox 1541 1024 1661 1064; x_wconf 89' lang='lat' dir='ltr'><strong>esse</strong></span> <span class='ocrx_word' id='word_1_129' title='bbox 1697 1011 2037 1078; x_wconf 85' lang='lat' dir='ltr'><strong>participem.</strong></span> 
     </span>
    </p>
   </div>
   <div class='ocr_carea' id='block_1_17' title="bbox 2153 1009 3727 1099">
    <p class='ocr_par' dir='ltr' id='par_1_17' title="bbox 2156 1018 3727 1099">
     <span class='ocr_line' id='line_1_17' title="bbox 2156 1018 3727 1099; baseline 0.008 -29"><span class='ocrx_word' id='word_1_130' title='bbox 2156 1018 2399 1089; x_wconf 85' lang='grc' dir='ltr'>ροῦσθαι,</span> <span class='ocrx_word' id='word_1_131' title='bbox 2436 1021 2468 1089; x_wconf 79' lang='grc' dir='ltr'>ἢ</span> <span class='ocrx_word' id='word_1_132' title='bbox 2509 1022 2754 1091; x_wconf 74' lang='grc' dir='ltr'><strong>μετέχειν</strong></span> <span class='ocrx_word' id='word_1_133' title='bbox 2789 1023 2932 1076; x_wconf 86' lang='grc' dir='ltr'>θείου</span> <span class='ocrx_word' id='word_1_134' title='bbox 2961 1025 3295 1094; x_wconf 87' lang='grc' dir='ltr'>Πνεύματος.</span> <span class='ocrx_word' id='word_1_135' title='bbox 3330 1028 3405 1079; x_wconf 82' lang='grc' dir='ltr'><strong>Οὐ</strong></span> <span class='ocrx_word' id='word_1_136' title='bbox 3444 1030 3600 1099; x_wconf 83' lang='grc' dir='ltr'>χρεία</span> <span class='ocrx_word' id='word_1_137' title='bbox 3637 1026 3727 1083; x_wconf 82' lang='grc' dir='ltr'><strong>οῦν</strong></span> 
     </span>
    </p>
   </div>
   <div class='ocr_carea' id='block_1_18' title="bbox 487 1097 2061 1188">
    <p class='ocr_par' dir='ltr' id='par_1_18' title="bbox 487 1097 2050 1162">
     <span class='ocr_line' id='line_1_18' title="bbox 487 1097 2050 1162; baseline 0 -11"><span class='ocrx_word' id='word_1_138' title='bbox 487 1097 748 1162; x_wconf 82' lang='lat' dir='ltr'><strong>Quamvis</strong></span> <span class='ocrx_word' id='word_1_139' title='bbox 785 1097 951 1161; x_wconf 77' lang='lat' dir='ltr'><strong>igitur</strong></span> <span class='ocrx_word' id='word_1_140' title='bbox 977 1097 1223 1151; x_wconf 90' lang='lat' dir='ltr'><strong>Christus</strong></span> <span class='ocrx_word' id='word_1_141' title='bbox 1274 1099 1561 1154; x_wconf 84' lang='lat' dir='ltr'><strong>descendat</strong></span> <span class='ocrx_word' id='word_1_142' title='bbox 1585 1108 1676 1152; x_wconf 88' lang='lat' dir='ltr'><strong>aut</strong></span> <span class='ocrx_word' id='word_1_143' title='bbox 1703 1099 1768 1152; x_wconf 90' lang='lat' dir='ltr'><strong>ad</strong></span> <span class='ocrx_word' id='word_1_144' title='bbox 1801 1100 2050 1153; x_wconf 86' lang='lat' dir='ltr'><strong>homines</strong></span> 
     </span>
    </p>
   </div>
   <div class='ocr_carea' id='block_1_19' title="bbox 2151 1097 3725 1188">
    <p class='ocr_par' dir='ltr' id='par_1_19' title="bbox 2153 1110 3725 1188">
     <span class='ocr_line' id='line_1_19' title="bbox 2153 1110 3725 1188; baseline 0.008 -28"><span class='ocrx_word' id='word_1_145' title='bbox 2153 1110 2232 1171; x_wconf 84' lang='grc' dir='ltr'>εἰς</span> <span class='ocrx_word' id='word_1_146' title='bbox 2266 1111 2363 1180; x_wconf 84' lang='grc' dir='ltr'>τὴν</span> <span class='ocrx_word' id='word_1_147' title='bbox 2413 1111 2506 1163; x_wconf 88' lang='grc' dir='ltr'><strong>τοῦ</strong></span> <span class='ocrx_word' id='word_1_148' title='bbox 2556 1111 2792 1182; x_wconf 79' lang='grc' dir='ltr'><strong>Χριστοῦ</strong></span> <span class='ocrx_word' id='word_1_149' title='bbox 2845 1113 3086 1178; x_wconf 82' lang='grc' dir='ltr'>κάθοδον,</span> <span class='ocrx_word' id='word_1_150' title='bbox 3133 1116 3278 1186; x_wconf 83' lang='grc' dir='ltr'>ἣεξς</span> <span class='ocrx_word' id='word_1_151' title='bbox 3333 1119 3432 1186; x_wconf 80' lang='grc' dir='ltr'>τὴν</span> <span class='ocrx_word' id='word_1_152' title='bbox 3465 1120 3600 1188; x_wconf 84' lang='grc' dir='ltr'>πρὸς</span> <span class='ocrx_word' id='word_1_153' title='bbox 3630 1122 3725 1173; x_wconf 87' lang='grc' dir='ltr'>ἀν-</span> 
     </span>
    </p>
   </div>
   <div class='ocr_carea' id='block_1_20' title="bbox 485 1185 2059 1281">
    <p class='ocr_par' dir='ltr' id='par_1_20' title="bbox 485 1185 2048 1256">
     <span class='ocr_line' id='line_1_20' title="bbox 485 1185 2048 1256; baseline 0.003 -18"><span class='ocrx_word' id='word_1_154' title='bbox 485 1185 715 1240; x_wconf 88' lang='lat' dir='ltr'><strong>accedat</strong></span> <span class='ocrx_word' id='word_1_155' title='bbox 746 1185 907 1249; x_wconf 91' lang='lat' dir='ltr'><strong>Deus,</strong></span> <span class='ocrx_word' id='word_1_156' title='bbox 955 1200 1062 1238; x_wconf 88' lang='lat' dir='ltr'><strong>non</strong></span> <span class='ocrx_word' id='word_1_157' title='bbox 1112 1187 1370 1241; x_wconf 91' lang='lat' dir='ltr'><strong>continuo</strong></span> <span class='ocrx_word' id='word_1_158' title='bbox 1420 1188 1518 1256; x_wconf 89' lang='lat' dir='ltr'><strong>ipsi</strong></span> <span class='ocrx_word' id='word_1_159' title='bbox 1551 1187 1723 1256; x_wconf 84' lang='lat' dir='ltr'><strong>major</strong></span> <span class='ocrx_word' id='word_1_160' title='bbox 1752 1188 2048 1243; x_wconf 86' lang='lat' dir='ltr'><strong>deserenda</strong></span> 
     </span>
    </p>
   </div>
   <div class='ocr_carea' id='block_1_21' title="bbox 2151 1185 3725 1281">
    <p class='ocr_par' dir='ltr' id='par_1_21' title="bbox 2153 1185 3725 1281">
     <span class='ocr_line' id='line_1_21' title="bbox 2153 1185 3725 1281; baseline 0.009 -29"><span class='ocrx_word' id='word_1_161' title='bbox 2153 1199 2400 1269; x_wconf 85' lang='grc' dir='ltr'>θρώπους</span> <span class='ocrx_word' id='word_1_162' title='bbox 2433 1201 2761 1272; x_wconf 77' lang='grc' dir='ltr'>ἐπιστροφὴν</span> <span class='ocrx_word' id='word_1_163' title='bbox 2791 1203 2884 1255; x_wconf 87' lang='grc' dir='ltr'><strong>τοῦ</strong></span> <span class='ocrx_word' id='word_1_164' title='bbox 2927 1203 3082 1269; x_wconf 88' lang='grc' dir='ltr'>Θεοῦ,</span> <span class='ocrx_word' id='word_1_165' title='bbox 3117 1185 3535 1261; x_wconf 80' lang='grc' dir='ltr'>καταλείπεσθαι</span> <span class='ocrx_word' id='word_1_166' title='bbox 3567 1210 3725 1281; x_wconf 76' lang='grc' dir='ltr'>ἕδραν</span> 
     </span>
    </p>
   </div>
   <div class='ocr_carea' id='block_1_22' title="bbox 485 1276 2059 1365">
    <p class='ocr_par' dir='ltr' id='par_1_22' title="bbox 485 1276 2046 1340">
     <span class='ocr_line' id='line_1_22' title="bbox 485 1276 2046 1340; baseline 0 -8"><span class='ocrx_word' id='word_1_167' title='bbox 485 1279 640 1332; x_wconf 87' lang='lat' dir='ltr'><strong>sedes</strong></span> <span class='ocrx_word' id='word_1_168' title='bbox 681 1276 802 1340; x_wconf 86' lang='lat' dir='ltr'><strong>fuit,</strong></span> <span class='ocrx_word' id='word_1_169' title='bbox 837 1286 928 1328; x_wconf 88' lang='lat' dir='ltr'><strong>aut</strong></span> <span class='ocrx_word' id='word_1_170' title='bbox 967 1291 1190 1331; x_wconf 92' lang='lat' dir='ltr'><strong>necesse</strong></span> <span class='ocrx_word' id='word_1_171' title='bbox 1219 1286 1302 1331; x_wconf 87' lang='lat' dir='ltr'><strong>est</strong></span> <span class='ocrx_word' id='word_1_172' title='bbox 1335 1286 1393 1331; x_wconf 90' lang='lat' dir='ltr'><strong>ut</strong></span> <span class='ocrx_word' id='word_1_173' title='bbox 1423 1278 1510 1331; x_wconf 92' lang='lat' dir='ltr'><strong>hic</strong></span> <span class='ocrx_word' id='word_1_174' title='bbox 1544 1286 1816 1332; x_wconf 87' lang='lat' dir='ltr'><strong>mutentur</strong></span> <span class='ocrx_word' id='word_1_175' title='bbox 1845 1279 2046 1332; x_wconf 86' lang='lat' dir='ltr'><strong>omnia.</strong></span> 
     </span>
    </p>
   </div>
   <div class='ocr_carea' id='block_1_23' title="bbox 2149 1276 3723 1365">
    <p class='ocr_par' dir='ltr' id='par_1_23' title="bbox 2154 1276 3723 1365">
     <span class='ocr_line' id='line_1_23' title="bbox 2154 1276 3723 1365; baseline 0.011 -30"><span class='ocrx_word' id='word_1_176' title='bbox 2154 1284 2394 1354; x_wconf 78' lang='grc' dir='ltr'>μείζονα,</span> <span class='ocrx_word' id='word_1_177' title='bbox 2441 1288 2535 1340; x_wconf 71' lang='grc' dir='ltr'>καὶ</span> <span class='ocrx_word' id='word_1_178' title='bbox 2586 1289 3010 1357; x_wconf 76' lang='grc' dir='ltr'>μεταϐάλλεσθαι</span> <span class='ocrx_word' id='word_1_179' title='bbox 3053 1293 3120 1345; x_wconf 88' lang='grc' dir='ltr'><strong>τά</strong></span> <span class='ocrx_word' id='word_1_180' title='bbox 3151 1294 3296 1364; x_wconf 81' lang='grc' dir='ltr'>τῇδε,</span> <span class='ocrx_word' id='word_1_181' title='bbox 3333 1297 3407 1358; x_wconf 80' lang='grc' dir='ltr'>ὼς</span> <span class='ocrx_word' id='word_1_182' title='bbox 3449 1297 3477 1348; x_wconf 82' lang='grc' dir='ltr'><strong>ό</strong></span> <span class='ocrx_word' id='word_1_183' title='bbox 3519 1276 3723 1365; x_wconf 73' lang='grc' dir='ltr'>Κέλσος</span> 
     </span>
    </p>
   </div>
   <div class='ocr_carea' id='block_1_24' title="bbox 485 1366 2059 1459">
    <p class='ocr_par' dir='ltr' id='par_1_24' title="bbox 485 1366 2048 1440">
     <span class='ocr_line' id='line_1_24' title="bbox 485 1366 2048 1440; baseline -0.003 -14"><span class='ocrx_word' id='word_1_184' title='bbox 485 1373 638 1438; x_wconf 84' lang='lat' dir='ltr'><strong>Quod</strong></span> <span class='ocrx_word' id='word_1_185' title='bbox 693 1380 868 1424; x_wconf 87' lang='lat' dir='ltr'><strong>tamen</strong></span> <span class='ocrx_word' id='word_1_186' title='bbox 922 1370 1200 1440; x_wconf 90' lang='lat' dir='ltr'><strong>opinatum</strong></span> <span class='ocrx_word' id='word_1_187' title='bbox 1259 1370 1424 1423; x_wconf 90' lang='lat' dir='ltr'><strong>fuisse</strong></span> <span class='ocrx_word' id='word_1_188' title='bbox 1481 1366 1695 1422; x_wconf 87' lang='lat' dir='ltr'><strong>Celsum</strong></span> <span class='ocrx_word' id='word_1_189' title='bbox 1753 1368 1870 1421; x_wconf 74' lang='lat' dir='ltr'><strong>htec</strong></span> <span class='ocrx_word' id='word_1_190' title='bbox 1929 1367 2048 1435; x_wconf 89' lang='lat' dir='ltr'><strong>ejus</strong></span> 
     </span>
    </p>
   </div>
   <div class='ocr_carea' id='block_1_25' title="bbox 2143 1366 3717 1459">
    <p class='ocr_par' dir='ltr' id='par_1_25' title="bbox 2149 1375 3717 1459">
     <span class='ocr_line' id='line_1_25' title="bbox 2149 1375 3717 1459; baseline 0.012 -32"><span class='ocrx_word' id='word_1_191' title='bbox 2149 1375 2318 1428; x_wconf 67' lang='grc' dir='ltr'>οἴεται</span> <span class='ocrx_word' id='word_1_192' title='bbox 2337 1376 2505 1445; x_wconf 86' lang='grc' dir='ltr'>λέγων</span> <span class='ocrx_word' id='word_1_193' title='bbox 2525 1394 2539 1409; x_wconf 83' lang='grc'>⁶</span> <span class='ocrx_word' id='word_1_194' title='bbox 2574 1396 2592 1430; x_wconf 80' lang='grc' dir='ltr'><strong>ι</strong></span> <span class='ocrx_word' id='word_1_195' title='bbox 2611 1380 2672 1432; x_wconf 76' lang='lat' dir='ltr'><strong>Ei</strong></span> <span class='ocrx_word' id='word_1_196' title='bbox 2696 1380 2878 1451; x_wconf 43' lang='grc' dir='ltr'>γάριέν</span> <span class='ocrx_word' id='word_1_197' title='bbox 2907 1399 2956 1435; x_wconf 89' lang='grc' dir='ltr'><strong>τι</strong></span> <span class='ocrx_word' id='word_1_198' title='bbox 2983 1383 3089 1435; x_wconf 81' lang='grc' dir='ltr'><strong>τῶν</strong></span> <span class='ocrx_word' id='word_1_199' title='bbox 3105 1386 3226 1455; x_wconf 82' lang='grc' dir='ltr'>τῇδε</span> <span class='ocrx_word' id='word_1_200' title='bbox 3247 1387 3352 1458; x_wconf 80' lang='grc'>(56)</span> <span class='ocrx_word' id='word_1_201' title='bbox 3377 1388 3717 1459; x_wconf 79' lang='grc' dir='ltr'>τούλάχιστον</span> 
     </span>
    </p>
   </div>
   <div class='ocr_carea' id='block_1_26' title="bbox 482 1458 2056 1546">
    <p class='ocr_par' dir='ltr' id='par_1_26' title="bbox 482 1458 2049 1527">
     <span class='ocr_line' id='line_1_26' title="bbox 482 1458 2049 1527; baseline -0.003 -12"><span class='ocrx_word' id='word_1_202' title='bbox 482 1465 650 1518; x_wconf 87' lang='lat' dir='ltr'><strong>verba</strong></span> <span class='ocrx_word' id='word_1_203' title='bbox 685 1461 964 1516; x_wconf 85' lang='lat' dir='ltr'><strong>indicant:</strong></span> <span class='ocrx_word' id='word_1_204' title='bbox 1005 1479 1022 1511; x_wconf 79' lang='grc' dir='ltr'><strong>ι</strong></span> <span class='ocrx_word' id='word_1_205' title='bbox 1060 1460 1115 1513; x_wconf 92' lang='lat' dir='ltr'><strong>Si</strong></span> <span class='ocrx_word' id='word_1_206' title='bbox 1151 1459 1294 1513; x_wconf 89' lang='lat' dir='ltr'><strong>enim</strong></span> <span class='ocrx_word' id='word_1_207' title='bbox 1344 1460 1432 1514; x_wconf 90' lang='lat' dir='ltr'><strong>hic</strong></span> <span class='ocrx_word' id='word_1_208' title='bbox 1470 1474 1636 1514; x_wconf 91' lang='lat' dir='ltr'><strong>unum</strong></span> <span class='ocrx_word' id='word_1_209' title='bbox 1678 1460 1807 1527; x_wconf 91' lang='lat' dir='ltr'><strong>quid</strong></span> <span class='ocrx_word' id='word_1_210' title='bbox 1841 1459 1923 1512; x_wconf 85' lang='lat' dir='ltr'><strong>vel</strong></span> <span class='ocrx_word' id='word_1_211' title='bbox 1970 1458 2049 1512; x_wconf 90' lang='lat' dir='ltr'><strong>le-</strong></span> 
     </span>
    </p>
   </div>
   <div class='ocr_carea' id='block_1_27' title="bbox 2137 1458 3711 1546">
    <p class='ocr_par' dir='ltr' id='par_1_27' title="bbox 2151 1467 3711 1546">
     <span class='ocr_line' id='line_1_27' title="bbox 2151 1467 3711 1546; baseline 0.013 -29"><span class='ocrx_word' id='word_1_212' title='bbox 2151 1467 2495 1537; x_wconf 79' lang='grc' dir='ltr'>μεταϐάλοις,</span> <span class='ocrx_word' id='word_1_213' title='bbox 2529 1470 2908 1541; x_wconf 82' lang='grc' dir='ltr'>ἀνατραπέντα</span> <span class='ocrx_word' id='word_1_214' title='bbox 2941 1477 3216 1546; x_wconf 70' lang='grc' dir='ltr'>οἰχήσεταί</span> <span class='ocrx_word' id='word_1_215' title='bbox 3250 1495 3332 1530; x_wconf 86' lang='grc' dir='ltr'><strong>σοι</strong></span> <span class='ocrx_word' id='word_1_216' title='bbox 3361 1481 3426 1533; x_wconf 78' lang='grc' dir='ltr'><strong>τά</strong></span> <span class='ocrx_word' id='word_1_217' title='bbox 3463 1483 3658 1540; x_wconf 90' lang='grc' dir='ltr'>πάντα.</span> <span class='ocrx_word' id='word_1_218' title='bbox 3693 1468 3711 1538; x_wconf 61' lang='grc' dir='ltr'>ό</span> 
     </span>
    </p>
   </div>
   <div class='ocr_carea' id='block_1_28' title="bbox 483 1547 2057 1644">
    <p class='ocr_par' dir='ltr' id='par_1_28' title="bbox 483 1547 2043 1614">
     <span class='ocr_line' id='line_1_28' title="bbox 483 1547 2043 1614; baseline -0.001 -10"><span class='ocrx_word' id='word_1_219' title='bbox 483 1551 763 1606; x_wconf 86' lang='lat' dir='ltr'><strong>vissimum</strong></span> <span class='ocrx_word' id='word_1_220' title='bbox 788 1548 1100 1613; x_wconf 89' lang='lat' dir='ltr'><strong>mutaveris,</strong></span> <span class='ocrx_word' id='word_1_221' title='bbox 1129 1548 1390 1603; x_wconf 87' lang='lat' dir='ltr'><strong>subversa</strong></span> <span class='ocrx_word' id='word_1_222' title='bbox 1421 1559 1578 1603; x_wconf 89' lang='lat' dir='ltr'><strong>ruent</strong></span> <span class='ocrx_word' id='word_1_223' title='bbox 1606 1549 1806 1602; x_wconf 84' lang='lat' dir='ltr'><strong>omnia.</strong></span> <span class='ocrx_word' id='word_1_224' title='bbox 1848 1566 1865 1599; x_wconf 75' lang='grc' dir='ltr'><strong>ι</strong></span> <span class='ocrx_word' id='word_1_225' title='bbox 1895 1547 2043 1614; x_wconf 88' lang='lat' dir='ltr'><strong>Quod</strong></span> 
     </span>
    </p>
   </div>
   <div class='ocr_carea' id='block_1_29' title="bbox 2143 1547 3717 1644">
    <p class='ocr_par' dir='ltr' id='par_1_29' title="bbox 2147 1556 3717 1644">
     <span class='ocr_line' id='line_1_29' title="bbox 2147 1556 3717 1644; baseline 0.013 -38"><span class='ocrx_word' id='word_1_226' title='bbox 2147 1557 2208 1644; x_wconf 59' lang='lat'><strong>1:3!</strong></span> <span class='ocrx_word' id='word_1_227' title='bbox 2251 1556 2309 1644; x_wconf 71' lang='grc' dir='ltr'>δὲ</span> <span class='ocrx_word' id='word_1_228' title='bbox 2355 1558 2459 1628; x_wconf 85' lang='grc' dir='ltr'><strong>χρὴ</strong></span> <span class='ocrx_word' id='word_1_229' title='bbox 2505 1559 2684 1625; x_wconf 86' lang='grc' dir='ltr'>λέγειν</span> <span class='ocrx_word' id='word_1_230' title='bbox 2735 1563 3392 1640; x_wconf 64' lang='grc' dir='ltr'>μεταϐάλλεινπαρουσίᾳ</span> <span class='ocrx_word' id='word_1_231' title='bbox 3440 1571 3717 1644; x_wconf 87' lang='grc' dir='ltr'>δυνάμεως</span> 
     </span>
    </p>
   </div>
   <div class='ocr_carea' id='block_1_30' title="bbox 483 1639 2057 1731">
    <p class='ocr_par' dir='ltr' id='par_1_30' title="bbox 483 1641 2046 1713">
     <span class='ocr_line' id='line_1_30' title="bbox 483 1641 2046 1713; baseline -0.002 -16"><span class='ocrx_word' id='word_1_232' title='bbox 483 1643 529 1697; x_wconf 89' lang='lat' dir='ltr'><strong>si</strong></span> <span class='ocrx_word' id='word_1_233' title='bbox 574 1642 884 1713; x_wconf 87' lang='lat' dir='ltr'><strong>quempiam</strong></span> <span class='ocrx_word' id='word_1_234' title='bbox 930 1655 1027 1708; x_wconf 86' lang='lat' dir='ltr'><strong>per</strong></span> <span class='ocrx_word' id='word_1_235' title='bbox 1075 1641 1422 1710; x_wconf 68' lang='lat' dir='ltr'><strong>praesentiam</strong></span> <span class='ocrx_word' id='word_1_236' title='bbox 1467 1641 1682 1696; x_wconf 90' lang='lat' dir='ltr'><strong>virtutis</strong></span> <span class='ocrx_word' id='word_1_237' title='bbox 1720 1642 1813 1696; x_wconf 89' lang='lat' dir='ltr'><strong>Dei</strong></span> <span class='ocrx_word' id='word_1_238' title='bbox 1849 1650 1902 1696; x_wconf 87' lang='lat' dir='ltr'><strong>et</strong></span> <span class='ocrx_word' id='word_1_239' title='bbox 1951 1657 2046 1710; x_wconf 90' lang='lat' dir='ltr'><strong>per</strong></span> 
     </span>
    </p>
   </div>
   <div class='ocr_carea' id='block_1_31' title="bbox 2141 1639 3715 1731">
    <p class='ocr_par' dir='ltr' id='par_1_31' title="bbox 2145 1639 3715 1731">
     <span class='ocr_line' id='line_1_31' title="bbox 2145 1639 3715 1731; baseline 0.016 -40"><span class='ocrx_word' id='word_1_240' title='bbox 2145 1639 2279 1692; x_wconf 87' lang='grc' dir='ltr'>Θεοῦ</span> <span class='ocrx_word' id='word_1_241' title='bbox 2313 1644 2405 1695; x_wconf 73' lang='grc' dir='ltr'>καὶ</span> <span class='ocrx_word' id='word_1_242' title='bbox 2442 1645 2700 1716; x_wconf 77' lang='grc' dir='ltr'>ἐπιδημίᾳ</span> <span class='ocrx_word' id='word_1_243' title='bbox 2730 1647 2822 1700; x_wconf 90' lang='grc' dir='ltr'><strong>τοῦ</strong></span> <span class='ocrx_word' id='word_1_244' title='bbox 2855 1649 3029 1718; x_wconf 89' lang='grc' dir='ltr'>Λόγου</span> <span class='ocrx_word' id='word_1_245' title='bbox 3076 1653 3156 1716; x_wconf 84' lang='grc' dir='ltr'><strong>είς</strong></span> <span class='ocrx_word' id='word_1_246' title='bbox 3206 1639 3523 1726; x_wconf 73' lang='grc' dir='ltr'>ἀνθρώπους</span> <span class='ocrx_word' id='word_1_247' title='bbox 3575 1639 3715 1731; x_wconf 73' lang='grc' dir='ltr'>τινὰ,</span> 
     </span>
    </p>
   </div>
   <div class='ocr_carea' id='block_1_32' title="bbox 481 1710 2055 1818">
    <p class='ocr_par' dir='ltr' id='par_1_32' title="bbox 481 1710 2043 1801">
     <span class='ocr_line' id='line_1_32' title="bbox 481 1710 2043 1801; baseline -0.001 -16"><span class='ocrx_word' id='word_1_248' title='bbox 481 1710 645 1788; x_wconf 74' lang='lat' dir='ltr'><strong>Verbi</strong></span> <span class='ocrx_word' id='word_1_249' title='bbox 678 1733 818 1787; x_wconf 90' lang='lat' dir='ltr'><strong>inter</strong></span> <span class='ocrx_word' id='word_1_250' title='bbox 845 1731 1090 1785; x_wconf 87' lang='lat' dir='ltr'><strong>homines</strong></span> <span class='ocrx_word' id='word_1_251' title='bbox 1121 1733 1411 1786; x_wconf 84' lang='lat' dir='ltr'><strong>adventum</strong></span> <span class='ocrx_word' id='word_1_252' title='bbox 1438 1731 1545 1786; x_wconf 92' lang='lat' dir='ltr'><strong>dici</strong></span> <span class='ocrx_word' id='word_1_253' title='bbox 1581 1740 1840 1786; x_wconf 90' lang='lat' dir='ltr'><strong>mutatum</strong></span> <span class='ocrx_word' id='word_1_254' title='bbox 1882 1747 2043 1801; x_wconf 82' lang='lat' dir='ltr'><strong>Opor-</strong></span> 
     </span>
    </p>
   </div>
   <div class='ocr_carea' id='block_1_33' title="bbox 2141 1710 3715 1818">
    <p class='ocr_par' dir='ltr' id='par_1_33' title="bbox 2149 1710 3715 1818">
     <span class='ocr_line' id='line_1_33' title="bbox 2149 1710 3715 1818; baseline 0.016 -36"><span class='ocrx_word' id='word_1_255' title='bbox 2149 1731 2248 1784; x_wconf 73' lang='grc' dir='ltr'><strong>οὐκ</strong></span> <span class='ocrx_word' id='word_1_256' title='bbox 2302 1710 2614 1804; x_wconf 38' lang='grc' dir='ltr'>ὀκνήσομεν-</span> <span class='ocrx_word' id='word_1_257' title='bbox 2660 1710 2838 1805; x_wconf 82' lang='grc' dir='ltr'>λέγειν</span> <span class='ocrx_word' id='word_1_258' title='bbox 2876 1710 3231 1810; x_wconf 60' lang='grc' dir='ltr'>μταὸάλιλειν</span> <span class='ocrx_word' id='word_1_259' title='bbox 3280 1710 3342 1800; x_wconf 71' lang='grc' dir='ltr'><strong>ἐκ</strong></span> <span class='ocrx_word' id='word_1_260' title='bbox 3386 1710 3715 1818; x_wconf 36' lang='grc' dir='ltr'>φαύλου-είς</span> 
     </span>
    </p>
   </div>
   <div class='ocr_carea' id='block_1_34' title="bbox 482 1821 2056 1905">
    <p class='ocr_par' dir='ltr' id='par_1_34' title="bbox 482 1823 2044 1889">
     <span class='ocr_line' id='line_1_34' title="bbox 482 1823 2044 1889; baseline 0 -11"><span class='ocrx_word' id='word_1_261' title='bbox 482 1833 618 1887; x_wconf 83' lang='lat' dir='ltr'><strong>teat,</strong></span> <span class='ocrx_word' id='word_1_262' title='bbox 649 1824 829 1878; x_wconf 88' lang='lat' dir='ltr'><strong>dicere</strong></span> <span class='ocrx_word' id='word_1_263' title='bbox 857 1837 964 1876; x_wconf 89' lang='lat' dir='ltr'><strong>non</strong></span> <span class='ocrx_word' id='word_1_264' title='bbox 1013 1823 1324 1877; x_wconf 79' lang='lat' dir='ltr'><strong>verebimur</strong></span> <span class='ocrx_word' id='word_1_265' title='bbox 1361 1839 1391 1877; x_wconf 90' lang='lat' dir='ltr'><strong>e</strong></span> <span class='ocrx_word' id='word_1_266' title='bbox 1441 1823 1578 1878; x_wconf 89' lang='lat' dir='ltr'><strong>bono</strong></span> <span class='ocrx_word' id='word_1_267' title='bbox 1625 1823 1678 1877; x_wconf 91' lang='lat' dir='ltr'><strong>in</strong></span> <span class='ocrx_word' id='word_1_268' title='bbox 1725 1824 1943 1889; x_wconf 87' lang='lat' dir='ltr'><strong>malum,</strong></span> <span class='ocrx_word' id='word_1_269' title='bbox 1977 1839 2044 1878; x_wconf 83' lang='lat' dir='ltr'><strong>ex</strong></span> 
     </span>
    </p>
   </div>
   <div class='ocr_carea' id='block_1_35' title="bbox 2141 1821 3715 1905">
    <p class='ocr_par' dir='ltr' id='par_1_35' title="bbox 2146 1821 3715 1905">
     <span class='ocr_line' id='line_1_35' title="bbox 2146 1821 3715 1905; baseline 0.015 -32"><span class='ocrx_word' id='word_1_270' title='bbox 2146 1821 2376 1887; x_wconf 84' lang='grc' dir='ltr'>ἀστεῖον,</span> <span class='ocrx_word' id='word_1_271' title='bbox 2413 1826 2505 1877; x_wconf 76' lang='grc' dir='ltr'>καὶ</span> <span class='ocrx_word' id='word_1_272' title='bbox 2531 1826 2588 1892; x_wconf 82' lang='grc' dir='ltr'><strong>ἐξ</strong></span> <span class='ocrx_word' id='word_1_273' title='bbox 2620 1827 2916 1883; x_wconf 85' lang='grc' dir='ltr'>ἀκολάστου</span> <span class='ocrx_word' id='word_1_274' title='bbox 2949 1834 3026 1896; x_wconf 76' lang='grc' dir='ltr'><strong>εἰς</strong></span> <span class='ocrx_word' id='word_1_275' title='bbox 3060 1834 3328 1905; x_wconf 73' lang='grc' dir='ltr'>σώφρονα,</span> <span class='ocrx_word' id='word_1_276' title='bbox 3348 1841 3441 1892; x_wconf 75' lang='grc' dir='ltr'><strong>καὶ</strong></span> <span class='ocrx_word' id='word_1_277' title='bbox 3461 1842 3523 1895; x_wconf 88' lang='grc' dir='ltr'><strong>ἐκ</strong></span> <span class='ocrx_word' id='word_1_278' title='bbox 3553 1843 3715 1896; x_wconf 86' lang='grc' dir='ltr'>δεισι-</span> 
     </span>
    </p>
   </div>
   <div class='ocr_carea' id='block_1_36' title="bbox 481 1913 2055 2002">
    <p class='ocr_par' dir='ltr' id='par_1_36' title="bbox 481 1913 2041 1982">
     <span class='ocr_line' id='line_1_36' title="bbox 481 1913 2041 1982; baseline -0.001 -14"><span class='ocrx_word' id='word_1_279' title='bbox 481 1915 771 1968; x_wconf 86' lang='lat' dir='ltr'><strong>libidinoso</strong></span> <span class='ocrx_word' id='word_1_280' title='bbox 803 1913 856 1967; x_wconf 90' lang='lat' dir='ltr'><strong>in</strong></span> <span class='ocrx_word' id='word_1_281' title='bbox 893 1920 1307 1982; x_wconf 86' lang='lat' dir='ltr'><strong>temperantem,</strong></span> <span class='ocrx_word' id='word_1_282' title='bbox 1344 1926 1375 1966; x_wconf 91' lang='lat' dir='ltr'><strong>e</strong></span> <span class='ocrx_word' id='word_1_283' title='bbox 1410 1913 1785 1982; x_wconf 85' lang='lat' dir='ltr'><strong>superstitioso</strong></span> <span class='ocrx_word' id='word_1_284' title='bbox 1817 1913 1868 1966; x_wconf 92' lang='lat' dir='ltr'><strong>in</strong></span> <span class='ocrx_word' id='word_1_285' title='bbox 1895 1914 2041 1981; x_wconf 80' lang='lat' dir='ltr'><strong>piunt</strong></span> 
     </span>
    </p>
   </div>
   <div class='ocr_carea' id='block_1_37' title="bbox 2135 1913 3709 2002">
    <p class='ocr_par' dir='ltr' id='par_1_37' title="bbox 2142 1913 3709 2002">
     <span class='ocr_line' id='line_1_37' title="bbox 2142 1913 3709 2002; baseline 0.015 -38"><span class='ocrx_word' id='word_1_286' title='bbox 2142 1913 2390 1982; x_wconf 88' lang='grc' dir='ltr'>δαίμονος</span> <span class='ocrx_word' id='word_1_287' title='bbox 2435 1917 2514 1978; x_wconf 76' lang='grc' dir='ltr'>εἰς</span> <span class='ocrx_word' id='word_1_288' title='bbox 2560 1917 2776 1988; x_wconf 79' lang='grc' dir='ltr'>εὐσεϐῆ,</span> <span class='ocrx_word' id='word_1_289' title='bbox 2838 1921 2928 1974; x_wconf 78' lang='grc' dir='ltr'><strong>τὸν</strong></span> <span class='ocrx_word' id='word_1_290' title='bbox 2965 1925 3406 1996; x_wconf 84' lang='grc' dir='ltr'>παραδεξάμενον</span> <span class='ocrx_word' id='word_1_291' title='bbox 3461 1932 3558 2002; x_wconf 83' lang='grc' dir='ltr'><strong>τὴν</strong></span> <span class='ocrx_word' id='word_1_292' title='bbox 3619 1933 3709 1987; x_wconf 86' lang='grc' dir='ltr'><strong>τοῦ</strong></span> 
     </span>
    </p>
   </div>
   <div class='ocr_carea' id='block_1_38' title="bbox 480 2003 2054 2092">
    <p class='ocr_par' dir='ltr' id='par_1_38' title="bbox 480 2003 2038 2075">
     <span class='ocr_line' id='line_1_38' title="bbox 480 2003 2038 2075; baseline -0.001 -15"><span class='ocrx_word' id='word_1_293' title='bbox 480 2007 701 2072; x_wconf 87' lang='lat' dir='ltr'><strong>mutari,</strong></span> <span class='ocrx_word' id='word_1_294' title='bbox 738 2007 1043 2075; x_wconf 88' lang='lat' dir='ltr'><strong>quicunque</strong></span> <span class='ocrx_word' id='word_1_295' title='bbox 1078 2003 1172 2059; x_wconf 89' lang='lat' dir='ltr'><strong>Dei</strong></span> <span class='ocrx_word' id='word_1_296' title='bbox 1221 2004 1456 2060; x_wconf 82' lang='lat' dir='ltr'><strong>Verbum</strong></span> <span class='ocrx_word' id='word_1_297' title='bbox 1505 2005 1560 2059; x_wconf 89' lang='lat' dir='ltr'><strong>in</strong></span> <span class='ocrx_word' id='word_1_298' title='bbox 1609 2019 1760 2059; x_wconf 89' lang='lat' dir='ltr'><strong>suam</strong></span> <span class='ocrx_word' id='word_1_299' title='bbox 1807 2004 2038 2059; x_wconf 88' lang='lat' dir='ltr'><strong>animam</strong></span> 
     </span>
    </p>
   </div>
   <div class='ocr_carea' id='block_1_39' title="bbox 2027 2003 3601 2092">
    <p class='ocr_par' dir='ltr' id='par_1_39' title="bbox 2027 2003 3601 2092">
     <span class='ocr_line' id='line_1_39' title="bbox 2027 2003 3601 2092; baseline 0.014 -40"><span class='ocrx_word' id='word_1_300' title='bbox 2027 2020 2038 2058; x_wconf 84' lang='grc' dir='ltr'><strong>ι</strong></span> <span class='ocrx_word' id='word_1_301' title='bbox 2141 2003 2314 2070; x_wconf 85' lang='grc' dir='ltr'>Λόγου</span> <span class='ocrx_word' id='word_1_302' title='bbox 2339 2004 2430 2057; x_wconf 91' lang='grc' dir='ltr'><strong>τοῦ</strong></span> <span class='ocrx_word' id='word_1_303' title='bbox 2464 2006 2596 2059; x_wconf 87' lang='grc' dir='ltr'>Θεοῦ</span> <span class='ocrx_word' id='word_1_304' title='bbox 2630 2010 2924 2081; x_wconf 77' lang='grc' dir='ltr'>ἐπιδημίαν</span> <span class='ocrx_word' id='word_1_305' title='bbox 2952 2015 3031 2078; x_wconf 84' lang='grc' dir='ltr'>εἰς</span> <span class='ocrx_word' id='word_1_306' title='bbox 3059 2015 3154 2086; x_wconf 81' lang='grc' dir='ltr'>τὴν</span> <span class='ocrx_word' id='word_1_307' title='bbox 3187 2018 3379 2071; x_wconf 87' lang='grc' dir='ltr'>ἐαυτοῦ</span> <span class='ocrx_word' id='word_1_308' title='bbox 3407 2019 3601 2092; x_wconf 78' lang='grc' dir='ltr'>ψυχήν.</span> 
     </span>
    </p>
   </div>
   <div class='ocr_carea' id='block_1_40' title="bbox 476 2096 946 2165">
    <p class='ocr_par' dir='ltr' id='par_1_40' title="bbox 476 2096 946 2165">
     <span class='ocr_line' id='line_1_40' title="bbox 476 2096 946 2165; baseline -0.002 -14"><span class='ocrx_word' id='word_1_309' title='bbox 476 2099 702 2153; x_wconf 88' lang='lat' dir='ltr'><strong>veniens</strong></span> <span class='ocrx_word' id='word_1_310' title='bbox 729 2096 946 2165; x_wconf 87' lang='lat' dir='ltr'><strong>recepit.</strong></span> 
     </span>
    </p>
   </div>
   <div class='ocr_carea' id='block_1_41' title="bbox 548 2185 2122 2262">
    <p class='ocr_par' dir='ltr' id='par_1_41' title="bbox 548 2185 2039 2255">
     <span class='ocr_line' id='line_1_41' title="bbox 548 2185 2039 2255; baseline -0.001 -13"><span class='ocrx_word' id='word_1_311' title='bbox 548 2189 604 2242; x_wconf 87' lang='lat'><strong>6.</strong></span> <span class='ocrx_word' id='word_1_312' title='bbox 644 2187 762 2241; x_wconf 87' lang='lat' dir='ltr'><strong>Jam</strong></span> <span class='ocrx_word' id='word_1_313' title='bbox 811 2187 854 2241; x_wconf 93' lang='lat' dir='ltr'><strong>si</strong></span> <span class='ocrx_word' id='word_1_314' title='bbox 887 2185 1124 2254; x_wconf 91' lang='lat' dir='ltr'><strong>postules</strong></span> <span class='ocrx_word' id='word_1_315' title='bbox 1173 2185 1422 2240; x_wconf 84' lang='lat' dir='ltr'><strong>utetiam</strong></span> <span class='ocrx_word' id='word_1_316' title='bbox 1471 2186 1537 2240; x_wconf 91' lang='lat' dir='ltr'><strong>iis</strong></span> <span class='ocrx_word' id='word_1_317' title='bbox 1583 2199 1886 2251; x_wconf 81' lang='lat' dir='ltr'><strong>occurram,</strong></span> <span class='ocrx_word' id='word_1_318' title='bbox 1920 2200 2039 2255; x_wconf 67' lang='lat' dir='ltr'><strong>quae</strong></span> 
     </span>
    </p>
   </div>
   <div class='ocr_carea' id='block_1_42' title="bbox 2131 2185 3705 2262">
    <p class='ocr_par' dir='ltr' id='par_1_42' title="bbox 2214 2186 3705 2262">
     <span class='ocr_line' id='line_1_42' title="bbox 2214 2186 3705 2262; baseline 0.015 -26"><span class='ocrx_word' id='word_1_319' title='bbox 2214 2186 2276 2238; x_wconf 78' lang='grc' dir='ltr'><strong>Εἰ</strong></span> <span class='ocrx_word' id='word_1_320' title='bbox 2318 2186 2374 2238; x_wconf 86' lang='grc' dir='ltr'><strong>δὲ</strong></span> <span class='ocrx_word' id='word_1_321' title='bbox 2414 2188 2506 2239; x_wconf 68' lang='grc' dir='ltr'><strong>καὶ</strong></span> <span class='ocrx_word' id='word_1_322' title='bbox 2554 2189 2689 2259; x_wconf 82' lang='grc' dir='ltr'>πρὸς</span> <span class='ocrx_word' id='word_1_323' title='bbox 2731 2189 2799 2244; x_wconf 77' lang='grc' dir='ltr'><strong>τά</strong></span> <span class='ocrx_word' id='word_1_324' title='bbox 2841 2194 3343 2262; x_wconf 79' lang='grc' dir='ltr'>καταγελαστότατα</span> <span class='ocrx_word' id='word_1_325' title='bbox 3374 2201 3467 2254; x_wconf 88' lang='grc' dir='ltr'><strong>τοῦ</strong></span> <span class='ocrx_word' id='word_1_326' title='bbox 3501 2204 3705 2259; x_wconf 77' lang='grc' dir='ltr'>Κέλσου</span> 
     </span>
    </p>
   </div>
   <div class='ocr_carea' id='block_1_43' title="bbox 472 2275 2046 2357">
    <p class='ocr_par' dir='ltr' id='par_1_43' title="bbox 472 2277 2038 2340">
     <span class='ocr_line' id='line_1_43' title="bbox 472 2277 2038 2340; baseline -0.002 -7"><span class='ocrx_word' id='word_1_327' title='bbox 472 2280 710 2334; x_wconf 83' lang='lat' dir='ltr'><strong>maxime</strong></span> <span class='ocrx_word' id='word_1_328' title='bbox 749 2278 974 2332; x_wconf 87' lang='lat' dir='ltr'><strong>ridicula</strong></span> <span class='ocrx_word' id='word_1_329' title='bbox 1020 2287 1164 2340; x_wconf 90' lang='lat' dir='ltr'><strong>sunt,</strong></span> <span class='ocrx_word' id='word_1_330' title='bbox 1214 2279 1336 2332; x_wconf 90' lang='lat' dir='ltr'><strong>audi</strong></span> <span class='ocrx_word' id='word_1_331' title='bbox 1370 2277 1584 2333; x_wconf 90' lang='lat' dir='ltr'><strong>Celsum</strong></span> <span class='ocrx_word' id='word_1_332' title='bbox 1616 2296 1633 2333; x_wconf 88' lang='lat'><strong>:</strong></span> <span class='ocrx_word' id='word_1_333' title='bbox 1673 2295 1692 2329; x_wconf 84' lang='grc' dir='ltr'><strong>ι</strong></span> <span class='ocrx_word' id='word_1_334' title='bbox 1732 2277 1874 2332; x_wconf 90' lang='lat' dir='ltr'><strong>Deus</strong></span> <span class='ocrx_word' id='word_1_335' title='bbox 1904 2277 2038 2331; x_wconf 82' lang='lat' dir='ltr'><strong>forte</strong></span> 
     </span>
    </p>
   </div>
   <div class='ocr_carea' id='block_1_44' title="bbox 2127 2275 3701 2357">
    <p class='ocr_par' dir='ltr' id='par_1_44' title="bbox 2139 2275 3701 2357">
     <span class='ocr_line' id='line_1_44' title="bbox 2139 2275 3701 2357; baseline 0.013 -29"><span class='ocrx_word' id='word_1_336' title='bbox 2139 2275 2310 2340; x_wconf 87' lang='grc' dir='ltr'>θέλεις</span> <span class='ocrx_word' id='word_1_337' title='bbox 2340 2281 2487 2348; x_wconf 78' lang='grc' dir='ltr'>ἡμᾶς</span> <span class='ocrx_word' id='word_1_338' title='bbox 2512 2281 2771 2352; x_wconf 79' lang='grc' dir='ltr'>ἀπαντᾷν,</span> <span class='ocrx_word' id='word_1_339' title='bbox 2805 2282 2966 2336; x_wconf 83' lang='grc' dir='ltr'>ἄκουε</span> <span class='ocrx_word' id='word_1_340' title='bbox 2989 2285 3153 2338; x_wconf 76' lang='grc' dir='ltr'>αὑτοῦ</span> <span class='ocrx_word' id='word_1_341' title='bbox 3187 2287 3434 2357; x_wconf 88' lang='grc' dir='ltr'>λέγοντος</span> <span class='ocrx_word' id='word_1_342' title='bbox 3453 2309 3466 2321; x_wconf 88' lang='grc'><strong>·</strong></span> <span class='ocrx_word' id='word_1_343' title='bbox 3491 2311 3510 2345; x_wconf 74' lang='grc' dir='ltr'><strong>ι</strong></span> <span class='ocrx_word' id='word_1_344' title='bbox 3546 2294 3701 2349; x_wconf 83' lang='grc' dir='ltr'>’Λλλά</span> 
     </span>
    </p>
   </div>
   <div class='ocr_carea' id='block_1_45' title="bbox 471 2367 2045 2454">
    <p class='ocr_par' dir='ltr' id='par_1_45' title="bbox 471 2368 2034 2439">
     <span class='ocr_line' id='line_1_45' title="bbox 471 2368 2034 2439; baseline -0.003 -16"><span class='ocrx_word' id='word_1_345' title='bbox 471 2369 782 2424; x_wconf 83' lang='lat' dir='ltr'><strong>hominibus</strong></span> <span class='ocrx_word' id='word_1_346' title='bbox 840 2370 1092 2438; x_wconf 86' lang='lat' dir='ltr'><strong>ignotus,</strong></span> <span class='ocrx_word' id='word_1_347' title='bbox 1143 2376 1200 2423; x_wconf 88' lang='lat' dir='ltr'><strong>et</strong></span> <span class='ocrx_word' id='word_1_348' title='bbox 1255 2379 1541 2439; x_wconf 87' lang='lat' dir='ltr'><strong>propterea</strong></span> <span class='ocrx_word' id='word_1_349' title='bbox 1594 2368 1697 2423; x_wconf 90' lang='lat' dir='ltr'><strong>sibi</strong></span> <span class='ocrx_word' id='word_1_350' title='bbox 1762 2368 2034 2436; x_wconf 84' lang='lat' dir='ltr'><strong>quidpiam</strong></span> 
     </span>
    </p>
   </div>
   <div class='ocr_carea' id='block_1_46' title="bbox 2128 2367 3702 2454">
    <p class='ocr_par' dir='ltr' id='par_1_46' title="bbox 2135 2367 3702 2454">
     <span class='ocr_line' id='line_1_46' title="bbox 2135 2367 3702 2454; baseline 0.013 -35"><span class='ocrx_word' id='word_1_351' title='bbox 2135 2367 2243 2438; x_wconf 89' lang='grc' dir='ltr'><strong>γάρ</strong></span> <span class='ocrx_word' id='word_1_352' title='bbox 2265 2369 2624 2440; x_wconf 81' lang='grc' dir='ltr'>ἀγνοούμενος</span> <span class='ocrx_word' id='word_1_353' title='bbox 2647 2374 2674 2423; x_wconf 84' lang='grc' dir='ltr'>ὁ</span> <span class='ocrx_word' id='word_1_354' title='bbox 2717 2373 2847 2436; x_wconf 78' lang='grc' dir='ltr'>Θεὸς</span> <span class='ocrx_word' id='word_1_355' title='bbox 2864 2375 2920 2426; x_wconf 88' lang='grc' dir='ltr'><strong>ἐν</strong></span> <span class='ocrx_word' id='word_1_356' title='bbox 2942 2375 3265 2447; x_wconf 84' lang='grc' dir='ltr'>ἀνθρώποις,</span> <span class='ocrx_word' id='word_1_357' title='bbox 3285 2382 3379 2434; x_wconf 74' lang='grc' dir='ltr'>καὶ</span> <span class='ocrx_word' id='word_1_358' title='bbox 3401 2383 3551 2454; x_wconf 90' lang='grc' dir='ltr'><strong>παρά</strong></span> <span class='ocrx_word' id='word_1_359' title='bbox 3565 2385 3702 2439; x_wconf 87' lang='grc' dir='ltr'>τοῦτ’</span> 
     </span>
    </p>
   </div>
   <div class='ocr_carea' id='block_1_47' title="bbox 471 2457 2045 2538">
    <p class='ocr_par' dir='ltr' id='par_1_47' title="bbox 471 2457 2036 2529">
     <span class='ocr_line' id='line_1_47' title="bbox 471 2457 2036 2529; baseline -0.002 -14"><span class='ocrx_word' id='word_1_360' title='bbox 471 2461 660 2516; x_wconf 90' lang='lat' dir='ltr'><strong>deesse</strong></span> <span class='ocrx_word' id='word_1_361' title='bbox 687 2460 998 2524; x_wconf 89' lang='lat' dir='ltr'><strong>arbitratus,</strong></span> <span class='ocrx_word' id='word_1_362' title='bbox 1035 2460 1284 2529; x_wconf 83' lang='lat' dir='ltr'><strong>cognosci</strong></span> <span class='ocrx_word' id='word_1_363' title='bbox 1319 2461 1387 2515; x_wconf 88' lang='lat' dir='ltr'><strong>ab</strong></span> <span class='ocrx_word' id='word_1_364' title='bbox 1413 2460 1519 2514; x_wconf 91' lang='lat' dir='ltr'><strong>illis</strong></span> <span class='ocrx_word' id='word_1_365' title='bbox 1550 2460 1718 2514; x_wconf 91' lang='lat' dir='ltr'><strong>voluit</strong></span> <span class='ocrx_word' id='word_1_366' title='bbox 1755 2469 1810 2514; x_wconf 91' lang='lat' dir='ltr'><strong>et</strong></span> <span class='ocrx_word' id='word_1_367' title='bbox 1851 2457 2036 2528; x_wconf 85' lang='lat' dir='ltr'><strong>explo-</strong></span> 
     </span>
    </p>
   </div>
   <div class='ocr_carea' id='block_1_48' title="bbox 2120 2457 3694 2538">
    <p class='ocr_par' dir='ltr' id='par_1_48' title="bbox 2135 2457 3694 2538">
     <span class='ocr_line' id='line_1_48' title="bbox 2135 2457 3694 2538; baseline 0.012 -29"><span class='ocrx_word' id='word_1_368' title='bbox 2135 2457 2350 2512; x_wconf 82' lang='grc' dir='ltr'>ἔλαττον</span> <span class='ocrx_word' id='word_1_369' title='bbox 2381 2460 2524 2530; x_wconf 79' lang='grc' dir='ltr'>ἔχειν</span> <span class='ocrx_word' id='word_1_370' title='bbox 2563 2460 2751 2526; x_wconf 84' lang='grc' dir='ltr'>δοκῶν,</span> <span class='ocrx_word' id='word_1_371' title='bbox 2779 2462 2948 2516; x_wconf 79' lang='grc' dir='ltr'>ἐθέλοι</span> <span class='ocrx_word' id='word_1_372' title='bbox 2975 2465 3040 2518; x_wconf 80' lang='grc' dir='ltr'><strong>ἂν</strong></span> <span class='ocrx_word' id='word_1_373' title='bbox 3072 2466 3401 2538; x_wconf 82' lang='grc' dir='ltr'>γνωσθῆναι,</span> <span class='ocrx_word' id='word_1_374' title='bbox 3437 2473 3531 2525; x_wconf 59' lang='grc' dir='ltr'><strong>καὶ⁵</strong></span> <span class='ocrx_word' id='word_1_375' title='bbox 3571 2476 3694 2536; x_wconf 77' lang='grc' dir='ltr'>τοὺς</span> 
     </span>
    </p>
   </div>
   <div class='ocr_carea' id='block_1_49' title="bbox 468 2549 2042 2628">
    <p class='ocr_par' dir='ltr' id='par_1_49' title="bbox 468 2549 2034 2621">
     <span class='ocr_line' id='line_1_49' title="bbox 468 2549 2034 2621; baseline -0.003 -14"><span class='ocrx_word' id='word_1_376' title='bbox 468 2568 592 2607; x_wconf 87' lang='lat' dir='ltr'><strong>rare</strong></span> <span class='ocrx_word' id='word_1_377' title='bbox 633 2552 722 2621; x_wconf 90' lang='lat' dir='ltr'><strong>qui</strong></span> <span class='ocrx_word' id='word_1_378' title='bbox 753 2551 1061 2616; x_wconf 88' lang='lat' dir='ltr'><strong>crederent,</strong></span> <span class='ocrx_word' id='word_1_379' title='bbox 1094 2550 1184 2619; x_wconf 92' lang='lat' dir='ltr'><strong>qui</strong></span> <span class='ocrx_word' id='word_1_380' title='bbox 1215 2559 1398 2605; x_wconf 89' lang='lat' dir='ltr'><strong>essent</strong></span> <span class='ocrx_word' id='word_1_381' title='bbox 1430 2549 1719 2605; x_wconf 87' lang='lat' dir='ltr'><strong>increduli.</strong></span> <span class='ocrx_word' id='word_1_382' title='bbox 1754 2549 1906 2603; x_wconf 83' lang='lat' dir='ltr'><strong>Haud</strong></span> <span class='ocrx_word' id='word_1_383' title='bbox 1948 2564 2034 2602; x_wconf 89' lang='lat' dir='ltr'><strong>se-</strong></span> 
     </span>
    </p>
   </div>
   <div class='ocr_carea' id='block_1_50' title="bbox 2125 2549 3699 2628">
    <p class='ocr_par' dir='ltr' id='par_1_50' title="bbox 2134 2549 3699 2628">
     <span class='ocr_line' id='line_1_50' title="bbox 2134 2549 3699 2628; baseline 0.012 -29"><span class='ocrx_word' id='word_1_384' title='bbox 2134 2549 2483 2613; x_wconf 84' lang='grc' dir='ltr'>πιστεύοντάς</span> <span class='ocrx_word' id='word_1_385' title='bbox 2513 2568 2572 2602; x_wconf 88' lang='grc' dir='ltr'><strong>τε</strong></span> <span class='ocrx_word' id='word_1_386' title='bbox 2604 2552 2696 2603; x_wconf 73' lang='grc' dir='ltr'><strong>καὶ</strong></span> <span class='ocrx_word' id='word_1_387' title='bbox 2728 2554 3086 2618; x_wconf 83' lang='grc' dir='ltr'>ἀπιστοῦντας</span> <span class='ocrx_word' id='word_1_388' title='bbox 3116 2557 3464 2628; x_wconf 89' lang='grc' dir='ltr'>διαπειράσαι</span> <span class='ocrx_word' id='word_1_389' title='bbox 3487 2579 3501 2592; x_wconf 71' lang='grc' dir='ltr'><strong>ο</strong></span> <span class='ocrx_word' id='word_1_390' title='bbox 3535 2564 3699 2618; x_wconf 84' lang='grc' dir='ltr'>καθά-</span> 
     </span>
    </p>
   </div>
   <div class='ocr_carea' id='block_1_51' title="bbox 449 2639 2023 2724">
    <p class='ocr_par' dir='ltr' id='par_1_51' title="bbox 449 2639 2023 2710">
     <span class='ocr_line' id='line_1_51' title="bbox 449 2639 2023 2710; baseline -0.004 -11"><span class='ocrx_word' id='word_1_391' title='bbox 449 2659 564 2698; x_wconf 78' lang='lat' dir='ltr'><strong>&#39;cus</strong></span> <span class='ocrx_word' id='word_1_392' title='bbox 595 2658 658 2696; x_wconf 90' lang='lat' dir='ltr'><strong>ac</strong></span> <span class='ocrx_word' id='word_1_393' title='bbox 697 2642 757 2704; x_wconf 74' lang='lat' dir='ltr'><strong>ii‘,</strong></span> <span class='ocrx_word' id='word_1_394' title='bbox 785 2640 874 2710; x_wconf 90' lang='lat' dir='ltr'><strong>qui</strong></span> <span class='ocrx_word' id='word_1_395' title='bbox 917 2640 1059 2695; x_wconf 88' lang='lat' dir='ltr'><strong>inter</strong></span> <span class='ocrx_word' id='word_1_396' title='bbox 1089 2642 1335 2696; x_wconf 91' lang='lat' dir='ltr'><strong>homines</strong></span> <span class='ocrx_word' id='word_1_397' title='bbox 1377 2641 1583 2709; x_wconf 86' lang='lat' dir='ltr'><strong>amplas</strong></span> <span class='ocrx_word' id='word_1_398' title='bbox 1622 2654 1812 2695; x_wconf 87' lang='lat' dir='ltr'><strong>recens</strong></span> <span class='ocrx_word' id='word_1_399' title='bbox 1851 2639 2023 2706; x_wconf 86' lang='lat' dir='ltr'><strong>adepti</strong></span> 
     </span>
    </p>
   </div>
   <div class='ocr_carea' id='block_1_52' title="bbox 2121 2639 3695 2724">
    <p class='ocr_par' dir='ltr' id='par_1_52' title="bbox 2135 2642 3695 2724">
     <span class='ocr_line' id='line_1_52' title="bbox 2135 2642 3695 2724; baseline 0.01 -30"><span class='ocrx_word' id='word_1_400' title='bbox 2135 2658 2240 2712; x_wconf 84' lang='grc' dir='ltr'><strong>περ</strong></span> <span class='ocrx_word' id='word_1_401' title='bbox 2257 2643 2304 2693; x_wconf 89' lang='grc' dir='ltr'>οἱ</span> <span class='ocrx_word' id='word_1_402' title='bbox 2330 2642 2637 2695; x_wconf 87' lang='grc' dir='ltr'>νεόπλουτοι</span> <span class='ocrx_word' id='word_1_403' title='bbox 2658 2643 2764 2695; x_wconf 85' lang='grc' dir='ltr'><strong>τῶν</strong></span> <span class='ocrx_word' id='word_1_404' title='bbox 2781 2643 3083 2714; x_wconf 82' lang='grc' dir='ltr'>ἀνθρώπων</span> <span class='ocrx_word' id='word_1_405' title='bbox 3116 2649 3544 2716; x_wconf 86' lang='grc' dir='ltr'>ἐπιδεικτιῶντες</span> <span class='ocrx_word' id='word_1_406' title='bbox 3567 2657 3695 2724; x_wconf 78' lang='grc'><strong>(57),</strong></span> 
     </span>
    </p>
   </div>
   <div class='ocr_carea' id='block_1_53' title="bbox 464 2730 2038 2810">
    <p class='ocr_par' dir='ltr' id='par_1_53' title="bbox 464 2730 2033 2799">
     <span class='ocr_line' id='line_1_53' title="bbox 464 2730 2033 2799; baseline -0.006 -9"><span class='ocrx_word' id='word_1_407' title='bbox 464 2746 592 2790; x_wconf 91' lang='lat' dir='ltr'><strong>sunt</strong></span> <span class='ocrx_word' id='word_1_408' title='bbox 639 2734 946 2799; x_wconf 81' lang='lat' dir='ltr'><strong>facultates,</strong></span> <span class='ocrx_word' id='word_1_409' title='bbox 992 2741 1268 2788; x_wconf 88' lang='lat' dir='ltr'><strong>ostentare</strong></span> <span class='ocrx_word' id='word_1_410' title='bbox 1301 2733 1422 2788; x_wconf 88' lang='lat' dir='ltr'><strong>illas</strong></span> <span class='ocrx_word' id='word_1_411' title='bbox 1469 2731 1664 2796; x_wconf 89' lang='lat' dir='ltr'><strong>solent,</strong></span> <span class='ocrx_word' id='word_1_412' title='bbox 1703 2732 1889 2799; x_wconf 83' lang='lat' dir='ltr'><strong>sicque</strong></span> <span class='ocrx_word' id='word_1_413' title='bbox 1935 2730 2033 2782; x_wconf 89' lang='lat' dir='ltr'><strong>ad-</strong></span> 
     </span>
    </p>
   </div>
   <div class='ocr_carea' id='block_1_54' title="bbox 2120 2730 3694 2810">
    <p class='ocr_par' dir='ltr' id='par_1_54' title="bbox 2132 2732 3694 2810">
     <span class='ocr_line' id='line_1_54' title="bbox 2132 2732 3694 2810; baseline 0.011 -27"><span class='ocrx_word' id='word_1_414' title='bbox 2132 2732 2331 2803; x_wconf 85' lang='grc' dir='ltr'>πολλήν</span> <span class='ocrx_word' id='word_1_415' title='bbox 2357 2750 2476 2786; x_wconf 90' lang='grc' dir='ltr'>τινα</span> <span class='ocrx_word' id='word_1_416' title='bbox 2509 2733 2602 2786; x_wconf 76' lang='grc' dir='ltr'><strong>καὶ</strong></span> <span class='ocrx_word' id='word_1_417' title='bbox 2654 2733 2794 2786; x_wconf 88' lang='grc' dir='ltr'>πάνυ</span> <span class='ocrx_word' id='word_1_418' title='bbox 2841 2734 3042 2806; x_wconf 85' lang='grc' dir='ltr'>θνητὴν</span> <span class='ocrx_word' id='word_1_419' title='bbox 3087 2739 3398 2810; x_wconf 78' lang='grc' dir='ltr'>φιλοτιμίαν</span> <span class='ocrx_word' id='word_1_420' title='bbox 3437 2745 3529 2797; x_wconf 89' lang='grc' dir='ltr'><strong>τοῦ</strong></span> <span class='ocrx_word' id='word_1_421' title='bbox 3563 2745 3694 2802; x_wconf 84' lang='grc' dir='ltr'>Θεοῦ</span> 
     </span>
    </p>
   </div>
   <div class='ocr_carea' id='block_1_55' title="bbox 463 2820 2037 2906">
    <p class='ocr_par' dir='ltr' id='par_1_55' title="bbox 463 2820 2029 2890">
     <span class='ocr_line' id='line_1_55' title="bbox 463 2820 2029 2890; baseline -0.005 -10"><span class='ocrx_word' id='word_1_422' title='bbox 463 2842 656 2882; x_wconf 87' lang='lat' dir='ltr'><strong>versus</strong></span> <span class='ocrx_word' id='word_1_423' title='bbox 701 2827 866 2880; x_wconf 91' lang='lat' dir='ltr'><strong>Deum</strong></span> <span class='ocrx_word' id='word_1_424' title='bbox 916 2826 1308 2890; x_wconf 80' lang='lat' dir='ltr'><strong>testiﬁcantur,</strong></span> <span class='ocrx_word' id='word_1_425' title='bbox 1355 2825 1507 2879; x_wconf 91' lang='lat' dir='ltr'><strong>illum</strong></span> <span class='ocrx_word' id='word_1_426' title='bbox 1555 2824 1712 2878; x_wconf 89' lang='lat' dir='ltr'><strong>valde</strong></span> <span class='ocrx_word' id='word_1_427' title='bbox 1768 2820 2029 2876; x_wconf 88' lang='lat' dir='ltr'><strong>delectari</strong></span> 
     </span>
    </p>
   </div>
   <div class='ocr_carea' id='block_1_56' title="bbox 2122 2820 3696 2906">
    <p class='ocr_par' dir='ltr' id='par_1_56' title="bbox 2130 2824 3696 2906">
     <span class='ocr_line' id='line_1_56' title="bbox 2130 2824 3696 2906; baseline 0.011 -32"><span class='ocrx_word' id='word_1_428' title='bbox 2130 2824 2624 2895; x_wconf 82' lang='grc' dir='ltr'>καταμαρτυροῦσι.</span> <span class='ocrx_word' id='word_1_429' title='bbox 2685 2844 2704 2877; x_wconf 72' lang='grc' dir='ltr'><strong>ι</strong></span> <span class='ocrx_word' id='word_1_430' title='bbox 2769 2827 2950 2896; x_wconf 78' lang='grc' dir='ltr'>Φαμὲν</span> <span class='ocrx_word' id='word_1_431' title='bbox 3007 2825 3118 2894; x_wconf 82' lang='grc' dir='ltr'>οῦν,</span> <span class='ocrx_word' id='word_1_432' title='bbox 3175 2832 3277 2896; x_wconf 85' lang='grc' dir='ltr'>ὅτι,</span> <span class='ocrx_word' id='word_1_433' title='bbox 3340 2836 3696 2906; x_wconf 82' lang='grc' dir='ltr'>ἀγνοούμενος</span> 
     </span>
    </p>
   </div>
   <div class='ocr_carea' id='block_1_57' title="bbox 462 2911 2036 2996">
    <p class='ocr_par' dir='ltr' id='par_1_57' title="bbox 462 2911 2025 2988">
     <span class='ocr_line' id='line_1_57' title="bbox 462 2911 2025 2988; baseline -0.004 -16"><span class='ocrx_word' id='word_1_434' title='bbox 462 2918 679 2974; x_wconf 86' lang='lat' dir='ltr'><strong>mortali</strong></span> <span class='ocrx_word' id='word_1_435' title='bbox 715 2918 911 2988; x_wconf 81' lang='lat' dir='ltr'><strong>gloria.</strong></span> <span class='ocrx_word' id='word_1_436' title='bbox 969 2935 988 2968; x_wconf 76' lang='grc' dir='ltr'><strong>ι</strong></span> <span class='ocrx_word' id='word_1_437' title='bbox 1022 2915 1284 2984; x_wconf 76' lang='lat' dir='ltr'><strong>Equidem</strong></span> <span class='ocrx_word' id='word_1_438' title='bbox 1335 2914 1507 2970; x_wconf 80' lang='lat' dir='ltr'><strong>fateor</strong></span> <span class='ocrx_word' id='word_1_439' title='bbox 1551 2914 1718 2968; x_wconf 92' lang='lat' dir='ltr'><strong>Deum</strong></span> <span class='ocrx_word' id='word_1_440' title='bbox 1769 2911 2025 2980; x_wconf 89' lang='lat' dir='ltr'><strong>improbis</strong></span> 
     </span>
    </p>
   </div>
   <div class='ocr_carea' id='block_1_58' title="bbox 2121 2911 3695 2996">
    <p class='ocr_par' dir='ltr' id='par_1_58' title="bbox 2128 2913 3695 2996">
     <span class='ocr_line' id='line_1_58' title="bbox 2128 2913 3695 2996; baseline 0.011 -31"><span class='ocrx_word' id='word_1_441' title='bbox 2128 2913 2260 2977; x_wconf 75' lang='grc' dir='ltr'>Θεὸς</span> <span class='ocrx_word' id='word_1_442' title='bbox 2307 2916 2424 2990; x_wconf 62' lang='lat' dir='ltr'><strong>om;</strong></span> <span class='ocrx_word' id='word_1_443' title='bbox 2451 2915 2666 2983; x_wconf 85' lang='grc' dir='ltr'>φαύλων</span> <span class='ocrx_word' id='word_1_444' title='bbox 2707 2917 3040 2988; x_wconf 77' lang='grc' dir='ltr'>ἀνθρώπων,</span> <span class='ocrx_word' id='word_1_445' title='bbox 3091 2921 3151 2973; x_wconf 78' lang='grc' dir='ltr'><strong>οὐ</strong></span> <span class='ocrx_word' id='word_1_446' title='bbox 3215 2925 3365 2996; x_wconf 89' lang='grc' dir='ltr'><strong>παρά</strong></span> <span class='ocrx_word' id='word_1_447' title='bbox 3419 2926 3479 2978; x_wconf 82' lang='grc' dir='ltr'><strong>τὸ</strong></span> <span class='ocrx_word' id='word_1_448' title='bbox 3535 2928 3695 2993; x_wconf 77' lang='grc' dir='ltr'>αὐτὸς</span> 
     </span>
    </p>
   </div>
   <div class='ocr_carea' id='block_1_59' title="bbox 463 3002 2037 3091">
    <p class='ocr_par' dir='ltr' id='par_1_59' title="bbox 463 3002 2026 3079">
     <span class='ocr_line' id='line_1_59' title="bbox 463 3002 2026 3079; baseline -0.006 -16"><span class='ocrx_word' id='word_1_449' title='bbox 463 3010 773 3066; x_wconf 89' lang='lat' dir='ltr'><strong>hominibus</strong></span> <span class='ocrx_word' id='word_1_450' title='bbox 816 3010 1060 3079; x_wconf 81' lang='lat' dir='ltr'><strong>ignotum</strong></span> <span class='ocrx_word' id='word_1_451' title='bbox 1117 3007 1282 3060; x_wconf 86' lang='lat' dir='ltr'><strong>fuisse</strong></span> <span class='ocrx_word' id='word_1_452' title='bbox 1309 3016 1363 3058; x_wconf 90' lang='lat' dir='ltr'><strong>et</strong></span> <span class='ocrx_word' id='word_1_453' title='bbox 1401 3007 1468 3058; x_wconf 91' lang='lat' dir='ltr'><strong>ab</strong></span> <span class='ocrx_word' id='word_1_454' title='bbox 1510 3004 1616 3058; x_wconf 90' lang='lat' dir='ltr'><strong>illis</strong></span> <span class='ocrx_word' id='word_1_455' title='bbox 1665 3002 1898 3058; x_wconf 83' lang='lat' dir='ltr'><strong>voluisse</strong></span> <span class='ocrx_word' id='word_1_456' title='bbox 1936 3015 2026 3054; x_wconf 83' lang='lat' dir='ltr'><strong>co-</strong></span> 
     </span>
    </p>
   </div>
   <div class='ocr_carea' id='block_1_60' title="bbox 2119 3002 3693 3091">
    <p class='ocr_par' dir='ltr' id='par_1_60' title="bbox 2127 3003 3693 3091">
     <span class='ocr_line' id='line_1_60' title="bbox 2127 3003 3693 3091; baseline 0.012 -36"><span class='ocrx_word' id='word_1_457' title='bbox 2127 3003 2343 3057; x_wconf 76' lang='grc' dir='ltr'>ἕλαττον</span> <span class='ocrx_word' id='word_1_458' title='bbox 2375 3005 2515 3074; x_wconf 78' lang='grc' dir='ltr'>ἔχειν</span> <span class='ocrx_word' id='word_1_459' title='bbox 2535 3006 2706 3060; x_wconf 88' lang='grc' dir='ltr'>δοκεῖν</span> <span class='ocrx_word' id='word_1_460' title='bbox 2739 3009 2878 3061; x_wconf 84' lang='grc' dir='ltr'>θέλοι</span> <span class='ocrx_word' id='word_1_461' title='bbox 2904 3010 2968 3063; x_wconf 85' lang='grc' dir='ltr'><strong>ἂν</strong></span> <span class='ocrx_word' id='word_1_462' title='bbox 2998 3011 3319 3082; x_wconf 80' lang='grc' dir='ltr'>γνωσθῆναι,</span> <span class='ocrx_word' id='word_1_463' title='bbox 3351 3017 3484 3070; x_wconf 85' lang='grc' dir='ltr'>ἀλλὰ</span> <span class='ocrx_word' id='word_1_464' title='bbox 3511 3020 3571 3072; x_wconf 80' lang='grc' dir='ltr'>τὸ</span> <span class='ocrx_word' id='word_1_465' title='bbox 3597 3020 3693 3091; x_wconf 66' lang='grc' dir='ltr'>τὴν</span> 
     </span>
    </p>
   </div>
   <div class='ocr_carea' id='block_1_61' title="bbox 459 3093 2033 3177">
    <p class='ocr_par' dir='ltr' id='par_1_61' title="bbox 459 3094 2022 3170">
     <span class='ocr_line' id='line_1_61' title="bbox 459 3094 2022 3170; baseline -0.007 -16"><span class='ocrx_word' id='word_1_466' title='bbox 459 3101 680 3170; x_wconf 84' lang='lat' dir='ltr'><strong>gnosci;</strong></span> <span class='ocrx_word' id='word_1_467' title='bbox 738 3115 842 3154; x_wconf 92' lang='lat' dir='ltr'><strong>non</strong></span> <span class='ocrx_word' id='word_1_468' title='bbox 885 3098 1026 3166; x_wconf 92' lang='lat' dir='ltr'><strong>quod</strong></span> <span class='ocrx_word' id='word_1_469' title='bbox 1061 3096 1236 3164; x_wconf 87' lang='lat' dir='ltr'><strong>aliqua</strong></span> <span class='ocrx_word' id='word_1_470' title='bbox 1270 3109 1327 3149; x_wconf 92' lang='lat' dir='ltr'><strong>re</strong></span> <span class='ocrx_word' id='word_1_471' title='bbox 1366 3095 1523 3149; x_wconf 86' lang='lat' dir='ltr'><strong>delici</strong></span> <span class='ocrx_word' id='word_1_472' title='bbox 1567 3095 1671 3148; x_wconf 89' lang='lat' dir='ltr'><strong>sibi</strong></span> <span class='ocrx_word' id='word_1_473' title='bbox 1711 3094 2022 3157; x_wconf 88' lang='lat' dir='ltr'><strong>videretur;</strong></span> 
     </span>
    </p>
   </div>
   <div class='ocr_carea' id='block_1_62' title="bbox 2118 3093 3692 3177">
    <p class='ocr_par' dir='ltr' id='par_1_62' title="bbox 2128 3093 3692 3177">
     <span class='ocr_line' id='line_1_62' title="bbox 2128 3093 3692 3177; baseline 0.013 -34"><span class='ocrx_word' id='word_1_474' title='bbox 2128 3093 2327 3160; x_wconf 84' lang='grc' dir='ltr'>γνῶσιν</span> <span class='ocrx_word' id='word_1_475' title='bbox 2362 3095 2521 3147; x_wconf 77' lang='grc' dir='ltr'>αὐτοῦ</span> <span class='ocrx_word' id='word_1_476' title='bbox 2552 3098 2964 3169; x_wconf 85' lang='grc' dir='ltr'>κακοδαιμονίας</span> <span class='ocrx_word' id='word_1_477' title='bbox 2989 3102 3353 3159; x_wconf 87' lang='grc' dir='ltr'>ἀπαλλάσσειν</span> <span class='ocrx_word' id='word_1_478' title='bbox 3391 3108 3480 3162; x_wconf 87' lang='grc' dir='ltr'><strong>τὸν</strong></span> <span class='ocrx_word' id='word_1_479' title='bbox 3505 3111 3692 3177; x_wconf 84' lang='grc' dir='ltr'>γιγνώ-</span> 
     </span>
    </p>
   </div>
   <div class='ocr_carea' id='block_1_63' title="bbox 457 3184 2031 3261">
    <p class='ocr_par' dir='ltr' id='par_1_63' title="bbox 457 3184 2019 3259">
     <span class='ocr_line' id='line_1_63' title="bbox 457 3184 2019 3259; baseline -0.006 -13"><span class='ocrx_word' id='word_1_480' title='bbox 457 3193 552 3246; x_wconf 90' lang='lat' dir='ltr'><strong>sed</strong></span> <span class='ocrx_word' id='word_1_481' title='bbox 583 3199 660 3257; x_wconf 91' lang='grc' dir='ltr'>ιιι,</span> <span class='ocrx_word' id='word_1_482' title='bbox 686 3193 776 3259; x_wconf 90' lang='lat' dir='ltr'><strong>qui</strong></span> <span class='ocrx_word' id='word_1_483' title='bbox 813 3199 1222 3259; x_wconf 81' lang='lat' dir='ltr'><strong>cognoscerent,</strong></span> <span class='ocrx_word' id='word_1_484' title='bbox 1253 3202 1318 3240; x_wconf 89' lang='lat' dir='ltr'><strong>ex</strong></span> <span class='ocrx_word' id='word_1_485' title='bbox 1351 3184 1585 3240; x_wconf 89' lang='lat' dir='ltr'><strong>miseriis</strong></span> <span class='ocrx_word' id='word_1_486' title='bbox 1631 3184 2019 3238; x_wconf 80' lang='lat' dir='ltr'><strong>eximerentur.</strong></span> 
     </span>
    </p>
   </div>
   <div class='ocr_carea' id='block_1_64' title="bbox 2118 3184 3692 3261">
    <p class='ocr_par' dir='ltr' id='par_1_64' title="bbox 2129 3184 3692 3261">
     <span class='ocr_line' id='line_1_64' title="bbox 2129 3184 3692 3261; baseline 0.012 -26"><span class='ocrx_word' id='word_1_487' title='bbox 2129 3199 2323 3236; x_wconf 85' lang='grc' dir='ltr'>σκοντα</span> <span class='ocrx_word' id='word_1_488' title='bbox 2347 3201 2360 3214; x_wconf 81' lang='lat'><strong>&#39;</strong></span> <span class='ocrx_word' id='word_1_489' title='bbox 2388 3184 2502 3237; x_wconf 84' lang='grc' dir='ltr'>ἀλλ’</span> <span class='ocrx_word' id='word_1_490' title='bbox 2535 3187 2654 3239; x_wconf 77' lang='grc' dir='ltr'>οὐδὲ</span> <span class='ocrx_word' id='word_1_491' title='bbox 2683 3188 3029 3261; x_wconf 87' lang='grc' dir='ltr'>διαπειράσαι</span> <span class='ocrx_word' id='word_1_492' title='bbox 3063 3191 3231 3248; x_wconf 82' lang='grc' dir='ltr'>θέλων</span> <span class='ocrx_word' id='word_1_493' title='bbox 3261 3197 3387 3260; x_wconf 86' lang='grc' dir='ltr'>τοὺς</span> <span class='ocrx_word' id='word_1_494' title='bbox 3414 3201 3692 3254; x_wconf 86' lang='grc' dir='ltr'>πιστεύον-</span> 
     </span>
    </p>
   </div>
   <div class='ocr_carea' id='block_1_65' title="bbox 455 3274 2029 3360">
    <p class='ocr_par' dir='ltr' id='par_1_65' title="bbox 455 3274 2022 3353">
     <span class='ocr_line' id='line_1_65' title="bbox 455 3274 2022 3353; baseline -0.008 -13"><span class='ocrx_word' id='word_1_495' title='bbox 455 3284 643 3353; x_wconf 85' lang='lat' dir='ltr'><strong>Neque</strong></span> <span class='ocrx_word' id='word_1_496' title='bbox 674 3283 837 3337; x_wconf 89' lang='lat' dir='ltr'><strong>etiam</strong></span> <span class='ocrx_word' id='word_1_497' title='bbox 885 3297 1005 3334; x_wconf 92' lang='lat' dir='ltr'><strong>cum</strong></span> <span class='ocrx_word' id='word_1_498' title='bbox 1032 3294 1227 3334; x_wconf 87' lang='lat' dir='ltr'><strong>arcana</strong></span> <span class='ocrx_word' id='word_1_499' title='bbox 1249 3281 1483 3347; x_wconf 87' lang='lat' dir='ltr'><strong>quadam</strong></span> <span class='ocrx_word' id='word_1_500' title='bbox 1515 3284 1568 3329; x_wconf 93' lang='lat' dir='ltr'><strong>et</strong></span> <span class='ocrx_word' id='word_1_501' title='bbox 1601 3274 1780 3328; x_wconf 87' lang='lat' dir='ltr'><strong>divina</strong></span> <span class='ocrx_word' id='word_1_502' title='bbox 1823 3274 2022 3328; x_wconf 90' lang='lat' dir='ltr'><strong>virtute</strong></span> 
     </span>
    </p>
   </div>
   <div class='ocr_carea' id='block_1_66' title="bbox 2115 3274 3689 3360">
    <p class='ocr_par' dir='ltr' id='par_1_66' title="bbox 2123 3277 3689 3360">
     <span class='ocr_line' id='line_1_66' title="bbox 2123 3277 3689 3360; baseline 0.011 -34"><span class='ocrx_word' id='word_1_503' title='bbox 2123 3292 2240 3340; x_wconf 86' lang='grc' dir='ltr'>τας,</span> <span class='ocrx_word' id='word_1_504' title='bbox 2283 3277 2315 3346; x_wconf 86' lang='grc' dir='ltr'>ἢ</span> <span class='ocrx_word' id='word_1_505' title='bbox 2364 3277 2488 3340; x_wconf 79' lang='grc' dir='ltr'>τοὺς</span> <span class='ocrx_word' id='word_1_506' title='bbox 2528 3279 2907 3344; x_wconf 81' lang='grc' dir='ltr'>ἀπιστοῦντας,</span> <span class='ocrx_word' id='word_1_507' title='bbox 2959 3284 3078 3354; x_wconf 76' lang='grc' dir='ltr'>ἦτοι</span> <span class='ocrx_word' id='word_1_508' title='bbox 3129 3285 3289 3349; x_wconf 82' lang='grc' dir='ltr'>αὐτὸς</span> <span class='ocrx_word' id='word_1_509' title='bbox 3337 3289 3559 3360; x_wconf 73' lang='grc' dir='ltr'>ἀρρήτῳ</span> <span class='ocrx_word' id='word_1_510' title='bbox 3599 3293 3689 3345; x_wconf 74' lang='grc' dir='ltr'><strong>καὶ</strong></span> 
     </span>
    </p>
   </div>
   <div class='ocr_carea' id='block_1_67' title="bbox 455 3363 2029 3452">
    <p class='ocr_par' dir='ltr' id='par_1_67' title="bbox 455 3363 2019 3443">
     <span class='ocr_line' id='line_1_67' title="bbox 455 3363 2019 3443; baseline -0.008 -15"><span class='ocrx_word' id='word_1_511' title='bbox 455 3375 511 3428; x_wconf 88' lang='lat' dir='ltr'><strong>in</strong></span> <span class='ocrx_word' id='word_1_512' title='bbox 547 3374 812 3443; x_wconf 88' lang='lat' dir='ltr'><strong>quosdam</strong></span> <span class='ocrx_word' id='word_1_513' title='bbox 857 3371 1071 3426; x_wconf 90' lang='lat' dir='ltr'><strong>advenit</strong></span> <span class='ocrx_word' id='word_1_514' title='bbox 1099 3379 1189 3424; x_wconf 86' lang='lat' dir='ltr'><strong>aut</strong></span> <span class='ocrx_word' id='word_1_515' title='bbox 1222 3383 1376 3424; x_wconf 88' lang='lat' dir='ltr'><strong>suum</strong></span> <span class='ocrx_word' id='word_1_516' title='bbox 1415 3366 1688 3421; x_wconf 90' lang='lat' dir='ltr'><strong>Christum</strong></span> <span class='ocrx_word' id='word_1_517' title='bbox 1729 3363 1916 3426; x_wconf 89' lang='lat' dir='ltr'><strong>mittit,</strong></span> <span class='ocrx_word' id='word_1_518' title='bbox 1967 3363 2019 3416; x_wconf 92' lang='lat' dir='ltr'><strong>id</strong></span> 
     </span>
    </p>
   </div>
   <div class='ocr_carea' id='block_1_68' title="bbox 2113 3363 3687 3452">
    <p class='ocr_par' dir='ltr' id='par_1_68' title="bbox 2122 3365 3687 3452">
     <span class='ocr_line' id='line_1_68' title="bbox 2122 3365 3687 3452; baseline 0.012 -35"><span class='ocrx_word' id='word_1_519' title='bbox 2122 3365 2242 3438; x_wconf 81' lang='grc' dir='ltr'>θείᾳ</span> <span class='ocrx_word' id='word_1_520' title='bbox 2273 3367 2495 3438; x_wconf 80' lang='grc' dir='ltr'>δυνάμει</span> <span class='ocrx_word' id='word_1_521' title='bbox 2527 3368 2583 3420; x_wconf 79' lang='grc' dir='ltr'>ἔν</span> <span class='ocrx_word' id='word_1_522' title='bbox 2621 3386 2760 3422; x_wconf 90' lang='grc' dir='ltr'>τισιν</span> <span class='ocrx_word' id='word_1_523' title='bbox 2793 3372 3063 3444; x_wconf 85' lang='grc' dir='ltr'>ἐπιδημεῖ,</span> <span class='ocrx_word' id='word_1_524' title='bbox 3095 3374 3126 3444; x_wconf 77' lang='grc' dir='ltr'>ἢ</span> <span class='ocrx_word' id='word_1_525' title='bbox 3167 3376 3371 3446; x_wconf 82' lang='grc' dir='ltr'>πέμπει</span> <span class='ocrx_word' id='word_1_526' title='bbox 3423 3379 3511 3432; x_wconf 77' lang='grc' dir='ltr'><strong>τὸν</strong></span> <span class='ocrx_word' id='word_1_527' title='bbox 3554 3383 3687 3452; x_wconf 84' lang='grc' dir='ltr'>Χρι-</span> 
     </span>
    </p>
   </div>
   <div class='ocr_carea' id='block_1_69' title="bbox 453 3455 2027 3536">
    <p class='ocr_par' dir='ltr' id='par_1_69' title="bbox 453 3455 2021 3533">
     <span class='ocr_line' id='line_1_69' title="bbox 453 3455 2021 3533; baseline -0.006 -15"><span class='ocrx_word' id='word_1_528' title='bbox 453 3466 583 3520; x_wconf 86' lang='lat' dir='ltr'><strong>facit</strong></span> <span class='ocrx_word' id='word_1_529' title='bbox 635 3473 692 3519; x_wconf 91' lang='lat' dir='ltr'><strong>ut</strong></span> <span class='ocrx_word' id='word_1_530' title='bbox 735 3465 976 3533; x_wconf 86' lang='lat' dir='ltr'><strong>exploret</strong></span> <span class='ocrx_word' id='word_1_531' title='bbox 1008 3463 1226 3532; x_wconf 89' lang='lat' dir='ltr'><strong>quinam</strong></span> <span class='ocrx_word' id='word_1_532' title='bbox 1272 3461 1496 3514; x_wconf 90' lang='lat' dir='ltr'><strong>credant</strong></span> <span class='ocrx_word' id='word_1_533' title='bbox 1539 3467 1634 3511; x_wconf 88' lang='lat' dir='ltr'><strong>aut</strong></span> <span class='ocrx_word' id='word_1_534' title='bbox 1665 3456 1755 3525; x_wconf 91' lang='lat' dir='ltr'><strong>qui</strong></span> <span class='ocrx_word' id='word_1_535' title='bbox 1800 3457 1911 3510; x_wconf 89' lang='lat' dir='ltr'><strong>sint</strong></span> <span class='ocrx_word' id='word_1_536' title='bbox 1940 3455 2021 3509; x_wconf 86' lang='lat' dir='ltr'><strong>in-</strong></span> 
     </span>
    </p>
   </div>
   <div class='ocr_carea' id='block_1_70' title="bbox 2114 3455 3688 3536">
    <p class='ocr_par' dir='ltr' id='par_1_70' title="bbox 2122 3459 3688 3536">
     <span class='ocr_line' id='line_1_70' title="bbox 2122 3459 3688 3536; baseline 0.009 -25"><span class='ocrx_word' id='word_1_537' title='bbox 2122 3459 2246 3511; x_wconf 84' lang='grc' dir='ltr'>στὸν</span> <span class='ocrx_word' id='word_1_538' title='bbox 2275 3460 2459 3525; x_wconf 84' lang='grc' dir='ltr'>αὐτοῦ,</span> <span class='ocrx_word' id='word_1_539' title='bbox 2494 3460 2606 3512; x_wconf 87' lang='grc' dir='ltr'>ἀλλ’</span> <span class='ocrx_word' id='word_1_540' title='bbox 2641 3461 2786 3532; x_wconf 81' lang='grc' dir='ltr'>ὑπὲρ</span> <span class='ocrx_word' id='word_1_541' title='bbox 2817 3462 2908 3514; x_wconf 85' lang='grc' dir='ltr'><strong>τοῦ</strong></span> <span class='ocrx_word' id='word_1_542' title='bbox 2947 3464 3297 3529; x_wconf 84' lang='grc' dir='ltr'>πιστεύοντας</span> <span class='ocrx_word' id='word_1_543' title='bbox 3328 3468 3423 3536; x_wconf 83' lang='grc' dir='ltr'><strong>μὲν</strong></span> <span class='ocrx_word' id='word_1_544' title='bbox 3475 3472 3568 3523; x_wconf 70' lang='grc' dir='ltr'><strong>καὶ</strong></span> <span class='ocrx_word' id='word_1_545' title='bbox 3594 3490 3688 3525; x_wconf 90' lang='grc' dir='ltr'>κα-</span> 
     </span>
    </p>
   </div>
   <div class='ocr_carea' id='block_1_71' title="bbox 450 3548 2024 3627">
    <p class='ocr_par' dir='ltr' id='par_1_71' title="bbox 450 3548 2018 3621">
     <span class='ocr_line' id='line_1_71' title="bbox 450 3548 2018 3621; baseline -0.008 -10"><span class='ocrx_word' id='word_1_546' title='bbox 450 3557 692 3621; x_wconf 89' lang='lat' dir='ltr'><strong>creduli;</strong></span> <span class='ocrx_word' id='word_1_547' title='bbox 727 3558 820 3612; x_wconf 89' lang='lat' dir='ltr'><strong>sed</strong></span> <span class='ocrx_word' id='word_1_548' title='bbox 858 3565 916 3609; x_wconf 92' lang='lat' dir='ltr'><strong>ut</strong></span> <span class='ocrx_word' id='word_1_549' title='bbox 945 3556 1193 3609; x_wconf 91' lang='lat' dir='ltr'><strong>omnibus</strong></span> <span class='ocrx_word' id='word_1_550' title='bbox 1232 3550 1465 3606; x_wconf 89' lang='lat' dir='ltr'><strong>miseriis</strong></span> <span class='ocrx_word' id='word_1_551' title='bbox 1495 3549 1744 3604; x_wconf 82' lang='lat' dir='ltr'><strong>exsolvat</strong></span> <span class='ocrx_word' id='word_1_552' title='bbox 1781 3548 2018 3616; x_wconf 76' lang='lat' dir='ltr'><strong>quicun~</strong></span> 
     </span>
    </p>
   </div>
   <div class='ocr_carea' id='block_1_72' title="bbox 2111 3548 3685 3627">
    <p class='ocr_par' dir='ltr' id='par_1_72' title="bbox 2115 3551 3685 3627">
     <span class='ocr_line' id='line_1_72' title="bbox 2115 3551 3685 3627; baseline 0.008 -24"><span class='ocrx_word' id='word_1_553' title='bbox 2115 3551 2559 3621; x_wconf 74' lang='grc' dir='ltr'>ταλαμὸάνοντας</span> <span class='ocrx_word' id='word_1_554' title='bbox 2590 3552 2752 3605; x_wconf 81' lang='grc' dir='ltr'>αὑτοῦ</span> <span class='ocrx_word' id='word_1_555' title='bbox 2806 3554 2904 3623; x_wconf 85' lang='grc' dir='ltr'><strong>τὴν</strong></span> <span class='ocrx_word' id='word_1_556' title='bbox 2967 3553 3213 3627; x_wconf 86' lang='grc' dir='ltr'>θεότητα,</span> <span class='ocrx_word' id='word_1_557' title='bbox 3252 3559 3685 3616; x_wconf 85' lang='grc' dir='ltr'>ἀπαλλάσσεσθαι</span> 
     </span>
    </p>
   </div>
   <div class='ocr_carea' id='block_1_73' title="bbox 448 3636 2022 3721">
    <p class='ocr_par' dir='ltr' id='par_1_73' title="bbox 448 3636 2016 3716">
     <span class='ocr_line' id='line_1_73' title="bbox 448 3636 2016 3716; baseline -0.007 -16"><span class='ocrx_word' id='word_1_558' title='bbox 448 3661 554 3716; x_wconf 88' lang='lat' dir='ltr'><strong>que</strong></span> <span class='ocrx_word' id='word_1_559' title='bbox 577 3643 916 3702; x_wconf 86' lang='lat' dir='ltr'><strong>crediderint</strong></span> <span class='ocrx_word' id='word_1_560' title='bbox 949 3653 1003 3700; x_wconf 86' lang='lat' dir='ltr'><strong>et</strong></span> <span class='ocrx_word' id='word_1_561' title='bbox 1031 3643 1148 3713; x_wconf 90' lang='lat' dir='ltr'><strong>ejus</strong></span> <span class='ocrx_word' id='word_1_562' title='bbox 1183 3642 1516 3698; x_wconf 88' lang='lat' dir='ltr'><strong>divinitatem</strong></span> <span class='ocrx_word' id='word_1_563' title='bbox 1553 3639 1899 3708; x_wconf 86' lang='lat' dir='ltr'><strong>acceperint;</strong></span> <span class='ocrx_word' id='word_1_564' title='bbox 1932 3636 2016 3690; x_wconf 84' lang='lat' dir='ltr'><strong>in-</strong></span> 
     </span>
    </p>
   </div>
   <div class='ocr_carea' id='block_1_74' title="bbox 2109 3636 3683 3721">
    <p class='ocr_par' dir='ltr' id='par_1_74' title="bbox 2117 3643 3683 3721">
     <span class='ocr_line' id='line_1_74' title="bbox 2117 3643 3683 3721; baseline 0.009 -28"><span class='ocrx_word' id='word_1_565' title='bbox 2117 3643 2298 3712; x_wconf 86' lang='grc' dir='ltr'>πάσης</span> <span class='ocrx_word' id='word_1_566' title='bbox 2329 3643 2764 3714; x_wconf 82' lang='grc' dir='ltr'>κακοδαιμονίας,</span> <span class='ocrx_word' id='word_1_567' title='bbox 2813 3645 3171 3711; x_wconf 84' lang='grc' dir='ltr'>ἀπιστοῦντας</span> <span class='ocrx_word' id='word_1_568' title='bbox 3217 3648 3274 3701; x_wconf 88' lang='grc' dir='ltr'>δὲ</span> <span class='ocrx_word' id='word_1_569' title='bbox 3323 3652 3447 3721; x_wconf 81' lang='grc' dir='ltr'>μηδ’</span> <span class='ocrx_word' id='word_1_570' title='bbox 3489 3654 3683 3707; x_wconf 85' lang='grc' dir='ltr'>ἀπολο-</span> 
     </span>
    </p>
   </div>
   <div class='ocr_carea' id='block_1_75' title="bbox 447 3729 2021 3811">
    <p class='ocr_par' dir='ltr' id='par_1_75' title="bbox 447 3729 2011 3800">
     <span class='ocr_line' id='line_1_75' title="bbox 447 3729 2011 3800; baseline -0.008 -5"><span class='ocrx_word' id='word_1_571' title='bbox 447 3739 690 3795; x_wconf 90' lang='lat' dir='ltr'><strong>credulis</strong></span> <span class='ocrx_word' id='word_1_572' title='bbox 711 3751 838 3792; x_wconf 88' lang='lat' dir='ltr'><strong>vero</strong></span> <span class='ocrx_word' id='word_1_573' title='bbox 866 3752 1080 3792; x_wconf 87' lang='lat' dir='ltr'><strong>omnem</strong></span> <span class='ocrx_word' id='word_1_574' title='bbox 1105 3735 1471 3790; x_wconf 84' lang='lat' dir='ltr'><strong>excusationis</strong></span> <span class='ocrx_word' id='word_1_575' title='bbox 1495 3733 1669 3787; x_wconf 88' lang='lat' dir='ltr'><strong>locum</strong></span> <span class='ocrx_word' id='word_1_576' title='bbox 1696 3729 2011 3800; x_wconf 73' lang='lat' dir='ltr'><strong>pnecludat,</strong></span> 
     </span>
    </p>
   </div>
   <div class='ocr_carea' id='block_1_76' title="bbox 2107 3729 3681 3811">
    <p class='ocr_par' dir='ltr' id='par_1_76' title="bbox 2116 3732 3681 3811">
     <span class='ocr_line' id='line_1_76' title="bbox 2116 3732 3681 3811; baseline 0.009 -28"><span class='ocrx_word' id='word_1_577' title='bbox 2116 3732 2239 3800; x_wconf 90' lang='grc' dir='ltr'>γίας</span> <span class='ocrx_word' id='word_1_578' title='bbox 2271 3732 2348 3786; x_wconf 79' lang='grc' dir='ltr'><strong>ἐτι</strong></span> <span class='ocrx_word' id='word_1_579' title='bbox 2383 3733 2568 3806; x_wconf 83' lang='grc' dir='ltr'>χώραν</span> <span class='ocrx_word' id='word_1_580' title='bbox 2593 3734 2756 3804; x_wconf 79' lang='grc' dir='ltr'>ἔχειν,</span> <span class='ocrx_word' id='word_1_581' title='bbox 2787 3734 2861 3799; x_wconf 83' lang='grc' dir='ltr'>ὡς</span> <span class='ocrx_word' id='word_1_582' title='bbox 2895 3737 3044 3807; x_wconf 86' lang='grc' dir='ltr'><strong>παρά</strong></span> <span class='ocrx_word' id='word_1_583' title='bbox 3071 3739 3129 3790; x_wconf 83' lang='grc' dir='ltr'><strong>τὸ</strong></span> <span class='ocrx_word' id='word_1_584' title='bbox 3165 3740 3238 3810; x_wconf 81' lang='grc' dir='ltr'>μὴ</span> <span class='ocrx_word' id='word_1_585' title='bbox 3265 3742 3560 3811; x_wconf 79' lang='grc' dir='ltr'>ἀκηκοέναι</span> <span class='ocrx_word' id='word_1_586' title='bbox 3595 3747 3681 3797; x_wconf 81' lang='grc' dir='ltr'>καὶ</span> 
     </span>
    </p>
   </div>
   <div class='ocr_carea' id='block_1_77' title="bbox 448 3819 2022 3903">
    <p class='ocr_par' dir='ltr' id='par_1_77' title="bbox 448 3821 2009 3895">
     <span class='ocr_line' id='line_1_77' title="bbox 448 3821 2009 3895; baseline -0.003 -14"><span class='ocrx_word' id='word_1_587' title='bbox 448 3842 509 3881; x_wconf 92' lang='lat' dir='ltr'><strong>se</strong></span> <span class='ocrx_word' id='word_1_588' title='bbox 541 3828 661 3881; x_wconf 88' lang='lat' dir='ltr'><strong>ideo</strong></span> <span class='ocrx_word' id='word_1_589' title='bbox 702 3839 807 3880; x_wconf 92' lang='lat' dir='ltr'><strong>non</strong></span> <span class='ocrx_word' id='word_1_590' title='bbox 841 3826 1158 3889; x_wconf 87' lang='lat' dir='ltr'><strong>credidisse,</strong></span> <span class='ocrx_word' id='word_1_591' title='bbox 1185 3824 1346 3895; x_wconf 78' lang='lat'><strong>506</strong></span> <span class='ocrx_word' id='word_1_592' title='bbox 1371 3823 1494 3892; x_wconf 86' lang='lat' dir='ltr'><strong>quia</strong></span> <span class='ocrx_word' id='word_1_593' title='bbox 1543 3821 1784 3876; x_wconf 88' lang='lat' dir='ltr'><strong>doctrina</strong></span> <span class='ocrx_word' id='word_1_594' title='bbox 1819 3821 2009 3877; x_wconf 84' lang='lat' dir='ltr'><strong>deluit.</strong></span> 
     </span>
    </p>
   </div>
   <div class='ocr_carea' id='block_1_78' title="bbox 2143 3819 3717 3903">
    <p class='ocr_par' dir='ltr' id='par_1_78' title="bbox 2145 3819 3717 3903">
     <span class='ocr_line' id='line_1_78' title="bbox 2145 3819 3717 3903; baseline 0.006 -27"><span class='ocrx_word' id='word_1_595' title='bbox 2145 3823 2491 3894; x_wconf 84' lang='grc' dir='ltr'>εδιδάχθαιού</span> <span class='ocrx_word' id='word_1_596' title='bbox 2525 3824 2920 3889; x_wconf 85' lang='grc' dir='ltr'>πιστεύσαντας</span> <span class='ocrx_word' id='word_1_597' title='bbox 2942 3826 3072 3894; x_wconf 82' lang='grc'>(58).</span> <span class='ocrx_word' id='word_1_598' title='bbox 3110 3828 3204 3890; x_wconf 88' lang='grc' dir='ltr'><strong>Τίς</strong></span> <span class='ocrx_word' id='word_1_599' title='bbox 3239 3825 3333 3882; x_wconf 85' lang='grc' dir='ltr'><strong>οῦν</strong></span> <span class='ocrx_word' id='word_1_600' title='bbox 3354 3830 3509 3899; x_wconf 79' lang='grc' dir='ltr'>λόγος</span> <span class='ocrx_word' id='word_1_601' title='bbox 3543 3851 3682 3903; x_wconf 88' lang='grc' dir='ltr'><strong>παρ⁹</strong></span> <span class='ocrx_word' id='word_1_602' title='bbox 3713 3819 3717 3821; x_wconf 39' lang='grc'><em>’</em></span> 
     </span>
    </p>
   </div>
   <div class='ocr_carea' id='block_1_79' title="bbox 445 3911 2019 3989">
    <p class='ocr_par' dir='ltr' id='par_1_79' title="bbox 445 3911 2010 3986">
     <span class='ocr_line' id='line_1_79' title="bbox 445 3911 2010 3986; baseline -0.005 -15"><span class='ocrx_word' id='word_1_603' title='bbox 445 3918 562 3985; x_wconf 85' lang='lat' dir='ltr'><strong>Qua</strong></span> <span class='ocrx_word' id='word_1_604' title='bbox 619 3918 780 3986; x_wconf 84' lang='lat' dir='ltr'><strong>igitur</strong></span> <span class='ocrx_word' id='word_1_605' title='bbox 807 3917 1013 3970; x_wconf 89' lang='lat' dir='ltr'><strong>ratione</strong></span> <span class='ocrx_word' id='word_1_606' title='bbox 1061 3917 1359 3970; x_wconf 80' lang='lat' dir='ltr'><strong>ostenderit</strong></span> <span class='ocrx_word' id='word_1_607' title='bbox 1403 3929 1471 3967; x_wconf 89' lang='lat' dir='ltr'><strong>ex</strong></span> <span class='ocrx_word' id='word_1_608' title='bbox 1520 3921 1701 3966; x_wconf 89' lang='lat' dir='ltr'><strong>nostra</strong></span> <span class='ocrx_word' id='word_1_609' title='bbox 1743 3911 2010 3965; x_wconf 90' lang='lat' dir='ltr'><strong>sententia</strong></span> 
     </span>
    </p>
   </div>
   <div class='ocr_carea' id='block_1_80' title="bbox 2105 3911 3679 3989">
    <p class='ocr_par' dir='ltr' id='par_1_80' title="bbox 2117 3913 3679 3989">
     <span class='ocr_line' id='line_1_80' title="bbox 2117 3913 3679 3989; baseline 0.004 -25"><span class='ocrx_word' id='word_1_610' title='bbox 2117 3913 2324 3984; x_wconf 86' lang='grc' dir='ltr'>ίστησιν</span> <span class='ocrx_word' id='word_1_611' title='bbox 2379 3913 2687 3966; x_wconf 87' lang='grc' dir='ltr'>ἀκολουθεῖν</span> <span class='ocrx_word' id='word_1_612' title='bbox 2739 3913 2867 3982; x_wconf 83' lang='grc' dir='ltr'>ἡμῖν</span> <span class='ocrx_word' id='word_1_613' title='bbox 2929 3913 2988 3966; x_wconf 86' lang='grc' dir='ltr'><strong>τὸ</strong></span> <span class='ocrx_word' id='word_1_614' title='bbox 3032 3914 3120 3966; x_wconf 84' lang='grc' dir='ltr'><strong>τὸν</strong></span> <span class='ocrx_word' id='word_1_615' title='bbox 3187 3914 3318 3969; x_wconf 87' lang='grc' dir='ltr'>Θεὸν</span> <span class='ocrx_word' id='word_1_616' title='bbox 3370 3917 3489 3970; x_wconf 83' lang='grc' dir='ltr'>καθ’</span> <span class='ocrx_word' id='word_1_617' title='bbox 3536 3921 3679 3989; x_wconf 63' lang='grc' dir='ltr'>ἡμᾶς</span> 
     </span>
    </p>
   </div>
   <div class='ocr_carea' id='block_1_81' title="bbox 444 3999 2018 4076">
    <p class='ocr_par' dir='ltr' id='par_1_81' title="bbox 444 4002 2010 4075">
     <span class='ocr_line' id='line_1_81' title="bbox 444 4002 2010 4075; baseline -0.004 -14"><span class='ocrx_word' id='word_1_618' title='bbox 444 4007 725 4075; x_wconf 86' lang='lat' dir='ltr'><strong>consequi,</strong></span> <span class='ocrx_word' id='word_1_619' title='bbox 766 4017 824 4060; x_wconf 94' lang='lat' dir='ltr'><strong>ut</strong></span> <span class='ocrx_word' id='word_1_620' title='bbox 851 4006 994 4061; x_wconf 91' lang='lat' dir='ltr'><strong>Deus</strong></span> <span class='ocrx_word' id='word_1_621' title='bbox 1026 4005 1091 4059; x_wconf 89' lang='lat' dir='ltr'><strong>iis</strong></span> <span class='ocrx_word' id='word_1_622' title='bbox 1118 4007 1187 4059; x_wconf 89' lang='lat' dir='ltr'><strong>sit</strong></span> <span class='ocrx_word' id='word_1_623' title='bbox 1220 4004 1433 4070; x_wconf 78' lang='lat' dir='ltr'><strong>similis,</strong></span> <span class='ocrx_word' id='word_1_624' title='bbox 1463 4003 1556 4072; x_wconf 90' lang='lat' dir='ltr'><strong>qui</strong></span> <span class='ocrx_word' id='word_1_625' title='bbox 1601 4002 1798 4056; x_wconf 90' lang='lat' dir='ltr'><strong>divites</strong></span> <span class='ocrx_word' id='word_1_626' title='bbox 1823 4015 2010 4055; x_wconf 88' lang='lat' dir='ltr'><strong>recens</strong></span> 
     </span>
    </p>
   </div>
   <div class='ocr_carea' id='block_1_82' title="bbox 2101 3999 3675 4076">
    <p class='ocr_par' dir='ltr' id='par_1_82' title="bbox 2111 3999 3675 4076">
     <span class='ocr_line' id='line_1_82' title="bbox 2111 3999 3675 4076; baseline 0.004 -22"><span class='ocrx_word' id='word_1_627' title='bbox 2111 3999 2268 4067; x_wconf 75' lang='grc' dir='ltr'>εἶναι,</span> <span class='ocrx_word' id='word_1_628' title='bbox 2314 4002 2388 4066; x_wconf 84' lang='grc' dir='ltr'>ὡς</span> <span class='ocrx_word' id='word_1_629' title='bbox 2439 4004 2561 4066; x_wconf 84' lang='grc' dir='ltr'>τοὺς</span> <span class='ocrx_word' id='word_1_630' title='bbox 2612 4003 2958 4066; x_wconf 85' lang='grc' dir='ltr'>νεοπλούτους</span> <span class='ocrx_word' id='word_1_631' title='bbox 2991 4004 3097 4056; x_wconf 80' lang='grc' dir='ltr'><strong>τῶν</strong></span> <span class='ocrx_word' id='word_1_632' title='bbox 3140 4005 3441 4076; x_wconf 84' lang='grc' dir='ltr'>ἀνθρώπων</span> <span class='ocrx_word' id='word_1_633' title='bbox 3485 4009 3675 4062; x_wconf 81' lang='grc' dir='ltr'>ἐπιδει-</span> 
     </span>
    </p>
   </div>
   <div class='ocr_carea' id='block_1_83' title="bbox 441 4091 2015 4170">
    <p class='ocr_par' dir='ltr' id='par_1_83' title="bbox 441 4091 2010 4159">
     <span class='ocr_line' id='line_1_83' title="bbox 441 4091 2010 4159; baseline -0.004 -10"><span class='ocrx_word' id='word_1_634' title='bbox 441 4094 572 4150; x_wconf 82' lang='lat' dir='ltr'><strong>facti</strong></span> <span class='ocrx_word' id='word_1_635' title='bbox 618 4103 898 4150; x_wconf 87' lang='lat' dir='ltr'><strong>ostentare</strong></span> <span class='ocrx_word' id='word_1_636' title='bbox 940 4110 1000 4149; x_wconf 89' lang='lat' dir='ltr'><strong>se</strong></span> <span class='ocrx_word' id='word_1_637' title='bbox 1049 4094 1193 4148; x_wconf 86' lang='lat' dir='ltr'><strong>soliti</strong></span> <span class='ocrx_word' id='word_1_638' title='bbox 1239 4092 1406 4146; x_wconf 87' lang='lat' dir='ltr'><strong>sunt?</strong></span> <span class='ocrx_word' id='word_1_639' title='bbox 1446 4091 1630 4159; x_wconf 87' lang='lat' dir='ltr'><strong>Neque</strong></span> <span class='ocrx_word' id='word_1_640' title='bbox 1658 4091 1820 4153; x_wconf 74' lang='lat' dir='ltr'><strong>enim,</strong></span> <span class='ocrx_word' id='word_1_641' title='bbox 1859 4098 1916 4143; x_wconf 88' lang='lat' dir='ltr'><strong>ut</strong></span> <span class='ocrx_word' id='word_1_642' title='bbox 1951 4103 2010 4143; x_wconf 91' lang='lat' dir='ltr'><strong>se</strong></span> 
     </span>
    </p>
   </div>
   <div class='ocr_carea' id='block_1_84' title="bbox 2097 4091 3671 4170">
    <p class='ocr_par' dir='ltr' id='par_1_84' title="bbox 2111 4093 3671 4170">
     <span class='ocr_line' id='line_1_84' title="bbox 2111 4093 3671 4170; baseline 0.003 -24"><span class='ocrx_word' id='word_1_643' title='bbox 2111 4094 2410 4159; x_wconf 87' lang='grc' dir='ltr'>κτιῶντας;</span> <span class='ocrx_word' id='word_1_644' title='bbox 2462 4095 2535 4148; x_wconf 83' lang='grc' dir='ltr'><strong>Οὐ</strong></span> <span class='ocrx_word' id='word_1_645' title='bbox 2579 4093 2688 4166; x_wconf 81' lang='grc' dir='ltr'><strong>γὰρ</strong></span> <span class='ocrx_word' id='word_1_646' title='bbox 2739 4095 3034 4165; x_wconf 82' lang='grc' dir='ltr'>ἐπιδεικτιᾷ</span> <span class='ocrx_word' id='word_1_647' title='bbox 3081 4097 3108 4148; x_wconf 86' lang='grc' dir='ltr'>ὁ</span> <span class='ocrx_word' id='word_1_648' title='bbox 3152 4096 3284 4159; x_wconf 84' lang='grc' dir='ltr'>Θεὸς</span> <span class='ocrx_word' id='word_1_649' title='bbox 3333 4099 3469 4169; x_wconf 88' lang='grc' dir='ltr'>πρὸς</span> <span class='ocrx_word' id='word_1_650' title='bbox 3510 4103 3671 4170; x_wconf 75' lang='grc' dir='ltr'>ἡμᾶς,</span> 
     </span>
    </p>
   </div>
   <div class='ocr_carea' id='block_1_85' title="bbox 439 4179 2013 4260">
    <p class='ocr_par' dir='ltr' id='par_1_85' title="bbox 439 4179 2005 4256">
     <span class='ocr_line' id='line_1_85' title="bbox 439 4179 2005 4256; baseline -0.008 -13"><span class='ocrx_word' id='word_1_651' title='bbox 439 4195 699 4256; x_wconf 86' lang='lat' dir='ltr'><strong>ostentet,</strong></span> <span class='ocrx_word' id='word_1_652' title='bbox 734 4189 876 4242; x_wconf 84' lang='lat' dir='ltr'><strong>Deus</strong></span> <span class='ocrx_word' id='word_1_653' title='bbox 914 4186 1067 4241; x_wconf 89' lang='lat' dir='ltr'><strong>suam</strong></span> <span class='ocrx_word' id='word_1_654' title='bbox 1102 4201 1130 4238; x_wconf 89' lang='lat' dir='ltr'><strong>a</strong></span> <span class='ocrx_word' id='word_1_655' title='bbox 1165 4183 1318 4238; x_wconf 87' lang='lat' dir='ltr'><strong>nobis</strong></span> <span class='ocrx_word' id='word_1_656' title='bbox 1358 4181 1731 4239; x_wconf 82' lang='lat' dir='ltr'><strong>excellentiam</strong></span> <span class='ocrx_word' id='word_1_657' title='bbox 1781 4179 2005 4248; x_wconf 79' lang='lat' dir='ltr'><strong>intelligi</strong></span> 
     </span>
    </p>
   </div>
   <div class='ocr_carea' id='block_1_86' title="bbox 2097 4179 3671 4260">
    <p class='ocr_par' dir='ltr' id='par_1_86' title="bbox 2111 4185 3671 4260">
     <span class='ocr_line' id='line_1_86' title="bbox 2111 4185 3671 4260; baseline 0.004 -24"><span class='ocrx_word' id='word_1_658' title='bbox 2111 4185 2424 4254; x_wconf 81' lang='grc' dir='ltr'>βουλόμενος</span> <span class='ocrx_word' id='word_1_659' title='bbox 2455 4185 2602 4253; x_wconf 81' lang='grc' dir='ltr'>ἡμᾶς</span> <span class='ocrx_word' id='word_1_660' title='bbox 2631 4185 2863 4238; x_wconf 84' lang='grc' dir='ltr'>συνιέναι</span> <span class='ocrx_word' id='word_1_661' title='bbox 2894 4185 2987 4236; x_wconf 68' lang='grc' dir='ltr'><strong>καὶ</strong></span> <span class='ocrx_word' id='word_1_662' title='bbox 3011 4188 3149 4238; x_wconf 85' lang='grc' dir='ltr'>νοεῖν</span> <span class='ocrx_word' id='word_1_663' title='bbox 3186 4187 3346 4240; x_wconf 84' lang='grc' dir='ltr'>αὑτοῦ</span> <span class='ocrx_word' id='word_1_664' title='bbox 3378 4188 3474 4259; x_wconf 76' lang='grc' dir='ltr'><strong>τὴν</strong></span> <span class='ocrx_word' id='word_1_665' title='bbox 3503 4191 3671 4260; x_wconf 84' lang='grc' dir='ltr'>ὑπερ-</span> 
     </span>
    </p>
   </div>
   <div class='ocr_carea' id='block_1_87' title="bbox 437 4271 2011 4348">
    <p class='ocr_par' dir='ltr' id='par_1_87' title="bbox 437 4271 2004 4347">
     <span class='ocr_line' id='line_1_87' title="bbox 437 4271 2004 4347; baseline -0.005 -17"><span class='ocrx_word' id='word_1_666' title='bbox 437 4277 554 4331; x_wconf 85' lang='lat' dir='ltr'><strong>vult</strong></span> <span class='ocrx_word' id='word_1_667' title='bbox 580 4285 636 4332; x_wconf 91' lang='lat' dir='ltr'><strong>et</strong></span> <span class='ocrx_word' id='word_1_668' title='bbox 665 4277 992 4347; x_wconf 76' lang='lat' dir='ltr'><strong>cogitatione</strong></span> <span class='ocrx_word' id='word_1_669' title='bbox 1030 4273 1453 4343; x_wconf 88' lang='lat' dir='ltr'><strong>comprehendi;</strong></span> <span class='ocrx_word' id='word_1_670' title='bbox 1492 4274 1585 4326; x_wconf 91' lang='lat' dir='ltr'><strong>sed</strong></span> <span class='ocrx_word' id='word_1_671' title='bbox 1623 4271 1753 4339; x_wconf 88' lang='lat' dir='ltr'><strong>quia</strong></span> <span class='ocrx_word' id='word_1_672' title='bbox 1801 4271 2004 4324; x_wconf 90' lang='lat' dir='ltr'><strong>nostris</strong></span> 
     </span>
    </p>
   </div>
   <div class='ocr_carea' id='block_1_88' title="bbox 2099 4271 3673 4348">
    <p class='ocr_par' dir='ltr' id='par_1_88' title="bbox 2107 4272 3673 4348">
     <span class='ocr_line' id='line_1_88' title="bbox 2107 4272 3673 4348; baseline 0.005 -24"><span class='ocrx_word' id='word_1_673' title='bbox 2107 4275 2236 4344; x_wconf 84' lang='grc' dir='ltr'>οχήν</span> <span class='ocrx_word' id='word_1_674' title='bbox 2268 4272 2376 4343; x_wconf 82' lang='grc'>(59)</span> <span class='ocrx_word' id='word_1_675' title='bbox 2397 4291 2409 4302; x_wconf 78' lang='grc'><strong><em>⁸</em></strong></span> <span class='ocrx_word' id='word_1_676' title='bbox 2445 4272 2581 4324; x_wconf 88' lang='grc' dir='ltr'><strong>ἀλλά</strong></span> <span class='ocrx_word' id='word_1_677' title='bbox 2611 4273 2706 4343; x_wconf 82' lang='grc' dir='ltr'><strong>τὴν</strong></span> <span class='ocrx_word' id='word_1_678' title='bbox 2741 4274 2850 4327; x_wconf 86' lang='grc' dir='ltr'><strong>ἀπὸ</strong></span> <span class='ocrx_word' id='word_1_679' title='bbox 2880 4272 2974 4326; x_wconf 87' lang='grc' dir='ltr'><strong>τοῦ</strong></span> <span class='ocrx_word' id='word_1_680' title='bbox 3010 4275 3404 4343; x_wconf 85' lang='grc' dir='ltr'>γιγνώσκεσθαι</span> <span class='ocrx_word' id='word_1_681' title='bbox 3427 4280 3558 4348; x_wconf 74' lang='grc' dir='ltr'>ἡμῖν</span> <span class='ocrx_word' id='word_1_682' title='bbox 3585 4281 3673 4333; x_wconf 77' lang='grc' dir='ltr'>αὑ-</span> 
     </span>
    </p>
   </div>
   <div class='ocr_carea' id='block_1_89' title="bbox 437 4363 2011 4439">
    <p class='ocr_par' dir='ltr' id='par_1_89' title="bbox 437 4363 2004 4434">
     <span class='ocr_line' id='line_1_89' title="bbox 437 4363 2004 4434; baseline -0.006 -11"><span class='ocrx_word' id='word_1_683' title='bbox 437 4371 636 4424; x_wconf 85' lang='lat' dir='ltr'><strong>animis</strong></span> <span class='ocrx_word' id='word_1_684' title='bbox 663 4369 973 4424; x_wconf 81' lang='lat' dir='ltr'><strong>felicitatem</strong></span> <span class='ocrx_word' id='word_1_685' title='bbox 1023 4368 1075 4421; x_wconf 91' lang='lat' dir='ltr'><strong>in</strong></span> <span class='ocrx_word' id='word_1_686' title='bbox 1124 4366 1206 4420; x_wconf 92' lang='lat' dir='ltr'><strong>sui</strong></span> <span class='ocrx_word' id='word_1_687' title='bbox 1251 4365 1564 4434; x_wconf 78' lang='lat' dir='ltr'><strong>cognitione</strong></span> <span class='ocrx_word' id='word_1_688' title='bbox 1613 4363 1844 4431; x_wconf 91' lang='lat' dir='ltr'><strong>positam</strong></span> <span class='ocrx_word' id='word_1_689' title='bbox 1879 4377 2004 4414; x_wconf 52' lang='lat' dir='ltr'><strong>con.</strong></span> 
     </span>
    </p>
   </div>
   <div class='ocr_carea' id='block_1_90' title="bbox 2095 4363 3669 4439">
    <p class='ocr_par' dir='ltr' id='par_1_90' title="bbox 2109 4364 3669 4439">
     <span class='ocr_line' id='line_1_90' title="bbox 2109 4364 3669 4439; baseline 0.001 -21"><span class='ocrx_word' id='word_1_690' title='bbox 2109 4366 2199 4419; x_wconf 85' lang='grc' dir='ltr'><strong>τὸν</strong></span> <span class='ocrx_word' id='word_1_691' title='bbox 2229 4365 2582 4436; x_wconf 87' lang='grc' dir='ltr'>ἐγγινομένην</span> <span class='ocrx_word' id='word_1_692' title='bbox 2612 4367 2730 4427; x_wconf 88' lang='grc' dir='ltr'>ταῖς</span> <span class='ocrx_word' id='word_1_693' title='bbox 2759 4364 2954 4434; x_wconf 78' lang='grc' dir='ltr'>ψυχαῖς</span> <span class='ocrx_word' id='word_1_694' title='bbox 2987 4365 3142 4435; x_wconf 79' lang='grc' dir='ltr'>ἡμῶν</span> <span class='ocrx_word' id='word_1_695' title='bbox 3181 4369 3553 4439; x_wconf 85' lang='grc' dir='ltr'>μακαριότητα</span> <span class='ocrx_word' id='word_1_696' title='bbox 3577 4370 3669 4439; x_wconf 87' lang='grc' dir='ltr'>ἐμ-</span> 
     </span>
    </p>
   </div>
   <div class='ocr_carea' id='block_1_91' title="bbox 435 4451 2009 4529">
    <p class='ocr_par' dir='ltr' id='par_1_91' title="bbox 435 4451 2002 4529">
     <span class='ocr_line' id='line_1_91' title="bbox 435 4451 2002 4529; baseline -0.005 -17"><span class='ocrx_word' id='word_1_697' title='bbox 435 4461 580 4515; x_wconf 82' lang='lat' dir='ltr'><strong>ferre</strong></span> <span class='ocrx_word' id='word_1_698' title='bbox 611 4468 780 4529; x_wconf 87' lang='lat' dir='ltr'><strong>optat,</strong></span> <span class='ocrx_word' id='word_1_699' title='bbox 804 4460 873 4514; x_wconf 92' lang='lat' dir='ltr'><strong>ob</strong></span> <span class='ocrx_word' id='word_1_700' title='bbox 897 4458 1039 4512; x_wconf 89' lang='lat' dir='ltr'><strong>hanc</strong></span> <span class='ocrx_word' id='word_1_701' title='bbox 1085 4471 1200 4511; x_wconf 90' lang='lat' dir='ltr'><strong>rem</strong></span> <span class='ocrx_word' id='word_1_702' title='bbox 1243 4456 1452 4510; x_wconf 87' lang='lat' dir='ltr'><strong>curavit</strong></span> <span class='ocrx_word' id='word_1_703' title='bbox 1498 4465 1556 4509; x_wconf 90' lang='lat' dir='ltr'><strong>ut</strong></span> <span class='ocrx_word' id='word_1_704' title='bbox 1593 4455 1838 4509; x_wconf 86' lang='lat' dir='ltr'><strong>Christus</strong></span> <span class='ocrx_word' id='word_1_705' title='bbox 1869 4451 2002 4507; x_wconf 81' lang='lat' dir='ltr'><strong>Ver-</strong></span> 
     </span>
    </p>
   </div>
   <div class='ocr_carea' id='block_1_92' title="bbox 2091 4451 3665 4529">
    <p class='ocr_par' dir='ltr' id='par_1_92' title="bbox 2109 4453 3665 4528">
     <span class='ocr_line' id='line_1_92' title="bbox 2109 4453 3665 4528; baseline 0.003 -21"><span class='ocrx_word' id='word_1_706' title='bbox 2109 4455 2334 4525; x_wconf 81' lang='grc' dir='ltr'>φύεσθαι</span> <span class='ocrx_word' id='word_1_707' title='bbox 2355 4457 2484 4525; x_wconf 80' lang='grc' dir='ltr'>ἡμῖν</span> <span class='ocrx_word' id='word_1_708' title='bbox 2509 4454 2696 4516; x_wconf 84' lang='grc' dir='ltr'>θέλων,</span> <span class='ocrx_word' id='word_1_709' title='bbox 2728 4453 3169 4524; x_wconf 88' lang='grc' dir='ltr'>πραγματεύεται</span> <span class='ocrx_word' id='word_1_710' title='bbox 3192 4455 3279 4508; x_wconf 82' lang='grc' dir='ltr'><strong>διὰ</strong></span> <span class='ocrx_word' id='word_1_711' title='bbox 3301 4456 3394 4509; x_wconf 89' lang='grc' dir='ltr'><strong>τοῦ</strong></span> <span class='ocrx_word' id='word_1_712' title='bbox 3418 4458 3665 4528; x_wconf 80' lang='grc' dir='ltr'>Χριστοῦ,</span> 
     </span>
    </p>
   </div>
   <div class='ocr_carea' id='block_1_93' title="bbox 433 4543 2007 4620">
    <p class='ocr_par' dir='ltr' id='par_1_93' title="bbox 433 4545 2000 4620">
     <span class='ocr_line' id='line_1_93' title="bbox 433 4545 2000 4620; baseline -0.004 -15"><span class='ocrx_word' id='word_1_713' title='bbox 433 4552 672 4620; x_wconf 85' lang='lat' dir='ltr'><strong>bumquc</strong></span> <span class='ocrx_word' id='word_1_714' title='bbox 705 4557 961 4620; x_wconf 88' lang='lat' dir='ltr'><strong>perpetuo</strong></span> <span class='ocrx_word' id='word_1_715' title='bbox 1010 4549 1148 4617; x_wconf 86' lang='lat' dir='ltr'><strong>apud</strong></span> <span class='ocrx_word' id='word_1_716' title='bbox 1179 4562 1276 4601; x_wconf 88' lang='lat' dir='ltr'><strong>nos</strong></span> <span class='ocrx_word' id='word_1_717' title='bbox 1305 4555 1633 4612; x_wconf 82' lang='lat' dir='ltr'><strong>versaretur,</strong></span> <span class='ocrx_word' id='word_1_718' title='bbox 1679 4559 1886 4613; x_wconf 80' lang='lat' dir='ltr'><strong>nosque</strong></span> <span class='ocrx_word' id='word_1_719' title='bbox 1933 4545 2000 4598; x_wconf 90' lang='lat' dir='ltr'><strong>ad</strong></span> 
     </span>
    </p>
   </div>
   <div class='ocr_carea' id='block_1_94' title="bbox 2092 4543 3666 4620">
    <p class='ocr_par' dir='ltr' id='par_1_94' title="bbox 2107 4543 3666 4616">
     <span class='ocr_line' id='line_1_94' title="bbox 2107 4543 3666 4616; baseline 0.001 -17"><span class='ocrx_word' id='word_1_720' title='bbox 2107 4547 2199 4599; x_wconf 76' lang='grc' dir='ltr'><strong>καὶ</strong></span> <span class='ocrx_word' id='word_1_721' title='bbox 2248 4546 2344 4615; x_wconf 79' lang='grc' dir='ltr'>τῆς</span> <span class='ocrx_word' id='word_1_722' title='bbox 2389 4545 2476 4596; x_wconf 74' lang='grc' dir='ltr'><strong>ἀεὶ</strong></span> <span class='ocrx_word' id='word_1_723' title='bbox 2525 4543 2813 4612; x_wconf 88' lang='grc' dir='ltr'>ἐπιδημίας</span> <span class='ocrx_word' id='word_1_724' title='bbox 2870 4544 2963 4596; x_wconf 88' lang='grc' dir='ltr'><strong>τοῦ</strong></span> <span class='ocrx_word' id='word_1_725' title='bbox 3022 4545 3217 4613; x_wconf 86' lang='grc' dir='ltr'>Λόγου,</span> <span class='ocrx_word' id='word_1_726' title='bbox 3275 4546 3666 4616; x_wconf 76' lang='grc' dir='ltr'>ἀναλαμϐάνειν</span> 
     </span>
    </p>
   </div>
   <div class='ocr_carea' id='block_1_95' title="bbox 435 4633 2009 4709">
    <p class='ocr_par' dir='ltr' id='par_1_95' title="bbox 435 4635 1996 4709">
     <span class='ocr_line' id='line_1_95' title="bbox 435 4635 1996 4709; baseline -0.006 -14"><span class='ocrx_word' id='word_1_727' title='bbox 435 4643 552 4709; x_wconf 90' lang='lat' dir='ltr'><strong>ejus</strong></span> <span class='ocrx_word' id='word_1_728' title='bbox 581 4642 1004 4695; x_wconf 81' lang='lat' dir='ltr'><strong>familiaritatem</strong></span> <span class='ocrx_word' id='word_1_729' title='bbox 1049 4641 1323 4693; x_wconf 88' lang='lat' dir='ltr'><strong>invitaret.</strong></span> <span class='ocrx_word' id='word_1_730' title='bbox 1355 4635 1567 4690; x_wconf 86' lang='lat' dir='ltr'><strong>Nullam</strong></span> <span class='ocrx_word' id='word_1_731' title='bbox 1603 4637 1767 4704; x_wconf 88' lang='lat' dir='ltr'><strong>igitur</strong></span> <span class='ocrx_word' id='word_1_732' title='bbox 1793 4645 1996 4688; x_wconf 84' lang='lat' dir='ltr'><strong>morta-</strong></span> 
     </span>
    </p>
   </div>
   <div class='ocr_carea' id='block_1_96' title="bbox 2090 4633 3664 4709">
    <p class='ocr_par' dir='ltr' id='par_1_96' title="bbox 2106 4633 3664 4708">
     <span class='ocr_line' id='line_1_96' title="bbox 2106 4633 3664 4708; baseline 0.001 -19"><span class='ocrx_word' id='word_1_733' title='bbox 2106 4639 2251 4706; x_wconf 78' lang='grc' dir='ltr'>ἡμᾶς</span> <span class='ocrx_word' id='word_1_734' title='bbox 2287 4637 2384 4705; x_wconf 79' lang='grc' dir='ltr'>τὴν</span> <span class='ocrx_word' id='word_1_735' title='bbox 2416 4635 2550 4705; x_wconf 76' lang='grc' dir='ltr'>πρὸς</span> <span class='ocrx_word' id='word_1_736' title='bbox 2590 4636 2751 4688; x_wconf 79' lang='grc' dir='ltr'>αὐτὸν</span> <span class='ocrx_word' id='word_1_737' title='bbox 2782 4635 3071 4690; x_wconf 77' lang='grc' dir='ltr'>οἰκείωσιν.</span> <span class='ocrx_word' id='word_1_738' title='bbox 3107 4637 3372 4707; x_wconf 77' lang='grc' dir='ltr'>Οὐδεμίαν</span> <span class='ocrx_word' id='word_1_739' title='bbox 3404 4633 3500 4690; x_wconf 79' lang='grc' dir='ltr'><strong>οὖν</strong></span> <span class='ocrx_word' id='word_1_740' title='bbox 3541 4637 3664 4708; x_wconf 84' lang='grc' dir='ltr'>θνη-</span> 
     </span>
    </p>
   </div>
   <div class='ocr_carea' id='block_1_97' title="bbox 434 4723 2008 4800">
    <p class='ocr_par' dir='ltr' id='par_1_97' title="bbox 434 4723 1994 4799">
     <span class='ocr_line' id='line_1_97' title="bbox 434 4723 1994 4799; baseline -0.006 -15"><span class='ocrx_word' id='word_1_741' title='bbox 434 4731 504 4786; x_wconf 90' lang='lat' dir='ltr'><strong>lis</strong></span> <span class='ocrx_word' id='word_1_742' title='bbox 547 4731 729 4799; x_wconf 63' lang='lat' dir='ltr'><strong>gloriae</strong></span> <span class='ocrx_word' id='word_1_743' title='bbox 768 4725 1118 4786; x_wconf 88' lang='lat' dir='ltr'><strong>ambitionem</strong></span> <span class='ocrx_word' id='word_1_744' title='bbox 1165 4727 1276 4782; x_wconf 92' lang='lat' dir='ltr'><strong>Deo</strong></span> <span class='ocrx_word' id='word_1_745' title='bbox 1327 4726 1515 4780; x_wconf 88' lang='lat' dir='ltr'><strong>tribuit</strong></span> <span class='ocrx_word' id='word_1_746' title='bbox 1560 4723 1994 4779; x_wconf 87' lang='lat' dir='ltr'><strong>Christianorum</strong></span> 
     </span>
    </p>
   </div>
   <div class='ocr_carea' id='block_1_98' title="bbox 2089 4723 3663 4800">
    <p class='ocr_par' dir='ltr' id='par_1_98' title="bbox 2100 4725 3663 4800">
     <span class='ocr_line' id='line_1_98' title="bbox 2100 4725 3663 4800; baseline 0.002 -22"><span class='ocrx_word' id='word_1_747' title='bbox 2100 4728 2196 4798; x_wconf 79' lang='grc' dir='ltr'>τὴν</span> <span class='ocrx_word' id='word_1_748' title='bbox 2241 4726 2544 4796; x_wconf 85' lang='grc' dir='ltr'>φιλοτιμίαν</span> <span class='ocrx_word' id='word_1_749' title='bbox 2591 4729 2618 4778; x_wconf 85' lang='grc' dir='ltr'>ὁ</span> <span class='ocrx_word' id='word_1_750' title='bbox 2667 4725 3002 4796; x_wconf 82' lang='grc' dir='ltr'>Χριστιανῶν</span> <span class='ocrx_word' id='word_1_751' title='bbox 3056 4726 3210 4795; x_wconf 84' lang='grc' dir='ltr'>λόγος</span> <span class='ocrx_word' id='word_1_752' title='bbox 3259 4744 3663 4800; x_wconf 67' lang='grc' dir='ltr'>καταμαρτυρεε</span> 
     </span>
    </p>
   </div>
   <div class='ocr_carea' id='block_1_99' title="bbox 434 4814 2008 4876">
    <p class='ocr_par' dir='ltr' id='par_1_99' title="bbox 434 4823 590 4876">
     <span class='ocr_line' id='line_1_99' title="bbox 434 4823 590 4876; baseline -0.013 0"><span class='ocrx_word' id='word_1_753' title='bbox 434 4823 590 4876; x_wconf 82' lang='lat' dir='ltr'><strong>ﬁdes.</strong></span> 
     </span>
    </p>
   </div>
   <div class='ocr_carea' id='block_1_100' title="bbox 804 4814 2378 4876">
    <p class='ocr_par' dir='ltr' id='par_1_100' title="bbox 2101 4814 2378 4868">
     <span class='ocr_line' id='line_1_100' title="bbox 2101 4814 2378 4868; baseline -0.004 -1"><span class='ocrx_word' id='word_1_754' title='bbox 2101 4815 2191 4867; x_wconf 87' lang='grc' dir='ltr'><strong>τοῦ</strong></span> <span class='ocrx_word' id='word_1_755' title='bbox 2225 4814 2378 4868; x_wconf 87' lang='grc' dir='ltr'>Θεοῦ.</span> 
     </span>
    </p>
   </div>
   <div class='ocr_carea' id='block_1_101' title="bbox 503 4901 2077 4982">
    <p class='ocr_par' dir='ltr' id='par_1_101' title="bbox 503 4905 1995 4982">
     <span class='ocr_line' id='line_1_101' title="bbox 503 4905 1995 4982; baseline -0.008 -15"><span class='ocrx_word' id='word_1_756' title='bbox 503 4913 560 4967; x_wconf 89' lang='grc'><strong>7.</strong></span> <span class='ocrx_word' id='word_1_757' title='bbox 603 4911 893 4982; x_wconf 87' lang='lat' dir='ltr'><strong>Postquam</strong></span> <span class='ocrx_word' id='word_1_758' title='bbox 924 4911 1036 4966; x_wconf 79' lang='lat' dir='ltr'><strong>htcc</strong></span> <span class='ocrx_word' id='word_1_759' title='bbox 1063 4924 1183 4980; x_wconf 72' lang='lat' dir='ltr'><strong>qua:</strong></span> <span class='ocrx_word' id='word_1_760' title='bbox 1207 4908 1507 4963; x_wconf 89' lang='lat' dir='ltr'><strong>refellimus</strong></span> <span class='ocrx_word' id='word_1_761' title='bbox 1537 4905 1734 4959; x_wconf 88' lang='lat' dir='ltr'><strong>frustra</strong></span> <span class='ocrx_word' id='word_1_762' title='bbox 1766 4914 1995 4973; x_wconf 83' lang='lat' dir='ltr'><strong>nugatus</strong></span> 
     </span>
    </p>
   </div>
   <div class='ocr_carea' id='block_1_102' title="bbox 2087 4901 3661 4982">
    <p class='ocr_par' dir='ltr' id='par_1_102' title="bbox 2169 4901 3661 4978">
     <span class='ocr_line' id='line_1_102' title="bbox 2169 4901 3661 4978; baseline 0.003 -21"><span class='ocrx_word' id='word_1_763' title='bbox 2169 4905 2280 4957; x_wconf 78' lang='grc' dir='ltr'>Οὐκ</span> <span class='ocrx_word' id='word_1_764' title='bbox 2317 4901 2432 4956; x_wconf 76' lang='grc' dir='ltr'>οἶδα</span> <span class='ocrx_word' id='word_1_765' title='bbox 2458 4904 2501 4956; x_wconf 80' lang='grc' dir='ltr'>δ’</span> <span class='ocrx_word' id='word_1_766' title='bbox 2529 4904 2676 4966; x_wconf 85' lang='grc' dir='ltr'>ὅπως</span> <span class='ocrx_word' id='word_1_767' title='bbox 2706 4903 3020 4978; x_wconf 70' lang='grc' dir='ltr'>φλυαρήσας</span> <span class='ocrx_word' id='word_1_768' title='bbox 3057 4905 3230 4975; x_wconf 85' lang='grc' dir='ltr'>μάτην</span> <span class='ocrx_word' id='word_1_769' title='bbox 3263 4907 3345 4975; x_wconf 83' lang='grc' dir='ltr'><strong>ἐφ’</strong></span> <span class='ocrx_word' id='word_1_770' title='bbox 3377 4903 3458 4970; x_wconf 70' lang='grc' dir='ltr'>οἷς</span> <span class='ocrx_word' id='word_1_771' title='bbox 3485 4907 3661 4974; x_wconf 79' lang='grc' dir='ltr'>ἐξεθέ-</span> 
     </span>
    </p>
   </div>
   <div class='ocr_carea' id='block_1_103' title="bbox 431 4995 2005 5073">
    <p class='ocr_par' dir='ltr' id='par_1_103' title="bbox 431 4997 1990 5073">
     <span class='ocr_line' id='line_1_103' title="bbox 431 4997 1990 5073; baseline -0.008 -13"><span class='ocrx_word' id='word_1_772' title='bbox 431 5013 534 5071; x_wconf 87' lang='lat' dir='ltr'><strong>est,</strong></span> <span class='ocrx_word' id='word_1_773' title='bbox 562 5013 748 5073; x_wconf 88' lang='lat' dir='ltr'><strong>postea</strong></span> <span class='ocrx_word' id='word_1_774' title='bbox 777 5004 961 5058; x_wconf 83' lang='lat' dir='ltr'><strong>nescio</strong></span> <span class='ocrx_word' id='word_1_775' title='bbox 997 5003 1264 5072; x_wconf 81' lang='lat' dir='ltr'><strong>quomodo</strong></span> <span class='ocrx_word' id='word_1_776' title='bbox 1295 5001 1587 5063; x_wconf 85' lang='lat' dir='ltr'><strong>concludit,</strong></span> <span class='ocrx_word' id='word_1_777' title='bbox 1609 5017 1642 5066; x_wconf 35' lang='grc' dir='ltr'><strong>,ι</strong></span> <span class='ocrx_word' id='word_1_778' title='bbox 1687 4997 1853 5050; x_wconf 85' lang='lat' dir='ltr'><strong>Deum</strong></span> <span class='ocrx_word' id='word_1_779' title='bbox 1885 5010 1990 5048; x_wconf 92' lang='lat' dir='ltr'><strong>non</strong></span> 
     </span>
    </p>
   </div>
   <div class='ocr_carea' id='block_1_104' title="bbox 2085 4995 3659 5073">
    <p class='ocr_par' dir='ltr' id='par_1_104' title="bbox 2101 4995 3659 5067">
     <span class='ocr_line' id='line_1_104' title="bbox 2101 4995 3659 5067; baseline 0.003 -19"><span class='ocrx_word' id='word_1_780' title='bbox 2101 4997 2259 5067; x_wconf 88' lang='grc' dir='ltr'>μεθα,</span> <span class='ocrx_word' id='word_1_781' title='bbox 2303 4995 2525 5067; x_wconf 75' lang='grc' dir='ltr'>ὕστερόν</span> <span class='ocrx_word' id='word_1_782' title='bbox 2575 5014 2705 5049; x_wconf 88' lang='grc' dir='ltr'>ποτε</span> <span class='ocrx_word' id='word_1_783' title='bbox 2741 4995 3033 5059; x_wconf 86' lang='grc' dir='ltr'>ἐκτίθεται,</span> <span class='ocrx_word' id='word_1_784' title='bbox 3077 4997 3156 5048; x_wconf 83' lang='grc' dir='ltr'>ὅτι</span> <span class='ocrx_word' id='word_1_785' title='bbox 3205 5015 3222 5048; x_wconf 81' lang='grc' dir='ltr'><strong>ι</strong></span> <span class='ocrx_word' id='word_1_786' title='bbox 3281 4998 3341 5049; x_wconf 83' lang='grc' dir='ltr'><strong>οὐ</strong></span> <span class='ocrx_word' id='word_1_787' title='bbox 3387 4999 3454 5050; x_wconf 87' lang='grc' dir='ltr'>δι’</span> <span class='ocrx_word' id='word_1_788' title='bbox 3503 5001 3659 5053; x_wconf 72' lang='grc' dir='ltr'>αὑτὸν</span> 
     </span>
    </p>
   </div>
   <div class='ocr_carea' id='block_1_105' title="bbox 428 5086 2002 5169">
    <p class='ocr_par' dir='ltr' id='par_1_105' title="bbox 428 5091 1982 5169">
     <span class='ocr_line' id='line_1_105' title="bbox 428 5091 1982 5169; baseline -0.006 -19"><span class='ocrx_word' id='word_1_789' title='bbox 428 5105 650 5169; x_wconf 90' lang='lat' dir='ltr'><strong>propter</strong></span> <span class='ocrx_word' id='word_1_790' title='bbox 671 5110 730 5150; x_wconf 88' lang='lat' dir='ltr'><strong>se</strong></span> <span class='ocrx_word' id='word_1_791' title='bbox 775 5095 1014 5164; x_wconf 85' lang='lat' dir='ltr'><strong>indigere</strong></span> <span class='ocrx_word' id='word_1_792' title='bbox 1041 5104 1097 5146; x_wconf 91' lang='lat' dir='ltr'><strong>ut</strong></span> <span class='ocrx_word' id='word_1_793' title='bbox 1135 5100 1514 5162; x_wconf 86' lang='lat' dir='ltr'><strong>cognoscatur,</strong></span> <span class='ocrx_word' id='word_1_794' title='bbox 1542 5091 1632 5144; x_wconf 87' lang='lat' dir='ltr'><strong>sed</strong></span> <span class='ocrx_word' id='word_1_795' title='bbox 1663 5097 1860 5143; x_wconf 71' lang='lat' dir='ltr'><strong>nostra:</strong></span> <span class='ocrx_word' id='word_1_796' title='bbox 1892 5103 1982 5142; x_wconf 50' lang='lat' dir='ltr'><strong>sa.</strong></span> 
     </span>
    </p>
   </div>
   <div class='ocr_carea' id='block_1_106' title="bbox 2075 5086 3649 5169">
    <p class='ocr_par' dir='ltr' id='par_1_106' title="bbox 2091 5086 3649 5160">
     <span class='ocr_line' id='line_1_106' title="bbox 2091 5086 3649 5160; baseline 0.001 -20"><span class='ocrx_word' id='word_1_797' title='bbox 2091 5087 2338 5158; x_wconf 87' lang='grc' dir='ltr'>δεόμενος</span> <span class='ocrx_word' id='word_1_798' title='bbox 2368 5086 2692 5157; x_wconf 77' lang='grc' dir='ltr'>γνωσθῆναι,</span> <span class='ocrx_word' id='word_1_799' title='bbox 2736 5087 2871 5140; x_wconf 88' lang='grc' dir='ltr'><strong>ἀλλά</strong></span> <span class='ocrx_word' id='word_1_800' title='bbox 2912 5087 2999 5139; x_wconf 82' lang='grc' dir='ltr'>διὰ</span> <span class='ocrx_word' id='word_1_801' title='bbox 3037 5087 3132 5159; x_wconf 79' lang='grc' dir='ltr'>τὴν</span> <span class='ocrx_word' id='word_1_802' title='bbox 3173 5089 3444 5160; x_wconf 77' lang='grc' dir='ltr'>ἡμετέραν</span> <span class='ocrx_word' id='word_1_803' title='bbox 3486 5106 3649 5158; x_wconf 87' lang='grc' dir='ltr'>σωτη-</span> 
     </span>
    </p>
   </div>
   <div class='ocr_carea' id='block_1_107' title="bbox 495 5241 2069 5324">
    <p class='ocr_par' dir='ltr' id='par_1_107' title="bbox 495 5245 1980 5324">
     <span class='ocr_line' id='line_1_107' title="bbox 495 5245 1980 5324; baseline -0.008 -16"><span class='ocrx_word' id='word_1_804' title='bbox 495 5252 610 5324; x_wconf 74' lang='grc'><strong>(54)</strong></span> <span class='ocrx_word' id='word_1_805' title='bbox 643 5249 1043 5324; x_wconf 16' lang='grc' dir='ltr'>,δρθιιεθι-ιιεῃίιι</span> <span class='ocrx_word' id='word_1_806' title='bbox 1080 5258 1254 5324; x_wconf 66' lang='lat' dir='ltr'><strong>textu,</strong></span> <span class='ocrx_word' id='word_1_807' title='bbox 1278 5246 1372 5324; x_wconf 74' lang='grc' dir='ltr'>ἐὰν</span> <span class='ocrx_word' id='word_1_808' title='bbox 1400 5246 1506 5324; x_wconf 74' lang='grc' dir='ltr'>γὰρ</span> <span class='ocrx_word' id='word_1_809' title='bbox 1552 5247 1644 5300; x_wconf 71' lang='grc' dir='ltr'><strong>καὶ</strong></span> <span class='ocrx_word' id='word_1_810' title='bbox 1687 5245 1980 5298; x_wconf 77' lang='grc' dir='ltr'>ἐκλείπειν.</span> 
     </span>
    </p>
   </div>
   <div class='ocr_carea' id='block_1_108' title="bbox 2076 5241 3650 5324">
    <p class='ocr_par' dir='ltr' id='par_1_108' title="bbox 2093 5241 3650 5324">
     <span class='ocr_line' id='line_1_108' title="bbox 2093 5241 3650 5324; baseline 0.001 -28"><span class='ocrx_word' id='word_1_811' title='bbox 2093 5312 2108 5324; x_wconf 47' lang='lat'><strong><em>‘</em></strong></span> <span class='ocrx_word' id='word_1_812' title='bbox 2134 5313 2144 5324; x_wconf 43' lang='lat'><strong><em>.</em></strong></span> <span class='ocrx_word' id='word_1_813' title='bbox 2167 5241 2633 5324; x_wconf 39' lang='lat' dir='ltr'><strong>(57‘,_Bober.ell.us</strong></span> <span class='ocrx_word' id='word_1_814' title='bbox 2661 5252 2782 5322; x_wconf 76' lang='lat' dir='ltr'><strong>post</strong></span> <span class='ocrx_word' id='word_1_815' title='bbox 2812 5244 3030 5296; x_wconf 89' lang='lat' dir='ltr'><strong>verbum</strong></span> <span class='ocrx_word' id='word_1_816' title='bbox 3055 5244 3505 5309; x_wconf 80' lang='grc' dir='ltr'>ἐπιδεικτιῶντες,</span> <span class='ocrx_word' id='word_1_817' title='bbox 3533 5247 3650 5324; x_wconf 73' lang='lat' dir='ltr'><strong>scri-</strong></span> 
     </span>
    </p>
   </div>
   <div class='ocr_carea' id='block_1_109' title="bbox 424 5311 1998 5388">
    <p class='ocr_par' dir='ltr' id='par_1_109' title="bbox 424 5311 1890 5388">
     <span class='ocr_line' id='line_1_109' title="bbox 424 5311 1890 5388; baseline -0.005 -13"><span class='ocrx_word' id='word_1_818' title='bbox 424 5311 743 5377; x_wconf 68' lang='lat' dir='ltr'><strong>llolttzrelltis</strong></span> <span class='ocrx_word' id='word_1_819' title='bbox 776 5320 924 5385; x_wconf 76' lang='lat' dir='ltr'><strong>legit,</strong></span> <span class='ocrx_word' id='word_1_820' title='bbox 955 5319 1049 5370; x_wconf 75' lang='grc' dir='ltr'><strong>ἕνα</strong></span> <span class='ocrx_word' id='word_1_821' title='bbox 1072 5318 1177 5388; x_wconf 82' lang='grc' dir='ltr'>γὰρ</span> <span class='ocrx_word' id='word_1_822' title='bbox 1210 5319 1258 5369; x_wconf 78' lang='grc' dir='ltr'>εἰ</span> <span class='ocrx_word' id='word_1_823' title='bbox 1291 5311 1581 5388; x_wconf 70' lang='grc' dir='ltr'>ἐκλείπειν.</span> <span class='ocrx_word' id='word_1_824' title='bbox 1829 5386 1836 5388; x_wconf 72' lang='lat'><strong><em>_</em></strong></span> <span class='ocrx_word' id='word_1_825' title='bbox 1862 5385 1890 5388; x_wconf 91' lang='lat'><strong>__</strong></span> 
     </span>
    </p>
   </div>
   <div class='ocr_carea' id='block_1_110' title="bbox 2074 5311 3648 5388">
    <p class='ocr_par' dir='ltr' id='par_1_110' title="bbox 2092 5311 3648 5388">
     <span class='ocr_line' id='line_1_110' title="bbox 2092 5311 3648 5388; baseline 0.003 -26"><span class='ocrx_word' id='word_1_826' title='bbox 2092 5311 2421 5388; x_wconf 66' lang='lat' dir='ltr'><strong>majoris</strong></span> <span class='ocrx_word' id='word_1_827' title='bbox 2451 5311 2815 5388; x_wconf 69' lang='lat' dir='ltr'><strong>distinctionis</strong></span> <span class='ocrx_word' id='word_1_828' title='bbox 2847 5321 3026 5388; x_wconf 74' lang='lat' dir='ltr'><strong>notam</strong></span> <span class='ocrx_word' id='word_1_829' title='bbox 3057 5325 3109 5367; x_wconf 89' lang='lat' dir='ltr'><strong>et</strong></span> <span class='ocrx_word' id='word_1_830' title='bbox 3146 5326 3269 5382; x_wconf 87' lang='lat' dir='ltr'><strong>post</strong></span> <span class='ocrx_word' id='word_1_831' title='bbox 3302 5331 3486 5369; x_wconf 82' lang='lat' dir='ltr'><strong>vocent</strong></span> <span class='ocrx_word' id='word_1_832' title='bbox 3525 5315 3648 5368; x_wconf 80' lang='grc' dir='ltr'>πολ-</span> 
     </span>
    </p>
   </div>
   <div class='ocr_carea' id='block_1_111' title="bbox 493 5379 2067 5461">
    <p class='ocr_par' dir='ltr' id='par_1_111' title="bbox 493 5379 1980 5461">
     <span class='ocr_line' id='line_1_111' title="bbox 493 5379 1980 5461; baseline -0.009 -15"><span class='ocrx_word' id='word_1_833' title='bbox 493 5391 605 5461; x_wconf 80' lang='lat'><strong>(55)</strong></span> <span class='ocrx_word' id='word_1_834' title='bbox 645 5379 1539 5461; x_wconf 27' lang='lat' dir='ltr'><strong>Codex-Regius,&#39;dtrropavoupslia,</strong></span> <span class='ocrx_word' id='word_1_835' title='bbox 1595 5395 1762 5441; x_wconf 81' lang='lat' dir='ltr'><strong>recte.</strong></span> <span class='ocrx_word' id='word_1_836' title='bbox 1814 5385 1980 5445; x_wconf 78' lang='lat' dir='ltr'><strong>Alias,</strong></span> 
     </span>
    </p>
   </div>
   <div class='ocr_carea' id='block_1_112' title="bbox 1467 5379 3041 5461">
    <p class='ocr_par' dir='ltr' id='par_1_112' title="bbox 1467 5379 3041 5461">
     <span class='ocr_line' id='line_1_112' title="bbox 1467 5379 3041 5461; baseline -0.003 -23"><span class='ocrx_word' id='word_1_837' title='bbox 1467 5386 1539 5451; x_wconf 79' lang='lat' dir='ltr'><strong>lat,</strong></span> <span class='ocrx_word' id='word_1_838' title='bbox 1595 5395 1762 5441; x_wconf 81' lang='lat' dir='ltr'><strong>recte.</strong></span> <span class='ocrx_word' id='word_1_839' title='bbox 1814 5385 1980 5445; x_wconf 78' lang='lat' dir='ltr'><strong>Alias,</strong></span> <span class='ocrx_word' id='word_1_840' title='bbox 2092 5382 2362 5461; x_wconf 50' lang='grc' dir='ltr'>λήν-ἓιιιιίι</span> <span class='ocrx_word' id='word_1_841' title='bbox 2391 5379 2659 5461; x_wconf 37' lang='grc' dir='ltr'>γοῦνεὶνρι</span> <span class='ocrx_word' id='word_1_842' title='bbox 2689 5381 2816 5449; x_wconf 91' lang='lat' dir='ltr'><strong>quid</strong></span> <span class='ocrx_word' id='word_1_843' title='bbox 2850 5380 3041 5461; x_wconf 69' lang='lat' dir='ltr'><strong>simile.</strong></span> 
     </span>
    </p>
   </div>
   <div class='ocr_carea' id='block_1_113' title="bbox 421 5447 1995 5530">
    <p class='ocr_par' dir='ltr' id='par_1_113' title="bbox 421 5447 1926 5530">
     <span class='ocr_line' id='line_1_113' title="bbox 421 5447 1926 5530; baseline 0.004 -16"><span class='ocrx_word' id='word_1_844' title='bbox 421 5447 850 5530; x_wconf 73' lang='grc' dir='ltr'>ἀποφάινόμεθα.</span> <span class='ocrx_word' id='word_1_845' title='bbox 880 5525 892 5530; x_wconf 88' lang='lat'><strong><em>_</em></strong></span> <span class='ocrx_word' id='word_1_846' title='bbox 1056 5447 1066 5452; x_wconf 50' lang='grc'>⁷</span> <span class='ocrx_word' id='word_1_847' title='bbox 1223 5447 1233 5456; x_wconf 71' lang='grc'><em>’</em></span> <span class='ocrx_word' id='word_1_848' title='bbox 1345 5526 1356 5530; x_wconf 86' lang='lat'>_</span> <span class='ocrx_word' id='word_1_849' title='bbox 1384 5447 1396 5457; x_wconf 65' lang='grc'><em>’</em></span> <span class='ocrx_word' id='word_1_850' title='bbox 1527 5447 1534 5451; x_wconf 35' lang='grc'>⁷</span> <span class='ocrx_word' id='word_1_851' title='bbox 1722 5523 1746 5530; x_wconf 89' lang='lat'><em>_</em></span> <span class='ocrx_word' id='word_1_852' title='bbox 1867 5522 1926 5530; x_wconf 83' lang='lat'><strong>__</strong></span> 
     </span>
    </p>
   </div>
   <div class='ocr_carea' id='block_1_114' title="bbox 2074 5447 3648 5530">
    <p class='ocr_par' dir='ltr' id='par_1_114' title="bbox 2144 5447 3648 5521">
     <span class='ocr_line' id='line_1_114' title="bbox 2144 5447 3648 5521; baseline -0.001 -17"><span class='ocrx_word' id='word_1_853' title='bbox 2144 5447 2269 5521; x_wconf 74' lang='grc'><strong>’(58)</strong></span> <span class='ocrx_word' id='word_1_854' title='bbox 2309 5451 2476 5504; x_wconf 78' lang='lat' dir='ltr'><strong>Codd.</strong></span> <span class='ocrx_word' id='word_1_855' title='bbox 2524 5447 2726 5518; x_wconf 78' lang='lat' dir='ltr'><strong>Regius</strong></span> <span class='ocrx_word' id='word_1_856' title='bbox 2784 5459 2839 5503; x_wconf 87' lang='lat' dir='ltr'><strong>et</strong></span> <span class='ocrx_word' id='word_1_857' title='bbox 2876 5449 3220 5514; x_wconf 74' lang='lat' dir='ltr'><strong>Basileensis,</strong></span> <span class='ocrx_word' id='word_1_858' title='bbox 3266 5451 3327 5502; x_wconf 77' lang='grc' dir='ltr'><strong>οὐ</strong></span> <span class='ocrx_word' id='word_1_859' title='bbox 3372 5451 3648 5504; x_wconf 83' lang='grc' dir='ltr'>πιστεύον-</span> 
     </span>
    </p>
   </div>
   <div class='ocr_carea' id='block_1_115' title="bbox 493 5522 2067 5599">
    <p class='ocr_par' dir='ltr' id='par_1_115' title="bbox 493 5522 1978 5599">
     <span class='ocr_line' id='line_1_115' title="bbox 493 5522 1978 5599; baseline -0.009 -15"><span class='ocrx_word' id='word_1_860' title='bbox 493 5522 602 5599; x_wconf 66' lang='grc' dir='ltr'><strong>(ῦϐ)</strong></span> <span class='ocrx_word' id='word_1_861' title='bbox 643 5522 753 5582; x_wconf 70' lang='lat' dir='ltr'><strong>(Iud</strong></span> <span class='ocrx_word' id='word_1_862' title='bbox 779 5543 823 5578; x_wconf 75' lang='grc' dir='ltr'><strong>-ιί</strong></span> <span class='ocrx_word' id='word_1_863' title='bbox 855 5525 1108 5599; x_wconf 76' lang='lat' dir='ltr'><strong>_Joli_anu_s</strong></span> <span class='ocrx_word' id='word_1_864' title='bbox 1157 5526 1414 5599; x_wconf 72' lang='lat' dir='ltr'><strong>secunth</strong></span> <span class='ocrx_word' id='word_1_865' title='bbox 1442 5541 1638 5599; x_wconf 63' lang='lat' dir='ltr'><strong>manu,</strong></span> <span class='ocrx_word' id='word_1_866' title='bbox 1679 5523 1787 5599; x_wconf 78' lang='grc' dir='ltr'><strong>τῷν</strong></span> <span class='ocrx_word' id='word_1_867' title='bbox 1831 5522 1978 5591; x_wconf 77' lang='grc' dir='ltr'>τῇδε,</span> 
     </span>
    </p>
   </div>
   <div class='ocr_carea' id='block_1_116' title="bbox 1129 5522 2703 5599">
    <p class='ocr_par' dir='ltr' id='par_1_116' title="bbox 1157 5522 2703 5599">
     <span class='ocr_line' id='line_1_116' title="bbox 1157 5522 2703 5599; baseline -0.003 -21"><span class='ocrx_word' id='word_1_868' title='bbox 1157 5526 1622 5599; x_wconf 47' lang='lat' dir='ltr'><strong>secundaunanu,</strong></span> <span class='ocrx_word' id='word_1_869' title='bbox 1679 5523 1787 5576; x_wconf 83' lang='grc' dir='ltr'>τῶν</span> <span class='ocrx_word' id='word_1_870' title='bbox 1831 5522 1978 5591; x_wconf 78' lang='grc' dir='ltr'>τῇδε,</span> <span class='ocrx_word' id='word_1_871' title='bbox 2090 5538 2264 5599; x_wconf 41' lang='grc' dir='ltr'>ταςζω</span> <span class='ocrx_word' id='word_1_872' title='bbox 2313 5589 2353 5599; x_wconf 60' lang='grc' dir='ltr'>η</span> <span class='ocrx_word' id='word_1_873' title='bbox 2478 5590 2489 5599; x_wconf 85' lang='lat'><em>_</em></span> <span class='ocrx_word' id='word_1_874' title='bbox 2548 5588 2578 5599; x_wconf 50' lang='grc' dir='ltr'>η</span> <span class='ocrx_word' id='word_1_875' title='bbox 2693 5587 2703 5598; x_wconf 43' lang='grc'><strong><em>⁸</em></strong></span> 
     </span>
    </p>
   </div>
   <div class='ocr_carea' id='block_1_117' title="bbox 419 5587 1993 5666">
    <p class='ocr_par' dir='ltr' id='par_1_117' title="bbox 419 5587 1978 5666">
     <span class='ocr_line' id='line_1_117' title="bbox 419 5587 1978 5666; baseline -0.006 -15"><span class='ocrx_word' id='word_1_876' title='bbox 419 5587 775 5655; x_wconf 63' lang='grc' dir='ltr'>τεὰιοίΑΙίυε,</span> <span class='ocrx_word' id='word_1_877' title='bbox 789 5597 879 5648; x_wconf 79' lang='grc' dir='ltr'><strong>τοῦ</strong></span> <span class='ocrx_word' id='word_1_878' title='bbox 895 5596 1038 5666; x_wconf 81' lang='grc' dir='ltr'>τῇδε.</span> <span class='ocrx_word' id='word_1_879' title='bbox 1061 5595 1228 5666; x_wconf 56' lang='lat' dir='ltr'><strong>paulo</strong></span> <span class='ocrx_word' id='word_1_880' title='bbox 1243 5607 1360 5666; x_wconf 89' lang='lat' dir='ltr'><strong>post</strong></span> <span class='ocrx_word' id='word_1_881' title='bbox 1377 5587 1709 5651; x_wconf 81' lang='lat' dir='ltr'><strong>Hoeschelius</strong></span> <span class='ocrx_word' id='word_1_882' title='bbox 1729 5587 1941 5662; x_wconf 55' lang='lat' dir='ltr'><strong>intcx&#39;iu</strong></span> <span class='ocrx_word' id='word_1_883' title='bbox 1963 5631 1978 5657; x_wconf 88' lang='lat'><strong>,</strong></span> 
     </span>
    </p>
   </div>
   <div class='ocr_carea' id='block_1_118' title="bbox 2070 5587 3644 5666">
    <p class='ocr_par' dir='ltr' id='par_1_118' title="bbox 2159 5587 3644 5660">
     <span class='ocr_line' id='line_1_118' title="bbox 2159 5587 3644 5660; baseline -0.001 -17"><span class='ocrx_word' id='word_1_884' title='bbox 2159 5589 2272 5660; x_wconf 82' lang='lat'><strong>(59)</strong></span> <span class='ocrx_word' id='word_1_885' title='bbox 2313 5588 2649 5643; x_wconf 71' lang='lat' dir='ltr'><strong>lltnschelius</strong></span> <span class='ocrx_word' id='word_1_886' title='bbox 2693 5587 2744 5640; x_wconf 82' lang='lat' dir='ltr'><strong>iu</strong></span> <span class='ocrx_word' id='word_1_887' title='bbox 2784 5594 2953 5653; x_wconf 86' lang='lat' dir='ltr'><strong>textu,</strong></span> <span class='ocrx_word' id='word_1_888' title='bbox 3002 5587 3169 5657; x_wconf 82' lang='grc' dir='ltr'>αὐτὴν</span> <span class='ocrx_word' id='word_1_889' title='bbox 3217 5587 3312 5655; x_wconf 77' lang='grc' dir='ltr'><strong>τὴν</strong></span> <span class='ocrx_word' id='word_1_890' title='bbox 3356 5588 3644 5660; x_wconf 81' lang='grc' dir='ltr'>ὑπεροχήν.</span> 
     </span>
    </p>
   </div>
   <div class='ocr_carea' id='block_1_119' title="bbox 422 5662 1398 5737">
    <p class='ocr_par' dir='ltr' id='par_1_119' title="bbox 422 5662 1398 5737">
     <span class='ocr_line' id='line_1_119' title="bbox 422 5662 1398 5737; baseline -0.002 -19"><span class='ocrx_word' id='word_1_891' title='bbox 422 5668 699 5737; x_wconf 71' lang='grc' dir='ltr'>παρρησίᾳ</span> <span class='ocrx_word' id='word_1_892' title='bbox 739 5662 1017 5735; x_wconf 75' lang='grc' dir='ltr'>δυνάμεως</span> <span class='ocrx_word' id='word_1_893' title='bbox 1050 5662 1205 5728; x_wconf 83' lang='grc' dir='ltr'>Θεοῦ,</span> <span class='ocrx_word' id='word_1_894' title='bbox 1242 5662 1398 5718; x_wconf 76' lang='lat' dir='ltr'><strong>male.</strong></span> 
     </span>
    </p>
   </div>
  </div>
