3986 6164
337 289 523 350 1057⁰

1518 313 1799 373 CONTRA
1828 319 2103 379 CELSUM
2141 325 2266 381 LIB.
2303 329 2392 386 IV.

3453 357 3591 410 1058

337 407 476 476 ρίαν
503 410 701 478 γνῶσιν
725 415 852 484 ἡμῖν
888 422 1185 490 παρασχεῖν
1215 423 1407 478 ἑαυτοῦ
1468 429 1742 498 βούλεται·
1781 438 1846 490 ἵν’

340 499 448 534 σιξ-υ
486 502 914 534 ηηηηὲρεᾶι.ρι.ρ..
961 510 1126 534 ...'._-L._
1161 532 1168 534 _
1208 531 1316 534 -..μ
1362 518 1375 534 ι
1529 523 1542 534 ο
1821 529 1876 534 ,μ

1978 446 1998 502 ι
2034 439 2128 495 luti
2162 447 2463 513 consulere,
2493 465 2612 504 cum
2646 453 2725 506 sui
2761 454 2915 511 nobis
2961 458 3204 514 notitiam
3251 465 3487 534 prtebet;
3531 479 3589 524 ut

337 499 448 564 μὲν
486 502 918 573 παραδεξάμενοι
957 510 1126 581 αὐτὴν
1159 518 1383 585 χρηστοὶ
1420 523 1698 592 γενόμενοι
1735 529 1921 581 σωθῶ-

335 603 428 641 σιν
448 607 463 619 ·
504 593 554 644 οί
577 593 634 643 δὲ
670 594 741 664 μὴ
776 598 1206 670 παραδεξάμενοι
1236 607 1644 679 ἀποδειχθέντες
1675 623 1919 690 πονηροὶ,

331 677 703 736 κολασθῶσιν.
749 705 766 736 ι
812 689 920 740 Καὶ
958 690 1245 762 ἐκθέμενός
1271 715 1327 749 τε
1361 701 1421 753 τὸ
1451 703 1685 758 τοιοῦτον
1715 711 1921 763 ἐπαπο-

330 771 424 838 ρεῖ
470 771 667 840 λέγων,
712 797 729 828 ι
779 778 892 830 Νῦν
937 777 1045 850 ἆρα
1080 786 1217 852 μετὰ
1257 791 1506 845 τοσοῦτον
1555 796 1722 849 αἰῶνα
1757 800 1864 871 (40)
1891 803 1918 854 6

324 857 475 924 Θεὸς
520 865 828 940 ἀνεμνήσθη
852 870 1136 928 δικαιῶσαι
1167 877 1257 930 τὸν
1285 881 1582 954 ἀνθρώπων
1617 857 1917 964 βίονξπρό-

323 965 501 1022 τερον
535 955 590 1007 δὲ
623 959 844 1026 ήμέλει;
889 982 906 1012 ι
949 965 1056 1017 Καὶ
1089 969 1225 1037 πρὸς
1255 971 1409 1026 τοῦτο
1441 975 1498 1028 δὲ
1535 955 1798 1050 φήσομεν,
1830 955 1912 1038 ϐτι

322 1041 434 1093 οὐκ
477 1043 624 1099 ἔστιν
655 1049 732 1100 ὅτ’
763 1051 863 1103 οὐκ
890 1054 1148 1128 ἐϐουλήθη
1186 1059 1466 1116 δικαιῶσαι
1491 1067 1581 1120 τὸν
1614 1071 1911 1142 ἀνθρώπων

324 1130 452 1200 βίον
487 1137 518 1188 6
548 1137 680 1201 Θεός
699 1158 713 1170 ·
749 1141 884 1195 ἀλλὰ
909 1147 999 1198 καὶ
1026 1148 1112 1200 ἀεὶ
1146 1152 1475 1226 ἐπεμελήθη,
1510 1158 1683 1225 διδοὺς
1709 1130 1910 1237 αρετῆς

320 1224 593 1297 ἀφορμὰς
624 1231 716 1284 τοῦ
751 1235 1177 1307 ἐπανορθοῦσθαι
1209 1244 1270 1295 τὸ
1315 1224 1526 1313 λογικὸν
1560 1224 1714 1313 ζῶον.
1748 1224 1910 1309 kat-'5':

318 1312 441 1384 γὰρ
479 1318 714 1390 ἑκάστην
751 1326 944 1390 γενεὰν
993 1330 1024 1398 ἡ
1069 1333 1229 1399 σοφία
1273 1312 1394 1387 τοῦ
1422 1312 1678 1405 Θεοῦείς
1710 1342 1906 1414 ψυχὰς,

315 1402 391 1466 ἃς
443 1409 706 1478 εὑρίσκει·
740 1415 910 1479 ὁσίας,
957 1423 1368 1491 μεταϐαίνουσα,
1405 1431 1588 1499 φίλους
1637 1436 1770 1488 Θεοῦ
1815 1441 1907 1492 καὶ

316 1499 622 1567 προφήτας
677 1509 1087 1572 κατασκευάζει.
1142 1515 1252 1566 Καὶ
1305 1520 1576 1590 εὐρεθεῖέν
1628 1526 1679 1592 γ’
1734 1527 1799 1579 ἂν
1849 1531 1905 1582 ἐν

312 1589 450 1650 ταῖς
490 1592 656 1660 ἱεραῖς
689 1594 886 1662 βίϐλοις
918 1601 965 1650 οὶ
999 1603 1117 1654 καθ’
1151 1589 1390 1681 ἑκάστην
1420 1615 1612 1679 γενεὰν
1639 1589 1778 1670 ϐσιοι
1810 1621 1902 1672 καὶ

349 1681 568 1732 εκτικοὶ
598 1683 692 1735 τοῦ
740 1685 880 1740 θείου
926 1691 1270 1761 Πνεύματος·
1323 1701 1414 1752 καὶ
1457 1702 1532 1766 ὡς
1572 1705 1900 1778 ἐπέστρεφον

2024 533 2114 599 qui
2148 534 2289 588 illam
2317 542 2644 607 acceperint,
2674 545 2798 598 boui
2823 545 2973 612 facti,
3001 550 3226 606 salutem
3257 570 3592 627 consequan-

2011 631 2143 689 tur;
2191 627 2280 694 qtti
2325 644 2454 684 vero
2499 631 2822 700 rejecerint,
2875 650 3059 707 aperta
3110 647 3369 712 nequitia,
3401 664 3590 716 poenas

2021 713 2190 768 luant.
2230 735 2249 767 ›
2286 717 2404 783 Quo
2441 725 2637 789 posito,
2681 728 2759 780 sic
2795 729 3092 800 interrogat
3125 751 3138 786 :
3179 754 3197 785 ‹
3244 736 3422 803 Quid?
3465 754 3590 808 post

2023 813 2097 857 tot
2129 811 2322 862 szecula
2354 827 2497 864 nunc
2529 816 2740 869 tandem
2768 817 2876 872 Deo
2900 821 2954 875 in
2984 834 3216 880 mentem
3249 831 3393 882 venit
3422 831 3583 887 vitam

2018 890 2296 946 hominum
2329 899 2680 966 adjustitiam
2714 909 3008 977 reducere;
3049 926 3176 970 ante
3221 927 3400 973 autem
3441 937 3584 978 cura:

2016 997 2126 1034 non
2174 985 2314 1038 fuit?
2365 1005 2384 1038 ›
2435 990 2754 1060 Responch
2800 999 2964 1054 Deum
3008 1021 3283 1076 nunquam
3333 1028 3438 1066 non
3488 1029 3582 1068 vo-

2014 1071 2182 1128 luisse
2213 1086 2269 1128 nt
2307 1077 2696 1150 hominesjusti
2723 1089 2950 1159 ﬁerent;
2980 1094 3031 1148 id
3058 1112 3271 1167 semper
3296 1106 3445 1157 cordi
3482 1107 3581 1160 ha-

2013 1162 2232 1232 buisse;
2284 1171 2479 1240 quippe
2539 1177 2629 1243 qui
2679 1181 2895 1236 animali
2950 1188 3181 1244 rationis
3238 1199 3471 1264 compoti
3525 1210 3579 1254 et

2011 1262 2386 1313 consectandae
2436 1264 2645 1320 virtutis
2692 1280 2746 1322 et
2794 1283 2938 1328 recte
2990 1276 3220 1334 faciendi
3261 1289 3576 1345 occasiones

2010 1348 2319 1411 praebuerit.
2356 1352 2456 1409 Per
2494 1358 2735 1428 singulas
2767 1365 2909 1417 enim
2941 1372 3320 1435 generationes
3361 1377 3454 1433 Dei
3488 1397 3576 1436 sa-

2007 1435 2208 1502 pientia
2239 1440 2289 1494 in
2321 1445 2550 1513 animas,
2576 1466 2710 1519 quas
2734 1465 2949 1509 sanctas
2981 1460 3202 1526 invenit,
3235 1466 3570 1529 descendens

2006 1526 2214 1582 amicos
2239 1531 2331 1586 Dei
2363 1540 2762 1610 prophetasque
2791 1545 2939 1598 facit.
2971 1548 3279 1613 Quinetiam
3309 1558 3359 1610 in
3395 1564 3566 1618 sacris

2004 1613 2158 1671 libris
2187 1619 2432 1679 invenire
2470 1639 2573 1693 est,
2614 1635 2704 1700 qui
2752 1638 3052 1708 quibusque
3099 1646 3347 1702 aetatibus
3389 1659 3563 1710 sancti

1997 1704 2202 1763 fuerint
2238 1722 2292 1765 et
2343 1716 2584 1773 divinum
2630 1723 2680 1776 in
2728 1740 2785 1777 se
2831 1727 3093 1796 Spiritum
3142 1741 3472 1809 receperint,
3516 1756 3567 1800 et

308 1769 454 1831 τοὺς
489 1775 609 1825 κατ’
643 1777 838 1840 αὐτοὺς
871 1781 1001 1853 (41),
1036 1785 1132 1852 ὅση
1161 1787 1406 1860 δύναμις.

2459 1769 2486 1771 --
2519 1769 2584 1773 ----
2728 1769 2784 1777 ..υ
2831 1769 3092 1796 νιιιιιιιιιιι
3142 1769 3472 1809 ιυιυμυιιιιι,
3516 1769 3567 1800 (ει

2001 1812 2097 1864 pro
2130 1800 2336 1858 viribus
2377 1808 2442 1860 ad
2471 1810 2608 1864 alios
2637 1821 3029 1875 convertendos
3058 1827 3296 1882 studiutn
3322 1835 3567 1889 contule-

2002 1889 2109 1942 rint
2135 1902 2188 1945 et
2216 1910 2455 1962 operam.

387 1928 562 1982 Οὐδὲν
595 1931 650 1984 δὲ
676 1931 987 2006 θαυμαστὸν
1017 1941 1077 1995 τὸ
1115 1949 1327 2012 γενεαῖς
1358 1967 1466 2003 τισι
1498 1957 1778 2026 προφήτας
1805 1975 1876 2026 γε.

387 2019 560 2081 νέναι,
596 2023 954 2081 ὑπεοέγονταε
980 2033 1036 2081 ἐν
1058 2037 1122 2081 τῆ
1158 2041 1432 2081 «tangam-7.
1465 2045 1566 2081 ηις...
1602 2045 1870 2081 una.--“

2003 1928 2109 1942 ιιι-ιι
2135 1928 2188 1945 pl.
2216 1928 2455 1962 υμῠΙιΙΙΙΙο

2067 1981 2121 2035 8.
2163 1983 2430 2041 Caeterum
2478 1993 2671 2047 mirum
2707 2013 2810 2052 non
2856 2015 2977 2057 esse
3008 2006 3183 2075 debet,
3237 2013 3560 2081 quibusdam
3634 2020 3640 2026 ’

307 2019 560 2086 γονέναι,
596 2023 954 2096 ὑπερέχοντας
980 2033 1036 2084 ἐν
1058 2037 1122 2105 τῇ
1158 2041 1432 2112 παραδοχῇ
1602 2019 1890 2119 θείότητος,

304 2105 400 2160 διὰ
426 2109 522 2162 τὸν
555 2114 646 2167 ἐπὶ
681 2115 860 2170 πλεῖον
893 2119 1106 2176 εὔτονον
1136 2105 1568 2200 καιέρρᾧξὶένόἷι
1604 2135 1735 2204 βίον,
1765 2105 1890 2191 ’ἑτέ-ί

306 2216 426 2268 ρων
481 2206 771 2276 προφητῶν
803 2227 963 2263 τινων
1001 2213 1099 2282 μὲν
1155 2221 1276 2270 κατ’
1327 2223 1557 2288 αὐτοὺς,
1610 2227 1783 2281 ἄλλων
1834 2230 1890 2282 δὲ

303 2297 758 2367 προγενεστέρων
786 2301 816 2370 ἢ
850 2309 1341 2378 μεταγενεστέρων.
1371 2313 1525 2367 Οὕτω
1561 2315 1616 2369 δὲ
1657 2319 1716 2370 οὐ
1759 2319 1888 2372 θαυ-

304 2385 522 2450 μαστὸν
551 2388 642 2439 καί
670 2406 790 2443 τινα
837 2396 1026 2464 καιρὸν
1072 2401 1371 2465 γεγονέναι,
1406 2405 1482 2456 ὅτ’
1514 2406 1790 2480 ἐξαίρετόν
1831 2430 1884 2466 τι

299 2473 502 2543 χρῆμα
545 2477 905 2552 ἐπιδεδήμηκε
947 2485 1024 2554 τῷ
1072 2490 1217 2554 γένει
1270 2492 1377 2544 τῶν
1423 2473 1753 2566 ἀνθρώπων,
1790 2503 1883 2554 καὶ

292 2555 568 2633 ¹διαφέρον
607 2569 758 2638 παρὰ
802 2574 926 2634 τοὺς
985 2582 1440 2652 προγενεστέρους
1481 2587 1644 2640 αὑτοῦ
1701 2591 1733 2661 ἢ
1789 2596 1882 2648 καὶ

303 2659 820 2729 μεταγενεστέρους.
859 2665 1006 2734 Ἔχει
1055 2668 1112 2720 δέ
1143 2687 1194 2721 τι
1237 2674 1265 2723 ό
1309 2676 1437 2743 περὶ
1476 2677 1677 2732 τούτων
1723 2659 1882 2750 λόγος

300 2743 714 2816 μυστικώτερον
743 2750 836 2801 καὶ
869 2751 1181 2824 βαθύτερον,
1213 2760 1305 2812 καὶ
1353 2761 1425 2832 μὴ
1475 2765 1612 2818 πάνυ
1655 2784 1706 2820 τι
1746 2770 1880 2837 φθά-

296 2848 420 2886 νειν
463 2835 755 2906 δυνάμενον
805 2842 896 2892 ἐπὶ
946 2845 1043 2914 τὴν
1082 2847 1492 2922 δημωδεστέραν
1531 2857 1716 2927 ἀκοήν.
1759 2835 1877 2913 ⁷Καὶ

293 2924 398 2987 δεῖ,
434 2926 573 2998 ὑπὲρ
632 2929 722 2981 τοῦ
769 2932 938 2985 ταῦτα
987 2935 1094 3004 (42)
1139 2938 1520 3012 ἀφανισθῆναι,
1570 2948 1664 2999 καὶ
1704 2950 1875 3004 ἁπαν-

291 3017 532 3088 τηθῆναι
575 3021 709 3090 πρὸς
759 3022 827 3074 τὰ
870 3025 1132 3095 λεγόμενα
1173 3032 1299 3100 περὶ
1343 3033 1442 3102 τῆς
1474 3037 1709 3106 Χριστοῦ
1751 3042 1870 3094 ἐπι-

291 3107 530 3177 δημίας,
581 3113 681 3182 (ὅτι
738 3131 756 3164 ι
809 3114 921 3168 Νῦν
980 3113 1086 3186 ἆρα
1131 3119 1269 3187 μετὰ
1322 3124 1568 3178 τοσοῦτον
1625 3129 1796 3183 αἰῶνα
1842 3127 1938 3185 6C

291 3199 432 3262 Θεὸς
463 3202 771 3273 ἀνεμνήσθη
801 3205 1083 3264 δικαιῶσαι
1109 3211 1168 3263 τὸ
1197 3212 1496 3284 ἀνθρώπων
1523 3218 1696 3284 γένος,
1733 3222 1866 3292 πρό-

289 3307 456 3362 τερον
486 3292 542 3344 δὲ
572 3294 798 3362 metu;
835 3299 878 3364 ›)
925 3299 1162 3366 ἅψασθαι
1200 3303 1292 3355 τοῦ
1343 3307 1470 3376 περί
1516 3309 1745 3379 μερίδων
1778 3313 1865 3365 λό-

289 3396 416 3449 γου,
449 3383 542 3435 καὶ
576 3386 984 3455 σαφηνίσαι,διὰ
1014 3391 1088 3454 τί,
1115 3393 1201 3446 ὅτε
1227 3395 1532 3467 διεμέριζεν
1552 3403 1580 3453 6
1608 3403 1866 3471 ’Ύψιστος

285 3473 458 3544 ἔθνη,
507 3474 582 3537 ὡς
629 3476 929 3549 διέσπειρεν
992 3483 1138 3546 υἱοὺς
1204 3486 1412 3556 Ἀδὰμ,
1467 3489 1692 3562 ἔστησεν
1740 3495 1863 3565 ὅρια

284 3567 460 3619 ἐθνῶν
491 3569 609 3620 κατ’
632 3569 859 3640 ἀριθμὸν
879 3573 1124 3640 ἀγγέλων
1145 3575 1278 3628 Θεοῦ
1301 3597 1313 3608 ·
1337 3581 1429 3631 καὶ
1449 3583 1677 3654 ἐγενήθη
1705 3588 1860 3657 μερὶς

283 3659 492 3729 Κυρίου
550 3661 676 3723 λαὸς
726 3664 888 3716 αὑτοῦ
969 3667 1192 3732 Ἰακὼϐ,
1259 3673 1541 3744 σχοίνισμα
1601 3678 1859 3750 κληρονο-

286 3750 419 3818 μίας
468 3752 629 3804 αὑτοῦ
677 3755 922 3826 Ἰσραήλ·
956 3777 974 3808 ι
1007 3759 1100 3810 καὶ
1130 3760 1308 3832 δεήσει
1341 3766 1438 3835 τὴν
1482 3767 1658 3820 αἰτίαν
1682 3771 1856 3824 εἰπεῖν

278 3841 380 3910 τῆς
404 3843 482 3904 εἰς
509 3842 736 3896 ἕκαστον
757 3847 899 3916 ὃριον
925 3850 1208 3916 γενέσεως,
1237 3853 1340 3906 ὑπὸ
1371 3856 1462 3908 τὸν
1501 3860 1855 3932 κεκληρωμέ-

279 3947 371 3983 νον
398 3932 458 3983 τὸ
480 3933 643 4002 ὅριον,
673 3936 765 3987 καὶ
791 3937 907 4000 πῶς
926 3938 1160 4008 εὐλόγως
1193 3944 1422 4014 ἐγενήθη
1453 3951 1609 4020 μερὶς
1648 3952 1852 4023 Κυρίου

277 4020 411 4084 λαὸς
456 4023 616 4074 αὐτοῦ
675 4025 885 4090 Ἰακὼϐ,
942 4029 1224 4101 σχοίνισμα
1284 4035 1646 4108 κληρονομίας
1689 4045 1850 4098 αὐτοῦ

290 4113 530 4181 Ἰσραήλο
567 4115 660 4165 καὶ
708 4116 796 4167 διὰ
831 4119 883 4168 τί
916 4121 1175 4190 πρότερον
1209 4125 1304 4192 μὲν
1332 4122 1398 4196 ἦν
1449 4132 1605 4200 μερὶς
1644 4135 1847 4204 Κυρίου

275 4201 408 4264 λαὸς
463 4203 625 4256 αὐτοῦ
681 4207 888 4271 Ἰακὼϐ,
947 4213 1227 4282 σχοίνισμα
1282 4217 1640 4290 κληρονομίας
1686 4225 1846 4279 αὑτοῦ

275 4292 514 4362 Ἰσραήλ·
541 4295 665 4364 περὶ
693 4297 747 4349 δέ
764 4297 871 4349 τῶν
897 4297 1117 4370 ὕστερον
1150 4302 1362 4371 λέγεται
1387 4309 1520 4376 πρὸς
1549 4311 1638 4364 τὸν
1665 4315 1846 4386 Σωτῆ-

278 4398 347 4450 pa.
379 4381 482 4433 ὑπὸ
516 4383 607 4435 τοῦ
644 4386 874 4456 Ιῐατρὸς,
905 4407 922 4439 ι
955 4390 1182 4459 Αίτησαι
1221 4399 1347 4465 παρ’
1382 4399 1536 4467 ἐμοῦ,
1573 4403 1666 4454 καὶ
1693 4404 1846 4459 δώσω

277 4487 358 4523 σοι
415 4472 538 4542 ἔθνη
587 4475 683 4546 τὴν
721 4477 1080 4550 κληρονομίαν
1131 4501 1244 4546 σου,
1302 4490 1392 4541 καὶ
1433 4491 1532 4561 τὴν
1574 4494 1841 4565 κατάσχε-
1876 4468 1920 4521 D

277 4564 360 4616 σίν
407 4582 500 4617 σου
548 4566 618 4619 τὰ
657 4567 867 4639 πέρατα
898 4573 997 4642 τῆς
1048 4576 1166 4646 γῆς.
1203 4597 1221 4628 ι
1254 4578 1372 4632 Εἰσὶ
1419 4583 1527 4652 γάρ
1559 4602 1702 4649 τινες
1731 4590 1842 4660 εἱρ-

277 4657 368 4723 μοὶ
411 4659 503 4711 καὶ
558 4660 863 4715 ἀκολουθίαι
919 4666 1110 4734 ἄφατοι
1161 4671 1252 4722 καὶ
1292 4671 1665 4747 ἀνεκδιήγητοι
1714 4657 1840 4751 περὶ

272 4747 372 4817 τῆς
415 4750 554 4803 κατὰ
596 4752 696 4815 τὰς
743 4755 1087 4827 ἀνθρωπίνας
1138 4760 1314 4830 ψυχὰς
1376 4765 1631 4839 διαφόρου
1691 4747 1838 4826 οἰκο-

270 4841 482 4906 νομίας.

346 4922 543 4982 *Ηλθεν
577 4929 688 4998 οὖν,
721 4937 821 4990 κᾶν
855 4939 927 5008 μὴ
963 4939 1215 5012 βούληται
1257 4947 1461 5012 Κέλσος
1485 4990 1498 5012 ,
1537 4953 1674 5022 μετά
1703 4955 1832 5008 πο),-

271 5016 395 5081 λοὺς
416 5023 694 5091 προφήτας
715 5027 1210 5101 ἐπανορθουμένους
1242 5035 1308 5087 τὰ
1333 5039 1424 5090 τοῦ
1453 5040 1666 5111 Ἰσραὴλ
1697 5045 1836 5096 ὲκεί-

269 5126 384 5173 νου,
428 5113 805 5187 ἐπανορθωτὴς
846 5119 966 5171 ὅλου
1004 5122 1097 5174 τοῦ
1145 5125 1349 5195 κόσμου
1389 5131 1416 5181 6
1460 5131 1726 5200 Χριστός·
1769 5138 1829 5188 οὐ

268 5197 516 5268 δεόμενος
544 5201 683 5255 κατὰ
706 5204 799 5276 τὴν
832 5210 1099 5279 προτέραν
1133 5215 1439 5284 οἰκονομίαν
1465 5222 1562 5288 τῆς
1592 5223 1710 5274 κατ’
1735 5225 1828 5276 ἁν-

269 5279 771 5363 θρὼπωνχρήσεως
814 5299 1108 5367 μαστίγων,
1144 5306 1236 5357 καὶ
1267 5307 1499 5376 δεσμῶν,
1537 5313 1629 5364 καὶ
1663 5313 1829 5381 βασα-

355 5407 399 5438 ⁹⁹
428 5407 583 5462 Deut.
629 5425 759 5476 xxn,
791 5412 843 5477 8,
887 5413 941 5466 9.
1020 5414 1063 5445 ³⁰
1104 5415 1243 5470 Psal.
1287 5436 1346 5480 tt,
1375 5420 1429 5473 8.

335 5487 442 5567 (40)
469 5492 648 5578 ,(Jqdd.
693 5495 822 5578 Reg.
870 5508 923 5551 et
962 5500 1120 5554 Basil.
1167 5513 1312 5559 recte
1351 5511 1592 5578 omnino,
1637 5517 1829 5576 αἰῶνα.

263 5554 321 5606 A1
333 5554 432 5627 ias,
458 5560 663 5627 ἀγῶνα,
694 5554 853 5618 male.

333 5626 440 5708 (4|)
477 5626 616 5684 Κατ’
641 5635 861 5715 αὐτούς
890 5636 1109 5715 habent
1136 5644 1293 5715 codd.
1348 5645 1548 5715 Regius
1573 5662 1626 5706 et
1675 5656 1824 5710 Basi-

1011 5691 1019 5692 ,
1348 5691 1422 5700 --υ
1470 5691 1626 5706 ...ο
1675 5691 1814 5710 ws.-

265 5691 483 5764 lee‘usis,
515 5715 700 5770 sicque
729 5691 887 5772 paulo
914 5720 1032 5775 post
1057 5710 1180 5767 libri
1217 5691 1471 5785 impressi
1503 5724 1594 5789 qui
1640 5736 1814 5782 tamen

1995 2073 2205 2128 S£Cllll$
2233 2075 2399 2133 fuisse
2424 2084 2736 2154 prophetas,
2765 2093 2852 2158 qui
2883 2107 3104 2164 propter
3127 2106 3393 2170 aequalem
3421 2125 3561 2165 sent-

1994 2173 2090 2226 per
2122 2175 2565 2240 constantemque
2603 2177 2764 2233 vitam
2806 2183 2857 2235 in
2902 2188 3241 2256 suscipienda
3276 2198 3557 2258 divinitate

1996 2266 2323 2321 superarent
2359 2262 2496 2316 alios
2521 2282 2631 2321 sua:
2665 2275 2839 2329 aetatis
2869 2281 3161 2346 prophetas
3189 2296 3281 2340 aut
3309 2296 3557 2360 superio-

1992 2355 2078 2393 res
2115 2355 2208 2397 aut
2252 2361 2518 2415 posteros.
2566 2355 2752 2424 Neque
2797 2365 2992 2420 mirunt
3041 2371 3200 2425 etiam
3251 2388 3332 2431 est
3375 2355 3556 2447 quod-

1990 2431 2110 2484 dam
2143 2433 2310 2492 fuisse
2352 2449 2579 2513 tempus,
2628 2464 2748 2503 cum
2782 2465 3048 2521 praestans
3092 2463 3220 2530 quid
3263 2475 3314 2520 et
3363 2472 3550 2541 singu-

2782 2519 2796 2521 _
3108 2519 3125 2530 ι
3302 2519 3307 2520 ⁷
3363 2519 3514 2541 ”“”ῦ“

1987 2519 2103 2576 lare
2151 2527 2217 2578 ad
2268 2529 2559 2590 humanum
2607 2556 2777 2608 genus
2828 2548 3132 2618 adveniret,
3182 2559 3265 2609 cui
3298 2560 3428 2614 nihil
3458 2577 3550 2620 aut

1986 2616 2356 2676 superioribus
2407 2631 2738 2694 temporibus
2782 2633 2978 2702 fuerit,
3031 2653 3122 2697 aut
3174 2656 3548 2709 consecuturis

1983 2703 2229 2760 futurum
2260 2727 2358 2780 par
2389 2724 2443 2768 et
2486 2719 2662 2776 simile
2693 2736 2856 2783 esset.
2909 2729 3016 2784 Sed
3065 2735 3256 2792 horum
3307 2745 3546 2800 omnium

1982 2795 2247 2850 occultior
2292 2811 2374 2853 est
2404 2813 2461 2857 et
2509 2806 2668 2863 altior
2716 2815 2881 2881 ratio,
2927 2834 3096 2887 quam
3141 2835 3198 2878 ut
3241 2843 3359 2886 eam
3403 2835 3548 2906 vulgi

1981 2891 2168 2946 captus
2205 2893 2419 2958 assequi
2459 2898 2649 2961 possit.
2684 2899 2818 2956 Nam
2871 2907 2934 2960 ad
2969 2910 3282 2970 diluendum
3330 2922 3546 2979 solven-

1979 2968 2213 3039 dumque
2245 2977 2295 3029 id
2348 2984 2489 3048 quod
2521 2987 2677 3042 nobis
2727 2991 2792 3047 de
2835 2995 3039 3052 Christi
3087 2968 3546 3080 adventu-objici-

1977 3066 2100 3115 tur:
2139 3082 2157 3115 ι
2199 3065 2402 3136 Ecquid
2440 3085 2560 3140 post
2617 3087 2691 3134 tot
2737 3086 2930 3139 saecula
2980 3105 3123 3147 nunc
3169 3099 3384 3154 tandem
3419 3065 3543 3162 'Deo

1975 3149 2027 3202 iu
2064 3165 2296 3214 mentem
2328 3163 2475 3216 venit
2518 3167 2684 3223 vitam
2717 3173 2993 3232 hominum
3044 3185 3313 3245 adducere
3355 3195 3419 3247 ad
3444 3196 3539 3265 ju-

3292 3243 3305 3245 -
3358 3243 3504 3265 ηρ

1971 3243 2196 3310 stitiam,
2227 3261 2384 3305 antea
2439 3265 2615 3310 autem
2664 3276 2808 3318 curae
2857 3283 2962 3322 non
2999 3269 3146 3328 fuit?
3193 3296 3212 3329 ι
3269 3280 3538 3341 disserere

1970 3344 2216 3398 oporteat
2289 3340 2358 3395 de
2429 3349 2668 3413 gentium
2734 3357 3064 3427 partitione,
3136 3376 3190 3420 et
3263 3385 3536 3442 exponere

1967 3435 2084 3485 cur,
2119 3443 2137 3474 ι
2182 3432 2397 3494 quando
2443 3436 2716 3494 dividebat
2742 3444 3052 3506 Altissimus
3079 3466 3280 3524 gentes,
3319 3432 3536 3530 quando

1967 3516 2250 3580 separabat
2304 3520 2443 3577 ﬁlios
2494 3527 2690 3594 Adam,
2727 3516 3384 3608 constituerit-terminos
3431 3573 3531 3625 po-

1967 3603 2202 3625 ___,A______
2277 3611 2290 3622 .

3308 3603 3382 3608 ν--
3431 3603 3496 3625 Γ-

1962 3603 2208 3669 pulorum
2269 3611 2426 3678 juxta
2503 3635 2785 3678 numerum
2868 3633 3184 3698 angelorum
3262 3640 3395 3709 Dei;
3476 3659 3533 3702 et

1963 3706 2087 3759 pars
2124 3696 2331 3754 Domini
2375 3703 2536 3762 fuerit
2577 3715 2808 3780 populus
2840 3696 2964 3786 eius
3003 3723 3167 3782 Jacob
3210 3741 3267 3786 'et
3307 3696 3527 3793 funicu:

1962 3779 2044 3834 lus
2077 3783 2408 3846 htcreditatis
2437 3794 2554 3863 ejus
2581 3779 2746 3856 Israel
2779 3805 2844 3860 ³³.
2885 3826 2903 3859 ι
2942 3810 3090 3880 Opus
3111 3832 3327 3890 quoque
3363 3826 3528 3882 fuerit

1963 3869 2117 3890 η.-
2150 3874 2219 3890 γ...

1959 3869 2117 3940 507
2142 3874 2338 3933 all‘erre
2376 3896 2592 3940 causam
2641 3905 2739 3945 cur
2772 3898 2935 3950 certis
2969 3869 3528 3970 qttibu'sdain‘iti‘llni:

1957 3962 2056 4015 bus
2099 3966 2312 4032 quidam
2357 3987 2667 4044 nascantur,
2701 3993 2757 4036 et
2787 3985 2839 4038 in
2868 3962 3219 4056 ejus-ditionie
3249 4002 3337 4069 qui
3388 4005 3526 4062 lines

1955 4052 2074 4109 illos
2113 4060 2334 4115 sortitus
2382 4075 2464 4118 est
2498 4085 2516 4122 :
2551 4084 2651 4123 cur
2698 4080 2891 4131 merito
2945 4096 3070 4148 pars
3113 4085 3325 4145 Domini
3358 4093 3522 4152 fuerit

1951 4149 2175 4216 pepulus
2233 4155 2348 4223 ejus
2413 4156 2611 4226 Jacob,
2683 4163 2954 4224 funiculus
3015 4174 3349 4237 haereditatis
3400 4187 3520 4254 ejus

1949 4236 2146 4305 Israel;
2184 4259 2281 4296 cur
2305 4249 2451 4314 prius
2483 4266 2606 4318 pars
2629 4255 2836 4311 Domini
2866 4271 3010 4315 esset
3033 4267 3260 4333 populus
3291 4273 3407 4339 ejus
3427 4275 3518 4332 Ja-

1950 4330 2070 4392 σοι),
2103 4330 2373 4390 funiculus
2407 4339 2732 4399 hatreditatis
2751 4348 2864 4416 ejus
2893 4330 3084 4419 Israel;
3105 4330 3303 4424 postea
3333 4375 3513 4423 autem

1949 4420 2016 4472 ad
2045 4421 2376 4480 Salvatorem
2421 4445 2448 4482 a
2485 4431 2647 4487 Patre
2681 4437 2884 4492 dictum
2928 4420 3132 4501 fuerit;
3174 4467 3192 4499 ι
3221 4449 3436 4512 Postula
3478 4477 3512 4515 a

1949 4526 2056 4576 me,
2089 4522 2142 4566 et
2181 4515 2317 4572 dabo
2352 4520 2444 4574 tibi
2489 4535 2676 4592 gentes
2711 4529 3073 4589 lnereditatem
3104 4548 3270 4607 tuam,
3301 4553 3355 4600 et
3395 4563 3516 4616 pos-

1939 4606 2234 4661 sessionem
2296 4619 2438 4666 tuam
2496 4619 2752 4674 terminos
2814 4632 2972 4680 terra:
3022 4627 3085 4682 ³ο.
3135 4649 3154 4682 ›
3189 4631 3323 4688 Sunt
3367 4642 3508 4695 enim

1940 4703 2078 4762 aptae
2112 4698 2255 4753 inter
2274 4717 2333 4757 se
2360 4714 2415 4759 et
2437 4722 2695 4765 connexa:
2730 4713 2954 4770 diversa:
2983 4720 3242 4788 rationes,
3275 4741 3408 4795 quas
3441 4733 3508 4785 ad

1938 4789 2195 4854 regendas
2247 4793 2510 4853 humanas
2558 4805 2955 4870 animas-Deus
3001 4812 3256 4881 adhibet,
3287 4789 3342 4873 et
3369 4836 3508 4891 quas

1937 4887 2094 4929 nemo
2120 4885 2376 4951 consequi
2420 4896 2475 4941 et
2507 4902 2767 4947 enarrare
2798 4905 2994 4963 potest.

2016 4963 2068 5017 9.
2104 4964 2288 5033 Igitur,
2315 4979 2664 5040 quantumvis
2686 4979 2872 5037 Celsus
2907 4982 3183 5058 Feclamet,
3219 5005 3339 5065 post
3369 5001 3507 5052 mul-

1944 5059 2026 5104 tos
2077 5058 2365 5124 prophetas
2417 5064 2509 5131 qui
2564 5066 2714 5122 illum
2750 5071 2913 5128 Israel
2969 5093 3289 5149 correxere,
3341 5089 3495 5142 venit

1939 5141 2189 5200 Christus
2217 5159 2273 5201 ut
2295 5154 2552 5210 mundum
2583 5173 2796 5216 omnem
2821 5169 3143 5238 corrigeret.
3164 5173 3349 5243 Neque
3365 5192 3503 5244 opus

1939 5232 2146 5296 habuit,
2181 5246 2238 5290 ut
2268 5239 2320 5292 iu
2357 5243 2529 5309 prima
2560 5249 2991 5321 dispensatione,
3023 5261 3213 5329 virgis,
3266 5264 3499 5320 vinculis

1938 5329 1992 5373 et
2024 5330 2303 5384 tormentis
2337 5334 2403 5386 ad
2431 5337 2778 5408 castigandus
2803 5346 3072 5403 homines.
3103 5351 3328 5413 Quando
3349 5355 3499 5411 enim

1936 5528 2428 5609 ltoe_loco_ltabent,
2466 5541 2585 5594 καθ’
2617 5545 2840 5609 ἑαυτούς

2006 5602 2117 5670 (42)
2160 5602 2494 5726 ιῗοεευιιριίυε
2531 5613 2586 5666 in
2622 5624 2791 5681 textu,
2819 5602 3054 5685 ’ταύτας,
3090 5620 3277 5692 sicque
3306 5641 3495 5687 omnes

2006 5689 2059 5726 is.
2095 5689 2176 5726 IIII!
2203 5692 2251 5726 0.

1931 5685 2059 5726 mss.
2095 5685 2251 5730 male.
