3986 6164
517 279 539 333 1
550 277 652 335 059

1955 282 2273 338 ORIGENIS

3616 290 3755 345 1040

464 400 491 425 θ
518 420 535 451 ι
577 399 712 454 exiit
740 398 833 470 qui
860 397 1090 453 seminat
1120 397 1392 452 seminare
1414 398 1481 462 “,
1508 415 1526 449 ο
1557 397 1690 452 satis
1724 396 1827 452 fuit
1861 398 2057 453 docere

2186 397 2494 469 νιστηρίων.
2530 400 2724 470 Ἤρκει
2748 398 2857 470 γὰρ
2881 400 2913 470 ἡ
2936 398 3273 466 διδασκαλᾉ,
3305 398 3394 451 ὅτε
3422 417 3441 449 ι
3480 399 3704 472 ἐξῆλθεν
3728 407 3758 459 ό

515 501 572 546 ut
605 489 915 556 ubicunque
944 486 1190 542 doctrina
1215 500 1312 540 sua
1335 486 1805 543 disseminaretur.
1840 490 1992 556 Quod
2031 492 2076 545 si

515 580 697 634 mundi
746 578 983 641 duratio,
1040 576 1163 646 quia
1232 577 1447 631 initium
1502 578 1714 643 habuit,
1753 581 2079 635 necessariis

513 670 841 740 quihusdam
867 667 1130 723 limitibus
1156 668 1646 734 circumscribitur,
1671 677 1721 724 et
1749 671 1929 724 mundi
1957 671 2091 727 ﬁnis

510 775 633 815 esse
661 759 856 822 debet;
888 759 931 812 si
964 767 1085 827 post
1128 759 1288 812 linem
1325 757 1568 813 futurum
1604 769 1688 815 est
1727 761 1793 815 de
1823 762 2079 817 omnibus

504 852 706 919 justum
730 849 991 918 judicium
1014 866 1028 914 ;
1050 849 1163 904 haec
1195 853 1447 919 dogmata
1472 852 1887 921 quibuscunque
1916 869 2079 924 argu-

509 942 730 1003 mentis,
768 950 880 993 tum
914 955 980 994 ex
1016 940 1196 994 divina
1221 940 1526 1012 Scriptura,
1555 953 1665 996 tum
1709 957 1776 997 ex
1803 943 2076 1000 rationum

507 1032 947 1087 coaclusionibus
980 1032 1332 1099 conﬁrmare,
1352 1033 1719 1089 Christianum
1735 1035 1952 1104 quidem
1979 1035 2077 1090 de-

506 1125 651 1179 cebit
687 1125 849 1178 altius
900 1125 1157 1195 n-ysteria
1217 1136 1584 1191 scrutantem;
1632 1127 1728 1180 sed
1783 1126 1992 1181 ﬁdelem
2046 1143 2076 1181 e

505 1217 687 1284 vulgo,
722 1215 1047 1284 simplicem,
1081 1216 1173 1284 qui
1202 1215 1527 1284 multiplices
1555 1216 1750 1271 divina:
1795 1219 2076 1287 sapientia:

508 1308 753 1359 rationes
779 1304 1053 1358 intellectu
1089 1320 1194 1358 non
1234 1312 1415 1372 potest
1447 1304 1740 1372 attingere,
1773 1314 1989 1373 Oportet
2015 1319 2075 1359 se

506 1396 617 1450 Deo
637 1395 1015 1465 Salvatorique
1066 1396 1237 1450 nostri
1283 1394 1501 1462 generis
1535 1395 1990 1460 committentem,
2022 1397 2073 1451 id

506 1487 712 1541 habere
740 1486 1165 1540 instarotnnium
1193 1493 1659 1555 argumentorum,
1690 1504 1708 1537 ι
1736 1486 1849 1555 ipse
1878 1487 2067 1553 dixit,»

505 1593 609 1632 nec
645 1577 756 1630 ullo
780 1577 885 1629 alio
921 1576 1093 1644 magis
1114 1576 1405 1630 conﬁdere.

581 1668 668 1721 Ν.
708 1668 897 1722 [’ostea
932 1667 1140 1729 Celsus,
1174 1666 1343 1732 nulla,
1379 1674 1437 1718 ut
1460 1666 1541 1720 sui
1576 1668 1749 1720 moris
1777 1674 1879 1730 est,
1906 1665 2067 1719 allata

506 1760 840 1829 probatione,
875 1760 1106 1814 traducit
1139 1773 1238 1813 nos
1274 1757 1434 1826 quasi
1486 1758 1710 1812 minime
1749 1768 1933 1812 sancta
1967 1759 2069 1812 nti—

508 1856 758 1920 nimeque
791 1854 874 1921 pia
899 1853 961 1905 de
995 1851 1102 1905 Deo
1130 1850 1513 1919 praedicantes.
1534 1869 1552 1901 ι
1588 1851 1934 1920 Perspicuum
1963 1862 2068 1916 est,

504 1947 702 2014 inquit,
732 1946 848 1999 haec
875 1944 940 1997 ab
964 1944 1069 1998 illis
1097 1958 1194 1997 nec
1228 1953 1417 1997 sancte
1448 1958 1547 1998 nec
1578 1946 1665 2013 pie
1691 1945 1754 1997 de
1791 1944 1899 1998 Deo
1934 1961 2071 2015 prae-

503 2035 710 2100 dicari;
754 2051 771 2083 »
807 2042 1074 2101 putatque
1104 2046 1204 2085 nos
1226 2032 1293 2085 ad
1331 2039 1601 2085 terrorem
1626 2032 1964 2101 simplicibus
1995 2034 2070 2087 in-

504 2126 814 2179 cutiendum
854 2125 969 2179 haec
993 2127 1224 2193 lingere,
1258 2137 1430 2192 neque
1453 2140 1583 2178 vera
1608 2127 1820 2179 tradere
1843 2125 1909 2179 de
1938 2142 2067 2196 sup-

503 2216 676 2285 pliciis
700 2230 820 2284 qua:
847 2214 1292 2282 delinquentibus
1314 2216 1622 2269 necessaria
1648 2225 1792 2268 sunt.
1824 2214 2068 2285 Quapro-

501 2316 620 2376 pter
641 2322 736 2360 nos
753 2305 966 2360 confert
998 2324 1015 2356 ι
1057 2320 1181 2359 cum
1220 2306 1306 2369 iis,
1342 2305 1431 2373 qui
1470 2305 1522 2358 in
1552 2305 1832 2360 Bacchicis
1869 2319 2069 2377 myste-

499 2400 596 2453 riis
625 2400 857 2469 spectris
880 2399 1065 2453 oculos
1110 2406 1165 2453 et
1196 2397 1471 2453 terriculis
1501 2398 1825 2468 percellunt.
1856 2418 1874 2452 ι
1912 2401 2065 2465 Quod

496 2494 704 2551 spectat
739 2485 804 2538 ad
861 2485 1125 2540 Bacchica
1182 2486 1464 2555 mysteria,
1517 2487 1658 2539 sitne
1707 2501 1894 2540 eorum
1927 2488 2066 2541 ratio

494 2575 819 2643 probabilis,
854 2591 921 2627 an
973 2589 1152 2640 secus,
1211 2574 1312 2642 ipsi
1368 2572 1544 2628 (ἓτωεὶ
1590 2573 1810 2638 dicant,
1861 2588 2062 2643 eosque

494 2664 686 2719 Celsus
715 2664 940 2733 ejusque
983 2664 1201 2719 sodales
1233 2661 1483 2719 audiant.
1518 2662 1630 2717 Nos
1658 2671 1838 2717 autem
1865 2663 1931 2716 ad
1964 2677 2060 2717 no-

495 2766 605 2808 stra
641 2755 980 2809 defendenda
1019 2755 1270 2818 dicimus,
1312 2755 1470 2809 nobis
1511 2755 1611 2807 hoc
1647 2768 1767 2807 esse
1814 2753 2060 2822 proposi-

496 2859 633 2913 tum,
666 2848 955 2901 emendare
987 2848 1263 2911 homines,
1295 2854 1349 2900 et
1388 2847 1453 2900 ad
1478 2847 1617 2901 hanc
1658 2861 1770 2900 rem
1803 2846 2061 2900 adhibere

497 2950 588 2992 aut
614 2939 787 2993 minas
806 2952 1116 3007 poenarum,
1149 2953 1287 3005 quas
1318 2938 1444 2992 huic
1472 2937 1814 2992 universitati
1868 2952 2064 2992 neces-

497 3031 674 3083 sarias
700 3044 823 3083 esse
853 3043 1177 3096 persuasum
1213 3028 1368 3081 nobis
1397 3039 1500 3092 est,
1539 3043 1636 3080 nec
1682 3027 1916 3082 fortasse
1940 3042 2065 3095 pas-

496 3121 640 3174 suris
672 3121 891 3174 inutiles
923 3118 1167 3178 futuras;
1223 3130 1316 3174 aut
1344 3122 1610 3188 promissa
1645 3120 1813 3175 beata:
1850 3121 1974 3174 vita:
2007 3120 2060 3174 in

493 3227 663 3281 regno
699 3212 791 3266 Dei
827 3210 967 3264 facta
1002 3211 1067 3265 iis
1093 3212 1182 3280 qui
1207 3215 1344 3266 bene
1375 3212 1540 3285 508
1578 3213 1835 3279 vixerint,
1861 3213 2062 3282 quique

497 3304 646 3372 digni
681 3304 883 3357 fuerint
913 3319 1146 3372 quorum
1173 3303 1315 3359 Deus
1346 3320 1435 3358 rex
1469 3305 1559 3358 sit.

560 3570 647 3622 ll.
674 3567 812 3621 Tum
853 3568 961 3633 ille,
994 3582 1101 3637 quo
1127 3582 1224 3624 nos
1250 3568 1583 3623 demonstret
1615 3570 1749 3624 nihil
1795 3571 2053 3627 eximium

487 3661 730 3729 nihilque
776 3675 969 3714 novum
1021 3661 1086 3714 de
1119 3660 1318 3714 diluvio
1347 3671 1441 3714 aut
1466 3658 1887 3732 conﬂagratione
1911 3664 2058 3718 diee-

487 3767 568 3816 re,
599 3751 694 3804 sed
730 3760 785 3803 et
817 3751 956 3804 male
989 3750 1262 3805 intellecta
1290 3749 1605 3807 Graecorum
1655 3761 1747 3805 aut
1788 3755 2053 3809 barbaro-

488 3858 608 3893 rum
634 3843 716 3894 his
740 3844 805 3897 de
839 3844 1001 3896 rebus
1039 3844 1317 3911 opinione,
1349 3845 1555 3899 nostris
1598 3844 1898 3914 Scripturis
1958 3849 2054 3901 tri-

484 3931 668 3986 buisse
702 3933 883 3995 ﬁdem,
915 3934 1026 3987 ait:
1057 3951 1075 3984 ι
1116 3934 1374 4000 Quamvis
1409 3936 1522 3988 haec
1553 3935 1765 3989 illorum
1795 3938 2049 4005 dogmata

484 4039 593 4076 non
664 4024 1071 4088 intellexerint,
1126 4027 1414 4081 audierunt
1467 4037 1645 4083 tamen
1696 4041 1819 4098 post
1865 4032 2046 4099 elapsa

481 4118 641 4186 longa
667 4125 932 4185 tempora,
957 4125 1080 4184 post
1109 4116 1307 4170 multos
1327 4117 1567 4171 siderum
1591 4133 1869 4188 regressus
1890 4130 2050 4191 atque

480 4222 804 4272 concursus,
843 4206 1293 4275 conllagrationes
1320 4219 1376 4262 et
1401 4208 1605 4262 diluvia
1635 4208 1750 4263 ﬁeri
1776 4226 1792 4276 ;
1819 4227 2049 4280 cumque

479 4300 726 4353 ultimum
760 4299 1102 4353 Deucalionis
1129 4308 1290 4355 aetate
1318 4300 1579 4355 diluvium
1608 4302 2046 4372 contigerit,jam

2185 490 2419 560 σπείρων
2451 489 2546 542 τοῦ
2576 490 2839 559 σπείρειν,
2868 509 2886 540 ι
2910 491 2994 543 ἵνα
3021 491 3219 562 σπείρῃ
3253 491 3343 544 τὸν
3367 491 3520 559 λόγον
3554 510 3757 548 παντα-

2180 581 2297 651 χοῦ.
2334 583 2396 634 Εἰ
2436 580 2480 632 δ’
2511 582 2863 651 ἐπιστήσεταί
2896 598 2980 643 τις
3022 581 3230 651 χρόνος,
3274 583 3632 652 περιγράφων
3664 583 3755 636 τὸν

2180 674 2385 744 κόσμον
2411 674 2714 741 ἀναγκαίαν
2735 671 3100 742 περιγραφὴν,
3131 671 3208 742 τῷ
3221 671 3382 724 αὐτὸν
3401 673 3573 744 ἀρχὴν
3595 675 3755 747 ἐσχη-

2180 766 2352 817 κέναισ
2387 765 2482 816 καὶ
2507 763 2856 833 ἐπιστήσεται
2887 779 2940 814 τι
2968 762 3121 825 τέλος
3152 761 3228 832 τῷ
3260 762 3467 833 κόσμῳ,
3494 764 3588 818 καὶ
3618 764 3756 834 μετά

2178 851 2239 905 τὸ
2269 851 2420 914 τέλος
2441 851 2622 904 δικαία
2654 851 2783 921 περὶ
2815 849 3031 903 πάντων
3063 849 3271 919 κρίσις,
3300 848 3481 921 δεήσει
3529 852 3629 921 μέν
3658 852 3754 905 τὸν

2181 939 2572 1010 φιλοσοφοῦντα
2585 938 2653 992 τὰ
2671 938 2765 991 τοῦ
2781 938 2937 1006 λόγου
2955 936 3385 1001 κατασκευάζειν
3408 940 3546 1009 μετά
3557 958 3752 993 παντο-

2178 1034 2362 1087 δαπῶν
2386 1032 2731 1096 ἀποδείξεων,
2756 1030 2863 1083 τῶν
2879 1046 2938 1082 τε
2966 1028 3073 1081 άπὸ
3095 1027 3204 1080 τῶν
3226 1026 3385 1081 θείων
3413 1031 3753 1100 γραμμάτων

2178 1125 2270 1178 καὶ
2283 1124 2391 1178 τῶν
2413 1123 2519 1176 ἀπὸ
2540 1122 2637 1191 τῆς
2669 1123 2726 1174 ἐν
2753 1124 2864 1182 τοῖς
2891 1118 3069 1188 λόγοις
3096 1117 3414 1181 ἀκολουθίας
3435 1136 3447 1147 ·
3479 1119 3659 1190 δεήσει
3695 1121 3750 1173 δὲ

2175 1214 2265 1267 τὸν
2283 1212 2449 1267 πολὺν
2474 1211 2568 1264 καὶ
2590 1208 2975 1279 ἁπλούστερον,
2993 1208 3087 1261 καὶ
3111 1207 3185 1279 μὴ
3199 1207 3493 1277 δυνάμενον
3508 1224 3751 1278 παρακο-

2176 1305 2384 1358 λουθεῖν
2404 1306 2517 1366 τοῖς
2542 1300 3061 1370 ποικιλωτάτοιςτῆς
3075 1300 3267 1368 σοφίας
3278 1299 3372 1352 τοῦ
3393 1299 3529 1353 Θεοῦ
3558 1299 3753 1371 θεωρή-

2179 1411 2361 1467 μασιν,
2382 1390 2645 1463 ὲμπιστεύ
2654 1408 2818 1444 σαντα
2838 1388 3028 1443 ἐαυτὸν
3050 1388 3190 1458 Θεῷ,
3208 1388 3302 1441 καὶ
3328 1387 3406 1459 τῷ
3426 1387 3639 1458 Σωτῆρι
3660 1387 3751 1440 τοῦ

2173 1488 2361 1557 γένους
2386 1485 2573 1556 ἡμῶν,
2609 1483 2798 1537 τούτου
2837 1481 3036 1552 μᾶλλον
3061 1479 3397 1551 ἀρησθῆναι
3428 1479 3505 1550 τῷ
3546 1498 3564 1530 ι
3595 1478 3753 1541 αὐτὸς

2173 1579 2277 1647 ἔφα
2298 1577 2462 1648 (45),›
2491 1576 2524 1646 ἢ
2551 1575 2709 1628 ἄλλου
2743 1572 3072 1627 οὑτινοσοῦν.

2243 1666 2402 1722 Μετά
2426 1665 2598 1719 ταῦτα
2626 1663 2809 1727 πάλιν,
2834 1663 2911 1726 ὡς
2936 1660 3163 1732 σύνηθές
3191 1663 3340 1714 ἐστιν
3369 1659 3542 1729 αὐτῷ,
3584 1660 3749 1731 μηδὲν

2105 1727 2147 1782 Β
2173 1759 2605 1820 κατασκευάσας,
2655 1756 2775 1826 μηδ’
2821 1727 3108 1821 ἀποδείξας
3149 1755 3179 1804 ὁ
3228 1727 3751 1822 Κέλσοςίὼσπερεὶ

2170 1853 2265 1921 οὐχ
2284 1851 2445 1913 ὁσίως
2470 1847 2626 1919 ἡμῶν
2649 1847 2757 1899 οὐδ’
2775 1845 2986 1913 εὐαγῶς
3018 1845 3148 1916 περὶ
3178 1843 3272 1897 τοῦ
3306 1843 3442 1897 Θεοῦ
3470 1844 3753 1914 θρυλλούν-

2167 1959 2295 2005 των,
2313 1941 2492 2011 φησίν·
2524 1960 2542 1990 ι
2557 1941 2678 1990 ’Ότι
2702 1937 2799 2006 μὲν
2815 1931 2906 1989 οὖν
2927 1937 3025 2006 οὐχ
3044 1936 3207 1998 ὁσίως
3221 1934 3329 1988 οὐδ’
3353 1934 3564 2002 εὐαγῶς
3580 1934 3754 1989 ταῦτα

2167 2034 2294 2104 περὶ
2323 2031 2417 2086 τοῦ
2451 2030 2585 2085 Θεοῦ
2630 2028 2966 2102 θρυλλοῦσιν,
2984 2027 3204 2099 εῦδηλον
3232 2027 3369 2098 (“)-
3408 2045 3426 2078 ι
3467 2028 3560 2079 καὶ
3577 2027 3751 2080 οἴεταί

2166 2144 2228 2195 γε
2263 2126 2356 2179 ἐπὶ
2399 2123 2594 2194 θάμῦει
2627 2122 2738 2175 τῶν
2787 2120 3010 2175 ἰδιωτῶν
3043 2119 3198 2174 ταῦθ’
3223 2120 3372 2190 ἡμᾶς
3405 2120 3599 2183 ποιεῖν,
3629 2119 3751 2188 οὐχὶ

2164 2218 2222 2270 δὲ
2250 2215 2457 2286 τάληθῆ
2504 2216 2633 2285 περὶ
2679 2212 2954 2266 κολάσεων
2991 2210 3249 2280 λέγοντας
3290 2208 3603 2278 ἀναγκαίων
3636 2212 3750 2271 tot;

2165 2307 2523 2379 ἡμαρτηκόσι.
2556 2305 2756 2374 Διόπερ
2772 2303 3007 2373 ἐξομοιοῖ
3031 2303 3180 2372 ἡμᾶς
3210 2320 3229 2350 ι
3256 2304 3368 2363 τοῖς
3398 2303 3453 2352 ἐν
3474 2303 3594 2363 ταῖς
3613 2299 3752 2352 Bux-

2165 2403 2342 2471 χικαῖς
2380 2398 2621 2460 τελεταῖς
2650 2396 2721 2450 τά
2771 2396 3029 2465 φάσματα
3075 2394 3169 2446 καὶ
3211 2392 3441 2462 δείματα
3491 2391 3751 2462 προεισά-

2164 2508 2339 2560 γουσι.
2379 2508 2397 2540 ι
2436 2488 2571 2559 Περὶ
2614 2488 2714 2558 μὲν
2751 2483 2843 2539 οὖν
2882 2485 2990 2539 τῶν
3030 2482 3317 2554 Βακχικῶν
3360 2482 3590 2535 τελετῶν
3636 2484 3745 2534 εἴτε

2166 2582 2249 2644 τίς
2279 2581 2395 2633 ἐστι
2428 2578 2651 2640 πιθανὸς
2687 2578 2875 2645 λόγος,
2922 2575 3032 2628 εἴτε
3066 2574 3254 2645 μηδεὶς
3283 2573 3542 2637 τοιοῦτος,
3580 2574 3737 2641 λεγέ-

2164 2688 2341 2725 τωσαν
2371 2670 2652 2741 Ἕλληνες,
2681 2668 2777 2722 καὶ
2810 2668 3052 2721 ἀκουέτω
3085 2666 3291 2729 Κέλσος
3327 2667 3420 2720 καί
3452 2667 3500 2718 οἱ
3529 2665 3746 2719 συνθια-

2166 2764 2333 2817 σῶται
2358 2762 2542 2816 αὐτοῦ·
2576 2762 2739 2832 ἡμεῖς
2761 2760 2817 2813 δὲ
2842 2760 2969 2831 περὶ
2993 2758 3099 2810 τῶν
3126 2757 3412 2829 ἡμετέρων
3441 2757 3708 2824 ἀπολογοῦ
3721 2784 3745 2797 »-

2169 2853 2325 2924 μεθα,
2342 2853 2611 2921 λέγοντες,
2638 2852 2722 2903 ὅτι
2749 2850 2809 2902 τὸ
2845 2849 3207 2920 προκείμενον
3239 2849 3373 2918 ἡμῖν
3403 2849 3549 2899 ἐστιν
3573 2849 3743 2899 ἐπαν-

2168 2944 2363 3018 ορθοῦν
2398 2944 2459 2996 τὸ
2488 2943 2643 3012 γένος
2679 2943 2785 2997 τῶν
2825 2941 3125 3013 ἀνθρώπων
3175 2941 3284 2994 εἴτε
3325 2939 3415 2993 διά
3445 2940 3553 2993 τῶν
3612 2942 3747 3010 περὶ

2165 3038 2435 3091 κολάσεων
2467 3034 2724 3100 ἀπειλῶν,
2766 3034 2832 3097 ἃς
2864 3032 3207 3104 πεπείσμεθα
3248 3031 3553 3100 ἀναγκαίας
3599 3027 3745 3086 εἶναι

2162 3131 2241 3204 τῷ
2276 3131 2456 3193 παντὶ,
2506 3129 2646 3198 τάχα
2680 3128 2737 3181 δέ
2777 3126 2871 3179 καὶ
2908 3127 3021 3187 τοῖς
3052 3124 3392 3194 πεισομένοις
3438 3122 3610 3187 αὐτὰς
3640 3125 3743 3176 οὐκ

2161 3218 2466 3288 ἀχρήστους
2493 3214 2628 3286 (45)⁸
2657 3215 2766 3267 εἴτε
2789 3212 2876 3267 διὰ
2912 3211 3020 3265 τῶν
3048 3212 3140 3265 ἐπὶ
3168 3213 3293 3275 τοὺς
3325 3211 3505 3275 καλῶς
3540 3212 3738 3282 βεϐιω-

2160 3308 2324 3371 κότας
2352 3306 2692 3375 ἐπαγγελιῶν
2713 3345 2726 3369 ,
2770 3302 3136 3374 περιεχουσῶν
3169 3304 3239 3356 τά
3276 3305 3404 3375 περὶ
3432 3305 3533 3374 τῆς
3567 3322 3740 3374 μακα-

2161 3400 2283 3472 ρίας
2314 3402 2372 3452 ἐν
2409 3402 2475 3471 τῇ
2508 3397 2753 3469 βασιλείᾳ.
2784 3395 2878 3450 τοῦ
2911 3394 3046 3450 Θεοῦ
3078 3397 3193 3459 τοῖς
3232 3395 3405 3462 ἀξίοις
3450 3397 3543 3450 ὑπ’
3565 3397 3736 3451 αὐτοῦ

2160 3488 2536 3559 βασιλεύεσθαι
2570 3486 2922 3556 διεξαγωγῆς.

2228 3579 2383 3633 Μετά
2419 3578 2591 3631 ταῦτα
2636 3576 2955 3646 βουλόμενος
2995 3577 3144 3646 ἡμᾶς
3200 3574 3518 3648 παραδεῖξαι
3568 3578 3738 3648 μηδὲν

2157 3670 2456 3742 παράδοξον
2478 3652 2622 3741 ’μηδέ
2657 3668 2842 3722 καινὸν
2879 3667 3059 3736 λέγειν
3102 3669 3231 3740 περὶ
3264 3668 3652 3739 κατακλυσμοῦ
3695 3670 3731 3738 ἢ

2156 3763 2538 3834 ἐκπυρώσεως,
2591 3761 2728 3815 ἀλλά
2797 3760 2892 3814 καὶ
2940 3760 3395 3831 παρακούσαντας
3435 3760 3542 3814 τῶν
3597 3762 3733 3831 παρ’
3813 3833 3817 3837 _

2156 3854 2413 3924 Ἕλλησιν
2448 3851 2481 3922 ἢ
2525 3851 2819 3923 βαρϐάροις
2852 3850 2980 3922 περὶ
3020 3851 3224 3904 τούτων
3263 3850 3568 3921 λεγομένων
3606 3840 3731 3913 ταῖς

2153 3942 2449 4014 ἡμετέραις
2474 3940 2890 3994 πεπιστευκέναι
2924 3940 3051 4011 περὶ
3072 3938 3252 3993 αὐτῶν
3284 3941 3549 4011 Γραφαῖς,
3592 3941 3729 4010 φησὶ

2152 4031 2324 4085 ταῦτα
2343 4048 2358 4062 ·
2392 4050 2411 4082 ι
2456 4030 2685 4100 Ἐπῆλθε
2711 4030 2755 4082 δ’
2778 4030 2958 4092 αὐτοῖς
3004 4030 3097 4082 καὶ
3130 4029 3303 4082 ταῦτα
3332 4030 3551 4082 ἐκείνων
3581 4046 3724 4099 παρ-

2152 4123 2445 4176 ακούσασιν
2472 4161 2488 4186 ,
2549 4121 2629 4173 ὅτι
2670 4120 2734 4190 δὴ
2770 4121 2912 4173 κατὰ
2957 4120 3162 4189 χρόνων
3206 4119 3429 4191 μακρῶν
3462 4119 3719 4182 κύκλους,

2151 4215 2246 4268 καὶ
2285 4214 2499 4283 ἄστρων
2532 4209 2824 4272 ἐπανόδους
2853 4225 2912 4261 τε
2946 4210 3041 4262 καὶ
3078 4208 3355 4272 συνόδους,
3383 4209 3721 4279 ἐκπυρώσεις

2149 4306 2244 4359 καὶ
2282 4303 2594 4364 ἐπικλύσεις
2634 4300 3020 4370 συμϐαίνουσιν
3041 4317 3054 4331 ·
3088 4301 3182 4354 καὶ
3215 4301 3298 4354 ὅτι
3331 4299 3471 4371 μετά
3506 4300 3597 4355 τὸν
3630 4318 3719 4354 τε-

476 4406 662 4445 rerum
695 4392 937 4445 omnium
969 4390 1397 4447 vicissitudinem
1432 4392 1732 4462 postulare,
1755 4401 1815 4447 ut
1843 4393 2041 4449 conﬁa-

2163 4395 2393 4447 tsumiov
2440 4390 2531 4443 ἐπὶ
2566 4387 2932 4450 Δευκαλίωνος
2978 4387 3361 4459 κατακλυσμὸν
3390 4390 3423 4459 ἡ
3464 4390 3711 4460 περίοδος

476 4483 656 4547 gratio
683 4482 796 4535 ﬁat.
821 4482 956 4537 Hinc
978 4485 1183 4538 erroris
1208 4498 1404 4539 causa:
1428 4484 1558 4538 hinc
1575 4493 1661 4539 est
1686 4484 1830 4554 quod
1861 4485 2045 4540 dicant

2163 4484 2282 4542 ιατά
2311 4482 2407 4553 τὴν
2428 4480 2520 4534 τοῦ
2539 4480 2672 4532 ὅλων
2694 4477 2928 4549 ἀμοιϐὴν
2953 4478 3262 4550 ἐκπύρωσιν
3287 4480 3535 4533 ἀπαιτεῖ*
3563 4481 3715 4533 ταῦτ’

475 4570 644 4625 Deum
683 4574 1071 4627 descensurum
1120 4589 1240 4630 esse
1274 4577 1500 4632 tortoris
1543 4577 1719 4632 instar
1768 4588 2039 4632 armatum

477 4661 623 4729 igne.
657 4682 676 4713 ι
698 4664 778 4716 Ad
808 4679 927 4731 quae
948 4679 1052 4719 nos
1086 4682 1100 4718 :
1137 4666 1331 4719 mirum
1364 4681 1496 4721 sane
1523 4676 1605 4721 est
1624 4668 1839 4722 Celsum
1867 4670 2043 4723 homi-

474 4764 601 4802 nem
653 4753 836 4807 multae
916 4755 1164 4811 lectionis
1224 4756 1628 4826 multarumque
1683 4758 2038 4812 historiarum

476 4837 762 4903 scientem,
814 4844 1146 4909 praeteriisse
1195 4845 1393 4916 llloysis
1427 4846 1829 4914 antiquitatem,
1877 4862 2037 4914 quem

477 4936 653 4984 tamen
681 4945 712 4984 e
733 4932 936 4988 Grazcis
963 4937 1206 4990 nonnulli
1232 4949 1421 4992 natum
1449 4939 1691 4993 referunt
1725 4939 1867 4991 circa
1902 4947 2037 4992 tem-

547 5065 587 5096 ³¹
618 5066 751 5121 Luc.
790 5082 906 5131 vttt,
938 5067 987 5121 5.

542 5210 654 5283 (43)
685 5210 843 5265 Libb.
883 5209 1014 5283 editi
1060 5209 1112 5262 in
1151 5207 1605 5283 margiuefa'ratt,
1657 5207 1814 5283 male.
1850 5209 2024 5283 liuius

469 5277 573 5335 Ιοόί
603 5277 797 5336 sensus
826 5289 880 5334 et
911 5281 1045 5349 ordo
1069 5288 1170 5349 est,
1195 5277 1615 5349 ἀρκεσθῆναιτῶ
1636 5278 1843 5343 τούτου,
1871 5278 2028 5341 αὐτὸς

466 5351 592 5420 ἔφα,
630 5350 850 5421 μᾶλλον,
889 5349 922 5419 ἢ
948 5347 1026 5418 τῷ
1059 5347 1215 5421 ἄλλου
1236 5347 1560 5421 οὑτινοσοῦν,
1589 5347 1733 5416 quod
1746 5350 2032 5421 monuisse

469 5417 574 5473 non
600 5417 789 5474 inutile
812 5417 1004 5474 visunt
1026 5428 1111 5473 est
1135 5419 1205 5470 ob
1235 5417 1447 5471 Gelenii
1481 5417 1793 5488 interpretis
1821 5427 1874 5470 et
1896 5417 2030 5470 alio-

468 5504 586 5542 rum
617 5489 845 5556 lapsum.

536 5556 647 5626 (44)
671 5555 972 5625 Εὔδηλον.
1007 5557 1171 5611 Forte
1200 5555 1442 5626 ἔκδηλον.

538 5624 648 5695 (45)
693 5624 1218 5695 οὐκάγρήστους,
1245 5624 1351 5680 etc.
1386 5624 1517 5678 Vide
1565 5625 1700 5680 infra
1748 5641 1897 5679 num.
1933 5624 2021 5686 l3,

473 5695 536 5746 14
565 5704 619 5747 et
659 5695 757 5760 69;
801 5695 896 5750 lib.
935 5712 989 5762 ν,
1035 5713 1182 5750 nutu.
1219 5697 1306 5762 14,
1348 5697 1434 5765 15,
1475 5695 1540 5750 16
1582 5705 1636 5750 et
1675 5697 1779 5763 l7;
1820 5697 1911 5750 lib.
1947 5710 2021 5758 rt,

2141 4576 2339 4638 αὐτοὺς
2373 4572 2483 4644 (46)
2526 4570 2782 4641 ἐποίησεν
2814 4568 3128 4642 ἐσφαλμένῃ
3161 4568 3286 4642 δόξῃ
3326 4569 3536 4640 λέγειν,
3566 4572 3645 4624 ὅτι
3683 4573 3712 4623 ὁ

2139 4668 2271 4729 Θεὸς
2288 4664 2655 4735 καταϐήσεται
2682 4661 2840 4731 δίκην
2869 4661 3193 4731 βασανιστοῦ
3212 4662 3322 4734 πῦρ
3345 4663 3545 4733 φέρων.
3568 4683 3587 4716 ι
3605 4664 3711 4717 Καὶ

2138 4756 2275 4829 πρὸς
2311 4754 2481 4809 ταῦτα
2507 4752 2564 4807 δὲ
2598 4753 2864 4823 φήσομεν,
2914 4752 2995 4804 ὅτι
3041 4753 3140 4805 οὐκ
3181 4749 3275 4805 οἶδ’
3297 4754 3445 4817 ὅπως
3484 4756 3513 4806 ὁ
3542 4754 3711 4808 πολλὰ

2143 4846 2408 4915 ἀναγνοὺς
2439 4842 2533 4897 καὶ
2559 4842 2797 4913 ἱστορίας
2824 4840 3024 4905 πολλὰς
3048 4842 3451 4915 ἐπιδειξάμενος
3477 4846 3711 4912 ἀνεγνω-

2144 4938 2299 4991 κέναι
2327 4936 2533 4999 Κέλσος
2569 4934 2668 4987 ούκ
2713 4932 2911 4986 ἐπέστη
2942 4936 3007 5005 τῇ
3045 4934 3325 4998 Μωῦσέως
3352 4937 3704 5008 ἀρχαιότητι,

2138 5226 2289 5264 num.
2326 5208 2547 5274 70;lib.
2574 5224 2694 5273 vm,
2734 5225 2884 5262 num.
2920 5208 3008 5275 48,
3035 5208 3125 5262 72.
3175 5209 3249 5263 De
3286 5210 3460 5277 pomis
3486 5217 3539 5261 et
3565 5224 3700 5277 prae-

2138 5281 2261 5333 miis
2290 5282 2419 5349 quid
2451 5280 2706 5346 opinatus
2740 5278 2812 5331 sit
2838 5279 3100 5348 Origenes
3123 5279 3247 5349 vide
3274 5281 3412 5346 apud
3450 5278 3698 5333 lluetiutn

2139 5348 2583 5418 Origeitiauorum
2608 5350 2700 5401 lib.
2734 5364 2794 5409 tt,
2824 5351 3120 5415 qumstione
3148 5348 3234 5418 11.

2209 5415 2319 5483 (έίϐ)
2364 5417 2702 5471 lltnschelius
2756 5419 2805 5471 in
2864 5430 3007 5470 textu
3036 5459 3048 5477 ,
3091 5417 3234 5471 τοῦτ’
3262 5415 3477 5479 αὐτούς.
3530 5416 3697 5470 Paulo

2140 5488 2417 5555 postidem
2458 5488 2510 5557 in
2542 5489 2807 5557 margine,
2836 5486 3215 5557 ἐπιδεξάμενος
3241 5487 3539 5557 ἐγνωκέναι
3562 5485 3696 5539 Κέλ-

2137 5574 2228 5620 σος
2259 5558 2358 5609 ούκ
2399 5556 2684 5625 ἐπέστησε.
2719 5556 2864 5610 lnl'ra
2899 5558 3038 5611 idem
3066 5556 3122 5610 in
3168 5566 3338 5620 textu,
3372 5558 3400 5608 ὁ
3436 5556 3690 5625 βουλόμε-

2134 5628 2221 5691 νός
2242 5643 2304 5694 γε
2327 5624 2648 5692 ἀναγνῶναι.
