3986 6164
372 288 503 342 ill-li

1527 291 1798 346 CONTRA
1835 290 2109 345 CELSUM
2151 292 2276 345 LIB.
2322 288 2408 345 IV.

3399 353 3406 360 _
3468 294 3600 345 tota

367 410 750 480 ίστορουμένου
788 409 892 461 ὑπό
961 420 1122 457 τινων
1187 404 1512 475 Ἑλληνικῶν
1580 405 1905 476 συγγραφέω

2006 457 2007 461 η
2041 423 2169 475 pora
2204 406 2386 461 Inachi
2423 405 2594 474 patris
2621 403 2925 468 Phoronei,
2969 417 3130 472 quem
3173 401 3413 473 Egyptii
3463 405 3600 456 anti-

362 510 501 546 κατα
527 494 653 555 τοὺς
671 492 895 562 χρόνους
926 494 1203 562 γεγονέναι
1255 496 1459 565 Ἰνάχου
1480 497 1571 548 τοῦ
1606 498 1894 567 Φορωνέως
1915 517 1926 527 ·

362 585 454 637 καὶ
483 585 589 636 ὑπὸ
622 585 934 651 Αἰγυπτίων
956 585 1001 638 δ’
1030 586 1382 656 ἀρχαιότατος
1407 584 1544 641 εἶναι
1570 588 1929 656 ὁμολογεῖται,

359 675 494 726 ἀλλὰ
522 676 615 727 καὶ
643 675 748 727 ὑπὸ
775 676 882 729 τῶν
918 677 985 729 τὰ
1016 676 1294 730 Φοινικικὰ
1324 679 1926 749 πραγματευσαμένων.

357 763 464 815 Καὶ
496 766 524 816 6
556 763 878 835 βουλόμενός
902 783 966 834 γε
1007 766 1301 835 ἀναγνώτω
1333 769 1400 820 τά
1423 768 1518 821 τοῦ
1551 767 1781 821 Φλαϐίου
1826 771 1933 820 ἰω-

357 856 531 923 σήπου
570 856 708 922 Περὶ
731 855 839 924 τῆς
864 856 1163 911 Ἰουδαίων
1182 857 1568 926 ἀρχαιότητος
1600 859 1690 910 δύο
1719 859 1925 929 βιϐλία·

357 943 444 996 ἵνα
476 943 590 1014 γνῷ
631 945 751 997 τίνα
790 946 990 1016 τρόπον
1036 948 1390 1019 ἀρχαιότερος
1429 944 1496 1018 ἦν
1540 949 1778 1018 Μωῡσῆς
1818 947 1928 1001 τῶν

355 1033 496 1087 κατά
529 1035 733 1106 χρόνων
778 1023 993 1106 μακρὰς
1041 1037 1321 1107 περιόδους
1368 1037 1788 1106 κατακλυσμοὺς
1837 1038 1929 1089 καὶ

355 1126 692 1196 ἐκπυρώσεις
732 1129 1018 1198 φησάντων
1059 1128 1338 1196 γίγνεσθαι
1379 1129 1435 1180 ὲν
1481 1129 1556 1198 τῷ
1603 1128 1813 1198 κόσμῳ·
1851 1123 1925 1182 ὧν

355 1218 761 1287 παρακηκοέναι
791 1217 936 1286 λέγει
969 1221 996 1270 6
1025 1219 1227 1281 Κέλσος
1255 1219 1537 1282 Ἰουδαίους
1568 1220 1659 1271 καὶ
1677 1222 1930 1289 Χριστια-

2033 499 2352 566 quissitnttln
2387 510 2507 550 esse
2539 496 2870 550 conﬁtentur
2893 535 2908 558 ,
2957 509 3164 548 necnon
3196 493 3596 563 thniciurum

2035 604 2214 641 rerum
2255 591 2574 654 scriptores.
2629 586 2856 640 Evolvat
2895 599 3134 654 quoque,
3187 587 3228 639 si
3271 584 3439 646 lubet,
3465 584 3598 637 duos

2031 681 2202 735 Flavii
2233 681 2449 748 Josephi
2481 681 2553 732 De
2580 679 2887 733 Juda'orum
2917 679 3226 746 antiquitate
3258 678 3442 732 libros.
3463 676 3599 730 llinc

2034 773 2206 825 discet
2225 780 2431 840 quanto
2459 769 2670 838 Moyses
2689 769 2952 822 vetustior
2979 767 3048 820 sit
3067 767 3132 821 iis
3154 768 3243 834 qui
3273 775 3394 834 post
3416 765 3596 832 elapsa

2030 863 2187 929 longa
2230 873 2471 930 tempora
2513 861 2711 913 diluvia
2752 862 2801 913 in
2837 861 2941 914 hoc
2987 859 3185 913 mundo
3211 869 3264 911 et
3300 857 3600 925 conﬂagra-

2035 951 2209 1004 tiones
2247 951 2362 1004 ﬁeri
2391 949 2681 1012 dixerunt;
2713 962 2979 1017 quosque,
3013 950 3054 1002 si
3089 948 3248 1004 Celso
3280 947 3432 1011 ﬁdes,
3469 949 3594 1015 quia

2030 1039 2174 1094 male
2214 1039 2597 1094 intellexerunt
2637 1035 2806 1092 Judaei
2849 1049 2905 1095 et
2932 1038 3247 1101 Christiani,
3294 1047 3350 1090 ut
3394 1045 3450 1090 et
3479 1051 3598 1102 qtae

2030 1131 2098 1184 de
2138 1130 2564 1200 conﬂagratione
2612 1134 2911 1194 docerent,
2948 1130 3198 1184 dixerunt
3233 1147 3251 1179 ι
3298 1128 3461 1182 Deum
3503 1127 3597 1180 de-

2030 1235 2350 1274 scensurum
2381 1234 2500 1274 esse
2529 1220 2752 1274 tortoris
2783 1220 2956 1273 instar
2983 1227 3248 1272 armatum
3295 1219 3435 1285 igne.
3464 1235 3483 1268 ι

353 1311 494 1374 νούς’
522 1314 613 1365 καὶ
631 1314 704 1383 μὴ
729 1314 1024 1384 νοήσαντας
1046 1313 1113 1366 τὰ
1171 1314 1298 1384 περὶ
1339 1313 1702 1385 ἐκπυρώσεως
1748 1315 2052 1385 εἰρηκέναι,
2100 1316 2181 1368 ὅτι
2214 1334 2231 1366 ι
2265 1315 2444 1378 όΘεὸς
2501 1314 2870 1385 καταϐήσεται
2917 1313 3068 1382 δίκην
3131 1310 3449 1381 βασανιστοῦ
3485 1308 3595 1381 πῦρ

354 1403 554 1472 φέρων.
595 1422 613 1454 ι

425 1495 656 1567 Πότερον
691 1497 790 1564 μὲν
813 1493 907 1551 οῦν
939 1499 1043 1550 εἰσι
1073 1497 1330 1568 περίοδοι,
1362 1498 1455 1550 καὶ
1483 1497 1622 1550 κατά
1649 1499 1925 1569 περιόδους
1957 1508 1997 1560 Β

350 1584 727 1656 κατακλυσμοὶ
811 1588 1168 1659 ὲκπυρώσεις,
1199 1588 1231 1657 ἢ
1253 1589 1325 1658 μή
1364 1591 1492 1652 εἰσι,
1521 1589 1615 1642 καί
1640 1591 1688 1641 εί
1711 1589 1926 1642 ἐπίστα-

347 1692 440 1728 ται
483 1678 574 1730 καὶ
605 1676 756 1732 ταῦθ’
781 1680 810 1732 6
836 1677 1012 1747 λόγος,
1048 1683 1105 1733 ἐν
1133 1680 1345 1743 πολλοῖς
1385 1681 1504 1750 μὲν,
1543 1682 1637 1734 καὶ
1669 1683 1726 1733 έν
1767 1676 1847 1744 οἷς
1868 1682 1923 1734 δὲ

349 1764 598 1835 Σολομὼν
630 1785 782 1838 φησι,
813 1788 832 1820 ι
871 1770 936 1822 Τί
974 1771 1035 1822 τὸ
1067 1770 1320 1838 γεγονός;
1361 1771 1500 1823 Αὐτὸ
1527 1771 1587 1823 τὸ
1625 1772 1923 1842 γενησόμε-

347 1871 456 1910 νον⁶
491 1876 509 1908 ι
535 1858 627 1910 καὶ
660 1877 680 1909 ι
718 1858 856 1912 Τίτὸ
891 1862 1286 1930 πεποιημένον;
1323 1862 1454 1914 αὐτὸ
1474 1863 1533 1914 τὸ
1564 1863 1921 1932 ποιηθησόμε-

345 1962 457 2010 νον,
494 1947 587 1999 καὶ
608 1948 676 2000 τὰ
703 1947 846 2020 ἑξῆς·
879 1968 897 2001 ι
932 1950 992 2002 οὐ
1023 1951 1114 2003 τοῦ
1152 1953 1418 2023 παρόντος
1452 1954 1568 2006 ἐστί
1606 1953 1800 2024 καιροῦ
1825 1954 1916 2007 λέσ

345 2052 480 2102 γειν.
519 2037 702 2108 Ἀρκεῖ
728 2039 834 2110 γὰρ
863 2039 1018 2110 μόνον
1037 2043 1561 2113 ὲπισημειὼσασθαι,
1587 2047 1668 2098 ὅτι
1698 2049 1918 2118 ἀρχαιό-

343 2143 494 2179 τατοι
525 2129 712 2199 ἄνδρες
746 2131 1025 2201 γενόμενοι
1066 2134 1306 2204 Μωῦσῆς
1339 2136 1430 2188 καί
1467 2155 1612 2201 τινες
1645 2140 1751 2193 τῶν
1786 2157 1915 2210 προ-

345 2211 549 2280 φητῶν,
583 2214 643 2264 οὐ
663 2218 787 2286 παρ’
816 2217 1018 2288 ἑτέρων
1038 2218 1290 2288 εἰλήφασι
1309 2223 1377 2274 τὰ
1408 2221 1653 2296 περὶτῆς
1686 2227 1777 2279 τοῦ
1825 2229 1914 2281 κό-

345 2318 483 2372 σμου
531 2305 926 2376 έκπυρώσεως’
977 2311 1093 2363 ἀλλ’
1119 2311 1202 2382 (εἰ
1259 2315 1362 2386 χρὴ
1403 2317 1771 2388 ἐπιστήσαντα
1803 2325 1913 2384 τοῖς

341 2393 552 2462 χρόνοις
585 2398 778 2463 εἰπεῖν)
799 2438 813 2462 ,
849 2399 1046 2467 μᾶλλον
1078 2402 1279 2457 τούτων
1321 2404 1498 2476 ἕτεροι
1531 2410 1913 2478 παρακούσαν-

339 2500 450 2548 τες,
488 2487 580 2538 καὶ
611 2488 685 2557 μὴ
721 2489 1125 2558 ἀκριϐώσαντες
1161 2497 1226 2548 τὰ
1256 2496 1361 2548 ὑπὸ
1393 2498 1596 2551 τούτων
1623 2500 1908 2570 λεγόμενα,

338 2573 651 2629 ἀνέπλασαν
675 2578 813 2630 κατά
843 2582 1126 2651 περιόδους
1153 2587 1483 2656 ταυτότητας
1503 2588 1634 2657 (47),
1653 2591 1746 2642 καὶ
1772 2593 1911 2643 ἀπα-

342 2661 672 2730 ραλλάκτους
683 2670 792 2729 τοῖς
818 2668 966 2732 ἰδίοις
987 2673 1156 2736 ποιοῖς
1171 2675 1267 2726 καὶ
1282 2677 1391 2736 τοῖς
1411 2677 1806 2748 συμϐεϐηκόσιν
1823 2682 1908 2732 αὐ-

337 2755 468 2816 τοῖς.
512 2755 702 2824 Ἡμεῖς
715 2758 770 2810 δὲ
787 2759 909 2812 οὔτε
941 2762 1030 2816 τὸν
1047 2765 1429 2836 κατακλυσμὸν
1466 2767 1588 2821 οὔτε
1619 2769 1717 2840 τὴν
1748 2771 1906 2824 ἐκπύ-

2105 1499 2195 1552 12.
2241 1499 2348 1552 Sed
2376 1509 2554 1551 utrum
2579 1495 2962 1549 conversiones
2993 1504 3289 1563 temporum
3315 1498 3425 1550 sint
3455 1509 3507 1551 et
3539 1501 3590 1552 in

2028 1589 2134 1642 illis
2160 1588 2610 1642 conversionibus
2629 1587 2824 1640 diluvia
2852 1596 2946 1639 aut
2963 1586 3433 1654 conﬂagrationes,
3453 1606 3592 1642 anne

2024 1677 2260 1741 sint;an
2314 1676 2504 1727 harum
2560 1689 2743 1728 rerum
2795 1673 3074 1743 Scriptura
3123 1675 3430 1728 meminerit
3468 1693 3588 1731 cum

2023 1767 2149 1821 alibi
2183 1777 2295 1819 tum
2344 1766 2449 1820 hoc
2499 1765 2807 1819 Salomonis
2854 1765 3021 1819 loco:
3070 1783 3088 1816 ι
3127 1765 3264 1829 Quid
3317 1776 3399 1818 est
3449 1770 3590 1833 quod

2021 1859 2164 1911 luit?
2191 1859 2366 1927 ipsum
2394 1858 2534 1925 quod
2571 1858 2810 1910 futurum
2836 1868 2938 1910 eSt.
2959 1857 3097 1920 Quid
3124 1867 3204 1908 est
3223 1857 3363 1924 quod
3389 1857 3587 1911 factum

2019 1952 2138 2003 esr‘!
2170 1949 2347 2016 ipsum
2385 1949 2526 2017 quod
2560 1947 2866 2002 faciendum
2900 1955 2982 2002 est
3007 1946 3050 1976 ³¹
3085 1985 3100 2009 ,
3126 1957 3273 2013 etc.;
3315 1967 3333 1999 ι
3368 1965 3472 2000 ιιοιι
3505 1961 3590 2003 est

2020 2039 2306 2107 prmsentis
2339 2037 2597 2105 temporis
2628 2037 2945 2105 disputatio.
2973 2036 3279 2092 Observare
3309 2039 3444 2092 satis
3472 2037 3590 2092 l'uc—

2021 2131 2110 2194 rit,
2143 2130 2284 2198 quod
2319 2128 2684 2197 antiquissimi
2720 2127 2820 2180 viri
2863 2127 3071 2194 Moyses
3111 2137 3164 2180 et
3201 2129 3419 2195 quidam
3466 2144 3587 2197 pro-

2015 2221 2190 2288 phetae
2215 2219 2280 2272 de
2297 2216 2721 2286 conﬂagratione
2751 2216 3023 2277 dixerunt,
3051 2215 3103 2268 id
3135 2229 3227 2268 eos
3251 2215 3318 2267 ab
3340 2215 3459 2268 aliis
3477 2231 3583 2268 non

2015 2311 2183 2365 fuisse
2230 2316 2525 2362 mutuatos.
2580 2305 2713 2369 lmo,
2759 2307 2803 2359 si
2852 2305 2905 2358 in
2963 2305 3299 2372 temporibus
3333 2304 3586 2358 insistere

2014 2407 2282 2469 Oporteat,
2310 2399 2398 2453 alii
2423 2399 2602 2468 potius
2625 2397 2746 2450 illos
2779 2398 2918 2450 male
2955 2396 3364 2460 intellexerunt,
3386 2405 3438 2450 et
3463 2412 3586 2464 qua:

2013 2493 2275 2547 docerent
2307 2505 2412 2545 non
2443 2499 2698 2544 accurate
2724 2488 3145 2558 perpenderunl.
3175 2485 3329 2541 Unde
3366 2488 3488 2552 fuit,
3528 2499 3585 2540 ut

2011 2582 2237 2649 singulis
2251 2592 2548 2650 temporum
2569 2578 3014 2634 conversionibus
3026 2577 3243 2630 eosdem
3258 2587 3483 2632 eventus
3502 2579 3584 2630 l‘u—

2012 2681 2159 2725 turos
2190 2671 2935 2740 conlinxerint,quieventus,
2960 2682 3058 2720 nec
3076 2667 3332 2736 pmpriis,
3368 2684 3466 2722 nec
3486 2671 3580 2721 ad-

2009 2761 2247 2814 ventitiis
2263 2761 2614 2829 qualitatibus
2641 2761 3032 2827 discreparent.
3059 2757 3211 2823 Quod
3239 2759 3305 2811 ad
3340 2773 3436 2811 nos
3453 2760 3580 2810 atti-

337 2860 502 2912 ρωσιν
528 2847 746 2910 κύκλοις
759 2850 851 2902 καὶ
863 2852 1104 2924 ἀστέρων
1123 2873 1189 2908 πε
1198 2825 1390 2926 ριόδόις
1405 2859 1623 2911 ἁνατίθε
1632 2825 1750 2929 μεν·
1768 2863 1903 2916 ἀλλὰ

2009 2860 2119 2912 net,
2152 2863 2249 2903 nec
2271 2849 2530 2902 diluvium
2575 2863 2677 2902 nec
2723 2847 3230 2915 conﬁragrationem
3261 2848 3483 2901 orbibus
3525 2858 3580 2901 et

332 2933 430 3003 τὴν
460 2935 662 2990 τούτων
687 2941 867 2994 αἰτίαν
887 2946 1063 3013 φαμὲν
1091 2941 1224 2999 εἶναι
1256 2948 1449 3002 κακίαν
1469 2950 1580 3019 (48)
1599 2952 1690 3003 ἐπὶ
1723 2953 1903 3006 πλεῖον

334 3022 616 3110 χελομένην,
659 3029 751 3080 καὶ
785 3029 1185 3104 καθαιρομένην
1227 3037 1595 3108 κατακλυσμῷ
1616 3078 1630 3102 ,
1667 3041 1698 3110 ἢ
1733 3044 1902 3094 ἐκπυ-

335 3108 516 3203 ρώσει.
549 3114 679 3167 Θεὸν
712 3117 767 3169 δὲ
801 3122 1192 3177 καταϐαίνοντα
1227 3126 1320 3178 ἐὰν
1349 3127 1578 3195 λέγωσιν
1619 3108 1903 3203 αίνπροφη-

332 3202 481 3296 τικαί
515 3207 687 3296 φωναὶ
700 3208 788 3259 τὸν
813 3212 1076 3280 φήσαντα,
1116 3234 1133 3265 ι
1164 3217 1297 3286 Οὐχὶ
1325 3219 1412 3270 τὸν
1435 3220 1658 3290 οὐρανὸν
1689 3225 1783 3276 καὶ

331 3291 433 3382 γῆν
462 3293 570 3360 ἐγὼ
604 3296 814 3368 πληρῶ,
839 3302 984 3370 λέγει
1013 3306 1246 3376 Κύριος;
1273 3327 1291 3358 ι
1320 3311 1769 3382 τροπολογοῦμεν.
1794 3291 1902 3370 Κα-

330 3381 572 3470 ταϐαίνει
615 3385 721 3459 γὰρ
766 3391 793 3440 ό
842 3390 973 3455 Θεὸς
1026 3396 1133 3447 ἀπὸ
1182 3396 1274 3449 τοῦ
1317 3399 1446 3451 ἰδίου
1503 3381 1763 3470 μεγέθους
1805 3407 1899 3459 καὶ

331 3469 515 3539 ὕψους,
544 3475 631 3526 ὅτε
671 3477 738 3530 τά
771 3479 876 3532 τῶν
914 3483 1214 3553 ἀνθρώπων
1244 3489 1337 3541 καὶ
1373 3491 1603 3557 μάλιστα
1629 3493 1734 3546 τῶν
1760 3495 1897 3562 φαύ-

327 3560 742 3652 λωνοίκονομεῖ.
769 3570 876 3622 Καὶ
901 3571 1085 3645 ὥσπερ
1109 3579 1140 3646 ή
1168 3579 1421 3649 συνήθεια
1448 3560 1897 3652 συγκαταϐαίνειν

326 3651 458 3720 φησὶ
498 3657 618 3748 τοῖς
639 3657 850 3724 νηπίοις
897 3664 1022 3725 τοὺς
1059 3664 1426 3732 διδασκάλους,
1473 3651 1566 3725 καὶ
1609 3678 1720 3738 τοῖς
1772 3678 1895 3748 ἄρτι

325 3747 713 3828 προτραπεῖσιν
737 3749 826 3800 ἐπὶ
851 3750 1164 3823 φιλοσοφίαν
1185 3757 1322 3821 νέοις
1346 3761 1469 3823 τοὺς
1500 3765 1694 3831 σοφοὺς
1721 3747 1896 3836 ἣτοὺς

323 3833 741 3902 προκόπτοντας,
791 3841 848 3892 οὑ
889 3843 966 3912 τῷ
1018 3849 1340 3915 σωματικῶς
1385 3852 1580 3916 αὐτοὺς
1630 3859 1892 3912 καταϐαί-

321 3938 450 3975 νειψ
485 3924 675 4018 οῦτως,
710 3929 887 3983 εἵπου
917 3933 1128 4002 λέγεται
1181 3939 1238 3990 ἐν
1276 3944 1398 4003 ταῖς
1442 3943 1611 4008 θείαις
1654 3947 1693 3997 Γ
1698 3955 1892 4018 ραφαῖς

325 4016 726 4106 (καταϐαίνειν
762 4039 780 4071 ι
826 4023 853 4074 6
889 4023 1038 4088 Θεὸς,
1085 4028 1346 4097 ἀνάλογον
1387 4037 1582 4086 νοεῖται
1629 4016 1891 4106 τῇνοὺ-τω-

319 4102 375 4242 gl.
400 4106 661 4208 χρωμένῃ
700 4108 776 4179 τῷ
805 4112 1026 4181 ὀνόματι
1055 4118 1328 4188 συνηθείᾳ,
1352 4119 1493 4172 οὕτω
1514 4122 1568 4174 δὲ
1589 4102 1723 4177 καῖε
1758 4129 1889 4181 ἀνα-

355 4209 542 4242 αινειν.
582 4217 599 4242 ι

355 4209 542 4247 αινειν.
581 4217 599 4247 ι

397 4485 549 4539 Ἐπεὶ
577 4488 633 4540 δὲ
657 4489 932 4559 χλευάζων
960 4495 988 4545 ό
1022 4495 1227 4559 Κέλσος
1257 4499 1420 4568 φησιν
1436 4501 1582 4569 ἡμᾶς
1606 4500 1781 4569 λέγειν
1796 4503 1886 4556 τὸν

314 4576 442 4628 Θεὸν
463 4576 619 4647 δίκην
649 4580 970 4650 βασανιστοῦ
1002 4585 1112 4657 πῦρ
1138 4588 1368 4658 φέροντα
1395 4592 1758 4656 καταϐαίνειν,
1791 4594 1884 4646 καὶ

313 4667 604 4734 ἀναγκάζει
630 4672 774 4740 ἡμᾶς
796 4675 856 4725 οὐ
879 4676 1019 4728 κατά
1047 4678 1233 4749 καιρὸν
1263 4680 1585 4751 βαθυτέρους
1614 4683 1883 4748 ἐξετάζειν

313 4755 518 4822 λόγους
571 4761 727 4828 ὀλίγα
768 4765 1030 4830 εἰπόντες,
1064 4770 1186 4822 ὅσον
1215 4769 1404 4837 γεῦσαι
1443 4773 1567 4836 τοὺς
1610 4775 1882 4844 ἀκροατὰς

312 4846 604 4914 ἀπολογίας
652 4853 1012 4926 καθαιροῦσης
1059 4858 1156 4929 τὴν
1192 4861 1312 4912 καθ’
1355 4861 1510 4932 ἡμῶν
1534 4864 1628 4916 τοῦ
1673 4865 1880 4918 Κέλσου

382 5073 446 5104 ³⁸·
474 5071 638 5126 Eccli.
669 5089 707 5136 ι,
732 5074 785 5126 9.
899 5078 940 5109 ³³
965 5079 1163 5134 Jerem.
1193 5097 1347 5148 xxui,
1370 5083 1458 5138 24.

381 5267 490 5338 (Π)
519 5270 912 5348 Ταυτόῃτας,
955 5283 1064 5348 etc1
1094 5273 1396 5348 Legcndnm
1423 5277 1654 5336 videtur.
1680 5280 1871 5330 ταυτό-

306 5337 473 5410 τητας
508 5337 952 5410 ἀπαραλλάκτους
980 5345 1090 5404 τοῖς
1133 5344 1279 5407 ἰδίοις
1314 5348 1483 5408 ποιοῖς
1523 5348 1752 5410 καὶτοῖς
1787 5351 1875 5400 αὑ-

307 5408 420 5487 τοῖς
454 5407 1045 5487 συμϐεϐηκόσιν.Αι)ιυΐ
1075 5407 1512 5487 llmsciieliumet
1545 5407 1871 5482 Spencernni

309 5475 533 5554 Ιςξξίευνέ
570 5475 853 5554 τοξςὶᾷζῳς
875 5475 1064 5554 ποιοῖς,
1103 5485 1193 5535 sed
1231 5483 1282 5535 in
1312 5485 1468 5536 codd.
1507 5475 1672 5544 uenio
1698 5496 1750 5540 et
1775 5487 1874 5538 Ba-

310 5546 544 5618 sileensj,
580 5551 692 5618 τοῖς
728 5549 876 5610 ἰδίοις
909 5553 1100 5612 ποιοῖς.

531 5617 776 5692 Κακίαν.
802 5619 945 5692 _\’ide
985 5611 1362 5692 Οιξξς.ᾉ11ι›ιιιῐ1.
1392 5622 1481 5689 9i,
1510 5611 1738 5683 ἰιῖἶιιιρ..
1771 5624 1857 5676 ho-

311 5684 422 5734 mil.
461 5687 512 5750 b‘,
565 5686 615 5738 in
665 5688 863 5752 Exod.,
915 5684 1108 5746 homil:
1149 5690 1264 5754 5,in
1319 5684 1478 5761 pSaIX
1508 5709 1686 5747 xxxvi.
1734 5695 1864 5748 Vide

2007 2941 2241 2993 siderum
2261 2940 2702 2994 conversionibus
2725 2939 3016 3007 illigamus;
3035 2940 3126 2993 sed
3151 2939 3339 2992 horum
3357 2954 3576 2991 causam

2003 3047 2125 3088 esse
2137 3033 2366 3087 dicimus
2384 3032 2700 3101 nequitiam,
2722 3045 2973 3099 quaacum
2994 3041 3149 3083 aucta
3167 3040 3244 3084 est
3262 3031 3574 3097 plurimum,

2005 3123 2208 3177 diluvio
2243 3132 2335 3177 aut
2365 3121 2796 3190 conﬂagratione
2824 3129 3103 3190 purgatur.
3132 3119 3295 3190 509
3334 3120 3488 3186 Quod
3529 3123 3573 3174 si

2003 3214 2170 3268 Deum
2198 3213 2278 3268 sic
2313 3215 2384 3267 ita
2427 3215 2492 3266 de
2523 3229 2580 3266 se
2609 3213 2916 3280 loquentem
2948 3228 2960 3263 :
3003 3231 3020 3262 ι
3057 3212 3244 3265 Nonne
3271 3214 3467 3265 coelum
3518 3223 3574 3267 et

2005 3316 2204 3361 terram
2253 3322 2351 3375 ego
2386 3307 2602 3374 impleo,
2638 3307 2770 3362 dicit
2819 3305 3075 3358 Dominus
3117 3305 3198 3358 3’?
3235 3323 3253 3356 ι
3298 3307 3574 3374 prephetae

2004 3403 2179 3448 tamen
2214 3395 2369 3463 quasi
2393 3397 2808 3451 descendentem
2840 3403 3228 3464 repra‘setttant
3255 3411 3268 3460 ;
3297 3395 3440 3448 hunc
3479 3395 3572 3448 de-

2001 3500 2249 3541 scensum
2288 3487 2514 3554 ﬁgurate
2541 3487 2862 3556 accipimus.
2907 3485 3197 3540 Descendit
3244 3485 3390 3537 enim
3431 3483 3571 3537 Deus

1999 3590 2029 3628 e
2053 3576 2267 3643 propria
2290 3591 2384 3630 sua
2421 3575 2794 3645 magnitudine
2828 3585 2881 3630 et
2911 3575 3215 3636 altitudine,
3241 3589 3361 3627 cum
3393 3589 3452 3627 se
3503 3573 3567 3624 ad

1997 3666 2277 3720 hominum
2303 3674 2356 3720 et
2380 3665 2645 3735 praecipue
2667 3667 2932 3720 malorum
2956 3666 3226 3718 curandas
3266 3681 3351 3718 res
3380 3664 3571 3718 demit-

1998 3758 2082 3810 tit.
2115 3756 2178 3808 Et
2222 3755 2674 3822 quemadmodum
2711 3755 2963 3823 loquendi
3015 3754 3350 3808 consuetudo
3382 3767 3567 3806 susce-

1996 3847 2074 3917 pit
2097 3857 2156 3900 ut
2192 3846 2464 3901 diceretur
2487 3846 2770 3914 magistros
2801 3844 2865 3899 ad
2900 3844 3265 3912 parvulorum,
3293 3845 3565 3910 sapientes

1995 3950 2086 3992 aut
2133 3938 2222 4006 qui
2278 3934 2642 4004 profecerunt,
2700 3937 2765 3988 ad
2812 3934 3216 3988 adolescentum
3271 3950 3461 3988 recens
3498 3936 3562 3987 ad

1992 4031 2384 4103 philosophiam
2418 4028 2774 4082 adducturum
2807 4037 3020 4095 captum
3054 4027 3403 4091 descendere,
3463 4040 3561 4079 nec

1990 4134 2171 4180 tamen
2201 4127 2290 4179 hic
2325 4126 2616 4180 descensus
2645 4123 2709 4176 de
2738 4136 2964 4189 corpore
3003 4121 3269 4187 accipitur
3304 4139 3315 4171 :
3349 4121 3420 4172 ita
3449 4121 3557 4172 sic-

1995 4218 2085 4272 ubi
2135 4219 2187 4271 in
2220 4216 2414 4270 divinis
2449 4213 2748 4280 Scripturis
2793 4213 2992 4264 dicitur
3040 4211 3179 4264 Deus
3206 4229 3225 4260 ι
3257 4212 3557 4264 descende-

1992 4324 2071 4372 re,
2108 4327 2126 4359 ι
2162 4309 2273 4360 hate
2327 4321 2450 4370 vox,
2487 4314 2543 4356 ut.
2582 4313 2637 4356 ct
2686 4321 2703 4353 ι
2749 4301 3044 4354 ascendere
3075 4300 3139 4364 ³³,
3187 4319 3204 4351 ι
3246 4315 3309 4352 ex
3351 4299 3554 4368 vulgari

1992 4400 2257 4454 sermonis
2288 4396 2677 4452 consuetudine
2705 4393 3045 4462 intelligenda
3068 4401 3169 4444 est.

2064 4492 2150 4546 15.
2179 4491 2442 4558 Quoniam
2476 4505 2604 4543 vero
2635 4487 2844 4539 derisor
2877 4486 2962 4538 ille
2991 4484 3182 4538 Celsus
3207 4483 3282 4535 ait
3321 4497 3418 4536 nos
3475 4482 3555 4534 di-

1991 4599 2134 4648 cere,
2167 4583 2332 4636 Deum
2365 4581 2584 4635 tortoris
2612 4582 2783 4635 instar
2805 4577 3132 4634 descendere
3155 4576 3329 4643 ignem
3360 4587 3468 4641 pra:
3496 4588 3554 4624 se

1989 4677 2279 4740 ferentem,
2311 4683 2363 4727 et
2390 4673 2532 4740 cogit
2565 4687 2662 4726 nos
2685 4669 3057 4736 intempestive
3089 4666 3142 4720 in
3176 4665 3551 4736 profundiores

1987 4766 2314 4837 quaestiones
2373 4762 2622 4832 ingredi;
2678 4776 2846 4829 pauca
2894 4760 3123 4828 primum
3186 4757 3428 4809 dicamus
3496 4763 3549 4807 et.

1989 4868 2251 4928 quantum
2291 4867 2512 4910 necesse
2541 4864 2624 4907 est
2657 4861 2716 4905 ut
2758 4850 3105 4914 defensionis,
3139 4863 3257 4917 qua:
3289 4847 3431 4901 Celsi
3477 4847 3545 4898 ri-

1545 5086 1588 5116 ”
1617 5085 1815 5142 Cenes.
1849 5101 1924 5149 xl,
1955 5084 2007 5146 5,
2033 5091 2087 5136 et
2119 5096 2248 5146 χιιι,
2277 5077 2366 5145 22,
2397 5087 2501 5130 ctc.

1981 5279 2226 5332 eumdem
2281 5278 2331 5330 in
2381 5275 2562 5329 homil.
2623 5274 2689 5336 8,
2754 5263 3306 5344 in_Exod.,A_homil.
3359 5263 3454 5344 8,I
3488 5260 3540 5310 in

1981 5328 2403 5409 Ῑλο-νῆίξὶιοιιιίιν.
2431 5345 2500 5399 25
2529 5346 2579 5397 in
2610 5328 2792 5404 Noun,
2837 5337 3024 5410 homil.
3053 5335 3119 5410 27
3162 5333 3406 5410 ibidem,“
3443 5328 3542 5405 ho-

1983 5397 2302 5470 Hatfield
2322 5397 2612 5470 Jeremiam
2635 5422 2688 5464 et
2717 5397 2809 5463 lib.
2832 5422 2926 5461 \‘lll
2961 5403 3242 5476 lﬂxplqna’t.
3279 5403 3330 5449 in
3363 5397 3538 5476 Epist.

2541 5493 2592 5535 et
2623 5481 2734 5555 ηιξ..
2763 5465 3148 5555 ιν,“ιιιι.ιιι.“ϐξ,
3181 5465 3531 5555 contruncat-

1981 5535 2349 5616 ἕέέηὶζξέιιιιὶ.
2387 5535 2633 5618 mium.
2678 5549 2762 5608 ιι,
2807 5535 3154 5618 4546,17,
3201 5547 3255 5588 et.
3286 5535 3536 5618 libram,

1975 5605 2121 5677 mini:
2161 5605 2399 5688 “£5,770,
2425 5605 2520 5673 '71.
2549 5618 2696 5688 rVide
2731 5605 2805 5669 sis
2854 5611 3014 5665 etiam
3059 5608 3322 5688 Cleni’ent.
3375 5605 3533 5657 Alex.

1975 5674 2276 5758 Sil-65:55,
2303 5674 2423 5761 paé.
2461 5687 2596 5752 536;
2621 5685 2870 5740 Stromat.
2902 5696 2955 5744 ν,
2982 5694 3102 5748 pag.
3131 5674 3254 5729 559.
