3986 6164
452 251 592 308 10ιό

1925 255 2245 314 ORIGENIS

3544 261 3683 316 10H

447 386 571 427 sum
601 377 940 443 compescat,
980 383 1194 447 gustum
1224 376 1498 432 auditores
1530 377 1761 432 habeant
1788 394 1802 443 ;
1833 386 2000 448 poste:

2118 377 2332 451 χλεύην,
2356 380 2446 433 ἐπὶ
2478 378 2546 433 τά
2571 378 2698 450 ἑξῆς
2711 376 3118 450 τραπησόμεθα.
3137 376 3348 448 Φησὶδὴ
3370 378 3399 430 ὁ
3424 377 3562 442 θεῖος
3587 376 3688 432 λό-

447 463 519 518 ad
561 463 767 534 reliqua
822 476 1007 537 perget
1051 468 1247 523 oratio.
1281 469 1471 521 Divina
1519 468 1794 537 Scriptura
1839 472 2005 525 Deum

446 561 693 607 nostrum
722 565 880 609 vocat
914 572 933 605 ι
969 554 1144 625 ignem
1170 566 1579 611 consumentem
1608 558 1675 622 ³³,
1713 577 1731 610 ι
1770 568 1824 613 et
1853 576 1871 607 ι
1909 557 2010 612 llu-

449 645 570 700 vios
622 646 763 715 ignis
801 645 932 699 dicit
959 646 1137 715 egredi
1172 662 1200 701 a
1233 646 1372 703 facie
1413 647 1531 715 ejus
1556 647 1624 711 ³⁵,
1668 666 1685 700 ι
1726 657 1780 702 et
1828 648 2006 716 ipsum

454 754 475 787 ι
508 737 713 806 ingredi
743 745 802 790 ut
834 736 1009 805 ignem
1050 737 1374 793 conﬁantem
1414 749 1468 793 et
1503 748 1753 809 tauquam
1783 740 2006 793 herbam

447 825 709 879 fullonum
748 834 806 878 ut
836 824 1034 880 conﬁet
1062 828 1320 896 populum
1347 844 1503 883 suum
1531 830 1596 881 ".
1629 848 1647 880 ι
1684 829 1820 896 Quia
1846 830 2009 899 igitur

443 912 585 967 Deus
629 921 712 966 est
751 913 889 982 ignis
937 928 1286 982 consumens,
1323 919 1451 988 quid
1479 928 1562 975 est
1616 920 1758 989 quod
1787 921 1854 972 ab
1918 920 2009 975 illo

442 1005 688 1058 consumi
732 1007 1025 1072 oporteat?
1064 1009 1305 1064 Dicimus
1344 1025 1443 1065 nos
1469 1010 1749 1078 malitiam,
1779 1020 1833 1066 et
1861 1027 2007 1081 quae-

443 1108 657 1163 cuuque
706 1096 774 1149 ab
827 1109 890 1150 ea
923 1098 1361 1165 proﬁciscuntur,
1394 1115 1622 1170 quaeque
1660 1102 1885 1173 ﬁgurate
1939 1102 2005 1154 li-

443 1197 628 1251 gnum,
692 1183 898 1238 [aenum
928 1195 983 1240 et
1022 1186 1217 1254 stipula
1242 1196 1545 1253 ‘vocantur,
1608 1205 1694 1244 res
1720 1205 1839 1244 esse
1870 1205 2006 1258 quas

442 1275 585 1328 Deus
627 1281 686 1329 ut
730 1275 870 1345 ignis
896 1279 1189 1332 consumit.
1224 1278 1393 1332 Malus
1434 1293 1565 1350 ergo
1595 1280 1796 1335 dicitur
1844 1296 2006 1349 super

438 1363 673 1431 positum
699 1366 849 1432 prius
872 1367 1194 1422 rationabile
1218 1367 1633 1423 fundamentum
1674 1369 2005 1439 supermdiﬁ-

441 1468 570 1510 care
603 1454 771 1525 ligna,
797 1454 1001 1511 frenum
1024 1466 1079 1511 et
1099 1459 1373 1528 stipulam.
1402 1459 1532 1527 Quae
1557 1462 1601 1515 si
1622 1461 1851 1531 probare
1877 1478 2003 1531 pos-

440 1546 515 1600 sit
558 1545 614 1600 in
640 1546 823 1600 animo
854 1562 958 1602 non
997 1548 1167 1605 fuisse
1205 1551 1322 1606 haec
1355 1554 1640 1618 scribenti,
1682 1554 1775 1607 sed
1824 1556 2006 1622 potius

439 1637 585 1692 dicta
615 1637 782 1693 fuisse
807 1639 873 1694 de
897 1641 1040 1697 malo
1058 1642 1149 1710 qui
1172 1659 1297 1697 vera
1321 1653 1375 1699 et
1400 1646 1618 1715 proprie
1654 1647 1800 1700 dicta
1833 1646 2000 1716 ligna,

438 1725 646 1781 foenum
700 1736 755 1783 et
805 1729 1059 1798 stipulam
1122 1735 1613 1802 superaediﬁcat",
1647 1737 1790 1792 hunc
1828 1738 2004 1807 ignem

440 1817 628 1885 utique
678 1833 998 1888 corporeum
1048 1830 1102 1874 et
1161 1823 1465 1878 seusihilem
1514 1826 1735 1893 intelligi
1783 1842 2003 1882 necesse

425 1906 562 1965 .erit.
597 1905 653 1960 Si
683 1916 862 1962 autem
891 1908 1114 1964 evidens
1142 1920 1223 1964 est
1254 1913 1562 1968 nominibus
1602 1915 1753 1982 ligni,
1788 1913 1916 1968 ﬁeni
1949 1925 2002 1971 et

437 1996 649 2066 stipulae
696 2012 860 2068 opera
907 2000 1031 2052 mali
1079 2001 1313 2055 hominis
1359 2003 1688 2072 signiﬁcari;
1731 2011 2001 2078 quomodo

435 2101 546 2143 non
576 2089 758 2143 statim
781 2093 1052 2146 succurrit
1083 2093 1301 2161 quinam
1342 2094 1482 2163 ignis
1511 2098 1859 2165 accipiendus
1905 2099 1998 2163 sit,

438 2192 548 2246 quo
594 2179 903 2249 hujusmodi
948 2183 1090 2252 ligna
1123 2185 1550 2239 consumentur?
1592 2204 1610 2237 ι
1650 2187 2001 2258 Uniuscnjus-

436 2283 543 2338 que
558 2285 715 2339 opus,
744 2271 916 2340 inquit
940 2272 1247 2342 Apostolus,
1278 2275 1436 2344 quale
1457 2277 1547 2342 sit,
1572 2277 1710 2346 ignis
1728 2280 1995 2347 probabit.

435 2359 495 2415 Si
525 2360 676 2429 cujus
710 2376 844 2430 opus
878 2365 1139 2418 manserit
1164 2366 1306 2433 quod
1345 2367 1819 2434 superaadiﬁcavit,
1856 2384 2001 2422 mer-

434 2451 622 2506 cedem
655 2453 907 2520 accipiet.
934 2455 989 2507 Si
1021 2455 1175 2524 cujus
1204 2470 1338 2524 0pus
1366 2458 1584 2521 arserit,
1612 2458 1997 2512 detrimentum

432 2543 669 2612 patietur
694 2542 762 2597 ³⁸.
797 2562 817 2595 ι
856 2544 953 2599 llic
995 2560 1129 2614 opus
1158 2556 1406 2600 exustum
1454 2548 1583 2616 quid
1610 2549 1754 2602 aliud
1795 2549 2003 2620 signiﬁ-

434 2640 720 2703 cat,quam
750 2634 1011 2705 quidquid
1036 2651 1099 2690 cx
1134 2638 1373 2706 nequitia
1400 2639 1617 2692 oritur?
1646 2640 1786 2693 Deus
1815 2652 1999 2694 noster

431 2720 603 2790 igitur
628 2740 647 2774 ι
673 2723 814 2792 ignis
839 2739 1162 2779 consumens
1200 2744 1219 2777 ι
1249 2737 1350 2791 est,
1385 2742 1495 2796 quo
1522 2742 1683 2783 sensu
1711 2729 1996 2796 explicavi.

439 2828 459 2861 ι
496 2811 803 2881 Ingreditur
849 2828 1058 2883 quoque
1118 2825 1176 2869 ut
1219 2816 1357 2885 ignis
1388 2816 1647 2881 conﬂans,
1691 2837 1711 2870 ι
1750 2828 1999 2872 naturam

435 2903 665 2958 rationis
708 2904 1022 2972 participem
1069 2916 1394 2974 purgatnrns
1440 2923 1469 2958 ιι
1517 2906 1735 2975 plumbo
1778 2908 1997 2962 malitia

434 2991 664 3060 aliisque
684 2993 911 3063 impuris
930 2994 1189 3056 materiis,
1212 3010 1330 3063 qua:
1345 3011 1588 3062 auream,
1613 3008 1671 3051 ut
1692 3001 1763 3051 ita
1789 2998 1996 3067 loquar,

434 3090 816 3151 argenteamve
842 3084 1034 3138 animae
1067 3094 1315 3141 naturam
1345 3087 1672 3142 adulteraut.
1717 3089 1808 3142 Sic
1833 3091 1999 3144 etiam

434 3169 582 3224 ﬂuvii
610 3170 751 3240 ignis
801 3171 983 3240 egredi
1023 3171 1274 3225 dicuntur
1299 3188 1329 3226 a
1374 3173 1511 3228 facie
1553 3174 1672 3241 Dci,
1703 3176 1768 3229 ad
1803 3190 2001 3230 consu-

439 3261 695 3314 mendum
724 3260 985 3329 quidquid
1014 3262 1267 3327 neqnitia:
1288 3264 1339 3316 in
1371 3272 1478 3316 tota
1506 3264 1685 3317 anima
1713 3266 2000 3319 admistum

434 3360 541 3405 est.
581 3352 757 3419 Atque
801 3353 915 3405 haec
963 3353 1235 3408 sulliciunt
1273 3353 1535 3408 adversus
1587 3355 1776 3409 istud:
1843 3355 2003 3426 510

443 3460 463 3493 ι
522 3440 660 3496 Hinc
712 3444 914 3498 erroris
974 3460 1136 3501 causa
1187 3464 1201 3500 :
1282 3446 1408 3499 hinc
1474 3456 1557 3501 est
1621 3447 1764 3515 quod
1818 3433 2003 3501 dicant

434 3532 604 3587 Deum
652 3535 1040 3591 descensurqu
1083 3550 1205 3591 esse
1258 3538 1479 3594 tortoris
1528 3537 1699 3591 instar
1729 3547 1998 3591 armatum

434 3625 580 3694 igne.
616 3644 641 3677 ι

505 3715 594 3772 ﬂ.
628 3716 781 3772 Nunc
816 3717 1090 3775 videamus
1135 3734 1252 3788 qum
1296 3719 1482 3775 Celsus
1522 3721 1778 3791 deinceps
1808 3737 2000 3791 magna

430 3807 797 3862 ostentatione
835 3811 1185 3876 pronuntiat:
1236 3829 1255 3862 ι
1292 3810 1396 3865 Sed
1442 3826 1578 3873 rem,
1609 3813 1805 3880 inquit,
1839 3813 2002 3868 altius

432 3905 763 3965 repetamus,
810 3899 968 3967 idque
1002 3900 1248 3968 pluribus
1289 3902 1640 3970 argumentis.
1671 3901 1816 3956 Nihil
1874 3904 1998 3958 novi

431 3986 628 4051 dicam,
687 3991 780 4041 sed
816 3987 1129 4056 jamdudum
1176 3991 1441 4045 confessa.
1491 3990 1631 4045 Deus
1686 4003 1768 4046 est
1804 3994 1997 4058 bonus,

432 4069 681 4139 pulcher,
711 4074 935 4136 beatus;
968 4075 1225 4145 quidquid
1265 4078 1707 4146 pulcherrimum,
1739 4081 1999 4149 quidquid

430 4162 695 4231 o‘ptimum
722 4173 824 4228 est,
852 4164 905 4218 in
936 4180 994 4220 se
1033 4167 1291 4221 continet.
1328 4168 1383 4222 Si
1413 4170 1691 4222 descendit
1719 4172 1783 4223 ad
1828 4171 2003 4225 homi-

428 4264 552 4319 nes,
580 4252 632 4307 id
663 4254 906 4318 profecto
934 4255 1052 4309 sine
1084 4257 1381 4310 mutatione
1410 4256 1525 4310 ﬁeri
1555 4273 1659 4311 non
1692 4267 1907 4327 potest;
1946 4270 2003 4314 et

2110 484 2204 535 γος
2234 468 2324 521 τὸν
2355 467 2486 521 Θεὸν
2508 468 2663 538 ἡμῶν
2692 463 2828 520 εἶναι
2882 486 2900 518 ι
2942 466 3053 537 πῦρ
3081 466 3490 520 καταναλίσκον·
3529 484 3549 516 ι
3582 466 3687 519 καὶ

2116 575 2135 607 ι
2170 558 2446 627 ποταμοὺς
2470 558 2638 628 πυρὸς
2653 556 2830 610 ἕλκειν
2857 555 3161 627 ἔμπροσθεν
3185 554 3371 608 αὐτοῦ’
3398 573 3415 604 ι
3437 554 3686 608 ἀλλὰκαὶ

2110 647 2271 701 αὑτὸν
2313 666 2331 697 ι
2372 648 2779 719 εἰσπορεύεσθαι
2812 648 2888 711 ὡς
2916 647 3026 718 πῦρ
3064 646 3450 716 χωνευτηρίου,
3479 646 3573 698 καὶ
3602 647 3685 709 ὡς

2110 740 2247 792 πόαν
2264 738 2586 802 πλυνόντων,
2608 739 2695 790 ἵνα
2709 737 2953 810 χωνεύσῃ
2969 737 3057 789 τὸν
3081 735 3436 789 ἐαυτοῦνλαόν.
3461 755 3479 787 ι
3514 735 3683 788 Ἐπάν

2108 828 2200 883 οὖν
2241 831 2460 900 λέγηται
2485 830 2594 901 πῦρ
2624 825 2759 882 εἷναι
2792 828 3200 884 καταναλίσκον.
3243 826 3531 898 ζητοῦμεν,
3559 829 3684 880 τίνα

2109 921 2308 992 πρέπει
2326 921 2428 972 ὑπὸ
2444 918 2577 972 Θεοῦ
2595 918 3074 971 καταναλίσκεσθαι
3091 936 3104 983 ;
3136 919 3242 971 Καί
3265 935 3463 987 φαμεν,
3484 918 3564 970 ὅτι
3583 917 3683 987 τὴν

2110 1011 2324 1075 κακίαν,
2358 1012 2451 1063 καὶ
2483 1011 2549 1062 τὰ
2580 1010 2673 1062 ἀπ’
2706 1009 2873 1079 αὐτῆς
2899 1009 3243 1079 πραττόμενα
3273 1008 3406 1079 (49),
3438 1008 3535 1061 καὶ
3558 1025 3687 1078 τρο-

2108 1096 2285 1163 πικῶς
2299 1100 2564 1169 λεγόμενα
2589 1098 2718 1162 ξύλα
2746 1095 2903 1161 εἶναι,
2930 1098 3023 1152 καὶ
3054 1098 3264 1168 χόρτον,
3284 1097 3376 1149 καὶ
3405 1097 3682 1166 καλάμην,

2107 1188 2487 1242 καταναλίσκει
2525 1190 2553 1240 ὁ
2578 1188 2709 1251 Θεὸς
2740 1187 2815 1250 ὡς
2855 1186 2985 1257 πῦρ.
3038 1185 3437 1254 Ἑποικοδομεῖν
3473 1184 3602 1252 γοῦν
3649 1185 3685 1237 ὀ

2108 1278 2308 1347 φαῦλος
2335 1277 2548 1348 λέγεται
2570 1277 2643 1347 τῷ
2670 1276 3196 1347 προῦποϐεϐλημένῳ
3221 1274 3423 1345 λογικῷ
3448 1274 3686 1344 θεμελίῳ

2109 1369 2238 1434 ξύλα
2261 1370 2351 1423 καὶ
2368 1372 2576 1440 χόρτον,
2611 1370 2705 1422 καὶ
2735 1368 3004 1439 καλάμην.
3029 1368 3092 1419 El
3129 1368 3224 1436 μὲν
3249 1363 3340 1419 οὖν
3374 1366 3485 1435 ἔχει
3513 1365 3682 1431 δεῖξαι

2106 1460 2279 1523 ἄλλως
2318 1460 2601 1530 νενοῆσθαι
2623 1459 2795 1513 ταῦτα
2830 1458 2902 1529 τῷ
2938 1458 3333 1530 ἀναγράψαντι,
3366 1458 3462 1509 καὶ
3492 1474 3683 1526 σωμα-

2106 1551 2271 1614 τικῶς
2310 1550 2533 1603 δύναταί
2562 1568 2644 1614 τις
2688 1550 3034 1622 παραστῆσαι
3084 1548 3537 1619 ὲποικοδομοῦντα
3589 1547 3681 1599 τὸν

2108 1642 2307 1712 φαῦλον
2338 1642 2466 1706 ξύλα
2492 1642 2523 1712 ἦ
2553 1644 2742 1712 χόρτον
2776 1641 2808 1712 ἢ
2852 1643 3121 1712 καλάμην⁸
3156 1641 3335 1710 δῆλον,
3376 1641 3458 1692 ὅτι
3490 1639 3585 1692 καὶ
3620 1639 3683 1691 τὸ

2033 1719 2074 1772 Β
2104 1736 2214 1806 πῦρ
2252 1735 2432 1788 ὑλικὸν
2480 1736 2572 1788 καὶ
2604 1733 2857 1804 αἰσθητὸν
2886 1733 3222 1804 νοηθήσεται·
3263 1735 3309 1785 εί
3346 1731 3391 1785 δ’
3422 1732 3685 1801 ἄντικρυς

2100 1824 2505 1896 τροπολογεϊται
2531 1824 2603 1877 τὰ
2634 1823 2724 1876 τοῦ
2751 1823 2952 1891 φαύλου
2989 1823 3123 1894 ἔργα
3147 1822 3278 1893 (50),
3308 1821 3573 1892 λεγόμενα
3598 1817 3684 1874 εἴ-

2101 1932 2187 1968 ναι
2217 1914 2346 1980 ξύλα
2371 1914 2402 1985 ἥ
2433 1914 2668 1986 χόρτοςῆ
2704 1915 2941 1984 καλάμη·
2976 1914 3093 1977 πῶς
3124 1915 3223 1965 οὐκ
3251 1912 3475 1965 αὐτόθεν
3511 1927 3685 1980 προσ-

2101 2006 2287 2058 πίπτει
2322 2005 2558 2057 ποδαπὸν
2590 2004 2700 2076 πῦρ
2723 2004 3225 2075 παραλαμϐάνεται,
3252 2003 3337 2055 ἵνα
3358 2002 3424 2054 τά
3452 1998 3685 2052 τοιαῦτα

2103 2097 2231 2162 ξύλα
2282 2097 2567 2167 ἀναλωθῇ;
2632 2115 2649 2147 ι
2710 2098 2967 2149 Ἐκάστου
3020 2097 3148 2166 γὰρ,
3212 2095 3363 2165 φησὶ,
3410 2094 3471 2145 τὸ
3518 2092 3684 2162 ἔργον

2099 2188 2278 2242 ὁποῖόν
2305 2190 2440 2251 ἐστι,
2470 2189 2530 2241 τὸ
2563 2188 2673 2259 πῦρ
2702 2188 3009 2258 δοκιμάσει.
3042 2187 3109 2239 Εἴ
3132 2203 3275 2249 τινος
3309 2186 3368 2237 τὸ
3390 2184 3545 2255 ἔργον
3577 2184 3680 2252 μέ-

2100 2280 2245 2345 νει,δ
2277 2280 2679 2350 ἐπῳκοδόμησε,
2711 2280 2897 2350 μισθὸν
2911 2279 3156 2349 λήψεταν
3186 2279 3240 2329 εἴ
3263 2295 3406 2340 τινος
3429 2277 3489 2328 τὸ
3518 2276 3685 2346 ἔργον

2100 2374 2523 2441 κατακαήσεται,
2558 2370 2976 2441 ζημιωθήσεται.
3020 2388 3038 2419 ›
3075 2370 3273 2439 Ἔργον
3310 2367 3366 2420 δὲ
3386 2366 3684 2419 κατακαιο-

2104 2479 2261 2532 μενον
2308 2464 2456 2514 ποῖον
2487 2461 2551 2514 ἂν
2575 2462 2633 2515 ὲν
2652 2460 2857 2523 τούτοις
2888 2459 3116 2527 λέγοιτο,
3140 2459 3173 2529 ἢ
3198 2460 3305 2511 πᾶν
3336 2458 3399 2510 τὸ
3431 2457 3539 2509 ἀπὸ
3576 2473 3681 2507 κα-

2101 2552 2224 2615 κίας
2253 2552 2651 2623 πραττόμενον;
2694 2551 2899 2604 Οὐκοῦν
2922 2554 2950 2604 ὀ
2980 2550 3111 2612 Θεὸς
3138 2548 3291 2620 ἡμῶν
3325 2567 3344 2599 ι
3378 2546 3489 2617 πῦρ
3512 2562 3680 2599 κατα-

2100 2643 2348 2696 ναλίσκον
2382 2662 2399 2692 ι
2434 2642 2568 2705 ἐστὶ,
2594 2642 2669 2701 ὡς
2698 2640 3133 2711 ἀποδεδώκαμεν·
3163 2639 3254 2692 καὶ
3281 2637 3453 2701 οὕτως
3487 2657 3505 2688 ι
3559 2638 3681 2688 εἰσ-

2101 2730 2409 2803 πορεύεται,
2467 2730 2543 2792 ὡς
2592 2729 2703 2801 πῦρ
2751 2732 3131 2802 χωνευτηρίου,
3180 2748 3198 2780 ι
3243 2727 3527 2798 χωνεύσων
3572 2726 3676 2797 τὴν

2100 2822 2320 2891 λογικὴν
2368 2820 2546 2889 φύσιν,
2597 2819 3027 2890 πεπληρωμένην
3060 2817 3155 2871 τοῦ
3193 2817 3297 2870 ἀπὸ
3328 2817 3423 2886 τῆς
3478 2814 3682 2877 κακίας

2105 2911 2386 2981 μολύϐδου,
2430 2909 2655 2964 καὶτῶν
2690 2910 2860 2963 ἄλλων
2900 2909 3223 2978 ἀκαθάρτων
3255 2906 3425 2969 ὑλῶν,
3452 2906 3549 2975 τὴν
3578 2903 3681 2957 τοῦ

2029 3035 2070 3091 C
2100 3002 2303 3073 χρυσοῦ
2334 3002 2434 3068 (ἵν’
2455 3001 2627 3064 οὕτως
2659 2999 2937 3091 ὀνομάσω)
2967 2999 3124 3091 φύσιν
3271 2998 3467 3091 ψυχῆς,
3500 2994 3534 3065 ἢ
3574 2994 3682 3091 τῂν

2105 3092 2369 3163 ἀργύρου,
2420 3091 2781 3144 δολωσάντων.
2813 3090 2967 3142 Οῦτω
3014 3090 3068 3142 δὲ
3100 3089 3192 3142 καὶ
3232 3088 3461 3156 ποταμοὶ
3502 3084 3682 3155 πυρὸς

2103 3181 2345 3251 λέγονται
2374 3181 2676 3252 ἔμπροσθεν
2691 3177 2827 3234 εἶναι
2856 3179 2947 3233 τοῦ
2967 3179 3122 3243 Θεοῦ,
3150 3177 3241 3232 τοῦ
3266 3176 3683 3246 ὲξαφανιοῦντος

2101 3272 2199 3342 τὴν
2232 3272 2295 3325 δι’
2316 3272 2439 3343 ὅλης
2469 3272 2565 3342 τῆς
2591 3271 2767 3341 ψυχῆς
2794 3269 3240 3341 ἀνακεκραμένην
3260 3268 3473 3322 κακίαν.
3511 3265 3681 3319 Ἀλλὰ

2102 3361 2209 3434 γὰρ
2225 3363 2382 3434 ἀρκεῖ
2394 3362 2561 3415 ταῦτα
2578 3362 2712 3432 πρὸς
2737 3360 2815 3413 τό’
2850 3380 2867 3411 ι
2893 3361 3053 3413 Ταῦτ’
3076 3361 3270 3431 αὐτοὺς
3291 3359 3538 3427 ἐποίησεν
3556 3357 3637 3425 (5|
3660 3366 3674 3419 )

2102 3451 2412 3522 ὲσφαλμένῃ
2458 3450 2580 3521 δόξῃ
2612 3451 2808 3519 λέγειν,
2842 3451 2923 3502 ὅτι
2953 3452 2981 3502 ὁ
3022 3450 3152 3513 Θεὸς
3196 3448 3557 3519 καταϐήσεται
3599 3447 3681 3500 δί-

2102 3559 2204 3615 κην
2222 3540 2544 3611 βασανιστοῦ
2571 3540 2682 3614 πῦρ
2706 3542 2903 3612 φέρων.
2946 3561 2965 3593 ι

2175 3718 2400 3787 Ἴδωμεν
2430 3717 2485 3770 δὲ
2514 3716 2608 3770 καὶ
2632 3716 2771 3789 ἀπερ
2794 3716 2921 3786 ἑξῆς
2946 3732 3105 3785 φησιν
3128 3717 3155 3768 ὁ
3185 3714 3386 3777 Κέλσος
3422 3711 3558 3783 μετά
3585 3730 3679 3784 με·

2102 3808 2273 3878 γάλης
2297 3807 2632 3875 ἀπαγγελίας
2658 3806 2843 3860 τοῦτον
2871 3807 2960 3859 τὸν
2990 3806 3208 3876 τρόπον·
3251 3824 3269 3855 ι
3310 3806 3428 3857 Ἔτι
3456 3804 3531 3865 δὲ,
3564 3821 3677 3872 φη-

2104 3894 2217 3965 σὶν,
2238 3898 2441 3952 ἀνωθεν
2470 3898 2707 3952 πλείοσιν
2734 3897 3067 3961 ἀποδείξεσιν
3090 3896 3442 3965 ἀναλάϐωμεν
3478 3894 3567 3948 τὸν
3590 3894 3678 3946 λό-

2101 4006 2216 4057 γον.
2250 3989 2407 4057 Λέγω
2432 3989 2489 4041 δὲ
2542 3988 2691 4040 οὐδὲν
2735 3989 2937 4051 καινὸν,
2981 3987 3113 4040 ἀλλά
3147 3986 3312 4040 πάλαι
3355 3984 3671 4054 δεδογμένα.

2113 4081 2171 4131 '0
2198 4078 2327 4141 Θεὸς
2367 4077 2568 4144 ἀγαθός
2610 4080 2743 4141 ἐστι,
2779 4078 2871 4130 καὶ
2902 4077 3087 4139 καλὸς,
3129 4076 3222 4129 καὶ
3253 4076 3538 4144 εὐδαίμων,
3577 4073 3673 4126 καὶ

2102 4169 2160 4221 ὲν
2189 4167 2268 4235 τῷ
2316 4165 2585 4235 καλλίστῳ
2623 4166 2716 4218 καὶ
2767 4166 2987 4236 ἀρίστῳ.
3036 4166 3098 4218 Εί
3136 4165 3198 4235 δὴ
3252 4166 3309 4227 ἐς
3350 4162 3675 4233 ἀνθρώπους

2103 4257 2331 4320 κάτεισι,
2365 4255 2660 4325 μεταϐολῆς
2688 4255 2833 4324 αὑτῷ
2855 4255 2950 4306 δεῖ’
2987 4254 3285 4324 μεταϐολῆς
3299 4253 3352 4306 δὲ
3378 4253 3434 4319 ἐξ
3461 4252 3671 4321 ἀγαθοῦ

429 4341 547 4397 haec
575 4345 801 4399 mutatio
827 4345 931 4399 erit
959 4360 1024 4399 ex
1058 4347 1198 4401 bono
1228 4348 1277 4400 in
1311 4346 1530 4415 malum,
1583 4362 1648 4402 ex
1677 4348 1900 4417 pulchro
1944 4350 1997 4402 in

2103 4349 2182 4411 είς
2212 4347 2399 4410 κακὸν,
2428 4349 2520 4399 καὶ
2557 4349 2620 4398 ὲκ
2648 4345 2811 4398 καλοῦ
2837 4348 2915 4409 είς
2944 4347 3189 4415 αἰσχρὸν,
3219 4345 3311 4398 καὶ
3345 4344 3402 4409 ἐξ
3426 4344 3673 4413 εὐδαιμο-

430 4440 660 4502 turpem,
692 4448 761 4487 ex
793 4434 946 4489 felice
976 4436 1028 4488 in
1060 4435 1349 4499 infelicem,
1376 4451 1440 4490 ex
1465 4438 1667 4506 Optimo
1689 4438 1742 4492 in
1779 4440 2000 4509 nequis-

428 4521 648 4576 simum.
682 4522 996 4593 Hujusmodi
1030 4527 1383 4580 mutationem
1426 4528 1611 4595 ecquis
1639 4528 1872 4595 experiri
1904 4543 1998 4583 ve-

425 4612 530 4668 lit?
566 4613 829 4669 Praeterea
885 4617 957 4670 rei
1000 4616 1215 4684 quidem
1268 4618 1513 4671 mortalis
1563 4626 1757 4671 natura
1794 4633 1857 4672 ea
1892 4627 1997 4681 est,

427 4712 549 4764 quae.
578 4700 774 4752 mutari
812 4700 1078 4769 aliamque
1108 4700 1336 4755 formam
1386 4703 1609 4756 induere
1646 4707 1853 4771 possit;
1893 4705 1999 4758 im-

427 4788 674 4841 mortalis
704 4804 852 4854 vero,
883 4801 941 4844 ut
969 4806 1073 4845 una
1101 4807 1316 4860 semper
1340 4801 1393 4846 et
1419 4794 1605 4846 eadem
1652 4806 1989 4861 permaneat.

426 4877 538 4931 Deo
568 4877 730 4945 igitur
749 4880 1039 4935 convenire
1076 4897 1182 4935 non
1202 4892 1375 4951 potest
1402 4884 1515 4936 haec
1539 4884 1789 4938 mutatio.
1828 4901 1846 4934 ι
1872 4883 1989 4937 Jam

426 4967 495 5022 ad
524 4972 637 5022 haec
659 4968 791 5023 satis
819 4970 947 5023 mihi
973 4971 1181 5025 videtur
1209 4986 1331 5026 esse
1377 4986 1716 5041 responsum,
1749 4987 1870 5026 cum
1899 4989 1993 5028 cx-

424 5064 580 5131 posui
610 5074 719 5131 quo
751 5075 911 5115 sensu
941 5063 1079 5116 Deus
1113 5063 1164 5114 in
1201 5063 1499 5133 Scripturis
1521 5066 1588 5118 ad
1620 5080 1704 5119 res
1729 5066 1990 5121 humanas

424 5154 755 5209 descendere
778 5152 1011 5206 dicatur.
1042 5153 1153 5207 Hoc
1190 5156 1330 5208 enim
1365 5166 1423 5207 ut
1455 5154 1635 5221 faciat,
1668 5156 1801 5209 nihil
1852 5173 1989 5225 opus

2096 4437 2214 4499 νίας
2259 4439 2337 4500 είς
2383 4436 2815 4506 κακοδαιμονίαν,
2867 4438 2961 4489 καὶ
2998 4439 3061 4489 ἐκ
3100 4436 3191 4489 τοῦ
3234 4437 3454 4507 ἀρίστου
3502 4437 3581 4497 είς
3608 4434 3671 4487 τὸ

2097 4527 2479 4597 πονηρότατον.
2514 4525 2607 4589 Τίς
2632 4524 2698 4578 ἂν
2723 4522 2815 4579 οῦν
2847 4525 3018 4578 ἕλοιτο
3042 4526 3297 4596 τοιαύτην
3336 4524 3664 4603 μεταϐολήνς

2096 4617 2206 4670 Καὶ
2237 4617 2338 4685 μὲν
2389 4616 2451 4686 δὴ
2481 4615 2558 4686 τῷ
2585 4615 2766 4686 θνητῷ
2822 4616 2922 4686 μὲν
2960 4616 3311 4669 ἀλλάττεσθαι
3363 4617 3457 4669 καλ⁵
3500 4632 3668 4685 μετα-

2098 4704 2425 4758 πλάττεσθαι
2460 4706 2618 4773 φύσις
2654 4706 2786 4775 (52)·
2824 4705 2901 4776 τῷ
2928 4706 2970 4759 δ’
3003 4706 3253 4777 ἀθανάτῳ
3275 4706 3417 4759 κατά
3439 4706 3506 4758 τά
3530 4705 3668 4759 αὐτὰ

2099 4796 2192 4848 καὶ
2216 4794 2474 4857 ὡσαύτως
2510 4795 2669 4864 ἔχειν.
2707 4796 2819 4848 Οὐκ
2857 4795 2921 4849 ἂν
2953 4793 3044 4849 οῦν
3072 4797 3192 4849 οὐδὲ
3217 4796 3418 4865 ταύτην
3441 4794 3538 4865 τὴν
3572 4813 3662 4865 με·

2096 4885 2327 4956 ταϐολὴν
2351 4886 2482 4948 Θεὸς
2507 4886 2728 4956 δέχοιτο.
2767 4906 2786 4938 ι
2820 4889 2975 4939 Δοκεῖ
2998 4888 3060 4957 δή
3102 4905 3190 4956 μοι
3216 4886 3351 4958 πρὸς
3378 4886 3550 4941 ταῦτα
3575 4888 3667 4940 λέ-

2096 4976 2287 5044 γεσθαι
2314 4975 2385 5028 τά
2409 4975 2614 5041 δέοντα,
2644 4978 3027 5049 διηγησαμένη)
3055 4977 3151 5048 τὴν
3182 4981 3238 5030 ὲν
3269 4980 3389 5040 ταῖς
3423 4979 3665 5046 Γραφαῖς

2098 5065 2394 5136 λεγομένην
2436 5067 2734 5120 κατάϐασιν
2767 5068 2900 5120 Θεοῦ
2936 5068 3071 5139 πρὸς
3120 5066 3555 5137 τάιάνθρώπινα·
3586 5069 3665 5129 είς

2096 5159 2162 5228 ἦν
2189 5159 2249 5210 ού
2270 5157 2565 5228 μεταϐολῆς
2588 5158 2733 5229 αὐτῷ
2748 5158 2844 5222 δεῖ,
2877 5159 2952 5221 ὼς
2979 5159 3179 5223 Κέλσος
3209 5161 3357 5230 ἡμᾶς
3376 5159 3545 5212 οἴεται
3571 5158 3632 5210 λέ
3653 5188 3661 5197 -

493 5245 541 5279 “
569 5247 724 5303 Deut.
758 5263 832 5314 tv,
857 5248 999 5303 24.”
1035 5247 1169 5302 Dan.
1201 5264 1301 5314 vu,
1332 5249 1418 5303 10.
1496 5249 1542 5282 ³⁸
1579 5250 1803 5305 Malach.
1831 5268 1917 5317 ιιι,
1943 5254 1999 5306 2.

2101 5252 2163 5305 ⁷1
2195 5254 2319 5307 Cor.
2349 5269 2430 5318 ιιι,
2473 5253 2561 5307 1-2..
2637 5254 2725 5307 ⁸⁸1
2765 5253 2887 5308 Cor.
2919 5269 3000 5316 ιιι,
3051 5256 3135 5308 15.

495 5338 625 5423 (l9),
662 5339 1081 5423 Camb-Reginus
1130 5351 1187 5423 et
1227 5340 1800 5423 B.aSiIEPDS_lS,_-T&_&Tt’
1823 5347 1995 5423 αὐτῆς

422 5409 787 5492 πραττόμενα.
823 5409 895 5492 Ita
946 5411 1083 5465 infra
1262 5414 1536 5492 impressi,
1570 5414 1601 5483 ἢ
1635 5416 1757 5492 παν.
1789 5416 1848 5468 τὸ
1887 5409 1993 5492 ἀπὸ

421 5478 621 5540 κακίας
637 5478 1044 5552 πραττόμενον,
1067 5481 1157 5550 qui
1190 5478 1366 5537 tamen
1394 5482 1495 5537 hoc
1525 5478 1641 5538 loco
1674 5486 1894 5549 habent,
1927 5484 1996 5537 τὰ

422 5547 709 5621 ὑπ’-.σξιβτῆς
729 5551 1094 5621 πρατξόμενα·
1160 5619 1180 5621 μ

495 5566 511 5597 :'
542 5566 610 5600 αυ
682 5566 709 5611 ς
729 5566 1094 5621 πραττομενα.

495 5566 827 5686 (ὕωῇὲὶοιω.
866 5618 1066 5689 Regius
1082 5629 1135 5676 et
1159 5619 1509 5691 Basileensis,
1539 5621 1607 5677 τά
1638 5622 1814 5693 φαῦλα
1834 5622 1996 5696 ἔργα..

2108 5346 2275 5418 Paulo
2296 5356 2430 5418 post
2470 5347 2603 5418 libb.
2651 5346 2902 5418 impressi
2952 5347 3002 5418 in
3053 5348 3317 5418 margine.
3368 5347 3660 5418 προπίπτει

2100 5416 2366 5490 ποδαπόν.
2392 5415 2457 5468 Ει
2480 5415 2623 5490 inira
2649 5415 2897 5490 in_l_extu,
2939 5415 2999 5468 τὸ
3014 5417 3133 5490 Δπῦρ
3150 5416 3325 5490 [αὐτὸ]
3347 5415 3659 5490 δοκιμάσει.

2172 5485 2283 5555 (5|)
2330 5485 2662 5555 Ἐποίησεν.
2695 5485 2786 5538 Sic
2822 5500 2979 5552 supra
3014 5485 3357 5542 lihlifcxcu'si
3384 5485 3532 5541 num.
3577 5488 3658 5551 Η.

2104 5555 2242 5609 male
2266 5554 2457 5607 autem
2492 5555 2522 5607 Ιι
2550 5571 2579 5607 c
2613 5554 2843 5615 habent,
2878 5555 3133 5623 ποιῆσαν.

2176 5624 2287 5695 (52)
2303 5623 2466 5679 ﬂecte
2486 5624 2706 5679 omnino
2725 5640 2875 5686 mss.,
2893 5624 3070 5696 φύσις.
3092 5625 3243 5682 Libb.
3266 5625 3452 5697 impn,
3476 5623 3653 5693 φύσιν.
