3986 6164
298 286 425 344 194
436 286 470 342 5

1495 277 1775 334 CONTRA
1813 271 2087 331 CELSUM
2122 269 2247 324 LIB.
2290 267 2374 325 IV.

3434 258 3569 314 1046

296 419 467 469 γειν,
503 399 623 453 οὔτε
650 400 856 470 τροπῆς
881 399 980 470 τῆς
1009 399 1067 463 ἐξ
1091 397 1294 466 ἀγαθοῦ
1335 399 1413 460 εἰς
1443 398 1630 461 κακὸν,
1659 397 1690 468 ἢ
1719 399 1783 449 ὲκ
1803 413 1887 449 κα-

2001 402 2081 448 est
2128 406 2249 446 eum
2321 388 2516 444 mutari
2568 387 2812 455 vertique
2852 400 2914 440 ex
2949 385 3090 440 bono
3138 381 3191 436 in
3231 380 3452 446 malum,
3497 395 3564 437 ex

289 490 406 543 λοῦ
439 493 516 553 είς
544 489 787 560 αἰσχρὸν,
813 489 844 559 ἢ
881 488 938 552 ἐξ
967 488 1306 558 εὐδαιμονίας
1348 489 1427 549 είς
1455 485 1893 555 κακοδαιμονίαν,

197 587 206 590 “
286 579 331 648 ἢ
370 583 445 633 ἐκ
469 578 561 632 τοῦ
591 579 811 650 ἀρίστου
849 579 929 641 είς
959 578 1018 630 τὸ
1047 577 1428 648 πονηρότατον.
1474 575 1665 629 Μένων
1693 574 1802 644 γὰρ
1829 576 1894 644 τῇ

286 670 475 742 οὐσίᾳ
518 671 806 741 ἄτρεπτος,
851 668 1273 736 συγκαταϐαίνει
1315 669 1380 736 τῇ
1433 665 1656 737 προνοίᾳ
1710 664 1802 716 καὶ
1828 666 1894 733 τῇ

289 762 597 832 οἰκονομίᾳ
624 763 732 823 τοῖς
773 761 1132 831 ἀνθρωπίνοις
1178 760 1512 828 πράγμασιν.
1555 757 1743 825 Ἡμεῖς
1798 755 1896 823 μὲν

289 845 406 903 οὖν
443 851 535 902 καὶ
570 850 636 902 τά
661 850 778 902 θεῖα
802 851 1101 919 γράμματα
1140 849 1486 918 παρίσταμεν
1511 845 1774 916 ἄτρεπτον
1805 842 1894 894 λέ-

289 955 484 1005 γοντα
510 941 598 993 τὸν
622 940 752 992 Θεὸν
786 940 843 992 εν
872 957 931 992 τε
958 940 1057 1009 τῷ,
1090 959 1106 989 ι
1131 941 1202 992 Σὺ
1237 939 1293 992 δὲ
1322 940 1350 991 6
1375 937 1536 1000 αὐτὸς
1573 931 1639 988 εἷ·
1677 954 1694 986 ι
1715 935 1807 987 καὶ
1838 937 1895 986 ὲν

289 1029 411 1098 τῷ,
440 1049 457 1080 ι
490 1030 602 1082 Οὐκ
630 1031 944 1100 ἠλλοίωμαιο
974 1050 992 1082 ι
1024 1031 1073 1082 οἱ
1094 1031 1149 1083 δὲ
1163 1029 1254 1082 τοῦ
1296 1027 1613 1097 Ἐπικούρου
1639 1023 1892 1094 θεο“ι(55),

293 1118 562 1172 σύνθετοι
584 1120 642 1183 ἐξ
670 1120 885 1190 ἀτόμων
917 1120 1294 1190 τυγχάνοντες,
1328 1120 1422 1172 καὶ
1451 1118 1510 1170 τὸ
1537 1119 1658 1170 ὅσον
1709 1116 1801 1167 ἐπὶ
1828 1116 1891 1184 τῇ

293 1208 573 1261 συστάσει
604 1209 876 1271 ἀνάλυτοι,
913 1208 1391 1279 πραγματεύονται
1417 1206 1512 1269 τὰς
1544 1203 1896 1276 φθοροποιοῦς

291 1297 551 1367 ἀτόμους
604 1299 973 1352 ἀποσείεσθαι.

289 1385 448 1448 Θεὸς
476 1387 610 1457 (54),
659 1387 753 1441 ἆτε
784 1387 941 1456 σῶμα
985 1389 1280 1457 τυγχάνων,
1315 1387 1404 1439 ὁτὲ
1448 1387 1546 1456 μὲν
1573 1383 1894 1455 ἡγεμονικὸν

291 1475 430 1544 ἔχει
463 1476 560 1546 τὴν
591 1476 716 1547 ὃλην
770 1478 978 1544 οὐσίαν,
1025 1479 1149 1530 ὅταν
1179 1479 1212 1548 ἡ
1242 1477 1551 1548 ἐκπύρωσις
1698 1477 1785 1529 ὁτὲ
1838 1477 1893 1530 δὲ

291 1566 407 1618 ἐπὶ
429 1565 628 1636 μέρους
651 1568 860 1634 γίνεται
891 1569 1079 1639 αὐτῆς,
1115 1569 1240 1622 ὅταν
1340 1568 1714 1638 διακόσμησις.
1759 1567 1892 1620 Οὐδὲ

291 1653 426 1724 γὰρ
450 1654 758 1724 δεδύνηνται
784 1652 926 1712 οῦτοι
947 1659 1216 1730 τρανῶσαι
1243 1658 1340 1728 τὴν
1369 1659 1599 1730 φυσικὴν
1629 1660 1723 1712 τοῦ
1757 1658 1889 1711 Θεοῦ

1044 1300 1202 1353 Ἀλλά
1267 1298 1361 1351 καὶ
1412 1299 1440 1349 ό
1489 1296 1594 1349 τῶν
1643 1293 1927 1358 Στωϊκῶν,

2001 481 2301 551 pulchroin
2347 489 2578 549 turpem,
2617 493 2682 532 ex
2725 476 2882 530 felice
2919 475 2970 528 itt
3014 473 3301 537 infelicem,
3328 486 3394 527 ex
3418 473 3556 541 opti.

1999 586 2086 626 mo
2134 572 2186 624 in
2232 569 2647 638 nequissimum,
2679 575 2736 620 ut
2774 565 2930 619 nobis
2963 563 3170 631 afﬁngit
3197 561 3408 617 Celsus.
3435 560 3567 624 .Sed

1999 670 2187 714 natura
2221 658 2572 714 immutabilis
2600 671 2922 727 permanens
2961 653 3242 708 descendit
3275 651 3563 720 providen-

2001 751 2070 804 tia
2103 759 2157 805 et
2197 765 2374 804 rerum
2407 751 2768 803 humanarum
2796 745 3198 816 procuratione.
3241 742 3374 796 Eum
3402 757 3566 811 porro

1995 856 2116 896 esse
2153 839 2542 894 immutabilem
2587 853 2651 892 ex
2681 838 2876 892 divinis
2904 837 3198 905 Scriptnris
3229 834 3562 890 astruimus:

2004 953 2022 985 ‹
2066 932 2145 987 Tu
2195 940 2373 984 autem
2422 930 2562 984 idem
2600 930 2714 998 ipse
2738 944 2796 984 es
2827 929 2891 992 ³ο,
2942 947 2960 980 ι
2999 929 3248 996 inquiunt
3271 941 3377 981 uno
3421 925 3563 990 loco,

1998 1027 2169 1080 altero
2207 1031 2431 1078 autem:
2471 1042 2489 1069 σ
2528 1021 2644 1077 Non
2691 1029 2869 1075 mutor
2903 1019 2971 1076 ‘°.
3009 1039 3027 1072 ι
3067 1021 3186 1074 Alia
3211 1029 3292 1074 est
3339 1019 3562 1072 deorum

1997 1114 2214 1184 Epicuri
2247 1113 2405 1168 ratio.
2454 1110 2587 1166 Nam
2621 1126 2687 1167 ex
2714 1111 2912 1166 atomis
2943 1121 3281 1175 constantes,
3312 1109 3418 1165 hoc
3447 1109 3565 1179 ipso

1997 1205 2214 1260 dissolvi
2257 1213 2502 1274 possent,
2543 1202 2642 1257 nisi
2671 1203 2736 1255 ad
2775 1209 3006 1267 atomos,
3042 1203 3182 1255 unde
3207 1201 3312 1255 illis
3333 1200 3566 1255 dissolu-

1999 1295 2160 1350 tionis
2191 1292 2487 1363 periculum
2519 1300 2627 1357 est,
2651 1290 3002 1344 excutiendas
3041 1291 3250 1344 naviter
3283 1289 3564 1344 incumbe-

1998 1395 2135 1440 rent.
2167 1384 2270 1438 Sed
2296 1393 2350 1439 et
2379 1383 2683 1438 Stoicorum
2721 1383 2880 1445 Deus,
2915 1390 3101 1451 utpote
3128 1395 3441 1450 corporeus,
3477 1382 3546 1435 in-

1997 1476 2205 1531 terdum
2234 1476 2346 1529 sola
2373 1485 2552 1529 mente
2592 1482 2758 1528 lotam
2790 1481 3038 1525 naturam
3073 1471 3256 1536 habet,
3291 1487 3411 1524 cum
3451 1471 3563 1527 sci-

1995 1564 2120 1618 licet
2147 1561 2492 1631 conﬂagratio
2523 1561 2610 1624 fit;
2653 1560 2918 1615 interdum
2960 1567 3140 1613 autem
3185 1559 3244 1612 lit
3277 1564 3564 1628 superpa'r-

1997 1653 2258 1715 ticularis,
2279 1666 2402 1706 cum
2423 1650 2604 1705 mundi
2634 1649 2912 1704 renovatio
2942 1648 3002 1702 fit
3031 1663 3310 1718 novusque
3336 1657 3562 1703 ornatus

293 1719 546 1814 ἔννοιαν,
587 1719 664 1813 ως
702 1748 876 1818 πάντη
921 1719 1220 1822 ἀερθάρτου,
1255 1719 1348 1803 καὶ
1381 1719 1578 1814 ἀπλοῦυ,
1610 1752 1704 1804 καὶ
1733 1751 1887 1804 ἀσυν-

1995 1745 2187 1799 oritur.
2219 1742 2403 1812 Neque
2423 1743 2565 1797 enim
2588 1750 2878 1812 potuerunt
2904 1719 2978 1797 illi
3006 1741 3108 1796 sibi
3141 1740 3442 1795 naturalem
3465 1741 3561 1794 Dei

293 1838 494 1905 θέτου,
517 1841 611 1894 καὶ
627 1839 949 1911 ἀδιαιρέτου.

379 2015 462 2068 Τὸ
504 2015 560 2068 δὲ
606 2015 977 2086 καταϐεϐηκδς
1029 2016 1106 2078 είς
1153 2015 1471 2086 ἀνθρώπους
1522 2035 1540 2066 ι
1596 2017 1654 2067 ὲν
1709 2019 1887 2086 μορφῇ

295 2107 451 2160 Θεοῦ
485 2126 501 2158 ι
551 2108 787 2178 ὑπῆρχεο
819 2109 912 2161 καὶ
943 2108 1030 2161 διὰ
1064 2109 1468 2178 φιλανθρωπίαν
1498 2127 1515 2159 ι
1542 2109 1732 2160 ἑαυτὸν
1769 2108 1890 2160 ὲκέ-

299 2217 506 2263 νωσεν,
531 2220 548 2252 ι
591 2201 677 2253 ἵνα
713 2201 1026 2271 χωρηθῆναι
1063 2201 1154 2252 ὑπ’
1177 2197 1478 2270 ἀνθρώπιον
1511 2198 1621 2268 (55)
1665 2197 1887 2268 δυνηθῇ.

297 2291 386 2343 Οῦ
429 2291 598 2362 δήπου
629 2291 672 2341 δ’
704 2289 762 2354 ἐξ
797 2289 1000 2358 ἀγαθοῦ
1032 2292 1110 2353 εἰς
1138 2291 1306 2343 κακὸν
1351 2290 1572 2358 γέγονεν
1615 2289 1762 2358 αὐτῷ
1799 2305 1894 2359 με-

307 2379 532 2450 ταϐολὴ,
569 2399 587 2431 ‹
629 2372 926 2450 Ἀμαρτίαν
981 2379 1083 2450 γὰρ
1147 2382 1246 2433 οὐκ
1297 2381 1578 2451 ἐποίησεν·
1607 2401 1626 2432 ι
1673 2381 1778 2433 οὐδ’
1829 2382 1893 2433 ἐκ

301 2473 486 2526 καλοῦ
517 2475 596 2535 εἰς
643 2473 884 2544 αἰσχρὸν,
916 2492 933 2524 ι
965 2475 1023 2526 ού
1071 2473 1179 2544 γὰρ
1206 2474 1344 2540 ἔγνω
1391 2475 1698 2544 ἁμαρτίαν⁶
1727 2493 1744 2525 ι
1782 2475 1894 2528 οὐδ’

300 2565 371 2628 ἐξ
399 2563 742 2633 εὐδαιμονίας
767 2560 928 2633 ἦλθεν
959 2567 1038 2626 εἰς
1073 2565 1492 2632 κακοδαιμονίαν
1514 2581 1526 2592 ·
1567 2564 1680 2616 ἀλλ’
1705 2565 1894 2616 ἑαυτὸν

303 2652 422 2721 μὲν
454 2651 836 2715 ἐταπείνωσεν,
879 2651 1030 2704 οὐδὲν
1077 2651 1121 2703 δ’
1153 2645 1314 2721 ἦττον
1366 2651 1633 2720 μακάριος
1678 2646 1766 2720 ἦν,
1803 2653 1897 2704 καὶ

300 2741 403 2794 ὅτε
437 2741 818 2812 συμφερόντως
854 2742 932 2811 τῷ
973 2742 1119 2810 γένει
1160 2741 1318 2811 ἡμῶν
1358 2743 1550 2796 ἑαυτὸν
1582 2743 1890 2796 ὲταπείνου.

315 2830 466 2882 Ἀλλ’
499 2830 620 2883 οὐδὲ
656 2830 924 2901 μεταϐολή
955 2847 1037 2892 τις
1075 2829 1224 2899 αὐτῷ
1269 2830 1490 2897 γέγονεν
1526 2832 1588 2884 ἐκ
1630 2831 1725 2883 τοῦ
1776 2832 1896 2902 ἀρί-

302 2937 444 2973 στου
487 2922 564 2983 ei;
607 2920 668 2973 τὸ
700 2921 1090 2991 πονηρότατον·
1143 2919 1244 2972 ποῦ
1278 2920 1386 2991 γὰρ
1435 2921 1796 2990 πονηρότατον
1835 2921 1895 2975 τὸ

302 3011 544 3082 χρηστὸν
603 3011 695 3064 καὶ
748 3009 1157 3081 φιλάνθρωπονς
1213 3011 1282 3063 Ἢ
1337 3009 1454 3080 ὥρα
1512 3011 1650 3083 (56)
1693 3011 1892 3080 λέγειν,

1991 1834 2262 1888 notionem
2306 1832 2490 1887 animo
2539 1832 2864 1896 informare,
2905 1841 2965 1885 ut
3003 1831 3079 1886 rei
3112 1829 3560 1906 iucorruptibilis,

1991 1924 2276 1993 simplicis,
2313 1925 2706 1994 incompositae,
2734 1924 3042 1980 individuze.

2061 2017 2151 2070 15.
2176 2016 2232 2070 ld
2281 2025 2480 2080 autem,
2519 2017 2660 2084 quod
2685 2017 2751 2070 ad
2783 2016 3030 2070 homines
3065 2013 3370 2078 descendit,
3400 2012 3556 2082 511

1991 2115 2108 2162 erat
2167 2109 2268 2162 «in
2325 2107 2494 2162 forma
2534 2108 2712 2173 Dei,o
2772 2115 2827 2161 et
2879 2121 2990 2175 pra:
3047 2121 3146 2162 suo
3201 2106 3255 2160 in
3315 2106 3563 2160 homines

1991 2213 2176 2254 amore
2236 2218 2256 2251 ι
2286 2199 2634 2267 semetipsum
2710 2199 3116 2265 exinanivit“,
3147 2217 3166 2251 ι
3229 2209 3287 2252 ιιι
3335 2198 3403 2252 ab
3453 2196 3562 2250 illis

1992 2290 2374 2359 comprehendi
2409 2299 2605 2358 posset.
2637 2289 2821 2359 Neque
2853 2291 3059 2345 idcirco
3091 2305 3154 2345 ex
3194 2290 3335 2344 bono
3365 2290 3416 2343 in
3453 2304 3565 2341 nta-

1993 2376 2101 2430 lum
2157 2387 2394 2432 mutatus
2426 2387 2544 2442 est;
2583 2397 2602 2430 ι
2633 2388 2910 2448 peccatum
2945 2381 3088 2450 enim
3134 2394 3240 2432 non
3275 2378 3406 2431 fecit
3430 2377 3555 2441 ⁸¹;δ

1993 2485 2170 2538 neque
2191 2485 2254 2524 cx
2291 2469 2518 2537 pulchro
2549 2469 2602 2524 in
2645 2479 2886 2535 turpem;
2919 2486 2937 2520 ι
2964 2484 3066 2523 non
3107 2468 3250 2521 enim
3282 2475 3560 2537 peccatum

1995 2561 2145 2614 novit
2171 2561 2246 2626 ης
2276 2580 2294 2613 ι
2344 2576 2516 2630 neque
2550 2576 2616 2614 ex
2661 2559 2922 2613 felicitate
2971 2559 3022 2612 in
3063 2558 3431 2613 infelicitatem
3465 2573 3560 2611 ve-

1995 2653 2114 2706 nit:
2148 2655 2243 2706 sed
2279 2655 2632 2722 semetipsum
2679 2654 3008 2716 humiliavit,
3041 2652 3177 2706 nihil
3223 2667 3338 2706 suae
3386 2651 3562 2704 felici-

1996 2745 2123 2798 tatis
2155 2745 2437 2811 amittens,
2475 2745 2559 2798 vel
2611 2760 2731 2799 cum
2783 2747 3022 2814 seipsum
3071 2744 3405 2798 humiliando
3463 2743 3562 2796 huc

1994 2834 2140 2887 mani
2181 2834 2397 2903 generis
2438 2835 2656 2888 utilitati
2694 2835 3027 2889 consuleret.
3076 2833 3259 2900 Neque
3297 2833 3460 2886 etiam
3494 2847 3561 2884 ex

1993 2924 2198 2993 optimo
2253 2936 2496 2980 mutatus
2549 2935 2633 2980 est
2688 2926 2738 2978 in
2804 2923 3218 2992 nequissimum.
3278 2922 3562 2990 Quomouo

1993 3015 2138 3072 enim
2185 3016 2494 3087 benignitas
2539 3027 2593 3072 et
2632 3017 2940 3070 humanitas
2991 3016 3044 3069 in
3091 3014 3441 3083 nequissimis
3477 3029 3568 3072 es-

386 3193 430 3227 ”
463 3194 584 3248 Psal
634 3211 704 3260 ct,
740 3195 832 3251 9.8.
907 3197 952 3229 ⁸ο
981 3195 1207 3250 Malach.
1247 3211 1328 3262 Ill,
1352 3194 1405 3248 6.
1482 3195 1525 3227 “
1552 3195 1746 3266 Philip.
1771 3211 1830 3262 tt,
1855 3196 1887 3251 6

1998 3191 2237 3282 'lfetr.
2269 3207 2332 3257 tt,
2369 3191 2458 3246 22.
2513 3190 2557 3222 ”
2587 3187 2631 3243 ll
2671 3189 2799 3245 Cor.
2850 3205 2899 3256 v,
2927 3189 3018 3244 2|.

391 3329 500 3401 ('53)
528 3332 589 3401 οι
618 3329 685 3382 δὲ
705 3331 810 3401 τοῦ
839 3332 1180 3399 Ἐπικούρου
1206 3331 1344 3396 θεοί,
1363 3340 1466 3385 etc.
1492 3329 1722 3387 Velleius
1743 3331 1881 3397 apud

1995 3332 2268 3401 mundum,
2312 3326 2516 3388 stellas,
2563 3335 2800 3390 terram;
2834 3342 3146 3396 supremum
3181 3335 3383 3401 autem
3436 3338 3560 3381 ont-

308 3399 494 3456 Cicer.
538 3399 665 3453 Iib.t
704 3399 777 3452 De
804 3410 914 3452 nat.
942 3403 1194 3452 deorum:
1232 3419 1250 3450 ι
1287 3401 1389 3454 Sed
1414 3401 1480 3454 ad
1511 3401 1651 3454 hanc
1677 3402 1880 3454 confir-

310 3470 570 3523 mandam
604 3470 910 3537 opinionem
957 3470 1180 3537 inquirit
1216 3470 1428 3522 animus
1469 3479 1523 3522 et
1551 3471 1800 3531 formam,
1826 3477 1880 3522 et

306 3540 520 3607 vitam,
555 3546 610 3590 et
651 3539 920 3607 actionem
959 3538 1178 3600 mentis,
1226 3549 1386 3607 atque
1431 3538 1778 3606 agitationem
1823 3538 1877 3591 in

307 3607 446 3662 Deo.
485 3606 560 3660 Ac
585 3607 652 3660 de
678 3605 848 3659 forma
885 3607 1098 3675 quidem
1125 3605 1320 3676 partim
1362 3605 1552 3660 natura
1573 3622 1671 3660 nos
1697 3608 1881 3659 admo-

306 3685 425 3738 net,
477 3676 668 3744 partim
730 3677 868 3728 ratio
925 3677 1100 3730 docet.
1127 3675 1288 3729 ’Nam
1333 3692 1360 3728 a
1394 3687 1585 3728 natura
1619 3676 1878 3729 habemus

307 3761 506 3797 omnes
535 3747 773 3798 omnium
799 3746 1036 3812 gentium
1065 3747 1297 3812 speciem
1325 3745 1528 3798 nullam
1557 3745 1738 3806 aliam,
1777 3745 1876 3796 nisi

307 3814 605 3867 ltumanam
652 3815 903 3878 deorum;
936 3829 1054 3881 qute
1086 3815 1230 3866 enim
1278 3815 1381 3867 alia
1437 3814 1605 3867 forma
1643 3813 1880 3866 occurrit

310 3897 554 3950 Unquam
587 3891 679 3934 aut
709 3883 949 3947 vigilanti
977 3883 1250 3950 cuiquam,
1281 3894 1372 3935 aut
1398 3884 1774 3936 dormienti?»
1818 3881 1880 3934 Et

308 3953 474 4019 paulo
504 3961 620 4018 post
649 3967 663 4002 :
698 3968 716 4000 ι
750 3952 906 4016 Quod
934 3951 1234 4004 sionmium
1255 3953 1608 4004 animantimn
1651 3951 1877 4004 formam

310 4020 786 4086 vincithominum
829 4019 994 4086 ﬁgura
1029 4034 1044 4072 :
1087 4019 1226 4072 Deus
1259 4029 1437 4073 autem
1477 4023 1725 4074 animans
1765 4029 1878 4082 est;

309 4103 378 4140 ea
402 4089 576 4154 ﬁgura
596 4085 837 4153 profecto
864 4085 968 4150 est,
996 4101 1115 4153 quae
1145 4087 1503 4155 pulcherrima
1531 4090 1600 4140 sit
1620 4089 1879 4140 onmimn.

311 4156 692 4222 Quoniatnque
722 4156 848 4208 deos
887 4155 1226 4210 beatissimos
1254 4171 1376 4209 esse
1416 4167 1658 4219 constat;
1693 4156 1881 4209 beatus

313 4236 498 4278 autem
545 4239 664 4294 esse
694 4226 812 4276 sine
865 4225 1064 4277 virtute
1110 4239 1265 4277 nemo
1311 4236 1508 4294 potest,
1553 4239 1649 4277 nec
1713 4226 1882 4277 virtus

313 4295 437 4347 sine
473 4293 682 4346 ratione
707 4302 980 4354 constare,
1016 4309 1117 4346 nec
1147 4295 1282 4347 ratio
1308 4293 1531 4362 usquam
1571 4294 1774 4353 inesse,
1803 4295 1886 4344 ni-

1986 3400 2132 3452 niunt
2185 3399 2406 3450 deorum
2463 3410 2584 3450 esse
2615 3407 2848 3450 mentem
2902 3412 3020 3465 quae
3045 3407 3128 3451 est
3180 3399 3232 3450 in
3270 3397 3492 3451 :ethere.
3535 3415 3556 3448 ι

1989 3467 2121 3520 Vide
2152 3467 2524 3518 adnotationcs
2548 3465 2610 3517 ad
2640 3467 2736 3519 lib.
2771 3483 2810 3528 ι,
2839 3480 2990 3519 num.
3023 3466 3113 3524 2|.
3157 3466 3248 3520 lib.
3288 3481 3368 3527 Ill,
3409 3481 3556 3518 num.

1986 3537 2076 3600 74,
2111 3544 2166 3588 et
2190 3535 2282 3586 lib.
2305 3549 2378 3592 tv,
2416 3549 2563 3586 num.
2584 3535 2670 3587 68.
2704 3534 2968 3589 ΞΡεΝοεῐι.
2999 3565 3069 3575 --
3100 3535 3267 3588 Τοιυε
3291 3534 3380 3587 hic
3408 3534 3560 3587 locus

1986 3605 2064 3657 sic
2109 3603 2460 3668 corrigendus
2507 3603 2716 3656 videtur
2747 3604 2973 3658 Guieto:
3026 3604 3187 3655 Ἀλλά
3235 3605 3330 3656 καὶ
3374 3604 3402 3654 6
3451 3601 3560 3654 τῶν

1985 3671 2240 3756 Στωϊκῷν
2265 3669 2415 3756 Θεδς,
2442 3671 2542 3756 ita
2578 3671 2734 3756 σωμά
2771 3673 3072 3756 τυγχάνων,
3108 3673 3196 3756 ότε
3228 3673 3325 3741 μὲν
3355 3673 3557 3756 ἡγεμοῖ

1986 3742 2142 3827 Ipsi-iv
2169 3741 2280 3827 ἔχει
2311 3740 2409 3827 τὴν
2439 3738 2566 3809 ὃλην
2599 3738 2813 3827 oti-siml,
2836 3738 2970 3827 ὅταν
2992 3738 3561 3827 Ἶὲκπύρωσιςῇἔότὲ

1983 3810 2040 3863 δὲ
2055 3807 2320 3884 emptam;
2351 3807 2557 3876 γίνεται
2584 3811 2764 3874 αὐτὸς,
2787 3813 2917 3884 ὅταν
2997 3807 3558 3884 Δδιακόσμτιςιξις,Ἔπι-

2031 3881 2312 3952 ερήςίὶάΔ
2357 3888 2477 3952 est,
2540 3896 2558 3928 ι
2591 3881 3144 3952 ‘snpe-rparticularis.
3213 3900 3231 3932 ι
3266 3881 3269 3882 ⁷
3301 3881 3558 3952 ῌοεγοιω

2021 3945 2257 4020 πιμερὴς
2291 3945 2519 4020 ἀριθμὸς
2558 3945 2698 4020 οὕτω
2743 3949 2979 4018 λέγεται,
3009 3951 3134 4003 ὅταν
3163 3954 3190 4003 ὁ
3229 3945 3428 4020 μείζων
3462 3950 3557 4002 τοῦ

1987 4016 2277 4088 ἐλάττονος
2297 4016 2535 4086 ὑπερέχῃ
2578 4017 2732 4088 μέρει
2779 4016 2900 4072 τινί.
2953 4021 3095 4073 Deus
3142 4016 3445 4074 Stoicorum
3474 4029 3562 4072 est

1988 4103 2203 4156 corpus,
2231 4087 2390 4154 idque
2417 4088 2616 4156 animal
2648 4087 2873 4143 materia
2910 4097 2964 4143 et
2995 4089 3166 4144 forma
3194 4099 3473 4146 constans.
3506 4087 3578 4141 id-

1987 4153 2362 4209 est—mundus.
2417 4153 2614 4220 Forma
2671 4172 2764 4210 seu
2805 4159 2983 4212 anima
3018 4159 3200 4211 mundi
3252 4167 3331 4209 est
3379 4157 3554 4222 ignis,

1991 4228 2216 4278 materia
2278 4225 2698 4295 praeterignem
2764 4228 2943 4280 omnia
2990 4242 3241 4294 corpora.
3269 4224 3557 4295 ‘Exnu’pm—

1989 4310 2093 4364 σις,
2125 4295 2174 4346 id
2209 4302 2294 4345 est
2324 4293 2536 4347 exustio
2569 4295 2628 4346 fit
2650 4310 2771 4364 cum
2800 4296 2937 4364 ignis
2966 4297 3054 4364 qui
3087 4293 3184 4362 per
3204 4293 3560 4364 totumm‘un-

314 4365 364 4416 si
391 4363 444 4415 in
469 4362 702 4414 hominis
731 4362 936 4431 figura;
966 4353 1207 4416 hominis
1239 4377 1358 4416 esse
1389 4353 1567 4431 specie
1601 4362 1730 4415 deos
1752 4378 1884 4415 con-
1917 4353 1964 4411 υ
1991 4353 2271 4429 όίίοονριιε
2323 4371 2576 4427 tanquam
2610 4363 2786 4415 anima
2816 4353 3042 4417 diffusus
3074 4353 3180 4426 est,
3216 4365 3268 4417 in
3319 4363 3556 4431 scipsum

315 4431 576 4484 litendum
607 4440 711 4484 est.
744 4429 855 4483 Nec
887 4441 1064 4483 tamen
1110 4447 1172 4482 ea
1209 4429 1432 4499 Species
1448 4446 1642 4498 corpus
1670 4439 1770 4496 est,
1798 4432 1888 4485 sed

316 4499 475 4568 quasi
502 4514 733 4570 corpus;
766 4514 863 4552 nec
889 4500 1052 4552 habet
1084 4503 1426 4570 sanguinem,
1459 4503 1552 4555 sed
1583 4501 1737 4569 quasi
1766 4517 1888 4553 san-

315 4571 554 4638 guinem.
593 4587 613 4619 ι
647 4569 906 4638 SPENCER.

388 4637 501 4707 (54)
537 4637 590 4688 Ὀ
623 4637 742 4690 τῶν
765 4637 1037 4691 Στωϊκῶν
1078 4641 1241 4704 Θεός,
1273 4649 1376 4692 etc.
1408 4639 1683 4692 Plutarch.
1721 4637 1812 4692 1ἰΙ».
1847 4655 1886 4698 t,

315 4721 439 4774 Cap.
469 4707 520 4766 7,
559 4709 632 4757 De
655 4708 862 4774 placius
892 4709 1319 4774 philosOprrum
1341 4725 1357 4762 :
1381 4711 1443 4761 Οἱ
1472 4709 1694 4770 Στωϊκοὶ
1723 4710 1889 4761 κοινό-

315 4791 473 4849 τερον
511 4775 650 4849 Θεὸν
691 4777 1078 4849 ἀποφαίνονται
1109 4779 1220 4849 πῦρ
1245 4780 1490 4847 τεχνικὸν
1510 4777 1613 4847 ὁδῷ
1653 4777 1885 4849 βαδίζον,

317 4791 473 4894 τερον
511 4791 650 4829 υεον
691 4791 1078 4844 αποφαινονται
1109 4796 1220 4849 πυρ
1245 4791 1490 4847 τεχνικόν
1510 4791 1613 4847 οοῳ
1653 4791 1885 4847 ραοιςον,

317 4845 391 4894 ὲπ
459 4845 673 4920 γενέσειΔ
726 4847 930 4920 κόσμου
981 4848 1464 4920 ἐμπεριειληφότος
1508 4849 1714 4920 πάντας
1765 4847 1887 4920 τοῦς

319 4915 951 4988 σπερμιατικοὺςῌλόγους,
975 4915 1100 4988 καθ’
1125 4915 1217 4978 οὒς
1248 4915 1451 4970 ἕκαστα
1483 4917 1601 4970 καθ’
1625 4918 1889 4988 εἱμαρμές

318 4996 418 5056 νην
456 4981 677 5056 γίνεται.
708 4981 826 5056 _l_{at‘t
869 4986 1080 5054 πνεῦμα
1130 4989 1228 5056 μὲν
1283 4989 1466 5056 διῆκον
1517 4988 1583 5040 δι’
1636 4981 1885 5056 ὃλοιίξεοῦ

388 5051 758 5126 σμρυβάςδξ
806 5051 1171 5124 προσηγορίας
1215 5051 1621 5126 μεταλαμϐάνον
1649 5058 1712 5110 δι’
1761 5055 1888 5124 ὅλης

315 5116 600 5196 τῇς⁷ὓᾉηςν
631 5121 696 5171 δι’
724 5116 790 5196 ἧς
821 5116 1134 5196 ,έεχωρήκει
1153 5116 1522 5196 παραλλάξει·
1554 5127 1684 5178 Θεὸν
1711 5126 1766 5178 δὲ
1793 5116 1888 5196 καὶ

317 5188 407 5264 τὸν
437 5188 784 5264 κόσμον,κώ
831 5188 954 5264 tofi;
983 5188 1370 5264 ’ἀστέρας,’κα).
1397 5188 1492 5264 τὴν
1535 5196 1659 5264 γῆν,
1696 5195 1786 5247 τὸν
1831 5195 1886 5247 δὲ

317 5257 578 5334 ἀνωτάτω
605 5259 818 5334 πάντων
840 5261 984 5323 νοῦν,
1011 5263 1067 5334 εν
1089 5257 1284 5334 αἰθέρι.
1315 5283 1333 5314 ι
1356 5257 1889 5334 ίδιόίεἰὶόιιιιῐιυιιίυε

320 5326 486 5401 Deum
515 5329 868 5401 pronuntiant
886 5345 1004 5384 esse
1027 5326 1582 5399 ignem'artificiosum
1607 5336 1689 5387 via
1712 5335 1889 5401 ingre-

319 5396 558 5469 dientem
593 5398 657 5450 ad
686 5400 867 5452 mundi
901 5396 1355 5467 procreationem,
1384 5404 1475 5469 qui
1503 5404 1734 5457 mundus
1753 5396 1804 5456 in
1829 5417 1887 5457 se

319 5467 596 5540 contineat
633 5481 822 5522 omnes
853 5469 1143 5522 seminales
1175 5467 1496 5530 formam—ex
1533 5475 1728 5540 quibus
1771 5474 1885 5526 sin-

321 5534 441 5600 gula
465 5533 581 5589 fato
608 5547 920 5610 nascantur.
953 5541 1033 5591 Ac
1057 5540 1306 5610 spiritum
1337 5533 1564 5609 quidem'
1583 5557 1678 5610 per
1711 5551 1882 5596 totum

321 5613 605 5680 penetrare
630 5607 908 5671 mundum,
929 5607 1365 5680 nominaautetn'
1381 5625 1408 5662 a
1439 5607 1699 5676 materiae,
1721 5626 1886 5680 quam

324 5674 587 5739 pervadit,
624 5691 838 5738 sumere
865 5678 1273 5734 mutationibus.
1299 5680 1376 5736 Ad
1413 5681 1523 5736 haec
1558 5674 1882 5738 Deum-csse

1992 4432 2349 4492 contrahitur,
2384 4437 2438 4482 et
2461 4433 2542 4486 sic
2567 4431 2830 4485 valentior
2855 4432 3076 4484 eﬂ‘ectns
3102 4434 3313 4500 reliqua
3331 4447 3557 4498 corpora

1992 4501 2172 4571 exurit
2205 4511 2260 4552 et
2293 4510 2507 4571 purgat.
2542 4500 2909 4571 Διακόσμησις
2955 4503 3012 4554 lit
3041 4517 3389 4571 cumrursus
3420 4502 3574 4570 ignis.

1992 4570 2046 4622 in
2072 4584 2298 4640 corpora
2334 4569 2418 4621 illa
2467 4569 2758 4640 exustione
2795 4569 3076 4640 repurgata
3108 4569 3460 4636 diffunditur,
3503 4580 3559 4624 et.

1991 4639 2229 4692 mundus
2259 4649 2573 4692 renovatur.
2607 4639 2744 4692 Deus
2771 4639 2976 4703 autem,
3012 4641 3062 4693 id
3098 4651 3182 4694 est
3213 4641 3555 4708 iguis,totam

1991 4709 2344 4780 substantiam
2408 4709 2760 4780 ἡγεμονικήν,
2810 4711 2973 4763 idest
3057 4710 3424 4778 principalem,
3458 4712 3557 4761 ha-

1989 4778 2118 4850 bere
2184 4777 2401 4840 dicitur,
2471 4794 2594 4832 cum
2662 4777 2715 4832 in
2781 4794 2841 4850 se
2901 4789 3123 4833 coactus
3186 4777 3303 4850 est;
3361 4781 3556 4850 éﬁttte-

1991 4846 2093 4914 Ρὴς
2138 4860 2286 4908 vero,
2341 4863 2461 4900 cum
2513 4857 2624 4902 toto
2664 4849 2847 4901 mttudi
2879 4863 3106 4916 corpore
3154 4849 3412 4903 confusus
3459 4846 3558 4902 ἐει

1989 4923 2043 4967 et
2069 4925 2263 4980 praeter
2285 4917 2557 4988 propriam
2571 4917 2936 4988 substantiam
2967 4919 3201 4988 igneam,
3223 4917 3553 4986 reliquorum

1988 4997 2283 5056 corporum
2312 4987 2672 5056 substantiam
2704 4987 3002 5056 assumpsit
3026 4989 3179 5054 cujus
3210 4991 3420 5040 ratione
3443 4989 3558 5054 ipse

1989 5053 2092 5105 sibi
2134 5051 2212 5121 τῷ
2263 5053 2572 5126 ἡγεμονικῷ
2631 5051 2974 5125 comparatus
3028 5051 3132 5113 hoc
3185 5072 3375 5110 nomen
3429 5051 3557 5110 adc-

1988 5132 2112 5188 plus
2157 5131 2241 5175 Cal
2297 5128 2457 5178 ducta
2523 5143 2552 5177 a
2616 5128 2854 5180 numeris
2909 5130 3243 5192 metaphora.
3297 5126 3554 5192 Boherel-

1988 5192 2070 5311 liga
2121 5194 2341 5258 mavult,
2373 5195 2466 5246 ἐπὶ
2521 5194 2718 5266 μέρους
2765 5197 2971 5265 γίνεται
3008 5190 3180 5261 αὖθις,
3222 5198 3347 5247 ὃταν
3440 5194 3555 5245 δια·

1988 5278 2022 5311 κ
2054 5278 2270 5311 cunam.

1987 5278 2270 5332 κοσμησις.

2058 5331 2174 5402 (55)
2225 5333 2582 5402 Ἀνθρώπων.
2615 5335 2708 5388 Sic
2738 5334 2843 5387 duo
2875 5336 3028 5390 codd.
3056 5334 3336 5397 Vaticani,
3368 5331 3558 5400 Angli-

1986 5415 2154 5472 canus
2187 5405 2395 5472 primus
2423 5416 2478 5458 et
2506 5404 2855 5460 Basileensis.
2887 5405 3033 5458 Libri
3059 5414 3240 5472 autem
3281 5404 3552 5472 impressi,

1985 5470 2419 5527 αὐτῶνίιὺὶιιθιῐι
2471 5475 2634 5527 iidem
2672 5473 2792 5526 libri
2847 5474 3064 5538 excusi,
3111 5471 3170 5538 ἐξ
3211 5470 3430 5541 ἀγαθῶν
3475 5473 3556 5534 εἰς

1985 5543 2151 5613 κακὸν
2185 5542 2405 5610 γέγονεν
2438 5543 2603 5613 αὐτῷ,
2648 5545 2949 5613 εοιιᾼειιρνιι
2993 5543 3268 5611 num.M,
3319 5552 3374 5600 et
3417 5541 3556 5596 infra

1985 5610 2273 5667 lectionem
2303 5627 2464 5680 quam
2500 5610 2586 5666 hic
2620 5611 2925 5680 sequimur,
2957 5613 3237 5670 exhibent.

2061 5682 2173 5752 (56)
2216 5683 2518 5750 Spenccrus
2551 5683 2600 5735 itt
2637 5690 2805 5745 textu,
2833 5682 2931 5750 ὅρα
