3986 6164
401 246 537 304 ίῧόἹ

1884 243 2204 300 ΟΚΙΟΕΝΙΞ

3504 235 3638 292 1048

399 364 559 421 sent?
587 362 725 430 Quia
775 365 1018 420 medicus
1056 364 1235 417 tristia
1287 363 1434 416 videt
1465 370 1524 416 et
1558 363 1782 416 molesta
1829 379 1964 418 con-

2083 363 2161 416 cui
2229 359 2321 412 τὸν
2389 359 2569 429 ίατρδν
2631 357 2842 428 ὁρῶντα
2903 354 3052 408 δεινά
3078 394 3092 419 ,
3167 353 3262 408 xui.
3316 352 3639 422 θιγγάνοντα

401 463 600 510 trectat
637 464 697 509 ut
728 455 886 524 :rgris
932 454 1232 514 medeatur,
1276 468 1344 506 an
1392 452 1542 506 illum
1596 454 1858 508 continuo
1902 470 1970 508 ex

401 539 546 597 bono
595 543 649 595 in
685 541 909 604 malum,
951 555 1019 594 ex
1055 541 1286 609 pulchro
1321 541 1375 594 in
1408 549 1620 610 turpem
1649 557 1969 596 conversum

401 631 600 686 merito
632 631 851 694 dixeris,
899 638 993 682 aut
1022 645 1052 682 e
1095 629 1356 685 felicitate
1391 631 1657 686 cecidisse
1690 632 1740 685 in
1792 632 1971 686 infeli-

401 721 658 774 citatem?
707 721 1022 788 Quanquam
1064 721 1308 774 medicus
1342 722 1530 789 turpia.
1549 723 1742 776 videns
1769 730 1822 776 et
1855 738 1972 776 mo-

399 815 534 870 lesta
568 823 792 882 tangens
821 827 925 865 non
963 814 1189 867 omnino
1232 821 1317 866 est
1349 823 1505 867 extra
1542 813 1849 882 hujusmodi
1880 830 1970 867 ca-

399 919 557 960 suum
606 903 921 972 periculum.
984 904 1090 958 Sed
1145 906 1236 973 qui
1295 915 1606 960 nostrarum
1663 907 1968 960 animarum

398 992 622 1050 vulnera
657 1008 753 1061 per
786 992 1023 1047 Verbum
1057 995 1224 1049 Deum
1260 995 1350 1064 qui
1398 997 1450 1049 in
1489 1010 1547 1050 se
1579 1005 1663 1050 est
1695 1007 1870 1057 curat,
1915 997 1968 1049 in

397 1099 520 1138 enm
558 1084 767 1139 nullum
813 1086 1012 1140 cadere
1050 1087 1236 1140 vitium
1291 1093 1489 1155 potest.
1540 1086 1693 1152 Quod
1743 1088 1786 1142 si
1829 1089 1970 1141 Deus

397 1173 720 1229 immortalis
768 1174 1042 1240 Verbum,
1078 1177 1292 1230 mortali
1345 1191 1575 1246 corpore
1626 1181 1972 1246 humanaque

395 1263 576 1316 anima
622 1267 927 1333 susceptis,
966 1267 1184 1321 videtur
1249 1266 1406 1320 Celso
1461 1268 1658 1320 mutari
1708 1280 1764 1321 et
1809 1268 1968 1321 aliam

395 1353 624 1408 formam
663 1368 982 1420 assumere;
1031 1357 1171 1411 sciat
1213 1357 1301 1411 ille
1333 1359 1570 1412 Verbum
1617 1368 1809 1412 natura
1857 1373 1970 1411 ma-

395 1460 530 1499 nens
574 1445 808 1500 Verbum
866 1447 1000 1500 nihil
1037 1463 1224 1502 eorum
1285 1449 1430 1516 pati,
1483 1465 1604 1518 quae
1644 1463 1840 1516 corpus
1879 1456 1972 1502 aut

395 1535 572 1589 anima
612 1537 829 1604 patitur.
867 1537 935 1590 Ut
974 1547 1158 1592 autem
1193 1539 1258 1593 ad
1293 1554 1388 1594 eos
1417 1541 1510 1606 qui
1554 1540 1725 1608 ipsius
1754 1537 1972 1593 deitatis

395 1627 579 1682 radios
611 1627 1070 1697 splendoremque
1123 1630 1393 1684 sustinere
1441 1645 1547 1684 non
1586 1639 1842 1699 possunt,
1879 1644 1972 1682 ac-

2071 452 2268 522 ἁηδῶν,
2299 451 2384 504 ἵνα
2413 451 2538 512 τοὺς
2570 450 2874 518 κάμνοντας
2925 448 3174 514 ἰάσηται,
3212 444 3272 508 ἐξ
3317 443 3521 511 ἀγαθοῦ
3563 455 3638 507 εις

2071 542 2257 602 κακὸν,
2288 541 2320 612 ἢ
2349 542 2414 592 ἐκ
2445 537 2608 592 καλοῦ
2641 541 2720 603 είς
2749 537 2991 608 αἰσχρὸν,
3019 537 3051 607 ἦ
3088 535 3148 602 ἐξ
3182 535 3525 604 εὐδαιμονίας
3563 539 3641 598 εἰς

2070 631 2482 701 κακοδαιμονίαν
2520 630 2801 701 ἐρχεσθαις
2833 629 3072 695 καίτοιγε
3107 628 3136 678 6
3172 625 3373 695 ἰατρὸς,
3403 623 3543 695 ὁρῶν
3575 627 3640 678 τά

2069 723 2235 783 δεινὰ,
2269 722 2362 774 xui
2395 720 2663 788 θιγγάνων
2695 716 2802 769 τῶν
2840 715 3038 786 ἀηδῶν,
3080 715 3141 767 οὐ
3185 714 3400 774 πάντως
3442 712 3632 780 ἐκφεύ-

2070 829 2155 880 γει
2191 813 2251 865 τὸ
2276 815 2386 874 τοῖς
2420 813 2602 873 αὐτοῖς
2629 808 2884 862 δύνασθαι
2925 808 3260 877 περιπεσεῖν.
3300 806 3358 856 '0
3389 804 3445 857 δὲ
3477 803 3640 874 τραύ-

2075 920 2218 973 ματα
2246 903 2354 955 τῶν
2385 901 2569 971 ψυχῶν
2606 899 2760 970 ἡμῶν
2804 897 3117 970 θεραπεύων
3154 895 3240 949 διὰ
3279 894 3374 947 τοῦ
3408 894 3466 947 ὲν
3494 893 3640 962 αὐτῷ

2071 993 2243 1060 Λόγου
2285 991 2440 1056 Θεοῦ,
2470 992 2628 1054 αὐτὸς
2677 990 2860 1059 πάσης
2907 989 3103 1050 κακίας
3151 984 3523 1056 ἀπαράδεκτος
3552 979 3636 1054 ἦν.

2071 1085 2134 1136 Ei
2162 1083 2218 1135 δέ
2254 1084 2348 1136 xui
2379 1081 2539 1152 σῶμα
2576 1081 2768 1151 θνητὸν
2804 1082 2896 1134 xui
2930 1079 3104 1149 ψυχὴν
3137 1076 3481 1148 ἀνθρωπίνην
3514 1075 3641 1128 tivu—

2070 1174 2248 1228 λαϐὼν
2297 1175 2325 1224 6
2376 1173 2638 1236 ἀθάνατος
2692 1173 2823 1235 Θεὸς
2871 1173 3072 1238 Λόγος,
3122 1171 3269 1224 δοκεῖ
3314 1170 3392 1240 τῷ
3450 1168 3641 1238 Κέλσῳ

2072 1263 2421 1318 ἀλλάττεσθαι
2456 1265 2549 1316 xui
2587 1262 3051 1334 μεταπλάττεσθαι
3077 1278 3089 1290 ·
3133 1261 3471 1332 μανθανέτω,
3503 1261 3584 1312 ὅτι
3612 1261 3641 1312 6

2073 1353 2242 1422 Λόγος
2275 1357 2339 1425 τῇ
2382 1353 2541 1424 οὐσία
2578 1353 2751 1422 μένων
2797 1352 2972 1420 λόγος,
3001 1353 3152 1406 οὐδὲν
3189 1352 3287 1421 μὲν
3323 1352 3521 1421 πάσχει
3569 1345 3640 1402 ὧν

2073 1445 2268 1514 πάσχει
2307 1443 2368 1496 τὺ
2403 1444 2562 1515 σῶμα
2604 1444 2636 1514 ἢ
2685 1445 2716 1514 ή
2749 1443 2929 1514 ψυχή⁸
2967 1442 3413 1511 συγκαταϐαίνων
3449 1443 3494 1493 δ’
3536 1441 3639 1495 ἔσθ’

2071 1539 2160 1590 ὅτε
2200 1536 2278 1606 τῷ
2329 1535 2400 1608 μὴ
2438 1535 2718 1607 δυναμένῳ
2767 1534 2930 1588 αὐτοῦ
2983 1534 3082 1597 τὰς
3138 1533 3508 1604 μαρμαρυγὰς
3553 1534 3644 1585 xui.

2071 1628 2168 1698 τὴν
2203 1627 2558 1697 λαμπρότητα
2593 1627 2690 1695 τῆς
2728 1624 3011 1695 Θειότητος
3050 1623 3285 1693 βλέπειν,
3317 1623 3478 1675 οἱονεὶ
3513 1621 3643 1692 σάρξ

396 1719 704 1772 commodet
733 1735 875 1786 sese,
913 1720 974 1774 ﬁt
1005 1730 1262 1789 tanquam
1303 1738 1434 1777 caro
1460 1732 1515 1777 et
1545 1737 1678 1776 voce
1708 1737 1964 1790 corporea

2083 1719 2312 1787 γίνεται,
2373 1716 2697 1787 σωματικῶς
2762 1715 3087 1785 λαλούμενος
3108 1755 3122 1778 ,
3175 1714 3277 1777 ἓως
3333 1716 3362 1766 ὁ
3411 1714 3647 1765 τοιοῦτον

398 1809 612 1862 utitur:
647 1809 821 1864 donec
862 1811 936 1876 ii,
980 1812 1069 1880 qui
1122 1813 1294 1880 ipsum
1331 1814 1435 1867 tale
1477 1813 1778 1882 recipiunt,
1819 1813 1968 1868 brevi

399 1899 467 1953 ab
499 1899 614 1968 ipso
647 1901 812 1954 altius
844 1902 994 1966 elati,
1041 1904 1364 1974 principem,
1399 1912 1457 1956 ut
1487 1905 1561 1957 ita
1608 1903 1824 1972 loquar,
1857 1902 1972 1971 ejus

401 1989 629 2043 formam
665 1992 862 2046 intueri
893 1994 1122 2059 possint.

466 2079 554 2133 16.
597 2081 735 2136 Sunt
789 2099 1022 2151 namque
1074 2085 1300 2140 diversa:
1351 2085 1756 2153 quodammodo
1808 2083 1972 2140 Verbi

396 2169 616 2236 forma,
660 2173 854 2242 quibus
905 2175 1195 2243 unicuique
1245 2191 1471 2240 eorum,
1517 2176 1612 2244 qui
1670 2177 1839 2245 ipsius
1880 2177 1976 2230 doc

399 2260 629 2314 ctrinam
667 2273 967 2327 sectantur,
1000 2265 1453 2333 conspiciendum
1509 2281 1568 2320 se
1603 2267 1825 2334 praebet,
1859 2267 1974 2320 sin—

397 2350 538 2416 gulis
571 2365 761 2406 eorum
803 2368 863 2406 se
896 2363 1290 2423 attemperans,
1322 2357 1440 2410 sive
1472 2372 1659 2425 parum
1698 2358 1812 2410 sive
1860 2357 1975 2425 plu-

397 2443 593 2493 rimum
642 2443 1005 2509 profecerim,
1048 2447 1162 2499 sive
1195 2447 1261 2500 ad
1298 2447 1555 2500 virtutem
1604 2447 1854 2515 proxime
1887 2463 1976 2501 ac-

399 2531 698 2595 cesserint,
759 2533 873 2586 sive
939 2534 1052 2603 jam
1124 2535 1271 2589 illam
1335 2537 1792 2605 comparaverint.
1861 2536 1977 2589 Non

399 2621 564 2690 igitur
595 2637 662 2676 eo
696 2639 802 2692 quo
841 2623 1030 2680 Celsus
1073 2627 1300 2696 ejusque
1333 2628 1540 2681 similes
1591 2627 1785 2682 volunt
1820 2627 1979 2682 modo

401 2713 816 2768 transformatus
859 2726 940 2769 est
984 2718 1122 2770 Deus
1172 2727 1380 2771 noster.
1422 2717 1478 2770 Si
1523 2717 1684 2771 aliam
1721 2718 1838 2779 sui,
1887 2732 1982 2770 ex-

398 2799 544 2853 celso
575 2813 758 2855 monte
804 2818 1124 2870 conscenso,
1169 2806 1402 2860 formam
1451 2809 1717 2873 ostendit,
1750 2821 1982 2874 eamque

399 2889 570 2943 nmllo
604 2895 1036 2959 praestantiorem
1074 2897 1190 2960 illa,
1228 2912 1393 2964 quam
1425 2898 1674 2949 viderant
1707 2898 1740 2948 ii
1775 2897 1863 2964 qui
1900 2897 1983 2949 in-

403 2977 486 3030 fra
533 2991 812 3036 manentes
861 2984 1008 3037 illum
1060 2985 1113 3038 iu
1152 2997 1386 3039 montem
1440 2988 1593 3054 sequi
1627 3003 1734 3040 non
1788 2995 1983 3055 potue-

2073 1811 2234 1862 αὐτὸν
2286 1807 2759 1880 παραδεξάμενος,
2802 1805 2944 1858 κατὰ
2993 1805 3163 1874 βραχύ
3216 1804 3320 1857 ὑπὸ
3361 1803 3452 1856 τοῦ
3488 1803 3645 1871 λόγου

2076 1901 2566 1971 μετεωριζόμενος,
2611 1898 2807 1968 δυνηθῇ
2861 1896 3023 1950 αὐτοῦ
3066 1898 3158 1949 xui
3199 1895 3296 1966 τὴν
3342 1895 3443 1965 (ἵν’
3479 1895 3648 1957 οὕτως

2073 1990 2365 2062 ὀνομάσω,)
2399 1989 2815 2062 προηγουμένην
2847 1989 3060 2059 μορφὴν
3089 1986 3400 2040 θεάσασθαι.

2144 2083 2264 2136 Εἰσὶ
2293 2082 2401 2150 γάρ
2436 2081 2680 2150 διάφοροι
2725 2078 2834 2149 (57)
2867 2077 3028 2129 οἱονεὶ
3064 2075 3155 2128 τοῦ
3194 2076 3367 2144 Λόγου
3416 2076 3647 2146 μορφαὶ,

2076 2171 2257 2235 καθὼς
2297 2171 2510 2240 ἐκάστῳ
2552 2168 2660 2221 τῶν
2691 2169 2770 2230 είς
2805 2169 3108 2236 ἐπιστήμην
3149 2165 3428 2235 ἀγομένων
3471 2166 3652 2232 φαίνε-

2076 2281 2164 2317 ται
2196 2264 2224 2314 ὁ
2271 2262 2458 2329 λόγος,
2507 2259 2764 2326 ἀνάλογον
2808 2261 2873 2328 τῇ
2923 2256 3030 2320 ἕξει
3074 2257 3167 2309 τοῦ
3215 2257 3586 2326 εἰσαγομένου,
3617 2256 3651 2326 ἦ

2077 2356 2161 2406 ἐπ’
2188 2352 2365 2421 ὀλίγον
2393 2351 2818 2422 προκόπτοντος,
2853 2349 2885 2420 ἢ
2920 2349 3013 2400 ἐπὶ
3054 2349 3258 2412 πλεῖον,
3296 2349 3328 2418 ἢ
3368 2349 3462 2400 xui
3489 2349 3655 2415 ἐγγὺς

2077 2447 2176 2516 ἤδη
2204 2445 2487 2514 γινομένου
2526 2443 2622 2512 τῆς
2651 2442 2871 2512 ἀρετῆς,
2897 2441 2928 2510 ἦ
2956 2441 3045 2493 xui
3074 2443 3132 2494 ἐν
3160 2443 3327 2511 ἀρετῇ
3357 2439 3656 2510 γεγενημέ·

2078 2553 2189 2588 νου.
2229 2534 2387 2587 Ὅθεν
2430 2535 2548 2603 οὐχ,
2594 2533 2668 2594 ὡς
2716 2534 2744 2584 6
2794 2532 2999 2592 Κέλσος
3046 2532 3138 2584 καὶ
3176 2534 3225 2584 οἱ
3279 2528 3650 2600 παραπλήσιοι

2080 2625 2226 2695 αὐτῷ
2260 2622 2553 2693 βούλονται,
2584 2621 2972 2693 μετεμορφώθη
3008 2624 3034 2674 6
3075 2623 3206 2684 Θεὸς
3234 2621 3412 2692 ἡμῶν,
3446 2621 3539 2672 xui
3577 2621 3655 2681 εἰς

2080 2715 2140 2766 τὸ
2165 2714 2365 2783 ὑψηλὸν
2391 2713 2514 2784 ὅρος
2544 2711 2749 2772 ἀναϐὰς
2774 2710 2937 2779 ἄλλην
2963 2709 3130 2773 ἔδειξε
3160 2711 3259 2779 τὴν
3289 2708 3483 2760 ἐαυτοῦ
3527 2724 3658 2778 μορ-

2083 2806 2208 2876 φὴν,
2245 2805 2338 2856 xui
2361 2802 2541 2873 πολλῷ
2576 2801 2857 2871 κρείττονα
2887 2797 2954 2870 ἦς
2985 2803 3033 2853 οἱ
3084 2801 3233 2858 κάτω
3264 2800 3531 2870 μένοντες,
3565 2801 3656 2851 xui

2087 2895 2160 2965 μὴ
2207 2893 2488 2963 δυνάμενοι
2517 2890 2665 2960 αὐτῴ
2701 2893 2780 2953 εἰς
2805 2890 2938 2960 ὕψος
2987 2890 3318 2951 ἀκολουθεῖν,
3369 2887 3651 2957 ἐθεώρουν.

2086 2986 2158 3040 Οὐ
2201 2985 2309 3056 γάρ
2339 2981 2484 3054 εἶχον
2521 2986 2571 3036 οἱ
2613 2985 2761 3037 κάτω
2793 2983 3102 3054 ὀφθαλμοὺς
3155 2982 3481 3052 δυναμένους
3534 2979 3654 3049 βλέ-

404 3077 557 3133 rant;
592 3069 752 3138 hujus
791 3073 867 3125 rei
902 3088 1068 3127 causa
1103 3074 1227 3138 luit,
1273 3077 1416 3143 quod
1451 3078 1543 3143 qui
1580 3079 1720 3129 inl'ra
1758 3091 1974 3129 manse-

2083 3092 2204 3129 πειν
2254 3075 2351 3145 τὴν
2397 3075 2492 3127 τοῦ
2537 3076 2709 3142 Λόγου
2743 3075 2834 3127 ἐπὶ
2879 3074 2938 3126 τὸ
2989 3073 3194 3137 ἔνδοξον
3242 3072 3334 3124 xui
3387 3072 3653 3141 θειότερον

402 3165 550 3221 rant,
593 3173 700 3212 non
747 3171 926 3214 essent
955 3159 1024 3217 i.s
1069 3164 1240 3216 oculis
1281 3166 1553 3228 instructi,
1586 3167 1784 3234 quibus
1813 3165 1980 3220 Verbi

370 3236 460 3300 \in
503 3247 800 3318 gloriosum
833 3251 1266 3322 divinioremque
1312 3265 1512 3308 statum
1547 3257 1982 3325 transliguratio-

406 3352 530 3391 nem
579 3342 825 3395 contueri
873 3354 1146 3410 possent:
1196 3346 1395 3413 quippe
1451 3348 1543 3416 qui
1595 3349 1682 3399 vix
1732 3357 1982 3416 peterant

405 3426 580 3494 illum,
633 3431 803 3498 qualis
845 3433 988 3487 inter
1017 3449 1111 3488 eos
1150 3438 1492 3500 versabatur,
1528 3437 1838 3502 sustinere;
1875 3453 1980 3505 quo

404 3516 606 3573 factum
634 3532 737 3587 est,
768 3533 825 3576 ut
863 3526 958 3591 qui
1007 3527 1150 3594 quod
1187 3529 1539 3594 praestantius
1573 3529 1811 3582 habebat
1852 3543 1981 3581 con-

405 3609 601 3678 spicari
640 3626 746 3665 non
792 3614 1066 3682 valebant,
1100 3617 1165 3670 de
1209 3618 1301 3670 illo
1333 3619 1580 3672 dicerent
1625 3636 1638 3671 :
1681 3636 1698 3668 ι
1731 3619 1978 3672 Vidimus

407 3712 550 3761 cum,
581 3709 634 3753 et
670 3717 776 3756 non
815 3714 933 3758 erat
967 3705 1015 3758 ei
1051 3707 1262 3775 species
1295 3721 1471 3772 neque
1498 3709 1686 3760 decor.
1721 3708 1825 3761 Sed
1860 3723 1983 3775 spe-

408 3789 519 3842 cies
550 3790 670 3857 ejus
706 3793 1060 3860 inhouorata,
1111 3807 1164 3850 et
1207 3798 1432 3852 inferior
1480 3813 1591 3864 pra:
1628 3797 1753 3850 (iliis
1802 3797 1981 3850 homi-

409 3895 539 3933 num
561 3883 679 3935 ⁴⁶.ι
737 3888 911 3956 Atque
970 3890 1081 3944 haec
1147 3891 1328 3944 dicere
1397 3893 1573 3946 visum
1628 3902 1711 3945 est
1785 3901 1979 3945 contra

2084 3165 2537 3236 μεταμόρφωσιν⁶
2577 3163 2713 3217 ἀλλά
2750 3165 2906 3233 μόγις
2939 3162 3099 3216 αὐτὸν
3134 3161 3382 3214 ἐδύναντο
3411 3161 3654 3230 χωρῆσαι

2079 3254 2335 3317 τοιοῦτον,
2376 3253 2517 3305 ὥστε
2557 3252 2809 3321 λέγεσθαι
2840 3253 2904 3305 ἂν
2947 3251 3074 3324 περὶ
3115 3249 3277 3304 αὐτοῦ
3313 3249 3414 3302 ὐπὸ
3440 3250 3546 3301 τῶν
3579 3248 3652 3318 μὴ

2078 3344 2387 3414 δυναμένων
2426 3343 2487 3395 τὸ
2529 3345 2772 3414 κρεῖττον
2807 3341 2967 3394 αὐτοῦ
3000 3341 3211 3411 βλέπειν
3244 3339 3334 3391 τόο
3377 3359 3394 3390 ι
3427 3339 3651 3406 Εἴδομεν

2081 3437 2262 3496 αὐτὸν,
2297 3437 2391 3489 xui
2454 3437 2554 3488 οὐκ
2600 3431 2742 3505 εἶχεν
2789 3431 2947 3498 εἶδος,
2995 3434 3114 3486 οὐδὲ
3152 3433 3374 3495 κὰλλος’
3417 3431 3550 3484 ἀλλὰ
3591 3430 3652 3482 τὸ

2082 3523 2219 3588 εἶδος
2246 3526 2410 3578 αὐτοῦ
2459 3526 2671 3595 ἄτιμον,
2705 3526 2954 3577 ἐκλεῖπον
3009 3525 3159 3594 παρά
3198 3525 3325 3586 τοὺς
3367 3525 3514 3585 υἱοὺς
3547 3521 3656 3573 τῶν

2084 3618 2402 3689 ἀνθρώπων.
2432 3638 2449 3668 ι
2488 3617 2597 3668 Καὶ
2640 3617 2811 3670 ταῦτα
2852 3617 2908 3668 δὲ
2943 3617 3075 3688 πρὸς
3123 3617 3219 3685 τὴν
3260 3616 3466 3668 Κέλσου
3522 3616 3656 3667 ὐπὸ-

2082 3709 2264 3780 ληψιν,
2303 3707 2378 3778 μὴ
2405 3709 2695 3776 νοήσαντος
2731 3706 2830 3769 τὰς
2871 3705 2944 3769 ὡς
2975 3710 3031 3758 ἐν
3066 3706 3325 3777 ἱστορίαις
3363 3704 3658 3774 λεγομένας

2087 3798 2388 3869 μεταϐολὰς
2415 3798 2448 3868 ἢ
2487 3796 2935 3866 μεταμορφώσεις
2962 3796 3056 3849 τοῦ
3102 3797 3296 3866 Ἰησοῦ,
3325 3796 3420 3848 xui.
3445 3797 3506 3847 τὸ
3539 3794 3658 3861 θνη-

2085 3891 2174 3944 τδν
2205 3893 2237 3962 ἢ
2269 3889 2529 3942 ἀθάνατον
2555 3888 2741 3951 αὐτοῦ,
2771 3887 3026 3959 λελέχθω.

409 3970 549 4026 Celsi
589 3976 930 4043 opinionem,
973 3994 1078 4033 non
1122 3982 1468 4050 intelligentis
1534 3997 1668 4067 quas
1733 3981 1859 4036 Jesu
1927 3983 2254 4036 mutationes
2320 3981 2934 4050 transﬁgurationesmte
2990 3992 3178 4035 narrat
3237 3980 3353 4049 ejus
3410 3979 3654 4041 historia,

413 4080 590 4134 neque
627 4069 756 4135 quid
798 4071 1024 4125 mortale
1065 4071 1115 4123 iu
1157 4072 1249 4125 illo
1282 4073 1481 4140 quidve
1522 4073 1828 4127 immortale
1855 4073 2039 4128 fuerit.

485 4159 648 4230 512
695 4162 783 4217 17.
817 4161 936 4218 Jam
985 4165 1088 4220 illa:
1122 4166 1369 4220 historiae
1411 4167 1714 4235 prmsertim
1764 4183 1884 4220 cum
1924 4179 1982 4221 ut
2014 4180 2060 4237 υ

412 4264 512 4317 par
553 4259 636 4305 est
683 4253 1086 4322 intelliguntur,
1120 4270 1297 4309 nonne
1331 4256 1500 4309 multo
1530 4255 1650 4323 'plus
1698 4257 1983 4323 gravitatis

420 4341 638 4406 habent,
670 4357 831 4410 quam
863 4344 1064 4399 Bacchi
1099 4347 1324 4400 historia
1357 4351 1588 4417 primum
1625 4361 1654 4399 a
1692 4349 1980 4402 Titanibus

415 4430 654 4500 decepti,
698 4433 899 4490 deinde
947 4436 1214 4492 deturbati
1255 4438 1320 4493 de
1367 4439 1503 4492 solio
1555 4439 1724 4502 Jovis,
1771 4449 1878 4492 tum
1918 4440 1984 4491 ab

416 4518 525 4572 illis
569 4520 856 4592 discerpti,
908 4534 1091 4590 postea
1143 4525 1505 4594 redintegrato
1552 4542 1781 4594 corpore
1838 4526 1983 4578 revi-

416 4611 699 4675 viscentis,
722 4622 778 4695 et
802 4615 854 4665 in
883 4614 1080 4666 malum
1111 4617 1494 4668 ascendentis?
1519 4615 1598 4668 Au
1626 4617 1831 4670 Graecis
1864 4615 1987 4669 licet

417 4700 721 4766 huiusmodi
760 4715 1064 4758 commenta
1094 4707 1158 4757 ad
1191 4707 1429 4758 animum
1477 4708 1678 4760 referre
1712 4716 1767 4760 et
1796 4709 1863 4761 de
1892 4707 1984 4759 illa

421 4790 802 4855 interpretari;
846 4794 1000 4846 nobis
1041 4805 1218 4847 autem
1271 4796 1336 4847 ad
1385 4807 1805 4863 consequentem
1857 4812 1987 4850 con-

420 4885 848 4948 seutaneamque
900 4892 956 4935 et
1003 4883 1162 4952 plane
1233 4900 1532 4939 consonam
1602 4885 1903 4954 Scripturis
1956 4903 1986 4940 a

420 4963 628 5034 Spiritu
676 4965 859 5019 divmo
910 4967 964 5018 in
1014 4968 1163 5034 puris
1227 4971 1509 5022 animabus
1573 4971 1847 5024 habitante
1904 4973 1986 5023 in-

421 5058 639 5128 spiratis
689 5058 1079 5126 expositionem
1135 5063 1428 5128 praeclusus
1484 5063 1659 5116 omnis
1712 5063 1811 5117 erit
1871 5065 1985 5117 adi-

421 5151 546 5204 tus?
579 5149 774 5204 Mentis
807 5150 969 5220 igitur
1015 5160 1318 5204 nostrarum
1359 5153 1755 5221 Scripturarum
1798 5155 1984 5210 Celsus

421 5244 580 5314 plane
621 5244 838 5312 ignarus
885 5243 1002 5297 fuit.
1045 5243 1199 5296 Unde
1250 5259 1356 5296 non
1389 5243 1596 5295 illarum
1631 5243 1980 5309 intellectum,

418 5336 518 5392 sed
567 5336 747 5404 potius
797 5349 957 5403 quem
1010 5333 1114 5387 illis
1164 5333 1276 5402 ipse
1317 5333 1533 5397 tribuit,
1579 5333 1888 5388 insectatur.
1929 5336 1979 5388 Si

490 5474 530 5504 “
575 5475 676 5527 lsa.
721 5491 834 5535 LIII,
874 5475 926 5526 2.

497 5631 603 5698 (57)
650 5631 940 5699 Διάφοροι.
978 5631 1110 5686 Vide
1145 5632 1523 5688 adnotationes
1555 5628 1620 5684 ad
1648 5628 1739 5684 lib.
1770 5644 1829 5696 ιι,
1863 5643 2012 5682 num.

2157 4163 2294 4239 Ἆρα
2327 4168 2383 4221 δὲ
2423 4167 2483 4221 οὐ
2515 4167 2694 4238 πολλῴ
2731 4168 2922 4232 ταῦτα,
2976 4169 3068 4220 xui
3104 4166 3333 4238 μάλιστα
3365 4168 3451 4219 ὅτε
3491 4167 3549 4218 ὃν
3581 4167 3661 4220 δεῖ

2085 4258 2282 4328 τρόπον
2338 4261 2556 4322 νοεῖται,
2618 4260 2915 4328 σεμνότερα
2972 4262 3217 4326 φανεῖται
3261 4259 3512 4312 Διονύσου
3559 4259 3662 4310 ὑπὸ

2085 4350 2191 4402 τῶν
2217 4351 2458 4403 Τιτάνων
2499 4349 2876 4417 ἀπατωμένου,
2907 4350 2999 4400 xui
3032 4349 3388 4411 ἐκπίπτοντος
3423 4350 3531 4402 ἀπὸ
3567 4349 3659 4401 τοῦ

2089 4441 2208 4502 Διὸς
2258 4439 2478 4510 θρόνου,
2537 4441 2630 4491 xui
2695 4441 3141 4510 σπαρασσομένου
3191 4442 3281 4493 ὑπ’
3318 4441 3515 4504 αὐτῶν,
3570 4443 3660 4494 xui

2092 4529 2228 4600 μετά
2258 4529 2430 4582 ταῦτα
2474 4530 2633 4582 πάλιν
2680 4531 3082 4599 συντιθεμένου,
3116 4532 3209 4582 xui
3238 4532 3401 4584 οἱονεὶ
3430 4531 3662 4584 ἀναϐιώ-

2092 4635 2329 4680 σκοντος,
2364 4619 2457 4670 xui.
2496 4616 2872 4679 ἀναϐαίνοντος
2903 4619 2983 4680 είς
3027 4619 3288 4689 οὐρανόν;
3325 4620 3393 4669 Ἢ
3439 4618 3661 4688 Ἕλλησι

2094 4709 2190 4777 μὲν
2229 4707 2401 4770 ἔξεστι
2431 4706 2501 4758 τά
2551 4708 2774 4761 τοιαῦτα
2816 4709 2895 4769 εἰς
2931 4707 3023 4758 τὸν
3055 4708 3181 4778 περὶ
3216 4708 3394 4776 ψυχῆς
3441 4708 3661 4774 ἀνάγειν

2089 4799 2242 4866 λόγον
2271 4799 2364 4850 xui
2408 4799 2781 4869 τροπολογεῖν’
2832 4800 2958 4868 ἡμῖν
2990 4799 3033 4850 δ’
3068 4798 3486 4851 ἀποκέκλεισται
3526 4798 3664 4868 θύρα

2089 4889 2379 4944 ἀκολούθου
2423 4889 2746 4960 διηγήσεως,
2779 4891 2869 4942 καὶ
2897 4890 3171 4957 πανταχοῦ
3209 4891 3541 4960 συνᾳδούσης
3570 4891 3664 4942 xui

2092 4979 2485 5050 συμφωνούσης
2532 4983 2650 5042 ταῖς
2691 4981 2798 5032 ἀπὸ
2843 4979 2936 5031 τοῦ
2979 4979 3122 5030 θείου
3181 4979 3493 5046 Πνεύματος
3528 4981 3662 5049 Γρα-

2095 5071 2240 5136 φαῖς,
2270 5069 2558 5137 γενομένου
2599 5070 2656 5120 ἐν
2700 5068 2963 5139 καθαραῖς
3005 5069 3236 5138 ψυχαῖς;
3280 5068 3542 5138 Οὐδαμῶς
3571 5065 3663 5122 οὖν

2095 5161 2122 5211 6
2151 5159 2354 5221 Κέλσος
2398 5155 2505 5211 οἶδε
2540 5159 2602 5211 τὸ
2646 5159 2890 5229 βούλημα
2918 5158 3026 5211 τῶν
3075 5158 3358 5230 ἡμετέρων
3404 5159 3665 5228 γραμμά-

2093 5268 2223 5313 των,
2261 5251 2449 5323 διόπερ
2487 5251 2584 5322 τὴν
2627 5251 2820 5304 ἐαυτοῦ
2863 5250 3108 5320 ἐκδοχὴν,
3142 5250 3236 5303 καὶ
3267 5250 3385 5319 οὐχ)⁵
3419 5250 3517 5318 τὴν
3555 5248 3664 5298 τῶν

2095 5343 2326 5412 Γραφῶν
2368 5344 2664 5398 διαϐάλλει.
2705 5344 2768 5397 Εἰ
2801 5342 2858 5395 δέ
2887 5338 2954 5413 ἦν
2987 5344 3273 5411 ἐννοήσας,
3300 5342 3354 5394 τί
3384 5338 3664 5394 ἀκολουθεῖ

2043 5627 2126 5684 63.
