3986 6164
282 310 433 367 1049

1464 293 1744 352 CONTRA
1775 287 2053 346 CELSUM
2092 290 2220 344 LIB.
2262 287 2350 341 IV.

3406 289 3543 345 1050

277 431 435 500 ψυχῇ
471 430 528 481 ἐν
564 431 762 501 αἰωνίῳ
811 430 1042 503 ἐσομένη
1093 429 1235 498 ζωῇ,
1283 426 1375 478 καὶ
1406 424 1457 478 τί
1505 423 1610 494 χρὴ
1659 420 1849 492 φρονεῖ

1978 425 2158 471 mente
2196 411 2699 483 comprehendisset
2743 422 2862 477 qua:
2913 407 3091 461 futura
3146 408 3216 463 sit
3245 409 3441 465 animat
3487 414 3540 466 in

281 521 419 591 περὶ
451 521 548 588 τῆς
577 520 763 582 οὐσίας
792 521 960 590 αὐτῆς
1003 519 1096 573 καὶ
1138 517 1262 588 περὶ
1307 515 1416 568 τῶν
1445 514 1626 584 ἀρχῶν
1670 511 1866 580 αύτῆςο

279 609 388 660 οὐκ
432 607 498 659 ἂν
539 606 680 660 οὕτω
710 607 921 678 διέσυρε
953 608 1043 660 τὸν
1077 607 1339 660 ἀθάνατον
1379 607 1457 668 εἰς
1495 601 1686 672 θνητὸν
1715 601 1869 670 ἐρχό-

285 715 456 768 μενον
485 698 672 768 σῶμα,
709 700 769 751 οὐ
816 701 956 752 κατὰ
997 700 1092 771 τὴν
1124 700 1408 760 Πλάτωνος
1453 696 1562 768 (58)
1608 711 1872 765 μετενσω-

285 789 556 857 μάτωσιν,
587 788 720 842 ἀλλά
750 791 869 842 κατ’
898 791 1062 860 ἄλλην
1091 790 1210 843 τινὰ
1237 789 1570 860 ὑψηλοτέραν
1605 786 1863 855 Θεωρίαν·

281 872 400 929 εἶδε
426 877 471 928 δ’
494 877 560 930 ἂν
587 878 679 931 καὶ
711 878 839 948 μίαν
878 877 1152 950 ἐξαίρετον
1193 877 1300 930 άπὸ
1331 875 1529 945 πολλῆς
1567 873 1870 944 φιλανθρω-

281 965 420 1030 πίας
457 968 754 1023 κατάϐασιν
786 968 916 1039 (59),
945 969 1083 1039 ὑπὲρ
1109 967 1202 1020 τοῦ
1239 966 1558 1038 ἐπιστρέψαι
1591 964 1660 1017 τὰ
1703 964 1799 1034 (ὡς
1831 965 1863 1033 ὴ

282 1055 412 1109 θεῖα
443 1057 689 1127 ὠνόμασε
743 1059 1016 1129 μυστικῶς
1056 1057 1292 1128 Γραφὴδ
1329 1075 1347 1107 t
1379 1055 1692 1109 ἀπολωλότα
1733 1052 1869 1123 πρό-

279 1146 429 1200 ϐατα
467 1149 612 1201 οῐκου
646 1148 878 1219 Ἰσραὴλ,
905 1168 922 1199 ι
953 1149 1048 1202 καὶ
1077 1148 1390 1202 καταϐάντα
1431 1147 1539 1200 ἀπὸ
1566 1146 1674 1198 τῶν
1699 1144 1864 1214 ὀρῶν,

279 1239 428 1307 πρὸς
471 1238 506 1292 ἃ
544 1241 572 1292 6
629 1239 832 1310 ποιμὴν
887 1239 944 1292 ἓν
996 1257 1103 1291 τισι
1174 1238 1506 1310 παραϐολαῖς
1561 1235 1866 1304 καταϐεϐη-

279 1329 444 1383 κέναι
469 1330 704 1400 λέγεται,
735 1329 1045 1384 καταλιπὼν
1073 1332 1129 1382 ἐν
1159 1332 1271 1392 τοῖς
1301 1328 1450 1399 ὄρεσι
1474 1328 1542 1380 τὰ
1567 1327 1639 1396 μὴ
1676 1325 1868 1394 ἐσφαλ-

282 1419 451 1487 μένα.

351 1679 793 1750 Προσδιατρίϐων
822 1678 878 1731 δὲ
907 1681 935 1732 6
959 1677 1164 1742 Κέλσος
1190 1675 1270 1741 οἷς
1291 1679 1350 1729 ού
1382 1677 1655 1746 νενόηκεν,
1693 1674 1863 1736 αἴτιος

271 1772 418 1840 ἡμῖν
448 1771 658 1837 γίνεται
689 1769 1057 1838 ταυτολογίας,
1083 1771 1144 1822 ού
1173 1769 1536 1839 βουλομένοις,
1561 1768 1665 1821 κᾶν
1689 1765 1766 1836 τῷ
1780 1765 1866 1818 δο-

272 1865 397 1916 κεῖν
433 1863 791 1916 άϐασάνιστον
821 1864 930 1916 τῶν
971 1864 1062 1915 ὑπ’
1097 1862 1260 1915 αὑτοῦ
1307 1862 1644 1932 λελεγμένων
1685 1879 1738 1912 τι
1769 1876 1863 1912 κα-

267 1951 672 2004 ταλελοιπέναι.
696 1952 862 2022 Φησὶν
894 1947 985 2004 οὖν
1015 1951 1160 2023 ἑξῆς,
1193 1953 1278 2004 ὅτι
1313 1970 1330 2002 ‹
1364 1952 1519 2003 Ἤτοι
1548 1950 1622 2012 ὡς
1649 1949 1864 2019 ἀληθῶς

273 2043 607 2113 μεταϐάλλει
635 2044 663 2094 6
705 2043 868 2107 Θεὸς,
916 2042 1102 2113 ὥσπερ
1153 2038 1297 2097 οὗτοί
1350 2059 1534 2110 φασιν,
1585 2044 1664 2104 είς
1705 2041 1862 2110 σῶμα

269 2131 492 2203 θνητὸν,
543 2133 635 2186 καὶ
678 2134 998 2204 προείρηται
1042 2135 1102 2186 τὸ
1141 2134 1430 2186 ἀδύνατονσ
1478 2134 1510 2205 ἢ
1550 2133 1710 2195 αὐτὸς
1763 2133 1861 2202 μὲν

266 2227 328 2276 ού
381 2227 737 2294 μεταϐάλλει,
786 2231 929 2280 ποιεῖ
964 2229 1021 2281 δὲ
1063 2228 1190 2290 τοὺς
1230 2227 1472 2295 ὁρῶντας
1526 2226 1723 2287 δοκεῖν,
1766 2225 1861 2276 καὶ

266 2317 456 2388 πλανᾷ
505 2321 599 2372 καὶ
630 2320 903 2388 ψεύδεται.
946 2319 1152 2390 Ἀπάτη
1200 2320 1256 2372 δὲ
1304 2320 1398 2372 καὶ
1448 2317 1640 2386 ψεῦδος
1686 2316 1858 2379 ἄλλως

270 2408 374 2478 μὲν
405 2411 569 2474 κακὰ,
601 2411 775 2480 μόνως
798 2412 840 2463 δ’
866 2412 932 2464 ἂν
967 2411 1042 2474 ὡς
1069 2413 1130 2464 ἐν
1162 2411 1452 2480 φαρμάκου
1493 2409 1653 2479 μοίρᾳ
1680 2408 1859 2478 χρῷτό

261 2517 353 2563 τις
386 2501 508 2570 ἦτοι
549 2503 689 2572 πρὸς
738 2502 922 2570 φίλους
969 2502 1256 2564 νοσοῦντας
1280 2503 1373 2553 καὶ
1402 2500 1726 2570 μεμηνότας,
1767 2499 1858 2551 ἰώ-

271 2609 458 2661 μενος,
498 2592 530 2662 ἢ
569 2593 707 2661 πρὸς
761 2591 1022 2662 ἐχθροὺς,
1067 2591 1307 2643 κίνδυνον
1351 2592 1608 2659 ἐκφυγεῖν
1641 2605 1857 2658 προμη-

267 2680 556 2750 θούμενος.
587 2681 721 2734 Οὔτε
753 2682 807 2734 δὲ
833 2682 1002 2735 νοσῶν
1049 2682 1082 2748 ἢ
1123 2681 1380 2752 μεμηνὼς
1423 2682 1594 2745 οὐδεὶς
1625 2679 1742 2749 Θεῷ
1771 2679 1858 2748 φί-

265 2769 398 2833 λοςο
429 2770 552 2824 οὕτε
593 2772 833 2840 φοϐεῖταί
862 2789 986 2824 τινα
1028 2773 1056 2823 ὁ
1086 2773 1247 2836 Θεὸς,
1296 2774 1382 2825 ἵνα
1429 2772 1709 2842 πλανήσας
1741 2770 1856 2823 κίν-

263 2860 425 2936 δυνον
453 2862 711 2934 διαφύγῃ.
737 2883 755 2914 ι
787 2864 896 2916 Καὶ
926 2863 1064 2934 πρὸς
1094 2864 1260 2936 τοῦτο
1293 2865 1488 2931 λέγοιτ’
1520 2863 1605 2927 ἂν,
1639 2864 1713 2932 πὴ
1758 2864 1856 2933 μὲν

265 2933 398 3020 περὶ
435 2951 534 3020 τῆς
576 2933 672 3004 τοῦ
713 2952 856 3004 θείου
898 2933 1072 3020 Λόγου
1118 2933 1332 3021 φύσεως
1371 2953 1520 3015 ὄντος
1567 2951 1731 3015 Θεοῦ,
1777 2952 1854 3023 πὴ

1973 518 2173 561 acterna
2214 506 2322 558 vita
2357 502 2618 564 conditio,
2649 509 2702 552 et
2733 499 2862 567 quid
2898 500 2963 552 de
3002 498 3118 566 ejus
3155 511 3349 554 natura
3399 503 3548 571 prin-

1974 600 2240 668 cipiisque
2268 598 2478 653 sentire
2509 602 2790 662 oporteat,
2840 608 2946 645 non
2995 594 3067 645 ita
3118 595 3401 648 ridiculum
3442 597 3540 662 ipsi

1972 692 2148 744 visum
2177 689 2369 744 fuisset
2403 684 2762 740 immortalem
2794 683 2846 735 in
2888 684 3114 736 mortale
3146 700 3343 752 corpus
3376 687 3542 741 adve-

1973 783 2137 844 nisse,
2175 795 2279 833 non
2323 794 2353 833 e
2387 792 2615 846 corpore
2647 775 2701 827 in
2743 788 2943 841 corpus
2983 777 3438 844 transmigrando,
3483 786 3543 830 ut

1970 871 2124 924 Plato
2155 871 2482 937 explicaret,
2527 868 2620 920 sed
2674 867 2777 918 alia
2813 881 2988 933 eaque
3019 866 3179 936 longe
3234 867 3538 921 sublimiori

1969 961 2217 1014 ratione:
2251 960 2475 1012 vidisset
2513 967 2702 1010 contra
2733 974 2855 1012 eum
2907 959 3234 1026 praseipuum
3269 973 3380 1011 suae
3412 973 3538 1027 erga

1969 1052 2222 1108 homines
2277 1049 2628 1118 benignitatis
2677 1049 2889 1102 dedisse
2941 1059 3357 1116 argumentum,
3415 1066 3536 1103 cum

1969 1143 2253 1197 descendit
2285 1151 2345 1194 ut
2375 1157 2396 1190 ι
2419 1153 2548 1193 oves
2578 1153 2697 1207 qua-
2724 1139 2996 1205 perierant
3026 1140 3218 1192 domus
3250 1139 3410 1192 Israel
3436 1140 3534 1201 “,‘r

1967 1227 2416 1299 quemadmodum
2455 1225 2737 1294 Scriptura
2787 1226 2968 1278 divina
3020 1242 3224 1280 arcane
3275 1228 3539 1296 loquitur,

1967 1322 2032 1373 ad
2066 1332 2125 1372 se
2160 1325 2476 1380 revocaret;
2514 1330 2646 1370 oves
2683 1315 2822 1378 illas,
2871 1313 3116 1384 inquam,
3161 1333 3281 1384 qtae
3312 1335 3340 1370 a
3385 1335 3538 1372 tnon-

1969 1410 2112 1462 tibus
2145 1408 2513 1461 discesserant
2537 1413 2592 1459 et
2622 1405 2686 1458 ad
2736 1419 2874 1474 quas
2929 1414 3138 1472 pastor,
3171 1407 3245 1458 ιιιί
3291 1410 3540 1475 quaedam

1968 1498 2236 1568 parabolze
2283 1497 2546 1561 referunt,
2577 1495 2878 1560 descendit,
2911 1495 2966 1550 in
3020 1497 3295 1551 montibus
3337 1499 3539 1555 relictis

1967 1591 2072 1645 illis
2102 1605 2220 1658 quae
2251 1604 2355 1642 non
2393 1587 2795 1640 aberraverant.

2041 1683 2127 1736 18.
2173 1681 2225 1733 lu
2266 1681 2331 1734 iis
2369 1679 2460 1731 diu
2504 1678 2704 1730 insistit
2745 1677 2937 1731 Celsus
2978 1692 3097 1746 qum
3128 1693 3231 1730 non
3263 1678 3535 1749 intelligit,

1968 1773 2152 1840 sicque
2200 1772 2252 1823 itt
2305 1784 2467 1823 causa
2517 1779 2601 1821 est
2639 1783 2740 1821 cur
2773 1769 2959 1822 eadem
3015 1770 3212 1838 saepius
3269 1781 3534 1839 repetam.

1965 1866 2100 1919 Nam
2156 1864 2290 1918 nihil
2337 1878 2524 1918 eorum
2575 1876 2695 1931 qua:
2739 1863 2876 1916 dixit
2924 1863 3153 1930 relinqui
3201 1865 3344 1928 volo,
3394 1867 3534 1932 quod

1966 1973 2070 2012 non
2115 1956 2484 2010 examinatum
2535 1955 2700 2008 fuisse
2739 1955 3002 2008 videatur.
3048 1955 3137 2008 Sic
3185 1956 3349 2025 igitur
3401 1958 3535 2011 ille:

1971 2067 1988 2100 t
2017 2049 2122 2100 Aut
2151 2046 2290 2100 Deus
2319 2060 2506 2099 revera
2538 2055 2779 2099 mutatur
2803 2045 2854 2097 itt
2888 2045 3116 2099 mortale
3142 2059 3362 2112 corpus,
3390 2048 3536 2115 quod

1965 2140 2066 2207 ipsi
2099 2147 2344 2201 censent,
2383 2138 2476 2190 sed
2518 2137 2630 2190 ﬁeri
2665 2151 2766 2189 non
2807 2151 2966 2205 posse
2999 2151 3160 2204 supra
3191 2136 3538 2191 demonstra-

1965 2237 2077 2280 tum
2107 2237 2222 2291 est;
2264 2235 2358 2280 aut
2387 2227 2500 2293 ipse
2537 2226 2755 2293 quidem
2787 2241 2892 2278 non
2925 2235 3163 2280 mutatus
3193 2225 3328 2280 facit
3355 2235 3413 2278 ut
3440 2228 3534 2295 qui

1964 2322 2145 2375 vident
2181 2329 2444 2374 mutatura
2487 2320 2741 2381 credant;
2775 2319 2919 2386 quod
2949 2317 2994 2370 si
3027 2318 3099 2369 ita
3149 2328 3262 2381 est,
3310 2319 3532 2384 decipit,

1961 2413 2239 2467 mentitur.
2266 2412 2428 2480 Atqui
2458 2410 2668 2464 fallacia
2695 2418 2748 2464 et
2777 2409 3118 2464 mendacium
3147 2423 3364 2477 semper
3394 2409 3535 2464 mala

1961 2512 2122 2566 sunt;
2167 2502 2270 2556 nisi
2317 2501 2678 2554 adhibeantur
2720 2509 2815 2553 aut
2860 2501 2925 2553 ad
2967 2498 3288 2553 medendum
3340 2499 3534 2554 amicis

1960 2595 2116 2664 aegris
2149 2600 2203 2647 et
2241 2591 2661 2655 insanientibus,
2697 2601 2787 2644 aut
2821 2593 2887 2645 ad
2931 2592 3243 2662 fugiendum
3275 2591 3416 2659 quod
3461 2593 3532 2646 ab

1960 2682 2285 2736 adversariis
2325 2681 2684 2734 intentaretur
2714 2682 3036 2749 periculum.
3070 2683 3138 2736 At
3169 2697 3296 2735 vero
3347 2682 3532 2737 nullus

1959 2773 2068 2828 Deo
2116 2775 2328 2828 amicus
2365 2784 2448 2828 est
2484 2790 2625 2846 aeger
2669 2786 2724 2831 et
2751 2777 3030 2830 insaniens
3069 2793 3083 2828 :
3121 2790 3296 2845 neque
3341 2791 3531 2844 quem-

1958 2878 2115 2932 quam
2173 2866 2358 2930 timet,
2413 2877 2470 2919 ttt
2503 2869 2567 2920 ad
2609 2869 2889 2921 vitandum
2953 2869 3250 2936 periculum
3317 2868 3528 2922 fallacia

1957 2968 2092 3021 opus
2122 2953 2336 3008 haheat.
2361 2974 2378 3007 ι
2415 2957 2492 3008 Ad
2528 2957 2641 3010 hare
2675 2957 2872 3024 duplex
2913 2965 2994 3010 est
3031 2957 3390 3025 respondendi
3439 2972 3527 3008 ra-

263 3041 324 3094 δὲ
355 3043 482 3110 περὶ
523 3042 621 3111 τῆς
659 3041 832 3112 Ἰησοῦ
888 3041 1088 3111 ψυχῆς.
1133 3044 1267 3113 Περὶ
1303 3044 1400 3113 μὲν
1449 3041 1542 3096 οὖν
1599 3045 1700 3113 τῆς
1758 3044 1849 3097 τοῦ

1959 3044 2056 3109 tio,
2089 3059 2319 3112 quarum
2370 3045 2599 3098 alteram
2632 3057 2820 3099 natura
2857 3046 3025 3099 divini
3063 3046 3219 3099 Verbi
3262 3049 3352 3112 qui
3391 3046 3527 3099 Deus

263 3131 440 3198 Λόγου
497 3131 704 3200 φύσεως
724 3174 738 3195 ,

263 3223 407 3292 πρὸς
448 3225 544 3294 τὴν
579 3223 672 3276 τοῦ
705 3227 896 3296 νηπίου
932 3227 1092 3294 φύσιν
1134 3229 1214 3290 είς
1254 3228 1393 3296 γάλα
1438 3229 1757 3299 μεταϐάλλει
1789 3231 1846 3281 ἐν

261 3316 333 3383 τῇ
382 3315 693 3388 τρεφούσῃ,
746 3317 779 3383 ἦ
835 3318 939 3370 ὑπὸ
989 3319 1082 3371 τοῦ
1146 3320 1329 3392 ἰατροῦ
1383 3321 1845 3384 κατασκευάζεται

265 3402 406 3471 πρὸς
443 3404 502 3455 τὸ
546 3405 642 3474 τῆς
693 3406 880 3474 ὑγείας
931 3407 1186 3477 χρειῶδες
1240 3408 1317 3478 τῷ
1364 3410 1655 3479 κάμνοντι,
1697 3410 1729 3478 ἢ
1769 3410 1845 3478 τῷ

267 3495 606 3566 ίσχυροτέρῳ
644 3497 719 3559 ὡς
757 3497 1108 3569 δυνατωτέρῳ
1145 3501 1343 3552 οὑτωσὶ
1384 3502 1491 3572 (60)
1532 3503 1846 3574 εὐτρεπίζε-

262 3603 356 3639 ται
381 3603 394 3616 ’
436 3587 579 3639 οὕτω
617 3589 714 3659 τὴν
751 3589 846 3642 τοῦ
886 3592 1186 3658 πεφυκότος
1237 3595 1460 3664 τρέφειν
1499 3597 1845 3668 ἀνθρωπίνην

260 3679 442 3750 ψυχὴν
487 3681 646 3747 λόγου
688 3681 913 3751 δύναμιν
951 3685 979 3735 6
1016 3683 1146 3746 Θεὸς
1200 3687 1312 3748 τοῖς
1363 3686 1670 3758 ἀνθρώποις
1718 3691 1845 3741 ἑκά-

264 3787 376 3840 στῳ
426 3770 546 3823 κατ’
599 3771 752 3836 ἀξίαν
811 3772 1152 3842 μεταϐάλλει.
1205 3773 1309 3827 Καί
1387 3793 1491 3829 τινι
1566 3778 1664 3846 μὲν
1730 3778 1843 3848 (ὡς

260 3858 545 3928 ὠνόμασεν
585 3861 617 3930 ἡ
658 3861 916 3932 Γραφὴ,)
977 3881 994 3912 ι
1043 3863 1256 3930 λογικὸν
1295 3864 1478 3917 ἄδολον
1525 3867 1664 3934 γάλα
1693 3886 1712 3918 ι
1755 3867 1841 3936 γί-

260 3967 442 4012 νεται,
492 3950 598 4003 τινὶ
655 3949 710 4001 δὲ
755 3951 830 4013 ὡς
881 3951 1253 4023 ἀσθενεστέρῳ
1313 3955 1474 4006 οἱονεὶ
1547 3957 1839 4027 «λάχανον,

259 4043 368 4093 τινὶ
396 4041 452 4092 δὲ
487 4041 707 4100 τελείως
744 4040 853 4110 (61)
891 4061 910 4091 ‹
948 4043 1141 4113 στερεά
1177 4045 1350 4115 τροφὴ
1396 4064 1412 4094 ι
1460 4047 1837 4117 παραδίδοται,

259 4132 372 4183 Καὶ
399 4131 459 4182 ού
493 4131 662 4199 δήπου
693 4131 946 4198 ψεύδεται
990 4132 1086 4201 τὴν
1134 4133 1326 4184 ἑαυτοῦ
1373 4134 1532 4202 φύσιν
1572 4139 1600 4189 ὁ
1646 4139 1839 4206 Λόγος,

259 4223 476 4291 ἑκάστῳ
511 4222 775 4292 τρόφιμος
815 4223 1116 4293 γινόμενος,
1148 4225 1222 4286 ὡς
1249 4229 1415 4296 χωρεῖ
1454 4228 1615 4280 αὑτὸν
1659 4247 1840 4299 παρα-

257 4312 532 4376 δέξασθαι·
564 4313 657 4364 καὶ
683 4313 742 4364 ού
779 4312 975 4383 πλανᾷ,
1000 4314 1118 4366 οὐδὲ
1143 4315 1415 4384 ψεύδεται.
1453 4320 1516 4370 Εἰ
1545 4319 1589 4371 δ’
1611 4321 1703 4372 ἐπὶ
1734 4321 1835 4390 τῆς

786 3133 896 3196 ὅτι,
943 3133 1186 3204 ὥσπερὴ
1219 3133 1327 3186 τῶν
1361 3135 1576 3205 τροφῶν
1623 3136 1846 3206 ποιότης

1947 3142 2050 3193 est,
2081 3131 2308 3185 alteram
2343 3133 2522 3187 anima
2559 3133 2684 3186 Jesu
2715 3143 2982 3200 suppetet.
3017 3133 3088 3185 De
3131 3143 3320 3185 natura
3361 3132 3522 3187 Verbi

1947 3222 2052 3286 aio,
2086 3224 2540 3290 quemadmodum
2603 3224 2654 3275 in
2713 3225 2922 3276 nutrice
2957 3223 3242 3287 alimenta,
3291 3237 3348 3278 ut
3397 3241 3523 3292 par-

1944 3314 2052 3367 vuli
2097 3323 2304 3368 natura:
2370 3315 2749 3367 convenientia
2793 3316 2922 3373 sint,
2968 3313 3020 3366 itt
3069 3315 3521 3380 lac‘vcrtuntur;

1945 3414 2089 3458 anta
2125 3405 2336 3460 medico
2365 3405 2470 3458 alia
2498 3407 2564 3458 ad
2616 3406 3007 3459 restituendam
3059 3407 3278 3476 azgrotis
3319 3409 3526 3459 sanita-

1947 3509 2079 3561 tem,
2125 3497 2229 3550 alia
2277 3498 2585 3550 sanioribus
2629 3506 2683 3550 et
2725 3497 3116 3550 valentioribus
3164 3498 3394 3563 dantur;
3441 3500 3522 3552 sic

1953 3588 2109 3641 Verbi
2141 3588 2204 3640 ad
2241 3587 2583 3640 nutriendum
2634 3588 2913 3640 hominum
2964 3588 3199 3643 animam
3253 3589 3361 3655 apti
3410 3590 3519 3641 vir-

1948 3685 2115 3731 tutetn
2163 3692 2190 3728 a
2237 3677 2344 3730 Deo
2415 3675 2614 3727 mutari
2680 3683 2732 3728 et
2805 3691 2904 3744 pro
2962 3677 3300 3744 singulorum
3359 3689 3519 3746 captu

1947 3768 2264 3834 temperari.
2342 3767 2526 3833 Itaque
2604 3766 2927 3834 quibusdam
3014 3767 3234 3832 quidem
3307 3768 3404 3832 tit,
3465 3779 3522 3821 ut

1946 3855 2224 3924 Scriptura
2280 3856 2547 3924 appellat,
2609 3855 2743 3908 «lac
2812 3857 3177 3920 rationabile,
3233 3857 3351 3912 sine
3424 3860 3521 3911 do-

1944 3947 2089 4012 lo“;
2116 3966 2133 3997 ι
2159 3947 2277 4000 aliis
2297 3955 2481 4015 utpote
2499 3946 2890 4000 infirmioribus
2910 3957 3163 4016 tanquam
3203 3967 3222 3999 ι
3255 3949 3374 4002 olus
3400 3968 3419 4000 ι
3443 3949 3512 4010 ⁸⁷,

1945 4035 2103 4104 513
2137 4037 2391 4103 perfectis
2424 4045 2599 4088 autem
2625 4053 2642 4086 ι
2671 4035 2873 4089 solidus
2919 4036 3074 4089 cibus
3119 4055 3138 4087 ι
3186 4037 3508 4106 porrigitur.

1944 4128 2055 4182 Nec
2085 4139 2262 4182 tamen
2286 4127 2522 4182 Verbum
2565 4142 2718 4181 suam
2759 4128 3015 4182 mentitur
3070 4137 3345 4189 naturam,
3393 4143 3518 4180 cum

1943 4234 2375 4288 unumquemque
2409 4220 2597 4282 nutrit,
2657 4232 2817 4287 prout
2869 4229 2954 4272 est
2996 4220 3166 4286 ipsius
3227 4219 3517 4285 recipiendi

1944 4327 2141 4380 capax.
2170 4312 2268 4366 llic
2299 4311 2442 4364 nulla
2499 4311 2732 4375 fallacia,
2788 4311 3125 4362 mendacium
3186 4310 3414 4362 nullum.
3460 4309 3515 4362 Si

270 4401 448 4471 Ἰησοῦ
481 4402 658 4472 ψυχῆς
703 4402 966 4473 λαμϐάνει
1015 4422 1098 4468 τις
1289 4407 1624 4479 μεταϐολὴν,
1669 4383 1839 4479 αύτῆς

1954 4403 2064 4468 quis
2096 4410 2272 4454 autem
2297 4401 2530 4452 animam
2570 4398 2691 4479 Jesu
2732 4408 2991 4450 mutatam
3057 4399 3225 4460 dicat,
3273 4414 3340 4451 co
3376 4401 3520 4467 quod

295 4510 339 4556 ,ς
369 4493 527 4564 σῶμα
559 4493 838 4564 ἐλθούσης,
889 4496 1203 4567 πευσόμεθα
1261 4499 1378 4562 πῶς
1426 4499 1574 4568 λέγει
1615 4502 1845 4571 μεταϐο-

259 4584 392 4654 λήν;
423 4588 483 4639 Εί
514 4587 612 4655 μὲν
643 4585 750 4657 γὰρ
777 4587 878 4656 τῆς
901 4589 1110 4651 οὐσίας,
1147 4590 1206 4642 ού
1243 4590 1444 4644 δίδοται
1467 4593 1526 4644 ού
1569 4593 1729 4662 μόνον
1757 4596 1842 4646 ἐπ’

260 4676 491 4746 ἐκείνης,
527 4677 640 4729 ἀλλ’
673 4677 794 4730 ούδέ
828 4680 955 4748 περὶ
1001 4680 1157 4733 ἄλλου
1210 4680 1438 4751 λογικῆς
1474 4683 1670 4754 ψυχῆς·
1716 4688 1764 4738 εί
1797 4687 1841 4738 δ’

257 4762 341 4815 ὅτι
369 4766 564 4835 πάσχει
598 4784 649 4819 τι
675 4769 779 4821 ὑπὸ
805 4768 898 4820 τοῦ
939 4768 1190 4840 σώματος
1220 4772 1637 4845 ἀνακεκραμένη
1670 4777 1838 4846 αύτῷ,

217 4857 221 4861 '
259 4851 354 4902 καὶ
385 4854 490 4905 άπὸ
521 4855 614 4907 τοῦ
649 4858 811 4909 τόπου
859 4859 940 4921 εἰς
982 4858 1041 4911 ὃν
1087 4858 1330 4928 ἐλήλυθε·
1389 4862 1480 4914 καὶ
1531 4863 1583 4914 τί
1633 4862 1828 4916 ἄτοπον

256 4945 471 5015 ἀπαντᾷ
502 4946 580 5016 τῷ
613 4949 786 5018 Λόγῳ,
827 4949 933 5001 ἀπὸ
967 4949 1167 5019 πολλῆς
1211 4951 1616 5023 φιλανθρωπίας
1660 4972 1828 5006 κατα-

256 5031 529 5095 ϐιϐάζοντι
576 5035 799 5105 Σωτῆρα
849 5037 926 5107 τῷ
974 5038 1118 5106 γένει
1163 5039 1270 5092 τῶν
1323 5041 1655 5112 άνθρώπων;
1706 5045 1827 5097 ἐπεὶ

258 5122 444 5193 μηδεὶς
469 5123 576 5176 τῶν
611 5125 869 5194 πρότερον
902 5127 1220 5199 θεραπεύειν
1237 5132 1712 5204 ἐπαγγειλαμένων
1740 5153 1826 5188 το-

1945 4491 2035 4545 illa
2060 4491 2114 4544 in
2144 4506 2344 4560 corpus
2369 4491 2597 4556 venerit,
2635 4504 2872 4558 qureram
2900 4504 3062 4558 quam
3099 4489 3364 4557 intelligat
3395 4506 3517 4542 mu-

1945 4583 2224 4636 tationem.
2261 4582 2318 4635 Si
2348 4581 2667 4636 substantite
2690 4579 2908 4644 dixerit,
2957 4581 3164 4649 negabo
3194 4597 3298 4632 non
3339 4581 3513 4634 solum

1943 4675 2109 4741 illam,
2146 4676 2238 4729 sed
2265 4675 2427 4728 etiam
2477 4673 2773 4741 quamlibet
2815 4673 2975 4725 aliam
3033 4671 3349 4725 rationalem
3393 4674 3513 4725 aui-

1946 4783 2090 4821 tnatn
2125 4767 2355 4830 mutari;
2402 4766 2484 4819 sin
2540 4773 2801 4817 mutatam
2853 4773 3074 4833 pugnet,
3124 4764 3250 4831 quia
3307 4763 3519 4831 corpori

1939 4861 2173 4914 immista
2198 4858 2399 4926 aliquid
2421 4859 2488 4910 ab
2521 4857 2611 4909 illo
2641 4865 2694 4909 et
2719 4872 2747 4908 a
2779 4857 2895 4909 loco
2928 4857 3153 4923 inquom
3179 4855 3344 4917 venit,
3371 4856 3522 4924 pati-

1939 4961 2057 5015 tur;
2089 4950 2216 5018 quid
2251 4949 2377 5002 inde
2410 4947 2828 5002 absurdiinferri
2854 4956 3030 5014 potest
3051 4955 3236 5000 contra
3266 4945 3520 5011 Verbum,

1938 5044 2082 5112 quod
2113 5059 2213 5112 pro
2241 5057 2340 5096 suo
2367 5043 2418 5095 in
2453 5041 2700 5095 homines
2730 5056 2912 5094 amore
2944 5041 3009 5094 ad
3042 5042 3332 5094 humanum
3352 5052 3520 5106 genus

1937 5134 2278 5188 Salvatorem
2334 5132 2598 5187 demisit?
2627 5131 3060 5201 quandoquidem
3103 5145 3260 5184 nemo
3307 5144 3517 5185 eorum.

338 5263 384 5295 η
411 5262 600 5317 Matth.
652 5279 743 5328 xv,
785 5267 882 5334 24;
932 5269 1062 5324 Luc.
1104 5286 1191 5336 xv,
1228 5270 1285 5326 4.
1333 5271 1595 5329 “lPetr.
1632 5277 1769 5336 ",2.
1834 5279 1884 5313 ιτ
1931 5277 2091 5332 Rom.
2132 5290 2244 5338 XIV,
2275 5274 2329 5327 2.

322 5373 835 5462 (ϐὃὶΛΠλᾷῑςςυν-ος.
894 5380 1459 5462 VideMadnotationcs
1505 5390 1572 5443 ad
1631 5390 1727 5446 lib.
1772 5409 1821 5456 ι,

254 5459 402 5498 num.
430 5446 528 5507 '52,
558 5460 610 5499 et
649 5449 737 5499 lib.
767 5465 818 5513 ν,
854 5467 1000 5503 ιιιιιιι.
1027 5454 1118 5505 20.

321 5514 430 5594 (5.9)
485 5516 850 5594 κατάϐασιν.
908 5522 998 5594 Sic
1048 5522 1176 5594 libb.
1221 5521 1507 5592 impressi,
1559 5538 1613 5582 at
1662 5533 1820 5586 codd.

256 5580 474 5670 Regius,
526 5587 876 5670 Basil’ee’nsis.
924 5591 1030 5644 duo
1089 5580 1332 5646 V’aticati.
1385 5605 1438 5649 et
1487 5580 1822 5670 Anglican-tis

257 5657 476 5717 primus,
509 5657 961 5711 καταϐαίνουσαν.

321 5723 426 5794 (GU)
457 5728 682 5781 Οῠτωσὶ
725 5731 804 5783 vel
835 5730 1039 5796 οὕτως.
1076 5729 1283 5788 Mallem
1312 5734 1542 5800 abesset,
1571 5751 1622 5793 ut
1657 5741 1816 5793 etiam

1935 5395 2127 5447 abesse
2157 5398 2359 5457 potest,
2392 5398 2615 5455 propter
2638 5389 2698 5439 τὸ
2724 5385 3054 5457 οὕτωμιιιοιιο
3076 5397 3325 5457 sequens.
3354 5382 3520 5457 Paula

1931 5472 2049 5532 post
2080 5449 2174 5514 τοῦ
2215 5449 2515 5532 πεφυκότος
2561 5458 2799 5532 τρέφειν.
2851 5449 3330 5532 νει-ιιιιιιιΙτρέφειν
3367 5455 3524 5532 ιιι-ιε-

1934 5523 2047 5584 ἰηής
2098 5543 2254 5586 antea
2297 5523 2523 5584 excusis
2567 5523 2848 5604 omissum
2892 5523 3134 5576 restituit
3183 5524 3360 5576 codex
3422 5523 3516 5577 Jo-

2151 5670 2272 5724 Τινὶ
2310 5666 2379 5721 δὲ
2404 5667 2662 5731 τελείως.
2694 5665 2839 5733 Lego
2864 5676 2984 5716 cum
3012 5659 3300 5720 Bohcrello
3333 5665 3517 5720 τινὶδὲ

1926 5742 2137 5809 τελείῳ.
