3986 6164
447 287 580 345 5051

1954 282 2275 340 ORIGENlS

3559 266 3692 330 Ιθὸἶ

447 402 538 469 qui
564 409 720 456 antea
745 399 1006 454 medicam
1028 412 1184 467 opem
1212 395 1435 465 polliciti
1478 403 1629 459 sunt,
1656 403 1803 448 tanta
1839 394 2019 450 facere

2123 394 2313 448 σοῦτον
2364 392 2607 457 ἐδύνατο,
2660 392 2782 445 ὅσον
2830 390 2968 462 αὐτὴ
3018 381 3328 453 ἐπεδείξατο
3369 389 3421 442 δί
3466 379 3542 442 ὧν
3593 408 3688 443 πε-

446 489 851 560 potait,quanta
880 486 1159 542 facereilla
1180 485 1356 539 anima
1382 486 1494 539 visa
1508 494 1611 547 est,
1629 495 1817 555 sponte
1837 486 1903 538 ad
1927 486 2023 538 ho—

452 578 658 631 minum
676 577 831 631 coudi
840 576 1036 630 tionem
1062 576 1231 629 nostri
1255 574 1470 641 generis
1483 572 1647 629 causa
1667 576 2021 630 descendens.

451 668 583 737 Quae
608 669 841 722 scientes
867 665 1035 719 divini
1066 664 1364 734 scriptores
1393 664 1560 717 multa
1604 665 1803 734 passim
1856 666 1922 719 de
1956 667 2020 720 iis

450 761 704 813 dixerunt
739 777 752 811 :
780 757 872 810 sed
901 757 952 809 in
985 756 1274 823 prmsentia
1299 756 1437 809 satis
1466 755 1573 809 erit
1599 771 1765 809 unum
1788 755 2023 825 allegare

448 850 597 906 Pauli
633 848 1021 908 testimonium,
1058 848 1203 914 quod
1231 848 1311 901 sic
1354 846 1515 899 habet
1552 864 1566 900 :
1614 864 1633 897 ‹
1677 845 1787 900 Ηοο
1823 847 2022 899 sentite

448 945 502 996 in
535 956 587 995 Vi
610 941 690 994 his
720 939 862 1008 quod
889 946 942 991 et
970 938 1024 990 in
1059 937 1279 992 Christo
1303 936 1453 1001 Jesu,
1488 937 1578 1006 qui
1609 951 1733 991 cum
1763 936 1815 989 in
1846 933 2020 989 forma

450 1031 540 1084 Dei
564 1039 728 1092 esset,
760 1042 865 1081 non
895 1030 1131 1095 rapinas:
1162 1025 1456 1080 arbitratus
1482 1034 1567 1079 est
1590 1041 1711 1081 esse
1741 1040 1802 1080 se
1830 1040 2019 1094 aequa-

445 1120 551 1175 lem
582 1121 710 1182 Deo,
741 1120 834 1173 sed
876 1117 1089 1185 scmeli;
1106 1131 1224 1170 sum
1275 1115 1575 1169 exinanivit
1618 1115 1846 1170 formam
1876 1115 2020 1170 servi

448 1212 746 1279 accipiens,
784 1212 835 1263 in
861 1208 1214 1263 similitudine
1269 1206 1503 1260 hominis
1542 1205 1719 1260 factus
1747 1214 1804 1261 et
1832 1208 2018 1260 habitu

452 1303 712 1357 inventus
766 1310 824 1353 ut
859 1301 1042 1364 homo,
1091 1297 1401 1351 humiliavit
1444 1297 1794 1365 semetipsum
1846 1296 2020 1349 factus

450 1394 714 1449 ohediens
753 1405 926 1459 usque
980 1389 1047 1442 ad
1090 1396 1338 1452 mortem,
1385 1397 1610 1441 mortem
1666 1395 1843 1440 autem
1897 1402 2019 1441 cru-

449 1485 554 1540 cis.
626 1483 857 1551 Propter
936 1480 1077 1548 quod
1145 1490 1199 1534 et
1263 1480 1404 1534 Deus
1485 1478 1747 1534 exaltavit
1826 1478 2017 1543 illum,

446 1584 503 1629 et
560 1573 706 1627 dedit
769 1570 846 1624 illi
912 1584 1105 1623 nomen
1163 1570 1304 1638 quod
1364 1579 1446 1624 est
1498 1583 1662 1638 super
1711 1582 1872 1622 omne
1924 1582 2019 1623 no-

446 1682 569 1721 men
609 1665 679 1717 “.
726 1682 745 1716 ι

519 1755 609 1811 l9.
643 1755 779 1808 Dent
808 1753 968 1823 igitur
991 1750 1151 1805 Celso
1177 1747 1291 1818 alii,
1320 1750 1485 1803 Deum
1517 1750 1734 1818 quidem
1764 1764 1870 1802 non
1898 1764 2017 1802 mu-
2043 1736 2089 1790 Β

447 1854 616 1899 tatum
641 1844 833 1910 fuisse,
867 1841 960 1896 sed
982 1839 1232 1895 effecisse
1264 1849 1323 1893 ut
1347 1841 1438 1909 qui
1465 1840 1723 1893 videbant
1753 1847 2016 1892 mutatum

445 1935 856 2001 existimarent;
919 1934 985 1989 ad
1028 1948 1125 1988 nos
1173 1931 1369 2001 quibus
1412 1929 1883 1999 persuasissimum
1934 1937 2017 1984 est

446 2041 556 2080 non
592 2026 775 2095 specie
800 2035 954 2081 tenus
980 2025 1189 2089 Jesum,
1223 2025 1317 2077 sed
1362 2036 1488 2075 vere
1545 2022 1612 2074 ad
1664 2021 1915 2075 homines
1964 2028 2020 2073 et

446 2117 733 2170 manifeste
755 2116 1060 2179 advenisse,
1091 2114 1230 2168 Celsi
1262 2112 1573 2168 criminatio
1627 2126 1734 2165 non
1761 2110 2014 2180 pertinet.

446 2207 708 2263 Refellam
735 2217 911 2262 tamen
963 2208 1042 2261 sic
1075 2225 1089 2261 :
1135 2206 1324 2261 Nonne
1358 2205 1473 2275 ipse
1519 2202 1731 2266 fateris,
1766 2217 1799 2255 ο
1834 2202 2013 2266 Celse,

444 2300 610 2353 licere
645 2313 743 2366 pro
771 2298 1009 2351 remedio
1038 2297 1113 2350 uti
1143 2296 1353 2351 fallacia
1411 2304 1465 2349 et
1502 2293 1823 2347 mendacio?
1878 2291 2017 2358 Quid

442 2403 575 2458 ergo
604 2389 920 2452 absurdum,
951 2390 1127 2442 simile
1152 2387 1429 2456 quidpiam
1482 2384 1784 2439 adhibitum
1827 2382 2013 2447 luisse,

444 2480 710 2549 siquidem
746 2483 813 2533 ad
840 2480 1065 2534 salutem
1096 2479 1421 2531 collaturum
1449 2476 1627 2531 esset?
1673 2475 1757 2529 Fit
1787 2474 1929 2529 enim
1958 2481 2017 2525 ut

444 2571 787 2626 sermonibus
814 2572 1135 2641 quibusdam
1178 2570 1245 2623 ad
1286 2569 1624 2623 mendacium
1674 2565 2011 2635 compositis,

443 2662 697 2731 qualibus
741 2676 868 2730 erga
906 2670 1145 2731 aegrotos
1194 2660 1464 2713 interdum
1525 2664 1755 2711 utunlur
1797 2655 2012 2718 medici,

443 2765 626 2805 mores
657 2750 872 2805 facilius
897 2751 1162 2819 corrigas,
1187 2764 1347 2819 quam
1384 2748 1427 2802 si
1456 2749 1738 2801 veritatem
1780 2759 2015 2814 usurpa-

444 2857 553 2898 res.
589 2841 711 2896 llazc
746 2856 774 2894 a
801 2841 955 2896 nobis
985 2842 1203 2909 quidem
1252 2839 1318 2894 ad
1367 2838 1598 2893 aliorum
1643 2836 2014 2892 defensionem

444 2935 589 2988 dicta
646 2945 821 2987 sunto.
885 2933 1070 3001 Neque
1125 2931 1271 2986 enim
1328 2930 1622 2984 absurdum
1675 2936 1760 2983 est
1808 2928 2015 2982 amicos

2123 485 2339 555 ποίηκε,
2400 485 2491 538 καὶ
2541 484 2802 546 ἑκουσίως
2855 483 2937 546 είς
2978 482 3079 544 τὰς
3131 481 3475 552 ἀνθρωπίνας
3519 482 3688 552 κῆρας

2123 575 2265 645 ὑπὲρ
2291 573 2383 626 τοῦ
2410 574 2598 640 γένους
2631 573 2785 643 ἡμῶν
2817 572 3117 627 καταϐᾶσα.
3169 571 3355 625 Ταῦτα
3386 572 3430 624 δ’
3471 573 3684 625 ἐπιστά-

2125 682 2283 735 μενος
2305 665 2334 715 ὁ
2360 664 2507 726 Θεῖος
2530 664 2721 731 Λόγος,
2753 663 2919 716 πολλὰ
2951 662 3216 732 πολλαχοῦ
3250 662 3396 731 λέγει
3427 662 3533 715 τῶν
3547 664 3682 734 Γρα-

2121 754 2256 823 φῶψ
2299 757 2459 825 ἀρκεῖ
2493 755 2539 807 δ’
2571 756 2664 808 ἐπὶ
2697 754 2790 807 τοῦ
2848 756 3112 826 παρόντος
3168 755 3296 824 μίαν
3354 753 3683 826 παραθέσθαι

2119 849 2333 902 Παύλου
2356 849 2499 913 λέξιν
2531 849 2702 913 οὕτως
2735 848 2978 918 ἔχουσαν·
3022 867 3041 899 ι
3087 847 3256 901 Τοῦτο
3297 849 3595 919 φρονείσθω
3630 849 3685 901 ὲν

2120 939 2250 1008 ὑμῖν
2285 939 2420 1009 (62),
2464 938 2493 990 ὃ
2541 940 2636 991 καὶ
2679 941 2736 991 ἐν
2786 938 3005 1008 Χριστῷ
3049 937 3243 1007 Ἰησοῦ,
3296 938 3355 1001 ὃς
3397 940 3454 990 ἐν
3509 940 3683 1008 μορφῇ

2119 1027 2254 1079 Θεοῦ
2288 1028 2570 1098 ὑπάρχων,
2596 1028 2693 1096 οὐχ
2733 1025 3025 1097 ἁρπαγμὸν
3060 1028 3300 1097 ἡγήσατο
3330 1026 3392 1079 τὸ
3426 1021 3565 1079 εἶναι
3595 1023 3686 1080 ἶσα

2118 1117 2263 1187 Θεῷ,
2293 1117 2407 1171 ἀλλ’
2435 1118 2627 1171 ἑαυτὸν
2659 1117 2889 1174 ἐκένωσε
2927 1117 3140 1187 μορφὴν
3182 1116 3368 1171 δούλου
3408 1116 3607 1183 λαϐὼν,
3630 1123 3687 1173 ἐν

2117 1208 2418 1279 ὁμοιώματι
2464 1207 2749 1278 ἀνθρώπου
2789 1207 3077 1277 γενόμενος
3123 1206 3264 1277 (65),
3313 1209 3409 1261 κα)⁵
3454 1212 3686 1280 σχήματι

2118 1299 2359 1369 εὑρεθεὶς
2392 1298 2469 1360 ὡς
2501 1297 2788 1368 ἄνθρωπος
2824 1297 3186 1349 ἐταπείνωσεν
3229 1299 3420 1352 ἑαυτὸν
3462 1301 3687 1368 γενόμε-

2119 1405 2209 1451 νος
2257 1390 2498 1458 ὑπήκοος
2545 1387 2708 1456 μέχρι
2755 1385 3005 1449 θανάτου,
3059 1384 3290 1439 θανάτου
3327 1387 3384 1439 δὲ
3433 1386 3683 1458 σταυροῦ.

2116 1477 2207 1528 Διὸ
2251 1477 2345 1530 καὶ
2392 1478 2421 1528 ὁ
2472 1475 2603 1539 Θεὸς
2652 1473 2813 1527 αὐτὸν
2866 1473 3209 1544 ὑπερύψωσε,
3260 1477 3355 1528 καὶ
3398 1477 3685 1547 ἐχαρίσατο

2116 1567 2264 1637 αὐτῷ
2296 1567 2465 1637 ὄνομα
2489 1565 2551 1617 τὸ
2575 1564 2715 1635 ὑπὲρ
2747 1565 2855 1616 πᾶν
2885 1563 3071 1634 ὃνομα.
3116 1583 3135 1614 ι

2191 1744 2375 1798 Ἀλλοι
2403 1744 2500 1815 μὲν
2531 1740 2625 1798 οὖν
2663 1745 2952 1799 διδότωσαν
2984 1742 3061 1813 τῷ
3088 1743 3299 1812 Κέλσῳ,
3331 1744 3487 1796 ὄτιού
3527 1760 3688 1814 μετα-

2118 1837 2301 1891 ὗάλλει
2334 1838 2452 1907 μὲν,
2488 1841 2609 1889 ποεῖ
2637 1838 2695 1889 δὲ
2721 1838 2847 1899 τοὺς
2871 1837 3113 1907 ὁρῶντας
3142 1835 3317 1887 δοκεῖν
3353 1834 3685 1905 μεταϐεϐλη-

2118 1930 2289 1983 κέναι·
2323 1931 2482 1999 ἡμεῖς
2503 1929 2560 1980 δὲ
2593 1928 2899 1997 πειθόμενοι
2943 1928 3003 1979 οὐ
3024 1927 3263 1995 δόκησιν,
3295 1925 3408 1979 ἀλλ’
3432 1926 3688 1995 ἀλήθειαν

2118 2020 2257 2077 εἶναι
2290 2025 2384 2076 καὶ
2415 2023 2701 2093 ἐνάργειαν
2746 2021 2888 2074 κατὰ
2920 2022 3017 2091 τὴν
3061 2020 3234 2091 Ἰησοῦ
3279 2023 3338 2075 ἐν
3383 2020 3691 2092 ἀνθρώποις

2118 2116 2427 2186 ἐπιδημίαν,
2461 2116 2559 2184 οὐχ
2590 2113 2927 2183 ὑποκείμεθα
2976 2116 3040 2183 τῇ
3087 2113 3300 2166 Κέλσου
3361 2108 3689 2186 κατηγορίᾳ.

2121 2207 2308 2276 Ὅμως
2334 2206 2379 2258 δ’
2416 2203 2886 2274 ἀπολογησόμεθα,
2920 2203 3103 2256 ὅτιοὺ
3138 2204 3263 2274 φῂς,
3298 2197 3342 2256 ὦ
3378 2203 3572 2267 Κέλσε,
3614 2202 3695 2267 ὡς

2125 2301 2182 2353 ἐν
2220 2298 2515 2369 φαρμάκου
2554 2298 2717 2368 μοίρᾳ
2739 2297 2869 2349 ποτὲ
2899 2295 3096 2348 δίδοται
3123 2295 3351 2365 χρῆσθαι
3376 2294 3455 2364 τῷ
3483 2294 3692 2364 πλανᾷν

2119 2390 2212 2442 καὶ
2242 2388 2321 2458 τῷ
2360 2388 2684 2457 ψεύδεσθαι;
2731 2388 2797 2440 Τί
2843 2381 2935 2440 οὖν
2983 2385 3202 2452 ἄτοπον,
3245 2387 3295 2438 εί
3348 2384 3589 2438 τοιοῦτόν
3635 2402 3692 2438 τι

2117 2478 2307 2549 ἔμελλε
2342 2477 2554 2542 σώζειν,
2584 2476 2820 2530 τοιοῦτόν
2844 2494 2895 2528 τι
2920 2474 3233 2543 γεγονέναι;
3268 2474 3380 2528 Καὶ
3414 2473 3525 2544 γάρ
3545 2491 3692 2536 τινες

2115 2570 2223 2623 τῶν
2255 2569 2427 2637 λόγων
2457 2568 2527 2621 τὰ
2555 2568 2729 2621 τοιαδί
2760 2566 2863 2637 ἤθη
2891 2566 3030 2620 κατὰ
3060 2567 3121 2618 τὸ
3146 2566 3338 2635 ψεῦδος
3375 2565 3572 2634 μᾶλλον
3603 2565 3694 2616 λε-

2117 2655 2343 2731 γόμενοι
2372 2659 2787 2732 ἐπιστρέφουσιν
2805 2699 2819 2723 ,
2856 2659 3043 2730 ὥσπερ
3073 2658 3164 2710 καὶ
3194 2657 3302 2709 τῶν
3344 2656 3543 2727 ίατρῶν
3576 2655 3692 2725 (64)

2118 2769 2248 2805 ποτε
2278 2752 2424 2819 λόγοι
2455 2750 2644 2804 τοιοίδε
2679 2751 2814 2821 πρὸς
2856 2751 2981 2812 τοὺς
3003 2751 3309 2819 κάμνοντας
3356 2750 3498 2820 ἥπερ
3548 2747 3697 2801 κατὰ

2116 2839 2178 2893 τὸ
2220 2841 2435 2910 ἀληθές.
2484 2838 2643 2892 Ἀλλὰ
2678 2838 2852 2891 ταῦτα
2893 2837 2991 2908 μὲν
3031 2840 3158 2908 περὶ
3202 2838 3403 2909 ἐτέρων
3442 2836 3697 2891 ἀπολελο-

2116 2933 2303 3004 γήσθω
2328 2936 2477 3004 ἡμῖν.
2512 2936 2623 2986 Καὶ
2643 2934 2751 3004 γὰρ
2781 2936 2881 2986 οὐκ
2914 2932 3113 2986 ἄτοπόν
3157 2934 3273 2985 ἐστι
3317 2932 3408 2984 τὸν
3456 2930 3693 3001 ἰώμενον

438 3032 770 3092 regretantes
801 3031 1104 3082 sanantem,
1136 3019 1220 3072 bis
1243 3018 1479 3072 amicum
1508 3032 1676 3087 genus
1716 3018 2012 3070 humanum

2122 3024 2309 3092 φίλους
2333 3025 2629 3088 νοσοῦντας
2664 3026 2917 3078 ἰάσασθαι
2948 3026 3009 3079 τὸ
3043 3026 3195 3094 φίλον
3242 3024 3349 3076 τῶν
3390 3023 3701 3094 ἀνθρώπων.

445 3113 625 3166 levare
647 3111 921 3173 remediis,
949 3123 1068 3178 quae
1102 3122 1210 3162 non
1241 3108 1364 3161 data
1420 3122 1583 3176 Opera
1621 3108 1743 3175 quis
1790 3107 2015 3160 adhibe--

445 3209 550 3264 ret,
581 3202 674 3254 sed
719 3200 902 3253 habita
959 3198 1489 3273 circumstantiarum
1536 3198 1764 3251 ratione.
1797 3197 1862 3250 Et
1896 3198 2021 3265 qni-

445 3292 568 3345 dem
604 3292 669 3343 ad
698 3291 970 3344 curandos
996 3300 1176 3344 mente
1231 3290 1495 3343 alienatos
1524 3289 1774 3343 homines
1803 3290 1906 3341 hac
1931 3289 2017 3341 via

454 3392 536 3438 uti
582 3389 896 3451 oportenat,
949 3395 1108 3449 quam
1152 3379 1388 3434 Verbum
1428 3392 1651 3436 noverat
1698 3385 2016 3443 insanienti-

452 3474 555 3528 bus
604 3472 669 3525 ad
721 3485 903 3523 sanam
953 3476 1190 3523 mentem
1241 3470 1561 3525 reducendis
1610 3474 1813 3528 utilem.
1862 3476 2016 3541 Quod

454 3563 529 3617 ait
564 3582 581 3613 ι
616 3561 739 3614 talia
785 3559 992 3622 facere,
1037 3558 1127 3626 qui
1161 3559 1457 3628 periculum
1494 3562 1561 3614 ab
1589 3563 1906 3618 adversariis
1932 3566 2013 3619 in-

456 3658 719 3705 tentatum
772 3641 971 3715 fugere’
994 3645 1228 3715 cogitat;
1282 3660 1311 3698 a
1361 3646 1471 3701 Deo
1517 3657 1695 3702 autem
1742 3651 2013 3706 neminem

456 3739 665 3802 timeri,
709 3746 768 3790 ut
805 3738 869 3789 ad
907 3736 1183 3788 vitandum
1220 3736 1517 3803 periculum
1558 3738 1873 3795 insidiantes
1910 3741 2005 3797 fal-

447 3830 560 3883 Icre
591 3846 724 3899 opus
750 3831 984 3895 habeat;
1022 3848 1040 3881 ι
1078 3829 1129 3883 id
1157 3829 1428 3897 depellere
1457 3846 1851 3899 supervacuum
1899 3848 2018 3886 om-

450 3920 580 3974 nino
599 3920 759 3973 fuerit
786 3931 841 3974 et
872 3936 899 3973 a
929 3921 1139 3975 ratione
1160 3921 1422 3974 alienum.
1453 3920 1616 3991 514
1644 3922 1843 3989 Ecquis
1870 3924 2014 3976 enim

450 4026 686 4080 unquam
712 4012 826 4065 han:
864 4012 931 4065 de
963 4021 1149 4065 nostro
1207 4010 1490 4066 Salvatore
1534 4012 1703 4065 dixit?
1731 4013 1837 4066 Sed
1870 4020 1924 4066 et
1949 4014 2015 4065 ad

447 4103 614 4165 istud,
649 4121 667 4153 ι
702 4102 969 4156 neminem
995 4117 1196 4170 aegrum
1228 4109 1320 4154 aut
1356 4101 1714 4156 insanientem
1751 4103 1858 4156 Deo
1880 4104 2017 4156 ami-

446 4205 572 4247 cum
601 4208 744 4255 esse.
775 4213 795 4245 ι
822 4191 934 4261 jam
959 4201 1117 4245 antea
1149 4206 1248 4261 pro
1275 4190 1399 4245 aliis
1418 4191 1691 4259 respondi.
1724 4191 1842 4245 Dixi
1871 4194 2014 4247 enim

446 4284 595 4340 illam
648 4284 1113 4353 dispensationem
1175 4296 1278 4335 non
1339 4296 1461 4337 esse
1521 4281 1719 4336 factam
1791 4292 2016 4352 propter

2120 3114 2275 3182 γένος
2306 3117 2416 3177 τοῖς
2444 3109 2785 3178 τοιοῖσδε,οἷς
2809 3115 2908 3167 οὐκ
2932 3115 2997 3169 ἄν
3024 3132 3107 3177 τις
3123 3115 3385 3185 χρήσαιτο
3419 3130 3699 3184 προηγου-

2124 3205 2318 3276 μένως,
2344 3205 2457 3259 ἀλλ’
2492 3208 2557 3259 ἐκ
2588 3206 2978 3277 περιστάσεως.
3013 3206 3121 3258 Καὶ
3154 3204 3395 3275 μεμηνὸς
3422 3204 3479 3256 δὲ
3509 3203 3570 3256 τὸ
3600 3204 3700 3272 γέ-

2118 3310 2208 3356 νος
2236 3293 2345 3346 τῶν
2399 3295 2699 3365 ἀνθρώπων
2723 3294 2827 3347 ἔδει
2856 3295 3254 3366 θεραπευθῆναι
3313 3294 3399 3348 διὰ
3433 3293 3699 3364 μεθόδων,

2118 3378 2194 3439 ὧν
2223 3383 2368 3455 ἐώρα
2397 3386 2426 3438 ὁ
2457 3387 2626 3455 Λόγος
2657 3390 2941 3460 χρησίμων
2961 3390 3074 3451 τοῖς
3110 3386 3428 3457 μεμηνόσιν,
3465 3387 3552 3439 ἵνα
3585 3403 3701 3439 σω-

2120 3483 2447 3550 φρονήσωσι.
2483 3481 2621 3549 Φησὶ
2657 3480 2731 3542 δ’,
2781 3481 2863 3532 ὃτι
2908 3479 3003 3532 καὶ
3041 3498 3058 3529 ι
3101 3478 3181 3530 Τὰ
3216 3477 3392 3530 τοιάδε
3425 3494 3509 3540 τις
3553 3479 3700 3529 ποιεῖ

2119 3568 2255 3638 πρδς
2296 3567 2552 3639 ἐχθροὺς,
2605 3569 2845 3622 κίνδυνον
2899 3570 3156 3636 ἐκφυγεῖν
3223 3565 3697 3637 προμηθούμενος.

2118 3658 2192 3710 Οὐ
2227 3658 2469 3727 φοϐεῖται
2494 3659 2551 3712 δέ
2578 3676 2726 3721 τινας
2748 3660 2777 3711 ὁ
2802 3659 2954 3723 Θεὸς,
2989 3660 3075 3711 ἵνα
3107 3657 3383 3727 πλανήσας
3421 3657 3547 3721 τοὺς
3572 3659 3700 3710 ἐπι-

2119 3748 2472 3812 ϐουλεύοντας
2505 3749 2747 3803 κίνδυνον
2778 3750 3035 3821 διαφύγῃ.
3071 3768 3089 3800 ι
3128 3748 3312 3819 Πάντη
3344 3749 3403 3801 δὲ
3435 3749 3700 3820 περισσὸν

2119 3839 2213 3891 καὶ
2243 3837 2434 3906 ἄλογον
2457 3839 2898 3910 ἀπολογήσασθαι
2935 3840 3071 3910 πρὸς
3102 3837 3163 3891 τὸ
3196 3839 3289 3891 ὑπ’
3321 3838 3534 3902 οὐδενὸς
3568 3856 3633 3890 πε
3643 3840 3699 3909 pi.

2116 3928 2208 3980 τοῦ
2239 3931 2491 4001 Σωτῆρος
2525 3930 2683 4000 ἡμῶν
2708 3929 3013 4000 λεγόμενον.
3049 3929 3380 4002 Προείρηται
3411 3929 3455 3981 δ’
3486 3931 3562 3992 εἰς
3594 3930 3698 3999 τὴν

2119 4021 2246 4090 περὶ
2269 4007 2469 4090 ἐτέρων
2489 4024 2621 4091 ἡμῖν
2643 4021 2933 4089 ἀπολογίαν
2956 4022 3090 4092 πρὸς
3113 4021 3192 4086 τὸ,
3232 4040 3251 4071 ι
3282 4019 3418 4073 Οὔτε
3442 4019 3500 4072 δὲ
3522 4019 3695 4073 νοσῶν

2117 4110 2150 4180 ἢ
2184 4109 2440 4180 μεμηνὼς
2463 4111 2634 4173 οὐδεὶς
2659 4111 2809 4180 φίλος
2830 4111 2939 4181 (65)
2973 4110 3049 4181 τῷ
3076 4111 3212 4181 Θεῷ.
3257 4130 3276 4160 ι
3327 4111 3384 4163 Ὁ
3417 4109 3526 4180 γὰρ
3559 4111 3688 4162 ἀπο.

2115 4201 2488 4273 λογησάμενός
2517 4220 2679 4274 φησιν
2710 4204 2809 4273 οὐχ
2838 4203 2977 4273 ὑπὲρ
3014 4202 3123 4255 τῶν
3147 4204 3246 4275 ἤδη
3283 4202 3450 4271 φίλων
3476 4201 3699 4255 νοσούν-

2116 4292 2283 4363 τωνῆ
2326 4294 2645 4363 μεμηνότων
2690 4292 2788 4363 τὴν
2830 4291 3037 4344 τοιάνδε
3081 4293 3389 4363 οἰκονομίαν
3429 4292 3693 4360 γίνεσθαι,

445 4385 677 4446 aegrotos
705 4385 760 4431 et
791 4376 1123 4432 insanientes
1152 4373 1246 4442 qui
1275 4371 1386 4441 jam
1413 4373 1573 4427 amici
1600 4382 1803 4439 essent,
1838 4375 1932 4430 sed
1954 4384 2011 4428 ut

2122 4383 2226 4437 ἀλλ’
2268 4385 2409 4455 ὑπὲρ
2434 4384 2542 4437 τῶν
2574 4383 2662 4437 διὰ
2718 4385 2870 4437 νόσον
2929 4384 3030 4455 τῆς
3075 4383 3254 4454 ψυχῆς
3296 4383 3390 4436 καὶ
3439 4383 3695 4436 ἔκστασιν

446 4467 540 4535 qui
562 4467 740 4521 adhuc
765 4476 986 4535 propter
1018 4465 1267 4518 morbum
1301 4462 1498 4517 animae
1525 4464 1897 4534 naturalisque
1930 4481 2018 4519 ra-

444 4554 609 4609 tionis
638 4554 1015 4608 alienationem
1046 4551 1246 4608 inimici
1280 4561 1461 4616 erant,
1500 4554 1553 4606 in
1587 4555 1678 4609 Dei
1709 4555 2008 4609 amicitiam

448 4646 846 4714 reciperentur.
876 4644 1012 4697 Nam
1044 4643 1201 4697 .iesus
1221 4643 1366 4698 clare
1397 4644 1600 4698 dicitur
1618 4647 1796 4699 omnia
1828 4657 2016 4714 pertu-

448 4733 597 4798 lisse,
636 4746 695 4788 ut
724 4749 816 4788 eos
867 4735 957 4800 qui
1016 4744 1329 4803 peccassent
1380 4736 1614 4804 peccatis
1670 4736 1923 4791 liberaret
1962 4746 2018 4791 et

442 4823 618 4892 iustos
645 4825 843 4878 faceret
864 4826 930 4879 δ’.

522 4914 614 4970 20.
647 4916 835 4970 Postea
859 4915 1072 4973 Iudaeos
1117 4919 1344 4984 inducit,
1380 4918 1473 4988 qui
1524 4917 1750 4972 seorsim
1794 4931 2014 4971 causam

449 5006 683 5063 aﬂerant
709 5024 805 5063 cur
838 5009 1042 5065 Christi
1087 5013 1376 5068 adventum
1422 5010 1662 5064 futurum
1717 5023 1838 5064 esse
1870 5009 2015 5064 arbi-

522 5124 568 5157 ι·
605 5107 799 5191 Philip.
846 5139 902 5188 ιι,
946 5123 998 5176 5.
1073 5126 1118 5157 ιθ
1151 5124 1312 5179 llehr.
1364 5140 1423 5187 ιι,
1470 5123 1565 5187 15;
1619 5124 1804 5176 Matth.
1863 5139 1939 5188 lx,
1983 5126 2069 5179 15.

489 5262 639 5345 _(62)7
668 5259 1006 5345 [ineschelius
1043 5266 1096 5345 et
1124 5257 1457 5343 §pencerus.
1502 5255 1651 5324 ἡμῖν.
1710 5253 1879 5310 Codd.
1911 5256 2019 5311 Re-

451 5329 573 5407 gius
593 5329 649 5407 et
670 5331 1023 5407 Bthileensis,
1048 5329 1203 5407 υμῖν.

522 5404 634 5474 (63)
711 5402 806 5455 Ἐν
894 5393 1208 5474 ὁμοιῴιὶατι
1232 5466 1244 5474 ⁸
1279 5393 1589 5474 ἁνθρώπρυ
1622 5473 1627 5474 ν
1678 5396 2016 5474 γενόμειςος.

2116 4474 2210 4526 τοῦ
2240 4474 2379 4528 κατὰ
2415 4476 2576 4544 φύσιν
2609 4475 2867 4545 λογισμοῦ
2904 4475 2984 4527 ἔτι
3027 4474 3259 4546 ἐχθρῶν,
3298 4476 3385 4528 ἵνα
3429 4474 3694 4542 γένωνται

2118 4565 2258 4633 φίλοι
2280 4567 2359 4635 τῷ
2382 4566 2518 4637 Θεῷ.
2547 4567 2657 4620 Καὶ
2690 4564 2798 4637 γὰρ
2832 4564 3017 4634 σαφῶς
3054 4565 3195 4636 ὑπὲρ
3244 4562 3579 4634 ἁμαρτωλῶν
3613 4562 3693 4614 λέ-

2116 4673 2269 4725 γεται
2287 4659 2461 4711 πάντα
2492 4657 2835 4728 ἀναδεδέχθαι
2865 4658 2893 4709 ὁ
2929 4655 3156 4726 Ἰησοῦς,
3178 4656 3243 4709 ἵν’
3275 4656 3471 4719 αὐτοὺς
3520 4652 3692 4707 ἀπαλ-

2117 4746 2253 4819 λάξῃ
2281 4747 2382 4816 τῆς
2405 4748 2675 4817 ἁμαρτίας
2699 4748 2792 4800 καὶ
2826 4749 3026 4821 ποιήσῃ
3044 4746 3300 4808 δικαίους.

2191 4918 2303 4974 Εἶτ’
2332 4921 2455 4973 ἐπεὶ
2483 4922 2888 4990 προσωποποιεῖ
2931 4920 3038 4990 ἰδίᾳ
3071 4919 3167 4989 μὲν
3216 4917 3495 4980 Ἰουδαίους
3527 4918 3689 4969 αἰτιο-

2119 5008 2411 5079 λογοῦντας
2440 5010 2538 5081 τὴν
2567 5010 2686 5063 κατ’
2715 5011 2910 5073 αὐτοὺς
2947 5009 3243 5081 μέλλουσαν
3296 5006 3531 5079 Χριστοῦ
3580 5007 3690 5060 ἐπι-

2126 5262 2251 5334 dum
2278 5280 2292 5316 :
2315 5262 2503 5334 ὥσπερ
2529 5264 2623 5315 καὶ
2647 5262 2753 5314 τῶν
2791 5262 2988 5334 ἰατρῶν
3018 5278 3146 5315 ποτε
3170 5261 3318 5334 λόγοι
3349 5259 3493 5334 κατὰ
3515 5258 3685 5334 τοιάδε

2125 5333 2263 5417 πρξς
2292 5329 2758 5417 τοὺς-,κᾲμγοντνας
2794 5329 2936 5409 ᾕπερ
2956 5333 3103 5417 κατὰ
3141 5332 3201 5417 τὸ
3237 5329 3452 5412 ἇέηθὲς⁹
3498 5329 3685 5417 αςέῗοὺς

2126 5398 2376 5467 σώζουσι.
2415 5404 2508 5457 Vel
2531 5398 2644 5467 'sic,
2669 5398 2857 5472 ὥσπερ
2885 5398 2979 5455 καὶ
3012 5401 3118 5454 τῶν
3148 5398 3350 5472 ἰατρῶν
3377 5398 3686 5472 ποτε-,λόγοι

454 5463 589 5549 [hee
616 5463 686 5526 'in
732 5482 893 5549 antea
922 5463 1097 5524 'editi's
1138 5466 1337 5524 omissa
1387 5463 1702 5535 supplentur
1748 5481 1777 5521 e
1816 5463 2019 5522 codice

2122 5463 2312 5549 τοιοίδε
2340 5474 2464 5537 τοὺς
2497 5463 2799 5544 κάμνοντας
2825 5463 3027 5542 μᾶλλον
3058 5472 3201 5542 ἧπερ
3227 5463 3366 5523 κατὰ
3397 5469 3457 5521 τὸ
3496 5463 3684 5539 ἀληθὲς

453 5542 764 5596 Basileensi.

528 5610 640 5680 (64)
673 5611 894 5678 ’Ὠσπερ
914 5607 1159 5680 καὶτῶν
1179 5605 1547 5680 maximae:
1575 5604 1767 5680 Cuielo
1796 5605 1898 5680 hie
1919 5606 2017 5661 ali-

456 5676 588 5740 quid
611 5676 907 5736 desiderari
948 5679 1179 5735 videtur.
1240 5679 1324 5735 An
1382 5677 1482 5734 sic.
1533 5676 1727 5746 inquit.
1774 5677 2017 5733 scriben-

2126 5558 2490 5683 awctiogfbibb.
2521 5612 2708 5670 excusi
2738 5611 2792 5668 in
2830 5619 3004 5677 textu,
3034 5609 3211 5672 οὐδεὶς
3235 5605 3352 5678 Θεῷ
3376 5605 3547 5677 φίλος·
