3986 6164
279 293 416 351 1055

1433 289 1715 344 CONTRA
1757 283 2034 342 CELSUM
2072 283 2199 338 LlB.
2237 281 2327 334 ιν.

3374 276 3513 332 1034

276 413 496 482 δημίαν,
527 409 632 478 ἰδίᾳ
656 408 713 460 δὲ
752 409 1113 478 Χριστιανοὺς
1145 408 1399 473 λέγοντας
1444 408 1572 477 περὶ
1619 406 1719 474 τῆς
1751 403 1849 474 ἤδη

1962 409 2193 464 trentur;
2236 396 2462 452 seorsim
2507 393 2672 448 etiam
2731 391 3092 453 Christianos,
3129 388 3219 457 qui
3276 389 3342 442 de
3391 386 3511 442 Filii

277 500 647 570 γεγενημένης
686 497 977 567 ἐπιδημίας
1013 499 1092 560 εἰς
1124 497 1213 549 τὸν
1254 497 1366 566 βίον
1413 497 1518 548 τῶν
1554 493 1852 563 ἀνθρώπων

276 592 370 644 τοῦ
401 589 528 642 Υίοῦ
560 587 652 639 τοῦ
683 586 838 638 Θεοῦ·
877 588 1027 657 φέρε,
1057 588 1151 640 καὶ
1173 587 1366 648 ταῦτα,
1393 587 1468 648 ὡς
1500 581 1610 638 οἷόν
1635 584 1696 636 τέ
1717 586 1850 646 ἐστι,

277 679 365 732 διὰ
392 677 635 749 βραχέων
664 677 1110 745 κατανοήσωμεν.
1151 674 1394 727 Ἰουδαῖοι
1442 673 1506 742 δὴ
1546 671 1854 746 παρ’ὶαύτῷ

281 768 516 835 λέγουσι,
555 785 572 815 ι
605 765 957 835 πληρωθέντα
977 765 1066 816 τὸν
1099 765 1210 834 βίον
1238 766 1416 834 πάσης
1444 761 1634 823 κακίας
1656 761 1854 812 δεῖσθαι

277 855 371 909 τοῦ
403 854 892 924 καταπεμπομένου
911 853 1016 905 ἀπὸ
1044 851 1198 906 Θεοῦ·
1233 854 1296 906 ἵν’
1317 855 1362 905 οἱ
1392 854 1485 923 μὲν
1511 852 1682 905 ἄδικοι
1707 851 1856 902 κολα-

283 945 469 1006 σθῶσι,
496 946 562 997 τὰ
602 945 653 996 δε
698 945 872 996 πάντα
917 943 1191 1014 καθαρθῇ,
1247 943 1506 1010 ἀνάλογον
1548 941 1622 1011 τῷ
1658 939 1856 1010 πρώτῳ

284 1037 550 1105 συμϐάντι
588 1036 695 1106 (66)
727 1035 1115 1105 κατακλυσμῷ.
1158 1055 1175 1086 ι
1229 1036 1379 1086 Ἐπεὶ
1410 1035 1464 1086 δὲ
1485 1034 1732 1101 λέγονται
1764 1032 1856 1083 καὶ

281 1126 592 1197 Χριστιανοὶ
619 1125 826 1188 τούτοις
854 1126 1202 1195 προστιθέναι
1231 1127 1413 1197 ἕτερα,
1450 1125 1606 1194 δῆλον
1647 1126 1727 1176 ὅτι
1763 1124 1856 1176 καὶ

282 1219 489 1281 τούτοις
523 1220 654 1287 φησι
686 1220 859 1273 ταῦτα
889 1220 1160 1287 λέγεσθαι.
1198 1219 1306 1270 Καὶ
1338 1217 1388 1268 τί
1421 1216 1616 1268 ἄτοπον
1661 1215 1753 1266 ἐπὶ
1791 1217 1855 1283 τῇ

276 1310 437 1380 χύσει
465 1312 563 1380 τῆς
603 1313 801 1374 κακίας
844 1314 1200 1383 ἐπιδημήσειν
1256 1310 1348 1361 τὸν
1409 1303 1878 1378 ἀποκαθαροῦνται

281 1401 372 1452 τὸν
407 1401 629 1469 κόσμον,
663 1403 757 1453 καὶ
791 1404 1005 1472 ἑκάστῳ
1031 1404 1146 1454 κατ’
1195 1400 1348 1463 ἀξίαν
1385 1399 1749 1468 χρησόμενον;
1786 1397 1860 1448 Οὐ

283 1492 397 1560 γὰρ
424 1490 567 1543 κατὰ
607 1491 698 1543 τὸν
723 1491 851 1542 Θεόν
891 1493 1006 1543 ἐστι
1055 1491 1127 1560 μὴ
1173 1491 1360 1560 στῆναι
1391 1488 1488 1558 τὴν
1529 1487 1629 1554 τῆς
1670 1486 1862 1545 κακίας

284 1583 480 1651 νομὴν,
515 1581 608 1633 καὶ
640 1581 1010 1634 ἁνακαινῶσαι
1041 1581 1109 1633 τὰ
1137 1582 1455 1650 πράγματα.
1489 1579 1662 1629 Ἵσασι
1688 1576 1744 1627 δὲ
1771 1575 1865 1627 καὶ

288 1672 548 1740 ’Έλληνες
611 1671 976 1741 κατακλυσμῷ
1017 1673 1048 1738 ἢ
1089 1671 1222 1740 πυρὶ
1256 1669 1352 1739 τὴν
1381 1669 1484 1736 γῆν
1519 1665 1656 1720 κατὰ
1685 1663 1864 1733 περιό-

1959 491 2051 545 Dei
2078 491 2128 543 in
2159 489 2404 542 homines
2451 487 2675 538 adventu
2727 483 2994 537 disserant
3043 489 3294 547 tanquam
3349 479 3414 531 de
3456 492 3515 530 re

1957 596 2076 648 quae
2113 580 2285 647 reipsa
2320 575 2565 644 contigit.
2619 573 2767 638 Quod
2830 581 3138 640 utrumque,
3173 583 3330 636 quam
3386 565 3514 619 brc-
3557 583 3560 585 ·

1957 669 2175 721 vissime
2199 667 2416 735 poterit,
2463 663 2892 716 consideremus.
2939 660 3059 713 Harc
3092 659 3253 728 igitur
3281 654 3417 722 apud
3450 653 3517 706 il-

1956 755 2250 809 luutJudzei
2286 771 2298 806 :
2334 773 2351 804 ‹
2391 755 2522 806 Cum
2577 752 2720 805 omni
2762 751 3020 802 vitiorum
3067 761 3262 816 genere
3292 747 3401 796 vita
3437 758 3518 796 rc-

1957 845 2090 898 ferta
2119 846 2211 908 sit,
2245 846 2381 897 Deus
2407 845 2583 895 mittat
2616 856 2840 895 necesse
2866 850 2968 902 est,
3002 839 3090 906 qui
3125 839 3290 890 malos
3320 834 3516 887 alliciat

1957 936 2232 1003 suppliciis
2280 943 2333 988 et
2392 942 2643 1002 repurget
2689 933 2890 992 omnia,
2950 940 3009 982 ut
3081 930 3257 997 primo
3314 927 3520 979 diluvio

1958 1027 2157 1080 factum
2199 1033 2304 1078 est.
2335 1044 2351 1075 ι
2383 1023 2646 1089 Quoniam
2700 1031 2873 1074 autem
2910 1021 3164 1072 dicutttur
3219 1016 3516 1072 Christiani

1959 1117 2059 1169 alia
2093 1117 2176 1170 his
2201 1116 2422 1176 addere,
2452 1115 2622 1181 liquet
2654 1123 2704 1166 et
2733 1114 2845 1164 haec
2877 1111 3049 1178 ipsum
3090 1110 3270 1163 dicere
3318 1109 3384 1161 ab
3411 1107 3518 1161 illis

1962 1207 2322 1260 aflirmari.Et
2351 1205 2477 1273 quid
2504 1205 2716 1258 absurdi
2765 1213 2869 1265 est,
2913 1203 3055 1254 vitiis
3119 1212 3316 1254 terram
3363 1201 3520 1252 iuun-

1964 1297 2238 1358 (lantibus,
2303 1306 2614 1359 venturum,
2672 1295 2759 1360 qui
2814 1293 3070 1346 mundum
3131 1299 3421 1362 perpurget
3465 1296 3520 1343 et

1962 1399 2084 1437 eum
2112 1401 2430 1453 unoquoque
2456 1401 2551 1452 pro
2588 1385 2793 1438 meritis
2818 1385 2976 1450 agat?
3018 1383 3127 1436 Nec
3171 1384 3310 1437 enim
3350 1383 3520 1435 Deum

1963 1478 2147 1530 deceat
2175 1476 2279 1529 late
2306 1487 2610 1544 serpentem
2637 1476 2930 1544 nequitiam
2968 1488 3144 1526 rerum
3175 1475 3522 1526 renovatione

1963 1583 2070 1620 non
2107 1567 2322 1620 sistere.
2355 1567 2454 1635 lpsi
2481 1569 2642 1620 etiam
2677 1565 2848 1620 Graeci
2913 1577 3113 1618 norunt
3146 1575 3344 1617 terram
3401 1565 3524 1632 igne

1965 1657 2279 1710 autdiluvio
2310 1659 2470 1710 certis
2499 1657 2819 1725 quihusdam
2865 1665 3166 1721 temporum
3215 1655 3525 1707 conversio-

283 1762 407 1823 δούς
429 1761 844 1832 καθαιρομένην,
865 1762 937 1824 ὡς
953 1763 1042 1814 καὶ
1061 1762 1281 1814 Πλάτων
1299 1777 1400 1812 που
1414 1757 1553 1810 οὕτω
1565 1756 1710 1824 λέγει
1733 1754 1860 1823 (67)·

1967 1747 2122 1800 nibus
2153 1748 2386 1816 purgari.
2443 1749 2578 1800 Dicit
2619 1747 2760 1799 enim
2791 1747 2984 1801 alicubi
3017 1747 3162 1798 Plato
3196 1764 3208 1798 :
3251 1765 3269 1795 ι
3303 1747 3523 1810 Quando

290 1869 309 1900 ‹
343 1851 508 1903 Ὅταν
555 1850 596 1902 δ’
641 1853 687 1902 οἱ
729 1851 839 1902 θεοὶ
879 1851 973 1920 τὴν
1009 1851 1133 1918 γῆν,
1183 1849 1337 1902 ὕδασι
1377 1847 1725 1918 καθαίροντες
1771 1861 1862 1895 κα-

283 1938 641 2004 τακλύζωσιν,
697 1944 744 1993 οἱ
796 1941 892 2010 μὲν
946 1943 1001 1992 ὲν
1050 1943 1161 2003 τοῖς
1215 1941 1384 2008 ὄρεσι,
1421 1941 1514 1992 καὶ
1543 1938 1610 1989 τὰ
1660 1933 1856 2004 έξῆς.ὀ

284 2031 516 2083 Λεκτέον
545 2027 657 2095 οὖν,
687 2033 765 2084 ὅτι
800 2029 887 2101 ἆρ’
921 2031 1013 2083 ἐὰν
1039 2033 1134 2100 μὲν
1159 2033 1353 2083 ἐκεῖνοι
1387 2029 1557 2093 ταῦτα
1591 2028 1858 2096 φάσκωσι,

287 2120 461 2188 σεμνά
500 2123 614 2172 ἐστι
653 2121 746 2172 καὶ
779 2121 936 2188 λόγου
978 2121 1101 2184 ἄξια
1145 2121 1214 2172 τὰ
1260 2116 1857 2187 ἐπαγγελλόμενα

285 2209 380 2261 ἐὰν
412 2209 466 2262 δὲ
505 2212 664 2280 ἡμεῖς
704 2211 826 2262 τάδε
879 2210 1000 2263 τινὰ
1048 2211 1150 2263 ὑπὸ
1192 2210 1455 2280 Ἑλλήνων
1498 2206 1864 2275 ἐπαινούμενα

285 2301 381 2352 καὶ
409 2301 560 2352 αὐτοὶ
582 2301 1100 2372 κατασκευάζωμεν,
1132 2302 1314 2354 οὐκέτι
1363 2300 1504 2352 καλὰ
1552 2302 1666 2351 ἐστι
1693 2297 1863 2350 ταῦτα

284 2391 564 2460 δόγματα;
612 2392 868 2458 Καίτοιγε
914 2389 994 2454 οἷς
1037 2392 1186 2460 μέλει
1227 2393 1323 2460 τῆς
1374 2379 1588 2442 πᾶντων
1631 2389 1734 2440 τῶν
1775 2405 1864 2456 γε-

284 2480 619 2551 γραμμένων
645 2479 1023 2551 διαρθρώσεως
1044 2481 1138 2532 κα).
1171 2479 1475 2549 ἀκριϐείας,
1512 2478 1863 2546 πειράσονται

284 2569 558 2621 δεικνύναι
595 2571 655 2620 οὐ
693 2569 850 2637 μόνον
881 2569 978 2638 τὴν
1023 2571 1356 2638 ἀρχαιότητα
1389 2567 1494 2619 τῶν
1533 2566 1705 2618 ταῦτα
1731 2582 1865 2634 γρα-

284 2658 524 2725 ψάντων,
549 2659 681 2710 ἀλλὰ
710 2659 803 2710 καὶ
829 2658 925 2725 τὴν
951 2658 1254 2728 σεμνότητα
1286 2657 1391 2709 τῶν
1416 2657 1751 2726 λελεγμένων
1774 2656 1867 2707 καὶ

287 2749 347 2801 τὸ
375 2748 661 2801 ἀκόλουθον
695 2749 896 2810 αὐτοῖς.

359 2838 471 2889 Ούκ
515 2833 630 2888 οἶδα
674 2837 719 2888 δ’
758 2839 904 2898 ὅπως
952 2834 1345 2905 παραπλησίως
1381 2835 1457 2905 τῷ
1499 2832 1864 2903 κατακλυσμῷ

290 2930 595 3002 καθήραντι
619 2931 720 3001 τὴν
755 2929 879 2996 γῆν,
918 2928 992 2989 ὠς
1017 2931 1045 2979 ό
1087 2928 1352 2979 Ἰουδαίων
1390 2928 1484 2979 καὶ
1530 2925 1864 2996 Χριστιανῶν

289 3023 533 3094 βούλεται
567 3021 740 3088 λόγος,
767 3019 937 3070 οἴεται
972 3017 1064 3068 καὶ
1100 3016 1198 3084 τὴν
1239 3015 1328 3067 τοῦ
1363 3015 1570 3085 πύργου
1603 3015 1864 3084 κατάρρι-

285 3114 378 3182 ψιν
404 3111 704 3180 γεγονέναι.
740 3111 856 3162 Ἵνα
888 3108 994 3178 γὰρ
1027 3107 1192 3176 μηδὲν
1216 3106 1523 3175 αἰνίσσηται
1549 3107 1581 3175 ή
1607 3105 1744 3156 κατὰ
1772 3104 1864 3156 τὸν

289 3203 498 3272 πύργον
530 3202 740 3272 ἱστορία
769 3201 991 3269 κειμένη
1021 3200 1079 3250 ἐν
1105 3201 1167 3267 τῇ
1194 3197 1426 3261 Γενέσει,
1454 3196 1566 3249 ἀλλ’
1590 3196 1682 3265 (ὡς
1697 3197 1862 3248 οἴεται

288 3293 540 3361 Κέλσος,)
594 3292 768 3361 σαφὴς
821 3290 1078 3360 τυγχὰντγ
1133 3289 1239 3339 οὐδ’
1291 3287 1431 3340 οὕτω
1476 3288 1721 3355 φαίνεται
1769 3287 1864 3338 ἐπὶ

290 3382 574 3452 καθαρσίῳ
648 3381 744 3448 τῆς
820 3380 921 3448 γῆς
985 3377 1140 3430 τοῦτο
1202 3377 1632 3446 συμϐεϐηκέναιο
1691 3379 1738 3428 εί
1790 3377 1862 3446 μὴ

289 3475 398 3546 ἄρα
469 3473 760 3542 καθάρσιον
813 3471 910 3540 τῆς
978 3471 1078 3539 γῆς
1139 3469 1305 3520 οἴεται
1369 3467 1463 3536 τὴν
1522 3467 1864 3536 καλουμένην

287 3563 398 3616 τῶν
459 3559 716 3629 γλωσσῶν
784 3557 1074 3625 σύγχυσιν·
1133 3557 1260 3624 περὶ
1295 3550 1362 3626 ἦς
1396 3557 1423 3606 ὁ
1455 3553 1750 3622 δυνάμενος
1777 3553 1865 3604 εύ-

289 3651 607 3722 καιρότερον
677 3649 1028 3718 διηγήσεται,
1103 3645 1240 3698 ἐπὰν
1309 3645 1367 3696 τὸ
1430 3636 1860 3714 προκείμενονῇ

291 3741 637 3813 παραστῆσαι
666 3739 758 3792 καὶ
789 3737 854 3790 τὰ
878 3737 978 3806 τῆς
999 3736 1136 3788 κατὰ
1165 3735 1254 3786 τὸν
1289 3735 1453 3788 τόπον
1482 3734 1719 3804 ἱστορίας
1746 3733 1864 3784 τίνα

291 3832 403 3903 ἔχοι
423 3833 598 3900 λόγον,
631 3828 816 3882 καὶτὰ
843 3828 942 3896 τῆς
985 3828 1112 3896 περὶ
1147 3825 1310 3878 αὐτοῦ
1357 3825 1660 3894 ἀναγωγῆς.
1713 3823 1864 3874 Ἐπεὶ

289 3923 334 3975 δ’
362 3923 528 3976 οἴεται
547 3921 806 3982 Μωῦσέα,
837 3919 926 3970 τὸν
949 3917 1333 3987 ἀναγράψαντα
1354 3915 1422 3967 τὰ
1451 3917 1577 3986 περὶ
1604 3913 1696 3966 τοῦ
1723 3914 1862 3984 πύρ-

289 4029 388 4080 γου
431 4013 523 4065 κα).
556 4012 654 4080 τῆς
696 4010 802 4061 τῶν
847 4008 1137 4060 διαλέκτων
1179 4007 1510 4076 συγχύσεως,
1563 4004 1864 4075 παραφθεί-

294 4118 464 4172 ραντα
511 4100 580 4154 τὰ
633 4100 759 4168 περὶ
816 4096 925 4149 τῶν
992 4095 1270 4148 Ἀλωαδῶν
1324 4095 1432 4165 (69)
1488 4095 1860 4165 ἱστορούμενα,

289 4193 515 4245 τοιαῦτα
557 4193 683 4260 περ).
726 4188 818 4241 τοῦ
860 4191 1067 4258 πύργου
1119 4187 1583 4256 ἀναγεγραφέναι·
1640 4186 1864 4238 λεκτέον

288 4285 373 4337 ὅτι
393 4281 460 4334 τὰ
487 4282 582 4351 μὲν
600 4281 727 4351 περὶ
749 4279 854 4331 τῶν
882 4278 1156 4329 Ἀλωαδῶν
1183 4278 1280 4328 οὐκ
1306 4272 1456 4344 οἶμαι
1481 4277 1585 4345 πρὸ
1623 4277 1861 4346 Ὀμήρου

1962 1843 2139 1890 autem
2177 1837 2248 1888 dii
2292 1846 2486 1889 terram
2537 1837 2691 1903 aquis
2751 1845 3038 1903 purgantes
3088 1837 3345 1889 inducunt
3385 1836 3523 1887 dilu-

1962 1928 2131 1992 vium,
2172 1935 2300 1979 tunc
2344 1927 2532 1979 incolae
2577 1929 2860 1991 montium,
2901 1938 3002 1980 etc.
3039 1945 3056 1977 ι
3090 1927 3169 1979 An
3195 1927 3308 1978 hzec
3346 1941 3466 1979 cum
3496 1939 3523 1976 a

1964 2016 2169 2070 Graecis
2200 2017 2475 2082 dicuntur,
2519 2019 2727 2084 pondus
2778 2027 2832 2071 et
2883 2018 3259 2069 auctoritatem
3295 2001 3524 2079 habent;

1964 2119 2085 2158 cum
2117 2116 2299 2156 autem
2332 2105 2518 2156 eadem
2556 2106 2850 2157 astrttittttts
2902 2120 3018 2173 quae
3073 2104 3288 2156 laudant
3325 2104 3525 2169 Gt'mci,

1967 2194 2067 2246 hoc
2092 2195 2206 2262 ipso
2234 2193 2500 2246 vilescunt
2525 2204 2576 2246 et
2604 2194 2800 2246 nullius
2826 2203 2944 2245 sunt
2973 2197 3127 2262 pretii
3155 2195 3264 2248 hrec
3294 2195 3529 2262 placita?

1966 2284 2165 2338 Tamen
2213 2286 2406 2352 quibus
2449 2287 2601 2338 COl‘tll
2631 2295 2712 2356 est
2760 2286 2959 2352 scripta
3010 2286 3190 2338 omnia
3247 2286 3436 2340 ordine
3475 2296 3528 2339 et

1936 2385 2218 2427 accurate
2249 2376 2573 2442 ponderare,
2609 2376 2642 2427 ii
2682 2390 2786 2428 non
2827 2374 2985 2427 modo
3031 2377 3404 2443 antiquitatem
3435 2394 3529 2430 eo-

1969 2481 2084 2517 rum
2110 2465 2200 2532 qtti
2231 2464 2342 2517 [1330
2377 2465 2728 2532 scripserunt,
2751 2467 3033 2520 ostentle‘t‘c
3051 2469 3410 2525 conabuntur,
3436 2467 3527 2519 sed

1966 2556 2129 2608 etiam
2158 2570 2317 2622 quam
2352 2557 2536 2624 gravia
2572 2555 2662 2608 illa
2702 2556 2809 2609 sint
2849 2565 2902 2610 et
2939 2572 3099 2626 quam
3145 2568 3270 2627 aptc
3302 2559 3439 2612 inter
3472 2574 3530 2610 se

1968 2645 2294 2699 cohaereant.

2039 2846 2126 2898 2i.
2168 2846 2432 2901 Czelerum
2460 2849 2642 2901 nescio
2680 2861 2782 2915 qua
2809 2861 2970 2901 causa
2993 2847 3155 2900 turris
3193 2847 3529 2901 eversionem

1963 2937 2169 3004 judicet
2198 2952 2320 2990 esse
2351 2938 2581 2991 simiicm
2642 2938 2862 3002 diluvio,
2889 2953 2996 3000 quo
3053 2947 3254 2990 terram
3285 2936 3451 2992 Judzei
3477 2945 3532 2990 et

1967 3025 2260 3078 Christiani
2286 3034 2567 3094 purgatam
2594 3025 2886 3076 allirmant.
2917 3024 2982 3078 Ut
3003 3023 3147 3076 enim
3173 3022 3304 3075 nihil
3333 3021 3529 3074 occulti

1966 3113 2166 3166 indicet
2197 3123 2416 3165 narrata
2451 3113 2501 3165 in
2528 3112 2721 3166 Genesi
2759 3113 2922 3165 turris
2948 3112 3092 3165 illius
3119 3112 3341 3165 historia
3369 3111 3528 3174 “,cl,

1965 3213 2022 3255 ιιι
2063 3204 2176 3272 ipse
2228 3204 2528 3265 existimat,
2583 3205 2867 3270 perspicua
2915 3203 3022 3268 sit;
3071 3218 3175 3256 non
3230 3203 3302 3254 ita
3350 3211 3527 3253 tamen

1963 3292 2183 3344 evidens
2238 3301 2322 3344 est
2381 3293 2429 3344 id
2463 3293 2527 3343 ad
2570 3289 2900 3360 purgandum
2963 3301 3161 3343 terram
3222 3289 3528 3343 accidisse:

1964 3384 2066 3436 nisi
2093 3383 2234 3437 forte
2265 3384 2330 3436 ad
2365 3392 2524 3437 terrm
2576 3384 2952 3450 purgationem
2994 3385 3111 3436 usui
3169 3382 3334 3435 fuisse
3381 3390 3533 3449 putet

1965 3473 2269 3542 linguarum
2304 3474 2672 3526 confusionem
2697 3475 2777 3538 5‘;
2815 3475 2880 3526 de
2913 3488 3014 3540 qua
3046 3475 3236 3525 doctus
3261 3472 3529 3540 quispiam

1964 3563 2374 3618 convenientius
2406 3573 2552 3630 aget,
2601 3579 2723 3615 cum
2769 3564 2870 3616 sibi
2919 3569 3186 3630 prolionet
3243 3562 3530 3614 ostendere

1966 3663 2018 3707 et
2045 3653 2171 3721 quid
2199 3653 2299 3706 sibi
2336 3653 2465 3706 velit
2516 3654 2629 3705 hmc
2690 3653 2915 3705 historia
2950 3651 3108 3703 obvio
3140 3665 3299 3703 sensu
3372 3665 3533 3702 acce-

1964 3753 2082 3810 pta,
2134 3751 2188 3795 et
2233 3745 2298 3795 ad
2321 3743 2447 3808 quid
2494 3743 2747 3796 arcanius
2797 3741 2985 3795 referri
3012 3742 3225 3793 debeat.
3265 3740 3528 3806 Quoniam

1965 3831 2124 3901 515
2150 3847 2276 3885 vero
2301 3833 2486 3886 Celsus
2518 3832 2688 3887 credit
2713 3846 2778 3884 ex
2811 3832 3098 3898 depravata
3123 3831 3352 3883 filiorum
3379 3830 3530 3883 Aluci

1968 3922 2192 3974 historia
2240 3925 2532 3988 sumpsisse
2576 3922 2829 3990 Moysem,
2860 3935 2981 3988 quae
3007 3921 3221 3972 deturri
3251 3930 3302 3972 et
3326 3921 3534 3988 lingua-

1968 4028 2088 4064 rum
2123 4013 2441 4066 confusione
2478 4013 2821 4075 memoravit,
2857 4013 3143 4064 dicendum
3179 4009 3378 4062 nullam
3409 4009 3530 4077 qui-

1965 4104 2085 4155 dem
2117 4103 2182 4155 ab
2220 4104 2330 4155 ullo
2361 4112 2483 4155 ante
2513 4101 2804 4155 Homerum
2845 4100 3042 4152 far-tam
3083 4100 3249 4151 fuisse
3293 4099 3356 4151 de
3405 4097 3529 4150 filiis

1962 4195 2116 4247 Aloci
2174 4195 2560 4258 mentionem;
2603 4201 2670 4245 'at
2725 4192 2888 4244 turris
2943 4191 3221 4243 historiam
3275 4189 3441 4241 fuisse
3498 4205 3524 4240 a

1965 4284 2150 4354 Moyse
2205 4286 2606 4352 conscriptam,
2663 4298 2821 4351 quem
2888 4297 2992 4334 non
3029 4279 3199 4334 solum
3252 4281 3525 4340 Homero,

291 4371 415 4425 τινὰ
457 4371 734 4440 εἰρηκέναι
754 4387 767 4400 ο
803 4369 871 4421 τὰ
898 4369 954 4420 δὲ
983 4367 1112 4436 περ).
1140 4367 1232 4418 τοῦ
1261 4367 1469 4437 πύργου
1515 4365 1691 4435 πολλῷ
1732 4385 1860 4437 πρε-

1964 4375 2057 4428 sed
2108 4374 2267 4425 etiam
2312 4374 2619 4425 litterarum
2667 4372 2978 4425 Grmcarutn
3023 4370 3334 4422 inventione
3385 4368 3526 4420 anti-

295 4461 530 4532 σϐύτερα
563 4460 673 4531 (70)
715 4461 773 4512 οὐ
817 4459 974 4528 μόνον
1030 4456 1287 4526 Ὁμήρου,
1331 4455 1466 4508 ἀλλὰ
1499 4458 1591 4508 καὶ
1625 4457 1722 4526 τῆς
1751 4457 1858 4510 τῶν

303 4551 625 4622 Ἑλληνικῶν
651 4550 990 4621 γραμμάτων
1029 4547 1296 4618 εὑρέσεως
1330 4547 1476 4608 ὄντα,
1505 4547 1596 4599 τὸν
1620 4547 1860 4600 Μωῦσέα

289 4643 724 4714 ἀναγεγραφέναι
761 4641 1036 4709 πείθομαι.
1067 4638 1219 4700 Τίνες
1252 4634 1343 4690 οὖν
1376 4638 1570 4707 μᾶλλον
1596 4637 1664 4690 τὰ
1699 4638 1859 4690 τίνων

292 4733 784 4804 παραφθείρουσιν;
823 4726 970 4800 τΛρα
1010 4728 1078 4780 τὰ
1119 4730 1243 4798 περὶ
1285 4728 1376 4781 τοῦ
1415 4728 1622 4799 πύργου
1657 4729 1702 4780 οἱ
1731 4727 1858 4797 περ),

305 4821 580 4874 Ἀλωαδῶν
606 4821 960 4892 ἱστοροῦντες,
989 4822 1020 4890 ἣ
1048 4821 1116 4874 τὰ
1138 4821 1244 4873 τῶν
1284 4821 1558 4874 Ἀλωαδῶν
1586 4823 1613 4873 ὁ
1637 4820 1707 4872 τὰ
1730 4822 1856 4891 περ).

292 4910 385 4965 τοῦ
433 4911 637 4982 πύργου
671 4913 762 4964 καὶ
789 4915 886 4983 τῆς
917 4912 1224 4982 συγχύσεως
1255 4911 1362 4965 τῶν
1401 4911 1689 4964 διαλέκτων
1716 4911 1855 4982 γρά-

362 5045 408 5077 ⁸⁰
430 5042 623 5098 Cenes.
676 5061 751 5109 ιι,
782 5048 830 5100 ι.
911 5049 953 5079 δι
988 5047 1122 5102 lbid.
1148 5048 1200 5102 9.

364 5183 474 5254 (66)
508 5182 1048 5256 Dtto_Vatieani,_f.(p
1082 5187 1294 5256 πρῶτον
1353 5187 1634 5256 συμϐάντι.
1688 5187 1858 5242 Paulo

290 5253 411 5320 posst
441 5255 595 5327 codd.
629 5253 826 5321 Regius
856 5265 906 5327 et
926 5253 1274 5327 _Ba§ileéusis,
1303 5253 1644 5325 προστιθέναι
1672 5257 1853 5327 ἕτερα,

294 5333 460 5394 recte.
497 5323 664 5394 Alias,
697 5322 1026 5394 περιτιθέναι
1054 5324 1232 5394 ἕτερα.

364 5391 474 5460 (ϋἿ)
504 5391 753 5461 Πλάτων
779 5407 895 5444 που
924 5393 1074 5443 οὕτω
1101 5391 1280 5461 λέγει.
1325 5392 1455 5445 Vide
1483 5392 1759 5445 Platonem
1798 5397 1848 5448 in

296 5459 511 5532 Τέῄιαξο,
543 5477 662 5532 pag.
699 5459 788 5523 2'2,
821 5472 876 5514 et
914 5463 1008 5514 lib.
1041 5477 1098 5513 ιιι
1134 5459 1208 5515 ne
1233 5462 1412 5529 legib.,
1441 5462 1846 5532 pag.676,677,

293 5528 416 5588 678,
445 5540 500 5581 et
527 5531 799 5595 deinceps.

365 5599 473 5667 (ϋὸ)
511 5599 602 5668 ίΤὰ
667 5599 1166 5668 ἐπαγγελλόμενα.
1227 5599 1539 5653 Boltcrellus
1609 5604 1848 5663 mavult,

365 5617 473 5667 (υδ)
527 5617 602 5651 1a
667 5617 781 5651 επα
861 5617 1166 5668 ...ιιλομενω
1230 5617 1539 5653 ΙΞΟΙΙΟΙὍΙΙΙΙΒ
1609 5617 1846 5663 mavult.

293 5665 756 5741 ἀπαγγελλόμενα.
786 5617 980 5724 7ﬁndo
1024 5680 1144 5738 post
1186 5672 1350 5726 codex
1378 5671 1722 5740 Basileensis,
1755 5673 1846 5742 καὶ

1966 4465 2210 4531 quiorem
2246 4479 2364 4518 esse
2400 4463 2530 4515 mihi
2568 4476 2885 4530 persuasum
2923 4471 3026 4515 est.
3067 4461 3197 4515 Uter
3243 4461 3406 4528 igitur
3446 4458 3524 4511 al-

1965 4554 2134 4608 terius
2184 4554 2385 4621 scripta
2439 4553 2796 4620 depravavit?
2843 4553 3158 4620 Scriptoruc
3212 4551 3524 4602 Aloidarum

1967 4646 2161 4699 fabula:
2196 4645 2478 4699 historiam
2530 4645 2744 4699 turris?
2779 4645 2859 4697 An
2898 4645 2942 4698 is
2974 4644 3062 4712 qui
3089 4644 3154 4697 de
3184 4644 3318 4695 turri
3347 4649 3401 4694 et
3425 4641 3528 4692 Iin—

1964 4752 2190 4807 guarum
2243 4735 2562 4790 confusione
2609 4736 2869 4802 scripsit,
2899 4734 3206 4787 Aloidarum
3253 4731 3525 4784 fabulam?

1961 4827 2032 4880 At
2063 4841 2216 4879 nemo
2249 4843 2434 4894 zequus
2465 4842 2568 4879 non
2598 4828 2850 4895 agnoscit
2879 4827 3110 4895 Moysem
3141 4839 3258 4879 esse
3291 4823 3524 4877 Homero

1965 4917 2346 4985 antiquiorem.
2371 4918 2470 4972 Sic
2496 4927 2549 4972 et
2589 4934 2708 4986 qua:
2742 4918 2807 4972 de
2843 4916 3096 4971 Sodomis
3126 4924 3178 4970 et
3206 4914 3525 4971 Gomorrbis

1957 5187 2657 5260 αὐτοὶίκατασκευάζωμεν,
2712 5190 2907 5245 melius
2946 5207 3106 5260 quam
3139 5191 3270 5247 libh.
3305 5191 3515 5255 excusi,

1955 5261 2048 5330 και
2075 5258 2226 5330 αὐτοὶ
2253 5260 2748 5330 κατασκευάζομεν.

2027 5328 2135 5396 (69)
2163 5329 2330 5379 Codd.
2361 5328 2554 5397 Regius
2599 5326 2651 5382 et
2679 5329 3004 5383 Basilecnsis
3060 5328 3286 5397 ltl)l(]ll0._
3317 5326 3517 5379 Ἀλωα-

1952 5395 2074 5449 δῶν.
2136 5395 2469 5451 Hmscltelius
2523 5399 2573 5450 in
2623 5404 2883 5465 margine,
2927 5397 3166 5458 Ἀλωέως
3202 5395 3348 5446 υἱῶν.
3407 5397 3516 5446 [)uo

1958 5467 2217 5525 Vaticani.
2279 5470 2433 5520 modo
2493 5464 2782 5530 'Almuu'bv,
2832 5468 2988 5518 modo
3044 5464 3306 5526 Ἀλωέων,
3360 5467 3518 5516 modo

1972 5535 2282 5588 Ἀλωειδῶν.
2318 5536 2449 5588 Vide
2483 5536 2766 5590 Homerum
2802 5535 2987 5601 Odyss.
3019 5535 3110 5585 lib.
3137 5549 3210 5596 ιιι,
3235 5533 3359 5587 506.

2029 5604 2138 5676 (70)
2172 5606 2563 5673 Πρεσϐύτερα.
2590 5600 2954 5676 __llohcrcllus
3002 5603 3148 5672 legit,
3217 5600 3515 5672 πρεσϐύτε-

1956 5673 2066 5745 ρον,
2106 5673 2163 5730 ut
2192 5677 2458 5730 referatur
2493 5677 2557 5728 ad
2587 5673 2842 5746 Moysen),
