  <div class='ocr_page' id='page_1' title='image "/cluster/home/n/w/nwhite01/storage/ocr_20150623/11/mdp.39015013266690/541.png"; bbox 0 0 3986 6164; ppageno 0'>
   <div class='ocr_carea' id='block_1_1' title="bbox 453 298 593 355">
    <p class='ocr_par' dir='ltr' id='par_1_1' title="bbox 453 298 593 355">
     <span class='ocr_line' id='line_1_1' title="bbox 453 298 593 355; baseline 0.007 -2"><span class='ocrx_word' id='word_1_1' title='bbox 453 298 593 355; x_wconf 68' lang='lat'><strong>1055</strong></span> 
     </span>
    </p>
   </div>
   <div class='ocr_carea' id='block_1_2' title="bbox 1933 294 2256 350">
    <p class='ocr_par' dir='ltr' id='par_1_2' title="bbox 1933 294 2256 350">
     <span class='ocr_line' id='line_1_2' title="bbox 1933 294 2256 350; baseline -0.006 0"><span class='ocrx_word' id='word_1_2' title='bbox 1933 294 2256 350; x_wconf 68' lang='lat' dir='ltr'><strong>(iRiGlINlS</strong></span> 
     </span>
    </p>
   </div>
   <div class='ocr_carea' id='block_1_3' title="bbox 3551 299 3691 355">
    <p class='ocr_par' dir='ltr' id='par_1_3' title="bbox 3551 299 3691 355">
     <span class='ocr_line' id='line_1_3' title="bbox 3551 299 3691 355; baseline 0.021 -3"><span class='ocrx_word' id='word_1_3' title='bbox 3551 299 3691 355; x_wconf 72' lang='lat' dir='ltr'><strong>l056</strong></span> 
     </span>
    </p>
   </div>
   <div class='ocr_carea' id='block_1_4' title="bbox 455 412 2019 491">
    <p class='ocr_par' dir='ltr' id='par_1_4' title="bbox 455 416 2015 489">
     <span class='ocr_line' id='line_1_4' title="bbox 455 416 2015 489; baseline 0 -18"><span class='ocrx_word' id='word_1_4' title='bbox 455 430 679 489; x_wconf 88' lang='lat' dir='ltr'><strong>pr0pter</strong></span> <span class='ocrx_word' id='word_1_5' title='bbox 714 430 939 489; x_wconf 79' lang='lat' dir='ltr'><strong>peccata</strong></span> <span class='ocrx_word' id='word_1_6' title='bbox 975 420 1097 488; x_wconf 83' lang='lat' dir='ltr'><strong>igne</strong></span> <span class='ocrx_word' id='word_1_7' title='bbox 1126 418 1464 486; x_wconf 71' lang='lat' dir='ltr'><strong>consumptis</strong></span> <span class='ocrx_word' id='word_1_8' title='bbox 1494 416 1705 487; x_wconf 78' lang='lat' dir='ltr'><strong>Moyses</strong></span> <span class='ocrx_word' id='word_1_9' title='bbox 1737 418 1788 471; x_wconf 93' lang='lat' dir='ltr'><strong>in</strong></span> <span class='ocrx_word' id='word_1_10' title='bbox 1820 418 2015 472; x_wconf 82' lang='lat' dir='ltr'><strong>Genesi</strong></span> 
     </span>
    </p>
   </div>
   <div class='ocr_carea' id='block_1_5' title="bbox 2125 412 3692 491">
    <p class='ocr_par' dir='ltr' id='par_1_5' title="bbox 2125 412 3692 491">
     <span class='ocr_line' id='line_1_5' title="bbox 2125 412 3692 491; baseline 0.004 -24"><span class='ocrx_word' id='word_1_11' title='bbox 2125 414 2257 483; x_wconf 47' lang='lat' dir='ltr'><strong>tiae;</strong></span> <span class='ocrx_word' id='word_1_12' title='bbox 2301 412 2460 466; x_wconf 83' lang='grc' dir='ltr'>Ἀλλά</span> <span class='ocrx_word' id='word_1_13' title='bbox 2487 414 2732 482; x_wconf 79' lang='grc' dir='ltr'>φαίνεται</span> <span class='ocrx_word' id='word_1_14' title='bbox 2775 417 2887 479; x_wconf 83' lang='grc' dir='ltr'>τοῖς</span> <span class='ocrx_word' id='word_1_15' title='bbox 2920 415 3234 480; x_wconf 80' lang='grc' dir='ltr'><strong>ἀδεκάστοις</strong></span> <span class='ocrx_word' id='word_1_16' title='bbox 3267 417 3560 489; x_wconf 74' lang='grc' dir='ltr'><strong>ἀκροαταῖς</strong></span> <span class='ocrx_word' id='word_1_17' title='bbox 3594 422 3692 491; x_wconf 85' lang='grc' dir='ltr'>ἀρ-</span> 
     </span>
    </p>
   </div>
   <div class='ocr_carea' id='block_1_6' title="bbox 454 505 2013 576">
    <p class='ocr_par' dir='ltr' id='par_1_6' title="bbox 454 505 2013 576">
     <span class='ocr_line' id='line_1_6' title="bbox 454 505 2013 576; baseline -0.003 -13"><span class='ocrx_word' id='word_1_18' title='bbox 454 517 662 576; x_wconf 80' lang='lat' dir='ltr'><strong>narrat,</strong></span> <span class='ocrx_word' id='word_1_19' title='bbox 689 524 751 564; x_wconf 89' lang='lat' dir='ltr'><strong>ea</strong></span> <span class='ocrx_word' id='word_1_20' title='bbox 779 526 899 563; x_wconf 91' lang='lat' dir='ltr'><strong>cum</strong></span> <span class='ocrx_word' id='word_1_21' title='bbox 930 509 1158 562; x_wconf 77' lang='lat' dir='ltr'><strong>historia</strong></span> <span class='ocrx_word' id='word_1_22' title='bbox 1187 507 1544 561; x_wconf 79' lang='lat' dir='ltr'><strong>Phaethontis</strong></span> <span class='ocrx_word' id='word_1_23' title='bbox 1572 505 2013 574; x_wconf 66' lang='lat' dir='ltr'><strong>cnttfertCelsns;</strong></span> 
     </span>
    </p>
   </div>
   <div class='ocr_carea' id='block_1_7' title="bbox 452 594 2013 666">
    <p class='ocr_par' dir='ltr' id='par_1_7' title="bbox 452 594 2013 666">
     <span class='ocr_line' id='line_1_7' title="bbox 452 594 2013 666; baseline -0.002 -16"><span class='ocrx_word' id='word_1_24' title='bbox 452 613 572 666; x_wconf 65' lang='lat' dir='ltr'><strong>quae</strong></span> <span class='ocrx_word' id='word_1_25' title='bbox 623 599 804 653; x_wconf 80' lang='lat' dir='ltr'><strong>omnia</strong></span> <span class='ocrx_word' id='word_1_26' title='bbox 854 614 917 651; x_wconf 79' lang='lat' dir='ltr'><strong>ex</strong></span> <span class='ocrx_word' id='word_1_27' title='bbox 963 596 1153 649; x_wconf 86' lang='lat' dir='ltr'><strong>eodem</strong></span> <span class='ocrx_word' id='word_1_28' title='bbox 1207 610 1400 651; x_wconf 91' lang='lat' dir='ltr'><strong>errore</strong></span> <span class='ocrx_word' id='word_1_29' title='bbox 1452 594 1624 649; x_wconf 82' lang='lat' dir='ltr'><strong>ﬂuunt</strong></span> <span class='ocrx_word' id='word_1_30' title='bbox 1653 637 1668 661; x_wconf 90' lang='lat'><strong>,</strong></span> <span class='ocrx_word' id='word_1_31' title='bbox 1701 595 1910 650; x_wconf 90' lang='lat' dir='ltr'><strong>scilicet</strong></span> <span class='ocrx_word' id='word_1_32' title='bbox 1947 611 2013 648; x_wconf 78' lang='lat' dir='ltr'><strong>ex</strong></span> 
     </span>
    </p>
   </div>
   <div class='ocr_carea' id='block_1_8' title="bbox 452 685 2013 758">
    <p class='ocr_par' dir='ltr' id='par_1_8' title="bbox 452 685 2013 758">
     <span class='ocr_line' id='line_1_8' title="bbox 452 685 2013 758; baseline -0.003 -16"><span class='ocrx_word' id='word_1_33' title='bbox 452 689 800 743; x_wconf 88' lang='lat' dir='ltr'><strong>inobservata</strong></span> <span class='ocrx_word' id='word_1_34' title='bbox 862 686 1058 758; x_wconf 87' lang='lat' dir='ltr'><strong>Moysis</strong></span> <span class='ocrx_word' id='word_1_35' title='bbox 1123 686 1470 754; x_wconf 80' lang='lat' dir='ltr'><strong>antiquitate.</strong></span> <span class='ocrx_word' id='word_1_36' title='bbox 1541 685 1805 740; x_wconf 85' lang='lat' dir='ltr'><strong>Videntur</strong></span> <span class='ocrx_word' id='word_1_37' title='bbox 1870 686 2013 738; x_wconf 90' lang='lat' dir='ltr'><strong>enim</strong></span> 
     </span>
    </p>
   </div>
   <div class='ocr_carea' id='block_1_9' title="bbox 452 777 2018 847">
    <p class='ocr_par' dir='ltr' id='par_1_9' title="bbox 452 777 2018 847">
     <span class='ocr_line' id='line_1_9' title="bbox 452 777 2018 847; baseline -0.003 -13"><span class='ocrx_word' id='word_1_38' title='bbox 452 780 833 834; x_wconf 68' lang='lat' dir='ltr'><strong>Phaethontem</strong></span> <span class='ocrx_word' id='word_1_39' title='bbox 860 778 1106 833; x_wconf 64' lang='lat' dir='ltr'><strong>historia:</strong></span> <span class='ocrx_word' id='word_1_40' title='bbox 1146 779 1439 847; x_wconf 88' lang='lat' dir='ltr'><strong>scriptores</strong></span> <span class='ocrx_word' id='word_1_41' title='bbox 1467 778 1632 833; x_wconf 90' lang='lat' dir='ltr'><strong>etiam</strong></span> <span class='ocrx_word' id='word_1_42' title='bbox 1673 777 1904 833; x_wconf 87' lang='lat' dir='ltr'><strong>Homero</strong></span> <span class='ocrx_word' id='word_1_43' title='bbox 1932 793 2018 831; x_wconf 92' lang='lat' dir='ltr'><strong>re-</strong></span> 
     </span>
    </p>
   </div>
   <div class='ocr_carea' id='block_1_10' title="bbox 450 868 2016 939">
    <p class='ocr_par' dir='ltr' id='par_1_10' title="bbox 450 868 2016 939">
     <span class='ocr_line' id='line_1_10' title="bbox 450 868 2016 939; baseline -0.003 -15"><span class='ocrx_word' id='word_1_44' title='bbox 450 869 729 924; x_wconf 89' lang='lat' dir='ltr'><strong>centiores</strong></span> <span class='ocrx_word' id='word_1_45' title='bbox 766 881 904 931; x_wconf 89' lang='lat' dir='ltr'><strong>esse,</strong></span> <span class='ocrx_word' id='word_1_46' title='bbox 938 870 1029 937; x_wconf 89' lang='lat' dir='ltr'><strong>qui</strong></span> <span class='ocrx_word' id='word_1_47' title='bbox 1062 878 1117 923; x_wconf 90' lang='lat' dir='ltr'><strong>et</strong></span> <span class='ocrx_word' id='word_1_48' title='bbox 1155 870 1268 937; x_wconf 90' lang='lat' dir='ltr'><strong>ipse</strong></span> <span class='ocrx_word' id='word_1_49' title='bbox 1305 869 1487 939; x_wconf 81' lang='lat' dir='ltr'><strong>Moyse</strong></span> <span class='ocrx_word' id='word_1_50' title='bbox 1522 868 1692 922; x_wconf 89' lang='lat' dir='ltr'><strong>nmlto</strong></span> <span class='ocrx_word' id='word_1_51' title='bbox 1723 877 1806 922; x_wconf 92' lang='lat' dir='ltr'><strong>est</strong></span> <span class='ocrx_word' id='word_1_52' title='bbox 1835 882 2016 922; x_wconf 78' lang='lat' dir='ltr'><strong>recen~</strong></span> 
     </span>
    </p>
   </div>
   <div class='ocr_carea' id='block_1_11' title="bbox 452 958 2007 1029">
    <p class='ocr_par' dir='ltr' id='par_1_11' title="bbox 452 958 2007 1029">
     <span class='ocr_line' id='line_1_11' title="bbox 452 958 2007 1029; baseline -0.001 -15"><span class='ocrx_word' id='word_1_53' title='bbox 452 961 577 1014; x_wconf 83' lang='lat' dir='ltr'><strong>tior.</strong></span> <span class='ocrx_word' id='word_1_54' title='bbox 611 958 726 1013; x_wconf 86' lang='lat' dir='ltr'><strong>Non</strong></span> <span class='ocrx_word' id='word_1_55' title='bbox 762 959 929 1027; x_wconf 79' lang='lat' dir='ltr'><strong>igitur</strong></span> <span class='ocrx_word' id='word_1_56' title='bbox 962 974 1224 1029; x_wconf 79' lang='lat' dir='ltr'><strong>negamus</strong></span> <span class='ocrx_word' id='word_1_57' title='bbox 1252 960 1375 1029; x_wconf 92' lang='lat' dir='ltr'><strong>igne</strong></span> <span class='ocrx_word' id='word_1_58' title='bbox 1400 958 1665 1028; x_wconf 80' lang='lat' dir='ltr'><strong>purgandi</strong></span> <span class='ocrx_word' id='word_1_59' title='bbox 1700 959 1751 1011; x_wconf 92' lang='lat' dir='ltr'><strong>vi</strong></span> <span class='ocrx_word' id='word_1_60' title='bbox 1783 960 2007 1028; x_wconf 63' lang='lat' dir='ltr'><strong>prmdito</strong></span> 
     </span>
    </p>
   </div>
   <div class='ocr_carea' id='block_1_12' title="bbox 448 1049 2017 1119">
    <p class='ocr_par' dir='ltr' id='par_1_12' title="bbox 448 1049 2017 1119">
     <span class='ocr_line' id='line_1_12' title="bbox 448 1049 2017 1119; baseline -0.001 -14"><span class='ocrx_word' id='word_1_61' title='bbox 448 1049 706 1105; x_wconf 85' lang='lat' dir='ltr'><strong>mundum</strong></span> <span class='ocrx_word' id='word_1_62' title='bbox 735 1050 1077 1119; x_wconf 90' lang='lat' dir='ltr'><strong>absumptum</strong></span> <span class='ocrx_word' id='word_1_63' title='bbox 1112 1050 1201 1113; x_wconf 90' lang='lat' dir='ltr'><strong>iri,</strong></span> <span class='ocrx_word' id='word_1_64' title='bbox 1230 1061 1287 1105; x_wconf 90' lang='lat' dir='ltr'><strong>ut</strong></span> <span class='ocrx_word' id='word_1_65' title='bbox 1315 1050 1639 1103; x_wconf 89' lang='lat' dir='ltr'><strong>aboleantur</strong></span> <span class='ocrx_word' id='word_1_66' title='bbox 1668 1049 1797 1102; x_wconf 88' lang='lat' dir='ltr'><strong>vitia</strong></span> <span class='ocrx_word' id='word_1_67' title='bbox 1825 1058 1875 1103; x_wconf 90' lang='lat' dir='ltr'><strong>et</strong></span> <span class='ocrx_word' id='word_1_68' title='bbox 1903 1050 2017 1103; x_wconf 68' lang='lat' dir='ltr'><strong>haec</strong></span> 
     </span>
    </p>
   </div>
   <div class='ocr_carea' id='block_1_13' title="bbox 448 1137 2017 1193">
    <p class='ocr_par' dir='ltr' id='par_1_13' title="bbox 448 1137 2017 1193">
     <span class='ocr_line' id='line_1_13' title="bbox 448 1137 2017 1193; baseline 0.001 -3"><span class='ocrx_word' id='word_1_69' title='bbox 448 1147 741 1192; x_wconf 88' lang='lat' dir='ltr'><strong>renovetur</strong></span> <span class='ocrx_word' id='word_1_70' title='bbox 768 1137 1135 1193; x_wconf 82' lang='lat' dir='ltr'><strong>universitas:</strong></span> <span class='ocrx_word' id='word_1_71' title='bbox 1168 1139 1219 1192; x_wconf 92' lang='lat' dir='ltr'><strong>id</strong></span> <span class='ocrx_word' id='word_1_72' title='bbox 1264 1153 1294 1193; x_wconf 91' lang='lat' dir='ltr'><strong>e</strong></span> <span class='ocrx_word' id='word_1_73' title='bbox 1321 1138 1603 1192; x_wconf 89' lang='lat' dir='ltr'><strong>contrario</strong></span> <span class='ocrx_word' id='word_1_74' title='bbox 1636 1152 1737 1192; x_wconf 89' lang='lat' dir='ltr'><strong>nos</strong></span> <span class='ocrx_word' id='word_1_75' title='bbox 1788 1152 1818 1192; x_wconf 92' lang='lat' dir='ltr'><strong>e</strong></span> <span class='ocrx_word' id='word_1_76' title='bbox 1845 1138 2017 1192; x_wconf 89' lang='lat' dir='ltr'><strong>sacris</strong></span> 
     </span>
    </p>
   </div>
   <div class='ocr_carea' id='block_1_14' title="bbox 447 1227 2013 1298">
    <p class='ocr_par' dir='ltr' id='par_1_14' title="bbox 447 1227 2013 1298">
     <span class='ocr_line' id='line_1_14' title="bbox 447 1227 2013 1298; baseline -0.002 -16"><span class='ocrx_word' id='word_1_77' title='bbox 447 1228 832 1298; x_wconf 88' lang='lat' dir='ltr'><strong>prophetarum</strong></span> <span class='ocrx_word' id='word_1_78' title='bbox 863 1230 1015 1284; x_wconf 86' lang='lat' dir='ltr'><strong>libris</strong></span> <span class='ocrx_word' id='word_1_79' title='bbox 1047 1230 1300 1285; x_wconf 88' lang='lat' dir='ltr'><strong>didicisse</strong></span> <span class='ocrx_word' id='word_1_80' title='bbox 1329 1233 1665 1298; x_wconf 79' lang='lat' dir='ltr'><strong>proﬁtemur.</strong></span> <span class='ocrx_word' id='word_1_81' title='bbox 1691 1227 1822 1281; x_wconf 80' lang='lat' dir='ltr'><strong>Nam</strong></span> <span class='ocrx_word' id='word_1_82' title='bbox 1851 1243 1973 1281; x_wconf 90' lang='lat' dir='ltr'><strong>cum</strong></span> <span class='ocrx_word' id='word_1_83' title='bbox 1999 1267 2013 1291; x_wconf 94' lang='lat'><strong>,</strong></span> 
     </span>
    </p>
   </div>
   <div class='ocr_carea' id='block_1_15' title="bbox 450 1319 2015 1391">
    <p class='ocr_par' dir='ltr' id='par_1_15' title="bbox 450 1319 2015 1391">
     <span class='ocr_line' id='line_1_15' title="bbox 450 1319 2015 1391; baseline -0.001 -18"><span class='ocrx_word' id='word_1_84' title='bbox 450 1328 508 1374; x_wconf 91' lang='lat' dir='ltr'><strong>ut</strong></span> <span class='ocrx_word' id='word_1_85' title='bbox 535 1329 661 1375; x_wconf 88' lang='lat' dir='ltr'><strong>ante</strong></span> <span class='ocrx_word' id='word_1_86' title='bbox 693 1322 899 1377; x_wconf 91' lang='lat' dir='ltr'><strong>dictum</strong></span> <span class='ocrx_word' id='word_1_87' title='bbox 929 1330 1031 1383; x_wconf 86' lang='lat' dir='ltr'><strong>est,</strong></span> <span class='ocrx_word' id='word_1_88' title='bbox 1054 1323 1333 1391; x_wconf 76' lang='lat' dir='ltr'><strong>pr0phetae</strong></span> <span class='ocrx_word' id='word_1_89' title='bbox 1366 1323 1432 1375; x_wconf 90' lang='lat' dir='ltr'><strong>de</strong></span> <span class='ocrx_word' id='word_1_90' title='bbox 1460 1331 1625 1376; x_wconf 87' lang='lat' dir='ltr'><strong>rebus</strong></span> <span class='ocrx_word' id='word_1_91' title='bbox 1650 1319 1844 1373; x_wconf 85' lang='lat' dir='ltr'><strong>futuris</strong></span> <span class='ocrx_word' id='word_1_92' title='bbox 1874 1320 2015 1372; x_wconf 81' lang='lat' dir='ltr'><strong>vati-</strong></span> 
     </span>
    </p>
   </div>
   <div class='ocr_carea' id='block_1_16' title="bbox 449 1411 2015 1483">
    <p class='ocr_par' dir='ltr' id='par_1_16' title="bbox 449 1411 2015 1483">
     <span class='ocr_line' id='line_1_16' title="bbox 449 1411 2015 1483; baseline -0.004 -18"><span class='ocrx_word' id='word_1_93' title='bbox 449 1412 616 1465; x_wconf 90' lang='lat' dir='ltr'><strong>cinati</strong></span> <span class='ocrx_word' id='word_1_94' title='bbox 644 1452 662 1479; x_wconf 90' lang='lat'><strong>,</strong></span> <span class='ocrx_word' id='word_1_95' title='bbox 700 1413 767 1468; x_wconf 90' lang='lat' dir='ltr'><strong>de</strong></span> <span class='ocrx_word' id='word_1_96' title='bbox 807 1414 1098 1483; x_wconf 69' lang='lat' dir='ltr'><strong>praeteritis</strong></span> <span class='ocrx_word' id='word_1_97' title='bbox 1140 1429 1269 1467; x_wconf 85' lang='lat' dir='ltr'><strong>vera</strong></span> <span class='ocrx_word' id='word_1_98' title='bbox 1316 1413 1520 1467; x_wconf 78' lang='lat' dir='ltr'><strong>dixisse</strong></span> <span class='ocrx_word' id='word_1_99' title='bbox 1555 1411 1975 1481; x_wconf 85' lang='lat' dir='ltr'><strong>comprobentnr</strong></span> <span class='ocrx_word' id='word_1_100' title='bbox 2001 1450 2015 1470; x_wconf 90' lang='lat'><strong>,</strong></span> 
     </span>
    </p>
   </div>
   <div class='ocr_carea' id='block_1_17' title="bbox 448 1500 2015 1574">
    <p class='ocr_par' dir='ltr' id='par_1_17' title="bbox 448 1500 2015 1574">
     <span class='ocr_line' id='line_1_17' title="bbox 448 1500 2015 1574; baseline -0.005 -14"><span class='ocrx_word' id='word_1_101' title='bbox 448 1506 640 1574; x_wconf 86' lang='lat' dir='ltr'><strong>sicque</strong></span> <span class='ocrx_word' id='word_1_102' title='bbox 670 1514 1048 1573; x_wconf 83' lang='lat' dir='ltr'><strong>argumentum</strong></span> <span class='ocrx_word' id='word_1_103' title='bbox 1082 1504 1300 1558; x_wconf 89' lang='lat' dir='ltr'><strong>dedisse</strong></span> <span class='ocrx_word' id='word_1_104' title='bbox 1338 1503 1639 1558; x_wconf 84' lang='lat' dir='ltr'><strong>habitantis</strong></span> <span class='ocrx_word' id='word_1_105' title='bbox 1672 1502 1723 1554; x_wconf 89' lang='lat' dir='ltr'><strong>in</strong></span> <span class='ocrx_word' id='word_1_106' title='bbox 1754 1516 1812 1555; x_wconf 87' lang='lat' dir='ltr'><strong>se</strong></span> <span class='ocrx_word' id='word_1_107' title='bbox 1846 1500 2015 1553; x_wconf 78' lang='lat' dir='ltr'><strong>divini</strong></span> 
     </span>
    </p>
   </div>
   <div class='ocr_carea' id='block_1_18' title="bbox 449 1590 2018 1669">
    <p class='ocr_par' dir='ltr' id='par_1_18' title="bbox 449 1590 2018 1669">
     <span class='ocr_line' id='line_1_18' title="bbox 449 1590 2018 1669; baseline -0.004 -20"><span class='ocrx_word' id='word_1_108' title='bbox 449 1595 723 1665; x_wconf 89' lang='lat' dir='ltr'><strong>Spiritus;</strong></span> <span class='ocrx_word' id='word_1_109' title='bbox 762 1598 1108 1669; x_wconf 81' lang='lat' dir='ltr'><strong>perSpicuum</strong></span> <span class='ocrx_word' id='word_1_110' title='bbox 1150 1605 1232 1650; x_wconf 90' lang='lat' dir='ltr'><strong>est</strong></span> <span class='ocrx_word' id='word_1_111' title='bbox 1264 1596 1401 1657; x_wconf 88' lang='lat' dir='ltr'><strong>illis,</strong></span> <span class='ocrx_word' id='word_1_112' title='bbox 1436 1597 1501 1649; x_wconf 92' lang='lat' dir='ltr'><strong>de</strong></span> <span class='ocrx_word' id='word_1_113' title='bbox 1540 1594 1701 1648; x_wconf 85' lang='lat' dir='ltr'><strong>rebus</strong></span> <span class='ocrx_word' id='word_1_114' title='bbox 1730 1592 1895 1645; x_wconf 91' lang='lat' dir='ltr'><strong>etiam</strong></span> <span class='ocrx_word' id='word_1_115' title='bbox 1935 1590 2018 1643; x_wconf 82' lang='lat' dir='ltr'><strong>fu-</strong></span> 
     </span>
    </p>
   </div>
   <div class='ocr_carea' id='block_1_19' title="bbox 450 1683 2012 1758">
    <p class='ocr_par' dir='ltr' id='par_1_19' title="bbox 450 1683 2012 1758">
     <span class='ocr_line' id='line_1_19' title="bbox 450 1683 2012 1758; baseline -0.005 -17"><span class='ocrx_word' id='word_1_116' title='bbox 450 1689 620 1752; x_wconf 87' lang='lat' dir='ltr'><strong>turis,</strong></span> <span class='ocrx_word' id='word_1_117' title='bbox 646 1688 1041 1758; x_wconf 83' lang='lat' dir='ltr'><strong>adjungendam</strong></span> <span class='ocrx_word' id='word_1_118' title='bbox 1069 1704 1190 1745; x_wconf 88' lang='lat' dir='ltr'><strong>esse</strong></span> <span class='ocrx_word' id='word_1_119' title='bbox 1220 1687 1405 1751; x_wconf 84' lang='lat' dir='ltr'><strong>ﬁdem,</strong></span> <span class='ocrx_word' id='word_1_120' title='bbox 1439 1686 1545 1741; x_wconf 92' lang='lat' dir='ltr'><strong>imo</strong></span> <span class='ocrx_word' id='word_1_121' title='bbox 1572 1686 1755 1739; x_wconf 85' lang='lat' dir='ltr'><strong>divino</strong></span> <span class='ocrx_word' id='word_1_122' title='bbox 1788 1683 2012 1752; x_wconf 88' lang='lat' dir='ltr'><strong>Spiritui</strong></span> 
     </span>
    </p>
   </div>
   <div class='ocr_carea' id='block_1_20' title="bbox 446 1778 922 1848">
    <p class='ocr_par' dir='ltr' id='par_1_20' title="bbox 446 1778 922 1848">
     <span class='ocr_line' id='line_1_20' title="bbox 446 1778 922 1848; baseline 0.002 -15"><span class='ocrx_word' id='word_1_123' title='bbox 446 1780 537 1848; x_wconf 91' lang='lat' dir='ltr'><strong>qui</strong></span> <span class='ocrx_word' id='word_1_124' title='bbox 568 1781 620 1833; x_wconf 91' lang='lat' dir='ltr'><strong>in</strong></span> <span class='ocrx_word' id='word_1_125' title='bbox 651 1780 779 1848; x_wconf 88' lang='lat' dir='ltr'><strong>ipsis</strong></span> <span class='ocrx_word' id='word_1_126' title='bbox 804 1778 922 1834; x_wconf 77' lang='lat' dir='ltr'><strong>fuit.</strong></span> 
     </span>
    </p>
   </div>
   <div class='ocr_carea' id='block_1_21' title="bbox 2117 504 3693 579">
    <p class='ocr_par' dir='ltr' id='par_1_21' title="bbox 2117 504 3693 579">
     <span class='ocr_line' id='line_1_21' title="bbox 2117 504 3693 579; baseline 0.003 -21"><span class='ocrx_word' id='word_1_127' title='bbox 2117 505 2397 576; x_wconf 83' lang='grc' dir='ltr'>χαιότερος</span> <span class='ocrx_word' id='word_1_128' title='bbox 2419 505 2657 575; x_wconf 81' lang='grc' dir='ltr'>Μωῦσῆς</span> <span class='ocrx_word' id='word_1_129' title='bbox 2684 505 2758 557; x_wconf 82' lang='grc' dir='ltr'><strong>ὢν</strong></span> <span class='ocrx_word' id='word_1_130' title='bbox 2792 505 3052 575; x_wconf 86' lang='grc' dir='ltr'>Ὀμήρου.</span> <span class='ocrx_word' id='word_1_131' title='bbox 3082 506 3191 559; x_wconf 83' lang='lat' dir='ltr'><strong>Kal</strong></span> <span class='ocrx_word' id='word_1_132' title='bbox 3210 504 3276 560; x_wconf 86' lang='grc' dir='ltr'><strong>τά</strong></span> <span class='ocrx_word' id='word_1_133' title='bbox 3295 507 3420 578; x_wconf 70' lang='grc' dir='ltr'>περὶ</span> <span class='ocrx_word' id='word_1_134' title='bbox 3448 508 3693 579; x_wconf 84' lang='grc' dir='ltr'><strong>Σοδόμων</strong></span> 
     </span>
    </p>
   </div>
   <div class='ocr_carea' id='block_1_22' title="bbox 2114 596 3690 673">
    <p class='ocr_par' dir='ltr' id='par_1_22' title="bbox 2114 596 3690 673">
     <span class='ocr_line' id='line_1_22' title="bbox 2114 596 3690 673; baseline 0.003 -23"><span class='ocrx_word' id='word_1_135' title='bbox 2114 598 2171 650; x_wconf 84' lang='grc' dir='ltr'>δὲ</span> <span class='ocrx_word' id='word_1_136' title='bbox 2219 598 2313 651; x_wconf 77' lang='grc' dir='ltr'>καὶ</span> <span class='ocrx_word' id='word_1_137' title='bbox 2355 597 2643 667; x_wconf 74' lang='grc' dir='ltr'>Γομόρρων</span> <span class='ocrx_word' id='word_1_138' title='bbox 2685 596 2790 649; x_wconf 82' lang='grc' dir='ltr'><strong>ὑπὸ</strong></span> <span class='ocrx_word' id='word_1_139' title='bbox 2822 598 3098 661; x_wconf 84' lang='grc' dir='ltr'>Μωῦσέως</span> <span class='ocrx_word' id='word_1_140' title='bbox 3146 599 3496 670; x_wconf 82' lang='grc' dir='ltr'><strong>ἱστορούμενα</strong></span> <span class='ocrx_word' id='word_1_141' title='bbox 3537 604 3593 654; x_wconf 86' lang='grc' dir='ltr'>ὲν</span> <span class='ocrx_word' id='word_1_142' title='bbox 3625 605 3690 673; x_wconf 81' lang='grc' dir='ltr'>τῇ</span> 
     </span>
    </p>
   </div>
   <div class='ocr_carea' id='block_1_23' title="bbox 2115 687 3687 759">
    <p class='ocr_par' dir='ltr' id='par_1_23' title="bbox 2115 687 3687 759">
     <span class='ocr_line' id='line_1_23' title="bbox 2115 687 3687 759; baseline 0.003 -17"><span class='ocrx_word' id='word_1_143' title='bbox 2115 690 2352 750; x_wconf 87' lang='grc' dir='ltr'>Γενέσει,</span> <span class='ocrx_word' id='word_1_144' title='bbox 2388 687 2461 752; x_wconf 76' lang='grc' dir='ltr'>ὡς</span> <span class='ocrx_word' id='word_1_145' title='bbox 2489 688 2577 742; x_wconf 82' lang='grc' dir='ltr'>διὰ</span> <span class='ocrx_word' id='word_1_146' title='bbox 2605 689 2704 759; x_wconf 85' lang='grc' dir='ltr'>τὴν</span> <span class='ocrx_word' id='word_1_147' title='bbox 2742 688 3014 759; x_wconf 78' lang='grc' dir='ltr'><strong>ἁμαρτίαν</strong></span> <span class='ocrx_word' id='word_1_148' title='bbox 3051 690 3183 758; x_wconf 80' lang='grc' dir='ltr'>πυρὶ</span> <span class='ocrx_word' id='word_1_149' title='bbox 3206 690 3687 759; x_wconf 76' lang='grc' dir='ltr'>ὲξαφανισθέντων,</span> 
     </span>
    </p>
   </div>
   <div class='ocr_carea' id='block_1_24' title="bbox 2118 777 3684 854">
    <p class='ocr_par' dir='ltr' id='par_1_24' title="bbox 2118 777 3684 854">
     <span class='ocr_line' id='line_1_24' title="bbox 2118 777 3684 854; baseline 0.001 -23"><span class='ocrx_word' id='word_1_150' title='bbox 2118 777 2453 849; x_wconf 74' lang='grc' dir='ltr'>παραϐάλλει</span> <span class='ocrx_word' id='word_1_151' title='bbox 2486 780 2515 831; x_wconf 86' lang='grc' dir='ltr'><strong>ὁ</strong></span> <span class='ocrx_word' id='word_1_152' title='bbox 2543 778 2751 841; x_wconf 82' lang='grc' dir='ltr'><strong>Κέλσος</strong></span> <span class='ocrx_word' id='word_1_153' title='bbox 2774 781 2840 849; x_wconf 81' lang='grc' dir='ltr'>τῇ</span> <span class='ocrx_word' id='word_1_154' title='bbox 2872 778 3011 831; x_wconf 81' lang='grc' dir='ltr'><strong>κατά</strong></span> <span class='ocrx_word' id='word_1_155' title='bbox 3033 778 3127 831; x_wconf 85' lang='grc' dir='ltr'><strong>τὸν</strong></span> <span class='ocrx_word' id='word_1_156' title='bbox 3151 779 3421 834; x_wconf 81' lang='grc' dir='ltr'><strong>Φαέθοντα</strong></span> <span class='ocrx_word' id='word_1_157' title='bbox 3446 783 3684 854; x_wconf 69' lang='grc' dir='ltr'>ἱστορίαι</span> 
     </span>
    </p>
   </div>
   <div class='ocr_carea' id='block_1_25' title="bbox 2117 870 3691 946">
    <p class='ocr_par' dir='ltr' id='par_1_25' title="bbox 2117 870 3691 946">
     <span class='ocr_line' id='line_1_25' title="bbox 2117 870 3691 946; baseline 0.004 -24"><span class='ocrx_word' id='word_1_158' title='bbox 2117 870 2198 923; x_wconf 74' lang='grc' dir='ltr'>ἐν).</span> <span class='ocrx_word' id='word_1_159' title='bbox 2230 871 2524 941; x_wconf 76' lang='grc' dir='ltr'>σφάλματι,</span> <span class='ocrx_word' id='word_1_160' title='bbox 2552 871 2629 940; x_wconf 84' lang='grc' dir='ltr'>τῷ</span> <span class='ocrx_word' id='word_1_161' title='bbox 2671 871 2799 941; x_wconf 75' lang='grc' dir='ltr'>περὶ</span> <span class='ocrx_word' id='word_1_162' title='bbox 2838 870 2930 923; x_wconf 87' lang='grc' dir='ltr'><strong>τοῦ</strong></span> <span class='ocrx_word' id='word_1_163' title='bbox 2974 871 3048 940; x_wconf 81' lang='grc' dir='ltr'>μὴ</span> <span class='ocrx_word' id='word_1_164' title='bbox 3089 873 3454 943; x_wconf 81' lang='grc' dir='ltr'><strong>τετηρηκέναι</strong></span> <span class='ocrx_word' id='word_1_165' title='bbox 3488 874 3555 926; x_wconf 73' lang='grc' dir='ltr'>τὰ</span> <span class='ocrx_word' id='word_1_166' title='bbox 3593 877 3691 946; x_wconf 83' lang='grc' dir='ltr'><strong>τῆς</strong></span> 
     </span>
    </p>
   </div>
   <div class='ocr_carea' id='block_1_26' title="bbox 2117 960 3687 1033">
    <p class='ocr_par' dir='ltr' id='par_1_26' title="bbox 2117 960 3687 1033">
     <span class='ocr_line' id='line_1_26' title="bbox 2117 960 3687 1033; baseline 0.002 -19"><span class='ocrx_word' id='word_1_167' title='bbox 2117 960 2396 1023; x_wconf 84' lang='grc' dir='ltr'>Μωῦσέως</span> <span class='ocrx_word' id='word_1_168' title='bbox 2442 961 2818 1032; x_wconf 79' lang='grc' dir='ltr'>ἀρχαιότητος,</span> <span class='ocrx_word' id='word_1_169' title='bbox 2873 960 3178 1024; x_wconf 80' lang='grc' dir='ltr'>ἀκολούθως</span> <span class='ocrx_word' id='word_1_170' title='bbox 3218 962 3395 1014; x_wconf 80' lang='grc' dir='ltr'>πάντα</span> <span class='ocrx_word' id='word_1_171' title='bbox 3439 966 3687 1033; x_wconf 81' lang='grc' dir='ltr'>ποιήσας.</span> 
     </span>
    </p>
   </div>
   <div class='ocr_carea' id='block_1_27' title="bbox 2118 1051 3695 1123">
    <p class='ocr_par' dir='ltr' id='par_1_27' title="bbox 2118 1051 3695 1123">
     <span class='ocr_line' id='line_1_27' title="bbox 2118 1051 3695 1123; baseline 0.001 -19"><span class='ocrx_word' id='word_1_172' title='bbox 2118 1054 2181 1104; x_wconf 81' lang='grc' dir='ltr'><strong>Οἱ</strong></span> <span class='ocrx_word' id='word_1_173' title='bbox 2222 1052 2329 1123; x_wconf 76' lang='grc' dir='ltr'>γὰρ</span> <span class='ocrx_word' id='word_1_174' title='bbox 2369 1052 2438 1105; x_wconf 73' lang='grc' dir='ltr'>τὰ</span> <span class='ocrx_word' id='word_1_175' title='bbox 2478 1052 2606 1122; x_wconf 80' lang='grc' dir='ltr'>περὶ</span> <span class='ocrx_word' id='word_1_176' title='bbox 2637 1051 2933 1115; x_wconf 82' lang='grc' dir='ltr'>Φαέθοντος</span> <span class='ocrx_word' id='word_1_177' title='bbox 2973 1051 3310 1121; x_wconf 81' lang='grc' dir='ltr'>ἱστοροῦντες</span> <span class='ocrx_word' id='word_1_178' title='bbox 3352 1053 3562 1106; x_wconf 75' lang='grc' dir='ltr'>ἐοίκασι</span> <span class='ocrx_word' id='word_1_179' title='bbox 3604 1055 3695 1107; x_wconf 69' lang='grc' dir='ltr'><strong>καὶ</strong></span> 
     </span>
    </p>
   </div>
   <div class='ocr_carea' id='block_1_28' title="bbox 2129 1141 3695 1214">
    <p class='ocr_par' dir='ltr' id='par_1_28' title="bbox 2129 1141 3695 1214">
     <span class='ocr_line' id='line_1_28' title="bbox 2129 1141 3695 1214; baseline 0.002 -19"><span class='ocrx_word' id='word_1_180' title='bbox 2129 1141 2266 1212; x_wconf 80' lang='grc' dir='ltr'>Ὀμή</span> <span class='ocrx_word' id='word_1_181' title='bbox 2278 1158 2368 1212; x_wconf 90' lang='grc' dir='ltr'><strong>ρου</strong></span> <span class='ocrx_word' id='word_1_182' title='bbox 2386 1141 2657 1214; x_wconf 84' lang='grc' dir='ltr'>νεώτεροι,</span> <span class='ocrx_word' id='word_1_183' title='bbox 2680 1141 2772 1194; x_wconf 88' lang='grc' dir='ltr'><strong>τοῦ</strong></span> <span class='ocrx_word' id='word_1_184' title='bbox 2794 1141 2969 1213; x_wconf 81' lang='grc' dir='ltr'>πολλῷ</span> <span class='ocrx_word' id='word_1_185' title='bbox 2983 1143 3258 1206; x_wconf 82' lang='grc' dir='ltr'>Μωῠσέως</span> <span class='ocrx_word' id='word_1_186' title='bbox 3277 1143 3563 1213; x_wconf 90' lang='grc' dir='ltr'>νεωτέρου.</span> <span class='ocrx_word' id='word_1_187' title='bbox 3583 1145 3695 1198; x_wconf 75' lang='grc' dir='ltr'><strong>Οὐκ</strong></span> 
     </span>
    </p>
   </div>
   <div class='ocr_carea' id='block_1_29' title="bbox 2118 1228 3696 1304">
    <p class='ocr_par' dir='ltr' id='par_1_29' title="bbox 2118 1228 3696 1304">
     <span class='ocr_line' id='line_1_29' title="bbox 2118 1228 3696 1304; baseline 0.003 -19"><span class='ocrx_word' id='word_1_188' title='bbox 2118 1232 2428 1303; x_wconf 81' lang='grc' dir='ltr'>ἀρνούμεθα</span> <span class='ocrx_word' id='word_1_189' title='bbox 2469 1228 2562 1287; x_wconf 73' lang='grc' dir='ltr'>οὖν</span> <span class='ocrx_word' id='word_1_190' title='bbox 2594 1234 2655 1285; x_wconf 84' lang='grc' dir='ltr'>τὸ</span> <span class='ocrx_word' id='word_1_191' title='bbox 2700 1233 2994 1304; x_wconf 87' lang='grc' dir='ltr'>καθάρσιον</span> <span class='ocrx_word' id='word_1_192' title='bbox 3029 1232 3159 1304; x_wconf 91' lang='grc' dir='ltr'>πῦρ,</span> <span class='ocrx_word' id='word_1_193' title='bbox 3200 1235 3293 1287; x_wconf 73' lang='grc' dir='ltr'><strong>καὶ</strong></span> <span class='ocrx_word' id='word_1_194' title='bbox 3324 1234 3421 1304; x_wconf 83' lang='grc' dir='ltr'>τὴν</span> <span class='ocrx_word' id='word_1_195' title='bbox 3467 1235 3562 1288; x_wconf 89' lang='grc' dir='ltr'><strong>τοῦ</strong></span> <span class='ocrx_word' id='word_1_196' title='bbox 3607 1237 3696 1289; x_wconf 88' lang='grc' dir='ltr'>κό-</span> 
     </span>
    </p>
   </div>
   <div class='ocr_carea' id='block_1_30' title="bbox 2122 1321 3692 1394">
    <p class='ocr_par' dir='ltr' id='par_1_30' title="bbox 2122 1321 3692 1394">
     <span class='ocr_line' id='line_1_30' title="bbox 2122 1321 3692 1394; baseline 0.003 -20"><span class='ocrx_word' id='word_1_197' title='bbox 2122 1339 2258 1392; x_wconf 90' lang='grc' dir='ltr'>σμου</span> <span class='ocrx_word' id='word_1_198' title='bbox 2296 1321 2499 1393; x_wconf 85' lang='grc' dir='ltr'>φθορὰν</span> <span class='ocrx_word' id='word_1_199' title='bbox 2538 1324 2629 1375; x_wconf 79' lang='grc' dir='ltr'>ἐπ).</span> <span class='ocrx_word' id='word_1_200' title='bbox 2658 1322 2971 1394; x_wconf 86' lang='grc' dir='ltr'>καθαιρέσει</span> <span class='ocrx_word' id='word_1_201' title='bbox 3001 1324 3101 1394; x_wconf 85' lang='grc' dir='ltr'>τῆς</span> <span class='ocrx_word' id='word_1_202' title='bbox 3131 1324 3326 1387; x_wconf 87' lang='grc' dir='ltr'>κακίας</span> <span class='ocrx_word' id='word_1_203' title='bbox 3353 1325 3447 1378; x_wconf 78' lang='grc' dir='ltr'><strong>καὶ</strong></span> <span class='ocrx_word' id='word_1_204' title='bbox 3468 1326 3692 1378; x_wconf 81' lang='grc' dir='ltr'>ἀνακαι-</span> 
     </span>
    </p>
   </div>
   <div class='ocr_carea' id='block_1_31' title="bbox 2118 1411 3691 1486">
    <p class='ocr_par' dir='ltr' id='par_1_31' title="bbox 2118 1411 3691 1486">
     <span class='ocr_line' id='line_1_31' title="bbox 2118 1411 3691 1486; baseline 0.003 -22"><span class='ocrx_word' id='word_1_205' title='bbox 2118 1411 2280 1464; x_wconf 85' lang='grc' dir='ltr'>νώσει</span> <span class='ocrx_word' id='word_1_206' title='bbox 2318 1411 2411 1464; x_wconf 85' lang='grc' dir='ltr'><strong>τοῦ</strong></span> <span class='ocrx_word' id='word_1_207' title='bbox 2440 1412 2637 1474; x_wconf 88' lang='grc' dir='ltr'>παντός</span> <span class='ocrx_word' id='word_1_208' title='bbox 2656 1429 2670 1442; x_wconf 77' lang='grc' dir='ltr'><strong>ο</strong></span> <span class='ocrx_word' id='word_1_209' title='bbox 2709 1413 2956 1481; x_wconf 86' lang='grc' dir='ltr'>λέγοντες</span> <span class='ocrx_word' id='word_1_210' title='bbox 2994 1413 3145 1484; x_wconf 82' lang='grc' dir='ltr'>παρὰ</span> <span class='ocrx_word' id='word_1_211' title='bbox 3168 1414 3275 1467; x_wconf 81' lang='grc' dir='ltr'><strong>τῶν</strong></span> <span class='ocrx_word' id='word_1_212' title='bbox 3309 1416 3601 1486; x_wconf 75' lang='grc' dir='ltr'>προφητῶν</span> <span class='ocrx_word' id='word_1_213' title='bbox 3631 1419 3691 1470; x_wconf 79' lang='grc' dir='ltr'>ὲκ</span> 
     </span>
    </p>
   </div>
   <div class='ocr_carea' id='block_1_32' title="bbox 2117 1501 3694 1576">
    <p class='ocr_par' dir='ltr' id='par_1_32' title="bbox 2117 1501 3694 1576">
     <span class='ocr_line' id='line_1_32' title="bbox 2117 1501 3694 1576; baseline 0.005 -23"><span class='ocrx_word' id='word_1_214' title='bbox 2117 1501 2225 1554; x_wconf 84' lang='grc' dir='ltr'><strong>τῶν</strong></span> <span class='ocrx_word' id='word_1_215' title='bbox 2262 1501 2421 1573; x_wconf 79' lang='grc' dir='ltr'>ἱερῶν</span> <span class='ocrx_word' id='word_1_216' title='bbox 2464 1502 2683 1572; x_wconf 74' lang='grc' dir='ltr'>βιϐλίων</span> <span class='ocrx_word' id='word_1_217' title='bbox 2723 1504 3119 1575; x_wconf 83' lang='grc' dir='ltr'>μεμαθηκέναι.</span> <span class='ocrx_word' id='word_1_218' title='bbox 3174 1506 3340 1559; x_wconf 86' lang='grc' dir='ltr'>Ἐπάν</span> <span class='ocrx_word' id='word_1_219' title='bbox 3378 1507 3580 1576; x_wconf 87' lang='grc' dir='ltr'>μέντοι,</span> <span class='ocrx_word' id='word_1_220' title='bbox 3619 1511 3694 1573; x_wconf 87' lang='grc' dir='ltr'>ὠς</span> 
     </span>
    </p>
   </div>
   <div class='ocr_carea' id='block_1_33' title="bbox 2120 1593 3691 1667">
    <p class='ocr_par' dir='ltr' id='par_1_33' title="bbox 2120 1593 3691 1667">
     <span class='ocr_line' id='line_1_33' title="bbox 2120 1593 3691 1667; baseline 0.005 -23"><span class='ocrx_word' id='word_1_221' title='bbox 2120 1593 2177 1645; x_wconf 79' lang='grc' dir='ltr'>ὲν</span> <span class='ocrx_word' id='word_1_222' title='bbox 2216 1596 2328 1655; x_wconf 86' lang='grc' dir='ltr'>τοῖς</span> <span class='ocrx_word' id='word_1_223' title='bbox 2363 1593 2620 1663; x_wconf 85' lang='grc' dir='ltr'>ἀνωτέρω</span> <span class='ocrx_word' id='word_1_224' title='bbox 2654 1595 2974 1665; x_wconf 89' lang='grc' dir='ltr'>είρήκαμεν,</span> <span class='ocrx_word' id='word_1_225' title='bbox 3021 1593 3191 1646; x_wconf 87' lang='grc' dir='ltr'>πολλά</span> <span class='ocrx_word' id='word_1_226' title='bbox 3231 1596 3358 1665; x_wconf 79' lang='grc' dir='ltr'>περὶ</span> <span class='ocrx_word' id='word_1_227' title='bbox 3394 1598 3691 1667; x_wconf 77' lang='grc' dir='ltr'>μελλόντων</span> 
     </span>
    </p>
   </div>
   <div class='ocr_carea' id='block_1_34' title="bbox 2118 1682 3691 1760">
    <p class='ocr_par' dir='ltr' id='par_1_34' title="bbox 2118 1682 3691 1760">
     <span class='ocr_line' id='line_1_34' title="bbox 2118 1682 3691 1760; baseline 0.006 -27"><span class='ocrx_word' id='word_1_228' title='bbox 2118 1683 2167 1733; x_wconf 79' lang='grc' dir='ltr'>οἱ</span> <span class='ocrx_word' id='word_1_229' title='bbox 2201 1682 2474 1753; x_wconf 82' lang='grc' dir='ltr'>προφῆται</span> <span class='ocrx_word' id='word_1_230' title='bbox 2499 1683 2768 1751; x_wconf 84' lang='grc' dir='ltr'>λέγοντες,</span> <span class='ocrx_word' id='word_1_231' title='bbox 2794 1684 3253 1739; x_wconf 85' lang='grc' dir='ltr'>ἀποδεικνύωνται</span> <span class='ocrx_word' id='word_1_232' title='bbox 3276 1688 3385 1757; x_wconf 87' lang='grc'><strong>(71)</strong></span> <span class='ocrx_word' id='word_1_233' title='bbox 3413 1690 3542 1760; x_wconf 80' lang='grc' dir='ltr'><strong>περὶ</strong></span> <span class='ocrx_word' id='word_1_234' title='bbox 3565 1690 3691 1742; x_wconf 84' lang='grc' dir='ltr'>πο).-</span> 
     </span>
    </p>
   </div>
   <div class='ocr_carea' id='block_1_35' title="bbox 2048 1754 3696 1849">
    <p class='ocr_par' dir='ltr' id='par_1_35' title="bbox 2048 1754 3696 1849">
     <span class='ocr_line' id='line_1_35' title="bbox 2048 1754 3696 1849; baseline 0.005 -25"><span class='ocrx_word' id='word_1_235' title='bbox 2048 1754 2089 1806; x_wconf 77' lang='lat' dir='ltr'><strong>B</strong></span> <span class='ocrx_word' id='word_1_236' title='bbox 2117 1772 2223 1825; x_wconf 84' lang='grc' dir='ltr'>λῶν</span> <span class='ocrx_word' id='word_1_237' title='bbox 2251 1774 2699 1845; x_wconf 86' lang='grc' dir='ltr'>παρεληλυθότων</span> <span class='ocrx_word' id='word_1_238' title='bbox 2732 1775 3111 1846; x_wconf 75' lang='grc' dir='ltr'>ἠληθευκέναι,</span> <span class='ocrx_word' id='word_1_239' title='bbox 3148 1778 3240 1830; x_wconf 77' lang='grc' dir='ltr'><strong>καὶ</strong></span> <span class='ocrx_word' id='word_1_240' title='bbox 3272 1754 3467 1849; x_wconf 82' lang='grc' dir='ltr'>δεῖγμα</span> <span class='ocrx_word' id='word_1_241' title='bbox 3488 1754 3696 1833; x_wconf 48' lang='grc' dir='ltr'>’διδόναι</span> 
     </span>
    </p>
   </div>
   <div class='ocr_carea' id='block_1_36' title="bbox 445 1868 3695 1947">
    <p class='ocr_par' dir='ltr' id='par_1_36' title="bbox 445 1868 3695 1947">
     <span class='ocr_line' id='line_1_36' title="bbox 445 1868 3695 1947; baseline 0.002 -24"><span class='ocrx_word' id='word_1_242' title='bbox 445 1872 540 1926; x_wconf 83' lang='grc' dir='ltr'><strong>τοῦ</strong></span> <span class='ocrx_word' id='word_1_243' title='bbox 566 1873 704 1925; x_wconf 80' lang='grc' dir='ltr'>θεῖον</span> <span class='ocrx_word' id='word_1_244' title='bbox 730 1871 951 1944; x_wconf 77' lang='grc' dir='ltr'>Πνεῦμα</span> <span class='ocrx_word' id='word_1_245' title='bbox 984 1874 1041 1925; x_wconf 84' lang='grc' dir='ltr'>ὲν</span> <span class='ocrx_word' id='word_1_246' title='bbox 1068 1873 1250 1938; x_wconf 82' lang='grc' dir='ltr'>αὐτοῖς</span> <span class='ocrx_word' id='word_1_247' title='bbox 1281 1873 1585 1943; x_wconf 81' lang='grc' dir='ltr'>γεγονέναι,</span> <span class='ocrx_word' id='word_1_248' title='bbox 1620 1872 1778 1942; x_wconf 80' lang='grc' dir='ltr'>δῆλον</span> <span class='ocrx_word' id='word_1_249' title='bbox 1802 1870 1885 1924; x_wconf 84' lang='grc' dir='ltr'>ὅτι</span> <span class='ocrx_word' id='word_1_250' title='bbox 1915 1869 2009 1922; x_wconf 69' lang='grc' dir='ltr'>καὶ</span> <span class='ocrx_word' id='word_1_251' title='bbox 2038 1868 2166 1939; x_wconf 77' lang='grc' dir='ltr'>περ).</span> <span class='ocrx_word' id='word_1_252' title='bbox 2199 1868 2307 1921; x_wconf 87' lang='grc' dir='ltr'><strong>τῶν</strong></span> <span class='ocrx_word' id='word_1_253' title='bbox 2343 1869 2641 1939; x_wconf 88' lang='grc' dir='ltr'>μελλόντων</span> <span class='ocrx_word' id='word_1_254' title='bbox 2683 1870 2994 1925; x_wconf 73' lang='grc' dir='ltr'>πιστευτέον</span> <span class='ocrx_word' id='word_1_255' title='bbox 3029 1872 3229 1935; x_wconf 73' lang='grc' dir='ltr'>αὐτοῖς,</span> <span class='ocrx_word' id='word_1_256' title='bbox 3275 1874 3473 1943; x_wconf 80' lang='grc' dir='ltr'>μᾶλλον</span> <span class='ocrx_word' id='word_1_257' title='bbox 3519 1876 3575 1929; x_wconf 75' lang='grc' dir='ltr'>δὲ</span> <span class='ocrx_word' id='word_1_258' title='bbox 3620 1876 3695 1947; x_wconf 76' lang='grc' dir='ltr'>τῷ</span> 
     </span>
    </p>
   </div>
   <div class='ocr_carea' id='block_1_37' title="bbox 444 1968 1183 2040">
    <p class='ocr_par' dir='ltr' id='par_1_37' title="bbox 444 1968 1183 2040">
     <span class='ocr_line' id='line_1_37' title="bbox 444 1968 1183 2040; baseline 0.003 -20"><span class='ocrx_word' id='word_1_259' title='bbox 444 1970 503 2021; x_wconf 82' lang='grc' dir='ltr'>ὲν</span> <span class='ocrx_word' id='word_1_260' title='bbox 526 1969 708 2031; x_wconf 83' lang='grc' dir='ltr'>αὐτοῖς</span> <span class='ocrx_word' id='word_1_261' title='bbox 732 1968 860 2040; x_wconf 83' lang='grc' dir='ltr'>θείῳ</span> <span class='ocrx_word' id='word_1_262' title='bbox 887 1968 1183 2040; x_wconf 90' lang='grc' dir='ltr'>Πνεύματι.</span> 
     </span>
    </p>
   </div>
   <div class='ocr_carea' id='block_1_38' title="bbox 514 2058 2010 2132">
    <p class='ocr_par' dir='ltr' id='par_1_38' title="bbox 514 2058 2010 2132">
     <span class='ocr_line' id='line_1_38' title="bbox 514 2058 2010 2132; baseline -0.001 -19"><span class='ocrx_word' id='word_1_263' title='bbox 514 2062 605 2114; x_wconf 74' lang='lat'><strong>22.</strong></span> <span class='ocrx_word' id='word_1_264' title='bbox 648 2079 665 2112; x_wconf 77' lang='grc' dir='ltr'><strong>ι</strong></span> <span class='ocrx_word' id='word_1_265' title='bbox 696 2061 990 2115; x_wconf 82' lang='lat' dir='ltr'><strong>Christiani</strong></span> <span class='ocrx_word' id='word_1_266' title='bbox 1020 2101 1033 2125; x_wconf 91' lang='lat'><strong>,</strong></span> <span class='ocrx_word' id='word_1_267' title='bbox 1064 2062 1237 2132; x_wconf 91' lang='lat' dir='ltr'><strong>pergit</strong></span> <span class='ocrx_word' id='word_1_268' title='bbox 1260 2061 1450 2115; x_wconf 87' lang='lat' dir='ltr'><strong>Celsus</strong></span> <span class='ocrx_word' id='word_1_269' title='bbox 1477 2098 1493 2122; x_wconf 89' lang='lat'><strong>,</strong></span> <span class='ocrx_word' id='word_1_270' title='bbox 1528 2058 1708 2113; x_wconf 85' lang='lat' dir='ltr'><strong>allatis</strong></span> <span class='ocrx_word' id='word_1_271' title='bbox 1740 2074 1768 2112; x_wconf 88' lang='lat' dir='ltr'><strong>a</strong></span> <span class='ocrx_word' id='word_1_272' title='bbox 1804 2058 2010 2114; x_wconf 71' lang='lat' dir='ltr'><strong>Iudaeis</strong></span> 
     </span>
    </p>
   </div>
   <div class='ocr_carea' id='block_1_39' title="bbox 444 2146 2012 2220">
    <p class='ocr_par' dir='ltr' id='par_1_39' title="bbox 444 2146 2012 2220">
     <span class='ocr_line' id='line_1_39' title="bbox 444 2146 2012 2220; baseline -0.003 -15"><span class='ocrx_word' id='word_1_273' title='bbox 444 2150 747 2205; x_wconf 75' lang='lat' dir='ltr'><strong>rationibus</strong></span> <span class='ocrx_word' id='word_1_274' title='bbox 789 2152 1051 2220; x_wconf 83' lang='lat' dir='ltr'><strong>quasdam</strong></span> <span class='ocrx_word' id='word_1_275' title='bbox 1103 2151 1347 2215; x_wconf 89' lang='lat' dir='ltr'><strong>addunt,</strong></span> <span class='ocrx_word' id='word_1_276' title='bbox 1384 2150 1647 2217; x_wconf 88' lang='lat' dir='ltr'><strong>aiuntqne</strong></span> <span class='ocrx_word' id='word_1_277' title='bbox 1698 2149 1792 2202; x_wconf 87' lang='lat' dir='ltr'><strong>Dei</strong></span> <span class='ocrx_word' id='word_1_278' title='bbox 1816 2146 2012 2201; x_wconf 87' lang='lat' dir='ltr'><strong>Filium</strong></span> 
     </span>
    </p>
   </div>
   <div class='ocr_carea' id='block_1_40' title="bbox 444 2238 2015 2311">
    <p class='ocr_par' dir='ltr' id='par_1_40' title="bbox 444 2238 2015 2311">
     <span class='ocr_line' id='line_1_40' title="bbox 444 2238 2015 2311; baseline -0.001 -18"><span class='ocrx_word' id='word_1_279' title='bbox 444 2251 673 2311; x_wconf 87' lang='lat' dir='ltr'><strong>propter</strong></span> <span class='ocrx_word' id='word_1_280' title='bbox 702 2241 1013 2297; x_wconf 63' lang='lat' dir='ltr'><strong>Judagorum</strong></span> <span class='ocrx_word' id='word_1_281' title='bbox 1050 2252 1272 2311; x_wconf 88' lang='lat' dir='ltr'><strong>peccata</strong></span> <span class='ocrx_word' id='word_1_282' title='bbox 1298 2242 1520 2296; x_wconf 89' lang='lat' dir='ltr'><strong>missttm</strong></span> <span class='ocrx_word' id='word_1_283' title='bbox 1558 2238 1670 2308; x_wconf 86' lang='lat' dir='ltr'><strong>jam</strong></span> <span class='ocrx_word' id='word_1_284' title='bbox 1722 2239 1890 2292; x_wconf 81' lang='lat' dir='ltr'><strong>fuisse</strong></span> <span class='ocrx_word' id='word_1_285' title='bbox 1913 2278 1928 2302; x_wconf 89' lang='lat'><strong>,</strong></span> <span class='ocrx_word' id='word_1_286' title='bbox 1959 2247 2015 2292; x_wconf 89' lang='lat' dir='ltr'><strong>et</strong></span> 
     </span>
    </p>
   </div>
   <div class='ocr_carea' id='block_1_41' title="bbox 443 2325 2010 2403">
    <p class='ocr_par' dir='ltr' id='par_1_41' title="bbox 443 2325 2010 2403">
     <span class='ocr_line' id='line_1_41' title="bbox 443 2325 2010 2403; baseline -0.003 -16"><span class='ocrx_word' id='word_1_287' title='bbox 443 2332 662 2389; x_wconf 69' lang='lat' dir='ltr'><strong>Judzeos</strong></span> <span class='ocrx_word' id='word_1_288' title='bbox 686 2375 701 2401; x_wconf 90' lang='lat'><strong>,</strong></span> <span class='ocrx_word' id='word_1_289' title='bbox 730 2334 947 2389; x_wconf 82' lang='lat' dir='ltr'><strong>inﬂictis</strong></span> <span class='ocrx_word' id='word_1_290' title='bbox 980 2334 1107 2389; x_wconf 89' lang='lat' dir='ltr'><strong>Jesu</strong></span> <span class='ocrx_word' id='word_1_291' title='bbox 1156 2333 1440 2403; x_wconf 89' lang='lat' dir='ltr'><strong>suppliciis</strong></span> <span class='ocrx_word' id='word_1_292' title='bbox 1470 2342 1827 2402; x_wconf 86' lang='lat' dir='ltr'><strong>porreetoque</strong></span> <span class='ocrx_word' id='word_1_293' title='bbox 1854 2325 1980 2382; x_wconf 78' lang='lat' dir='ltr'><strong>felle&#39;</strong></span> <span class='ocrx_word' id='word_1_294' title='bbox 1996 2370 2010 2393; x_wconf 90' lang='lat'><strong>,</strong></span> 
     </span>
    </p>
   </div>
   <div class='ocr_carea' id='block_1_42' title="bbox 444 2419 2012 2488">
    <p class='ocr_par' dir='ltr' id='par_1_42' title="bbox 444 2419 2012 2488">
     <span class='ocr_line' id='line_1_42' title="bbox 444 2419 2012 2488; baseline -0.006 -11"><span class='ocrx_word' id='word_1_295' title='bbox 444 2422 543 2477; x_wconf 88' lang='lat' dir='ltr'><strong>Dei</strong></span> <span class='ocrx_word' id='word_1_296' title='bbox 575 2424 710 2477; x_wconf 88' lang='lat' dir='ltr'><strong>iram</strong></span> <span class='ocrx_word' id='word_1_297' title='bbox 742 2423 879 2488; x_wconf 66' lang='lat' dir='ltr'><strong>infse</strong></span> <span class='ocrx_word' id='word_1_298' title='bbox 907 2424 1203 2478; x_wconf 80' lang='lat' dir='ltr'><strong>derivasse.</strong></span> <span class='ocrx_word' id='word_1_299' title='bbox 1238 2441 1257 2473; x_wconf 72' lang='grc' dir='ltr'><strong>ι</strong></span> <span class='ocrx_word' id='word_1_300' title='bbox 1295 2421 1450 2486; x_wconf 87' lang='lat' dir='ltr'><strong>Quod</strong></span> <span class='ocrx_word' id='word_1_301' title='bbox 1476 2419 1770 2475; x_wconf 84' lang='lat' dir='ltr'><strong>Christiani</strong></span> <span class='ocrx_word' id='word_1_302' title='bbox 1807 2419 2012 2483; x_wconf 88' lang='lat' dir='ltr'><strong>dicttnt,</strong></span> 
     </span>
    </p>
   </div>
   <div class='ocr_carea' id='block_1_43' title="bbox 446 2512 2012 2584">
    <p class='ocr_par' dir='ltr' id='par_1_43' title="bbox 446 2512 2012 2584">
     <span class='ocr_line' id='line_1_43' title="bbox 446 2512 2012 2584; baseline -0.004 -16"><span class='ocrx_word' id='word_1_303' title='bbox 446 2515 500 2569; x_wconf 91' lang='lat' dir='ltr'><strong>id</strong></span> <span class='ocrx_word' id='word_1_304' title='bbox 532 2516 798 2570; x_wconf 84' lang='lat' dir='ltr'><strong>mendacii</strong></span> <span class='ocrx_word' id='word_1_305' title='bbox 827 2524 1023 2584; x_wconf 82' lang='lat' dir='ltr'><strong>arguat</strong></span> <span class='ocrx_word' id='word_1_306' title='bbox 1057 2515 1146 2583; x_wconf 87' lang='lat' dir='ltr'><strong>qui</strong></span> <span class='ocrx_word' id='word_1_307' title='bbox 1178 2513 1430 2578; x_wconf 85' lang='lat' dir='ltr'><strong>voluerit,</strong></span> <span class='ocrx_word' id='word_1_308' title='bbox 1459 2512 1503 2566; x_wconf 91' lang='lat' dir='ltr'><strong>si</strong></span> <span class='ocrx_word' id='word_1_309' title='bbox 1532 2518 1819 2579; x_wconf 85' lang='lat' dir='ltr'><strong>antequam</strong></span> <span class='ocrx_word' id='word_1_310' title='bbox 1849 2524 2012 2563; x_wconf 87' lang='lat' dir='ltr'><strong>unum</strong></span> 
     </span>
    </p>
   </div>
   <div class='ocr_carea' id='block_1_44' title="bbox 446 2600 2016 2676">
    <p class='ocr_par' dir='ltr' id='par_1_44' title="bbox 446 2600 2016 2676">
     <span class='ocr_line' id='line_1_44' title="bbox 446 2600 2016 2676; baseline -0.003 -18"><span class='ocrx_word' id='word_1_311' title='bbox 446 2607 652 2676; x_wconf 91' lang='lat' dir='ltr'><strong>lapsum</strong></span> <span class='ocrx_word' id='word_1_312' title='bbox 702 2615 847 2660; x_wconf 89' lang='lat' dir='ltr'><strong>esset</strong></span> <span class='ocrx_word' id='word_1_313' title='bbox 889 2605 1142 2660; x_wconf 71' lang='lat' dir='ltr'><strong>saeculum</strong></span> <span class='ocrx_word' id='word_1_314' title='bbox 1171 2645 1187 2669; x_wconf 92' lang='lat'><strong>,</strong></span> <span class='ocrx_word' id='word_1_315' title='bbox 1218 2620 1285 2658; x_wconf 80' lang='lat' dir='ltr'><strong>ex</strong></span> <span class='ocrx_word' id='word_1_316' title='bbox 1320 2619 1427 2673; x_wconf 91' lang='lat' dir='ltr'><strong>quo</strong></span> <span class='ocrx_word' id='word_1_317' title='bbox 1465 2602 1621 2657; x_wconf 82' lang='lat' dir='ltr'><strong>Jesus</strong></span> <span class='ocrx_word' id='word_1_318' title='bbox 1656 2603 1771 2657; x_wconf 76' lang='lat' dir='ltr'><strong>hzec</strong></span> <span class='ocrx_word' id='word_1_319' title='bbox 1808 2603 1875 2654; x_wconf 85' lang='lat' dir='ltr'><strong>ab</strong></span> <span class='ocrx_word' id='word_1_320' title='bbox 1909 2600 2016 2653; x_wconf 91' lang='lat' dir='ltr'><strong>illis</strong></span> 
     </span>
    </p>
   </div>
   <div class='ocr_carea' id='block_1_45' title="bbox 446 2690 2015 2766">
    <p class='ocr_par' dir='ltr' id='par_1_45' title="bbox 446 2690 2015 2766">
     <span class='ocr_line' id='line_1_45' title="bbox 446 2690 2015 2766; baseline -0.004 -17"><span class='ocrx_word' id='word_1_321' title='bbox 446 2711 645 2766; x_wconf 86' lang='lat' dir='ltr'><strong>passus</strong></span> <span class='ocrx_word' id='word_1_322' title='bbox 694 2695 913 2759; x_wconf 79' lang='lat' dir='ltr'><strong>fuerat,</strong></span> <span class='ocrx_word' id='word_1_323' title='bbox 964 2703 1071 2747; x_wconf 89' lang='lat' dir='ltr'><strong>tota</strong></span> <span class='ocrx_word' id='word_1_324' title='bbox 1115 2693 1427 2748; x_wconf 69' lang='lat' dir='ltr'><strong>Judazorum</strong></span> <span class='ocrx_word' id='word_1_325' title='bbox 1463 2707 1594 2762; x_wconf 84' lang='lat' dir='ltr'><strong>gens</strong></span> <span class='ocrx_word' id='word_1_326' title='bbox 1639 2706 1746 2745; x_wconf 90' lang='lat' dir='ltr'><strong>non</strong></span> <span class='ocrx_word' id='word_1_327' title='bbox 1793 2690 2015 2757; x_wconf 80' lang='lat' dir='ltr'><strong>expulsa</strong></span> 
     </span>
    </p>
   </div>
   <div class='ocr_carea' id='block_1_46' title="bbox 443 2779 2013 2848">
    <p class='ocr_par' dir='ltr' id='par_1_46' title="bbox 443 2779 2013 2848">
     <span class='ocr_line' id='line_1_46' title="bbox 443 2779 2013 2848; baseline -0.004 -10"><span class='ocrx_word' id='word_1_328' title='bbox 443 2784 663 2839; x_wconf 85' lang='lat' dir='ltr'><strong>sedibus</strong></span> <span class='ocrx_word' id='word_1_329' title='bbox 695 2783 816 2836; x_wconf 79' lang='lat' dir='ltr'><strong>fuit.</strong></span> <span class='ocrx_word' id='word_1_330' title='bbox 848 2781 1104 2835; x_wconf 79' lang='lat' dir='ltr'><strong>Arbitror</strong></span> <span class='ocrx_word' id='word_1_331' title='bbox 1135 2782 1302 2845; x_wconf 85' lang='lat' dir='ltr'><strong>enim.</strong></span> <span class='ocrx_word' id='word_1_332' title='bbox 1336 2784 1546 2836; x_wconf 91' lang='lat' dir='ltr'><strong>duobus</strong></span> <span class='ocrx_word' id='word_1_333' title='bbox 1575 2790 1629 2833; x_wconf 89' lang='lat' dir='ltr'><strong>et</strong></span> <span class='ocrx_word' id='word_1_334' title='bbox 1659 2779 2013 2848; x_wconf 81' lang='lat' dir='ltr'><strong>quadraginta</strong></span> 
     </span>
    </p>
   </div>
   <div class='ocr_carea' id='block_1_47' title="bbox 444 2865 2013 2941">
    <p class='ocr_par' dir='ltr' id='par_1_47' title="bbox 444 2865 2013 2941">
     <span class='ocr_line' id='line_1_47' title="bbox 444 2865 2013 2941; baseline -0.003 -16"><span class='ocrx_word' id='word_1_335' title='bbox 444 2880 566 2941; x_wconf 85' lang='lat' dir='ltr'><strong>post</strong></span> <span class='ocrx_word' id='word_1_336' title='bbox 590 2870 747 2924; x_wconf 90' lang='lat' dir='ltr'><strong>annis</strong></span> <span class='ocrx_word' id='word_1_337' title='bbox 769 2883 929 2938; x_wconf 91' lang='lat' dir='ltr'><strong>quam</strong></span> <span class='ocrx_word' id='word_1_338' title='bbox 962 2881 1117 2924; x_wconf 87' lang='lat' dir='ltr'><strong>actus</strong></span> <span class='ocrx_word' id='word_1_339' title='bbox 1139 2880 1222 2924; x_wconf 88' lang='lat' dir='ltr'><strong>est</strong></span> <span class='ocrx_word' id='word_1_340' title='bbox 1248 2870 1300 2922; x_wconf 93' lang='lat' dir='ltr'><strong>in</strong></span> <span class='ocrx_word' id='word_1_341' title='bbox 1328 2883 1543 2923; x_wconf 91' lang='lat' dir='ltr'><strong>crucem</strong></span> <span class='ocrx_word' id='word_1_342' title='bbox 1571 2865 1751 2935; x_wconf 79' lang='lat' dir='ltr'><strong>Jesus,</strong></span> <span class='ocrx_word' id='word_1_343' title='bbox 1777 2868 2013 2921; x_wconf 90' lang='lat' dir='ltr'><strong>dirutam</strong></span> 
     </span>
    </p>
   </div>
   <div class='ocr_carea' id='block_1_48' title="bbox 445 2957 2013 3028">
    <p class='ocr_par' dir='ltr' id='par_1_48' title="bbox 445 2957 2013 3028">
     <span class='ocr_line' id='line_1_48' title="bbox 445 2957 2013 3028; baseline -0.002 -16"><span class='ocrx_word' id='word_1_344' title='bbox 445 2973 566 3014; x_wconf 88' lang='lat' dir='ltr'><strong>esse</strong></span> <span class='ocrx_word' id='word_1_345' title='bbox 608 2957 1024 3028; x_wconf 77' lang='lat' dir='ltr'><strong>Jerosolymam.</strong></span> <span class='ocrx_word' id='word_1_346' title='bbox 1075 2958 1185 3012; x_wconf 86' lang='lat' dir='ltr'><strong>Nec</strong></span> <span class='ocrx_word' id='word_1_347' title='bbox 1231 2974 1467 3026; x_wconf 89' lang='lat' dir='ltr'><strong>unquam</strong></span> <span class='ocrx_word' id='word_1_348' title='bbox 1512 2958 1753 3011; x_wconf 86' lang='lat' dir='ltr'><strong>auditum</strong></span> <span class='ocrx_word' id='word_1_349' title='bbox 1801 2966 1904 3021; x_wconf 88' lang='lat' dir='ltr'><strong>est,</strong></span> <span class='ocrx_word' id='word_1_350' title='bbox 1944 2970 2013 3011; x_wconf 74' lang='lat' dir='ltr'><strong>ex</strong></span> 
     </span>
    </p>
   </div>
   <div class='ocr_carea' id='block_1_49' title="bbox 446 3047 2016 3117">
    <p class='ocr_par' dir='ltr' id='par_1_49' title="bbox 446 3047 2016 3117">
     <span class='ocr_line' id='line_1_49' title="bbox 446 3047 2016 3117; baseline 0.001 -16"><span class='ocrx_word' id='word_1_351' title='bbox 446 3063 553 3117; x_wconf 89' lang='lat' dir='ltr'><strong>quo</strong></span> <span class='ocrx_word' id='word_1_352' title='bbox 573 3047 743 3103; x_wconf 65' lang='lat' dir='ltr'><strong>Judaei</strong></span> <span class='ocrx_word' id='word_1_353' title='bbox 770 3064 891 3103; x_wconf 90' lang='lat' dir='ltr'><strong>esse</strong></span> <span class='ocrx_word' id='word_1_354' title='bbox 913 3059 1215 3117; x_wconf 64' lang='lat' dir='ltr'><strong>coeperunt,</strong></span> <span class='ocrx_word' id='word_1_355' title='bbox 1245 3064 1340 3103; x_wconf 91' lang='lat' dir='ltr'><strong>eos</strong></span> <span class='ocrx_word' id='word_1_356' title='bbox 1370 3059 1521 3103; x_wconf 88' lang='lat' dir='ltr'><strong>tanto</strong></span> <span class='ocrx_word' id='word_1_357' title='bbox 1552 3050 1808 3117; x_wconf 89' lang='lat' dir='ltr'><strong>temporis</strong></span> <span class='ocrx_word' id='word_1_358' title='bbox 1836 3049 2016 3116; x_wconf 89' lang='lat' dir='ltr'><strong>spatio</strong></span> 
     </span>
    </p>
   </div>
   <div class='ocr_carea' id='block_1_50' title="bbox 448 3137 2015 3206">
    <p class='ocr_par' dir='ltr' id='par_1_50' title="bbox 448 3137 2015 3206">
     <span class='ocr_line' id='line_1_50' title="bbox 448 3137 2015 3206; baseline -0.001 -12"><span class='ocrx_word' id='word_1_359' title='bbox 448 3153 559 3194; x_wconf 83' lang='lat' dir='ltr'><strong>suae</strong></span> <span class='ocrx_word' id='word_1_360' title='bbox 586 3138 870 3206; x_wconf 85' lang='lat' dir='ltr'><strong>religionis</strong></span> <span class='ocrx_word' id='word_1_361' title='bbox 889 3139 1034 3191; x_wconf 89' lang='lat' dir='ltr'><strong>cultu</strong></span> <span class='ocrx_word' id='word_1_362' title='bbox 1054 3138 1290 3206; x_wconf 88' lang='lat' dir='ltr'><strong>dejectos</strong></span> <span class='ocrx_word' id='word_1_363' title='bbox 1319 3139 1637 3193; x_wconf 82' lang='lat' dir='ltr'><strong>fortioribus</strong></span> <span class='ocrx_word' id='word_1_364' title='bbox 1660 3138 1933 3193; x_wconf 88' lang='lat' dir='ltr'><strong>serviisse.</strong></span> <span class='ocrx_word' id='word_1_365' title='bbox 1955 3137 2015 3192; x_wconf 91' lang='lat' dir='ltr'><strong>Si</strong></span> 
     </span>
    </p>
   </div>
   <div class='ocr_carea' id='block_1_51' title="bbox 448 3228 2012 3299">
    <p class='ocr_par' dir='ltr' id='par_1_51' title="bbox 448 3228 2012 3299">
     <span class='ocr_line' id='line_1_51' title="bbox 448 3228 2012 3299; baseline 0 -17"><span class='ocrx_word' id='word_1_366' title='bbox 448 3231 663 3299; x_wconf 88' lang='lat' dir='ltr'><strong>quando</strong></span> <span class='ocrx_word' id='word_1_367' title='bbox 685 3240 908 3298; x_wconf 86' lang='lat' dir='ltr'><strong>propter</strong></span> <span class='ocrx_word' id='word_1_368' title='bbox 924 3245 1020 3282; x_wconf 82' lang='lat' dir='ltr'><strong>sua</strong></span> <span class='ocrx_word' id='word_1_369' title='bbox 1045 3238 1266 3298; x_wconf 89' lang='lat' dir='ltr'><strong>peccata</strong></span> <span class='ocrx_word' id='word_1_370' title='bbox 1294 3229 1393 3282; x_wconf 87' lang='lat' dir='ltr'><strong>visi</strong></span> <span class='ocrx_word' id='word_1_371' title='bbox 1421 3228 1585 3299; x_wconf 79' lang='lat'><strong>516</strong></span> <span class='ocrx_word' id='word_1_372' title='bbox 1599 3238 1726 3283; x_wconf 90' lang='lat' dir='ltr'><strong>sunt</strong></span> <span class='ocrx_word' id='word_1_373' title='bbox 1757 3229 2012 3296; x_wconf 89' lang='lat' dir='ltr'><strong>relinqui,</strong></span> 
     </span>
    </p>
   </div>
   <div class='ocr_carea' id='block_1_52' title="bbox 2190 2049 3696 2123">
    <p class='ocr_par' dir='ltr' id='par_1_52' title="bbox 2190 2049 3696 2123">
     <span class='ocr_line' id='line_1_52' title="bbox 2190 2049 3696 2123; baseline 0.003 -21"><span class='ocrx_word' id='word_1_374' title='bbox 2190 2070 2209 2102; x_wconf 73' lang='grc' dir='ltr'><strong>ι</strong></span> <span class='ocrx_word' id='word_1_375' title='bbox 2238 2050 2347 2102; x_wconf 82' lang='lat' dir='ltr'><strong>Kal</strong></span> <span class='ocrx_word' id='word_1_376' title='bbox 2380 2050 2695 2119; x_wconf 72' lang='grc' dir='ltr'>Χριστιανοὶ</span> <span class='ocrx_word' id='word_1_377' title='bbox 2721 2049 2799 2116; x_wconf 78' lang='grc' dir='ltr'><strong>δὲ,</strong></span> <span class='ocrx_word' id='word_1_378' title='bbox 2825 2051 2967 2103; x_wconf 87' lang='grc' dir='ltr'><strong>κατά</strong></span> <span class='ocrx_word' id='word_1_379' title='bbox 3004 2051 3094 2104; x_wconf 77' lang='grc' dir='ltr'><strong>τὸν</strong></span> <span class='ocrx_word' id='word_1_380' title='bbox 3120 2051 3346 2114; x_wconf 84' lang='grc' dir='ltr'>Κέλσον,</span> <span class='ocrx_word' id='word_1_381' title='bbox 3379 2052 3696 2123; x_wconf 81' lang='grc' dir='ltr'>προστιθέν-</span> 
     </span>
    </p>
   </div>
   <div class='ocr_carea' id='block_1_53' title="bbox 2116 2139 3692 2213">
    <p class='ocr_par' dir='ltr' id='par_1_53' title="bbox 2116 2139 3692 2213">
     <span class='ocr_line' id='line_1_53' title="bbox 2116 2139 3692 2213; baseline -0.001 -16"><span class='ocrx_word' id='word_1_382' title='bbox 2116 2162 2208 2207; x_wconf 87' lang='grc' dir='ltr'><strong>τες</strong></span> <span class='ocrx_word' id='word_1_383' title='bbox 2242 2143 2354 2213; x_wconf 72' lang='grc'>(72)</span> <span class='ocrx_word' id='word_1_384' title='bbox 2381 2143 2533 2204; x_wconf 80' lang='grc' dir='ltr'>τινὰς</span> <span class='ocrx_word' id='word_1_385' title='bbox 2557 2142 2748 2209; x_wconf 86' lang='grc' dir='ltr'>λόγους</span> <span class='ocrx_word' id='word_1_386' title='bbox 2779 2144 2891 2205; x_wconf 90' lang='grc' dir='ltr'>τοῖς</span> <span class='ocrx_word' id='word_1_387' title='bbox 2925 2141 3030 2193; x_wconf 74' lang='grc' dir='ltr'>ὑπὸ</span> <span class='ocrx_word' id='word_1_388' title='bbox 3076 2139 3339 2194; x_wconf 79' lang='grc' dir='ltr'>Ἰουδαίων</span> <span class='ocrx_word' id='word_1_389' title='bbox 3366 2141 3692 2212; x_wconf 84' lang='grc' dir='ltr'>λεγομένοις,</span> 
     </span>
    </p>
   </div>
   <div class='ocr_carea' id='block_1_54' title="bbox 2118 2230 3699 2302">
    <p class='ocr_par' dir='ltr' id='par_1_54' title="bbox 2118 2230 3699 2302">
     <span class='ocr_line' id='line_1_54' title="bbox 2118 2230 3699 2302; baseline -0.002 -16"><span class='ocrx_word' id='word_1_390' title='bbox 2118 2233 2252 2302; x_wconf 72' lang='grc' dir='ltr'>φασὶ</span> <span class='ocrx_word' id='word_1_391' title='bbox 2282 2232 2369 2284; x_wconf 77' lang='grc' dir='ltr'>διὰ</span> <span class='ocrx_word' id='word_1_392' title='bbox 2394 2231 2492 2294; x_wconf 85' lang='grc' dir='ltr'><strong>τὰς</strong></span> <span class='ocrx_word' id='word_1_393' title='bbox 2517 2230 2624 2282; x_wconf 84' lang='grc' dir='ltr'><strong>τῶν</strong></span> <span class='ocrx_word' id='word_1_394' title='bbox 2660 2230 2927 2282; x_wconf 84' lang='grc' dir='ltr'>Ἰουδαίων</span> <span class='ocrx_word' id='word_1_395' title='bbox 2949 2231 3223 2301; x_wconf 87' lang='grc' dir='ltr'>ἁμαρτίας</span> <span class='ocrx_word' id='word_1_396' title='bbox 3258 2231 3356 2301; x_wconf 67' lang='grc' dir='ltr'>ἤδη</span> <span class='ocrx_word' id='word_1_397' title='bbox 3380 2231 3699 2300; x_wconf 72' lang='grc' dir='ltr'>πεπέμφθαι</span> 
     </span>
    </p>
   </div>
   <div class='ocr_carea' id='block_1_55' title="bbox 2114 2318 3693 2387">
    <p class='ocr_par' dir='ltr' id='par_1_55' title="bbox 2114 2318 3693 2387">
     <span class='ocr_line' id='line_1_55' title="bbox 2114 2318 3693 2387; baseline -0.001 -12"><span class='ocrx_word' id='word_1_398' title='bbox 2114 2323 2205 2377; x_wconf 80' lang='grc' dir='ltr'><strong>τὸν</strong></span> <span class='ocrx_word' id='word_1_399' title='bbox 2248 2320 2366 2375; x_wconf 83' lang='grc' dir='ltr'>Υἱὸν</span> <span class='ocrx_word' id='word_1_400' title='bbox 2396 2321 2489 2374; x_wconf 90' lang='grc' dir='ltr'><strong>τοῦ</strong></span> <span class='ocrx_word' id='word_1_401' title='bbox 2524 2318 2659 2374; x_wconf 85' lang='grc' dir='ltr'>Θεοῦ</span> <span class='ocrx_word' id='word_1_402' title='bbox 2698 2320 2792 2373; x_wconf 75' lang='grc' dir='ltr'><strong>καὶ</strong></span> <span class='ocrx_word' id='word_1_403' title='bbox 2833 2320 2914 2372; x_wconf 83' lang='grc' dir='ltr'><strong>ὅτι</strong></span> <span class='ocrx_word' id='word_1_404' title='bbox 2961 2320 3218 2387; x_wconf 86' lang='grc' dir='ltr'>Ἰουδαῖοι,</span> <span class='ocrx_word' id='word_1_405' title='bbox 3245 2321 3573 2385; x_wconf 80' lang='grc' dir='ltr'>κολάσαντες</span> <span class='ocrx_word' id='word_1_406' title='bbox 3606 2322 3693 2374; x_wconf 70' lang='grc' dir='ltr'><strong>τὸν</strong></span> 
     </span>
    </p>
   </div>
   <div class='ocr_carea' id='block_1_56' title="bbox 2129 2410 3692 2483">
    <p class='ocr_par' dir='ltr' id='par_1_56' title="bbox 2129 2410 3692 2483">
     <span class='ocr_line' id='line_1_56' title="bbox 2129 2410 3692 2483; baseline -0.001 -17"><span class='ocrx_word' id='word_1_407' title='bbox 2129 2410 2351 2483; x_wconf 87' lang='grc' dir='ltr'>Ἰησοῦν,</span> <span class='ocrx_word' id='word_1_408' title='bbox 2387 2413 2480 2465; x_wconf 76' lang='grc' dir='ltr'><strong>καὶ</strong></span> <span class='ocrx_word' id='word_1_409' title='bbox 2517 2410 2676 2482; x_wconf 72' lang='grc' dir='ltr'>χολὴν</span> <span class='ocrx_word' id='word_1_410' title='bbox 2719 2411 3057 2476; x_wconf 88' lang='grc' dir='ltr'>ποτίσαντες,</span> <span class='ocrx_word' id='word_1_411' title='bbox 3096 2411 3187 2463; x_wconf 71' lang='grc' dir='ltr'><strong>ἐπὶ</strong></span> <span class='ocrx_word' id='word_1_412' title='bbox 3228 2413 3366 2480; x_wconf 77' lang='grc' dir='ltr'>σφᾶς</span> <span class='ocrx_word' id='word_1_413' title='bbox 3398 2412 3597 2475; x_wconf 81' lang='grc' dir='ltr'>αὐτοὺς</span> <span class='ocrx_word' id='word_1_414' title='bbox 3633 2415 3692 2465; x_wconf 86' lang='grc' dir='ltr'>ὲκ</span> 
     </span>
    </p>
   </div>
   <div class='ocr_carea' id='block_1_57' title="bbox 2116 2502 3691 2574">
    <p class='ocr_par' dir='ltr' id='par_1_57' title="bbox 2116 2502 3691 2574">
     <span class='ocr_line' id='line_1_57' title="bbox 2116 2502 3691 2574; baseline -0.001 -17"><span class='ocrx_word' id='word_1_415' title='bbox 2116 2503 2251 2557; x_wconf 84' lang='grc' dir='ltr'>Θεοῦ</span> <span class='ocrx_word' id='word_1_416' title='bbox 2297 2502 2450 2573; x_wconf 85' lang='grc' dir='ltr'>χόλον</span> <span class='ocrx_word' id='word_1_417' title='bbox 2494 2502 2890 2555; x_wconf 75' lang='grc' dir='ltr'>ἐπεσπάσαντο.</span> <span class='ocrx_word' id='word_1_418' title='bbox 2936 2522 2954 2553; x_wconf 72' lang='grc' dir='ltr'><strong>ι</strong></span> <span class='ocrx_word' id='word_1_419' title='bbox 3013 2502 3312 2573; x_wconf 86' lang='grc' dir='ltr'>Ἐλεγχέτω</span> <span class='ocrx_word' id='word_1_420' title='bbox 3352 2502 3416 2574; x_wconf 79' lang='grc' dir='ltr'>δὴ</span> <span class='ocrx_word' id='word_1_421' title='bbox 3445 2504 3504 2556; x_wconf 80' lang='grc' dir='ltr'>τὸ</span> <span class='ocrx_word' id='word_1_422' title='bbox 3542 2504 3691 2572; x_wconf 86' lang='grc' dir='ltr'>λεγό-</span> 
     </span>
    </p>
   </div>
   <div class='ocr_carea' id='block_1_58' title="bbox 2120 2594 3693 2667">
    <p class='ocr_par' dir='ltr' id='par_1_58' title="bbox 2120 2594 3693 2667">
     <span class='ocr_line' id='line_1_58' title="bbox 2120 2594 3693 2667; baseline 0 -19"><span class='ocrx_word' id='word_1_423' title='bbox 2120 2612 2277 2667; x_wconf 87' lang='grc' dir='ltr'>μενον</span> <span class='ocrx_word' id='word_1_424' title='bbox 2321 2596 2396 2658; x_wconf 82' lang='grc' dir='ltr'>ὡς</span> <span class='ocrx_word' id='word_1_425' title='bbox 2439 2594 2631 2664; x_wconf 81' lang='grc' dir='ltr'>ψεῦδος</span> <span class='ocrx_word' id='word_1_426' title='bbox 2664 2595 2692 2646; x_wconf 86' lang='grc' dir='ltr'><strong>ὁ</strong></span> <span class='ocrx_word' id='word_1_427' title='bbox 2736 2594 3071 2663; x_wconf 84' lang='grc' dir='ltr'>βουλόμενος,</span> <span class='ocrx_word' id='word_1_428' title='bbox 3113 2597 3160 2647; x_wconf 79' lang='grc' dir='ltr'><strong>εί</strong></span> <span class='ocrx_word' id='word_1_429' title='bbox 3196 2595 3270 2665; x_wconf 86' lang='grc' dir='ltr'><strong>μὴ</strong></span> <span class='ocrx_word' id='word_1_430' title='bbox 3310 2596 3608 2649; x_wconf 81' lang='grc' dir='ltr'>ἀνάστατον</span> <span class='ocrx_word' id='word_1_431' title='bbox 3636 2598 3693 2648; x_wconf 78' lang='grc' dir='ltr'>τὸ</span> 
     </span>
    </p>
   </div>
   <div class='ocr_carea' id='block_1_59' title="bbox 2118 2684 3694 2756">
    <p class='ocr_par' dir='ltr' id='par_1_59' title="bbox 2118 2684 3694 2756">
     <span class='ocr_line' id='line_1_59' title="bbox 2118 2684 3694 2756; baseline 0 -16"><span class='ocrx_word' id='word_1_432' title='bbox 2118 2687 2337 2740; x_wconf 84' lang='grc' dir='ltr'>πάντων</span> <span class='ocrx_word' id='word_1_433' title='bbox 2383 2685 2651 2738; x_wconf 85' lang='grc' dir='ltr'>Ἰουδαίων</span> <span class='ocrx_word' id='word_1_434' title='bbox 2684 2684 2835 2748; x_wconf 79' lang='grc' dir='ltr'>ἔθνος</span> <span class='ocrx_word' id='word_1_435' title='bbox 2862 2686 3169 2755; x_wconf 79' lang='grc' dir='ltr'>γεγένηται,</span> <span class='ocrx_word' id='word_1_436' title='bbox 3199 2685 3317 2738; x_wconf 80' lang='grc' dir='ltr'>οὐδὲ</span> <span class='ocrx_word' id='word_1_437' title='bbox 3342 2686 3479 2756; x_wconf 86' lang='grc' dir='ltr'><strong>μετά</strong></span> <span class='ocrx_word' id='word_1_438' title='bbox 3507 2687 3694 2754; x_wconf 81' lang='grc' dir='ltr'>γενεὰν</span> 
     </span>
    </p>
   </div>
   <div class='ocr_carea' id='block_1_60' title="bbox 2118 2775 3691 2849">
    <p class='ocr_par' dir='ltr' id='par_1_60' title="bbox 2118 2775 3691 2849">
     <span class='ocr_line' id='line_1_60' title="bbox 2118 2775 3691 2849; baseline -0.001 -19"><span class='ocrx_word' id='word_1_439' title='bbox 2118 2778 2245 2849; x_wconf 86' lang='grc' dir='ltr'>ὅλην</span> <span class='ocrx_word' id='word_1_440' title='bbox 2276 2777 2405 2847; x_wconf 85' lang='grc' dir='ltr'>μίαν</span> <span class='ocrx_word' id='word_1_441' title='bbox 2442 2775 2535 2829; x_wconf 90' lang='grc' dir='ltr'><strong>τοῦ</strong></span> <span class='ocrx_word' id='word_1_442' title='bbox 2563 2775 2734 2829; x_wconf 83' lang='grc' dir='ltr'>ταῦτα</span> <span class='ocrx_word' id='word_1_443' title='bbox 2767 2776 3089 2829; x_wconf 81' lang='grc' dir='ltr'>πεπονθέναι</span> <span class='ocrx_word' id='word_1_444' title='bbox 3128 2778 3219 2828; x_wconf 81' lang='grc' dir='ltr'>ὑπ’</span> <span class='ocrx_word' id='word_1_445' title='bbox 3248 2776 3425 2829; x_wconf 77' lang='grc' dir='ltr'>αὐτῶν</span> <span class='ocrx_word' id='word_1_446' title='bbox 3458 2777 3547 2829; x_wconf 70' lang='grc' dir='ltr'>τὸν</span> <span class='ocrx_word' id='word_1_447' title='bbox 3591 2779 3691 2848; x_wconf 73' lang='grc' dir='ltr'><strong>’1η⁹</strong></span> 
     </span>
    </p>
   </div>
   <div class='ocr_carea' id='block_1_61' title="bbox 2121 2865 3692 2940">
    <p class='ocr_par' dir='ltr' id='par_1_61' title="bbox 2121 2865 3692 2940">
     <span class='ocr_line' id='line_1_61' title="bbox 2121 2865 3692 2940; baseline 0.001 -19"><span class='ocrx_word' id='word_1_448' title='bbox 2121 2869 2267 2923; x_wconf 89' lang='grc' dir='ltr'>σοῦν.</span> <span class='ocrx_word' id='word_1_449' title='bbox 2302 2870 2721 2939; x_wconf 87' lang='grc' dir='ltr'>Τεσσαράκοντα</span> <span class='ocrx_word' id='word_1_450' title='bbox 2748 2867 2853 2939; x_wconf 91' lang='grc' dir='ltr'><strong>γάρ</strong></span> <span class='ocrx_word' id='word_1_451' title='bbox 2879 2868 2971 2939; x_wconf 77' lang='grc' dir='ltr'>ἐτη</span> <span class='ocrx_word' id='word_1_452' title='bbox 2999 2870 3093 2920; x_wconf 75' lang='grc' dir='ltr'><strong>καὶ</strong></span> <span class='ocrx_word' id='word_1_453' title='bbox 3119 2868 3211 2921; x_wconf 86' lang='grc' dir='ltr'><strong>δύο</strong></span> <span class='ocrx_word' id='word_1_454' title='bbox 3238 2868 3371 2940; x_wconf 81' lang='grc'>(75),</span> <span class='ocrx_word' id='word_1_455' title='bbox 3400 2865 3575 2938; x_wconf 66' lang='grc' dir='ltr'>οἶμαι,</span> <span class='ocrx_word' id='word_1_456' title='bbox 3602 2870 3692 2937; x_wconf 78' lang='grc' dir='ltr'><strong>ἀφ’</strong></span> 
     </span>
    </p>
   </div>
   <div class='ocr_carea' id='block_1_62' title="bbox 2119 2955 3696 3030">
    <p class='ocr_par' dir='ltr' id='par_1_62' title="bbox 2119 2955 3696 3030">
     <span class='ocr_line' id='line_1_62' title="bbox 2119 2955 3696 3030; baseline -0.002 -18"><span class='ocrx_word' id='word_1_457' title='bbox 2119 2955 2179 3015; x_wconf 74' lang='grc' dir='ltr'><strong>οὗ</strong></span> <span class='ocrx_word' id='word_1_458' title='bbox 2206 2958 2559 3030; x_wconf 73' lang='grc' dir='ltr'>ἐσταύρωσαν</span> <span class='ocrx_word' id='word_1_459' title='bbox 2585 2959 2674 3010; x_wconf 81' lang='grc' dir='ltr'>τὸν</span> <span class='ocrx_word' id='word_1_460' title='bbox 2716 2958 2938 3026; x_wconf 88' lang='grc' dir='ltr'>Ἰησοῦν,</span> <span class='ocrx_word' id='word_1_461' title='bbox 2974 2959 3249 3025; x_wconf 86' lang='grc' dir='ltr'>γεγονέναι</span> <span class='ocrx_word' id='word_1_462' title='bbox 3276 2959 3368 3010; x_wconf 78' lang='grc' dir='ltr'><strong>ἐπὶ</strong></span> <span class='ocrx_word' id='word_1_463' title='bbox 3399 2958 3494 3029; x_wconf 71' lang='grc' dir='ltr'><strong>τὴν</strong></span> <span class='ocrx_word' id='word_1_464' title='bbox 3534 2959 3696 3029; x_wconf 83' lang='grc' dir='ltr'>Ἱερο-</span> 
     </span>
    </p>
   </div>
   <div class='ocr_carea' id='block_1_63' title="bbox 2124 3048 3698 3122">
    <p class='ocr_par' dir='ltr' id='par_1_63' title="bbox 2124 3048 3698 3122">
     <span class='ocr_line' id='line_1_63' title="bbox 2124 3048 3698 3122; baseline 0 -20"><span class='ocrx_word' id='word_1_465' title='bbox 2124 3051 2371 3121; x_wconf 88' lang='grc' dir='ltr'>σολύμων</span> <span class='ocrx_word' id='word_1_466' title='bbox 2406 3050 2738 3122; x_wconf 86' lang='grc' dir='ltr'>καθαίρεσιν.</span> <span class='ocrx_word' id='word_1_467' title='bbox 2779 3050 2888 3102; x_wconf 85' lang='lat' dir='ltr'><strong>Kal</strong></span> <span class='ocrx_word' id='word_1_468' title='bbox 2919 3048 3170 3102; x_wconf 78' lang='grc' dir='ltr'>οὐδέποτέ</span> <span class='ocrx_word' id='word_1_469' title='bbox 3208 3067 3269 3117; x_wconf 89' lang='grc' dir='ltr'><strong>γε</strong></span> <span class='ocrx_word' id='word_1_470' title='bbox 3305 3050 3599 3121; x_wconf 77' lang='grc' dir='ltr'>ἱστόρηται,</span> <span class='ocrx_word' id='word_1_471' title='bbox 3640 3051 3698 3116; x_wconf 80' lang='grc' dir='ltr'>ἐξ</span> 
     </span>
    </p>
   </div>
   <div class='ocr_carea' id='block_1_64' title="bbox 2120 3138 3699 3210">
    <p class='ocr_par' dir='ltr' id='par_1_64' title="bbox 2120 3138 3699 3210">
     <span class='ocr_line' id='line_1_64' title="bbox 2120 3138 3699 3210; baseline -0.003 -15"><span class='ocrx_word' id='word_1_472' title='bbox 2120 3138 2181 3196; x_wconf 75' lang='grc' dir='ltr'><strong>οὗ</strong></span> <span class='ocrx_word' id='word_1_473' title='bbox 2223 3141 2466 3194; x_wconf 86' lang='grc' dir='ltr'>Ἰουδαῖοί</span> <span class='ocrx_word' id='word_1_474' title='bbox 2528 3144 2654 3205; x_wconf 75' lang='grc' dir='ltr'>εἰσι,</span> <span class='ocrx_word' id='word_1_475' title='bbox 2687 3141 2935 3194; x_wconf 87' lang='grc' dir='ltr'>τοσοῦτον</span> <span class='ocrx_word' id='word_1_476' title='bbox 2976 3140 3170 3203; x_wconf 78' lang='grc' dir='ltr'>αὐτοὺς</span> <span class='ocrx_word' id='word_1_477' title='bbox 3209 3141 3397 3210; x_wconf 86' lang='grc' dir='ltr'>χρόνον</span> <span class='ocrx_word' id='word_1_478' title='bbox 3439 3140 3699 3209; x_wconf 75' lang='grc' dir='ltr'>ἐκϐεϐλῆ-</span> 
     </span>
    </p>
   </div>
   <div class='ocr_carea' id='block_1_65' title="bbox 2125 3230 3702 3302">
    <p class='ocr_par' dir='ltr' id='par_1_65' title="bbox 2125 3230 3702 3302">
     <span class='ocr_line' id='line_1_65' title="bbox 2125 3230 3702 3302; baseline -0.004 -15"><span class='ocrx_word' id='word_1_479' title='bbox 2125 3233 2247 3287; x_wconf 86' lang='grc' dir='ltr'>σθαι</span> <span class='ocrx_word' id='word_1_480' title='bbox 2278 3232 2377 3302; x_wconf 87' lang='grc' dir='ltr'>τῆς</span> <span class='ocrx_word' id='word_1_481' title='bbox 2420 3232 2622 3302; x_wconf 83' lang='grc' dir='ltr'>σεμνῆς</span> <span class='ocrx_word' id='word_1_482' title='bbox 2660 3231 2937 3300; x_wconf 80' lang='grc' dir='ltr'>ἁγιστείας</span> <span class='ocrx_word' id='word_1_483' title='bbox 2971 3230 3063 3283; x_wconf 74' lang='grc' dir='ltr'><strong>καὶ</strong></span> <span class='ocrx_word' id='word_1_484' title='bbox 3096 3230 3369 3301; x_wconf 86' lang='grc' dir='ltr'>λατρείας,</span> <span class='ocrx_word' id='word_1_485' title='bbox 3405 3231 3702 3301; x_wconf 70' lang='grc' dir='ltr'>κρατηθέν.</span> 
     </span>
    </p>
   </div>
   <div class='ocr_carea' id='block_1_66' title="bbox 446 3318 2019 3391">
    <p class='ocr_par' dir='ltr' id='par_1_66' title="bbox 446 3319 2015 3388">
     <span class='ocr_line' id='line_1_66' title="bbox 446 3319 2015 3388; baseline 0.002 -18"><span class='ocrx_word' id='word_1_486' title='bbox 446 3319 650 3374; x_wconf 76' lang='lat' dir='ltr'><strong>visitati</strong></span> <span class='ocrx_word' id='word_1_487' title='bbox 680 3329 808 3373; x_wconf 90' lang='lat' dir='ltr'><strong>sunt</strong></span> <span class='ocrx_word' id='word_1_488' title='bbox 859 3328 1039 3373; x_wconf 91' lang='lat' dir='ltr'><strong>tamen</strong></span> <span class='ocrx_word' id='word_1_489' title='bbox 1068 3359 1083 3384; x_wconf 91' lang='lat'><strong>,</strong></span> <span class='ocrx_word' id='word_1_490' title='bbox 1113 3329 1170 3373; x_wconf 91' lang='lat' dir='ltr'><strong>et</strong></span> <span class='ocrx_word' id='word_1_491' title='bbox 1208 3320 1275 3373; x_wconf 89' lang='lat' dir='ltr'><strong>ad</strong></span> <span class='ocrx_word' id='word_1_492' title='bbox 1314 3320 1534 3388; x_wconf 90' lang='lat' dir='ltr'><strong>propria</strong></span> <span class='ocrx_word' id='word_1_493' title='bbox 1565 3320 1767 3373; x_wconf 81' lang='lat' dir='ltr'><strong>reversi</strong></span> <span class='ocrx_word' id='word_1_494' title='bbox 1798 3321 2015 3373; x_wconf 88' lang='lat' dir='ltr'><strong>nemine</strong></span> 
     </span>
    </p>
   </div>
   <div class='ocr_carea' id='block_1_67' title="bbox 2125 3318 3700 3391">
    <p class='ocr_par' dir='ltr' id='par_1_67' title="bbox 2125 3318 3700 3389">
     <span class='ocr_line' id='line_1_67' title="bbox 2125 3318 3700 3389; baseline 0.001 -18"><span class='ocrx_word' id='word_1_495' title='bbox 2125 3336 2220 3382; x_wconf 90' lang='grc' dir='ltr'><strong>τας</strong></span> <span class='ocrx_word' id='word_1_496' title='bbox 2263 3318 2368 3370; x_wconf 72' lang='grc' dir='ltr'>ὑπὸ</span> <span class='ocrx_word' id='word_1_497' title='bbox 2407 3318 2825 3389; x_wconf 86' lang='grc' dir='ltr'>δυνατωτέρων·</span> <span class='ocrx_word' id='word_1_498' title='bbox 2869 3318 2982 3370; x_wconf 77' lang='grc' dir='ltr'>ἀλλ’</span> <span class='ocrx_word' id='word_1_499' title='bbox 3021 3321 3068 3371; x_wconf 84' lang='grc' dir='ltr'><strong>εί</strong></span> <span class='ocrx_word' id='word_1_500' title='bbox 3114 3320 3206 3371; x_wconf 85' lang='grc' dir='ltr'><strong>καί</strong></span> <span class='ocrx_word' id='word_1_501' title='bbox 3247 3336 3376 3370; x_wconf 88' lang='grc' dir='ltr'>ποτε</span> <span class='ocrx_word' id='word_1_502' title='bbox 3409 3319 3596 3384; x_wconf 80' lang='grc' dir='ltr'>ἔδοξαν</span> <span class='ocrx_word' id='word_1_503' title='bbox 3632 3320 3700 3372; x_wconf 82' lang='grc' dir='ltr'>δι’</span> 
     </span>
    </p>
   </div>
   <div class='ocr_carea' id='block_1_68' title="bbox 446 3407 2016 3480">
    <p class='ocr_par' dir='ltr' id='par_1_68' title="bbox 446 3407 2016 3480">
     <span class='ocr_line' id='line_1_68' title="bbox 446 3407 2016 3480; baseline 0 -17"><span class='ocrx_word' id='word_1_504' title='bbox 446 3411 775 3480; x_wconf 89' lang='lat' dir='ltr'><strong>prohibente</strong></span> <span class='ocrx_word' id='word_1_505' title='bbox 825 3413 938 3464; x_wconf 89' lang='lat' dir='ltr'><strong>suis</strong></span> <span class='ocrx_word' id='word_1_506' title='bbox 978 3411 1151 3464; x_wconf 88' lang='lat' dir='ltr'><strong>sacris</strong></span> <span class='ocrx_word' id='word_1_507' title='bbox 1196 3410 1401 3477; x_wconf 88' lang='lat' dir='ltr'><strong>operati</strong></span> <span class='ocrx_word' id='word_1_508' title='bbox 1452 3416 1597 3462; x_wconf 91' lang='lat' dir='ltr'><strong>sunt.</strong></span> <span class='ocrx_word' id='word_1_509' title='bbox 1639 3407 1716 3461; x_wconf 83' lang='lat' dir='ltr'><strong>Ex</strong></span> <span class='ocrx_word' id='word_1_510' title='bbox 1764 3408 2016 3463; x_wconf 90' lang='lat' dir='ltr'><strong>omnibus</strong></span> 
     </span>
    </p>
   </div>
   <div class='ocr_carea' id='block_1_69' title="bbox 448 3500 2016 3571">
    <p class='ocr_par' dir='ltr' id='par_1_69' title="bbox 448 3500 2016 3571">
     <span class='ocr_line' id='line_1_69' title="bbox 448 3500 2016 3571; baseline -0.002 -17"><span class='ocrx_word' id='word_1_511' title='bbox 448 3500 613 3569; x_wconf 81' lang='lat' dir='ltr'><strong>igitur</strong></span> <span class='ocrx_word' id='word_1_512' title='bbox 654 3500 988 3571; x_wconf 84' lang='lat' dir='ltr'><strong>argumentis</strong></span> <span class='ocrx_word' id='word_1_513' title='bbox 1010 3542 1025 3567; x_wconf 90' lang='lat'><strong>,</strong></span> <span class='ocrx_word' id='word_1_514' title='bbox 1059 3515 1179 3569; x_wconf 63' lang='lat' dir='ltr'><strong>quae</strong></span> <span class='ocrx_word' id='word_1_515' title='bbox 1223 3500 1469 3555; x_wconf 86' lang='lat' dir='ltr'><strong>divinum</strong></span> <span class='ocrx_word' id='word_1_516' title='bbox 1527 3501 1653 3568; x_wconf 90' lang='lat' dir='ltr'><strong>quid</strong></span> <span class='ocrx_word' id='word_1_517' title='bbox 1686 3500 1739 3553; x_wconf 92' lang='lat' dir='ltr'><strong>in</strong></span> <span class='ocrx_word' id='word_1_518' title='bbox 1768 3500 1895 3555; x_wconf 87' lang='lat' dir='ltr'><strong>Jesu</strong></span> <span class='ocrx_word' id='word_1_519' title='bbox 1927 3514 2016 3553; x_wconf 86' lang='lat' dir='ltr'><strong>sa-</strong></span> 
     </span>
    </p>
   </div>
   <div class='ocr_carea' id='block_1_70' title="bbox 446 3592 2013 3661">
    <p class='ocr_par' dir='ltr' id='par_1_70' title="bbox 446 3592 2013 3661">
     <span class='ocr_line' id='line_1_70' title="bbox 446 3592 2013 3661; baseline -0.001 -16"><span class='ocrx_word' id='word_1_520' title='bbox 446 3606 707 3661; x_wconf 90' lang='lat' dir='ltr'><strong>crumque</strong></span> <span class='ocrx_word' id='word_1_521' title='bbox 744 3592 911 3646; x_wconf 77' lang='lat' dir='ltr'><strong>fuisse</strong></span> <span class='ocrx_word' id='word_1_522' title='bbox 962 3594 1340 3648; x_wconf 90' lang='lat' dir='ltr'><strong>demonstrant</strong></span> <span class='ocrx_word' id='word_1_523' title='bbox 1368 3633 1383 3656; x_wconf 93' lang='lat'><strong>,</strong></span> <span class='ocrx_word' id='word_1_524' title='bbox 1432 3609 1597 3647; x_wconf 90' lang='lat' dir='ltr'><strong>unum</strong></span> <span class='ocrx_word' id='word_1_525' title='bbox 1636 3600 1799 3646; x_wconf 89' lang='lat' dir='ltr'><strong>estet</strong></span> <span class='ocrx_word' id='word_1_526' title='bbox 1832 3593 1973 3646; x_wconf 89' lang='lat' dir='ltr'><strong>istud</strong></span> <span class='ocrx_word' id='word_1_527' title='bbox 1998 3632 2013 3657; x_wconf 89' lang='lat'><strong>,</strong></span> 
     </span>
    </p>
   </div>
   <div class='ocr_carea' id='block_1_71' title="bbox 445 3680 2019 3750">
    <p class='ocr_par' dir='ltr' id='par_1_71' title="bbox 445 3680 2019 3750">
     <span class='ocr_line' id='line_1_71' title="bbox 445 3680 2019 3750; baseline -0.001 -14"><span class='ocrx_word' id='word_1_528' title='bbox 445 3680 661 3736; x_wconf 72' lang='lat' dir='ltr'><strong>Judazos</strong></span> <span class='ocrx_word' id='word_1_529' title='bbox 683 3690 904 3750; x_wconf 87' lang='lat' dir='ltr'><strong>propter</strong></span> <span class='ocrx_word' id='word_1_530' title='bbox 940 3680 1088 3735; x_wconf 92' lang='lat' dir='ltr'><strong>illum</strong></span> <span class='ocrx_word' id='word_1_531' title='bbox 1121 3681 1174 3734; x_wconf 92' lang='lat' dir='ltr'><strong>in</strong></span> <span class='ocrx_word' id='word_1_532' title='bbox 1211 3690 1288 3735; x_wconf 92' lang='lat' dir='ltr'><strong>tot</strong></span> <span class='ocrx_word' id='word_1_533' title='bbox 1310 3695 1377 3735; x_wconf 90' lang='lat' dir='ltr'><strong>ac</strong></span> <span class='ocrx_word' id='word_1_534' title='bbox 1417 3683 1581 3735; x_wconf 86' lang='lat' dir='ltr'><strong>tantis</strong></span> <span class='ocrx_word' id='word_1_535' title='bbox 1615 3680 2019 3735; x_wconf 88' lang='lat' dir='ltr'><strong>calamitatibus</strong></span> 
     </span>
    </p>
   </div>
   <div class='ocr_carea' id='block_1_72' title="bbox 449 3769 2017 3837">
    <p class='ocr_par' dir='ltr' id='par_1_72' title="bbox 449 3769 2017 3837">
     <span class='ocr_line' id='line_1_72' title="bbox 449 3769 2017 3837; baseline -0.002 -14"><span class='ocrx_word' id='word_1_536' title='bbox 449 3772 653 3824; x_wconf 89' lang='lat' dir='ltr'><strong>tamdiu</strong></span> <span class='ocrx_word' id='word_1_537' title='bbox 680 3780 932 3825; x_wconf 87' lang='lat' dir='ltr'><strong>versatos</strong></span> <span class='ocrx_word' id='word_1_538' title='bbox 981 3771 1172 3825; x_wconf 79' lang='lat' dir='ltr'><strong>fuisse.</strong></span> <span class='ocrx_word' id='word_1_539' title='bbox 1203 3770 1512 3837; x_wconf 84' lang='lat' dir='ltr'><strong>Quinetiam</strong></span> <span class='ocrx_word' id='word_1_540' title='bbox 1548 3769 1779 3823; x_wconf 73' lang='lat' dir='ltr'><strong>fidenter</strong></span> <span class='ocrx_word' id='word_1_541' title='bbox 1812 3769 2017 3822; x_wconf 76' lang='lat' dir='ltr'><strong>dixeri-</strong></span> 
     </span>
    </p>
   </div>
   <div class='ocr_carea' id='block_1_73' title="bbox 449 3858 2016 3929">
    <p class='ocr_par' dir='ltr' id='par_1_73' title="bbox 449 3858 2016 3929">
     <span class='ocr_line' id='line_1_73' title="bbox 449 3858 2016 3929; baseline -0.001 -17"><span class='ocrx_word' id='word_1_542' title='bbox 449 3875 573 3913; x_wconf 74' lang='lat' dir='ltr'><strong>mus</strong></span> <span class='ocrx_word' id='word_1_543' title='bbox 601 3875 707 3913; x_wconf 88' lang='lat' dir='ltr'><strong>non</strong></span> <span class='ocrx_word' id='word_1_544' title='bbox 736 3860 851 3914; x_wconf 78' lang='lat' dir='ltr'><strong>fare</strong></span> <span class='ocrx_word' id='word_1_545' title='bbox 877 3868 937 3913; x_wconf 90' lang='lat' dir='ltr'><strong>ut</strong></span> <span class='ocrx_word' id='word_1_546' title='bbox 965 3861 1018 3914; x_wconf 93' lang='lat' dir='ltr'><strong>in</strong></span> <span class='ocrx_word' id='word_1_547' title='bbox 1045 3862 1333 3929; x_wconf 87' lang='lat' dir='ltr'><strong>pristinum</strong></span> <span class='ocrx_word' id='word_1_548' title='bbox 1368 3870 1570 3914; x_wconf 89' lang='lat' dir='ltr'><strong>statmn</strong></span> <span class='ocrx_word' id='word_1_549' title='bbox 1600 3860 1842 3915; x_wconf 86' lang='lat' dir='ltr'><strong>redeant.</strong></span> <span class='ocrx_word' id='word_1_550' title='bbox 1880 3858 2016 3912; x_wconf 90' lang='lat' dir='ltr'><strong>Sce-</strong></span> 
     </span>
    </p>
   </div>
   <div class='ocr_carea' id='block_1_74' title="bbox 450 3947 2019 4005">
    <p class='ocr_par' dir='ltr' id='par_1_74' title="bbox 450 3947 2019 4005">
     <span class='ocr_line' id='line_1_74' title="bbox 450 3947 2019 4005; baseline -0.002 -2"><span class='ocrx_word' id='word_1_551' title='bbox 450 3947 534 4004; x_wconf 89' lang='lat' dir='ltr'><strong>lus</strong></span> <span class='ocrx_word' id='word_1_552' title='bbox 584 3951 729 4004; x_wconf 88' lang='lat' dir='ltr'><strong>enim</strong></span> <span class='ocrx_word' id='word_1_553' title='bbox 777 3951 1017 4004; x_wconf 90' lang='lat' dir='ltr'><strong>omnium</strong></span> <span class='ocrx_word' id='word_1_554' title='bbox 1076 3952 1472 4005; x_wconf 83' lang='lat' dir='ltr'><strong>atrocissimum</strong></span> <span class='ocrx_word' id='word_1_555' title='bbox 1520 3950 1622 4003; x_wconf 79' lang='lat' dir='ltr'><strong>fuit</strong></span> <span class='ocrx_word' id='word_1_556' title='bbox 1676 3948 2019 4003; x_wconf 77' lang='lat' dir='ltr'><strong>Salvatorem</strong></span> 
     </span>
    </p>
   </div>
   <div class='ocr_carea' id='block_1_75' title="bbox 522 4106 1731 4175">
    <p class='ocr_par' dir='ltr' id='par_1_75' title="bbox 522 4106 1731 4175">
     <span class='ocr_line' id='line_1_75' title="bbox 522 4106 1731 4175; baseline -0.002 -17"><span class='ocrx_word' id='word_1_557' title='bbox 522 4106 634 4175; x_wconf 80' lang='grc'>(71)</span> <span class='ocrx_word' id='word_1_558' title='bbox 669 4106 973 4174; x_wconf 87' lang='lat' dir='ltr'><strong>Spencerus</strong></span> <span class='ocrx_word' id='word_1_559' title='bbox 1003 4107 1055 4159; x_wconf 90' lang='lat' dir='ltr'><strong>in</strong></span> <span class='ocrx_word' id='word_1_560' title='bbox 1093 4115 1267 4167; x_wconf 72' lang='lat' dir='ltr'><strong>textu,</strong></span> <span class='ocrx_word' id='word_1_561' title='bbox 1298 4108 1731 4160; x_wconf 82' lang='grc' dir='ltr'>ἀποδείκνυνται.</span> 
     </span>
    </p>
   </div>
   <div class='ocr_carea' id='block_1_76' title="bbox 522 4173 2025 4249">
    <p class='ocr_par' dir='ltr' id='par_1_76' title="bbox 522 4173 2025 4249">
     <span class='ocr_line' id='line_1_76' title="bbox 522 4173 2025 4249; baseline -0.001 -23"><span class='ocrx_word' id='word_1_562' title='bbox 522 4173 863 4249; x_wconf 62' lang='lat' dir='ltr'><strong>(72}Codex</strong></span> <span class='ocrx_word' id='word_1_563' title='bbox 911 4178 1107 4246; x_wconf 84' lang='lat' dir='ltr'><strong>Regius</strong></span> <span class='ocrx_word' id='word_1_564' title='bbox 1164 4186 1328 4241; x_wconf 86' lang='lat' dir='ltr'><strong>recte,</strong></span> <span class='ocrx_word' id='word_1_565' title='bbox 1379 4176 1779 4249; x_wconf 87' lang='grc' dir='ltr'>προστιθέντες.</span> <span class='ocrx_word' id='word_1_566' title='bbox 1856 4173 2025 4237; x_wconf 81' lang='lat' dir='ltr'><strong>Alias,</strong></span> 
     </span>
    </p>
   </div>
   <div class='ocr_carea' id='block_1_77' title="bbox 451 4245 812 4317">
    <p class='ocr_par' dir='ltr' id='par_1_77' title="bbox 451 4245 812 4317">
     <span class='ocr_line' id='line_1_77' title="bbox 451 4245 812 4317; baseline -0.014 -16"><span class='ocrx_word' id='word_1_567' title='bbox 451 4245 812 4317; x_wconf 78' lang='grc' dir='ltr'>προτιθέντες.</span> 
     </span>
    </p>
   </div>
   <div class='ocr_carea' id='block_1_78' title="bbox 524 4312 2024 4385">
    <p class='ocr_par' dir='ltr' id='par_1_78' title="bbox 524 4312 2024 4385">
     <span class='ocr_line' id='line_1_78' title="bbox 524 4312 2024 4385; baseline -0.001 -19"><span class='ocrx_word' id='word_1_568' title='bbox 524 4315 633 4383; x_wconf 73' lang='grc'>(75)</span> <span class='ocrx_word' id='word_1_569' title='bbox 687 4315 1142 4382; x_wconf 76' lang='grc' dir='ltr'>Τεσσαράκοντα</span> <span class='ocrx_word' id='word_1_570' title='bbox 1199 4318 1305 4385; x_wconf 76' lang='grc' dir='ltr'>γὰρ</span> <span class='ocrx_word' id='word_1_571' title='bbox 1352 4316 1455 4383; x_wconf 74' lang='grc' dir='ltr'>ἐτη</span> <span class='ocrx_word' id='word_1_572' title='bbox 1512 4314 1609 4368; x_wconf 76' lang='grc' dir='ltr'>καὶ</span> <span class='ocrx_word' id='word_1_573' title='bbox 1661 4312 1798 4385; x_wconf 32' lang='grc' dir='ltr'>δύο.-</span> <span class='ocrx_word' id='word_1_574' title='bbox 1856 4312 2024 4385; x_wconf 72' lang='lat' dir='ltr'><strong>(IIem.</strong></span> 
     </span>
    </p>
   </div>
   <div class='ocr_carea' id='block_1_79' title="bbox 450 4381 2028 4458">
    <p class='ocr_par' dir='ltr' id='par_1_79' title="bbox 450 4381 2028 4458">
     <span class='ocr_line' id='line_1_79' title="bbox 450 4381 2028 4458; baseline -0.003 -21"><span class='ocrx_word' id='word_1_575' title='bbox 450 4381 694 4458; x_wconf 53' lang='grc' dir='ltr'>δρψ.)</span> <span class='ocrx_word' id='word_1_576' title='bbox 734 4399 749 4438; x_wconf 89' lang='lat'><strong>:</strong></span> <span class='ocrx_word' id='word_1_577' title='bbox 789 4381 942 4458; x_wconf 71' lang='grc' dir='ltr'>Οῦτω</span> <span class='ocrx_word' id='word_1_578' title='bbox 970 4381 1305 4458; x_wconf 67' lang='grc' dir='ltr'>πληροῦνται</span> <span class='ocrx_word' id='word_1_579' title='bbox 1333 4386 1400 4458; x_wconf 78' lang='grc' dir='ltr'><strong>τά</strong></span> <span class='ocrx_word' id='word_1_580' title='bbox 1438 4381 1727 4458; x_wconf 76' lang='grc' dir='ltr'>τριάκοντα</span> <span class='ocrx_word' id='word_1_581' title='bbox 1775 4382 1890 4453; x_wconf 76' lang='grc' dir='ltr'>ἔτη,</span> <span class='ocrx_word' id='word_1_582' title='bbox 1924 4381 2028 4458; x_wconf 76' lang='grc' dir='ltr'><strong>ἕως</strong></span> 
     </span>
    </p>
   </div>
   <div class='ocr_carea' id='block_1_80' title="bbox 446 4449 2028 4523">
    <p class='ocr_par' dir='ltr' id='par_1_80' title="bbox 446 4449 2028 4523">
     <span class='ocr_line' id='line_1_80' title="bbox 446 4449 2028 4523; baseline -0.001 -16"><span class='ocrx_word' id='word_1_583' title='bbox 446 4449 511 4523; x_wconf 73' lang='grc' dir='ltr'><strong>οὗ</strong></span> <span class='ocrx_word' id='word_1_584' title='bbox 562 4452 757 4523; x_wconf 80' lang='grc' dir='ltr'>ἔπαθεν</span> <span class='ocrx_word' id='word_1_585' title='bbox 780 4470 795 4483; x_wconf 77' lang='grc' dir='ltr'><strong><em>ο</em></strong></span> <span class='ocrx_word' id='word_1_586' title='bbox 824 4455 915 4523; x_wconf 82' lang='grc' dir='ltr'><strong>ἀφ’</strong></span> <span class='ocrx_word' id='word_1_587' title='bbox 941 4451 1001 4509; x_wconf 76' lang='grc' dir='ltr'>οὗ</span> <span class='ocrx_word' id='word_1_588' title='bbox 1046 4449 1103 4508; x_wconf 75' lang='grc' dir='ltr'><em>δέ</em></span> <span class='ocrx_word' id='word_1_589' title='bbox 1147 4455 1348 4509; x_wconf 79' lang='grc' dir='ltr'>ἔπαθεν</span> <span class='ocrx_word' id='word_1_590' title='bbox 1377 4449 1488 4518; x_wconf 70' lang='grc' dir='ltr'><strong>ἕως</strong></span> <span class='ocrx_word' id='word_1_591' title='bbox 1511 4456 1609 4523; x_wconf 84' lang='grc' dir='ltr'>τῆς</span> <span class='ocrx_word' id='word_1_592' title='bbox 1650 4449 2028 4523; x_wconf 79' lang='grc' dir='ltr'>καταστροφῆς</span> 
     </span>
    </p>
   </div>
   <div class='ocr_carea' id='block_1_81' title="bbox 461 4521 2025 4595">
    <p class='ocr_par' dir='ltr' id='par_1_81' title="bbox 461 4521 2025 4595">
     <span class='ocr_line' id='line_1_81' title="bbox 461 4521 2025 4595; baseline -0.001 -22"><span class='ocrx_word' id='word_1_593' title='bbox 461 4521 819 4595; x_wconf 73' lang='grc' dir='ltr'>Ἰερουσαλὴμ</span> <span class='ocrx_word' id='word_1_594' title='bbox 845 4521 1081 4591; x_wconf 84' lang='grc' dir='ltr'>γίνονται</span> <span class='ocrx_word' id='word_1_595' title='bbox 1124 4525 1217 4593; x_wconf 77' lang='grc' dir='ltr'>ἔτη</span> <span class='ocrx_word' id='word_1_596' title='bbox 1254 4525 1361 4594; x_wconf 63' lang='grc' dir='ltr'><strong>μθ,</strong></span> <span class='ocrx_word' id='word_1_597' title='bbox 1419 4521 1583 4595; x_wconf 77' lang='grc' dir='ltr'>μῆνες</span> <span class='ocrx_word' id='word_1_598' title='bbox 1616 4532 1683 4592; x_wconf 82' lang='grc' dir='ltr'>γ’.</span> <span class='ocrx_word' id='word_1_599' title='bbox 1752 4542 1769 4573; x_wconf 78' lang='grc' dir='ltr'><strong>ι</strong></span> <span class='ocrx_word' id='word_1_600' title='bbox 1798 4521 1887 4575; x_wconf 68' lang='lat' dir='ltr'><strong>su:</strong></span> <span class='ocrx_word' id='word_1_601' title='bbox 1924 4524 2025 4573; x_wconf 88' lang='lat' dir='ltr'><strong>im-</strong></span> 
     </span>
    </p>
   </div>
   <div class='ocr_carea' id='block_1_82' title="bbox 452 4590 2026 4662">
    <p class='ocr_par' dir='ltr' id='par_1_82' title="bbox 452 4590 2026 4662">
     <span class='ocr_line' id='line_1_82' title="bbox 452 4590 2026 4662; baseline 0.003 -22"><span class='ocrx_word' id='word_1_602' title='bbox 452 4590 666 4662; x_wconf 82' lang='lat' dir='ltr'><strong>plentur</strong></span> <span class='ocrx_word' id='word_1_603' title='bbox 699 4590 919 4657; x_wconf 66' lang='lat' dir='ltr'><strong>triginta</strong></span> <span class='ocrx_word' id='word_1_604' title='bbox 972 4595 1095 4646; x_wconf 90' lang='lat' dir='ltr'><strong>attni</strong></span> <span class='ocrx_word' id='word_1_605' title='bbox 1132 4590 1299 4661; x_wconf 80' lang='lat' dir='ltr'><strong>usque</strong></span> <span class='ocrx_word' id='word_1_606' title='bbox 1332 4596 1396 4647; x_wconf 89' lang='lat' dir='ltr'><strong>ad</strong></span> <span class='ocrx_word' id='word_1_607' title='bbox 1419 4590 1431 4595; x_wconf 73' lang='grc'><em>’</em></span> <span class='ocrx_word' id='word_1_608' title='bbox 1454 4590 1661 4660; x_wconf 84' lang='lat' dir='ltr'><strong>tetnpus</strong></span> <span class='ocrx_word' id='word_1_609' title='bbox 1690 4608 1797 4662; x_wconf 82' lang='lat' dir='ltr'><strong>quo</strong></span> <span class='ocrx_word' id='word_1_610' title='bbox 1839 4606 2026 4659; x_wconf 81' lang='lat' dir='ltr'><strong>passus</strong></span> 
     </span>
    </p>
   </div>
   <div class='ocr_carea' id='block_1_83' title="bbox 452 4660 2099 4749">
    <p class='ocr_par' dir='ltr' id='par_1_83' title="bbox 452 4660 2099 4749">
     <span class='ocr_line' id='line_1_83' title="bbox 452 4660 2099 4749; baseline -0.001 -37"><span class='ocrx_word' id='word_1_611' title='bbox 452 4668 558 4712; x_wconf 74' lang='lat' dir='ltr'><strong>t-st.</strong></span> <span class='ocrx_word' id='word_1_612' title='bbox 611 4660 687 4749; x_wconf 63' lang='grc' dir='ltr'>ξσίχ</span> <span class='ocrx_word' id='word_1_613' title='bbox 719 4675 825 4749; x_wconf 70' lang='lat' dir='ltr'><strong>quo</strong></span> <span class='ocrx_word' id='word_1_614' title='bbox 855 4670 1036 4749; x_wconf 64' lang='lat' dir='ltr'><strong>autent</strong></span> <span class='ocrx_word' id='word_1_615' title='bbox 1076 4660 1267 4743; x_wconf 74' lang='lat' dir='ltr'><strong>passus</strong></span> <span class='ocrx_word' id='word_1_616' title='bbox 1316 4672 1439 4749; x_wconf 64' lang='grc' dir='ltr'><strong>ρει,¹</strong></span> <span class='ocrx_word' id='word_1_617' title='bbox 1473 4679 1641 4741; x_wconf 82' lang='lat' dir='ltr'><strong>usque</strong></span> <span class='ocrx_word' id='word_1_618' title='bbox 1673 4660 1736 4749; x_wconf 71' lang='lat' dir='ltr'><strong>ad</strong></span> <span class='ocrx_word' id='word_1_619' title='bbox 1787 4663 2024 4713; x_wconf 83' lang='lat' dir='ltr'><strong>eversio-</strong></span> <span class='ocrx_word' id='word_1_620' title='bbox 2056 4696 2099 4749; x_wconf 70' lang='grc' dir='ltr'><strong>ι)</strong></span> 
     </span>
    </p>
   </div>
   <div class='ocr_carea' id='block_1_84' title="bbox 453 4727 2023 4799">
    <p class='ocr_par' dir='ltr' id='par_1_84' title="bbox 453 4727 2023 4799">
     <span class='ocr_line' id='line_1_84' title="bbox 453 4727 2023 4799; baseline 0.001 -21"><span class='ocrx_word' id='word_1_621' title='bbox 453 4742 576 4779; x_wconf 87' lang='lat' dir='ltr'><strong>nem</strong></span> <span class='ocrx_word' id='word_1_622' title='bbox 603 4727 925 4799; x_wconf 84' lang='lat' dir='ltr'><strong>Jerusalem,</strong></span> <span class='ocrx_word' id='word_1_623' title='bbox 966 4727 1099 4783; x_wconf 84' lang='lat' dir='ltr'><strong>ﬁunt</strong></span> <span class='ocrx_word' id='word_1_624' title='bbox 1130 4734 1253 4784; x_wconf 89' lang='lat' dir='ltr'><strong>antti</strong></span> <span class='ocrx_word' id='word_1_625' title='bbox 1298 4727 1654 4799; x_wconf 75' lang='lat' dir='ltr'><strong>quadraginta</strong></span> <span class='ocrx_word' id='word_1_626' title='bbox 1702 4735 1825 4793; x_wconf 86' lang='lat' dir='ltr'><strong>duo,</strong></span> <span class='ocrx_word' id='word_1_627' title='bbox 1870 4746 2023 4799; x_wconf 87' lang='lat' dir='ltr'><strong>men-</strong></span> 
     </span>
    </p>
   </div>
   <div class='ocr_carea' id='block_1_85' title="bbox 454 4797 2022 4870">
    <p class='ocr_par' dir='ltr' id='par_1_85' title="bbox 454 4797 2022 4870">
     <span class='ocr_line' id='line_1_85' title="bbox 454 4797 2022 4870; baseline 0.001 -22"><span class='ocrx_word' id='word_1_628' title='bbox 454 4810 556 4870; x_wconf 55' lang='lat' dir='ltr'><strong>ars</strong></span> <span class='ocrx_word' id='word_1_629' title='bbox 578 4805 705 4870; x_wconf 79' lang='lat' dir='ltr'><strong>tres.</strong></span> <span class='ocrx_word' id='word_1_630' title='bbox 764 4798 863 4870; x_wconf 62' lang='lat' dir='ltr'><strong>Qui</strong></span> <span class='ocrx_word' id='word_1_631' title='bbox 915 4800 1063 4870; x_wconf 82' lang='lat' dir='ltr'><strong>locus</strong></span> <span class='ocrx_word' id='word_1_632' title='bbox 1109 4797 1403 4855; x_wconf 85' lang='lat' dir='ltr'><strong>Clementis</strong></span> <span class='ocrx_word' id='word_1_633' title='bbox 1453 4800 1651 4870; x_wconf 86' lang='lat' dir='ltr'><strong>(inquit</strong></span> <span class='ocrx_word' id='word_1_634' title='bbox 1681 4797 2022 4870; x_wconf 78' lang='lat' dir='ltr'><strong>Scaliger_in</strong></span> 
     </span>
    </p>
   </div>
   <div class='ocr_carea' id='block_1_86' title="bbox 455 4863 2023 4939">
    <p class='ocr_par' dir='ltr' id='par_1_86' title="bbox 455 4863 2023 4939">
     <span class='ocr_line' id='line_1_86' title="bbox 455 4863 2023 4939; baseline 0.001 -25"><span class='ocrx_word' id='word_1_635' title='bbox 455 4863 960 4939; x_wconf 64' lang='lat' dir='ltr'><strong>Aui_ntadv._Eusgb.</strong></span> <span class='ocrx_word' id='word_1_636' title='bbox 994 4870 1293 4939; x_wconf 15' lang='lat' dir='ltr'><strong>adiannum</strong></span> <span class='ocrx_word' id='word_1_637' title='bbox 1331 4863 1629 4939; x_wconf 60' lang='grc' dir='ltr'>ωιωὶχχνι)</span> <span class='ocrx_word' id='word_1_638' title='bbox 1664 4884 1765 4939; x_wconf 78' lang='lat' dir='ltr'><strong>non</strong></span> <span class='ocrx_word' id='word_1_639' title='bbox 1794 4863 1882 4918; x_wconf 80' lang='lat' dir='ltr'><strong>uni</strong></span> <span class='ocrx_word' id='word_1_640' title='bbox 1916 4867 2023 4939; x_wconf 80' lang='lat' dir='ltr'><strong>Eu-</strong></span> 
     </span>
    </p>
   </div>
   <div class='ocr_carea' id='block_1_87' title="bbox 455 4933 2023 5006">
    <p class='ocr_par' dir='ltr' id='par_1_87' title="bbox 455 4933 2023 5006">
     <span class='ocr_line' id='line_1_87' title="bbox 455 4933 2023 5006; baseline 0.001 -22"><span class='ocrx_word' id='word_1_641' title='bbox 455 4934 628 4997; x_wconf 87' lang='lat' dir='ltr'><strong>sehio,</strong></span> <span class='ocrx_word' id='word_1_642' title='bbox 659 4935 750 4986; x_wconf 89' lang='lat' dir='ltr'><strong>sed</strong></span> <span class='ocrx_word' id='word_1_643' title='bbox 794 4946 849 4986; x_wconf 78' lang='lat' dir='ltr'><strong>et</strong></span> <span class='ocrx_word' id='word_1_644' title='bbox 874 4933 1090 5006; x_wconf 89' lang='lat' dir='ltr'><strong>Origeni</strong></span> <span class='ocrx_word' id='word_1_645' title='bbox 1143 4939 1433 5005; x_wconf 85' lang='lat' dir='ltr'><strong>imposuit;</strong></span> <span class='ocrx_word' id='word_1_646' title='bbox 1493 4933 1644 5006; x_wconf 80' lang='lat' dir='ltr'><strong>cujus</strong></span> <span class='ocrx_word' id='word_1_647' title='bbox 1701 4937 1827 5006; x_wconf 76' lang='lat' dir='ltr'><strong>haec</strong></span> <span class='ocrx_word' id='word_1_648' title='bbox 1862 4934 2023 4987; x_wconf 73' lang='lat' dir='ltr'><strong>verba</strong></span> 
     </span>
    </p>
   </div>
   <div class='ocr_carea' id='block_1_88' title="bbox 454 5005 2022 5077">
    <p class='ocr_par' dir='ltr' id='par_1_88' title="bbox 454 5005 2022 5077">
     <span class='ocr_line' id='line_1_88' title="bbox 454 5005 2022 5077; baseline 0.001 -22"><span class='ocrx_word' id='word_1_649' title='bbox 454 5011 603 5069; x_wconf 80' lang='lat' dir='ltr'><strong>sunt,</strong></span> <span class='ocrx_word' id='word_1_650' title='bbox 642 5018 725 5077; x_wconf 65' lang='lat' dir='ltr'><strong>et:</strong></span> <span class='ocrx_word' id='word_1_651' title='bbox 771 5016 965 5077; x_wconf 80' lang='lat' dir='ltr'><strong>quarto</strong></span> <span class='ocrx_word' id='word_1_652' title='bbox 1014 5005 1150 5059; x_wconf 85' lang='lat' dir='ltr'><strong>libro</strong></span> <span class='ocrx_word' id='word_1_653' title='bbox 1187 5008 1243 5077; x_wconf 73' lang='lat' dir='ltr'><strong>in</strong></span> <span class='ocrx_word' id='word_1_654' title='bbox 1294 5006 1537 5060; x_wconf 81' lang='lat' dir='ltr'><strong>Celsum:</strong></span> <span class='ocrx_word' id='word_1_655' title='bbox 1587 5005 2022 5077; x_wconf 84' lang='grc' dir='ltr'>Τεσσαράκοντα,</span> 
     </span>
    </p>
   </div>
   <div class='ocr_carea' id='block_1_89' title="bbox 453 5072 2023 5143">
    <p class='ocr_par' dir='ltr' id='par_1_89' title="bbox 453 5072 2023 5143">
     <span class='ocr_line' id='line_1_89' title="bbox 453 5072 2023 5143; baseline 0 -20"><span class='ocrx_word' id='word_1_656' title='bbox 453 5082 562 5143; x_wconf 73' lang='lat' dir='ltr'><strong>etc.</strong></span> <span class='ocrx_word' id='word_1_657' title='bbox 626 5072 1038 5143; x_wconf 11' lang='lat' dir='ltr'><strong>Alitergrecitat</strong></span> <span class='ocrx_word' id='word_1_658' title='bbox 1078 5090 1141 5127; x_wconf 84' lang='lat' dir='ltr'><strong>ex</strong></span> <span class='ocrx_word' id='word_1_659' title='bbox 1193 5075 1489 5143; x_wconf 83' lang='lat' dir='ltr'><strong>Phlegonte</strong></span> <span class='ocrx_word' id='word_1_660' title='bbox 1537 5072 1795 5142; x_wconf 74' lang='lat' dir='ltr'><strong>(tractatu</strong></span> <span class='ocrx_word' id='word_1_661' title='bbox 1846 5076 1914 5128; x_wconf 66' lang='lat'><strong>‘29</strong></span> <span class='ocrx_word' id='word_1_662' title='bbox 1973 5076 2023 5124; x_wconf 90' lang='lat' dir='ltr'><strong>in</strong></span> 
     </span>
    </p>
   </div>
   <div class='ocr_carea' id='block_1_90' title="bbox 457 5141 2025 5213">
    <p class='ocr_par' dir='ltr' id='par_1_90' title="bbox 457 5141 2025 5213">
     <span class='ocr_line' id='line_1_90' title="bbox 457 5141 2025 5213; baseline -0.001 -17"><span class='ocrx_word' id='word_1_663' title='bbox 457 5142 628 5196; x_wconf 76' lang='lat' dir='ltr'><strong>Matth</strong></span> <span class='ocrx_word' id='word_1_664' title='bbox 656 5141 675 5213; x_wconf 86' lang='lat'>)</span> <span class='ocrx_word' id='word_1_665' title='bbox 714 5158 743 5213; x_wconf 15' lang='grc' dir='ltr'>ιν</span> <span class='ocrx_word' id='word_1_666' title='bbox 774 5141 828 5195; x_wconf 91' lang='lat' dir='ltr'><strong>Si</strong></span> <span class='ocrx_word' id='word_1_667' title='bbox 856 5151 1031 5195; x_wconf 87' lang='lat' dir='ltr'><strong>autem</strong></span> <span class='ocrx_word' id='word_1_668' title='bbox 1061 5157 1271 5211; x_wconf 89' lang='lat' dir='ltr'><strong>oportet</strong></span> <span class='ocrx_word' id='word_1_669' title='bbox 1299 5141 1352 5197; x_wconf 76' lang='lat' dir='ltr'><strong>et</strong></span> <span class='ocrx_word' id='word_1_670' title='bbox 1376 5146 1441 5197; x_wconf 86' lang='lat' dir='ltr'><strong>de</strong></span> <span class='ocrx_word' id='word_1_671' title='bbox 1468 5146 1799 5212; x_wconf 72' lang='lat' dir='ltr'><strong>temporibus</strong></span> <span class='ocrx_word' id='word_1_672' title='bbox 1822 5142 2025 5212; x_wconf 88' lang='lat' dir='ltr'><strong>aliquid</strong></span> 
     </span>
    </p>
   </div>
   <div class='ocr_carea' id='block_1_91' title="bbox 454 5212 2026 5284">
    <p class='ocr_par' dir='ltr' id='par_1_91' title="bbox 454 5212 2026 5284">
     <span class='ocr_line' id='line_1_91' title="bbox 454 5212 2026 5284; baseline -0.001 -19"><span class='ocrx_word' id='word_1_673' title='bbox 454 5212 663 5284; x_wconf 85' lang='lat' dir='ltr'><strong>dicere,</strong></span> <span class='ocrx_word' id='word_1_674' title='bbox 698 5212 950 5274; x_wconf 87' lang='lat' dir='ltr'><strong>dicimus,</strong></span> <span class='ocrx_word' id='word_1_675' title='bbox 1005 5214 1258 5281; x_wconf 88' lang='lat' dir='ltr'><strong>quoniam</strong></span> <span class='ocrx_word' id='word_1_676' title='bbox 1305 5213 1357 5266; x_wconf 90' lang='lat' dir='ltr'><strong>in</strong></span> <span class='ocrx_word' id='word_1_677' title='bbox 1391 5213 1659 5267; x_wconf 81' lang='lat' dir='ltr'><strong>Chronicis</strong></span> <span class='ocrx_word' id='word_1_678' title='bbox 1706 5213 2026 5284; x_wconf 83' lang='lat' dir='ltr'><strong>Pltlegnntis</strong></span> 
     </span>
    </p>
   </div>
   <div class='ocr_carea' id='block_1_92' title="bbox 452 5282 2026 5353">
    <p class='ocr_par' dir='ltr' id='par_1_92' title="bbox 452 5282 2026 5353">
     <span class='ocr_line' id='line_1_92' title="bbox 452 5282 2026 5353; baseline 0.003 -23"><span class='ocrx_word' id='word_1_679' title='bbox 452 5282 735 5353; x_wconf 75' lang='lat' dir='ltr'><strong>cuiusdam</strong></span> <span class='ocrx_word' id='word_1_680' title='bbox 768 5283 969 5335; x_wconf 77' lang='lat' dir='ltr'><strong>dicitur</strong></span> <span class='ocrx_word' id='word_1_681' title='bbox 1014 5284 1079 5348; x_wconf 90' lang='lat' dir='ltr'><strong>(si</strong></span> <span class='ocrx_word' id='word_1_682' title='bbox 1119 5294 1293 5336; x_wconf 76' lang='lat' dir='ltr'><strong>tamen</strong></span> <span class='ocrx_word' id='word_1_683' title='bbox 1324 5286 1581 5338; x_wconf 84' lang='lat' dir='ltr'><strong>debemus</strong></span> <span class='ocrx_word' id='word_1_684' title='bbox 1615 5292 1668 5337; x_wconf 84' lang='lat' dir='ltr'><strong>et</strong></span> <span class='ocrx_word' id='word_1_685' title='bbox 1696 5282 2026 5353; x_wconf 35' lang='lat' dir='ltr'><strong>hune&#39;quasi</strong></span> 
     </span>
    </p>
   </div>
   <div class='ocr_carea' id='block_1_93' title="bbox 452 5352 2026 5423">
    <p class='ocr_par' dir='ltr' id='par_1_93' title="bbox 452 5352 2026 5423">
     <span class='ocr_line' id='line_1_93' title="bbox 452 5352 2026 5423; baseline 0.002 -20"><span class='ocrx_word' id='word_1_686' title='bbox 452 5363 587 5423; x_wconf 5' lang='lat' dir='ltr'><strong>vera,</strong></span> <span class='ocrx_word' id='word_1_687' title='bbox 610 5352 879 5423; x_wconf 88' lang='lat' dir='ltr'><strong>dicentem</strong></span> <span class='ocrx_word' id='word_1_688' title='bbox 913 5354 977 5405; x_wconf 88' lang='lat' dir='ltr'><strong>de</strong></span> <span class='ocrx_word' id='word_1_689' title='bbox 1012 5353 1208 5421; x_wconf 89' lang='lat' dir='ltr'><strong>templo</strong></span> <span class='ocrx_word' id='word_1_690' title='bbox 1246 5352 1565 5421; x_wconf 72' lang='lat' dir='ltr'><strong>suscipere),</strong></span> <span class='ocrx_word' id='word_1_691' title='bbox 1601 5355 1850 5423; x_wconf 89' lang='lat' dir='ltr'><strong>quoniam</strong></span> <span class='ocrx_word' id='word_1_692' title='bbox 1882 5352 2026 5409; x_wconf 78' lang='lat' dir='ltr'><strong>circa</strong></span> 
     </span>
    </p>
   </div>
   <div class='ocr_carea' id='block_1_94' title="bbox 452 5422 2030 5489">
    <p class='ocr_par' dir='ltr' id='par_1_94' title="bbox 452 5422 2030 5489">
     <span class='ocr_line' id='line_1_94' title="bbox 452 5422 2030 5489; baseline 0.003 -19"><span class='ocrx_word' id='word_1_693' title='bbox 452 5422 927 5489; x_wconf 82' lang='lat' dir='ltr'><strong>quadragesimum</strong></span> <span class='ocrx_word' id='word_1_694' title='bbox 968 5439 1166 5475; x_wconf 90' lang='lat' dir='ltr'><strong>annum</strong></span> <span class='ocrx_word' id='word_1_695' title='bbox 1206 5439 1232 5473; x_wconf 91' lang='lat' dir='ltr'><strong>a</strong></span> <span class='ocrx_word' id='word_1_696' title='bbox 1283 5425 1472 5489; x_wconf 88' lang='lat' dir='ltr'><strong>quinto</strong></span> <span class='ocrx_word' id='word_1_697' title='bbox 1505 5422 1713 5477; x_wconf 80' lang='lat' dir='ltr'><strong>decimo</strong></span> <span class='ocrx_word' id='word_1_698' title='bbox 1764 5440 1908 5477; x_wconf 89' lang='lat' dir='ltr'><strong>anno</strong></span> <span class='ocrx_word' id='word_1_699' title='bbox 1939 5424 2030 5476; x_wconf 39' lang='lat' dir='ltr'><strong>Ti:</strong></span> 
     </span>
    </p>
   </div>
   <div class='ocr_carea' id='block_1_95' title="bbox 453 5488 2027 5557">
    <p class='ocr_par' dir='ltr' id='par_1_95' title="bbox 453 5488 2027 5557">
     <span class='ocr_line' id='line_1_95' title="bbox 453 5488 2027 5557; baseline 0.004 -19"><span class='ocrx_word' id='word_1_700' title='bbox 453 5488 611 5557; x_wconf 63' lang='lat' dir='ltr'><strong>luet-ii</strong></span> <span class='ocrx_word' id='word_1_701' title='bbox 643 5491 878 5544; x_wconf 83' lang='lat' dir='ltr'><strong>Caesaris</strong></span> <span class='ocrx_word' id='word_1_702' title='bbox 930 5490 1070 5546; x_wconf 81' lang='lat' dir='ltr'><strong>facta</strong></span> <span class='ocrx_word' id='word_1_703' title='bbox 1121 5504 1204 5545; x_wconf 89' lang='lat' dir='ltr'><strong>est</strong></span> <span class='ocrx_word' id='word_1_704' title='bbox 1254 5488 1547 5547; x_wconf 80' lang='lat' dir='ltr'><strong>destructio</strong></span> <span class='ocrx_word' id='word_1_705' title='bbox 1597 5494 1920 5557; x_wconf 74' lang='lat' dir='ltr'><strong>Jerusalem,</strong></span> <span class='ocrx_word' id='word_1_706' title='bbox 1974 5501 2027 5546; x_wconf 86' lang='lat' dir='ltr'><strong>et</strong></span> 
     </span>
    </p>
   </div>
   <div class='ocr_carea' id='block_1_96' title="bbox 455 5556 2027 5631">
    <p class='ocr_par' dir='ltr' id='par_1_96' title="bbox 455 5556 2027 5631">
     <span class='ocr_line' id='line_1_96' title="bbox 455 5556 2027 5631; baseline 0.004 -25"><span class='ocrx_word' id='word_1_707' title='bbox 455 5556 863 5631; x_wconf 55' lang='lat' dir='ltr'><strong>tetupli_.___tpt®</strong></span> <span class='ocrx_word' id='word_1_708' title='bbox 922 5560 1024 5631; x_wconf 83' lang='lat' dir='ltr'><strong>fuit</strong></span> <span class='ocrx_word' id='word_1_709' title='bbox 1076 5562 1124 5613; x_wconf 92' lang='lat' dir='ltr'><strong>iu</strong></span> <span class='ocrx_word' id='word_1_710' title='bbox 1183 5578 1266 5614; x_wconf 87' lang='lat' dir='ltr'><strong>ea.</strong></span> <span class='ocrx_word' id='word_1_711' title='bbox 1326 5562 1485 5617; x_wconf 86' lang='lat' dir='ltr'><strong>Certe</strong></span> <span class='ocrx_word' id='word_1_712' title='bbox 1532 5580 1559 5615; x_wconf 93' lang='lat' dir='ltr'><strong>a</strong></span> <span class='ocrx_word' id='word_1_713' title='bbox 1605 5565 1812 5617; x_wconf 63' lang='lat' dir='ltr'><strong>decimo</strong></span> <span class='ocrx_word' id='word_1_714' title='bbox 1840 5556 2027 5631; x_wconf 87' lang='lat' dir='ltr'><strong>quinto</strong></span> 
     </span>
    </p>
   </div>
   <div class='ocr_carea' id='block_1_97' title="bbox 454 5624 2025 5700">
    <p class='ocr_par' dir='ltr' id='par_1_97' title="bbox 454 5624 2025 5700">
     <span class='ocr_line' id='line_1_97' title="bbox 454 5624 2025 5700; baseline 0.006 -26"><span class='ocrx_word' id='word_1_715' title='bbox 454 5638 599 5700; x_wconf 77' lang='lat' dir='ltr'><strong>anno</strong></span> <span class='ocrx_word' id='word_1_716' title='bbox 632 5624 835 5700; x_wconf 72' lang='lat' dir='ltr'><strong>Tiberii</strong></span> <span class='ocrx_word' id='word_1_717' title='bbox 882 5630 948 5681; x_wconf 87' lang='lat' dir='ltr'><strong>ad</strong></span> <span class='ocrx_word' id='word_1_718' title='bbox 995 5631 1266 5685; x_wconf 71' lang='lat' dir='ltr'><strong>excidium</strong></span> <span class='ocrx_word' id='word_1_719' title='bbox 1321 5632 1501 5700; x_wconf 88' lang='lat' dir='ltr'><strong>templi</strong></span> <span class='ocrx_word' id='word_1_720' title='bbox 1549 5644 1671 5686; x_wconf 88' lang='lat' dir='ltr'><strong>sunt</strong></span> <span class='ocrx_word' id='word_1_721' title='bbox 1706 5635 1829 5688; x_wconf 90' lang='lat' dir='ltr'><strong>anni</strong></span> <span class='ocrx_word' id='word_1_722' title='bbox 1859 5624 2025 5687; x_wconf 59' lang='lat' dir='ltr'><strong>&#39;solidi</strong></span> 
     </span>
    </p>
   </div>
   <div class='ocr_carea' id='block_1_98' title="bbox 455 5693 2027 5774">
    <p class='ocr_par' dir='ltr' id='par_1_98' title="bbox 455 5693 2027 5774">
     <span class='ocr_line' id='line_1_98' title="bbox 455 5693 2027 5774; baseline 0.01 -34"><span class='ocrx_word' id='word_1_723' title='bbox 455 5693 812 5760; x_wconf 70' lang='lat' dir='ltr'><strong>quadraginta</strong></span> <span class='ocrx_word' id='word_1_724' title='bbox 840 5705 895 5750; x_wconf 89' lang='lat' dir='ltr'><strong>et</strong></span> <span class='ocrx_word' id='word_1_725' title='bbox 929 5712 1065 5753; x_wconf 90' lang='lat' dir='ltr'><strong>unus</strong></span> <span class='ocrx_word' id='word_1_726' title='bbox 1099 5716 1219 5755; x_wconf 87' lang='lat' dir='ltr'><strong>cum</strong></span> <span class='ocrx_word' id='word_1_727' title='bbox 1252 5693 1455 5771; x_wconf 68' lang='lat' dir='ltr'><strong>aliquot</strong></span> <span class='ocrx_word' id='word_1_728' title='bbox 1500 5704 1721 5772; x_wconf 82' lang='lat' dir='ltr'><strong>diebus;</strong></span> <span class='ocrx_word' id='word_1_729' title='bbox 1755 5720 1860 5758; x_wconf 91' lang='lat' dir='ltr'><strong>non</strong></span> <span class='ocrx_word' id='word_1_730' title='bbox 1895 5718 2027 5774; x_wconf 84' lang='lat' dir='ltr'><strong>qua-</strong></span> 
     </span>
    </p>
   </div>
   <div class='ocr_carea' id='block_1_99' title="bbox 2126 3406 3700 3482">
    <p class='ocr_par' dir='ltr' id='par_1_99' title="bbox 2126 3406 3700 3482">
     <span class='ocr_line' id='line_1_99' title="bbox 2126 3406 3700 3482; baseline 0.001 -21"><span class='ocrx_word' id='word_1_731' title='bbox 2126 3409 2401 3479; x_wconf 85' lang='grc' dir='ltr'>ἀμαρτίας</span> <span class='ocrx_word' id='word_1_732' title='bbox 2422 3410 2864 3473; x_wconf 83' lang='grc' dir='ltr'>καταλείπεσθαι,</span> <span class='ocrx_word' id='word_1_733' title='bbox 2883 3410 3032 3462; x_wconf 77' lang='grc' dir='ltr'>οὐδὲν</span> <span class='ocrx_word' id='word_1_734' title='bbox 3051 3406 3211 3481; x_wconf 76' lang='grc' dir='ltr'>ἦττον</span> <span class='ocrx_word' id='word_1_735' title='bbox 3225 3411 3700 3482; x_wconf 73' lang='grc' dir='ltr'>ὲπεσκοπήθησαν,</span> 
     </span>
    </p>
   </div>
   <div class='ocr_carea' id='block_1_100' title="bbox 2124 3500 3703 3571">
    <p class='ocr_par' dir='ltr' id='par_1_100' title="bbox 2124 3500 3703 3571">
     <span class='ocr_line' id='line_1_100' title="bbox 2124 3500 3703 3571; baseline 0.002 -20"><span class='ocrx_word' id='word_1_736' title='bbox 2124 3500 2217 3552; x_wconf 73' lang='grc' dir='ltr'><strong>καὶ</strong></span> <span class='ocrx_word' id='word_1_737' title='bbox 2267 3500 2651 3563; x_wconf 75' lang='grc' dir='ltr'>ἐπανελθόντες</span> <span class='ocrx_word' id='word_1_738' title='bbox 2703 3500 2769 3553; x_wconf 81' lang='grc' dir='ltr'>τὰ</span> <span class='ocrx_word' id='word_1_739' title='bbox 2821 3500 2924 3552; x_wconf 80' lang='grc' dir='ltr'>ίδια</span> <span class='ocrx_word' id='word_1_740' title='bbox 2976 3501 3363 3571; x_wconf 81' lang='grc' dir='ltr'>ἀπειλήφασιν,</span> <span class='ocrx_word' id='word_1_741' title='bbox 3409 3502 3703 3565; x_wconf 79' lang='grc' dir='ltr'>ἀκωλύτως</span> 
     </span>
    </p>
   </div>
   <div class='ocr_carea' id='block_1_101' title="bbox 2124 3588 3701 3665">
    <p class='ocr_par' dir='ltr' id='par_1_101' title="bbox 2124 3588 3701 3665">
     <span class='ocr_line' id='line_1_101' title="bbox 2124 3588 3701 3665; baseline 0.003 -23"><span class='ocrx_word' id='word_1_742' title='bbox 2124 3589 2401 3653; x_wconf 85' lang='grc' dir='ltr'>ποιοῦντες</span> <span class='ocrx_word' id='word_1_743' title='bbox 2436 3590 2503 3643; x_wconf 85' lang='grc' dir='ltr'><strong>τά</strong></span> <span class='ocrx_word' id='word_1_744' title='bbox 2533 3591 2911 3660; x_wconf 86' lang='grc' dir='ltr'>νενομισμένα.</span> <span class='ocrx_word' id='word_1_745' title='bbox 2951 3591 3044 3643; x_wconf 88' lang='grc' dir='ltr'>Ἒν</span> <span class='ocrx_word' id='word_1_746' title='bbox 3071 3588 3161 3644; x_wconf 75' lang='grc' dir='ltr'><strong>οὖν</strong></span> <span class='ocrx_word' id='word_1_747' title='bbox 3187 3591 3296 3645; x_wconf 77' lang='grc' dir='ltr'>τῶν</span> <span class='ocrx_word' id='word_1_748' title='bbox 3324 3595 3701 3665; x_wconf 79' lang='grc' dir='ltr'>παριστάντων</span> 
     </span>
    </p>
   </div>
   <div class='ocr_carea' id='block_1_102' title="bbox 2125 3680 3701 3753">
    <p class='ocr_par' dir='ltr' id='par_1_102' title="bbox 2125 3680 3701 3753">
     <span class='ocr_line' id='line_1_102' title="bbox 2125 3680 3701 3753; baseline 0.001 -20"><span class='ocrx_word' id='word_1_749' title='bbox 2125 3680 2267 3733; x_wconf 86' lang='grc' dir='ltr'>θεῖόν</span> <span class='ocrx_word' id='word_1_750' title='bbox 2301 3697 2353 3733; x_wconf 89' lang='grc' dir='ltr'><strong>τι</strong></span> <span class='ocrx_word' id='word_1_751' title='bbox 2393 3681 2486 3732; x_wconf 77' lang='grc' dir='ltr'><strong>καὶ</strong></span> <span class='ocrx_word' id='word_1_752' title='bbox 2530 3681 2672 3751; x_wconf 84' lang='grc' dir='ltr'>ἱερὸν</span> <span class='ocrx_word' id='word_1_753' title='bbox 2699 3680 2887 3750; x_wconf 80' lang='grc' dir='ltr'>χρῆμα</span> <span class='ocrx_word' id='word_1_754' title='bbox 2910 3681 3187 3748; x_wconf 78' lang='grc' dir='ltr'>γεγονέναι</span> <span class='ocrx_word' id='word_1_755' title='bbox 3222 3682 3310 3734; x_wconf 78' lang='grc' dir='ltr'><strong>τὸν</strong></span> <span class='ocrx_word' id='word_1_756' title='bbox 3353 3682 3559 3753; x_wconf 77' lang='grc' dir='ltr'>Ἰησοῦν</span> <span class='ocrx_word' id='word_1_757' title='bbox 3587 3685 3701 3735; x_wconf 80' lang='grc' dir='ltr'>ἐστι</span> 
     </span>
    </p>
   </div>
   <div class='ocr_carea' id='block_1_103' title="bbox 2126 3771 3701 3843">
    <p class='ocr_par' dir='ltr' id='par_1_103' title="bbox 2126 3771 3701 3843">
     <span class='ocr_line' id='line_1_103' title="bbox 2126 3771 3701 3843; baseline -0.001 -19"><span class='ocrx_word' id='word_1_758' title='bbox 2126 3772 2222 3824; x_wconf 69' lang='grc' dir='ltr'><strong>καὶ</strong></span> <span class='ocrx_word' id='word_1_759' title='bbox 2244 3772 2304 3824; x_wconf 83' lang='grc' dir='ltr'><strong>τὸ</strong></span> <span class='ocrx_word' id='word_1_760' title='bbox 2343 3771 2612 3833; x_wconf 88' lang='grc' dir='ltr'>Ἰουδαίοις</span> <span class='ocrx_word' id='word_1_761' title='bbox 2634 3772 2719 3823; x_wconf 81' lang='grc' dir='ltr'>ἐπ’</span> <span class='ocrx_word' id='word_1_762' title='bbox 2744 3771 2890 3841; x_wconf 83' lang='grc' dir='ltr'>αύτῷ</span> <span class='ocrx_word' id='word_1_763' title='bbox 2914 3771 3144 3824; x_wconf 82' lang='grc' dir='ltr'>τοσαῦτα</span> <span class='ocrx_word' id='word_1_764' title='bbox 3168 3774 3261 3824; x_wconf 64' lang='grc' dir='ltr'><strong>καὶ</strong></span> <span class='ocrx_word' id='word_1_765' title='bbox 3283 3774 3502 3826; x_wconf 85' lang='grc' dir='ltr'>τοιαῦτα</span> <span class='ocrx_word' id='word_1_766' title='bbox 3526 3774 3701 3843; x_wconf 82' lang='grc' dir='ltr'>πολλῷ</span> 
     </span>
    </p>
   </div>
   <div class='ocr_carea' id='block_1_104' title="bbox 2126 3862 3699 3938">
    <p class='ocr_par' dir='ltr' id='par_1_104' title="bbox 2126 3862 3699 3938">
     <span class='ocr_line' id='line_1_104' title="bbox 2126 3862 3699 3938; baseline 0.003 -22"><span class='ocrx_word' id='word_1_767' title='bbox 2126 3863 2227 3934; x_wconf 74' lang='grc' dir='ltr'>ἤδη</span> <span class='ocrx_word' id='word_1_768' title='bbox 2266 3862 2670 3932; x_wconf 77' lang='grc' dir='ltr'>συμϐεϐηκέναι</span> <span class='ocrx_word' id='word_1_769' title='bbox 2720 3862 2913 3933; x_wconf 78' lang='grc' dir='ltr'>χρόνῳ.</span> <span class='ocrx_word' id='word_1_770' title='bbox 2965 3864 3337 3935; x_wconf 76' lang='grc' dir='ltr'>Θαρρῤοῦντες</span> <span class='ocrx_word' id='word_1_771' title='bbox 3369 3867 3412 3919; x_wconf 81' lang='grc' dir='ltr'>δ’</span> <span class='ocrx_word' id='word_1_772' title='bbox 3446 3868 3699 3938; x_wconf 74' lang='grc' dir='ltr'>ἐροῦοιεν,</span> 
     </span>
    </p>
   </div>
   <div class='ocr_carea' id='block_1_105' title="bbox 2127 3954 3699 4029">
    <p class='ocr_par' dir='ltr' id='par_1_105' title="bbox 2127 3954 3699 4029">
     <span class='ocr_line' id='line_1_105' title="bbox 2127 3954 3699 4029; baseline 0.001 -20"><span class='ocrx_word' id='word_1_773' title='bbox 2127 3956 2209 4009; x_wconf 86' lang='grc' dir='ltr'>ὅτι</span> <span class='ocrx_word' id='word_1_774' title='bbox 2243 3955 2351 4008; x_wconf 84' lang='grc' dir='ltr'>οὐδ’</span> <span class='ocrx_word' id='word_1_775' title='bbox 2378 3954 2985 4026; x_wconf 84' lang='grc' dir='ltr'>ἀποκατασταθήσονται</span> <span class='ocrx_word' id='word_1_776' title='bbox 3022 3955 3154 4025; x_wconf 66' lang='grc'>(74).</span> <span class='ocrx_word' id='word_1_777' title='bbox 3184 3957 3347 4025; x_wconf 76' lang='grc' dir='ltr'>Ἀγος</span> <span class='ocrx_word' id='word_1_778' title='bbox 3386 3957 3495 4029; x_wconf 88' lang='grc' dir='ltr'><strong>γάρ</strong></span> <span class='ocrx_word' id='word_1_779' title='bbox 3532 3959 3699 4029; x_wconf 79' lang='grc' dir='ltr'>ἔπρα-</span> 
     </span>
    </p>
   </div>
   <div class='ocr_carea' id='block_1_106' title="bbox 2128 4106 3701 4178">
    <p class='ocr_par' dir='ltr' id='par_1_106' title="bbox 2128 4106 3701 4178">
     <span class='ocr_line' id='line_1_106' title="bbox 2128 4106 3701 4178; baseline 0.002 -19"><span class='ocrx_word' id='word_1_780' title='bbox 2128 4107 2400 4178; x_wconf 81' lang='lat' dir='ltr'><strong>draginta,</strong></span> <span class='ocrx_word' id='word_1_781' title='bbox 2437 4118 2494 4159; x_wconf 84' lang='grc' dir='ltr'><strong>ιιι</strong></span> <span class='ocrx_word' id='word_1_782' title='bbox 2520 4106 2795 4178; x_wconf 68' lang='lat' dir='ltr'><strong>Phlegon;</strong></span> <span class='ocrx_word' id='word_1_783' title='bbox 2849 4106 3021 4175; x_wconf 84' lang='lat' dir='ltr'><strong>neque</strong></span> <span class='ocrx_word' id='word_1_784' title='bbox 3058 4111 3415 4178; x_wconf 85' lang='lat' dir='ltr'><strong>quadraginta</strong></span> <span class='ocrx_word' id='word_1_785' title='bbox 3466 4110 3594 4173; x_wconf 83' lang='lat' dir='ltr'><strong>duo,</strong></span> <span class='ocrx_word' id='word_1_786' title='bbox 3645 4120 3701 4162; x_wconf 90' lang='lat' dir='ltr'><strong>nt</strong></span> 
     </span>
    </p>
   </div>
   <div class='ocr_carea' id='block_1_107' title="bbox 2128 4175 3699 4245">
    <p class='ocr_par' dir='ltr' id='par_1_107' title="bbox 2128 4175 3699 4245">
     <span class='ocr_line' id='line_1_107' title="bbox 2128 4175 3699 4245; baseline 0.001 -16"><span class='ocrx_word' id='word_1_787' title='bbox 2128 4176 2399 4230; x_wconf 82' lang='lat' dir='ltr'><strong>Clemens.</strong></span> <span class='ocrx_word' id='word_1_788' title='bbox 2430 4194 2449 4226; x_wconf 73' lang='grc' dir='ltr'><strong>ι</strong></span> <span class='ocrx_word' id='word_1_789' title='bbox 2506 4178 2642 4230; x_wconf 82' lang='lat' dir='ltr'><strong>Vide</strong></span> <span class='ocrx_word' id='word_1_790' title='bbox 2673 4175 3006 4245; x_wconf 71' lang='lat' dir='ltr'><strong>Scaligerunt</strong></span> <span class='ocrx_word' id='word_1_791' title='bbox 3054 4175 3293 4242; x_wconf 49' lang='lat' dir='ltr'><strong>ibidem;</strong></span> <span class='ocrx_word' id='word_1_792' title='bbox 3316 4188 3370 4231; x_wconf 87' lang='lat' dir='ltr'><strong>et</strong></span> <span class='ocrx_word' id='word_1_793' title='bbox 3400 4179 3699 4239; x_wconf 82' lang='lat' dir='ltr'><strong>Petavinm.</strong></span> 
     </span>
    </p>
   </div>
   <div class='ocr_carea' id='block_1_108' title="bbox 2130 4245 3629 4312">
    <p class='ocr_par' dir='ltr' id='par_1_108' title="bbox 2130 4245 3629 4312">
     <span class='ocr_line' id='line_1_108' title="bbox 2130 4245 3629 4312; baseline 0.002 -15"><span class='ocrx_word' id='word_1_794' title='bbox 2130 4245 2222 4298; x_wconf 88' lang='lat' dir='ltr'><strong>Iih.</strong></span> <span class='ocrx_word' id='word_1_795' title='bbox 2253 4262 2334 4311; x_wconf 72' lang='grc' dir='ltr'>ιι,</span> <span class='ocrx_word' id='word_1_796' title='bbox 2366 4261 2486 4311; x_wconf 89' lang='lat' dir='ltr'><strong>cap.</strong></span> <span class='ocrx_word' id='word_1_797' title='bbox 2515 4247 2602 4306; x_wconf 80' lang='grc'><strong>17,</strong></span> <span class='ocrx_word' id='word_1_798' title='bbox 2635 4246 2709 4299; x_wconf 84' lang='lat' dir='ltr'><strong>De</strong></span> <span class='ocrx_word' id='word_1_799' title='bbox 2739 4246 2980 4299; x_wconf 86' lang='lat' dir='ltr'><strong>doctrina</strong></span> <span class='ocrx_word' id='word_1_800' title='bbox 3012 4256 3318 4312; x_wconf 85' lang='lat' dir='ltr'><strong>temporum.</strong></span> <span class='ocrx_word' id='word_1_801' title='bbox 3364 4248 3629 4302; x_wconf 77' lang='lat' dir='ltr'><strong>SPENCER.</strong></span> 
     </span>
    </p>
   </div>
   <div class='ocr_carea' id='block_1_109' title="bbox 2199 4313 3700 4387">
    <p class='ocr_par' dir='ltr' id='par_1_109' title="bbox 2199 4313 3700 4387">
     <span class='ocr_line' id='line_1_109' title="bbox 2199 4313 3700 4387; baseline 0.001 -20"><span class='ocrx_word' id='word_1_802' title='bbox 2199 4314 2310 4387; x_wconf 60' lang='grc'>(74)</span> <span class='ocrx_word' id='word_1_803' title='bbox 2352 4313 2487 4387; x_wconf 53' lang='grc' dir='ltr'><strong>Οὐδ’</strong></span> <span class='ocrx_word' id='word_1_804' title='bbox 2516 4314 3219 4387; x_wconf 57' lang='grc' dir='ltr'>ἀποκατασταθήσογται,</span> <span class='ocrx_word' id='word_1_805' title='bbox 3252 4327 3356 4370; x_wconf 88' lang='lat' dir='ltr'><strong>elc.</strong></span> <span class='ocrx_word' id='word_1_806' title='bbox 3415 4318 3700 4387; x_wconf 85' lang='lat' dir='ltr'><strong>Origenem</strong></span> 
     </span>
    </p>
   </div>
   <div class='ocr_carea' id='block_1_110' title="bbox 2128 4383 3697 4454">
    <p class='ocr_par' dir='ltr' id='par_1_110' title="bbox 2128 4383 3697 4454">
     <span class='ocr_line' id='line_1_110' title="bbox 2128 4383 3697 4454; baseline 0 -17"><span class='ocrx_word' id='word_1_807' title='bbox 2128 4383 2373 4453; x_wconf 81' lang='lat' dir='ltr'><strong>sequitur</strong></span> <span class='ocrx_word' id='word_1_808' title='bbox 2411 4383 2851 4454; x_wconf 80' lang='lat' dir='ltr'><strong>Chrysostoutus,</strong></span> <span class='ocrx_word' id='word_1_809' title='bbox 2902 4397 3042 4437; x_wconf 88' lang='lat' dir='ltr'><strong>orat.</strong></span> <span class='ocrx_word' id='word_1_810' title='bbox 3070 4386 3122 4447; x_wconf 85' lang='lat'><strong>5,</strong></span> <span class='ocrx_word' id='word_1_811' title='bbox 3170 4387 3428 4439; x_wconf 75' lang='lat' dir='ltr'><strong>Adversus</strong></span> <span class='ocrx_word' id='word_1_812' title='bbox 3460 4383 3697 4445; x_wconf 70' lang='lat' dir='ltr'><strong>Jiidrras,</strong></span> 
     </span>
    </p>
   </div>
   <div class='ocr_carea' id='block_1_111' title="bbox 2129 4455 3700 4520">
    <p class='ocr_par' dir='ltr' id='par_1_111' title="bbox 2129 4455 3700 4520">
     <span class='ocr_line' id='line_1_111' title="bbox 2129 4455 3700 4520; baseline 0 -14"><span class='ocrx_word' id='word_1_813' title='bbox 2129 4470 2291 4520; x_wconf 89' lang='lat' dir='ltr'><strong>quem</strong></span> <span class='ocrx_word' id='word_1_814' title='bbox 2319 4455 2396 4507; x_wconf 90' lang='lat' dir='ltr'><strong>sic</strong></span> <span class='ocrx_word' id='word_1_815' title='bbox 2423 4463 2889 4520; x_wconf 83' lang='lat' dir='ltr'><strong>argumentantem</strong></span> <span class='ocrx_word' id='word_1_816' title='bbox 2916 4456 3038 4506; x_wconf 87' lang='lat' dir='ltr'><strong>amli</strong></span> <span class='ocrx_word' id='word_1_817' title='bbox 3075 4476 3086 4508; x_wconf 90' lang='lat'><strong>:</strong></span> <span class='ocrx_word' id='word_1_818' title='bbox 3119 4455 3274 4507; x_wconf 75' lang='grc' dir='ltr'>Οὕτω</span> <span class='ocrx_word' id='word_1_819' title='bbox 3300 4457 3393 4508; x_wconf 78' lang='grc' dir='ltr'><strong>καὶ</strong></span> <span class='ocrx_word' id='word_1_820' title='bbox 3415 4456 3509 4509; x_wconf 84' lang='grc' dir='ltr'><strong>νῦν</strong></span> <span class='ocrx_word' id='word_1_821' title='bbox 3530 4458 3700 4507; x_wconf 80' lang='grc' dir='ltr'>ποιεῖν</span> 
     </span>
    </p>
   </div>
   <div class='ocr_carea' id='block_1_112' title="bbox 2127 4521 3701 4596">
    <p class='ocr_par' dir='ltr' id='par_1_112' title="bbox 2127 4521 3701 4596">
     <span class='ocr_line' id='line_1_112' title="bbox 2127 4521 3701 4596; baseline 0 -21"><span class='ocrx_word' id='word_1_822' title='bbox 2127 4522 2206 4596; x_wconf 66' lang='grc' dir='ltr'><strong>δεῖ</strong></span> <span class='ocrx_word' id='word_1_823' title='bbox 2233 4523 2359 4586; x_wconf 80' lang='grc' dir='ltr'>τοὺς</span> <span class='ocrx_word' id='word_1_824' title='bbox 2400 4521 2700 4596; x_wconf 76' lang='grc' dir='ltr'>Ἰουδαίους,</span> <span class='ocrx_word' id='word_1_825' title='bbox 2738 4524 2833 4596; x_wconf 75' lang='grc' dir='ltr'><strong>καὶ</strong></span> <span class='ocrx_word' id='word_1_826' title='bbox 2859 4524 3120 4596; x_wconf 77' lang='grc' dir='ltr'>παράγειν</span> <span class='ocrx_word' id='word_1_827' title='bbox 3154 4526 3283 4594; x_wconf 83' lang='grc' dir='ltr'>ἡμῖν</span> <span class='ocrx_word' id='word_1_828' title='bbox 3316 4528 3595 4596; x_wconf 72' lang='grc' dir='ltr'>προφήτην</span> <span class='ocrx_word' id='word_1_829' title='bbox 3624 4527 3701 4587; x_wconf 79' lang='grc' dir='ltr'>εἰς</span> 
     </span>
    </p>
   </div>
   <div class='ocr_carea' id='block_1_113' title="bbox 2135 4544 3700 4664">
    <p class='ocr_par' dir='ltr' id='par_1_113' title="bbox 2135 4544 3700 4664">
     <span class='ocr_line' id='line_1_113' title="bbox 2135 4544 3700 4596; baseline -0.009 -7"><span class='ocrx_word' id='word_1_830' title='bbox 2135 4544 2202 4575; x_wconf 70' lang='grc' dir='ltr'>οει</span> <span class='ocrx_word' id='word_1_831' title='bbox 2233 4544 2359 4586; x_wconf 80' lang='grc' dir='ltr'><strong>τους</strong></span> <span class='ocrx_word' id='word_1_832' title='bbox 2416 4544 2700 4585; x_wconf 71' lang='grc' dir='ltr'><strong>ιουοαιουςν</strong></span> <span class='ocrx_word' id='word_1_833' title='bbox 2738 4544 2833 4575; x_wconf 84' lang='grc' dir='ltr'><strong>και</strong></span> <span class='ocrx_word' id='word_1_834' title='bbox 2859 4544 3120 4593; x_wconf 79' lang='grc' dir='ltr'>παραγειν</span> <span class='ocrx_word' id='word_1_835' title='bbox 3154 4544 3283 4594; x_wconf 90' lang='grc' dir='ltr'>ημιν</span> <span class='ocrx_word' id='word_1_836' title='bbox 3316 4544 3357 4578; x_wconf 92' lang='grc' dir='ltr'><strong>π</strong></span> <span class='ocrx_word' id='word_1_837' title='bbox 3393 4544 3595 4596; x_wconf 70' lang='grc' dir='ltr'>οφητην</span> <span class='ocrx_word' id='word_1_838' title='bbox 3624 4544 3700 4587; x_wconf 86' lang='grc' dir='ltr'><strong>εις</strong></span> 
     </span>
     <span class='ocr_line' id='line_1_114' title="bbox 2135 4544 3700 4664; baseline -0.002 -19"><span class='ocrx_word' id='word_1_839' title='bbox 2135 4593 2319 4664; x_wconf 77' lang='grc' dir='ltr'>μέσον,</span> <span class='ocrx_word' id='word_1_840' title='bbox 2365 4591 2471 4664; x_wconf 30' lang='grc' dir='ltr'>τὸν.</span> <span class='ocrx_word' id='word_1_841' title='bbox 2499 4591 2745 4664; x_wconf 74' lang='grc' dir='ltr'>λέγοντα,</span> <span class='ocrx_word' id='word_1_842' title='bbox 2784 4593 2863 4664; x_wconf 63' lang='grc' dir='ltr'>ὅτι</span> <span class='ocrx_word' id='word_1_843' title='bbox 2897 4594 3256 4664; x_wconf 75' lang='grc' dir='ltr'>ἀναστήσεται</span> <span class='ocrx_word' id='word_1_844' title='bbox 3304 4544 3517 4658; x_wconf 46' lang='lat' dir='ltr'><strong>nivem;</strong></span> <span class='ocrx_word' id='word_1_845' title='bbox 3544 4597 3577 4664; x_wconf 81' lang='grc' dir='ltr'>ἡ</span> <span class='ocrx_word' id='word_1_846' title='bbox 3610 4595 3700 4646; x_wconf 78' lang='grc' dir='ltr'>πό-</span> 
     </span>
    </p>
   </div>
   <div class='ocr_carea' id='block_1_114' title="bbox 2129 4661 3698 4742">
    <p class='ocr_par' dir='ltr' id='par_1_114' title="bbox 2129 4661 3698 4742">
     <span class='ocr_line' id='line_1_115' title="bbox 2129 4661 3698 4742; baseline 0.002 -29"><span class='ocrx_word' id='word_1_847' title='bbox 2129 4661 2228 4740; x_wconf 61' lang='grc' dir='ltr'>λις.</span> <span class='ocrx_word' id='word_1_848' title='bbox 2268 4662 2387 4742; x_wconf 71' lang='grc' dir='ltr'>Ὅτι</span> <span class='ocrx_word' id='word_1_849' title='bbox 2415 4661 2543 4742; x_wconf 86' lang='grc' dir='ltr'><strong>γάρ,</strong></span> <span class='ocrx_word' id='word_1_850' title='bbox 2569 4662 2618 4742; x_wconf 68' lang='grc' dir='ltr'><strong>εί</strong></span> <span class='ocrx_word' id='word_1_851' title='bbox 2636 4662 2729 4714; x_wconf 81' lang='grc' dir='ltr'><strong>καὶ</strong></span> <span class='ocrx_word' id='word_1_852' title='bbox 2753 4661 2903 4742; x_wconf 67' lang='grc' dir='ltr'>τέλος</span> <span class='ocrx_word' id='word_1_853' title='bbox 2928 4661 3147 4742; x_wconf 70' lang='grc' dir='ltr'>έμελλεν</span> <span class='ocrx_word' id='word_1_854' title='bbox 3164 4664 3313 4742; x_wconf 52' lang='grc' dir='ltr'>ἕξειν</span> <span class='ocrx_word' id='word_1_855' title='bbox 3330 4665 3472 4742; x_wconf 22' lang='grc' dir='ltr'>*ὑμῖν</span> <span class='ocrx_word' id='word_1_856' title='bbox 3508 4666 3540 4734; x_wconf 86' lang='grc' dir='ltr'>ή</span> <span class='ocrx_word' id='word_1_857' title='bbox 3562 4661 3698 4742; x_wconf 74' lang='grc' dir='ltr'>παρ-</span> 
     </span>
    </p>
   </div>
   <div class='ocr_carea' id='block_1_115' title="bbox 2130 4730 3699 4804">
    <p class='ocr_par' dir='ltr' id='par_1_115' title="bbox 2130 4730 3699 4804">
     <span class='ocr_line' id='line_1_116' title="bbox 2130 4730 3699 4804; baseline 0.002 -22"><span class='ocrx_word' id='word_1_858' title='bbox 2130 4730 2264 4804; x_wconf 72' lang='grc' dir='ltr'>οῦσα</span> <span class='ocrx_word' id='word_1_859' title='bbox 2316 4730 2679 4799; x_wconf 86' lang='grc' dir='ltr'>αίχμαλωσία,</span> <span class='ocrx_word' id='word_1_860' title='bbox 2702 4803 2705 4804; x_wconf 14' lang='grc' dir='ltr'><em>ν</em></span> <span class='ocrx_word' id='word_1_861' title='bbox 2731 4733 2876 4784; x_wconf 74' lang='grc' dir='ltr'>πᾶσα</span> <span class='ocrx_word' id='word_1_862' title='bbox 2920 4730 3129 4804; x_wconf 81' lang='grc' dir='ltr'>ἀνάγκη</span> <span class='ocrx_word' id='word_1_863' title='bbox 3161 4730 3228 4804; x_wconf 80' lang='grc' dir='ltr'>ἦν</span> <span class='ocrx_word' id='word_1_864' title='bbox 3267 4730 3395 4796; x_wconf 75' lang='grc' dir='ltr'>τοὺς</span> <span class='ocrx_word' id='word_1_865' title='bbox 3422 4730 3699 4803; x_wconf 52' lang='grc' dir='ltr'>προφήτας</span> 
     </span>
    </p>
   </div>
   <div class='ocr_carea' id='block_1_116' title="bbox 2130 4799 3701 4873">
    <p class='ocr_par' dir='ltr' id='par_1_116' title="bbox 2130 4799 3701 4873">
     <span class='ocr_line' id='line_1_117' title="bbox 2130 4799 3701 4873; baseline 0.001 -22"><span class='ocrx_word' id='word_1_866' title='bbox 2130 4799 2300 4853; x_wconf 87' lang='grc' dir='ltr'>ταῦτα</span> <span class='ocrx_word' id='word_1_867' title='bbox 2319 4803 2769 4873; x_wconf 29' lang='grc' dir='ltr'>ῌπροαναςρωνεῖν,</span> <span class='ocrx_word' id='word_1_868' title='bbox 2807 4803 2963 4873; x_wconf 79' lang='grc' dir='ltr'>παντί</span> <span class='ocrx_word' id='word_1_869' title='bbox 2998 4799 3099 4855; x_wconf 81' lang='grc' dir='ltr'><strong>που</strong></span> <span class='ocrx_word' id='word_1_870' title='bbox 3120 4799 3286 4873; x_wconf 75' lang='grc' dir='ltr'>’δῆλόν</span> <span class='ocrx_word' id='word_1_871' title='bbox 3337 4799 3477 4861; x_wconf 70' lang='grc' dir='ltr'>ἐστι,</span> <span class='ocrx_word' id='word_1_872' title='bbox 3506 4799 3701 4873; x_wconf 71' lang='grc' dir='ltr'>τῷκαὶ</span> 
     </span>
    </p>
   </div>
   <div class='ocr_carea' id='block_1_117' title="bbox 2130 4868 3703 4957">
    <p class='ocr_par' dir='ltr' id='par_1_117' title="bbox 2130 4868 3703 4957">
     <span class='ocr_line' id='line_1_118' title="bbox 2130 4868 3703 4957; baseline 0 -34"><span class='ocrx_word' id='word_1_873' title='bbox 2130 4868 2488 4957; x_wconf 39' lang='grc' dir='ltr'>ὁπωσνοῆῦνείς</span> <span class='ocrx_word' id='word_1_874' title='bbox 2514 4870 2582 4957; x_wconf 53' lang='grc' dir='ltr'><strong>τρι</strong></span> <span class='ocrx_word' id='word_1_875' title='bbox 2611 4870 2921 4957; x_wconf 51' lang='grc' dir='ltr'>προὲητικά</span> <span class='ocrx_word' id='word_1_876' title='bbox 2958 4868 3340 4957; x_wconf 61' lang='grc' dir='ltr'>παρακύψαντι</span> <span class='ocrx_word' id='word_1_877' title='bbox 3370 4868 3567 4957; x_wconf 48' lang='grc' dir='ltr'>βιϐλίαέ</span> <span class='ocrx_word' id='word_1_878' title='bbox 3598 4873 3703 4926; x_wconf 69' lang='grc' dir='ltr'>Καὶ</span> 
     </span>
    </p>
   </div>
   <div class='ocr_carea' id='block_1_118' title="bbox 2130 4938 3700 5013">
    <p class='ocr_par' dir='ltr' id='par_1_118' title="bbox 2130 4938 3700 5013">
     <span class='ocr_line' id='line_1_119' title="bbox 2130 4938 3700 5013; baseline 0.002 -23"><span class='ocrx_word' id='word_1_879' title='bbox 2130 4939 2238 5013; x_wconf 74' lang='grc' dir='ltr'><strong>γάρ</strong></span> <span class='ocrx_word' id='word_1_880' title='bbox 2268 4938 2389 5013; x_wconf 71' lang='grc' dir='ltr'>έθος</span> <span class='ocrx_word' id='word_1_881' title='bbox 2421 4939 2570 5013; x_wconf 78' lang='grc' dir='ltr'>παρὰ</span> <span class='ocrx_word' id='word_1_882' title='bbox 2612 4938 2880 5013; x_wconf 49' lang='grc' dir='ltr'><strong>⁹Ἰουδαίοις</strong></span> <span class='ocrx_word' id='word_1_883' title='bbox 2926 4938 3282 5013; x_wconf 71' lang='grc' dir='ltr'>παλαιὸν,’τὸ</span> <span class='ocrx_word' id='word_1_884' title='bbox 3327 4938 3393 4995; x_wconf 72' lang='grc' dir='ltr'>τὰ</span> <span class='ocrx_word' id='word_1_885' title='bbox 3450 4942 3700 5013; x_wconf 88' lang='grc' dir='ltr'>μέλλοντα</span> 
     </span>
    </p>
   </div>
   <div class='ocr_carea' id='block_1_119' title="bbox 2130 4989 3700 5084">
    <p class='ocr_par' dir='ltr' id='par_1_119' title="bbox 2130 4989 3700 5084">
     <span class='ocr_line' id='line_1_120' title="bbox 2130 4989 3700 5084; baseline 0.002 -22"><span class='ocrx_word' id='word_1_886' title='bbox 2130 4989 2326 5084; x_wconf 31' lang='grc' dir='ltr'>διδ-ἑοὺς</span> <span class='ocrx_word' id='word_1_887' title='bbox 2342 4989 2797 5084; x_wconf 46' lang='lat' dir='ltr'><strong>immissis;</strong></span> <span class='ocrx_word' id='word_1_888' title='bbox 2809 4989 3088 5084; x_wconf 54' lang='grc' dir='ltr'><strong>ἱᾶκᾷᾞξᾷἶ</strong></span> <span class='ocrx_word' id='word_1_889' title='bbox 3099 4989 3289 5079; x_wconf 44' lang='lat' dir='ltr'><strong>siadd}</strong></span> <span class='ocrx_word' id='word_1_890' title='bbox 3318 4989 3700 5084; x_wconf 31' lang='lat'><strong>$053555;</strong></span> 
     </span>
    </p>
   </div>
   <div class='ocr_carea' id='block_1_120' title="bbox 2130 5079 3703 5149">
    <p class='ocr_par' dir='ltr' id='par_1_120' title="bbox 2130 5079 3703 5149">
     <span class='ocr_line' id='line_1_121' title="bbox 2130 5079 3703 5149; baseline 0.001 -18"><span class='ocrx_word' id='word_1_891' title='bbox 2130 5080 2256 5141; x_wconf 82' lang='grc' dir='ltr'>τοὺς</span> <span class='ocrx_word' id='word_1_892' title='bbox 2300 5080 2584 5149; x_wconf 69' lang='grc' dir='ltr'>προφήτας</span> <span class='ocrx_word' id='word_1_893' title='bbox 2612 5079 2834 5149; x_wconf 81' lang='grc' dir='ltr'>ἀνωθεν.</span> <span class='ocrx_word' id='word_1_894' title='bbox 2888 5099 2904 5129; x_wconf 79' lang='grc' dir='ltr'><strong>ι</strong></span> <span class='ocrx_word' id='word_1_895' title='bbox 2934 5081 3131 5134; x_wconf 70' lang='lat' dir='ltr'><strong>Eodem</strong></span> <span class='ocrx_word' id='word_1_896' title='bbox 3167 5085 3323 5137; x_wconf 88' lang='lat' dir='ltr'><strong>modo</strong></span> <span class='ocrx_word' id='word_1_897' title='bbox 3352 5079 3703 5135; x_wconf 69' lang='lat' dir='ltr'><strong>iouveutebat</strong></span> 
     </span>
    </p>
   </div>
   <div class='ocr_carea' id='block_1_121' title="bbox 2133 5118 3700 5220">
    <p class='ocr_par' dir='ltr' id='par_1_121' title="bbox 2133 5118 3700 5220">
     <span class='ocr_line' id='line_1_122' title="bbox 2141 5118 3700 5137; baseline 0.002 -6"><span class='ocrx_word' id='word_1_898' title='bbox 2141 5118 2223 5132; x_wconf 66' lang='grc' dir='ltr'><strong>,νυ</strong></span> <span class='ocrx_word' id='word_1_899' title='bbox 2307 5118 2338 5129; x_wconf 90' lang='grc'><strong>..</strong></span> <span class='ocrx_word' id='word_1_900' title='bbox 2380 5118 2406 5131; x_wconf 65' lang='grc' dir='ltr'>ν</span> <span class='ocrx_word' id='word_1_901' title='bbox 2456 5118 2555 5132; x_wconf 85' lang='lat'><strong>.....</strong></span> <span class='ocrx_word' id='word_1_902' title='bbox 2612 5118 2834 5132; x_wconf 57' lang='lat' dir='ltr'><strong>mm...</strong></span> <span class='ocrx_word' id='word_1_903' title='bbox 2888 5118 2904 5129; x_wconf 83' lang='lat'><strong>.</strong></span> <span class='ocrx_word' id='word_1_904' title='bbox 2934 5118 3130 5134; x_wconf 70' lang='grc' dir='ltr'>μυυι</span> <span class='ocrx_word' id='word_1_905' title='bbox 3167 5118 3323 5137; x_wconf 75' lang='grc' dir='ltr'>...νυν</span> <span class='ocrx_word' id='word_1_906' title='bbox 3352 5118 3700 5135; x_wconf 65' lang='grc' dir='ltr'>ιυ...υ...ιυ...</span> 
     </span>
     <span class='ocr_line' id='line_1_123' title="bbox 2133 5118 3700 5220; baseline -0.001 -17"><span class='ocrx_word' id='word_1_907' title='bbox 2133 5159 2188 5203; x_wconf 91' lang='lat' dir='ltr'><strong>et</strong></span> <span class='ocrx_word' id='word_1_908' title='bbox 2216 5118 2443 5202; x_wconf 44' lang='lat' dir='ltr'><strong>Iudaeo:</strong></span> <span class='ocrx_word' id='word_1_909' title='bbox 2471 5118 2582 5202; x_wconf 46' lang='lat' dir='ltr'><strong>lue,</strong></span> <span class='ocrx_word' id='word_1_910' title='bbox 2610 5148 2807 5220; x_wconf 78' lang='lat' dir='ltr'><strong>facere,</strong></span> <span class='ocrx_word' id='word_1_911' title='bbox 2863 5151 3128 5218; x_wconf 86' lang='lat' dir='ltr'><strong>nobisque</strong></span> <span class='ocrx_word' id='word_1_912' title='bbox 3156 5152 3210 5205; x_wconf 90' lang='lat' dir='ltr'><strong>itt</strong></span> <span class='ocrx_word' id='word_1_913' title='bbox 3242 5153 3477 5205; x_wconf 88' lang='lat' dir='ltr'><strong>medium</strong></span> <span class='ocrx_word' id='word_1_914' title='bbox 3509 5152 3700 5220; x_wconf 83' lang='lat' dir='ltr'><strong>produ-</strong></span> 
     </span>
    </p>
   </div>
   <div class='ocr_carea' id='block_1_122' title="bbox 2132 5219 3699 5287">
    <p class='ocr_par' dir='ltr' id='par_1_122' title="bbox 2132 5219 3699 5287">
     <span class='ocr_line' id='line_1_124' title="bbox 2132 5219 3699 5287; baseline -0.001 -15"><span class='ocrx_word' id='word_1_915' title='bbox 2132 5233 2260 5272; x_wconf 87' lang='lat' dir='ltr'><strong>cere</strong></span> <span class='ocrx_word' id='word_1_916' title='bbox 2297 5219 2635 5287; x_wconf 79' lang='lat' dir='ltr'><strong>pt&#39;0pltetam,</strong></span> <span class='ocrx_word' id='word_1_917' title='bbox 2684 5219 2773 5285; x_wconf 90' lang='lat' dir='ltr'><strong>qui</strong></span> <span class='ocrx_word' id='word_1_918' title='bbox 2827 5221 3144 5287; x_wconf 62' lang='lat' dir='ltr'><strong>pt‘aadiaerit</strong></span> <span class='ocrx_word' id='word_1_919' title='bbox 3185 5222 3403 5275; x_wconf 90' lang='lat' dir='ltr'><strong>omnino</strong></span> <span class='ocrx_word' id='word_1_920' title='bbox 3444 5219 3699 5285; x_wconf 78' lang='lat' dir='ltr'><strong>futurum,</strong></span> 
     </span>
    </p>
   </div>
   <div class='ocr_carea' id='block_1_123' title="bbox 2136 5288 3701 5358">
    <p class='ocr_par' dir='ltr' id='par_1_123' title="bbox 2136 5288 3701 5358">
     <span class='ocr_line' id='line_1_125' title="bbox 2136 5288 3701 5358; baseline 0.002 -18"><span class='ocrx_word' id='word_1_921' title='bbox 2136 5298 2192 5341; x_wconf 93' lang='lat' dir='ltr'><strong>ut</strong></span> <span class='ocrx_word' id='word_1_922' title='bbox 2219 5288 2410 5341; x_wconf 78' lang='lat' dir='ltr'><strong>civitas</strong></span> <span class='ocrx_word' id='word_1_923' title='bbox 2448 5291 2785 5342; x_wconf 85' lang='lat' dir='ltr'><strong>restituatur.</strong></span> <span class='ocrx_word' id='word_1_924' title='bbox 2816 5288 2951 5342; x_wconf 87' lang='lat' dir='ltr'><strong>Nam</strong></span> <span class='ocrx_word' id='word_1_925' title='bbox 2981 5290 3025 5342; x_wconf 91' lang='lat' dir='ltr'><strong>si</strong></span> <span class='ocrx_word' id='word_1_926' title='bbox 3054 5290 3337 5357; x_wconf 63' lang='lat' dir='ltr'><strong>praesentis</strong></span> <span class='ocrx_word' id='word_1_927' title='bbox 3374 5290 3701 5358; x_wconf 76' lang='lat' dir='ltr'><strong>captivitatis</strong></span> 
     </span>
    </p>
   </div>
   <div class='ocr_carea' id='block_1_124' title="bbox 2137 5358 3701 5426">
    <p class='ocr_par' dir='ltr' id='par_1_124' title="bbox 2137 5358 3701 5426">
     <span class='ocr_line' id='line_1_126' title="bbox 2137 5358 3701 5426; baseline -0.001 -15"><span class='ocrx_word' id='word_1_928' title='bbox 2137 5359 2259 5411; x_wconf 87' lang='lat' dir='ltr'><strong>linis</strong></span> <span class='ocrx_word' id='word_1_929' title='bbox 2287 5360 2513 5412; x_wconf 91' lang='lat' dir='ltr'><strong>omnino</strong></span> <span class='ocrx_word' id='word_1_930' title='bbox 2563 5358 2777 5410; x_wconf 78' lang='lat' dir='ltr'><strong>futurus</strong></span> <span class='ocrx_word' id='word_1_931' title='bbox 2804 5369 2967 5425; x_wconf 90' lang='lat' dir='ltr'><strong>esset,</strong></span> <span class='ocrx_word' id='word_1_932' title='bbox 3022 5374 3245 5415; x_wconf 87' lang='lat' dir='ltr'><strong>necesse</strong></span> <span class='ocrx_word' id='word_1_933' title='bbox 3270 5360 3459 5422; x_wconf 76' lang='lat' dir='ltr'><strong>fuisse,</strong></span> <span class='ocrx_word' id='word_1_934' title='bbox 3492 5369 3545 5409; x_wconf 92' lang='lat' dir='ltr'><strong>ut</strong></span> <span class='ocrx_word' id='word_1_935' title='bbox 3582 5373 3701 5426; x_wconf 88' lang='lat' dir='ltr'><strong>pro-</strong></span> 
     </span>
    </p>
   </div>
   <div class='ocr_carea' id='block_1_125' title="bbox 2137 5427 3700 5496">
    <p class='ocr_par' dir='ltr' id='par_1_125' title="bbox 2137 5427 3700 5496">
     <span class='ocr_line' id='line_1_127' title="bbox 2137 5427 3700 5496; baseline -0.001 -16"><span class='ocrx_word' id='word_1_936' title='bbox 2137 5429 2311 5496; x_wconf 70' lang='lat' dir='ltr'><strong>pheta:</strong></span> <span class='ocrx_word' id='word_1_937' title='bbox 2356 5428 2408 5482; x_wconf 89' lang='lat' dir='ltr'><strong>id</strong></span> <span class='ocrx_word' id='word_1_938' title='bbox 2460 5427 2906 5496; x_wconf 65' lang='lat' dir='ltr'><strong>prmuuntiarenl,</strong></span> <span class='ocrx_word' id='word_1_939' title='bbox 2965 5428 3143 5495; x_wconf 87' lang='lat' dir='ltr'><strong>palam</strong></span> <span class='ocrx_word' id='word_1_940' title='bbox 3175 5439 3257 5483; x_wconf 91' lang='lat' dir='ltr'><strong>est</strong></span> <span class='ocrx_word' id='word_1_941' title='bbox 3302 5428 3568 5493; x_wconf 82' lang='lat' dir='ltr'><strong>Omnibus,</strong></span> <span class='ocrx_word' id='word_1_942' title='bbox 3613 5428 3700 5493; x_wconf 88' lang='lat' dir='ltr'><strong>qui</strong></span> 
     </span>
    </p>
   </div>
   <div class='ocr_carea' id='block_1_126' title="bbox 2134 5497 3699 5566">
    <p class='ocr_par' dir='ltr' id='par_1_126' title="bbox 2134 5497 3699 5566">
     <span class='ocr_line' id='line_1_128' title="bbox 2134 5497 3699 5566; baseline 0 -20"><span class='ocrx_word' id='word_1_943' title='bbox 2134 5497 2216 5549; x_wconf 74' lang='lat' dir='ltr'><strong>vel</strong></span> <span class='ocrx_word' id='word_1_944' title='bbox 2250 5499 2430 5551; x_wconf 85' lang='lat' dir='ltr'><strong>obiter</strong></span> <span class='ocrx_word' id='word_1_945' title='bbox 2463 5499 2625 5550; x_wconf 85' lang='lat' dir='ltr'><strong>libros</strong></span> <span class='ocrx_word' id='word_1_946' title='bbox 2654 5497 3000 5565; x_wconf 80' lang='lat' dir='ltr'><strong>propheticus</strong></span> <span class='ocrx_word' id='word_1_947' title='bbox 3024 5498 3381 5566; x_wconf 79' lang='lat' dir='ltr'><strong>inSpexerint.</strong></span> <span class='ocrx_word' id='word_1_948' title='bbox 3421 5497 3533 5549; x_wconf 86' lang='lat' dir='ltr'><strong>Mos</strong></span> <span class='ocrx_word' id='word_1_949' title='bbox 3559 5499 3699 5550; x_wconf 86' lang='lat' dir='ltr'><strong>enim</strong></span> 
     </span>
    </p>
   </div>
   <div class='ocr_carea' id='block_1_127' title="bbox 2134 5565 3702 5635">
    <p class='ocr_par' dir='ltr' id='par_1_127' title="bbox 2134 5565 3702 5635">
     <span class='ocr_line' id='line_1_129' title="bbox 2134 5565 3702 5635; baseline 0 -18"><span class='ocrx_word' id='word_1_950' title='bbox 2134 5577 2250 5619; x_wconf 78' lang='lat' dir='ltr'><strong>erat</strong></span> <span class='ocrx_word' id='word_1_951' title='bbox 2284 5570 2424 5635; x_wconf 87' lang='lat' dir='ltr'><strong>apud</strong></span> <span class='ocrx_word' id='word_1_952' title='bbox 2453 5565 2666 5621; x_wconf 68' lang='lat' dir='ltr'><strong>Judaros</strong></span> <span class='ocrx_word' id='word_1_953' title='bbox 2694 5576 2870 5634; x_wconf 84' lang='lat' dir='ltr'><strong>vetus,</strong></span> <span class='ocrx_word' id='word_1_954' title='bbox 2915 5577 2971 5621; x_wconf 90' lang='lat' dir='ltr'><strong>ut</strong></span> <span class='ocrx_word' id='word_1_955' title='bbox 3013 5565 3284 5635; x_wconf 67' lang='lat' dir='ltr'><strong>propheta:</strong></span> <span class='ocrx_word' id='word_1_956' title='bbox 3327 5568 3583 5621; x_wconf 83' lang='lat' dir='ltr'><strong>divinitus</strong></span> <span class='ocrx_word' id='word_1_957' title='bbox 3627 5566 3702 5618; x_wconf 82' lang='lat' dir='ltr'><strong>af-</strong></span> 
     </span>
    </p>
   </div>
   <div class='ocr_carea' id='block_1_128' title="bbox 2135 5636 3699 5704">
    <p class='ocr_par' dir='ltr' id='par_1_128' title="bbox 2135 5636 3699 5704">
     <span class='ocr_line' id='line_1_130' title="bbox 2135 5636 3699 5704; baseline -0.001 -17"><span class='ocrx_word' id='word_1_958' title='bbox 2135 5636 2244 5688; x_wconf 83' lang='lat' dir='ltr'><strong>ﬂati</strong></span> <span class='ocrx_word' id='word_1_959' title='bbox 2287 5637 2643 5704; x_wconf 62' lang='lat' dir='ltr'><strong>prmdicerent</strong></span> <span class='ocrx_word' id='word_1_960' title='bbox 2691 5636 2816 5704; x_wconf 87' lang='lat' dir='ltr'><strong>illis,</strong></span> <span class='ocrx_word' id='word_1_961' title='bbox 2855 5651 2975 5704; x_wconf 73' lang='lat' dir='ltr'><strong>qua:</strong></span> <span class='ocrx_word' id='word_1_962' title='bbox 3004 5636 3369 5700; x_wconf 83' lang='lat' dir='ltr'><strong>innuiuerent,</strong></span> <span class='ocrx_word' id='word_1_963' title='bbox 3415 5651 3510 5689; x_wconf 90' lang='lat' dir='ltr'><strong>seu</strong></span> <span class='ocrx_word' id='word_1_964' title='bbox 3542 5637 3699 5696; x_wconf 79' lang='lat' dir='ltr'><strong>bona,</strong></span> 
     </span>
    </p>
   </div>
   <div class='ocr_carea' id='block_1_129' title="bbox 2135 5703 3699 5775">
    <p class='ocr_par' dir='ltr' id='par_1_129' title="bbox 2135 5703 3699 5775">
     <span class='ocr_line' id='line_1_131' title="bbox 2135 5703 3699 5775; baseline 0.001 -18"><span class='ocrx_word' id='word_1_965' title='bbox 2135 5722 2229 5759; x_wconf 80' lang='lat' dir='ltr'><strong>seu</strong></span> <span class='ocrx_word' id='word_1_966' title='bbox 2265 5703 2429 5767; x_wconf 65' lang='lat' dir='ltr'><strong>mala.</strong></span> <span class='ocrx_word' id='word_1_967' title='bbox 2456 5723 2475 5760; x_wconf 74' lang='grc' dir='ltr'><strong>ι</strong></span> <span class='ocrx_word' id='word_1_968' title='bbox 2510 5704 2595 5766; x_wconf 42' lang='lat' dir='ltr'><strong>Et,</strong></span> <span class='ocrx_word' id='word_1_969' title='bbox 2605 5706 2765 5775; x_wconf 87' lang='lat' dir='ltr'><strong>paulo</strong></span> <span class='ocrx_word' id='word_1_970' title='bbox 2792 5703 2913 5775; x_wconf 81' lang='lat' dir='ltr'><strong>post</strong></span> <span class='ocrx_word' id='word_1_971' title='bbox 2941 5723 2954 5759; x_wconf 89' lang='lat'><strong>:</strong></span> <span class='ocrx_word' id='word_1_972' title='bbox 2979 5706 3087 5760; x_wconf 80' lang='lat' dir='ltr'><strong>Kal</strong></span> <span class='ocrx_word' id='word_1_973' title='bbox 3114 5706 3195 5759; x_wconf 84' lang='grc' dir='ltr'><strong>ὅτι</strong></span> <span class='ocrx_word' id='word_1_974' title='bbox 3221 5706 3378 5760; x_wconf 88' lang='grc' dir='ltr'>τοῦτό</span> <span class='ocrx_word' id='word_1_975' title='bbox 3408 5707 3555 5759; x_wconf 81' lang='grc' dir='ltr'>ἐστιν</span> <span class='ocrx_word' id='word_1_976' title='bbox 3584 5703 3699 5772; x_wconf 60' lang='lat' dir='ltr'><strong>a111-</strong></span> 
     </span>
    </p>
   </div>
  </div>
