3986 6164
494 309 630 365 1059

1959 297 2288 354 .ORIGENIS

3584 309 3726 365 1000

487 438 807 497 magnorum
855 431 1011 479 erant
1059 419 1436 491 mysteriorum
1483 417 1751 489 symbola.
1797 416 2031 486 Oportuit

2152 417 2510 486 νενομισμένα
2548 416 2791 487 σύμϐολα
2843 419 3093 489 μεγάλων
3147 419 3457 492 μυστηρίων
3508 383 3728 478 ἐποίουν

448 573 451 581 _
491 514 656 583 igitur
678 515 864 566 urbem
896 512 1062 573 illaut,
1094 510 1181 561 ubi
1214 508 1325 560 haec
1347 505 1506 560 Jesus
1532 518 1818 573 perpessus
1850 503 2043 570 fueral,

491 607 660 660 deleri
684 604 945 665 funditus,
979 600 1252 655 Judaicam
1282 607 1496 665 gentem
1529 596 1800 663 dissipari,
1834 603 1887 649 et
1910 595 2047 649 alios

489 696 557 749 ad
603 693 697 747 Dei
746 690 1133 744 beatitudinem
1166 689 1366 742 vocari.
1419 687 1597 754 Atque
1645 686 1699 739 lii
1747 685 2046 741 Christiani

491 792 647 849 sunt,
696 783 760 834 ad
802 795 939 849 quos
973 780 1037 833 de
1072 794 1329 848 germano
1358 792 1601 847 puroque
1633 778 1726 831 Dei
1766 777 1914 831 cultu
1944 778 2044 831 do-

488 874 660 928 ctrina
691 871 975 940 pervenit,
1006 870 1207 938 quique
1252 867 1399 936 leges
1434 876 1766 937 acceperunt
1793 884 1961 922 novas
1990 877 2046 922 et

487 963 791 1033 reipublicm
834 960 1033 1029 ubique
1082 968 1349 1013 terrarum
1386 960 1586 1028 vigenti
1638 968 1693 1012 et
1728 961 2041 1014 constitutae

484 1053 919 1108 accommodatas
946 1046 1146 1119 ;’cum'
1179 1058 1367 1103 contra
1410 1050 1620 1118 priores
1656 1051 1917 1117 impositae
1951 1053 2043 1106 uni

483 1146 665 1217 genti,
705 1159 865 1215 quam
896 1143 1058 1212 patrii
1107 1156 1259 1210 rcges
1292 1144 1493 1197 eisdem
1548 1158 1611 1197 ac
1644 1144 1758 1213 ipsa
1804 1146 2045 1201 moribus

481 1236 905 1306 gubernabant,
958 1247 1102 1288 nunc
1173 1233 1241 1286 ab
1286 1232 1538 1288 omnibus
1592 1234 1873 1289 observari
1937 1252 2043 1292 non

482 1323 713 1392 possint.

554 1414 644 1470 25.
688 1413 881 1468 Postea
914 1412 1099 1468 Celsus
1129 1429 1227 1483 pro
1261 1429 1410 1469 more
1443 1428 1541 1469 suo
1565 1412 1781 1469 Judzeos
1807 1425 1860 1470 et
1893 1414 2044 1470 Chri-

479 1507 685 1560 stianos
711 1506 963 1560 deridens
984 1546 997 1569 ,
1028 1515 1286 1573 utrosque
1310 1516 1584 1575 comparat
1612 1525 1632 1557 ι
1656 1517 1749 1561 aut
1772 1508 2041 1578 vesperti-

480 1596 683 1651 lionuni
717 1597 936 1666 agmini,
975 1606 1067 1650 aut
1098 1597 1338 1651 formicis
1367 1612 1397 1652 e
1430 1599 1556 1651 nido
1590 1599 2003 1667 prorepentibus
2024 1641 2038 1664 ,

479 1698 570 1740 aut
594 1689 737 1741 ranis
761 1689 962 1742 circum
988 1689 1232 1757 paludem
1259 1688 1683 1755 considentibus,
1705 1697 1797 1741 aut
1819 1689 2044 1743 lumbri-

2146 505 2226 575 τῷ
2254 505 2391 577 Θεῷ.
2439 508 2633 578 Ἐχρῆν
2665 505 2757 561 οὖν
2802 510 3017 579 ἐκείνην
3049 510 3146 580 τὴν
3185 510 3358 577 πόλιν,
3384 513 3517 565 ὅπου
3556 514 3727 569 ταῦτα

2148 595 2415 650 πέπονθεν
2463 596 2689 668 Ἰησοῦς,
2735 583 2902 668 ἄρδην
2936 597 3267 652 ἀπολωλέναι
3292 640 3306 664 ,
3352 602 3447 653 καὶ
3484 601 3546 652 τὸ
3595 604 3727 656 Ἰου-

2144 686 2291 739 δαῖον
2322 687 2470 750 Εθνος
2501 688 2798 741 ἀνάστατον
2836 688 3134 755 γεγονέναι,
3163 688 3254 741 καὶ
3288 690 3374 741 ἐπ’
3403 689 3593 753 ἄλλους
3619 693 3723 762 τὴν

2145 778 2239 831 τοῦ
2257 779 2390 831 Θεοῦ
2408 782 2487 843 εἰς
2508 780 2879 851 μακαριότητα
2901 779 3088 850 κλῆσιν
3114 782 3543 854 μεταϐεϐηκέναι
3557 799 3574 814 °
3596 787 3723 849 τοὺς

2145 863 2501 933 Χριστιανους
2528 864 2689 933 λέγω,
2722 867 2807 935 ἐφ’
2852 866 2945 930 οὓς
2987 867 3240 937 ἐλήλυθεν
3272 871 3304 940 ἡ
3350 872 3480 942 περὶ
3512 872 3611 942 τῆς
3644 874 3723 925 εἰ·

2142 950 2416 1023 λικρινοῦς
2440 954 2533 1006 καὶ
2560 952 2806 1024 καθαρᾶς
2846 953 3150 1017 θεοσεϐείας
3174 956 3510 1025 διδασκαλία,
3541 977 3721 1030 παραυ

2143 1043 2403 1108 λαϐόντας
2427 1046 2619 1116 νόμους
2647 1048 2889 1113 καινοὺς,
2917 1049 3011 1101 καί⁸
3044 1050 3381 1119 ἁρμόζοντας
3410 1053 3476 1120 τῇ
3513 1066 3720 1103 παντα-

2143 1134 2238 1204 χοῦ
2268 1136 2585 1209 καθεστώσῃ
2616 1138 2886 1211 πολιτείᾳ·
2916 1141 3039 1193 ἐπεὶ
3074 1141 3147 1211 μὴ
3171 1143 3220 1192 οἰ
3256 1142 3517 1212 πρότερον
3540 1142 3721 1196 δοθέν·

2142 1243 2254 1290 τες,
2280 1227 2356 1289 ὡς
2388 1229 2468 1280 ἐνὶ
2499 1227 2638 1281 ἔθνει
2667 1230 2771 1282 ὑπὸ
2799 1230 3013 1283 οἰκείων
3047 1232 3140 1283 xai.
3170 1232 3419 1303 ὁμοήθων
3444 1233 3724 1303 βασιλευο-

2146 1316 2311 1386 μένῳ,
2337 1312 2438 1369 οἷοί
2462 1334 2520 1370 τε
2545 1315 2684 1388 ἦσαν
2714 1319 2911 1383 πάντες
2933 1320 3026 1372 νῦν
3050 1321 3435 1375 ἐπιτελεῖσθαι.

2212 1406 2364 1460 Μετὰ
2411 1408 2600 1473 ταῦτα,
2643 1410 2883 1481 συνήθως
2928 1411 3101 1481 ἐαυτῷ
3135 1411 3306 1479 γελῶν
3341 1414 3399 1465 τὸ
3453 1414 3718 1470 Ἰουδαίων

2144 1499 2237 1552 καὶ
2262 1500 2600 1570 Χριστιανῶν
2631 1501 2803 1567 γένος,
2831 1503 3036 1565 πάντας
3072 1503 3453 1574 παραϐέϐληκε
3481 1523 3500 1555 ι
3532 1523 3692 1561 νυκτε

2144 1589 2304 1660 ρίδων
2334 1588 2579 1659 ὁρμαθῷ,
2607 1589 2639 1659 ἢ
2672 1586 2944 1658 μύρμηξιν
2966 1592 3031 1643 ἐκ
3055 1590 3246 1654 καλιᾶς
3278 1592 3655 1663 προελθοῦσιν,
3681 1596 3714 1665 ἢ

2146 1678 2436 1751 βατράχοις
2470 1680 2594 1751 περὶ
2631 1680 2802 1747 τέλμα
2839 1680 3263 1751 συνεδρεύουσιν,
3291 1681 3326 1746 ἢ
3354 1681 3622 1753 σκώληξιν
3659 1686 3715 1737 ἐν

478 1778 556 1829 cis
607 1776 658 1830 in
703 1776 881 1845 aliquo
924 1778 1066 1833 cceni
1100 1780 1298 1848 angulo
1333 1780 1674 1849 congregatis
1714 1788 1768 1832 et
1808 1780 1954 1833 inter
1982 1795 2031 1833 se

2146 1768 2403 1841 βορϐόρου
2451 1769 2622 1839 γωνίᾳ
2668 1766 3104 1839 ἐκκλησιάζουσι,
3153 1769 3245 1822 καὶ
3279 1770 3413 1839 πρὸς
3454 1769 3715 1840 ἀλλήλους

477 1865 812 1936 litigantibus
838 1869 1056 1937 quinam
1095 1868 1304 1921 illorum
1350 1870 1519 1937 magis
1558 1871 1920 1938 peccaverint,
1956 1871 2041 1924 di-

476 1957 832 2025 centibusque
858 1975 873 2012 :
911 1974 1007 2012 nos
1037 1974 1223 2013 sumus
1248 2000 1263 2021 ,
1294 1960 1490 2028 quibus
1517 1960 1873 2037 omniabeus
1902 1975 2040 2029 prae-

478 2058 744 2102 monstrat
766 2058 818 2102 νει
842 2049 1111 2120 praedicit;
1141 2051 1295 2104 nobis
1323 2050 1468 2112 solis,
1491 2050 1680 2105 relicto
1701 2060 1813 2105 toto
1840 2054 2041 2105 mundo

477 2136 849 2205 malorumque
888 2152 1048 2192 cursu
1089 2148 1144 2192 et
1174 2139 1418 2207 neglecta
1463 2149 1570 2192 tota
1607 2155 1712 2207 qna
1755 2140 1861 2192 late
1894 2150 2041 2207 patet

480 2232 624 2276 terra
654 2263 669 2288 ,
701 2225 947 2291 providet
976 2239 1238 2293 suamque
1270 2238 1453 2277 curam
1502 2223 1800 2293 impendit;
1838 2225 1903 2277 ad
1941 2239 2040 2278 nos

476 2315 619 2369 solos
643 2315 809 2368 mittit
834 2329 1130 2383 praecones,
1155 2330 1253 2369 nec
1286 2314 1501 2368 mittere
1524 2314 1744 2377 desiuit,
1774 2314 2039 2370 sollicitus

473 2406 745 2473 quomodo
765 2414 1028 2459 aeternum
1047 2405 1120 2458 illi
1145 2404 1652 2473 conjungatnumln
1675 2404 1792 2473 ejus
1816 2406 2038 2460 fictione

472 2496 679 2550 similes
705 2509 892 2550 sumus
915 2495 1226 2549 vermiculis
1257 2496 1346 2564 qui
1380 2498 1660 2553 dicereut:
1702 2519 1720 2550 ι
1746 2500 1887 2554 Deus
1914 2498 2039 2566 qui-

474 2589 593 2644 dem
628 2598 734 2655 est,
765 2589 860 2643 sed
902 2590 1203 2657 proximum
1241 2588 1316 2642 illi
1343 2588 1519 2643 locum
1551 2604 1903 2658 occupamus.
1945 2589 2038 2644 Ille

473 2697 573 2736 nos
597 2681 698 2736 sibi
730 2680 950 2755 omnino
975 2680 1181 2734 similes
1208 2680 1356 2737 fecit.
1395 2681 1622 2735 Subdita
1658 2683 1812 2737 nobis
1845 2683 2032 2736 omnia

474 2780 624 2836 sunt,
657 2780 826 2834 terra,
858 2785 1020 2840 aqua,
1047 2785 1163 2835 aer,
1196 2771 1408 2833 sidera;
1452 2781 1671 2839 propter
1701 2786 1802 2825 nos
1828 2770 2033 2835 omnia,

471 2862 649 2915 omnia
681 2862 835 2916 nobis
871 2876 1064 2930 parcre
1090 2861 1238 2929 jussa
1291 2870 1437 2915 sunt.
1470 2879 1489 2911 ι
1527 2860 1763 2930 Pergunt
1794 2861 1934 2930 apud
1969 2860 2036 2913 il-

474 2953 580 3006 lum
612 2951 892 3006 veriniculi
916 2991 930 3013 ,
963 2967 1060 3006 nos
1094 2951 1346 3005 videlicet
1372 2969 1387 3006 :
1416 2952 1887 3018 «Quandoquidem
1912 2960 2038 3005 sunt

2143 1858 2568 1928 διαφερομένοις,
2604 1857 2747 1920 τίνες
2780 1858 2958 1912 αὐτῶν
2995 1854 3105 1911 εἶεν
3133 1856 3590 1928 άμαρτωλότεροι,
3624 1860 3716 1912 καὶ

2145 1951 2461 2018 φάσκουσιν,
2486 1950 2567 2001 ὅτι
2593 1950 2766 2003 πάντα
2788 1952 2919 2021 ἡμῖν
2944 1951 2972 2002 ὁ
3004 1949 3134 2010 Θεὸς
3163 1949 3421 2020 προδηλοῖ
3453 1950 3547 2000 καὶ
3581 1966 3717 2019 προ-

2143 2040 2519 2108 καταγγέλλει,
2546 2042 2639 2094 καὶ
2659 2041 2752 2095 τὸν
2780 2042 2958 2094 πάντα
2988 2042 3190 2112 κόσμον
3218 2042 3311 2094 καὶ
3339 2041 3438 2113 τὴν
3463 2043 3714 2112 οὐράνιον

2142 2130 2314 2202 φοράν
2366 2129 2665 2194 ἀπολιπὼν,
2711 2132 2805 2184 καὶ
2848 2130 2945 2201 τὴν
2992 2131 3257 2201 τοσαύτην
3298 2131 3400 2200 γῆν
3449 2130 3712 2200 παριδὼν,

2139 2227 2272 2295 ἡμῖν
2311 2224 2490 2293 μόνοις
2520 2222 2927 2294 ἐμπολιτεύεται
2965 2223 3099 2294 (75),
3137 2224 3233 2277 καὶ
3264 2224 3399 2294 πρὸς
3434 2227 3585 2295 ἡμᾶς
3616 2226 3715 2295 μό-

2139 2333 2264 2379 νους
2293 2314 2774 2385 ἐπικηρυκεύεται,
2803 2315 2897 2365 καὶ
2938 2312 3171 2383 πέμπων
3208 2315 3267 2366 οὑ
3300 2314 3582 2380 διαλείπει,
3620 2316 3713 2370 καὶ

2139 2408 2316 2478 ζητῶν
2345 2407 2490 2468 ὅπως
2514 2407 2601 2458 ἀεὶ
2623 2403 2866 2474 συνῶμεν
2894 2404 3064 2474 αύτῷ.
3097 2422 3116 2456 ι
3152 2406 3260 2457 Καὶ
3284 2406 3341 2457 ἐν
3369 2405 3448 2476 τῷ
3471 2406 3721 2463 ἀναπλάε

2140 2498 2305 2568 σματί
2341 2514 2405 2565 γε
2438 2494 2629 2548 ἑαυτοῦ
2662 2492 3071 2565 παραπλησίους
3106 2495 3250 2563 ἡμᾶς
3292 2500 3437 2547 ποιεῖ
3477 2494 3713 2565 σκώληξι

2138 2588 2457 2657 φάσκουσιν,
2487 2586 2568 2638 ὅτι
2601 2603 2619 2634 ι
2659 2582 2790 2645 Θεός
2819 2583 2984 2648 ἐστιν,
3012 2578 3132 2636 εἶτα
3170 2583 3285 2653 μετ’
3321 2584 3527 2637 ἐκεῖνον
3548 2588 3714 2656 ἡμεῖς

2138 2682 2228 2733 ὑπ’
2258 2678 2422 2732 αὑτοῦ
2449 2676 2727 2745 γεγονότες
2766 2676 2941 2745 πάντη
2973 2675 3145 2744 ὅμοιοι
3166 2675 3242 2746 τῷ
3267 2676 3414 2746 Θεῷ·
3453 2678 3546 2731 καὶ
3581 2679 3712 2747 ἡμῖν

2137 2770 2312 2823 πάντα
2354 2766 2745 2834 ὑποϐέϐληται,
2791 2764 2883 2835 γῆ,
2937 2764 3031 2816 καὶ
3078 2763 3240 2834 ὓδωρ,
3294 2766 3386 2818 καὶ
3431 2765 3573 2836 ἀὴρ,
3617 2770 3712 2821 καὶ

2137 2862 2330 2932 ἄστρα,
2374 2857 2467 2911 καὶ
2503 2855 2657 2926 ἡμῶν
2706 2855 2865 2907 ἕνεκα
2915 2853 3110 2921 πάντα,
3148 2854 3241 2907 καὶ
3275 2856 3409 2925 ἡμῖν
3440 2855 3711 2908 δουλεύειν

2134 2952 2412 3006 τέτακται.
2471 2968 2488 3000 ι
2544 2949 2772 3016 Λέγουσι
2828 2947 2884 3000 δέ
2936 2947 3065 3017 παρ’
3118 2945 3353 3011 αὐτῷοί
3406 2947 3708 3017 σκώληκες,

472 3043 615 3095 inter
646 3057 745 3096 nos
773 3045 864 3111 qui
896 3057 953 3095 se
983 3044 1226 3111 peccatis
1256 3043 1648 3105 contaminant,
1683 3042 1824 3095 Deus
1854 3043 2031 3095 veniet

2141 3044 2300 3111 ἡμεῖς
2326 3039 2545 3110 δηλαδὴ,
2573 3040 2675 3103 ὅτι,
2715 3056 2733 3089 ι
2758 3037 2870 3091 Νῦν
2903 3037 3084 3107 ἐπειδή
3123 3054 3263 3099 τινες
3290 3037 3347 3091 ἐν
3373 3041 3504 3108 ἡμῖν
3527 3039 3632 3107 πλη
3642 3056 3711 3108 μ-

472 3141 568 3184 aut
597 3133 773 3186 mittet
794 3131 1011 3195 Filium,
1037 3141 1096 3185 ut
1122 3132 1357 3185 flammis
1384 3132 1599 3185 addicat
1623 3132 1833 3199 impios,
1860 3141 1914 3185 et
1940 3147 2031 3185 ca:-

2144 3132 2413 3203 μελοῦσιν,
2443 3131 2691 3199 ἀφίξεται
2716 3128 2867 3193 Θεὸς,
2901 3129 2935 3199 ἢ
2968 3129 3173 3201 usuist
3201 3129 3291 3185 τὸν
3318 3130 3466 3190 Υἰον.
3488 3131 3577 3187 ἵνα
3606 3148 3710 3187 κα-

474 3224 577 3278 teri
641 3239 761 3277 cum
801 3224 915 3291 ipso
971 3230 1173 3277 mtcrua
1229 3223 1337 3277 vita
1382 3223 1699 3277 fruamur.»
1755 3224 1918 3276 Addit
1952 3225 2035 3279 his

471 3314 745 3379 omnibus,
773 3332 795 3364 ι
823 3315 995 3384 magis
1019 3315 1133 3368 haec
1156 3313 1375 3369 ferenda
1413 3328 1556 3377 esse,
1590 3328 1715 3368 cum
1742 3314 1884 3367 inter
1913 3330 2037 3368 ver-

472 3404 700 3457 miculos
732 3412 784 3457 et
817 3418 978 3456 ranas
1000 3444 1014 3467 ,
1043 3418 1202 3470 quam
1233 3419 1356 3458 eum
1382 3403 1595 3459 Judteos
1627 3404 1769 3459 inter
1796 3414 1852 3459 et
1882 3400 2037 3459 Chri-

468 3497 674 3551 stianos
705 3495 1067 3564 disputantur.
1100 3514 1120 3547 ι

541 3673 632 3729 24.
672 3674 740 3730 Ut
770 3676 885 3729 haec
916 3674 1183 3739 refellam,
1219 3688 1309 3728 eos
1353 3677 1625 3745 interrogo
1652 3674 1739 3742 qui
1765 3674 2031 3742 ejusmodi

469 3765 886 3819 criminationes
915 3764 1182 3832 probant:
1220 3780 1285 3818 an
1330 3779 1518 3818 omnes
1565 3765 1809 3819 homines
1838 3766 2030 3819 existi-

471 3854 635 3906 ma'tis
666 3865 884 3922 prepter
926 3854 1016 3906 Dei
1042 3854 1461 3921 praecellentiam
1488 3867 1608 3905 esse
1642 3864 1732 3906 aut
1772 3856 2031 3924 vesperti-

472 3940 688 4015 lionum'
715 3955 909 4010 agmen
938 3979 953 4004 ,
988 3951 1079 3992 aut
1112 3938 1371 3993 formicas
1398 3978 1412 4001 ,
1445 3949 1536 3991 aut
1567 3939 1860 3993 lumbricos
1887 3979 1902 4002 ,
1937 3948 2030 3993 aut

470 4033 677 4087 ranas?
707 4032 788 4085 An
826 4041 1057 4087 caeteros
1082 4030 1297 4098 quidem
1332 4030 1384 4083 in
1413 4031 1498 4083 illa
1538 4031 1892 4086 similitudine
1923 4046 2028 4085 non

467 4123 925 4193 comprehensos,
969 4120 1217 4175 homines
1262 4134 1381 4175 esse
1424 4120 1764 4189 permittitis,
1794 4135 1858 4173 eo
1888 4123 2027 4190 quod

465 4312 675 4355 clarum
707 4300 944 4369 gentium
977 4298 1313 4361 servitutem,
1344 4311 1640 4365 rursusque
1677 4298 1834 4362 bella,
1867 4313 2027 4354 exer-

464 4373 632 4432 citus,
662 4385 727 4424 ac
772 4370 1097 4449 triumpnps,
1148 4378 1203 4420 et
1235 4377 1612 4461 superatorum
1641 4384 1820 4461 ulc-ees,
1867 4385 2025 4461 1ιιιοιςη
2058 4407 2100 4461 D

466 4449 682 4508 temque
729 4439 1023 4492 centenarii
1077 4438 1414 4508 peccatoris:
1442 4438 1526 4489 cui
1558 4437 2023 4508 duobusvolumi-

464 4506 621 4561 nibus
656 4509 942 4575 respondet
964 4507 1347 4574 Apollinarius,
1389 4521 1547 4574 quem
1582 4523 1682 4560 non
1714 4506 1884 4560 solum
1914 4523 2023 4561 sua:

463 4585 625 4631 sectae
649 4576 920 4643 homines,
955 4577 1047 4629 sed
1076 4586 1128 4628 et
1156 4586 1463 4630 nostrorum
1493 4576 1541 4627 in
1573 4577 1673 4643 hac
1700 4587 1850 4642 parte
1882 4577 2021 4630 dun—

464 4654 636 4708 taxat,
697 4642 926 4712 plurima
979 4645 1223 4713 sequitur
1274 4644 1581 4715 multitudo.
1660 4642 1728 4698 Ut
1782 4661 2021 4715 praesaga

465 4725 645 4767 mente
669 4715 779 4781 jam
810 4729 1053 4776 cernam,
1090 4725 1427 4781 quantoruni
1452 4713 1504 4764 in
1542 4729 1627 4765 me
1679 4716 1856 4766 rabies
1888 4713 2019 4768 con-

465 4780 681 4836 citanda
710 4783 799 4835 sit.
826 4801 846 4834 ι
878 4784 1134 4836 Eumdem
1166 4783 1286 4836 vide
1312 4783 1364 4834 iu
1393 4780 1676 4836 Catnmeut.
1704 4784 1771 4832 ad
1803 4781 2018 4845 Eua/1.,

465 4865 587 4921 cap.
612 4865 796 4921 xxxvi,
834 4861 888 4905 et
919 4854 970 4905 in
1006 4852 1257 4921 Catalogo
1282 4853 1460 4921 script.
1492 4852 1801 4921 ecclesiasL,
1841 4853 1891 4904 in
1920 4852 2023 4904 Pa-

466 4920 591 4988 pia;
624 4919 764 4972 lreu.
790 4922 885 4974 lib.
909 4936 962 4983 v,
997 4937 1047 4975 c.
1070 4922 1160 4985 ‘22,
1197 4919 1303 4974 etc.
1330 4937 1343 4984 ;
1383 4919 1607 4972 Tertull.
1653 4920 1791 4972 libro
1824 4922 1897 4972 De
1920 4937 2018 4988 ire-

464 4987 781 5042 currectione
827 4991 1027 5052 carnis,
1062 5007 1179 5056 cap.
1208 4990 1298 5051 25,
1339 5001 1392 5042 et
1433 4989 1525 5041 lib.
1553 5004 1609 5041 ιιι
1662 4997 1840 5040 contra
1871 4987 2020 5041 Μαν-

464 5059 688 5121 cionem,
741 5074 860 5126 cap.
900 5058 987 5112 i3.
1064 5060 1182 5113 «De
1234 5059 1576 5111 restitutione
1625 5072 1754 5110 vero
1796 5057 2014 5121 .ludaeze,

463 5142 623 5195 quam
674 5137 729 5181 et
767 5129 863 5195 ipsi
895 5128 1085 5188 Judaei,
1143 5129 1214 5180 ita
1267 5138 1321 5178 ut
1376 5126 1720 5189 describitur,
1777 5136 2014 5195 sperant,

464 5197 704 5250 locorum
734 5208 788 5251 et
834 5200 1109 5266 regionum
1147 5197 1451 5249 nominibus
1494 5196 1717 5257 inducti,
1748 5200 2016 5264 quomodo

463 5267 749 5335 allegorica
800 5268 1174 5335 interpretatio
1214 5267 1266 5320 in
1323 5266 1598 5319 Christum
1649 5275 1701 5316 et
1736 5268 1784 5318 in
1832 5266 2015 5319 Eccle-

462 5334 618 5400 sian’i,
672 5346 726 5391 ct
761 5334 1000 5389 habitum
1033 5346 1089 5390 et
1123 5337 1353 5388 fructum
1386 5335 1504 5403 ejus
1530 5334 1842 5403 spiritaliter
1866 5351 2015 5388 coni-

462 5415 626 5472 petat,
675 5415 730 5460 ct
761 5407 974 5475 longum
1003 5416 1085 5460 est
1115 5406 1382 5475 persequi,
1416 5401 1487 5458 ὀι
1532 5401 1719 5467 ἱιιζιιιίο
1742 5419 1905 5470 opere
1936 5406 2014 5454 di-

462 5484 692 5541 gestum,
748 5474 889 5543 quod
942 5476 1285 5529 inscribimus
1315 5474 1390 5527 De
1440 5488 1527 5541 spe
1559 5474 1812 5540 ﬁdelium,
1868 5476 2010 5525 etin

461 5546 706 5610 praesenti
760 5549 840 5598 vel
870 5560 934 5599 eo
962 5548 1214 5607 otiosum,
1248 5559 1370 5612 quia
1410 5559 1515 5595 non
1546 5546 1609 5594 de
1641 5554 1873 5603 terrena,
1919 5545 2013 5596 Sl'd

462 5614 528 5663 de
553 5613 759 5667 caelesti
794 5616 1149 5681 promissione
1198 5611 1544 5680 sitiquaastio.
1596 5611 1729 5664 Nam
1764 5620 1814 5664 ct
1847 5614 2013 5665 conli-

465 5687 639 5733 temur
684 5684 738 5735 iu
791 5694 931 5738 terra
975 5685 1128 5740 nobis
1177 5699 1399 5753 regnum
1461 5685 1862 5751 repromissum,
1917 5682 2012 5735 sed

2135 3221 2371 3292 ταφλέξῃ
2406 3220 2528 3283 τοὺς
2562 3219 2796 3284 ἀδίκους,
2840 3219 2931 3271 καὶ
2974 3221 3023 3271 οἱ
3049 3223 3219 3274 λοιποὶ
3255 3221 3350 3275 σὺν
3375 3223 3523 3293 αύτῴ
3562 3222 3709 3294 ζωὴν

2136 3311 2352 3365 αἰώνιον
2377 3311 2603 3382 ἔχωμεν.
2633 3331 2650 3362 ι
2672 3313 2779 3363 Καὶ
2797 3311 3044 3381 ἐπιφέρει
3064 3328 3125 3379 γε
3151 3313 3334 3376 πᾶσιν,
3362 3313 3438 3365 ὅτι
3470 3333 3489 3365 ι
3524 3315 3707 3367 Ταῦτα

2139 3401 2337 3472 μᾶλλον
2377 3402 2597 3466 ἀνεκτὰ,
2653 3402 2948 3472 σκωλήκων
3005 3404 3099 3456 καὶ
3144 3402 3445 3475 βατράχων,
3485 3406 3518 3477 ἢ
3573 3407 3705 3459 Ἰου-

2130 3493 2297 3547 δαίων
2325 3495 2418 3546 xui.
2453 3493 2790 3564 Χριστιανῶν
2819 3494 2951 3565 (76),
2995 3493 3130 3565 πρὸς
3164 3494 3426 3564 ἀλλήλους
3453 3494 3705 3567 διαφερο-

2206 3601 2331 3638 νων.
2375 3603 2394 3635 ι

2206 3601 2331 3638 νων.
2375 3603 2394 3635 ι

2136 3585 2348 3747 μέΠρὸς
2406 3674 2579 3730 ταῦτα
2641 3677 2704 3747 δὴ
2765 3676 3142 3747 πυνθανόμεθα
3202 3678 3309 3731 τῶν
3372 3677 3703 3748 ἀποδεχομέ-

2133 3784 2237 3820 νων
2263 3767 2331 3820 τά
2356 3767 2496 3820 οὕτω
2534 3767 2654 3820 καθ’
2693 3769 2847 3839 ἡμῶν
2877 3769 3159 3840 εἰρημένα,
3188 3769 3281 3822 καί
3308 3787 3484 3841 φαμεν
3503 3786 3515 3799 ·
3552 3765 3698 3838 Ἆρα

2135 3858 2343 3921 πάντας
2366 3856 2680 3927 ἀνθρώπους
2704 3859 2939 3929 ὁρμαθὸν
2971 3856 3107 3913 εἶναι
3133 3860 3474 3931 νυκτερίδων,
3498 3859 3531 3928 ἦ
3560 3858 3694 3929 μύρ-

2136 3964 2333 4019 μηκας,
2375 3947 2408 4017 ἢ
2457 3948 2774 4019 βατράχους,
2824 3948 2856 4019 ἢ
2908 3947 3215 4017 σκώληκας,
3265 3948 3689 4018 ὑπολαμϐάνετε,

2130 4038 2218 4091 διὰ
2241 4039 2340 4109 τὴν
2365 4037 2455 4091 τοῦ
2490 4039 2622 4091 Θεοῦ
2649 4040 2953 4111 ὑπεροχήν;
2989 4041 3057 4092 Ἢ
3089 4040 3214 4105 τοὺς
3243 4041 3340 4110 μὲν
3371 4039 3562 4101 ἄλλους
3601 4039 3692 4091 ἀν-

2131 4129 2378 4203 θρώπους
2401 4132 2480 4194 εἰς
2504 4130 2601 4203 τὴν
2630 4132 2994 4203 προκειμένην
3022 4131 3207 4185 εἰκόνα
3237 4131 3310 4203 μὴ
3335 4129 3690 4203 παραλαμϐά-

2130 4308 2258 4352 ante
2288 4295 2505 4365 (mlum,
2563 4301 2656 4354 sed
2706 4301 2811 4356 alio
2862 4310 3029 4359 statu.
3077 4311 3259 4367 utpote
3289 4310 3407 4368 post
3436 4313 3687 4356 resurre-

2130 4372 2363 4423 ctionem
2408 4370 2458 4421 in
2507 4371 2652 4424 mille
2701 4386 2892 4434 annos,
2949 4372 3258 4425 incivitate
3290 4370 3456 4423 divini
3506 4369 3684 4434 operis

2128 4436 2432 4490 Jerusalem
2458 4439 2598 4493 cmlo
2628 4439 2838 4503 delata;
2872 4455 3031 4506 quam
3062 4449 3115 4492 et
3143 4440 3429 4504 Apostolus
3461 4449 3683 4490 matrem

2127 4518 2369 4578 nostram
2420 4521 2630 4559 sursum
2684 4510 2950 4578 designat,
2996 4517 3051 4562 et
3088 4506 3385 4577 πολίτευμα
3419 4517 3679 4578 nostrum,

2124 4574 2175 4645 id
2223 4585 2324 4637 est,
2380 4574 2891 4645 municipatumfiu
2941 4579 3092 4633 caelis
3137 4592 3257 4632 esse
3307 4574 3679 4641 pronuntians,

2123 4643 2281 4713 alicui
2316 4645 2505 4712 utique
2534 4643 2745 4700 cdalesti
2775 4649 2981 4700 civitati
3019 4663 3140 4700 eum
3172 4649 3409 4713 deputat.
3450 4645 3597 4697 Hanc
3628 4653 3682 4697 et

2123 4711 2370 4785 _E_zec|iiel
2402 4711 2570 4785 novit,
2601 4726 2655 4767 et
2679 4717 2947 4784 apostolus
2967 4716 3201 4770 Joannes
3226 4711 3357 4767 vidit
3388 4713 3676 4785 (Lactant,

2122 4780 2212 4853 lib.
2240 4796 2343 4853 vti,_
2370 4798 2419 4836 c.
2445 4781 2558 4853 24),.
2593 4802 2611 4833 ι
2670 4780 2920 4853 Αὶιειιειη
2961 4786 3050 4838 lib.
3079 4800 3170 4847 xx,
3207 4799 3322 4849 cap.
3360 4780 3454 4847 29,
3490 4782 3577 4853 De
3607 4782 3683 4834 ci-

2121 4851 2276 4902 vitate
2310 4851 2404 4904 Dei
2437 4867 2455 4905 :
2487 4851 2633 4905 (Per
2662 4855 2802 4907 hunc
2835 4851 3024 4918 Eliam,
3062 4867 3312 4921 magnum
3348 4852 3677 4905 mirabilem-

2119 4932 2223 4984 que
2256 4923 2609 4990 prophetam.
2648 4924 2888 4990 exposita
2918 4923 3019 4975 sibi
3055 4924 3191 4989 lege,
3224 4922 3409 4974 ultimo
3442 4933 3678 4990 tempore
3727 4933 3732 4937 '

2120 4998 2249 5059 ante
2291 4990 2553 5057 judicium
2584 4988 2797 5046 Iudaeos
2838 4992 2888 5043 in
2918 4988 3188 5044 Christum
3222 5005 3409 5044 verum
3460 4988 3536 5059 (id
3573 4998 3673 5059 est,

2118 5056 2172 5109 in
2227 5056 2499 5112 Christum
2552 5059 2818 5130 nostrum)
2855 5075 2972 5112 esse
3030 5061 3331 5130 credituros
3380 5056 3675 5130 celeberri-

2119 5142 2265 5196 nimn
2322 5137 2406 5181 est
2474 5133 2524 5182 in
2574 5128 2911 5183 sermonibus
2960 5128 3320 5196 cordibusque
3358 5128 3668 5181 ﬁdelium.»

2119 5195 2379 5251 SPENCER.

2186 5265 2297 5335 (75)
2350 5268 2836 5335 Ἐμπολιτεύεται.
2887 5266 3222 5322 [ῐωεοιιοιίιιε
3265 5266 3317 5320 in
3353 5274 3532 5327 tex’tu,
3568 5264 3670 5335 ἐκ·

2115 5333 2505 5390 πολιτεύεσθαι.
2536 5338 2701 5389 Codd.
2739 5338 2956 5403 Regius,
2991 5336 3320 5391 Basilecnsis
3348 5345 3402 5390 et
3430 5339 3534 5389 duo
3567 5333 3673 5388 Va-

2116 5407 2274 5458 ticani
2292 5448 2305 5469 ,
2339 5405 2692 5459 πολιτεύεται.

2185 5477 2296 5543 (7(3)
2340 5476 2683 5530 llo:sehelius
2727 5484 2781 5529 ct
2809 5476 3114 5543 Spencerus
3142 5476 3245 5530 hoc
3276 5475 3390 5529 loco
3436 5473 3520 5527 hal
3544 5480 3666 5533 ent,

2110 5548 2280 5618 ταῦτα
2309 5546 2508 5618 ἀνεκτά
2536 5544 2825 5618 σκωλήκων
2858 5546 2889 5615 ἢ
2921 5546 3222 5616 βατράχων,
3256 5545 3288 5615 ἢ
3324 5543 3540 5597 Ἰουδαίιι
3560 5556 3611 5618 ν,
3639 5550 3670 5618 ἢ

2111 5615 2468 5685 Χριστιανῶν,
2497 5618 2588 5668 sed
2623 5610 3219 5685 lectionemsequimur
3248 5610 3366 5683 qua:
3402 5618 3538 5667 intra
3571 5610 3654 5664 ba-

2119 5684 2277 5739 betur
2311 5687 2409 5739 sub
2443 5688 2603 5740 linem
2636 5701 2783 5739 num.
2814 5684 2903 5737 50.
