3986 6164
282 273 413 332 1061

1443 273 1724 330 CONTRA
1757 272 2036 329 CELSUM
2068 273 2192 328 LIB.
2231 272 2318 328 IV.

3409 285 3546 342 5062

276 403 420 456 νετε,
454 391 590 445 ἀλλά
621 389 711 443 διά
752 390 812 443 τὸ
839 388 1054 458 λογικὸν
1085 389 1178 441 καὶ
1216 389 1342 450 τοὺς
1380 388 1729 452 καθεστῶτας
1782 389 1855 443 νό-

1976 389 2186 444 ratione
2215 400 2270 443 et
2302 389 2512 455 legibus
2543 398 2810 457 utantur;
2842 389 3179 450 Christianos
3207 412 3335 452 vero
3369 409 3422 454 et
3451 399 3548 455 Jac

283 501 416 555 μους
441 487 658 556 τηρεῖτε
684 483 881 546 αὑτοὺς
909 481 1228 553 ἀνθρώπους
1250 498 1263 511 ·
1296 482 1654 551 Χριστιανοὺς
1685 482 1740 534 δὲ
1774 485 1868 535 καὶ

292 573 598 637 Ἰουδαίους,
639 571 726 625 διά
749 572 818 626 τὰ
847 571 920 642 μὴ
948 571 1250 641 ἀρέσκοντα
1277 571 1403 640 ὑμῖν
1425 572 1602 624 αὑτῶν
1622 573 1869 641 δόγματα

281 662 726 728 ὲξευτελίζοντες,
761 661 966 723 τούτοις
1020 664 1131 723 τοῖς
1169 659 1326 724 ζώοις
1369 660 1867 731 παραϐεϐλήκατε;

280 754 389 806 Καὶ
404 753 661 823 ὁπότερόν
680 770 743 821 γε
761 752 826 805 ἂν
843 752 1049 804 εἴποιτε
1069 751 1205 824 πρὸς
1219 751 1317 821 τὴν
1336 750 1526 802 πεῦσιν
1549 749 1704 820 ήμῶν
1731 748 1864 820 (77),

281 844 743 915 ἀποκρινούμεθα,
782 844 1164 897 ἀποδεικνύναι
1216 840 1567 913 πειρώμενοι,
1610 841 1670 893 οὑ
1714 841 1864 894 δεόν-

278 953 388 999 τως
433 937 680 1006 λελέχθαι
725 937 854 1007 περὶ
903 935 1008 989 τῶν
1057 935 1274 988 πάντων
1314 934 1614 1005 ἀνθρώπων
1658 934 1691 1006 ἢ
1737 935 1866 1005 περὶ

279 1027 435 1097 ἡμῶν
469 1027 711 1081 τοιαῦτα.
751 1029 931 1080 Ἔστω
971 1025 1079 1098 γάρ
1121 1027 1264 1097 ὑμᾶς
1302 1027 1518 1096 πρῶτον
1552 1025 1749 1094 λέγειν,
1782 1026 1864 1077 ὅτι

279 1119 482 1180 πάντες
525 1118 799 1188 ἄνθρωποι
844 1119 920 1182 ώς
965 1120 1102 1189 πρὸς
1142 1119 1272 1170 Θεὸν
1307 1121 1420 1180 τοῖς
1459 1117 1696 1170 εὐτελέσι
1742 1117 1867 1170 τού-

277 1226 390 1271 τοις
419 1209 855 1280 παραϐἀλλονται
884 1209 1062 1274 ζώοις,
1087 1210 1208 1262 ἐπεὶ
1237 1208 1500 1280 μηδαμῶς
1523 1211 1668 1260 ἐστιν
1689 1206 1866 1259 αὑτῶν

276 1302 309 1371 ὴ
351 1301 614 1372 μικρότης
650 1301 914 1372 συγκριτὴ
937 1304 1004 1372 τῇ
1036 1303 1274 1372 ὑπεροχῇ
1310 1299 1402 1353 τοῦ
1445 1298 1601 1353 Θεοῦ.
1643 1298 1780 1351 Ποία
1811 1297 1867 1350 δὲ

279 1395 579 1465 μικρότης;
623 1392 1016 1464 Ἀποκρίνασθέ
1051 1410 1162 1464 μοι,
1194 1386 1238 1444 ὦ
1265 1385 1430 1443 οὑτοι.
1465 1391 1528 1442 Εἰ
1561 1391 1657 1459 μὲν
1686 1388 1793 1460 γὰρ
1829 1391 1862 1459 ἡ

276 1485 385 1538 τῶν
413 1487 699 1555 σωμάτων,
734 1484 1024 1549 ἀκούσατε,
1057 1485 1138 1538 ὅτι
1171 1484 1230 1536 τὸ
1261 1483 1525 1554 ὑπερέχον
1560 1481 1654 1536 καὶ
1687 1481 1747 1533 τὸ
1782 1483 1867 1533 ὲν-

275 1577 418 1642 δέον,
453 1578 528 1640 ὡς
563 1579 699 1647 πρὸς
728 1578 982 1648 ἀλήθειαν
1030 1573 1377 1639 δικάζουσαν,
1417 1575 1516 1626 οὑκ
1562 1575 1618 1625 ὲν
1655 1567 1864 1642 σώματι

275 1671 545 1740 κρίνεται.
579 1669 734 1722 υὺτω
763 1669 870 1740 γὰρ
904 1669 1077 1736 γῦπες
1121 1669 1214 1721 καὶ
1252 1666 1540 1736 ἐλέφαντες
1571 1665 1726 1736 ἡμῶν
1757 1665 1865 1716 τῶν

1973 482 2116 535 daeos
2137 489 2359 550 propter
2383 481 2640 550 dogmata
2671 497 2790 550 qua:
2814 485 2967 539 vobis
2993 501 3098 539 non
3128 489 3393 558 arrident,
3417 507 3546 546 con-

1975 571 2213 625 temnitis
2264 580 2320 625 et
2382 586 2504 624 cum
2568 573 2674 626 illis
2732 575 3102 630 animantibus
3165 581 3547 646 comparatis?

1976 661 2250 716 Utrumvis
2280 662 2411 716 mihi
2445 662 2752 718 sciscitanti
2785 665 3160 733 respOndeatis
3187 709 3202 734 ,
3239 684 3344 722 non
3375 670 3550 724 deerit

1970 754 2111 821 quod
2143 768 2402 822 reponam
2433 794 2448 821 ,
2477 766 2531 809 et
2559 757 2847 813 ostendere
2876 759 3118 814 conabor
3149 761 3260 814 haec
3285 801 3300 825 ,
3340 763 3455 817 sive
3481 763 3549 818 de

1969 845 2224 898 omnibus
2275 845 2588 901 hominibus
2614 887 2629 911 ,
2681 849 2793 902 sive
2826 849 2892 904 de
2926 851 3082 904 nobis
3111 891 3126 916 ,
3177 852 3370 920 injuria
3418 855 3545 911 dici.

1969 933 2240 988 Ponamns
2271 936 2504 1003 primum
2534 952 2628 991 vos
2660 939 2863 1006 dicere,
2899 939 3063 1011 518
3085 959 3274 999 onmes
3303 946 3547 1000 homines

1970 1040 2080 1094 prae
2113 1025 2223 1080 Deo
2253 1026 2462 1082 similes
2486 1041 2608 1082 esse
2639 1028 2836 1082 vilibus
2863 1031 2950 1085 his
2984 1033 3351 1089 animantibus
3376 1074 3390 1099 ,
3419 1038 3548 1104 quia

1970 1130 2158 1170 eorum
2189 1118 2429 1184 parvitas
2473 1120 2539 1172 ad
2569 1120 2662 1172 Dei
2692 1121 3071 1176 excellentiam
3101 1127 3406 1193 comparari
3452 1141 3546 1181 ne-

1969 1217 2158 1274 queat.
2197 1207 2368 1274 Quam
2399 1224 2528 1266 vero
2561 1212 2886 1280 parvitatem
2917 1213 3263 1283 intelligitis?
3296 1217 3545 1286 Respon-

1969 1297 2127 1362 dete,
2159 1313 2191 1352 ο
2220 1299 2369 1353 boni.
2407 1301 2463 1355 Si
2501 1317 2791 1372 corporum
2824 1304 3024 1368 dicitis,
3062 1306 3256 1360 scitote
3289 1309 3464 1378 majus
3493 1318 3547 1364 et

1969 1389 2146 1442 minus
2173 1431 2188 1454 ,
2229 1390 2275 1444 si
2323 1407 2504 1446 veram
2554 1395 2776 1461 exsequi
2824 1395 3074 1449 volumus
3126 1398 3392 1451 rationem
3423 1439 3438 1464 ,
3479 1414 3546 1454 ex

1969 1494 2196 1550 corpore
2227 1483 2547 1538 :estimanda
2601 1501 2708 1540 non
2763 1501 2904 1540 esse.
2943 1485 3160 1555 Alioqui
3214 1491 3452 1557 gryphcs
3492 1499 3547 1545 et

1969 1574 2285 1642 elephantes
2325 1577 2484 1631 nobis
2519 1578 2844 1632 hominibus
2869 1579 3273 1646 prtnstantiores
3318 1593 3542 1649 essent,

1970 1674 2156 1732 utpote
2180 1669 2544 1734 proceriores,
2567 1668 2918 1732 valentiores,
2945 1669 3271 1724 vivaciores.
3291 1672 3360 1725 At
3385 1688 3543 1728 nemo

274 1759 581 1831 ἀνθρώπων
630 1759 842 1812 ἔσονται
894 1759 1210 1830 κρείττους⁹
1245 1759 1341 1811 καὶ
1382 1757 1490 1829 γάρ
1526 1756 1741 1827 μείζους
1780 1756 1855 1808 κα“

1979 1765 2123 1808 recte
2146 1757 2388 1811 sentiens
2418 1758 2619 1811 dixerit
2652 1759 2768 1812 haec
2797 1758 3051 1811 animalia
3085 1760 3312 1814 rationis
3341 1776 3542 1830 exper-

277 1851 615 1922 ἰσχυρότεροι
645 1853 739 1904 καὶ
779 1848 1262 1922 πολυχρονιώτερα
1291 1842 1457 1902 οὑτοι.
1513 1848 1650 1900 Ἀλλ’
1685 1847 1861 1910 οὐδεὶς

274 1941 342 1994 ἂν
369 1944 477 1995 τῶν
509 1938 566 1994 εὖ
603 1942 942 2012 φρονούντων
970 1944 1117 2011 λέγοι
1148 1941 1258 2012 (78)
1285 1941 1572 2012 κρείττονα
1602 1935 1738 1992 εἷναι
1773 1939 1862 1991 διὰ

275 2034 344 2086 τά
374 2034 602 2104 σώματα
628 2035 752 2088 τάδε
779 2035 844 2086 τὰ
869 2033 1037 2102 ἄλογα
1061 2033 1170 2086 τῶν
1199 2033 1449 2101 λογικῶν.
1476 2033 1616 2084 Πολὺ
1646 2031 1752 2102 γὰρ
1782 2033 1861 2094 εἰς

275 2127 551 2198 ὑπεροχὴν
581 2127 770 2195 ἀνάγει
803 2129 830 2180 ὁ
861 2126 1018 2195 λόγος
1050 2126 1110 2178 τὸ
1149 2125 1362 2194 λογικὸν
1401 2124 1552 2194 παρά
1588 2124 1763 2176 πάντα
1795 2123 1863 2176 τά

273 2217 463 2284 ἄλογα.
522 2218 659 2270 Ἀλλ’
701 2218 821 2270 οὑδὲ
859 2217 928 2270 τὰ
978 2216 1240 2271 σπουδαῖα
1286 2216 1378 2269 καὶ
1427 2215 1695 2285 μακάρια,
1749 2213 1859 2265 εἴτε

273 2310 388 2378 (ὼς
415 2310 571 2379 ὑμεῖς
603 2309 774 2380 φατε)
806 2313 859 2362 οἱ
890 2310 1096 2378 ἀγαθοὶ
1132 2309 1427 2376 δαίμονες,
1463 2306 1572 2358 εἴτε
1604 2306 1698 2373 (ὡς
1731 2305 1858 2374 ἡμῖν

274 2400 397 2463 ἔθος
429 2401 771 2472 ὀνομάζειν,)
799 2403 847 2453 οἱ
877 2400 970 2452 τοῦ
1005 2399 1138 2452 Θεοῦ
1169 2398 1406 2466 ἄγγελοι,
1442 2397 1474 2467 ἢ
1505 2398 1560 2449 αἱ
1587 2395 1862 2464 ὁποιαιδη-

272 2492 472 2545 ποτοῦν
516 2492 877 2564 ὑπερέχουσαι
919 2491 1027 2544 τῶν
1069 2489 1370 2560 ἀνθρώπων
1409 2488 1630 2557 φύσεις
1673 2485 1859 2555 ἐπειδὴ

271 2583 334 2635 τὸ
365 2583 474 2652 (79)
520 2585 578 2636 ὲν
605 2584 786 2646 αὑτοῖς
816 2582 1032 2650 λογικὸν
1069 2579 1430 2645 τετελείωται,
1462 2579 1555 2632 καὶ
1584 2577 1724 2632 κατά
1757 2578 1861 2629 πᾶ-

275 2689 376 2726 σαν
405 2672 602 2744 ἀρετὴν
635 2672 956 2726 πεποίωται.

347 2769 410 2818 Εί
469 2767 524 2819 δὲ
569 2767 665 2836 τὴν
716 2766 810 2820 τοῦ
861 2767 1145 2838 ἀνθρώπου
1199 2767 1498 2838 μικρότητα
1541 2766 1601 2818 οὑ
1659 2764 1746 2817 διὰ
1797 2763 1858 2815 τὸ

276 2857 437 2927 σῶμα
478 2858 858 2924 ἐξευτελίζετε,
898 2860 1032 2913 ἀλλά
1071 2860 1158 2913 διὰ
1201 2861 1302 2930 τὴν
1335 2859 1533 2929 ψυχὴν,
1577 2857 1653 2919 ὡς
1693 2851 1857 2908 οὖσαν

275 2948 664 3020 ὑποδεεστέραν
727 2950 832 3002 τῶν
893 2949 1094 3002 λοιπῶν
1150 2949 1404 3016 λογικῶν,
1468 2949 1562 3000 καὶ
1624 2946 1857 3016 μάλιστα

276 3040 602 3104 σπουδαίων,
647 3041 741 3094 καὶ
779 3041 866 3094 διά
907 3041 1049 3093 τοῦθ’
1087 3040 1498 3110 ὑποδεεστέραν,
1549 3040 1778 3109 ἐπείπερ
1819 3040 1851 3108 ή

1966 1848 2035 1902 tia
2067 1847 2235 1916 pluris
2263 1863 2386 1902 esse
2423 1848 2668 1902 facienda
2705 1857 2926 1917 propter
2965 1864 3187 1918 corpus,
3224 1866 3386 1919 quam
3422 1867 3544 1921 qua:

1965 1939 2179 1993 ratione
2211 1940 2438 2008 praedita
2471 1949 2615 1994 sunt.
2652 1938 2764 1993 liae
2789 1940 2932 1993 enirn
2965 1940 3118 2011 longe
3147 1952 3370 2008 praestat
3399 1945 3545 2012 quod

1964 2030 2082 2097 ejus
2105 2044 2189 2086 est
2214 2033 2509 2102 particeps,
2535 2033 2788 2086 omnibus
2814 2034 3000 2086 eadem
3028 2034 3328 2089 destitutis.
3357 2035 3545 2104 Neque

1963 2124 2127 2178 etiam
2161 2125 2214 2178 id
2249 2126 2432 2178 dicent
2459 2125 2691 2194 egregiae
2721 2125 2826 2179 illa:
2852 2133 2908 2178 et
2935 2125 3121 2180 felices
3147 2137 3375 2191 naturae,
3406 2143 3544 2196 quas

1961 2231 2058 2270 vos
2084 2217 2245 2270 bonos
2267 2218 2467 2286 genios,
2493 2233 2590 2270 nos
2614 2217 2708 2271 Dei
2736 2217 2956 2287 angelos
2983 2217 3254 2286 appellare
3277 2220 3540 2284 solemus,

1963 2317 2058 2361 aut
2091 2308 2349 2376 quaelibet
2379 2308 2496 2361 aliae
2527 2308 2839 2362 hominibus
2871 2310 3307 2377 prmstautiores:
3344 2311 3543 2378 quippe

1963 2396 2016 2450 in
2054 2399 2254 2463 quibus
2291 2397 2535 2468 perfecta
2567 2407 2619 2454 et
2646 2400 2791 2455 omni
2823 2400 3084 2454 virtutqu
3118 2413 3317 2468 genere
3341 2409 3536 2453 ornata

1963 2495 2104 2542 ratio
2131 2499 2238 2543 est.
2883 2495 2888 2500 ’

2031 2748 2122 2803 25.
2174 2749 2244 2802 At
2281 2764 2412 2803 vero
2445 2749 2488 2804 si
2533 2749 2857 2819 parvitatem
2891 2749 3130 2804 hominis
3180 2765 3286 2802 non
3323 2758 3542 2819 promer

1961 2855 2160 2908 corpus
2187 2841 2542 2903 despicatnini
2574 2881 2586 2903 ,
2618 2843 2710 2895 sed
2738 2851 2956 2910 propter
2989 2842 3245 2906 animam,
3277 2857 3396 2910 qua:
3427 2858 3538 2897 ca:—

1963 2930 2094 2984 teris
2140 2931 2350 2984 naturis
2382 2931 2594 2984 ratione
2647 2932 2885 2999 praeditis
2934 2941 2990 2985 et
3052 2933 3289 2986 maxime
3332 2934 3538 2986 sanctis

1960 3033 2245 3091 propterea
2281 3022 2507 3076 inferior
2540 3031 2643 3084 est,
2683 3023 2824 3089 quod
2865 3039 2983 3076 eam
3025 3025 3155 3077 vitia
3189 3034 3540 3093 corrumpant

273 3131 444 3183 κακία
488 3132 632 3184 ἐστὶν
675 3135 731 3184 ἐν
761 3132 932 3202 αὐτῇ·
973 3132 1024 3184 τί
1076 3131 1274 3202 μᾶλλον
1321 3133 1368 3182 οἱ
1403 3132 1459 3181 ὲν
1507 3131 1852 3199 Χριστιανοῖς

1962 3125 2013 3167 et
2037 3126 2348 3182 occupent;
2389 3129 2487 3167 cur
2536 3115 2626 3182 qui
2677 3102 2839 3167 interi
2869 3113 3216 3169 Christianos
3262 3117 3536 3184 improbi,

276 3221 492 3287 φαῦλοι,
523 3223 616 3274 καὶ
644 3223 693 3274 οἱ
722 3223 776 3273 ὲν
816 3222 1084 3285 Ἰουδαίοις
1117 3221 1302 3284 κακῶς
1333 3220 1591 3290 βιοῦντες,
1613 3221 1852 3290 ὀρμαθός

275 3307 381 3358 εἱσι
407 3308 752 3378 νυκτερίδων,
780 3308 811 3379 ἢ
847 3309 1152 3382 μύρμηκες,
1187 3311 1220 3380 ἢ
1253 3309 1552 3379 σκώληκες,
1587 3308 1619 3379 ἣ
1654 3309 1852 3380 βάτρα-

278 3415 364 3466 χοι
385 3413 399 3426 ’
435 3396 467 3466 ἢ
502 3398 550 3448 oi
581 3400 638 3450 ἐν
663 3401 774 3461 τοῖς
805 3399 1008 3463 λοιποῖς
1045 3400 1220 3452 ἔθνεσι
1261 3401 1551 3470 μοχθηροί;
1602 3401 1676 3462 ὼς
1711 3400 1854 3454 κατὰ

272 3489 432 3540 τοῦτο
475 3488 630 3541 πάνθ’
660 3491 951 3554 ὁντιναοῦν,
999 3490 1230 3561 μάλιστα
1271 3492 1544 3562 κεχυμένη
1583 3494 1648 3561 τῇ
1687 3491 1853 3562 κακίᾳ

273 3580 574 3652 χρώμενον,
624 3585 926 3656 νυκτερίδα,
973 3585 1066 3638 καὶ
1112 3583 1388 3656 σκώληκα,
1415 3587 1512 3637 ’καὶ
1565 3584 1850 3654 βάτραχον,

274 3675 369 3727 καὶ
399 3675 663 3747 μύρμηκα
685 3673 841 3742 εῖναι,
867 3677 942 3741 ώς
972 3678 1106 3749 πρὸς
1127 3678 1253 3740 τοὺς
1274 3677 1491 3739 λοιποὺς
1511 3675 1847 3746 ἀνθρώπους.

277 3767 396 3821 Κᾶν
429 3770 774 3839 Δημοσθένης
809 3769 917 3839 (80)
961 3787 1044 3832 τις
1091 3765 1181 3822 οὖν
1220 3771 1248 3821 ὁ
1289 3769 1470 3838 ῥήτωρ
1583 3766 1720 3836 μετὰ
1753 3766 1853 3834 τῆς

276 3861 662 3932 παραπλησίας
681 3861 872 3931 ἐκείνῳ
893 3863 1089 3924 κακίας
1114 3863 1207 3914 καὶ
1233 3860 1338 3914 τῶν
1354 3860 1460 3913 ἀπὸ
1479 3859 1676 3921 κακίας
1705 3858 1853 3928 αὑτῷ

275 3951 712 4022 πεπραγμένων·
745 3952 848 4004 κᾶν
890 3952 1151 4020 Ἀντιφῶν
1187 3951 1317 4022 (8|),
1348 3949 1504 4013 ἄλλος
1544 3951 1726 4020 ῥήτωρ
1765 3966 1855 4001 νο·

346 4061 462 4128 (77)
505 4061 708 4129 Ἠμῶν.
743 4062 817 4115 Ita
847 4061 1184 4117 Hmscbelins
1206 4073 1261 4114 et
1294 4061 1600 4129 Spencerus
1629 4062 1678 4113 in
1715 4077 1852 4113 mar-

273 4130 423 4199 gine,
446 4139 499 4182 et
524 4146 661 4200 sane
691 4132 889 4186 rectius
916 4147 1076 4197 quam
1108 4132 1160 4184 in
1193 4139 1362 4200 textu,
1395 4131 1566 4200 ὑμῶν.

350 4200 464 4280 (78)
491 4199 708 4280 _Ornnes
744 4217 900 4268 mss.,
929 4200 1098 4269 λέγοι,
1145 4199 1335 4254 melius
1384 4216 1545 4270 quam
1583 4199 1711 4252 libb.
1757 4216 1854 4253 ex-

274 4268 416 4329 cuSi,
446 4268 610 4337 λέγει.

349 4338 462 4405 (79)
503 4339 673 4392 Codd.
723 4338 923 4409 Regius
962 4350 1016 4394 et
1065 4337 1414 4409 Basilgaeusis,
1456 4337 1579 4409 ἀλλ’
1613 4337 1734 4389 ἐπεὶ
1772 4339 1848 4409 τό.

1958 3216 2053 3259 aut
2087 3207 2232 3259 inter
2253 3203 2470 3260 Iudaeos
2503 3206 2643 3260 male
2675 3205 2880 3269 vivunt,
2917 3217 3042 3259 sunt
3073 3207 3252 3275 potius
3277 3209 3537 3275 vesperti-

1956 3297 2164 3350 lionum
2187 3312 2399 3366 agmen,
2424 3305 2515 3350 aut
2537 3297 2795 3360 formicae,
2819 3298 3232 3361 autvermiculi,
3259 3307 3348 3350 aut
3367 3313 3535 3363 ranae,

1956 3401 2117 3456 quam
2143 3389 2234 3456 qui
2259 3389 2434 3443 ubivis
2457 3389 2700 3457 gentium
2729 3404 2788 3442 se
2807 3389 2954 3442 vitiis
2978 3389 3224 3443 dedunt?
3250 3389 3363 3444 Hoc
3387 3393 3532 3445 enim

1956 3480 2154 3546 posito,
2195 3479 2504 3548 quicunque
2536 3479 2648 3532 suis
2673 3480 2914 3533 habenas
2949 3479 3346 3546 cupiditatibus
3380 3481 3532 3534 laxa-

1958 3574 2098 3624 verit
2151 3572 2296 3624 hunc
2330 3584 2553 3624 necesse
2587 3570 2690 3624 erit
2729 3569 3172 3638 vespertilionem
3205 3609 3220 3634 ,
3252 3580 3306 3624 et
3334 3576 3535 3626 vermi-

1957 3651 2158 3725 culum,
2184 3671 2238 3716 et
2267 3677 2477 3725 ranam,
2513 3669 2569 3714 et
2597 3659 2883 3714 formicam
2918 3677 3027 3728 prec
3055 3662 3266 3715 cmteris
3300 3663 3532 3717 hornini-

1956 3754 2056 3808 bus
2085 3754 2299 3808 haberi.
2333 3754 2522 3821 Itaque
2552 3755 2768 3808 etiamsi
2807 3756 2930 3822 quis
2965 3753 3104 3806 alter
3137 3763 3287 3807 esset
3314 3755 3529 3810 dicendi

1957 3844 2216 3898 facultate
2255 3844 2672 3909 Demosthenes,
2715 3845 2807 3898 sed
2849 3845 3038 3897 eadem
3064 3842 3533 3912 improbitateiis-

1958 3937 2194 4004 denique
2226 3949 2288 3989 ac
2316 3934 2403 3988 ille
2428 3935 2675 4002 improbe
2701 3935 2860 3989 factis
2888 3945 3136 3997 notatus;
3165 3936 3379 3991 etiamsi
3410 3940 3533 4009 quis

1955 4056 2266 4115 corruptum
2307 4055 2592 4118 autumant
2623 4047 2921 4118 (Plutarch.
2948 4048 2999 4100 in
3041 4047 3173 4101 Vilis
3208 4050 3383 4102 decem
3414 4052 3532 4105 rhe-

1955 4129 2127 4172 torum
2151 4158 2166 4182 ,
2199 4128 2252 4170 et
2301 4118 2351 4187 in
2385 4117 2680 4187 Demosth.)
2705 4136 2716 4184 ;
2745 4137 2764 4169 ι
2802 4118 2883 4171 vel
2941 4118 3123 4170 luxum
3175 4129 3228 4170 et
3275 4120 3528 4173 infamem

1955 4189 2271 4257 munditiem
2317 4186 2401 4257 (Α.
2426 4188 2591 4257 Gell..
2629 4186 2721 4241 lib.
2753 4203 2802 4249 ι,
2835 4188 3044 4257 (ετινηῦ)
3073 4205 3084 4238 :
3119 4188 3260 4257 (basi.
3298 4189 3354 4240 δέ
3388 4205 3532 4252 τινες

1954 4258 2047 4310 καὶ
2067 4256 2289 4318 ἀσώτως
2318 4255 2477 4328 αὐτον
2501 4257 2706 4328 βιῶναι,
2739 4255 3075 4324 γυναικείαις
3096 4273 3153 4306 τε
3178 4255 3363 4326 ἐσθῆσι
3389 4259 3533 4328 χρώ-

1959 4343 2115 4407 μενον
2131 4327 2236 4407 ’καὶ
2264 4325 2585 4406 κωμάζοντα
2615 4327 2889 4378 ἑκάστοτε.
2928 4343 2944 4374 r
2969 4328 3196 4390 Quidam
3219 4339 3339 4378 eum
3365 4325 3529 4407 φίὶηιη

275 4396 479 4461 Ibidem
519 4411 688 4463 codex
725 4396 923 4473 Regius
955 4411 1176 4477 optime,
1204 4407 1291 4460 διά
1311 4407 1371 4459 τὸ
1399 4396 1556 4477 σῶμα
1590 4407 1852 4474 ἐξευτελί-
1883 4428 1928 4486 Β
1959 4396 2232 4486 impudice
2271 4397 2553 4447 victitasse
2587 4404 2835 4486 narrant,
2876 4400 3072 4486 t'estLilttr
3104 4410 3256 4486 llStllltI
3292 4398 3528 4486 .sub‘i’nde

274 4475 417 4538 ζετε.
438 4478 621 4548 Alias,
654 4477 741 4530 διὰ
770 4479 831 4531 τὸ
859 4475 1016 4548 σῶμα
1049 4476 1459 4548 ἐξευτελίζεται.

347 4547 455 4618 (80)
493 4549 894 4616 Δημοσθένης.
946 4547 1152 4603 Forsan
1211 4547 1459 4611 intelligit
1506 4547 1682 4618 fugam
1739 4557 1852 4598 tur-

275 4617 554 4683 pissimam
585 4621 648 4670 ad
682 4619 1031 4673 Chaeroneam
1066 4618 1368 4687 (Plutarch.
1419 4619 1468 4670 in
1515 4617 1644 4670 Viris
1675 4618 1848 4668 decem

278 4687 412 4758 (Iret.
439 4697 493 4742 et
520 4689 574 4742 in
613 4687 941 4758 Demosth);
978 4689 1060 4742 vel
1099 4688 1325 4758 reditum
1370 4687 1435 4758 ad
1470 4689 1709 4758 Athenas
1740 4701 1851 4754 pra:

276 4753 569 4828 formidine
607 4753 935 4821 Alexandri,
963 4759 1029 4812 ad
1058 4772 1214 4828 quem
1257 4757 1616 4828 legationibus
1660 4753 1848 4828 funge-

277 4822 442 4878 batur
479 4826 712 4898 (ibid.);
767 4828 851 4880 vel
900 4822 1185 4882 avaritiam
1221 4822 1370 4893 ejus,
1405 4842 1527 4898 cum
1576 4841 1607 4879 e
1651 4822 1850 4894 populo

277 4907 419 4965 lllltlS
450 4888 795 4960 eitclam'avit,
835 4915 854 4948 ι
885 4888 1298 4952 Demosthenem
1344 4888 1447 4949 non
1482 4888 1845 4965 Synanclieu,

281 4964 374 5015 sed
405 4965 786 5035 Argyranchen
823 4969 929 5032 pati
962 4969 1050 5035 (A.
1078 4968 1241 5032 Gell.,
1281 4967 1371 5018 lih.
1407 4981 1447 5030 ι,
1481 4964 1600 5035 cap.
1627 4965 1692 5029 9;
1724 4964 1850 5035 Plu-

283 5034 490 5108 !:t!‘Cll._,_
508 5035 658 5108 ibid.)
683 5052 696 5087 :
725 5054 742 5086 ι
774 5034 1100 5108 Ἕλαὸελκα).
1129 5038 1277 5108 παρά
1300 5034 1603 5108 λἘφιάλτου
1627 5034 1846 5108 χρυσίον

280 5101 398 5177 ἑνὸς
425 5102 530 5154 τῶν
571 5103 942 5177 δημαγωγῶν·
965 5106 1037 5177 ,ὃς
1077 5101 1416 5177 πρεσϐεύσας
1457 5106 1591 5177 πρὸς
1627 5101 1848 5177 βασιλέα

279 5173 536 5242 χρήματα
567 5175 746 5245 φέρων
779 5173 880 5245 ἧκε
914 5173 1280 5244 λάθρα,”ὃπως
1311 5173 1587 5245 διανείμας
1615 5173 1724 5236 τοῖς
1755 5175 1848 5245 δητ

283 5246 558 5316 μαγωγοῖς
599 5244 689 5316 τὸν
722 5243 1424 5316 πρὸςΦίλιππονλὲγγράψῃ
1455 5243 1716 5316 πόλεμονι
1755 5243 1847 5295 καὶ

283 5262 558 5310 μαγωγοις
599 5262 689 5295 τον
722 5262 763 5294 π
797 5262 855 5308 ος
885 5262 1144 5297 ιιιιλιππον
1175 5262 1424 5316 εγγραψῃ
1455 5262 1716 5312 πολεμον·
1755 5262 1847 5295 και

283 5309 386 5385 ἰδία
423 5313 582 5366 αὑτὸν
613 5262 992 5385 δωροδοκῆσαι
1025 5314 1178 5385 παρά
1219 5316 1478 5384 βασιλέως
1511 5315 1642 5383 φησὶ
1671 5313 1848 5382 δαρει-

281 5381 410 5443 κοὺς
457 5381 804 5454 τρισχιλιους.
848 5381 1119 5451 (Accepit
1147 5381 1308 5438 etiam
1354 5387 1422 5436 ab
1461 5381 1700 5450 Ephialta
1745 5381 1846 5432 an-

284 5465 423 5516 rum,
457 5452 564 5508 uno
591 5452 936 5521 popularium
973 5464 1273 5517 oratorum,
1307 5454 1396 5521 qui
1433 5454 1637 5521 legatus
1666 5453 1731 5504 ad
1763 5466 1848 5505 re-

272 5534 400 5588 gem
438 5522 724 5577 Persarum
759 5526 988 5585 missus,
1031 5523 1170 5577 clam
1218 5524 1473 5576 attulerat
1525 5521 1842 5590 pecuniam,

283 5607 384 5657 qua
423 5595 561 5648 inter
606 5600 851 5648 oratores
900 5595 1258 5647 Athenienses
1295 5593 1604 5653 distributa,
1650 5592 1841 5644 horum

285 5674 447 5732 ppera
497 5663 691 5716 bellum
747 5675 932 5718 contra
978 5663 1283 5732 Philippum
1333 5661 1714 5715 inflammaret.
1753 5660 1844 5732 lic

287 5729 693 5790 Demosthenem
726 5735 1044 5791 nominatim
1070 5729 1210 5790 dolio
1242 5732 1545 5789 daricorum
1579 5739 1661 5786 ter
1693 5729 1841 5785 mille

1959 4465 2238 4525 muliebri,
2283 4479 2347 4516 ac
2380 4464 2874 4518 comessationibus
2926 4463 3233 4532 (Plutarch.
3290 4465 3343 4516 in
3393 4465 3527 4520 Vilis

1953 4535 2128 4586 decr-ut
2168 4533 2347 4600 rhet.).
2374 4552 2392 4584 ι
2435 4533 2697 4586 SPENCEB.

2025 4603 2136 4672 (8i)
2173 4603 2300 4656 Κᾶν
2331 4602 2632 4671 Ἀντιφῶν,
2655 4613 2760 4656 etc.
2795 4601 2942 4658 Vixrt
2975 4605 3305 4672 temporibus
3338 4602 3530 4659 Socra-

1959 4671 2047 4735 tis.
2089 4686 2144 4726 ut
2179 4685 2390 4726 constat
2418 4687 2483 4726 ex
2526 4673 2818 4726 Plutarcho
2852 4675 2905 4726 in
2952 4671 3096 4724 Vitis
3123 4674 3298 4725 decem
3347 4677 3522 4728 rheto-

1953 4757 2093 4806 rum,
2128 4743 2486 4811 Xetmphonte
2535 4741 2958 4796 Memorabilium
3003 4743 3093 4794 lib.
3124 4759 3161 4805 ι,
3211 4742 3434 4797 Platone
3471 4746 3523 4797 in

1953 4811 2190 4875 Manen,
2232 4813 2584 4875 Philostrato,
2638 4813 2776 4865 lii).r
2818 4813 2895 4865 De
2940 4813 3220 4880 sap/risus,
3268 4816 3528 4869 Athenaeo

1953 4882 2047 4935 lib.
2074 4899 2168 4946 xu,
2203 4899 2322 4951 cap.
2350 4884 2402 4936 5.
2452 4883 2762 4951 Prwdictus
2787 4884 3064 4950 Antiphon
3107 4884 3325 4948 scripsit
3365 4899 3524 4936 sexa-

1952 4953 2098 5023 ginta
2121 4946 2448 5023 _orationes,
2488 4946 2561 5004 ὧν
2605 4946 3072 5023 κατεψευσμένους
3118 4946 3283 5022 φησιν
3328 4954 3526 5006 Καικί-

1951 5019 2062 5084 λιος
2093 5018 2232 5076 εἶναι
2264 5026 2388 5086 τοὺς
2435 5018 2788 5085 εἰκοσιπέντε,
2827 5041 2847 5076 ι
2877 5018 3104 5090 quarum
3131 5018 3332 5090 viginti
3368 5026 3526 5091 quin-

1953 5109 2057 5158 que
2095 5096 2308 5161 spurias
2351 5095 2599 5161 perhibet
2641 5107 2759 5146 esse
2797 5094 3046 5146 C:ecilius
3090 5092 3418 5162 (Plutarch.,
3447 5093 3524 5145 De

1951 5163 2072 5215 ritis
2117 5163 2292 5216 decem
2340 5166 2522 5231 rltel.).
2553 5181 2572 5214 ι
2625 5163 2949 5217 Earumdem
2986 5161 3194 5230 aliquot
3229 5164 3388 5231 hodie
3432 5177 3524 5214 ex-

1953 5241 2098 5283 stant
2129 5234 2196 5285 ab
2212 5235 2348 5286 Aldo
2381 5229 2615 5286 cxc'usze.
2649 5233 2876 5301 Scripsit
2912 5229 3107 5301 librum
3134 5231 3273 5295 Περὶ
3310 5229 3430 5281 τῶν
3456 5231 3527 5281 ἐνν-

1948 5301 2129 5370 ἀρετῇ
2156 5301 2626 5370 πρωτευσάντων
2670 5298 2872 5372 (Laert.
2899 5304 2949 5354 in
2984 5298 3258 5372 I’yllmg_.),
3284 5309 3338 5351 et
3361 5301 3522 5372 alium

1947 5367 2123 5447 ffepl”
2149 5367 2461 5447 Ἡροδότου
2531 5378 2546 5439 (
2574 5367 3119 5447 Pluiarclr.__ibid.);
3163 5367 3308 5447 item
3350 5367 3523 5447 .Hptjc

1962 5437 2418 5516 Ἐρασίστρατον
2653 5441 2772 5516 τῶν
2821 5440 3014 5516 miror"
3051 5437 3176 5489 item
3225 5437 3365 5516 ῌερὶ
3413 5437 3525 5516 τῆς

1946 5508 2262 5580 ἀγγελίας-’-
2308 5517 2431 5567 item
2483 5511 2623 5564 Καθ’
2679 5508 3097 5580 Ἱπποκράτους
3159 5508 3264 5580 τοῦ
3321 5508 3522 5580 ἰατροῦ

1946 5576 2312 5652 σὲρατηγλοιῩ
2348 5586 2474 5652 item
2512 5581 2672 5648 Πρὸς
2711 5576 3129 5652 Δτυιοσίξένητς’
3159 5576 3290 5632 ibi”.
3339 5576 3521 5652 Πήιο-

1946 5647 2340 5721 stratus-(limi
2376 5651 2453 5703 De
2481 5647 2570 5704 vir.
2614 5649 2787 5721 διψῇ.)
2825 5647 3011 5698 laudat
3052 5648 3171 5721 ejus
3215 5649 3518 5721 orationem

1958 5721 2128 5791 Ὑπὲρ
2162 5717 2272 5792 τῆς
2310 5725 2609 5792 ὁμονοίας.
2642 5719 2934 5772 Athcmcus
2980 5731 3103 5771 cum
3139 5718 3323 5773 laudat
3365 5720 3417 5774 in
3446 5717 3528 5788 τῷ
