3986 6164
324 272 461 327 1065

1484 271 1759 328 CONTRA
1800 268 2078 326 CELSUM
2121 267 2247 322 LIB.
2286 264 2375 319 IV.

3428 268 3565 321 1066

318 391 607 463 μύρμηκες
638 393 732 445 καὶ
770 392 1029 462 βάτραχοι
1061 394 1109 443 οἱ
1143 393 1636 456 κατα-πεπτωκότες
1666 392 1771 445 ἀπὸ
1798 391 1882 460 τῆς

2001 388 2155 449 culis,
2192 402 2292 456 pro
2336 384 2579 440 formicis
2612 393 2664 438 et
2689 399 2784 453 pro
2813 384 2963 440 ranis
2990 384 3267 440 habendos
3302 399 3442 451 esse,
3470 406 3564 456 qui

321 481 446 553 περὶ
472 480 605 532 θεοῦ
647 482 833 548 ὑγιοῦς
867 480 1207 551 ὑπολήψεως,
1241 480 1510 551 φαντασίᾳ
1541 481 1583 532 δ’
1619 480 1896 543 εὐσεϐείας

315 574 431 644 ἦτοι
464 571 631 639 ἄλογα
674 572 787 636 ζῶα
816 573 847 644 ἥ
883 572 1174 642 ἀγάλματα
1215 572 1481 635 σέϐοντες,
1516 572 1549 642 ἣ
1584 573 1675 624 καὶ
1701 572 1768 624 τὰ
1803 572 1895 642 δη-

318 666 727 734 μιουργήματα·
755 664 869 717 δέον
904 666 967 717 ὲκ
1012 663 1104 715 τοῦ
1133 663 1358 725 κάλλους
1388 662 1565 714 αὐτῶν
1598 662 1895 732 θαυμάζειν

313 756 405 809 τὸν
450 757 806 826 πεποιηκότα,
856 758 1104 808 κάκεῖνον
1134 755 1342 806 σέϐειν·
1376 753 1649 824 ἄνθρωποι
1687 754 1763 815 δὲ,
1800 754 1893 804 καὶ

314 844 369 896 εἴ
394 862 446 900 τι
482 845 782 916 ἀνθρώπων
808 842 1154 914 τιμιώτερον,
1182 845 1231 895 οἱ
1272 842 1590 912 δυνηθέντες
1631 842 1892 909 ἀναϐῆναι

312 933 731 995 ἀκολουθοῦντες
763 931 839 1001 τῷ
878 932 1020 1001 λόγῳ
1050 932 1155 984 ἀπὸ
1188 931 1347 984 λίθων
1388 931 1482 983 καὶ
1532 930 1721 996 ξύλων,
1758 929 1892 981 ἀλλὰ

314 1024 529 1093 καὶτῆς
556 1024 910 1094 νομιζομένης
941 1023 1072 1093 ὕλης
1104 1019 1241 1075 εἶναι
1279 1024 1613 1093 τιμιωτάτης
1649 1021 1889 1092 ἀργύρου

312 1116 407 1167 καὶ
432 1117 630 1187 χρυσοῦ
652 1136 664 1147 ·
704 1117 1002 1181 ἀναϐάντες
1032 1116 1086 1169 δὲ
1112 1117 1204 1169 καὶ
1226 1116 1333 1169 ἀπὸ
1366 1114 1472 1167 τῶν
1498 1118 1553 1168 ὲν
1582 1116 1769 1185 κόσμῳ
1792 1132 1890 1167 κα-

311 1204 420 1257 λῶν
458 1208 548 1258 ἐπὶ
586 1208 676 1260 τὸν
712 1207 780 1259 τὰ
824 1208 919 1259 ὅλα
954 1209 1276 1277 ποιήσαντα,
1313 1207 1406 1257 καὶ
1450 1204 1642 1273 ἐκείνῳ
1671 1204 1892 1266 ἑαυτοὺς

311 1297 723 1362 πιστεύσαντες,
773 1299 867 1350 καὶ
897 1298 971 1361 ὡς
1021 1299 1165 1368 μόνῳ
1203 1299 1443 1368 διαρκεῖν
1477 1294 1759 1365 δυναμένῳ
1799 1295 1891 1347 ἐπὶ

310 1390 493 1443 πάντα
518 1388 588 1441 τά
623 1390 771 1453 ὄντα,
804 1391 895 1442 καὶ
936 1392 1135 1460 έφορᾷν
1166 1390 1290 1453 τοὺς
1328 1390 1544 1442 πάντων
1578 1388 1887 1456 λογισμοὺς,

307 1484 405 1537 καὶ
449 1484 665 1537 ἀκούειν
712 1484 810 1553 τῆς
854 1484 1067 1537 πάντων
1112 1483 1311 1552 εύχῆςο
1342 1482 1441 1543 τὰς
1488 1479 1651 1549 εύχέις
1699 1478 1890 1547 ἐκείνῳ

305 1575 746 1645 ἀναπέμποντες,
792 1576 884 1627 καὶ
914 1575 987 1639 ὡς
1019 1575 1111 1627 ἐπὶ
1153 1573 1344 1627 θεατοῦ
1380 1572 1541 1625 αὑτοῦ
1591 1571 1699 1623 τῶν
1741 1587 1887 1638 γινο-

308 1665 492 1735 μένων
528 1666 705 1719 πάντα
738 1665 1087 1736 πράττοντες,
1129 1666 1221 1719 καὶ
1254 1665 1327 1727 ὼς
1358 1665 1446 1716 ἐπὶ
1483 1661 1752 1733 ἀκροατοῦ
1779 1660 1887 1713 τῶν

303 1755 615 1827 λεγομένων
660 1756 1049 1827 φυλαττόμενοι
1096 1757 1275 1825 λέγειν
1316 1756 1376 1809 τὸ
1422 1756 1495 1826 μὴ
1546 1752 1886 1824 ἀρεσκόντως

303 1849 779 1918 ἀπαγγελλόμενον
810 1850 887 1919 τῷ
912 1849 1048 1918 Θεῷ.
1080 1850 1142 1901 Ei
1179 1849 1253 1919 μὴ
1278 1846 1385 1920 ἆρα
1413 1850 1445 1918 ἡ
1471 1844 1769 1915 τηλικαύτη
1800 1844 1889 1895 εύ-

306 1940 495 1994 σέϐεια
538 1940 649 1994 οὔθ’
680 1943 785 1994 ὑπὸ
822 1943 1018 2003 πόνων,
1050 1939 1162 1992 οὔθ’
1197 1939 1299 1992 ὑπὸ
1333 1937 1589 1992 κινδύνων
1634 1935 1885 1998 θανάτου,

302 2030 419 2084 οὔθ’
451 2031 553 2084 ὑπὸ
592 2032 822 2100 λογικῶν
848 2031 1220 2102 πιθανοτήτων
1252 2030 1551 2099 νικωμένη,
1584 2025 1734 2080 οὐδὲν
1766 2025 1889 2095 βοη-

303 2123 393 2177 θεῖ
424 2127 531 2187 τοῖς
575 2124 916 2196 ἀνειληφόσιν
951 2124 1121 2195 αὐτὴν
1164 2123 1302 2193 πρὸς
1339 2122 1401 2174 τὸ
1447 2119 1643 2191 μηκέτι
1690 2118 1886 2182 αὐτοὺς

304 2214 749 2285 παραϐάλλεσθαι
794 2215 1083 2286 σκώληξιν,
1125 2216 1177 2265 εί
1208 2212 1302 2265 καὶ
1346 2209 1750 2282 παρεϐάλλοντο
1782 2207 1887 2279 πρὸ

299 2305 405 2375 τῆς
431 2306 759 2376 τηλικαύτης
807 2305 1125 2369 eda-565mg;
1155 2299 1302 2374 Ἀρα
1328 2301 1383 2353 δὲ
1419 2302 1468 2353 οἱ
1500 2298 1757 2359 νικῶντες
1786 2296 1886 2367 τὴν

299 2394 639 2467 δριμυτάτην
682 2396 817 2467 πρὸς
851 2395 1141 2465 ἀφροδίσια
1180 2392 1378 2464 ὄρεξιν,
1419 2389 1627 2442 πολλῶν
1669 2388 1888 2458 ποιήσα-

304 2500 408 2536 σαν
457 2486 582 2547 τοὺς
615 2484 821 2555 θυμοὺς
866 2484 1177 2554 μαλθακοὺς
1214 2483 1305 2534 καὶ
1345 2480 1620 2552 κηρίνους,
1663 2478 1758 2530 καὶ
1800 2475 1887 2528 διά

301 2574 465 2626 τοῦτο
504 2574 779 2639 νικῶντες,
822 2575 943 2627 ἐπεί
973 2591 1077 2644 περ
1117 2571 1445 2641 ἐπείσθησαν
1480 2570 1553 2640 μὴ
1588 2568 1764 2630 ἄλλως
1809 2568 1887 2619 0i-

304 2664 600 2735 κειωθῆναι
633 2665 885 2720 δύνασθαι
912 2664 992 2735 τῷ
1021 2664 1157 2734 Θεῷ,
1194 2663 1287 2717 ἐάν
1317 2663 1391 2733 μὴ
1420 2663 1513 2715 καὶ
1552 2660 1643 2713 διά
1675 2676 1886 2730 σωφρο-

304 2754 474 2826 σύνης
506 2756 746 2810 ἀναϐῶσι
775 2757 910 2827 πρὸς
938 2756 1120 2819 αὑτὸν,
1153 2754 1446 2825 σκωλήκων
1480 2753 1608 2823 ύμῖν
1635 2751 1884 2806 δοκοῦσιν

300 2842 445 2901 εἶναι
473 2848 709 2917 ἀδελφοὶ,
752 2850 845 2903 καὶ
881 2849 1185 2920 μυρμήκων
1229 2847 1528 2914 συγγενεῖς,
1558 2845 1652 2897 καὶ
1683 2844 1884 2916 βατρά-

299 2952 416 3007 χοις
451 2938 855 3009 παραπλήσιοι;
892 2937 958 2989 Τί
990 2937 1067 3000 δὲ,
1102 2936 1162 2989 τὸ
1199 2935 1450 3006 λαμπρὸν
1478 2935 1577 3005 τῆς
1605 2934 1881 2989 δικαιοσύ-

299 3041 421 3096 νης,
446 3027 717 3099 τηρούσης
740 3027 802 3080 τὸ
828 3027 963 3098 πρὸς
985 3025 1075 3079 τὸν
1100 3025 1325 3095 πλησίον
1356 3024 1448 3077 καὶ
1484 3023 1741 3093 ὁμογενὲς
1768 3040 1882 3076 κοι-

300 3117 547 3181 νωνικδν,
571 3119 661 3171 καὶ
686 3118 914 3182 δίκαιον,
950 3118 1045 3171 καὶ
1074 3115 1472 3187 φιλάνθρωπον,
1504 3115 1597 3168 καὶ
1625 3112 1879 3184 χρηστὸν,

298 3208 454 3262 οὐδὲν
480 3207 631 3261 ἀνύει
655 3209 788 3280 πρὸς
812 3209 874 3261 τὸ
899 3209 972 3278 μὴ
993 3203 1130 3262 εἶναι
1155 3205 1441 3277 νυκτερίδα
1461 3204 1551 3257 τὸν
1569 3204 1763 3258 τοιονδί
1786 3220 1800 3269 ;
1830 3205 1880 3256 οἱ

300 3297 361 3351 δὲ
386 3300 511 3369 περὶ
536 3298 634 3362 τὰς
671 3300 963 3363 ἀκολασίας
1009 3298 1431 3369 καλινδούμενοι,
1466 3297 1636 3351 ὁποῖοί
1668 3299 1802 3350 εἰσιν
1830 3298 1881 3349 οἱ

302 3388 488 3443 πολλοὶ
505 3390 612 3443 τῶν
633 3390 952 3461 ἀνθρώπων,
982 3393 1073 3445 καὶ
1106 3392 1155 3443 οἱ
1178 3393 1295 3454 ταῖς
1329 3389 1700 3460 χαμαιτύπαις
1732 3388 1882 3442 ἀδια-

300 3482 484 3552 φόρως
514 3481 621 3552 (84)
650 3482 983 3553 προσιόντες,
1006 3482 1342 3544 διδάσκοντες
1365 3476 1429 3533 δὲ’
1445 3480 1537 3534 κα)⁵
1569 3480 1642 3550 μὴ
1663 3479 1880 3542 πάντως

298 3573 453 3645 παρά
502 3573 563 3625 τὸ
601 3573 840 3643 καθῆκον
869 3573 979 3645 (85)
1020 3572 1179 3626 τοῦτο
1212 3570 1475 3640 γίνεσθαι,
1517 3569 1617 3623 οῦκ
1644 3570 1781 3623 εἰσιν
1821 3571 1879 3623 ὲν

300 3663 546 3737 βορϐόρῳ
587 3663 899 3736 σκώληκες;
929 3665 1020 3718 καὶ
1053 3663 1286 3733 μάλιστα
1328 3662 1739 3734 συγκρινόμενοι
1769 3662 1881 3724 τοῖς

296 3756 592 3826 διδαχθεῖσι
622 3757 695 3829 μὴ
731 3776 749 3807 ι
785 3758 976 3825 αἴρειν
1004 3756 1077 3810 τὰ
1097 3756 1254 3826 μέλη
1287 3755 1389 3809 τοῦ
1420 3754 1697 3823 Χριστοῦ,
1734 3772 1753 3803 ι
1788 3753 1882 3805 καὶ

296 3846 361 3899 τὸ
387 3848 492 3900 ὑπὸ
520 3847 613 3901 τοῦ
640 3848 809 3916 Λόγου
834 3848 1146 3918 οἰκούμενον
1186 3848 1365 3918 σῶμα,
1393 3850 1484 3901 καὶ
1509 3848 1703 3901 ποιεῖν
1729 3847 1881 3901 αὐτὰ

297 3939 529 4007 πόρνης
543 3941 700 4008 μέλη
720 3956 733 3969 °
767 3939 993 4010 μαθοῦσι
1021 3939 1077 3991 δὲ
1098 3939 1198 4011 ἤδη
1225 3942 1318 3992 καὶ
1342 3940 1423 3992 ὅτι
1446 3939 1553 4010 (86)
1583 3939 1642 3991 τὸ
1665 3938 1759 3992 τοῦ
1792 3939 1881 3992 λοι-

296 4029 459 4100 γικοῦ
522 4031 614 4082 καὶ
664 4029 740 4099 τῷ
787 4029 905 4099 Θεῷ
944 4029 1053 4082 τῶν
1103 4030 1238 4081 ὅλων
1290 4029 1646 4099 ἀνακείμενον
1696 4029 1876 4100 σῶμα,

302 4139 325 4174 ί
393 4119 539 4185 ναός
606 4137 625 4171 ι
691 4120 805 4172 ἐστι
862 4119 954 4172 τοῦ
1015 4119 1485 4190 προσκυνουμένου
1545 4119 1636 4171 ὑπ’
1698 4118 1878 4172 αὐτῶν

303 4230 324 4264 ι
368 4210 535 4274 Θεοῦ,
581 4229 599 4261 ι
642 4209 880 4261 τοιοῦτον
920 4208 1027 4262 ἀπὸ
1064 4209 1164 4278 τῆς
1208 4208 1458 4278 καθαρᾶς
1500 4208 1748 4278 περὶτοῦ
1781 4209 1877 4279 δη-

300 4302 565 4377 μιουργοῦ
592 4301 797 4363 ἑννοίας
823 4299 1107 4370 γινόμενον
1126 4316 1139 4328 ·
1176 4298 1224 4351 οἳ
1255 4299 1350 4352 καὶ
1377 4297 1765 4368 φυλαττόμενοι
1790 4298 1877 4352 διά

296 4399 399 4470 τῆς
444 4396 760 4469 παρανόμου
800 4394 1080 4457 συνουσίας
1110 4394 1352 4466 φθείρειν
1395 4412 1413 4444 ι
1449 4392 1555 4445 τὸν
1584 4390 1734 4446 ναὸν
1769 4391 1877 4445 τοῦ

301 4490 472 4554 Θεοῦ,
514 4509 533 4541 ι
562 4490 638 4554 ὡς
667 4489 747 4553 εἰς
779 4487 911 4541 Θεὸν
944 4486 1224 4540 εὐσέϐειαν
1257 4485 1485 4540 ἀσκοῦσι
1514 4483 1611 4556 τὴν
1660 4501 1872 4555 σωφρο-

300 4582 484 4653 σύνην.

371 4675 477 4727 Καὶ
528 4673 680 4728 οὔπω
728 4672 870 4741 λέγω
918 4670 985 4724 τὰ
1028 4670 1189 4724 λοιπά
1244 4671 1301 4722 ὲν
1346 4667 1651 4739 ἀνθρώποις
1703 4666 1869 4731 κακά,

299 4760 373 4819 ὧν
406 4767 466 4818 ού
498 4765 705 4836 ταχέως
736 4764 843 4818 οὐδ’
871 4766 920 4817 οἱ
957 4762 1265 4831 φιλοσοφεῖν
1301 4760 1585 4823 δοκοῦντες
1613 4760 1877 4832 καθαρεύ-

299 4873 418 4908 ουσι
438 4873 450 4885 ·
482 4857 661 4909 πολλοὶ
691 4855 798 4926 γάρ
822 4857 915 4908 κα)⁵
941 4858 990 4909 οἱ
1023 4856 1079 4907 ἐν
1109 4852 1394 4923 φιλοσοφίᾳ
1419 4852 1582 4905 νόθοι.
1614 4851 1750 4907 Ούδέ
1781 4869 1876 4923 φη-

304 4947 365 5018 μί
386 4965 490 5009 πω,
514 4948 593 4999 ὃτι
623 4946 791 4999 πολλὰ
822 4947 918 5016 μέν
944 4948 1057 4998 ἐστι
1084 4945 1386 4999 τὰτοιαῦτα
1416 4944 1565 5015 παρά
1590 4947 1702 5009 τοῖς
1735 4946 1874 5015 μήτε

312 5037 581 5101 Ἰουδαίοις
613 5040 747 5109 μήτε
768 5041 1127 5109 Χριστιανοῖς.
1154 5038 1308 5090 Ἤτοι
1337 5037 1392 5089 δὲ
1412 5037 1519 5090 οὐδ’
1537 5036 1671 5099 ὅλως
1699 5036 1874 5106 ύπάρέ

299 5146 382 5199 χει
415 5131 472 5183 ὲν
502 5132 841 5201 Χριπιανοῖς
861 5147 874 5160 ο
917 5132 964 5182 εί
1002 5130 1205 5201 κυρίως
1237 5127 1531 5195 ἐξετάζοις,
1560 5127 1644 5190 τίς
1671 5129 1698 5180 ό
1734 5128 1869 5196 Χρι-

301 5222 541 5286 στιανός·
570 5220 603 5291 ἢ
628 5223 675 5272 εί
702 5220 793 5273 καὶ
817 5220 1084 5291 εὑρεθείη,
1110 5218 1224 5272 ἀλλ’
1246 5218 1361 5272 οὔτι
1389 5236 1452 5287 γε
1485 5220 1543 5273 ἐν
1574 5220 1684 5280 τοῖς
1713 5232 1869 5269 συνε-

377 5367 424 5401 ⁸¹
452 5366 470 5421 ι
494 5367 621 5423 Cor.
654 5379 730 5429 vt,
762 5363 851 5417 l5.
928 5362 973 5394 ³³
1004 5361 1174 5417 lCor.
1206 5378 1290 5427 HI,
1320 5361 1407 5415 16.

368 5508 479 5580 (84)
515 5505 884 5575 Ἀδιαφόρως.
930 5504 1016 5580 Ita.
1053 5512 1203 5580 recte
1247 5501 1468 5580 omnino
1508 5501 1671 5580 habet
1699 5500 1865 5580 codex

301 5570 646 5639 Balileensis,
669 5570 759 5628 ’ρι’
786 5584 940 5629 vetus
973 5571 1285 5626 Vaticanus.
1353 5572 1523 5634 Alias,
1573 5570 1864 5641 διαφόρως,

302 5649 458 5703 male.
491 5647 631 5700 Infra
684 5645 840 5699 codd.
898 5642 1097 5712 Regius
1130 5652 1185 5695 et
1225 5642 1568 5712 Basilecnsis,
1617 5639 1865 5695 6150106

1010 5712 1033 5724 ⁸ο

297 5720 466 5788 Λόγου
490 5714 769 5786 οἱκονομού
779 5730 935 5785 μενον
967 5714 1146 5783 σῶμα.

623 5810 896 5867 Ριιτιιοιι.
942 5806 1059 5867 Gn.
1111 5805 1222 5868 XI.

1998 496 2132 536 sana
2168 480 2235 533 de
2262 478 2372 533 Deo
2408 477 2618 545 perdita
2657 476 2927 530 sententia
2950 518 2963 541 ,
3007 492 3145 530 vana
3180 478 3401 546 pietatis
3436 479 3568 532 ima-

1997 571 2120 640 gine
2148 570 2338 637 delusi,
2372 578 2465 623 aut
2494 568 2749 623 animalia
2782 567 3009 622 rationis
3046 570 3290 637 expertia
3312 609 3325 631 ,
3364 578 3458 622 aut
3488 570 3567 623 si-

1996 663 2271 728 mulacra,
2303 672 2396 716 aut
2427 662 2567 715 alias
2594 662 2834 730 insignes
2865 660 3026 727 hujus
3052 662 3233 714 mundi
3279 677 3362 715 res
3396 677 3564 717 vene-

1995 766 2207 818 rantur,
2240 770 2468 823 quarutn
2516 754 2921 823 pulchritudine
2959 754 3025 806 ad
3066 754 3441 808 admirandum
3472 773 3565 810 co-

1995 845 2325 913 lendumque
2369 846 2619 911 opificem
2676 843 2873 898 adduci
2926 846 3300 899 tantummodo
3349 846 3565 901 debuis-

1994 945 2146 998 sent;
2179 934 2275 988 sed
2315 934 2431 988 illos
2480 950 2600 987 esse
2632 934 2922 999 homines,
2960 944 3014 988 et
3045 935 3090 990 si
3120 936 3249 1004 quid
3286 945 3369 989 est
3398 938 3565 990 homi-

1994 1029 2152 1083 nibus
2181 1014 2561 1086 excellentius.
2596 1026 2716 1093 qui,
2768 1026 3037 1080 rationem
3071 1027 3261 1081 ducem
3297 1032 3501 1093 secuti,
3534 1046 3565 1081 a

1992 1120 2261 1189 lapidibus
2310 1129 2364 1173 et
2399 1118 2557 1187 lignis
2580 1156 2594 1181 ,
2651 1118 2718 1172 ab
2749 1133 2882 1171 auro
2914 1128 2969 1172 et
3005 1130 3226 1187 argento
3273 1121 3462 1190 majori
3510 1122 3563 1174 in

1994 1213 2167 1280 pretio
2201 1212 2421 1276 habitis,
2452 1226 2480 1267 ιι
2522 1213 2681 1267 rebus
2706 1208 2870 1277 hujus
2908 1211 3093 1263 mundi
3124 1212 3417 1279 quamlibet
3441 1228 3565 1278 spe-

1994 1302 2175 1367 ciosis,
2212 1304 2277 1355 ad
2324 1303 2564 1357 omnium
2616 1301 2956 1355 conditorem
3003 1301 3219 1371 erigere
3276 1319 3333 1358 se
3374 1317 3565 1371 potue-

2003 1407 2131 1449 runt
2158 1413 2172 1461 ;
2199 1396 2287 1463 qui
2313 1409 2370 1449 se
2396 1406 2535 1449 totos
2558 1394 2631 1447 illi
2658 1394 3051 1447 commiserunt
3078 1406 3094 1458 ;
3128 1395 3215 1461 qni
3237 1433 3253 1459 ,
3291 1398 3433 1464 quod
3467 1413 3564 1465 pro

1992 1497 2147 1540 certo
2175 1487 2409 1539 habeant
2440 1486 2589 1539 illum
2622 1484 3066 1540 solumomnibus
3102 1498 3259 1552 posse
3292 1488 3561 1549 suffire-rc,

1992 1578 2348 1646 cogitationes
2368 1578 2610 1653 omnium
2639 1577 3232 1646 perspicerc,omnium
3253 1593 3441 1646 preces
3475 1598 3566 1632 au-

1993 1670 2130 1735 dire,
2168 1684 2355 1737 preces
2384 1669 2449 1721 ad
2475 1667 2626 1721 illum
2650 1668 3111 1737 dirigunt,omnia
3141 1670 3293 1737 quasi
3320 1670 3433 1738 ipso
3475 1672 3564 1723 in-

1988 1764 2267 1823 spectante
2296 1754 2515 1822 faciunt,
2548 1767 2603 1809 et
2632 1757 2784 1824 quasi
2818 1759 3071 1811 audiente
3096 1758 3228 1833 ipso
3268 1770 3463 1814 cavent
3496 1778 3564 1815 ne

1987 1844 2279 1915 quidquam
2314 1846 2444 1914 ipsis
2471 1846 2727 1911 excidat,
2753 1848 2897 1914 quod
2932 1847 3007 1900 illi
3046 1848 3339 1916 displicere
3371 1852 3561 1918 possit.

1988 1936 2113 1991 ΙΙωο
2134 1946 2275 1990 tanta
2295 1937 2467 2006 pietas
2492 1936 2652 2006 520
2668 1939 3076 2004 neclaboribus,
3092 1955 3191 1994 nec
3211 1942 3401 1996 mortis
3414 1943 3563 2011 peri-

1988 2027 2147 2094 culis,
2172 2042 2270 2081 nec
2293 2028 2553 2096 captiosis
2581 2028 2851 2081 rationum
2895 2030 3341 2086 conclusionibus
3372 2033 3565 2087 debili-

1991 2127 2123 2185 tata,
2146 2117 2352 2172 nihilne
2377 2117 2521 2171 illam
2539 2117 2800 2188 amplcxis
2816 2120 3078 2188 proderit,
3094 2122 3387 2190 quominus
3409 2123 3563 2176 dein-

1989 2224 2115 2277 ceps
2127 2224 2248 2261 cum
2268 2207 2580 2263 vermiculis
2601 2208 2974 2273 conferantur,
2991 2211 3203 2265 etiamsi
3226 2222 3384 2266 antea
3404 2226 3558 2267 com-

1987 2301 2169 2368 parari
2198 2302 2480 2370 potuerint
2502 2302 2524 2355 ?
2543 2300 2680 2366 Quid
2703 2300 2726 2355 ἲ
2749 2301 2841 2371 qui
2892 2300 3423 2357 vehementissimam
3465 2306 3560 2359 ob-

1996 2405 2196 2446 scmnze
2220 2390 2509 2460 voluptatis
2540 2391 2811 2445 libidinem
2830 2402 3179 2447 enervantem
3202 2400 3366 2461 atque
3388 2394 3560 2448 emol-

1987 2481 2205 2536 lientem
2229 2484 2443 2537 animos
2465 2482 2723 2538 cohibent
2749 2499 2811 2537 ea
2843 2497 3032 2548 causa,
3066 2485 3211 2552 quod
3240 2499 3557 2553 persuasum

1987 2572 2193 2625 habent
2224 2588 2284 2626 se
2321 2572 2415 2627 Dei
2450 2588 2558 2626 non
2603 2588 2760 2644 posse
2804 2572 3228 2628 familiaritatem
3276 2578 3554 2645 consequi,

1990 2663 2095 2718 nisi
2140 2664 2207 2718 ad
2258 2679 2379 2719 eum
2422 2680 2517 2733 per
2584 2665 2996 2733 temperantiam
3045 2669 3465 2735 contenderim;
3522 2668 3558 2723 ii

1985 2758 2141 2813 vobis
2184 2756 2605 2811 vermiculorum
2661 2757 2946 2825 germani,
2996 2759 3377 2828 cognationem
3430 2776 3555 2813 cum

1986 2849 2231 2905 formicis
2258 2849 2476 2911 habere,
2497 2846 2698 2901 similes
2726 2862 2845 2901 esse
2877 2848 3023 2902 ranis
3064 2850 3352 2904 videntur?
3380 2851 3556 2918 Quid?

1984 2940 2201 2996 Iustitia
2225 2979 2239 3001 .
2278 2937 2559 3009 Splendida
2594 2937 2683 2990 illa
2714 2938 2885 2991 virtus
2923 2952 3042 3007 quae
3074 2954 3204 3009 erga
3249 2942 3557 3008 proximum

1980 3032 2101 3101 jura
2137 3030 2442 3095 societatis,
2473 3029 2786 3098 aequitatem
2806 3068 2821 3091 ,
2848 3030 3240 3098 benignitatem
3260 3071 3275 3096 ,
3302 3032 3557 3087 humani-

1991 3131 2155 3177 tatem
2187 3130 2401 3184 servat,
2452 3137 2558 3174 non
2598 3119 2841 3173 obstabit
2892 3119 3021 3188 quin
3056 3120 3146 3173 illa
3201 3122 3465 3189 praeditus
3501 3108 3556 3177 in

1984 3212 2394 3281 vespertiliones
2426 3210 2741 3264 referatur?
2769 3210 2969 3264 Contra
2991 3209 3163 3278 quise
3189 3211 3240 3264 in
3262 3209 3558 3281 flagitiosus

1983 3305 2240 3361 libidines
2286 3304 2642 3372 ingurgitant,
2692 3300 2836 3372 quod
2887 3300 3131 3370 plerique
3176 3300 3413 3369 faciunt,
3461 3304 3552 3373 qui

1984 3398 2131 3455 nullo
2161 3397 2364 3467 pudore
2386 3396 2452 3450 ad
2490 3395 2678 3450 obvias
2701 3408 2947 3463 quasque
2980 3394 3180 3463 vulgati
3203 3396 3446 3461 corporis
3471 3396 3553 3449 fe-

1982 3490 2159 3545 minas
2199 3488 2482 3551 accedunt,
2511 3486 2610 3553 qui
2671 3485 2866 3539 docent
2894 3486 3009 3539 haec
3035 3500 3140 3538 non
3172 3500 3292 3540 esse
3326 3484 3553 3554 ﬂagitia,

1983 3596 2165 3635 nonne
2204 3578 2279 3632 illi
2302 3584 2428 3631 sunt
2448 3590 2662 3630 vermes
2692 3576 2743 3629 in
2775 3590 2933 3630 canto
2959 3574 3180 3628 volutati
3203 3576 3225 3627 ?
3251 3576 3554 3644 praesertim

1983 3674 2028 3728 si
2062 3679 2445 3741 comparentur
2465 3668 2531 3721 ad
2553 3682 2647 3722 eos
2694 3667 2784 3736 qui
2816 3666 2963 3721 docti
3009 3676 3135 3719 sunt
3167 3681 3273 3720 non
3312 3684 3331 3716 ι
3366 3666 3554 3721 tollere

1982 3764 2222 3820 membra
2253 3746 2456 3817 Christi
2491 3779 2508 3812 ι
2542 3770 2598 3813 et
2616 3772 2814 3827 corpus
2840 3758 2891 3811 in
2921 3771 3027 3826 quo
3066 3758 3297 3813 Verbum
3322 3759 3551 3839 habitat,

1982 3865 2065 3910 utr
2091 3853 2541 3910 faciantmembra
2558 3851 2861 3905 meretricis
2885 3852 2929 3881 ⁵²
2954 3866 2966 3915 ;
2993 3851 3219 3920 nquique
3243 3850 3554 3906 didicerunt

1979 3962 2174 4017 corpus
2206 3947 2258 4001 in
2283 3961 2391 4016 quo
2424 3955 2615 3999 natura
2637 3952 2720 3999 est
2751 3942 2973 3997 rationis
3004 3944 3294 4011 particeps,
3331 3944 3553 3997 univer-

1979 4054 2161 4094 sorum
2194 4038 2303 4093 Deo
2324 4045 2723 4100 consecratum,
2753 4053 2772 4086 ι
2800 4034 3054 4102 templum
3080 4053 3098 4086 ι
3128 4049 3246 4088 esse
3277 4052 3297 4085 ι
3340 4035 3426 4088 Dei
3452 4033 3497 4065 ⁸³
3523 4052 3546 4087 1

1979 4145 2138 4200 quem
2167 4130 2430 4194 adorant,
2476 4127 2702 4196 fierique
2740 4125 2832 4180 Dei
2870 4125 3124 4192 templum
3152 4140 3273 4178 eum
3308 4134 3455 4179 recte
3485 4126 3553 4179 de

1978 4222 2260 4277 conditore
2311 4222 2585 4287 sentitur;
2638 4220 2728 4288 qui
2783 4218 3016 4285 denique
3066 4218 3352 4270 horrentes
3403 4235 3423 4266 ‹
3455 4216 3547 4269 Dei

1981 4311 2235 4379 templum
2260 4328 2279 4361 ι
2315 4310 2505 4365 illicita
2530 4309 2809 4375 voluptate
2835 4305 3100 4375 polluere,
3130 4318 3241 4359 sua:
3270 4304 3549 4373 religionis

1910 4420 1954 4475 υ
1980 4414 2102 4456 esse
2132 4401 2340 4455 ducunt
2368 4399 2549 4453 colere
2579 4396 3015 4467 temperantiam.

2051 4664 2147 4719 ‘27.
2177 4664 2448 4719 Praetereo
2488 4672 2681 4719 czetera
2712 4679 2833 4733 qua:
2880 4664 3019 4732 apud
3069 4664 3322 4720 homines
3366 4666 3552 4736 vigent

1981 4758 2236 4821 crimina,
2267 4771 2496 4826 quorum
2526 4755 2758 4811 fortasse
2782 4772 2884 4811 non
2909 4765 3034 4811 sunt
3057 4758 3322 4812 immunes
3346 4757 3428 4812 vel
3458 4760 3551 4828 qui

1981 4846 2372 4917 philoSOphiam
2403 4861 2513 4915 pra:
2539 4859 2597 4901 se
2622 4844 2845 4900 ferunt:
2882 4846 3034 4901 multi
3079 4848 3221 4900 enim
3253 4857 3379 4901 sunt
3416 4865 3553 4919 quos

1982 4940 2244 5008 genuinos
2270 4938 2564 5007 discipulos
2592 4939 2923 5009 philosophia
2954 4956 3060 4995 non
3085 4941 3350 5009 agnoscit.
3376 4942 3555 4997 Taceo

1980 5033 2143 5085 etiam
2171 5030 2339 5083 multa
2375 5030 2636 5100 ejusmodi
2667 5032 2895 5087 crimina
2922 5031 3059 5102 apud
3084 5048 3178 5088 eos
3211 5034 3435 5104 reperiri
3460 5034 3550 5101 qui

1978 5139 2153 5192 neque
2180 5122 2372 5186 Judaei,
2402 5140 2574 5193 neque
2596 5124 2896 5179 Christiani
2926 5134 3075 5181 sunt.
3108 5125 3331 5179 Atlirmo
3363 5135 3547 5179 autem

1980 5216 2093 5271 haec
2121 5226 2214 5270 aut
2245 5218 2385 5286 apud
2419 5217 2760 5273 Christianos
2791 5232 2902 5272 non
2925 5232 3068 5282 esse,
3098 5217 3144 5271 si
3172 5218 3300 5286 quid
3330 5216 3549 5286 proprie

2051 5498 2163 5567 (85)
2194 5497 2361 5564 Παρὰ
2387 5498 2455 5550 τὸ
2486 5497 2770 5565 καθῆκον.
2792 5497 2855 5550 γ.
2882 5494 3122 5567 Tull.or.
3140 5509 3233 5567 pro
3358 5489 3544 5549 Caelio.

2046 5562 2156 5639 (86)
2198 5562 2308 5621 Voi
2336 5562 2694 5639 ὅτιηιιιιοεςίιι
2754 5577 2912 5639 antea
2962 5564 3129 5639 editis
3179 5562 3543 5639 desideratur,

1976 5634 2280 5692 restituitur
2303 5652 2333 5689 e
2354 5634 2539 5691 rodiee
2590 5637 2821 5689 Joliano.
2843 5635 3009 5688 Paulo
3036 5646 3176 5702 pos:,
3205 5634 3344 5687 idem
3370 5634 3538 5688 codex

1974 5720 2144 5775 recte,
2168 5707 2215 5761 οἳ
2242 5709 2336 5761 καὶ
2358 5706 2766 5776 φυλαττόμενοι.

3196 5797 3272 5855 3⁵ι
