  <div class='ocr_page' id='page_1' title='image "/cluster/home/n/w/nwhite01/storage/ocr_20150623/11/mdp.39015013266690/547.png"; bbox 0 0 3986 6164; ppageno 0'>
   <div class='ocr_carea' id='block_1_1' title="bbox 464 269 607 328">
    <p class='ocr_par' dir='ltr' id='par_1_1' title="bbox 464 269 607 328">
     <span class='ocr_line' id='line_1_1' title="bbox 464 269 607 328; baseline -0.007 0"><span class='ocrx_word' id='word_1_1' title='bbox 464 269 607 328; x_wconf 72' lang='grc'><strong>1067</strong></span> 
     </span>
    </p>
   </div>
   <div class='ocr_carea' id='block_1_2' title="bbox 1881 271 2203 329">
    <p class='ocr_par' dir='ltr' id='par_1_2' title="bbox 1881 271 2203 329">
     <span class='ocr_line' id='line_1_2' title="bbox 1881 271 2203 329; baseline -0.003 -1"><span class='ocrx_word' id='word_1_2' title='bbox 1881 271 2203 329; x_wconf 78' lang='lat' dir='ltr'><strong>ORIGENIS</strong></span> 
     </span>
    </p>
   </div>
   <div class='ocr_carea' id='block_1_3' title="bbox 3588 281 3737 341">
    <p class='ocr_par' dir='ltr' id='par_1_3' title="bbox 3588 281 3737 341">
     <span class='ocr_line' id='line_1_3' title="bbox 3588 281 3737 341; baseline 0.04 -6"><span class='ocrx_word' id='word_1_3' title='bbox 3588 281 3737 341; x_wconf 64' lang='lat'><strong>£068</strong></span> 
     </span>
    </p>
   </div>
   <div class='ocr_carea' id='block_1_4' title="bbox 462 392 2024 478">
    <p class='ocr_par' dir='ltr' id='par_1_4' title="bbox 462 392 2024 458">
     <span class='ocr_line' id='line_1_4' title="bbox 462 392 2024 458; baseline -0.001 -10"><span class='ocrx_word' id='word_1_4' title='bbox 462 392 901 450; x_wconf 83' lang='lat' dir='ltr'><strong>sitChristianus</strong></span> <span class='ocrx_word' id='word_1_5' title='bbox 929 392 1358 450; x_wconf 80' lang='lat' dir='ltr'><strong>cortsideraveris</strong></span> <span class='ocrx_word' id='word_1_6' title='bbox 1383 407 1399 458; x_wconf 85' lang='lat'><strong>;</strong></span> <span class='ocrx_word' id='word_1_7' title='bbox 1436 394 1554 457; x_wconf 85' lang='lat' dir='ltr'><strong>aut,</strong></span> <span class='ocrx_word' id='word_1_8' title='bbox 1582 393 1627 448; x_wconf 89' lang='lat' dir='ltr'><strong>sl</strong></span> <span class='ocrx_word' id='word_1_9' title='bbox 1659 392 2024 457; x_wconf 80' lang='lat' dir='ltr'><strong>Inveniuntur,</strong></span> 
     </span>
    </p>
   </div>
   <div class='ocr_carea' id='block_1_5' title="bbox 2131 392 3733 478">
    <p class='ocr_par' dir='ltr' id='par_1_5' title="bbox 2136 392 3733 478">
     <span class='ocr_line' id='line_1_5' title="bbox 2136 392 3733 478; baseline 0.006 -32"><span class='ocrx_word' id='word_1_10' title='bbox 2136 392 2385 465; x_wconf 83' lang='grc' dir='ltr'>δρεύουσι</span> <span class='ocrx_word' id='word_1_11' title='bbox 2412 394 2504 448; x_wconf 79' lang='grc' dir='ltr'><strong>καὶ</strong></span> <span class='ocrx_word' id='word_1_12' title='bbox 2524 394 2617 449; x_wconf 76' lang='grc' dir='ltr'>ἐπὶ</span> <span class='ocrx_word' id='word_1_13' title='bbox 2641 396 2741 462; x_wconf 82' lang='grc' dir='ltr'>τὰς</span> <span class='ocrx_word' id='word_1_14' title='bbox 2760 397 2946 463; x_wconf 78' lang='grc' dir='ltr'>κοινὰς</span> <span class='ocrx_word' id='word_1_15' title='bbox 2967 399 3132 470; x_wconf 81' lang='grc' dir='ltr'>εὐχὰς</span> <span class='ocrx_word' id='word_1_16' title='bbox 3157 399 3494 473; x_wconf 78' lang='grc' dir='ltr'><strong>ἐρχομένοις,</strong></span> <span class='ocrx_word' id='word_1_17' title='bbox 3524 403 3618 455; x_wconf 73' lang='grc' dir='ltr'><strong>καὶ</strong></span> <span class='ocrx_word' id='word_1_18' title='bbox 3647 407 3733 478; x_wconf 80' lang='grc' dir='ltr'><strong>μὴ</strong></span> 
     </span>
    </p>
   </div>
   <div class='ocr_carea' id='block_1_6' title="bbox 461 482 2040 555">
    <p class='ocr_par' dir='ltr' id='par_1_6' title="bbox 461 482 2040 555">
     <span class='ocr_line' id='line_1_6' title="bbox 461 482 2040 555; baseline 0 -14"><span class='ocrx_word' id='word_1_19' title='bbox 461 502 571 542; x_wconf 88' lang='lat' dir='ltr'><strong>non</strong></span> <span class='ocrx_word' id='word_1_20' title='bbox 611 493 759 542; x_wconf 90' lang='lat' dir='ltr'><strong>certe</strong></span> <span class='ocrx_word' id='word_1_21' title='bbox 786 485 925 540; x_wconf 88' lang='lat' dir='ltr'><strong>inter</strong></span> <span class='ocrx_word' id='word_1_22' title='bbox 960 500 1059 540; x_wconf 88' lang='lat' dir='ltr'><strong>eos</strong></span> <span class='ocrx_word' id='word_1_23' title='bbox 1087 485 1178 553; x_wconf 87' lang='lat' dir='ltr'><strong>qui</strong></span> <span class='ocrx_word' id='word_1_24' title='bbox 1212 484 1278 536; x_wconf 92' lang='lat' dir='ltr'><strong>ad</strong></span> <span class='ocrx_word' id='word_1_25' title='bbox 1309 492 1509 538; x_wconf 67' lang='lat' dir='ltr'><strong>cretum</strong></span> <span class='ocrx_word' id='word_1_26' title='bbox 1539 482 1907 550; x_wconf 89' lang='lat' dir='ltr'><strong>conveniunt,</strong></span> <span class='ocrx_word' id='word_1_27' title='bbox 1945 487 2040 555; x_wconf 88' lang='lat' dir='ltr'><strong>qui</strong></span> 
     </span>
    </p>
   </div>
   <div class='ocr_carea' id='block_1_7' title="bbox 460 578 2035 651">
    <p class='ocr_par' dir='ltr' id='par_1_7' title="bbox 460 578 2035 651">
     <span class='ocr_line' id='line_1_7' title="bbox 460 578 2035 651; baseline 0.001 -16"><span class='ocrx_word' id='word_1_28' title='bbox 460 580 717 649; x_wconf 82' lang='lat' dir='ltr'><strong>precibus</strong></span> <span class='ocrx_word' id='word_1_29' title='bbox 750 580 978 651; x_wconf 86' lang='lat' dir='ltr'><strong>publicis</strong></span> <span class='ocrx_word' id='word_1_30' title='bbox 1009 579 1319 645; x_wconf 89' lang='lat' dir='ltr'><strong>intersunt,</strong></span> <span class='ocrx_word' id='word_1_31' title='bbox 1357 594 1457 633; x_wconf 91' lang='lat' dir='ltr'><strong>nec</strong></span> <span class='ocrx_word' id='word_1_32' title='bbox 1489 578 1558 633; x_wconf 92' lang='lat' dir='ltr'><strong>ab</strong></span> <span class='ocrx_word' id='word_1_33' title='bbox 1598 580 1704 636; x_wconf 88' lang='lat' dir='ltr'><strong>illis</strong></span> <span class='ocrx_word' id='word_1_34' title='bbox 1739 591 2035 637; x_wconf 87' lang='lat' dir='ltr'><strong>arcentur:</strong></span> 
     </span>
    </p>
   </div>
   <div class='ocr_carea' id='block_1_8' title="bbox 463 671 2037 745">
    <p class='ocr_par' dir='ltr' id='par_1_8' title="bbox 463 671 2037 745">
     <span class='ocr_line' id='line_1_8' title="bbox 463 671 2037 745; baseline 0.002 -18"><span class='ocrx_word' id='word_1_35' title='bbox 463 674 567 728; x_wconf 90' lang='lat' dir='ltr'><strong>nisi</strong></span> <span class='ocrx_word' id='word_1_36' title='bbox 624 674 761 728; x_wconf 82' lang='lat' dir='ltr'><strong>forte</strong></span> <span class='ocrx_word' id='word_1_37' title='bbox 812 671 935 741; x_wconf 86' lang='lat' dir='ltr'><strong>quis</strong></span> <span class='ocrx_word' id='word_1_38' title='bbox 986 671 1125 724; x_wconf 87' lang='lat' dir='ltr'><strong>inter</strong></span> <span class='ocrx_word' id='word_1_39' title='bbox 1179 672 1316 727; x_wconf 89' lang='lat' dir='ltr'><strong>alios</strong></span> <span class='ocrx_word' id='word_1_40' title='bbox 1360 672 1547 727; x_wconf 81' lang='lat' dir='ltr'><strong>furtim</strong></span> <span class='ocrx_word' id='word_1_41' title='bbox 1605 674 1892 745; x_wconf 87' lang='lat' dir='ltr'><strong>irrepsisse</strong></span> <span class='ocrx_word' id='word_1_42' title='bbox 1941 675 2037 730; x_wconf 89' lang='lat' dir='ltr'><strong>de-</strong></span> 
     </span>
    </p>
   </div>
   <div class='ocr_carea' id='block_1_9' title="bbox 462 759 2035 831">
    <p class='ocr_par' dir='ltr' id='par_1_9' title="bbox 462 759 2035 831">
     <span class='ocr_line' id='line_1_9' title="bbox 462 759 2035 831; baseline 0.003 -17"><span class='ocrx_word' id='word_1_43' title='bbox 462 762 854 831; x_wconf 80' lang='lat' dir='ltr'><strong>prehendatur.</strong></span> <span class='ocrx_word' id='word_1_44' title='bbox 883 759 1000 814; x_wconf 90' lang='lat' dir='ltr'><strong>Non</strong></span> <span class='ocrx_word' id='word_1_45' title='bbox 1047 761 1217 828; x_wconf 79' lang='lat' dir='ltr'><strong>igitur</strong></span> <span class='ocrx_word' id='word_1_46' title='bbox 1268 762 1552 817; x_wconf 88' lang='lat' dir='ltr'><strong>vermiculi</strong></span> <span class='ocrx_word' id='word_1_47' title='bbox 1599 779 1791 819; x_wconf 90' lang='lat' dir='ltr'><strong>sumus</strong></span> <span class='ocrx_word' id='word_1_48' title='bbox 1832 774 2035 820; x_wconf 62' lang='lat' dir='ltr'><strong>castum</strong></span> 
     </span>
    </p>
   </div>
   <div class='ocr_carea' id='block_1_10' title="bbox 462 849 2038 924">
    <p class='ocr_par' dir='ltr' id='par_1_10' title="bbox 462 849 2038 924">
     <span class='ocr_line' id='line_1_10' title="bbox 462 849 2038 924; baseline 0.006 -21"><span class='ocrx_word' id='word_1_49' title='bbox 462 849 738 913; x_wconf 78' lang='lat' dir='ltr'><strong>facientes,</strong></span> <span class='ocrx_word' id='word_1_50' title='bbox 774 864 876 906; x_wconf 88' lang='lat' dir='ltr'><strong>nos</strong></span> <span class='ocrx_word' id='word_1_51' title='bbox 898 851 988 921; x_wconf 91' lang='lat' dir='ltr'><strong>qui</strong></span> <span class='ocrx_word' id='word_1_52' title='bbox 1041 862 1232 906; x_wconf 86' lang='lat' dir='ltr'><strong>contra</strong></span> <span class='ocrx_word' id='word_1_53' title='bbox 1259 851 1476 910; x_wconf 73' lang='lat' dir='ltr'><strong>Iudaeos</strong></span> <span class='ocrx_word' id='word_1_54' title='bbox 1510 870 1542 909; x_wconf 90' lang='lat' dir='ltr'><strong>e</strong></span> <span class='ocrx_word' id='word_1_55' title='bbox 1583 856 1866 924; x_wconf 89' lang='lat' dir='ltr'><strong>scripturis</strong></span> <span class='ocrx_word' id='word_1_56' title='bbox 1901 871 2038 924; x_wconf 87' lang='lat' dir='ltr'><strong>quas</strong></span> 
     </span>
    </p>
   </div>
   <div class='ocr_carea' id='block_1_11' title="bbox 458 943 2034 1017">
    <p class='ocr_par' dir='ltr' id='par_1_11' title="bbox 458 943 2034 1017">
     <span class='ocr_line' id='line_1_11' title="bbox 458 943 2034 1017; baseline 0.003 -21"><span class='ocrx_word' id='word_1_57' title='bbox 458 943 686 996; x_wconf 88' lang='lat' dir='ltr'><strong>credunt</strong></span> <span class='ocrx_word' id='word_1_58' title='bbox 717 951 909 997; x_wconf 85' lang='lat' dir='ltr'><strong>sacras</strong></span> <span class='ocrx_word' id='word_1_59' title='bbox 938 957 1244 1011; x_wconf 81' lang='lat' dir='ltr'><strong>pugnamus</strong></span> <span class='ocrx_word' id='word_1_60' title='bbox 1266 984 1282 1009; x_wconf 97' lang='lat'><strong>,</strong></span> <span class='ocrx_word' id='word_1_61' title='bbox 1309 954 1363 998; x_wconf 88' lang='lat' dir='ltr'><strong>ct</strong></span> <span class='ocrx_word' id='word_1_62' title='bbox 1390 945 1758 1010; x_wconf 85' lang='lat' dir='ltr'><strong>ostendimus,</strong></span> <span class='ocrx_word' id='word_1_63' title='bbox 1791 962 1912 1002; x_wconf 91' lang='lat' dir='ltr'><strong>eum</strong></span> <span class='ocrx_word' id='word_1_64' title='bbox 1944 948 2034 1017; x_wconf 92' lang='lat' dir='ltr'><strong>qui</strong></span> 
     </span>
    </p>
   </div>
   <div class='ocr_carea' id='block_1_12' title="bbox 455 1035 2034 1109">
    <p class='ocr_par' dir='ltr' id='par_1_12' title="bbox 455 1035 2034 1109">
     <span class='ocr_line' id='line_1_12' title="bbox 455 1035 2034 1109; baseline 0.004 -20"><span class='ocrx_word' id='word_1_65' title='bbox 455 1035 744 1104; x_wconf 61' lang='lat' dir='ltr'><strong>praedictus</strong></span> <span class='ocrx_word' id='word_1_66' title='bbox 804 1043 909 1099; x_wconf 78' lang='lat' dir='ltr'><strong>est,</strong></span> <span class='ocrx_word' id='word_1_67' title='bbox 961 1037 1280 1103; x_wconf 86' lang='lat' dir='ltr'><strong>advenisse,</strong></span> <span class='ocrx_word' id='word_1_68' title='bbox 1368 1038 1601 1107; x_wconf 87' lang='lat' dir='ltr'><strong>illosque</strong></span> <span class='ocrx_word' id='word_1_69' title='bbox 1652 1049 1873 1109; x_wconf 80' lang='lat' dir='ltr'><strong>propter</strong></span> <span class='ocrx_word' id='word_1_70' title='bbox 1937 1057 2034 1096; x_wconf 85' lang='lat' dir='ltr'><strong>sua</strong></span> 
     </span>
    </p>
   </div>
   <div class='ocr_carea' id='block_1_13' title="bbox 455 1127 2034 1204">
    <p class='ocr_par' dir='ltr' id='par_1_13' title="bbox 455 1127 2034 1204">
     <span class='ocr_line' id='line_1_13' title="bbox 455 1127 2034 1204; baseline 0.005 -23"><span class='ocrx_word' id='word_1_71' title='bbox 455 1127 693 1182; x_wconf 84' lang='lat' dir='ltr'><strong>maxima</strong></span> <span class='ocrx_word' id='word_1_72' title='bbox 750 1138 974 1196; x_wconf 90' lang='lat' dir='ltr'><strong>peccata</strong></span> <span class='ocrx_word' id='word_1_73' title='bbox 1023 1130 1269 1184; x_wconf 87' lang='lat' dir='ltr'><strong>desertos</strong></span> <span class='ocrx_word' id='word_1_74' title='bbox 1316 1129 1518 1193; x_wconf 85' lang='lat' dir='ltr'><strong>fuisse;</strong></span> <span class='ocrx_word' id='word_1_75' title='bbox 1574 1144 1675 1188; x_wconf 89' lang='lat' dir='ltr'><strong>nos</strong></span> <span class='ocrx_word' id='word_1_76' title='bbox 1718 1143 1896 1188; x_wconf 89' lang='lat' dir='ltr'><strong>autem</strong></span> <span class='ocrx_word' id='word_1_77' title='bbox 1943 1136 2034 1204; x_wconf 87' lang='lat' dir='ltr'><strong>qui</strong></span> 
     </span>
    </p>
   </div>
   <div class='ocr_carea' id='block_1_14' title="bbox 454 1218 2034 1293">
    <p class='ocr_par' dir='ltr' id='par_1_14' title="bbox 454 1218 2034 1293">
     <span class='ocr_line' id='line_1_14' title="bbox 454 1218 2034 1293; baseline 0.005 -20"><span class='ocrx_word' id='word_1_78' title='bbox 454 1218 792 1288; x_wconf 88' lang='lat' dir='ltr'><strong>suscepimus</strong></span> <span class='ocrx_word' id='word_1_79' title='bbox 826 1219 1100 1286; x_wconf 84' lang='lat' dir='ltr'><strong>Verbum,</strong></span> <span class='ocrx_word' id='word_1_80' title='bbox 1144 1222 1382 1292; x_wconf 90' lang='lat' dir='ltr'><strong>optimas</strong></span> <span class='ocrx_word' id='word_1_81' title='bbox 1421 1223 1473 1276; x_wconf 92' lang='lat' dir='ltr'><strong>in</strong></span> <span class='ocrx_word' id='word_1_82' title='bbox 1524 1223 1633 1277; x_wconf 90' lang='lat' dir='ltr'><strong>Deo</strong></span> <span class='ocrx_word' id='word_1_83' title='bbox 1671 1240 1795 1293; x_wconf 83' lang='lat' dir='ltr'><strong>spes</strong></span> <span class='ocrx_word' id='word_1_84' title='bbox 1832 1226 2034 1281; x_wconf 88' lang='lat' dir='ltr'><strong>habere</strong></span> 
     </span>
    </p>
   </div>
   <div class='ocr_carea' id='block_1_15' title="bbox 453 1307 2032 1386">
    <p class='ocr_par' dir='ltr' id='par_1_15' title="bbox 453 1307 2032 1386">
     <span class='ocr_line' id='line_1_15' title="bbox 453 1307 2032 1386; baseline 0.006 -25"><span class='ocrx_word' id='word_1_85' title='bbox 453 1307 768 1374; x_wconf 88' lang='lat' dir='ltr'><strong>collocatas,</strong></span> <span class='ocrx_word' id='word_1_86' title='bbox 818 1309 975 1365; x_wconf 86' lang='lat' dir='ltr'><strong>nixas</strong></span> <span class='ocrx_word' id='word_1_87' title='bbox 1008 1320 1193 1365; x_wconf 85' lang='lat' dir='ltr'><strong>nostra</strong></span> <span class='ocrx_word' id='word_1_88' title='bbox 1245 1313 1296 1365; x_wconf 94' lang='lat' dir='ltr'><strong>in</strong></span> <span class='ocrx_word' id='word_1_89' title='bbox 1331 1327 1454 1368; x_wconf 91' lang='lat' dir='ltr'><strong>eum</strong></span> <span class='ocrx_word' id='word_1_90' title='bbox 1492 1313 1597 1368; x_wconf 90' lang='lat' dir='ltr'><strong>ﬁde</strong></span> <span class='ocrx_word' id='word_1_91' title='bbox 1621 1353 1635 1377; x_wconf 90' lang='lat'><strong>,</strong></span> <span class='ocrx_word' id='word_1_92' title='bbox 1668 1324 1723 1368; x_wconf 88' lang='lat' dir='ltr'><strong>et</strong></span> <span class='ocrx_word' id='word_1_93' title='bbox 1774 1318 1895 1370; x_wconf 81' lang='lat' dir='ltr'><strong>vitae</strong></span> <span class='ocrx_word' id='word_1_94' title='bbox 1940 1331 2032 1386; x_wconf 83' lang='lat' dir='ltr'><strong>ge-</strong></span> 
     </span>
    </p>
   </div>
   <div class='ocr_carea' id='block_1_16' title="bbox 456 1403 2030 1476">
    <p class='ocr_par' dir='ltr' id='par_1_16' title="bbox 456 1403 2030 1476">
     <span class='ocr_line' id='line_1_16' title="bbox 456 1403 2030 1476; baseline 0.005 -21"><span class='ocrx_word' id='word_1_95' title='bbox 456 1416 612 1465; x_wconf 89' lang='lat' dir='ltr'><strong>nere,</strong></span> <span class='ocrx_word' id='word_1_96' title='bbox 646 1403 791 1471; x_wconf 86' lang='lat' dir='ltr'><strong>quod</strong></span> <span class='ocrx_word' id='word_1_97' title='bbox 821 1416 923 1458; x_wconf 89' lang='lat' dir='ltr'><strong>nos</strong></span> <span class='ocrx_word' id='word_1_98' title='bbox 956 1405 1025 1458; x_wconf 87' lang='lat' dir='ltr'><strong>ab</strong></span> <span class='ocrx_word' id='word_1_99' title='bbox 1053 1404 1199 1458; x_wconf 93' lang='lat' dir='ltr'><strong>omni</strong></span> <span class='ocrx_word' id='word_1_100' title='bbox 1232 1406 1475 1474; x_wconf 89' lang='lat' dir='ltr'><strong>nequitia</strong></span> <span class='ocrx_word' id='word_1_101' title='bbox 1504 1407 1744 1476; x_wconf 80' lang='lat' dir='ltr'><strong>vitioque</strong></span> <span class='ocrx_word' id='word_1_102' title='bbox 1770 1424 1935 1476; x_wconf 88' lang='lat' dir='ltr'><strong>puros</strong></span> <span class='ocrx_word' id='word_1_103' title='bbox 1965 1411 2030 1463; x_wconf 90' lang='lat' dir='ltr'><strong>ad</strong></span> 
     </span>
    </p>
   </div>
   <div class='ocr_carea' id='block_1_17' title="bbox 452 1493 2033 1572">
    <p class='ocr_par' dir='ltr' id='par_1_17' title="bbox 452 1493 2033 1572">
     <span class='ocr_line' id='line_1_17' title="bbox 452 1493 2033 1572; baseline 0.006 -25"><span class='ocrx_word' id='word_1_104' title='bbox 452 1493 570 1562; x_wconf 91' lang='lat' dir='ltr'><strong>ejus</strong></span> <span class='ocrx_word' id='word_1_105' title='bbox 599 1503 779 1564; x_wconf 87' lang='lat' dir='ltr'><strong>potest</strong></span> <span class='ocrx_word' id='word_1_106' title='bbox 820 1496 1123 1566; x_wconf 89' lang='lat' dir='ltr'><strong>perducere</strong></span> <span class='ocrx_word' id='word_1_107' title='bbox 1174 1497 1629 1554; x_wconf 85' lang='lat' dir='ltr'><strong>familiaritatem.</strong></span> <span class='ocrx_word' id='word_1_108' title='bbox 1667 1499 1837 1557; x_wconf 88' lang='lat' dir='ltr'><strong>Nemo</strong></span> <span class='ocrx_word' id='word_1_109' title='bbox 1869 1502 2033 1572; x_wconf 85' lang='lat' dir='ltr'><strong>igitur</strong></span> 
     </span>
    </p>
   </div>
   <div class='ocr_carea' id='block_1_18' title="bbox 451 1585 2026 1662">
    <p class='ocr_par' dir='ltr' id='par_1_18' title="bbox 451 1585 2026 1662">
     <span class='ocr_line' id='line_1_18' title="bbox 451 1585 2026 1662; baseline 0.005 -23"><span class='ocrx_word' id='word_1_110' title='bbox 451 1599 667 1651; x_wconf 90' lang='lat' dir='ltr'><strong>eorum,</strong></span> <span class='ocrx_word' id='word_1_111' title='bbox 698 1588 876 1655; x_wconf 87' lang='lat' dir='ltr'><strong>quise</strong></span> <span class='ocrx_word' id='word_1_112' title='bbox 901 1585 1118 1643; x_wconf 70' lang='lat' dir='ltr'><strong>Iudaeos</strong></span> <span class='ocrx_word' id='word_1_113' title='bbox 1162 1598 1257 1642; x_wconf 88' lang='lat' dir='ltr'><strong>aut</strong></span> <span class='ocrx_word' id='word_1_114' title='bbox 1296 1589 1640 1647; x_wconf 80' lang='lat' dir='ltr'><strong>Christianos</strong></span> <span class='ocrx_word' id='word_1_115' title='bbox 1685 1593 2026 1662; x_wconf 89' lang='lat' dir='ltr'><strong>proﬁtentur,</strong></span> 
     </span>
    </p>
   </div>
   <div class='ocr_carea' id='block_1_19' title="bbox 453 1676 2030 1748">
    <p class='ocr_par' dir='ltr' id='par_1_19' title="bbox 453 1676 2030 1748">
     <span class='ocr_line' id='line_1_19' title="bbox 453 1676 2030 1748; baseline 0.006 -16"><span class='ocrx_word' id='word_1_116' title='bbox 453 1676 778 1748; x_wconf 86' lang='lat' dir='ltr'><strong>simpliciter</strong></span> <span class='ocrx_word' id='word_1_117' title='bbox 833 1680 1086 1736; x_wconf 81' lang='lat' dir='ltr'><strong>dixerit:</strong></span> <span class='ocrx_word' id='word_1_118' title='bbox 1146 1680 1291 1737; x_wconf 87' lang='lat' dir='ltr'><strong>Deus</strong></span> <span class='ocrx_word' id='word_1_119' title='bbox 1335 1683 1508 1738; x_wconf 85' lang='lat' dir='ltr'><strong>nostri</strong></span> <span class='ocrx_word' id='word_1_120' title='bbox 1571 1696 1736 1739; x_wconf 86' lang='lat' dir='ltr'><strong>causa</strong></span> <span class='ocrx_word' id='word_1_121' title='bbox 1796 1687 2030 1743; x_wconf 87' lang='lat' dir='ltr'><strong>maxime</strong></span> 
     </span>
    </p>
   </div>
   <div class='ocr_carea' id='block_1_20' title="bbox 449 1771 2028 1845">
    <p class='ocr_par' dir='ltr' id='par_1_20' title="bbox 449 1771 2028 1845">
     <span class='ocr_line' id='line_1_20' title="bbox 449 1771 2028 1845; baseline 0.005 -22"><span class='ocrx_word' id='word_1_122' title='bbox 449 1771 709 1823; x_wconf 91' lang='lat' dir='ltr'><strong>mundum</strong></span> <span class='ocrx_word' id='word_1_123' title='bbox 732 1780 947 1826; x_wconf 79' lang='lat' dir='ltr'><strong>omnem</strong></span> <span class='ocrx_word' id='word_1_124' title='bbox 973 1772 1345 1842; x_wconf 87' lang='lat' dir='ltr'><strong>coelornmque</strong></span> <span class='ocrx_word' id='word_1_125' title='bbox 1368 1783 1688 1843; x_wconf 85' lang='lat' dir='ltr'><strong>apparatum</strong></span> <span class='ocrx_word' id='word_1_126' title='bbox 1714 1774 1870 1845; x_wconf 82' lang='lat'><strong>521</strong></span> <span class='ocrx_word' id='word_1_127' title='bbox 1895 1791 2028 1831; x_wconf 87' lang='lat' dir='ltr'><strong>con-</strong></span> 
     </span>
    </p>
   </div>
   <div class='ocr_carea' id='block_1_21' title="bbox 451 1862 2030 1932">
    <p class='ocr_par' dir='ltr' id='par_1_21' title="bbox 451 1862 2030 1932">
     <span class='ocr_line' id='line_1_21' title="bbox 451 1862 2030 1932; baseline 0.006 -16"><span class='ocrx_word' id='word_1_128' title='bbox 451 1862 630 1916; x_wconf 84' lang='lat' dir='ltr'><strong>stituit</strong></span> <span class='ocrx_word' id='word_1_129' title='bbox 654 1863 782 1917; x_wconf 89' lang='lat' dir='ltr'><strong>:sed</strong></span> <span class='ocrx_word' id='word_1_130' title='bbox 811 1863 857 1919; x_wconf 89' lang='lat' dir='ltr'><strong>si</strong></span> <span class='ocrx_word' id='word_1_131' title='bbox 885 1865 1029 1932; x_wconf 83' lang='lat' dir='ltr'><strong>quis,</strong></span> <span class='ocrx_word' id='word_1_132' title='bbox 1050 1873 1108 1917; x_wconf 89' lang='lat' dir='ltr'><strong>ut</strong></span> <span class='ocrx_word' id='word_1_133' title='bbox 1136 1862 1295 1920; x_wconf 71' lang='lat' dir='ltr'><strong>Jcsus</strong></span> <span class='ocrx_word' id='word_1_134' title='bbox 1322 1865 1592 1930; x_wconf 74' lang='lat' dir='ltr'><strong>docuit“,</strong></span> <span class='ocrx_word' id='word_1_135' title='bbox 1633 1868 1836 1921; x_wconf 90' lang='lat' dir='ltr'><strong>mundo</strong></span> <span class='ocrx_word' id='word_1_136' title='bbox 1866 1870 2030 1925; x_wconf 79' lang='lat' dir='ltr'><strong>corde</strong></span> 
     </span>
    </p>
   </div>
   <div class='ocr_carea' id='block_1_22' title="bbox 451 1951 2028 2026">
    <p class='ocr_par' dir='ltr' id='par_1_22' title="bbox 451 1951 2028 2026">
     <span class='ocr_line' id='line_1_22' title="bbox 451 1951 2028 2026; baseline 0.004 -20"><span class='ocrx_word' id='word_1_137' title='bbox 451 1961 556 2018; x_wconf 89' lang='lat' dir='ltr'><strong>est,</strong></span> <span class='ocrx_word' id='word_1_138' title='bbox 593 1951 744 2007; x_wconf 88' lang='lat' dir='ltr'><strong>mitis</strong></span> <span class='ocrx_word' id='word_1_139' title='bbox 772 1992 789 2018; x_wconf 92' lang='lat'><strong>,</strong></span> <span class='ocrx_word' id='word_1_140' title='bbox 816 1953 1103 2021; x_wconf 79' lang='lat' dir='ltr'><strong>paciﬁcus,</strong></span> <span class='ocrx_word' id='word_1_141' title='bbox 1131 1953 1495 2022; x_wconf 86' lang='lat' dir='ltr'><strong>periculorum</strong></span> <span class='ocrx_word' id='word_1_142' title='bbox 1529 1966 1752 2025; x_wconf 85' lang='lat' dir='ltr'><strong>propter</strong></span> <span class='ocrx_word' id='word_1_143' title='bbox 1775 1957 2028 2026; x_wconf 87' lang='lat' dir='ltr'><strong>pietatem</strong></span> 
     </span>
    </p>
   </div>
   <div class='ocr_carea' id='block_1_23' title="bbox 453 2045 2027 2117">
    <p class='ocr_par' dir='ltr' id='par_1_23' title="bbox 453 2045 2027 2117">
     <span class='ocr_line' id='line_1_23' title="bbox 453 2045 2027 2117; baseline 0.005 -18"><span class='ocrx_word' id='word_1_144' title='bbox 453 2045 716 2111; x_wconf 85' lang='lat' dir='ltr'><strong>tolerans,</strong></span> <span class='ocrx_word' id='word_1_145' title='bbox 741 2045 927 2116; x_wconf 88' lang='lat' dir='ltr'><strong>lsjure</strong></span> <span class='ocrx_word' id='word_1_146' title='bbox 952 2045 1061 2100; x_wconf 91' lang='lat' dir='ltr'><strong>Deo</strong></span> <span class='ocrx_word' id='word_1_147' title='bbox 1096 2046 1371 2102; x_wconf 89' lang='lat' dir='ltr'><strong>conﬁdere</strong></span> <span class='ocrx_word' id='word_1_148' title='bbox 1418 2059 1598 2117; x_wconf 88' lang='lat' dir='ltr'><strong>potest</strong></span> <span class='ocrx_word' id='word_1_149' title='bbox 1637 2058 1691 2103; x_wconf 91' lang='lat' dir='ltr'><strong>et</strong></span> <span class='ocrx_word' id='word_1_150' title='bbox 1725 2050 1943 2116; x_wconf 88' lang='lat' dir='ltr'><strong>dicere,</strong></span> <span class='ocrx_word' id='word_1_151' title='bbox 1984 2053 2027 2107; x_wconf 88' lang='lat' dir='ltr'><strong>si</strong></span> 
     </span>
    </p>
   </div>
   <div class='ocr_carea' id='block_1_24' title="bbox 451 2126 2026 2211">
    <p class='ocr_par' dir='ltr' id='par_1_24' title="bbox 451 2126 2026 2211">
     <span class='ocr_line' id='line_1_24' title="bbox 451 2126 2026 2211; baseline 0.003 -18"><span class='ocrx_word' id='word_1_152' title='bbox 451 2137 666 2207; x_wconf 87' lang='lat' dir='ltr'><strong>quidem</strong></span> <span class='ocrx_word' id='word_1_153' title='bbox 703 2138 1013 2208; x_wconf 85' lang='lat' dir='ltr'><strong>prophetias</strong></span> <span class='ocrx_word' id='word_1_154' title='bbox 1049 2139 1300 2209; x_wconf 80' lang='lat' dir='ltr'><strong>intelligit</strong></span> <span class='ocrx_word' id='word_1_155' title='bbox 1335 2154 1348 2192; x_wconf 90' lang='lat'><strong>:</strong></span> <span class='ocrx_word' id='word_1_156' title='bbox 1395 2126 1564 2197; x_wconf 75' lang='lat' dir='ltr'><strong>Nobis</strong></span> <span class='ocrx_word' id='word_1_157' title='bbox 1607 2142 1701 2207; x_wconf 83' lang='lat' dir='ltr'><strong>qui</strong></span> <span class='ocrx_word' id='word_1_158' title='bbox 1738 2143 2026 2211; x_wconf 73' lang='lat' dir='ltr'><strong>credimus,</strong></span> 
     </span>
    </p>
   </div>
   <div class='ocr_carea' id='block_1_25' title="bbox 452 2231 1748 2301">
    <p class='ocr_par' dir='ltr' id='par_1_25' title="bbox 452 2231 1748 2301">
     <span class='ocr_line' id='line_1_25' title="bbox 452 2231 1748 2301; baseline 0.004 -16"><span class='ocrx_word' id='word_1_159' title='bbox 452 2233 626 2285; x_wconf 81' lang='lat' dir='ltr'><strong>omnia</strong></span> <span class='ocrx_word' id='word_1_160' title='bbox 656 2232 767 2285; x_wconf 67' lang='lat' dir='ltr'><strong>haec</strong></span> <span class='ocrx_word' id='word_1_161' title='bbox 790 2231 932 2286; x_wconf 78' lang='lat' dir='ltr'><strong>Deus</strong></span> <span class='ocrx_word' id='word_1_162' title='bbox 967 2234 1385 2299; x_wconf 63' lang='lat' dir='ltr'><strong>praemonsuarit</strong></span> <span class='ocrx_word' id='word_1_163' title='bbox 1408 2242 1456 2287; x_wconf 82' lang='lat' dir='ltr'><strong>et</strong></span> <span class='ocrx_word' id='word_1_164' title='bbox 1479 2236 1748 2301; x_wconf 75' lang='lat' dir='ltr'><strong>prmdixit.</strong></span> 
     </span>
    </p>
   </div>
   <div class='ocr_carea' id='block_1_26' title="bbox 519 2319 2030 2399">
    <p class='ocr_par' dir='ltr' id='par_1_26' title="bbox 519 2319 2030 2399">
     <span class='ocr_line' id='line_1_26' title="bbox 519 2319 2030 2399; baseline 0.006 -25"><span class='ocrx_word' id='word_1_165' title='bbox 519 2320 610 2375; x_wconf 87' lang='lat'><strong>28.</strong></span> <span class='ocrx_word' id='word_1_166' title='bbox 659 2319 925 2386; x_wconf 84' lang='lat' dir='ltr'><strong>Quoniam</strong></span> <span class='ocrx_word' id='word_1_167' title='bbox 972 2337 1105 2376; x_wconf 89' lang='lat' dir='ltr'><strong>vero</strong></span> <span class='ocrx_word' id='word_1_168' title='bbox 1152 2321 1346 2376; x_wconf 90' lang='lat' dir='ltr'><strong>Celsus</strong></span> <span class='ocrx_word' id='word_1_169' title='bbox 1396 2322 1741 2391; x_wconf 86' lang='lat' dir='ltr'><strong>Christianis,</strong></span> <span class='ocrx_word' id='word_1_170' title='bbox 1768 2341 1904 2396; x_wconf 90' lang='lat' dir='ltr'><strong>quos</strong></span> <span class='ocrx_word' id='word_1_171' title='bbox 1932 2344 2030 2399; x_wconf 87' lang='lat' dir='ltr'><strong>pro</strong></span> 
     </span>
    </p>
   </div>
   <div class='ocr_carea' id='block_1_27' title="bbox 448 2413 2028 2480">
    <p class='ocr_par' dir='ltr' id='par_1_27' title="bbox 448 2413 2028 2480">
     <span class='ocr_line' id='line_1_27' title="bbox 448 2413 2028 2480; baseline 0.009 -16"><span class='ocrx_word' id='word_1_172' title='bbox 448 2413 760 2468; x_wconf 84' lang='lat' dir='ltr'><strong>vermiculis</strong></span> <span class='ocrx_word' id='word_1_173' title='bbox 790 2413 972 2480; x_wconf 86' lang='lat' dir='ltr'><strong>habet,</strong></span> <span class='ocrx_word' id='word_1_174' title='bbox 1001 2416 1167 2470; x_wconf 87' lang='lat' dir='ltr'><strong>verba</strong></span> <span class='ocrx_word' id='word_1_175' title='bbox 1201 2416 1317 2470; x_wconf 64' lang='lat' dir='ltr'><strong>hmo</strong></span> <span class='ocrx_word' id='word_1_176' title='bbox 1346 2417 1597 2473; x_wconf 85' lang='lat' dir='ltr'><strong>attribuit</strong></span> <span class='ocrx_word' id='word_1_177' title='bbox 1633 2435 1649 2473; x_wconf 89' lang='lat'><strong>:</strong></span> <span class='ocrx_word' id='word_1_178' title='bbox 1686 2437 1704 2472; x_wconf 73' lang='grc' dir='ltr'><strong>ι</strong></span> <span class='ocrx_word' id='word_1_179' title='bbox 1738 2419 1907 2478; x_wconf 90' lang='lat' dir='ltr'><strong>Nobis</strong></span> <span class='ocrx_word' id='word_1_180' title='bbox 1941 2437 2028 2477; x_wconf 83' lang='lat' dir='ltr'><strong>so-</strong></span> 
     </span>
    </p>
   </div>
   <div class='ocr_carea' id='block_1_28' title="bbox 446 2501 2026 2581">
    <p class='ocr_par' dir='ltr' id='par_1_28' title="bbox 446 2501 2026 2581">
     <span class='ocr_line' id='line_1_28' title="bbox 446 2501 2026 2581; baseline 0.006 -26"><span class='ocrx_word' id='word_1_181' title='bbox 446 2501 536 2570; x_wconf 89' lang='lat' dir='ltr'><strong>lis,</strong></span> <span class='ocrx_word' id='word_1_182' title='bbox 561 2502 747 2558; x_wconf 88' lang='lat' dir='ltr'><strong>relicto</strong></span> <span class='ocrx_word' id='word_1_183' title='bbox 776 2511 891 2558; x_wconf 88' lang='lat' dir='ltr'><strong>toto</strong></span> <span class='ocrx_word' id='word_1_184' title='bbox 935 2504 1137 2560; x_wconf 89' lang='lat' dir='ltr'><strong>mundo</strong></span> <span class='ocrx_word' id='word_1_185' title='bbox 1163 2506 1481 2577; x_wconf 67' lang='lat' dir='ltr'><strong>caelestique</strong></span> <span class='ocrx_word' id='word_1_186' title='bbox 1516 2523 1697 2572; x_wconf 89' lang='lat' dir='ltr'><strong>cursu,</strong></span> <span class='ocrx_word' id='word_1_187' title='bbox 1748 2511 2026 2581; x_wconf 79' lang='lat' dir='ltr'><strong>neglecta-</strong></span> 
     </span>
    </p>
   </div>
   <div class='ocr_carea' id='block_1_29' title="bbox 445 2592 2029 2668">
    <p class='ocr_par' dir='ltr' id='par_1_29' title="bbox 445 2592 2029 2668">
     <span class='ocr_line' id='line_1_29' title="bbox 445 2592 2029 2668; baseline 0.006 -23"><span class='ocrx_word' id='word_1_188' title='bbox 445 2608 553 2663; x_wconf 90' lang='lat' dir='ltr'><strong>que</strong></span> <span class='ocrx_word' id='word_1_189' title='bbox 577 2601 685 2647; x_wconf 87' lang='lat' dir='ltr'><strong>tota</strong></span> <span class='ocrx_word' id='word_1_190' title='bbox 718 2592 823 2648; x_wconf 84' lang='lat' dir='ltr'><strong>hac</strong></span> <span class='ocrx_word' id='word_1_191' title='bbox 853 2602 959 2664; x_wconf 88' lang='lat' dir='ltr'><strong>qua</strong></span> <span class='ocrx_word' id='word_1_192' title='bbox 991 2594 1099 2649; x_wconf 90' lang='lat' dir='ltr'><strong>late</strong></span> <span class='ocrx_word' id='word_1_193' title='bbox 1132 2603 1282 2665; x_wconf 87' lang='lat' dir='ltr'><strong>patet</strong></span> <span class='ocrx_word' id='word_1_194' title='bbox 1313 2604 1479 2665; x_wconf 90' lang='lat' dir='ltr'><strong>terra,</strong></span> <span class='ocrx_word' id='word_1_195' title='bbox 1511 2597 1651 2653; x_wconf 89' lang='lat' dir='ltr'><strong>Dens</strong></span> <span class='ocrx_word' id='word_1_196' title='bbox 1702 2601 1947 2668; x_wconf 84' lang='lat' dir='ltr'><strong>providet</strong></span> <span class='ocrx_word' id='word_1_197' title='bbox 1975 2608 2029 2655; x_wconf 91' lang='lat' dir='ltr'><strong>et</strong></span> 
     </span>
    </p>
   </div>
   <div class='ocr_carea' id='block_1_30' title="bbox 446 2683 2026 2757">
    <p class='ocr_par' dir='ltr' id='par_1_30' title="bbox 446 2683 2026 2757">
     <span class='ocr_line' id='line_1_30' title="bbox 446 2683 2026 2757; baseline 0.004 -19"><span class='ocrx_word' id='word_1_198' title='bbox 446 2685 722 2754; x_wconf 80' lang='lat' dir='ltr'><strong>invigilat;</strong></span> <span class='ocrx_word' id='word_1_199' title='bbox 754 2683 821 2739; x_wconf 91' lang='lat' dir='ltr'><strong>ad</strong></span> <span class='ocrx_word' id='word_1_200' title='bbox 856 2700 955 2741; x_wconf 92' lang='lat' dir='ltr'><strong>nos</strong></span> <span class='ocrx_word' id='word_1_201' title='bbox 981 2686 1144 2740; x_wconf 77' lang='lat' dir='ltr'><strong>mittit</strong></span> <span class='ocrx_word' id='word_1_202' title='bbox 1175 2702 1473 2757; x_wconf 65' lang='lat' dir='ltr'><strong>praecones,</strong></span> <span class='ocrx_word' id='word_1_203' title='bbox 1502 2703 1602 2744; x_wconf 85' lang='lat' dir='ltr'><strong>nec</strong></span> <span class='ocrx_word' id='word_1_204' title='bbox 1627 2689 1845 2744; x_wconf 87' lang='lat' dir='ltr'><strong>mittere</strong></span> <span class='ocrx_word' id='word_1_205' title='bbox 1880 2689 2026 2745; x_wconf 92' lang='lat' dir='ltr'><strong>desi-</strong></span> 
     </span>
    </p>
   </div>
   <div class='ocr_carea' id='block_1_31' title="bbox 446 2774 2021 2851">
    <p class='ocr_par' dir='ltr' id='par_1_31' title="bbox 446 2774 2021 2851">
     <span class='ocr_line' id='line_1_31' title="bbox 446 2774 2021 2851; baseline 0.003 -22"><span class='ocrx_word' id='word_1_206' title='bbox 446 2774 554 2841; x_wconf 88' lang='lat' dir='ltr'><strong>nit,</strong></span> <span class='ocrx_word' id='word_1_207' title='bbox 585 2774 847 2830; x_wconf 89' lang='lat' dir='ltr'><strong>sollicitus</strong></span> <span class='ocrx_word' id='word_1_208' title='bbox 864 2777 1135 2845; x_wconf 90' lang='lat' dir='ltr'><strong>quomodo</strong></span> <span class='ocrx_word' id='word_1_209' title='bbox 1158 2785 1422 2833; x_wconf 85' lang='lat' dir='ltr'><strong>aeternum</strong></span> <span class='ocrx_word' id='word_1_210' title='bbox 1453 2778 1527 2833; x_wconf 87' lang='lat' dir='ltr'><strong>illi</strong></span> <span class='ocrx_word' id='word_1_211' title='bbox 1550 2780 1967 2851; x_wconf 77' lang='lat' dir='ltr'><strong>conjungamur;</strong></span> <span class='ocrx_word' id='word_1_212' title='bbox 2001 2799 2021 2833; x_wconf 76' lang='grc' dir='ltr'><strong>ι</strong></span> 
     </span>
    </p>
   </div>
   <div class='ocr_carea' id='block_1_32' title="bbox 447 2864 2025 2942">
    <p class='ocr_par' dir='ltr' id='par_1_32' title="bbox 447 2864 2025 2942">
     <span class='ocr_line' id='line_1_32' title="bbox 447 2864 2025 2942; baseline 0.004 -22"><span class='ocrx_word' id='word_1_213' title='bbox 447 2865 734 2921; x_wconf 84' lang='lat' dir='ltr'><strong>dicendum</strong></span> <span class='ocrx_word' id='word_1_214' title='bbox 761 2864 852 2920; x_wconf 90' lang='lat' dir='ltr'><strong>hic</strong></span> <span class='ocrx_word' id='word_1_215' title='bbox 881 2864 950 2920; x_wconf 89' lang='lat' dir='ltr'><strong>ab</strong></span> <span class='ocrx_word' id='word_1_216' title='bbox 985 2866 1073 2922; x_wconf 92' lang='lat' dir='ltr'><strong>illo</strong></span> <span class='ocrx_word' id='word_1_217' title='bbox 1106 2867 1263 2922; x_wconf 92' lang='lat' dir='ltr'><strong>nobis</strong></span> <span class='ocrx_word' id='word_1_218' title='bbox 1294 2868 1567 2939; x_wconf 84' lang='lat' dir='ltr'><strong>assignari</strong></span> <span class='ocrx_word' id='word_1_219' title='bbox 1597 2885 1717 2939; x_wconf 74' lang='lat' dir='ltr'><strong>quze</strong></span> <span class='ocrx_word' id='word_1_220' title='bbox 1751 2887 2025 2942; x_wconf 88' lang='lat' dir='ltr'><strong>nunquam</strong></span> 
     </span>
    </p>
   </div>
   <div class='ocr_carea' id='block_1_33' title="bbox 447 2954 2027 3025">
    <p class='ocr_par' dir='ltr' id='par_1_33' title="bbox 447 2954 2027 3025">
     <span class='ocr_line' id='line_1_33' title="bbox 447 2954 2027 3025; baseline 0.001 -17"><span class='ocrx_word' id='word_1_221' title='bbox 447 2954 603 3009; x_wconf 88' lang='lat' dir='ltr'><strong>nobis</strong></span> <span class='ocrx_word' id='word_1_222' title='bbox 637 2954 690 3008; x_wconf 91' lang='lat' dir='ltr'><strong>in</strong></span> <span class='ocrx_word' id='word_1_223' title='bbox 718 2961 954 3008; x_wconf 87' lang='lat' dir='ltr'><strong>mentem</strong></span> <span class='ocrx_word' id='word_1_224' title='bbox 985 2962 1275 3008; x_wconf 88' lang='lat' dir='ltr'><strong>venerunt.</strong></span> <span class='ocrx_word' id='word_1_225' title='bbox 1304 2954 1562 3025; x_wconf 81' lang='lat' dir='ltr'><strong>Legimus</strong></span> <span class='ocrx_word' id='word_1_226' title='bbox 1592 2956 1739 3010; x_wconf 85' lang='lat' dir='ltr'><strong>enim</strong></span> <span class='ocrx_word' id='word_1_227' title='bbox 1789 2966 1840 3010; x_wconf 88' lang='lat' dir='ltr'><strong>et</strong></span> <span class='ocrx_word' id='word_1_228' title='bbox 1872 2957 2027 3010; x_wconf 93' lang='lat' dir='ltr'><strong>novi-</strong></span> 
     </span>
    </p>
   </div>
   <div class='ocr_carea' id='block_1_34' title="bbox 2143 486 3734 567">
    <p class='ocr_par' dir='ltr' id='par_1_34' title="bbox 2143 486 3734 567">
     <span class='ocr_line' id='line_1_34' title="bbox 2143 486 3734 567; baseline 0.004 -29"><span class='ocrx_word' id='word_1_229' title='bbox 2143 486 2586 557; x_wconf 83' lang='grc' dir='ltr'><strong>ἀποκλειομένοις</strong></span> <span class='ocrx_word' id='word_1_230' title='bbox 2616 489 2722 567; x_wconf 15' lang='grc' dir='ltr'>ἀπ’,</span> <span class='ocrx_word' id='word_1_231' title='bbox 2747 488 2958 544; x_wconf 66' lang='grc' dir='ltr'>αὐτῶνθ</span> <span class='ocrx_word' id='word_1_232' title='bbox 2999 493 3050 544; x_wconf 81' lang='grc' dir='ltr'>εἰ</span> <span class='ocrx_word' id='word_1_233' title='bbox 3095 491 3169 563; x_wconf 80' lang='grc' dir='ltr'>μὴ</span> <span class='ocrx_word' id='word_1_234' title='bbox 3210 491 3319 564; x_wconf 85' lang='grc' dir='ltr'>ἄρα</span> <span class='ocrx_word' id='word_1_235' title='bbox 3361 510 3447 557; x_wconf 88' lang='grc' dir='ltr'><strong>τις</strong></span> <span class='ocrx_word' id='word_1_236' title='bbox 3485 497 3734 560; x_wconf 78' lang='grc' dir='ltr'>σπανίως</span> 
     </span>
    </p>
   </div>
   <div class='ocr_carea' id='block_1_35' title="bbox 2140 578 3729 657">
    <p class='ocr_par' dir='ltr' id='par_1_35' title="bbox 2140 578 3729 657">
     <span class='ocr_line' id='line_1_35' title="bbox 2140 578 3729 657; baseline 0.006 -25"><span class='ocrx_word' id='word_1_237' title='bbox 2140 578 2418 633; x_wconf 82' lang='grc' dir='ltr'><strong>λανθάνων</strong></span> <span class='ocrx_word' id='word_1_238' title='bbox 2473 582 2530 634; x_wconf 83' lang='grc' dir='ltr'>ὲν</span> <span class='ocrx_word' id='word_1_239' title='bbox 2575 584 2686 646; x_wconf 81' lang='grc' dir='ltr'>τοῖς</span> <span class='ocrx_word' id='word_1_240' title='bbox 2733 583 2948 649; x_wconf 83' lang='grc' dir='ltr'><strong>πολλοῖς</strong></span> <span class='ocrx_word' id='word_1_241' title='bbox 2995 584 3304 657; x_wconf 81' lang='grc' dir='ltr'><strong>εὑρίσκοιτο</strong></span> <span class='ocrx_word' id='word_1_242' title='bbox 3345 586 3588 650; x_wconf 82' lang='grc' dir='ltr'>τοιοῦτος</span> <span class='ocrx_word' id='word_1_243' title='bbox 3646 589 3729 642; x_wconf 86' lang='grc' dir='ltr'>Οὐ</span> 
     </span>
    </p>
   </div>
   <div class='ocr_carea' id='block_1_36' title="bbox 2141 669 3729 748">
    <p class='ocr_par' dir='ltr' id='par_1_36' title="bbox 2141 669 3729 748">
     <span class='ocr_line' id='line_1_36' title="bbox 2141 669 3729 748; baseline 0.004 -23"><span class='ocrx_word' id='word_1_244' title='bbox 2141 671 2422 745; x_wconf 78' lang='grc' dir='ltr'><strong>σκώληκες</strong></span> <span class='ocrx_word' id='word_1_245' title='bbox 2444 669 2537 728; x_wconf 76' lang='grc' dir='ltr'><strong>οὖν</strong></span> <span class='ocrx_word' id='word_1_246' title='bbox 2556 675 3007 746; x_wconf 74' lang='grc' dir='ltr'>ἐκκλησιάζοντες</span> <span class='ocrx_word' id='word_1_247' title='bbox 3021 678 3187 748; x_wconf 81' lang='grc' dir='ltr'>ἐσμεν</span> <span class='ocrx_word' id='word_1_248' title='bbox 3202 679 3251 730; x_wconf 87' lang='grc' dir='ltr'>οἱ</span> <span class='ocrx_word' id='word_1_249' title='bbox 3271 681 3408 748; x_wconf 83' lang='grc' dir='ltr'>πρὸς</span> <span class='ocrx_word' id='word_1_250' title='bbox 3442 679 3729 743; x_wconf 85' lang='grc' dir='ltr'>Ἰουδαίους</span> 
     </span>
    </p>
   </div>
   <div class='ocr_carea' id='block_1_37' title="bbox 2142 760 3729 840">
    <p class='ocr_par' dir='ltr' id='par_1_37' title="bbox 2142 760 3729 840">
     <span class='ocr_line' id='line_1_37' title="bbox 2142 760 3729 840; baseline 0.006 -26"><span class='ocrx_word' id='word_1_251' title='bbox 2142 762 2419 833; x_wconf 78' lang='grc' dir='ltr'>ἱστάμενοι</span> <span class='ocrx_word' id='word_1_252' title='bbox 2451 764 2557 817; x_wconf 82' lang='grc' dir='ltr'>ἀπὸ</span> <span class='ocrx_word' id='word_1_253' title='bbox 2581 765 2687 817; x_wconf 84' lang='grc' dir='ltr'><strong>τῶν</strong></span> <span class='ocrx_word' id='word_1_254' title='bbox 2712 768 3162 838; x_wconf 78' lang='grc' dir='ltr'>πεπιστευμένων</span> <span class='ocrx_word' id='word_1_255' title='bbox 3185 769 3370 832; x_wconf 81' lang='grc' dir='ltr'>αὐτοῖς</span> <span class='ocrx_word' id='word_1_256' title='bbox 3389 760 3530 822; x_wconf 84' lang='grc' dir='ltr'>εἶναι</span> <span class='ocrx_word' id='word_1_257' title='bbox 3557 787 3729 840; x_wconf 83' lang='grc' dir='ltr'>γραμ-</span> 
     </span>
    </p>
   </div>
   <div class='ocr_carea' id='block_1_38' title="bbox 2141 852 3729 930">
    <p class='ocr_par' dir='ltr' id='par_1_38' title="bbox 2141 852 3729 930">
     <span class='ocr_line' id='line_1_38' title="bbox 2141 852 3729 930; baseline 0.005 -25"><span class='ocrx_word' id='word_1_258' title='bbox 2141 852 2324 922; x_wconf 80' lang='grc' dir='ltr'>μάτων</span> <span class='ocrx_word' id='word_1_259' title='bbox 2361 852 2541 925; x_wconf 85' lang='grc' dir='ltr'>ἱερῶν,</span> <span class='ocrx_word' id='word_1_260' title='bbox 2573 855 2666 907; x_wconf 76' lang='grc' dir='ltr'><strong>καὶ</strong></span> <span class='ocrx_word' id='word_1_261' title='bbox 2697 854 3004 918; x_wconf 81' lang='grc' dir='ltr'>δεικνύντες</span> <span class='ocrx_word' id='word_1_262' title='bbox 3035 856 3126 909; x_wconf 86' lang='grc' dir='ltr'><strong>τόν</strong></span> <span class='ocrx_word' id='word_1_263' title='bbox 3156 875 3217 910; x_wconf 90' lang='grc' dir='ltr'><strong>τε</strong></span> <span class='ocrx_word' id='word_1_264' title='bbox 3251 859 3729 930; x_wconf 75' lang='grc' dir='ltr'>προφητευόμενον</span> 
     </span>
    </p>
   </div>
   <div class='ocr_carea' id='block_1_39' title="bbox 2137 942 3728 1021">
    <p class='ocr_par' dir='ltr' id='par_1_39' title="bbox 2137 942 3728 1021">
     <span class='ocr_line' id='line_1_39' title="bbox 2137 942 3728 1021; baseline 0.006 -26"><span class='ocrx_word' id='word_1_265' title='bbox 2137 942 2612 1015; x_wconf 78' lang='grc' dir='ltr'>ἐπιδεδημηκέναι,</span> <span class='ocrx_word' id='word_1_266' title='bbox 2666 947 2759 998; x_wconf 74' lang='grc' dir='ltr'><strong>καὶ</strong></span> <span class='ocrx_word' id='word_1_267' title='bbox 2812 946 2901 999; x_wconf 75' lang='grc' dir='ltr'>διὰ</span> <span class='ocrx_word' id='word_1_268' title='bbox 2948 946 3016 1000; x_wconf 85' lang='grc' dir='ltr'>τὰ</span> <span class='ocrx_word' id='word_1_269' title='bbox 3070 948 3305 1018; x_wconf 85' lang='grc' dir='ltr'>μέγιστα</span> <span class='ocrx_word' id='word_1_270' title='bbox 3350 950 3728 1021; x_wconf 80' lang='grc' dir='ltr'>ἁμαρτήματα</span> 
     </span>
    </p>
   </div>
   <div class='ocr_carea' id='block_1_40' title="bbox 2136 1034 3710 1111">
    <p class='ocr_par' dir='ltr' id='par_1_40' title="bbox 2136 1034 3710 1111">
     <span class='ocr_line' id='line_1_40' title="bbox 2136 1034 3710 1111; baseline 0.005 -24"><span class='ocrx_word' id='word_1_271' title='bbox 2136 1034 2380 1099; x_wconf 73' lang='grc' dir='ltr'>ἐκείνους</span> <span class='ocrx_word' id='word_1_272' title='bbox 2407 1037 2917 1106; x_wconf 74' lang='grc' dir='ltr'>ἐγκαταλελεῖφθαι,</span> <span class='ocrx_word' id='word_1_273' title='bbox 2952 1041 3046 1092; x_wconf 79' lang='grc' dir='ltr'><strong>καὶ</strong></span> <span class='ocrx_word' id='word_1_274' title='bbox 3070 1040 3238 1110; x_wconf 81' lang='grc' dir='ltr'>ἡμᾶς,</span> <span class='ocrx_word' id='word_1_275' title='bbox 3266 1041 3393 1104; x_wconf 71' lang='grc' dir='ltr'>τοὺς</span> <span class='ocrx_word' id='word_1_276' title='bbox 3425 1041 3710 1111; x_wconf 79' lang='grc' dir='ltr'>παραδεξα</span> 
     </span>
    </p>
   </div>
   <div class='ocr_carea' id='block_1_41' title="bbox 2140 1124 3729 1204">
    <p class='ocr_par' dir='ltr' id='par_1_41' title="bbox 2140 1124 3729 1204">
     <span class='ocr_line' id='line_1_41' title="bbox 2140 1124 3729 1204; baseline 0.003 -25"><span class='ocrx_word' id='word_1_277' title='bbox 2140 1126 2331 1196; x_wconf 80' lang='grc' dir='ltr'>μένους</span> <span class='ocrx_word' id='word_1_278' title='bbox 2356 1124 2446 1181; x_wconf 88' lang='grc' dir='ltr'><strong>τὸν</strong></span> <span class='ocrx_word' id='word_1_279' title='bbox 2472 1128 2665 1197; x_wconf 81' lang='grc' dir='ltr'>Λόγον,</span> <span class='ocrx_word' id='word_1_280' title='bbox 2702 1129 2923 1194; x_wconf 78' lang='grc' dir='ltr'>ἐλπίδας</span> <span class='ocrx_word' id='word_1_281' title='bbox 2961 1131 3105 1201; x_wconf 74' lang='grc' dir='ltr'>ἔχειν</span> <span class='ocrx_word' id='word_1_282' title='bbox 3147 1131 3297 1197; x_wconf 82' lang='grc' dir='ltr'>παρὰ</span> <span class='ocrx_word' id='word_1_283' title='bbox 3322 1132 3441 1203; x_wconf 80' lang='grc' dir='ltr'>Θεῷ</span> <span class='ocrx_word' id='word_1_284' title='bbox 3472 1133 3573 1195; x_wconf 85' lang='grc' dir='ltr'>τὰς</span> <span class='ocrx_word' id='word_1_285' title='bbox 3605 1132 3729 1204; x_wconf 81' lang='grc' dir='ltr'>ἀρί-</span> 
     </span>
    </p>
   </div>
   <div class='ocr_carea' id='block_1_42' title="bbox 2138 1218 3724 1293">
    <p class='ocr_par' dir='ltr' id='par_1_42' title="bbox 2138 1218 3724 1293">
     <span class='ocr_line' id='line_1_42' title="bbox 2138 1218 3724 1293; baseline 0.004 -22"><span class='ocrx_word' id='word_1_286' title='bbox 2138 1235 2288 1282; x_wconf 81' lang='grc' dir='ltr'>στας,</span> <span class='ocrx_word' id='word_1_287' title='bbox 2320 1218 2384 1273; x_wconf 80' lang='grc' dir='ltr'>ἔκ</span> <span class='ocrx_word' id='word_1_288' title='bbox 2411 1236 2469 1272; x_wconf 90' lang='grc' dir='ltr'><strong>τε</strong></span> <span class='ocrx_word' id='word_1_289' title='bbox 2496 1220 2597 1290; x_wconf 82' lang='grc' dir='ltr'>τῆς</span> <span class='ocrx_word' id='word_1_290' title='bbox 2624 1223 2704 1282; x_wconf 84' lang='grc' dir='ltr'><strong>εἰς</strong></span> <span class='ocrx_word' id='word_1_291' title='bbox 2728 1221 2889 1273; x_wconf 85' lang='grc' dir='ltr'>αὐτὸν</span> <span class='ocrx_word' id='word_1_292' title='bbox 2916 1222 3151 1286; x_wconf 86' lang='grc' dir='ltr'>πίστεως</span> <span class='ocrx_word' id='word_1_293' title='bbox 3179 1224 3273 1277; x_wconf 80' lang='grc' dir='ltr'><strong>καὶ</strong></span> <span class='ocrx_word' id='word_1_294' title='bbox 3300 1223 3394 1276; x_wconf 80' lang='grc' dir='ltr'>τοῦ</span> <span class='ocrx_word' id='word_1_295' title='bbox 3422 1222 3724 1293; x_wconf 81' lang='grc' dir='ltr'>δυναμένου</span> 
     </span>
    </p>
   </div>
   <div class='ocr_carea' id='block_1_43' title="bbox 2135 1308 3725 1385">
    <p class='ocr_par' dir='ltr' id='par_1_43' title="bbox 2135 1308 3725 1385">
     <span class='ocr_line' id='line_1_43' title="bbox 2135 1308 3725 1385; baseline 0.004 -24"><span class='ocrx_word' id='word_1_296' title='bbox 2135 1308 2280 1378; x_wconf 79' lang='grc' dir='ltr'>ἡμᾶς</span> <span class='ocrx_word' id='word_1_297' title='bbox 2305 1310 2583 1365; x_wconf 81' lang='grc' dir='ltr'>οἰκειῶσαι</span> <span class='ocrx_word' id='word_1_298' title='bbox 2616 1312 2764 1382; x_wconf 85' lang='grc' dir='ltr'>αὐτῷ</span> <span class='ocrx_word' id='word_1_299' title='bbox 2791 1314 3061 1385; x_wconf 81' lang='grc' dir='ltr'>καθαροὺς</span> <span class='ocrx_word' id='word_1_300' title='bbox 3093 1314 3202 1368; x_wconf 86' lang='grc' dir='ltr'><strong>ἀπὸ</strong></span> <span class='ocrx_word' id='word_1_301' title='bbox 3241 1315 3423 1385; x_wconf 85' lang='grc' dir='ltr'>πάσης</span> <span class='ocrx_word' id='word_1_302' title='bbox 3456 1316 3725 1385; x_wconf 84' lang='grc' dir='ltr'>πονηρίας</span> 
     </span>
    </p>
   </div>
   <div class='ocr_carea' id='block_1_44' title="bbox 2134 1402 3725 1475">
    <p class='ocr_par' dir='ltr' id='par_1_44' title="bbox 2134 1402 3725 1475">
     <span class='ocr_line' id='line_1_44' title="bbox 2134 1402 3725 1475; baseline 0.005 -22"><span class='ocrx_word' id='word_1_303' title='bbox 2134 1402 2227 1455; x_wconf 77' lang='grc' dir='ltr'><strong>καὶ</strong></span> <span class='ocrx_word' id='word_1_304' title='bbox 2275 1402 2473 1467; x_wconf 78' lang='grc' dir='ltr'>κακίας</span> <span class='ocrx_word' id='word_1_305' title='bbox 2510 1403 2649 1472; x_wconf 79' lang='grc' dir='ltr'>βίου.</span> <span class='ocrx_word' id='word_1_306' title='bbox 2697 1406 2808 1475; x_wconf 89' lang='grc' dir='ltr'>Οὐχ</span> <span class='ocrx_word' id='word_1_307' title='bbox 2847 1405 3036 1470; x_wconf 82' lang='grc' dir='ltr'>ἁπλῶς</span> <span class='ocrx_word' id='word_1_308' title='bbox 3081 1402 3194 1470; x_wconf 74' lang='grc' dir='ltr'>οὖν,</span> <span class='ocrx_word' id='word_1_309' title='bbox 3241 1408 3295 1460; x_wconf 74' lang='grc' dir='ltr'>εἴ</span> <span class='ocrx_word' id='word_1_310' title='bbox 3337 1426 3423 1470; x_wconf 90' lang='grc' dir='ltr'><strong>τις</strong></span> <span class='ocrx_word' id='word_1_311' title='bbox 3469 1408 3725 1462; x_wconf 76' lang='grc' dir='ltr'>Ἰουδαῖον</span> 
     </span>
    </p>
   </div>
   <div class='ocr_carea' id='block_1_45' title="bbox 2133 1492 3718 1569">
    <p class='ocr_par' dir='ltr' id='par_1_45' title="bbox 2133 1492 3718 1569">
     <span class='ocr_line' id='line_1_45' title="bbox 2133 1492 3718 1569; baseline 0.004 -25"><span class='ocrx_word' id='word_1_312' title='bbox 2133 1492 2323 1548; x_wconf 78' lang='grc' dir='ltr'>ἑαυτὸν</span> <span class='ocrx_word' id='word_1_313' title='bbox 2348 1494 2380 1565; x_wconf 84' lang='grc' dir='ltr'>ἢ</span> <span class='ocrx_word' id='word_1_314' title='bbox 2411 1495 2733 1565; x_wconf 83' lang='grc' dir='ltr'>Χριστιανὸν</span> <span class='ocrx_word' id='word_1_315' title='bbox 2762 1496 3105 1568; x_wconf 81' lang='grc' dir='ltr'>ἀναγορεύει,</span> <span class='ocrx_word' id='word_1_316' title='bbox 3133 1493 3287 1561; x_wconf 71' lang='grc' dir='ltr'>οὗτος</span> <span class='ocrx_word' id='word_1_317' title='bbox 3315 1496 3463 1565; x_wconf 81' lang='grc' dir='ltr'>λέγοι</span> <span class='ocrx_word' id='word_1_318' title='bbox 3492 1499 3601 1569; x_wconf 82' lang='grc'><strong>(87)</strong></span> <span class='ocrx_word' id='word_1_319' title='bbox 3630 1499 3718 1564; x_wconf 82' lang='grc' dir='ltr'>ἂν,</span> 
     </span>
    </p>
   </div>
   <div class='ocr_carea' id='block_1_46' title="bbox 2131 1584 3721 1661">
    <p class='ocr_par' dir='ltr' id='par_1_46' title="bbox 2131 1584 3721 1661">
     <span class='ocr_line' id='line_1_46' title="bbox 2131 1584 3721 1661; baseline 0.004 -24"><span class='ocrx_word' id='word_1_320' title='bbox 2131 1584 2212 1637; x_wconf 86' lang='grc' dir='ltr'><strong>ὅτι</strong></span> <span class='ocrx_word' id='word_1_321' title='bbox 2247 1585 2338 1639; x_wconf 89' lang='grc' dir='ltr'><strong>τὸν</strong></span> <span class='ocrx_word' id='word_1_322' title='bbox 2380 1586 2560 1640; x_wconf 82' lang='grc' dir='ltr'>πάντα</span> <span class='ocrx_word' id='word_1_323' title='bbox 2591 1586 2794 1657; x_wconf 87' lang='grc' dir='ltr'>κόσμον</span> <span class='ocrx_word' id='word_1_324' title='bbox 2822 1588 2915 1641; x_wconf 71' lang='grc' dir='ltr'>καὶ</span> <span class='ocrx_word' id='word_1_325' title='bbox 2947 1590 3047 1660; x_wconf 81' lang='grc' dir='ltr'>τὴν</span> <span class='ocrx_word' id='word_1_326' title='bbox 3094 1589 3344 1660; x_wconf 78' lang='grc' dir='ltr'>οὐράνιον</span> <span class='ocrx_word' id='word_1_327' title='bbox 3374 1590 3547 1661; x_wconf 76' lang='grc' dir='ltr'>φορὰν</span> <span class='ocrx_word' id='word_1_328' title='bbox 3590 1592 3721 1661; x_wconf 73' lang='grc' dir='ltr'>ἡμῖν</span> 
     </span>
    </p>
   </div>
   <div class='ocr_carea' id='block_1_47' title="bbox 2136 1675 3720 1754">
    <p class='ocr_par' dir='ltr' id='par_1_47' title="bbox 2136 1675 3720 1754">
     <span class='ocr_line' id='line_1_47' title="bbox 2136 1675 3720 1754; baseline 0.003 -24"><span class='ocrx_word' id='word_1_329' title='bbox 2136 1675 2369 1747; x_wconf 86' lang='grc' dir='ltr'>μάλιστα</span> <span class='ocrx_word' id='word_1_330' title='bbox 2420 1678 2717 1749; x_wconf 87' lang='grc' dir='ltr'>πεποίηκεν</span> <span class='ocrx_word' id='word_1_331' title='bbox 2761 1681 2789 1732; x_wconf 98' lang='lat'><strong>6</strong></span> <span class='ocrx_word' id='word_1_332' title='bbox 2833 1680 2995 1742; x_wconf 81' lang='grc' dir='ltr'>Θεός’</span> <span class='ocrx_word' id='word_1_333' title='bbox 3038 1681 3154 1734; x_wconf 82' lang='grc' dir='ltr'>ἀλλ’</span> <span class='ocrx_word' id='word_1_334' title='bbox 3194 1681 3248 1734; x_wconf 78' lang='grc' dir='ltr'><strong>εί</strong></span> <span class='ocrx_word' id='word_1_335' title='bbox 3285 1699 3389 1747; x_wconf 85' lang='grc' dir='ltr'>τις,</span> <span class='ocrx_word' id='word_1_336' title='bbox 3427 1683 3505 1745; x_wconf 85' lang='grc' dir='ltr'>ὡς</span> <span class='ocrx_word' id='word_1_337' title='bbox 3543 1685 3573 1735; x_wconf 92' lang='lat'><strong>6</strong></span> <span class='ocrx_word' id='word_1_338' title='bbox 3613 1682 3720 1754; x_wconf 72' lang='grc' dir='ltr'><strong>Ἴης-</strong></span> 
     </span>
    </p>
   </div>
   <div class='ocr_carea' id='block_1_48' title="bbox 2134 1764 3716 1846">
    <p class='ocr_par' dir='ltr' id='par_1_48' title="bbox 2134 1764 3716 1846">
     <span class='ocr_line' id='line_1_48' title="bbox 2134 1764 3716 1846; baseline 0.003 -25"><span class='ocrx_word' id='word_1_339' title='bbox 2134 1768 2261 1832; x_wconf 83' lang='grc' dir='ltr'>σοῦς</span> <span class='ocrx_word' id='word_1_340' title='bbox 2289 1768 2400 1842; x_wconf 88' lang='grc'><strong>(88)</strong></span> <span class='ocrx_word' id='word_1_341' title='bbox 2425 1770 2653 1837; x_wconf 79' lang='grc' dir='ltr'>ἐδίδαξε,</span> <span class='ocrx_word' id='word_1_342' title='bbox 2678 1771 2919 1843; x_wconf 83' lang='grc' dir='ltr'>καθαρός</span> <span class='ocrx_word' id='word_1_343' title='bbox 2939 1773 3054 1826; x_wconf 82' lang='grc' dir='ltr'>ἐστι</span> <span class='ocrx_word' id='word_1_344' title='bbox 3079 1776 3144 1845; x_wconf 82' lang='grc' dir='ltr'>τῇ</span> <span class='ocrx_word' id='word_1_345' title='bbox 3165 1764 3381 1846; x_wconf 82' lang='grc' dir='ltr'>κᾶρδίᾳ,</span> <span class='ocrx_word' id='word_1_346' title='bbox 3404 1775 3499 1828; x_wconf 78' lang='grc' dir='ltr'>καὶ</span> <span class='ocrx_word' id='word_1_347' title='bbox 3524 1777 3716 1845; x_wconf 77' lang='grc' dir='ltr'>πρᾶος,</span> 
     </span>
    </p>
   </div>
   <div class='ocr_carea' id='block_1_49' title="bbox 2132 1859 3719 1934">
    <p class='ocr_par' dir='ltr' id='par_1_49' title="bbox 2132 1859 3719 1934">
     <span class='ocr_line' id='line_1_49' title="bbox 2132 1859 3719 1934; baseline 0.004 -23"><span class='ocrx_word' id='word_1_348' title='bbox 2132 1859 2225 1912; x_wconf 88' lang='grc' dir='ltr'><strong>καί</strong></span> <span class='ocrx_word' id='word_1_349' title='bbox 2271 1860 2628 1932; x_wconf 76' lang='grc' dir='ltr'>είρηνοποιὸς,</span> <span class='ocrx_word' id='word_1_350' title='bbox 2666 1863 2761 1916; x_wconf 77' lang='grc' dir='ltr'><strong>καὶ</strong></span> <span class='ocrx_word' id='word_1_351' title='bbox 2804 1862 3100 1933; x_wconf 83' lang='grc' dir='ltr'>προθύμως</span> <span class='ocrx_word' id='word_1_352' title='bbox 3143 1865 3429 1934; x_wconf 82' lang='grc' dir='ltr'>ὑπομένων</span> <span class='ocrx_word' id='word_1_353' title='bbox 3472 1868 3600 1928; x_wconf 69' lang='grc' dir='ltr'>τοὺς</span> <span class='ocrx_word' id='word_1_354' title='bbox 3629 1865 3719 1919; x_wconf 70' lang='grc' dir='ltr'><strong>διὰ</strong></span> 
     </span>
    </p>
   </div>
   <div class='ocr_carea' id='block_1_50' title="bbox 2130 1952 3718 2029">
    <p class='ocr_par' dir='ltr' id='par_1_50' title="bbox 2130 1952 3718 2029">
     <span class='ocr_line' id='line_1_50' title="bbox 2130 1952 3718 2029; baseline 0.004 -25"><span class='ocrx_word' id='word_1_355' title='bbox 2130 1952 2228 2024; x_wconf 86' lang='grc' dir='ltr'>τὴν</span> <span class='ocrx_word' id='word_1_356' title='bbox 2253 1953 2533 2007; x_wconf 78' lang='grc' dir='ltr'>εὐσέϐειαν</span> <span class='ocrx_word' id='word_1_357' title='bbox 2567 1954 2847 2019; x_wconf 80' lang='grc' dir='ltr'>κινδύνους</span> <span class='ocrx_word' id='word_1_358' title='bbox 2867 1964 2880 1985; x_wconf 83' lang='grc'><em>⁴</em></span> <span class='ocrx_word' id='word_1_359' title='bbox 2905 1954 3142 2023; x_wconf 84' lang='grc' dir='ltr'>εὐλόγως</span> <span class='ocrx_word' id='word_1_360' title='bbox 3161 1955 3226 2009; x_wconf 84' lang='grc' dir='ltr'><strong>ἂν</strong></span> <span class='ocrx_word' id='word_1_361' title='bbox 3252 1959 3281 2009; x_wconf 89' lang='lat'><strong>6</strong></span> <span class='ocrx_word' id='word_1_362' title='bbox 3307 1957 3548 2021; x_wconf 80' lang='grc' dir='ltr'>τοιοῦτος</span> <span class='ocrx_word' id='word_1_363' title='bbox 3583 1958 3718 2029; x_wconf 81' lang='grc' dir='ltr'><strong>6αρ-</strong></span> 
     </span>
    </p>
   </div>
   <div class='ocr_carea' id='block_1_51' title="bbox 2133 2042 3715 2118">
    <p class='ocr_par' dir='ltr' id='par_1_51' title="bbox 2133 2042 3715 2118">
     <span class='ocr_line' id='line_1_51' title="bbox 2133 2042 3715 2118; baseline 0.003 -22"><span class='ocrx_word' id='word_1_364' title='bbox 2133 2044 2251 2115; x_wconf 80' lang='grc' dir='ltr'><strong>ροίη</strong></span> <span class='ocrx_word' id='word_1_365' title='bbox 2276 2042 2355 2114; x_wconf 79' lang='grc' dir='ltr'>τῷ</span> <span class='ocrx_word' id='word_1_366' title='bbox 2385 2043 2523 2115; x_wconf 82' lang='grc' dir='ltr'>Θεῷ,</span> <span class='ocrx_word' id='word_1_367' title='bbox 2568 2047 2770 2107; x_wconf 77' lang='grc' dir='ltr'>συνιεὶς</span> <span class='ocrx_word' id='word_1_368' title='bbox 2794 2044 2852 2097; x_wconf 85' lang='grc' dir='ltr'>δὲ</span> <span class='ocrx_word' id='word_1_369' title='bbox 2890 2047 2984 2097; x_wconf 70' lang='grc' dir='ltr'><strong>καὶ</strong></span> <span class='ocrx_word' id='word_1_370' title='bbox 3010 2046 3100 2098; x_wconf 89' lang='grc' dir='ltr'><strong>τὸν</strong></span> <span class='ocrx_word' id='word_1_371' title='bbox 3130 2047 3187 2099; x_wconf 77' lang='grc' dir='ltr'><strong>ὲν</strong></span> <span class='ocrx_word' id='word_1_372' title='bbox 3213 2049 3329 2113; x_wconf 78' lang='grc' dir='ltr'>ταῖς</span> <span class='ocrx_word' id='word_1_373' title='bbox 3361 2048 3715 2118; x_wconf 73' lang='grc' dir='ltr'>προφητείαις</span> 
     </span>
    </p>
   </div>
   <div class='ocr_carea' id='block_1_52' title="bbox 2129 2134 3715 2209">
    <p class='ocr_par' dir='ltr' id='par_1_52' title="bbox 2129 2134 3715 2209">
     <span class='ocr_line' id='line_1_52' title="bbox 2129 2134 3715 2209; baseline 0.004 -22"><span class='ocrx_word' id='word_1_374' title='bbox 2129 2134 2289 2204; x_wconf 80' lang='grc' dir='ltr'>λόγον</span> <span class='ocrx_word' id='word_1_375' title='bbox 2306 2137 2473 2207; x_wconf 82' lang='grc' dir='ltr'>φήσαι</span> <span class='ocrx_word' id='word_1_376' title='bbox 2504 2135 2568 2189; x_wconf 86' lang='grc' dir='ltr'><strong>ἂν</strong></span> <span class='ocrx_word' id='word_1_377' title='bbox 2602 2137 2695 2189; x_wconf 70' lang='grc' dir='ltr'>καὶ</span> <span class='ocrx_word' id='word_1_378' title='bbox 2720 2134 2799 2189; x_wconf 88' lang='grc' dir='ltr'>τό·</span> <span class='ocrx_word' id='word_1_379' title='bbox 2845 2155 2863 2187; x_wconf 76' lang='grc' dir='ltr'><strong>ι</strong></span> <span class='ocrx_word' id='word_1_380' title='bbox 2902 2136 3087 2190; x_wconf 83' lang='grc' dir='ltr'>Πάντα</span> <span class='ocrx_word' id='word_1_381' title='bbox 3117 2139 3291 2192; x_wconf 77' lang='grc' dir='ltr'>ταῦτα</span> <span class='ocrx_word' id='word_1_382' title='bbox 3321 2141 3451 2209; x_wconf 82' lang='grc' dir='ltr'>ἡμῖν</span> <span class='ocrx_word' id='word_1_383' title='bbox 3486 2144 3599 2203; x_wconf 86' lang='grc' dir='ltr'>τοῖς</span> <span class='ocrx_word' id='word_1_384' title='bbox 3636 2159 3715 2193; x_wconf 84' lang='grc' dir='ltr'>πι-</span> 
     </span>
    </p>
   </div>
   <div class='ocr_carea' id='block_1_53' title="bbox 2133 2226 3604 2299">
    <p class='ocr_par' dir='ltr' id='par_1_53' title="bbox 2133 2226 3604 2299">
     <span class='ocr_line' id='line_1_53' title="bbox 2133 2226 3604 2299; baseline 0 -19"><span class='ocrx_word' id='word_1_385' title='bbox 2133 2226 2408 2280; x_wconf 87' lang='grc' dir='ltr'>στεύουσιν</span> <span class='ocrx_word' id='word_1_386' title='bbox 2430 2229 2457 2280; x_wconf 90' lang='grc' dir='ltr'><strong>ὁ</strong></span> <span class='ocrx_word' id='word_1_387' title='bbox 2481 2226 2612 2290; x_wconf 86' lang='grc' dir='ltr'>Θεὸς</span> <span class='ocrx_word' id='word_1_388' title='bbox 2640 2227 3012 2299; x_wconf 81' lang='grc' dir='ltr'>προδεδήλωκε</span> <span class='ocrx_word' id='word_1_389' title='bbox 3040 2229 3132 2281; x_wconf 69' lang='grc' dir='ltr'>καὶ</span> <span class='ocrx_word' id='word_1_390' title='bbox 3157 2228 3539 2299; x_wconf 86' lang='grc' dir='ltr'>κατήγγειλεν.</span> <span class='ocrx_word' id='word_1_391' title='bbox 3584 2248 3604 2280; x_wconf 74' lang='grc' dir='ltr'><strong>ι</strong></span> 
     </span>
    </p>
   </div>
   <div class='ocr_carea' id='block_1_54' title="bbox 2215 2317 3710 2390">
    <p class='ocr_par' dir='ltr' id='par_1_54' title="bbox 2215 2317 3710 2390">
     <span class='ocr_line' id='line_1_54' title="bbox 2215 2317 3710 2390; baseline 0.003 -21"><span class='ocrx_word' id='word_1_392' title='bbox 2215 2317 2367 2370; x_wconf 67' lang='grc' dir='ltr'>Ἐπεὶ</span> <span class='ocrx_word' id='word_1_393' title='bbox 2399 2317 2454 2370; x_wconf 85' lang='grc' dir='ltr'>δὲ</span> <span class='ocrx_word' id='word_1_394' title='bbox 2488 2317 2583 2371; x_wconf 73' lang='grc' dir='ltr'><strong>καὶ</strong></span> <span class='ocrx_word' id='word_1_395' title='bbox 2630 2318 2947 2389; x_wconf 86' lang='grc' dir='ltr'>πεποίηκεν,</span> <span class='ocrx_word' id='word_1_396' title='bbox 2994 2318 3091 2382; x_wconf 79' lang='grc' dir='ltr'><strong>οὒς</strong></span> <span class='ocrx_word' id='word_1_397' title='bbox 3140 2320 3353 2389; x_wconf 81' lang='grc' dir='ltr'>ἡγεῖται</span> <span class='ocrx_word' id='word_1_398' title='bbox 3402 2319 3710 2390; x_wconf 80' lang='grc' dir='ltr'>σκώληκας,</span> 
     </span>
    </p>
   </div>
   <div class='ocr_carea' id='block_1_55' title="bbox 2130 2408 3713 2483">
    <p class='ocr_par' dir='ltr' id='par_1_55' title="bbox 2130 2408 3713 2483">
     <span class='ocr_line' id='line_1_55' title="bbox 2130 2408 3713 2483; baseline 0.002 -21"><span class='ocrx_word' id='word_1_399' title='bbox 2130 2409 2489 2481; x_wconf 82' lang='grc' dir='ltr'>Χριστιανοὺς</span> <span class='ocrx_word' id='word_1_400' title='bbox 2542 2408 2820 2476; x_wconf 84' lang='grc' dir='ltr'>λέγοντας,</span> <span class='ocrx_word' id='word_1_401' title='bbox 2868 2411 2951 2464; x_wconf 87' lang='grc' dir='ltr'>ὄτι</span> <span class='ocrx_word' id='word_1_402' title='bbox 3004 2430 3023 2462; x_wconf 75' lang='grc' dir='ltr'><strong>ι</strong></span> <span class='ocrx_word' id='word_1_403' title='bbox 3078 2410 3176 2482; x_wconf 85' lang='grc' dir='ltr'><strong>τὴν</strong></span> <span class='ocrx_word' id='word_1_404' title='bbox 3233 2411 3484 2482; x_wconf 84' lang='grc' dir='ltr'>οὐράνιον</span> <span class='ocrx_word' id='word_1_405' title='bbox 3546 2412 3713 2483; x_wconf 73' lang='grc' dir='ltr'>φορὰν</span> 
     </span>
    </p>
   </div>
   <div class='ocr_carea' id='block_1_56' title="bbox 2130 2499 3713 2573">
    <p class='ocr_par' dir='ltr' id='par_1_56' title="bbox 2130 2499 3713 2573">
     <span class='ocr_line' id='line_1_56' title="bbox 2130 2499 3713 2573; baseline 0.001 -19"><span class='ocrx_word' id='word_1_406' title='bbox 2130 2499 2410 2554; x_wconf 85' lang='grc' dir='ltr'>ἀπολιπὼν</span> <span class='ocrx_word' id='word_1_407' title='bbox 2437 2501 2468 2552; x_wconf 90' lang='lat'><strong>6</strong></span> <span class='ocrx_word' id='word_1_408' title='bbox 2493 2499 2645 2565; x_wconf 84' lang='grc' dir='ltr'>Θεὸς,</span> <span class='ocrx_word' id='word_1_409' title='bbox 2683 2501 2776 2553; x_wconf 74' lang='grc' dir='ltr'><strong>καὶ</strong></span> <span class='ocrx_word' id='word_1_410' title='bbox 2825 2500 2924 2571; x_wconf 85' lang='grc' dir='ltr'>τὴν</span> <span class='ocrx_word' id='word_1_411' title='bbox 2957 2501 3228 2572; x_wconf 81' lang='grc' dir='ltr'>τοσαύτην</span> <span class='ocrx_word' id='word_1_412' title='bbox 3269 2503 3372 2573; x_wconf 85' lang='grc' dir='ltr'><strong>γῆν</strong></span> <span class='ocrx_word' id='word_1_413' title='bbox 3406 2502 3519 2573; x_wconf 83' lang='grc'>(89)</span> <span class='ocrx_word' id='word_1_414' title='bbox 3550 2518 3713 2573; x_wconf 62' lang='grc' dir='ltr'>παρις</span> 
     </span>
    </p>
   </div>
   <div class='ocr_carea' id='block_1_57' title="bbox 2128 2590 3711 2665">
    <p class='ocr_par' dir='ltr' id='par_1_57' title="bbox 2128 2590 3711 2665">
     <span class='ocr_line' id='line_1_57' title="bbox 2128 2590 3711 2665; baseline 0.001 -20"><span class='ocrx_word' id='word_1_415' title='bbox 2128 2590 2254 2657; x_wconf 87' lang='grc' dir='ltr'>δὼν,</span> <span class='ocrx_word' id='word_1_416' title='bbox 2283 2592 2415 2663; x_wconf 86' lang='grc' dir='ltr'><strong>ήμῖν</strong></span> <span class='ocrx_word' id='word_1_417' title='bbox 2447 2590 2627 2662; x_wconf 83' lang='grc' dir='ltr'>μόνοις</span> <span class='ocrx_word' id='word_1_418' title='bbox 2647 2592 3089 2662; x_wconf 75' lang='grc' dir='ltr'>ὲμπολιτεύεται,</span> <span class='ocrx_word' id='word_1_419' title='bbox 3121 2592 3218 2646; x_wconf 82' lang='grc' dir='ltr'><strong>καὶ</strong></span> <span class='ocrx_word' id='word_1_420' title='bbox 3251 2593 3388 2665; x_wconf 80' lang='grc' dir='ltr'>πρὸς</span> <span class='ocrx_word' id='word_1_421' title='bbox 3419 2595 3566 2664; x_wconf 75' lang='grc' dir='ltr'>ἡμᾶς</span> <span class='ocrx_word' id='word_1_422' title='bbox 3594 2595 3711 2646; x_wconf 82' lang='grc' dir='ltr'>ἐπι-</span> 
     </span>
    </p>
   </div>
   <div class='ocr_carea' id='block_1_58' title="bbox 2129 2683 3711 2756">
    <p class='ocr_par' dir='ltr' id='par_1_58' title="bbox 2129 2683 3711 2756">
     <span class='ocr_line' id='line_1_58' title="bbox 2129 2683 3711 2756; baseline -0.001 -18"><span class='ocrx_word' id='word_1_423' title='bbox 2129 2684 2513 2756; x_wconf 87' lang='grc' dir='ltr'>κηρυκεύεται,</span> <span class='ocrx_word' id='word_1_424' title='bbox 2549 2684 2642 2736; x_wconf 72' lang='grc' dir='ltr'><strong>καὶ</strong></span> <span class='ocrx_word' id='word_1_425' title='bbox 2696 2683 2928 2753; x_wconf 86' lang='grc' dir='ltr'>πέμπων</span> <span class='ocrx_word' id='word_1_426' title='bbox 2956 2684 3017 2737; x_wconf 90' lang='grc' dir='ltr'><strong>οὐ</strong></span> <span class='ocrx_word' id='word_1_427' title='bbox 3064 2684 3352 2750; x_wconf 83' lang='grc' dir='ltr'>διαλείπει,</span> <span class='ocrx_word' id='word_1_428' title='bbox 3396 2685 3491 2738; x_wconf 77' lang='grc' dir='ltr'><strong>καὶ</strong></span> <span class='ocrx_word' id='word_1_429' title='bbox 3536 2684 3711 2755; x_wconf 80' lang='grc' dir='ltr'>ζητῶν</span> 
     </span>
    </p>
   </div>
   <div class='ocr_carea' id='block_1_59' title="bbox 2128 2771 3712 2846">
    <p class='ocr_par' dir='ltr' id='par_1_59' title="bbox 2128 2771 3712 2846">
     <span class='ocr_line' id='line_1_59' title="bbox 2128 2771 3712 2846; baseline 0 -18"><span class='ocrx_word' id='word_1_430' title='bbox 2128 2775 2277 2839; x_wconf 86' lang='grc' dir='ltr'>ὅπως</span> <span class='ocrx_word' id='word_1_431' title='bbox 2308 2774 2397 2828; x_wconf 70' lang='grc' dir='ltr'>ἀεὶ</span> <span class='ocrx_word' id='word_1_432' title='bbox 2435 2774 2680 2846; x_wconf 84' lang='grc' dir='ltr'>συνῶμεν</span> <span class='ocrx_word' id='word_1_433' title='bbox 2720 2774 2868 2846; x_wconf 89' lang='grc' dir='ltr'>αὐτῷ</span> <span class='ocrx_word' id='word_1_434' title='bbox 2891 2791 2903 2803; x_wconf 87' lang='grc'><strong>·</strong></span> <span class='ocrx_word' id='word_1_435' title='bbox 2946 2795 2964 2827; x_wconf 74' lang='grc' dir='ltr'><strong>ι</strong></span> <span class='ocrx_word' id='word_1_436' title='bbox 2996 2771 3345 2836; x_wconf 79' lang='grc' dir='ltr'>λεκτέον.’ὄτι</span> <span class='ocrx_word' id='word_1_437' title='bbox 3383 2776 3453 2830; x_wconf 77' lang='grc' dir='ltr'>τὰ</span> <span class='ocrx_word' id='word_1_438' title='bbox 3500 2777 3573 2846; x_wconf 88' lang='grc' dir='ltr'><strong>μὴ</strong></span> <span class='ocrx_word' id='word_1_439' title='bbox 3629 2775 3712 2828; x_wconf 84' lang='grc' dir='ltr'>λε-</span> 
     </span>
    </p>
   </div>
   <div class='ocr_carea' id='block_1_60' title="bbox 2129 2858 3707 2936">
    <p class='ocr_par' dir='ltr' id='par_1_60' title="bbox 2129 2858 3707 2936">
     <span class='ocr_line' id='line_1_60' title="bbox 2129 2858 3707 2936; baseline -0.002 -18"><span class='ocrx_word' id='word_1_440' title='bbox 2129 2865 2332 2936; x_wconf 87' lang='grc' dir='ltr'>γόμενα</span> <span class='ocrx_word' id='word_1_441' title='bbox 2361 2858 2497 2935; x_wconf 78' lang='grc' dir='ltr'>πρὸς</span> <span class='ocrx_word' id='word_1_442' title='bbox 2528 2862 2686 2933; x_wconf 83' lang='grc' dir='ltr'>ἡμῶν</span> <span class='ocrx_word' id='word_1_443' title='bbox 2715 2862 3054 2934; x_wconf 86' lang='grc' dir='ltr'>περιτίθησιν</span> <span class='ocrx_word' id='word_1_444' title='bbox 3087 2864 3238 2933; x_wconf 75' lang='grc' dir='ltr'>ἡμῖν,</span> <span class='ocrx_word' id='word_1_445' title='bbox 3282 2864 3395 2926; x_wconf 79' lang='grc' dir='ltr'>τοῖς</span> <span class='ocrx_word' id='word_1_446' title='bbox 3440 2862 3537 2914; x_wconf 75' lang='grc' dir='ltr'>καὶ</span> <span class='ocrx_word' id='word_1_447' title='bbox 3579 2863 3707 2915; x_wconf 88' lang='grc' dir='ltr'>ἀνα-</span> 
     </span>
    </p>
   </div>
   <div class='ocr_carea' id='block_1_61' title="bbox 2129 2953 3707 3025">
    <p class='ocr_par' dir='ltr' id='par_1_61' title="bbox 2129 2953 3707 3025">
     <span class='ocr_line' id='line_1_61' title="bbox 2129 2953 3707 3025; baseline 0 -17"><span class='ocrx_word' id='word_1_448' title='bbox 2129 2956 2456 3025; x_wconf 76' lang='grc' dir='ltr'>γινώσκουσι</span> <span class='ocrx_word' id='word_1_449' title='bbox 2481 2955 2577 3009; x_wconf 75' lang='grc' dir='ltr'><strong>καὶ</strong></span> <span class='ocrx_word' id='word_1_450' title='bbox 2607 2954 3026 3023; x_wconf 64' lang='grc' dir='ltr'>γιγνώσκουσιν,</span> <span class='ocrx_word' id='word_1_451' title='bbox 3059 2974 3078 3006; x_wconf 69' lang='grc' dir='ltr'><strong>ι</strong></span> <span class='ocrx_word' id='word_1_452' title='bbox 3113 2956 3196 3007; x_wconf 82' lang='grc' dir='ltr'><strong>ὅτι</strong></span> <span class='ocrx_word' id='word_1_453' title='bbox 3222 2955 3411 3025; x_wconf 76' lang='grc' dir='ltr'>ἀγαπᾷ</span> <span class='ocrx_word' id='word_1_454' title='bbox 3440 2954 3619 3008; x_wconf 85' lang='grc' dir='ltr'>πάντα</span> <span class='ocrx_word' id='word_1_455' title='bbox 3643 2953 3707 3008; x_wconf 80' lang='grc' dir='ltr'>τὰ</span> 
     </span>
    </p>
   </div>
   <div class='ocr_carea' id='block_1_62' title="bbox 448 3038 2024 3124">
    <p class='ocr_par' dir='ltr' id='par_1_62' title="bbox 448 3043 2024 3117">
     <span class='ocr_line' id='line_1_62' title="bbox 448 3043 2024 3117; baseline 0.003 -20"><span class='ocrx_word' id='word_1_456' title='bbox 448 3058 595 3117; x_wconf 79' lang='lat' dir='ltr'><strong>mus,</strong></span> <span class='ocrx_word' id='word_1_457' title='bbox 641 3063 661 3097; x_wconf 71' lang='grc' dir='ltr'>ί</span> <span class='ocrx_word' id='word_1_458' title='bbox 704 3044 871 3098; x_wconf 88' lang='lat' dir='ltr'><strong>Deum</strong></span> <span class='ocrx_word' id='word_1_459' title='bbox 924 3043 1151 3112; x_wconf 79' lang='lat' dir='ltr'><strong>diligere</strong></span> <span class='ocrx_word' id='word_1_460' title='bbox 1195 3045 1382 3098; x_wconf 85' lang='lat' dir='ltr'><strong>omnia</strong></span> <span class='ocrx_word' id='word_1_461' title='bbox 1427 3057 1547 3113; x_wconf 64' lang='lat' dir='ltr'><strong>quas</strong></span> <span class='ocrx_word' id='word_1_462' title='bbox 1596 3054 1746 3109; x_wconf 88' lang='lat' dir='ltr'><strong>sunt,</strong></span> <span class='ocrx_word' id='word_1_463' title='bbox 1785 3055 1840 3101; x_wconf 91' lang='lat' dir='ltr'><strong>et</strong></span> <span class='ocrx_word' id='word_1_464' title='bbox 1891 3047 2024 3101; x_wconf 87' lang='lat' dir='ltr'><strong>nih&#39;il</strong></span> 
     </span>
    </p>
   </div>
   <div class='ocr_carea' id='block_1_63' title="bbox 2131 3038 3704 3124">
    <p class='ocr_par' dir='ltr' id='par_1_63' title="bbox 2131 3038 3704 3116">
     <span class='ocr_line' id='line_1_63' title="bbox 2131 3038 3704 3116; baseline -0.003 -16"><span class='ocrx_word' id='word_1_465' title='bbox 2131 3046 2256 3100; x_wconf 71' lang='lat' dir='ltr'><strong>BVta</strong></span> <span class='ocrx_word' id='word_1_466' title='bbox 2305 3048 2333 3098; x_wconf 92' lang='lat'><strong>6</strong></span> <span class='ocrx_word' id='word_1_467' title='bbox 2377 3044 2529 3108; x_wconf 88' lang='grc' dir='ltr'>Θεὸς,</span> <span class='ocrx_word' id='word_1_468' title='bbox 2582 3045 2677 3100; x_wconf 76' lang='grc' dir='ltr'><strong>καὶ</strong></span> <span class='ocrx_word' id='word_1_469' title='bbox 2729 3045 2880 3098; x_wconf 86' lang='grc' dir='ltr'>οὐδὲν</span> <span class='ocrx_word' id='word_1_470' title='bbox 2935 3045 3283 3116; x_wconf 85' lang='grc' dir='ltr'>βδελύσσεται</span> <span class='ocrx_word' id='word_1_471' title='bbox 3316 3038 3391 3098; x_wconf 84' lang='grc' dir='ltr'>ὧν</span> <span class='ocrx_word' id='word_1_472' title='bbox 3421 3044 3704 3114; x_wconf 71' lang='grc' dir='ltr'>ἐποίησενσ</span> 
     </span>
    </p>
   </div>
   <div class='ocr_carea' id='block_1_64' title="bbox 446 3134 2022 3203">
    <p class='ocr_par' dir='ltr' id='par_1_64' title="bbox 446 3134 2022 3203">
     <span class='ocr_line' id='line_1_64' title="bbox 446 3134 2022 3203; baseline 0.001 -12"><span class='ocrx_word' id='word_1_473' title='bbox 446 3134 630 3191; x_wconf 84' lang='lat' dir='ltr'><strong>odisse</strong></span> <span class='ocrx_word' id='word_1_474' title='bbox 650 3149 835 3189; x_wconf 90' lang='lat' dir='ltr'><strong>eorum</strong></span> <span class='ocrx_word' id='word_1_475' title='bbox 870 3149 988 3203; x_wconf 81' lang='lat' dir='ltr'><strong>quae</strong></span> <span class='ocrx_word' id='word_1_476' title='bbox 1018 3135 1189 3200; x_wconf 79' lang='lat' dir='ltr'><strong>fecit;</strong></span> <span class='ocrx_word' id='word_1_477' title='bbox 1246 3134 1383 3188; x_wconf 89' lang='lat' dir='ltr'><strong>nihil</strong></span> <span class='ocrx_word' id='word_1_478' title='bbox 1418 3136 1562 3191; x_wconf 86' lang='lat' dir='ltr'><strong>enim</strong></span> <span class='ocrx_word' id='word_1_479' title='bbox 1601 3137 2022 3192; x_wconf 84' lang='lat' dir='ltr'><strong>ocnstltuturnm</strong></span> 
     </span>
    </p>
   </div>
   <div class='ocr_carea' id='block_1_65' title="bbox 447 3224 2021 3303">
    <p class='ocr_par' dir='ltr' id='par_1_65' title="bbox 447 3224 2021 3303">
     <span class='ocr_line' id='line_1_65' title="bbox 447 3224 2021 3303; baseline 0.003 -22"><span class='ocrx_word' id='word_1_480' title='bbox 447 3225 620 3282; x_wconf 82' lang='lat' dir='ltr'><strong>fuisse</strong></span> <span class='ocrx_word' id='word_1_481' title='bbox 642 3229 786 3295; x_wconf 91' lang='lat' dir='ltr'><strong>quod</strong></span> <span class='ocrx_word' id='word_1_482' title='bbox 805 3226 1012 3281; x_wconf 85' lang='lat' dir='ltr'><strong>odisset</strong></span> <span class='ocrx_word' id='word_1_483' title='bbox 1035 3226 1104 3303; x_wconf 38' lang='grc'>⁸⁸..</span> <span class='ocrx_word' id='word_1_484' title='bbox 1140 3244 1158 3277; x_wconf 73' lang='grc' dir='ltr'><strong>ι</strong></span> <span class='ocrx_word' id='word_1_485' title='bbox 1194 3225 1417 3281; x_wconf 89' lang='lat' dir='ltr'><strong>Lectum</strong></span> <span class='ocrx_word' id='word_1_486' title='bbox 1449 3224 1604 3281; x_wconf 91' lang='lat' dir='ltr'><strong>nobis</strong></span> <span class='ocrx_word' id='word_1_487' title='bbox 1630 3237 1711 3283; x_wconf 87' lang='lat' dir='ltr'><strong>est</strong></span> <span class='ocrx_word' id='word_1_488' title='bbox 1744 3237 1802 3284; x_wconf 86' lang='lat' dir='ltr'><strong>et</strong></span> <span class='ocrx_word' id='word_1_489' title='bbox 1830 3229 1969 3285; x_wconf 87' lang='lat' dir='ltr'><strong>istud</strong></span> <span class='ocrx_word' id='word_1_490' title='bbox 2006 3246 2021 3284; x_wconf 88' lang='lat'><strong>:</strong></span> 
     </span>
    </p>
   </div>
   <div class='ocr_carea' id='block_1_66' title="bbox 453 3316 2020 3388">
    <p class='ocr_par' dir='ltr' id='par_1_66' title="bbox 453 3316 2020 3388">
     <span class='ocr_line' id='line_1_66' title="bbox 453 3316 2020 3388; baseline 0 -15"><span class='ocrx_word' id='word_1_491' title='bbox 453 3337 474 3372; x_wconf 76' lang='grc' dir='ltr'><strong>ι</strong></span> <span class='ocrx_word' id='word_1_492' title='bbox 508 3316 697 3373; x_wconf 87' lang='lat' dir='ltr'><strong>Parcis</strong></span> <span class='ocrx_word' id='word_1_493' title='bbox 734 3325 916 3370; x_wconf 89' lang='lat' dir='ltr'><strong>autem</strong></span> <span class='ocrx_word' id='word_1_494' title='bbox 944 3317 1214 3383; x_wconf 88' lang='lat' dir='ltr'><strong>omnibus,</strong></span> <span class='ocrx_word' id='word_1_495' title='bbox 1245 3319 1503 3388; x_wconf 87' lang='lat' dir='ltr'><strong>quoniam</strong></span> <span class='ocrx_word' id='word_1_496' title='bbox 1532 3320 1713 3373; x_wconf 89' lang='lat' dir='ltr'><strong>omnia</strong></span> <span class='ocrx_word' id='word_1_497' title='bbox 1748 3330 1835 3376; x_wconf 90' lang='lat' dir='ltr'><strong>tua</strong></span> <span class='ocrx_word' id='word_1_498' title='bbox 1872 3333 2020 3388; x_wconf 88' lang='lat' dir='ltr'><strong>sunt,</strong></span> 
     </span>
    </p>
   </div>
   <div class='ocr_carea' id='block_1_67' title="bbox 447 3392 2023 3482">
    <p class='ocr_par' dir='ltr' id='par_1_67' title="bbox 447 3392 2023 3482">
     <span class='ocr_line' id='line_1_67' title="bbox 447 3392 2023 3482; baseline 0.003 -19"><span class='ocrx_word' id='word_1_499' title='bbox 447 3410 541 3481; x_wconf 87' lang='lat' dir='ltr'><strong>qui</strong></span> <span class='ocrx_word' id='word_1_500' title='bbox 569 3424 723 3464; x_wconf 86' lang='lat' dir='ltr'><strong>amas</strong></span> <span class='ocrx_word' id='word_1_501' title='bbox 751 3392 992 3464; x_wconf 52' lang='lat' dir='ltr'><strong>animas.</strong></span> <span class='ocrx_word' id='word_1_502' title='bbox 1012 3408 1446 3478; x_wconf 83' lang='lat' dir='ltr'><strong>Incorruptibilis</strong></span> <span class='ocrx_word' id='word_1_503' title='bbox 1472 3411 1617 3468; x_wconf 88' lang='lat' dir='ltr'><strong>enim</strong></span> <span class='ocrx_word' id='word_1_504' title='bbox 1654 3421 1777 3467; x_wconf 88' lang='lat' dir='ltr'><strong>tuus</strong></span> <span class='ocrx_word' id='word_1_505' title='bbox 1802 3420 1888 3467; x_wconf 90' lang='lat' dir='ltr'><strong>est</strong></span> <span class='ocrx_word' id='word_1_506' title='bbox 1910 3413 2023 3482; x_wconf 87' lang='lat' dir='ltr'><strong>spi-</strong></span> 
     </span>
    </p>
   </div>
   <div class='ocr_carea' id='block_1_68' title="bbox 444 3500 2024 3574">
    <p class='ocr_par' dir='ltr' id='par_1_68' title="bbox 444 3500 2024 3574">
     <span class='ocr_line' id='line_1_68' title="bbox 444 3500 2024 3574; baseline 0.001 -18"><span class='ocrx_word' id='word_1_507' title='bbox 444 3503 588 3556; x_wconf 91' lang='lat' dir='ltr'><strong>ritus</strong></span> <span class='ocrx_word' id='word_1_508' title='bbox 612 3502 666 3555; x_wconf 93' lang='lat' dir='ltr'><strong>in</strong></span> <span class='ocrx_word' id='word_1_509' title='bbox 701 3500 986 3568; x_wconf 90' lang='lat' dir='ltr'><strong>omnibus;</strong></span> <span class='ocrx_word' id='word_1_510' title='bbox 1025 3501 1255 3570; x_wconf 88' lang='lat' dir='ltr'><strong>ideoque</strong></span> <span class='ocrx_word' id='word_1_511' title='bbox 1297 3515 1392 3556; x_wconf 90' lang='lat' dir='ltr'><strong>eos</strong></span> <span class='ocrx_word' id='word_1_512' title='bbox 1428 3502 1519 3571; x_wconf 89' lang='lat' dir='ltr'><strong>qui</strong></span> <span class='ocrx_word' id='word_1_513' title='bbox 1543 3512 1801 3560; x_wconf 83' lang='lat' dir='ltr'><strong>exerrant</strong></span> <span class='ocrx_word' id='word_1_514' title='bbox 1852 3505 2024 3574; x_wconf 84' lang='lat' dir='ltr'><strong>parti-</strong></span> 
     </span>
    </p>
   </div>
   <div class='ocr_carea' id='block_1_69' title="bbox 444 3592 2024 3662">
    <p class='ocr_par' dir='ltr' id='par_1_69' title="bbox 444 3592 2024 3662">
     <span class='ocr_line' id='line_1_69' title="bbox 444 3592 2024 3662; baseline 0.003 -15"><span class='ocrx_word' id='word_1_515' title='bbox 444 3592 547 3648; x_wconf 86' lang='lat' dir='ltr'><strong>bus</strong></span> <span class='ocrx_word' id='word_1_516' title='bbox 569 3592 823 3661; x_wconf 84' lang='lat' dir='ltr'><strong>corripis,</strong></span> <span class='ocrx_word' id='word_1_517' title='bbox 853 3600 909 3647; x_wconf 91' lang='lat' dir='ltr'><strong>et</strong></span> <span class='ocrx_word' id='word_1_518' title='bbox 935 3593 1000 3647; x_wconf 90' lang='lat' dir='ltr'><strong>de</strong></span> <span class='ocrx_word' id='word_1_519' title='bbox 1032 3592 1227 3661; x_wconf 91' lang='lat' dir='ltr'><strong>quibus</strong></span> <span class='ocrx_word' id='word_1_520' title='bbox 1258 3601 1509 3662; x_wconf 88' lang='lat' dir='ltr'><strong>peccant,</strong></span> <span class='ocrx_word' id='word_1_521' title='bbox 1533 3594 1793 3651; x_wconf 90' lang='lat' dir='ltr'><strong>admones</strong></span> <span class='ocrx_word' id='word_1_522' title='bbox 1821 3605 1876 3652; x_wconf 90' lang='lat' dir='ltr'><strong>et</strong></span> <span class='ocrx_word' id='word_1_523' title='bbox 1900 3611 2024 3651; x_wconf 82' lang='lat' dir='ltr'><strong>cor-</strong></span> 
     </span>
    </p>
   </div>
   <div class='ocr_carea' id='block_1_70' title="bbox 444 3682 2019 3752">
    <p class='ocr_par' dir='ltr' id='par_1_70' title="bbox 444 3682 2019 3752">
     <span class='ocr_line' id='line_1_70' title="bbox 444 3682 2019 3752; baseline 0.003 -15"><span class='ocrx_word' id='word_1_524' title='bbox 444 3682 578 3752; x_wconf 82' lang='lat' dir='ltr'><strong>rigis</strong></span> <span class='ocrx_word' id='word_1_525' title='bbox 608 3683 678 3738; x_wconf 81' lang='grc'>⁸⁶.</span> <span class='ocrx_word' id='word_1_526' title='bbox 719 3702 739 3737; x_wconf 75' lang='grc' dir='ltr'><strong>ι</strong></span> <span class='ocrx_word' id='word_1_527' title='bbox 774 3682 879 3750; x_wconf 84' lang='lat' dir='ltr'><strong>Qui</strong></span> <span class='ocrx_word' id='word_1_528' title='bbox 913 3685 1077 3738; x_wconf 88' lang='lat' dir='ltr'><strong>etiam</strong></span> <span class='ocrx_word' id='word_1_529' title='bbox 1119 3684 1425 3740; x_wconf 90' lang='lat' dir='ltr'><strong>diceremus</strong></span> <span class='ocrx_word' id='word_1_530' title='bbox 1455 3698 1474 3738; x_wconf 76' lang='grc' dir='ltr'><strong>ι</strong></span> <span class='ocrx_word' id='word_1_531' title='bbox 1507 3686 1773 3742; x_wconf 83' lang='lat' dir='ltr'><strong>caelorum</strong></span> <span class='ocrx_word' id='word_1_532' title='bbox 1797 3699 2019 3744; x_wconf 78' lang='lat' dir='ltr'><strong>cursum</strong></span> 
     </span>
    </p>
   </div>
   <div class='ocr_carea' id='block_1_71' title="bbox 445 3776 2022 3848">
    <p class='ocr_par' dir='ltr' id='par_1_71' title="bbox 445 3776 2022 3848">
     <span class='ocr_line' id='line_1_71' title="bbox 445 3776 2022 3848; baseline 0.004 -20"><span class='ocrx_word' id='word_1_533' title='bbox 445 3783 732 3845; x_wconf 88' lang='lat' dir='ltr'><strong>totumque</strong></span> <span class='ocrx_word' id='word_1_534' title='bbox 761 3776 1020 3830; x_wconf 87' lang='lat' dir='ltr'><strong>mundum</strong></span> <span class='ocrx_word' id='word_1_535' title='bbox 1052 3791 1083 3830; x_wconf 87' lang='lat' dir='ltr'><strong>a</strong></span> <span class='ocrx_word' id='word_1_536' title='bbox 1120 3778 1231 3832; x_wconf 91' lang='lat' dir='ltr'><strong>Deo</strong></span> <span class='ocrx_word' id='word_1_537' title='bbox 1256 3777 1516 3847; x_wconf 85' lang='lat' dir='ltr'><strong>relinqui,</strong></span> <span class='ocrx_word' id='word_1_538' title='bbox 1541 3792 1794 3848; x_wconf 89' lang='lat' dir='ltr'><strong>eumque,</strong></span> <span class='ocrx_word' id='word_1_539' title='bbox 1836 3779 2022 3848; x_wconf 83' lang='lat' dir='ltr'><strong>negle-</strong></span> 
     </span>
    </p>
   </div>
   <div class='ocr_carea' id='block_1_72' title="bbox 445 3866 2020 3938">
    <p class='ocr_par' dir='ltr' id='par_1_72' title="bbox 445 3866 2020 3938">
     <span class='ocr_line' id='line_1_72' title="bbox 445 3866 2020 3938; baseline 0.004 -18"><span class='ocrx_word' id='word_1_540' title='bbox 445 3866 549 3920; x_wconf 89' lang='lat' dir='ltr'><strong>ctis</strong></span> <span class='ocrx_word' id='word_1_541' title='bbox 584 3866 651 3920; x_wconf 90' lang='lat' dir='ltr'><strong>iis</strong></span> <span class='ocrx_word' id='word_1_542' title='bbox 696 3867 863 3921; x_wconf 87' lang='lat' dir='ltr'><strong>tantis</strong></span> <span class='ocrx_word' id='word_1_543' title='bbox 899 3875 1058 3920; x_wconf 76' lang='lat' dir='ltr'><strong>terra:</strong></span> <span class='ocrx_word' id='word_1_544' title='bbox 1099 3869 1307 3938; x_wconf 77' lang='lat' dir='ltr'><strong>Spatiis,</strong></span> <span class='ocrx_word' id='word_1_545' title='bbox 1357 3869 1647 3937; x_wconf 87' lang='lat' dir='ltr'><strong>providere</strong></span> <span class='ocrx_word' id='word_1_546' title='bbox 1684 3871 1840 3925; x_wconf 90' lang='lat' dir='ltr'><strong>nobis</strong></span> <span class='ocrx_word' id='word_1_547' title='bbox 1889 3872 2020 3927; x_wconf 91' lang='lat' dir='ltr'><strong>solis</strong></span> 
     </span>
    </p>
   </div>
   <div class='ocr_carea' id='block_1_73' title="bbox 446 3957 2022 4029">
    <p class='ocr_par' dir='ltr' id='par_1_73' title="bbox 446 3957 2022 4029">
     <span class='ocr_line' id='line_1_73' title="bbox 446 3957 2022 4029; baseline 0.004 -19"><span class='ocrx_word' id='word_1_548' title='bbox 446 3965 612 4027; x_wconf 87' lang='lat' dir='ltr'><strong>atque</strong></span> <span class='ocrx_word' id='word_1_549' title='bbox 644 3957 975 4013; x_wconf 85' lang='lat' dir='ltr'><strong>consulere?</strong></span> <span class='ocrx_word' id='word_1_550' title='bbox 1008 3973 1107 4013; x_wconf 91' lang='lat' dir='ltr'><strong>nos</strong></span> <span class='ocrx_word' id='word_1_551' title='bbox 1130 3959 1224 4026; x_wconf 91' lang='lat' dir='ltr'><strong>qui</strong></span> <span class='ocrx_word' id='word_1_552' title='bbox 1257 3960 1310 4013; x_wconf 92' lang='lat' dir='ltr'><strong>in</strong></span> <span class='ocrx_word' id='word_1_553' title='bbox 1340 3960 1592 4029; x_wconf 88' lang='lat' dir='ltr'><strong>precibus</strong></span> <span class='ocrx_word' id='word_1_554' title='bbox 1617 3962 1819 4015; x_wconf 85' lang='lat' dir='ltr'><strong>scimus</strong></span> <span class='ocrx_word' id='word_1_555' title='bbox 1857 3969 1913 4016; x_wconf 90' lang='lat' dir='ltr'><strong>et</strong></span> <span class='ocrx_word' id='word_1_556' title='bbox 1939 3962 2022 4016; x_wconf 90' lang='lat' dir='ltr'><strong>di-</strong></span> 
     </span>
    </p>
   </div>
   <div class='ocr_carea' id='block_1_74' title="bbox 446 4048 2018 4118">
    <p class='ocr_par' dir='ltr' id='par_1_74' title="bbox 446 4048 2018 4118">
     <span class='ocr_line' id='line_1_74' title="bbox 446 4048 2018 4118; baseline 0.004 -15"><span class='ocrx_word' id='word_1_557' title='bbox 446 4048 676 4103; x_wconf 79' lang='lat' dir='ltr'><strong>cendum</strong></span> <span class='ocrx_word' id='word_1_558' title='bbox 704 4057 759 4103; x_wconf 91' lang='lat' dir='ltr'><strong>et</strong></span> <span class='ocrx_word' id='word_1_559' title='bbox 793 4048 1139 4118; x_wconf 74' lang='lat' dir='ltr'><strong>cogitandum</strong></span> <span class='ocrx_word' id='word_1_560' title='bbox 1167 4064 1307 4117; x_wconf 87' lang='lat' dir='ltr'><strong>esse,</strong></span> <span class='ocrx_word' id='word_1_561' title='bbox 1339 4066 1358 4102; x_wconf 76' lang='grc' dir='ltr'><strong>ι</strong></span> <span class='ocrx_word' id='word_1_562' title='bbox 1397 4051 1773 4108; x_wconf 84' lang='lat' dir='ltr'><strong>misericordia</strong></span> <span class='ocrx_word' id='word_1_563' title='bbox 1802 4053 2018 4110; x_wconf 90' lang='lat' dir='ltr'><strong>Domini</strong></span> 
     </span>
    </p>
   </div>
   <div class='ocr_carea' id='block_1_75' title="bbox 447 4140 2018 4211">
    <p class='ocr_par' dir='ltr' id='par_1_75' title="bbox 447 4140 2018 4211">
     <span class='ocr_line' id='line_1_75' title="bbox 447 4140 2018 4211; baseline 0.004 -17"><span class='ocrx_word' id='word_1_564' title='bbox 447 4140 659 4210; x_wconf 85' lang='lat' dir='ltr'><strong>plenam</strong></span> <span class='ocrx_word' id='word_1_565' title='bbox 703 4154 824 4197; x_wconf 89' lang='lat' dir='ltr'><strong>esse</strong></span> <span class='ocrx_word' id='word_1_566' title='bbox 873 4151 1074 4196; x_wconf 89' lang='lat' dir='ltr'><strong>terram</strong></span> <span class='ocrx_word' id='word_1_567' title='bbox 1100 4142 1190 4211; x_wconf 64' lang='lat'><strong>“7,;</strong></span> <span class='ocrx_word' id='word_1_568' title='bbox 1232 4153 1287 4196; x_wconf 89' lang='lat' dir='ltr'><strong>et</strong></span> <span class='ocrx_word' id='word_1_569' title='bbox 1328 4142 1758 4198; x_wconf 86' lang='lat' dir='ltr'><strong>misericordiam</strong></span> <span class='ocrx_word' id='word_1_570' title='bbox 1809 4144 2018 4200; x_wconf 91' lang='lat' dir='ltr'><strong>Domini</strong></span> 
     </span>
    </p>
   </div>
   <div class='ocr_carea' id='block_1_76' title="bbox 444 4235 2019 4303">
    <p class='ocr_par' dir='ltr' id='par_1_76' title="bbox 444 4235 2019 4303">
     <span class='ocr_line' id='line_1_76' title="bbox 444 4235 2019 4303; baseline 0.001 -15"><span class='ocrx_word' id='word_1_571' title='bbox 444 4248 567 4289; x_wconf 88' lang='lat' dir='ltr'><strong>esse</strong></span> <span class='ocrx_word' id='word_1_572' title='bbox 594 4248 981 4303; x_wconf 88' lang='lat' dir='ltr'><strong>superomnem</strong></span> <span class='ocrx_word' id='word_1_573' title='bbox 1006 4246 1231 4288; x_wconf 90' lang='lat' dir='ltr'><strong>carnem</strong></span> <span class='ocrx_word' id='word_1_574' title='bbox 1257 4235 1303 4268; x_wconf 80' lang='grc'><strong>⁸⁸</strong></span> <span class='ocrx_word' id='word_1_575' title='bbox 1327 4248 1344 4302; x_wconf 77' lang='grc' dir='ltr'><strong>ς</strong></span> <span class='ocrx_word' id='word_1_576' title='bbox 1371 4242 1426 4288; x_wconf 87' lang='lat' dir='ltr'><strong>et</strong></span> <span class='ocrx_word' id='word_1_577' title='bbox 1447 4235 1648 4289; x_wconf 89' lang='lat' dir='ltr'><strong>bonum</strong></span> <span class='ocrx_word' id='word_1_578' title='bbox 1676 4249 1798 4292; x_wconf 90' lang='lat' dir='ltr'><strong>esse</strong></span> <span class='ocrx_word' id='word_1_579' title='bbox 1828 4236 2019 4302; x_wconf 91' lang='lat' dir='ltr'><strong>Deum,</strong></span> 
     </span>
    </p>
   </div>
   <div class='ocr_carea' id='block_1_77' title="bbox 451 4320 2014 4393">
    <p class='ocr_par' dir='ltr' id='par_1_77' title="bbox 451 4320 2014 4393">
     <span class='ocr_line' id='line_1_77' title="bbox 451 4320 2014 4393; baseline 0.002 -19"><span class='ocrx_word' id='word_1_580' title='bbox 451 4341 471 4374; x_wconf 76' lang='grc' dir='ltr'><strong>ι</strong></span> <span class='ocrx_word' id='word_1_581' title='bbox 509 4323 601 4393; x_wconf 90' lang='lat' dir='ltr'><strong>qui</strong></span> <span class='ocrx_word' id='word_1_582' title='bbox 628 4324 794 4378; x_wconf 88' lang='lat' dir='ltr'><strong>solem</strong></span> <span class='ocrx_word' id='word_1_583' title='bbox 834 4337 990 4379; x_wconf 89' lang='lat' dir='ltr'><strong>suum</strong></span> <span class='ocrx_word' id='word_1_584' title='bbox 1017 4322 1149 4376; x_wconf 88' lang='lat' dir='ltr'><strong>oriri</strong></span> <span class='ocrx_word' id='word_1_585' title='bbox 1176 4320 1308 4375; x_wconf 77' lang='lat' dir='ltr'><strong>facit</strong></span> <span class='ocrx_word' id='word_1_586' title='bbox 1340 4336 1506 4390; x_wconf 88' lang='lat' dir='ltr'><strong>super</strong></span> <span class='ocrx_word' id='word_1_587' title='bbox 1532 4322 1704 4376; x_wconf 83' lang='lat' dir='ltr'><strong>bonos</strong></span> <span class='ocrx_word' id='word_1_588' title='bbox 1732 4331 1788 4376; x_wconf 87' lang='lat' dir='ltr'><strong>et</strong></span> <span class='ocrx_word' id='word_1_589' title='bbox 1822 4323 2014 4388; x_wconf 90' lang='lat' dir='ltr'><strong>malos,</strong></span> 
     </span>
    </p>
   </div>
   <div class='ocr_carea' id='block_1_78' title="bbox 2125 3136 3709 3210">
    <p class='ocr_par' dir='ltr' id='par_1_78' title="bbox 2125 3136 3709 3210">
     <span class='ocr_line' id='line_1_78' title="bbox 2125 3136 3709 3210; baseline -0.002 -17"><span class='ocrx_word' id='word_1_590' title='bbox 2125 3139 2245 3193; x_wconf 82' lang='grc' dir='ltr'>οὐδὲ</span> <span class='ocrx_word' id='word_1_591' title='bbox 2286 3136 2394 3210; x_wconf 77' lang='grc' dir='ltr'><strong>γὰρ</strong></span> <span class='ocrx_word' id='word_1_592' title='bbox 2431 3137 2498 3192; x_wconf 83' lang='grc' dir='ltr'>ἂν</span> <span class='ocrx_word' id='word_1_593' title='bbox 2537 3138 2710 3209; x_wconf 84' lang='grc' dir='ltr'>μισῶν</span> <span class='ocrx_word' id='word_1_594' title='bbox 2750 3156 2802 3192; x_wconf 90' lang='grc' dir='ltr'><strong>τι</strong></span> <span class='ocrx_word' id='word_1_595' title='bbox 2854 3138 3281 3191; x_wconf 80' lang='grc' dir='ltr'>κατεσκεύασεν.</span> <span class='ocrx_word' id='word_1_596' title='bbox 3317 3156 3335 3189; x_wconf 74' lang='grc' dir='ltr'><strong>ι</strong></span> <span class='ocrx_word' id='word_1_597' title='bbox 3371 3138 3709 3207; x_wconf 81' lang='grc' dir='ltr'>Ἀνέγνωμεν</span> 
     </span>
    </p>
   </div>
   <div class='ocr_carea' id='block_1_79' title="bbox 2123 3229 3709 3302">
    <p class='ocr_par' dir='ltr' id='par_1_79' title="bbox 2123 3229 3709 3302">
     <span class='ocr_line' id='line_1_79' title="bbox 2123 3229 3709 3302; baseline -0.001 -19"><span class='ocrx_word' id='word_1_598' title='bbox 2123 3230 2178 3283; x_wconf 84' lang='grc' dir='ltr'><strong>δὲ</strong></span> <span class='ocrx_word' id='word_1_599' title='bbox 2208 3230 2301 3284; x_wconf 77' lang='grc' dir='ltr'><strong>καὶ</strong></span> <span class='ocrx_word' id='word_1_600' title='bbox 2328 3230 2388 3284; x_wconf 91' lang='grc' dir='ltr'><strong>τό</strong></span> <span class='ocrx_word' id='word_1_601' title='bbox 2406 3246 2420 3262; x_wconf 74' lang='grc' dir='ltr'><strong>ο</strong></span> <span class='ocrx_word' id='word_1_602' title='bbox 2452 3247 2471 3280; x_wconf 77' lang='grc' dir='ltr'><strong>ι</strong></span> <span class='ocrx_word' id='word_1_603' title='bbox 2500 3230 2660 3302; x_wconf 82' lang='grc' dir='ltr'>Φείδῃ</span> <span class='ocrx_word' id='word_1_604' title='bbox 2689 3229 2746 3284; x_wconf 84' lang='grc' dir='ltr'>δὲ</span> <span class='ocrx_word' id='word_1_605' title='bbox 2777 3230 3016 3294; x_wconf 81' lang='grc' dir='ltr'>πάντων,</span> <span class='ocrx_word' id='word_1_606' title='bbox 3046 3231 3127 3285; x_wconf 86' lang='grc' dir='ltr'>ὃτι</span> <span class='ocrx_word' id='word_1_607' title='bbox 3154 3230 3222 3285; x_wconf 86' lang='grc' dir='ltr'>σά</span> <span class='ocrx_word' id='word_1_608' title='bbox 3254 3231 3369 3283; x_wconf 71' lang='grc' dir='ltr'>ἐστι</span> <span class='ocrx_word' id='word_1_609' title='bbox 3402 3231 3600 3293; x_wconf 77' lang='grc' dir='ltr'>πάντα,</span> <span class='ocrx_word' id='word_1_610' title='bbox 3625 3246 3709 3298; x_wconf 79' lang='grc' dir='ltr'><strong>φι-</strong></span> 
     </span>
    </p>
   </div>
   <div class='ocr_carea' id='block_1_80' title="bbox 2123 3320 3705 3394">
    <p class='ocr_par' dir='ltr' id='par_1_80' title="bbox 2123 3320 3705 3394">
     <span class='ocr_line' id='line_1_80' title="bbox 2123 3320 3705 3394; baseline 0.001 -21"><span class='ocrx_word' id='word_1_611' title='bbox 2123 3320 2342 3392; x_wconf 79' lang='grc' dir='ltr'>λόψυχε.</span> <span class='ocrx_word' id='word_1_612' title='bbox 2383 3321 2457 3375; x_wconf 88' lang='grc' dir='ltr'>Τὸ</span> <span class='ocrx_word' id='word_1_613' title='bbox 2506 3321 2614 3393; x_wconf 85' lang='grc' dir='ltr'><strong>γὰρ</strong></span> <span class='ocrx_word' id='word_1_614' title='bbox 2648 3321 2919 3394; x_wconf 78' lang='grc' dir='ltr'>ἄφθαρτόν</span> <span class='ocrx_word' id='word_1_615' title='bbox 2949 3339 3043 3375; x_wconf 88' lang='grc' dir='ltr'><strong>σου</strong></span> <span class='ocrx_word' id='word_1_616' title='bbox 3062 3322 3280 3393; x_wconf 79' lang='grc' dir='ltr'>πνεῦμά</span> <span class='ocrx_word' id='word_1_617' title='bbox 3302 3324 3449 3375; x_wconf 75' lang='grc' dir='ltr'>ἐστιν</span> <span class='ocrx_word' id='word_1_618' title='bbox 3470 3323 3528 3375; x_wconf 86' lang='grc' dir='ltr'>ὲν</span> <span class='ocrx_word' id='word_1_619' title='bbox 3544 3324 3705 3375; x_wconf 77' lang='grc' dir='ltr'>πᾶσι·</span> 
     </span>
    </p>
   </div>
   <div class='ocr_carea' id='block_1_81' title="bbox 2122 3420 3707 3492">
    <p class='ocr_par' dir='ltr' id='par_1_81' title="bbox 2122 3420 3707 3492">
     <span class='ocr_line' id='line_1_81' title="bbox 2122 3420 3707 3492; baseline -0.001 -18"><span class='ocrx_word' id='word_1_620' title='bbox 2122 3421 2202 3474; x_wconf 88' lang='grc' dir='ltr'><strong>διὸ</strong></span> <span class='ocrx_word' id='word_1_621' title='bbox 2235 3422 2326 3474; x_wconf 74' lang='grc' dir='ltr'><strong>καὶ</strong></span> <span class='ocrx_word' id='word_1_622' title='bbox 2350 3422 2478 3484; x_wconf 84' lang='grc' dir='ltr'>τοὺς</span> <span class='ocrx_word' id='word_1_623' title='bbox 2506 3420 2955 3492; x_wconf 83' lang='grc' dir='ltr'>παραπίπτοντας</span> <span class='ocrx_word' id='word_1_624' title='bbox 2981 3420 3100 3473; x_wconf 88' lang='grc' dir='ltr'>κατ’</span> <span class='ocrx_word' id='word_1_625' title='bbox 3123 3420 3300 3488; x_wconf 79' lang='grc' dir='ltr'>ὀλίγον</span> <span class='ocrx_word' id='word_1_626' title='bbox 3324 3421 3585 3491; x_wconf 82' lang='grc' dir='ltr'>ἐλέγχεις,</span> <span class='ocrx_word' id='word_1_627' title='bbox 3614 3420 3707 3473; x_wconf 79' lang='grc' dir='ltr'>καὶ</span> 
     </span>
    </p>
   </div>
   <div class='ocr_carea' id='block_1_82' title="bbox 2123 3505 3706 3581">
    <p class='ocr_par' dir='ltr' id='par_1_82' title="bbox 2123 3505 3706 3581">
     <span class='ocr_line' id='line_1_82' title="bbox 2123 3505 3706 3581; baseline -0.003 -17"><span class='ocrx_word' id='word_1_628' title='bbox 2123 3511 2181 3564; x_wconf 76' lang='grc' dir='ltr'>ἐν</span> <span class='ocrx_word' id='word_1_629' title='bbox 2206 3505 2288 3574; x_wconf 73' lang='grc' dir='ltr'>οἷς</span> <span class='ocrx_word' id='word_1_630' title='bbox 2313 3509 2721 3581; x_wconf 83' lang='grc' dir='ltr'>ἁμαρτάνουσιν</span> <span class='ocrx_word' id='word_1_631' title='bbox 2757 3509 3190 3580; x_wconf 83' lang='grc' dir='ltr'>ὑπομιμνήσκων</span> <span class='ocrx_word' id='word_1_632' title='bbox 3219 3509 3513 3572; x_wconf 81' lang='grc' dir='ltr'>νουθετεῖς.</span> <span class='ocrx_word' id='word_1_633' title='bbox 3537 3528 3555 3560; x_wconf 71' lang='grc' dir='ltr'><strong>ι</strong></span> <span class='ocrx_word' id='word_1_634' title='bbox 3584 3508 3706 3572; x_wconf 84' lang='grc' dir='ltr'>Πῶς</span> 
     </span>
    </p>
   </div>
   <div class='ocr_carea' id='block_1_83' title="bbox 2121 3592 3704 3669">
    <p class='ocr_par' dir='ltr' id='par_1_83' title="bbox 2121 3592 3704 3669">
     <span class='ocr_line' id='line_1_83' title="bbox 2121 3592 3704 3669; baseline -0.003 -17"><span class='ocrx_word' id='word_1_635' title='bbox 2121 3599 2177 3652; x_wconf 82' lang='grc' dir='ltr'>δὲ</span> <span class='ocrx_word' id='word_1_636' title='bbox 2216 3597 2490 3669; x_wconf 80' lang='grc' dir='ltr'>δυνάμεθα</span> <span class='ocrx_word' id='word_1_637' title='bbox 2535 3595 2712 3665; x_wconf 79' lang='grc' dir='ltr'>λέγειν</span> <span class='ocrx_word' id='word_1_638' title='bbox 2743 3614 2763 3647; x_wconf 72' lang='grc' dir='ltr'><strong>ι</strong></span> <span class='ocrx_word' id='word_1_639' title='bbox 2815 3595 2913 3667; x_wconf 83' lang='grc' dir='ltr'>τὴν</span> <span class='ocrx_word' id='word_1_640' title='bbox 2962 3596 3209 3666; x_wconf 80' lang='grc' dir='ltr'>οὐράνιον</span> <span class='ocrx_word' id='word_1_641' title='bbox 3255 3594 3427 3665; x_wconf 76' lang='grc' dir='ltr'>φορὰν</span> <span class='ocrx_word' id='word_1_642' title='bbox 3474 3594 3568 3648; x_wconf 76' lang='grc' dir='ltr'><strong>καὶ</strong></span> <span class='ocrx_word' id='word_1_643' title='bbox 3614 3592 3704 3647; x_wconf 84' lang='grc' dir='ltr'><strong>τὸν</strong></span> 
     </span>
    </p>
   </div>
   <div class='ocr_carea' id='block_1_84' title="bbox 2122 3684 3702 3759">
    <p class='ocr_par' dir='ltr' id='par_1_84' title="bbox 2122 3684 3702 3759">
     <span class='ocr_line' id='line_1_84' title="bbox 2122 3684 3702 3759; baseline -0.003 -15"><span class='ocrx_word' id='word_1_644' title='bbox 2122 3690 2298 3743; x_wconf 76' lang='grc' dir='ltr'>πάντα</span> <span class='ocrx_word' id='word_1_645' title='bbox 2336 3690 2560 3759; x_wconf 84' lang='grc' dir='ltr'>κόσμον,</span> <span class='ocrx_word' id='word_1_646' title='bbox 2588 3685 2919 3740; x_wconf 78' lang='grc' dir='ltr'>ἀπολιπόντα</span> <span class='ocrx_word' id='word_1_647' title='bbox 2951 3686 3040 3739; x_wconf 86' lang='grc' dir='ltr'><strong>τὸν</strong></span> <span class='ocrx_word' id='word_1_648' title='bbox 3068 3686 3221 3750; x_wconf 78' lang='grc' dir='ltr'>θεὸν,</span> <span class='ocrx_word' id='word_1_649' title='bbox 3251 3687 3347 3739; x_wconf 78' lang='grc' dir='ltr'><strong>καὶ</strong></span> <span class='ocrx_word' id='word_1_650' title='bbox 3382 3685 3478 3756; x_wconf 77' lang='grc' dir='ltr'><strong>τὴν</strong></span> <span class='ocrx_word' id='word_1_651' title='bbox 3506 3684 3702 3740; x_wconf 80' lang='grc' dir='ltr'>τοσαύ-</span> 
     </span>
    </p>
   </div>
   <div class='ocr_carea' id='block_1_85' title="bbox 2119 3773 3695 3846">
    <p class='ocr_par' dir='ltr' id='par_1_85' title="bbox 2119 3773 3695 3846">
     <span class='ocr_line' id='line_1_85' title="bbox 2119 3773 3695 3846; baseline -0.001 -18"><span class='ocrx_word' id='word_1_652' title='bbox 2119 3792 2220 3846; x_wconf 82' lang='grc' dir='ltr'><strong>την</strong></span> <span class='ocrx_word' id='word_1_653' title='bbox 2252 3774 2356 3845; x_wconf 81' lang='grc' dir='ltr'>γῆν</span> <span class='ocrx_word' id='word_1_654' title='bbox 2405 3773 2719 3845; x_wconf 84' lang='grc' dir='ltr'>παριδόντα,</span> <span class='ocrx_word' id='word_1_655' title='bbox 2768 3775 2901 3844; x_wconf 82' lang='grc' dir='ltr'>ἡμῖν</span> <span class='ocrx_word' id='word_1_656' title='bbox 2938 3773 3117 3844; x_wconf 72' lang='grc' dir='ltr'>μόνοις</span> <span class='ocrx_word' id='word_1_657' title='bbox 3148 3773 3633 3844; x_wconf 81' lang='grc' dir='ltr'>ὲμπολιτεύεσθαι;</span> <span class='ocrx_word' id='word_1_658' title='bbox 3675 3792 3695 3825; x_wconf 71' lang='grc' dir='ltr'><strong>ι</strong></span> 
     </span>
    </p>
   </div>
   <div class='ocr_carea' id='block_1_86' title="bbox 2120 3864 3702 3938">
    <p class='ocr_par' dir='ltr' id='par_1_86' title="bbox 2120 3864 3702 3938">
     <span class='ocr_line' id='line_1_86' title="bbox 2120 3864 3702 3938; baseline -0.001 -17"><span class='ocrx_word' id='word_1_659' title='bbox 2120 3868 2315 3930; x_wconf 76' lang='grc' dir='ltr'>οἵτινες</span> <span class='ocrx_word' id='word_1_660' title='bbox 2341 3867 2398 3918; x_wconf 77' lang='grc' dir='ltr'><strong>ἐν</strong></span> <span class='ocrx_word' id='word_1_661' title='bbox 2422 3868 2543 3928; x_wconf 88' lang='grc' dir='ltr'>ταῖς</span> <span class='ocrx_word' id='word_1_662' title='bbox 2566 3866 2752 3935; x_wconf 85' lang='grc' dir='ltr'>εὐχαῖς</span> <span class='ocrx_word' id='word_1_663' title='bbox 2781 3864 3012 3938; x_wconf 76' lang='grc' dir='ltr'>εὕρομεν</span> <span class='ocrx_word' id='word_1_664' title='bbox 3036 3866 3146 3918; x_wconf 84' lang='grc' dir='ltr'>δεῖν</span> <span class='ocrx_word' id='word_1_665' title='bbox 3170 3882 3224 3916; x_wconf 90' lang='grc' dir='ltr'><strong>τι</strong></span> <span class='ocrx_word' id='word_1_666' title='bbox 3250 3864 3428 3933; x_wconf 87' lang='grc' dir='ltr'>λέγειν</span> <span class='ocrx_word' id='word_1_667' title='bbox 3450 3864 3702 3936; x_wconf 79' lang='grc' dir='ltr'>φρονοῦν-</span> 
     </span>
    </p>
   </div>
   <div class='ocr_carea' id='block_1_87' title="bbox 2120 3955 3700 4027">
    <p class='ocr_par' dir='ltr' id='par_1_87' title="bbox 2120 3955 3700 4027">
     <span class='ocr_line' id='line_1_87' title="bbox 2120 3955 3700 4027; baseline -0.003 -15"><span class='ocrx_word' id='word_1_668' title='bbox 2120 3975 2239 4023; x_wconf 88' lang='grc' dir='ltr'>τας,</span> <span class='ocrx_word' id='word_1_669' title='bbox 2273 3976 2290 4009; x_wconf 78' lang='grc' dir='ltr'><strong>ι</strong></span> <span class='ocrx_word' id='word_1_670' title='bbox 2317 3957 2400 4009; x_wconf 85' lang='grc' dir='ltr'>ὅτι</span> <span class='ocrx_word' id='word_1_671' title='bbox 2425 3955 2518 4009; x_wconf 81' lang='grc' dir='ltr'>τοῦ</span> <span class='ocrx_word' id='word_1_672' title='bbox 2548 3955 2729 4019; x_wconf 76' lang='grc' dir='ltr'>ὲλέους</span> <span class='ocrx_word' id='word_1_673' title='bbox 2749 3956 2954 4024; x_wconf 79' lang='grc' dir='ltr'>Κυρίου</span> <span class='ocrx_word' id='word_1_674' title='bbox 2989 3956 3201 4027; x_wconf 83' lang='grc' dir='ltr'>πλήρης</span> <span class='ocrx_word' id='word_1_675' title='bbox 3229 3956 3262 4026; x_wconf 84' lang='grc' dir='ltr'>ἡ</span> <span class='ocrx_word' id='word_1_676' title='bbox 3292 3956 3384 4026; x_wconf 84' lang='grc' dir='ltr'><strong>γῆ·</strong></span> <span class='ocrx_word' id='word_1_677' title='bbox 3417 3958 3530 4019; x_wconf 74' lang='grc' dir='ltr'>καὶ,</span> <span class='ocrx_word' id='word_1_678' title='bbox 3557 3956 3700 4018; x_wconf 82' lang='grc' dir='ltr'>ἕλεος</span> 
     </span>
    </p>
   </div>
   <div class='ocr_carea' id='block_1_88' title="bbox 2120 4046 3698 4121">
    <p class='ocr_par' dir='ltr' id='par_1_88' title="bbox 2120 4046 3698 4121">
     <span class='ocr_line' id='line_1_88' title="bbox 2120 4046 3698 4121; baseline -0.002 -19"><span class='ocrx_word' id='word_1_679' title='bbox 2120 4048 2324 4121; x_wconf 86' lang='grc' dir='ltr'>Κυρίου</span> <span class='ocrx_word' id='word_1_680' title='bbox 2379 4049 2472 4101; x_wconf 72' lang='grc' dir='ltr'><strong>ἐπὶ</strong></span> <span class='ocrx_word' id='word_1_681' title='bbox 2518 4048 2697 4101; x_wconf 78' lang='grc' dir='ltr'>πᾶσαν</span> <span class='ocrx_word' id='word_1_682' title='bbox 2752 4047 2948 4119; x_wconf 78' lang='grc' dir='ltr'>σάρκα·</span> <span class='ocrx_word' id='word_1_683' title='bbox 2993 4066 3012 4098; x_wconf 74' lang='grc' dir='ltr'><strong>ι</strong></span> <span class='ocrx_word' id='word_1_684' title='bbox 3049 4049 3163 4111; x_wconf 76' lang='grc' dir='ltr'>καὶ,</span> <span class='ocrx_word' id='word_1_685' title='bbox 3197 4048 3280 4100; x_wconf 85' lang='grc' dir='ltr'><strong>ὅτι</strong></span> <span class='ocrx_word' id='word_1_686' title='bbox 3323 4047 3526 4115; x_wconf 80' lang='grc' dir='ltr'>ἀγαθὸς</span> <span class='ocrx_word' id='word_1_687' title='bbox 3570 4046 3644 4100; x_wconf 83' lang='grc' dir='ltr'>ὣν</span> <span class='ocrx_word' id='word_1_688' title='bbox 3672 4048 3698 4099; x_wconf 90' lang='lat'><strong>6</strong></span> 
     </span>
    </p>
   </div>
   <div class='ocr_carea' id='block_1_89' title="bbox 2120 4134 3698 4207">
    <p class='ocr_par' dir='ltr' id='par_1_89' title="bbox 2120 4134 3698 4207">
     <span class='ocr_line' id='line_1_89' title="bbox 2120 4134 3698 4207; baseline -0.001 -16"><span class='ocrx_word' id='word_1_689' title='bbox 2120 4139 2272 4203; x_wconf 77' lang='grc' dir='ltr'>θεὸς,</span> <span class='ocrx_word' id='word_1_690' title='bbox 2308 4156 2325 4189; x_wconf 73' lang='grc' dir='ltr'><strong>ι</strong></span> <span class='ocrx_word' id='word_1_691' title='bbox 2364 4136 2642 4191; x_wconf 84' lang='grc' dir='ltr'>ἀνατέλλει</span> <span class='ocrx_word' id='word_1_692' title='bbox 2667 4135 2760 4188; x_wconf 87' lang='grc' dir='ltr'><strong>τὸν</strong></span> <span class='ocrx_word' id='word_1_693' title='bbox 2791 4135 2943 4206; x_wconf 76' lang='grc' dir='ltr'>ἥλιον</span> <span class='ocrx_word' id='word_1_694' title='bbox 2983 4135 3147 4188; x_wconf 78' lang='grc' dir='ltr'>αὐτοῦ</span> <span class='ocrx_word' id='word_1_695' title='bbox 3174 4134 3284 4207; x_wconf 87' lang='grc'><strong>(90)</strong></span> <span class='ocrx_word' id='word_1_696' title='bbox 3314 4136 3405 4189; x_wconf 72' lang='grc' dir='ltr'>ἐπὶ</span> <span class='ocrx_word' id='word_1_697' title='bbox 3437 4136 3698 4206; x_wconf 73' lang='grc' dir='ltr'>πονηροὺς</span> 
     </span>
    </p>
   </div>
   <div class='ocr_carea' id='block_1_90' title="bbox 2120 4227 3697 4299">
    <p class='ocr_par' dir='ltr' id='par_1_90' title="bbox 2120 4227 3697 4299">
     <span class='ocr_line' id='line_1_90' title="bbox 2120 4227 3697 4299; baseline -0.004 -15"><span class='ocrx_word' id='word_1_698' title='bbox 2120 4231 2214 4284; x_wconf 73' lang='grc' dir='ltr'>καὶ</span> <span class='ocrx_word' id='word_1_699' title='bbox 2234 4229 2593 4299; x_wconf 75' lang='grc' dir='ltr'>ἁγαθοὺς,καὶ</span> <span class='ocrx_word' id='word_1_700' title='bbox 2624 4228 2807 4299; x_wconf 78' lang='grc' dir='ltr'>βρέχει</span> <span class='ocrx_word' id='word_1_701' title='bbox 2822 4227 2916 4280; x_wconf 69' lang='grc' dir='ltr'>ἐπὶ</span> <span class='ocrx_word' id='word_1_702' title='bbox 2931 4227 3172 4291; x_wconf 87' lang='grc' dir='ltr'>δικαίους</span> <span class='ocrx_word' id='word_1_703' title='bbox 3199 4229 3294 4282; x_wconf 75' lang='grc' dir='ltr'>καὶ</span> <span class='ocrx_word' id='word_1_704' title='bbox 3314 4228 3584 4291; x_wconf 79' lang='grc' dir='ltr'>ἀδίκους,›</span> <span class='ocrx_word' id='word_1_705' title='bbox 3610 4228 3697 4281; x_wconf 73' lang='grc' dir='ltr'>καὶ</span> 
     </span>
    </p>
   </div>
   <div class='ocr_carea' id='block_1_91' title="bbox 2121 4314 3696 4392">
    <p class='ocr_par' dir='ltr' id='par_1_91' title="bbox 2121 4314 3696 4392">
     <span class='ocr_line' id='line_1_91' title="bbox 2121 4314 3696 4392; baseline -0.006 -18"><span class='ocrx_word' id='word_1_706' title='bbox 2121 4321 2290 4392; x_wconf 78' lang='grc' dir='ltr'>ἡμᾶς,</span> <span class='ocrx_word' id='word_1_707' title='bbox 2325 4320 2412 4372; x_wconf 84' lang='grc' dir='ltr'><strong>ἵνα</strong></span> <span class='ocrx_word' id='word_1_708' title='bbox 2442 4315 2729 4387; x_wconf 84' lang='grc' dir='ltr'>γενώμεθα</span> <span class='ocrx_word' id='word_1_709' title='bbox 2758 4316 2924 4368; x_wconf 76' lang='grc' dir='ltr'>αὐτοῦ</span> <span class='ocrx_word' id='word_1_710' title='bbox 2959 4315 3090 4378; x_wconf 75' lang='grc' dir='ltr'>υἱοὶ,</span> <span class='ocrx_word' id='word_1_711' title='bbox 3123 4316 3214 4367; x_wconf 77' lang='grc' dir='ltr'>ἐπὶ</span> <span class='ocrx_word' id='word_1_712' title='bbox 3240 4316 3310 4367; x_wconf 84' lang='grc' dir='ltr'>τὰ</span> <span class='ocrx_word' id='word_1_713' title='bbox 3348 4314 3696 4386; x_wconf 79' lang='grc' dir='ltr'>παραπλήσια</span> 
     </span>
    </p>
   </div>
   <div class='ocr_carea' id='block_1_92' title="bbox 441 4403 2024 4488">
    <p class='ocr_par' dir='ltr' id='par_1_92' title="bbox 441 4413 2015 4488">
     <span class='ocr_line' id='line_1_92' title="bbox 441 4413 2015 4488; baseline -0.001 -18"><span class='ocrx_word' id='word_1_714' title='bbox 441 4427 499 4470; x_wconf 90' lang='lat' dir='ltr'><strong>et</strong></span> <span class='ocrx_word' id='word_1_715' title='bbox 550 4417 684 4488; x_wconf 90' lang='lat' dir='ltr'><strong>pluit</strong></span> <span class='ocrx_word' id='word_1_716' title='bbox 726 4431 889 4485; x_wconf 89' lang='lat' dir='ltr'><strong>super</strong></span> <span class='ocrx_word' id='word_1_717' title='bbox 930 4414 1107 4485; x_wconf 90' lang='lat' dir='ltr'><strong>justos</strong></span> <span class='ocrx_word' id='word_1_718' title='bbox 1157 4425 1213 4469; x_wconf 90' lang='lat' dir='ltr'><strong>et</strong></span> <span class='ocrx_word' id='word_1_719' title='bbox 1266 4413 1493 4482; x_wconf 89' lang='lat' dir='ltr'><strong>injuslos</strong></span> <span class='ocrx_word' id='word_1_720' title='bbox 1530 4414 1611 4481; x_wconf 79' lang='grc'><strong>⁵⁹;</strong></span> <span class='ocrx_word' id='word_1_721' title='bbox 1651 4433 1670 4468; x_wconf 71' lang='grc' dir='ltr'><strong>ι</strong></span> <span class='ocrx_word' id='word_1_722' title='bbox 1704 4415 1795 4484; x_wconf 89' lang='lat' dir='ltr'><strong>qui</strong></span> <span class='ocrx_word' id='word_1_723' title='bbox 1828 4423 1883 4470; x_wconf 88' lang='lat' dir='ltr'><strong>et</strong></span> <span class='ocrx_word' id='word_1_724' title='bbox 1913 4430 2015 4469; x_wconf 91' lang='lat' dir='ltr'><strong>nos</strong></span> 
     </span>
    </p>
   </div>
   <div class='ocr_carea' id='block_1_93' title="bbox 2131 4403 3694 4488">
    <p class='ocr_par' dir='ltr' id='par_1_93' title="bbox 2131 4403 3694 4484">
     <span class='ocr_line' id='line_1_93' title="bbox 2131 4403 3694 4484; baseline -0.019 -14"><span class='ocrx_word' id='word_1_725' title='bbox 2131 4430 2251 4484; x_wconf 74' lang='grc' dir='ltr'>προτ</span> <span class='ocrx_word' id='word_1_726' title='bbox 2262 4412 2461 4483; x_wconf 85' lang='grc' dir='ltr'>ρέπων,</span> <span class='ocrx_word' id='word_1_727' title='bbox 2480 4410 2575 4464; x_wconf 74' lang='grc' dir='ltr'><strong>καὶ</strong></span> <span class='ocrx_word' id='word_1_728' title='bbox 2594 4408 2861 4462; x_wconf 86' lang='grc' dir='ltr'>διδάσκων</span> <span class='ocrx_word' id='word_1_729' title='bbox 2876 4409 2955 4471; x_wconf 74' lang='grc' dir='ltr'>εἰς</span> <span class='ocrx_word' id='word_1_730' title='bbox 2976 4407 3183 4471; x_wconf 82' lang='grc' dir='ltr'>πάντας</span> <span class='ocrx_word' id='word_1_731' title='bbox 3194 4409 3342 4479; x_wconf 78' lang='grc' dir='ltr'>ἡμᾶς</span> <span class='ocrx_word' id='word_1_732' title='bbox 3362 4405 3458 4461; x_wconf 76' lang='grc' dir='ltr'>ἀνθ</span> <span class='ocrx_word' id='word_1_733' title='bbox 3469 4403 3694 4477; x_wconf 61' lang='grc' dir='ltr'>ρώπους,</span> 
     </span>
    </p>
   </div>
   <div class='ocr_carea' id='block_1_94' title="bbox 445 4507 2015 4578">
    <p class='ocr_par' dir='ltr' id='par_1_94' title="bbox 445 4507 2015 4578">
     <span class='ocr_line' id='line_1_94' title="bbox 445 4507 2015 4578; baseline -0.001 -14"><span class='ocrx_word' id='word_1_734' title='bbox 445 4512 716 4576; x_wconf 88' lang='lat' dir='ltr'><strong>hortatur,</strong></span> <span class='ocrx_word' id='word_1_735' title='bbox 749 4510 1017 4578; x_wconf 89' lang='lat' dir='ltr'><strong>siquidem</strong></span> <span class='ocrx_word' id='word_1_736' title='bbox 1056 4509 1178 4578; x_wconf 86' lang='lat' dir='ltr'><strong>ejus</strong></span> <span class='ocrx_word' id='word_1_737' title='bbox 1213 4507 1307 4562; x_wconf 90' lang='lat' dir='ltr'><strong>ﬁlii</strong></span> <span class='ocrx_word' id='word_1_738' title='bbox 1335 4523 1455 4563; x_wconf 87' lang='lat' dir='ltr'><strong>esse</strong></span> <span class='ocrx_word' id='word_1_739' title='bbox 1481 4508 1754 4572; x_wconf 89' lang='lat' dir='ltr'><strong>volumus,</strong></span> <span class='ocrx_word' id='word_1_740' title='bbox 1795 4516 1855 4563; x_wconf 90' lang='lat' dir='ltr'><strong>ut</strong></span> <span class='ocrx_word' id='word_1_741' title='bbox 1897 4507 2015 4577; x_wconf 88' lang='lat' dir='ltr'><strong>ejus</strong></span> 
     </span>
    </p>
   </div>
   <div class='ocr_carea' id='block_1_95' title="bbox 441 4600 2012 4672">
    <p class='ocr_par' dir='ltr' id='par_1_95' title="bbox 441 4600 2012 4672">
     <span class='ocr_line' id='line_1_95' title="bbox 441 4600 2012 4672; baseline 0.001 -18"><span class='ocrx_word' id='word_1_742' title='bbox 441 4600 686 4672; x_wconf 80' lang='lat' dir='ltr'><strong>exempla</strong></span> <span class='ocrx_word' id='word_1_743' title='bbox 734 4616 1029 4671; x_wconf 89' lang='lat' dir='ltr'><strong>sequamur</strong></span> <span class='ocrx_word' id='word_1_744' title='bbox 1072 4600 1140 4666; x_wconf 71' lang='grc' dir='ltr'><strong>σο,</strong></span> <span class='ocrx_word' id='word_1_745' title='bbox 1184 4601 1448 4670; x_wconf 77' lang='lat' dir='ltr'><strong>docetque</strong></span> <span class='ocrx_word' id='word_1_746' title='bbox 1495 4614 1682 4655; x_wconf 88' lang='lat' dir='ltr'><strong>omnes</strong></span> <span class='ocrx_word' id='word_1_747' title='bbox 1744 4601 2012 4665; x_wconf 88' lang='lat' dir='ltr'><strong>homines,</strong></span> 
     </span>
    </p>
   </div>
   <div class='ocr_carea' id='block_1_96' title="bbox 441 4689 2013 4759">
    <p class='ocr_par' dir='ltr' id='par_1_96' title="bbox 441 4689 2013 4759">
     <span class='ocr_line' id='line_1_96' title="bbox 441 4689 2013 4759; baseline 0.001 -17"><span class='ocrx_word' id='word_1_748' title='bbox 441 4694 619 4758; x_wconf 84' lang='lat' dir='ltr'><strong>quoad</strong></span> <span class='ocrx_word' id='word_1_749' title='bbox 659 4704 967 4759; x_wconf 87' lang='lat' dir='ltr'><strong>possumus,</strong></span> <span class='ocrx_word' id='word_1_750' title='bbox 1006 4689 1289 4744; x_wconf 84' lang='lat' dir='ltr'><strong>beneﬁciis</strong></span> <span class='ocrx_word' id='word_1_751' title='bbox 1344 4689 1651 4758; x_wconf 86' lang='lat' dir='ltr'><strong>complecti.</strong></span> <span class='ocrx_word' id='word_1_752' title='bbox 1709 4691 1824 4759; x_wconf 78' lang='lat' dir='ltr'><strong>Ipse</strong></span> <span class='ocrx_word' id='word_1_753' title='bbox 1868 4691 2013 4745; x_wconf 89' lang='lat' dir='ltr'><strong>enim</strong></span> 
     </span>
    </p>
   </div>
   <div class='ocr_carea' id='block_1_97' title="bbox 442 4782 2013 4846">
    <p class='ocr_par' dir='ltr' id='par_1_97' title="bbox 442 4782 2013 4846">
     <span class='ocr_line' id='line_1_97' title="bbox 442 4782 2013 4846; baseline 0.001 -11"><span class='ocrx_word' id='word_1_754' title='bbox 442 4783 621 4836; x_wconf 86' lang='lat' dir='ltr'><strong>dictus</strong></span> <span class='ocrx_word' id='word_1_755' title='bbox 658 4790 739 4836; x_wconf 88' lang='lat' dir='ltr'><strong>est</strong></span> <span class='ocrx_word' id='word_1_756' title='bbox 776 4799 796 4834; x_wconf 86' lang='grc'><strong>‹</strong></span> <span class='ocrx_word' id='word_1_757' title='bbox 841 4782 1094 4837; x_wconf 81' lang='lat' dir='ltr'><strong>Salvator</strong></span> <span class='ocrx_word' id='word_1_758' title='bbox 1133 4782 1376 4837; x_wconf 89' lang='lat' dir='ltr'><strong>omnium</strong></span> <span class='ocrx_word' id='word_1_759' title='bbox 1420 4782 1724 4846; x_wconf 90' lang='lat' dir='ltr'><strong>hominum,</strong></span> <span class='ocrx_word' id='word_1_760' title='bbox 1777 4783 2013 4837; x_wconf 78' lang='lat' dir='ltr'><strong>maxime</strong></span> 
     </span>
    </p>
   </div>
   <div class='ocr_carea' id='block_1_98' title="bbox 443 4872 2012 4943">
    <p class='ocr_par' dir='ltr' id='par_1_98' title="bbox 443 4872 2012 4943">
     <span class='ocr_line' id='line_1_98' title="bbox 443 4872 2012 4943; baseline -0.001 -16"><span class='ocrx_word' id='word_1_761' title='bbox 443 4873 682 4927; x_wconf 88' lang='lat' dir='ltr'><strong>lidelium</strong></span> <span class='ocrx_word' id='word_1_762' title='bbox 702 4873 780 4939; x_wconf 66' lang='grc' dir='ltr'><strong>αις</strong></span> <span class='ocrx_word' id='word_1_763' title='bbox 819 4891 838 4925; x_wconf 73' lang='grc' dir='ltr'><strong>ι</strong></span> <span class='ocrx_word' id='word_1_764' title='bbox 867 4882 920 4928; x_wconf 89' lang='lat' dir='ltr'><strong>et</strong></span> <span class='ocrx_word' id='word_1_765' title='bbox 950 4872 1199 4929; x_wconf 90' lang='lat' dir='ltr'><strong>Christus</strong></span> <span class='ocrx_word' id='word_1_766' title='bbox 1220 4873 1336 4943; x_wconf 85' lang='lat' dir='ltr'><strong>ejus</strong></span> <span class='ocrx_word' id='word_1_767' title='bbox 1371 4890 1390 4924; x_wconf 79' lang='grc' dir='ltr'><strong>ι</strong></span> <span class='ocrx_word' id='word_1_768' title='bbox 1430 4872 1743 4942; x_wconf 88' lang='lat' dir='ltr'><strong>propitiatio</strong></span> <span class='ocrx_word' id='word_1_769' title='bbox 1771 4885 1891 4926; x_wconf 87' lang='lat' dir='ltr'><strong>esse</strong></span> <span class='ocrx_word' id='word_1_770' title='bbox 1915 4888 2012 4941; x_wconf 91' lang='lat' dir='ltr'><strong>pro</strong></span> 
     </span>
    </p>
   </div>
   <div class='ocr_carea' id='block_1_99' title="bbox 442 4962 2011 5034">
    <p class='ocr_par' dir='ltr' id='par_1_99' title="bbox 442 4962 2011 5034">
     <span class='ocr_line' id='line_1_99' title="bbox 442 4962 2011 5034; baseline -0.001 -15"><span class='ocrx_word' id='word_1_771' title='bbox 442 4964 683 5034; x_wconf 88' lang='lat' dir='ltr'><strong>peccatis</strong></span> <span class='ocrx_word' id='word_1_772' title='bbox 712 4964 938 5030; x_wconf 88' lang='lat' dir='ltr'><strong>nostris,</strong></span> <span class='ocrx_word' id='word_1_773' title='bbox 970 4978 1075 5018; x_wconf 91' lang='lat' dir='ltr'><strong>non</strong></span> <span class='ocrx_word' id='word_1_774' title='bbox 1129 4978 1228 5033; x_wconf 89' lang='lat' dir='ltr'><strong>pro</strong></span> <span class='ocrx_word' id='word_1_775' title='bbox 1255 4965 1474 5028; x_wconf 75' lang='lat' dir='ltr'><strong>nostris</strong></span> <span class='ocrx_word' id='word_1_776' title='bbox 1512 4974 1689 5017; x_wconf 88' lang='lat' dir='ltr'><strong>autem</strong></span> <span class='ocrx_word' id='word_1_777' title='bbox 1735 4962 1885 5028; x_wconf 89' lang='lat' dir='ltr'><strong>solis,</strong></span> <span class='ocrx_word' id='word_1_778' title='bbox 1919 4963 2011 5018; x_wconf 88' lang='lat' dir='ltr'><strong>sed</strong></span> 
     </span>
    </p>
   </div>
   <div class='ocr_carea' id='block_1_100' title="bbox 439 5054 2013 5128">
    <p class='ocr_par' dir='ltr' id='par_1_100' title="bbox 439 5054 2013 5128">
     <span class='ocr_line' id='line_1_100' title="bbox 439 5054 2013 5128; baseline -0.002 -16"><span class='ocrx_word' id='word_1_779' title='bbox 439 5058 604 5112; x_wconf 89' lang='lat' dir='ltr'><strong>etiam</strong></span> <span class='ocrx_word' id='word_1_780' title='bbox 638 5072 736 5128; x_wconf 88' lang='lat' dir='ltr'><strong>pro</strong></span> <span class='ocrx_word' id='word_1_781' title='bbox 765 5056 933 5111; x_wconf 89' lang='lat' dir='ltr'><strong>totius</strong></span> <span class='ocrx_word' id='word_1_782' title='bbox 964 5056 1148 5110; x_wconf 87' lang='lat' dir='ltr'><strong>mundi</strong></span> <span class='ocrx_word' id='word_1_783' title='bbox 1181 5056 1245 5111; x_wconf 70' lang='grc' dir='ltr'><strong>θ’.</strong></span> <span class='ocrx_word' id='word_1_784' title='bbox 1276 5075 1294 5108; x_wconf 75' lang='grc' dir='ltr'><strong>ι</strong></span> <span class='ocrx_word' id='word_1_785' title='bbox 1324 5057 1504 5126; x_wconf 86' lang='lat' dir='ltr'><strong>Atque</strong></span> <span class='ocrx_word' id='word_1_786' title='bbox 1530 5055 1647 5110; x_wconf 62' lang='lat' dir='ltr'><strong>hate</strong></span> <span class='ocrx_word' id='word_1_787' title='bbox 1669 5054 1884 5125; x_wconf 88' lang='lat' dir='ltr'><strong>quidem</strong></span> <span class='ocrx_word' id='word_1_788' title='bbox 1915 5054 2013 5110; x_wconf 85' lang='lat' dir='ltr'><strong>ad-</strong></span> 
     </span>
    </p>
   </div>
   <div class='ocr_carea' id='block_1_101' title="bbox 512 5166 1487 5237">
    <p class='ocr_par' dir='ltr' id='par_1_101' title="bbox 512 5166 1487 5237">
     <span class='ocr_line' id='line_1_101' title="bbox 512 5166 1487 5237; baseline -0.002 -12"><span class='ocrx_word' id='word_1_789' title='bbox 512 5169 561 5202; x_wconf 80' lang='grc'><strong><em>⁸⁸⁵</em></strong></span> <span class='ocrx_word' id='word_1_790' title='bbox 592 5170 782 5225; x_wconf 81' lang='lat' dir='ltr'><strong>Matth.</strong></span> <span class='ocrx_word' id='word_1_791' title='bbox 810 5182 862 5232; x_wconf 75' lang='grc' dir='ltr'><strong>ν,</strong></span> <span class='ocrx_word' id='word_1_792' title='bbox 892 5167 946 5224; x_wconf 88' lang='grc'>8.</span> <span class='ocrx_word' id='word_1_793' title='bbox 1022 5167 1069 5201; x_wconf 81' lang='grc'><em>³³</em></span> <span class='ocrx_word' id='word_1_794' title='bbox 1106 5166 1238 5237; x_wconf 81' lang='lat' dir='ltr'><strong>Sap.</strong></span> <span class='ocrx_word' id='word_1_795' title='bbox 1284 5184 1360 5237; x_wconf 66' lang='grc' dir='ltr'><strong>ει,</strong></span> <span class='ocrx_word' id='word_1_796' title='bbox 1386 5167 1487 5223; x_wconf 82' lang='lat'><strong>25.</strong></span> 
     </span>
    </p>
   </div>
   <div class='ocr_carea' id='block_1_102' title="bbox 440 5211 1447 5307">
    <p class='ocr_par' dir='ltr' id='par_1_102' title="bbox 440 5211 1447 5307">
     <span class='ocr_line' id='line_1_102' title="bbox 440 5211 1447 5307; baseline -0.004 -12"><span class='ocrx_word' id='word_1_797' title='bbox 440 5243 487 5277; x_wconf 74' lang='grc' dir='ltr'><strong>σο</strong></span> <span class='ocrx_word' id='word_1_798' title='bbox 516 5211 786 5307; x_wconf 52' lang='lat' dir='ltr'><strong>Matini&quot;;</strong></span> <span class='ocrx_word' id='word_1_799' title='bbox 817 5211 946 5295; x_wconf 56' lang='lat' dir='ltr'><strong>Iis.&quot;</strong></span> <span class='ocrx_word' id='word_1_800' title='bbox 987 5239 1034 5271; x_wconf 76' lang='grc' dir='ltr'><strong>σο</strong></span> <span class='ocrx_word' id='word_1_801' title='bbox 1065 5211 1447 5304; x_wconf 53' lang='grc' dir='ltr'><strong>ιῖιὲῗνιῖὲέἶ</strong></span> 
     </span>
    </p>
   </div>
   <div class='ocr_carea' id='block_1_103' title="bbox 516 5354 1665 5432">
    <p class='ocr_par' dir='ltr' id='par_1_103' title="bbox 516 5354 1665 5432">
     <span class='ocr_line' id='line_1_103' title="bbox 516 5354 1665 5432; baseline -0.006 -15"><span class='ocrx_word' id='word_1_802' title='bbox 516 5362 626 5432; x_wconf 83' lang='lat'><strong>(87)</strong></span> <span class='ocrx_word' id='word_1_803' title='bbox 650 5359 804 5426; x_wconf 81' lang='lat' dir='ltr'><strong>Mss.,</strong></span> <span class='ocrx_word' id='word_1_804' title='bbox 826 5356 1280 5432; x_wconf 45' lang='grc' dir='ltr'>λέγοιηιιηρτεεεξ</span> <span class='ocrx_word' id='word_1_805' title='bbox 1316 5355 1459 5421; x_wconf 91' lang='lat' dir='ltr'><strong>libri,</strong></span> <span class='ocrx_word' id='word_1_806' title='bbox 1492 5354 1665 5432; x_wconf 82' lang='grc' dir='ltr'>λέγει.</span> 
     </span>
    </p>
   </div>
   <div class='ocr_carea' id='block_1_104' title="bbox 511 5426 2018 5501">
    <p class='ocr_par' dir='ltr' id='par_1_104' title="bbox 511 5426 2018 5501">
     <span class='ocr_line' id='line_1_104' title="bbox 511 5426 2018 5501; baseline -0.007 -14"><span class='ocrx_word' id='word_1_807' title='bbox 511 5426 622 5501; x_wconf 76' lang='lat'><strong>(88)</strong></span> <span class='ocrx_word' id='word_1_808' title='bbox 650 5432 815 5495; x_wconf 84' lang='lat' dir='ltr'><strong>Alias,</strong></span> <span class='ocrx_word' id='word_1_809' title='bbox 843 5426 921 5495; x_wconf 79' lang='grc' dir='ltr'><strong>ὡς</strong></span> <span class='ocrx_word' id='word_1_810' title='bbox 950 5430 978 5482; x_wconf 87' lang='lat'><strong>6</strong></span> <span class='ocrx_word' id='word_1_811' title='bbox 998 5427 1154 5501; x_wconf 75' lang='grc' dir='ltr'>Θεός,</span> <span class='ocrx_word' id='word_1_812' title='bbox 1186 5426 1279 5501; x_wconf 79' lang='lat' dir='ltr'><strong>sed</strong></span> <span class='ocrx_word' id='word_1_813' title='bbox 1304 5441 1434 5501; x_wconf 78' lang='lat' dir='ltr'><strong>mss.</strong></span> <span class='ocrx_word' id='word_1_814' title='bbox 1461 5434 1517 5482; x_wconf 92' lang='lat' dir='ltr'><strong>ut</strong></span> <span class='ocrx_word' id='word_1_815' title='bbox 1552 5430 1604 5480; x_wconf 91' lang='lat' dir='ltr'><strong>in</strong></span> <span class='ocrx_word' id='word_1_816' title='bbox 1624 5436 1816 5501; x_wconf 73' lang='lat' dir='ltr'><strong>nostro</strong></span> <span class='ocrx_word' id='word_1_817' title='bbox 1848 5434 2018 5501; x_wconf 71' lang='lat' dir='ltr'><strong>textu.</strong></span> 
     </span>
    </p>
   </div>
   <div class='ocr_carea' id='block_1_105' title="bbox 442 5496 2018 5570">
    <p class='ocr_par' dir='ltr' id='par_1_105' title="bbox 442 5496 2018 5570">
     <span class='ocr_line' id='line_1_105' title="bbox 442 5496 2018 5570; baseline -0.004 -15"><span class='ocrx_word' id='word_1_818' title='bbox 442 5496 585 5555; x_wconf 73' lang='lat' dir='ltr'><strong>Infra</strong></span> <span class='ocrx_word' id='word_1_819' title='bbox 606 5496 771 5556; x_wconf 82' lang='lat' dir='ltr'><strong>iidem</strong></span> <span class='ocrx_word' id='word_1_820' title='bbox 805 5517 962 5566; x_wconf 79' lang='lat' dir='ltr'><strong>mss.,</strong></span> <span class='ocrx_word' id='word_1_821' title='bbox 990 5499 1077 5553; x_wconf 83' lang='grc' dir='ltr'><strong>διὰ</strong></span> <span class='ocrx_word' id='word_1_822' title='bbox 1105 5500 1206 5570; x_wconf 85' lang='grc' dir='ltr'><strong>τὴν</strong></span> <span class='ocrx_word' id='word_1_823' title='bbox 1228 5497 1509 5570; x_wconf 65' lang='grc' dir='ltr'>εὐσέᾷειαν</span> <span class='ocrx_word' id='word_1_824' title='bbox 1530 5496 1824 5560; x_wconf 85' lang='grc' dir='ltr'>κινδύνους.</span> <span class='ocrx_word' id='word_1_825' title='bbox 1861 5496 2018 5550; x_wconf 86' lang='lat' dir='ltr'><strong>Lihh.</strong></span> 
     </span>
    </p>
   </div>
   <div class='ocr_carea' id='block_1_106' title="bbox 443 5568 1581 5641">
    <p class='ocr_par' dir='ltr' id='par_1_106' title="bbox 443 5568 1581 5641">
     <span class='ocr_line' id='line_1_106' title="bbox 443 5568 1581 5641; baseline -0.003 -16"><span class='ocrx_word' id='word_1_826' title='bbox 443 5572 715 5641; x_wconf 82' lang='lat' dir='ltr'><strong>impressi,</strong></span> <span class='ocrx_word' id='word_1_827' title='bbox 743 5570 832 5624; x_wconf 83' lang='grc' dir='ltr'>διὰ</span> <span class='ocrx_word' id='word_1_828' title='bbox 855 5571 955 5641; x_wconf 81' lang='grc' dir='ltr'>τῆς</span> <span class='ocrx_word' id='word_1_829' title='bbox 985 5568 1262 5641; x_wconf 77' lang='grc' dir='ltr'>εὐσεϐείας</span> <span class='ocrx_word' id='word_1_830' title='bbox 1288 5568 1581 5632; x_wconf 87' lang='grc' dir='ltr'>κινδύνους.</span> 
     </span>
    </p>
   </div>
   <div class='ocr_carea' id='block_1_107' title="bbox 516 5635 2019 5720">
    <p class='ocr_par' dir='ltr' id='par_1_107' title="bbox 516 5635 2019 5720">
     <span class='ocr_line' id='line_1_107' title="bbox 516 5635 2019 5720; baseline -0.011 -15"><span class='ocrx_word' id='word_1_831' title='bbox 516 5635 627 5720; x_wconf 65' lang='grc'>(89)</span> <span class='ocrx_word' id='word_1_832' title='bbox 662 5635 973 5708; x_wconf 71' lang='grc' dir='ltr'>Τοσαύτήν</span> <span class='ocrx_word' id='word_1_833' title='bbox 1011 5639 1149 5709; x_wconf 75' lang='grc' dir='ltr'>γῆν.</span> <span class='ocrx_word' id='word_1_834' title='bbox 1193 5643 1284 5696; x_wconf 81' lang='lat' dir='ltr'><strong>Sic</strong></span> <span class='ocrx_word' id='word_1_835' title='bbox 1319 5656 1449 5696; x_wconf 85' lang='lat' dir='ltr'><strong>mss.</strong></span> <span class='ocrx_word' id='word_1_836' title='bbox 1492 5642 1638 5694; x_wconf 84' lang='lat' dir='ltr'><strong>Alias</strong></span> <span class='ocrx_word' id='word_1_837' title='bbox 1666 5652 1813 5704; x_wconf 89' lang='lat' dir='ltr'><strong>vero,</strong></span> <span class='ocrx_word' id='word_1_838' title='bbox 1837 5635 2019 5691; x_wconf 86' lang='grc' dir='ltr'>τοιαύ-</span> 
     </span>
    </p>
   </div>
   <div class='ocr_carea' id='block_1_108' title="bbox 442 5724 683 5779">
    <p class='ocr_par' dir='ltr' id='par_1_108' title="bbox 442 5724 683 5779">
     <span class='ocr_line' id='line_1_108' title="bbox 442 5724 683 5779; baseline 0.008 -19"><span class='ocrx_word' id='word_1_839' title='bbox 442 5725 541 5779; x_wconf 78' lang='grc' dir='ltr'><strong>την</strong></span> <span class='ocrx_word' id='word_1_840' title='bbox 559 5724 683 5777; x_wconf 82' lang='grc' dir='ltr'>γην.</span> 
     </span>
    </p>
   </div>
   <div class='ocr_carea' id='block_1_109' title="bbox 1585 5164 2963 5235">
    <p class='ocr_par' dir='ltr' id='par_1_109' title="bbox 1585 5164 2963 5235">
     <span class='ocr_line' id='line_1_109' title="bbox 1585 5164 2963 5235; baseline -0.001 -14"><span class='ocrx_word' id='word_1_841' title='bbox 1585 5168 1633 5200; x_wconf 80' lang='grc'><strong>⁸⁸</strong></span> <span class='ocrx_word' id='word_1_842' title='bbox 1649 5166 1779 5235; x_wconf 89' lang='lat' dir='ltr'><strong>Sap.</strong></span> <span class='ocrx_word' id='word_1_843' title='bbox 1814 5184 1895 5233; x_wconf 76' lang='lat' dir='ltr'><strong>x1,</strong></span> <span class='ocrx_word' id='word_1_844' title='bbox 1929 5168 1996 5223; x_wconf 89' lang='lat'><strong>27</strong></span> <span class='ocrx_word' id='word_1_845' title='bbox 2025 5186 2041 5234; x_wconf 91' lang='lat'><strong>;</strong></span> <span class='ocrx_word' id='word_1_846' title='bbox 2099 5184 2199 5233; x_wconf 84' lang='lat' dir='ltr'><strong>xn,</strong></span> <span class='ocrx_word' id='word_1_847' title='bbox 2235 5170 2284 5231; x_wconf 82' lang='lat' dir='ltr'><strong>t,</strong></span> <span class='ocrx_word' id='word_1_848' title='bbox 2315 5167 2372 5222; x_wconf 89' lang='lat'><strong>2.</strong></span> <span class='ocrx_word' id='word_1_849' title='bbox 2449 5170 2496 5202; x_wconf 77' lang='grc'><strong>⁸⁷</strong></span> <span class='ocrx_word' id='word_1_850' title='bbox 2530 5166 2673 5223; x_wconf 77' lang='lat' dir='ltr'><strong>Psal.</strong></span> <span class='ocrx_word' id='word_1_851' title='bbox 2707 5181 2880 5231; x_wconf 81' lang='lat' dir='ltr'><strong>xxxu,</strong></span> <span class='ocrx_word' id='word_1_852' title='bbox 2907 5164 2963 5219; x_wconf 85' lang='lat'><strong>5.</strong></span> 
     </span>
    </p>
   </div>
   <div class='ocr_carea' id='block_1_110' title="bbox 1559 5237 2057 5306">
    <p class='ocr_par' dir='ltr' id='par_1_110' title="bbox 1559 5237 2057 5306">
     <span class='ocr_line' id='line_1_110' title="bbox 1559 5237 2057 5306; baseline 0.008 -13"><span class='ocrx_word' id='word_1_853' title='bbox 1559 5237 1638 5293; x_wconf 72' lang='lat' dir='ltr'><strong>&quot;l</strong></span> <span class='ocrx_word' id='word_1_854' title='bbox 1678 5237 1821 5292; x_wconf 84' lang='lat' dir='ltr'><strong>Tim.</strong></span> <span class='ocrx_word' id='word_1_855' title='bbox 1851 5254 1930 5306; x_wconf 80' lang='grc' dir='ltr'><strong>ιν,</strong></span> <span class='ocrx_word' id='word_1_856' title='bbox 1968 5239 2057 5297; x_wconf 83' lang='grc'><strong>10.</strong></span> 
     </span>
    </p>
   </div>
   <div class='ocr_carea' id='block_1_111' title="bbox 2118 4498 3694 4571">
    <p class='ocr_par' dir='ltr' id='par_1_111' title="bbox 2118 4498 3694 4571">
     <span class='ocr_line' id='line_1_111' title="bbox 2118 4498 3694 4571; baseline -0.006 -11"><span class='ocrx_word' id='word_1_857' title='bbox 2118 4505 2259 4560; x_wconf 83' lang='grc' dir='ltr'>κατὰ</span> <span class='ocrx_word' id='word_1_858' title='bbox 2280 4504 2344 4557; x_wconf 85' lang='grc' dir='ltr'><strong>τὸ</strong></span> <span class='ocrx_word' id='word_1_859' title='bbox 2372 4502 2615 4568; x_wconf 88' lang='grc' dir='ltr'>δυνατὸν,</span> <span class='ocrx_word' id='word_1_860' title='bbox 2646 4501 2907 4555; x_wconf 77' lang='grc' dir='ltr'>ἐκτείνειν</span> <span class='ocrx_word' id='word_1_861' title='bbox 2934 4499 3033 4564; x_wconf 81' lang='grc' dir='ltr'>τὰς</span> <span class='ocrx_word' id='word_1_862' title='bbox 3059 4500 3322 4563; x_wconf 86' lang='grc' dir='ltr'>εὐποιίας.</span> <span class='ocrx_word' id='word_1_863' title='bbox 3351 4500 3460 4553; x_wconf 78' lang='grc' dir='ltr'><strong>Καὶ</strong></span> <span class='ocrx_word' id='word_1_864' title='bbox 3483 4498 3589 4571; x_wconf 77' lang='grc' dir='ltr'>γὰρ</span> <span class='ocrx_word' id='word_1_865' title='bbox 3612 4499 3694 4551; x_wconf 80' lang='grc' dir='ltr'>αὐ-</span> 
     </span>
    </p>
   </div>
   <div class='ocr_carea' id='block_1_112' title="bbox 2115 4590 3697 4667">
    <p class='ocr_par' dir='ltr' id='par_1_112' title="bbox 2115 4590 3697 4667">
     <span class='ocr_line' id='line_1_112' title="bbox 2115 4590 3697 4667; baseline -0.003 -17"><span class='ocrx_word' id='word_1_866' title='bbox 2115 4599 2208 4661; x_wconf 88' lang='grc' dir='ltr'><strong>τὸς</strong></span> <span class='ocrx_word' id='word_1_867' title='bbox 2253 4596 2467 4667; x_wconf 79' lang='grc' dir='ltr'>εἴρηται</span> <span class='ocrx_word' id='word_1_868' title='bbox 2516 4614 2534 4646; x_wconf 83' lang='grc'><strong><em>‹</em></strong></span> <span class='ocrx_word' id='word_1_869' title='bbox 2592 4593 2782 4665; x_wconf 79' lang='grc' dir='ltr'>Σωτὴρ</span> <span class='ocrx_word' id='word_1_870' title='bbox 2835 4594 3052 4648; x_wconf 86' lang='grc' dir='ltr'>πάντων</span> <span class='ocrx_word' id='word_1_871' title='bbox 3095 4590 3418 4662; x_wconf 87' lang='grc' dir='ltr'>ἀνθρώπων,</span> <span class='ocrx_word' id='word_1_872' title='bbox 3465 4590 3697 4661; x_wconf 78' lang='grc' dir='ltr'>μάλιστα</span> 
     </span>
    </p>
   </div>
   <div class='ocr_carea' id='block_1_113' title="bbox 2119 4679 3694 4757">
    <p class='ocr_par' dir='ltr' id='par_1_113' title="bbox 2119 4679 3694 4757">
     <span class='ocr_line' id='line_1_113' title="bbox 2119 4679 3694 4757; baseline -0.004 -16"><span class='ocrx_word' id='word_1_873' title='bbox 2119 4687 2323 4741; x_wconf 85' lang='grc' dir='ltr'>πιστῶν</span> <span class='ocrx_word' id='word_1_874' title='bbox 2343 4704 2356 4717; x_wconf 87' lang='grc'><strong>·</strong></span> <span class='ocrx_word' id='word_1_875' title='bbox 2404 4706 2422 4737; x_wconf 77' lang='grc' dir='ltr'><strong>ι</strong></span> <span class='ocrx_word' id='word_1_876' title='bbox 2456 4687 2602 4740; x_wconf 83' lang='grc' dir='ltr'><strong>καὶὸ</strong></span> <span class='ocrx_word' id='word_1_877' title='bbox 2636 4687 2869 4757; x_wconf 85' lang='grc' dir='ltr'>Χριστὸς</span> <span class='ocrx_word' id='word_1_878' title='bbox 2902 4683 3067 4739; x_wconf 77' lang='grc' dir='ltr'>αὐτοῦ</span> <span class='ocrx_word' id='word_1_879' title='bbox 3093 4703 3112 4735; x_wconf 76' lang='grc' dir='ltr'><strong>ι</strong></span> <span class='ocrx_word' id='word_1_880' title='bbox 3155 4683 3381 4755; x_wconf 81' lang='grc' dir='ltr'>ἱλασμὸς</span> <span class='ocrx_word' id='word_1_881' title='bbox 3405 4679 3543 4737; x_wconf 80' lang='grc' dir='ltr'>εἶναι</span> <span class='ocrx_word' id='word_1_882' title='bbox 3573 4683 3694 4753; x_wconf 76' lang='grc' dir='ltr'>περὶ</span> 
     </span>
    </p>
   </div>
   <div class='ocr_carea' id='block_1_114' title="bbox 2119 4774 3693 4849">
    <p class='ocr_par' dir='ltr' id='par_1_114' title="bbox 2119 4774 3693 4849">
     <span class='ocr_line' id='line_1_114' title="bbox 2119 4774 3693 4849; baseline -0.003 -17"><span class='ocrx_word' id='word_1_883' title='bbox 2119 4778 2227 4832; x_wconf 86' lang='grc' dir='ltr'><strong>τῶν</strong></span> <span class='ocrx_word' id='word_1_884' title='bbox 2248 4777 2531 4849; x_wconf 85' lang='grc' dir='ltr'>ἁμαρτιῶν</span> <span class='ocrx_word' id='word_1_885' title='bbox 2556 4777 2714 4848; x_wconf 85' lang='grc' dir='ltr'>ἡμῶν</span> <span class='ocrx_word' id='word_1_886' title='bbox 2742 4794 2755 4807; x_wconf 91' lang='grc'>·</span> <span class='ocrx_word' id='word_1_887' title='bbox 2786 4777 2847 4830; x_wconf 89' lang='grc' dir='ltr'><strong>οὐ</strong></span> <span class='ocrx_word' id='word_1_888' title='bbox 2888 4776 3015 4848; x_wconf 80' lang='grc' dir='ltr'>περὶ</span> <span class='ocrx_word' id='word_1_889' title='bbox 3043 4775 3150 4829; x_wconf 86' lang='grc' dir='ltr'><strong>τῶν</strong></span> <span class='ocrx_word' id='word_1_890' title='bbox 3172 4776 3453 4846; x_wconf 84' lang='grc' dir='ltr'>ἡμετέρων</span> <span class='ocrx_word' id='word_1_891' title='bbox 3492 4774 3548 4827; x_wconf 80' lang='grc' dir='ltr'>δὲ</span> <span class='ocrx_word' id='word_1_892' title='bbox 3599 4774 3693 4842; x_wconf 85' lang='grc' dir='ltr'>μό-</span> 
     </span>
    </p>
   </div>
   <div class='ocr_carea' id='block_1_115' title="bbox 2120 4866 3694 4937">
    <p class='ocr_par' dir='ltr' id='par_1_115' title="bbox 2120 4866 3694 4937">
     <span class='ocr_line' id='line_1_115' title="bbox 2120 4866 3694 4937; baseline -0.003 -14"><span class='ocrx_word' id='word_1_893' title='bbox 2120 4888 2245 4935; x_wconf 84' lang='grc' dir='ltr'>νων,</span> <span class='ocrx_word' id='word_1_894' title='bbox 2281 4868 2415 4923; x_wconf 85' lang='grc' dir='ltr'>ἀλλὰ</span> <span class='ocrx_word' id='word_1_895' title='bbox 2441 4871 2535 4923; x_wconf 76' lang='grc' dir='ltr'><strong>καὶ</strong></span> <span class='ocrx_word' id='word_1_896' title='bbox 2576 4869 2705 4930; x_wconf 78' lang='grc' dir='ltr'>περὶ</span> <span class='ocrx_word' id='word_1_897' title='bbox 2735 4869 2857 4922; x_wconf 85' lang='grc' dir='ltr'>ὅλου</span> <span class='ocrx_word' id='word_1_898' title='bbox 2907 4867 3001 4920; x_wconf 80' lang='grc' dir='ltr'>τοῦ</span> <span class='ocrx_word' id='word_1_899' title='bbox 3049 4867 3274 4937; x_wconf 87' lang='grc' dir='ltr'>κόσμου.</span> <span class='ocrx_word' id='word_1_900' title='bbox 3313 4885 3332 4918; x_wconf 73' lang='grc' dir='ltr'><strong>ι</strong></span> <span class='ocrx_word' id='word_1_901' title='bbox 3370 4867 3482 4919; x_wconf 80' lang='grc' dir='ltr'><strong>Καὶ</strong></span> <span class='ocrx_word' id='word_1_902' title='bbox 3529 4866 3694 4919; x_wconf 81' lang='grc' dir='ltr'>ταῦτα</span> 
     </span>
    </p>
   </div>
   <div class='ocr_carea' id='block_1_116' title="bbox 2123 4956 3688 5035">
    <p class='ocr_par' dir='ltr' id='par_1_116' title="bbox 2123 4956 3688 5035">
     <span class='ocr_line' id='line_1_116' title="bbox 2123 4956 3688 5035; baseline -0.004 -20"><span class='ocrx_word' id='word_1_903' title='bbox 2123 4965 2222 5035; x_wconf 81' lang='grc' dir='ltr'><strong>μὲν</strong></span> <span class='ocrx_word' id='word_1_904' title='bbox 2252 4956 2346 5015; x_wconf 78' lang='grc' dir='ltr'>οὖν</span> <span class='ocrx_word' id='word_1_905' title='bbox 2383 4960 2521 5033; x_wconf 88' lang='grc' dir='ltr'>πρὸς</span> <span class='ocrx_word' id='word_1_906' title='bbox 2548 4959 2740 5026; x_wconf 82' lang='grc' dir='ltr'>ταῦτα,</span> <span class='ocrx_word' id='word_1_907' title='bbox 2785 4961 2885 5013; x_wconf 83' lang='grc' dir='ltr'><strong>ὅσα</strong></span> <span class='ocrx_word' id='word_1_908' title='bbox 2918 4958 3027 5028; x_wconf 77' lang='grc'><strong>(91)</strong></span> <span class='ocrx_word' id='word_1_909' title='bbox 3062 4958 3367 5029; x_wconf 72' lang='grc' dir='ltr'>ἀνέγραψεν</span> <span class='ocrx_word' id='word_1_910' title='bbox 3395 4958 3424 5009; x_wconf 91' lang='lat'><strong>6</strong></span> <span class='ocrx_word' id='word_1_911' title='bbox 3453 4956 3688 5019; x_wconf 85' lang='grc' dir='ltr'>Κέλσος·</span> 
     </span>
    </p>
   </div>
   <div class='ocr_carea' id='block_1_117' title="bbox 2118 5048 3691 5112">
    <p class='ocr_par' dir='ltr' id='par_1_117' title="bbox 2118 5048 3691 5112">
     <span class='ocr_line' id='line_1_117' title="bbox 2118 5048 3691 5112; baseline -0.005 -2"><span class='ocrx_word' id='word_1_912' title='bbox 2118 5054 2253 5111; x_wconf 78' lang='grc' dir='ltr'>ἄλλα</span> <span class='ocrx_word' id='word_1_913' title='bbox 2276 5053 2334 5107; x_wconf 82' lang='grc' dir='ltr'><strong>δέ</strong></span> <span class='ocrx_word' id='word_1_914' title='bbox 2360 5069 2482 5106; x_wconf 81' lang='grc' dir='ltr'>τινα</span> <span class='ocrx_word' id='word_1_915' title='bbox 2510 5051 2751 5105; x_wconf 84' lang='grc' dir='ltr'>ἰδιωτικὰ</span> <span class='ocrx_word' id='word_1_916' title='bbox 2777 5051 2979 5104; x_wconf 80' lang='grc' dir='ltr'>εἴποιεν</span> <span class='ocrx_word' id='word_1_917' title='bbox 3003 5049 3069 5103; x_wconf 81' lang='grc' dir='ltr'>ἂν</span> <span class='ocrx_word' id='word_1_918' title='bbox 3099 5049 3364 5103; x_wconf 83' lang='grc' dir='ltr'>Ἰουδαίων</span> <span class='ocrx_word' id='word_1_919' title='bbox 3386 5049 3550 5112; x_wconf 83' lang='grc' dir='ltr'>τινὲς,</span> <span class='ocrx_word' id='word_1_920' title='bbox 3583 5048 3691 5102; x_wconf 80' lang='grc' dir='ltr'>ἀλλ’</span> 
     </span>
    </p>
   </div>
   <div class='ocr_carea' id='block_1_118' title="bbox 3054 5162 3621 5227">
    <p class='ocr_par' dir='ltr' id='par_1_118' title="bbox 3054 5162 3621 5227">
     <span class='ocr_line' id='line_1_118' title="bbox 3054 5162 3621 5227; baseline 0.002 -10"><span class='ocrx_word' id='word_1_921' title='bbox 3054 5164 3104 5196; x_wconf 78' lang='grc'><strong>⁸⁸</strong></span> <span class='ocrx_word' id='word_1_922' title='bbox 3135 5163 3309 5218; x_wconf 89' lang='lat' dir='ltr'><strong>Eccli.</strong></span> <span class='ocrx_word' id='word_1_923' title='bbox 3340 5178 3496 5227; x_wconf 79' lang='lat' dir='ltr'><strong>xvm,</strong></span> <span class='ocrx_word' id='word_1_924' title='bbox 3534 5162 3621 5218; x_wconf 72' lang='lat' dir='ltr'><strong>i2.</strong></span> 
     </span>
    </p>
   </div>
   <div class='ocr_carea' id='block_1_119' title="bbox 2170 5238 2623 5306">
    <p class='ocr_par' dir='ltr' id='par_1_119' title="bbox 2170 5238 2623 5306">
     <span class='ocr_line' id='line_1_119' title="bbox 2170 5238 2623 5306; baseline -0.002 -14"><span class='ocrx_word' id='word_1_925' title='bbox 2170 5239 2250 5292; x_wconf 75' lang='lat' dir='ltr'><strong>“l</strong></span> <span class='ocrx_word' id='word_1_926' title='bbox 2281 5238 2447 5294; x_wconf 85' lang='lat' dir='ltr'><strong>Joan.</strong></span> <span class='ocrx_word' id='word_1_927' title='bbox 2474 5254 2537 5306; x_wconf 82' lang='grc' dir='ltr'><strong>ιι,</strong></span> <span class='ocrx_word' id='word_1_928' title='bbox 2564 5238 2623 5291; x_wconf 88' lang='lat'><strong>2.</strong></span> 
     </span>
    </p>
   </div>
   <div class='ocr_carea' id='block_1_120' title="bbox 2190 5350 3692 5425">
    <p class='ocr_par' dir='ltr' id='par_1_120' title="bbox 2190 5350 3692 5425">
     <span class='ocr_line' id='line_1_120' title="bbox 2190 5350 3692 5425; baseline -0.003 -13"><span class='ocrx_word' id='word_1_929' title='bbox 2190 5355 2303 5425; x_wconf 88' lang='lat'><strong>(90)</strong></span> <span class='ocrx_word' id='word_1_930' title='bbox 2341 5354 2459 5409; x_wconf 82' lang='lat' dir='ltr'><strong>Vox</strong></span> <span class='ocrx_word' id='word_1_931' title='bbox 2507 5352 2674 5408; x_wconf 83' lang='grc' dir='ltr'>αὐτοῦ</span> <span class='ocrx_word' id='word_1_932' title='bbox 2703 5352 3042 5425; x_wconf 83' lang='lat' dir='ltr'><strong>desideratur</strong></span> <span class='ocrx_word' id='word_1_933' title='bbox 3081 5351 3135 5405; x_wconf 92' lang='lat' dir='ltr'><strong>in</strong></span> <span class='ocrx_word' id='word_1_934' title='bbox 3176 5359 3334 5405; x_wconf 86' lang='lat' dir='ltr'><strong>antea</strong></span> <span class='ocrx_word' id='word_1_935' title='bbox 3366 5350 3552 5417; x_wconf 89' lang='lat' dir='ltr'><strong>editis,</strong></span> <span class='ocrx_word' id='word_1_936' title='bbox 3599 5351 3692 5407; x_wconf 86' lang='lat' dir='ltr'><strong>sed</strong></span> 
     </span>
    </p>
   </div>
   <div class='ocr_carea' id='block_1_121' title="bbox 2119 5424 2868 5487">
    <p class='ocr_par' dir='ltr' id='par_1_121' title="bbox 2119 5424 2868 5487">
     <span class='ocr_line' id='line_1_121' title="bbox 2119 5424 2868 5487; baseline -0.007 -8"><span class='ocrx_word' id='word_1_937' title='bbox 2119 5424 2350 5480; x_wconf 85' lang='lat' dir='ltr'><strong>habetur</strong></span> <span class='ocrx_word' id='word_1_938' title='bbox 2376 5425 2429 5479; x_wconf 92' lang='lat' dir='ltr'><strong>in</strong></span> <span class='ocrx_word' id='word_1_939' title='bbox 2460 5424 2868 5487; x_wconf 86' lang='lat' dir='ltr'><strong>manuscriptis.</strong></span> 
     </span>
    </p>
   </div>
   <div class='ocr_carea' id='block_1_122' title="bbox 2191 5489 3689 5566">
    <p class='ocr_par' dir='ltr' id='par_1_122' title="bbox 2191 5489 3689 5566">
     <span class='ocr_line' id='line_1_122' title="bbox 2191 5489 3689 5566; baseline -0.003 -17"><span class='ocrx_word' id='word_1_940' title='bbox 2191 5494 2305 5566; x_wconf 76' lang='lat' dir='ltr'><strong>(9i)</strong></span> <span class='ocrx_word' id='word_1_941' title='bbox 2333 5495 2523 5549; x_wconf 83' lang='grc' dir='ltr'>Ταῦτα</span> <span class='ocrx_word' id='word_1_942' title='bbox 2547 5495 2664 5562; x_wconf 78' lang='grc' dir='ltr'><strong>μὲν</strong></span> <span class='ocrx_word' id='word_1_943' title='bbox 2690 5492 2805 5566; x_wconf 72' lang='grc' dir='ltr'><strong>οὖν</strong></span> <span class='ocrx_word' id='word_1_944' title='bbox 2829 5491 2979 5566; x_wconf 77' lang='grc' dir='ltr'>πρὸς</span> <span class='ocrx_word' id='word_1_945' title='bbox 3000 5491 3204 5566; x_wconf 38' lang='grc' dir='ltr'>..ταῦτα</span> <span class='ocrx_word' id='word_1_946' title='bbox 3232 5490 3370 5566; x_wconf 60' lang='lat' dir='ltr'><strong>(ica,</strong></span> <span class='ocrx_word' id='word_1_947' title='bbox 3399 5500 3510 5559; x_wconf 79' lang='lat' dir='ltr'><strong>etc.</strong></span> <span class='ocrx_word' id='word_1_948' title='bbox 3536 5489 3689 5566; x_wconf 79' lang='lat' dir='ltr'><strong>_S_cri-</strong></span> 
     </span>
    </p>
   </div>
   <div class='ocr_carea' id='block_1_123' title="bbox 2117 5556 3690 5632">
    <p class='ocr_par' dir='ltr' id='par_1_123' title="bbox 2117 5556 3690 5632">
     <span class='ocr_line' id='line_1_123' title="bbox 2117 5556 3690 5632; baseline -0.002 -14"><span class='ocrx_word' id='word_1_949' title='bbox 2117 5556 2352 5620; x_wconf 74' lang='lat' dir='ltr'><strong>heudum</strong></span> <span class='ocrx_word' id='word_1_950' title='bbox 2378 5556 2614 5628; x_wconf 74' lang='lat' dir='ltr'><strong>videtur,</strong></span> <span class='ocrx_word' id='word_1_951' title='bbox 2642 5564 2813 5617; x_wconf 84' lang='grc' dir='ltr'>ταῦτα</span> <span class='ocrx_word' id='word_1_952' title='bbox 2838 5556 2934 5632; x_wconf 68' lang='grc' dir='ltr'>μ’ὲν</span> <span class='ocrx_word' id='word_1_953' title='bbox 2967 5556 3059 5614; x_wconf 81' lang='grc' dir='ltr'><strong>οὖν</strong></span> <span class='ocrx_word' id='word_1_954' title='bbox 3078 5560 3212 5629; x_wconf 85' lang='grc' dir='ltr'>πρὸς</span> <span class='ocrx_word' id='word_1_955' title='bbox 3241 5562 3361 5632; x_wconf 78' lang='grc' dir='ltr'>ὅσα,</span> <span class='ocrx_word' id='word_1_956' title='bbox 3395 5556 3504 5632; x_wconf 48' lang='grc' dir='ltr'>(διὸ.</span> <span class='ocrx_word' id='word_1_957' title='bbox 3536 5560 3690 5632; x_wconf 69' lang='lat' dir='ltr'><strong>Lilih.</strong></span> 
     </span>
    </p>
   </div>
   <div class='ocr_carea' id='block_1_124' title="bbox 2118 5627 3688 5704">
    <p class='ocr_par' dir='ltr' id='par_1_124' title="bbox 2118 5627 3688 5704">
     <span class='ocr_line' id='line_1_124' title="bbox 2118 5627 3688 5704; baseline -0.002 -16"><span class='ocrx_word' id='word_1_958' title='bbox 2118 5634 2367 5701; x_wconf 87' lang='lat' dir='ltr'><strong>impressi</strong></span> <span class='ocrx_word' id='word_1_959' title='bbox 2412 5634 2467 5689; x_wconf 91' lang='lat' dir='ltr'><strong>in</strong></span> <span class='ocrx_word' id='word_1_960' title='bbox 2517 5635 2761 5704; x_wconf 78' lang='lat' dir='ltr'><strong>margine</strong></span> <span class='ocrx_word' id='word_1_961' title='bbox 2813 5627 3031 5696; x_wconf 81' lang='lat' dir='ltr'><strong>habent,</strong></span> <span class='ocrx_word' id='word_1_962' title='bbox 3071 5627 3211 5699; x_wconf 74' lang='grc' dir='ltr'>τάχα</span> <span class='ocrx_word' id='word_1_963' title='bbox 3255 5630 3354 5701; x_wconf 82' lang='grc' dir='ltr'><strong>μὲν</strong></span> <span class='ocrx_word' id='word_1_964' title='bbox 3386 5627 3481 5684; x_wconf 79' lang='grc' dir='ltr'><strong>οὖν</strong></span> <span class='ocrx_word' id='word_1_965' title='bbox 3523 5631 3688 5685; x_wconf 78' lang='grc' dir='ltr'>ταῦτα</span> 
     </span>
    </p>
   </div>
   <div class='ocr_carea' id='block_1_125' title="bbox 2115 5706 2373 5771">
    <p class='ocr_par' dir='ltr' id='par_1_125' title="bbox 2115 5706 2373 5771">
     <span class='ocr_line' id='line_1_125' title="bbox 2115 5706 2373 5771; baseline -0.004 -13"><span class='ocrx_word' id='word_1_966' title='bbox 2115 5706 2237 5771; x_wconf 75' lang='grc' dir='ltr'>ὅσα,</span> <span class='ocrx_word' id='word_1_967' title='bbox 2269 5712 2373 5759; x_wconf 86' lang='lat' dir='ltr'><strong>etc.</strong></span> 
     </span>
    </p>
   </div>
  </div>
