3986 6164
297 304 440 366 1069

1455 297 1734 365 CONTRA
1772 307 2049 365 CELSUM
2081 308 2209 363 LIB.
2242 305 2335 364 ιν.

3405 302 3542 359 1070

295 427 415 483 οὔτι
453 444 516 497 γε
550 418 988 500 καὶΧριστιανοί
1014 444 1026 456 ·
1076 428 1125 480 οἳ
1174 425 1530 497 διδαχθέντες,
1561 428 1642 481 ὅτι
1679 445 1697 479 t
1738 425 1880 480 συνί-

1986 443 2171 482 versus
2216 441 2280 482 ca
2319 438 2442 496 qum
2485 421 2674 479 Celsus
2725 421 3068 492 conscripsit.
3123 419 3376 489 Quaedam
3438 420 3543 474 alia

299 537 454 594 στησι
486 521 585 591 τῆν
614 515 808 574 ἐαυτοῦ
839 519 1058 588 ἀγάπην
1095 520 1174 581 είς
1213 509 1359 589 ἡμᾶς
1387 521 1415 571 6
1444 509 1597 583 Θεὸς,
1645 519 1748 581 ὅτι,
1797 517 1875 570 ἔτι

297 611 635 686 ἁμαρτωλῶν
675 611 844 665 ὄντων
887 612 1063 682 ἡμῶν,
1109 609 1342 681 Χριστὸς
1373 609 1512 680 ὑπὲρ
1543 609 1701 680 ἡμῶν
1748 604 1881 662 ἀπέ-

298 705 444 759 θανε.
499 706 756 772 Καίτοιγε
803 704 960 775 μόγις
996 721 1079 766 τις
1118 703 1257 772 ὑπὲρ
1286 701 1378 754 τοῦ
1409 695 1616 754 δικαίου
1677 700 1881 753 ἀποθα-

296 790 486 850 νεῖταιδ
521 795 660 866 ὑπὲρ
686 795 794 866 γὰρ
811 795 903 848 τοῦ
927 792 1131 863 ἀγαθοῦ
1158 795 1297 864 τάχα
1317 811 1400 856 τις
1427 793 1520 846 καὶ
1541 791 1718 862 τολμᾷ
1747 793 1882 843 ἀπο-

297 875 500 941 θανεῖν.
551 906 571 938 ι
616 887 752 940 Νυνὶ
783 886 839 938 δὲ
873 886 1011 957 ὑπὲρ
1056 885 1164 938 τῶν
1215 883 1486 953 πανταχοῦ
1540 879 1876 952 ἁμαρτωλῶν

300 971 412 1048 (ἵνα
443 978 779 1032 καταλίπωσι
819 977 916 1047 τὴν
956 969 1249 1046 ἁμαρτίαν,
1306 975 1400 1027 καὶ
1441 972 1768 1028 πιστεύσωσι
1797 971 1875 1041 τῷ

298 1062 419 1141 Θεῷ
478 1069 738 1140 ἑαυτοὺς)
795 1066 1251 1139 ἐπιδεδημηκέναι
1302 1066 1410 1137 (θῖ)
1464 1066 1800 1136 κεκήρυκται
1849 1065 1878 1116 6

311 1159 538 1232 Ἰησοῦς,
559 1160 770 1231 πατρίῳ
796 1160 900 1212 τινὶ
920 1163 1033 1223 τοῖς
1065 1159 1242 1228 λόγοις
1269 1158 1477 1223 τούτοις
1500 1157 1754 1229 συνηθείᾳ
1784 1157 1878 1210 καὶ

297 1241 533 1322 Χριστὸς
562 1246 698 1304 εἶναι
721 1250 1010 1320 λεγόμενος
1041 1249 1133 1303 τοῦ
1169 1249 1324 1303 Θεοῦ.

1981 520 2083 574 sibi
2132 518 2351 589 propria
2406 510 2574 571 Judaei
2627 513 2870 570 nonnulli
2905 523 3247 584 reponerent,
3294 527 3412 582 qua:
3439 513 3544 565 mi-

1980 605 2124 665 nime
2183 608 2513 664 Christianis
2561 606 2890 662 conveniunt
2941 603 3186 674 :quippe
3235 604 3431 672 quibus
3461 603 3547 657 di-

1983 713 2069 757 cta
2115 711 2243 757 sunt
2292 703 2406 756 haec
2457 717 2470 752 :
2531 716 2551 750 ι
2607 698 2961 752 Commendat
3018 694 3336 768 charitatem
3392 709 3544 748 suam

1985 783 2126 847 Deus
2159 793 2209 844 in
2255 793 2432 856 nobis,
2469 791 2726 859 quoniam
2752 804 2873 843 cum
2902 789 3077 843 adhuc
3106 795 3420 857 peccatores
3461 801 3548 841 es-

1984 897 2188 942 semus,
2229 880 2481 935 Christus
2513 896 2608 948 pro
2644 879 3076 934 nobismortuus
3103 885 3186 932 est
3239 876 3304 929 ⁸³.
3367 877 3550 943 Quane

1980 986 2143 1040 quam
2180 972 2267 1024 vix
2307 985 2402 1040 pro
2445 970 2590 1038 justo
2628 971 2749 1039 quis
2793 972 3050 1024 moritur.
3094 969 3225 1022 Nam
3275 984 3371 1038 pro
3408 970 3550 1024 bono

1987 1063 2216 1119 forsitan
2241 1064 2364 1133 quis
2421 1064 2615 1118 audeat
2663 1063 2797 1116 mori
2823 1062 2887 1114 “.
2921 1081 2938 1112 ι
2989 1060 3140 1115 Nunc
3164 1072 3342 1114 autem
3370 1060 3551 1128 Jesns,

1986 1170 2147 1225 quem
2177 1157 2339 1209 etiam
2372 1156 2534 1208 ducto
2577 1168 2642 1207 ex
2691 1162 2996 1207 nostrarum
3029 1152 3433 1221 Scripturarum
3476 1153 3553 1206 lo-

1989 1247 2191 1317 quendi
2229 1247 2622 1302 consuetudine
2644 1245 2914 1300 vocabulo
2942 1242 3215 1297 Christum
3248 1246 3340 1298 Dei
3370 1245 3552 1314 appel-

302 1346 504 1413 lamus,
542 1347 831 1402 advenisse
881 1363 980 1417 pro
1008 1347 1263 1403 omnibus
1307 1348 1616 1416 ubicunque
1641 1349 1752 1402 sint
1781 1343 2160 1417 peccatoribus
2214 1345 2554 1414 praedicatur,
2606 1351 2686 1407 ut,
2723 1342 2900 1411 posito
2935 1348 3176 1410 peccato,
3229 1341 3390 1410 seipsi
3442 1340 3552 1394 Deo

301 1441 546 1495 credant.

369 1531 524 1602 Τάχα
549 1529 604 1584 δέ
632 1547 793 1584 τινων
821 1531 1168 1602 παρήκουσεν
1204 1519 1232 1581 6
1264 1529 1493 1594 Κέλσος,
1518 1531 1598 1582 ὃτι
1634 1549 1652 1580 ‹
1687 1531 1715 1584 6
1743 1529 1873 1593 Θεός

301 1622 470 1687 ἐστιν,
501 1618 618 1677 εἶτα
653 1624 772 1694 μετ’
807 1625 1009 1676 ἐκεῖνον
1047 1624 1227 1692 ἡμεῖς,
1267 1640 1284 1671 δ
1318 1621 1412 1685 οὒς
1443 1621 1690 1692 ὠνόμασε
1731 1619 1874 1673 σκώ-

299 1715 493 1785 ληκας.
517 1715 627 1768 Καὶ
670 1717 852 1787 ὅμοιον
889 1718 1032 1768 ποιεῖ
1067 1719 1177 1778 τοῖς
1209 1714 1303 1786 ὅλῃ
1327 1715 1532 1785 αἱρέσει
1560 1714 1875 1783 φιλοσοφίας

299 1807 591 1876 ἐγκαλοῦσι
640 1809 729 1862 διά
768 1826 888 1862 τινα
917 1809 1180 1880 λεγόμενα
1211 1809 1316 1862 ὑπὸ
1354 1808 1657 1880 προπετοῦς
1693 1825 1880 1879 μειρα-

299 1898 419 1952 κίου
454 1899 619 1970 τριῶν
648 1900 870 1971 ἡμερῶν
904 1901 1255 1972 φοιτήσαντος
1300 1902 1380 1964 εἰς
1419 1900 1729 1970 φιλοσόφον,
1787 1899 1880 1951 καὶ

300 1993 663 2064 ἐπαιρομένου
717 1991 856 2046 κατὰ
900 1992 1009 2045 τῶν
1059 1991 1279 2056 λοιπῶν,
1325 1991 1400 2054 ὼς
1448 1991 1744 2044 ἐλαττόνων
1788 1991 1881 2044 καὶ

299 2081 663 2151 ἀφιλοσόφων.
711 2083 896 2152 Ἴσμεν
925 2081 1051 2152 γὰρ,
1083 2081 1163 2134 ὅτι
1201 2080 1370 2134 πολλά
1412 2083 1556 2133 ἐστιν
1592 2079 1879 2151 ἀνθρώπου

301 2172 602 2244 τιμιώτερα
621 2189 634 2201 °
659 2171 750 2226 καὶ
779 2172 1108 2242 ἀνέγνωμεν,
1142 2172 1222 2225 ὅτι
1253 2192 1270 2222 ‹
1294 2170 1468 2233 ὁΘεὸς
1505 2170 1633 2241 ἔστη
1667 2172 1723 2222 ἐν
1755 2186 1883 2223 συν-

302 2256 491 2334 αγωγῇ
529 2263 662 2317 θεῶν
682 2279 696 2293 '
741 2282 760 2314 ι
809 2263 942 2317 θεῶν
975 2263 1030 2316 δὲ
1060 2263 1118 2315 οὐ
1145 2262 1252 2315 τῶν
1274 2279 1573 2334 προσκυνου
1583 2261 1755 2331 μένων
1771 2261 1879 2332 (95)

304 2347 410 2407 ὑπὸ
438 2355 544 2408 τῶν
577 2353 804 2407 λοιπῶν·
851 2373 868 2405 ι
930 2356 1131 2417 πάντες
1165 2373 1183 2405 ι
1217 2353 1326 2424 γὰρ
1355 2372 1372 2402 ι
1420 2354 1469 2404 οἱ
1499 2351 1610 2404 θεοὶ
1640 2351 1748 2404 τῶν
1793 2350 1882 2402 ἐθ-

304 2445 410 2498 νῶν
441 2443 710 2514 δαιμόνια.
751 2462 768 2495 ›
802 2443 910 2496 Καὶ
930 2443 1262 2515 ἀνέγνωμεν,
1297 2445 1376 2497 ὅτι
1400 2463 1417 2493 ι
1442 2447 1469 2497 6
1489 2441 1638 2506 Θεὸς,
1680 2441 1806 2504 στὰς
1823 2443 1880 2494 ἐν

305 2538 594 2606 συναγωγῇ
625 2535 780 2597 θεῶν,
806 2536 861 2586 ἐν
891 2533 1040 2604 μέσῳ
1068 2534 1220 2597 θεοὺς
1249 2533 1691 2605 διακρίνει(9ι).›
1720 2530 1880 2583 Οἴδα-

310 2641 411 2696 μεν
445 2624 502 2676 δὲ
529 2623 624 2675 καὶ
655 2623 758 2687 ὅτι,
791 2623 947 2694 εἴπερ
980 2623 1087 2674 εἰσὶ
1125 2617 1235 2674 θεολ.
1274 2622 1553 2692 λεγόμενοι
1582 2619 1678 2672 εἴτ’
1710 2616 1768 2672 ἐν
1801 2620 1884 2672 οὐ·

310 2711 457 2788 ρανῷ
493 2715 602 2769 εἴτε
651 2715 742 2768 ἐπὶ
790 2716 913 2785 γῆς,
967 2713 1187 2786 (ὥσπερ
1233 2714 1341 2768 εἰσὶ⁹
1392 2712 1503 2767 θεοὶ
1547 2712 1752 2778 πολλοὶ,
1788 2708 1882 2766 καὶ

307 2805 490 2878 κύριοι
524 2805 782 2874 πολλοί’)
824 2805 937 2858 ἀλλ’
968 2807 1096 2876 ἡμῖν
1125 2802 1204 2868 εἷς
1248 2805 1382 2868 Θεὸς
1421 2804 1449 2856 6
1479 2804 1688 2876 Πατὴρ,
1723 2801 1784 2870 ἐξ
1820 2795 1882 2857 οὗ

267 2893 276 2902 ”
305 2897 375 2952 τὰ
403 2897 600 2961 πάντα,
633 2897 725 2949 καὶ
756 2893 918 2966 ἡμεῖς
945 2899 1025 2959 είς
1053 2896 1238 2948 αὐτόν·
1272 2890 1366 2948 καὶ
1404 2893 1484 2959 εἷς
1515 2891 1738 2967 Κύριος,
1782 2890 1885 2968 Ἰη-

308 2989 436 3053 σοῦς
469 2982 721 3062 Χριστὸς,
745 2987 814 3039 δι’
840 2983 899 3041 οὗ
931 2987 997 3039 τὰ
1032 2988 1229 3051 πάντα,
1260 2985 1353 3040 καὶ
1374 2985 1536 3058 ἡμεῖς
1561 2981 1628 3040 δι’
1659 2979 1877 3040 αὐτοῦ-ι

304 3081 524 3152 οἴδαμεν
543 3081 598 3133 δὲ
635 3085 728 3133 καὶ
749 3080 874 3142 τοὺς
901 3079 1162 3146 ἀγγέλους
1193 3073 1363 3141 οὕτως
1397 3075 1535 3131 εἷναι
1580 3078 1881 3146 ἀνθρώπων

307 3175 651 3244 κρείττονας,
701 3171 840 3223 ὥστε
898 3171 1024 3234 τοὺς
1072 3169 1425 3242 ἀνθρώπους,
1466 3169 1878 3235 τελειωθέντας,

311 3261 628 3330 ἰσαγγέλους
675 3259 937 3328 γίνεσθαι.
977 3280 995 3311 ‹
1036 3260 1124 3313 Ἐν
1158 3261 1266 3332 γὰρ
1313 3263 1379 3332 τῇ
1435 3257 1727 3314 ἀναστάσει
1773 3257 1881 3315 τῶν

221 3393 228 3397 ι
308 3352 515 3425 νεκρῶν
547 3351 670 3405 οὔτε
708 3351 974 3422 γαμοῦσιν
1007 3345 1116 3404 οὒτ’
1146 3353 1558 3423 ἐκγαμίζονταιο
1596 3351 1732 3405 ἀλλά
1747 3354 1882 3406 εἰσιν

308 3445 385 3508 ὼς
410 3445 459 3497 οἱ
493 3443 710 3513 ἄγγελοι
755 3442 862 3495 τῶν
899 3441 1142 3513 οὐρανῶν
1177 3444 1225 3494 οἱ
1248 3443 1465 3505 δίκαιοι,
1505 3444 1599 3495 καὶ
1646 3443 1882 3510 γίνονται

311 3534 605 3604 ἰσάγγελοι.
649 3553 668 3585 ›
708 3533 941 3604 Οἴδαμεν
968 3533 1013 3586 δ’
1039 3535 1095 3586 ἐν
1129 3537 1194 3605 τῇ
1224 3532 1462 3598 διατάξει
1504 3533 1612 3586 τῶν
1644 3533 1779 3586 ὅλων
1808 3531 1885 3585 εῖ-

308 3629 395 3683 ναί
423 3645 572 3690 τινας
626 3625 752 3687 τοὺς
799 3623 1163 3695 καλουμένους
1218 3617 1491 3692 θρόνους,
1548 3624 1642 3677 καὶ
1693 3624 1883 3687 ἄλλους

307 3722 678 3790 κυριότητας,
717 3720 809 3773 καὶ
841 3719 1026 3782 ἄλλους
1071 3717 1373 3781 ἐξουσίας,
1403 3715 1497 3767 καὶ
1550 3713 1739 3777 ἄλλους
1781 3709 1884 3782 ἀρα

309 3811 423 3883 χάς
442 3829 456 3842 ⁶
493 3813 584 3865 καὶ
609 3811 844 3884 ὁρῶμεν,
877 3812 957 3864 ὅτι
1007 3809 1139 3862 πολὺ
1184 3805 1387 3861 τούτων
1415 3809 1573 3878 ἡμεῖς
1600 3809 1649 3859 οἱ
1677 3807 1884 3879 ἄνθρω-

310 3917 402 3957 ποι
429 3903 840 3973 ἀπολειπόμενοι
860 3901 1076 3964 ἐλπίδας
1099 3901 1290 3970 ἔχομεν
1317 3901 1380 3952 ἐκ
1406 3899 1498 3952 τοῦ
1530 3898 1707 3962 καλῶς
1735 3898 1882 3969 βιοῦν

311 3997 405 4049 καὶ
434 3996 610 4048 πάντα
649 3995 906 4065 πράττειν
935 3992 1074 4046 κατὰ
1106 3994 1194 4045 τὸν
1229 3992 1408 4059 λόγον,
1455 3984 1762 4045 ἀναϐαίνειν
1793 3991 1883 4043 ἐπὶ

312 4087 410 4157 τὴν
442 4085 646 4138 τούτων
674 4084 889 4137 πάντων
912 4083 1248 4154 ἐξομοίωσιν.
1279 4084 1390 4134 Καὶ
1412 4081 1738 4146 τελευταῖον,
1762 4082 1882 4134 ἐπεὶ

320 4196 340 4229 ι
381 4180 544 4250 μήπω
598 4175 909 4246 ἐφανερώθη
961 4175 1014 4226 τί
1067 4173 1320 4242 ἐσόμεθα,
1375 4172 1595 4242 οἴδαμεν
1652 4173 1753 4236 ὅτι,
1790 4172 1882 4225 ἐὰν

316 4267 625 4339 φανερωθῇ,
657 4266 890 4336 ἐσόμεθα
922 4267 1094 4335 ὅμοιοι
1125 4263 1201 4334 τῷ
1229 4262 1375 4333 Θεῷ,
1408 4263 1502 4315 καὶ
1529 4263 1767 4332 ὀψόμεθα
1797 4265 1886 4316 αὐ-

314 4359 427 4425 τὸν,
458 4356 638 4421 καθώς
669 4358 812 4410 ἐστιν
847 4372 860 4386 ο
907 4375 924 4408 ι
963 4357 1026 4409 Ei
1053 4355 1110 4408 δέ
1141 4372 1224 4417 τις
1265 4347 1326 4407 τὸ
1357 4353 1642 4424 λεγόμενον
1677 4354 1780 4406 ὑπό
1806 4365 1886 4408 τι·

2051 1523 2140 1578 29.
2188 1520 2311 1576 "(PC
2347 1527 2527 1574 autem
2565 1538 2577 1573 :
2629 1537 2647 1570 ι
2689 1519 2829 1573 Deus
2859 1528 2960 1584 est,
2997 1521 3091 1573 sed
3123 1521 3429 1588 proximum
3472 1518 3550 1574 illi

1982 1616 2159 1670 locum
2212 1628 2565 1682 occupamus,
2622 1631 2640 1664 ι
2700 1613 2932 1667 fortasse
2973 1613 3159 1667 Celsus
3209 1614 3441 1667 audierit
3485 1629 3551 1667 ex

1981 1706 2302 1779 quibusdam
2333 1721 2542 1770 eorum,
2575 1720 2710 1772 quos
2738 1719 2952 1759 vermes
2991 1705 3256 1758 nominat.
3300 1704 3458 1773 522
3483 1706 3554 1758 At

1982 1799 2108 1870 quid
2157 1797 2298 1852 idem
2335 1796 2465 1849 facit
2494 1811 2556 1850 ac
2594 1796 2669 1849 illi
2700 1794 2814 1864 qui,
2847 1798 2990 1864 quod
3042 1810 3284 1864 pracccps
3326 1797 3548 1864 quidam

1985 1889 2325 1953 adolescens,
2359 1889 2521 1940 trium
2553 1887 2762 1941 dierum
2812 1887 3108 1955 discipulus
3135 1886 3466 1956 philosophi,
3499 1895 3554 1940 et

1980 1985 2264 2047 propterea
2292 1977 2345 2029 in
2381 1983 2606 2030 caeteros
2636 1986 2898 2044 tanquam
2953 1975 3238 2030 inferiores
3265 1990 3324 2030 se
3364 1985 3418 2030 et
3459 1976 3555 2028 im-

1980 2069 2186 2138 peritos
2246 2065 2686 2130 contumeliosus,
2739 2069 2983 2134 quaedam
3035 2077 3236 2121 temere
3297 2067 3552 2132 dixisset,

1983 2159 2238 2212 continuo
2259 2166 2425 2211 t0Iam
2458 2156 2886 2225 philosophicam
2918 2168 3119 2213 sectam
3147 2160 3198 2212 in
3229 2160 3435 2214 crimen
3459 2175 3555 2214 vo-

1982 2255 2189 2302 carent.
2218 2245 2432 2300 Scinms
2471 2246 2615 2298 enim
2652 2247 2815 2300 multa
2865 2262 2982 2302 esse
3036 2250 3255 2304 homine
3294 2260 3553 2318 praestan-

1985 2338 2142 2392 tiora.
2193 2334 2492 2404 Legimus:
2548 2351 2568 2385 ι
2617 2335 2758 2390 Deus
2811 2338 2961 2390 stetit
3003 2338 3055 2391 in
3111 2352 3387 2410 synagoga
3421 2340 3550 2396 deo-

1984 2442 2101 2480 rum
2131 2427 2207 2493 “;
2253 2445 2271 2478 ι
2301 2435 2355 2481 et
2388 2442 2494 2480 non
2527 2426 2743 2482 illorum
2777 2427 2998 2495 quidem
3023 2429 3247 2482 deorum
3272 2445 3409 2497 quos
3437 2433 3553 2486 vul-

1983 2532 2080 2587 gus
2109 2518 2237 2572 colit
2265 2520 2501 2586 gentium
2538 2531 2553 2571 :
2593 2534 2715 2571 nam
2759 2537 2778 2570 ι
2821 2533 3007 2574 omnes
3053 2520 3124 2574 dii
3155 2523 3393 2589 gentium
3445 2525 3554 2578 dm-

1983 2611 2164 2662 monia
2196 2610 2260 2662 θθ.
2288 2625 2306 2658 ι
2342 2609 2404 2662 Εῑ
2431 2609 2656 2679 legimus
2683 2611 2847 2664 Deum
2877 2620 3113 2665 stantem
3147 2629 3164 2661 ι
3197 2612 3249 2665 in
3281 2627 3553 2684 synagoga

1985 2700 2228 2768 deorum,
2262 2700 2318 2754 in
2343 2702 2521 2756 medio
2547 2701 2678 2757 deos
2708 2703 3024 2771 dijudicare.
3061 2721 3080 2755 ι
3105 2702 3319 2759 Scimus
3347 2715 3550 2772 autem,

1988 2809 2009 2844 ι
2048 2792 2152 2846 etsi
2192 2801 2318 2847 sunt
2357 2793 2445 2860 qui
2498 2794 2748 2847 dicantur
2783 2794 2854 2847 dii
2889 2795 3004 2848 sive
3059 2795 3109 2848 in
3160 2795 3303 2851 coelo
3349 2797 3465 2864 sive
3499 2798 3551 2852 in

1988 2893 2134 2938 terra
2173 2883 2462 2954 (siquidem
2516 2893 2644 2938 sunt
2692 2884 2764 2938 dii
2809 2885 2962 2939 multi
2994 2896 3048 2940 et
3089 2887 3296 2943 domini
3348 2889 3553 2955 multi),

1986 2975 2142 3030 nobis
2166 2985 2343 3028 tamen
2377 2991 2538 3029 unum
2581 2991 2701 3030 esse
2731 2976 2898 3030 Deum
2932 2978 3169 3045 Patrem,
3206 2994 3272 3034 ex
3303 2995 3408 3050 quo
3437 2995 3554 3035 om-

1987 3091 2096 3155 nia,
2123 3103 2178 3146 et
2203 3107 2300 3148 nos
2333 3094 2384 3146 in
2414 3091 2596 3159 illum;
2631 3103 2864 3147 etunum
2885 3093 3166 3149 Dominum
3194 3095 3374 3149 Jesum
3399 3096 3557 3150 Chri-

1983 3189 2146 3244 stum,
2175 3196 2270 3251 per
2301 3198 2458 3250 quem
2487 3183 2688 3246 omnia,
2716 3192 2772 3236 et
2801 3199 2900 3237 nos
2933 3199 3028 3253 per
3076 3185 3250 3252 ipsum
3278 3185 3344 3240 ⁸⁷.
3385 3205 3404 3238 ι
3445 3186 3556 3240 Nec

1983 3274 2151 3328 nescii
2201 3284 2386 3329 sumus
2410 3276 2633 3344 angelos
2679 3275 2750 3329 ita
2793 3291 2915 3330 esse
2969 3292 3133 3344 supra
3193 3277 3464 3346 homines,
3497 3289 3557 3332 ut

1983 3362 2208 3431 perfecti
2258 3365 2504 3417 homines
2537 3379 2696 3433 pares
2729 3367 2934 3435 angelis
2977 3365 3128 3419 ﬁant.
3160 3384 3178 3417 (
3221 3367 3277 3420 ln
3309 3383 3556 3423 resurre-

1983 3455 2166 3509 ctione
2191 3455 2334 3508 enim
2372 3470 2549 3524 neque
2572 3456 2775 3509 nubent
2813 3472 2984 3525 neque
3014 3458 3305 3523 nubentur,
3335 3461 3427 3514 sed
3470 3461 3560 3528 ju-

1988 3545 2056 3598 sti
2082 3555 2206 3598 sunt
2234 3545 2374 3599 sicut
2415 3546 2590 3611 angeli
2625 3548 2676 3600 in
2729 3548 2887 3614 cmlo,
2913 3548 3146 3616 aequales
3183 3551 3388 3617 angelis
3419 3551 3483 3604 ⁸⁸.
3532 3572 3550 3603 ι

1986 3635 2333 3704 Perspectnm
2368 3651 2587 3706 quoque
2619 3637 2773 3692 nobis
2798 3649 2881 3692 est
2908 3640 2980 3692 ita
3011 3656 3133 3695 esse
3164 3643 3415 3695 ordinata
3441 3657 3560 3696 om-

1985 3729 2098 3794 nia,
2139 3735 2198 3780 ut
2231 3725 2318 3780 alii
2355 3729 2461 3781 sint
2493 3729 2586 3796 qui
2615 3739 2882 3783 vocantur
2921 3731 3118 3799 throni,
3170 3731 3264 3784 alii
3313 3732 3558 3788 domina-

1985 3817 2176 3880 tiones,
2207 3817 2296 3871 alii
2327 3825 2628 3886 potestates,
2662 3818 2752 3872 alii
2776 3821 3107 3890 principatua
3133 3823 3217 3887 3’;
3253 3830 3306 3877 et
3327 3839 3424 3877 nos
3441 3825 3561 3894 qui-

1985 3905 2104 3960 dem
2137 3906 2382 3960 homines
2417 3916 2534 3973 post
2568 3923 2662 3962 eos
2680 3907 2836 3978 longo
2868 3909 3153 3964 intervallo
3185 3909 3438 3982 relinqui,
3461 3913 3557 3965 sed

1985 4011 2132 4064 spem
2165 4011 2288 4050 esse
2325 3996 2456 4062 fore,
2493 4006 2551 4050 'ut
2578 3999 2714 4051 bene
2728 3999 2955 4052 vivendo
2984 3999 3351 4069 faciendisque
3380 4005 3560 4058 omni-

1986 4089 2085 4144 bus
2113 4101 2233 4156 quze
2267 4089 2408 4142 ratio
2442 4088 2704 4158 praecipit,
2731 4103 2890 4158 pares
2909 4090 3024 4143 istis
3047 4091 3298 4146 omnibus
3328 4093 3558 4146 evadere

1989 4192 2318 4232 mereamur.
2374 4179 2617 4247 Denique
2672 4178 2927 4246 quoniam
2974 4198 2992 4229 ί
3035 4181 3274 4234 nondum
3310 4184 3556 4250 apparuit

1987 4270 2114 4339 quid
2143 4269 2368 4332 erimus,
2400 4269 2604 4324 scimus
2624 4270 2881 4338 quoniam
2906 4286 3030 4323 cum
3055 4273 3388 4342 apparuerit,
3411 4273 3561 4328 simi-

1986 4359 2065 4413 les
2096 4360 2205 4413 Deo
2247 4359 2472 4424 erimus,
2504 4368 2558 4412 et
2604 4359 2906 4413 videbimus
2949 4375 3071 4414 eum
3120 4361 3282 4415 sicuti
3319 4371 3404 4417 est
3429 4364 3494 4417 ⁷ο,
3533 4382 3554 4416 ι

311 4468 421 4506 νων
451 4449 559 4504 εἴτε
589 4449 696 4503 τῶν
728 4447 988 4502 νοοῦντων
1012 4449 1117 4499 εἴτε
1152 4446 1257 4498 τῶν
1295 4447 1366 4516 μὴ
1407 4445 1717 4508 συνιέντων,
1749 4445 1881 4498 ἀλλὰ

1990 4447 2083 4505 Sin
2139 4460 2323 4504 autem
2360 4450 2631 4519 quispiam
2684 4452 2738 4505 id
2791 4451 2936 4520 quod
2987 4467 3053 4506 ex
3107 4454 3432 4523 quibusdam
3470 4455 3585 4510 vcl'

314 4542 776 4614 παρακουσάντων
827 4541 982 4609 λόγου
1031 4537 1234 4607 ὑγιοῦς,
1273 4538 1488 4607 φάσκοι,
1534 4537 1614 4589 ὅτι
1647 4555 1665 4587 ι
1693 4539 1722 4590 6
1749 4537 1881 4601 Θεός

312 4638 478 4701 ἐστιν,
511 4630 628 4687 εἶτα
676 4634 791 4704 μετ’
842 4634 1045 4686 ἐκεῖνον
1101 4634 1291 4703 ἡμεῖς·
1337 4650 1355 4682 ι
1391 4631 1486 4684 καὶ
1528 4629 1686 4682 τοῦτό
1731 4630 1782 4698 γ’
1814 4630 1880 4682 ἂν

315 4729 666 4801 ἐρμηνεύοιμι
720 4727 780 4780 τὸ
813 4725 1001 4796 ἡμεῖς,
1054 4725 1226 4792 λέγων
1271 4724 1387 4777 ἀντὶ
1431 4721 1547 4786 τοῦ,
1577 4724 1627 4775 οἱ
1655 4721 1880 4790 λογικοὶ,

315 4821 406 4872 καί
435 4820 514 4874 ἔτι
548 4819 764 4890 μᾶλλον,
793 4821 842 4871 οἱ
876 4817 1147 4872 σπουδαῖοι
1177 4815 1400 4884 λογικοί.
1429 4815 1566 4868 Καθ’
1601 4815 1746 4884 ἡμᾶς
1775 4813 1882 4884 γάρ

315 4911 350 4980 ὴ
372 4908 503 4979 αὐτὴ
533 4912 698 4981 ἀρετή
731 4912 846 4962 ἐστι
876 4909 984 4961 τῶν
1019 4909 1300 4979 μακαρίων
1342 4908 1577 4971 πάντων,
1619 4906 1758 4960 ὥστε
1789 4907 1883 4959 καὶ

317 4999 455 5069 αὐτὴ
482 5001 648 5070 ἀρετὴ
680 5000 788 5070 (95)
817 4999 1101 5070 ἀνθρώπου
1133 5000 1223 5052 καὶ
1265 4999 1420 5052 Θεοῦ.
1453 4999 1648 5070 Διόπερ
1683 5018 1700 5049 ι
1739 4999 1884 5065 γίνε-

389 5121 434 5151 ⁶³
467 5121 622 5172 Rom.
647 5134 698 5178 ν,
726 5119 779 5172 8.
892 5120 936 5150 ⁸⁵
967 5120 1096 5171 ibid.
1122 5120 1174 5175 7.
1251 5119 1294 5150 ⁸⁸
1320 5119 1462 5170 i‘sal.
1501 5134 1686 5180 LXXXI,
1721 5119 1767 5169 i.

318 5199 374 5247 et
404 5189 534 5244 Luc.
562 5204 653 5253 xx,
688 5189 777 5244 50.
882 5189 924 5220 ⁸³
958 5189 1168 5242 Coloss.
1199 5205 1238 5251 ι,
1268 5189 1355 5241 16.

389 5304 500 5375 (92)
534 5303 659 5375 Post
691 5302 912 5375 verbum
952 5301 1403 5375 ἐπιδεδημηκέναι
1447 5299 1580 5375 libb.
1638 5300 1886 5375 impressi

318 5369 522 5427 addunt
568 5374 710 5427 inter
748 5371 1057 5433 uncinuios,
1091 5369 1184 5423 καὶ
1214 5369 1302 5422 διὰ
1343 5369 1410 5421 τὰ
1446 5369 1677 5440 μέγιστα
1711 5372 1888 5440 ἀμαρ-

317 5443 553 5512 τήματα,
591 5458 709 5512 (ιυίο
745 5457 772 5495 a
810 5455 938 5494 mss.
982 5442 1197 5505 absunt,
1239 5454 1338 5492 nec
1376 5439 1593 5507 agnovit
1624 5439 1890 5508 interpres

319 5515 600 5568 Gelenius.

393 5585 503 5651 (95)
534 5579 868 5636 Ηωεςιιοιῖυε
903 5580 954 5633 in
993 5574 1665 5651 ιεκιυηπροσκυνούντων,
1691 5577 1849 5632 male.

389 5645 503 5719 (94)
547 5651 690 5705 Idem
721 5652 774 5704 in
810 5660 980 5713 textu,
1014 5645 1319 5716 διακρίνων.

394 5716 507 5792 (95)
543 5722 717 5776 Ὥστε
759 5719 858 5774 καὶ
904 5722 943 5788 ἠ
993 5719 1146 5789 αὐτὴ
1185 5716 1388 5788 ἀρετή,
1431 5725 1536 5773 etc.
1581 5718 1718 5774 Tull.
1749 5717 1890 5776 lib.t

1845 5119 1889 5148 ⁸⁵
1920 5116 2065 5170 Psal.
2103 5134 2224 5182 xcv,
2257 5120 2307 5173 5.

1459 5189 1504 5218 ⁷⁰
1535 5186 1739 5241 lJoan.
1774 5204 1851 5251 ut,
1893 5187 1948 5239 ‘2.

1991 4557 2095 4597 non
2141 4541 2588 4610 intelligentibus,
2621 4543 2704 4597 vel
2743 4557 2811 4598 ex
2863 4543 3292 4612 intelligentibus
3317 4547 3557 4616 quidem,

1993 4635 2086 4688 sed
2114 4649 2218 4688 non
2257 4633 2426 4702 probe
2465 4647 2655 4687 sanam
2703 4633 3005 4690 doctrinam
3048 4637 3310 4691 assecutis
3357 4639 3559 4702 audiit,

1990 4726 2186 4781 dixerit
2223 4742 2234 4776 :
2273 4743 2292 4776 ι
2331 4727 2470 4781 Deus
2494 4735 2580 4781 est
2612 4727 2849 4780 omnium
2878 4729 3106 4798 primus,
3136 4744 3234 4785 nos
3264 4731 3560 4786 secundum

1991 4817 2058 4871 ab
2093 4817 2182 4872 illo
2214 4833 2549 4887 occupamus
2582 4819 2794 4886 locum;
2839 4839 2859 4873 ι
2898 4823 2948 4876 id
2977 4824 3222 4891 equidem
3267 4824 3424 4880 facile
3471 4826 3560 4880 in-

1993 4917 2340 4977 terpretarer,
2379 4925 2470 4963 nos
2502 4911 2775 4980 accipiens
2829 4927 2925 4980 pro
2967 4913 3036 4968 iis
3061 4914 3152 4982 qui
3198 4917 3407 4971 ratione
3433 4932 3566 4985 prae-

1991 4999 2086 5052 diti
2123 5011 2268 5065 sunt,
2302 5002 2622 5070 autpotius,
2671 5018 2768 5072 pro
2818 5003 2886 5058 iis
2927 5005 3022 5073 qui
3065 5006 3263 5060 rationi
3299 5008 3562 5062 virtutem

2392 5121 2434 5151 ⁸⁷
2474 5119 2494 5172 1
2528 5120 2652 5174 Cor.
2697 5136 2814 5185 vm,
2996 5122 3042 5156 ⁵³
3069 5123 3265 5177 Matth.
3287 5139 3423 5186 xin,
3453 5122 3559 5188 30;

1987 5299 2064 5353 De
2115 5299 2334 5370 legibus.
2371 5322 2390 5354 ‹
2427 5299 2548 5358 Jam
2580 5320 2709 5360 vero
2732 5306 2904 5360 virtus
2935 5306 3124 5359 eadem
3158 5303 3210 5358 in
3249 5305 3470 5359 homine
3497 5319 3565 5362 ac

1986 5372 2096 5424 Deo
2122 5381 2224 5446 est,
2259 5374 2567 5446 neque‘nllo
2600 5376 2704 5446 alio
2735 5376 2786 5429 in
2812 5376 2972 5446 genio
2996 5383 3280 5446 praeterea.
3327 5374 3426 5428 Est
3455 5391 3560 5427 au-

1985 5449 2093 5492 tem
2123 5442 2299 5495 virtus
2321 5442 2457 5496 nihil
2503 5444 2673 5508 aliud,
2706 5442 2870 5512 quain
2905 5447 2956 5495 in
3001 5442 3064 5496 Se
3102 5443 3373 5511 perfecta,
3402 5453 3457 5497 et
3489 5446 3556 5497 ad

1985 5524 2267 5582 summum
2298 5515 2553 5582 perducta
2589 5523 2802 5567 natura.
2849 5513 2945 5566 Est
2991 5513 3158 5582 igitur
3189 5513 3400 5582 homini
3425 5528 3548 5567 cum

1984 5577 2459 5653 Deositniiitudo.)
2491 5582 2663 5635 Clem.
2692 5582 2988 5653 Strom.’vr_l
3017 5577 3118 5653 ἷΘύ
3152 5579 3291 5653 γὰρ,
3311 5581 3560 5653 καθάπερ

1984 5649 2040 5723 οἱ.
2064 5649 2322 5723 Στωϊκοὶ,
2345 5650 2518 5723 ἀθέως
2548 5653 2685 5723 πάνυ
2720 5652 2816 5721 τὴν
2845 5651 3016 5723 αὐτὴν
3041 5649 3240 5723 ἀρετὴν
3271 5649 3560 5723 ἀνθρώπου

1985 5716 2337 5791 λέγομεν-’καὶ
2369 5719 2525 5774 Θεοῦ.
2565 5738 2583 5769 ι
2616 5720 2730 5776 Non
2769 5716 2939 5786 enim,
2974 5716 3031 5778 tit
3071 5716 3240 5781 Stoici
3273 5716 3426 5781 valde
3459 5725 3563 5780 im-
