3986 6164
426 361 562 416 1οἹ1

1736 354 1741 362 ’
1845 339 2166 398 ORIGEMS

3554 338 3690 393 107?.

414 477 733 546 adiunxere.
775 471 853 525 Ex
894 470 1050 524 nobis
1100 465 1243 520 enim
1302 463 1493 520 eadem
1526 471 1612 517 est
1649 462 1703 515 in
1739 459 1997 515 omnibus

2112 459 2227 513 σθαι
2261 457 2480 523 τέλειοι,
2512 456 2588 521 ὡς
2627 457 2657 510 ὁ
2710 457 2901 529 Πατὴρ
2943 457 3101 530 ἡμῶν
3142 458 3172 511 ὁ
3210 456 3461 529 οὐράνιος
3489 455 3690 521 τέλειός

413 569 628 624 naturis
684 565 861 622 beatis
907 563 1121 625 virtus;
1177 559 1247 611 ita
1290 565 1347 611 ut
1390 556 1585 611 eadem
1637 553 1875 609 hominis
1924 553 1998 606 sit

415 663 616 725 virtus,
645 673 711 713 ac
744 656 861 710 Dei.
910 652 1065 708 Unde
1112 649 1271 705 nobis
1299 657 1631 720 prteceptum
1671 664 1683 697 :
1737 664 1755 697 ι
1813 645 2000 699 Estote

416 753 667 822 perfecti,
691 751 831 806 sicut
848 746 1009 802 Pater
1035 756 1214 800 vester
1235 742 1475 798 cmlestis
1494 739 1766 811 perfectus
1787 749 1869 793 est
1892 736 1960 789 7‘.
1975 755 1994 788 ι

414 846 553 902 Male
586 844 748 914 igitur
774 856 897 895 cum
937 852 1142 903 verme,
1175 837 1266 904 qui
1296 836 1349 888 in
1392 833 1507 887 luto
1542 833 1775 895 innatat,
1824 830 2000 884 bonus

414 946 470 994 et
490 937 670 1007 justus
692 938 1069 1001 comparatur,
1098 929 1239 981 male
1263 927 1384 995 pius
1409 940 1534 979 cum
1562 922 1817 983 formica,
1860 919 2000 971 male

2105 553 2243 615 ἐστι,
2283 569 2302 601 ι
2338 549 2719 621 διδασκόμεθα.
2766 548 2957 613 Οὐδεὶς
2998 545 3092 604 οῦν
3134 547 3298 612 καλὸς
3329 550 3425 601 καὶ
3468 547 3687 616 ἀγαθὸς,

2110 643 2323 714 σκώληξ
2359 643 2507 697 ἐστὶν
2540 642 2898 714 ὲννηχόμενος
2932 641 3176 713 βορϐόρῳ
3198 658 3211 670 ·
3246 640 3340 693 καὶ
3381 639 3554 702 οὐδεὶς
3598 640 3688 691 εύ-

2111 733 2276 805 σεϐἡς
2335 732 2594 805 μύρμηξ·
2644 734 2740 786 καὶ
2784 732 2959 796 οὐδεὶς
3002 732 3209 795 δίκαιος
3259 730 3564 803 βάτραχος·
3599 731 3691 782 καὶ

2106 825 2283 889 οὐδεὶς
2305 826 2384 897 τῷ
2425 826 2662 898 λαμπρῷ
2684 827 2822 895 φωτὶ
2868 826 2968 897 τῆς
2996 824 3253 894 ἀληθείας
3281 821 3690 895 κᾳταυγαζόμε·

2108 933 2197 980 νος
2226 918 2328 987 τὴν
2360 916 2537 987 ψυχὴν
2568 915 2844 987 νυκτερίδι
2883 914 2949 968 ἂν
2978 913 3213 982 εὐλόγως
3237 911 3659 985 παραϐάλλοιτω

408 1031 586 1099 justus
611 1043 736 1084 cum
766 1040 914 1080 rana.
955 1022 1124 1077 Nemo
1171 1020 1452 1091 splendida
1500 1016 1745 1072 veritatis
1798 1014 1917 1068 luce
1963 1011 2235 1081 perfusam
2283 1010 2489 1065 habens
2545 1010 2784 1063 animam
2852 1024 2973 1061 cum
3020 1007 3409 1077 vespertilione
3458 1002 3692 1060 conferri

414 1126 518 1183 nisi
547 1137 760 1178 summa
790 1119 993 1187 injuria
1020 1123 1228 1186 potest.

489 1215 584 1269 30.
625 1212 782 1279 Quod
829 1218 1015 1279 postea
1039 1206 1233 1262 Celsus
1262 1218 1475 1259 vermes
1523 1201 1728 1257 inducit
1781 1200 1865 1254 sic
1919 1198 1997 1253 lo-

412 1316 645 1379 quentes
685 1322 699 1357 :
751 1320 771 1352 ι
808 1300 919 1354 Nos
953 1299 1094 1352 Deus
1137 1297 1239 1350 sibi
1292 1294 1519 1349 omnino
1558 1293 1765 1347 similes
1788 1292 1936 1356 fecit,
1975 1310 1994 1343 ι

412 1401 480 1455 ad
518 1399 572 1452 id
626 1396 882 1451 inductus
917 1390 1053 1446 mihi
1098 1389 1271 1444 fuisse
1300 1389 1515 1442 videtur
1546 1384 1686 1439 male
1719 1384 2002 1440 intellecto

412 1492 517 1546 hoc
536 1486 768 1544 Genesis
810 1484 931 1538 loco
983 1499 998 1535 :
1036 1498 1054 1531 ι
1091 1480 1386 1534 Faciamus
1425 1479 1702 1533 hominem
1748 1477 1817 1531 ad
1860 1477 2000 1530 ima-

412 1583 593 1653 ginem
616 1588 673 1635 et
702 1575 1114 1632 similitudinem
1164 1582 1410 1627 nostram
1435 1570 1574 1622 "'7’.
1608 1569 1716 1624 Sed
1744 1568 1790 1621 si
1804 1567 2002 1623 "novis-

414 1681 500 1729 set
521 1670 647 1741 quid
680 1666 895 1723 intersit
924 1663 1264 1719 discriminis
1299 1663 1446 1716 inter
1486 1679 1505 1711 ι
1546 1659 1667 1713 ﬁeri
1721 1657 2001 1713 hominem

2176 1193 2333 1245 Δοκεῖ
2369 1190 2426 1243 δέ
2485 1208 2574 1261 μοι
2631 1189 3045 1261 παρακηκοέναι
3096 1187 3125 1240 ὁ
3172 1186 3379 1249 Κέλσος
3433 1183 3529 1237 καὶ
3578 1179 3691 1237 τοῦ,

2112 1302 2131 1335 ι
2172 1285 2498 1355 Ποιήσωμεν
2529 1283 2641 1354 (96)
2679 1283 2967 1353 ἄνθρωπον
2995 1280 3115 1334 κατ’
3144 1278 3329 1332 εἰκόνα
3374 1277 3469 1330 καὶ
3506 1272 3695 1345 ὁμοίω-

2111 1393 2195 1429 σιν
2223 1375 2501 1447 ἡμετέραν
2523 1393 2534 1405 ·
2578 1394 2596 1425 ι
2648 1374 2741 1427 καὶ
2777 1373 2931 1444 παρὰ
2982 1371 3142 1424 τοῦτο
3175 1366 3533 1437 πεποιηκέναι
3570 1366 3696 1428 τοὺς

2103 1466 2391 1540 σκώληκας
2444 1466 2721 1539 λέγοντας,
2762 1466 2845 1520 ὃτι
2895 1483 2916 1517 ι
2965 1464 3070 1517 ὑπὸ
3101 1460 3196 1515 τοῦ
3224 1459 3358 1514 Θεοῦ
3389 1457 3692 1528 γεγονότες,

2102 1557 2279 1629 πάντη
2349 1557 2540 1628 ἐσμὲν·
2589 1555 2739 1626 αύτῷ
2787 1555 2983 1625 ὅμοιοι.
3029 1571 3048 1605 ι
3100 1554 3164 1606 Εἰ
3225 1551 3408 1622 μέντοι
3467 1548 3696 1618 ἐγνώκει

2102 1648 2368 1721 διαφορὰν
2422 1647 2529 1702 τοῦ
2588 1649 2715 1702 κατ’
2765 1648 2971 1701 εἰκόνα
3032 1644 3180 1700 Θεοῦ
3238 1641 3547 1714 τεγυνέναι
3590 1640 3697 1693 τὸν

415 1767 484 1820 ad
538 1734 831 1832 imaginem
890 1760 1025 1826 Dei,
1096 1765 1149 1812 et
1199 1755 1319 1809 ﬁeri
1370 1754 1437 1808 ad
1486 1751 1940 1815 similitudinem;
1978 1768 1997 1801 ι

2112 1742 2422 1810 ἄνθρωπον
2477 1741 2628 1810 πρὸς
2663 1741 2771 1794 τὸν
2804 1740 2917 1812 (97)
2970 1741 3099 1795 καθ’
3124 1737 3428 1807 ὁμοίωσιν·
3475 1735 3570 1787 καὶ
3616 1734 3696 1786 ὃτι

414 1855 576 1927 523
611 1816 1025 1910 siuadvertisset'
1045 1850 1096 1903 in
1125 1846 1410 1914 Scriptura
1449 1844 1618 1896 Deum
1664 1841 1887 1910 quidem
1922 1839 2005 1893 di-

2112 1834 2524 1905 ἀναγέγραπται
2548 1833 2830 1904 εἰρηκέναι
2860 1831 3057 1896 όΘεὸς,
3087 1850 3105 1883 ι
3137 1831 3460 1900 Ποιήσωμεν
3490 1826 3699 1898 ἂνθρωο

411 1949 601 2003 xisse:
651 1965 670 1998 ‹
706 1944 997 2000 Faciamus
1034 1941 1314 1997 hominem
1352 1936 1419 1989 ad
1445 1934 1737 2005 imaginem
1765 1943 1821 1989 et
1848 1934 2006 1988 simi-

411 2042 697 2099 litudinem
756 2046 1045 2100 nostram,
1124 2054 1143 2086 I
1210 2033 1305 2088 sed
1352 2040 1535 2086 tamen
1587 2028 1734 2083 illum
1791 2042 2009 2083 creasse

420 2158 440 2192 ι
479 2139 546 2193 ad
575 2136 865 2207 imaginem
904 2131 1025 2197 Dei,
1070 2149 1089 2183 ι
1123 2141 1229 2182 non
1267 2141 1398 2181 vero
1426 2135 1553 2181 tunc
1584 2141 1603 2175 ι
1648 2123 1717 2176 ad
1752 2121 2008 2175 similitu-

414 2232 641 2295 dinem;
683 2248 702 2280 ι
742 2227 901 2283 nobis
929 2226 1047 2280 haec
1088 2217 1195 2278 noit
1224 2219 1569 2276 ascriberet:
1607 2235 1625 2268 ι
1661 2213 1898 2270 Omnino
1926 2213 2005 2267 si-

414 2323 572 2379 miles
624 2322 733 2376 Deo
764 2333 975 2375 sumus.
1017 2336 1036 2368 ι
1076 2313 1269 2384 Neque
1322 2312 1491 2367 etiam
1540 2310 1774 2364 dicimus
1800 2333 1818 2357 ι
1858 2315 2006 2359 astra

415 2415 573 2471 nobis
616 2427 738 2469 esse
787 2410 1030 2466 subdita.
1075 2428 1093 2458 ι
1132 2407 1265 2460 Nam
1317 2404 1595 2473 iustorum
1651 2397 2002 2462 resurrectio,

417 2522 536 2578 qua:
569 2505 698 2577 quid
746 2505 821 2559 sit
848 2502 1129 2571 sapientes
1160 2496 1496 2566 intelligunt,
1532 2492 1634 2548 soli
1681 2502 1737 2547 et
1767 2489 1908 2544 luna:
1952 2496 2007 2544 et

417 2599 582 2655 astris
635 2605 990 2667 comparatur
1041 2594 1110 2647 ab
1161 2587 1425 2659 Apostolo
1463 2603 1477 2641 :
1515 2605 1534 2638 ι
1586 2582 1751 2647 Alia,
1802 2580 2003 2653 inquit,

419 2695 643 2751 claritas
672 2693 827 2756 solis,
858 2690 963 2744 alia
992 2686 1218 2744 claritas
1246 2685 1387 2738 luna;
1410 2722 1425 2745 ,
1477 2680 1584 2734 alia
1613 2677 1842 2734 claritas
1872 2675 2005 2731 stel-

419 2788 619 2841 larum.
652 2784 820 2839 Stella
857 2782 1003 2837 enim
1039 2794 1068 2834 a
1110 2777 1269 2833 stella
1311 2773 1491 2829 ditl'ert
1526 2772 1583 2825 in
1619 2769 1896 2835 claritate,
1926 2765 2008 2820 sic
2056 2818 2063 2825 ,

422 2886 477 2932 et
509 2874 838 2933 resurrectio
871 2880 1212 2926 mortuorum
1241 2866 1309 2920 τι.
1344 2883 1362 2916 ι
1391 2865 1469 2921 De
1499 2862 1587 2916 his
1624 2860 1815 2915 eodem
1836 2857 2004 2912 etiam

424 2971 586 3023 modo
624 2966 735 3037 jam
768 2964 900 3019 olim
943 2961 1132 3015 Daniel
1164 2956 1494 3012 vaticinatus
1535 2952 1715 3008 fuerat
1734 2950 1804 3002 ⁷⁸.
1838 2947 2009 3002 Addit

420 3058 613 3114 Celsus
672 3069 774 3110 nos
817 3052 1002 3106 dicere
1045 3068 1059 3103 :
1115 3068 1133 3101 ι
1170 3048 1360 3103 Omnia
1412 3044 1574 3099 nobis
1615 3040 1826 3096 servire
1853 3037 2007 3107 jnssa

425 3157 573 3205 sunt.

426 3241 575 3297 tibus
632 3236 760 3291 talia
814 3234 998 3290 dicere
1053 3230 1261 3286 audivit
1305 3247 1319 3283 :
1370 3228 1605 3282 fortasse
1657 3222 1824 3279 etiam
1902 3235 2007 3276 ne-

423 3331 586 3388 scivit
618 3328 772 3384 nobis
824 3325 1137 3381 mandatum
1188 3336 1331 3384 esse,
1383 3329 1443 3372 nt
1482 3318 1726 3373 omnium
1774 3315 1848 3370 sit
1884 3327 2008 3368 ser-

424 3439 528 3480 vus
552 3422 643 3494 qui
674 3422 817 3477 inter
847 3434 945 3474 nos
975 3428 1060 3474 est
1107 3414 1284 3484 major
1323 3413 1394 3468 ⁷⁸.
1430 3411 1634 3467 Deinde
1664 3426 1787 3468 cum
1826 3407 2004 3465 Graeci

426 3517 614 3572 dicunt
639 3530 655 3568 :

571 3604 686 3671 Sol,
723 3619 852 3667 nox,
882 3612 1099 3671 uterque
1127 3598 1361 3653 serviunt
1402 3593 1718 3650 mortalibus
1752 3594 1822 3660 ’⁷,

427 3697 631 3751 dictum
670 3692 901 3747 laudant
939 3698 997 3745 et
1047 3686 1462 3744 commentariis
1513 3685 1813 3741 illustrant.
1854 3684 2001 3740 Idem

429 3802 527 3842 nos
576 3786 692 3840 sive
735 3797 842 3837 non
894 3780 1161 3844 dicamus,
1198 3778 1316 3832 sive
1357 3776 1479 3831 aliis
1511 3775 1698 3830 verbis
1731 3774 2005 3839 dicamus,

426 3876 655 3948 perinde
699 3884 780 3929 est
805 3871 988 3936 Celso,
1021 3880 1081 3924 ut
1129 3869 1289 3924 nobis
1345 3867 1598 3923 intendat
1648 3865 1822 3921 litem.
1850 3866 2006 3936 Apud

427 3969 580 4024 illum
616 3980 734 4030 nos,
772 3978 909 4033 quos
933 3961 1264 4016 vermiculos
1291 3968 1470 4029 putat,
1503 3958 1583 4013 sic
1614 3958 2005 4027 loquebamur:

434 4078 455 4111 ι
510 4055 957 4126 Quandoquidem
1004 4062 1133 4108 sunt
1178 4053 1321 4105 inter
1371 4066 1491 4114 nos,
1542 4048 1638 4118 qui
1680 4063 1739 4102 se
1768 4049 2008 4117 peccatis

429 4150 831 4214 contaminant,
869 4149 1013 4202 Deus
1045 4144 1261 4208 veniet,
1306 4151 1400 4197 aut
1442 4141 1620 4196 mittet
1656 4139 1890 4203 Filium,
1952 4147 2011 4192 ut

429 4244 665 4301 ﬂammis
698 4241 918 4297 addicat
949 4238 1142 4308 impios
1167 4276 1182 4302 ,
1212 4246 1267 4290 et
1299 4249 1397 4289 nos
1444 4247 1592 4287 ranae
1630 4230 1853 4299 reliquae
1882 4244 2008 4283 cum

431 4339 551 4409 ipso
610 4345 816 4391 aeterna
868 4333 981 4386 vita
1026 4331 1295 4385 fruamur.
1349 4346 1369 4379 ι
1409 4325 1542 4381 Vide
1584 4331 1643 4378 ut
1694 4338 1884 4377 scurra
1918 4321 2009 4378 ille

429 4430 747 4485 doctrinam
777 4428 844 4482 de
880 4424 1066 4480 divino
1108 4421 1338 4492 judicio,
1371 4418 1439 4473 de
1480 4414 1765 4485 suppliciis
1809 4414 2006 4484 impio-

2109 1945 2209 1980 πον
2241 1928 2360 1979 κατ’
2419 1928 2603 1980 εἰκόνα
2640 1926 2733 1979 καὶ
2763 1926 3021 1997 ὁμοίωσιν
3064 1925 3368 1995 ἡμετέραν*
3412 1941 3432 1973 ι
3470 1919 3698 1989 ἐποίησε

2107 2019 2151 2072 δ’
2189 2021 2218 2072 ό
2261 2018 2394 2082 Θεὸς
2431 2018 2524 2071 τὸν
2562 2018 2847 2090 ἄνθρωπον
2891 2037 2909 2069 ι
2947 2017 3067 2070 κατ’
3113 2017 3297 2069 εἰκόνα
3329 2013 3486 2076 Θεοῦ,
3526 2032 3546 2063 ι
3584 2011 3697 2065 ἀλλ’

2107 2112 2228 2182 ούχὶ
2250 2110 2342 2164 καὶ
2371 2130 2390 2162 ι
2428 2108 2550 2165 καθ’
2584 2110 2849 2181 ὁμοίωσιν
2892 2129 2910 2161 ι
2949 2109 3047 2180 ἤδη
3069 2127 3082 2139 ·
3119 2109 3218 2161 οὐκ
3248 2106 3313 2161 ἂν
3345 2106 3515 2158 ἐποίει
3548 2104 3696 2175 ἡμᾶς

2107 2202 2365 2270 λέγοντας
2390 2242 2405 2266 ,
2457 2204 2540 2256 ὅτι
2580 2222 2598 2253 ι
2641 2202 2819 2275 πάντη
2854 2202 3028 2273 ὅμοιοί
3078 2203 3244 2271 ἐσμεν
3284 2198 3362 2270 τῷ
3391 2196 3530 2268 Θεῷ.
3571 2216 3589 2247 ι
3620 2196 3694 2249 Ού

2107 2292 2338 2362 λέγομεν
2366 2293 2410 2346 δ’
2440 2288 2524 2347 ὅτι
2550 2293 2918 2364 ὑποϐέϐληται
2948 2294 3080 2364 ἡμῖν
3110 2292 3202 2345 καὶ
3229 2289 3297 2343 τὰ
3328 2290 3506 2359 ἄστρα
3524 2304 3538 2317 ⁸
3575 2285 3697 2339 ἐπεὶ

2108 2386 2142 2457 ἡ
2177 2384 2286 2438 τῶν
2314 2384 2536 2438 δικαίων
2563 2385 2831 2456 λεγομένη
2863 2384 3180 2446 ἀνάστασις,
3210 2382 3302 2435 καὶ
3336 2380 3441 2433 ὑπὸ
3471 2378 3582 2432 τῶν
3610 2395 3700 2431 σο-

2109 2474 2224 2546 φῶν
2257 2474 2551 2546 νοουμένη,
2588 2475 2997 2547 παραϐάλλεται
3044 2473 3181 2545 ἡλίῳ
3227 2472 3319 2526 καὶ
3366 2471 3566 2542 σελήνῃ
3604 2470 3700 2523 καὶ

2107 2566 2331 2637 ἄστροις
2356 2566 2461 2620 ὑπὸ
2492 2566 2585 2619 τοῦ
2620 2567 2920 2636 φάσκοντος
2944 2584 2957 2596 ·
2995 2584 3014 2617 ‹
3052 2564 3221 2636 Ἀλλη
3247 2564 3372 2630 δόξα
3406 2563 3580 2634 ⁴ἡλίου,
3601 2562 3701 2617 καὶ

2108 2658 2243 2729 άλλη
2290 2658 2418 2724 δόξα
2459 2659 2721 2730 σελήνης,
2753 2660 2848 2713 καὶ
2895 2658 3027 2730 ἄλλη
3058 2658 3184 2725 δόξα
3211 2658 3454 2729 ἀστέρων
3478 2673 3491 2686 ·
3522 2655 3699 2727 ἀστὴρ

2108 2751 2217 2822 γὰρ
2249 2750 2475 2822 ἀστέρος
2499 2749 2746 2821 διαφέρει
2773 2752 2830 2803 ὲν
2853 2749 3009 2824 δόξῃ,
3041 2748 3184 2802 οὕτω
3211 2748 3304 2801 καὶ
3340 2750 3373 2818 ἡ
3402 2746 3699 2809 ἀνάστασις

2106 2840 2215 2895 τῶν
2247 2841 2459 2913 νεκρῶν
2486 2858 2499 2871 ·
2544 2861 2565 2893 ι
2605 2842 2699 2895 καὶ
2742 2840 2836 2894 τοῦ
2869 2840 3064 2912 Δανιὴλ
3110 2841 3241 2911 περὶ
3282 2838 3485 2892 τούτων
3528 2836 3737 2891 πάλαι.

2109 2933 2608 3005 προφητεύσαντος.
2653 2934 2791 3005 Φησὶ
2834 2932 2877 2985 δ’
2910 2934 3060 3004 ἡμᾶς
3108 2931 3309 3000 λέγειν,
3341 2931 3421 2984 ὅτι
3455 2950 3473 2980 ι
3517 2928 3699 2983 πάντα

2108 3023 2241 3093 ἡμῖν
2281 3021 2550 3075 δουλεύειν
2592 3023 2880 3076 τέτακται.
2928 3041 2946 3073 ι
2985 3021 3138 3092 Τάχα
3182 3020 3281 3092 μὲν
3318 3020 3418 3073 οὐκ
3459 3019 3701 3080 ἀκούσας

639 3165 660 3198 ι
714 3144 972 3200 Fortasse
1024 3140 1312 3194 netninem
1394 3152 1427 3191 ο
1496 3133 1702 3189 nostris
1770 3130 2003 3200 sapien-

2112 3113 2218 3166 τῶν
2253 3113 2311 3166 ὲν
2335 3114 2467 3183 ἡμῖν
2493 3113 2730 3168 συνετῶν
2760 3112 2987 3168 τοιαῦτα
3008 3112 3274 3182 λεγόντων
3293 3130 3307 3143 ·
3338 3113 3481 3182 τάχα
3504 3111 3562 3164 δὲ
3604 3110 3702 3163 καὶ

2114 3205 2190 3277 μὴ
2236 3205 2599 3276 ἐπιστάμενος
2649 3204 2768 3269 πῶς
2826 3205 3075 3259 λέλεκται
3120 3205 3337 3259 πάντων
3384 3199 3525 3257 εἶναι
3568 3201 3702 3256 δοῦ-

2107 3298 2199 3351 λον
2230 3298 2321 3351 τὸν
2347 3299 2404 3351 ὲν
2437 3300 2567 3368 ἡμῖν
2606 3295 2847 3370 μείζονα.
2889 3298 3000 3353 Καὶ
3046 3294 3141 3350 ἐὰν
3179 3295 3279 3367 μὲν
3322 3294 3580 3366 Ἕλληνες
3609 3291 3703 3345 λέ-

2108 3407 2299 3460 γωσιν,

2176 3584 2301 3649 Εἶθ’
2331 3587 2507 3657 ἥλιος
2537 3586 2648 3663 (98)
2659 3587 2797 3658 μὲν,
2821 3586 2936 3653 νύξ
2966 3603 3031 3642 τε·
3058 3585 3334 3641 δουλεύει
3350 3581 3593 3652 βροτοῖς
3609 3599 3623 3612 ·

2108 3681 2498 3746 ἐπαινέσαντες
2537 3681 2599 3735 τὸ
2655 3681 2976 3753 λεγόμενον,
3015 3680 3110 3734 καὶ
3158 3676 3472 3750 διηγοῦνται
3522 3674 3657 3728 αὐτό
3679 3690 3695 3705 °

2109 3771 2248 3825 ἐπὰν
2271 3772 2329 3826 δὲ
2360 3772 2423 3826 τὸ
2454 3772 2703 3827 τοιοῦτον
2728 3773 2761 3846 ἢ
2796 3771 2871 3844 μὴ
2897 3771 3122 3843 λέγηται
3153 3771 3296 3843 (99),
3330 3771 3364 3842 ἢ
3405 3769 3582 3833 ἄλλως
3606 3768 3697 3823 λέ-

2110 3879 2307 3935 γηται,
2344 3868 2673 3935 συκοφαντεῖ
2719 3867 2869 3937 ἡμᾶς
2898 3867 2927 3919 ό
2971 3864 3180 3928 Κέλσος
3217 3863 3313 3918 καὶ
3344 3863 3438 3917 ἐπὶ
3464 3862 3693 3925 τούτοις.

2124 3956 2414 4028 Ἐλέγομεν
2441 3957 2499 4011 δὲ
2544 3957 2695 4029 παρὰ
2725 3958 2803 4029 τῷ
2837 3958 3030 4028 Κέλσῳ
3065 3958 3246 4028 ἡμεῖς,
3281 3957 3331 4009 οἱ
3379 3957 3500 4009 κατ’
3534 3955 3696 4008 αὐτὸν

2112 4046 2412 4120 σκώληκες,
2447 4050 2550 4113 ὅτι,
2592 4068 2610 4099 ι
2657 4048 2808 4102 Ἐπεί
2836 4063 2982 4111 τινες
3007 4048 3065 4101 ὲν
3097 4048 3228 4118 ἡμῖν
3262 4044 3692 4117 πλημμελοῦσιν,

2111 4139 2360 4208 ἀφίξεται
2387 4140 2525 4213 πρὸς
2558 4142 2705 4211 ἡμᾶς
2733 4141 2761 4193 ὁ
2794 4140 2946 4203 Θεὸς,
2976 4139 3009 4211 ἢ
3046 4138 3248 4209 πέμψει
3276 4136 3368 4191 τὸν
3404 4137 3531 4191 Υἱὸν
3569 4136 3695 4190 tau-

2109 4228 2227 4294 τοῦ,
2263 4230 2352 4283 ἵνα
2376 4229 2690 4302 καταφλέξῃ
2713 4229 2839 4294 τοὺς
2871 4230 3107 4294 ἀδίκους,
3129 4228 3179 4282 οἱ
3209 4227 3268 4282 δὲ
3293 4226 3470 4280 λοιποὶ
3502 4214 3697 4298 βάτρα-

2108 4337 2194 4391 χοι
2229 4324 2326 4377 σὺν
2369 4322 2518 4395 αύτῷ
2562 4322 2674 4393 βίον
2703 4320 2917 4376 αἰώνιον
2949 4321 3180 4392 ἔχωμεν.
3224 4339 3243 4372 ›
3281 4319 3392 4373 Καὶ
3429 4320 3533 4391 ὅρα
3580 4318 3696 4382 πῶς

2110 4416 2186 4480 ὡς
2222 4415 2533 4487 βωμολόχος
2570 4415 2669 4488 τὴν
2702 4414 2830 4485 περὶ
2868 4415 3102 4486 κρίσεως
3150 4412 3303 4476 θείας
3336 4410 3691 4481 ἀπαγγελίαν,

430 4534 576 4584 rmn,
596 4520 664 4575 de
692 4519 968 4589 iustorum
1001 4513 1264 4584 prmmiis,
1296 4508 1609 4572 cavilletur,
1640 4506 1890 4570 irrideat,
1911 4519 2005 4560 ex-

2113 4509 2209 4563 καὶ
2235 4510 2364 4580 περὶ
2387 4509 2664 4573 κολάσεως
2702 4508 2799 4580 μὲν
2832 4507 2933 4579 τῆς
2966 4505 3107 4560 κατὰ
3131 4504 3240 4560 τῶν
3264 4505 3486 4570 ἀδίκων,
3519 4504 3694 4575 γέρως

431 4610 635 4667 sibilet.
688 4609 922 4665 Gravem
968 4603 1392 4678 philosophum!
1443 4600 1689 4655 Tandem
1732 4598 2009 4654 concludit

537 4724 583 4755 τί
617 4720 874 4785 Matth.v,
902 4718 993 4774 18.
1099 4716 1223 4756 ⁷⁸⁵⁸⁷³
1256 4715 1394 4771 Gen.
1429 4728 1469 4778 ι,
1498 4712 1591 4765 26.

431 4794 598 4863 ripid.
629 4787 884 4842 Pltmniss.

430 4913 541 4983 pie,
575 4907 841 4983 hominis
862 4916 917 4964 et
968 4906 1060 4962 Dei
1091 4905 1336 4983 eamdem
1391 4917 1546 4983 esse-
1573 4901 1805 4980 dicimus
1836 4901 2007 4983 virtu-

435 4968 568 5036 ἶοηί.
599 4999 619 5033 ι
654 4978 1013 5042 Theodoret.,
1058 4991 1223 5030 serm.
1270 4975 1358 5036 11,
1411 4972 1485 5042 De
1510 4970 1616 5042 ﬁne
1643 4981 1692 5024 et
1730 4968 1953 5042 judicio
1987 4986 2006 5022 :

444 5051 653 5104 Ἐκεῖνο
700 5047 759 5101 δέ
804 5065 868 5117 γε
915 5037 1092 5117 αὐτῶν
1141 5037 1641 5117 κομιδῆμτολμηρόν
1663 5056 1676 5069 ο
1710 5037 2005 5117 ⁵ἀνθρῴχιοιέ

434 5122 544 5192 γάρ
568 5137 651 5175 τοι
682 5120 775 5173 καὶ
810 5108 959 5192 ῘΘεοῦ
988 5116 1088 5192 τῂν
1118 5108 1298 5192 ἀὐτὴν
1322 5108 1781 5192 ἔλεγόνᾟρᾳῄν.
1820 5108 1840 5162 i
1875 5108 2006 5163 Illud

434 5181 569 5248 vero
597 5190 912 5247 eorumdem
942 5181 1201 5241 audacius
1227 5181 1311 5239 est
1336 5183 1538 5236 dictum
1568 5181 1716 5235 :Dei
1767 5194 2007 5247 namque

434 5272 491 5387 (ἐι
562 5260 800 5318 hominis
852 5257 1098 5315 eamdem
1160 5254 1416 5308 virtutem
1472 5265 1594 5305 esse
1664 5249 2002 5305 asserebant.

479 5348 704 5387 PENCER.

479 5348 704 5389 PENCER.

508 5405 622 5475 (96)
653 5402 743 5475 Sic
774 5400 956 5475 etiam
1007 5396 1146 5475 infra
1199 5391 1577 5462 manuscripti.
1628 5388 1778 5444 Libri
1827 5395 2008 5443 autem

434 5470 568 5529 editi
603 5470 1244 5542 utrobiqueﬁtocqaqpsv,

509 5527 942 5616 caumate.
965 5527 1077 5616 ssé-
1106 5527 1262 5616 lies“.
1280 5531 1618 5616 Bohersllus.
1643 5527 1876 5616 ερδςςές
1899 5535 2004 5616 εις-

511 5597 940 5682 ζοώιξίιιυῑρωίέ
965 5610 1097 5667 libb.
1134 5597 1288 5674 editi,
1323 5600 1423 5659 εἷθ’
1452 5597 1619 5666 ἆλιοςζ
1652 5597 1876 5657 Rectius
1902 5597 2008 5652 Eu-

444 5685 645 5748 ripides
677 5685 728 5736 in
760 5682 1020 5736 thniss.
1034 5697 1052 5734 :

514 5754 742 5817 Νυκτός
776 5755 826 5804 τ’
854 5753 1108 5821 ἀφεγγὲς
1127 5749 1457 5818 βλέφαρον,
1493 5746 1670 5821 ἡλίου
1699 5758 1764 5799 τε
1791 5741 1935 5813 φῶς,

515 5822 686 5874 ἰο-ον
707 5819 1101 5885 βαδίζειντὸν
1125 5821 1434 5875 ἐνιαύσιον
1463 5820 1711 5884 κύκλον,

1696 4710 1781 4762 ⁷⁸1
1813 4712 1942 4767 Cor.
1972 4728 2064 4777 xv,
2094 4713 2185 4768 41.

2115 4601 2174 4654 δὲ
2196 4599 2292 4654 τοῦ
2321 4602 2402 4664 είς
2429 4601 2556 4665 τοὺς
2596 4600 2858 4664 δικαίους,
2892 4600 2972 4662 είς
3000 4596 3197 4669 χλεύην
3235 4596 3331 4651 καὶ
3359 4595 3574 4664 γέλωτα
3601 4592 3694 4648 καὶ

2293 4715 2340 4746 ⁷⁸
2380 4714 2521 4771 Dan.
2559 4712 2737 4779 xn,3.
2846 4712 2893 4746 "
2933 4711 3125 4767 Matth.
3170 4726 3262 4777 sx,
3289 4710 3381 4767 27,.
3510 4707 3557 4741 "
3581 4706 3692 4762 Eu-

2188 4900 2258 4969 K:
2287 4898 2605 4969 οὐδέτερον
2630 4897 2840 4953 αὐτοῖο⁸
2865 4898 3093 4969 φθόνον
3114 4896 3248 4969 ἔχει
3274 4891 3621 4969 νικῴμενον.

2186 4965 2311 5024 Εἴθ’
2343 4962 2515 5037 mm}
2538 4968 2655 5038 μὲν
2676 4969 2793 5033 νύξ
2818 4962 2883 5022 τέ
2906 4962 3460 5038 δουλεύει,βροτοῖς⁵

2185 5040 2270 5120 ξὺ
2281 5109 2290 5120 Ι
2303 5039 2356 5092 δ’
2367 5032 2503 5120 '33):-
2512 5032 2715 5120 ’ἀνέξῃ
2749 5032 3034 5120 δωμάτων
3061 5032 3219 5102 ἔχων
3241 5032 3403 5101 ἴσον,

2185 5109 2297 5164 Καὶ
2318 5108 2453 5175 τῷδ’
2492 5109 2873 5180 ἀπονειμεῖς;
2910 5117 3018 5164 etc.

2189 5197 2584 5281 Obscuramque
2614 5202 2916 5281 palpebram
2947 5198 3136 5281 noctis,
3165 5206 3215 5252 et
3234 5196 3424 5281 tamen
3453 5194 3599 5278 solis,

2118 5270 2165 5342 ιλ
2172 5282 2188 5324 ι
2211 5263 2797 5342 wqualiler'_circuifent
2817 5285 3053 5342 annuum
3078 5267 3361 5342 circinum,
3378 5263 3682 5342 constituit.

2118 5339 2185 5394 Et
2219 5335 2460 5394 neutrum
2494 5340 2681 5394 horum
2712 5340 2940 5393 duorum
2971 5340 3166 5393 victum
3206 5337 3403 5392 invidet
3445 5335 3616 5390 alteri.

2115 5412 2281 5480 Atque
2312 5409 2388 5462 ita
2413 5411 2489 5463 sol
2512 5420 2559 5464 et
2594 5425 2701 5463 nox
2723 5409 2957 5480 serviunt
2986 5408 3304 5472 hominibus,

2120 5478 2203 5534 Tu’
2240 5489 2413 5533 autem
2447 5496 2552 5536 non
2590 5478 2869 5536 sustinebis
2910 5480 3101 5533 habere
3140 5492 3343 5549 (equam
3382 5488 3586 5548 partem

2938 5581 2951 5593 ‘
3454 5563 3597 5602 ream

2113 5623 2184 5677 Et
2210 5624 2334 5678 huic
2359 5621 2587 5676 tribuere
2613 5636 2763 5675 suam
2787 5620 3035 5690 partem?
3064 5617 3325 5676 Srmvcen.
3454 5563 3618 5618 ηψπ,

2186 5736 2303 5807 (99)
2346 5735 3305 5807 Guiet0‘_scribendum__videbatnr,
3358 5732 3495 5787 ἐπὰν
3537 5729 3597 5787 δέ
3633 5745 3683 5783 τι

2119 5804 2411 5878 τοιοῦτονῆ
2444 5806 2541 5877 μὲν
2573 5804 2853 5878 λέγηταιῆ
2888 5804 3062 5869 ἄλλως
3095 5805 3337 5875 λέγηται.
