3986 6164
303 313 444 368 1075

1472 305 1751 362 CONTRA
1788 301 2069 360 CELSUM
2106 275 2236 355 LIB.
2272 297 2355 354 ιν.

3415 295 3568 350 1074

298 428 596 500 διασυρμδν
621 427 848 498 ἤνεγκεν
876 429 904 480 ό
937 427 1129 498 σεμνὸς
1163 426 1464 494 φιλόσοφος.
1502 425 1611 476 Καὶ
1639 421 1876 489 ἐπιλέγει

1989 439 2007 470 ε
2038 417 2210 488 magis
2235 418 2353 470 haec
2389 412 2611 468 ferenda
2637 425 2779 477 esse,
2802 411 2847 464 si
2876 425 3085 485 vermes
3118 411 3261 464 inter
3285 419 3339 464 et
3365 428 3548 474 ranas,

299 519 434 569 πᾶσι
479 514 720 578 τούτοις’
777 532 796 564 ι
857 512 1081 566 Ἀνεκτᾶι
1127 507 1264 562 εἶναι
1309 508 1506 580 μᾶλλον
1551 507 1723 560 ταῦτα
1775 506 1881 558 ὑπὸ

300 607 597 677 σκωλήκων
628 606 722 658 καὶ
753 605 1035 675 βατράχων
1078 602 1344 672 λεγόμενα
1381 600 1414 670 ἦ
1470 599 1573 652 ὑπὸ
1616 597 1880 651 Ἰουδαίων

297 699 391 751 καὶ
420 696 760 768 Χριστιανῶν
792 695 927 766 πρὸς
961 693 1225 772 ἀλλήλους*
1249 691 1654 762 διαφερομένων
1699 691 1879 756 ἀπαγ-

296 788 614 858 γελλόμενα.
653 807 672 837 ι
718 785 854 838 Ἀλλ’
895 785 955 838 οὐ
990 782 1344 856 μιμησόμεθά
1391 797 1456 850 γε
1490 781 1648 833 αὐτὸν
1697 781 1878 849 ἡμεῖς,

295 881 415 934 οὐδέ
444 879 674 951 ἐροῦμεν
702 878 772 931 τά
803 877 1156 948 παραπλήσια
1190 874 1318 946 περὶ
1343 873 1450 927 τῶν
1481 873 1580 944 τὴν
1609 870 1720 924 τῶν
1744 870 1880 922 δλων

296 971 460 1040 φύσιν
481 965 986 1040 ’ἐπαγγελλομένων
1019 966 1214 1020 εἰδέναι
1248 965 1550 1035 φιλοσόφων
1571 1003 1585 1028 ,
1619 963 1712 1016 καὶ
1746 957 1882 1030 πρὸς

295 1063 559 1134 ἀλλήλους
590 1060 982 1131 διαλεγομένων
1025 1059 1154 1131 περὶ
1193 1056 1288 1110 τοῦ
1311 1097 1326 1122 ,
1361 1057 1483 1111 τίνα
1511 1055 1710 1128 τρόπον
1755 1071 1880 1106 συν-

297 1151 428 1221 έστη
471 1149 541 1204 τὰ
583 1150 683 1205 ὅλα
706 1189 720 1214 ,
750 1149 845 1203 καὶ
875 1149 1096 1217 γέγονεν
1124 1149 1152 1202 ὁ
1181 1146 1409 1218 οὐρανὸς
1437 1146 1532 1199 καὶ
1562 1145 1634 1214 γῆ
1653 1183 1668 1207 ,
1697 1144 1788 1196 καὶ
1815 1141 1906 1198 τά,

295 1243 354 1295 ἐν
382 1245 566 1306 αὐτοῖς
599 1243 777 1297 πάντα
795 1258 810 1272 ·
837 1242 930 1296 καὶ
957 1241 1034 1304 ὼς
1060 1241 1115 1293 αἱ
1143 1239 1314 1309 ψυχαὶ
1335 1239 1454 1308 ήτοι
1489 1236 1777 1306 ἀγέννητοι
1804 1233 1881 1304 (1)

294 1329 451 1387 οὖσαι
473 1335 566 1387 καὶ
597 1333 671 1404 μὴ
699 1332 805 1387 ὑπὸ
825 1331 960 1385 Θεοῦ
990 1321 1317 1396 κτισθεῖσαι,
1346 1327 1767 1399 διακοσμοῦνται
1790 1327 1882 1378 ὑπ’

295 1423 461 1476 αὐτοῦ
495 1425 590 1477 καὶ
617 1423 906 1494 ἀμείϐουσι
954 1421 1184 1493 σώματα
1207 1438 1221 1451 ο
1257 1421 1290 1492 ἢ
1319 1462 1332 1485 ,
1369 1421 1734 1490 συσπαρεῖσαι
1771 1419 1884 1479 τοῖς

297 1499 583 1583 σώμασιν,
645 1513 1123 1582 ἐπιδιαμένουσιν,
1174 1511 1208 1582 ἢ
1272 1511 1372 1562 οὐκ
1425 1508 1881 1578 ἐπιδιαμένουσιν.

311 1602 563 1656 Ἐδύνατο
587 1602 696 1674 γάρ
723 1620 808 1666 τις
841 1604 934 1656 καὶ
979 1601 1152 1656 ταῦτα
1177 1643 1191 1664 ,
1243 1601 1364 1655 ἀντὶ
1402 1599 1495 1652 τοῦ
1540 1599 1882 1668 σεμνολογεῖν

295 1694 393 1746 καὶ
426 1692 795 1762 ,ἀποδέχεσθαι
836 1693 935 1764 τὴν
983 1693 1302 1764 προαίρεσιν
1339 1691 1447 1743 τῶν
1493 1689 1572 1760 τῷ
1612 1689 1882 1752 ἐξετάζειν

292 1783 394 1853 τὴν
427 1783 680 1854 ἀλήθειαν
715 1785 940 1847 ἐαυτοὺς
978 1781 1422 1844 ἀνατεθεικότων,
1468 1779 1743 1850 χλευάζων
1786 1779 1880 1830 καὶ
1915 1767 1955 1824 Β

293 1872 606 1940 κακολογῶν
634 1873 884 1942 φάσκειν,
919 1876 1001 1927 ὅτι
1037 1873 1315 1943 σκώληκές
1346 1875 1480 1925 εἰσιν
1509 1867 1651 1924 οὗτοι
1689 1872 1745 1924 ἐν
1779 1887 1882 1937 γω-

294 1962 385 2034 νίᾳ
411 1961 504 2016 τοῦ
534 1963 590 2016 ἐν
621 1962 698 2034 τῷ
744 1963 841 2034 βίῳ
866 1964 973 2016 τῶν
1002 1962 1312 2035 ἀνθρώπων
1348 1961 1608 2034 βορϐόρου
1653 1960 1879 2024 ἑαυτοὺς

298 2052 377 2124 μὴ
417 2051 772 2126 μετροῦντες,
816 2057 910 2108 καὶ
960 2054 1050 2108 διὰ
1084 2053 1242 2107 τοῦτο
1278 2053 1700 2122 ἀποφαινόμενοι
1754 2052 1880 2122 περὶ

293 2145 406 2199 τῶν
439 2145 770 2217 τηλικούτων
793 2186 808 2212 ,
849 2146 925 2210 ὠς
967 2147 1383 2218 κατειληφότες·
1432 2147 1526 2201 καὶ
1557 2147 1638 2199 ὅτι
1663 2145 1878 2214 λέγουσι

292 2239 681 2309 διατεινόμενοι
706 2240 782 2304 ὡς
801 2241 1204 2312 τεθεωρηκότες
1228 2241 1357 2312 περὶ⁵
1387 2239 1748 2311 πραγμάτων,
1771 2237 1879 2290 τῶν

298 2330 375 2402 μὴ
408 2331 717 2402 δυναμένων
755 2332 924 2402 χωρὶς
951 2330 1235 2393 ἐπιπνοίας
1276 2331 1585 2402 κρείττονος
1622 2332 1717 2382 καὶ
1741 2329 1879 2382 θειο-

290 2420 458 2493 τέρας
487 2422 770 2492 δυνάμεως
799 2422 1157 2494 θεωρηθῆναι.
1199 2443 1216 2473 ‹
1259 2422 1449 2492 Οὐδεὶς
1481 2421 1592 2492 γὰρ
1632 2417 1771 2474 οἶδεν
1802 2419 1878 2491 (2)

293 2511 599 2586 ἀνθρώπων
644 2513 712 2567 τά
753 2514 847 2568 τοῦ
897 2513 1183 2586 ἀνθρώπου
1218 2515 1266 2566 εί
1309 2513 1385 2584 μὴ
1433 2513 1496 2566 τὸ
1539 2511 1758 2583 πνεῦμα
1783 2511 1878 2564 τοῦ

292 2602 583 2674 ἀνθρώπου
607 2603 668 2656 τὸ
696 2606 753 2658 ἐν
785 2603 933 2674 αύτῷ
960 2621 973 2634 ο
1007 2603 1148 2656 οὕτω
1177 2604 1272 2657 καὶ
1315 2603 1383 2656 τὰ
1414 2601 1508 2655 τοῦ
1538 2602 1672 2654 Θεοῦ
1705 2602 1879 2665 οὐδεὶς

294 2693 532 2760 ἕΥνωκεν
558 2695 607 2746 εἰ
634 2694 708 2766 μὴ
739 2695 800 2748 τὸ
825 2693 1039 2765 πνεῦμα
1071 2693 1166 2747 τοῦ
1218 2694 1375 2748 Θεοῦ·
1425 2715 1443 2745 ι
1493 2693 1636 2746 Ἀλλ’
1687 2694 1746 2746 ού
1785 2711 1879 2764 με-

297 2784 588 2854 μήναμεν,
622 2785 743 2838 οὐδὲ
797 2785 894 2857 τὴν
940 2785 1273 2857 τηλικαύτην
1313 2784 1615 2856 ἀνθρώπων
1664 2785 1877 2839 σύνεσιν

293 2873 620 2948 (κοινότερον
646 2877 701 2929 δὲ
725 2876 865 2944 λέγω
889 2876 1142 2946 σύνεσιν,)
1168 2876 1557 2948 ἀσχοληθεῖσαν
1569 2878 1628 2930 ού
1656 2878 1783 2948 περὶ
1809 2877 1878 2930 τά

291 2966 400 3019 τῶν
427 2966 668 3031 πολλῶν,
702 2967 838 3021 ἀλλά
873 2969 1000 3038 περὶ
1046 2967 1142 3038 τὴν
1163 2968 1406 3032 ἐξέτασιν
1449 2970 1548 3039 τῆς
1591 2968 1872 3039 ἀληθείας,

293 3060 557 3130 κινήμασι
591 3059 888 3131 σκωλήκων
925 3061 957 3130 ἢ
994 3060 1168 3114 ἄλλων
1204 3061 1365 3113 τινῶν
1402 3060 1661 3113 τοιούτων
1697 3078 1876 3132 παρα-

294 3149 597 3221 ϐάλλομενο
646 3135 955 3222 φιλαληθῶς
1000 3151 1055 3204 δὲ
1107 3151 1235 3222 περί
1274 3167 1436 3205 τινων
1490 3150 1876 3222 μαρτυροῦμεν

308 3240 575 3311 Ἑλλήνων
603 3241 924 3310 φιλοσόφων,
942 3243 1028 3294 ὅτι
1051 3242 1368 3311 ἐπέγνωσαν
1397 3242 1486 3295 τὸν
1517 3242 1670 3306 Θεὸν,
1711 3262 1727 3292 ι
1760 3244 1881 3296 ἐπεὶ

295 3333 326 3384 ὁ
358 3331 489 3394 Θεὸς
531 3333 714 3396 αὐτοῖς
757 3333 1132 3404 ἐφανέρωσεν·
1187 3353 1206 3385 ι
1259 3335 1307 3387 εί
1341 3336 1436 3387 καὶ
1480 3354 1498 3385 ι
1541 3335 1614 3404 μὴ
1643 3335 1718 3397 ὡς
1747 3333 1879 3388 Θεὸν

297 3423 554 3487 ἐδόξασαν
577 3463 592 3489 ,
638 3425 671 3497 ἦ
708 3425 1149 3497 ηὐχαρίστησαν·
1196 3425 1309 3478 ἀλλ’
1363 3425 1783 3496 ἐματαιώθησαν
1821 3426 1877 3477 ἐν

294 3515 409 3577 τοῖς
435 3513 797 3584 διαλογισμοῖς
825 3513 1024 3567 αὐτῶν.
1073 3515 1183 3568 Καὶ
1217 3515 1516 3584 φάσκοντες
1539 3511 1676 3569 εἶναι
1704 3515 1877 3583 σοφοὶ,

1981 525 2140 580 quam
2175 524 2297 563 cum
2345 507 2487 560 inter
2515 503 2730 558 Judzeos
2771 512 2826 557 et
2873 503 3215 557 Christianos
3268 502 3551 571 disputan-

1984 613 2093 658 tur.
2137 622 2155 653 ›
2201 601 2305 654 Sed
2353 613 2453 653 nos
2501 595 2650 650 illum
2687 611 2792 648 non
2844 594 3213 658 imitabimur,
3261 609 3362 648 nec
3391 594 3551 663 quid-

1982 711 2142 764 quam
2166 693 2343 747 simile
2371 691 2614 744 dicemus
2640 690 2706 743 de
2733 687 3092 758 philosophis,
3114 687 3204 754 qui
3238 702 3419 741 rerum
3439 702 3553 740 om-

1983 786 2129 839 nium
2161 793 2413 838 naturam
2446 781 2548 836 sibi
2579 781 2914 848 exploratam
2949 795 3072 834 esse
3112 779 3395 848 jaclitant,
3445 780 3556 833 dis-

1983 881 2284 941 seruntque
2313 872 2456 924 inter
2481 885 2539 924 se
2569 870 2840 939 quomodo
2865 871 3044 924 omnia
3074 868 3294 924 condita
3325 867 3553 929 fuerint.

1983 965 2255 1036 quomodo
2288 965 2486 1020 coelum
2520 971 2576 1016 et
2609 972 2752 1016 terra
2785 962 2922 1015 facta
2954 963 3087 1023 sint,
3123 971 3177 1015 et
3226 960 3406 1016 omnia
3436 977 3555 1029 quae

1984 1057 2289 1120 continent,
2321 1064 2501 1110 utrum
2533 1054 2731 1108 anima:
2763 1068 2865 1107 nec
2896 1053 3057 1106 facta:
3086 1068 3113 1105 a
3149 1052 3255 1106 Deo
3286 1067 3383 1106 nec
3404 1067 3556 1106 crea-

1986 1157 2073 1212 tae,
2103 1162 2133 1200 a
2162 1147 2272 1202 Deo
2306 1153 2566 1215 regantur
2595 1153 2648 1199 et
2698 1158 2730 1198 e
2776 1158 3002 1212 corpore
3032 1144 3084 1196 in
3134 1158 3333 1210 corpus
3382 1154 3556 1197 trans-

1985 1239 2222 1307 migrent
2262 1254 2276 1304 ;
2325 1253 2393 1291 an
2427 1237 2604 1291 insitae
2662 1235 2822 1291 simul
2864 1235 3185 1304 corporibus
3229 1235 3558 1291 immortales

1986 1332 2120 1396 sint,
2151 1340 2242 1384 aut
2274 1331 2551 1386 mortales.
2583 1329 2775 1410 Posset
2799 1329 2944 1381 enim
2974 1326 3114 1393 quis,
3143 1326 3341 1380 nedum
3369 1327 3560 1381 laudet

1987 1433 2081 1477 aut
2109 1423 2304 1493 probet
2334 1423 2667 1490 propositum
2701 1435 2888 1473 eorum
2922 1419 3012 1487 qui
3042 1419 3430 1487 investigandae
3474 1435 3558 1471 vc-

1990 1515 2140 1569 ritati
2176 1523 2390 1579 vacant,
2427 1523 2481 1566 et
2512 1512 2699 1580 iocose
2733 1511 2922 1564 ludere
2969 1508 3323 1578 philosophos
3352 1509 3472 1564 illos
3504 1522 3558 1563 et

1987 1605 2217 1674 maligne
2253 1605 2431 1658 dicere
2469 1617 2564 1657 eos
2604 1617 2722 1656 esse
2758 1615 2970 1656 vermes
2998 1599 3115 1669 qui,
3152 1599 3203 1652 in
3242 1600 3402 1668 hujus
3431 1601 3560 1654 vita:

1985 1714 2162 1764 ccnno,
2201 1713 2311 1751 sua:
2344 1695 2734 1751 imbecillitatis
2761 1695 3108 1747 immemores
3154 1693 3219 1746 de
3251 1691 3412 1746 rebus
3452 1703 3557 1745 tam

1982 1790 2307 1844 sublimibus
2340 1790 2712 1859 pronuntiant,
2747 1788 2898 1856 quasi
2932 1802 3026 1840 eas
3064 1785 3474 1854 intelligerent;
3505 1797 3559 1838 ct

1983 1886 2350 1947 contendunt,
2381 1882 2536 1951 quasi
2581 1895 2668 1934 res
2721 1880 2954 1933 assecuti
2984 1921 2998 1946 ,
3039 1876 3202 1948 524
3234 1891 3370 1944 quas
3399 1893 3559 1931 nemo

1983 1981 2165 2041 potest
2213 1972 2333 2026 sine
2381 1970 2564 2025 alllatu
2627 1971 2821 2026 diviuze
2877 1970 3096 2023 virtutis
3169 1967 3555 2036 contemplari.

1988 2080 2007 2113 ι
2046 2061 2217 2116 Nemo
2247 2063 2393 2117 enim
2425 2063 2574 2117 novit
2616 2062 2914 2130 quidquam
2953 2060 3215 2126 hominis,
3249 2059 3355 2114 nisi
3383 2059 3552 2129 spiri-

1985 2165 2072 2211 tus
2101 2156 2335 2210 hominis
2376 2157 2471 2226 qui
2521 2157 2574 2208 in
2615 2156 2733 2225 ipso
2776 2164 2857 2210 est
2901 2155 3018 2220 ;ita
3052 2162 3110 2209 et
3152 2168 3272 2220 quae
3297 2152 3392 2206 Dei
3431 2162 3560 2207 sunt

1982 2263 2142 2302 nemo
2171 2246 2424 2318 cognovit
2455 2247 2560 2300 nisi
2609 2246 2835 2314 spiritus
2869 2246 2960 2299 Dei
2988 2244 3054 2301 ⁷⁸.
3097 2264 3115 2294 ι
3163 2243 3269 2298 Sed
3314 2256 3379 2297 eo
3409 2243 3560 2296 insa-

1981 2340 2088 2392 nia:
2118 2353 2222 2392 non
2249 2336 2523 2406 progressi
2549 2351 2757 2398 sumus,
2796 2344 2853 2388 ut
2897 2335 3214 2404 prteclaram
3247 2335 3441 2388 horum
3477 2333 3558 2386 vi-

1982 2443 2168 2482 rorum
2218 2427 2630 2497 intelligentiam
2679 2426 2827 2496 (utor
2886 2427 2988 2479 hac
3035 2438 3168 2480 voce
3211 2440 3336 2480 cum
3373 2422 3556 2492 vulgo)

1982 2535 2122 2588 quae,
2155 2520 2355 2588 spretis
2401 2520 2565 2575 rebus
2599 2518 2940 2588 vulgaribus,
2970 2519 3022 2572 in
3067 2517 3386 2586 inquirenda
3415 2516 3559 2571 veri.

1985 2620 2095 2667 tate
2138 2613 2425 2681 occupavit
2465 2627 2586 2667 sese
2613 2651 2630 2676 ,
2679 2611 3106 2666 vermiculorum
3161 2619 3254 2663 aut
3297 2609 3556 2663 similium

1982 2703 2337 2758 animantium
2371 2702 2608 2757 motibus
2635 2700 3008 2756 conferamus.
3052 2700 3310 2767 Quinimo
3345 2701 3558 2756 sincere

1981 2796 2306 2864 quibusdam
2326 2793 2531 2849 Grazcis
2557 2793 2894 2864 philosophis
2919 2796 3022 2850 hoc
3049 2795 3419 2848 testimonium
3455 2795 3556 2850 da-

1981 2904 2120 2950 mus,
2172 2895 2357 2939 notum
2410 2885 2516 2940 illis
2563 2885 2731 2940 fuisse
2783 2887 2988 2951 Deum,
3031 2905 3050 2936 ι
3083 2885 3226 2940 Deus
3275 2885 3419 2941 enim
3453 2885 3562 2941 illis

1981 2976 2393 3031 manifestavit:
2435 2977 2647 3030 tametsi
2683 2991 2788 3030 non
2817 2977 2961 3030 sicut
3005 2976 3171 3030 Deum
3221 2976 3557 3045 glorificave-

1983 3073 2128 3129 runt,
2161 3075 2256 3118 aut
2277 3065 2480 3133 gratias
2509 3075 2775 3132 egerunt:
2817 3066 2916 3119 sed
2948 3074 3291 3121 evanuerunt
3319 3067 3373 3120 in
3406 3067 3555 3135 cogi-

1981 3149 2278 3204 tationibus
2308 3151 2445 3216 suis,
2473 3158 2528 3205 et
2556 3152 2803 3208 dicentes
2837 3167 2897 3207 se
2926 3167 3046 3208 esse
3069 3157 3369 3223 sapientes,
3402 3157 3556 3210 stulti

1977 3239 2105 3296 facti
2155 3252 2303 3304 sunt,
2340 3250 2397 3296 et
2443 3252 2792 3298 mutaverunt
2832 3246 3060 3315 gloriam
3119 3247 3559 3316 incorruptibilis

1979 3333 2070 3388 Dei
2136 3334 2191 3387 in
2242 3334 2656 3389 similitudinem
2719 3336 2970 3406 imaginis
3041 3338 3407 3406 corruptibilis
3455 3339 3555 3394 ho-

1977 3425 2162 3490 minis,
2212 3435 2264 3480 et
2312 3427 2620 3492 volucrum,
2668 3438 2723 3482 et
2767 3429 3216 3498 quadrupedum,
3247 3439 3302 3482 et
3335 3445 3553 3499 serpen-

1980 3515 2111 3568 tium
2145 3516 2210 3569 τ’.
2248 3536 2266 3567 ι

295 3605 714 3677 ἐμωράνθησαν,
763 3609 855 3660 καὶ
893 3605 1126 3678 ἤλλαξαν
1172 3607 1271 3679 (5)
1311 3609 1410 3678 τὴν
1444 3608 1599 3674 δόξαν
1637 3607 1728 3661 τοῦ
1787 3607 2065 3679 ἀφθάρτου
2115 3608 2250 3662 Θεοῦ
2287 3611 2344 3662 ἐν
2387 3608 2693 3680 ὁμοιώματι
2724 3610 2928 3672 εἰκόνος
2959 3610 3197 3681 φθαρτοῦ
3245 3609 3551 3681 ἀνθρώπου,

292 3701 388 3754 καὶ
419 3702 698 3766 πετεινῶν,
743 3704 836 3756 καὶ
856 3703 1220 3774 τετραπόδων,
1253 3705 1345 3757 καὶ
1371 3703 1637 3775 ἑρπετῶν.
1683 3724 1700 3753 ι

364 3795 516 3850 Μετά
545 3797 734 3861 ταῦτα,
770 3797 1085 3869 βουλόμενος
1118 3799 1569 3863 κατασκευάζειν,
1591 3801 1672 3854 ὅτι
1708 3801 1872 3872 μηδὲν

290 3887 400 3941 τῶν
455 3889 863 3961 προειρημένων
913 3893 1041 3961 παρ’
1105 3891 1253 3962 αὐτῷ
1314 3892 1467 3956 ζώων
1523 3894 1872 3963 διαφέρουσιν

305 3978 540 4032 Ἰουδαῖοι
587 3981 680 4033 καὶ
716 3982 1068 4052 Χριστιανοὶ,
1121 3983 1316 4052 φησὶν,
1370 4002 1388 4032 ‹
1444 3982 1726 4046 Ἰουδαίους
1778 3985 1870 4037 ἀπ’

289 4070 568 4138 Αἰγύπτου
596 4071 864 4142 δραπέτας
898 4073 1213 4140 γεγονέναι,
1263 4073 1427 4143 μηδὲν
1474 4073 1692 4127 πώποτε
1730 4075 1872 4138 ἀξιό-

289 4163 451 4231 λογον
481 4163 792 4234 πράξαντας
813 4203 826 4226 ,
877 4162 986 4216 οὔτ’
1029 4165 1086 4217 ἐν
1119 4164 1260 4234 λόγῳ
1304 4163 1415 4217 οὔτ’
1455 4166 1512 4217 ἐν
1540 4165 1758 4236 ἀριθμῷ
1785 4167 1874 4219 αύ-

289 4251 420 4313 τούς
452 4269 580 4304 ποτε
613 4251 1026 4322 γεγενημένους.
1061 4271 1078 4301 ι
1112 4252 1245 4322 Περὶ
1274 4252 1370 4322 μὲν
1399 4247 1490 4304 οῦν
1518 4251 1611 4304 τοῦ
1645 4253 1718 4322 μὴ
1745 4252 1874 4323 δρα-

2051 3803 2137 3856 51.
2171 3799 2297 3855 Post
2327 3800 2459 3863 haec,
2491 3809 2550 3852 ut
2575 3797 2862 3854 conﬁrmet
2887 3799 3101 3854 .Iudacos
3125 3808 3179 3854 et
3208 3797 3553 3854 Christianos

1981 3893 2114 3946 nihil
2144 3893 2211 3946 ab
2237 3889 2560 3944 animalibus
2594 3905 2715 3959 qua:
2749 3889 3058 3954 recensuit,
3095 3889 3409 3957 discrepare
3430 3929 3445 3955 ,
3477 3889 3557 3942 ait

1985 4004 2003 4035 ‹
2036 3982 2250 4037 Judmos
2276 3981 2444 4037 fuisse
2481 3995 2670 4036 servos
2703 3981 2979 4050 fugitivos,
3012 3995 3076 4034 ex
3103 3979 3340 4051 IEgypto
3366 3993 3554 4050 egres-

1980 4091 2088 4141 sos,
2117 4075 2279 4131 nullis
2325 4090 2561 4144 unquam
2598 4076 2765 4129 rebus
2809 4076 2979 4144 gestis
3023 4075 3287 4145 insignes,
3321 4075 3468 4130 nullo
3497 4081 3554 4127 in

1981 4167 2122 4231 loco,
2150 4167 2298 4220 nullo
2336 4169 2389 4222 in
2423 4182 2651 4221 numero
2681 4168 2918 4222 habitos.
2961 4187 2979 4218 ι
3011 4166 3340 4231 AtJudaeos,
3377 4182 3555 4233 neque

1980 4270 2166 4310 servos
2196 4255 2456 4325 fugitivos
2481 4297 2496 4320 ,
2550 4271 2728 4324 neque
2759 4255 3046 4326 [Egyptios
3078 4256 3268 4320 fuisse,
3317 4256 3409 4310 sed
3447 4257 3555 4311 Ile-

292 4345 466 4406 πέτας
517 4345 714 4406 αὐτοὺς
763 4343 1072 4412 γεγονέναι,
1131 4343 1252 4414 μηδ’
1321 4342 1692 4411 Αἰγυπτίους,
1758 4343 1872 4396 ἀλλ’

1984 4347 2155 4401 braeos
2207 4347 2300 4415 qui
2349 4346 2402 4400 in
2445 4345 2742 4416 IEgyptum
2788 4355 3195 4412 concesserant,
3243 4347 3353 4415 jam
3389 4356 3551 4400 antea

301 4436 589 4508 Ἐϐραίους
647 4435 806 4499 ὄντας
852 4435 1241 4506 παρῳκηκέναι
1289 4437 1346 4487 ἐν
1393 4437 1457 4506 τῇ
1508 4434 1787 4504 Αἰγύπτῳ,
1818 4437 1876 4489 ἐν

292 4531 406 4591 τοῖς
440 4527 696 4598 ἀνωτέρω
729 4529 858 4597 ἡμῖν
889 4525 1132 4578 λέλεκται
1160 4542 1171 4554 ·
1212 4525 1260 4577 εἰ
1291 4525 1348 4578 δὲ
1374 4525 1434 4577 τὸ
1465 4525 1592 4596 μήτ’
1627 4527 1685 4577 ἐν
1729 4524 1872 4596 λόγῳ

298 4619 426 4690 μήτ’
455 4621 511 4671 ἐν
556 4617 772 4688 ἀριθμῴ
812 4617 1007 4679 αὐτοὺς
1049 4616 1328 4685 γεγονέναι
1371 4613 1872 4680 κατασκευάζεσθαι

292 4710 502 4780 νομίζει
529 4712 594 4764 ἐκ
624 4710 718 4762 τοῦ
752 4710 826 4781 μὴ
857 4711 996 4763 πάνυ
1026 4727 1077 4762 τι
1115 4709 1212 4781 τὴν
1250 4710 1375 4780 περὶ
1411 4707 1588 4762 αὐτῶν
1633 4711 1871 4780 ἱστορίαν

293 4802 640 4871 εὑρίσκεσθαι
669 4801 818 4873 παρά
847 4803 960 4864 τοῖς
997 4800 1240 4871 Ἕλλησι,
1277 4802 1541 4872 φήσομεν,
1575 4801 1676 4865 ὅτι,
1709 4801 1764 4853 εἴ
1787 4819 1871 4866 τις

295 4895 602 4947 ἐνατενίσαι
643 4897 706 4965 τῇ
751 4893 988 4966 ἀρχῆθεν
1036 4893 1213 4946 αὐτῶν
1263 4893 1508 4964 πολιτεία
1546 4894 1640 4946 καὶ
1666 4897 1732 4965 τῇ
1763 4896 1870 4949 τῶν

293 4985 476 5054 νόμων
516 4984 788 5048 διατάξει,
837 4986 985 5057 εὖροι
1023 4984 1122 5050 ἂν,
1167 4987 1248 5038 ὅτι
1278 4986 1561 5054 γεγόνασιν
1594 4985 1870 5056 ἄνθρωποι

295 5074 455 5130 σκιὰν
497 5075 743 5146 οὐρανίου
793 5076 904 5146 βίου
950 5076 1406 5148 παραδεικνύντες
1441 5077 1534 5130 ἐπὶ
1576 5077 1709 5148 γῆς,
1742 5081 1870 5148 παρ’

291 5163 376 5231 οἷς
401 5167 553 5220 οὐδὲν
579 5165 705 5219 ἀλλο
730 5165 860 5229 Θεὸς
893 5167 1202 5237 νενόμισται
1227 5169 1259 5238 ἢ
1293 5171 1320 5220 ὁ
1347 5171 1438 5222 ἐπὶ
1467 5171 1633 5232 πᾶσι,
1664 5171 1756 5223 καὶ
1784 5173 1872 5223 ού-

293 5260 406 5322 δεὶς
433 5257 542 5311 τῶν
563 5257 776 5321 εἰκόνας
808 5258 1101 5310 ποιούντων
1127 5259 1465 5312 ἐπολιτεύετο
1487 5260 1582 5331 (4).
1611 5260 1746 5313 Οὔτε
1767 5262 1873 5334 γὰρ

373 5355 419 5385 ⁷³
459 5353 479 5406 ι
510 5355 636 5408 Cor.
663 5369 724 5418 ιι,
753 5353 838 5406 Η.
949 5353 994 5384 ⁷³
1023 5352 1180 5408 Rom.
1213 5355 1366 5418 1,19,
1396 5355 1488 5420 2|,
1524 5355 1613 5420 22,
1641 5357 1732 5411 25.

369 5450 626 5520 (ιΙ)ΙιῑΙ›Ιι.
677 5448 804 5520 editi
837 5448 902 5501 ad
952 5464 1128 5520 oram,
1163 5449 1437 5520 ἀγένητοι.
1488 5450 1687 5505 Ibidem
1735 5469 1866 5507 mss.

298 5518 464 5600 retite,
495 5519 914 5600 διακοσμοῦνται
943 5520 1032 5571 ὑπ’
1068 5518 1251 5571 αὐτοῦ.
1289 5520 1442 5574 Libb.
1473 5521 1625 5587 editi,
1656 5522 1871 5577 διακοσ-

304 5590 524 5661 μοῦνται
562 5592 650 5643 ὑπ’
680 5587 845 5659 αὐτῷ.

330 5697 336 5704 .
371 5663 447 5733 (2)
490 5661 697 5733 οὐδεὶς
730 5657 1418 5733 γὰρ-εῖδενηδ-ἰε-οιιιηοε
1464 5674 1591 5733 mss.
1640 5675 1869 5733 excepto

299 5731 509 5786 Joliano
534 5732 624 5801 qui
655 5728 778 5785 cum
822 5730 971 5786 libris
1003 5730 1164 5786 editis
1198 5728 1249 5783 in
1279 5738 1426 5785 textu
1462 5732 1641 5800 habet,
1681 5728 1868 5807 ὥσπερ

1978 4437 2235 4492 diximus.
2272 4436 2329 4490 Si
2364 4445 2545 4490 autem
2581 4437 2704 4490 illos
2731 4435 2878 4489 nullo
2908 4437 2960 4490 in
2999 4436 3150 4502 loco,
3181 4435 3326 4489 nullo
3367 4436 3418 4488 iu
3453 4452 3551 4489 uu-

1977 4543 2131 4582 mero
2157 4528 2369 4582 habitos
2395 4527 2561 4581 fuisse
2592 4527 2716 4581 inde
2743 4526 2960 4596 probari
2993 4532 3167 4595 putat,
3195 4524 3339 4593 quod
3361 4540 3551 4579 eorum

1975 4619 2220 4673 historia:
2251 4633 2356 4672 non
2397 4617 2592 4672 crebra
2638 4616 2927 4671 admodum
2959 4615 3102 4670 facta
3135 4617 3302 4670 fuerit
3339 4632 3369 4670 a
3412 4617 3552 4671 scri-

1975 4711 2226 4781 ptoribus
2269 4709 2474 4764 Graecis
2517 4709 2721 4762 mentio
2757 4725 2772 4773 ;
2831 4707 3134 4762 refelletur.
3168 4707 3302 4760 Nam
3355 4709 3398 4762 si
3427 4709 3551 4777 quis

1978 4803 2331 4858 constitutam
2381 4803 2449 4856 ab
2487 4801 2643 4857 initio
2695 4817 2884 4855 eorum
2935 4801 3247 4870 reipublicae
3294 4800 3549 4866 formam,

1978 4895 2267 4966 legumque
2285 4895 2694 4964 dispositionem
2721 4894 3044 4963 inspexerit,
3064 4894 3303 4948 inveniet
3321 4894 3367 4949 is
3385 4894 3552 4948 fuisse

1979 4988 2244 5051 homines,
2272 4988 2360 5055 qui
2407 4987 2459 5040 in
2498 4995 2639 5040 terra
2668 4984 2950 5040 catiestem
2986 4986 3151 5038 vitam
3186 4994 3554 5053 repraesenta-

1980 5089 2121 5146 rent,
2153 5080 2242 5147 qui
2280 5095 2386 5134 non
2421 5080 2585 5132 alium
2635 5095 2795 5148 quam
2839 5095 3110 5133 summum
3146 5077 3313 5133 Deum
3344 5092 3550 5146 cogno-

1980 5182 2219 5235 scerent,
2250 5172 2360 5239 qui'
2385 5187 2577 5226 omnes
2620 5172 2916 5243 imaginum
2952 5171 3192 5226 artifices
3241 5185 3270 5222 a
3311 5183 3368 5221 se
3397 5167 3550 5220 able-

1983 5273 2196 5333 garent.
2231 5262 2422 5319 Nullus
2459 5265 2604 5319 enim
2637 5266 2848 5334 pictor,
2893 5265 3137 5334 sculptor
3165 5259 3343 5314 nullus
3377 5258 3428 5311 in
3456 5270 3548 5309 eo-

1978 5454 2280 5528 ydtpﬂobas'tg
2312 5450 2470 5528 οἶδεν.

2045 5515 2151 5597 ('3)
2201 5515 2373 5580 Codd.
2427 5525 2626 5595 Regius
2677 5532 2732 5577 et
2781 5518 3146 5586 Basileensis,
3217 5516 3312 5582 καὶ
3367 5515 3548 5586 ἠλλά-

2013 5613 2154 5649 αντο.

1981 5596 2007 5662 ξ
2049 5666 2125 5737 (4)
2149 5665 2356 5730 Οὐδεὶς
2381 5665 2514 5737 τῶιί
2533 5665 2772 5737 εἰκῇ-νας
2793 5661 3123 5737 ποιούιςτωγς
3153 5658 3550 5737 ἐπολιτεύετο,

1980 5730 2084 5790 etc.
2108 5730 2270 5791 'Philo
2318 5737 2453 5789 libro
2492 5735 2560 5786 De
2597 5730 2951 5801 Gigantibus:
2987 5732 3123 5805 Παρ’
3160 5732 3186 5784 ὃ
3224 5732 3315 5784 καὶ
3339 5730 3439 5794 τὰς
3467 5730 3550 5782 δον-
