3986 6164
420 313 558 368 1075
632 317 634 319 ’

1904 310 2224 372 OBlGENlS

3536 273 3666 369 1θῖϐ

419 445 540 482 rudi
578 429 803 485 civitate
835 440 969 487 erat.
1006 430 1112 485 Lex
1156 430 1302 485 enim
1338 445 1530 488 omnes
1558 431 1750 486 harmu
1793 434 1987 487 artium

2099 427 2387 499 ζωγράφος
2416 427 2526 480 οὔτ’
2558 427 2993 498 ἀγαλματοποιὸς
3028 428 3086 480 ἐν
3122 430 3189 498 τῇ
3221 427 3464 493 πολιτείᾳ
3497 428 3668 482 αὑτῶν

1546 531 1604 577 ιιι
1645 521 1788 576 nulla
1847 532 1989 578 esset

418 609 854 664 fabricandorum
882 610 1298 664 simulacrorum
1346 614 1602 666 occasio:
1633 613 1832 683 quippe
1869 629 1989 682 quae

416 689 709 754 simulacra
755 701 982 755 hebetes
1026 709 1081 754 et
1127 702 1316 754 tardos
1360 701 1606 756 homines
1650 703 1701 756 in
1743 717 1987 757 errorem

418 793 661 858 trahunt,
707 800 760 846 et
801 791 987 845 oculos
1023 792 1218 845 animae
1257 807 1286 844 a
1321 792 1430 845 Deo
1464 793 1764 848 declinatos
1794 796 1844 846 in
1875 802 1988 848 ter-

416 898 532 936 ram
562 882 888 952 deprimunt.
918 882 1051 937 Erat
1083 883 1252 952 igitur
1295 883 1438 937 inter
1463 893 1688 940 caeteras
1719 885 1806 940 lex
1845 887 1944 941 ista
1970 905 1985 943 :

418 994 441 1026 ι
478 975 556 1030 Ne
583 979 838 1045 peccetis,
870 990 939 1030 ne
986 973 1205 1031 faciatis
1253 976 1408 1031 vobis
1437 977 1703 1045 sculptam
1736 979 1990 1034 similitu-

415 1067 616 1132 dinem,
647 1065 810 1120 ullam
849 1067 1164 1136 imaginem,
1198 1068 1621 1123 similitudincm
1654 1070 1878 1124 masculi
1905 1071 1989 1125 vel

423 1158 661 1223 feminte,
699 1159 1112 1214 similitudinem
1145 1159 1569 1228 omnisjumenti
1599 1177 1718 1231 qua:
1745 1173 1870 1217 sunt
1899 1178 1990 1216 su-

410 1268 510 1322 per
542 1262 768 1318 terram,
804 1252 1217 1306 similitudinem
1251 1252 1431 1307 omnis
1461 1253 1578 1310 avis
1607 1255 1840 1309 volantis
1871 1271 1990 1325 qua:

409 1343 559 1398 volat
593 1343 692 1398 sub
737 1341 898 1409 ccelo,
935 1343 1346 1398 similitudinem
1379 1347 1559 1400 omnis
1608 1347 1816 1416 rcptilis
1845 1348 1988 1416 quod

410 1434 552 1503 repit
603 1449 766 1504 super
819 1445 1058 1496 terram,
1113 1435 1525 1490 similitudinem
1583 1438 1761 1492 omnis
1823 1439 1990 1509 piscis

407 1539 755 1596 quaecunque
783 1534 909 1578 sunt
952 1525 1005 1576 in
1033 1524 1187 1594 aquis
1219 1525 1320 1578 sub
1375 1535 1518 1580 terra
1545 1526 1614 1579 ⁸ο.
1662 1547 1680 1579 ι
1719 1526 1988 1584 Nimirum

407 1616 463 1670 id
494 1614 580 1671 lex
605 1617 818 1684 agebat,
844 1615 1002 1685 525
1029 1625 1085 1669 ut
1116 1617 1169 1670 in
1195 1617 1532 1688 singularum
1562 1636 1742 1674 rerum
1761 1622 1989 1677 veritate

408 1711 706 1772 haererent,
739 1722 841 1762 non
873 1708 979 1761 alia
1011 1719 1204 1761 contra
1231 1710 1521 1765 veritatem
1555 1711 1821 1781 fingerent
1861 1731 1980 1783 quae

420 521 760 586 professores
805 521 1154 576 exterminari
1187 519 1426 588 jusscrat
1473 537 1489 574 :

2089 521 2191 595 ἦν,
2241 521 2593 585 ἐκϐάλλοντος
2642 522 2850 584 πάντας
2879 521 3019 594 ,τοὺς
3060 518 3331 582 τοιούτους
3376 520 3471 572 ἀπ’
3507 520 3670 590 αὐτῆς

2089 618 2184 670 τοῦ
2233 619 2396 688 νόμου
2423 633 2435 645 ’
2473 616 2560 668 ἵνα
2605 614 2844 686 μηδεμία
2870 613 3140 683 πρόφασις
3235 611 3334 680 τῆς
3364 610 3476 662 τῶν
3504 610 3668 677 ἀγαλ-

2096 711 2280 780 μάτων
2324 709 2691 778 κατασκευῆς,
2747 709 2873 770 τοὺς
2920 706 3182 776 ἀνοήτους
3231 703 3336 756 τῶν
3369 702 3670 773 ἀνθρώπων

2091 801 2498 872 ἐπισπωμένης,
2533 800 2625 852 καὶ
2649 797 3020 868 καθελκοὺσης
3041 795 3150 849 άπὸ
3174 795 3266 848 τοῦ
3295 794 3429 848 Θεοῦ
3460 797 3540 856 εἰς
3571 795 3673 864 γῆν

2090 892 2218 954 τοὺς
2247 890 2558 960 ὀφθαλμοὺς
2587 891 2687 959 τῆς
2715 889 2914 959 ψυχῆς.
2945 884 3054 940 τΗν
3090 882 3182 939 οῦν
3219 886 3350 956 παρ’
3378 885 3562 948 αὐτοῖς
3586 885 3671 938 νό-

2095 999 2196 1052 μος
2249 983 2344 1035 καὶ
2386 981 2664 1043 τοιοῦτος·
2718 1001 2735 1031 ι
2772 981 2862 1051 Μὴ
2915 979 3224 1048 ἀνομήσητε
3271 977 3366 1030 καὶ
3410 978 3670 1046 ποιήσητε

2092 1074 2218 1144 ὑμῖν
2243 1075 2454 1136 ἑαυτοῖς
2469 1072 2703 1142 γλυπτὺν
2718 1073 2968 1142 ὁμοίωμα
2985 1071 3183 1133 πᾶσαν,
3204 1068 3407 1131 εἰκόνα,
3422 1068 3671 1138 ὁμοίωμα

2089 1165 2379 1237 ἀρσενικοῦ
2407 1166 2438 1236 ἢ
2475 1164 2706 1235 θηλυκοῦ
2734 1204 2748 1227 ,
2779 1163 3030 1233 ὁμοίωμα
3063 1160 3261 1224 παντὸς
3293 1161 3522 1231 κτήνους
3565 1159 3670 1211 τῶν

2089 1258 2259 1312 ὄντων
2304 1257 2396 1309 ἐπὶ
2423 1257 2522 1328 τῆς
2551 1258 2685 1326 γῆς,
2725 1256 2975 1326 ὁμοίωμα
3013 1253 3212 1316 παντὸς
3254 1254 3444 1324 ὀρνέου
3469 1268 3674 1322 πτερω-

2089 1347 2183 1401 τοῦ
2210 1388 2223 1412 ,
2260 1349 2288 1402 ὃ
2336 1349 2564 1401 πέταται
2600 1348 2705 1400 ὑπὸ
2751 1347 2841 1400 τὸν
2883 1345 3145 1418 οὐρανὸν,
3187 1343 3439 1414 ὁμοίωμα
3471 1339 3671 1408 παντὸς

2091 1437 2342 1509 ἑρπετοῦ,
2366 1437 2394 1489 ὃ
2415 1437 2573 1508 ἕρπει
2596 1437 2688 1488 ἐπὶ
2710 1435 2808 1506 τῆς
2823 1435 2946 1505 γῆς,
2965 1434 3215 1504 ὁμοίωμα
3240 1431 3438 1510 παντός
3469 1430 3668 1500 ίχθὺος,

2089 1529 2189 1581 ὅσα
2240 1529 2386 1580 ἐστὶν
2434 1529 2490 1580 ἐν
2532 1529 2642 1589 τοῖς
2693 1525 2880 1578 ὕδασιν
2911 1523 3169 1576 ὑποκάτω
3200 1523 3299 1591 τῆς
3339 1521 3465 1591 γῆς.
3503 1539 3521 1572 ›
3563 1521 3670 1576 Καὶ

2091 1621 2339 1674 ἐϐούλετό
2393 1636 2455 1687 γε
2510 1620 2538 1671 ό
2598 1617 2793 1687 νόμος,
2855 1619 2921 1686 τῇ
2977 1614 3106 1686 περὶ
3164 1614 3395 1666 ἑκάστου
3445 1612 3672 1686 ἀληθείᾳ

2091 1713 2414 1783 ὁμιλοῦντας
2442 1711 2659 1774 αὐτοὺς,
2699 1708 2773 1779 μὴ
2809 1707 3176 1760 ἀναπλάσσειν
3202 1705 3366 1776 ἕτερα
3399 1705 3550 1776 παρά
3569 1703 3669 1774 τὴν

408 1801 553 1870 quod
585 1814 774 1854 revera
805 1799 1080 1854 masculus
1111 1810 1206 1852 aut
1231 1801 1433 1855 femina
1463 1843 1477 1869 ,
1514 1814 1608 1856 aut
1631 1803 1939 1871 jumeutum
1965 1845 1983 1872 ,

2093 1777 2362 1875 ἀλήθειαν,
2385 1777 3001 1872 ψευδόμενατὸάληθῶς
3017 1799 3320 1869 ἀρσενικὸν,
3348 1799 3381 1871 ἦ
3407 1798 3466 1850 τὸ
3505 1799 3674 1861 ὅντως

409 1901 505 1945 aut
536 1890 674 1956 avis,
707 1899 801 1943 aut
837 1890 1051 1961 reptile,
1088 1902 1181 1944 aut
1208 1893 1378 1958 piscis
1409 1901 1530 1947 erat
1555 1933 1570 1959 ,
1601 1897 1981 1951 mentirentur.

409 1981 523 2036 lloc
543 1982 705 2036 etiam
722 1982 1241 2051 apudillosillustre,
1261 1982 1614 2052 magnificum
1645 2003 1658 2038 :
1696 2003 1712 2036 ι
1744 1983 1823 2038 Ne
1843 1985 1982 2042 forte

407 2073 634 2128 elevatis
662 2073 836 2128 oculis
880 2074 946 2126 ad
986 2073 1228 2141 coelum,
1277 2075 1463 2130 videas
1499 2075 1668 2130 solem
1704 2086 1758 2132 et
1799 2077 1982 2132 lunam

407 2175 462 2220 ct
497 2164 681 2221 stellas
706 2173 763 2220 et
783 2179 998 2220 omnem
1023 2165 1148 2219 coeli
1182 2175 1436 2220 ornatum
1459 2207 1475 2231 ,
1515 2176 1571 2220 et
1616 2183 1802 2222 errore
1833 2169 1988 2223 dece-

405 2266 532 2326 ptus
554 2256 750 2311 adores
775 2271 837 2312 ea
879 2266 933 2312 et
962 2257 1110 2312 colas
1127 2256 1227 2312 δι.»
1259 2257 1448 2323 Qualis
1472 2268 1589 2313 erat
1618 2261 1784 2314 totius
1808 2261 1986 2331 gentis

406 2348 776 2418 disciplina”,
815 2348 954 2417 apud
984 2363 1146 2416 quam
1195 2347 1510 2402 eﬂ'eminato
1559 2367 1625 2404 uc
1657 2352 1707 2404 in
1739 2367 1939 2421 couspe
1961 2382 1982 2391 —

405 2451 552 2495 clum
603 2441 819 2512 quidem
876 2441 1094 2510 prodire
1136 2441 1428 2496 licebat”!
1486 2441 1880 2497 Admirandum
1931 2452 1988 2498 et

406 2533 571 2597 istud,
591 2533 933 2602 meretrices,
953 2534 1272 2604 juvenilium
1293 2531 1578 2586 libidinum
1618 2533 1982 2599 irritamenta,

407 2625 624 2679 illorum
658 2625 880 2681 civitate
909 2625 1075 2680 fuisse
1105 2625 1428 2694 prohibitas.
1453 2622 1684 2679 Judiciis
1712 2633 1986 2695 prmerant

403 2717 652 2771 omnium
675 2717 963 2788 justissimi
987 2718 1057 2784 ⁸⁵,
1091 2717 1296 2787 quique
1326 2716 1554 2785 integra:
1579 2717 1702 2771 vitae
1733 2732 1830 2786 per
1865 2716 1984 2771 lon-

406 2824 533 2877 gum
560 2818 775 2877 tempus
796 2819 1117 2878 argumenta
1136 2809 1398 2863 dederant
1417 2809 1486 2862 ⁸⁵.
1511 2807 1588 2880 ,111
1613 2810 1744 2878 quia
1791 2809 1984 2879 probi-

410 2911 525 2954 tate
549 2909 708 2954 erant
735 2915 901 2970 supra
939 2903 1254 2965 humanam,
1281 2902 1457 2970 patria
1484 2910 1540 2955 et
1562 2902 1761 2954 usitata
1783 2899 1986 2955 Judzeis

405 2991 662 3060 loquendi
702 2995 1096 3048 consuetudine
1133 2995 1207 3048 dii
1245 2992 1745 3062 appellabantur”,
1789 2992 1986 3048 Videre

404 3093 526 3137 erat
565 3092 732 3137 totam
768 3092 986 3152 gentem
1008 3085 1288 3153 sapientia:
1340 3085 1519 3139 studio
1557 3083 1816 3137 deditam.
1874 3082 1986 3136 Au-
2012 3109 2056 3170 α

406 3171 622 3228 diendis
647 3172 860 3240 legibus
887 3173 1084 3228 divinis
1116 3175 1373 3227 destinati
1407 3174 1630 3242 quidam
1654 3174 1771 3227 dies
1797 3180 1979 3238 crant,

405 3279 530 3334 qutc
556 3264 893 3318 vocabantur
925 3263 1427 3333 Sabhata,_aliique
1473 3262 1600 3317 festi
1650 3263 1789 3320 dies.
1843 3264 1984 3335 Quid

408 3358 590 3411 dicam
622 3355 690 3408 de
713 3355 1052 3409 sacerdotum
1084 3355 1369 3411 ordinibus
1399 3366 1454 3411 et
1481 3356 1550 3410 de
1591 3356 1785 3411 ritibus
1818 3357 1983 3411 sacri-

409 3448 682 3513 ﬁciorum,
707 3463 826 3515 qua:
843 3449 1083 3520 symbola
1107 3449 1386 3504 innumera
1403 3450 1756 3506 continebant
1787 3451 1980 3505 harum

406 3557 589 3599 rerum
623 3542 854 3596 curiosis
880 3543 1207 3612 perspicua?

478 3635 568 3688 52.
599 3633 867 3701 Quoniam
923 3649 1049 3688 vero
1085 3634 1222 3688 nihil
1281 3635 1445 3691 habet
1496 3638 1737 3690 humana
1789 3645 1982 3690 natura

406 3727 605 3783 stabile
639 3728 887 3797 nihilque
917 3727 1154 3790 firmum,
1186 3731 1431 3798 oportuit
1481 3738 1540 3783 ut
1564 3730 1824 3799 paulatim
1856 3745 1984 3784 cor-

407 3829 567 3887 rupta
599 3837 629 3872 a
659 3819 832 3888 prima
860 3834 955 3873 sua
986 3819 1386 3874 constitutione
1416 3820 1682 3876 deﬁceret
1720 3822 1834 3876 haec
1867 3836 1985 3875 res-

406 3909 646 3978 publica.
683 3909 834 3962 Illam
865 3925 992 3978 ergo
1013 3951 1027 3974 ,
1057 3911 1518 3978 quemadmodum
1552 3920 1608 3965 et
1636 3921 1830 3964 caetera
1863 3926 1985 3980 quae

409 3999 712 4054 mutatione
761 4012 894 4068 opus
945 4000 1177 4063 habent,
1211 3999 1558 4054 Providentia
1605 4002 1865 4064 mutavit;
1932 4008 1987 4054 et

407 4106 510 4162 pro
541 4090 744 4146 Judaais
774 4091 974 4146 ascivit
1009 4107 1075 4145 ex
1125 4091 1378 4146 omnibus
1411 4091 1773 4159 undecunque
1812 4093 1988 4146 homi-

409 4184 573 4239 nibus
609 4183 817 4248 fideles,
851 4185 1048 4254 quibus
1080 4183 1446 4237 venerandam
1483 4197 1509 4234 a
1554 4181 1682 4237 .Iesu
1731 4186 1985 4251 praescri-

407 4283 560 4344 ptam
607 4274 926 4344 religionem
963 4275 1224 4329 traderet.
1257 4272 1306 4328 ls
1335 4271 1494 4327 Jesus
1543 4290 1649 4328 non
1694 4277 1854 4330 modo
1901 4290 1987 4331 sa-

407 4363 614 4436 pientia
643 4366 921 4434 praeditus,
956 4367 1050 4420 sed
1079 4365 1242 4419 etiam
1275 4365 1492 4421 dcitatis
1523 4369 1823 4437 particeps,
1856 4367 1984 4423 fun-

2090 1895 2344 1966 θηλυκὸν,
2379 1894 2412 1965 ἢ
2444 1893 2540 1965 τὴν
2572 1891 2787 1962 κτηνῶν
2815 1889 2996 1959 φύσιν,
3031 1891 3063 1961 ἢ
3099 1889 3160 1942 τὸ
3182 1889 3406 1959 ὀρνέων,
3437 1889 3471 1959 ἢ
3501 1889 3562 1942 τὸ
3583 1890 3672 1958 ἐρα

2089 1987 2269 2041 πετῶν
2304 1986 2493 2056 γένος,
2534 1986 2566 2056 ἦ
2603 1985 2664 2037 τὸ
2710 1983 2930 2054 ἰχθύων.
2978 1983 3182 2054 Σεμνὸν
3217 1983 3273 2035 δὲ
3311 1981 3405 2035 καὶ
3441 1982 3676 2053 μεγαλο-

2089 2080 2222 2147 φυὲς
2249 2079 2377 2150 παρ’
2404 2079 2584 2140 αὑτοῖς
2613 2078 2705 2130 καὶ
2732 2079 2793 2131 τὸ
2837 2096 2856 2128 ‹
2897 2074 2989 2146 Μὴ
3023 2074 3330 2144 ἀναϐλέψας
3355 2077 3435 2138 εἰς
3455 2075 3546 2127 τὸν
3576 2075 3673 2128 οὑ-

2090 2171 2268 2243 ρανὸν,
2303 2170 2396 2224 καὶ
2429 2168 2550 2222 ἰδὼν
2574 2169 2665 2221 τὸν
2702 2169 2851 2239 ἥλιον
2885 2169 2980 2222 καὶ
3005 2167 3104 2238 τὴν
3138 2165 3390 2238 σελήνην,
3426 2167 3523 2219 καὶ
3544 2167 3673 2232 τοὺς

2088 2262 2343 2334 ἀστέρας,
2374 2261 2552 2315 πάντα
2583 2261 2675 2314 τὸν
2707 2261 2912 2331 κόσμον
2937 2257 3032 2312 τοῦ
3065 2256 3328 2328 οὐρανοῦ,
3369 2258 3671 2329 πλανηθεὶς

2089 2355 2473 2434 προσκυνήσῃς
2492 2355 2694 2418 αὑτοῖς,
2730 2355 2825 2406 xui.
2856 2352 3161 2428 λατρεὺσῃς
3187 2353 3390 2415 αὑτοῖς.
3436 2370 3454 2403 ι
3483 2351 3584 2404 Οἴα
3614 2351 3674 2410 δὲ

2089 2445 2334 2499 πολιτεία
2362 2441 2428 2516 ἦν
2459 2445 2582 2498 δλου
2602 2445 2808 2509 ἔθνους,
2833 2447 2958 2516 παρ’
3055 2445 3177 2497 οὑδέ
3208 2443 3491 2514 φαίνεσθαι
3519 2443 3676 2514 01312;.-

2089 2538 2244 2609 δρίαν
2263 2531 2377 2589 οἶόν
2405 2537 2452 2588 τ’
2475 2531 2561 2607 ἧν.
2593 2537 2918 2606 Θαυμαστὸν
2959 2535 3015 2588 δὲ
3045 2535 3140 2588 καὶ
3172 2534 3233 2587 τὸ
3277 2534 3346 2587 τὰ
3379 2533 3487 2586 τῶν
3532 2533 3673 2586 νέων

2088 2627 2510 2698 ὑπεκκαύματα,
2534 2627 2634 2691 τὰς
2668 2626 2908 2699 ἑταίρας,
2944 2625 3282 2698 ἀναιρεῖσθαι
3310 2625 3418 2680 άπὸ
3440 2625 3544 2696 τῆς
3569 2642 3675 2678 uto-

2087 2720 2290 2782 λιτείας
2306 2719 2500 2775 αὑτῶν.
2537 2715 2642 2772 Ἦν
2675 2719 2730 2771 δέ
2761 2721 2854 2772 καὶ
2887 2719 3215 2790 δικαστήρια
3253 2716 3362 2774 τῶν
3398 2716 3675 2770 δικαιοτάο

2087 2830 2232 2880 των,
2270 2814 2364 2865 καὶ
2418 2810 2696 2876 ἀπόδειξιν
2746 2810 2933 2879 ὑγιοῦς
2971 2809 3086 2880 βίου
3132 2809 3309 2881 πολλῷ
3362 2809 3674 2862 δεδωκότων

2087 2905 2285 2976 χρόνῳ,
2320 2904 2724 2973 πιστευομένων
2750 2901 2852 2966 τὰς
2885 2903 3114 2972 κρίσεις·
3147 2903 3341 2964 οἵτινες
3372 2900 3460 2952 διά
3488 2899 3548 2952 τὸ
3569 2917 3675 2952 xu-

2089 2997 2252 3070 θαρδν
2280 2993 2410 3068 ἦθος
2440 2997 2531 3048 καὶ
2556 2995 2614 3047 τὸ
2643 2995 2781 3067 ὑπὲρ
2813 2994 3096 3068 ἄνθρωπον
3124 2993 3366 3062 ἐλέγοντο
3394 2988 3532 3046 εἷναι.
3559 2992 3677 3046 θεοῖ

2089 3089 2301 3160 πατρίῳ
2337 3089 2443 3142 τινὶ
2486 3087 2756 3141 Ἰουδαίων
2786 3087 2916 3140 ἔθει.
2955 3087 3068 3139 Καὶ
3095 3082 3168 3158 ἦν
3205 3086 3331 3138 ἰδεῖν
3366 3085 3516 3148 ἔθνος
3547 3084 3675 3138 ὅλον

2086 3179 2427 3250 φιλοσοφοῦν,
2464 3181 2557 3232 καὶ
2588 3179 2675 3231 διὰ
2711 3179 2810 3249 τὴν
2841 3179 2976 3249 πρὸς
3002 3179 3062 3230 τὸ
3097 3177 3315 3232 ἀκούειν
3356 3176 3464 3230 τῶν
3509 3176 3677 3229 θείων

2085 3273 2263 3344 νόμων
2295 3272 2490 3346 σχολὴν
2525 3271 2590 3324 τὰ
2618 3270 2927 3341 καλούμενα
2958 3269 3211 3322 Σάϐϐατα
3231 3310 3245 3333 ,
3280 3270 3373 3322 καὶ
3399 3269 3455 3322 αἱ
3483 3267 3676 3321 λοιπαὶ

2086 3363 2215 3434 παρ’
2245 3365 2424 3427 αὐτοῖς
2442 3365 2626 3434 ἑορταὶ
2645 3363 2907 3430 ἐγίνοντο.
2938 3361 3006 3413 Τί
3039 3361 3094 3414 δὲ
3114 3362 3192 3414 δεῖ
3204 3361 3381 3429 λέγειν
3414 3359 3542 3436 περὶ
3571 3359 3676 3430 τῆς

2085 3453 2291 3518 τάξεως
2308 3455 2407 3524 τῆς
2426 3455 2534 3509 τῶν
2562 3456 2688 3526 παρ’
2709 3455 2892 3517 αὐτοῖς
2913 3454 3102 3524 ἱερέων
3131 3453 3222 3506 καὶ
3242 3452 3459 3515 θυσιῶν,
3499 3451 3674 3522 μυρία

2087 3545 2149 3597 σύ
2159 3546 2328 3614 μϐολα
2340 3546 2708 3616 περιεχουσῶν
2719 3549 2826 3609 τοῖς
2843 3543 3670 3616 φιλομαθέσι(5)σαιρηνιζόμενα;

2169 3635 2304 3686 Ἀλλ’
2359 3635 2481 3688 ἐπεὶ
2533 3635 2683 3688 οὐδὲν
2736 3634 2948 3705 βέϐαιον
3012 3635 3070 3686 ἐν
3120 3632 3436 3705 ἀνθρωπίνῃ
3486 3631 3669 3702 φύσει,

2085 3727 2254 3798 ἐχρῆν
2286 3728 2548 3797 κάκείνην
2581 3728 2678 3796 τὴν
2704 3726 2978 3779 πολιτείαν
3009 3724 3148 3778 κατᾶ
3177 3723 3349 3796 βραχὺ
3380 3723 3672 3792 καταφθει-

2089 3819 2326 3890 ρομένην
2359 3819 2764 3890 ἐκδιαιτηθῆναι
2936 3819 2998 3870 Ἠ
3023 3819 3257 3889 Πρόνοια
3289 3819 3345 3871 δὲ
3378 3818 3438 3870 τὸ
3474 3817 3670 3888 σεμνὸν

2083 3911 2177 3963 τοῦ
2203 3911 2360 3979 λόγου
2387 3911 2566 3964 αὑτῶν
2600 3909 2946 3981 ἁρμοζόντως
2978 3913 3088 3973 τοῖς
3123 3909 3401 3980 πανταχοῦ
3431 3908 3570 3962 κατὰ
3598 3908 3669 3962 τὰ

2088 4001 2315 4071 δεόμενα
2350 4001 2761 4071 μεταποιήσεως
2810 4002 3255 4071 μεταποιήσασα,
3301 4001 3415 4052 ἀντ’
3445 3997 3668 4052 ἐκείνων

2086 4097 2200 4156 τοῖς
2227 4093 2332 4145 ἀπὸ
2361 4091 2468 4144 τῶν
2502 4090 2775 4161 πανταχοῦ
2809 4091 3111 4163 ἀνθρώπων
3144 4090 3456 4142 πιστεύουσι
3487 4105 3668 4158 παρα-

2089 4186 2287 4238 δέδωκε
2330 4185 2428 4254 τὴν
2481 4183 2685 4254 σεμνὴν
2733 4183 2872 4236 κατά
2930 4183 3022 4236 τὸν
3083 4182 3290 4254 Ἰησοῦν
3327 4181 3663 4234 θεοσέϐειαν.

2091 4276 2280 4338 Ὅστις
2325 4277 2384 4327 οὑ
2419 4276 2579 4345 μόνον
2617 4276 2854 4339 συνέσει,
2899 4274 3033 4326 άλλά
3077 4274 3170 4326 καὶ
3215 4273 3336 4344 θείᾳ
3373 4254 3537 4344 μοίρᾲ
3578 4290 3671 4325 κο-

2089 4366 2339 4437 σμηθεὶς,
2363 4368 2454 4418 καὶ
2482 4365 2802 4419 καταϐαλὼν
2819 4365 2894 4436 (7)
2917 4365 3008 4417 τὸν
3035 4366 3160 4435 περὶ
3182 4364 3289 4417 τῶν
3313 4364 3405 4417 ἐπὶ
3439 4365 3540 4434 γῆς
3557 4363 3672 4416 δαι-

410 4456 556 4510 ditus
581 4456 781 4510 evertit
810 4455 1128 4526 religionem
1167 4455 1512 4510 terrestrium
1541 4457 1870 4522 dzcmonum,
1893 4457 1986 4524 qui

2099 4458 2276 4528 μόνων
2306 4457 2482 4524 λόγον,
2519 4454 2801 4525 λιϐανωτῷ
2831 4456 2925 4507 καὶ
2954 4456 3145 4524 αἵματι
3167 4456 3260 4507 καὶ
3286 4457 3404 4518 ταῖς
3428 4453 3534 4506 ἀπὸ
3568 4453 3668 4522 τῆς

407 4549 587 4604 thuris
612 4549 782 4612 fumo,
815 4563 1016 4602 cruore
1051 4557 1107 4601 et
1143 4548 1336 4602 nidore
1357 4549 1650 4614 delectati,
1681 4551 1858 4604 instar
1888 4547 1987 4602 Ti-

413 4649 596 4694 tanum
649 4649 706 4692 et
741 4640 1033 4707 Gigantum
1070 4654 1206 4711 quos
1235 4626 1452 4694 Tabula:
1490 4642 1793 4706 celebrant,
1830 4657 1858 4695 a
1894 4645 1986 4697 Dei

410 4727 720 4794 cognitione
746 4727 998 4782 homines
1029 4727 1410 4783 distrahebant
1447 4747 1460 4783 :
1498 4739 1553 4783 et
1584 4745 1811 4784 securus
1845 4732 1984 4786 insi-

410 4818 622 4871 diarum
653 4832 790 4888 quas
819 4817 1119 4874 moliuntur
1148 4821 1390 4875 maxime
1421 4820 1599 4889 bonis,
1637 4820 1782 4891 leges
1805 4823 1988 4890 posuit

1297 4961 1340 4993 ⁸⁸
1385 4960 1519 5016 Ibid.
1555 4962 1640 5016 19.

990 5030 1035 5060 ⁸⁸
1069 5029 1214 5087 Psal.
1247 5047 1433 5095 LXXXI,
1474 5035 1522 5085 1.

480 4955 528 5028 ⁸)
561 4953 718 5010 Deut.
755 4973 828 5028 ιν,
868 4957 930 5012 16
952 4969 1002 5012 et
1031 4973 1186 5028 seqq.

410 5024 458 5060 ⁸⁸
487 5027 644 5082 Deut.
699 5043 742 5092 ι,
772 5027 860 5083 15.

411 5147 606 5226 κίμους
636 5147 730 5226 xu}
746 5146 1263 5226 γλαφυρὰς-τέχνας,
1285 5148 1618 5226 ζωγραφίαν
1629 5154 1722 5226 καὶ
1746 5155 1994 5226 ἀνδριαν-

407 5215 897 5293 τοποιίανηέκρτης
926 5215 1232 5293 καθ’-αὑτὸν
1261 5215 1535 5293 πολιτείας
1560 5215 1854 5293 ἐξήλασενί
1886 5227 1989 5289 ὄτι,

413 5287 505 5408 την
538 5286 632 5339 τοῦ
671 5286 904 5358 ἀληθοῦς
945 5288 1270 5360 ψευδόμεναι
1305 5292 1487 5359 φύσιν,
1524 5286 1738 5356 ἀπάτας
1779 5296 1872 5348 καὶ
1905 5286 1992 5348 σοβ-

413 5373 444 5408 ω
476 5374 654 5408 suam
703 5359 770 5408 δι’
800 5359 1093 5408 ὀφθαλμῶν
1140 5360 1339 5408 Φωναῖς
1369 5362 1785 5408 εὑπαοαγιέιγοιε
1813 5381 1990 5408 τεννι-

407 5359 654 5434 φίσματα
703 5359 1093 5434 δι’ᾼόφθαλμῶν
1119 5359 1785 5434 ψυχαῖςγεὺπαραγωγοις
1813 5381 1990 5434 τεχνι-

406 5426 676 5500 τεὺουσιν.
715 5446 734 5480 ι
773 5426 952 5494 Quare
981 5426 1040 5484 ἐι
1075 5426 1320 5485 celebres
1349 5432 1468 5486 illas
1507 5426 1558 5484 et
1589 5426 1988 5500 elegantes'ar-

412 5508 515 5571 tes,
552 5497 817 5571 picturam
851 5510 904 5553 et
931 5500 1292 5571 sculpturam,
1317 5515 1346 5554 e
1376 5517 1471 5555 sua
1492 5501 1653 5569 eiecit
1680 5497 1984 5571 republica,

409 5566 531 5644 quia
555 5567 690 5644 γει-ἰ.
712 5579 959 5644 naturam
993 5566 1119 5644 dum
1151 5566 1684 5644 mentiunturgdolos
1699 5566 1761 5644 et
1785 5566 1988 5642 praastil

410 5635 524 5699 gias
553 5635 823 5689 fabricant
854 5640 1052 5695 animis
1082 5641 1402 5696 ductilibus.
1443 5661 1463 5695 ι
1496 5635 1636 5698 Vide
1670 5635 1982 5699 Hecatzcum

409 5704 550 5786 apud
583 5703 872 5786 J_o.scp‘hum
901 5709 996 5763 lib.
1028 5726 1070 5775 ι,
1107 5712 1464 5786 ἱῃ-Αρὶοηεηι,
1497 5711 1796 5786 Joseplium
1844 5716 1985 5774 libro

408 5785 445 5828 It
498 5783 680 5828 contra
722 5775 994 5849 Apionem,
1033 5792 1085 5837 et
1137 5775 1382 5840 Tacitum
1413 5784 1505 5840 lib.
1535 5801 1565 5842 v
1601 5775 1805 5844 Histor.

1754 4964 1799 4995 ⁸³
1849 4963 2009 5019 Deut.

2097 4549 2326 4618 κνίσσης
2362 4547 2436 4616 (8)
2463 4546 2859 4616 ἀναθυμιάσεσι
2907 4546 3236 4616 χαιρόντων,
3282 4546 3377 4598 καὶ
3419 4546 3542 4608 τοὺς
3573 4545 3670 4597 ἀν-

2095 4640 2123 4693 θ
2135 4639 2346 4711 ρώπους
2366 4639 2776 4692 κατασπώντων
2799 4638 2950 4710 δίκην
2967 4637 3075 4690 τῶν
3106 4638 3485 4709 μυθευομένων
3509 4638 3670 4690 Τιτά-

2095 4749 2200 4786 νων
2226 4733 2259 4803 ἢ
2294 4732 2569 4801 Γιγάντων
2593 4732 2700 4784 ἀπὸ
2725 4734 2825 4804 τῆς
2850 4733 2976 4805 περὶ
2998 4732 3132 4785 Θεοῦ
3169 4733 3392 4796 ἐννοίας’
3422 4732 3581 4796 αὑτὸς
3607 4732 3668 4785 οὐ

2098 4825 2389 4896 φροντίσας
2418 4827 2516 4897 τῆς
2558 4825 2850 4896 ἐπιϐουλῆς
2881 4825 3060 4880 αὐτῶν
3103 4825 3558 4880 ἐπιϐουλευόντων
3593 4825 3667 4918 (9)

2077 4981 2235 5031 xxui,
2293 4967 2340 5022 1.
2443 4967 2489 5000 ³³
2531 4967 2689 5034 lbid.,
2741 4969 2830 5023 17.
2905 4969 2952 5001 ⁸⁵
2995 4969 3169 5025 Exod.
3214 4984 3370 5034 xvtu,
3416 4967 3509 5036 21,
3553 4979 3662 5024 etc.

2172 5155 2249 5228 (5)
2284 5155 2456 5228 codd.
2491 5155 2714 5228 Regius
2764 5168 2820 5212 et
2863 5155 3030 5212 Basil.
3093 5154 3463 5228 φιλομαθέσι;
3525 5151 3663 5209 libb.

2099 5226 2251 5288 editi,
2279 5225 2656 5294 φιλομαθοῦσι.

2170 5295 2248 5365 (6)
2295 5295 2786 5364 Ἐκδιαιτηθῆναι.
2833 5297 3026 5353 Guieto
3056 5297 3272 5352 videtur
3319 5297 3664 5349 scribendum

2093 5365 2522 5436 ἐκδιατριϐῆναι,
2561 5377 2615 5420 et
2661 5368 2820 5436 paulo
2845 5378 2965 5434 post
2990 5368 3132 5421 κατὰ
3148 5367 3458 5438 τὰδεόμενα
3499 5379 3664 5437 μετα-

2092 5439 2340 5506 ποιήσεσι
2376 5438 2814 5506 μεταποιήσασα,
2852 5449 2961 5492 etc.

2163 5505 2240 5576 (7)
2275 5505 2656 5561 Καταόαλώκ.
2679 5509 2770 5561 Sic
2800 5518 2943 5562 recte
2966 5507 3134 5562 codex
3157 5506 3404 5563 Jolianus
3428 5505 3663 5561 secunda

2097 5592 2280 5630 manu.
2312 5576 2462 5628 Libri
2493 5578 2643 5638 editi,
2689 5577 3030 5629 καταλαϐών.
3625 5634 3638 5643 _

2165 5646 2602 5770 (ωὖῖξνίσσης.
2661 5647 2795 5702 Vide
2843 5647 3225 5702 adnotationes
3283 5647 3351 5702 ad
3406 5647 3504 5702 lib.
3565 5659 3660 5710 ut,

2172 5733 2243 5769 111.
2349 5754 2364 5769 σ
2563 5752 2569 5758 -

2095 5731 2243 5769 1111111.
2273 5731 2364 5769 οι).
2563 5752 2569 5758 ι

2167 5785 2243 5856 (9)
2281 5785 2620 5844 Ηωεριιοιὶιιε
2647 5786 2704 5846 in
2747 5795 2920 5854 textu,
2959 5786 3483 5854 ἐπιϐουλευομένων.
