3986 6164
337 265 470 320 1077

1497 259 1777 316 CONTRA
1811 258 2089 316 CELSUM
2132 258 2258 312 LIB.
2295 257 2385 316 ιν.

3446 255 3582 312 1078

339 381 571 452 μάλιστα
620 383 734 444 τοῖς
785 381 1071 451 βελτίοσιν,
1121 380 1273 433 ἔθετο
1303 380 1522 451 νόμους,
1565 381 1687 434 καθ’
1722 381 1814 444 οὒς
1857 399 1885 433 ο

2009 380 2206 449 quibus
2234 379 2327 449 qui
2365 376 2652 449 parebunt,
2675 376 2986 434 felicitatem
3016 385 3442 447 consequentur.
3467 377 3578 432 Nec

339 471 578 541 βιοῦντες
610 475 868 544 μακάριοι
901 472 1134 526 ἔσονται·
1188 471 1453 542 μηδαμῶς
1483 474 1610 537 τοὺς
1648 475 1910 543 δαίμονας

336 563 422 618 5ιά
442 563 550 617 τῶν
579 565 781 618 θυσιῶν
814 563 1233 628 κολακεύοντες,
1276 565 1372 616 καὶ
1419 565 1594 634 πάντη
1638 582 1911 636 καταφρο-

339 657 548 719 νοῦντες
569 657 782 722 αὐτῶν,
827 657 913 710 διὰ
954 658 1046 710 τὸν
1096 654 1390 728 βοηθοῦντα
1428 656 1520 708 τοῦ
1571 656 1705 708 Θεοῦ
1737 659 1908 724 Λόγον

335 752 443 812 τοῖς
473 749 585 802 ἄνω
618 750 713 802 καὶ
743 749 879 821 πρὸς
916 750 1047 802 Θεὸν
1095 749 1368 818 βλέπουσι.
1404 748 1512 801 Καὶ
1556 749 1677 801 ἐπεὶ
1721 750 1748 799 ό
1777 748 1908 811 Θεὸς

331 839 581 892 ἐϐούλετο
619 840 887 910 κρατῆσαι
918 841 974 891 ἐν
1002 843 1115 900 τοῖς
1137 839 1442 909 ἀνθρώποις
1472 838 1562 890 τὸν
1595 837 1686 890 τοῦ
1734 836 1906 907 Ἰησοῦ

329 927 510 998 λόγον,
553 932 705 984 οὐδὲν
760 929 1073 999 δεδύνηνται
1105 929 1393 1000 δαίμονες,
1439 930 1681 997 καίτοιγε
1730 929 1906 981 πάντα

330 1021 512 1075 κάλων
561 1023 880 1093 κινήσαντες
910 1020 1044 1091 (10),
1103 1021 1190 1072 ἵνα
1237 1021 1311 1091 μὴ
1344 1019 1663 1090 Χριστιανοὶ
1715 1018 1904 1090 μηκέτ’

329 1109 453 1167 ὦσι·
494 1113 620 1178 τούς
666 1131 726 1166 τε
768 1115 876 1186 γὰρ
907 1113 1310 1184 βασιλεύοντας,
1363 1114 1456 1166 καὶ
1475 1111 1573 1182 τὴν
1607 1111 1905 1181 σύγκλητον

332 1206 524 1277 βουλὴν
543 1245 556 1269 ,
587 1207 679 1260 καὶ
704 1207 829 1269 τοὺς
853 1207 1121 1277 ἄρχοντας
1142 1203 1423 1273 πανταχοῦ
1446 1244 1460 1269 ,
1490 1204 1626 1256 ἀλλὰ
1657 1204 1751 1256 καὶ
1780 1203 1906 1264 τοὺς

327 1295 533 1367 δήμους
562 1298 780 1361 αὐτοὺς,
802 1300 903 1351 οὐκ
919 1296 1342 1367 αἰσθανομένους
1363 1297 1462 1366 τῆς
1481 1295 1675 1363 ἀλόγου
1697 1296 1790 1348 καὶ
1811 1312 1906 1346 πο-

327 1389 500 1458 νηρᾶς
520 1388 632 1442 τῶν
649 1389 920 1459 δαιμόνων
943 1389 1244 1460 ἐνεργείας,
1270 1385 1600 1456 ἐξετάραξαν
1635 1386 1776 1438 κατὰ
1807 1388 1902 1438 τοῦ

327 1478 489 1546 λόγου
520 1480 614 1532 καὶ
634 1480 744 1532 τῶν
780 1481 1142 1532 πιστευόντων
1166 1481 1244 1542 είς
1279 1478 1461 1530 αὐτόν·
1487 1478 1600 1530 ἀλλ’
1620 1478 1649 1529 ὁ
1688 1478 1904 1530 πάντων

327 1569 595 1623 δυνατώτε
605 1587 693 1640 ρος
703 1569 798 1622 τοῦ
811 1571 944 1622 Θεοῦ
962 1570 1132 1639 Λόγος
1157 1571 1251 1623 καὶ
1267 1568 1608 1640 κωλυόμενος
1625 1610 1637 1633 ,
1662 1569 1903 1639 ὡσπερεὶ

328 1661 535 1730 τροφὴν
571 1661 708 1731 πρὸς
739 1661 802 1714 τὸ
833 1660 1017 1725 αὔξειν
1039 1662 1100 1714 τὸ
1120 1661 1421 1716 κωλύεσθαι
1448 1661 1557 1731 (11)
1586 1660 1899 1731 λαμϐάνων,

327 1749 632 1820 προϐαίνων
651 1791 665 1815 ,
699 1750 950 1826 πλείονας
991 1751 1213 1820 ἐνέμετο
1241 1750 1436 1819 ψυχάςο
1461 1750 1592 1813 Θεὸς
1621 1749 1730 1820 γὰρ
1756 1749 1901 1803 τοῦτ’

324 1837 594 1892 ἐϐούλετο,
623 1837 808 1892 Ταῦτα
833 1839 876 1891 δ’
893 1841 1024 1909 ἡμῖν
1052 1841 1100 1890 εί
1127 1839 1222 1892 καὶ
1244 1842 1300 1892 ἐν
1325 1838 1789 1910 παρεκϐάσειωὲ)
1815 1839 1906 1896 λέ-

323 1930 533 1996 λεκται,
553 1932 688 1985 ἀλλά
703 1934 1012 2002 ἀναγκαίως
1027 1929 1198 2003 οἶμαι.
1218 1934 1580 2004 Ἐϐουλόμεθα
1605 1935 1675 2003 γὰ
1683 1953 1714 2006 ρ
1729 1936 1904 1988 ἀπανο

321 2023 488 2092 τῆσαι
519 2025 655 2095 πρὸς
688 2025 749 2077 τὸ
774 2027 902 2096 περι
937 2026 1207 2079 Ἰουδαίων
1243 2027 1346 2079 ὑπὸ
1376 2027 1468 2080 τοῦ
1505 2027 1712 2080 Κέλσου
1745 2028 1900 2094 λεγό-

326 2129 503 2182 μενον,
536 2114 616 2166 ὅτι
645 2114 706 2185 δὴ
728 2134 744 2164 ε
773 2115 864 2168 ἀπ’
888 2114 1162 2183 Αἰγύπτου
1186 2115 1447 2187 δραπέται
1466 2116 1743 2184 γεγόνασι,
1767 2135 1784 2164 ι
1807 2115 1900 2168 καὶ

321 2206 402 2258 ὅτι
425 2223 444 2255 σ
469 2206 631 2276 μηδὲν
655 2204 861 2260 πώποτ’
879 2207 1155 2276 ἀξιόλογον
1180 2228 1197 2258 ιι
1215 2210 1264 2261 οί
1281 2207 1376 2262 ἄνθ
1385 2225 1554 2278 ρωποι
1569 2211 1616 2260 οἱ
1635 2207 1898 2276 Θεοφιλεῖς

323 2293 581 2366 ἔπραξαν.
610 2318 627 2347 ι
671 2296 830 2350 Ἀλλά
856 2299 950 2351 καὶ
973 2299 1108 2370 πρὸς
1129 2298 1213 2364 τὸ,
1247 2318 1265 2351 ι
1307 2298 1418 2351 οὔτ’
1448 2301 1504 2352 ἐν
1537 2299 1678 2368 λόγῳ
1706 2297 1816 2350 οὔτ’
1841 2301 1898 2350 ἐν

319 2387 540 2458 ἀριθμῴ
557 2389 832 2460 γεγόνασι,
847 2407 864 2440 ι
883 2391 1082 2461 φαμὲν,
1097 2392 1177 2443 ὅτι
1199 2411 1216 2441 ‹
1238 2390 1313 2453 ὡς
1327 2391 1482 2459 γένος
1511 2389 1764 2443 ἐκλεκτὸν
1799 2391 1894 2442 καὶ

321 2484 588 2554 βασίλειον
611 2479 906 2554 ἱεράτευμα
937 2501 956 2533 ›
983 2481 1411 2552 ἀναχωροῦντες,
1433 2483 1527 2534 καὶ
1550 2482 1890 2544 ἐκκλίνοντες

316 2575 416 2644 τὴν
449 2575 584 2644 πρὸς
605 2576 729 2636 τοὺς
748 2571 979 2634 πολλοὺς
1003 2572 1303 2643 ἐπιμιξίαν,
1338 2573 1424 2625 ἵνα
1447 2572 1519 2643 μὴ
1549 2572 1894 2644 διαφθαρεῖεν

318 2664 388 2716 τὰ
413 2663 517 2734 ἤθη
537 2705 550 2726 ,
593 2660 956 2735 ἐφρουροῦντο
986 2661 1090 2714 ὑπὸ
1125 2663 1224 2732 τῆς
1249 2663 1413 2729 θείας,
1436 2661 1734 2732 δυνάμεωςο
1783 2661 1892 2715 οὔτ’

318 2754 728 2825 ἐπιθυμοῦντες,
759 2756 833 2818 ὡς
861 2755 910 2808 οί
943 2753 1126 2807 πολλοὶ
1163 2754 1270 2827 τῶν
1298 2753 1618 2825 ἀνθρώπων,
1652 2754 1893 2826 προσλα-

317 2846 432 2898 ϐεῖν
455 2849 666 2910 ἑαυτοῖς
705 2847 868 2911 ἄλλας
911 2846 1216 2918 βασιλείας,
1252 2845 1376 2900 οὔτε
1417 2847 1890 2918 καταλειπόμενοι,

313 2936 388 2999 ὼς
423 2935 511 2989 διὰ
543 2936 642 3008 τὴν
668 2938 956 3007 ὀλιγότητα
985 2935 1462 2998 εύεπιϐουλεύτους
1503 2936 1700 2998 αὐτοὺς
1738 2934 1891 3003 γενέ-

317 3033 460 3098 σθαι,
488 3031 580 3085 καὶ
606 3032 680 3094 ὡς
711 3030 801 3082 ἐπὶ
838 3032 902 3099 τῇ
935 3027 1041 3098 (15)
1069 3027 1337 3102 ὀλιγότητι
1364 3028 1532 3098 ἄρδην
1574 3026 1885 3080 ἀπολέσθαι.

314 3125 426 3178 Καὶ
453 3123 596 3177 τοῦτ’
630 3123 858 3191 ἐγίνετο,
884 3122 1006 3173 ὅσον
1026 3119 1104 3172 ἔτι
1130 3115 1269 3190 ἦσαν
1301 3119 1441 3185 ἄξιοι
1474 3118 1574 3189 τῆς
1611 3119 1720 3172 ἀπὸ
1749 3117 1884 3172 Θεοῦ

315 3217 576 3286 φρουρᾶς.
609 3216 737 3267 Ὅτε
765 3215 807 3266 δ’
837 3213 1001 3282 ἐχρῆν
1025 3211 1241 3274 αὐτοὺς,
1273 3211 1349 3275 ὡς
1375 3211 1494 3264 ὃλον
1521 3209 1672 3274 ἔθνος
1703 3212 1883 3282 ἁμαρ-

313 3303 496 3368 τάνον,
537 3303 624 3357 διά
667 3304 840 3356 πόνων
883 3302 1304 3371 ἐπιστρέφεσθαι
1342 3302 1477 3373 πρὸς
1504 3302 1594 3354 τὸν
1627 3302 1759 3356 Θεὸν
1794 3305 1886 3357 αύ-

312 3394 443 3458 τῶν,
470 3396 558 3447 ότέ
609 3394 706 3464 μὲν
751 3393 842 3446 ἐπὶ
879 3391 1081 3454 πλεῖον,
1109 3393 1198 3444 ότέ
1229 3393 1272 3444 δ’
1296 3392 1380 3443 ἐπ’
1415 3391 1633 3444 ἔλαττον
1657 3392 1884 3458 ἐγκατε-

309 3485 574 3537 λείποντοε
606 3483 710 3546 ἕως
730 3483 822 3536 ἐπὶ
848 3482 1133 3552 Ῥωμαίων
1157 3481 1252 3554 τὴν
1281 3483 1540 3553 μεγίστην
1562 3485 1884 3553 ποιήσαντες

307 3577 580 3648 ἁμαρτίαν
603 3578 660 3628 ἐν
689 3575 766 3646 τῷ
793 3575 1106 3628 ἀποκτεῖναι
1137 3574 1227 3626 τὸν
1270 3573 1504 3643 Ἰησοῦν,
1553 3573 1755 3627 τέλειον
1788 3576 1880 3642 ἐγ-

307 3665 758 3736 κατελείφθησαν.

388 3756 545 3826 *Εξῆς
597 3757 656 3810 δέ
711 3755 921 3818 τούτοις
971 3756 999 3808 ὀ
1051 3755 1258 3818 Κέλσος
1305 3755 1608 3826 ἐπιτρέχων
1648 3755 1716 3809 τά
1773 3758 1880 3810 ἀπὸ

303 3847 404 3922 τῆς
433 3848 541 3919 (14)
567 3847 786 3920 πρώτης
814 3849 996 3918 βίϐλου
1026 3847 1321 3911 Μωῦσέως,
1340 3850 1460 3918 ἥτις
1483 3850 1880 3918 ἐπιγέγραπται

307 3939 546 4008 Γένεσις,
610 3942 792 4010 φησὶν,
824 3940 899 4003 ὡς
931 3937 1039 4009 ἄρα
1077 3959 1095 3990 ι
1137 3940 1497 4010 ἐπεχείρησαν
1531 3942 1879 4009 γενεαλογεῖν

304 4032 502 4094 αὐτοὺς
527 4033 634 4084 ἀπὸ
675 4031 897 4102 πρώτης
926 4033 1135 4098 σπορᾶς
1163 4033 1374 4101 γοήτων
1417 4034 1509 4084 καὶ
1545 4033 1760 4085 πλάνων
1795 4034 1881 4085 ἀν-

304 4121 556 4193 θρώπων,
581 4122 825 4194 ἀμυδρὰς
857 4125 951 4174 καὶ
984 4122 1314 4192 ἀμφιϐόλους
1357 4121 1568 4190 φωνὰς,
1604 4125 1660 4174 ἐν
1705 4125 1879 4192 σκότῳ

303 4231 412 4265 που
446 4213 739 4284 κρυφίους,
784 4213 1313 4284 ἐπιμαρτυρόμενοι,
1365 4213 1458 4264 καὶ
1490 4216 1602 4275 τοῖς
1642 4213 1878 4282 ἀμαθέσι

302 4309 396 4361 καὶ
426 4308 672 4376 ἀνοήτοις
696 4305 1185 4376 παρεξηγούμενοι·
1228 4306 1321 4357 καὶ
1363 4305 1536 4358 ταῦτα
1587 4305 1718 4376 μηδὲ
1764 4305 1877 4358 πώ-

2007 472 2122 542 jam
2153 471 2372 542 quidem
2407 485 2543 540 opus
2581 479 2666 525 est
2696 478 2755 523 ut
2787 470 3026 525 victimis
3067 471 3342 524 daenmncs
3371 469 3580 524 deumt-

2012 573 2188 618 ceam.
2229 561 2344 617 lmo
2377 562 2495 617 illos
2529 564 2866 630 contemptui
2902 561 3137 626 habent,
3175 558 3301 616 freti
3335 559 3540 621 auxilio
3562 597 3579 624 ,

2011 667 2120 721 quo
2150 651 2242 706 Dei
2275 653 2507 707 Verbum
2535 653 2724 706 oculos
2770 667 2985 706 sursum
3017 651 3083 704 ad
3119 652 3286 705 Deum
3314 653 3579 722 erigenti-

2010 743 2110 797 bus
2144 744 2412 799 subvenit.
2441 743 2506 797 Et
2541 744 2668 812 quia
2699 743 2788 797 Dei
2820 742 3070 797 voluntas
3103 750 3254 807 erat,
3315 754 3373 797 ut
3435 743 3580 798 inter

2009 832 2259 886 homines
2293 832 2420 887 Jesu
2457 835 2706 888 doctrina
2745 835 3104 889 invalesceret
3127 873 3142 899 ,
3177 835 3318 889 irriti
3357 834 3578 890 fuerunt

2009 937 2202 976 omnes
2261 923 2564 976 daemonum
2596 933 2870 979 conatus:
2925 941 3234 995 quanquam
3295 927 3580 982 machinas

2008 1011 2378 1066 adhibuerunt
2413 1028 2599 1068 omnes
2625 1053 2640 1080 ,
2669 1024 2728 1067 ut
2759 1004 3049 1070 Christiani
3087 1017 3318 1086 amplius
3349 1034 3453 1087 non
3491 1032 3582 1072 cs-

2008 1111 2150 1156 sent.
2188 1101 2365 1174 Reges
2391 1105 2554 1168 enim,
2585 1115 2830 1172 senatus,
2857 1107 3149 1177 principes,
3185 1109 3409 1178 populos
3431 1109 3578 1184 ipsos

2008 1194 2134 1248 mali
2171 1195 2467 1266 injustique
2510 1197 2748 1266 ipsorum
2790 1198 3017 1268 incoepti
3058 1200 3276 1270 ignaros
3313 1201 3575 1257 incendes

2007 1295 2138 1341 runt
2172 1287 2225 1341 in
2261 1287 2577 1358 religionem
2613 1289 2987 1346 Christianam
3020 1307 3223 1363 eosque
3271 1297 3361 1365 qui
3418 1298 3484 1351 ad
3522 1298 3580 1350 il-

2006 1379 2111 1431 lam
2150 1380 2613 1436 adlimrescebant.
2643 1381 2748 1436 Sed
2788 1382 3028 1438 Verbum
3075 1385 3164 1438 Dei
3205 1386 3291 1438 vel
3341 1387 3580 1456 impedi-

2007 1476 2117 1523 tum
2149 1469 2349 1525 fortius
2384 1472 2643 1528 omnibus
2675 1473 2808 1540 fuit,
2843 1483 2894 1528 et
2933 1477 3091 1544 quasi
3141 1477 3283 1533 vires
3331 1494 3397 1533 ex
3444 1482 3576 1550 ipsis

2005 1559 2410 1628 impedimentis
2439 1563 2840 1630 accessissent,
2872 1567 3049 1635 magis
3092 1564 3256 1638 526
3297 1571 3576 1645 magisque

2004 1665 2350 1721 progressum
2396 1662 2479 1706 est
2529 1663 2585 1708 et
2634 1654 2940 1710 uberiorem
2976 1657 3282 1712 animai-mn
3335 1671 3575 1730 segetem

2004 1744 2249 1797 messuit.
2286 1743 2428 1799 Deus
2455 1745 2602 1800 enim
2651 1747 2725 1800 ita
2775 1747 3016 1803 volebat.
3046 1749 3225 1818 Atque
3250 1753 3382 1817 haec,
3439 1763 3577 1807 tam-

2002 1836 2104 1890 etsi
2155 1851 2184 1888 a
2243 1838 2524 1906 proposito
2553 1841 2860 1906 avocarint,
2882 1843 3188 1896 necessaria
3215 1853 3394 1900 tamen
3419 1845 3572 1902 duxi.

2001 1929 2299 1986 Occursum
2332 1932 2476 1986 enim
2507 1931 2754 1986 volebam
2791 1934 2856 2009 iis
2885 1950 3005 2004 quae
3035 1936 3226 1993 Celsus
3254 1937 3455 1994 Judaeis
3477 1941 3576 1995 ob-

1995 2023 2157 2092 jecit:
2222 2043 2242 2077 ι
2301 2041 2394 2081 eos
2427 2026 2596 2082 fuisse
2655 2043 2846 2085 servos
2896 2031 3157 2100 fugitivos
3207 2047 3273 2089 ex
3335 2032 3574 2107 Egypto

2001 2132 2270 2186 egressos,
2309 2136 2326 2169 ι
2359 2129 2577 2188 gentem
2614 2121 2758 2175 illam
2797 2122 2903 2177 Deo
2932 2123 3154 2178 cltaram
3200 2143 3218 2177 ι
3269 2127 3433 2183 nullis
3473 2145 3573 2182 un-

1999 2224 2162 2278 quam
2191 2206 2360 2264 fuisse
2392 2211 2554 2266 rebus
2585 2213 2750 2282 gesﬁs
2781 2213 3068 2281 insignem.
3108 2234 3125 2267 ι
3153 2214 3271 2270 lam
3308 2217 3372 2270 ad
3406 2220 3570 2286 istud,

2006 2315 2024 2348 ι
2060 2299 2204 2352 nullo
2232 2299 2283 2354 in
2314 2299 2432 2360 loco
2461 2301 2832 2367 illos,uulloin
2858 2321 3084 2361 numero
3109 2307 3272 2363 fuisse
3295 2310 3567 2374 habitos,»

2000 2392 2300 2460 respondeo
2337 2411 2355 2443 ‹
2391 2408 2488 2449 eos
2517 2401 2778 2463 tanquam
2819 2397 3048 2452 electum
3091 2414 3262 2469 genus
3291 2410 3346 2453 et
3388 2401 3571 2471 regale

1999 2483 2421 2536 sacerdotium"
2449 2504 2468 2537 ›
2495 2486 2814 2541 recedentes
2842 2502 2870 2541 a
2897 2487 3039 2558 vulgi
3064 2493 3474 2560 consuetudine,
3503 2510 3571 2549 ne

1997 2574 2078 2626 sui
2106 2588 2286 2628 mores
2317 2574 2440 2630 inde
2474 2575 2936 2644 depravarentur,
2977 2589 3120 2636 tutos
3165 2583 3361 2639 divinae
3416 2595 3572 2654 pote-

1996 2663 2154 2721 Statis
2181 2664 2436 2734 prazsidio
2456 2665 2647 2732 fuisse,
2681 2683 2780 2722 nec
2810 2683 2998 2739 regna,
3024 2671 3166 2739 quod
3191 2673 3432 2744 plerique
3465 2675 3570 2731 ho-

1998 2755 2204 2809 minum
2239 2755 2482 2820 faciunt,
2513 2758 2615 2812 sibi
2655 2760 2926 2828 subjicere
2960 2764 3432 2834 concupiscentes,
3469 2781 3568 2821 nec
3603 2833 3608 2838 _

1997 2846 2070 2898 ita
2107 2845 2402 2902 derelictos
2425 2858 2483 2903 ut
2513 2861 2736 2919 propter
2785 2866 2939 2906 suam
2983 2856 3314 2922 paucitatem
3353 2857 3564 2912 insidiis

1996 2933 2156 2989 facile
2179 2944 2448 3004 paterent,
2478 2947 2532 2992 et
2565 2940 2756 2993 eadem
2781 2939 2849 2995 de
2872 2956 3034 2996 causa
3075 2943 3290 3012 penitus
3320 2945 3566 3000 deleren-

1999 3034 2108 3079 tur.
2147 3028 2323 3095 Atque
2353 3027 2433 3081 sic
2459 3027 2711 3094 fuerunt,
2745 3032 2983 3098 quandiu
3039 3047 3098 3086 se
3139 3033 3327 3103 dignos
3355 3039 3566 3105 praesti-

1999 3130 2132 3182 tere,
2167 3133 2304 3188 quos
2332 3118 2474 3174 Deus
2504 3121 2822 3176 custodiret.
2856 3122 3082 3190 Quando
3099 3135 3278 3180 autem
3304 3142 3438 3196 opus
3463 3128 3566 3184 fuit

1994 3217 2052 3262 ut
2081 3225 2214 3279 gens
2268 3220 2379 3266 tota
2439 3213 2494 3266 in
2546 3224 2829 3281 peccatmn
2874 3215 3124 3285 prolapsa
3161 3217 3567 3276 calamitatibus

1993 3301 2059 3353 ad
2093 3299 2260 3355 Deum
2285 3316 2442 3356 suum
2479 3313 2853 3368 revocaretur,
2886 3315 3011 3361 tunc
3037 3308 3198 3361 modo
3225 3309 3291 3362 ad
3321 3311 3563 3373 brevius,

1993 3393 2235 3446 modoad
2260 3393 2470 3463 longius
2501 3404 2711 3463 tempus
2736 3395 2828 3448 Dei
2856 3397 3163 3464 patrocinio
3187 3399 3560 3456 deserebatur:

1993 3486 2166 3538 donec
2197 3479 2410 3538 tandem
2440 3485 2538 3539 sub
2566 3485 2831 3544 Rotnanis
2861 3503 2949 3541 rea
2995 3488 3136 3543 facta
3181 3491 3408 3545 maximi
3445 3494 3558 3548 cri-

1993 3575 2178 3642 minis,
2215 3575 2397 3629 occiso
2433 3573 2584 3639 Iesu,
2619 3577 2669 3629 in
2702 3585 2873 3630 totum
2905 3576 3167 3632 derelicta
3205 3587 3308 3632 est.

2063 3752 2152 3807 53.
2191 3751 2396 3806 Deinde
2427 3751 2616 3805 Celsus
2650 3753 2700 3805 in
2729 3751 2963 3820 primum
2994 3752 3194 3823 Moysis
3229 3753 3427 3810 librum
3452 3756 3562 3813 Ge-

1990 3843 2134 3897 nesis
2181 3843 2504 3911 inscriptum
2565 3843 2935 3898 incursionem
2970 3844 3177 3899 faciens
3216 3864 3230 3900 :
3269 3864 3286 3898 ι
3328 3847 3406 3901 ΙΙΞὶ
3432 3887 3449 3913 ,
3477 3849 3562 3902 inv

1987 3937 2122 4003 quit,
2155 3936 2391 4004 aggressi
2424 3951 2574 3990 suam
2600 3951 2768 4004 usque
2800 3951 2829 3990 a
2859 3937 3047 4005 primis
3089 3937 3478 4006 impostoribus
3502 3953 3560 3998 et

1987 4027 2285 4082 erronibus
2316 4036 2562 4094 repetere
2585 4029 2885 4097 originem,
2922 4029 3209 4097 obscuras,
3234 4032 3518 4102 ambiguas
3537 4074 3552 4098 ,

1987 4119 2226 4173 tenebris
2250 4119 2538 4174 obvolutas
2564 4134 2725 4175 voces
2765 4122 2816 4174 in
2868 4123 3240 4178 testimonium
3280 4125 3556 4180 adducunt

1986 4223 2184 4278 easque
2211 4212 2472 4278 imperitis
2493 4221 2548 4264 ct
2572 4213 2794 4282 rudibus
2825 4213 3558 4283 interpretantur;quamvis

1986 4299 2051 4353 de
2086 4300 2392 4368 huiusmodi
2425 4315 2481 4352 re
2521 4301 2706 4354 multis
2743 4310 2870 4354 ante
2926 4302 3140 4356 saeculis
3195 4302 3342 4357 nulla
3395 4303 3558 4359 fuerit

302 4400 421 4453 ποτ’
450 4400 505 4452 ἐν
545 4397 725 4468 πολλῷ
756 4397 834 4468 τῷ
873 4396 1108 4468 πρόσθεν
1153 4397 1328 4466 χρόνῳ
1377 4397 1470 4448 τοῦ
1509 4396 1710 4448 τοιοῦδε
1758 4397 1876 4466 μηδ’

1996 4396 2376 4450 controversia.
2419 4415 2437 4446 ι
2463 4397 2561 4451 llic
2590 4397 2719 4450 mihi
2748 4398 2979 4452 obscure
3001 4398 3226 4454 omnino
3249 4415 3403 4454 suam
3433 4416 3559 4469 ape-

299 4487 828 4560 ἀμφισϐητηθέντος.
867 4507 884 4539 ι
917 4486 1062 4552 Πάνυ
1086 4485 1129 4537 δ’
1154 4485 1380 4556 ἀσαφῶς
1406 4487 1461 4537 ἐν
1490 4486 1700 4549 τούτοις
1727 4486 1877 4540 δοκεῖ

301 4597 391 4652 μοι
415 4580 710 4651 εἰρηκέναι,
744 4579 882 4651 ὅπερ
916 4577 1181 4630 ἐϐούλετο.
1210 4577 1370 4640 Εἰκὸς
1401 4577 1456 4629 δέ
1483 4578 1576 4630 καὶ
1605 4577 1701 4647 τὴν
1734 4577 1888 4631 κατὰ·

296 4671 387 4724 τὸν
416 4671 581 4724 τόπον
613 4671 880 4739 ἀσάφειαν
912 4669 1386 4740 ἐπιτετηδευκέναι
1415 4669 1576 4721 αὑτὸν
1596 4709 1608 4731 ,
1643 4668 1870 4741 ἐπείπερ

297 4762 442 4832 ἐώρα
492 4762 707 4832 ἰσχυρὸν
755 4763 845 4833 τὸν
903 4760 1056 4830 λόγον
1105 4760 1195 4824 τὸν
1246 4759 1720 4832 κατασκευάζοντα
1763 4760 1871 4812 ἀπὸ

294 4851 508 4904 τοιωνδι
533 4853 812 4922 προγόνων
839 4849 976 4906 εἶναι
1006 4852 1066 4904 τὸ
1107 4851 1376 4904 Ἰουδαίων
1410 4851 1521 4921 (15)
1555 4851 1724 4914 ἔθνος.
1756 4852 1867 4905 Πά-

295 4943 380 4996 λιν
430 4945 475 4997 τ’
533 4940 599 4997 αὖ
655 4945 921 5016 ἐϐουλήθη
975 4945 1049 5015 μὴ
1106 4944 1281 4997 δοκεῖν
1355 4945 1568 5012 ἀγνοεῖν
1637 4945 1868 5014 πρᾶγμα

295 5035 426 5105 περὶ
470 5035 732 5087 Ἰουδαίων
767 5037 862 5088 καὶ
889 5034 984 5105 τοῦ
1026 5035 1220 5106 γένους
1267 5033 1446 5088 αὐτῶν
1483 5034 1584 5112 ούκ
1632 5036 1861 5110 εὐκατα-

363 5150 409 5184 "
446 5149 622 5206 Exod.
657 5167 771 5216 xix,
819 5152 872 5207 6.

365 5281 480 5358 (1-0)
511 5281 603 5358 S_i_c_
637 5285 1004 5358 m_s_s._l_legius
1030 5296 1084 5358 et
1113 5288 1460 5358 Basileensis.
1497 5290 1646 5345 Libri
1676 5300 1852 5344 autem

291 5353 446 5428 editi,
493 5354 644 5428 ούδέν
684 5355 741 5406 δὲ
774 5355 1027 5409 δύνανται
1069 5353 1355 5428 δαίμονες,
1397 5358 1640 5428 καίτοιγε
1681 5361 1859 5414 πάντα

289 5422 470 5494 κάλων
497 5426 836 5494 κινήσαντες.

357 5492 474 5564 (ll)
504 5495 571 5546 Τὸ
599 5492 957 5552 κωλύεσθαι.
990 5495 1188 5552 Mavult
1219 5498 1533 5556 Boberellus
1557 5500 1634 5571 τῷ
1666 5501 1864 5555 κωλύε-

276 5562 452 5686 “his
499 5631 840 5692 Hmschelius
873 5636 925 5690 in
957 5645 1130 5704 textu,
1163 5637 1489 5709 παραϐάσει.

357 5632 472 5776 (131
499 5702 656 5766 μω).
684 5707 814 5770 editi
857 5709 924 5764 ad
954 5724 1132 5776 oram,
1173 5709 1296 5773 ὅσον
1325 5710 1415 5764 ἐπὶ
1444 5714 1489 5776 τῇ

418 5702 472 5774 ὅ)
499 5702 656 5766 μω).
684 5707 814 5770 editi
857 5709 924 5764 ad
954 5702 1132 5777 oram,
1173 5702 1296 5773 ὅσον
1325 5710 1415 5764 ἐπὶ
1444 5713 1531 5797 τῇ.

1984 4487 2156 4538 ruisse
2189 4497 2424 4542 mentem
2447 4487 2677 4540 videtur.
2703 4485 2928 4554 Opinor,
2961 4489 3082 4542 data
3111 4504 3275 4558 opera
3313 4491 3555 4546 latebras

1981 4577 2252 4646 quaesivit,
2278 4577 2403 4646 quia
2439 4579 2820 4649 videritquam
2862 4578 3057 4643 validis
3101 4584 3436 4651 argumentis
3460 4582 3555 4638 Ju-

1981 4671 2218 4722 dzeorum
2252 4670 2319 4722 ab
2362 4667 2468 4722 illis
2498 4668 2688 4738 primis
2717 4669 3034 4736 parentibus
3073 4669 3227 4740 origo
3273 4669 3550 4726 fulciatur.

1980 4759 2089 4814 Nec
2128 4767 2306 4813 tamen
2339 4761 2559 4838 ignarus
2595 4760 2765 4815 videri
2798 4760 2970 4835 voluit
2999 4775 3189 4814 eorum
3215 4776 3336 4830 qua:
3367 4763 3434 4817 de
3460 4761 3554 4817 Ju-

1979 4851 2111 4906 daais
2165 4865 2468 4922 eorumque
2520 4852 2733 4922 origine
2784 4852 3063 4919 dicuntur,
3125 4866 3352 4922 quaeque
3404 4854 3550 4910 scitu

1975 4943 2137 5013 digna
2166 4952 2313 4998 sunt.
2361 4944 2427 4998 Et
2457 4959 2591 4998 sane
2631 4942 2980 4997 manifestum
3023 4953 3108 4998 cst
3143 4943 3359 5000 Judazos
3398 4957 3550 5002 ortos

1976 5047 2097 5088 esse
2150 5050 2179 5106 a
2236 5035 2410 5110 tribus
2460 5034 2566 5090 illis
2628 5035 2904 5104 patribus,
2937 5035 3247 5102 Abraham,
3309 5035 3463 5092 Isaac
3491 5048 3547 5094 et

1945 5278 1953 5286 ’
2037 5293 2149 5378 (ιι)
2173 5296 2424 5378 lide‘m‘in
2457 5306 2626 5378 textu,
2651 5295 2886 5378 τὴνριπδ
2922 5295 3042 5378 τῇς,
3063 5303 3115 5349 et
3143 5289 3302 5362 paulo
3331 5297 3452 5358 post
3489 5290 3544 5344 in

1968 5365 2237 5442 "tersius:
2269 5365 2377 5442 ἀπὸ
2398 5365 2621 5442 ερίδτης
2646 5366 3080 5442 messanae-ﬂ
3107 5431 3117 5442 .

2038 5428 2149 5505 (l5)
2175 5437 2374 5508 Codex
2402 5428 2624 5502 Kegiué,
2660 5428 2961 5487 Ἶόυδαίων.
2981 5431 3159 5508 _Lib_b.
3199 5430 3330 5508 edjti
3355 5469 3370 5492 ,
3406 5428 3541 5508 :on-

1966 5498 2141 5559 δαῖον,’
2175 5506 2338 5560 Paulo
2363 5498 2698 5573 post—omnes
2729 5519 2884 5573 mssa,
2909 5501 3003 5573 καὶ
3024 5498 3116 5573 τοῦ
3148 5499 3337 5573 γένους
3359 5498 3540 5553 αὐτῶν

1967 5577 2066 5630 οὐκ
2095 5568 2787 5654 εὐκαταφρόνητοιβαφές
2809 5569 2893 5654 δή.
2923 5568 3257 5649 110956116ιὶιῇ
3288 5570 3534 5654 in'textu,

1965 5648 2024 5699 τὸ
2049 5648 2202 5718 γένος
2231 5639 2408 5700 αὐτῶν
2435 5639 2533 5696 ούκ
2564 5639 3050 5710 εὐκαταφρόνητον·
3091 5639 3274 5711 σαφῶς
