3986 6164
409 272 542 330 1081

1573 276 1854 333 CONTRA
1887 275 2169 332 CELSUM
2197 278 2326 331 LIB.
2364 275 2466 331 IV.‘

3518 274 3659 333 1083
3680 284 3685 287 ’

404 392 465 447 τὸ
494 393 588 446 καὶ
628 392 716 461 ὐφ’
750 392 906 463 ὑμῶν
947 393 1470 465 παραλαμϐάνεσθαι
1508 394 1576 447 τὰ
1606 395 1846 466 ὀνόματα
1873 396 1940 448 τιῖ

2048 437 2051 459 ,
2088 399 2387 466 usurpatis,
2412 394 2545 448 certi
2578 392 2910 458 experientia
2934 408 3181 463 magnam
3203 408 3323 448 esse
3344 394 3655 463 huiusmodi

403 486 567 557 τριῶν
588 485 791 539 τούτων
819 486 1099 557 γεναρχῶν
1142 486 1234 540 τοῦ
1266 487 1469 550 ἔθνους,
1493 490 1559 557 τῇ
1596 490 1852 560 ἐναργείᾳ
1886 507 1983 541 κα-

404 577 853 648 ταλαμϐανόντων
873 621 886 642 ,
919 581 1019 632 οὐκ
1044 580 1492 651 εὐκαταφρόνητα
1517 580 1772 633 ἀνύεσθαι
1795 583 1859 634 ἐκ
1882 582 1982 652 τῆς

402 670 699 740 κατεπικλή
708 688 844 734 σεως
859 670 1055 735 αὐτῶν,
1076 671 1371 743 παρίστησι
1388 672 1447 725 τὸ
1460 672 1600 725 θεῖον
1622 672 1729 725 τῶν
1750 673 1975 744 ἀνδρῶν;

399 758 492 824 οὓς
524 761 875 833 οὐδαμόθενῆ
912 762 1017 815 ἀπὸ
1055 763 1162 815 τῶν
1199 764 1358 834 ἱερῶν
1412 762 1561 834 παρὰ
1597 764 1868 826 Ἰουδαίοις
1897 764 1980 833 βι-

401 853 563 906 ϐλίων
591 855 1111 926 παραλαμϐάνομεν.
1156 855 1317 909 Ἀλλὰ
1346 856 1454 927 γὰρ
1489 857 1580 909 καὶ
1601 858 1628 910 6
1668 875 1685 906 ‹
1720 855 1850 918 Θεὸς
1882 855 1974 908 τοῦ

409 944 645 1017 Ἰσραὴλ,
677 946 772 1001 καὶ
801 949 829 999 6
860 946 992 1010 Θεὸς
1017 947 1125 1000 τῶν
1160 947 1449 1018 Ἐϐραίων,
1482 949 1576 1002 καὶ
1603 950 1630 1001 6
1654 948 1785 1010 Θεὸς
1816 948 1845 1000 6
1874 964 1972 1001 κα-

396 1036 743 1101 ταποντώσας
784 1039 841 1091 ἐν
870 1041 935 1109 τῇ
983 1040 1218 1111 Ἐρυθρᾷ
1248 1040 1491 1113 θαλάσσῃ
1519 1042 1611 1094 τὸν
1663 1040 1971 1109 Αἰγυπτίων

396 1123 617 1193 βασιλέα
646 1129 741 1181 καὶ
774 1130 899 1193 τοὺς
926 1130 1280 1199 Αἰγυπτίους,
1312 1151 1331 1181 ι
1367 1131 1625 1195 πολλάκις
1646 1130 1970 1202 ὀνομάζεται

392 1217 953 1292 παραλαμϐανόμενος
982 1222 1122 1276 κατὰ
1148 1223 1435 1294 δαιμόνων,
1470 1224 1502 1294 ἡ
1529 1242 1688 1276 τινων
1721 1222 1969 1293 πονηρῶν

389 1306 692 1380 δυνάμεων.
716 1311 1076 1385 Μανθάνομεν
1099 1314 1156 1366 δέ
1185 1315 1282 1386 τὴν
1331 1316 1457 1387 περὶ
1484 1316 1552 1369 τὰ
1599 1313 1968 1384 ὀνομαζόμενα

392 1398 630 1470 ίστορίαν
688 1404 781 1456 καὶ
840 1405 939 1476 τὴν
991 1405 1102 1459 τῶν
1161 1406 1437 1477 ὀνομάτων
1502 1406 1794 1477 ἑρμηνείαν
1859 1404 1968 1458 ἀπὸ

402 1490 665 1561 Ἐϐραίων
691 1494 798 1547 τῶν
825 1499 936 1559 τοῖς
963 1497 1211 1568 πατρίοις
1234 1499 1522 1569 γράμμασι
1544 1499 1637 1551 καὶ
1658 1500 1722 1568 τῇ
1754 1497 1965 1570 πατρίῳ

387 1580 654 1654 διαλέκτῳ
681 1585 853 1639 ταῦτα
878 1590 1246 1658 σεμνυνόντων
1279 1592 1372 1643 καὶ
1401 1590 1790 1660 διηγουμένων.
1838 1589 1975 1657 Πῶςί

385 1667 478 1725 οὖν
504 1694 522 1724 ι
560 1676 798 1730 Ἰουδαῖοι
824 1678 974 1732 ταῦτ’
997 1682 1440 1752 ἐπιχειρήσαντες
1473 1681 1693 1744 ἑαυτοὺς
1716 1679 1965 1748 γενεαλο-

2094 489 2457 543 invocatiouis
2493 488 2765 549 virtutem,
2802 501 2906 538 non
2940 486 2991 539 id
3029 486 3311 540 evidenter
3357 488 3547 554 probet
3574 491 3656 543 di-

2088 583 2243 637 vinos
2278 582 2397 635 illos
2428 579 2594 633 fuisse
2624 577 2805 631 viros?
2838 577 2945 631 llos
2972 586 3147 631 tamen
3181 578 3394 632 nonnisi
3424 595 3451 632 a
3482 582 3655 635 sacris

2086 671 2394 726 Judmorutu
2450 670 2605 724 libris
2637 670 3035 739 cognoscimus.
3074 656 3426 738 Stepeetiam
3459 685 3651 728 contra

2085 764 2361 817 daemones
2390 762 2631 830 aliasque
2666 762 2853 815 noxias
2888 770 3183 829 potestates
3217 763 3267 815 in
3311 778 3407 817 usu
3442 776 3524 818 est
3548 766 3651 821 ista

2082 853 2312 907 formula
2342 870 2357 906 :
2397 871 2415 903 ι
2460 852 2604 906 Deus
2638 853 2826 916 Israel,
2861 854 3002 908 Deus
3064 850 3410 909 Hebraeorum
3437 898 3451 921 ,
3507 856 3650 913 Deus

2080 944 2171 1014 qui
2203 944 2579 1014 [Egyptiornm
2610 960 2787 1014 regem
2811 943 3206 1015 Egyptiosque
3230 946 3566 1003 submersisti
3596 948 3648 1003 in

2079 1037 2216 1090 mari
2253 1036 2459 1088 Rubro.
2493 1054 2511 1087 ι
2548 1033 2708 1103 Atqui
2742 1035 2838 1089 bas
2884 1034 3141 1090 historias
3173 1047 3226 1091 et
3258 1040 3533 1093 nominum
3567 1042 3651 1095 in-

2054 1125 2522 1194 terpretationem
2555 1124 2652 1179 soli
2689 1124 2847 1179 nobis
2898 1127 3241 1181 tradiderunt
3269 1128 3475 1184 [lcbrzei
3504 1170 3520 1195 ,
3552 1132 3645 1201 qui

2077 1219 2270 1287 patriis
2322 1218 2527 1272 litteris
2572 1217 2861 1286 patriaque
2913 1217 3094 1289 lingua
3154 1219 3270 1275 haec
3296 1224 3476 1277 omnia
3505 1225 3646 1278 cele-

2078 1309 2237 1363 brant
2267 1318 2323 1364 et
2347 1309 2640 1378 explicant.
2676 1308 2956 1375 Quomodo
3013 1309 3179 1378 igitur
3232 1329 3251 1362 ι
3277 1311 3449 1367 Judaei
3486 1329 3642 1369 suum

2074 1403 2314 1471 aggressi
2378 1418 2549 1472 genus
2611 1417 2897 1457 recensere
2965 1417 2994 1456 a
3046 1404 3241 1471 primis
3310 1404 3473 1476 528
3537 1406 3645 1462 illis

2074 1495 2388 1549 hominibus
2430 1514 2447 1545 ι
2508 1509 2644 1563 quos
2699 1496 3022 1561 impostores
3070 1504 3124 1550 et.
3173 1512 3398 1553 errones
3446 1515 3643 1555 vocare

2073 1588 2231 1642 Celso
2260 1587 2483 1655 placuit,
2513 1587 2627 1639 ausi
2659 1587 3142 1657 suntimpudeuter
3156 1604 3309 1643 suam
3328 1592 3392 1643 ad
3421 1591 3540 1649 illos
3559 1610 3643 1648 re-

2074 1677 2215 1733 ferre
2242 1678 2552 1746 originem?
2577 1677 2737 1732 Certe
2762 1694 2948 1733 eorum
2983 1681 3227 1747 nomina,
3255 1697 3377 1737 cum
3397 1685 3507 1737 sint
3533 1684 3642 1741 He-

385 1767 500 1831 γεῖν
532 1768 639 1820 ἀπὸ
668 1768 887 1842 πρώτης
938 1774 1144 1843 σπορᾶς
1176 1774 1379 1825 τούτων
1403 1813 1416 1835 ,
1457 1793 1474 1824 ι
1523 1771 1616 1837 οὐς
1641 1773 1843 1842 γόητας
1878 1788 1940 1823 κα

2072 1768 2279 1831 braica,
2307 1767 2558 1835 sacrique
2582 1783 2774 1821 eorum
2807 1770 2932 1823 libri
2975 1770 3323 1827 Hebraeorum
3372 1773 3554 1843 lingua
3581 1786 3637 1831 et

338 1917 343 1921 ,
384 1856 660 1929 πλανήτας
682 1861 1001 1932 ἀνθρώπους
1026 1853 1321 1936 ὑπείληφεν
1350 1861 1486 1917 εἶναι
1515 1866 1542 1916 ὁ
1568 1863 1786 1924 Κέλσος,
1811 1864 1963 1915 ἀναι-

382 1948 624 2017 σχύντως
656 1954 1023 2024 ἐπιχειροῦσιν
1052 1958 1278 2019 ἑαυτοὺς
1312 1957 1405 2009 καὶ
1449 1955 1546 2026 τὴν
1574 1953 1754 2008 αὐτῶν
1784 1951 1958 2023 ἀρχὴν

374 2039 472 2092 ἐπὶ
496 2042 717 2107 τούτους
749 2046 969 2113 ἀνάγειν
990 2063 1003 2111 ;
1028 2041 1101 2101 ὧν
1118 2047 1186 2101 τά
1205 2048 1441 2119 ὀνόματα
1466 2046 1729 2118 Ἑϐραϊκὰ
1755 2044 1957 2115 τυγχά-

371 2148 534 2186 νοντα
568 2141 832 2208 μαρτυρεῖ
865 2138 1130 2210 Ἑϐραίοις
1156 2181 1170 2205 ,
1218 2141 1285 2194 τά
1323 2141 1443 2213 ἱερὰ
1473 2140 1652 2195 αὐτῶν
1693 2139 1871 2209 βιϐλία
1900 2138 1957 2190 ἐν

386 2222 649 2295 Ἑϐραίων
673 2227 853 2299 έχουσι
878 2231 1141 2302 διαλέκτῳ
1168 2237 1260 2286 καὶ
1291 2234 1576 2305 γράμματι
1605 2230 1737 2303 (21),
1764 2232 1845 2284 ὅτι
1874 2230 1955 2281 ol-

2073 1857 2273 1911 litteris
2313 1859 2597 1925 descripti,
2627 1869 2952 1927 argumento
2981 1872 3107 1914 sunt
3130 1874 3343 1926 gentem
3384 1865 3537 1918 istam
3570 1869 3637 1921 ad

2066 1948 2316 2003 homines
2344 1949 2464 2003 illos
2488 1951 2782 2018 pertinere.
2804 1952 2980 2019 Atque
2997 1952 3294 2007 etiamnum
3326 1952 3634 2012 Jndzeorum

2066 2042 2283 2095 nomina
2313 2040 2636 2095 llebraicam
2671 2043 2909 2113 linguam
2943 2045 3227 2111 referunt,
3280 2056 3468 2114 utpote
3514 2063 3633 2117 qua:

2065 2144 2158 2187 aut
2187 2150 2253 2189 ex
2284 2134 2500 2189 illorum
2531 2136 2688 2190 libris
2724 2137 3087 2202 deducuntur,
3135 2149 3233 2193 aut
3254 2150 3403 2195 certe
3424 2155 3488 2196 ex
3525 2126 3631 2197 illis

2066 2227 2226 2281 rebus
2255 2242 2373 2296 quae
2401 2228 2779 2298 signiﬁcantur
2803 2230 3067 2285 Hebraica
3096 2246 3246 2285 voce.

370 2320 518 2373 κεῖόν
551 2323 665 2375 ἐστι
698 2324 757 2377 τὸ
795 2325 946 2389 ἔθνος
987 2328 1165 2381 αὐτῶν
1193 2332 1304 2392 τοῖς
1336 2329 1560 2400 ἀνδράσι
1600 2328 1829 2390 τούτοις.
1861 2327 1972 2381 Καὶ
2016 2323 2123 2395 γὰρ
2189 2322 2349 2395 μέχρι
2396 2323 2489 2376 τοῦ
2548 2323 2706 2395 δεῦρο
2764 2323 2832 2377 τά
2863 2363 2867 2367 .
2902 2324 3165 2379 Ἰουδαϊκὰ
3209 2325 3445 2396 ὀνόματα
3468 2367 3484 2392 ,
3531 2326 3631 2397 τῆς

376 2411 649 2485 Ἐϐραίων
680 2418 913 2489 ἐχόμενα
944 2421 1245 2485 διαλέκτου,
1273 2423 1392 2493 ήτοι
1420 2422 1528 2476 ἀπὸ
1573 2421 1679 2474 τῶν
1710 2421 2051 2492 γραμμάτων
2076 2416 2254 2473 αὐτῶν
2276 2416 2506 2489 ἐλήφθη,
2533 2416 2566 2488 ἢ
2594 2419 2689 2472 καὶ
2737 2417 3070 2482 ἁπαξαπλῶς
3118 2419 3225 2471 ἀπὸ
3274 2419 3381 2472 τῶν
3436 2436 3631 2491 σημαι‹

366 2507 607 2576 νομένων
645 2511 749 2563 ὐπὸ
783 2512 883 2581 τῆς
920 2514 1182 2585 Ἐϐραίων
1215 2517 1417 2586 φωνῆς.

472 2602 581 2654 Καὶ
628 2604 750 2673 ὅρα.
775 2607 803 2657 6
834 2607 1173 2678 ἐντυγχάνων
1198 2614 1261 2681 τῇ
1294 2611 1503 2664 Κέλσου
1549 2614 1759 2683 γραφῇ,
1792 2613 1839 2664 εί
1875 2610 1949 2681 μὴ

366 2688 517 2742 ταῦτ’
542 2692 839 2747 αἰνίττεται
861 2695 920 2748 τό
944 2713 958 2725 ·
992 2715 1010 2747 ι
1048 2697 1152 2750 Καὶ
1179 2699 1537 2771 ἐπεχείρησαν
1559 2700 1947 2772 γενεαλογῆσαι

360 2780 563 2845 αὐτοὺς
588 2782 695 2835 ἀπὸ
719 2783 943 2856 πρώτης
975 2791 1182 2859 σπορᾶς
1208 2792 1417 2860 γοήτων
1465 2792 1560 2844 καὶ
1602 2792 1817 2846 πλάνων
1850 2794 1946 2845 ἀν-

364 2867 617 2939 θρώπων,
660 2873 907 2944 ἀμυδρὰς
938 2877 1032 2927 καὶ
1062 2878 1395 2947 ἀμφιϐόλους
1445 2881 1647 2948 φωνὰς,
1680 2883 1737 2935 ἐν
1769 2882 1945 2953 σκότῳ

362 2976 464 3012 που
490 2962 773 3031 κρυφίους,
818 2966 1338 3039 ἐπιμαρτυρόμενοι.
1382 2990 1400 3022 ι
1434 2972 1659 3043 Κρύφια
1690 2974 1818 3047 γάρ,
1850 2977 1944 3029 καὶ

355 3051 459 3105 οὐκ
510 3056 565 3107 ἐν
600 3057 737 3124 φωτὶ
783 3058 876 3111 καὶ
913 3058 1110 3127 γνώσει
1162 3062 1371 3115 πολλῶν
1422 3066 1536 3117 ἐστι
1592 3066 1663 3119 τά
1704 3068 1942 3138 ὀνόματα

358 3142 529 3195 ταῦτα
549 3184 563 3207 ,
599 3148 717 3199 καθ’
744 3151 891 3218 ἡμᾶς
922 3152 1019 3221 μὲν
1047 3154 1145 3205 οὐκ
1197 3156 1468 3225 ἀμφίϐολα
1490 3200 1504 3224 ,
1546 3161 1649 3214 κᾶν
1684 3162 1789 3215 ὐπὸ
1833 3163 1942 3217 τῶν

360 3233 654 3305 ἀλλοτρίων
678 3240 777 3309 τῆς
800 3243 1071 3315 ἡμετέρας
1092 3247 1398 3314 θεοσεϐείας
1418 3254 1935 3326 παραλαμϐάνηται·

360 3326 501 3379 κατά
534 3327 589 3380 δὲ
624 3330 826 3385 Κέλσον
850 3374 864 3397 ,
913 3337 971 3388 οὐ
1002 3342 1342 3411 παριστάντα
1374 3343 1483 3414 (22)
1518 3346 1576 3398 τὸ
1604 3347 1712 3399 τῶν
1746 3349 1939 3417 φωνῶν

357 3414 675 3510 ἀμφίϐολον,
695 3422 794 3475 οὐκ
807 3420 901 3491 οἷδ’
915 3427 1062 3491 ὅπως
1079 3432 1219 3501 παρέ
1227 3434 1467 3503 ῥριπται.
1492 3414 1938 3510 Καίτοιγε-ἐχρῆν

353 3505 534 3601 αὐτὸν,
564 3509 721 3583 εἴπερ
749 3515 1104 3587 εὐγνωμόνως
1129 3522 1453 3594 ἀνατρέπειν
1477 3525 1726 3580 ἐϐούλετο

354 3596 422 3667 θη
451 3600 907 3672 ἀναισχυντότατα
968 3611 1333 3681 παρειλῆφθαι
1385 3615 1735 3683 γενεαλογίαν
1769 3596 1936 3671 ’Ίὸυζ

351 3688 518 3753 δαίοις
546 3693 769 3763 αὐχοῧσι
795 3698 885 3750 τὸν
919 3700 1167 3773 Ἀϐραὰμ
1192 3705 1283 3756 καὶ
1311 3707 1436 3768 τούς
1464 3707 1558 3759 ἀπ’
1609 3707 1773 3761 αὐτοῦ
1795 3752 1808 3775 ,
1837 3709 1935 3763 ὅλα

350 3778 603 3871 ἐκθέσθαι
630 3784 697 3837 τά
711 3787 851 3840 κατά
865 3790 953 3842 τὸν
977 3794 1166 3846 τόπον·
1194 3795 1285 3847 καὶ
1320 3797 1583 3869 πρότερον
1608 3801 1933 3871 συναγορεῦ-

351 3886 440 3921 σαι
551 3874 766 3944 ἐνόμιζε
800 3878 1151 3952 πιθανότητι,
1184 3886 1277 3938 καὶ
1309 3887 1447 3956 μετὰ
1476 3889 1634 3942 τοῦτο
1666 3892 1929 3957 γενναίως

346 3962 644 4034 ἀνατρέψαι
665 3970 728 4037 τῇ
758 3973 1054 4043 φαινομένῃ
1081 3976 1229 4046 αὐτῷ
1252 3978 1499 4049 ἀληθεία,
1534 3981 1629 4033 καὶ
1652 3985 1765 4045 τοῖς
1789 3984 1929 4055 ὑπὲρ

344 4055 515 4124 αὐτῆς
545 4056 744 4124 λογίοις
767 4061 831 4113 τὰ
856 4062 997 4116 κατὰ
1027 4065 1116 4117 τὸν
1148 4068 1331 4123 τόπον.
1382 4069 1519 4124 Ἀλλ’
1550 4072 1671 4125 οὐτε
1722 4075 1928 4138 Κέλσος

344 4144 456 4197 οὔτ’
486 4147 641 4212 ἄλλος
679 4168 763 4214 τις
813 4153 1118 4223 δυνήσεται,
1153 4158 1221 4211 τὰ
1245 4162 1369 4230 περὶ
1404 4161 1618 4228 φύσεως
1650 4166 1925 4235 ὀνομάτων

2127 2606 2218 2659 ⁸55.
2256 2605 2408 2658 Nunc
2433 2604 2576 2668 vide,
2604 2611 2656 2655 tu
2678 2603 2766 2669 qui
2788 2600 2928 2656 Celsi
2963 2603 3229 2671 scriptum
3261 2602 3416 2669 legis,
3437 2618 3616 2656 annon

2057 2712 2122 2751 eo
2169 2704 2416 2765 spectent
2449 2694 2564 2749 hare
2602 2693 2719 2762 ejus
2752 2696 2957 2747 verba:
2997 2712 3015 2744 ι
3052 2695 3303 2764 Aggressi
3367 2694 3438 2747 illi
3470 2711 3622 2747 suam

2055 2804 2227 2858 usque
2259 2806 2288 2843 a
2320 2789 2511 2857 primis
2539 2788 2925 2855 impostoribus
2962 2797 3016 2840 et
3047 2788 3340 2842 erronibus
3380 2798 3623 2855 repetere

2054 2881 2322 2950 originem
2350 2918 2365 2945 ,
2398 2879 2686 2941 obscuras,
2724 2879 2994 2945 ancipites
3020 2917 3035 2941 ,
3068 2879 3307 2932 tenebris
3337 2878 3621 2932 obvolutas

2048 2987 2210 3027 voces
2266 2972 2318 3025 in
2381 2970 2750 3025 testimonium
2800 2968 3108 3036 proferunt.
3145 2988 3163 3021 ι
3196 2970 3418 3023 Occulta
3473 2972 3617 3023 enim

2045 3069 2205 3125 sunt,
2244 3076 2344 3113 nec
2392 3075 2421 3112 a
2458 3058 2640 3112 multis
2673 3068 2969 3112 noscuntur
3006 3058 3120 3112 haec
3167 3059 3381 3113 nomina
3414 3076 3427 3112 :
3462 3059 3618 3113 nobis

2046 3163 2223 3206 tamen
2255 3167 2360 3205 non
2410 3161 2534 3203 sunt
2565 3150 2832 3221 ambigua:
2865 3149 3302 3219 signiﬁcationis,
3359 3151 3614 3218 quamvis

2044 3253 2305 3312 usurpata
2346 3242 2414 3296 ab
2447 3243 2512 3297 iis
2554 3242 2644 3309 qui
2681 3258 2708 3293 a
2747 3252 2927 3295 nostra
2959 3241 3221 3310 religione
3268 3241 3433 3296 alieni
3464 3251 3613 3295 sunt.

2041 3332 2147 3387 Sed
2171 3349 2198 3384 a
2226 3332 2383 3388 Celso
2412 3334 2595 3386 nescio
2622 3334 2892 3400 quomodo
2921 3332 3068 3399 rejici
3096 3334 3467 3401 possint,cum
3486 3333 3613 3403 quid

2040 3425 2093 3478 in
2125 3425 2229 3478 illis
2262 3424 2402 3490 quod
2448 3424 2757 3491 auubiguum
2787 3424 2856 3477 sit
2888 3440 2992 3477 non
3039 3427 3295 3479 ostendat
3324 3443 3338 3478 :
3370 3436 3609 3478 attamen

2040 3516 2082 3569 si
2116 3515 2376 3569 voluisset
2408 3513 2716 3567 Jndaeorum
2776 3516 2843 3567 ab
2880 3514 3154 3568 Abraham
3185 3516 3412 3583 ejusque
3440 3532 3607 3584 nepo-

2040 3607 2183 3659 tibus
2213 3614 2364 3658 ortos
2412 3619 2491 3666 se,
2526 3614 2584 3656 ut
2617 3614 2789 3672 putat,
2831 3604 3122 3657 insolenter
3159 3603 3481 3670 jactautium
3517 3622 3602 3674 ge-

2039 3694 2340 3761 nealogiam
2371 3694 2598 3747 candide
2631 3695 2968 3763 impugnare,
2994 3710 3331 3761 quwcuiicliie
3358 3696 3462 3749 huc
3488 3712 3608 3764 per-

2038 3784 2210 3836 tinent
2262 3785 2581 3837 inmedium
2611 3782 2808 3837 aﬂerre
2861 3785 3068 3847 debuit,
3118 3792 3173 3838 et
3204 3784 3444 3837 stabilita
3496 3786 3609 3852 pri-

2035 3891 2179 3927 mum
2204 3889 2323 3943 qua:
2348 3874 2452 3928 sibi
2476 3874 2813 3943 probabilior
2841 3875 2954 3928 visa
2988 3884 3071 3928 est
3093 3876 3384 3939 sententia,
3416 3884 3605 3941 postea

2034 3975 2233 4031 aperta:
2256 3967 2357 4019 sibi
2387 3967 2630 4020 veritatis
2667 3967 2877 4021 viribus
2902 3967 3307 4036 rationibusque
3327 3983 3445 4019 eam
3472 3982 3607 4021 con-

2032 4057 2383 4112 ﬁrmantibus
2416 4072 2661 4112 errorem
2701 4067 3000 4113 conterere.
3035 4058 3139 4112 Sed
3177 4074 3349 4127 neque
3376 4058 3602 4123 Celsus,

2032 4184 2206 4236 neque
2253 4172 2541 4239 quisquam
2600 4171 2738 4225 alius
2775 4173 3051 4224 nominum
3087 4187 3205 4239 qua:
3235 4172 3300 4224 ad
3349 4171 3599 4226 facienda

298 4264 303 4267 τ
342 4236 424 4297 είς
454 4236 712 4308 δυνάμεις
758 4243 1333 4316 παραλαμϐανομένων
1361 4250 1738 4320 διαλαμϐάνων
1767 4292 1781 4315 ,
1833 4255 1925 4308 τὸν

2048 4262 2277 4329 )rodigia
2314 4262 2666 4325 adhibentur,
2708 4273 2958 4314 naturam
2996 4263 3316 4316 disserendo
3347 4274 3602 4318 accurate

338 4328 539 4399 ἀκριϐῆ
575 4331 703 4401 περὶ
737 4333 939 4387 τούτων
972 4340 1316 4409 παραστῆσαι
1346 4341 1502 4409 λόγον
1523 4360 1536 4372 ·
1568 4344 1661 4396 καὶ
1686 4344 1919 4412 ἐλέγξαι,

346 4419 421 4482 ώς
453 4422 915 4495 εὐκαταφρόνητοι
940 4430 1229 4496 γεγόνασιν
1267 4431 1542 4504 ἄνθρωποι
1565 4472 1579 4497 ,
1636 4431 1711 4491 ὧν
1740 4438 1832 4489 καὶ
1864 4441 1919 4491 αἱ

334 4507 617 4579 ὀνομασίαι
653 4513 831 4582 μόνον,
854 4516 914 4568 οὐ
951 4518 1099 4588 παρά
1146 4524 1257 4583 τοῖς
1288 4523 1507 4586 οἰκείοις
1542 4525 1723 4594 μόνοις
1743 4566 1756 4589 ,
1784 4527 1920 4581 ἀλλά

332 4601 426 4653 καὶ
454 4603 603 4672 παρὰ
632 4607 743 4667 τοῖς
765 4606 1065 4679 ἀλλοτρίοις
1093 4611 1363 4668 δύνανται.
1398 4615 1543 4668 Ἔδει
1564 4617 1607 4669 δ’
1629 4618 1788 4671 αὐτὸν
1815 4636 1917 4673 πα-

336 4692 614 4761 ραθέσθαι,
648 4697 763 4760 πῶς
808 4700 967 4769 ἡμεῖς
997 4701 1094 4771 μὲν
1122 4706 1233 4766 τοῖς
1263 4705 1496 4774 ἀμαθέσι
1527 4708 1617 4760 καὶ
1670 4710 1915 4780 ἀνοήτοις

332 4781 796 4858 παρεξηγούμενοι
826 4790 892 4843 τά
922 4794 1049 4863 περὶ
1080 4794 1187 4846 τῶν
1215 4796 1491 4867 ὀνομάτων
1517 4799 1740 4866 τούτων,
1765 4803 1911 4856 ἁπα-

330 4873 507 4943 τῶμεν
536 4876 554 4947 (
580 4878 655 4941 ὡς
686 4880 852 4935 οἴεται
878 4882 897 4955 )
931 4886 1056 4949 τούς
1086 4886 1382 4953 ἀκούοντας
1404 4908 1417 4920 ’
1443 4892 1602 4954 αὐτὸς
1624 4893 1681 4944 δὲ
1705 4934 1719 4957 ,
1749 4896 1778 4946 6
1810 4895 1909 4947 αὐ-

329 4966 438 5035 χῶν
466 4964 603 5021 εἴναι
641 4971 713 5043 μὴ
748 4974 985 5047 ἀμαθὴς,
1019 4979 1152 5048 μηδὲ
1183 4981 1406 5053 ἀνόητος
1432 5023 1444 5045 ,
1486 4985 1585 5056 τὴν
1618 4986 1792 5057 ἀληθῆ
1823 4988 1909 5041 λέ-

327 5074 412 5125 γει
465 5061 591 5132 περὶ
639 5064 842 5119 τούτων
891 5069 1206 5141 ἑρμηνείαν.
1244 5074 1557 5146 Παρέρῤιψε
1609 5079 1654 5132 δ’
1690 5082 1746 5132 ἐν
1796 5085 1907 5145 τοῖς

325 5151 466 5204 κατά
490 5152 558 5205 τά
589 5154 826 5225 ὀνόματα
848 5160 1041 5225 ταῦτα,
1074 5164 1166 5230 ἀφ’
1197 5157 1271 5217 ὧν
1301 5167 1747 5236 γενεαλογοῦνται
1786 5174 1908 5225 Ἰου-

321 5239 457 5296 δαῖοι
480 5283 495 5307 ,
526 5245 611 5297 ὅτι
640 5265 659 5296 ‹
689 5248 1019 5304 οὐδεπώποτ’
1047 5255 1105 5307 ἐν
1135 5256 1313 5327 πολλῶ
1336 5258 1414 5329 τῷ
1446 5262 1681 5332 πρόσθεν
1728 5265 1904 5337 χρόνῳ

316 5332 727 5423 ἀμφισϐήτησις
748 5340 1035 5411 γεγένηται
1062 5345 1187 5415 περὶ
1215 5346 1322 5399 τῶν
1348 5348 1564 5402 τοιῶνδε
1584 5332 1862 5423 ὀνομάτων
1876 5332 1895 5385 ν·

319 5421 456 5475 ἀλλά
483 5423 578 5477 νῦν
609 5427 847 5482 Ἰουδαῖοι
871 5430 1005 5500 πρὸς
1038 5432 1255 5503 ἐτέρους
1275 5437 1457 5501 τινὰς,
1488 5458 1505 5488 ι
1535 5438 1627 5503 οὓς
1657 5421 1757 5495 οὐκ
1778 5443 1901 5496 ὼνόο

319 5589 386 5669 2ιῇ
405 5589 586 5649 postea
634 5598 733 5669 pro
761 5585 1268 5669 ,παραλαμϐάνομεν
1288 5631 1303 5655 ,
1358 5592 1568 5663 legebat
1602 5596 1891 5669 παραλαμ-

320 5649 529 5716 Calva-ce,
563 5649 655 5733 sed
690 5649 1040 5733 vetus'lectio
1079 5649 1206 5715 ferri
1239 5649 1436 5733 potest:
1472 5681 1570 5721 nec
1610 5649 1889 5724 adea—te-

320 5736 466 5778 mere
492 5726 850 5783 recedendum
884 5731 1120 5784 Videtur.

2030 4351 2304 4419 explicare
2336 4361 2536 4420 potest,
2567 4368 2667 4405 nec
2698 4354 2952 4406 evincere
2985 4353 3140 4406 nihili
3176 4355 3456 4409 ducendos
3482 4356 3599 4411 illos

2028 4458 2149 4496 esse
2183 4443 2453 4504 homines,
2490 4458 2719 4510 quorum
2760 4443 2843 4496 vel
2870 4443 2981 4497 sola
3018 4445 3259 4508 nomina,
3297 4462 3402 4500 non
3440 4448 3599 4501 modo

2025 4535 2166 4602 apud
2196 4533 2546 4597 domesticos,
2589 4536 2681 4588 sed
2706 4543 2759 4588 et
2791 4535 2931 4603 apud
2959 4545 3177 4589 exteros
3207 4552 3456 4606 magnam
3488 4538 3594 4591 vim

2024 4626 2244 4679 habent.
2282 4626 2409 4693 Ejus
2438 4628 2603 4680 etiam
2641 4628 2744 4681 fuit
2794 4628 3081 4683 ostendere
3114 4668 3128 4692 ,
3184 4630 3454 4698 quomodo
3495 4646 3593 4684 nos

2024 4715 2288 4785 imperitis
2311 4726 2365 4770 et
2397 4720 2566 4772 tardis
2595 4719 2734 4773 male
2764 4718 3187 4789 interpretantes
3214 4724 3325 4775 Ιιιεο
3351 4723 3592 4788 nomina,

2020 4807 2294 4862 auditores
2328 4808 2601 4874 fallamus,
2637 4821 2692 4863 ut
2752 4811 2867 4875 ipse
2906 4822 3096 4881 putat;
3135 4812 3249 4881 ipse
3284 4829 3411 4867 vero
3436 4853 3451 4877 ,
3499 4818 3589 4883 qui

2018 4912 2076 4952 se
2110 4913 2211 4952 nec
2243 4900 2552 4968 imperitum
2584 4916 2684 4954 nec
2716 4901 2925 4954 tardum
2955 4918 3075 4956 esse
3102 4904 3338 4969 jactitat,
3374 4903 3587 4957 illorqu

2016 4990 2297 5043 nominum
2336 5006 2521 5043 veram
2578 4989 2770 5045 aﬂ‘crat
2818 4993 3345 5064 interpretationem.
3384 4993 3489 5048 Sed
3540 4994 3588 5047 ei

2014 5080 2150 5135 sat-is
2181 5080 2281 5134 fuit
2312 5084 2376 5137 de
2403 5083 2510 5136 illis
2537 5086 2879 5149 nominibus,
2913 5102 2940 5139 a
2967 5088 3162 5155 quibus
3217 5102 3372 5141 suum
3419 5085 3588 5141 Judaei

2013 5172 2217 5228 ducunt
2246 5190 2441 5243 genus,
2480 5177 2664 5231 dicere
2699 5197 2716 5228 ι
2751 5179 2949 5231 nullam
3000 5180 3181 5232 multis
3217 5190 3344 5232 ante
3376 5178 3585 5231 sarculis

2014 5261 2183 5318 fuisse
2224 5264 2289 5320 dc
2323 5268 2428 5321 illis
2463 5270 2778 5322 nominibus
2808 5272 3276 5337 controversiam;
3313 5285 3452 5323 nunc
3483 5284 3587 5322 au-

2008 5362 2114 5409 tem
2141 5355 2356 5411 Judaaos
2388 5360 2453 5411 de
2476 5361 2680 5414 eisdem
2730 5365 2992 5415 adversus
3021 5361 3283 5428 quosdam
3317 5360 3449 5414 alios
3474 5360 3586 5415 dis-

2007 5455 2223 5514 putare.
2262 5468 2281 5500 ι
2326 5450 2560 5515 Quinam
2606 5468 2734 5505 vero
2769 5452 2844 5505 illi
2874 5453 2983 5506 siut
3016 5450 3141 5510 alii,
3198 5467 3304 5503 non
3357 5451 3578 5508 indicat.

2093 5604 2184 5666 2|)
2220 5605 2579 5661 Scribendum
2612 5608 2855 5671 videtur,
2893 5608 2987 5660 ml
3021 5605 3332 5674 γράμμασι.

2093 5606 2184 5666 2|)
2220 5606 2579 5661 Scribendum
2612 5608 2855 5671 videtur,
2893 5608 2987 5660 ml
3021 5606 3332 5674 γράμμασι.

2068 5606 2181 5744 £22)
2217 5675 2368 5730 Libri
2403 5678 2531 5732 editi
2567 5679 2629 5731 ad
2659 5693 2838 5744 orant,
2873 5678 2948 5741 ὼς
2980 5676 3340 5745 παριστάντα.
