3986 6164
335 317 489 376 1υ85

1516 319 1794 376 CONTRA
1832 321 2108 377 CELSUM
2146 319 2271 374 LIB.
2315 317 2402 372 IV.

3461 308 3602 365 i086

336 439 725 512 ἐπιτρίϐοντας
791 439 918 502 τοὺς
968 437 1143 502 νέους,
1196 437 1286 491 τὸν
1353 441 1618 511 Ὅμηρον,
1669 444 1762 495 καὶ
1805 443 1908 496 reb.

2036 443 2212 513 palam
2254 440 2383 495 fecit
2417 452 2474 491 se
2505 451 2600 506 pro
2630 431 2887 489 divinitus
2943 429 3135 484 amatis
3185 445 3291 484 non
3347 431 3605 487 habuisse

333 529 573 585 τοιαῦτα
596 531 902 602 γράφοντας
933 532 1232 601 ποιήματα.
1271 529 1430 582 Ἀλλὰ
1455 531 1678 585 Πλάτων
1713 534 1807 602 μὲν
1832 533 1924 604 δῆ-

336 623 439 689 λός
469 627 584 677 ἐστι
608 626 682 695 μὴ
711 627 982 696 φρονήσας
1027 624 1241 686 ἐνθέους
1268 625 1376 694 (27)
1403 627 1681 694 γεγονέναι
1706 627 1922 698 ἄνδρας,

336 717 474 780 τοὺς
498 717 720 770 τοιαῦτα
745 719 1018 788 ποιήματα
1044 717 1519 780 καταλελοιπότας.
1558 719 1615 770 ’0
1639 718 1694 770 δὲ
1720 720 1924 788 κρίνειν

342 807 552 878 μᾶλλον
588 809 872 872 Πλάτωνος
905 809 1221 878 δυνάμενος,
1253 811 1280 861 ὁ
1321 809 1687 878 Ἐπικούρειος
1720 809 1926 872 Κέλσος

339 901 436 971 (εί
455 920 519 973 γε
545 894 698 964 οὗτός
730 903 846 953 ἐστι
889 900 998 970 (28)
1043 900 1136 952 καὶ
1169 901 1197 952 ό
1241 900 1383 952 κατὰ
1413 899 1752 970 Χριστιανῶν
1794 899 1926 952 ἄλλα

337 988 443 1045 δύο
477 989 654 1059 βιϐλία
686 987 983 1058 συντάξας)
1017 988 1159 1059 τάχα
1186 991 1316 1058 ἡμῖν
1348 988 1686 1057 φιλονείκῶν’
1722 987 1814 1052 Οὓς
1850 987 1925 1062 μὴ

337 1079 564 1151 ἐφρόνει
586 1079 821 1144 ἐνθέους,
850 1079 1063 1144 ἐνθέους
1089 1080 1389 1152 ὠνόμασεν.

434 1168 682 1236 Ἐγκαλεί
727 1168 771 1221 δ’
826 1171 956 1240 ἡμῖν
995 1170 1071 1234 ὡς
1113 1189 1130 1222 ι
1157 1171 1262 1223 ὑπὸ
1281 1169 1482 1241 χειρῶν
1511 1170 1644 1222 Θεοῦ
1672 1171 1927 1225 πλασθέν-

339 1274 415 1309 τα
439 1277 458 1308 ›
491 1259 802 1327 εἰσάγουσιν
837 1280 853 1311 ι
884 1261 1189 1332 ἄνθρωπον·
1217 1281 1236 1314 ι
1280 1262 1373 1314 τοῦ
1410 1262 1510 1332 μὲν
1535 1264 1632 1333 τῆς
1659 1263 1926 1328 Γενέσεως

340 1349 554 1418 βιϐλίου
583 1350 694 1404 οὒτ’
719 1352 811 1404 ἐπὶ
836 1353 931 1423 τῆς
949 1355 1219 1423 ποιήσεως
1248 1353 1341 1406 τοῦ
1365 1353 1679 1420 ἀνθρώπου,
1698 1353 1808 1408 οὔτ’
1837 1357 1928 1408 ἐπὶ

335 1441 449 1510 τῆς
495 1442 762 1506 πλάσεως,
808 1447 996 1514 χεῖρας
1044 1444 1449 1517 παραλαϐόντος
1487 1445 1598 1516 (29)
1633 1446 1787 1498 Θεοῦ·
1833 1445 1925 1498 τοῦ

337 1533 404 1586 δὲ
439 1533 558 1586 Ἰὼϐ
595 1534 686 1587 καὶ
728 1533 818 1588 τοῦ
851 1535 1014 1588 Δαϐὶδ
1059 1536 1317 1590 εἰπόντων
1343 1537 1423 1590 τόο
1467 1556 1485 1589 ι
1526 1539 1591 1590 Αἱ
1627 1537 1806 1609 χεῖρές
1835 1555 1926 1591 σου

340 1625 611 1694 ἐποίησάν
632 1643 697 1696 με
723 1627 814 1679 καὶ
834 1626 1074 1682 έπλασάν
1093 1644 1160 1698 με
1179 1645 1192 1658 ο
1221 1647 1240 1679 ι
1273 1629 1400 1698 περὶ
1425 1621 1500 1683 ὧν
1526 1627 1691 1692 πολὺς
1717 1631 1745 1680 ὁ
1769 1627 1926 1696 λόγος

337 1716 426 1778 είς
451 1715 512 1768 τὺ
546 1718 890 1787 παραστῆσαι
922 1716 991 1770 τὰ
1025 1717 1322 1789 νενοημένα
1351 1721 1464 1782 τοῖς
1501 1719 1674 1774 ταῦτα
1709 1719 1926 1792 εἰρηκό-

2029 536 2120 602 qui
2161 530 2472 601 hujnsmodi
2508 528 2750 584 carmina
2789 526 3022 596 posteris
3055 524 3215 594 530
3248 523 3600 593 reliquerant.

1957 616 1962 620 ’
2033 625 2142 679 Sed
2171 624 2470 691 Epicureus
2499 619 2586 674 ille
2615 617 2800 671 Celsus
2833 615 2900 686 (si
2938 624 3115 668 tamen
3149 616 3193 668 is
3223 623 3306 670 est
3337 615 3430 682 qui
3467 614 3602 668 duos

2027 715 2166 770 alios
2207 715 2372 768 libros
2419 721 2610 766 contra
2645 709 2988 764 Christianos
3037 708 3601 778 eomposuit)sanius

2026 807 2092 860 de
2131 805 2239 858 illis
2262 803 2562 868 existimat,
2592 817 2752 869 quam
2785 800 2975 865 Plato;
3010 800 3243 854 fortasse
3277 801 3437 856 etiam
3465 803 3600 857 dixit

2029 897 2293 951 divinitus
2321 894 2548 957 amatos,
2574 909 2710 962 quos
2735 894 2958 948 minime
2990 891 3198 947 amatos
3228 892 3512 958 sentiebat,
3544 904 3600 948 ut

2028 989 2188 1043 nobis
2223 987 2642 1042 coalradiceret.

2096 1164 2185 1219 57.
2232 1145 2574 1220 Criminatur
2613 1170 2791 1216 autem
2826 1176 2949 1226 nos,
3006 1163 3147 1230 quod
3179 1163 3424 1218 dicamus
3460 1181 3478 1214 ι
3510 1163 3600 1219 Ito-

2030 1256 2234 1310 minem
2269 1255 2362 1309 Dei
2417 1255 2670 1309 manibus
2735 1252 2904 1306 fuisse
2959 1251 3298 1308 fabricatum.
3338 1273 3358 1306 ι
3397 1254 3600 1310 Tamen

2030 1347 2304 1403 Geneseos
2340 1347 2479 1401 liber
2513 1345 2716 1400 nullum
2747 1347 2813 1400 de
2846 1343 2939 1398 Dei
2971 1347 3220 1400 manibus
3243 1349 3465 1402 verbum
3504 1349 3603 1401 ha-

2027 1440 2139 1504 bet,
2169 1440 2285 1493 sive
2316 1437 2404 1492 ubi
2432 1436 2634 1502 factus,
2659 1437 2775 1491 sive
2802 1436 2889 1490 ubi
2925 1435 3188 1491 formatus
3216 1439 3382 1492 homo
3407 1454 3602 1492 narra-

2031 1539 2139 1586 tur.
2171 1531 2273 1587 Job
2301 1539 2355 1584 et
2393 1529 2563 1584 David
2600 1530 2716 1583 lucc
2762 1537 2843 1581 est
2882 1527 3125 1582 locutio:
3191 1547 3210 1579 ι
3247 1528 3438 1585 Manus
3493 1539 3600 1586 tum

2031 1624 2279 1678 fecerunt
2315 1637 2401 1677 me
2435 1631 2490 1675 et
2521 1620 2894 1675 formaverunt
2921 1636 3007 1674 me
3037 1621 3137 1671 ⁸⁸.»
3163 1621 3300 1686 Quid
3337 1622 3387 1674 in
3415 1623 3600 1679 animo

2031 1717 2322 1770 habuerint
2351 1713 2442 1783 qui
2473 1713 2552 1768 sic
2590 1712 2758 1768 locuti
2787 1721 2932 1774 sunt,
2974 1712 3016 1765 si
3045 1712 3316 1779 explicare
3340 1711 3600 1770 vellemus

338 1822 452 1870 σιν,
478 1807 537 1858 ού
573 1783 734 1878 μόνον
759 1783 884 1877 περὶ
904 1783 1478 1881 διαφορᾶςτέτοιήσεως
1502 1812 1594 1865 καὶ
1618 1783 1908 1878 πλάδεῶς,

2025 1818 2080 1864 et
2131 1807 2417 1863 Ostendere
2461 1821 2573 1877 quo
2626 1803 2877 1859 differant
2927 1804 3100 1872 facere
3134 1814 3188 1858 et
3238 1804 3508 1872 formare,
3543 1817 3595 1862 et

336 1895 482 1949 ἀλλὰ
510 1898 602 1949 καὶ
630 1899 756 1968 περὶ
782 1900 996 1968 χειρῶν
1025 1898 1173 1953 Θεοῦ
1195 1918 1207 1929 ·
1230 1899 1297 1964 ἃς
1320 1901 1366 1952 οἱ
1403 1900 1478 1971 μὴ
1508 1901 1802 1971 νοήσαντες
1827 1903 1922 1955 καὶ

333 1989 443 2052 τὰς
464 1988 719 2053 τοιαύτας
748 1991 854 2042 ἀπὸ
882 1991 988 2044 τῶν
1025 1991 1185 2044 θείων
1225 1992 1458 2063 Γραφῶν
1482 1992 1686 2062 φωνὰς,
1721 1993 1920 2048 οἴονται

336 2081 492 2150 ἡμᾶς
521 2081 760 2135 τοιοῦτον
792 2084 974 2154 σχῆμα
1016 2083 1351 2154 περιτιθέναι
1383 2085 1462 2154 τῷ
1497 2085 1589 2138 ἐπὶ
1619 2087 1753 2139 πᾶσι
1777 2086 1917 2158 Θεῷ,

332 2172 523 2226 ὁποῖόν
549 2175 664 2228 ἐστι
709 2173 770 2228 τὸ
810 2173 1168 2246 ἀνθρώπινονο
1211 2175 1334 2230 καθ’
1368 2176 1461 2240 οὓς
1507 2177 1602 2231 καὶ
1641 2177 1920 2249 πτέρυγας

333 2263 630 2318 ἀκόλουθον
681 2264 919 2337 νομίζειν
971 2268 1118 2337 ἡμᾶς
1160 2263 1297 2322 εἶναι
1344 2271 1401 2320 ἐν
1442 2268 1520 2340 τῷ
1566 2268 1778 2341 σώματι
1821 2270 1916 2324 τοῦ

333 2354 496 2420 Θεοῦ,
536 2355 660 2408 ἐπεὶ
709 2356 1010 2411 καὶταῦτα
1058 2359 1305 2428 λέγουσιν
1347 2361 1402 2412 αἱ
1452 2361 1593 2414 κατὰ
1645 2362 1706 2415 τὸ
1755 2363 1918 2434 ῥητὸν

335 2445 581 2516 περὶτοῦ
607 2447 741 2500 Θεοῦ
759 2447 915 2521 ἡμῶν
938 2449 1169 2522 Γραφαί.
1192 2449 1375 2505 Ταῦτα
1399 2451 1455 2507 δὲ
1475 2450 1570 2506 νῦν
1593 2453 1917 2524 ἑρμηνεύειν

334 2536 440 2589 οὐκ
471 2539 741 2610 άπαιτεῖή
776 2540 1110 2610 προκειμένη
1142 2540 1490 2610 πραγματεία
1514 2557 1526 2570 ·
1569 2544 1915 2614 προηγουμέ-

335 2645 444 2691 νως
470 2627 579 2700 γὰρ
613 2633 670 2683 ἐν
711 2632 823 2694 τοῖς
865 2631 946 2693 είς
977 2631 1077 2700 τὴν
1121 2631 1337 2685 Γένεσιν
1384 2633 1730 2706 ἐξηγητικοῖς
1761 2635 1916 2689 ταῦθ’

335 2722 491 2790 ἡμῖν,
519 2719 660 2774 κατά
702 2721 763 2773 τὸ
794 2721 1038 2785 δυνατὸν,
1065 2722 1376 2793 ἐξήτασται.
1415 2721 1530 2778 Εἴθ’
1580 2726 1681 2798 δρα
1711 2728 1915 2798 κακοή-

336 2811 487 2865 θειαν
511 2811 602 2864 τοῦ
627 2811 834 2864 Κέλσου
856 2813 914 2868 ἐν
939 2816 1050 2876 τοῖς
1075 2813 1220 2884 ἐξῆς.
1252 2815 1358 2885 Τῆς
1387 2815 1495 2888 γὰρ
1515 2817 1554 2868 Γ
1559 2819 1736 2889 ραφῆς
1756 2818 1915 2889 ήμῶν

333 2899 598 2972 λεγούσης
622 2901 714 2954 ἐπὶ
747 2901 846 2972 τῆς
880 2902 976 2956 τοῦ
1003 2903 1288 2975 ἀνθρώπου
1317 2905 1589 2974 πλάσεως,
1623 2928 1642 2959 ι
1677 2912 1770 2964 καὶ¹
1798 2913 1916 2965 ἐνε-

334 2995 576 3066 φύσης-εν
617 2997 697 3058 εἰς
734 2994 794 3046 τὸ
840 2995 1130 3066 πρόσωπον
1175 2997 1341 3051 αὐτοῦ
1384 3001 1552 3070 πνοὴν
1601 3000 1768 3071 ζωῆς,
1816 3004 1911 3058 καὶ

334 3085 548 3153 ἐγένετο
577 3087 605 3138 ὁ
634 3084 916 3156 ἄνθρωπος
949 3087 1028 3150 εἰς
1065 3085 1240 3158 ψυχὴν
1275 3088 1475 3154 ζῶσαν·
1509 3109 1527 3140 ι
1567 3093 1595 3144 ό
1619 3091 1675 3144 δὲ
1707 3095 1910 3165 κακοή-

335 3175 442 3237 θως
468 3175 739 3244 διασύρειν
754 3177 1070 3247 βουλόμενος
1081 3181 1160 3241 τὸ,
1183 3198 1199 3230 ι
1213 3179 1542 3252 ἐνεφύσησεν
1565 3186 1644 3246 είς
1661 3185 1722 3236 τὸ
1741 3187 1910 3256 πρόσ-

333 3283 480 3319 ωπον
517 3266 706 3319 αὑτοῦ.
735 3269 901 3338 πνοὴν
942 3269 1050 3338 (50)
1088 3270 1232 3341 ζωῆς
1265 3291 1282 3323 ι
1315 3273 1482 3345 (ὅπερ
1505 3274 1624 3327 οὐδὲ
1662 3278 1904 3348 νενόηκε,

333 3358 454 3410 τίνα
482 3357 680 3428 τρόπον
707 3357 982 3429 λέλεκται)
1000 3361 1322 3432 ἀνέγραψεν,
1346 3365 1426 3418 ὅτι
1455 3385 1472 3417 ι
1499 3366 1786 3422 συνέθεσαν
1816 3369 1908 3422 ἅν-

336 3448 554 3520 θρωπον
588 3449 692 3500 ὑπὸ
724 3449 921 3521 χειρῶν
949 3451 1082 3505 Θεοῦ
1116 3453 1546 3525 πλασσόμενον·›
1583 3459 1694 3528 (3|)
1729 3460 1814 3512 ἵνα
1845 3462 1907 3514 τὸ

331 3541 728 3613 ἐμφυσὼμενον
747 3543 1145 3613 παραπλησίως
1173 3563 1257 3608 τις
1277 3547 1502 3616 νομίσας
1522 3547 1766 3620 λελέχθαι
1794 3557 1906 3617 τοῖς

330 3634 357 3684 ἐ
367 3634 746 3704 μφυσωμένοις
765 3637 972 3698 ἀσκοῖς,
996 3636 1198 3708 γελάσῃ
1217 3638 1294 3700 τὸ,
1327 3657 1344 3687 ι
1370 3639 1700 3712 ἐνεφύσησεν
1733 3645 1812 3707 εἰς
1846 3644 1906 3698 τὸ

331 3726 622 3794 πρόσωπον
654 3725 816 3780 αὑτοῦ
843 3726 1010 3798 πνοὴν
1045 3725 1216 3798 ζωῆς·
1253 3747 1272 3778 ›
1297 3731 1576 3800 τροπικῶς
1592 3733 1900 3804 εἰρημένον,

329 3816 426 3869 καὶ
449 3816 700 3887 δεόμενον
734 3818 1059 3888 διηγήσεως,
1109 3819 1454 3892 παριστάισης
1480 3823 1904 3892 μεταδεδωκέναι

325 3906 420 3959 τὸν
439 3908 570 3961 Θεὸν
599 3907 694 3961 τοῦ
727 3908 1003 3980 ἀφθάρτου
1027 3910 1332 3980 πνεύματος
1356 3911 1433 3983 τῷ
1454 3913 1744 3986 ἀνθρώπῳ·
1772 3917 1906 3970 καθὸ

324 3996 576 4050 λέλεκται
606 3997 687 4063 τὸ,
727 4015 745 4048 ι
785 3995 846 4049 τὸ
877 3996 933 4049 δὲ
967 3998 1239 4070 ἄφθαρτόν
1275 4016 1366 4053 σου
1403 3999 1620 4073 πνεῦμά
1653 4005 1799 4058 ἐστιν
1844 4009 1904 4061 ἐν

323 4106 512 4144 πασιν.
539 4108 558 4140 ι

397 4179 512 4236 Εἶτ’
583 4181 705 4234 ἐπεὶ¹
763 4179 1120 4252 προκείμενον
1179 4180 1290 4252 (59.)
1351 4177 1419 4254 ἦν
1465 4184 1612 4254 αύτῷ
1658 4203 1896 4257 κακηγο-

324 4279 440 4350 ρεῖν
471 4275 542 4329 τὰ
569 4275 946 4348 γεγραμμένα,
981 4274 1288 4346 διεχλεύασε
1322 4277 1414 4331 καὶ⁹
1436 4274 1514 4343 τὸ,
1552 4297 1570 4330 ι
1607 4279 1898 4334 Ἐπέϐαλεν

404 4438 451 4470 ⁸⁸
478 4436 597 4494 Job.
637 4454 692 4505 κ,
724 4439 778 4505 8;
812 4437 953 4492 Psal.
986 4452 1173 4504 cxvm,
1207 4437 1298 4492 73.

1404 4440 1449 4472 ⁸⁸
1482 4439 1626 4496 Psal.
1661 4457 1772 4506 xvr,
1806 4444 1859 4510 8,
1896 4456 2001 4503 etc.

2027 1900 2158 1972 quid
2181 1916 2367 1952 manus
2398 1897 2494 1951 Dei
2525 1897 2850 1966 significent,
2876 1897 3067 1964 longus
3089 1906 3232 1951 esset
3263 1913 3462 1953 sermo.
3493 1897 3601 1952 llas

2023 1993 2170 2048 enim
2208 1999 2263 2046 et
2295 1991 2506 2045 similes
2533 1991 2840 2044 divinarum
2877 1988 3281 2058 Scripturarum
3319 2005 3476 2044 voces
3507 1989 3598 2057 qui

2030 2099 2137 2138 non
2175 2081 2506 2153 intelligunt,
2558 2091 2750 2151 putant
2782 2096 2880 2135 nos
2917 2081 3194 2135 ascribere
3229 2081 3338 2135 Deo
3370 2081 3598 2135 formam

2023 2176 2278 2230 humanae
2305 2174 2558 2230 similem.
2594 2173 2748 2240 Quod
2777 2174 2823 2228 si
2858 2183 3026 2239 esset,
3067 2173 3266 2227 alatum
3307 2173 3467 2226 etiam
3505 2173 3596 2227 Dei

2020 2283 2221 2338 corpus
2253 2283 2375 2322 esse
2404 2265 2711 2336 cogitemus
2767 2279 2992 2320 necesse
3027 2275 3131 2319 est.
3179 2265 3305 2318 Alas
3337 2265 3479 2317 enim
3525 2264 3596 2317 illi

2024 2359 2270 2413 tribuunt
2300 2356 2602 2426 Scriptura:
2637 2356 2703 2420 ⁸⁹,
2766 2355 2811 2410 si
2864 2354 3042 2409 littera
3091 2364 3367 2425 urgeatur.
3403 2355 3506 2408 Sed
3533 2371 3595 2410 ea

2022 2465 2168 2504 nunc
2197 2449 2547 2518 interpretari
2585 2446 2823 2502 alienum
2853 2456 2999 2501 esset
3050 2463 3079 2500 a
3121 2447 3422 2516 proposito.
3472 2445 3597 2499 Illu-

2017 2552 2194 2597 strata
2225 2541 2384 2596 nobis
2411 2549 2538 2596 sunt
2565 2539 2689 2594 data
2715 2553 2878 2610 opera
2910 2548 2964 2593 et
2991 2554 3089 2609 pro
3111 2539 3337 2604 viribus,
3371 2537 3422 2590 in
3446 2552 3597 2591 cont-

2018 2633 2304 2687 mentariis
2340 2632 2394 2686 in
2429 2630 2708 2687 Genesim.
2767 2629 2921 2684 Nunc
2962 2629 3085 2684 vide
3135 2629 3190 2682 in
3241 2629 3598 2698 sequentibul

2017 2722 2160 2777 Celsi
2187 2721 2604 2792 malignitatem.
2635 2719 2872 2774 Narrant
2906 2730 3107 2776 nostra:
3149 2719 3465 2788 Scriptum,
3503 2718 3594 2772 ubi

2017 2816 2086 2872 de
2118 2815 2446 2870 formatione
2477 2813 2712 2868 hominis
2741 2812 2942 2882 agitur,
2969 2810 3136 2865 Deum
3172 2827 3190 2860 ι
3221 2811 3518 2878 inspirasse
3540 2808 3592 2863 in

2014 2907 2211 2962 faciem
2243 2905 2363 2973 ejus
2415 2904 2750 2974 spiraculum
2782 2905 2934 2969 vitae,
2967 2914 3021 2958 et
3055 2902 3256 2957 factum
3294 2903 3462 2956 fuisse
3495 2902 3596 2956 ho-

2013 2999 2213 3050 minem
2242 2996 2296 3050 in
2329 2997 2572 3050 animam
2610 2995 2878 3049 viventem
2913 2995 2983 3049 νο.
3027 3013 3046 3046 ι
3087 2995 3181 3048 Ille
3211 3009 3358 3058 vero,
3395 3003 3455 3046 ut
3489 2995 3592 3048 hoc

2013 3091 2326 3155 subsannet,
2364 3107 2383 3139 ι
2419 3087 2703 3156 inspiravit
2763 3087 2815 3140 in
2851 3086 3043 3140 faciem
3107 3085 3220 3154 ejus
3265 3085 3591 3156 spiraculum

2015 3182 2346 3253 vita')(quod
2381 3196 2489 3250 quo
2511 3196 2672 3235 sensu
2697 3180 2901 3233 dictum
2927 3182 2997 3232 sit
3025 3195 3128 3232 non
3163 3179 3327 3250 capit)
3360 3179 3592 3246 maligne

2014 3273 2244 3329 scribit:
2279 3291 2298 3323 ι
2332 3272 2632 3327 Finxcrunt
2665 3273 2832 3326 Deum
2863 3272 2977 3326 suis
3011 3271 3260 3325 manibus
3290 3270 3593 3326 fabricasse

2015 3365 2292 3420 hominem
2328 3375 2384 3418 et
2415 3364 2468 3418 in
2501 3379 2624 3420 eum
2657 3365 2975 3433 inspirasse,
3012 3383 3030 3415 ι
3079 3373 3136 3415 ut
3169 3365 3290 3431 quis
3327 3362 3379 3416 in
3409 3363 3590 3416 homi-

2013 3477 2135 3516 nem
2193 3459 2511 3528 inspiratum
2570 3457 2741 3511 fuisse
2765 3455 3086 3511 existimans
3131 3455 3584 3524 quemadmodum

2015 3551 2066 3604 itt
2106 3562 2255 3604 utres
2288 3535 2587 3616 inspiratur
2612 3586 2627 3612 ,
2684 3547 2859 3600 rideat
2910 3545 3094 3598 istud:
3146 3561 3166 3594 ι
3205 3544 3499 3611 lnspiravit
3529 3544 3585 3596 in

2013 3641 2205 3696 faciem
2228 3640 2343 3707 ejus
2365 3637 2693 3706 spiraculum
2720 3637 2858 3690 vitae.
2889 3655 2907 3688 ›
2938 3636 3089 3702 Quod
3121 3637 3348 3704 figurate
3381 3634 3584 3692 dictum

2011 3734 2375 3802 explicatione
2399 3731 2619 3799 indiget,
2640 3743 2758 3795 qua:
2787 3727 2979 3796 probet
3009 3726 3279 3780 hominem
3309 3741 3337 3778 a
3370 3725 3476 3779 Deo
3507 3725 3588 3778 fa-

2012 3837 2156 3878 ctum
2187 3825 2352 3878 fuisse
2385 3822 2607 3891 spiritus
2660 3819 3093 3889 ittcorruptihilis
3137 3819 3480 3888 participem;
3514 3817 3585 3870 de

2012 3932 2120 3984 quo
2147 3918 2352 3971 dictum
2387 3925 2472 3969 est
2503 3932 2515 3968 :
2548 3911 3010 3982 «Incorruptibilis
3039 3919 3218 3966 autem
3251 3921 3374 3967 tuus
3409 3908 3576 3981 spiri-

2014 4019 2098 4065 tus
2133 4019 2216 4066 est
2244 4010 2297 4064 in
2329 4007 2582 4064 omnibus
2609 4007 2676 4059 ³⁸.
2719 4023 2741 4059 ι

2075 4189 2165 4245 58.
2201 4187 2404 4241 Deinde
2434 4186 2643 4239 instans
2685 4182 2739 4236 in
2772 4183 3051 4252 proposito
3082 4179 3407 4235 criminandi
3459 4194 3580 4250 quae

2006 4284 2208 4351 scripta
2237 4287 2364 4334 sunt
2393 4317 2409 4343 ,
2462 4275 2749 4331 cavillatur
2774 4284 2830 4328 et
2864 4273 3009 4329 istud
3038 4289 3052 4324 :
3095 4289 3116 4324 ι
3172 4271 3400 4326 Immisit
3437 4271 3582 4328 Deus

2086 4446 2132 4478 ⁹⁰
2169 4443 2308 4500 Gen.
2338 4457 2392 4508 ιι,
2423 4441 2476 4495 7.
2585 4438 2629 4470 “
2666 4436 2799 4506 Sap.
2827 4450 2926 4502 xu,
2961 4435 3012 4490 Ι.

319 4579 415 4655 καὶ
443 4578 762 4655 δυσσεϐείας
796 4577 1134 4655 διδάσκαλον.
1169 4577 1518 4655 Βλασφημεξν
1546 4581 1655 4654 γὰρ
1675 4622 1689 4646 ,
1721 4585 1908 4655 φησιν,

2023 4607 2042 4640 ι
2081 4587 2281 4643 Omnes
2311 4584 2453 4637 enim
2486 4581 2610 4636 boni
2639 4591 2811 4655 poeta:
2846 4577 3004 4655 epici
3027 4592 3131 4655 non
3163 4576 3380 4655 quidem
3413 4587 3580 4655 certe

318 4649 630 4723 ἐκπαιδεύει
661 4649 984 4723 τοὺςνέους,
1031 4649 1123 4723 καί¹
1151 4649 1408 4723 πονηράς
1427 4653 1608 4723 αύ-τοϊς
1626 4649 1905 4723 ’περὶ’τῶν

320 4719 456 4773 θεῶν
483 4719 724 4796 ἐκτίθησι
757 4719 932 4796 δόᾼξας,
969 4719 1062 4796 καὶ
1085 4718 1318 4796 Δἁπαλοῖς
1344 4718 1568 4796 {statim
1595 4718 1906 4796 ,μαθήματα

321 4791 532 4860 πονηρὰ
561 4789 1048 4861 καὶδιεφθαρμένα
1081 4791 1273 4858 ἐνίησι.
1298 4789 1484 4861 (Quid
1521 4789 1664 4845 enim
1705 4789 1903 4849 liente-

319 4861 434 4931 [ica
460 4861 604 4926 poesi
624 4860 960 4931 jucundiUS?
983 4861 1123 4931 Quid
1156 4862 1275 4929 ejus
1306 4860 1634 4931 duleiloquio
1653 4866 1901 4920 suavius?

319 4929 382 5001 Et
415 4935 594 4982 tamen
629 4930 792 5001 hunc
822 4931 998 5001 ipsum
1031 4929 1326 5001 Homerum
1365 4929 1601 5001 optimus
1653 4933 1894 5001 philoso-

315 4999 544 5067 phorum
571 5000 589 5070 ί
615 4999 902 5070 Aristonis,
935 5001 1153 5067 opinor,
1186 5000 1356 5052 filium
1389 4999 1732 5070 intelligiti's),
1785 5020 1890 5058 un-

317 5076 520 5138 guento
552 5068 849 5138 delibutum
881 5106 897 5132 ,
949 5071 1090 5124 sicut
1123 5070 1443 5124 hirundines
1494 5085 1524 5123 a
1571 5068 1894 5129 mulieribus

314 5135 512 5202 solent,
544 5137 729 5206 procul
754 5135 910 5203 eiecit
935 5139 1004 5194 ah
1031 5153 1093 5192 ea
1123 5153 1284 5206 quam
1310 5139 1729 5206 ipseiconstituit
1756 5144 1893 5198 civi-

317 5207 964 5280 tate,_omni§licentia2
1000 5216 1162 5280 atque
1221 5209 1517 5280 impietatis
1565 5213 1887 5280 magistrum

314 5276 616 5348 appellans.
649 5276 1044 5348 Blas‘pltemare
1077 5279 1249 5339 enim.
1281 5279 1480 5346 inquit,
1513 5276 1888 5336 adolescentes

312 5343 496 5410 docet,
522 5349 735 5417 illisque
759 5343 1060 5418 ﬂagitiosas
1091 5348 1158 5401 de
1183 5349 1296 5418 diis
1316 5343 1600 5418 opiniones
1626 5350 1884 5416 insinuat,

314 5419 628 5487 tenerisque
662 5418 840 5471 adhuc
887 5417 1085 5473 animis
1137 5417 1326 5471 inserit
1354 5417 1616 5472 scelestas
1645 5459 1661 5485 ,
1705 5421 1889 5487 periti,

309 5489 490 5542 ciosas
523 5498 575 5540 et
606 5498 894 5555 corruptas
932 5487 1270 5556 disciplinas.
1303 5487 1623 5556 niSpEtvcsn.
1787 5513 1798 5523 -

381 5557 496 5627 (ἓῖ)
527 5557 622 5626 Μὴ
653 5557 971 5627 φρονήσας
1019 5555 1288 5622 ἐνθέους.
1318 5555 1709 5621 Verumtamen
1742 5557 1886 5613 Plat.

309 5627 458 5690 Ion.,
493 5643 614 5696 pag.
649 5628 788 5682 553:
830 5627 1040 5691 Πάντες
1069 5627 1176 5699 γάρ
1201 5627 1330 5699 οἵτε
1353 5627 1462 5699 τῶν
1491 5627 1636 5680 ἐπῶν
1668 5631 1888 5699 ποιηταὶ

309 5644 458 5690 10".,
493 5644 614 5696 pag.
649 5644 788 5682 ooo:
830 5644 1040 5691 ιιαντες
1069 5644 1176 5751 γαρ
1201 5644 1250 5678 οι
1273 5645 1330 5680 τε
1353 5644 1462 5680 των
1491 5644 1636 5680 επων
1668 5644 1888 5699 ποιηται

307 5699 368 5779 οἱ,
390 5699 582 5765 ἁγαθοὶ
611 5699 709 5779 οὐκ
731 5699 794 5751 ἐκ
823 5699 1036 5779 τέχνης,
1055 5698 1136 5779 ⁸ἀλ
1172 5697 1383 5779 ’.ἔνθεοι
1411 5698 1580 5764 ὄντες,
1606 5699 1702 5779 και
1730 5716 1888 5752 κατεη-

308 5767 522 5837 χόμενοι
571 5769 745 5828 πάντα
795 5767 982 5826 ταῦτα
1011 5767 1078 5826 τὰ
1121 5768 1285 5845 καλὰ-
1317 5768 1533 5846 λέγουσι
1585 5771 1882 5849 ποιήματα.

2013 4658 2291 4728 cujusdam
2332 4655 2467 4707 artis
2500 4647 2756 4728 auspiciis
2779 4690 2796 4716 ,
2829 4647 2940 4728 sed
2955 4649 3137 4702 divino
3166 4647 3446 4728 cujusdam
3490 4649 3578 4702 fu-

2013 4719 2153 4783 roris
2182 4724 2359 4778 afﬂatu
2411 4719 2671 4790 correpti,
2705 4721 2883 4773 omnia
2927 4721 3042 4772 haec
3087 4719 3348 4790 praeclara
3393 4719 3580 4773 dicunt

2010 4806 2278 4867 poemata.
2319 4813 2338 4845 ι
2382 4794 2513 4848 Vide
2562 4788 2810 4867 paginam
2844 4789 2970 4854 554,
3030 4797 3086 4842 et
3121 4788 3321 4843 librum
3356 4790 3576 4844 tertium

2006 4862 2084 4921 De
2135 4867 2359 4933 legibus,
2388 4879 2511 4932 pag.
2555 4862 2679 4915 682.
2719 4862 2980 4933 SPENesn.

2077 4928 2564 5006 (28)'7llmscbelius
2591 4934 2844 5006 ἱιιιεκιιι,
2869 4928 3192 5006 ἄλλοςῃέστί.

2211 5005 2358 5086 Lib-ri
2389 5014 2546 5086 antea
2579 5003 2733 5084 editi,
2787 4999 3242 5086 σιτείιραλοιϐούσσινγς2
3267 4999 3375 5086 sed
3413 4998 3572 5086 codd.

2000 5070 2204 5144 Regius
2237 5073 2664 5144 etBasileensis,
2713 5070 3372 5144 rapa1a66v10;._lbidettt
3413 5085 3571 5133 mss.,

1997 5139 2177 5198 τοῦδε
2223 5142 2342 5196 Ἰὼϐ
2372 5143 2582 5196 καὶτοῦ
2632 5139 3082 5196 Δαυίδέἰπόντων
3105 5139 3186 5195 τό.
3238 5141 3410 5205 Alias,
3469 5154 3571 5209 pro

1996 5214 2276 5278 εἰπόντων,
2306 5214 2582 5282 legebatur
2615 5212 2877 5275 εἰπόντος.

1995 5288 2021 5351 ε’
2069 5284 2180 5354 (50)
2199 5279 2388 5356 Ζωῆςζ
2416 5283 2578 5356 illane
2601 5298 2809 5356 vocem,
2831 5296 2950 5350 quae
2966 5280 3305 5335 desideratur
3334 5279 3386 5332 in
3408 5283 3579 5332 antea.

1995 5352 2180 5417 editis,
2215 5352 2454 5406 restituit
2482 5353 2650 5406 codex
2689 5352 2914 5421 Regius.

2065 5425 2176 5495 (51)
2212 5425 2683 5495 Πλᾳσσόμενον.
2704 5419 2797 5495 Ex‘
2811 5423 2875 5495 iis
2902 5434 3021 5495 qua;
3039 5419 3360 5495 praecedunt
3391 5427 3448 5495 et
3475 5429 3566 5469 se-

1998 5487 2262 5582 quuntur,
2301 5487 2590 5548 Boltcrello
2621 5487 2932 5546 addendum
2961 5489 3174 5541 videtur
3199 5526 3214 5554 ,
3265 5487 3359 5540 καὶ
3387 5488 3564 5556 ἐμφυ-

1996 5581 2258 5618 σωμενον.

2065 5582 2619 5704 ῗῗζέἶοῖίροκείμενον.
2654 5630 2742 5685 Sic
2775 5637 2922 5683 recte
2945 5642 3073 5682 mss.
3107 5626 3276 5692 Alias,
3308 5625 3565 5698 προσκεί-

1997 5723 2174 5778 μενον,
2209 5703 2367 5758 male.
