3986 6164
294 334 320 388 1
334 332 439 388 089

1467 325 1750 385 CONTRA
1788 322 2068 381 CELSUM
2108 322 2237 378 LIB.
2279 318 2371 377 IV.

3431 317 3454 368 1
3464 316 3567 371 090

300 455 506 521 Τεῦξε,
524 449 937 521 Διὸς-,ϐουλῇσι
958 450 1378 520 βαρυκτύπου·
1394 449 1464 506 ἐν
1477 449 1530 503 δ’
1546 450 1661 519 ἄρα
1687 446 1890 519 φωνὴν

2000 443 2420 528 532MC_ondit,
2449 441 2599 497 Jovis
2632 441 2865 497 tonantis
2914 434 3230 504 voluntate;
3291 449 3336 491 ει
3385 453 3571 497 nomen

293 587 464 656 θῆκε
494 585 652 656 θεῶν
681 582 915 656 κῆρυξ-ο
947 581 1301 656 ὀνόμηνε-δὲ
1323 581 1506 656 τήφςδε
1527 581 1787 656 γυναῖκα

293 651 650 724 Πανδώρην,
686 651 776 708 ὅτι
805 653 1032 719 πάντες
1055 651 1062 652 ί
1085 653 1387 724 [ΟλύμπιαΔ
1410 651 1621 724 δώματ’
1648 653 1892 724 ἕχοιςτες

293 726 499 794 Δῶρον
509 719 836 793 ’ἐδώρησαν
860 724 995 794 (42),
1026 720 1156 791 πῆμ
1170 722 1183 742 ’
1201 719 1500 791 ἀνδράσιν
1514 719 1888 790 ἁλφηστῇσι.

295 861 514 915 Γελοῖόν
537 860 583 913 δ’
610 859 836 914 αὐτόθεν
868 861 964 913 καὶ
1002 859 1064 912 τὸ
1093 860 1226 931 περὶ
1265 857 1361 912 τοῦ
1393 856 1554 910 πίθου
1576 855 1888 940 λεχόμενον,

293 1002 455 1070 Πρὶν
472 999 722 1070 μὲνγγᾲρ
751 997 1012 1070 ζώεσκον
1038 966 1137 1052 si}:
1172 997 1341 1070 χθονὶ
1368 996 1509 1066 φῦλ’
1539 943 1866 1070 ἀγὲρτίξόπων

293 1064 541 1141 Νοσριν
563 1064 702 1141 ἄτερ
724 1085 787 1123 τε
817 1069 1023 1141 κακῶν
1051 1069 1152 1141 καὶ
1172 1064 1317 1141 ἄτερ
1346 1064 1635 1141 χαᾼεποῑο
1657 1067 1888 1141 πόνοιο,

293 1134 556 1196 Νούσων
599 1134 1028 1208 τ”ἀργαλέων,
1063 1140 1126 1192 αἵ
1168 1139 1218 1191 τ’
1263 1134 1519 1205 ἀνδράσι
1558 1134 1890 1258 25:3)

307 1280 492 1334 Ἀλλὰ
523 1278 678 1349 γυνὴ
713 1279 985 1348 χείρεσσι
1017 1279 1192 1332 πίθου
1219 1276 1375 1346 μέγα
1398 1275 1548 1345 πῶμ’
1577 1205 1895 1343 ἀξέῗοθίῐῗα

309 1411 661 1474 Ἐσκέδασ’,
694 1409 1059 1478 ἀνθρώποισι
1087 1409 1140 1462 δ’
1167 1409 1435 1478 ἐμήσατο
1458 1407 1649 1476 κήδεα
1675 1405 1890 1476 λυγρά.

296 1483 513 1548 Moan
547 1481 612 1534 δ’
651 1483 856 1534 αὐτόθι
903 1481 1110 1544 Ἐλπὶς
1135 1481 1204 1532 ἐν
1238 1479 1590 1547 ἀρρήκτοισι
1617 1478 1894 1548 δόμοισιν

298 1546 530 1605 "Er-6‘03?
560 1550 775 1619 ἔμεινε,
813 1551 988 1603 πίθου
1025 1549 1146 1603 ὑπὸ
1182 1546 1473 1619 χείλεσιν,
1509 1547 1651 1619 οὐδὲ
1685 1546 1894 1614 θύραζε

309 1618 596 1688 Ἐξέπτηί
615 1622 882 1689 πρόσθεν
909 1620 1018 1689 γὰρ
1043 1619 1339 1688 ἐπέμϐαλε
1367 1618 1542 1688 πῶμα
1569 1618 1784 1672 πίθοιο.

297 1711 449 1784 Πρὸς
481 1712 537 1765 δὲ
581 1712 672 1764 τὸν
703 1710 874 1765 ταῦτα
918 1710 1131 1779 σεμνῶς
1177 1710 1599 1782 ἁλληγοροῦντα,
1635 1707 1733 1761 εἴτ’
1774 1708 1893 1761 ἐπι-

2137 519 2216 569 illi

1995 586 2231 655 Imponit
2273 585 2490 655 deorum
2523 585 2718 652 pr‘a'co,
2754 597 2977 655 eamque
3015 578 3292 655 appellavit

1995 650 2332 716 Pandarum,
2363 654 2492 722 quia
2524 650 2704 706 omnes
2728 653 3006 704 domorum
3031 650 3312 722 calestium
3346 650 3537 722 incolae

1995 726 2164 779 Suum
2195 725 2273 776 illi
2302 721 2521 793 quisque
2560 722 2755 793 donum
2787 722 3142 785 contulerant,
3173 721 3452 773 industriis
3478 722 3574 773 lto-

2135 792 2364 847 minibus
2389 794 2547 846 exitio
2575 792 2838 859 futurum.

1993 862 2106 917 Nec
2148 863 2331 916 minus
2357 857 2643 916 ridiculqu
2683 861 2827 930 quod
2871 858 3153 927 subiungit
3175 857 3241 912 de
3275 859 3422 912 dolio
3450 876 3466 915 :

1996 993 2140 1046 Nam
2179 993 2328 1061 prius
2357 994 2410 1046 in
2438 1003 2577 1045 terra
2610 991 2812 1044 virebat
2846 1007 3014 1059 genus
3045 992 3315 1044 hominum

1997 1063 2177 1133 Nullis
2203 1063 2359 1115 malis
2391 1063 2659 1133 afflictum,
2691 1061 2802 1133 sine
2830 1062 2938 1114 ullo
2973 1063 3171 1131 αἰθῑεὶίί
3195 1063 3396 1128 labore,

1997 1131 2301 1202 Morbisqne
2351 1130 2582 1186 nioiestis
2637 1130 2730 1197 qui
2778 1130 3080 1184 hominibus
3136 1142 3399 1185 senectam
3439 1132 3574 1202 a/i‘e-

2137 1211 2280 1255 runt.

1997 1271 2106 1326 Sed
2135 1274 2326 1324 mulier
2350 1287 2464 1324 cum
2499 1285 2563 1324 ex
2596 1269 2741 1324 dolio
2772 1269 3016 1323 manibus
3055 1286 3302 1339 magnum
3331 1271 3578 1328 sustulis-

2139 1352 2213 1394 set
2242 1340 2569 1409 operculum,

1996 1411 2280 1476 Dispersil,
2322 1422 2369 1463 el
2407 1411 2460 1461 in
2495 1410 2732 1462 homines
2763 1424 2947 1476 graves
2977 1423 3133 1461 curas
3163 1409 3400 1468 immisit.

2001 1481 2131 1535 Sola
2163 1498 2282 1534 vero
2308 1481 2416 1532 illic
2444 1496 2558 1548 spes
2591 1480 2822 1545 infracta
2853 1479 2909 1530 in
2935 1479 3090 1530 domu

2001 1549 2152 1603 Intus
2182 1551 2400 1610 mansit,
2434 1545 2564 1602 dolii
2588 1551 2682 1602 sub
2711 1548 2896 1610 labris,
2929 1563 3091 1616 neque
3112 1545 3258 1614 foras

1998 1618 2278 1683 Evolarit;
2307 1619 2558 1688 injecerat
2593 1619 2728 1671 enim
2755 1618 2904 1686 prius
2937 1618 3078 1669 dolio
3107 1616 3434 1684 operculum.

1998 1710 2124 1765 llazc
2153 1711 2402 1780 quisquis
2461 1709 2738 1779 allegoriis
2777 1709 3022 1779 graviter
3074 1711 3426 1776 exposuerit,
3461 1711 3577 1768 sive

291 1805 638 1874 τυγχάνοντα
681 1805 738 1856 ὲν
772 1805 835 1874 τῇ
873 1802 1171 1874 ἀλληγορία
1212 1801 1325 1855 εἴτε
1367 1803 1460 1855 καὶ
1497 1803 1594 1872 μὴ,
1629 1799 1882 1871 ἐροῦμεν·

1999 1803 2274 1871 scriptoris
2312 1810 2548 1856 mentem
2583 1811 2930 1869 assequatur,
2965 1801 3080 1854 sive
3113 1815 3222 1854 non
3249 1841 3264 1865 ,
3303 1801 3382 1856 sic
3423 1803 3574 1858 illum

291 1889 447 1965 Ἀρα
474 1895 654 1965 μόνοις
690 1895 945 1965 Ἓλλησιν
990 1897 1047 1948 ἐν
1080 1895 1302 1966 ὑπονοίᾳ
1328 1893 1501 1958 ἔξεστι
1539 1893 1880 1963 φιλοσοφεῖν;

292 1987 436 2041 ἀλλὰ
459 1988 549 2040 καὶ
580 1987 915 2055 Αἰγυπτίοις,
951 1987 1043 2040 καὶ
1076 1987 1190 2039 ὅσοι
1221 1986 1328 2038 τῶν
1357 1985 1649 2056 βαρϐάρων
1683 1983 1883 2055 σεμνύ-

293 2096 478 2133 νονται
515 2079 607 2134 ἐπὶ
654 2079 971 2150 μυστηρίοις
1015 2078 1109 2130 καὶ
1145 2077 1402 2148 ἀληθείᾳ;
1442 2077 1592 2147 μόνοι
1643 2076 1700 2129 δὲ
1756 2077 1886 2128 Ἰου-

289 2173 438 2224 δαῖοι
465 2170 650 2237 ἔδοξάν
681 2187 783 2233 σοι,
817 2169 910 2222 καὶ
929 2171 956 2221 6
981 2168 1184 2221 τούτων
1209 2167 1527 2238 νομοθέτης,
1557 2167 1652 2219 καὶ
1681 2168 1729 2219 o'.
1762 2183 1887 2234 συγ-

293 2265 550 2334 γραφεῖς,
583 2262 800 2315 πάντων
832 2258 1136 2330 ἀνθρώπων
1169 2255 1307 2312 εἶναι
1346 2259 1727 2328 ἀνοητότατοι;
1773 2256 1886 2310 Καὶ

299 2349 464 2419 μόνον
511 2347 669 2401 τοῦτο
703 2348 813 2418 (44)
854 2348 915 2400 τὸ
947 2347 1098 2410 ἔθνος
1138 2348 1394 2417 οὐδεμιᾶς
1436 2347 1718 2417 δυνάμεως
1749 2345 1884 2400 Θεοῦ

300 2437 709 2508 μετειληφέναι,
737 2439 799 2490 τὸ
827 2439 969 2491 οὕτω
1003 2436 1485 2508 μεγαλοφυέστατα
1510 2437 1886 2506 δεδιδαγμένον

296 2528 612 2582 ἀναϐαίνειν
645 2530 736 2583 ἐπὶ
754 2529 853 2600 τὴν
878 2529 1140 2598 ἀγένητον
1164 2528 1257 2580 τοῦ
1282 2527 1418 2580 Θεοῦ
1441 2529 1622 2596 φύσιν,
1649 2530 1887 2598 κάκείνῳ

301 2619 453 2690 μόνῳ
485 2623 696 2692 ὲνορᾷν,
731 2621 826 2674 καὶ⁸
851 2620 949 2683 τὰς
973 2619 1066 2673 ἀπ’
1094 2617 1260 2672 αὐτοῦ
1288 2620 1448 2689 μόνου
1474 2619 1695 2683 ἐλπίδας
1719 2637 1888 2692 προσ-

296 2711 468 2781 δοκᾷν
485 2728 499 2776 ;

389 2805 542 2857 Ἐπεὶ
590 2803 648 2857 δὲ
710 2805 804 2857 κα)⁸
857 2802 929 2856 τὰ
982 2805 1110 2875 περὶ
1181 2804 1275 2856 τὸν
1349 2803 1492 2873 ὅφιν,
1544 2822 1562 2853 ί
1614 2804 1692 2868 ὡς
1723 2803 1886 2857 ἀντι-

298 2895 660 2962 πράσσοντα
711 2894 835 2960 τοῖς
885 2893 989 2947 τοῦ
1038 2895 1188 2948 Θεοῦ
1237 2894 1388 2966 πρὸς
1430 2894 1538 2947 τὸν
1577 2893 1890 2962 ἄνθρωπον

298 2985 816 3056 παραγγέλμασιν,
873 3005 892 3035 ι
949 2988 977 3038 ὁ
1028 2986 1237 3049 Κέλσος
1282 2986 1557 3055 κωμῳδεῖ,
1623 3004 1642 3036 ι
1694 2985 1890 3054 μῦθόν

297 3093 437 3130 τινα
464 3096 482 3128 ι
509 3075 885 3148 παραπλήσιον
903 3079 1017 3140 τοῖς
1033 3077 1486 3148 παραδιδομένοις
1518 3095 1536 3126 ι
1563 3076 1692 3141 ταῖς
1712 3092 1888 3145 γραυ-

299 3167 411 3221 σὶν
445 3186 464 3219 ι
488 3194 490 3197 -
511 3166 795 3220 ὑπολαϐὼν
824 3166 962 3221 εἶναι
1005 3168 1097 3221 τὸν
1134 3168 1310 3236 λόγον’
1348 3167 1442 3220 καὶ
1475 3165 1617 3220 ἑκὼν
1647 3165 1769 3220 οὔτε
1797 3167 1889 3220 τὸν

301 3257 441 3312 Θεοῦ
481 3259 806 3328 παράδεισον
859 3258 1163 3328 ὠνόμασεν,
1204 3258 1314 3311 οὐδ’
1364 3258 1440 3321 ὡς
1487 3259 1889 3327 πεφυτευκέναι

301 3348 524 3417 λέγεται
567 3350 595 3402 ό
636 3348 768 3412 Θεὸς
804 3349 862 3402 ὲν
908 3349 1068 3419 Ἐδὲμ
1109 3349 1230 3402 κατ’
1272 3349 1554 3412 ἀνατολάς
1603 3349 1700 3403 καὶ
1753 3347 1893 3420 μετά

300 3440 465 3495 τοῦτο
489 3440 967 3507 ὲξανατεταλκέναι
1000 3441 1065 3492 ὲκ
1087 3439 1189 3509 τῆς
1221 3439 1325 3508 γῆς
1353 3440 1462 3492 πᾶν
1492 3439 1648 3505 ξύλον
1691 3440 1890 3509 ὡραῖον

301 3533 387 3597 είς
425 3533 634 3602 ὅρασιν,
676 3531 769 3585 καὶ
799 3531 965 3585 καλὸν
995 3532 1077 3594 εἰς
1111 3529 1334 3601 βρῶσιν,
1371 3531 1465 3583 καὶ
1505 3529 1566 3582 τὸ
1609 3528 1762 3593 ξύλον
1793 3530 1893 3598 τῆς

301 3623 450 3694 ζωῆς
493 3626 550 3677 ὲν
591 3623 742 3694 μέσῳ
772 3622 851 3694 τῷ
896 3621 1208 3694 παραδείσῳ
1239 3620 1371 3693 (45),
1413 3621 1507 3674 καὶ
1547 3621 1609 3674 τὸ
1653 3620 1892 3688 γνωστὸν

300 3711 474 3765 καλοῦ
509 3713 603 3765 καὶ
640 3711 879 3784 πονηροῦ
915 3711 1090 3776 ξύλον,
1121 3711 1213 3764 καὶ
1251 3711 1320 3764 τὰ
1353 3711 1447 3764 ἐπὶ
1489 3709 1698 3773 τούτοις
1739 3711 1893 3781 εἰρη-

305 3801 470 3872 μένα,
501 3800 776 3872 δυνάμενα
827 3801 1053 3855 αὐτόθεν
1086 3803 1305 3873 κινῆσαι
1331 3801 1422 3854 τὸν
1445 3800 1689 3872 εύμενῶς
1709 3802 1896 3869 ἐντυγ-

300 3894 554 3964 χάνοντα,
586 3894 666 3946 ὅτι
706 3895 884 3948 πάντα
918 3894 1088 3948 ταῦτα
1123 3895 1224 3947 οὐκ
1261 3895 1517 3964 ἀσέμνως
1550 3893 1896 3964 τροπολογεῖ-

301 4003 424 4039 ται·
458 3986 614 4057 φέρε,
641 3986 1099 4059 ἁντιπαραθῶμεν
1138 3989 1202 4039 ὲκ
1234 3985 1332 4039 τοῦ
1365 3987 1717 4054 Συμποσίου
1751 3986 1897 4039 Πλά-

299 4094 475 4140 τωνος
508 4077 578 4130 τὰ
604 4078 872 4148 εἰρημένα
908 4078 1038 4149 περὶ
1065 4077 1160 4129 τοῦ
1213 4078 1460 4147 ’Ἑρωτος
1489 4076 1566 4146 τῷ
1593 4077 1892 4148 Σωκράτει,

301 4169 403 4222 καλ¹
452 4168 528 4231 ὡς
572 4168 871 4239 σεμνότερα
925 4170 1141 4222 πάντων
1183 4167 1291 4221 τῶν
1341 4170 1398 4221 ὲν
1446 4169 1525 4240 τῷ
1573 4171 1896 4237 Συμποσίῳ

301 4261 568 4314 εἰπόντων
596 4260 724 4332 περὶ
757 4259 922 4313 αὐτοῦ
953 4259 1032 4330 τῷ
1060 4260 1340 4332 Σωκράτει
1381 4261 1736 4333 περιτεθέντα
1761 4261 1892 4332 (46).

303 4350 466 4405 Οὕτω
511 4352 557 4405 δ’
611 4351 723 4422 ἔχει
778 4353 811 4422 ἠ
860 4353 1146 4416 Πλάτωνος
1188 4351 1367 4417 λέξις·
1427 4371 1444 4404 ι
1507 4353 1624 4406 ”Οτ’
1683 4353 1896 4420 ἐγένετο

310 4446 348 4515 ἡ
389 4443 701 4516 Ἀφροδίτη,
730 4443 1010 4497 εἱστιῶντο
1045 4445 1094 4496 οἱ
1139 4443 1272 4508 θεοὶ,
1300 4445 1353 4498 οῖ
1369 4461 1430 4498 τε
1450 4444 1595 4499 ἄλλοι
1619 4445 1712 4497 καὶ⁵
1737 4446 1766 4496 6
1794 4444 1894 4515 τῆς

304 4537 547 4608 Μήτιδος
561 4537 672 4600 υἱὸς
690 4537 865 4609 Πόρος
883 4535 1016 4607 (47).
1056 4535 1282 4607 Ἐπειδὴ
1305 4537 1362 4589 δὲ
1377 4537 1718 4608 ἐδείπνησαν,
1738 4553 1898 4608 προσ-

306 4628 628 4698 αιτήσουσα,
657 4620 773 4680 οἷον
799 4627 1124 4700 δὴεύωχίας
1154 4625 1339 4696 οὔσης,
1375 4625 1600 4698 ἀφίκετο
1632 4629 1663 4699 ἡ
1705 4627 1919 4692 Πενία,-

309 4719 404 4772 καὶ
434 4715 502 4790 ἦν
526 4721 654 4791 περὶ
690 4720 790 4784 τὰς
822 4718 1012 4791 Θύρας.
1061 4721 1118 4773 '0
1147 4715 1238 4773 οὖν
1274 4720 1448 4791 Πόρος
1485 4718 1772 4789 μεθυσθεὶς
1804 4719 1898 4772 τοῦ

309 4810 572 4882 νέκταρος
619 4809 781 4882 (οἶνος
813 4811 923 4883 γὰρ
969 4810 1123 4864 οὔπω
1155 4807 1222 4882 ἦν
1245 4828 1259 4840 ο
1287 4811 1304 4882 )
1329 4850 1343 4874 ,
1380 4812 1462 4874 εἰς
1508 4810 1596 4863 τὸν
1639 4810 1732 4863 τοῦ
1774 4811 1896 4873 Διὸς

311 4899 486 4970 κῆπον
522 4901 799 4966 εἰσελθὼν,
832 4901 1206 4973 βεϐαρημένος
1233 4894 1406 4954 εὗδεν.
1460 4902 1524 4954 Ἥ
1573 4895 1666 4953 οὖν
1706 4899 1892 4964 Πενία,

311 4991 734 5046 ἐπιϐουλεύουσα
764 4993 851 5046 διὰ
891 4994 991 5065 τὴν
1019 4995 1192 5064 αὐτῆς
1237 4994 1470 5066 ἀπορίαν
1498 4992 1706 5047 παιδίον
1740 4995 1894 5065 ποιή-

312 5079 510 5137 σασθαι
545 5084 612 5135 ὲκ
659 5081 754 5136 τοῦ
801 5083 996 5154 Πόρου,
1050 5085 1429 5138 κατακλίνεται
1463 5101 1522 5136 τε
1557 5084 1684 5154 παρ’
1717 5083 1887 5154 αὐτῷ,

383 5289 496 5360 (42)
530 5288 674 5361 Lego
701 5302 825 5345 cum
878 5289 1069 5345 iisdem
1096 5329 1112 5356 ,
1145 5288 1446 5360 ἐδώρησαν.
1473 5287 1724 5355 Origen.,
1757 5286 1891 5340 ἑδω-

316 5362 572 5434 ρήσαντο.

384 5432 496 5504 (45)
528 5431 710 5504 Iidem,
743 5431 941 5504 γῆρας.
967 5429 1209 5504 Origen.,
1249 5429 1445 5500 κῆρας.

383 5497 499 5571 (Ml
528 5501 728 5557 Τοῦτο.
755 5497 1118 5558 ὐἒεὶάετοιιῐι-
1149 5501 1202 5554 in
1231 5497 1391 5554 antea
1425 5497 1610 5563 editis,
1639 5499 1733 5552 sed
1758 5513 1889 5568 sup-

313 5572 495 5642 pletur
526 5587 557 5626 e
589 5589 721 5626 mss.

383 5643 496 5712 (45)
526 5643 609 5708 Τῷ
638 5642 1000 5712 παραδείσῳ.
1027 5641 1118 5697 Sic
1149 5655 1283 5695 mss.
1308 5638 1459 5692 Alias
1485 5653 1636 5702 vero,
1663 5636 1756 5692 τοῦ
1783 5656 1888 5692 πα-

317 5713 936 5849 ραῗῗίῖῗοῖὶεριτεθέντα.
971 5779 1042 5838 Ita
1072 5783 1232 5839 codd.
1251 5780 1448 5849 ltegius
1461 5789 1514 5836 et
1536 5780 1881 5842 Basileensis.

1987 1895 2440 1962 compcllabimus
2467 1911 2483 1948 :
2518 1895 2600 1948 An
2632 1892 2760 1946 solis
2793 1891 2997 1947 Graecis
3029 1894 3152 1946 licet
3186 1909 3314 1950 suas
3339 1909 3424 1950 res
3459 1896 3581 1965 phi-

1989 1987 2301 2056 losophicas
2350 1987 2622 2041 velamine
2662 1986 2886 2057 tegere?
2929 1987 3012 2039 An
3063 1985 3337 2056 Aﬂgyptiis
3386 1988 3577 2042 eadem

1986 2081 2143 2134 venia
2163 2079 2384 2132 dabitur
2410 2077 2646 2145 aliisque
2673 2077 2919 2131 barbaris
2936 2077 3026 2147 qui
3057 2093 3115 2132 se
3135 2079 3424 2132 veritatem
3459 2095 3579 2150 my-

1987 2170 2173 2224 steriis
2201 2169 2532 2224 occultatam
2569 2168 2772 2223 habere
2797 2169 3133 2239 gloriantur;
3187 2171 3332 2227 solos
3383 2181 3574 2228 autem

1985 2259 2204 2315 Judaeos
2227 2269 2404 2327 putas,
2429 2273 2494 2312 ne
2520 2259 2764 2326 exceptis
2786 2261 3002 2328 quidem
3029 2260 3345 2329 legislatore
3368 2272 3422 2316 et
3443 2279 3517 2319 sci
3534 2265 3579 2317 i-

1989 2351 2281 2418 ptoribus,
2333 2355 2580 2406 omnium
2636 2350 2924 2405 hominum
2963 2364 3084 2405 esse
3141 2351 3580 2419 stupidissimos?

1992 2444 2121 2497 Sola
2148 2444 2262 2498 haec
2297 2459 2450 2514 gens,
2479 2460 2601 2514 qua:
2644 2455 2748 2498 tam
2785 2442 3056 2498 nobilibus
3089 2443 3392 2523 disciplinis
3419 2445 3579 2500 docta

1988 2544 2075 2589 est
2100 2535 2166 2588 ad
2190 2536 2487 2589 increatam
2510 2536 2600 2590 Dei
2625 2543 2873 2589 naturam
2891 2549 3192 2604 assurgere.
3224 2533 3374 2588 illum
3401 2534 3579 2590 solum

1989 2640 2102 2694 pra:
2141 2625 2316 2679 oculis
2363 2626 2604 2690 habere,
2663 2626 2714 2679 in
2746 2626 2834 2678 illo
2873 2624 2988 2680 solo
3038 2639 3166 2678 suas
3199 2639 3324 2692 spes
3375 2638 3573 2681 omnes
3617 2617 3620 2620 ’

1988 2729 2258 2786 reponere
2283 2757 2297 2778 ,
2341 2716 2480 2770 nihil
2509 2730 2538 2769 a
2575 2715 2684 2770 Deo
2713 2715 2939 2768 virtutis
2967 2713 3292 2784 acceperit?

2072 2809 2173 2864 '59:
2198 2807 2466 2876 Quoniam
2498 2807 2690 2861 Celsus
2720 2806 2883 2860 etiam
2912 2815 3223 2874 serpentem
3256 2807 3464 2860 comica
3496 2805 3574 2860 di-

1992 2903 2236 2958 cacitate
2269 2902 2456 2955 ridens
2487 2901 2563 2954 ait
2603 2899 2753 2953 illum
2787 2921 2806 2952 ι
2845 2900 3131 2972 pra-ceptis
3165 2899 3369 2953 homini
3412 2915 3442 2953 a
3468 2899 3585 2954 Deo

2001 2993 2149 3046 datis
2184 2992 2538 3045 adversatum
2575 2992 2766 3056 fuisse,
2810 3011 2828 3044 ι
2869 2992 3033 3060 idque
3062 2989 3298 3043 fabulam
3326 3004 3446 3044 esse
3475 3005 3578 3044 ex-

1995 3081 2204 3136 istimat
2239 3099 2254 3132 ι
2287 3083 2355 3134 ad
2386 3080 2560 3134 aniles
2591 3096 2761 3151 nugas
2793 3099 2812 3131 ›
2842 3080 3220 3150 ablegandum,
3252 3089 3308 3133 ct
3329 3079 3583 3134 consulto

1995 3171 2362 3238 praetermittit
2395 3171 2702 3240 paradisum
2731 3185 2892 3240 quem
2929 3171 2982 3224 in
3011 3171 3176 3224 Edem
3205 3172 3270 3224 ad
3304 3172 3574 3226 orientem

1995 3259 2139 3314 Deus
2171 3259 2447 3330 plantasse
2484 3269 2836 3324 memoratur,
2883 3260 3088 3327 lignum
3126 3261 3292 3316 etiam
3328 3261 3472 3328 quod
3508 3261 3582 3316 de

1999 3351 2167 3407 humo
2221 3351 2482 3421 produxit
2535 3350 2825 3419 pulchrum
2873 3357 2988 3406 visu
3045 3360 3101 3405 et
3135 3351 3202 3404 ad
3253 3355 3579 3406 vescendum

1996 3459 2186 3509 suave,
2225 3444 2428 3510 lignum
2472 3444 2598 3497 vita:
2627 3444 2679 3496 in
2715 3443 2892 3497 medio
2919 3443 3164 3512 paradisi
3197 3443 3390 3509 situm,
3423 3453 3478 3497 et
3507 3443 3578 3499 li-

2002 3552 2167 3605 gnum
2225 3535 2352 3588 boni
2385 3534 2619 3601 malique
2672 3534 2958 3586 scientiam
2991 3535 3304 3598 conferens,
3359 3535 3580 3602 aliaque

1996 3627 2185 3681 eodem
2213 3625 2332 3679 loco
2365 3634 2584 3678 narrata
2613 3664 2626 3688 ,
2659 3639 2782 3693 quae
2834 3621 3126 3678 candidum
3159 3624 3421 3679 lectorem
3455 3642 3582 3696 pos-

1997 3727 2124 3772 sunt
2159 3716 2448 3779 inducere,
2478 3723 2537 3768 ut
2567 3717 2757 3770 credat
2792 3716 2906 3770 haec
2935 3715 3118 3768 omnia
3165 3731 3270 3768 non
3323 3716 3580 3772 indecore

2003 3809 2070 3862 ad
2102 3808 2420 3876 allegoriam
2479 3806 2713 3861 referri:
2759 3821 2881 3876 age,
2918 3807 3034 3860 haec
3073 3807 3419 3862 conferamus
3452 3823 3576 3862 cum

2000 3899 2070 3953 iis
2105 3913 2226 3967 quae
2279 3898 2419 3966 apud
2457 3895 2737 3950 Platonem
2779 3897 2831 3949 in
2890 3893 3168 3965 Symposio
3216 3898 3284 3950 de
3312 3896 3578 3968 Cupidine

2000 3990 2146 4044 dicta
2210 3997 2377 4054 sunt,
2437 3999 2493 4042 et
2528 3987 2802 4057 assignata
2834 3986 3046 4043 Socrati
3084 3996 3142 4042 ut
3173 3987 3579 4058 elegantissima

2001 4081 2246 4135 omnium
2283 4095 2404 4150 qua:
2431 4094 2493 4134 ea
2527 4081 2592 4134 de
2621 4093 2680 4133 re
2712 4079 2802 4133 alii
2838 4078 2889 4132 in
2920 4079 3024 4133 hoc
3061 4078 3340 4148 Symposio
3369 4079 3578 4133 dicunt.

2001 4172 2092 4227 Sic
2122 4183 2210 4226 est
2252 4170 2496 4226 Platonis
2541 4170 2732 4225 locus:
2795 4186 2815 4220 ι
2843 4169 2976 4223 Cum
3028 4177 3158 4222 nata
3213 4177 3295 4222 est
3345 4169 3527 4224 Venus
3557 4206 3573 4230 ,

1999 4263 2308 4317 convivium
2352 4260 2802 4317 concelebrarunt
2839 4259 2957 4324 dii,
3008 4258 3062 4312 in
3115 4273 3223 4328 quo
3255 4259 3398 4310 inter
3438 4258 3576 4312 alios

2002 4353 2362 4409 accumbebat
2427 4351 2602 4407 Porus
2659 4350 2874 4404 Metidis
2939 4348 3103 4404 ﬁlius.
3161 4348 3292 4403 Post
3355 4363 3572 4404 ctenam

2007 4446 2207 4509 Penia,
2240 4445 2421 4500 sciens
2474 4452 2692 4514 paratas
2724 4443 2795 4497 ibi
2846 4442 3084 4511 epulas,
3137 4441 3368 4496 accessit
3425 4457 3578 4496 men-

2005 4537 2216 4600 dicans,
2247 4535 2406 4606 533
2437 4545 2492 4589 et
2520 4536 2586 4588 ad
2623 4533 2769 4588 fores
2797 4533 3105 4588 assistebat.
3148 4532 3369 4588 Interim
3395 4531 3572 4587 Porus

2005 4638 2229 4684 nectare
2263 4629 2481 4695 ebrius,
2514 4631 2754 4681 nondum
2794 4627 2938 4680 enim
2973 4634 3090 4680 erat
3119 4625 3325 4688 vinum,
3359 4625 3574 4694 ingres-

2005 4735 2098 4774 sus
2132 4728 2217 4772 est
2248 4717 2300 4771 in
2334 4720 2554 4773 hortum
2578 4716 2762 4783 lovis,
2803 4717 2988 4785 ibique
3019 4714 3356 4770 edormiebat
3382 4729 3577 4782 crapu-

1999 4812 2130 4866 lam.
2173 4809 2325 4865 Tuuc
2377 4809 2558 4864 Penias
2614 4810 2667 4864 in
2726 4818 2961 4864 mentem
3006 4809 3191 4873 venit,
3243 4807 3286 4860 si
3335 4822 3404 4862 ex
3433 4805 3575 4862 Poro

1997 4903 2172 4958 lilium
2212 4903 2546 4972 susciperet,
2584 4903 2635 4956 id
2664 4901 2783 4956 fore
2807 4917 2918 4957 suae
2945 4901 3151 4980 inopiae
3166 4899 3427 4956 remedio.
3463 4898 3572 4952 lta-

1996 5012 2102 5066 que
2134 4997 2176 5051 it
2205 4998 2448 5051 cubitum
2500 5005 2724 5066 prepter
2757 4995 2905 5049 illum
2927 5034 2943 5060 ,
2975 5004 3032 5049 et
3068 4994 3394 5062 Cupidinem
3435 5007 3573 5046 con-

1996 5090 2161 5160 cepit.
2228 5088 2382 5156 Quod
2437 5088 2604 5160 igitur
2633 5088 2720 5144 die
2769 5088 2934 5143 natali
2992 5087 3216 5143 Veneris
3282 5094 3441 5141 natus
3491 5092 3575 5138 est

1999 5291 2196 5346 melius
2221 5307 2384 5360 quam
2416 5290 2546 5346 libb.
2581 5291 2735 5356 editi,
2767 5290 3133 5362 περιτιθέντα.

2058 5362 2183 5445 μἹ)
2232 5353 2448 5445 Πόρος..
2497 5353 2908 5445 Quidaniﬁmss.
2947 5362 3336 5445 Brittittdlll—dltl‘l-

1999 5429 2224 5504 Πῶρος,
2246 5429 2487 5504 seettnda
2543 5447 2695 5496 vero,
2728 5431 2919 5501 Πόρος.
2953 5429 3151 5504 ibidem
3193 5433 3340 5502 recte
3369 5437 3571 5504 εθριιιιτ

1998 5494 2296 5572 ᾀιιεόὸύεχ
2330 5494 3150 5572 Αιιίςιἰοειιιιιεέπρόσαιτήσούσα
3171 5536 3184 5560 ,
3201 5496 3404 5572 ’δίε-(ΝΘ
3429 5494 3571 5560 apud

1998 5517 2099 5558 (IIIS
2123 5517 2296 5557 couex
2330 5517 2408 5554 Att
2453 5517 2677 5562 lucanus,
2709 5517 3150 5572 προσαιτησουσα
3171 5536 3184 5560 ,
3217 5517 3404 5561 διυιιυυ
3429 5517 3569 5560 upuu

1996 5569 2279 5627 Platonem
2330 5573 2382 5626 in
2414 5517 2645 5625 goannis
2676 5568 2898 5622 Sarrani
2933 5567 3170 5620 editione
3201 5563 3417 5633 legitur,
3470 5577 3569 5627 pro

1991 5659 2103 5728 quo
2136 5643 2271 5699 libb.
2297 5643 2432 5698 editi
2457 5640 2706 5711 Origenis
2735 5639 2840 5694 hoc
2868 5639 2987 5692 loco
3021 5635 3255 5699 habent,
3289 5633 3572 5705 προσαῖτις

1993 5729 2054 5766 ου
2063 5730 2148 5768 σα.
