3986 6164
471 296 602 354 1091

1946 288 2272 346 ORIGENIS

3584 287 3726 344 1092

469 416 702 489 Cupido,
742 431 862 473 eam
895 415 967 472 oh
995 421 1108 470 rem
1145 414 1198 468 in
1226 413 1480 470 comitatu
1507 422 1590 470 est
1617 413 1849 470 Veneris
1877 413 2037 482 eique

2145 411 2237 464 xui
2283 410 2484 480 ἐκύησε
2523 409 2615 464 τὸν
2641 410 2859 482 Ἔρωτα
2888 428 2900 440 ·
2935 407 3014 462 διὸ
3058 408 3122 481 δὴ
3158 409 3250 464 xui
3273 409 3370 482 τῆς
3409 410 3724 482 Ἀφρώίτης

473 513 642 569 servit
673 531 687 566 :
725 520 780 567 et
825 519 968 565 amat
1003 509 1147 578 quod
1178 508 1462 578 pulchrum
1503 515 1606 573 est,
1652 507 1782 576 quia
1815 505 2040 574 pulchra

473 615 561 660 est
587 605 786 660 Venus.
825 602 1092 670 Quoniam
1140 616 1268 669 ergo
1299 598 1430 654 Pori
1463 600 1606 653 filius
1644 607 1727 652 est
1775 607 1829 652 et
1863 597 2043 652 Penia:

473 697 702 766 Cupido,
730 695 873 748 hanc
926 695 1150 748 sortitus
1178 703 1261 748 est
1299 693 1548 747 indolem.
1594 690 1820 760 Semper
1854 705 2042 760 egens,

476 785 706 841 multum
753 783 907 837 abest
947 791 1008 835 ut
1043 781 1274 836 tenellus
1300 789 1355 835 et
1388 780 1613 848 pulcher
1654 779 1761 842 sit,
1793 787 1853 832 ut
1891 777 2042 832 multi

473 883 700 948 putant,
729 876 824 930 sed
851 875 1037 928 aridus
1059 884 1173 938 est,
1207 871 1465 941 squalore
1491 871 1720 936 obsitus,
1754 871 1914 924 nudis
1948 885 2043 939 pe-

471 971 650 1030 dibus,
678 971 834 1036 inops
857 975 912 1022 et
938 967 1072 1020 laris
1100 976 1154 1018 et
1181 964 1330 1019 fundi
1353 1004 1366 1025 .
1407 963 1554 1017 humi
1583 977 1796 1030 semper
1813 962 2042 1026 cubans,

471 1061 591 1116 sine
633 1060 845 1118 stratis.
875 1059 941 1112 ad
966 1057 1132 1120 fores,
1163 1057 1212 1109 in
1247 1056 1371 1121 viis,
1403 1055 1502 1108 sui)
1531 1053 1641 1109 dio.
1675 1052 1829 1105 lilatri
1855 1061 2042 1104 natura

469 1165 688 1220 semper
715 1149 940 1212 similis,
981 1147 1224 1202 omnium
1259 1147 1486 1214 indiget.
1531 1144 1628 1198 llis
1662 1155 1842 1197 autem
1881 1143 2046 1196 refert

469 1256 702 1315 patrem.
734 1241 987 1296 Pulchris
1017 1238 1374 1306 honestisque
1400 1236 1563 1292 struit
1591 1236 1842 1300 insidias,
1866 1233 2041 1299 fortis,

468 1337 668 1401 audax,
689 1334 888 1388 laboris
909 1331 1361 1401 patientissimus,
1381 1338 1610 1382 venator
1627 1326 1870 1392 callidus,
1899 1327 2046 1379 tech-

468 1441 662 1481 narum
690 1433 984 1495 perpetuus
1013 1422 1242 1484 artifex,
1281 1421 1333 1472 in
1362 1419 1571 1489 agendo
1596 1427 1808 1481 cautus,
1832 1417 2045 1488 ingenio

469 1520 686 1574 facilem
713 1519 777 1570 ad
798 1516 977 1570 omnia
1001 1514 1100 1568 sibi
1130 1514 1268 1566 viam
1294 1519 1546 1580 parante,
1573 1509 1920 1578 philosophus
1949 1524 2046 1578 per

471 1621 635 1666 totam
665 1609 852 1672 vitam,
893 1605 1259 1675 praestigiator
1292 1602 1464 1666 vafer,
1499 1601 1814 1664 circulator,
1845 1600 2035 1668 sophi-

469 1711 575 1756 sta.
605 1699 788 1768 Neque
820 1696 1138 1750 immortalis
1160 1733 1174 1756 ,
1198 1709 1375 1762 neque
1415 1692 1691 1757 mortalis;
1727 1693 1820 1746 sed
1857 1693 2043 1746 eadem

2141 501 2430 564 ἀκόλουθος
2481 500 2733 572 θεράπων
2766 501 2988 570 γέγονεν
3025 504 3054 554 ό
3083 503 3295 572 Ἔρως,
3341 502 3618 574 γεννηθεὶς
3658 505 3724 556 ἐν

2140 594 2254 655 τοῖς
2281 592 2494 662 ἐκείνης
2535 590 2829 658 γενεθλίοις
2852 592 2996 663 (48)·
3028 593 3120 645 xui
3154 593 3271 662 ἅμα
3305 591 3461 661 φύσει
3490 593 3725 664 ἐραστὴς

2142 683 2217 738 ὢν
2243 685 2368 755 περὶ
2393 685 2452 737 τὸ
2487 685 2671 749 καλὸν,
2700 685 2794 738 xui
2821 684 2922 752 τῆς
2969 685 3287 757 Ἀφροδίτης
3331 673 3502 756 καλῆς
3535 684 3723 755 οὔσης.

2146 777 2276 828 Ἀτε
2321 773 2413 830 οὖν
2462 778 2640 848 Πόρου
2694 779 2788 830 xui
2823 777 3019 841 Πενίας
3072 778 3184 841 υίὸς
3237 777 3310 830 ὢν
3360 780 3388 830 ό
3436 778 3615 848 Ἔρως
3646 780 3722 832 ἐν

2142 870 2362 942 τοιαύτῃ
2391 871 2528 944 τύχῃ
2559 871 2884 941 καθέστηκε.
2902 870 3123 941 Πρῶτον
3149 872 3246 942 μὲν
3271 871 3438 942 πένης
3469 871 3554 924 άεί
3583 872 3721 936 ἐστι,

2141 963 2235 1014 xui
2262 961 2456 1014 πολλοῦ
2481 961 2561 1014 δεῖ
2583 963 2788 1026 ἁπαλός
2826 980 2885 1015 τε
2925 963 3020 1016 xui
3051 963 3248 1028 καλὸς,
3295 957 3405 1016 οἷον
3452 965 3500 1015 οἱ
3542 962 3723 1017 πολλοὶ

2141 1054 2366 1118 οἱόνται,
2393 1055 2528 1108 ἀλλά
2557 1056 2790 1127 σκληρὸς
2824 1056 2918 1108 xui
2949 1057 3232 1128 αὐχμηρὸς
3272 1057 3363 1109 xui
3391 1057 3722 1126 ἀνυπόδητος

2143 1145 2237 1196 xui
2265 1145 2446 1207 ἄοικος
2468 1184 2482 1209 ,
2529 1145 2872 1215 χαμαιπετὴς
2915 1145 3002 1198 ἀεὶ
3040 1145 3134 1209 ὢν,
3179 1145 3272 1197 xui
3302 1146 3600 1216 ἄστρωτος,
3631 1145 3723 1195 ἐπὶ

2144 1238 2332 1310 θύραις
2368 1239 2462 1291 xui
2497 1239 2552 1290 ἐν
2583 1239 2720 1301 ὁδοῖς
2752 1238 3036 1310 ὑπαίθριος
3064 1237 3401 1308 κοιμώμενος
3425 1254 3436 1266 ⁸
3480 1238 3584 1308 τὴν
3622 1235 3722 1304 τῆς

2148 1331 2352 1402 μητρὸς
2382 1331 2547 1399 φύσιν
2569 1329 2726 1400 ἔχων,
2763 1332 2848 1385 ἀεὶ
2876 1333 3052 1402 ἐνδείᾳ
3083 1333 3343 1398 ξύνοικος.
3377 1331 3538 1384 Κατά
3565 1331 3608 1382 δ’
3652 1327 3720 1384 αὖ

2142 1422 2232 1475 τὸν
2259 1423 2470 1493 πατέρα
2496 1423 2776 1486 ἐπίϐουλός
2819 1425 2934 1476 ἐστι
2958 1426 3070 1486 τοῖς
3096 1423 3276 1486 καλοῖς
3311 1423 3403 1475 xui
3443 1425 3555 1486 τοῖς
3586 1424 3723 1491 ἀγα-

2146 1509 2258 1573 θοῖς
2277 1551 2290 1574 ,
2318 1511 2559 1581 ἀνδρεῖος
2581 1511 2678 1576 ὢν,
2710 1512 2804 1565 xui
2833 1511 2950 1582 ἴτης
2974 1553 2988 1574 ,
3017 1512 3111 1564 xui
3139 1512 3386 1577 σύντονος
3405 1530 3417 1542 ·
3450 1512 3718 1583 θηρευτὴς

2143 1602 2347 1665 δεινὸς,
2396 1604 2482 1655 ἀεὶ
2528 1603 2883 1673 προσπλέκων
2933 1605 3215 1675 μηχανάς·
3267 1604 3362 1656 xui
3409 1605 3721 1675 φρονήσεως

2146 1693 2484 1766 ἐπιθυμητὴς
2525 1697 2617 1748 xui
2649 1697 2875 1768 πόριμος
2903 1712 2917 1727 ο
2944 1695 3248 1766 φιλοσοφῶν
3275 1695 3361 1748 διά
3401 1695 3602 1759 παντὸς
3625 1695 3720 1748 τοῦ

471 1792 560 1847 die
593 1791 751 1844 modo
784 1790 926 1857 viget
953 1788 1218 1856 vivitque,
1253 1801 1374 1839 cum
1407 1784 1588 1838 omnia
1617 1785 1683 1837 ad
1711 1784 2040 1838 voluntatem

2149 1783 2262 1854 βίου
2290 1801 2303 1814 ·
2331 1785 2500 1848 δεινὸς
2527 1785 2660 1856 γόης
2686 1827 2700 1849 ,
2743 1787 2836 1839 xui
2881 1788 3237 1856 φαρμακεὺς,
3285 1787 3380 1839 xui
3427 1787 3684 1856 σοφιστής
3703 1802 3722 1815 ·

469 1884 673 1950 fluunt;
707 1884 865 1936 modo
890 1881 1138 1944 moritur,
1187 1894 1484 1947 rursusque
1511 1877 1787 1931 reviviscit
1824 1886 2044 1945 propter

470 1976 646 2045 patris
682 1984 947 2027 naturam.
983 1972 1248 2026 Cancrum
1273 1971 1414 2038 quod
1444 1978 1654 2036 partum
1681 1968 1753 2020 illi
1783 1978 1883 2031 est,
1912 1982 2042 2021 con-

469 2065 652 2120 festim
677 2066 934 2130 elabitur,
971 2064 1040 2116 ita
1073 2073 1130 2114 ut
1159 2075 1254 2115 nec
1291 2074 1492 2129 pauper
1523 2074 1760 2127 unquam
1795 2052 1863 2112 sit
1888 2098 1903 2122 ,
1940 2072 2038 2111 nec

471 2159 652 2222 dives;
684 2157 1006 2226 sapientiam
1038 2164 1214 2207 autem
1242 2153 1382 2205 inter
1405 2161 1460 2204 et
1487 2150 1846 2219 ignorantiam
1875 2151 2036 2202 veluti

472 2247 684 2301 medius
713 2255 814 2300 est.
846 2264 865 2296 ι
908 2245 1106 2299 1“th
1135 2243 1447 2311 quicunque
1484 2241 1795 2303 inciderint,
1826 2242 1868 2293 si
1897 2240 2038 2293 Celsi

473 2337 738 2391 malitiam
767 2337 1073 2398 imitentur,
1105 2335 1246 2401 quod
1275 2348 1302 2385 a
1329 2332 1658 2387 Christianis
1683 2331 1846 2394 absit,
1875 2332 1909 2383 ii
1943 2332 2039 2384 hu-

464 2427 701 2496 iusmodi
741 2426 978 2480 fabulam
1005 2426 1326 2490 irridebunt,
1360 2433 1413 2476 et
1442 2421 1750 2483 Platonem,
1782 2437 2036 2490 magnum

471 2519 621 2573 illum
657 2519 856 2583 virum,
897 2519 1012 2570 risu
1043 2515 1340 2584 excipient.
1385 2514 1441 2568 Si
1494 2523 1673 2568 autem
1709 2514 1824 2567 hazc
1858 2514 2040 2581 specie

471 2610 741 2676 fabulosa,
771 2620 830 2664 ut
855 2609 1207 2681 philosophos
1225 2611 1378 2662 decet
1399 2647 1416 2673 ,
1448 2607 1804 2676 inspicerent,
1833 2616 1887 2661 et
1913 2607 2037 2660 Pla-

473 2703 615 2757 tonis
663 2711 895 2757 mentem
942 2710 1163 2771 possent
1186 2699 1629 2769 deprehendere,
1677 2713 1786 2753 non
1817 2706 2041 2767 possent

470 2805 577 2846 non
623 2791 811 2845 mirari
867 2799 1068 2860 quanta
1121 2789 1380 2853 solertia,
1426 2789 1610 2858 specie
1654 2789 1858 2843 fabula!
1882 2803 2036 2855 usus,

470 2891 598 2937 nota
641 2883 744 2937 sibi
787 2897 979 2952 magna
1021 2883 1273 2952 dogmata
1311 2883 1380 2937 ob
1409 2881 1603 2950 vulgus
1630 2881 1904 2936 occultare
1936 2896 2040 2952 po-

471 2974 673 3040 tuerit,
707 2981 761 3028 et
803 2977 993 3027 eadem
1025 2983 1238 3039 tamen,
1291 2981 1350 3026 ut
1379 2974 1703 3042 oportebat,
1756 2973 2040 3028 declarare

2145 1875 2238 1926 xui
2269 1874 2390 1926 οὔτε
2437 1876 2512 1938 ὡς
2556 1876 2820 1940 ἀθάνατος
2865 1877 3144 1946 πέφυκεν,
3196 1877 3317 1930 οὔτε
3365 1878 3442 1940 ὡς
3489 1877 3678 1949 θνητός
3705 1892 3720 1907 ·

2145 1965 2280 2018 ἀλλά
2309 1967 2428 2017 τοτέ
2463 1965 2560 2036 μὲν
2592 1968 2690 2036 τῆς
2723 1967 2890 2037 αὐτῆς
2927 1969 3139 2040 ἡμέρας
3181 1968 3360 2022 θάλλει
3399 1987 3456 2021 τε
3487 1970 3580 2022 καὶ
3614 1970 3677 2039 ζῆ
3705 2005 3724 2031 ν

2144 2053 2270 2106 ὅταν
2300 2055 2579 2126 εὐπορήσῃ
2603 2093 2616 2114 ,
2659 2055 2780 2107 τοτὲ
2820 2056 2863 2107 δ’
2893 2057 3224 2127 ἀποθνήσκει
3265 2058 3446 2123 πάλιν,
3479 2059 3640 2112 πάλιν
3672 2058 3723 2110 δ’

2144 2145 2558 2211 ἀναϐιώσκεται,
2587 2147 2672 2198 διὰ
2691 2147 2786 2217 τὴν
2813 2146 2905 2198 τοῦ
2944 2147 3146 2218 πατρὸς
3172 2148 3346 2216 φύσιν.
3385 2147 3458 2200 Τὸ
3483 2149 3541 2201 δέ
3567 2165 3729 2219 ποριη

2145 2233 2367 2305 ζόμενον
2408 2237 2493 2288 ἀεὶ
2533 2237 2793 2306 ὑπεκρεῖ·
2825 2235 2963 2288 ὥστε
3002 2236 3112 2289 οὔτ’
3138 2239 3332 2308 ἀπορεῖ
3353 2239 3533 2308 Ἔρως
3566 2238 3722 2302 ποτὲ,
3779 2262 3782 2265 ·

2143 2327 2265 2380 οὔτε
2293 2329 2532 2380 πλουτεῖ.
2565 2328 2762 2396 Σοςςίας
2791 2329 2834 2380 δ’
2861 2325 2926 2381 αὖ
2955 2328 3062 2400 (49)
3090 2331 3183 2382 xui
3213 2329 3450 2400 ἀμαθίας
3484 2332 3541 2382 ἐν
3570 2331 3724 2400 μέσῳ

2143 2419 2306 2472 ἐστίν.
2344 2438 2362 2470 ι
2395 2420 2536 2489 ’Λρα
2557 2418 2664 2490 γὰρ
2692 2422 2738 2472 οἱ
2773 2420 3187 2490 ἐντυγχάνοντες
3211 2420 3416 2484 τούτοις
3441 2459 3456 2485 ,
3497 2422 3590 2474 ἐάν
3620 2421 3724 2491 μὲν

2142 2511 2239 2580 τὴν
2263 2510 2594 2580 κακοήθειαν
2617 2510 2710 2562 τοῦ
2741 2511 2947 2562 Κέλσου
2977 2511 3270 2580 μιμῶνται,
3302 2513 3440 2584 ὅπερ
3463 2514 3727 2584 Χριστιας-

2143 2599 2246 2652 νῶν
2271 2600 2436 2669 ἀπείη
2461 2601 2474 2652 i
2505 2599 2962 2667 καταγελάσονται
2987 2600 3080 2652 τοῦ
3112 2601 3301 2672 μύθου,
3336 2603 3430 2654 xui
3467 2604 3524 2656 ἐν
3553 2602 3724 2674 χλεύῃ

2143 2689 2397 2761 θήσονται
2419 2691 2509 2744 τὸν
2531 2690 2844 2760 τηλικοῦτον
2875 2693 3165 2746 Πλάτωναο
3203 2694 3297 2746 ἐὰν
3331 2692 3407 2757 δὲ,
3433 2692 3501 2746 τὰ
3528 2694 3585 2746 ἐν
3614 2695 3724 2764 μύ-

2143 2781 2236 2834 θου
2267 2783 2503 2852 σχήματι
2525 2781 2791 2852 λεγόμενα
2825 2783 3127 2852 φιλοσόφως
3165 2783 3536 2850 ἐξετάζοντες,
3571 2785 3725 2854 δυνησ

2142 2874 2304 2929 θῶσιν
2344 2875 2524 2946 εὑρεῖν
2553 2875 2614 2928 τὸ
2649 2875 2893 2948 βούλημα
2935 2877 3029 2930 τοῦ
3060 2878 3377 2944 Πλάτωνος,
3425 2880 3547 2933 τίνα
3591 2881 3724 2952 τρό-

2142 2985 2242 3022 πον
2274 2967 2385 3040 (50)
2443 2967 2724 3039 δεδύνηται
2787 2969 2856 3023 τά
2917 2970 3125 3040 μεγάλα
3192 2970 3369 3041 ἐαυτῷ
3422 2973 3726 3043 φαινόμενα

475 3064 585 3130 iis,
623 3064 716 3134 qui
762 3066 965 3117 scirent
1011 3079 1107 3132 per
1137 3064 1350 3118 fabulas
1400 3065 1644 3132 aspicere
1690 3064 1931 3118 auctoris
1973 3063 2040 3119 de

2145 3060 2385 3131 δόγματα
2421 3060 2625 3130 κρύψαι
2683 3061 2782 3131 μὲν
2820 3060 2909 3114 διά
2954 3063 3082 3126 τοὺς
3132 3063 3360 3126 πολλοὺς
3403 3065 3462 3115 ἐν
3503 3064 3581 3133 τῷ
3623 3063 3722 3117 τοῦ

469 3155 704 3208 veritate
734 3153 1044 3206 consilium.
1092 3153 1275 3220 Atque
1324 3154 1464 3206 hanc
1513 3152 1756 3207 Platonis
1805 3153 2039 3207 fabulam

475 3245 668 3307 attuli,
703 3251 987 3313 propterea
1023 3246 1164 3312 quod
1221 3246 1409 3298 hortus
1446 3242 1592 3298 Jovis
1618 3282 1632 3307 ,
1674 3245 1740 3298 de
1785 3259 1892 3314 quo
1931 3244 2039 3312 ille,

470 3349 501 3387 a
555 3336 804 3403 paradiso
849 3333 970 3398 Dei,
1000 3333 1163 3388 Penia
1217 3349 1246 3386 a
1293 3343 1572 3403 serpente,
1612 3335 1785 3390 Porus
1831 3337 2043 3390 insidiis

471 3440 503 3478 ει
537 3425 699 3479 Penia
739 3426 1010 3494 appetitus
1039 3426 1106 3478 ab
1131 3425 1347 3478 homine
1390 3425 1598 3479 insidiis
1627 3425 1898 3494 serpentis
1934 3425 2045 3478 cir-

475 3527 768 3570 cumvento
813 3532 919 3569 non
979 3515 1208 3570 multum
1270 3516 1526 3570 abludere
1575 3517 1840 3570 videntur.
1921 3516 2040 3571 Non

466 3609 694 3663 omnino
726 3618 903 3662 autem
935 3617 1302 3676 compertum,
1331 3623 1398 3660 an
1432 3609 1544 3662 hinc
1572 3608 1796 3661 fortuito
1830 3608 2041 3662 Platoni

471 3698 843 3762 occurrerint,
871 3713 974 3762 an,
1001 3699 1050 3751 id
1083 3698 1226 3765 quod
1261 3697 1577 3750 existimant
1609 3698 1884 3764 nonnulli,
1916 3699 2040 3752 dum

468 3788 526 3843 in
553 3788 844 3858 Egyptum
893 3790 1360 3857 peregrinaretur,
1405 3790 1658 3843 inciderit
1695 3790 1749 3842 in
1782 3790 2041 3856 quosdam

473 3882 859 3951 mysteriorum
891 3880 1241 3936 .ludaicorum
1273 3881 1544 3946 curiosos,
1588 3889 1642 3933 et
1681 3881 1928 3948 quadam
1975 3879 2043 3933 ab

472 3971 578 4026 illis
604 3971 876 4037 didicerit,
909 3987 977 4026 ex
1002 3973 1203 4040 quibus
1227 3971 1332 4023 alia
1359 3972 1574 4039 quidem
1605 3971 1912 4034 retinuerit,
1935 3971 2040 4024 alia

465 4079 599 4119 vero
638 4064 825 4134 figuris
857 4062 1314 4126 dissimulaverit;
1358 4071 1500 4114 metu
1525 4098 1540 4126 ,
1581 4075 1646 4114 ne
1690 4061 1910 4116 Graecos
1957 4059 2041 4114 of-

469 4156 744 4221 fenderet,
768 4155 812 4208 si
845 4155 1109 4222 integram
1149 4162 1398 4207 servaret
1440 4152 1752 4206 Judteorum
1806 4152 2042 4220 philoso-

467 4247 686 4316 phiam;
714 4245 802 4314 qui
827 4260 948 4299 cum
978 4253 1200 4314 propter
1221 4244 1464 4298 diversas
1491 4245 1557 4296 ab
1589 4243 1710 4298 aliis
1740 4242 1904 4313 leges,
1929 4251 2040 4296 tum

470 4349 693 4408 prepter
714 4334 876 4409 534
907 4337 1234 4406 peculiarem
1261 4336 1568 4404 reipublicm
1599 4333 1827 4389 formam
1849 4373 1865 4401 ,
1901 4336 2040 4401 apud

2149 3152 2316 3224 μύθου
2345 3154 2617 3224 σχήματι,
2648 3155 2822 3207 εἰπεῖν
2858 3153 2902 3206 δ’
2932 3153 3007 3216 ὼς
3030 3154 3194 3224 ἐχρῆν
3225 3157 3335 3217 τοῖς
3377 3154 3571 3208 εἰδόσιν
3614 3154 3724 3208 ἀπὸ

2147 3245 2329 3317 μύθων
2374 3245 2648 3316 εὑρίσκειν
2692 3243 2754 3298 τὸ
2797 3245 2925 3315 περὶ
2965 3244 3217 3314 ἀληθείας
3246 3245 3339 3298 τοῦ
3378 3245 3552 3298 ταῦτα
3597 3262 3725 3298 συν-

2141 3337 2403 3404 τάξαντος
2454 3337 2718 3407 βούλημα.
2781 3336 2982 3390 Τοῦτον
3031 3336 3086 3388 δὲ
3129 3337 3220 3389 τὸν
3270 3339 3421 3409 παρὰ
3475 3338 3725 3393 Πλάτωνι

2147 3427 2315 3497 μῦθον
2342 3427 2450 3499 (51)
2476 3427 2738 3498 ἐξεθέμην
2764 3425 2851 3479 διά
2888 3427 2978 3479 τὸν
3005 3427 3135 3497 παρ’
3158 3427 3302 3497 αὐτῷ
3332 3429 3424 3480 τοῦ
3454 3430 3575 3492 Διὸς
3625 3431 3726 3501 κῆ-

2143 3536 2244 3572 πον
2269 3518 2650 3589 παραπλήσιόν
2673 3536 2726 3570 τι
2759 3518 2901 3588 ἔχειν
2920 3516 3178 3570 δοκοῦντα
3203 3519 3280 3589 τῷ
3297 3520 3605 3591 παραδείσῳ
3625 3521 3721 3574 τοῦ

2142 3611 2297 3675 Θεοῦ,
2329 3611 2422 3663 xui
2446 3611 2544 3680 τὴν
2574 3610 2770 3663 Πενίαν
2804 3609 2882 3680 τῷ
2922 3611 3037 3662 ἐκεῖ
3065 3610 3184 3678 ὄφει
3211 3611 3718 3683 παραϐαλλομένην,

2143 3703 2237 3756 xui
2269 3703 2358 3756 τὸν
2407 3702 2512 3754 ὑπὸ
2540 3701 2638 3772 τῆς
2674 3701 2872 3765 Πενίας
2921 3702 3399 3773 ἐπιϐουλευόμενον
3432 3703 3604 3775 Πόρον
3644 3705 3722 3775 τῷ

2143 3793 2412 3865 ἀνθρώπῳ
2461 3793 2926 3864 ἐπιδουλευομένῳ
2965 3795 3071 3848 ὑπὸ
3097 3796 3190 3849 τοῦ
3234 3796 3428 3865 ὄφεως.
3471 3797 3545 3848 Οὐ
3579 3798 3718 3850 πάνυ

2143 3886 2198 3938 δὲ
2222 3885 2401 3955 δῆλον,
2427 3885 2653 3955 πότερον
2674 3886 2815 3938 κατὰ
2841 3885 3128 3956 συντυχίαν
3146 3887 3491 3941 ἐπιπέπτωκε
3514 3887 3720 3952 τούτοις

2142 3976 2170 4026 ό
2221 3975 2464 4040 Πλάτων,
2498 3975 2530 4045 ἦ
2566 3974 2662 4044 (ὡς
2702 3975 2901 4027 οἱόνταί
2929 3977 3095 4050 τινες)
3126 3979 3182 4031 ἐν
3218 3982 3284 4049 τῇ
3330 3982 3411 4042 εἰς
3447 3979 3718 4046 Αἴγυπτον

2145 4064 2420 4135 ἀποδημίᾳ
2453 4064 2726 4134 συντυχὼν
2771 4067 2864 4117 xui
2905 4067 3021 4129 τοῖς
3067 4065 3136 4118 τὰ
3191 4068 3455 4121 Ἰουδαίων
3504 4069 3716 4137 φιλοσο-

2146 4156 2326 4224 φοῦσι,
2363 4157 2456 4209 xui
2505 4155 2690 4226 μαθών
2716 4173 2840 4210 τινα
2870 4158 3000 4228 παρ’
3029 4158 3225 4221 αὐτῶν,
3259 4159 3326 4212 τὰ
3357 4160 3456 4229 μέν
3488 4178 3610 4213 τινα
3639 4177 3718 4213 τεο

2142 4249 2351 4319 τήρηκε
2372 4287 2385 4310 ,
2414 4248 2484 4300 τὰ
2511 4248 2566 4299 δὲ
2598 4248 2956 4317 παρεποίησε,
3002 4248 3374 4320 φυλαξάμενος
3417 4251 3715 4322 προσκόψαι

2145 4343 2254 4403 τοῖς
2274 4339 2526 4410 Ἕλλησιν
2563 4340 2627 4392 ἐκ
2651 4340 2744 4392 τοῦ
2776 4339 2950 4412 πάντη
2967 4340 3036 4393 τὰ
3059 4341 3158 4410 τῆς
3192 4342 3456 4394 Ἰουδαίων
3483 4343 3713 4414 τηρῆσαι

470 4431 666 4485 multos
701 4432 838 4485 male
881 4430 1188 4484 audiebant.
1227 4429 1335 4482 Sed
1358 4427 1659 4481 disserendi
1691 4436 1784 4479 aut
1817 4426 1882 4479 de
1911 4425 2034 4478 Pla-

2147 4433 2334 4500 σοφίας
2363 4433 2472 4501 (52)
2495 4470 2509 4493 ,
2552 4433 2808 4502 διαϐεϐλη
2819 4432 2994 4501 μένων
3057 4434 3207 4504 παρά
3239 4437 3351 4497 τοῖς
3392 4435 3604 4499 πολλοῖς
3631 4435 3713 4488 διὰ

468 4523 613 4576 tonis
653 4521 856 4587 fabula,
889 4530 982 4573 aut
1017 4521 1084 4574 de
1133 4530 1408 4590 serpente,
1441 4529 1534 4572 aut
1563 4521 1628 4573 de
1663 4519 1914 4588 paradiso
1946 4519 2035 4572 Dei

470 4613 792 4665 omnibusve
821 4627 940 4679 quae
973 4611 1030 4664 in
1074 4610 1165 4663 illo
1197 4611 1461 4664 accidisse
1487 4619 1802 4672 narrantur,
1834 4617 2041 4675 tempo-

472 4703 550 4756 ris
589 4703 873 4771 praesentis
901 4716 1006 4754 non
1039 4709 1141 4757 est.
1179 4701 1304 4756 ilzee
1332 4703 1385 4756 in
1411 4699 1800 4754 commentariis
1835 4701 1889 4751 in
1934 4699 2040 4754 Ge-

474 4795 659 4855 uesim,
693 4809 856 4863 quam
891 4795 1038 4862 potui
1076 4794 1517 4862 diligentissime,
1553 4792 1862 4860 explanavi.

2147 4527 2206 4579 τὸ
2237 4524 2439 4590 ξενίζον
2467 4523 2574 4578 τῶν
2594 4525 2773 4595 νόμων
2802 4525 2896 4577 xui
2923 4524 3020 4595 τὴν
3050 4516 3495 4597 ἰδιότροπονκατ⁹
3521 4526 3712 4588 αὑτοὺς

2147 4617 2442 4671 πολιτείαν.
2476 4615 2614 4669 Οὔτε
2636 4615 2692 4667 δὲ
2708 4618 2799 4669 τὸν
2830 4616 3114 4681 Πλάτωνος
3140 4617 3326 4687 μῦθον,
3352 4617 3474 4670 οὔτε
3500 4618 3567 4670 τά
3592 4618 3712 4687 περὶ

2148 4709 2237 4761 τὸν
2267 4708 2388 4776 ὅφιν
2435 4709 2528 4760 xui
2555 4708 2645 4760 τὸν
2687 4707 3012 4778 παράδεισον
3053 4708 3146 4760 τοῦ
3177 4707 3332 4772 Θεοῦ,
3381 4709 3475 4761 xui
3521 4711 3619 4762 ὅσα
3658 4711 3711 4760 ἐν

2150 4799 2297 4869 αὐτῷ
2327 4799 2738 4868 ἀναγέγραπται
2785 4797 3105 4865 γεγονέναι,
3145 4797 3240 4850 νῦν
3284 4798 3472 4868 καιρὸς
3513 4793 3582 4866 ἦν
3606 4798 3712 4867 διη-

469 4884 758 4956 γήσασθαι·
799 4887 1227 4956 Προηγουμένως
1258 4884 1364 4957 γὰρ
1398 4887 1456 4938 ἐν
1480 4884 1602 4950 τοῖς
1634 4883 2037 4953 Ἐξηγητικοῖς
2073 4892 2182 4961 τῆς
2205 4891 2509 4955 Γενὲσεως
2533 4929 2547 4954 ,
2593 4891 2667 4954 ὡς
2714 4886 2821 4943 οἷόν
2865 4888 2911 4940 τ’
2951 4884 3039 4958 ἦν,
3097 4891 3176 4952 είς
3225 4889 3394 4943 ταῦτα
3423 4891 3710 4959 ἐπραγμα-

469 4975 800 5047 τευσάμεθα.

546 5069 634 5122 40.
677 5069 828 5135 Quod
871 5077 1052 5122 autem
1091 5071 1204 5133 ait,
1257 5086 1328 5123 (ιι
1379 5071 1559 5140 Moyse
1612 5068 1817 5122 nefarie
1867 5068 2034 5124 Deum

473 5164 652 5220 induci
675 5163 786 5232 jam
832 5171 945 5214 tum
997 5162 1063 5216 ab
1110 5162 1262 5215 initio
1313 5173 1418 5215 tam
1483 5161 1841 5226 imhecillem,
1875 5171 1931 5214 ut
1973 5177 2041 5218 ne

541 5299 655 5367 (i8)
698 5297 1038 5370 "(eschelius
1067 5299 1119 5350 in
1160 5307 1304 5370 textu
1327 5337 1340 5361 ,
1374 5296 1543 5349 εἴδετο
1581 5298 1608 5348 ὁ
1642 5297 1820 5370 Ἔρως
1842 5308 2037 5366 γεννη-

472 5371 584 5432 θεὶς
613 5372 668 5421 ἐν
698 5375 809 5432 τοῖς
838 5369 1060 5422 ἐκείνων
1086 5368 1403 5436 γενεθλίοις.

542 5431 654 5510 (49)
693 5431 933 5493 Platonis
977 5431 1110 5510 libb.
1141 5441 1305 5503 editi,
1365 5437 1554 5510 σοφίας
1604 5431 1783 5510 τ’-αὑᾍ
1866 5435 2036 5510 Paulo

470 5506 591 5578 poSt
622 5506 772 5575 tnss.,
806 5509 1269 5576 καταγελάσονται
1310 5506 1403 5561 τοῦ
1441 5507 1630 5578 μύθου.
1674 5506 1831 5562 Libb.
1869 5506 2034 5572 editi,

471 5581 924 5650 καταγελάσονται
955 5579 1043 5631 τὸν
1077 5580 1265 5650 μῦθον.

545 5644 654 5712 (ὅθ)
699 5651 837 5703 Τίνα
863 5644 1106 5717 τρόποιέ.
1156 5654 1294 5705 Ante
1327 5651 1426 5704 has
1449 5663 1608 5704 voces
1637 5656 1788 5703 recte
1815 5644 2035 5714 coajicit

474 5714 789 5773 Buticrellus
817 5714 1004 5774 deesse
1031 5720 1399 5792 θαυμάσονται
1420 5761 1434 5783 ,
1471 5720 1556 5776 vel
1602 5720 1734 5792 quid
1767 5717 1963 5774 simile.

2226 5068 2394 5121 Ἐπὰν
2436 5069 2492 5120 δὲ
2536 5069 2752 5138 φάσκῃ,
2787 5067 2862 5130 ὼς
2899 5069 3044 5139 «ἄρα
3071 5066 3406 5121 ἀνοσιώτατα
3450 5067 3543 5120 τὸν
3587 5065 3710 5118 Θεὸν

2145 5159 2305 5222 εὐθὺς
2337 5159 2430 5211 xui
2461 5156 2573 5228 (55)
2618 5157 2711 5210 ἀπ’
2739 5157 2912 5227 ἀρχῆς
2953 5156 3300 5222 ἀσθενοῦντα,
3335 5156 3430 5209 xui
3472 5153 3593 5227 μηδ’
3622 5155 3709 5207 ἕνα

2213 5290 2640 5365 (51)7Πλ-ἁτωνι
2666 5291 2880 5365 μῇθον.
2946 5289 3422 5365 Vide__Ensebium
3472 5288 3571 5342 lib.
3598 5303 3707 5355 Ill,

2141 5359 2262 5432 cap.
2295 5359 2385 5422 il.
2432 5361 2675 5428 Prwpar.
2707 5363 2937 5430 Evang.,
2984 5371 3038 5414 et
3068 5359 3338 5414 Plotinum
3371 5361 3463 5413 lib.
3494 5372 3548 5410 vt
3573 5398 3592 5425 ,
3615 5374 3710 5420 eu-

2141 5435 2300 5489 nead.
2337 5445 2427 5495 ιιι,
2462 5447 2584 5499 cap.
2612 5433 2665 5484 6.

2211 5504 2324 5572 (52)
2364 5498 2603 5570 Σοφιας.
2654 5500 2746 5554 Sic
2768 5515 2957 5572 omnes
2987 5499 3102 5572 fere
3137 5514 3267 5555 mss.
3322 5498 3472 5553 Libri
3522 5507 3705 5554 autem

2141 5569 2271 5630 editi
2303 5569 2354 5625 in
2385 5569 2531 5624 testu
2562 5572 2780 5636 habent,
2810 5569 3144 5639 φιλοσοφίας.

2210 5643 2325 5715 (55)
2368 5641 2650 5715 Bolierello
2675 5637 2899 5715 delenda
2923 5637 3137 5715 videtur
3164 5639 3427 5715 particula
3459 5637 3576 5715 καί.
3609 5637 3707 5715 lbi-

2147 5707 2268 5769 dein
2306 5707 2449 5766 recte
2495 5710 2694 5767 habent
2726 5710 2883 5766 codd.
2931 5709 3132 5781 Regius
3159 5707 3213 5766 et
3239 5709 3587 5775 Basileensis,
3617 5707 3706 5763 xui
