3986 6164
453 285 591 342 1005

1931 270 2246 332 ORIGENlS

3573 266 3708 320 1096

455 407 616 480 535
644 407 852 462 Adamo
895 404 1155 461 inﬂictam
1199 417 1438 458 omnium
1485 415 1607 456 esse
1645 413 2023 461 communem;

2161 393 2440 463 εγομένων
2496 395 2570 453 ὼς
2632 389 2761 460 περὶ
2826 387 2945 450 ἐνὸς
3001 386 3293 459 ἀκολουθίᾳ
3359 389 3393 458 ἡ
3457 387 3565 458 ἀρᾶ
3620 389 3713 441 τοῦ

459 501 601 555 sicut
633 513 752 569 quae
783 496 1018 561 mulieri,
1051 494 1117 547 ad
1151 507 1367 547 omnem
1405 489 1685 546 mulierem
1735 489 2027 558 pertinere.

456 592 593 648 Item
624 590 765 661 quod
817 589 981 642 homo
1023 596 1078 640 et
1125 585 1317 640 mulier
1345 599 1376 637 e
1422 582 1674 651 paradiso
1701 581 1855 651 ejecti
1887 589 2032 647 sunt,

457 682 631 740 induti
665 680 870 735 tunicas
905 679 1162 748 pelliceas
1216 692 1354 746 quas
1385 676 1496 730 illis
1524 683 1746 744 prepter
1796 673 2033 742 ipsorum

457 783 745 846 peccatum
791 771 939 824 Deus
995 769 1218 832 fecerat,
1295 769 1347 822 itl
1400 768 1714 839 mysterium
1765 763 2036 833 quoddam

459 867 703 922 continet
739 863 908 918 multo
956 862 1322 931 pra-stantius,
1370 877 1530 928 quam
1567 859 1710 928 quod
1741 856 1892 910 Plato
1923 865 2036 908 tra-

459 959 537 1014 dit
583 958 651 1013 de
699 957 879 1011 anima
931 955 1130 1010 evulsis
1163 953 1264 1007 alis
1320 954 1425 1007 huc
1460 953 1712 1014 cadente,
1743 951 1912 1004 donec
1940 947 2039 1000 ali-

459 1051 587 1123 quid
617 1051 848 1106 solidum
879 1049 1233 1104 nanciscatur
1261 1045 1349 1100 ubi
1381 1045 1662 1100 consistat.

531 1314 622 1368 4i.
663 1312 978 1382 Sequuntur
1021 1311 1160 1380 apud
1192 1311 1403 1364 Celsum
1454 1310 1567 1362 haec
1602 1326 1614 1362 :
1652 1327 1670 1359 ι
1701 1307 1898 1363 Deinde
1947 1322 2043 1362 no-

463 1406 551 1462 bis
578 1405 881 1460 obtrutlunt
910 1403 1174 1458 diluvium
1209 1401 1507 1470 quoddam,
1551 1409 1605 1455 et
1638 1400 1919 1455 ridiculam
1949 1415 2043 1453 ar-

463 1512 581 1554 cam
613 1497 706 1552 ubi
754 1497 934 1551 omnia
991 1495 1196 1549 inclusa
1231 1493 1465 1559 fuerant,
1510 1492 1812 1547 columbam
1845 1501 1899 1546 et
1925 1506 2046 1546 cor-

463 1587 702 1644 niculam
753 1587 1066 1640 nuntiorum
1102 1597 1328 1638 munere
1375 1581 1683 1651 fungentes.
1730 1581 1843 1660 Qua
1893 1581 1943 1635 in
1988 1597 2046 1636 re

409 1690 418 1695 '
470 1681 605 1736 nihil
639 1688 801 1747 agunt
852 1693 1016 1746 quam
1046 1675 1377 1743 interpolare
1422 1685 1478 1729 et
1521 1675 1814 1744 depravare
1847 1675 2046 1728 Deuca-

2150 484 2320 554 Ἀδὰμ
2342 482 2494 552 κοινὴ
2526 481 2743 533 πάντων
2767 479 2881 532 ἐστί
2904 495 2917 508 ·
2945 479 3038 531 καὶ
3066 477 3135 530 τά
3167 479 3306 531 κατὰ
3337 478 3438 548 τῆς
3464 478 3717 546 γυναικὸς

2135 578 2234 630 οὐκ
2259 574 2372 627 ἔστι
2399 573 2520 626 καθ’
2546 569 2614 644 ἧς
2640 573 2697 623 οὑ
2721 571 2937 639 λέγεται
2969 569 3100 640 (57).
3144 572 3253 623 Καὶ
3279 573 3306 623 ὁ
3333 566 3720 640 ἐκϐαλλόμενος

2137 668 2193 721 δὲ
2219 669 2284 720 ὲκ
2322 665 2418 718 τοῦ
2458 663 2788 735 παραδείσου
2827 661 3107 732 ἄνθρωπος
3144 661 3280 732 μετά
3320 663 3418 732 τῆς
3443 663 3716 731 γυναικὸς,

2137 760 2261 822 τοὺς
2305 757 2658 829 δερματίνους
2688 754 3060 824 ἠμφιεσμένος
3099 753 3332 823 χιτῶνας
3359 754 3471 819 (οὓς
3512 754 3598 807 διὰ
3624 755 3719 826 τὴν

2139 848 2449 919 παράϐασιν
2477 846 2586 898 τῶν
2628 843 2928 915 ἀνθρώπων
2951 842 3171 912 ἐποίησε
3210 846 3332 907 τοῖς.
3347 845 3720 914 ἁμαρτήσασιν

2139 939 2378 1010 ὁΘεὸς),
2431 935 2740 1008 ἀπόρρητόν
2785 951 2903 986 τινα
2954 932 3047 985 καὶ
3100 933 3520 1008 μυπικὸνιέχει
3570 934 3719 1001 λόγον

2139 1031 2281 1102 ὑπὲρ
2323 1029 2412 1081 τὸν
2449 1028 2589 1081 κατὰ
2623 1025 2903 1086 Πλάτωνα,
2949 1024 3050 1093 τῆς
3097 1023 3273 1094 ψυχῆς
3316 1024 3720 1094 πτεροψυούσης

2142 1128 2252 1200 (58)
2291 1127 2384 1182 καὶ
2404 1126 2564 1198 δεῦρο
2601 1125 2927 1196 φερομένης,
2957 1123 3061 1186 ἓως
3102 1122 3169 1176 ἂν
3210 1120 3430 1192 στερεοῦ
3459 1137 3603 1182 τινος
3632 1119 3723 1173 λά-

2143 1221 2325 1292 ϐηται.

2226 1312 2383 1381 Ἑξῆς
2409 1311 2465 1364 δὲ
2490 1308 2715 1363 τοιαῦτά
2740 1325 2901 1378 φησιν
2926 1325 2939 1338 ·
2981 1327 2998 1358 t
3024 1303 3155 1360 Εἶτα
3177 1303 3558 1374 κατακλυσμόν
3583 1319 3720 1363 τινα,

2143 1405 2239 1458 καὶ
2269 1403 2499 1457 κιϐωτὸν
2543 1402 2848 1465 ἀλλόκοτον,
2900 1401 3112 1454 ἅπαντα
3162 1398 3305 1452 ἔνδον
3347 1397 3595 1467 ἔχουσαν,
3634 1395 3723 1447 καὶ

2145 1493 2474 1564 περιστεράν
2500 1508 2621 1544 τινα
2664 1490 2758 1543 καὶ
2797 1487 3041 1560 κορώνην
3070 1488 3351 1556 ἀγγέλους,
3384 1485 3724 1556 παραχαράτ-

2145 1599 2330 1644 τοντες
2361 1582 2456 1633 καὶ
2485 1578 2931 1650 ρᾳδιουργοῦντες
2976 1578 3066 1630 τὸν
3101 1575 3441 1630 Δευκαλίωνα
3463 1593 3474 1604 ·
3524 1576 3583 1626 οὐ
3621 1573 3724 1645 γάρ

2150 1669 2341 1744 (οἶμαι)
2381 1669 2806 1741 προσεδόκησαν,
2851 1670 2933 1721 ὅτι
2987 1667 3137 1720 ταῦτ’
3170 1670 3248 1742 είς
3295 1665 3411 1735 φῶς
3464 1665 3722 1736 πρόεισιν,

468 1771 629 1826 lionis
672 1738 1004 1823 vhistoriam.
1063 1766 1248 1835 Neque
1294 1768 1438 1819 enim
1500 1765 1783 1834 putabant,
1830 1766 2046 1832 opinor,

2161 1761 2265 1815 ἀλλ’
2293 1761 2532 1830 ἀτέχνως
2578 1759 2734 1811 παισὶ
2769 1758 2983 1828 νηπίοις
3022 1756 3450 1828 ἐμυθολόγησαν.
3478 1772 3496 1804 ›
3538 1754 3646 1805 Καὶ
3671 1754 3726 1804 ὲν

470 1862 586 1917 haec
636 1860 689 1913 in
739 1860 912 1913 lucem
959 1873 1080 1913 esse
1135 1858 1438 1926 proditura,
1491 1856 1584 1908 sed
1617 1855 1796 1917 inepta
1829 1853 1916 1906 illa
1951 1855 2046 1922 lig-

471 1961 653 2006 menta
680 1951 862 2018 pueris
889 1949 1208 2002 narrabant.
1239 1966 1256 1998 »
1288 1948 1353 2001 Et
1388 1946 1477 2000 hic
1509 1946 1630 1998 vide
1659 1944 1838 1998 odium
1873 1943 2048 1996 homi-

472 2043 563 2097 nis
593 2041 913 2112 philosopho
947 2041 1223 2108 indignum
1278 2039 1331 2091 itt
1369 2037 1802 2105 antiquissimam
1832 2034 2049 2089 Judazo-

472 2149 593 2187 rum
627 2133 990 2202 Scripturam.
1048 2130 1194 2184 Nihil
1250 2139 1430 2183 tamen
1459 2129 1623 2182 habet
1671 2129 1812 2195 quod
1861 2135 2046 2181 contra

474 2223 659 2278 diluvii
700 2224 982 2278 historiam
1010 2222 1181 2288 dicat;
1238 2237 1306 2276 ne
1335 2236 1396 2275 ea
1422 2219 1641 2290 quidem
1673 2218 1828 2272 allert
1854 2218 2051 2286 quibus

474 2315 877 2384 reprehendere
934 2321 1146 2380 poterat
1195 2327 1377 2366 arcam
1438 2320 1493 2365 et
1542 2310 1661 2377 ejus
1715 2323 2045 2362 mensuras:

473 2414 602 2473 puta
648 2402 763 2458 ﬁeri
799 2418 904 2457 non
959 2418 1120 2471 posse
1165 2411 1222 2456 ut
1257 2417 1385 2456 arca
1417 2409 1686 2455 trecentos
1729 2399 1962 2460 cubitos,
1994 2406 2051 2451 ut

473 2494 666 2564 vulgus
696 2495 912 2564 accipit,
947 2495 1128 2565 longa,
1188 2495 1294 2548 lata
1322 2492 1709 2562 quinquaginta
1735 2499 1790 2545 et
1818 2490 1923 2543 alta
1959 2490 2052 2542 tri-

475 2585 644 2656 ginta,
675 2585 1015 2640 continuisse
1041 2585 1254 2639 dicatur
1280 2583 1540 2652 quidquid
1570 2582 1881 2636 animalium
1911 2587 2054 2634 esset

475 2676 532 2731 in
581 2685 751 2742 terra,
803 2687 1009 2748 septem
1063 2693 1129 2732 ex
1170 2678 1385 2732 mundis
1427 2675 1598 2744 paria,
1645 2690 1708 2729 ex
1762 2674 2053 2728 immundis

475 2786 608 2825 vero
639 2771 781 2835 duo;
832 2772 928 2824 sed
983 2771 1120 2824 satis
1153 2769 1316 2824 habet
1363 2769 1546 2824 dicere
1606 2785 1624 2818 t
1653 2781 1774 2820 eam
1806 2780 1926 2819 esse
1954 2764 2053 2818 ab—

477 2861 723 2928 surdam,
771 2861 866 2916 ubi
897 2863 1077 2914 omnia
1119 2860 1324 2914 inclusa
1360 2869 1538 2913 erant.
1564 2876 1583 2910 ι
1627 2858 1765 2924 Quid
1797 2871 1926 2910 vero
1956 2856 2053 2910 ab-

477 2952 632 3008 surdi
662 2953 850 3016 habet,
899 2967 1019 3019 quae
1048 2962 1268 3004 centum
1299 2951 1460 3004 annis
1510 2948 1774 3002 fabricata
1803 2950 2057 3016 perhibe-

481 3053 594 3106 tur,
639 3051 698 3095 et
727 3055 848 3109 quae
891 3056 920 3094 a
953 3040 1207 3094 trecentis
1250 3039 1606 3108 longitudinis
1637 3039 2054 3109 quinquaginta-

481 3145 589 3200 que
635 3128 939 3182 latitudinis
970 3129 1169 3182 cubitis
1220 3129 1448 3184 adducta
1495 3131 1704 3182 sensim
1736 3129 1932 3194 fuerat,
1961 3130 2054 3184 do-

481 3237 585 3276 nec
615 3221 836 3292 triginta
891 3219 1194 3276 altitudinis
1242 3221 1409 3277 cubiti
1461 3219 1769 3276 desinerent
1803 3221 1855 3273 in
1899 3219 2055 3274 fasti-

481 3317 630 3386 gium
662 3316 877 3385 longum
927 3316 1203 3386 latumque
1237 3333 1403 3372 unum
1435 3317 1717 3373 cubitum?
1774 3317 2054 3384 Quomodo

483 3423 596 3464 non
631 3405 951 3463 admiranda
1003 3410 1182 3478 potius
1211 3419 1295 3464 est
1341 3410 1430 3465 illa
1481 3419 1753 3466 struetura
1805 3410 2055 3465 maxima:

487 3614 889 3674 consequenter
918 3617 977 3660 ιιι
1013 3605 1196 3660 dicant
1223 3604 1420 3659 malam
1460 3618 1583 3660 esse
1613 3605 2048 3675 generationem,

487 3693 596 3735 non
638 3676 811 3729 solum
848 3691 967 3730 eam
1009 3689 1130 3743 quae
1166 3683 1250 3729 est
1277 3676 1546 3743 corporis,
1591 3677 1683 3730 sed
1723 3679 1887 3729 etiam
1930 3692 2051 3745 quae

489 3757 574 3802 est
611 3746 828 3816 anitum,
855 3755 1076 3816 propter
1097 3761 1258 3813 quam
1289 3746 1450 3799 etiam
1475 3761 1693 3814 corpus.
1740 3747 1805 3798 Et
1831 3747 2051 3811 quando

486 3817 628 3872 dixit
663 3815 828 3868 David
865 3833 878 3868 ;
913 3815 981 3868 1n
1017 3817 1243 3882 peccatis
1275 3826 1551 3878 conceptus
1583 3832 1717 3878 sum,
1766 3825 1812 3868 et
1842 3816 1898 3868 in
1943 3817 2050 3868 iui-

488 3885 777 3958 quittttibus
800 3887 1035 3958 concepit
1065 3901 1144 3936 me
1179 3896 1344 3958 mater
1365 3901 1484 3958 _mea
1520 3901 1537 3937 :
1569 3885 2046 3958 dicitAprophetice

491 3954 710 4023 quidem
744 3965 969 4008 matrem
999 3955 1162 4008 Evam
1183 3993 1198 4017 ,
1227 3957 1320 4008 sed
1364 3955 1472 4008 Eva
1503 3965 1678 4008 mater
1710 3954 1812 4008 fuit
1855 3956 2050 4009 viven-

493 4028 671 4090 tium;
709 4033 765 4076 et
841 4025 884 4076 si
917 4025 970 4076 in
1007 4026 1241 4094 peccatis
1300 4023 1403 4078 fuit
1445 4035 1768 4092 conceptus,
1825 4026 2055 4094 setl_non

493 4097 611 4165 ipse
644 4095 696 4146 in
730 4104 976 4162 peccato,
1006 4092 1182 4165 neque
1208 4109 1336 4147 vero
1379 4096 1494 4162 ipse
1530 4105 1833 4165 peccatum.
1858 4114 1876 4146 ι
1909 4092 2061 4148 llunc

491 4163 623 4220 vero
653 4165 878 4234 etialios
898 4204 912 4226 ,
952 4178 1089 4234 quos
1120 4163 1232 4230 jam
1260 4165 1546 4218 citavimus
1567 4207 1580 4229 ,
1602 4164 1772 4234 locos
1809 4166 2060 4233 quisque.

488 4245 652 4306 prout
680 4233 784 4306 sibi
824 4233 998 4306 visum
1027 4244 1141 4297 est,
1174 4236 1503 4306 detorquere
1529 4233 1968 4306 solet._Similia,
1997 4249 2064 4287 ne

490 4303 666 4359 dicam
685 4304 1038 4374 locupletiora
1067 4303 1372 4358 testimonia
1398 4305 1538 4372 apud
1559 4304 1692 4357 alios
1711 4303 1922 4368 Patres,
1950 4315 2062 4357 ttmt

491 4374 730 4436 Graecos,
753 4383 864 4428 tum
891 4375 1134 4438 Latinos,
1153 4386 1478 4437 occurrunt;
1503 4388 1621 4442 quae
1638 4375 1916 4428 brevitatis
1936 4390 2063 4442 gra-

494 4445 567 4498 tia
597 4447 958 4513 praeterimus.
991 4445 1262 4499 Sraxcen.
1287 4475 1354 4485 -—
1390 4443 1630 4498 Consule
1661 4445 1786 4497 item
1820 4444 2061 4498 clarissi-

493 4529 639 4568 mum
660 4514 908 4568 Huetium
927 4513 1368 4583 Origenianorum
1397 4513 1488 4568 lib.
1515 4529 1583 4578 ιι,
1612 4523 1809 4582 quaast.
1832 4514 1882 4577 7,
1913 4529 2061 4568 num.

493 4583 750 4705 ειηυιίι
806 4585 1095 4653 investigat
1167 4583 1417 4654 Origenis
1466 4584 1658 4653 dogma
1721 4586 1787 4638 de
1841 4593 2065 4655 peccato

493 4668 702 4705 orteina
732 4669 764 4704 I.

491 4668 764 4708 οι-ιιξιιιιιιι.

566 4669 840 4792 (ἓῆωὸὺκ
873 4721 1007 4775 ἐστι
1055 4723 1195 4775 καθ’
1233 4719 1309 4791 ἧς
1355 4725 1428 4776 οὐ
1461 4723 1714 4790 λέγεται.
1784 4721 2066 4792 Bohercllo

493 4788 775 4868 legendum
808 4792 1043 4868 videtur,
1090 4793 1190 4868 οῦκ
1227 4788 1341 4868 ἔστι
1384 4792 1503 4868 καθ’
1533 4788 1794 4868 ἦςλμόνον
1828 4791 2062 4868 λέγεται.

493 4857 608 4927 Ego
635 4874 763 4912 vero
796 4860 931 4912 nihil
959 4863 1152 4915 mutari
1193 4864 1371 4916 velim.
1421 4857 1680 4918 Νωιιόὗκ
1715 4862 1828 4913 ἔστι
1856 4857 1976 4913 καθ’
2000 4857 2067 4969 ης

493 4929 556 4969 nt.)
583 4928 797 4969 λέγεται.
844 4930 981 4969 idum
1008 4941 1081 4969 uel
1117 4945 1177 4969 no
1224 4934 1268 4969 ni
1307 4933 1577 4969 Aiunt-plur
1616 4932 1737 4969 ηψςηῖ
1776 4931 1956 4969 m-r'yrr-m-
1983 4931 2004 4969 λ
2044 4960 2067 4969 -

493 4929 556 4982 οὐ
583 4928 797 4996 λέγεται
844 4930 982 4983 idem
1008 4941 1087 4984 est
1116 4945 1179 4985 ac
1224 4934 1269 4986 si
1307 4933 1577 4988 diceretur
1616 4932 1743 5001 περὶ
1776 4931 1956 5001 πάσης
1983 4928 2069 4982 λέ-

535 5015 672 5052 εται.

495 5015 680 5140 γεῖὲἑ)
717 5069 1198 5146 Πτεροερυούσης.
1262 5069 1402 5146 Lege
1451 5071 1908 5146 πτερορρυούσης.
1963 5069 2070 5124 Fa-

500 5148 639 5213 teor,
689 5155 796 5194 non
857 5140 1031 5213 semel
1069 5143 1306 5213 occurrit
1351 5140 1493 5213 apud
1546 5140 2066 5213 Platonem'jtt'rspo-

499 5211 672 5280 φυεῖν,
730 5219 786 5281 ut
819 5225 940 5279 pag.
965 5208 1090 5274 ‘25l,
1118 5210 1244 5273 255,
1277 5222 1328 5281 et
1374 5208 1579 5278 ᾠύουσα
1612 5211 1680 5265 τὰ
1712 5210 1907 5281 πτερά,
1945 5208 2064 5280 pag.

497 5280 596 5335 25!
629 5297 643 5345 ;
681 5289 735 5334 at
769 5280 938 5342 locus,
987 5283 1052 5333 ad
1085 5296 1244 5349 quem
1277 5279 1525 5348 Origem-s
1572 5279 1828 5347 respexit,
1869 5297 1953 5336 me
1990 5279 2069 5335 sic

497 5353 789 5423 emendare
839 5350 1066 5423 monuit,
1110 5367 1231 5423 pag.
1256 5351 1361 5404 ’246
1407 5352 1519 5423 :V'H
1549 5353 1693 5423 ψυχὴ
1743 5354 1892 5423 πᾶσα
1929 5369 2067 5404 παν-

493 5421 585 5494 τὸς
615 5421 946 5494 ἐπιμελεῖται
977 5421 1070 5494 τοῦ
1088 5419 1331 5494 ἀψύχου·
1373 5422 1547 5476 πάντα
1565 5419 1902 5494 ’δέίούρανδιί
1924 5439 2070 5494 περι-

497 5491 910 5564 πρλεῖηᾶλλοτεᾲ
933 5493 989 5544 ἐν
1021 5491 1198 5556 ἄλλοις
1231 5492 1397 5564 εἴδεσι
1425 5491 1748 5564 γιγνομένηζ
1774 5491 1943 5544 Τελέα
1972 5492 2069 5564 μὲν

497 5555 590 5634 οὖν
654 5559 787 5634 οὖσα
832 5562 924 5634 κα)
981 5555 1334 5634 ἐπτερωμένη
1395 5555 1791 5634 μετεωροπολεῖ
1844 5579 1924 5626 τε,
1972 5555 2069 5634 καὶ

500 5629 824 5706 ἅπανταμτὸν
849 5631 1050 5706 κόσμον
1082 5629 1271 5706 διοικεῖ
1292 5650 1304 5662 ·
1325 5629 1464 5706 ἠδὲ
1494 5629 1948 5706 πτέρορρυήσασα
1977 5631 2071 5699 σέο

503 5713 676 5767 ρεται,
707 5701 808 5764 ἕως
850 5701 914 5756 ἂν
945 5699 1162 5772 στερεοῦ
1193 5721 1334 5768 τινος
1367 5699 1722 5774 ἀντιλάϐηται
1745 5721 1757 5733 ·
1792 5699 1855 5758 δι
1890 5718 2070 5756 κατοι-

2146 1850 2356 1914 τούτοις
2407 1851 2471 1920 δὴ
2519 1849 2619 1920 ὅρα
2651 1848 2748 1919 τὴν
2799 1848 3122 1918 ἀφιλόσοφον
3157 1845 3446 1916 ἀπέχθειαν
3491 1844 3584 1896 τοῦ
3635 1845 3725 1896 ἀν-

2147 1943 2271 2014 δρὸς
2317 1943 2450 2014 πρὸς
2496 1943 2596 2012 τὴν
2639 1942 3002 2013 ἀρχαιοτάτην
3041 1939 3304 1992 Ἰουδαίων
3350 1937 3591 2008 Γραφὴν.
3654 1937 3724 1988 Οὐ

2148 2035 2257 2106 γὰρ
2308 2036 2446 2105 ἔχων
2491 2035 2587 2105 τὴν
2640 2035 2767 2105 περὶ
2811 2028 3198 2102 κατακλυσμοῦ
3233 2031 3473 2100 ἱστορίαν
3504 2030 3726 2084 κακολο-

2149 2130 2297 2195 γεῖν·
2334 2126 2440 2179 οὐδ’
2475 2127 2774 2196 ἐπιστήσας
2819 2119 2901 2187 οἷς
2959 2122 3180 2175 ἐδύνατο
3232 2122 3407 2189 λέγειν
3454 2121 3596 2175 κατὰ
3634 2121 3729 2190 τῆς

2151 2218 2384 2273 κιϐωτοῦ
2414 2219 2507 2272 καὶ
2535 2218 2645 2271 τῶν
2693 2215 3106 2289 μέτρωναῦτῆς
3131 2231 3144 2244 ·
3177 2215 3273 2268 καὶ
3303 2215 3400 2283 οὐχ
3432 2213 3506 2276 ὡς
3549 2208 3660 2265 οἷόν
3682 2215 3728 2264 τ’

2151 2307 2217 2382 ἦν
2246 2310 2377 2380 (59),
2419 2309 2558 2363 κατὰ
2600 2309 2690 2362 τὸν
2723 2309 2830 2361 τῶν
2871 2305 3077 2360 πολλῶν
3124 2305 3269 2369 νοῦν,
3324 2304 3731 2375 ἐκλαμϐάνοντα

2149 2402 2218 2455 τά
2265 2400 2534 2472 περὶτῶν
2583 2400 2912 2471 τριακοσίων
2951 2397 3044 2451 τοῦ
3099 2399 3304 2468 μήκους
3353 2395 3453 2465 τῆς
3503 2393 3730 2448 κιϐωτοῦ

2153 2492 2392 2562 πηχέων,
2431 2491 2523 2545 καὶ
2554 2493 2891 2563 πεντήκοντα
2924 2488 3016 2542 τοῦ
3049 2487 3300 2552 πλάτους,
3327 2489 3420 2541 καὶ
3443 2487 3730 2558 τριάκοντα

2150 2583 2244 2636 τοῦ
2283 2582 2471 2652 ὕψους,
2505 2582 2730 2652 φάσκειν
2773 2581 2939 2651 αὐτὴν
2971 2579 3344 2650 κεχωρηκέναι
3387 2576 3456 2630 τά
3498 2578 3590 2630 ἐπὶ
3634 2577 3730 2646 γῆς

2153 2675 2288 2740 ζῶα,
2331 2673 2547 2746 καθαρά
2580 2675 2676 2744 μὲν
2711 2673 2813 2726 ἀνά
2862 2673 3101 2744 τέσσαρα
3137 2674 3231 2725 καὶ
3261 2671 3393 2724 δέκα
3436 2671 3567 2740 (60),
3606 2668 3732 2722 ἀκά-

2154 2769 2326 2840 θαρτα
2365 2767 2423 2820 δὲ
2479 2765 2581 2820 ἀνά
2617 2767 2857 2837 τέσσαρα
2881 2783 2895 2796 ·
2944 2765 3131 2829 ἁπλῶς
3177 2761 3328 2818 εἶπεν
3383 2783 3400 2814 t
3429 2763 3731 2825 ἀλλόκοτον,

2158 2859 2313 2913 πάντ’
2343 2859 2570 2929 ἔχουσαν
2604 2857 2747 2911 ἔνδον
2779 2857 2909 2929 (61).
2946 2877 2964 2908 ›
3001 2858 3065 2910 Τί
3094 2856 3202 2928 γὰρ
3229 2857 3290 2910 τὺ
3328 2855 3610 2909 ἀλλόκοτον
3641 2854 3735 2906 αῦ-

2152 2951 2274 3021 τῆς,
2327 2951 2521 3004 ἑκατὸν
2571 2949 2744 3003 ἔτεσιν
2801 2949 3193 3021 ἱστορουμένης
3247 2948 3591 3018 γεγενῆσθαι,
3645 2948 3734 3000 καὶ

2161 3043 2532 3114 συναγομένης
2547 3044 2653 3096 ἀπὸ
2668 3043 2778 3098 τῶν
2800 3045 3125 3115 τριακοσίων
3141 3043 3232 3096 τοῦ
3264 3044 3469 3114 μήκους
3498 3039 3733 3112 πηχέων,

2160 3133 2256 3186 κα)¹
2287 3133 2393 3186 τῶν
2435 3136 2766 3206 πεντήκοντα
2803 3134 2898 3188 τοῦ
2944 3135 3198 3198 πλάτους,
3235 3134 3340 3197 ἕως
3376 3137 3422 3187 οἱ
3447 3133 3541 3186 τοῦ
3575 3133 3735 3204 ὕψους

2163 3227 2357 3296 πήχεις
2385 3228 2678 3298 τριάκοντα
2720 3226 3112 3298 καταλήξουσιν
3164 3229 3242 3290 εἰς
3286 3226 3380 3279 ἕνα
3419 3226 3593 3296 πῆχυν
3636 3227 3736 3297 μή-

2161 3333 2290 3378 κους
2337 3316 2432 3368 καὶ
2473 3315 2745 3382 πλάτους;
2796 3316 2918 3380 Πῶς
2963 3315 3006 3369 δ’
3039 3317 3159 3386 οὐχὶ
3193 3315 3390 3387 μᾶλλον
3432 3313 3739 3384 θαυμαστὸν

2159 3403 2228 3479 ἦν
2260 3408 2321 3460 τὸ
2351 3407 2780 3479 κατασκεύασμα
2817 3409 2912 3462 καὶ
2943 3409 3175 3481 μεγίστῃ
3229 3408 3380 3462 πόλει
3416 3408 3591 3473 ἐοικός
3613 3425 3626 3438 ·
3663 3406 3740 3478 τῷ

2157 3605 2443 3678 κισθεῖσα,
2478 3607 2637 3678 σῶμα
2677 3612 2861 3677 γήϊνον
2903 3608 3160 3675 λαϐοῦσα,
3203 3609 3332 3664 αὐτὸ
3380 3610 3514 3663 αὑτὸ
3553 3609 3740 3663 δοκοῦν

2157 3680 2326 3750 κινεῖν
2371 3677 2460 3750 διά
2504 3677 2602 3750 τὴν
2641 3679 2857 3750 ἐκείνης
2905 3678 3150 3750 δύναμιν,
3209 3681 3345 3745 ζῶον
3402 3681 3463 3733 τὸ
3523 3679 3738 3749 ξύμπαν

2158 3746 2380 3832 ἐκλήθη,
2406 3746 2675 3832 qualificth
2707 3746 2866 3830 σῶμα
2899 3746 3097 3832 παγὲν,
3127 3751 3315 3832 θνητόν
3341 3751 3387 3832 τ’
3415 3750 3571 3832 ἔσχεν
3594 3746 3741 3803 ἐπω-

2159 3819 2378 3886 νυμίαν.
2439 3835 2456 3866 t
2488 3819 2678 3871 Omnis
2734 3821 2949 3873 animus
3005 3821 3169 3874 totius
3212 3819 3510 3874 inanimali
3552 3834 3734 3872 curam

2165 3887 2352 3957 habet,
2399 3894 2678 3954 totumque
2730 3889 2997 3957 percurrit
3035 3890 3255 3954 malum,
3317 3890 3451 3944 alias
3487 3889 3737 3943 videlicet

2163 3956 2299 4029 alias
2335 3958 2560 4029 sortitus
2586 3956 2820 4029 species.
2874 3959 3006 4012 Dum
3060 3961 3222 4029 igitur
3269 3959 3544 4028 perfectus
3575 3967 3738 4012 estet

2165 4026 2362 4088 alatus,
2419 4027 2667 4081 sublimis
2727 4028 2947 4090 incedit.
3003 4037 3057 4082 et
3085 4026 3200 4096 φοι*
3249 4026 3418 4082 totum
3478 4032 3734 4081 mundum

2170 4096 2438 4165 pervadit.
2485 4097 2619 4150 Cum
2661 4111 2790 4150 vero
2821 4099 2917 4150 ahe
2947 4100 2993 4151 ei
3029 4099 3373 4160 delluxeriut,
3412 4098 3604 4160 fertur,
3637 4099 3734 4151 do-

2171 4180 2271 4219 nec
2302 4165 2562 4236 _solidum
2612 4167 2884 4234 quidpiam
2914 4170 3388 4236 comprehenderit
3423 4186 3437 4222 :
3470 4169 3558 4222 ubi
3590 4169 3734 4220 habi-

2173 4234 2688 4306 ιιιειιιιιιηηηιιοιιιε,
2763 4252 2960 4304 corpus
3036 4234 3306 4292 terrenum
3367 4239 3614 4306 suscipit,
3683 4246 3736 4291 et

2172 4305 2350 4373 ipsum
2409 4305 2537 4358 illud
2574 4320 2799 4377 _movere
2851 4307 3083 4377 videtur,
3130 4317 3350 4377 prOpter
3381 4305 3525 4361 illius
3551 4317 3737 4375 poten-

2174 4379 2325 4437 tiam,
2358 4389 2421 4428 ac
2470 4375 2694 4442 proinde
2731 4385 2900 4428 totum
2948 4375 3096 4440 illud,
3131 4375 3358 4431 animus
3391 4379 3641 4430 nimirqu
3685 4384 3738 4430 et

2173 4459 2395 4516 corpus,
2429 4444 2628 4516 animal
2658 4455 2896 4516 vocatur,
2915 4455 2998 4516 Aet
3038 4446 3278 4500 mortalis
3313 4448 3476 4500 etiam
3508 4447 3739 4516 appella-

2173 4509 2375 4586 tionem
2414 4515 2591 4586 habet.
2615 4532 2632 4564 ι
2761 4530 2879 4583 pag.
2899 4509 3010 4586 248
3035 4533 3047 4568 :
3076 4517 3242 4569 Ὅταν
3267 4516 3324 4568 δὲ
3361 4509 3739 4586 ἀδυνατῆσασα

2172 4583 2499 4656 ἐπισπέσθαι
2528 4583 2608 4656 μὴ
2662 4583 2765 4656 ἴδῃ,
2818 4583 2908 4656 καί
2950 4601 3057 4656 τινι
3105 4586 3360 4656 συντυχίᾳ
3402 4583 3738 4656 χρησαμένη,

2172 4605 2499 4636 επισπεσῠαι
2662 4605 2765 4655 ton,
2818 4605 2908 4636 και
2950 4605 3057 4638 τινι
3105 4605 3360 4656 συντυχιᾳ
3440 4605 3578 4656 ρησα
3628 4605 3738 4656 ενη,

2172 4652 2342 4728 λῄθης
2367 4655 2550 4728 τελκα)Ϊ
2576 4654 2774 4716 κακίας
2801 4652 3098 4728 πλησθεῖσα
3131 4605 3740 4728 βαρυνθῇ,χβαρυνῇεξσα

2172 4715 2633 4805 δὲ’πτερορρυησῃ
2658 4741 2738 4805 τε,
2755 4715 2861 4776 κα)⁸
2889 4715 3106 4805 item
3461 4715 3617 4805 clc._¢
3637 4724 3740 4805 _Sin

2175 4794 2497 4862 assequendi
2549 4794 2837 4862 impotens,
2875 4796 3094 4849 minime
3125 4794 3442 4862 inspexerit,
3495 4806 3548 4849 et
3576 4795 3743 4848 infor-

2178 4861 2328 4914 tunio
2360 4862 2594 4930 qundam
2629 4861 2787 4924 usus,
2817 4863 3086 4919 oblivione
3112 4875 3167 4918 et
3213 4861 3476 4934 pravitate
3509 4867 3742 4932 repletus

2176 4941 2469 4998 gravetur;
2523 4943 2779 4996 gravatus
2823 4944 3000 4987 autem
3050 4950 3256 5002 pennas
3297 4936 3562 4994 amiserit,
3594 4945 3649 4989 et
3686 4934 3738 4987 in

2177 5011 2379 5053 terram
2401 5002 2673 5076 inciderit,
2705 5011 2810 5056 etc.
2828 5002 3116 5056 ISPENCER.
3141 5005 3742 5076 —Spenceruslcctio-

2176 5084 2299 5123 nem
2333 5087 2497 5146 _suam
2525 5088 2563 5146 _e
2595 5071 2868 5146 Platone,
2905 5071 3367 5146 πτερορρυούσης,
3420 5075 3743 5146 confirmare

2175 5141 2374 5208 poterit
2413 5157 2479 5195 ex
2516 5141 2771 5209 Origene,
2817 5143 2910 5198 lib.
2944 5141 3021 5204 vt,
3055 5141 3205 5198 utitu.
3229 5141 3314 5199 ιδ·
3339 5155 3390 5199 et
3424 5147 3514 5198 44.
3572 5145 3740 5197 Caue-

2177 5226 2294 5263 rum
2331 5221 2447 5278 post
2481 5226 2666 5264 vocem
2695 5210 2976 5276 Πλάτωνα,
3029 5213 3148 5265 libri
3193 5217 3318 5268 editi
3379 5218 3582 5269 habent
3627 5210 3741 5265 καθ’

2174 5280 2253 5354 ξίν.
2305 5281 2623 5354 Bolterellus
2655 5292 2802 5354 recte
2833 5284 2971 5336 delet
3017 5283 3135 5336 καθ’
3169 5285 3250 5349 ὃν,
3305 5288 3446 5354 quod
3486 5288 3744 5338 intertur—

2175 5350 2267 5403 bat
2299 5353 2563 5404 orationis
2592 5352 2812 5404 seriem.

2247 5420 2360 5491 (59)
2398 5422 2507 5475 Καὶ
2536 5423 2648 5490 οὐχ
2690 5421 2770 5492 ᾡς
2804 5417 2931 5492 οἴᾴν
2963 5423 3010 5475 τ’
3032 5419 3131 5492 ἦν.
3191 5423 3548 5479 Scribendutn
3598 5419 3742 5474 vide-

2177 5488 2284 5564 tur,
2318 5488 2409 5564 καὶ
2431 5493 2505 5564 ὡς
2536 5488 2770 5563 οὺχοίόν
2797 5493 2843 5545 τ’
2868 5488 2954 5564 ἦν.

2249 5561 2360 5636 (iiii)
2394 5561 2709 5636 Libh.e_t_liti
2741 5564 2791 5615 in
2823 5561 3087 5636 margine,
3117 5562 3637 5636 τεσσαρεσκαίδεκα.

2247 5631 2571 5756 stin-[Idri
2599 5631 3098 5725 ézovamcﬁicdor.
3156 5631 3604 5706 Vide'Origt'ucnt
3648 5635 3747 5688 ho-

2247 5743 2250 5756 .
2277 5717 2323 5756 ta
2354 5703 2676 5756 secundam
2707 5702 2981 5756 Genestm.

2178 5701 2323 5757 milia
2342 5701 2602 5757 Secunda.
2623 5701 2676 5759 in
2707 5702 2981 5759 Genesim.
