3986 6164
333 325 468 385 l097

1485 334 1790 388 ‘CONTRA
1825 333 2103 392 CELSUM
2136 331 2267 389 LIB.
2307 334 2397 390 ιν.

3443 333 3583 388 1098

326 439 573 511 δυνάμει
609 438 858 508 λέγεσθαι
903 439 970 495 τὰ
1007 440 1198 510 μέτρα·
1228 440 1302 504 ὼς
1329 442 1484 496 ἐννέα
1517 446 1613 514 μὲν
1644 443 1782 500 εἶναι
1815 465 1908 518 μυ-

2021 448 2132 500 urbi
2187 446 2423 501 similis?
2492 445 2587 499 llic
2639 446 2782 500 enim
2853 446 2912 500 ﬁt
2973 459 3152 502 sermo
3199 445 3264 498 de
3312 445 3584 499 mensuris

330 530 526 603 ριάδων
559 529 620 581 τὸ
654 529 829 599 μῆκος
853 529 994 583 κατά
1021 529 1118 600 τὴν
1152 529 1326 600 βάσιν,
1360 533 1497 586 κατὰ
1528 534 1584 587 δὲ
1613 536 1674 588 τὸ
1712 537 1909 601 πλάτος

324 615 594 686 δισχιλίων
623 616 990 669 πεντακοσίων
1019 631 1032 675 ;
1082 617 1206 682 Πῶς
1228 619 1271 671 δ’
1298 620 1396 672 οὐκ
1415 617 1482 690 ἦν
1513 621 1785 693 θαυμάσαι
1812 628 1910 698 τὴν

327 705 567 759 ἐπίνοιαν
609 705 702 759 τοῦ
732 707 1126 778 ἐρηρεισμένην
1170 711 1442 777 γενέσθαι,
1480 713 1574 765 καὶ
1605 713 1910 786 δυναμένην

327 796 613 868 ὑπομεῖναι
642 799 886 869 χειμῶνα
911 799 1294 872 κατακλυσμοῦ
1328 803 1604 873 ποιητικόν
1628 822 1642 870 ;
1674 806 1782 858 Καὶ
1802 807 1910 877 γὰρ

324 890 386 943 οὐ
429 891 600 963 πίσσῃ
630 892 759 954 τινὶ,
800 892 907 944 οὐδ’
936 891 1070 965 ἄλλῃ
1117 896 1223 946 τινὶ
1250 895 1471 968 τοιαύτῃ
1500 894 1622 966 ὕλῃ,
1651 896 1910 965 ἀσφάλτῳ

324 982 382 1034 δὲ
413 982 655 1054 στερρῶς
687 984 970 1054 ὲκέχριστο
1000 985 1131 1056 (62).
1174 987 1299 1050 Πῶς
1340 987 1386 1040 δ’
1420 987 1480 1040 οὐ
1515 988 1825 1059 θαυμαστὸν
1850 988 1912 1040 τὸ

327 1073 556 1145 ζώπυρα
619 1077 816 1140 παντὸς
876 1079 1066 1146 γένους
1114 1079 1429 1146 εἰσάγεσθαι
1485 1079 1633 1133 ἔνδον
1684 1081 1911 1151 προνοίᾳ

325 1166 484 1231 Θεοῦ,
533 1170 596 1222 ἵν’
626 1169 722 1241 ἔχῃ
772 1171 989 1224 πάντων
1021 1172 1308 1242 σπέρματα
1346 1171 1500 1236 ζώων
1543 1174 1704 1228 πάλιν
1739 1177 1772 1244 ἡ
1817 1177 1908 1246 γῆ,

324 1257 418 1311 τοῦ
449 1259 584 1312 Θεοῦ
633 1261 956 1332 δικαιοτάτῳ
986 1263 1140 1334 ἀνδρὶ
1174 1247 1550 1334 χρησαμένου,
1594 1266 1761 1337 πατρὶ
1789 1266 1912 1320 ἐσο-

327 1351 475 1424 μένῳ
506 1355 614 1408 τῶν
647 1355 782 1427 μετὰ
812 1355 902 1409 τὸν
934 1356 1314 1427 κατακλυσμόν
1340 1374 1354 1422 ;

400 1627 634 1700 "Eppia;
670 1628 714 1681 δ’
742 1629 770 1681 ὁ
814 1627 1018 1691 Κέλσος
1045 1628 1112 1681 τά
1156 1629 1283 1698 περὶ
1308 1629 1411 1698 τῆς
1442 1629 1790 1702 περιστερᾶς,
1825 1629 1913 1682 ἵνα

328 1718 460 1792 δόξῃ
499 1720 862 1788 ἀνεγνωκέναι
915 1721 975 1773 τὸ
1030 1719 1229 1790 βιϐλίον
1283 1722 1382 1792 τὴν
1444 1723 1680 1786 Γένεσιν,
1759 1723 1912 1775 οὐδὲν

2015 538 2189 604 quoad
2219 547 2526 604 potestatem
2573 552 2592 590 :
2646 537 2717 590 ita
2752 545 2809 590 ut
2837 537 2984 592 basis
3031 537 3185 606 longa
3218 534 3382 588 fuerit
3409 547 3582 588 nona-

2012 629 2160 697 ginta
2209 627 2373 682 millia
2431 627 2759 694 cubitorum,
2816 626 2924 680 lata
2976 633 3152 682 autem
3198 624 3283 679 bis
3333 623 3481 678 mille
3529 634 3588 679 et

2012 717 2334 786 quingentos
2383 718 2615 771 cubitos.
2663 716 2838 782 Quam
2874 719 3036 773 etiam
3092 715 3447 771 admiratione
3498 717 3582 770 di-

2013 822 2199 875 gnum,
2241 807 2388 861 illam
2424 808 2496 860 ita
2523 807 2752 861 ﬁrmiter
2776 817 3112 876 compactam
3150 807 3335 872 fuisse,
3368 814 3425 860 ut
3453 815 3584 860 tem-

2013 897 2314 964 pestatibus
2358 897 2617 951 diluvium
2655 897 3048 952 adducentibus
3073 897 3214 964 nihil
3262 899 3580 953 laadereturl

2017 986 2201 1054 Neque
2231 987 2375 1039 enim
2403 987 2528 1054 pice
2553 995 2648 1039 aut
2679 988 2786 1041 alia
2814 988 2980 1042 simili
3011 990 3258 1053 materia,
3310 989 3405 1044 sed
3435 990 3584 1043 bitu—

2015 1080 2160 1132 mine
2211 1077 2442 1131 ﬁrmiter
2487 1078 2791 1133 circumlita
2826 1077 3027 1133 fuerat.
3082 1079 3276 1134 Annon
3311 1081 3584 1133 admiran-

2016 1168 2142 1222 dum
2173 1178 2227 1223 et
2274 1169 2432 1232 istud,
2488 1169 2858 1225 introductum
2911 1169 3081 1224 fuisse
3115 1171 3206 1223 Dei
3245 1170 3584 1236 providentia

2014 1261 2254 1314 omnium
2300 1260 2614 1315 animalium
2665 1261 3042 1323 seminarium,
3094 1271 3380 1316 eteorum
3416 1279 3586 1333 genus

2015 1366 2174 1406 omne
2203 1362 2344 1406 terra
2397 1333 2582 1410 rursus
2635 1354 2898 1417 haberet;
2950 1352 3224 1421 Deumque
3251 1354 3317 1408 ad
3353 1355 3404 1408 id
3435 1355 3588 1410 adhi-

2016 1441 2198 1496 buisse
2221 1441 2580 1510 iustissimum
2613 1444 2910 1508 hominem,
2944 1445 3033 1514 qui
3068 1452 3210 1498 esset
3249 1458 3442 1512 parens
3469 1461 3584 1500 om-

2015 1527 2162 1582 nium
2194 1531 2284 1597 qui
2319 1543 2438 1598 post
2468 1531 2732 1586 diluvium
2767 1541 2924 1586 erant
2957 1533 3257 1586 nascituri?

2087 1618 2250 1689 536
2291 1619 2380 1674 42.
2411 1620 2602 1690 Carpit
2647 1630 2831 1689 postea
2872 1621 3132 1675 columba:
3181 1622 3480 1687 historiam,
3531 1632 3588 1676 ut

2020 1707 2214 1762 librum
2243 1709 2516 1765 Genesens
2543 1711 2740 1780 legisse
2770 1711 3052 1775 videatur;
3089 1725 3188 1764 nec
3216 1718 3394 1763 tamen
3425 1713 3585 1778 quid—

323 1811 576 1881 δυνηθεὶς
628 1813 799 1866 εἰπεῖν
849 1811 986 1881 πρὸς
1041 1801 1359 1882 τὺςὲλὲγξαι
1413 1812 1802 1882 πλασματῶδες
1851 1813 1912 1866 τὸ

2021 1813 2175 1867 quam
2216 1800 2524 1868 excogitare
2569 1803 2766 1869 potuit,
2826 1815 2936 1870 quo
2965 1801 3144 1854 ﬁctam
3173 1808 3293 1854 esse
3319 1802 3584 1869 approba-

325 1903 470 1957 κατὰ
501 1905 601 1973 τὴν
647 1905 995 1976 περιστεράν.
1037 1900 1172 1968 Εἶθ’,
1203 1904 1278 1968 ὼς
1308 1905 1426 1968 ἔθος
1458 1904 1606 1974 αὐτῷ
1633 1906 1778 1958 ἐστιν
1822 1907 1911 1959 ἐπὶ

321 1993 385 2044 τὺ
432 1993 768 2065 γελοιότερον
805 1991 1170 2064 μεταφράζειν
1199 1993 1268 2047 τὰ
1289 1994 1664 2065 γεγραμμένα,
1693 1995 1781 2048 τὸν
1817 1997 1910 2048 κό-

328 2101 475 2153 ρακα
498 2087 576 2147 είς
604 2083 846 2154 κορώνην
878 2085 1194 2154 μετείληφε·
1229 2085 1322 2136 καὶ
1349 2085 1518 2136 οἴεται
1547 2085 1719 2138 ταῦτα
1747 2088 1912 2139 Μωῦ-

327 2173 426 2226 σέα
455 2175 913 2245 ἀναγεγραφέναι,
945 2172 1368 2245 ρᾳδιουργοῦντα
1400 2174 1468 2227 τά
1498 2175 1638 2227 κατὰ
1659 2174 1749 2227 τὸν
1781 2178 1910 2245 παρ’

327 2259 554 2330 Ἕλλησι
602 2261 969 2313 Δευκαλίωνα·
1023 2262 1071 2312 εί
1105 2260 1178 2330 μὴ
1207 2259 1312 2330 ἄρα
1342 2261 1462 2313 οὐδὲ
1492 2262 1769 2326 Μωῦσέως
1800 2263 1909 2315 οἴε-

323 2363 412 2398 ται
436 2342 574 2400 εἶναι
599 2349 698 2416 τὴν
721 2347 958 2418 γραφὴν,
995 2347 1132 2401 ἀλλά
1154 2366 1315 2402 τινων
1343 2350 1602 2403 πλειόνων
1624 2368 1636 2380 ³
1673 2351 1911 2406 τοιοῦτον

325 2439 436 2511 γὰρ
463 2441 612 2510 δηλοῖ
638 2441 718 2503 τὸ,
762 2460 778 2490 ι
807 2441 1316 2511 παραχαράττοντες
1341 2442 1434 2493 καὶ
1465 2442 1913 2514 ῥᾳδιουργοῦντες

325 2529 415 2582 τὸν
437 2530 806 2582 Δευκαλίωνα·
839 2549 857 2579 ι
896 2530 988 2581 καὶ
1015 2528 1203 2581 τοῦτο’
1239 2549 1256 2579 ι
1288 2531 1362 2582 Οὐ
1388 2530 1516 2599 γάρ,
1549 2528 1719 2603 οἶμαι,
1753 2551 1916 2604 προσ-

329 2619 610 2688 εδόκησαν,
664 2619 746 2672 ὅτι
807 2619 958 2672 ταῦτ’
988 2623 1067 2683 εἰς
1115 2622 1229 2691 φῶς
1282 2622 1516 2693 πρόεισι.
1548 2643 1566 2673 ι
1628 2622 1752 2687 Πῶς
1792 2625 1836 2677 δ’
1865 2629 1911 2679 oi

328 2708 436 2778 ὅλῳ
469 2707 610 2760 ἔθνει
663 2707 894 2771 διδόντες
944 2708 1012 2762 τὰ
1054 2710 1356 2781 γράμματα
1391 2711 1452 2764 οὐ
1508 2711 1912 2783 προσεδόκησαν

328 2799 468 2851 αὐτὰ
498 2802 576 2862 είς
603 2797 719 2866 φῶς
746 2797 1026 2868 προελθεῖν
1053 2816 1067 2864 ;
1095 2801 1144 2852 οἳ
1202 2802 1295 2854 καλ⁸
1338 2801 1751 2872 προεφήτευσαν
1780 2804 1913 2857 πᾶσι

327 2888 440 2949 τοῖς
472 2885 647 2939 ἔθνεσι
692 2887 788 2958 τὴν
837 2887 1147 2940 θεοσέϐειαν
1196 2889 1401 2961 ταύτην
1447 2891 1908 2962 κηρυχθήσεσθαι.

340 2973 397 3024 Ὀ
437 2973 495 3025 δὲ
538 2974 744 3043 Ἰησοῦς
785 2975 864 3037 τὸ,
897 2993 915 3023 ι
940 2974 1258 3045 Ἀρθήσεται
1302 2976 1394 3042 ἀφ’
1429 2977 1581 3046 ὑμῶν
1606 2977 1639 3046 ή
1669 2976 1913 3044 βασιλεία

328 3063 421 3117 τοῦ
454 3063 610 3129 Θεοῦ,
640 3066 734 3118 καὶ
758 3064 1042 3136 δοθήσεται
1071 3064 1212 3118 ἔθνει
1239 3066 1478 3119 ποιοῦντι
1515 3069 1642 3130 τοὺς
1668 3069 1912 3139 καρποὺς

330 3153 520 3222 αὐτῆς,
551 3173 568 3203 ι
615 3154 882 3214 Ἰουδαίοις
933 3152 1127 3221 λέγων,
1170 3153 1222 3205 τί
1263 3154 1387 3208 ἄλλο
1431 3154 1696 3225 ᾠκονόμει
1832 3157 1912 3221 είς
1940 3137 1980 3191 C

332 3241 448 3308 φῶς
479 3241 638 3303 αὐτὸς
680 3240 801 3311 θείᾳ
845 3243 1070 3312 δυνάμει
1103 3246 1432 3313 προαγαγεῖν
1458 3243 1566 3313 (65)
1595 3245 1774 3297 πᾶσαν
1810 3248 1909 3316 τὴν

345 3329 636 3400 Ἰουδαῖκὴν
681 3329 898 3400 Γραφὴν
943 3331 1296 3402 περιέχουσαν
1350 3335 1623 3403 μυστήρια
1673 3333 1773 3402 τῆς
1817 3333 1909 3387 τοῦ

331 3418 466 3472 θεοῦ
505 3419 776 3490 βασιλείας
802 3437 816 3485 ;
845 3417 998 3485 Εἶτα,
1041 3420 1136 3474 ἐὰν
1167 3421 1263 3490 μὲν
1291 3422 1389 3485 τὰς
1433 3422 1699 3493 Ἑλλήνων
1731 3424 1912 3491 θεογο-

331 3511 451 3574 νίας
494 3511 713 3576 καὶτὰς
758 3514 885 3583 περὶ
929 3513 1065 3566 θεῶν
1106 3511 1310 3565 δώδεκα
1340 3513 1577 3584 ἱστορίας
1613 3513 1913 3582 ἀναγιγνώ-

333 3619 529 3665 σκωσι,
574 3601 986 3673 σεμνοποιοῦσιν
1018 3603 1189 3666 αὐτὰς
1230 3605 1350 3667 ταῖς
1387 3601 1734 3674 ἀλληγορίαις
1759 3621 1771 3634 °
1820 3606 1912 3659 ἐὰν

329 3693 385 3746 δὲ
433 3695 501 3748 τὰ
534 3694 778 3765 ἡμέτερα
821 3693 1096 3764 διασύρειν
1133 3693 1445 3764 βούλωνται,
1492 3695 1730 3770 ἀτέχνως
1783 3695 1913 3763 φασὶ

332 3786 490 3838 παισὶ
521 3785 732 3856 νηπίοις
769 3784 909 3840 αύτά
943 3784 1434 3855 μεμυθολογῆσθαι.

411 4005 429 4037 ι
470 3984 848 4054 Ἀτοπωτάτην
881 4004 898 4035 ι
968 3985 1024 4038 δὲ
1075 3983 1221 4052 λέγει
1278 4004 1295 4034 ι
1326 3987 1419 4038 καὶ
1469 3986 1669 4055 ἔξωρον
1728 3986 1914 4039 παιδοο

335 4077 552 4129 ποιίαν·
586 4094 604 4126 ι
658 4076 705 4127 εί
749 4075 840 4127 καὶ
872 4073 944 4143 μὴ
975 4072 1242 4142 ὠνόμασε,
1286 4073 1442 4143 δῆλον
1492 4075 1572 4125 ὄτι
1604 4074 1775 4141 λέγων
1819 4073 1916 4144 τὴν

335 4166 429 4220 τοῦ
469 4164 719 4237 Ἀϐραὰμ
766 4165 860 4216 καὶ
903 4163 1002 4232 τῆς
1031 4163 1263 4233 Σάρῤας.
1331 4163 1562 4214 Ῥίπτων
1593 4163 1651 4214 δὲ
1681 4164 1773 4215 καὶ⁴
1817 4162 1918 4224 τὰς

342 4280 361 4312 ι
384 4260 494 4312 τῶν
522 4256 764 4325 ἀδελφῶν
784 4253 1097 4317 ἐπιϐουλὰς,
1129 4273 1147 4303 ι
1185 4253 1303 4323 ἦτοι
1330 4253 1422 4304 τὸν
1448 4252 1586 4306 Κάῖν
1612 4252 1919 4304 ἐπιϐουλεύ-

341 4368 510 4403 σαντα
536 4348 614 4419 τῷ
647 4347 812 4401 Ἀϐελ
859 4346 1084 4416 λέγει,ἢ
1115 4345 1249 4417 πρὸς
1282 4344 1455 4416 τούτῳ
1487 4346 1582 4397 καὶ
1621 4343 1710 4396 τὸν
1748 4344 1914 4396 Ἠσαῦ

335 4440 415 4511 τῷ
449 4438 684 4492 Ἰακώϐ·
738 4456 755 4487 ι
813 4437 1014 4507 πατρὸς
1077 4435 1133 4487 δὲ
1189 4434 1385 4504 λύπην,
1447 4453 1465 4485 ›
1494 4435 1634 4504 τάχα
1674 4434 1772 4505 μὲν
1821 4435 1914 4486 καὶ
1952 4477 1991 4528 D

336 4531 435 4602 τὴν
475 4531 659 4584 Ἰσαάκ
703 4529 794 4581 ἐπὶ
823 4530 888 4598 τῇ
938 4526 1030 4579 τοῦ
1073 4525 1264 4579 Ἰακὼϐ
1311 4525 1590 4595 ἀποδημίᾳ
1615 4523 1746 4594 (64),
1776 4523 1914 4593 τάχα

339 4620 395 4672 δὲ
431 4621 523 4673 καὶ
555 4619 651 4689 τὴν
702 4616 795 4669 τοῦ
836 4615 1027 4669 Ἰακὼϐ
1057 4614 1143 4667 διὰ
1187 4614 1277 4666 τὸν
1294 4613 1490 4684 Ἰωσὴφ
1537 4612 1810 4682 πραθέντα
1835 4615 1914 4676 είς

339 4710 630 4778 Αἴγυπτον.
687 4728 703 4760 ι
733 4708 1000 4778 Μητέρων
1022 4726 1038 4758 ι
1075 4706 1118 4759 δ’
1153 4699 1304 4776 οἶμαι
1335 4725 1353 4755 ‹
1383 4703 1600 4774 ἐνέδρας
1627 4723 1645 4754 ι
1676 4702 1914 4772 ἀναγρά-

342 4817 510 4868 φοντα
547 4801 727 4864 αὑτὸν,
757 4797 948 4870 δηλοῦν
980 4797 1077 4868 τὴν
1120 4796 1435 4859 Ῥεϐέκκαν,
1483 4793 1914 4863 οἰκονομήσασαν

340 4889 440 4952 τὰς
481 4893 574 4946 τοῦ
616 4890 801 4943 Ἰσαάκ
843 4889 1009 4960 εὐχὰς
1047 4887 1121 4958 μὴ
1167 4888 1259 4939 ἐπὶ
1307 4886 1398 4938 τὸν
1438 4883 1628 4945 Ἠσαῦ,
1680 4882 1792 4936 ἀλλ’
1822 4883 1914 4935 ἐπὶ

341 4980 431 5032 τὸν
471 4979 664 5031 Ἰακὼϐ
693 4979 912 5048 φθάσαι.
947 4980 1212 5050 Ἀγχιστα
1242 4977 1297 5030 δὲ
1317 4977 1525 5039 τούτοις
1554 4975 1686 5027 πᾶσι
1714 4989 1915 5044 συμπο-

341 5069 680 5138 λιτευόμενον
705 5069 757 5120 εί
782 5086 958 5137 φαμεν
983 5069 1074 5121 τὸν
1099 5069 1250 5132 Θεὸν,
1275 5068 1327 5119 τί
1347 5068 1545 5120 ἄτοπον
1572 5065 1909 5136 πράσσομεν,

343 5160 650 5230 πειθόμενοι
679 5158 942 5229 μηδέποτε
973 5159 1286 5228 ἀφιστάνειν
1312 5157 1409 5228 τὴν
1441 5156 1632 5210 ἑαυτοῦ
1667 5155 1916 5224 θειότητα

374 5336 396 5344 κ
432 5271 480 5303 ⁸⁸
592 5273 936 5344 Matth,xxr,
969 5275 1106 5344 45._
1169 5274 1214 5305 ⁹⁷
1250 5273 1386 5326 Gen.
1422 5287 1512 5325 xxx
1541 5310 1559 5336 ,
1587 5269 1680 5324 22.

344 5341 520 5402 I"Gen.
550 5358 763 5404 xxxvn,
799 5343 906 5406 ἶνις
954 5399 956 5402 ,
1005 5345 1043 5374 ι’
1069 5341 1203 5396 Gen.
1241 5358 1411 5404 xxvn,
1445 5344 1500 5394 6.

411 5439 521 5515 (ϐξ)
563 5437 872 5515 Ἀσφᾴλτιρ
897 5435 975 5515 δέ.
997 5434 1620 5515 στερῤῶςιέκέχρισζρ..
1656 5433 1730 5486 Ita
1775 5439 1918 5515 recte

342 5503 562 5569 omnino
613 5503 788 5563 codex
837 5507 1185 5560 Basileensis.
1239 5505 1480 5571 Respicit
1528 5503 1790 5571 Origenes
1835 5503 1916 5571 lo-

342 5597 464 5637 cum
491 5581 766 5636 Geneseos
798 5593 909 5639 xvr,
948 5577 1036 5638 Η,
1083 5570 1469 5644 ἀσφαλτὼσεις
1499 5573 1665 5644 αὐτὴν
1710 5570 1914 5644 ἔσωθεν

343 5653 436 5705 καὶ
468 5650 664 5734 ﬁgentia}:
690 5651 766 5734 τῇ
782 5645 1058 5734 ἀσφάλτῳΣ
1111 5641 1176 5734 ιη
1201 5653 1358 5734 antea
1389 5643 1551 5699 editis
1601 5641 1750 5697 libris
1785 5641 1915 5711 leg-i-

350 5731 402 5775 tu
412 5737 458 5791 r_,
483 5714 1019 5791 ἀσφαλτωδεστέρως-
1039 5714 1337 5791 ἐκέχρισῖο-
1470 5785 1480 5791 _
1605 5783 1616 5791 _
1718 5781 1754 5791 ,κ
1823 5781 1833 5791 .

417 5779 528 5864 (65)
560 5779 714 5848 Libb.
759 5779 909 5851 editi,
950 5779 1336 5854 προσαγαγεῖν,
1388 5785 1482 5840 sed
1519 5783 1686 5839 codex
1717 5779 1905 5847 δίδη,

738 5886 1009 5949 Parnm.
1057 5882 1174 5942 Gn.
1211 5881 1319 5942 Xl.

1792 5269 1839 5301 ’⁸
1873 5269 2008 5335 Gen.

2017 1898 2116 1943 ret.
2151 1890 2373 1955 Deinde,
2411 1901 2470 1944 ut
2518 1892 2600 1945 sui
2637 1892 2803 1945 moris
2835 1900 2918 1946 est
2967 1891 3093 1945 ludo
3123 1900 3333 1946 vertere
3376 1899 3588 1945 nostras

2016 1977 2350 2048 Scripturas,
2421 1993 2641 2034 corvum
2707 1982 2762 2036 in
2820 1981 3153 2036 corniculam
3211 1980 3584 2036 transformat.

2015 2068 2150 2123 Tum
2180 2079 2334 2138 putat
2367 2085 2396 2124 a
2428 2070 2630 2140 Moyse,
2665 2073 2758 2140 qui
2794 2074 2910 2127 haec
2940 2073 3180 2142 scripsit,
3226 2072 3586 2126 adulteratam

2016 2161 2473 2230 depravatamque
2520 2163 2691 2217 fuisse
2737 2163 2982 2218 Graecam
3035 2164 3377 2219 Deucalionis
3416 2165 3588 2220 histo-

2019 2251 2152 2302 riam
2207 2268 2220 2303 :
2269 2251 2314 2304 si
2352 2259 2528 2305 tamen
2579 2253 2770 2306 harum
2817 2268 2998 2307 rerum
3051 2254 3373 2322 scriptorem
3420 2255 3587 2310 fuisse

2014 2339 2253 2410 Moysem
2284 2341 2584 2407 existimat,
2637 2350 2692 2396 et
2727 2357 2832 2396 non
2864 2344 3040 2411 potius
3066 2346 3246 2412 plures
3274 2346 3426 2402 alios.
3474 2347 3587 2402 Hoc

2013 2437 2156 2489 enim
2191 2437 2434 2490 indicant
2489 2437 2602 2492 haec
2646 2436 2760 2504 ejus
2796 2440 3028 2493 verba:
3087 2440 3240 2507 «Qua
3279 2442 3331 2495 in
3370 2457 3426 2498 re
3457 2443 3587 2497 nihil

2017 2535 2202 2595 agunt,
2254 2541 2417 2596 quam
2472 2527 2770 2596 depravare
2813 2537 2863 2582 et
2896 2528 3223 2599 interpolare
3250 2531 3589 2589 Deucalionis

2015 2618 2297 2673 ltistoriam
2320 2635 2334 2683 ;
2361 2638 2378 2671 ι
2415 2630 2469 2674 et
2497 2621 2596 2673 ista
2637 2634 2652 2672 :
2689 2619 2914 2689 «Neque
2946 2621 3090 2674 enim
3126 2623 3408 2690 putabant,
3463 2625 3587 2692 epi-

2017 2719 2138 2770 nor,
2173 2707 2286 2761 haec
2318 2707 2372 2760 in
2405 2707 2578 2761 lucem
2619 2722 2738 2762 esse
2769 2710 3069 2776 proditura.
3097 2728 3116 2761 ›
3174 2710 3278 2765 Sed
3319 2715 3590 2780 quomodo

2016 2812 2122 2851 non
2172 2798 2432 2866 putabant
2480 2814 2543 2854 ea
2596 2799 2648 2852 in
2710 2799 2886 2854 lucem
2954 2802 3252 2869 proditura,
3324 2805 3414 2872 qui
3461 2818 3590 2858 suas

2021 2889 2320 2956 scripturas
2369 2888 2632 2943 universae
2682 2891 2828 2957 genti
2861 2891 3078 2958 dabant,
3130 2901 3182 2947 et
3210 2893 3296 2960 qui
3331 2893 3589 2962 praedive-

2016 2977 2146 3031 bant
2197 2975 2311 3031 fore
2363 2989 2423 3031 ut
2469 2979 2655 3034 eadem
2708 2980 2796 3031 illa
2835 2980 3026 3050 religio
3054 2983 3304 3051 gentibus
3333 2985 3585 3038 omnibus

2016 3071 2468 3125 annnntiaretnr?
2503 3072 2567 3125 Et
2595 3073 2732 3126 istud
2763 3072 2886 3127 Jesn
2918 3075 2982 3127 ad
3014 3073 3226 3131 Judaaos
3259 3095 3270 3130 :
3311 3096 3330 3128 ι
3357 3078 3586 3132 Aufere-

2018 3172 2104 3214 tnr
2152 3177 2180 3213 a
2235 3162 2387 3215 vobis
2439 3177 2662 3232 regnum
2698 3163 2788 3217 Dei
2843 3173 2894 3218 et
2945 3166 3162 3220 dabitur
3192 3171 3333 3238 genti
3367 3169 3586 3226 facienti

2018 3253 2226 3307 fructus
2256 3251 2373 3320 ejus
2399 3253 2479 3319 9“,
2505 3273 2523 3305 ι
2563 3254 2688 3322 quid
2720 3255 2865 3310 aliud
2899 3258 3169 3327 signiﬁcat
3215 3275 3374 3328 quam
3406 3261 3589 3316 Judai-

2017 3357 2109 3398 cas
2137 3343 2464 3413 Scripturas,
2514 3360 2634 3413 quae
2687 3347 2837 3414 regni
2897 3347 2987 3402 Dei
3038 3353 3295 3420 mysteria
3341 3355 3589 3409 contine-

2018 3436 2168 3498 bant,
2226 3449 2323 3502 per
2371 3436 2545 3503 ipsum
2605 3436 2784 3489 divina
2813 3439 3160 3503 potestatein
3190 3439 3363 3496 lucem
3402 3445 3588 3511 prodi-

2022 3525 2206 3579 turas?
2250 3524 2512 3578 Nimirum
2563 3541 2686 3580 cum
2737 3542 2766 3580 a
2796 3527 2998 3581 Graecis
3042 3531 3328 3585 conﬁctam
3363 3533 3586 3588 deorum

2020 3615 2391 3685 genealogiam
2445 3615 2840 3684 duodecimque
2895 3618 3118 3671 deorum
3182 3619 3367 3689 legunt
3419 3623 3588 3677 histo-

2022 3706 2153 3771 rias,
2218 3706 2282 3759 iis
2349 3721 2444 3775 per
2493 3706 2780 3775 allegorias
2843 3708 3140 3762 conciliant
3194 3714 3584 3779 reverentiam;

2019 3811 2140 3848 cum
2177 3809 2304 3848 vero
2355 3811 2442 3850 res
2491 3806 2702 3852 nostras
2757 3799 2984 3852 irridere
3035 3800 3188 3865 libet,
3223 3800 3430 3859 fabulas
3467 3819 3588 3858 esse

2021 3885 2168 3936 aiunt
2201 3901 2318 3953 qua:
2347 3886 2586 3954 puerulis
2621 3886 2762 3938 nulla
2795 3895 2914 3941 arte
2943 3899 3250 3944 narrantur.

2091 3976 2180 4029 45.
2209 3976 2342 4045 Cum
2375 3976 2530 4029 nobis
2562 3976 2748 4044 objicit
2783 3996 2801 4028 ι
2824 3978 3112 4032 absurdam
3161 3989 3213 4033 et
3247 3981 3586 4051 intempesti-

2022 4081 2146 4120 vam
2201 4065 2496 4126 liberorum
2562 4069 3036 4136 procreationem,
3085 4087 3103 4120 ι
3163 4071 3416 4141 intelligit
3469 4075 3590 4126 sine

2021 4157 2182 4210 dubio
2214 4157 2487 4210 Abraham
2521 4168 2574 4210 ct
2624 4157 2897 4224 Saram",
2929 4162 3174 4226 quannis
3208 4161 3325 4215 illos
3360 4177 3466 4214 non
3497 4178 3590 4215 no-

2022 4245 2225 4310 minet;
2278 4261 2401 4300 cum
2460 4256 2638 4298 autem
2691 4248 2962 4300 (fratrum
3018 4249 3261 4311 insidias,
3309 4268 3328 4300 ι
3370 4251 3591 4318 respicit

2023 4346 2118 4388 aut
2149 4335 2214 4386 ad
2247 4335 2378 4389 Cain
2410 4336 2637 4387 insidias
2659 4335 2825 4389 Abclo
2861 4338 3171 4390 molientem
3186 4338 3250 4401 ³⁸,
3284 4348 3376 4392 aut
3399 4342 3464 4392 ad
3492 4339 3588 4393 Ja-

2021 4425 2121 4479 cob
2151 4425 2496 4480 insidiantem
2525 4423 2734 4488 Esavo;
2769 4441 2889 4480 cum
2926 4443 2945 4478 ι
2971 4430 3141 4497 patris
3169 4429 3439 4484 tristitiam
3463 4431 3531 4494 θ’,
3565 4445 3584 4484 ι
3687 4414 3694 4420 κ

2023 4516 2229 4571 indicat
2275 4517 2507 4572 fortasse
2540 4518 2815 4572 tristitiam
2863 4519 3031 4574 lsaaci
3064 4521 3130 4574 de
3153 4519 3322 4575 Jacob
3357 4523 3592 4591 peregri-

2022 4605 2241 4659 natione
2255 4605 2346 4668 99',
2368 4605 2601 4661 fortasse
2627 4606 2790 4661 etiam
2811 4608 3082 4663 tristitiam
3099 4607 3284 4664 Jacobi
3299 4609 3593 4678 signiﬁcat,

2021 4705 2246 4765 propter
2286 4694 2484 4766 Joseph
2531 4699 2582 4750 in
2609 4698 2847 4769 ZEgypto
2896 4699 3216 4767 venditum;
3269 4715 3391 4754 cum
3430 4717 3591 4755 una-

2023 4799 2163 4841 trum
2209 4788 2360 4842 dolos
2389 4790 2428 4853 ί,
2453 4807 2472 4840 ι
2535 4787 2832 4843 ltehcccam
2865 4791 3059 4860 Opinor
3101 4790 3275 4845 notari
3308 4801 3589 4846 curantem

2021 4887 2073 4932 et
2107 4879 2273 4933 lsaaci
2309 4880 2715 4934 benedictiones
2761 4897 2866 4935 non
2924 4882 2974 4934 in
3005 4879 3165 4945 Esau,
3200 4881 3296 4936 sed
3346 4881 3400 4936 in
3426 4882 3592 4938 Jacob

2021 4971 2211 5022 cadant
2235 4971 2299 5024 “.
2343 4970 2598 5024 Attamen
2624 4970 2668 5023 si
2704 4972 2946 5026 dicamus
2975 4972 3140 5026 Deum
3166 4972 3219 5026 in
3245 4973 3310 5026 iis
3342 4973 3592 5026 omnibus

2021 5074 2174 5112 suam
2210 5062 2600 5131 interposuisse
2634 5078 2878 5133 operam,
2910 5065 3040 5132 quid
3083 5064 3302 5118 absurdi
3359 5062 3590 5117 facimus

2025 5168 2146 5205 cum
2197 5155 2352 5209 nobis
2389 5171 2487 5223 pro
2518 5166 2666 5212 certo
2695 5158 2766 5211 sit
2811 5156 2953 5212 illius
2982 5156 3050 5210 ab
3081 5157 3146 5210 iis
3176 5170 3449 5233 nunquam
3483 5155 3594 5208 dis-

2059 5283 2130 5334 IV.
2167 5268 2221 5323 8.
2336 5272 2380 5302 ⁹⁹
2411 5271 2545 5326 Gen.
2599 5288 2744 5327 xxvn
2775 5311 2790 5337 ,
2824 5271 2911 5324 41.
3025 5269 3092 5300 ³⁸·
3125 5267 3264 5323 Gen.
3302 5281 3494 5330 xxvm,
3521 5264 3588 5331 τις

2019 5442 2372 5504 προαγαγεῖν,
2405 5442 2624 5486 rectius.

2090 5502 2200 5572 (64)
2229 5501 2593 5572 Hceschelius,
2618 5500 2712 5572 τοῦ
2755 5495 2948 5572 Ἰακὼϐ
2994 5493 3188 5572 μᾶλλον
3214 5493 3498 5572 έπιδημξᾳ,
3536 5501 3593 5572 at

2017 5562 2415 5639 coddaﬂegins
2465 5581 2520 5622 et
2563 5566 2906 5639 Basileensis,
2951 5562 3047 5615 τοῦ
3087 5562 3281 5639 Ἰακὼϐ
3312 5562 3594 5639 ἀποδημίᾳ.

2019 5642 2256 5705 rectius;
2293 5631 2466 5706 neque
2509 5639 2650 5691 enim
2685 5637 2838 5706 video
2869 5647 2976 5703 quo
3005 5643 3165 5703 pacto
3191 5633 3297 5703 hic
3325 5631 3406 5697 τὸ,
3458 5631 3596 5702 μᾶλ-

2015 5712 2126 5774 λον,
2159 5710 2334 5765 locum
2361 5705 2562 5763 habere
2594 5705 2785 5776 possit.

3218 5860 3298 5918 35
