3986 6164
400 325 540 384 1091)

1809 303 2132 362 ORIGENIS

3496 294 3636 350 H00

402 447 602 500 cedere
630 441 988 501 divinitatem,
1023 436 1112 505 qui
1150 433 1224 487 illi
1256 433 1476 486 honesta
1511 427 1616 480 vita
1651 433 1968 480 constanter

2083 421 2177 473 τῶν
2206 421 2342 491 μετὰ
2369 419 2460 472 τοῦ
2489 419 2666 481 καλῶς
2694 416 2787 470 καὶ
2815 413 3138 486 ἐρρωμένως
3169 410 3314 482 βιοῦν
3336 407 3483 478 αὐτῷ
3506 410 3638 464 ἀνα-

404 531 1158 592 adliterescunt?Subsannat
1209 523 1370 578 etiam
1421 519 1677 574 «divitias
1723 532 1752 570 a
1797 514 1964 568 Jacob

405 629 548 698 apud
609 626 796 679 Laban
843 625 1191 687 comparatas
1220 631 1232 667 :
1261 631 1279 663 ι
1336 612 1556 680 ignarus
1605 622 1710 677 quo
1758 613 1966 675 spectet

405 721 547 773 istud
579 735 592 770 :
631 735 650 767 ι
673 715 837 768 Erant
863 724 991 765 oves
1028 708 1213 761 Laban
1249 702 1531 772 ignobiles,
1567 699 1750 754 Jacobi
1782 704 1962 749 autem

404 809 610 864 nobiles
635 808 680 869 ',
711 823 728 856 ι
760 803 1014 868 additque
1051 817 1069 849 ι
1096 797 1260 850 Deum
1295 795 1407 847 suis
1435 792 1642 846 dedisse
1671 787 1794 841 ﬁliis
1821 784 1963 838 asel-

405 906 504 968 los,
534 914 662 956 oves
691 906 746 952 et
773 892 1026 949 camelos.
1061 909 1079 940 ι
1121 887 1226 943 Sed
1262 901 1366 939 non
1400 882 1614 937 videbat
1665 897 1683 930 t
1708 881 1822 934 haec
1851 891 1966 931 om-

405 1001 494 1054 nia
544 997 595 1050 in
649 993 817 1060 ﬁgura
857 985 1149 1054 contigisse
1191 980 1339 1044 illis;
1379 979 1583 1044 scripta
1634 982 1811 1026 autem
1846 983 1966 1024 esse

405 1097 628 1162 propter
679 1097 800 1148 nos,
866 1081 920 1133 in
973 1090 1111 1145 quos
1162 1073 1296 1125 lines
1365 1067 1684 1123 saeculorum
1734 1065 1966 1116 devene-

406 1152 530 1235 runt
553 1178 594 1233 ³.
616 1195 633 1226 ι
671 1174 896 1241 Propter
925 1182 1041 1231 nos,
1073 1165 1314 1232 inquam,
1350 1158 1488 1228 apud
1512 1170 1649 1225 quos
1687 1152 1821 1205 varii
1855 1165 1969 1203 mo-

407 1285 516 1336 res,
545 1265 751 1322 nobiles
783 1260 930 1322 facti,
961 1272 990 1310 a
1026 1255 1203 1310 Verbo
1232 1251 1326 1306 Dei
1368 1258 1646 1319 reguntur,
1694 1255 1748 1298 et
1773 1245 1968 1298 dantur

406 1365 462 1415 in
491 1356 884 1429 possessionem
911 1351 959 1404 ei
988 1347 1078 1417 qui
1115 1345 1340 1414 ﬁgurate
1368 1350 1591 1394 vocatur
1619 1335 1966 1401 Jacob._Nam

406 1426 523 1519 qua:
554 1451 618 1502 de
649 1445 831 1500 Laban
881 1450 935 1495 et
963 1437 1130 1493 Jacob
1177 1433 1376 1499 scripta
1411 1438 1555 1492 sunt,
1591 1426 1970 1496 signiﬁcabant

403 1558 498 1597 eos
548 1541 637 1609 qui
690 1544 813 1592 sunt
860 1548 892 1588 e
942 1528 1190 1601 gentibus
1239 1527 1399 1580 ﬁdem
1449 1524 1501 1577 in
1533 1521 1807 1575 Cbriswm
1849 1532 1967 1570 am-

407 1630 570 1700 plexi.

481 1719 639 1790 537
672 1715 759 1769 44.
783 1715 852 1768 At
877 1710 1069 1766 Celsus
1095 1724 1122 1762 a
1149 1715 1329 1762 mente
1356 1703 1764 1772 Scripturarum
1803 1697 1970 1766 longe

410 1789 651 1866 remotus
679 1806 755 1860 ait
784 1823 801 1856 t
824 1805 990 1858 Deum
1017 1808 1211 1870 puteos
1271 1795 1436 1849 etiam
1485 1791 1648 1862 jnstis
1693 1789 1923 1843 dedisse.
1949 1804 1966 1836 ι

409 1903 520 1957 Nec
558 1899 700 1954 enim
747 1892 1058 1950 observavit
1105 1889 1282 1954 iustos
1345 1899 1449 1938 non
1502 1893 1820 1947 comparare
1868 1877 1970 1931 sibi

409 1994 618 2056 foveas,
652 1986 745 2042 sed
776 1985 961 2040 fodere
1003 1990 1196 2050 puteos
1243 1987 1295 2032 et
1328 1975 1437 2030 alte
1478 1974 1529 2026 in
1561 1981 1702 2025 terra
1732 1979 1974 2037 quaerere

412 2082 824 2155 poeulentarum
851 2087 1112 2144 aquarum
1145 2068 1528 2137 scaturiginetn
1550 2065 1609 2129 ις
1649 2063 1849 2131 quippe
1883 2059 1970 2127 qui

413 2154 642 2244 ﬁgurate
699 2170 978 2237 accipiunt
1037 2170 1361 2234 prmceptum
1422 2158 1562 2211 hoc:
1597 2175 1614 2206 ι
1643 2154 1775 2206 Bibe
1805 2165 1973 2218 aquas

309 2275 317 2288 ‘
413 2280 474 2317 ex
509 2261 653 2314 vasis
707 2258 838 2321 tuis,
875 2264 931 2308 et
970 2269 999 2306 e
1046 2260 1335 2320 puteorum
1397 2257 1610 2298 tuorum
1671 2237 1849 2300 fonte;
1906 2249 1973 2290 ne

409 2349 918 2424 supereﬂ‘undantur
949 2356 1102 2411 aqua:
1135 2355 1166 2394 e
1196 2338 1343 2391 fonte
1391 2343 1503 2398 tuo,
1553 2331 1646 2384 sed
1684 2341 1838 2396 aquae
1869 2336 1973 2378 tua:

412 2418 618 2497 in'tuas
650 2439 856 2509 plateas
903 2433 1240 2488 derivcntur.
1294 2424 1506 2479 Habeto
1557 2436 1650 2476 eas
1701 2418 1869 2479 solus,
1920 2423 1974 2468 et

411 2549 568 2588 nemo
617 2530 825 2583 alienus
859 2525 927 2579 sit
957 2521 1229 2591 particeps
1272 2517 1448 2571 tui'.»
1493 2512 1650 2581 Saepe
1689 2511 1835 2564 veris
1887 2507 1973 2561 hi-

412 2624 598 2680 storiis
648 2619 930 2687 Scriptura
978 2613 1170 2674 utitur,
1204 2617 1266 2664 ut
1319 2622 1409 2662 res
1461 2603 1679 2674 majoris
1714 2598 1973 2655 momenti

415 2713 732 2780 altiorisque
769 2705 984 2763 consilii
1017 2689 1671 2773 signiﬁcet/Huiusmodi
1699 2699 1824 2744 sunt
1855 2703 1974 2758 quae

417 2806 482 2859 de
512 2779 710 2871 puteis,
745 2801 811 2854 de
845 2795 1129 2866 conjugiis,
1165 2793 1232 2845 de
1267 2787 1434 2842 variis
1477 2786 1748 2851 iustorum
1801 2779 1976 2834 uxori-

413 2898 517 2950 bus
549 2897 954 2949 memorantur;
987 2898 1105 2952 quaa
1135 2879 1315 2935 omnia
1350 2873 1709 2946 opportunius
1736 2869 1972 2938 explica-

415 2986 578 3049 verit,
609 2980 700 3049 qui
732 2971 1159 3032 commentarios
1201 2969 1253 3020 in
1294 2967 1380 3019 illa
1430 2971 1740 3039 componet.
1778 2961 1978 3014 Puteos

417 3085 598 3130 autem
631 3089 658 3124 a
686 3068 848 3138 jnstis
897 3065 1061 3117 fuisse
1089 3060 1416 3120 elaboratas,
1453 3063 1508 3108 ut
1535 3055 1589 3106 in
1619 3051 1813 3106 Genesi
1841 3051 1977 3102 scri-
2008 3093 2050 3138 Ρ

417 3177 565 3236 ptum
613 3161 757 3222 est“,
789 3156 992 3212 indicio
1031 3161 1156 3208 sunt
1192 3149 1336 3218 pulei
1379 3146 1454 3200 illi
1491 3141 1858 3201 admirabiles,
1889 3143 1978 3207 qui

417 3233 558 3329 apud
588 3253 907 3311 Ascalonem
937 3245 1322 3307 ostenduntur,
1357 3239 1557 3307 quique
1599 3235 1668 3290 ob
1705 3233 1976 3310 insolitam

417 3353 794 3413 diversamque
844 3356 873 3394 a
921 3337 1140 3407 reliquis
1191 3333 1369 3403 puteis
1426 3329 1655 3383 formam
1718 3325 1977 3379 memoria

417 3443 566 3509 digni
599 3448 748 3492 sunt.
780 3432 934 3500 Quod
981 3430 1046 3484 ad
1096 3439 1294 3480 uxores
1322 3421 1590 3492 legitimas
1653 3427 1707 3472 et
1755 3415 1980 3469 ancillas

420 3535 634 3598 attinet,
685 3528 738 3583 id
783 3537 997 3594 quoque
1063 3533 1224 3574 sensu
1287 3512 1622 3582 tropologico
1673 3523 1795 3562 esse
1839 3507 1983 3560 acci-

419 3623 698 3693 piendum,
738 3631 843 3670 non
886 3614 1164 3667 inventum
1211 3615 1454 3661 nostrum
1513 3610 1616 3666 est,
1668 3601 1761 3652 sed
1804 3598 1856 3652 id
1889 3599 1983 3650 do-

422 3692 583 3770 euere
619 3707 894 3778 sapientes
923 3703 1016 3772 qui
1048 3707 1174 3754 ante
1209 3712 1306 3751 nos
1344 3695 1582 3749 fuerunt.
1613 3692 1815 3746 Horum
1841 3702 1980 3742 unus

425 3802 729 3856 auditorem
783 3795 1000 3864 erigens
1047 3791 1114 3844 ad
1177 3786 1515 3857 tr0pologias
1566 3784 1645 3837 sic
1697 3781 1977 3851 loquitur:

428 3910 445 3941 σ
473 3890 644 3944 Dicite
678 3885 810 3938 mihi
850 3897 947 3936 vos
976 3881 1065 3949 qui
1096 3881 1270 3948 legem
1305 3876 1506 3945 legitis,
1539 3874 1713 3944 legem
1759 3887 1866 3926 non
1905 3871 1986 3924 in-

423 3978 700 4050 telligitis?
737 3974 1009 4042 Scriptum
1048 3980 1132 4024 est
1187 3968 1352 4031 enim,
1404 3965 1658 4033 quoniam
1706 3962 1981 4016 Abrabatn

422 4043 569 4128 duos
600 4068 737 4122 ﬁlios
773 4063 994 4124 habuit,
1046 4073 1210 4112 unum
1275 4056 1339 4110 de
1390 4052 1584 4107 ancilla
1633 4059 1688 4104 et
1715 4043 1886 4113 unum
1916 4048 1984 4103 de

420 4165 621 4228 libera;
672 4157 765 4214 sed
842 4155 930 4223 qui
995 4153 1060 4207 de
1120 4147 1316 4204 ancilla
1395 4143 1690 4200 secundum
1763 4156 1982 4195 carnem

422 4265 583 4309 natus
629 4261 750 4307 est:
803 4247 893 4316 qui
943 4253 1124 4298 autem
1177 4244 1244 4294 de
1299 4237 1492 4300 libera,
1546 4247 1641 4302 per
1695 4230 1985 4300 repromis-

421 4348 664 4408 sionent;
719 4354 840 4409 qua:
886 4344 1016 4392 sunt
1070 4347 1167 4401 per
1230 4327 1548 4396 allegoriam
1613 4323 1755 4377 dicta
1803 4339 1817 4374 :

411 4439 565 4492 'enitn
594 4442 721 4488 sunt
749 4433 854 4485 duo
889 4432 1238 4482 testamenta.
1280 4418 1453 4473 Unum
1484 4415 1706 4486 quidem
1741 4428 1768 4465 a
1803 4420 1986 4466 monte
2017 4421 2060 4475 Ι)

421 4532 572 4594 Sina,
603 4528 656 4581 in
697 4525 1013 4580 servitutem
1071 4527 1376 4587 generans;
1430 4525 1552 4580 quae
1602 4516 1686 4561 est
1733 4505 1930 4574 Agar'.
1959 4522 1978 4554 ι

421 4623 488 4677 Ει
523 4619 682 4690 paulo
721 4624 842 4684 post
871 4631 883 4665 :
915 4631 932 4663 ι
963 4609 1057 4663 Illa
1092 4615 1274 4661 autem
1309 4617 1429 4671 quae
1465 4613 1687 4654 sursum
1714 4605 1797 4650 est
1821 4593 1982 4648 Jeru-

423 4685 615 4775 salem,
676 4709 844 4763 libera
898 4713 1000 4769 est,
1060 4714 1180 4768 quae
1243 4704 1326 4751 est
1372 4703 1546 4748 mater
1595 4686 1882 4744 nostras.»
1921 4685 1988 4737 Et

425 4801 674 4873 quisquis
729 4797 966 4851 voluerit
1014 4795 1067 4848 in
1117 4803 1309 4844 manus
1358 4795 1574 4839 sumere
1639 4781 1706 4833 ad
1762 4775 1986 4830 Galatas

423 4867 742 4964 Epistulam,
766 4890 902 4945 sciet
928 4901 1034 4956 qua
1063 4885 1272 4938 ratione
1313 4893 1409 4949 per
1451 4874 1774 4942 allegoriam
1815 4867 1992 4935 expli-

425 4985 601 5043 canda
651 4981 758 5036 sint
799 4993 919 5047 quae
958 4977 1022 5030 de
1060 4970 1320 5042 legitimis
1367 4965 1626 5020 uxoribus
1670 4969 1725 5014 et
1780 4956 1993 5012 ancillis
2102 4964 2259 5020 μενος

425 5082 651 5132 narrant
684 5069 1003 5137 Scriptum,
1033 5078 1152 5132 quae
1195 5058 1336 5128 quod
1379 5065 1705 5123 corporeum
1751 5062 1872 5102 esse
1913 5046 1990 5098 vi-

496 5234 515 5263 '
545 5230 681 5285 Gen.
713 5241 840 5287 xxx,
878 5220 968 5274 45.
1081 5212 1303 5287 ‘lCor.
1330 5225 1387 5274 κ,
1424 5210 1512 5260 Η.

423 5304 482 5359 2|
523 5283 578 5355 et
608 5312 760 5366 seqq.
830 5283 836 5287 '
894 5287 1076 5343 “ibid.
1111 5283 1200 5336 εδ.
1518 5309 1522 5314 -

497 5455 607 5529 (65)
639 5448 890 5529 Γῆνλιαι
922 5437 1264 5529 ﬁeri???”
1289 5422 1849 5529 “caetratis.
1877 5421 1982 5529 59.:

429 5493 659 5580 ιιιεϊόῖίο⁵
680 5493 1292 5576 s'é'riiiléﬁﬁiﬁ"iidctur,
1321 5493 1501 5573 πηγὴν
1543 5493 1643 5551 και
1675 5493 1849 5564 ἀρχὴν
1877 5493 1985 5542 τῶν

429 5597 670 5665 ποτίμων
703 5589 936 5665 ,ὑδάτωνπ

657 5656 968 5732 l.ibb._etliti
1002 5654 1063 5732 in.
1091 5649 1349 5732 margine,
1383 5642 1692 5732 γενόμενος,
1732 5630 1893 5710 male.

525 5668 611 5732 66)
657 5668 810 5715 Libb.
841 5668 968 5710 eum
1002 5670 1052 5706 In
1091 5668 1349 5719 margine,
1383 5668 1692 5712 γενόμενος,

503 5668 610 5806 (67)
652 5733 746 5782 Ἐν
774 5726 847 5795 τῇ
891 5722 1232 5780 Ἀσκάλωνι.
1281 5717 1483 5772 Forsan
1519 5711 1804 5785 _0rigenes
1855 5701 1987 5756 istos

1619 5204 1639 5233 ³⁵
1667 5202 1802 5256 Gen.
1839 5213 1986 5264 xxvr,
2022 5194 2113 5248 15.

2072 513 2336 581 κειμένων
2362 528 2376 575 ;
2421 509 2704 580 Ἑχλεύασε
2749 508 2804 560 δὲ
2837 525 2855 557 t
2880 506 2974 576 τὴν
3003 502 3150 574 παρὰ
3192 501 3271 570 τῷ
3299 499 3482 554 Λάϐαν
3507 498 3642 570 κτῆ-

2072 619 2154 654 σιν
2184 601 2276 653 τοῦ
2318 599 2686 668 Ἰακὼ6,›(μὴ
2733 600 2929 668 νοήσας
2979 596 3073 647 ἐπὶ
3103 595 3154 645 τί
3198 592 3520 660 ἀναφέρεται
3553 589 3641 652 τὸ,

2076 712 2093 742 ‹
2119 693 2229 746 Kat
2271 688 2338 762 ἦν
2369 693 2434 743 τὰ
2465 693 2651 760 ἄσημα
2691 689 2784 741 τοῦ
2833 686 3036 752 Λάϐαν,
3068 684 3135 737 τὰ
3182 683 3238 736 δὲ
3273 682 3514 751 ἐπίσημα
3543 679 3642 732 τοῦ

2084 783 2354 852 Ἰακὼ6,ι)
2402 783 2494 835 καί
2519 797 2649 850 φησι
2698 799 2716 830 ‹
2744 780 2834 832 τὸν
2865 779 2996 831 Θεὸν
3025 778 3135 840 τοῖς
3164 776 3299 837 υίοῖς
3331 773 3519 843 ὀνάρια
3546 771 3644 823 καὶ

2073 874 2319 946 πρόϐατα
2347 874 2440 928 καὶ
2470 873 2746 942 καμήλους
2771 867 3132 940 δεδωρῆσθαι·
3166 885 3183 916 ι
3234 865 3326 918 καὶ
3349 863 3450 932 οὐχ
3475 861 3642 932 ἐώρα,

2078 985 2094 1015 ι
2123 967 2203 1018 ὅτι
2256 965 2430 1018 πάντα
2502 962 2673 1016 ταῦτα
2720 960 2960 1024 τυπικῶς
3023 957 3328 1011 συνέόαινεν
3395 954 3642 1014 ἐκείνοις,

2073 1058 2282 1127 ἐγράφη
2311 1056 2366 1108 δὲ
2388 1057 2454 1108 δι’
2484 1055 2648 1124 ἡμᾶς,
2679 1054 2758 1115 είς
2800 1051 2892 1115 οὒς
2918 1051 2984 1103 τὰ
3012 1048 3138 1118 τέλη
3164 1047 3271 1099 τῶν
3305 1043 3513 1098 αἰώνων
3547 1060 3647 1094 κα-

2073 1149 2302 1218 τήντησε
2328 1163 2340 1176 ·
2370 1165 2387 1197 ι
2424 1147 2552 1216 παρ’
2579 1139 2660 1208 οἷς
2707 1143 2775 1195 τὰ
2807 1140 3023 1195 ποικίλα
3067 1138 3194 1209 ἤθη,
3232 1136 3475 1204 ἐπίσημα
3499 1133 3648 1200 γινό-

2078 1254 2231 1307 μενα,
2281 1235 2357 1306 τῷ
2386 1235 2526 1304 λόγῳ
2553 1231 2644 1286 τοῦ
2694 1229 2827 1283 Θεοῦ
2860 1227 3212 1288 πολιτεύεται,
3255 1223 3476 1276 δοθέντα
3511 1221 3646 1291 κτῆ-

2078 1345 2158 1389 σις
2190 1326 2265 1396 τῷ
2314 1324 2586 1397 τροπικῶς
2629 1320 2946 1390 καλουμένῳ
2983 1316 3193 1371 Ἰακώϐ.
3232 1314 3363 1367 Ἀπὸ
3407 1311 3517 1383 γὰρ
3539 1311 3648 1362 τῶν

2075 1417 2242 1471 ἐθνῶν
2289 1418 2338 1469 οἱ
2380 1417 2460 1478 είς
2503 1415 2662 1468 αὑτὸν
2699 1410 3043 1471 πιστεύοντες
3089 1405 3370 1476 ἐδηλοῦντο
3412 1404 3503 1456 διὰ
3542 1402 3649 1454 τῶν

2077 1505 2574 1576 ἀναγεγραμμένων
2599 1505 2727 1572 περὶ
2747 1502 2928 1556 Λάϐαν
2961 1501 3055 1554 καὶ
3075 1497 3292 1552 Ἰακώϐ.

2146 1679 2342 1754 uappa
2373 1679 2428 1731 δὲ
2465 1676 2744 1746 τυγχάνων
2779 1673 2870 1726 τοῦ
2907 1670 3242 1742 βουλήματος
3265 1667 3372 1719 τῶν
3401 1681 3650 1735 γεγραμ-

2004 1767 2044 1819 Β
2079 1772 2276 1844 μένων,
2311 1771 2445 1838 φησὶ
2491 1768 2624 1818 «τὸν
2675 1764 2806 1817 Θεὸν
2856 1763 2951 1814 καὶ
3000 1761 3209 1832 φρέατα
3257 1761 3369 1820 τοῖς
3417 1756 3652 1816 δικαίοις

2074 1862 2382 1917 δεδωκέναι.
2409 1878 2427 1911 ι
2480 1859 2554 1911 Οὐ
2614 1855 2722 1927 γὰρ
2769 1856 3054 1924 ἐτήρησεν,
3085 1853 3166 1904 ὅτι
3199 1851 3246 1902 οἱ
3280 1850 3478 1902 δίκαιοι
3521 1847 3652 1898 λάκ-

2076 1971 2204 2015 κους
2235 1954 2331 2023 μέν
2372 1951 2431 2003 οὐ
2478 1945 2967 2008 κατασκευάζουσι,
3002 1943 3210 2014 φρέατα
3243 1941 3299 1992 δέ
3331 1939 3648 2009 ὀρύσσουσι,

2076 2046 2172 2114 τὴν
2207 2042 2616 2112 ἐνυπάρχουσαν
2644 2038 2746 2107 γῆν
2770 2036 2863 2089 καὶ
2900 2033 3074 2104 ἀρχὴν
3098 2031 3206 2084 τῶν
3237 2029 3483 2099 ποτίμων
3513 2029 3650 2095 ἀγα-

2078 2133 2184 2187 θῶν
2218 2132 2328 2203 (65)
2358 2129 2596 2199 ἐξευρεῖν
2623 2125 2927 2196 ζητοῦντες,
2966 2125 3061 2176 are
3088 2121 3180 2175 καὶ
3210 2119 3477 2191 τροπικὴν
3513 2118 3651 2186 λαμ-

2080 2223 2328 2283 ϐάνοντες
2350 2217 2588 2289 ἐντολὴν,
2621 2215 2717 2285 τὴν
2745 2214 3058 2282 φάσκουσαν
3079 2230 3092 2242 ·
3133 2230 3149 2262 ι
3172 2213 3301 2262 Πῖνε
3345 2208 3515 2260 mea
3547 2204 3651 2259 ἀπὸ

2080 2314 2186 2367 σῶν
2233 2311 2489 2380 ἀγγείων,
2545 2308 2638 2361 καὶ
2685 2306 2792 2358 ἀπὸ
2843 2305 2950 2357 σῶν
3005 2304 3254 2374 φρεάτων
3299 2301 3518 2371 πηγῆς·
3580 2297 3651 2368 μὴ

2080 2398 2485 2471 ὐπερεκχείσοω
2534 2413 2614 2448 σοι
2670 2395 2835 2447 ὕδατα
2864 2393 2966 2458 ἔξω
2994 2385 3092 2461 τῆς
3127 2392 3225 2460 σῆς
3264 2391 3466 2460 πηγῆς,
3491 2389 3576 2449 εἰς
3598 2386 3652 2438 δέ

2080 2491 2176 2552 σὰς
2204 2487 2458 2549 πλατείας
2494 2484 2894 2555 διαπορευέσθω
2921 2482 2988 2534 τὰ
3033 2481 3100 2534 σά
3143 2479 3326 2532 ὕδατα.
3354 2480 3541 2531 Ἔστω
3576 2493 3652 2528 σοι

2084 2581 2228 2650 μόνῳ
2273 2577 2605 2648 ὑπάρχοντα,
2651 2574 2745 2627 καὶ
2794 2573 2981 2643 μηδεὶς
3017 2571 3291 2642 ἀλλότριος
3334 2564 3652 2638 μετασχέτω

2082 2689 2182 2724 σοι.
2211 2689 2228 2720 ι
2254 2666 2527 2737 Πολλαχοῦ
2555 2666 2611 2718 δέ
2642 2664 2904 2735 ἱστορίαις
2927 2661 3241 2730 γενομέναις
3269 2658 3378 2729 (66)
3409 2673 3651 2727 συγχρη-

2083 2763 2314 2832 σάμενος
2361 2761 2389 2811 ό
2429 2758 2586 2824 λόγος
2624 2754 2928 2825 ἀνέγραψεν
2975 2751 3143 2814 αὐτὰς
3190 2752 3268 2811 εἰς
3310 2749 3653 2820 παράστασιν

2085 2851 2343 2923 μειζόνων
2377 2849 2470 2902 καὶ
2505 2849 2561 2899 ἐν
2595 2845 2819 2914 ὑπονοίᾳ
2839 2842 3209 2914 δηλουμένωνο
3232 2839 3391 2892 ὁποῖά
3411 2840 3532 2890 ἐστι
3565 2836 3653 2888 καὶ

2080 2943 2150 2995 τὰ
2184 2942 2311 3011 crept
2349 2938 2418 2990 τά
2465 2937 2694 3007 φρέατα,
2730 2932 2916 2987 καὶτὰ
2949 2933 3077 3002 crept
3125 2931 3250 2992 τοὺς
3300 2929 3537 2999 γάμους,
3565 2927 3653 2980 καὶ

2084 3034 2182 3096 τὰς
2215 3031 2498 3100 διαφόρους
2531 3027 2704 3097 μίξεις
2727 3025 2833 3077 τῶν
2868 3024 3118 3076 δικαίων·
3153 3021 3280 3090 crept
3308 3016 3382 3072 ῶν
3405 3019 3654 3089 εὐκαιρό-

2083 3143 2238 3197 τερον
2269 3129 2326 3178 ἐν
2362 3125 2471 3184 τοῖς
2501 3123 2580 3183 είς
2608 3117 2746 3172 αὐτὰ
2781 3117 2962 3168 ἐκεῖνα
2995 3114 3333 3184 ἐξηγητικοῖς
3362 3129 3444 3173 τις
3473 3127 3652 3178 σαφη-

2084 3219 2246 3283 νίζειν
2294 3215 2632 3286 πειράσεται.
2665 3211 2785 3261 Ὅτι
2829 3207 2885 3259 δὲ
2922 3206 3016 3258 καὶ
3059 3204 3266 3275 φρέατα
3310 3205 3368 3256 ἐν
3396 3205 3467 3272 γῇ
3506 3201 3652 3253 Φιλι-

2088 3307 2307 3360 στιαίων
2355 3300 2790 3358 κατεσκεύασται
2843 3296 2948 3348 ὑπὸ
2975 3293 3084 3346 τῶν
3115 3293 3358 3354 δικαίων,
3389 3291 3464 3354 ὡς
3493 3293 3557 3343 ἐν
3588 3293 3651 3360 τῇ

2081 3398 2295 3450 Γενέσει
2371 3393 2805 3463 ἀναγέγραπται,
2835 3385 2989 3456 δῆλον
3016 3386 3080 3436 ἐκ
3125 3383 3231 3435 τῶν
3289 3382 3651 3450 δεικνυμένων

2085 3490 2142 3541 ἐν
2201 3491 2267 3558 τῇ
2334 3484 2628 3538 Ἀσκάλωνι
2686 3478 2796 3550 (67)
2848 3473 3172 3547 θαυμαστῶν
3231 3473 3502 3542 φρεάτων,
3557 3471 3651 3523 καὶ

2091 3578 2328 3651 ἱστορίας
2360 3576 2524 3638 ἀξίων
2553 3570 2640 3625 διὰ
2664 3570 2724 3622 τὸ
2756 3568 2901 3633 ξένον
2942 3565 3037 3617 καὶ
3074 3561 3528 3633 παρηλλαγμένον
3557 3560 3652 3628 τῆς

2087 3669 2432 3737 κατασκευῆς
2462 3666 2536 3727 ὡς
2573 3662 2710 3732 πρὸς
2747 3658 2817 3712 τὰ
2849 3657 3014 3709 λοιπὰ
3048 3654 3277 3725 φρέατα.
3323 3652 3562 3720 Νύμφας
3596 3666 3650 3702 τε
3746 3670 3754 3681 ·
3841 3674 3848 3681 -

2084 3765 2180 3817 καὶ
2221 3757 2601 3831 θεραπαινίδας
2655 3748 2950 3818 ἀνάγεσθαι
2993 3747 3084 3799 ἐπὶ
3128 3745 3502 3816 τροπολογίαν,
3558 3743 3650 3812 οὐχ

2087 3858 2244 3927 ἡμεῖς
2274 3851 2618 3918 διδάσκομεν,
2650 3844 2762 3896 ἀλλ’
2793 3838 2997 3894 ἄνωθεν
3027 3837 3135 3890 ἀπὸ
3179 3835 3356 3904 σοφῶν
3405 3833 3652 3905 παρειλήο

2088 3919 2266 4014 (ραμεν
2289 3957 2301 3969 ·
2331 3933 2405 3991 ὧν
2448 3931 2526 3996 εἷς
2556 3950 2638 3995 τις
2679 3931 2903 4000 ἔφασκε,
2933 3926 3213 3996 διεγείρων
3244 3923 3335 3975 τὸν
3380 3919 3650 3991 ἀκροατὴν

2198 4023 2549 4100 τροπολογίας
2567 4039 2579 4051 ·
2619 4039 2636 4070 t
2661 4017 2858 4085 Λέγετέ
2889 4032 2976 4086 μοι
3005 4015 3052 4067 οἱ
3080 4014 3167 4066 τὸν
3197 4013 3359 4081 νόμον
3387 4003 3648 4074 ἀναγινώ-

2091 4097 2309 4182 σκοντες
2335 4117 2466 4188 (68),
2493 4105 2584 4167 τὸν
2612 4115 2771 4183 νόμον
2799 4111 2897 4162 οὐκ
2920 4107 3143 4161 ἀκούετε
3161 4120 3175 4168 ;
3193 4101 3502 4172 Γέγραπται
3524 4097 3648 4165 γὰρ,

2089 4218 2171 4269 ὅτι
2203 4215 2231 4266 ὁ
2271 4187 2520 4281 Ἀϐραὰμ
2553 4205 2647 4258 δύο
2687 4203 2834 4264 υἱοὺς
2880 4199 3063 4268 ἔσχεν·
3096 4197 3189 4248 ἕνα
3223 4195 3286 4245 ἐκ
3329 4192 3426 4261 τῆς
3479 4187 3653 4239 παιδί-

2090 4324 2246 4376 σκης,
2265 4306 2358 4358 καὶ
2375 4280 2471 4354 Eva
2489 4301 2552 4352 ἐκ
2563 4298 2661 4366 τῆς
2676 4294 2983 4363 ἐλευθέρας.
3003 4288 3140 4342 Ἀλλ’
3155 4289 3183 4339 ὁ
3199 4285 3294 4354 μὲν
3310 4284 3372 4334 ἐκ
3390 4280 3488 4348 τῆς
3515 4292 3653 4332 παι-

2089 4367 2278 4468 δίσκης
2314 4393 2454 4448 κατὰ
2488 4392 2665 4460 σάρκα
2710 4385 3048 4454 γεγέννηται,
3079 4382 3107 4432 ὁ
3127 4379 3183 4431 δέ
3214 4379 3277 4428 ἐκ
3317 4375 3416 4443 τῆς
3447 4367 3652 4423 ἐλευθέ-

2094 4508 2190 4563 ρας
2215 4462 2301 4541 atat
2327 4487 2424 4556 τῆς
2443 4479 2768 4549 ἐπαγγελίας
2789 4494 2801 4506 ·
2837 4474 2994 4529 άτινά
3014 4476 3158 4525 ἐστιν
3193 4462 3648 4536 ἀλληγορούμενα.

2091 4552 2259 4637 Ᾰῦται
2288 4552 2396 4647 γάρ
2423 4577 2560 4626 εἰσιν
2593 4573 2646 4624 αἱ
2681 4569 2772 4622 δύο
2797 4567 3077 4636 διαθῆκαι·
3116 4561 3211 4632 μία
3241 4558 3334 4628 μέν
3366 4553 3471 4608 ἀπὸ
3501 4552 3652 4620 ὅρους

2096 4674 2244 4735 Σινᾶ,
2270 4637 2347 4731 είς
2366 4637 2626 4718 ’δουλείαν
2657 4659 2919 4728 γεννῶσα,
2951 4656 3072 4724 ἣτις
3105 4653 3250 4703 ἐστιν
3279 4649 3475 4713 Ἀγαρ.
3503 4660 3520 4692 ι
3552 4637 3652 4692 Καὶ

2101 4765 2213 4837 μετ’
2233 4733 2426 4828 (ὀλίγα,
2478 4775 2495 4806 t
2547 4755 2609 4806 Ἠ
2637 4752 2692 4804 δέ
2715 4751 2843 4813 ἄνω,
2885 4746 3066 4815 φησὶν,
3122 4737 3471 4813 Ἰερουσαλὴμ
3514 4733 3653 4785 ἐλευ-

2099 4821 2230 4927 θέρα
2274 4821 2443 4910 ἐστιν,
2476 4848 2598 4917 ἥτις
2645 4844 2762 4896 ἐστὶ
2812 4841 2992 4911 μήτηρ
3050 4833 3263 4904 ἡμῶν.»
3306 4830 3364 4880 Ὀ
3391 4827 3444 4878 δέ
3477 4821 3652 4895 βουλό*

2287 4943 2468 4996 λαϐεῖν
2501 4912 2608 5008 (69)
2641 4935 2738 5003 τὴν
2767 4930 2901 5000 πρὸς
2935 4925 3178 4984 Γαλάτας
3209 4915 3495 4985 ἐπιστολὴν
3518 4912 3653 4965 εἷσε-

2099 5005 2185 5093 ται
2217 5005 2338 5088 τίνα
2372 5005 2568 5101 τρόπον
2593 5005 2967 5096 (ὴλληγόρηται
3015 5015 3083 5068 τὰ
3121 5012 3262 5066 κατὰ
3297 5009 3422 5070 τοὺς
3453 5005 3653 5074 γάμους

2191 5191 2210 5220 ⁵
2256 5186 2416 5240 Prov.
2470 5197 2521 5244 v,
2567 5179 2657 5233 15.
2733 5176 2753 5206 ⁸
2781 5173 2914 5228 Gen.
2953 5183 3101 5231 xxvt,
3137 5165 3219 5219 15.
3328 5163 3349 5193 ⁷
3379 5158 3552 5214 Galat.
3583 5167 3651 5213 tv.

2091 5425 2284 5484 puteos
2313 5410 2470 5484 vidit,
2503 5419 2622 5484 cum
2658 5402 2711 5454 iu
2751 5394 3091 5484 Palaestinam
3125 5383 3501 5484 peregrinatus
3549 5380 3654 5438 est,

2095 5467 2545 5551 aliiipresbyterii
2585 5475 2787 5551 ltpnore
2812 5467 3070 5551 iligna-tus
3098 5467 3199 5551 est;

2420 5514 3080 5615 postvol—i—rtextus,
3107 5526 3210 5579 ὑπὸ
3234 5523 3393 5590 νόμον
3423 5514 3656 5570 θέλοντες

2091 5619 2294 5761 εῐνῗθθ)
2325 5685 2496 5741 Codd.
2551 5679 2752 5754 B‘cgius
2793 5683 2842 5728 et
2895 5663 3237 5729 Basileensis,
3271 5657 3465 5712 λαεὶὠν.
3495 5647 3654 5706 Paulo
