3986 6164
395 348 528 404 ι-ιοι
1108 354 1113 358 ’
1557 353 1834 409 CONTRA
1870 353 2145 413 CELSUM
2184 352 2311 406 LlB.
2354 350 2442 405 IV.
3484 358 3627 415 H02

393 440 485 494 καὶ
528 440 628 503 τὰς
672 441 847 510 μίξεις
894 442 1000 495 τῶν
1045 443 1439 515 θεραπαινίδων
1464 462 1477 476 θ
1514 447 1834 518 βουλομένου
1863 465 1923 501 το

2031 503 2032 507 η
2061 449 2217 503 detur
2244 448 2297 501 in
2320 445 2629 501 actionibus
2648 460 2836 501 eorum
2860 448 2949 516 qui
2985 450 3099 504 haec
3128 448 3393 517 fecerunt,
3427 452 3480 507 id
3517 471 3613 509 no-

391 527 545 598 λόγου
571 530 665 582 καί
706 533 850 601 ἡμᾶς
882 533 943 585 οὺ
974 532 1070 597 τὰς
1099 536 1414 604 σωματικὰς
1443 542 1798 610 νομιζομένας
1819 542 1923 612 πρά

2069 540 2183 593 Ιυηι
2224 554 2320 592 nos
2360 537 2602 603 imitari;
2640 538 2730 592 sed
2768 539 2910 607 quod
2954 540 3194 608 spiritale
3226 550 3330 607 est,
3364 551 3439 610 ut,
3466 543 3627 613 loqui

389 617 500 682 ξεις
526 619 723 688 ζηλοῦν
746 620 851 674 τῶν
880 622 1052 677 ταῦτα
1078 627 1471 695 πεποιηκότων,
1503 629 1616 681 ἀλλ’
1644 630 1739 700 (ὡς
1772 631 1923 683 καλεῖ

390 710 645 738 ..κλῇ--.η
683 715 727 738 -r
772 715 861 738 --ξ-τ
919 717 987 738 οι.Δ
1007 716 1095 738 --θ’
1147 720 1169 738 ι
1228 720 1241 738 ι
1265 737 1272 738 ,
1343 720 1360 738 κ
1427 722 1440 738 \
1518 723 1530 738 ι

2064 638 2249 684 amant
2278 626 2405 685 Jesu
2437 628 2685 695 apostoli.
3641 680 3658 738 ι

388 710 645 766 εἰώθασιν
680 715 729 766 οί
770 715 862 767 τοῦ
919 716 1095 787 Ἰησοῦ
1138 720 1444 794 ἀπόστολοι)
1474 723 1573 785 τὰς
1618 724 2005 795 πνευματικάς.

466 802 590 857 Δέον
637 805 681 857 δ’
711 807 893 873 αὑτὸν,
926 810 987 862 τὸ
1045 812 1335 885 φιλάληθες
1387 815 1494 868 τῶν
1525 815 1956 886 ἀναγραψάντων

383 892 482 956 τὰς
511 894 661 960 θείας
686 898 909 969 Γραφὰς
938 901 1359 974 ἀποδεξάμενον,
1401 906 1474 976 μὴ
1510 905 1831 976 κρυψάντων
1860 907 1954 959 καὶ

382 982 451 1035 τὰ
472 985 902 1055 ἀπεμφαίνοντα,
947 993 1322 1063 προσαχθῆναι
1351 996 1591 1066 καὶπερὶ
1618 996 1723 1049 τῶν
1753 996 1951 1048 λοιπῶν

382 1079 476 1129 καί
506 1078 967 1153 παραδοξωτέρων
1000 1085 1074 1147 ῶς
1101 1086 1164 1136 οὐ
1202 1086 1628 1155 πεπλασμένων
1654 1090 1683 1139 6
1708 1087 1764 1139 δὲ
1792 1087 1948 1139 τούν-

379 1168 559 1220 αντίον
624 1173 908 1243 πεποίηκε,
964 1176 1057 1227 καὶ
1108 1175 1177 1228 τὰ
1224 1177 1350 1246 περί
1396 1177 1485 1229 τὸν
1537 1178 1679 1239 Λὼτ,
1730 1179 1822 1230 καὶ
1851 1178 1949 1240 τὰς

378 1257 702 1331 θυγατέρας,
736 1262 857 1316 οὔτε
893 1266 1032 1318 κατὰ
1052 1266 1110 1318 τὸ
1147 1268 1309 1337 ῥητὸν
1342 1268 1620 1332 ἐξετάσας,
1655 1269 1779 1321 οὔτε
1808 1269 1948 1322 κατὰ

375 1349 473 1420 τὴν
529 1353 815 1424 ἀναγωγὴν
869 1356 1188 1427 ἐρευνήσας,
1246 1358 1390 1411 (τῶν
1448 1358 1748 1411 Θυεστείων
1777 1379 1793 1410 ι
1830 1356 1947 1411 εἷπε

382 1457 400 1489 t
426 1436 614 1495 κακῶν
643 1444 975 1517 ἀνομώτερα.
1008 1466 1025 1496 ›
1059 1448 1137 1500 Τὰ
1172 1449 1268 1518 μὲν
1314 1446 1406 1503 οὖν
1446 1451 1545 1519 τῆς
1572 1449 1714 1502 κατὰ
1739 1451 1829 1503 τὸν
1859 1451 1947 1502 τό-

376 1549 477 1585 πον
507 1535 862 1603 τροπολογίας
890 1540 989 1590 οὐκ
1014 1540 1307 1607 ἀναγκαῖον
1341 1540 1436 1594 νῦν
1482 1541 1657 1610 λέγειν
1678 1560 1690 1571 ·
1728 1543 1849 1596 τίνα
1885 1560 1944 1594 τε

372 1623 441 1675 τὰ
473 1624 699 1694 Σόδομα,
736 1628 827 1679 καὶ
858 1628 941 1691 τίς
970 1631 997 1679 ὁ
1026 1630 1162 1699 πρὸς
1206 1630 1295 1683 τὸν
1352 1632 1558 1684 ἐκεῖθεν
1616 1632 1944 1703 διασωζόμε-

2131 813 2221 867 45.
2263 812 2381 867 Jam
2430 812 2649 878 Celsus,
2699 829 2823 869 cum
2869 814 3018 869 illam
3077 826 3358 873 auctorum
3417 819 3615 877 divina

2062 901 2355 969 Scripturae
2389 902 2787 969 sinceritatem,
2825 921 2927 972 qua
2973 923 3039 962 ne
3080 908 3363 964 inhonesta
3396 913 3611 980 quidem

2058 991 2423 1055 dissimulant,
2463 994 2691 1056 probare
2720 993 2995 1049 debuisset
3022 1005 3074 1051 et
3097 1000 3284 1053 eadem
3314 996 3496 1055 induci
3530 1003 3600 1057 ad

2059 1082 2385 1136 credendum
2413 1091 2610 1136 caetera
2643 1092 2697 1137 et
2729 1086 3119 1153 prodigiosiora
3146 1104 3253 1144 non
3290 1089 3455 1145 fuisse
3479 1106 3613 1146 con-

2057 1171 2203 1237 ﬁCta,
2235 1175 2571 1228 contrarium
2628 1175 2781 1241 facit,
2823 1185 2877 1229 et
2920 1178 3063 1243 quod
3110 1178 3175 1233 de
3224 1178 3324 1233 Lot
3383 1182 3610 1252 ejusque

2057 1262 2271 1317 ﬁliabus
2318 1264 2612 1330 refertur",
2640 1280 2740 1319 nec
2790 1264 3007 1320 litterali
3044 1282 3145 1322 nec
3172 1270 3401 1337 spiritali
3442 1287 3608 1327 sensu

2054 1349 2411 1419 investigato,
2459 1351 2590 1405 illud
2631 1353 2964 1425 «Thyesteis
3011 1354 3354 1413 facinoribus
3418 1360 3613 1414 imma-

2055 1439 2177 1493 nius
2209 1455 2370 1494 essei
2402 1444 2738 1508 pronuntiat.
2782 1445 2853 1497 At
2891 1459 3019 1499 vero
3070 1445 3205 1498 nihil
3261 1463 3482 1503 necesse
3529 1458 3613 1505 est

2052 1546 2198 1586 nunc
2233 1532 2432 1599 dicere,
2468 1536 2594 1601 quid
2628 1536 2741 1589 hinc
2768 1535 2989 1590 historia
3020 1536 3183 1606 538
3218 1552 3378 1593 sensu
3427 1549 3612 1610 tropo-

2047 1621 2221 1692 logico
2259 1633 2482 1692 accepta
2537 1629 2763 1691 doceat;
2812 1634 2870 1679 ut
2917 1641 3017 1680 nec
3057 1628 3183 1695 quid
3227 1627 3481 1695 Sodoma,
3517 1639 3612 1686 aut

372 1730 464 1765 νον
494 1714 600 1768 τῶν
645 1718 887 1784 ἀγγέλων
931 1720 1105 1786 λόγος,
1138 1722 1449 1789 φασκόντων
1470 1741 1481 1752 ·
1522 1741 1539 1773 ι
1575 1724 1665 1793 Μὴ
1693 1725 1923 1794 περιϐλέ-

2046 1713 2175 1780 quid
2212 1727 2394 1767 sermo
2436 1716 2753 1783 angelorum
2806 1717 2872 1768 ad
2906 1730 3026 1770 eum
3082 1717 3172 1785 qui
3210 1718 3335 1771 inde
3363 1730 3608 1776 servatus

372 1804 452 1875 ψῃ
481 1807 559 1867 εἰς
584 1808 652 1859 τὰ
679 1810 875 1871 ὀπίσω,
908 1810 1039 1879 μηδὲ
1072 1814 1202 1881 στῇς
1248 1813 1307 1863 έν
1337 1812 1486 1882 πάσῃ
1514 1817 1579 1884 τῇ
1612 1814 1933 1885 περιχώρῳ·

372 1899 455 1959 είς
479 1899 539 1950 τὺ
571 1899 695 1968 ὅρος
746 1900 937 1963 σώζου,
994 1903 1201 1972 μήποτε
1250 1904 1723 1975 συμπαραληφθῇς
1749 1923 1760 1935 ·
1791 1926 1808 1956 ι
1843 1906 1937 1958 καί

369 1987 453 2050 τίς
482 1989 509 2039 6
538 1988 678 2051 Λὼτ,
709 1990 794 2052 τίς
835 2008 893 2042 τε
956 1994 987 2060 ἡ
1038 1992 1172 2061 γυνὴ
1227 1992 1412 2053 αὑτοῦ,
1444 1996 1706 2065 γενομένη
1766 1996 1935 2065 στήλη

369 2078 497 2140 ἁλὸς
518 2079 602 2130 διὰ
630 2080 689 2131 τὸ
723 2081 1020 2151 ὲστράφθαι
1062 2084 1140 2143 εἰς
1170 2083 1407 2135 τούπίσω
1428 2102 1439 2113 ·
1464 2087 1558 2138 καὶ
1587 2087 1728 2149 τίνες
1759 2088 1814 2139 αἱ
1846 2088 1937 2139 θυ-

366 2171 596 2242 γατέρες
646 2173 830 2234 αὐτοῦ,
888 2174 1400 2243 καταμεθύσκουσαι
1442 2174 1531 2229 τὸν
1586 2178 1819 2248 πατέρα,
1849 2177 1934 2232 ἵνα

366 2262 636 2328 γένωνται
671 2263 728 2328 ἐξ
763 2262 925 2317 αὐτοῦ
986 2264 1235 2335 μητέρες.
1270 2265 1405 2336 Φέρε
1437 2265 1493 2318 δὲ
1531 2267 1600 2319 τὰ
1641 2268 1739 2337 τῆς
1794 2268 1934 2321 κατὰ

364 2352 462 2422 τὴν
523 2353 761 2421 ἱστορίαν
800 2353 1168 2423 άπεμφάσεως
1198 2355 1265 2407 δι’
1308 2355 1503 2423 ὀλίγων
1535 2357 1932 2427 παραμυθησό-

368 2442 527 2511 μεθα.
560 2444 669 2512 Τὴν
700 2443 805 2495 τῶν
836 2444 1053 2511 ἀγαθῶν
1091 2446 1184 2497 καὶ
1240 2445 1425 2497 κακῶν
1482 2447 1573 2497 καὶ
1629 2446 1931 2516 ἀδιαφόρων

363 2531 634 2600 ἐζήτησαν
663 2532 756 2582 καὶ
788 2531 1044 2600 ’Έλληνες
1092 2530 1251 2597 φύσιν
1274 2548 1287 2560 ·
1317 2532 1411 2583 καί
1455 2532 1503 2583 οἰ
1549 2533 1932 2601 ἐπιτυγχάνον-

360 2622 454 2682 τές
488 2638 551 2688 γε
587 2620 763 2674 αὐτῶν
794 2620 861 2671 τὰ
902 2622 995 2688 μὲν
1021 2620 1199 2687 ἀγαθὰ
1243 2622 1337 2672 καὶ
1382 2622 1526 2673 κακὰ
1557 2622 1930 2675 κατατίθενται

362 2707 421 2757 ὲν
457 2704 775 2776 προαιρέσει
808 2706 961 2777 μόνῃ,
996 2706 1169 2760 πάντα
1204 2706 1261 2758 δὲ
1298 2706 1563 2777 ἀδιάφορα
1597 2706 1674 2776 τῷ
1706 2708 1817 2778 ἰδίῳ
1844 2709 1930 2761 λό-

360 2812 445 2865 γῳ
478 2796 641 2863 φασὶν
669 2791 804 2848 εἶναι
831 2794 898 2847 τὰ
923 2796 1091 2866 χωρὶς
1121 2798 1493 2866 προαιρέσεως
1534 2798 1924 2867 ἐξεταζόμεναο

357 2883 458 2952 τὴν
505 2883 560 2935 δὲ
601 2882 939 2953 προαίρεσιν,
984 2882 1192 2943 τούτοις
1233 2884 1518 2953 χρωμένην
1543 2884 1766 2947 δεόντως
1804 2886 1923 2954 μὲν,

357 2973 649 3041 ἐπαινετὴν
693 2968 851 3035 εἶναι,
882 2974 942 3024 οὐ
1000 2973 1224 3034 δεόντως
1253 2973 1310 3025 δὲ
1349 2972 1574 3044 ψεκτήν.
1623 2971 1790 3028 Εἶπον
1834 2972 1927 3028 οὖν

2047 1809 2148 1863 est,
2182 1801 2478 1855 dicentium
2510 1819 2569 1858 ι(
2594 1803 2711 1856 Noli
2746 1805 3017 1873 respicere
3061 1814 3184 1874 post
3232 1814 3462 1875 tergum,
3507 1822 3609 1862 nec

2045 1897 2156 1942 stes
2186 1889 2237 1943 in
2264 1893 2407 1944 omni
2447 1895 2592 1947 circa
2634 1894 2888 1962 regione;
2920 1894 3012 1948 sed
3052 1894 3106 1948 in
3168 1908 3350 1951 monte
3399 1896 3604 1951 salvum

2049 1986 2098 2031 te
2130 1977 2234 2045 fac,
2264 1996 2330 2034 ne
2361 1991 2414 2034 et
2445 1990 2500 2036 tu
2533 1983 2688 2035 simul
2721 1998 2911 2052 pereas
2931 1984 3029 2048 1°,»
3057 2000 3157 2041 nec
3180 1985 3307 2055 quid
3333 1985 3457 2052 Lot,
3504 2001 3607 2040 nec

2043 2071 2171 2137 quid
2225 2087 2359 2125 uxor
2388 2072 2505 2140 ejus
2558 2074 2608 2126 in
2668 2075 2976 2129 columnam
3045 2076 3175 2130 salis
3213 2066 3487 2132 conversa
3538 2092 3605 2134 eo

2043 2159 2186 2226 quod
2213 2168 2333 2228 post
2364 2175 2422 2214 se
2450 2172 2800 2229 respexerat;
2859 2177 2957 2216 nec
2995 2164 3122 2231 quid
3170 2163 3287 2231 ejus
3320 2165 3441 2219 lilize
3486 2166 3604 2219 ine-

2042 2248 2286 2303 briantes
2314 2258 2547 2319 patrem,
2580 2261 2638 2304 ut
2663 2266 2724 2305 ex
2762 2253 2853 2307 illo
2885 2264 3083 2307 matres
3106 2254 3316 2308 ﬁerent.
3347 2256 3600 2310 Attamen

2040 2354 2158 2407 qua:
2193 2343 2365 2409 magis
2392 2342 2444 2394 in
2473 2342 2576 2397 hac
2602 2344 2827 2398 historia
2867 2345 3116 2398 videntur
3142 2345 3436 2399 offendere
3470 2361 3605 2415 pau-

2039 2431 2118 2483 cis
2148 2431 2507 2488 emolliamus.
2539 2426 2642 2506 Ipsi
2684 2432 2856 2488 Graeci
2907 2435 3238 2502 quaesierunt
3284 2449 3404 2503 quae
3434 2437 3602 2488 bono-

2042 2523 2570 2588 rum,‘etmalorum,
2599 2535 2655 2578 et
2696 2523 3119 2578 indill‘erentium
3172 2533 3364 2601 natura
3404 2526 3506 2591 sit;
3542 2534 3600 2580 et

2042 2613 2132 2678 qui
2156 2627 2340 2667 eorum
2376 2615 2567 2669 melius
2596 2630 2707 2670 rem
2743 2618 2975 2669 assecuti
3006 2626 3151 2681 sunt,
3196 2618 3335 2669 bona
3369 2625 3423 2670 et
3456 2617 3597 2669 mala

2038 2702 2339 2756 docuerunt
2378 2705 2480 2757 sita
2521 2719 2640 2759 esse
2694 2707 2746 2758 in
2796 2706 2907 2760 solo
2945 2707 3237 2760 voluntatis
3281 2702 3593 2776 preposito;

2039 2790 2089 2842 id
2128 2801 2313 2845 autem
2350 2808 2472 2847 esse
2531 2796 2750 2865 proprie
2798 2795 3109 2851 inditl'erens
3163 2798 3305 2864 quod
3363 2799 3597 2853 electum

2038 2895 2142 2934 non
2159 2892 2241 2936 est
2260 2898 2289 2935 a
2311 2884 2606 2949 voluntate,
2622 2896 2675 2939 et
2702 2901 2808 2954 quo
2833 2894 2993 2953 prout
3010 2886 3255 2943 voluntas
3280 2891 3446 2943 utitur
3463 2888 3599 2943 bene

2036 2982 2128 3027 aut
2154 2975 2317 3036 male,
2345 2974 2504 3027 laude
2546 2985 2637 3028 aut
2677 2978 2945 3045 vituperio
2972 2980 3131 3049 digna
3166 2988 3269 3034 est.
3300 2973 3418 3034 Jam
3469 2995 3598 3034 vero

357 3064 415 3115 ὲν
446 3062 525 3133 τῷ
556 3064 682 3133 περὶ
710 3062 1013 3133 ἀδιαφόρων
1033 3062 1202 3132 τόπῳ,
1229 3063 1311 3114 ὅτι
1340 3062 1415 3132 τῷ
1452 3063 1564 3132 ἰδίῳ
1594 3063 1736 3133 λόγῳ
1759 3064 1923 3132 θυγα-

2036 3064 2123 3117 ubi
2171 3063 2237 3117 de
2289 3064 2720 3119 indiﬂ'erentibus
2763 3078 2954 3135 agunt,
3001 3070 3142 3123 inter
3192 3084 3255 3123 ea
3313 3081 3599 3126 recensent.

354 3154 519 3223 τράσι
556 3153 841 3223 μίγνυσθαι
885 3152 1173 3223 ἀδιάφορόν
1228 3155 1394 3217 ἐστιν,
1426 3154 1471 3205 εί
1507 3154 1600 3205 καὶ
1629 3153 1701 3223 μὴ
1733 3154 1835 3224 χρὴ
1866 3155 1923 3206 ὲν

356 3248 477 3306 ταῖς
509 3244 878 3307 καθεστῶσαις
905 3245 1199 3307 πολιτείαις
1218 3245 1278 3296 τὸ
1299 3245 1538 3299 τοιοῦτον
1586 3249 1780 3299 ποιεῖν.
1813 3248 1923 3300 Καὶ

356 3335 663 3396 ὑποθέσεως
700 3335 878 3405 χάριν,
907 3336 1043 3407 πρὸς
1090 3335 1430 3405 παράστασιν
1476 3334 1571 3387 τοῦ
1634 3336 1921 3408 ἀδιάφορον

353 3422 495 3476 εἶναι
534 3425 593 3477 τὸ
621 3424 876 3489 τοιοῦτον,
918 3425 1285 3496 παρειλήφασι
1311 3427 1402 3478 τὸν
1442 3427 1602 3494 σοφὸν
1649 3427 1784 3495 μετὰ
1822 3428 1921 3496 τῆς

351 3516 623 3587 θυγατρὸς
679 3517 844 3587 μόνης
888 3516 1399 3587 καταλελειμμένον,
1446 3518 1644 3581 παντὸς
1688 3517 1781 3570 τοῦ
1812 3519 1919 3571 τῶν

350 3608 655 3679 ἀνθρώπων
695 3607 886 3675 γένους
938 3609 1362 3679 διεφθαρμένου·
1414 3613 1507 3663 καὶ
1566 3611 1839 3681 ζητοῦσιν,
1872 3616 1919 3665 εἰ

352 3698 699 3767 καθηκόντως
731 3701 758 3751 6
787 3698 968 3769 πατὴρ
991 3699 1365 3753 συνελεύσεται
1393 3704 1459 3771 τῇ
1502 3701 1750 3773 θυγατρὶ,
1779 3704 1919 3772 ὑπὲρ

347 3790 440 3842 τοῦ
474 3790 546 3859 μὴ
576 3789 890 3854 ἀπολέσθαι,
926 3792 1045 3843 κατ’
1082 3791 1249 3860 αὐτὴν
1294 3791 1390 3862 τὴν
1418 3790 1689 3855 ὑπόθεσιν,
1722 3792 1782 3843 τὸ
1811 3794 1917 3846 πᾶν

346 3880 453 3932 τῶν
482 3879 781 3950 ἀνθρώπων
824 3881 998 3948 γένος.
1035 3878 1161 3951 ’Ἆρ’
1189 3878 1281 3934 οὖν
1322 3881 1472 3951 παρὰ
1528 3882 1626 3951 μὲν
1663 3881 1915 3951 ’Ἓλλησιν

346 3970 516 4039 ὑγιῶς
560 3970 730 4023 ταῦτα
772 3970 1005 4038 λέγεται,
1054 3972 1147 4023 καὶ
1189 3972 1288 4023 οὐκ
1337 3972 1803 4043 εὐκαταφρόνητος
1828 3975 1918 4025 αὺ-

344 4067 457 4125 τοῖς
492 4063 700 4132 αἵρεσις
735 4064 768 4132 ἡ
797 4063 904 4114 τῶν
938 4060 1189 4114 Στωϊκῶν
1222 4060 1333 4131 ('70)
1371 4063 1743 4132 συναγορεύει·
1776 4063 1914 4117 ἐπὰν

341 4153 397 4205 δὲ
419 4153 600 4222 κόρια,
636 4154 762 4221 περί
791 4151 1153 4221 ἐκπυρώσεως
1178 4150 1270 4203 τοῦ
1300 4152 1502 4221 κόσμου
1535 4152 1910 4223 μεμαθηκότα,

344 4244 405 4294 οὐ
449 4242 821 4312 τετρανωκότα
852 4242 927 4306 δὲ,
974 4243 1146 4294 ἰδόντα
1193 4241 1303 4311 πῦρ
1329 4241 1597 4311 διειληφὸς
1627 4243 1725 4313 τὴν
1759 4245 1911 4297 πόλιν

343 4334 522 4387 αὐτῶν
551 4336 643 4388 καὶ
669 4334 765 4405 τὴν
808 4334 1009 4404 χώραν,
1043 4333 1491 4403 ὑπολαμϐάνοντα
1537 4334 1786 4404 ζὼπυρον
1816 4335 1909 4387 τοῦ

342 4425 531 4492 γένους
570 4424 676 4477 τῶν
718 4424 1019 4495 ἀνθρώπων
1066 4423 1478 4491 καταλελεῖφθαι
1520 4426 1577 4476 ὲν
1616 4424 1693 4494 τῷ
1741 4427 1908 4494 πατρί

341 4518 434 4569 καὶ
460 4517 666 4578 αὐταῖς,
685 4515 913 4586 βουληθῇ
942 4514 1029 4567 διὰ
1060 4516 1158 4585 τὴν
1188 4516 1393 4568 τοιάνδε
1423 4514 1685 4585 ὑπόληψιν
1708 4518 1906 4586 συστή-

342 4610 533 4661 σασθαι
555 4609 643 4661 τὸν
677 4609 903 4677 κόσμον,
934 4607 1190 4660 ἐλάττονα
1216 4607 1366 4660 ἔσται
1396 4606 1488 4660 τοῦ
1506 4606 1644 4660 κατὰ
1666 4608 1764 4676 τὴν
1797 4607 1904 4660 τῶν

340 4701 589 4753 Στωϊκῶν
644 4701 900 4753 ὑπόθεσιν
946 4700 1109 4769 σοφοῦ
1160 4700 1505 4770 καθηκόντως
1533 4701 1591 4751 ὲν
1632 4702 1697 4769 τῇ
1730 4700 1905 4770 φθορᾷ

339 4793 444 4843 τῶν
474 4792 687 4845 πάντων
715 4791 1015 4863 ἀνθρώπων
1047 4792 1375 4862 μιγνυμένου
1407 4793 1524 4853 ταῖς
1548 4790 1899 4860 θυγατράσιν;

340 4882 452 4932 Οὐκ
500 4881 675 4947 ἀγνοῶ
706 4882 748 4933 δ’
777 4884 857 4935 ὅτι
886 4882 1288 4954 προσκύψαντες
1320 4898 1463 4944 τινες
1489 4881 1565 4951 τῷ
1605 4881 1903 4952 βουλήματι

337 4972 445 5023 τῶν
472 4971 564 5023 τοῦ
611 4972 730 5025 Λὼτ
761 4972 1093 5043 θυγατέρων,
1124 4975 1216 5025 καὶ
1243 4974 1453 5025 ἀνόσιον
1481 4973 1541 5024 τὸ
1568 4972 1727 5043 ἔργον
1760 4970 1898 5027 εἶναι

339 5065 694 5135 ὑπειλήφασι·
746 5069 839 5118 καὶ
895 5066 970 5128 ὡς
1018 5065 1075 5130 ἐξ
1115 5065 1343 5117 ἀνοσίων
1399 5064 1595 5133 μίξεων
1643 5066 1897 5136 εἰρήκασι

411 5245 593 5303 "Gen.
630 5264 742 5312 XIX,
772 5249 859 5302 55.
938 5249 979 5279 ¹⁰
1014 5248 1149 5302 Gen.
1195 5264 1311 5315 xix,
1348 5249 1437 5301 17.

334 5404 455 5462 post
504 5395 673 5447 codex
716 5390 1063 5455 Basileensis,
1094 5389 1479 5460 ὴλληγόρηται.
1540 5386 1693 5442 Libb.
1734 5388 1888 5453 editi,

331 5465 731 5535 ἀλληγορεῖται.

402 5525 512 5603 (7U)
540 5525 691 5586 ’Τῶν
742 5528 1036 5603 Στωϊκῶν.
1076 5527 1292 5603 _Clem._
1326 5529 1513 5603 Λίδη,
1556 5525 1752 5603 Slrom.
1775 5543 1837 5603 _tt
1872 5545 1885 5580 :

334 5596 454 5656 Ἔτι
496 5596 639 5657 κατὰ
699 5602 796 5672 μὲν
834 5602 958 5663 τοὺς
985 5599 1101 5672 άπὸ
1128 5598 1230 5672 τῆς
1256 5599 1421 5672 Στοᾷς
1453 5596 1740 5672 ἀδιάφορον
1772 5597 1889 5672 ὂητε

332 5673 502 5743 γάμος
527 5675 562 5744 ἦ
592 5690 650 5725 τε
679 5665 1110 5744 παιδοτροφία.-‹
1136 5665 1325 5744 Adhuc
1349 5667 1501 5733 juxta
1556 5665 1774 5744 Stoicos
1806 5668 1886 5717 in-

338 5734 590 5797 differens
621 5744 748 5810 quid
784 5734 908 5797 sunt
933 5734 1132 5809 nuptiae
1156 5749 1211 5794 et
1245 5739 1538 5794 liberorum
1561 5737 1828 5791 educatio.
1858 5756 1876 5787 ι

2030 3169 2151 3207 cum
2201 3156 2310 3209 lilia
2353 3158 2728 3221 concubitum,
2780 3161 3032 3227 quamvis
3081 3162 3133 3215 id
3196 3163 3249 3215 in
3283 3164 3596 3218 constitutis

2024 3246 2332 3301 civitatibus
2368 3247 2484 3300 fieri
2528 3264 2631 3302 non
2671 3259 2941 3317 oporteat.
2976 3252 3154 3319 Atque
3196 3261 3254 3305 ut
3301 3255 3594 3308 ostendant

2024 3337 2160 3391 illud
2206 3352 2334 3392 esse
2380 3337 2724 3403 indiﬂ‘erens,
2782 3349 2992 3408 ponunt
3036 3346 3336 3409 sapientem
3390 3344 3589 3406 solum,

2026 3435 2139 3481 toto
2166 3426 2404 3479 humano
2432 3442 2633 3495 genere
2675 3430 2977 3495 exstincto,
3004 3446 3140 3497 cum
3190 3433 3307 3485 sola
3342 3448 3437 3487 sua
3482 3434 3591 3487 ﬁlia

2024 3516 2269 3569 relictum
2330 3531 2448 3570 esse
2496 3519 2872 3584 superstitem,
2921 3532 2976 3574 et
3030 3531 3283 3589 quaerunt
3330 3523 3589 3577 liceretne

2022 3607 2259 3674 sapienti
2292 3622 2413 3659 cum
2444 3606 2550 3659 lilia
2581 3609 2967 3674 concumbere,
3002 3618 3061 3661 ut
3087 3625 3154 3663 ne
3201 3619 3374 3663 totum
3408 3613 3585 3665 homi-

2022 3711 2146 3749 num
2203 3708 2371 3765 genus
2410 3696 2636 3763 periret.
2676 3697 2757 3750 An
2808 3697 2922 3752 haec
2973 3708 3123 3753 recte
3171 3701 3508 3754 disserentur
3556 3719 3588 3756 a

2020 3787 2229 3842 Graecis
2267 3796 2321 3841 et
2346 3802 2375 3839 a
2401 3786 2683 3852 spectabili
2720 3788 2860 3856 apud
2901 3788 3047 3856 ipsos
3096 3787 3400 3844 Stoicorum
3437 3801 3586 3845 secta

2020 3878 2549 3944 cornprobahuntur;
2576 3885 2629 3930 et
2662 3878 2872 3944 puellae,
2905 3893 3023 3946 qua:
3050 3880 3115 3934 de
3146 3882 3329 3934 mundi
3377 3880 3585 3935 conﬂa-

2018 3969 2267 4035 gratione
2296 3971 2583 4025 audierant
2626 3985 2727 4025 nec
2780 3978 2955 4022 tamen
2990 3971 3147 4038 plene
3180 3973 3581 4035 intellexerant,

2017 4076 2135 4128 quae
2163 4061 2391 4118 ﬂammis
2419 4064 2609 4117 urbem
2638 4077 2790 4116 suam
2842 4072 2896 4117 et
2944 4078 3105 4132 agros
3157 4065 3471 4131 absumptos
3504 4067 3586 4117 vi-

2020 4153 2238 4221 debant,
2270 4169 2391 4221 quae
2437 4155 2488 4207 in
2539 4170 2595 4207 se
2626 4155 2755 4207 solis
2786 4164 2841 4207 et
2874 4163 3032 4221 patre
3062 4154 3315 4207 relictum
3343 4168 3461 4207 esse
3491 4170 3585 4222 pu-

2018 4243 2203 4296 tabant
2228 4245 2442 4309 generis
2488 4245 2706 4297 humani
2746 4245 3117 4308 seminarium,
3153 4244 3197 4297 si
3230 4246 3332 4297 hac
3362 4245 3577 4311 Opinio-

2025 4349 2092 4385 ne
2134 4343 2397 4401 permotze
2430 4335 2619 4387 mundi
2652 4335 2859 4388 sarcire
2892 4334 3077 4386 ruinas
3116 4335 3406 4399 voluerint,
3436 4337 3582 4405 pejo-

2018 4436 2105 4476 res
2137 4432 2296 4477 erunt
2321 4424 2411 4477 illo
2446 4425 2710 4493 sapiente,
2756 4425 2869 4492 qui,
2900 4432 2959 4476 ut
2994 4422 3161 4478 Stoici
3193 4436 3416 4493 ponunt,
3454 4440 3581 4495 per-

2015 4523 2178 4569 eunte
2260 4516 2462 4568 mundo
2515 4525 2696 4584 posset
2744 4516 2892 4567 nullo
2934 4516 3167 4569 crimine
3191 4532 3310 4569 cum
3340 4532 3434 4571 sua
3469 4517 3578 4571 filia

2013 4606 2198 4661 liberis
2227 4622 2446 4675 operam
2476 4608 2640 4661 dare?
2673 4607 2799 4661 Scio
2832 4608 3125 4661 nonnullos
3172 4607 3343 4662 fuisse
3381 4610 3577 4677 quibus

2015 4698 2347 4753 oﬂendiculo
2403 4708 2545 4753 esset
2604 4700 2747 4753 istud
2813 4700 3042 4752 ﬁliarum
3098 4699 3197 4753 Lot
3264 4700 3571 4763 consilium,

2012 4793 2214 4860 quique
2253 4791 2522 4846 nefarium
2568 4793 2880 4860 iudicarent
2928 4796 3072 4864 quod
3123 4794 3387 4859 fecerunt,
3420 4803 3473 4848 et
3507 4809 3574 4848 ex.

2013 4883 2103 4936 illo
2136 4885 2345 4937 incesto
2379 4885 2668 4938 concubitu
2716 4886 2957 4940 dicerent
2985 4896 3202 4940 exortas
3245 4887 3409 4939 fuisse
3438 4886 3573 4939 duas

2004 4984 2322 5028 exsecratas
2351 4984 2539 5043 gentes
2578 4975 2936 5029 Moabitarum
2999 4988 3053 5029 et
3112 4977 3566 5030 Ammonitarum.
3616 4966 3617 4969 “

2008 5064 2071 5115 Et
2121 5079 2305 5118 revera
2343 5066 2485 5117 istud
2533 5066 2711 5118 divina
2773 5065 3055 5133 Scriptura
3095 5081 3195 5119 nec
3232 5075 3414 5135 aperte
3448 5079 3569 5133 pro.

2004 5386 2351 5446 Tlteodorel..
2389 5400 2553 5438 serm.
2595 5384 2686 5444 12,
2719 5383 2792 5435 De
2833 5384 3022 5433 virtute
3051 5380 3222 5431 activa
3252 5394 3269 5430 :
3300 5379 3361 5430 Ol
3383 5376 3438 5427 δὲ
3468 5376 3565 5495 τῇς

2004 5456 2251 5495 Πωνίλτιρ·
2285 5456 2453 5495 neq-mu
2478 5455 2593 5495 τινὰ
2624 5453 2738 5495 ὁδὸν
2767 5452 3035 5495 ὥδευσαν·
3069 5450 3180 5495 τοῖς
3204 5446 3310 5495 γὰρ
3342 5445 3504 5495 ἀδιαφ
3544 5476 3565 5486 -

2000 5456 2251 5526 Ποικίλης
2283 5445 2453 5525 μέσην
2478 5455 2595 5526 τινὰ
2624 5453 2738 5505 ὁδὸν
2767 5452 3003 5526 ὥδευσαν
3022 5466 3035 5478 ·
3069 5446 3321 5526 τοίςιγὰρ.
3342 5445 3566 5526 ἀδιαφό-

2068 5544 2112 5588 ις
2140 5514 2244 5577 τδξί
2258 5514 2430 5594 γάμον
2463 5524 2555 5576 καὶ
2585 5525 2681 5591 τὴν
2708 5517 3049 5594 παιδογονίαν
3074 5514 3423 5594 ξυνέξευξήαν..
3452 5533 3469 5563 ι
3493 5516 3563 5591 At

2068 5544 2112 5588 ις
2140 5544 2229 5577 τον
2258 5544 2430 5594 γαμον
2463 5544 2555 5576 και
2585 5544 2681 5591 την
2708 5544 3049 5593 παιουγυνιαν
3074 5544 3423 5593 (δυντυεςυῇυινο.
3452 5544 3467 5563 1
3493 5544 3554 5591 ιιι

2000 5544 2170 5648 ἓῖοίοἰ
2232 5596 2404 5646 inedia
2451 5594 2681 5658 quadam
2742 5591 2858 5658 via_
2892 5588 3244 5658 incesserunt.
3293 5584 3554 5658 Golijttgia

1998 5667 2140 5718 enim
2179 5681 2240 5717 ac
2290 5650 2585 5715 liberorum
2623 5655 3022 5721 susceptionem
3060 5654 3204 5708 inter
3234 5650 3555 5706 indifferen-

1997 5736 2067 5789 tia
2102 5737 2510 5790 recensucrunt.
2532 5746 2551 5779 ›
2586 5729 2847 5782 SPENCER.
