3986 6164
455 352 478 406 1
495 351 593 406 I07
1895 346 2024 402 ORll

2127 345 2212 402 {IS
3547 325 3713 381 1108

453 485 634 525 rerum
671 470 915 526 omnium
940 468 1191 523 ornatum
1227 465 1528 520 continere.
1566 465 1848 519 Materiam
1869 469 2011 519 enim

2127 467 2244 528 τοὺς
2290 460 2694 534 σπερματικοὺς
2725 458 2915 524 λόγους
2957 453 3048 506 τοῦ
3083 453 3206 506 θεοῦ
3260 454 3293 521 ἡ
3349 449 3450 520 ῦλη
3504 462 3713 519 παρα-

455 563 510 616 in
566 564 668 616 hac
713 562 892 616 Samia
950 559 1125 612 tabo-la
1178 556 1319 611 Juno
1377 557 1742 626 signiﬁcabat,
1804 557 2018 624 Jupiter

2127 554 2379 624 δεξαμένη
2401 551 2511 621 ἔχει
2539 553 2594 602 ὲν
2633 550 2795 617 ἑαυτῇ
2827 548 2902 609 είς
2947 543 3352 612 κατακόσμησιν
3384 539 3489 592 τῶν
3525 539 3707 592 ὅλων.

455 661 586 707 vero
615 651 803 704 Deum.
834 649 955 703 Haec
976 689 990 713 ,
1021 658 1074 702 et
1109 648 1230 702 aliae
1263 657 1532 702 sexcenta:
1576 647 1779 701 similes
1826 647 2019 701 fabqu

456 743 512 796 in
570 755 733 797 causa
785 748 930 804 sunt,
965 754 1063 793 cur
1115 753 1384 792 summum
1443 739 1600 792 deum
1654 737 2017 802 Jovis,solem

455 831 745 900 Apollinis,
773 831 953 886 lunam
977 831 1160 885 Dianze
1187 831 1405 885 nomine
1439 831 1710 900 appellare
1763 830 2015 884 nolimus.

460 924 566 979 Sed
613 938 804 993 puram
851 923 904 976 in
954 921 1298 977 Conditorem
1365 929 1684 976 exercentes
1742 919 2017 989 pietatem,

455 1015 821 1084 praeclaraque
877 1015 994 1080 ejus
1048 1027 1214 1080 opera
1270 1012 1554 1066 laudantes
1588 1051 1604 1076 ,
1672 1027 1741 1064 ne
1805 1011 2020 1065 nomine

454 1104 673 1172 quidem
711 1118 799 1157 res
824 1103 1034 1156 divinas
1062 1101 1517 1156 contaminamus.
1559 1101 1674 1167 Qua
1727 1102 1778 1154 in
1816 1117 1873 1155 re
1902 1100 2022 1152 Plan

455 1203 635 1249 tonem
660 1194 957 1261 sequimur,
979 1195 1068 1261 qui
1107 1193 1156 1245 in
1194 1191 1411 1246 Philebo
1435 1193 1758 1260 voluptatem
1800 1193 1852 1245 in
1893 1192 2022 1246 deos

457 1294 614 1351 negat
667 1296 787 1337 esse
837 1281 1175 1335 referendam
1234 1297 1246 1331 :
1304 1299 1324 1330 ‹
1395 1280 1509 1336 Mea
1560 1281 1702 1334 enim
1756 1281 1870 1335 inec
1917 1289 2018 1346 est,

457 1373 614 1446 551
679 1372 873 1441 inquit,
912 1386 946 1426 o
996 1372 1310 1437 Protarche,
1346 1386 1473 1441 erga
1525 1371 1746 1425 nomina
1800 1372 2020 1425 deorum

390 1483 396 1486 ·
462 1464 791 1518 reverentia.
831 1461 990 1517 rNos
1043 1461 1208 1531 igitur
1267 1465 1530 1517 adversus
1585 1462 1679 1517 Dei
1734 1464 2023 1530 praeclaro-

461 1568 686 1622 rumque
711 1552 829 1620 ejus
852 1568 1076 1622 operum
1107 1567 1302 1607 nomen
1331 1568 1450 1606 eam
1497 1553 1816 1607 adhibemus
1866 1567 2021 1606 reve-

457 1643 710 1708 rentiam,
741 1651 800 1696 ut
829 1658 896 1696 ne
929 1643 1274 1712 tropologicae
1302 1643 1517 1712 quidem
1540 1643 2024 1712 ,interpretationis

457 1744 719 1802 praetextu
758 1737 1112 1788 admittamus
1145 1736 1307 1788 ullam
1346 1734 1622 1803 fabulam,
1660 1750 1780 1805 qua:
1826 1736 2021 1805 juven-

461 1828 590 1881 tutis
617 1842 967 1896 corrumpere
997 1827 1207 1881 animos
1238 1825 1429 1894 possit.

529 2095 618 2150 49.
646 2094 795 2159 Quod
822 2094 866 2148 si
896 2095 1112 2164 legisset
1137 2105 1350 2149 nostras
1370 2108 1526 2162 aequo
1560 2093 1742 2146 animo
1773 2092 2026 2162 Scriptuo

461 2200 569 2251 ras,
596 2201 702 2239 non
732 2187 956 2240 dixisset
987 2186 1172 2253 utique
1202 2206 1220 2234 ι
1258 2200 1351 2239 eas
1384 2199 1489 2237 non
1524 2198 1681 2253 posse
1715 2183 2024 2252 allegoriam

457 2279 589 2346 pati.
628 2297 647 2329 ι
677 2277 862 2346 Neque
899 2278 1041 2332 enim
1070 2292 1135 2331 ex
1168 2276 1393 2330 historia
1427 2275 1560 2343 ipsa,
1588 2275 1680 2329 sed
1707 2289 1771 2329 ex
1805 2275 2028 2344 prophe-

458 2367 548 2422 tiis
596 2367 648 2420 in
693 2368 888 2435 quibus
938 2367 1180 2421 historiae
1217 2375 1539 2427 narrantur,
1582 2379 1910 2434 cognoscere
1946 2373 2028 2418 est

457 2472 579 2526 quae
612 2459 723 2512 sint
758 2459 999 2513 historiae
1027 2472 1150 2527 qua:
1179 2472 1243 2511 eo
1283 2456 1387 2510 fine
1409 2455 1624 2524 scriptae
1655 2463 1780 2510 sunt
1811 2462 1868 2508 ut
1897 2454 2027 2508 alle-

456 2549 627 2616 goriis
652 2549 1055 2616 explicarentur
1089 2562 1102 2601 :
1136 2547 1278 2616 quod
1309 2546 1708 2614 sapientissime
1749 2545 2024 2614 provisum

459 2649 564 2700 eat,
599 2649 657 2692 ut
681 2647 732 2693 et
763 2639 992 2706 simplici
1023 2638 1256 2692 fidelium
1291 2637 1449 2705 vulgo
1500 2645 1554 2691 et
1584 2636 1651 2690 iis
1680 2636 1866 2705 paucis
1892 2649 2024 2689 con-

458 2729 708 2784 venirent
737 2730 824 2798 qui
861 2730 1131 2784 res’altius
1161 2739 1215 2782 et
1246 2727 1544 2795 prudenter
1569 2730 1802 2781 scrutari
1828 2725 2025 2780 vellent

461 2826 556 2870 aut
588 2828 823 2886 possent.
867 2820 943 2875 Ac
971 2819 1198 2874 fortasse
1241 2818 1518 2888 probabile
1549 2818 1677 2886 quid
1709 2815 1898 2872 Celsus
1941 2817 2024 2870 di-

460 2919 586 2960 cere
619 2906 909 2970 videretur,
941 2909 985 2962 si
1023 2908 1338 2976 Scripturas
1370 2906 1647 2976 allegoriis
1679 2905 2024 2974 interpretari

459 2997 737 3050 inventum
764 3008 909 3054 esset
939 3015 1127 3052 recens
1149 2999 1216 3052 ab
1240 3000 1305 3052 iis
1328 3015 1358 3052 e
1379 2997 1580 3053 Judais
1599 3007 1654 3053 et
1676 2998 2021 3062 Christianis,

463 3095 599 3148 quos
627 3081 813 3137 Celsus
845 3085 1201 3138 modestiores
1245 3094 1434 3150 vocat,
1480 3086 1864 3154 excogitatum;
1902 3100 2021 3139 cum

464 3180 645 3225 autem
690 3174 740 3227 id
777 3173 1005 3228 fecerint
1046 3177 1125 3229 vel
1169 3176 1272 3245 ipsi
1326 3178 1629 3245 dogmatum
1675 3187 1929 3246 parentes
1972 3187 2027 3230 et

463 3261 779 3330 scriptores;
807 3265 935 3333 quid
968 3265 1110 3319 aliud
1159 3267 1502 3335 cogitandum
1549 3277 1672 3330 est,
1722 3282 1884 3336 quam
1935 3267 2025 3321 illa

463 3352 635 3408 fuisse
663 3356 862 3424 scripta
899 3355 997 3420 sic,
1030 3366 1088 3409 ut
1117 3371 1304 3412 eorum
1339 3358 1609 3426 praecipua
1639 3372 1790 3412 mens
1817 3359 1868 3412 in
1897 3359 2027 3412 alle-

464 3446 636 3515 goriis
685 3448 1279 3517 contineaturiAtque
1327 3458 1384 3503 ut
1437 3449 1614 3518 palam
1666 3431 2025 3507 fiat‘Celsutn

463 3545 681 3592 nostras
703 3539 1022 3593 calumniari
1058 3540 1388 3608 Scripturas,
1416 3557 1538 3595 cum
1563 3557 1654 3596 eas
1683 3543 1758 3596 ait
1779 3545 1888 3612 pati
1920 3559 2025 3598 non

460 3640 622 3696 posse
652 3627 982 3710 allegoriam,
1007 3643 1180 3698 pauca
1214 3645 1245 3683 e
1277 3631 1458 3685 multis
1489 3633 1734 3702 exempla
1782 3634 2024 3704 seligam.

464 3716 556 3771 Sic
584 3716 784 3772 Paulus
809 3718 935 3775 Jesu
968 3723 1246 3790 apostolus
1285 3741 1298 3776 :
1331 3741 1350 3774 ι
1384 3722 1441 3776 In
1469 3723 1585 3794 lege
1615 3725 1874 3794 scriptum
1902 3735 2024 3781 est:

466 3804 579 3860 Non
612 3796 860 3876 alligabis
884 3824 946 3863 os
978 3811 1100 3865 δονί
1139 3813 1443 3867 trituranti.
1477 3811 1728 3882 Nunquid
1757 3815 1824 3868 de
1856 3815 2027 3871 bobus

466 3913 594 3951 cura
624 3908 706 3953 est
733 3899 959 3955 Deo?An
991 3913 1212 3971 propter
1243 3919 1339 3958 nos
1369 3906 1554 3974 utique
1587 3907 1691 3960 hoc
1717 3907 1872 3961 dicit?
1893 3908 2024 3962 Nam

462 3998 682 4056 propter
716 4004 812 4044 nos
847 3991 1045 4060 scripta
1079 4002 1224 4058 sunt,
1249 3995 1502 4062 quoniam
1517 3994 1674 4049 debet
1706 3998 1758 4050 in
1790 4011 1904 4064 spe,
1936 4001 2026 4066 qui

464 4088 602 4144 arat,
633 4096 808 4148 arare,
835 4092 890 4137 et
916 4085 1006 4152 qui
1037 4086 1254 4138 triturat
1282 4087 1332 4140 in
1370 4102 1464 4155 spe
1491 4079 1702 4141 fructu‘s
1728 4089 2026 4157 percipien-

462 4173 515 4227 di
557 4173 620 4227 εί.
655 4192 673 4224 ι
707 4173 774 4227 Ει
806 4175 913 4229 alio
948 4176 1001 4228 in
1033 4176 1150 4231 loco
1181 4195 1194 4230 :
1235 4196 1253 4230 ι
1292 4179 1567 4249 Scriptum
1596 4189 1680 4234 est
1703 4181 1866 4245 enim,
1899 4197 2025 4250 pro-

463 4274 583 4335 pter
609 4267 712 4321 hoc
740 4267 1008 4336 relinquet
1036 4269 1197 4322 homo
1230 4279 1436 4338 patrem
1467 4279 1513 4324 et
1549 4280 1800 4338 matrem,
1843 4273 2026 4331 et.ad-

463 4357 689 4410 haerebit
718 4359 873 4412 uxori
909 4375 1035 4420 sum,
1071 4368 1126 4414 et
1154 4369 1313 4413 erunt
1348 4361 1455 4414 duo
1484 4362 1534 4414 in
1559 4377 1724 4416 carne
1750 4377 1876 4414 una.
1913 4361 2026 4431 My-

2122 646 2257 715 ’Ύλη
2284 643 2392 714 γάρ
2439 645 2472 712 ἡ
2508 643 2564 693 ὲν
2621 644 2685 710 τῇ
2731 637 2873 692 κατά
2904 637 3000 707 τὴν
3028 636 3207 704 Σάμον
3241 634 3425 702 γραφῇ
3454 633 3485 700 ὴ
3516 631 3708 700 Ἦρα,

2121 737 2210 788 καὶ
2241 737 2268 787 ὁ
2293 735 2410 795 θεὸς
2433 736 2461 786 6
2490 731 2641 794 Ζεύς.
2688 729 2797 780 Καὶ
2817 726 2904 778 διά
2934 725 3103 778 ταῦτα
3136 724 3200 792 δὴ
3233 724 3412 792 ήμεῖς,
3460 722 3555 772 καὶ
3611 720 3710 772 διὰ

2118 827 2244 888 τοὺς
2293 823 2564 886 τοιούτους
2615 820 2816 891 μύθους
2885 818 2978 870 καὶ
3035 814 3228 876 ἄλλους
3281 811 3524 882 μυρίους,
3573 810 3712 862 οὐδὲ

2125 917 2314 988 μέχρις
2368 916 2627 983 ὀνόματος
2675 911 2898 979 θέλομεν
2947 908 3043 960 Δία
3096 905 3278 959 καλεῖν
3309 905 3399 956 τὸν
3425 905 3515 955 ἐπὶ
3557 905 3711 955 πᾶσι

2122 1007 2260 1070 θεὸν,
2295 1006 2401 1058 οὐδ’
2437 1003 2742 1056 Ἀπόλλωνα
2793 1001 2883 1052 τὸν
2915 999 3086 1069 ἥλιον,
3135 996 3240 1048 οὐδ’
3278 995 3543 1064 ’Ἄρτεμιν
3600 992 3712 1060 τὴν

2124 1099 2366 1168 σελήνην.
2417 1095 2575 1147 Ἀλλὰ
2608 1090 2852 1162 καθαρὰν
2877 1088 3155 1142 εὐσέϐειαν
3189 1088 3267 1148 εἱς
3292 1085 3383 1137 τὸν
3433 1083 3710 1153 δημιουρ-

2122 1186 2216 1254 γὸν
2245 1183 2558 1246 ἀσκοῦντες,
2607 1184 2698 1235 καὶ
2725 1181 2794 1234 τά
2825 1179 2964 1233 καλά
2997 1175 3162 1233 αὐτοῦ
3230 1174 3710 1246 δημιουργήματα

2123 1273 2510 1344 εὐφημοῦντες,
2527 1272 2642 1325 οὐδὲ
2667 1273 2827 1341 μέχρι
2848 1270 3108 1339 ὀνόματος
3129 1267 3418 1338 χραίνομεν
3447 1265 3518 1317 τὰ
3557 1264 3704 1316 θεῖα·

2122 1366 2502 1435 ἀποδεχόμενοι
2529 1363 2622 1416 τοῦ
2649 1363 2928 1423 Πλάτωνος
2947 1360 3038 1413 τὸν
3062 1362 3117 1412 ὲν
3133 1358 3366 1424 Φιλήϐῳ
3380 1357 3489 1428 (81)
3514 1357 3705 1424 λόγον,

2127 1457 2200 1526 μὴ
2225 1453 2574 1525 βουληθέντος
2605 1453 2703 1522 τὴν
2725 1451 2914 1522 ἡδονὴν
2943 1447 3340 1519 παραδέξασθαι
3369 1446 3489 1499 θεόν
3520 1463 3536 1477 ο
3586 1465 3604 1497 ι
3636 1446 3709 1497 Τὸ

2124 1547 2232 1618 γὰρ
2267 1546 2416 1616 ἐμὸν,
2468 1545 2619 1615 φησὶ,
2667 1543 2802 1606 δέος,
2834 1536 2878 1593 ὧ
2912 1542 3229 1612 Πρώταρχε,
3281 1539 3409 1609 περὶ
3447 1537 3518 1590 τά
3597 1537 3710 1588 τῶν
3747 1529 3750 1534 ’

2126 1639 2262 1692 θεῶν
2290 1639 2525 1707 ὀνόματα
2575 1636 2773 1689 τοιόνδε
2825 1636 2993 1688 ἐστίν.
3025 1653 3044 1686 ι
3105 1634 3294 1702 Ἡμεῖς
3333 1627 3426 1684 οὖν
3481 1629 3710 1700 ἀληθῶς

2127 1731 2320 1802 ἔχομεν
2348 1730 2464 1792 δέος
2487 1729 2614 1799 περὶ
2646 1729 2706 1781 τὸ
2738 1729 2908 1797 ὄνομα
2945 1727 3038 1780 τοῦ
3071 1725 3205 1795 Θεοῦ
3236 1724 3330 1777 καὶ
3366 1723 3473 1802 τῶν
3520 1722 3709 1775 καλῶν

2055 1807 2097 1861 Β
2126 1820 2288 1874 αὐτοῦ
2332 1820 2393 1891 δη
2404 1819 2842 1890 μιουργημὰτων,
2876 1818 2950 1880 ὡς
2987 1817 3117 1886 μηδὲ
3174 1815 3440 1884 προφάσει
3497 1829 3708 1884 τροποα

2124 1913 2309 1980 λογίας
2389 1910 2554 1981 μῦθόν
2588 1927 2708 1964 τινα
2745 1907 3146 1981 παραδέξασθαι
3207 1906 3299 1959 ἐπὶ
3365 1904 3543 1976 βλάϐῃ
3600 1904 3708 1957 τῶν

2123 2017 2278 2054 νεων.

2193 2093 2256 2145 Ei
2283 2092 2328 2144 δ’
2359 2091 2668 2154 ἀδεκάστως
2696 2090 2989 2158 ἀνεγνώκει
3019 2089 3114 2159 τὴν
3138 2088 3359 2159 Γραφὴν
3392 2089 3420 2139 6
3465 2085 3706 2146 Κέλσος,

2123 2185 2222 2235 οὐκ
2248 2183 2312 2236 ἂν
2350 2180 2500 2234 εἶπεν
2545 2202 2562 2233 ι
2617 2183 2714 2252 οὐχ
2750 2177 2837 2234 οἷα
2871 2181 3199 2250 ἀλληγορίαν
3248 2178 3602 2249 ἐπιδέχεσθαι
3632 2173 3705 2228 εἴ-

2124 2291 2210 2326 ναι
2249 2293 2266 2324 »
2295 2273 2362 2326 τά
2383 2274 2686 2344 γράμματα
2707 2273 2884 2343 ήμῶν.
2920 2271 3051 2324 Ἀπὸ
3075 2271 3182 2341 γὰρ
3202 2270 3309 2323 τῶν
3331 2269 3704 2340 προφητειῶν,

2124 2363 2182 2414 ὲν
2210 2358 2297 2424 αἷς
2331 2362 2400 2414 τὰ
2427 2363 2534 2415 ἀπὸ
2561 2362 2658 2431 τῆς
2692 2361 2929 2431 ἱστορίας
2953 2361 3282 2430 γέγραπται,
3314 2359 3412 2411 οὐκ
3448 2357 3565 2409 ἀπὸ
3613 2357 3710 2425 τῆς

2129 2454 2366 2523 ἱστορίας
2393 2454 2509 2504 ἐστὶ
2543 2452 2916 2522 προσαχθῆναι
2941 2451 3051 2520 (82)
3075 2451 3166 2503 καὶ
3189 2453 3307 2511 ταῖς
3339 2448 3609 2518 ἱστορίαις
3635 2446 3707 2508 ὡς

2127 2542 2312 2612 σκοπῷ
2328 2542 2680 2613 τροπολογίας
2699 2541 3131 2611 γεγραμμέναις,
3153 2540 3243 2592 καὶ¹
3262 2536 3551 2606 σοφώτατα
3568 2538 3708 2588 οἱκο-

2125 2632 2492 2704 νομηθεὶσαις·
2521 2631 2629 2702 (85)
2659 2631 3070 2702 ὲστοχασμένως
3094 2629 3187 2683 τοῦ
3219 2646 3276 2682 τε
3317 2627 3562 2699 πλήθους
3602 2627 3703 2678 τῶν

2127 2724 2488 2794 ἁπλούστερον
2518 2722 2896 2786 πιστευόντων,
2920 2722 3012 2774 καὶ
3044 2720 3151 2773 τῶν
3177 2722 3371 2789 ὀλίγων
3403 2720 3544 2791 μετὰ
3582 2734 3702 2770 συν·

2127 2819 2293 2878 έσεως
2332 2815 2602 2879 ἐξετάζειν
2643 2814 2712 2866 τὰ
2739 2814 3039 2884 πράγματα
3076 2813 3412 2883 βουλομένων
3440 2812 3474 2882 ἢ
3507 2812 3602 2864 καὶ
3620 2810 3702 2862 δυ-

2125 2897 2390 2976 ναμένων.
2419 2907 2528 2958 Kal.
2571 2905 2618 2957 εἱ
2659 2905 2756 2974 μὲν
2796 2907 2843 2956 οἱ
2889 2906 3126 2974 σήμερον
3173 2902 3518 2973 νομιζόμενοι
3566 2900 3701 2953 κατά

2127 2997 2332 3050 Κέλσον
2365 2997 2622 3057 ἐπιεικεῖς
2659 2995 2764 3047 ἀπὸ
2810 2994 3073 3047 Ἰουδαίων
3097 2996 3188 3046 καὶ
3221 2992 3566 3063 Χριστιανῶν
3601 2991 3704 3060 -ήλ-

2127 3088 2390 3158 ληγόρουν
2421 3088 2488 3140 τά
2517 3086 2894 3156 γεγραμμένα,
2925 3086 3064 3155 τάχα
3096 3085 3160 3138 ἂν
3192 3084 3412 3137 πιθανόν
3442 3101 3497 3135 τι
3534 3083 3702 3151 λέγειν

2131 3179 2405 3230 ὑπενοεῖτο
2435 3180 2463 3230 6
2509 3177 2714 3238 Κέλσος
2739 3194 2751 3206 ο
2795 3178 2916 3228 ἐπεὶ
2949 3177 2994 3228 δ’
3027 3177 3180 3228 αὐτοὶ
3226 3178 3274 3228 οἱ
3323 3175 3562 3245 πατέρες
3602 3173 3701 3224 τῶν

2127 3269 2412 3338 δογμάτων
2445 3271 2538 3322 καὶ
2573 3272 2906 3338 συγγραφεῖς
2933 3269 3002 3320 τὰ
3035 3266 3255 3320 τοιαῦτα
3294 3264 3700 3336 τροπολογοῦσι,

2127 3362 2180 3414 τί
2207 3363 2354 3414 ἐστιν
2387 3361 2512 3414 ἀλλο
2541 3360 2859 3428 ὑπονοῆσαι,
2901 3361 2932 3428 ἢ
2967 3360 3047 3411 ὅτι
3089 3357 3259 3420 οὕτως
3285 3357 3497 3428 ἐγράφη
3519 3396 3534 3421 ,
3572 3356 3702 3409 ὥστε

2127 3451 2570 3522 τροπολογεῖσθαι
2617 3450 2754 3503 αύτά
2803 3451 2940 3503 κατὰ
2982 3450 3071 3502 τὸν
3115 3447 3524 3519 προηγούμενον
3563 3446 3700 3511 νοῦν;

2141 3546 2322 3613 Ὀλίγα
2352 3545 2395 3597 δ’
2430 3544 2537 3598 ἀπὸ
2575 3543 2715 3595 πάνυ
2751 3541 2957 3595 πολλῶν
3007 3539 3435 3612 παραθησόμεθα
3465 3540 3605 3611 πρὸς
3648 3538 3702 3589 τὸ

2128 3637 2315 3701 δεῖξαι,
2346 3638 2427 3688 ὅτι
2462 3636 2636 3706 μάτην
2671 3638 2994 3702 συκοφαντεῖ
3025 3634 3152 3695 τοὺς
3183 3632 3372 3700 λόγους
3418 3635 3447 3684 6
3481 3632 3699 3692 Κέλσος,

2127 3729 2202 3791 ὡς
2236 3730 2332 3796 οὐχ
2361 3727 2504 3790 οἵους
2535 3743 2592 3778 τε
2618 3725 2961 3791 ἐπιδέξασθαι
3009 3725 3354 3794 ἀλληγορίαν.
3403 3725 3541 3793 Φησὶ
3586 3723 3644 3790 δὴ
3676 3723 3701 3773 6

2129 3817 2222 3871 τοῦ
2265 3817 2436 3888 Ἰησοῦ
2463 3817 2756 3879 ἀπόστολος
2778 3816 2987 3879 Παῦλος
3005 3834 3017 3845 ’
3043 3834 3065 3870 ι
3087 3817 3172 3868 Ἐν
3203 3814 3278 3884 τῷ
3312 3814 3460 3884 νόμῳ
3503 3814 3699 3884 γέγρα-

2130 3927 2278 3962 πται·
2313 3910 2386 3962 Οὐ
2417 3909 2680 3979 φιμώσεις
2711 3907 2836 3976 βοῦν
2869 3907 3127 3960 ἀλοῶντα·
3153 3907 3242 3977 Μὴ
3263 3905 3368 3958 τῶν
3403 3905 3539 3974 βοῶν
3560 3904 3696 3974 μέλει

2129 3999 2205 4069 τῷ
2214 4000 2348 4069 Θεῷ;
2360 3999 2428 4052 Ἣ
2451 4001 2516 4053 δι’
2537 4001 2684 4069 ἡμᾶς
2698 3999 2912 4060 πάντως
2922 3997 2976 4049 λέ
2984 4014 3087 4066 γει;
3105 3998 3179 4050 Δι’
3193 3998 3335 4067 ἡμᾶς
3348 3998 3417 4064 γά
3423 4015 3454 4068 ρ
3469 3997 3693 4068 ἐγράφη.

2127 4094 2207 4144 ὅτι
2257 4092 2454 4159 ὀφείλει
2501 4092 2586 4144 ἐπ’
2624 4090 2795 4143 ἐλπίδι
2830 4091 2857 4140 ὁ
2887 4089 3151 4160 ἀροτριῶν
3185 4091 3442 4160 ἀροτριᾷν
3465 4107 3478 4120 ο
3536 4090 3624 4141 καὶ
3671 4089 3695 4138 6

2128 4184 2301 4237 ἀλοῶν
2332 4183 2505 4238 ἐλπίδι
2541 4181 2649 4252 (84)
2673 4179 2767 4233 τοῦ
2799 4181 3066 4250 μετέχειν.
3099 4199 3117 4229 ι
3146 4180 3254 4232 Καὶ
3284 4179 3518 4248 ἀλλαχοῦ
3548 4193 3694 4248 φησιν

2128 4278 2155 4328 6
2187 4276 2366 4338 αὐτός·
2409 4293 2428 4324 ι
2461 4276 2772 4344 Γέγραπται
2807 4272 2936 4342 γὰρ,
2970 4273 3051 4324 ὅτι
3085 4272 3267 4323 ἕνεκεν
3311 4270 3498 4322 τούτου
3545 4285 3693 4322 κατα-

2102 4383 2104 4385 ·
2129 4366 2303 4435 λείψει
2334 4364 2618 4434 ἄνθρωπος
2647 4364 2736 4416 τὸν
2766 4363 2999 4435 πατέρα,
3045 4363 3139 4415 καὶ
3185 4362 3281 4432 τὴν
3318 4363 3527 4431 μητέρα
3551 4401 3564 4422 ,
3610 4360 3692 4410 καὶ

464 4447 691 4501 sterium
727 4448 827 4502 hoc
865 4465 1118 4518 magnum
1153 4461 1255 4517 est,
1292 4465 1393 4520 ego
1423 4460 1600 4504 autem
1639 4452 1760 4506 dico
1788 4451 1840 4506 in
1873 4451 2024 4506 Chri-

2134 4455 2665 4527 προσκολληθήσεται
2696 4455 2830 4525 πρὸς
2857 4454 2954 4525 τὴν
2978 4457 3207 4522 γυναῖκα
3234 4452 3417 4514 αὑτοῦ,
3449 4453 3540 4504 καὶ
3559 4452 3690 4503 ἔσον-

465 4551 548 4596 sto
575 4552 630 4597 et
657 4543 708 4595 in
740 4543 981 4598 Ecclesia
1008 4545 1074 4598 “.
1118 4562 1136 4594 ι
1171 4544 1236 4596 Ει
1274 4545 1404 4598 alibi
1443 4564 1454 4598 :
1490 4563 1508 4595 ι
1560 4544 1820 4599 Norimns
1848 4555 2024 4598 autem

462 4635 720 4702 quoniam
756 4644 940 4702 patres
968 4634 1136 4688 nostri
1159 4650 1346 4690 omnes
1378 4637 1478 4690 sub
1527 4636 1665 4690 nube
1693 4636 1933 4699 fuerunt,
1975 4645 2028 4689 et

464 4740 652 4780 omnes
684 4740 832 4779 mare
864 4727 1217 4790 transierunt,
1248 4736 1300 4780 et
1329 4741 1518 4780 omnes
1548 4727 1601 4780 in
1641 4726 1826 4796 Moyse
1853 4728 2028 4795 bapti—

466 4815 574 4870 zati
610 4825 737 4869 sunt
777 4815 831 4868 in
869 4816 1010 4870 nube
1039 4825 1093 4870 et
1123 4817 1180 4869 in
1212 4817 1346 4869 mari
1369 4815 1434 4869 ’³.
1476 4834 1495 4866 ι
1531 4816 1730 4870 Deinde
1760 4816 2027 4882 interpre-

465 4918 592 4962 tans
623 4908 880 4962 historias
906 4907 973 4961 de
998 4922 1194 4961 manna
1232 4918 1286 4962 et
1311 4909 1376 4962 de
1404 4923 1567 4976 aqua,
1618 4922 1739 4978 quae
1767 4923 1832 4960 ex
1880 4916 2029 4974 petra

465 4999 697 5055 mirifice
726 4997 1045 5066 proﬂuxisse
1077 4999 1336 5053 scribitur
1377 5020 1388 5054 :
1428 5017 1446 5050 ι
1490 5000 1554 5056 Et
1588 5013 1797 5065 omnes,
1832 4999 2026 5067 inquit,

461 5093 708 5148 eatndem
733 5104 910 5146 escam
939 5090 1239 5159 spiritalem
1267 5091 1816 5152 manducaverunt,et
1838 5104 2028 5144 omnes

459 5187 707 5243 eumdem
743 5193 926 5253 potum
949 5182 1248 5250 spiritalem
1292 5183 1564 5236 biberunt.
1593 5182 1857 5236 Bibehant
1880 5183 2024 5236 enim

460 5282 529 5336 de
583 5276 814 5347 spiritali
860 5284 1224 5344 consequente
1271 5289 1365 5328 eos
1406 5285 1598 5342 petra;
1653 5282 1805 5343 petra
1844 5283 2024 5327 autem

2134 4566 2221 4600 ται
2250 4550 2297 4600 οἱ
2326 4547 2418 4598 δύο
2450 4549 2528 4609 είς
2559 4546 2734 4616 σάρκα
2768 4546 2912 4615 μίαν.
2947 4546 3019 4596 Τὸ
3055 4546 3348 4615 μυστήριον
3378 4544 3534 4597 τοῦτο
3564 4541 3690 4612 μέγα

2136 4641 2299 4693 ἐστίν·
2329 4638 2440 4706 ἐγὼ
2474 4639 2531 4690 δὲ
2562 4637 2704 4705 λέγω
2734 4639 2812 4699 εἰς
2840 4636 3076 4706 Χριστὸν
3105 4639 3198 4688 καὶ
3244 4639 3323 4698 εἱς
3353 4637 3450 4707 τὴν
3489 4633 3691 4699 Ἐκκλη-

2137 4732 2276 4784 σίαν.
2322 4750 2339 4779 ι
2379 4731 2487 4783 Καὶ
2524 4729 2683 4782 πάλιν
2715 4729 2772 4781 ἐν
2801 4727 2942 4797 ἄλλῳ
2966 4728 3131 4797 τόπῳ·
3173 4747 3191 4777 ι
3245 4726 3462 4797 οἴδαμεν
3492 4727 3546 4778 δὲ
3569 4765 3582 4786 ,
3613 4721 3688 4775 δτι

2136 4824 2184 4874 οἱ
2220 4821 2453 4891 πατέρες
2490 4823 2522 4890 ή
2534 4819 2648 4889 μῶν
2678 4819 2876 4881 πάντες
2906 4818 3008 4871 ὑπὸ
3036 4817 3132 4888 τήν
3162 4817 3388 4886 νεφέλην
3420 4813 3576 4887 ἦσαν,
3609 4813 3689 4865 καί

2137 4913 2336 4974 πάντες
2365 4911 2455 4964 διὰ
2485 4910 2583 4980 τῆς
2612 4909 2886 4980 θαλάσσης
2913 4909 3146 4978 διῆλθον,
3171 4909 3265 4962 καὶ
3289 4909 3487 4972 πάντες
3509 4910 3584 4970 εἱς
3609 4904 3689 4956 τὸν

2136 5003 2370 5073 Μωῦσῆν
2401 5001 2779 5065 ἐϐαπτίσαντο,
2816 5004 2874 5053 ὲν
2923 5002 2988 5070 τῇ
3017 5000 3210 5071 νεφέλῃ
3261 5001 3354 5053 καὶ
3403 5000 3462 5051 ἐν
3503 5001 3565 5068 τῇ
3602 4996 3686 5048 θα-

2135 5093 2327 5165 λάσσῃ.
2372 5112 2390 5143 ι
2419 5088 2532 5144 Εἶθ’
2567 5091 2882 5163 ἑρμηνεύων
2910 5090 3007 5161 τὴν
3041 5091 3168 5161 περὶ
3209 5088 3302 5142 τοῦ
3357 5089 3528 5158 μάννα
3563 5089 3687 5136 ἱστο-

2137 5184 2278 5254 ρίαν,
2309 5184 2404 5236 καὶ
2429 5182 2525 5254 τὴν
2565 5182 2692 5253 περὶ
2723 5181 2816 5234 τοῦ
2847 5181 3037 5243 ὓδατος
3066 5183 3130 5234 ὲκ
3163 5180 3367 5252 πέτρας
3397 5175 3686 5248 ἐξεληλυθέ-

2136 5292 2221 5326 ναι
2283 5273 2772 5344 ἀναγεγραμμένον
2834 5271 3183 5342 παραδόξως,
3234 5272 3458 5326 τοιαῦτα
3513 5269 3683 5338 λέγει’

531 5423 573 5455 ⁸¹
609 5420 630 5474 l
659 5420 786 5474 Cor.
830 5436 905 5484 ix,
938 5417 990 5481 9,
1021 5418 1105 5471 10.
1183 5419 1227 5447 ²²
1261 5417 1455 5486 Ephes.
1489 5433 1538 5481 ν,
1571 5417 1658 5480 51,
1691 5416 1776 5469 '52.
1859 5416 1902 5446 ³³
1928 5417 1942 5468 Ι
1969 5417 2092 5471 Cor.
2120 5433 2176 5481 χ,
2208 5420 2257 5471 1.

534 5554 777 5674 (ῗίχὶξν
818 5553 1073 5620 Φιλήϐῳ.
1119 5554 1251 5608 Vide
1303 5553 1674 5606 adnotationes
1725 5553 1789 5604 ad
1850 5553 1920 5604 lil)
1986 5568 2024 5616 ι,

464 5639 534 5676 nu
562 5642 612 5675 ιι.
649 5639 735 5674 2:).

537 5692 646 5758 (8:3)
685 5693 831 5762 Lilili.
870 5693 995 5745 editi
1030 5693 1080 5745 in
1118 5694 1374 5762 margine,
1404 5693 1498 5762 οὐχ
1523 5693 1594 5754 ὡς
1625 5691 1732 5746 ἀπὸ
1761 5693 1856 5762 τῆς
1892 5693 2032 5743 ἱστο-

465 5762 585 5832 ρίας
618 5760 730 5812 ἐστὶ
758 5762 1078 5832 πραχθῆναι.

2209 5553 2320 5623 (85)
2359 5551 2697 5623 Ιιωεριιθιὶιιε
2731 5551 2781 5602 in
2822 5559 2988 5623 textu,
3019 5549 3450 5623 οἰκονομηθῆναι.

2211 5610 2321 5686 (84)
2365 5623 2621 5688 angatus
2642 5621 2882 5686 Apostoli
2917 5610 3112 5679 textus,
3142 5610 3231 5670 καὶ
3258 5610 3283 5670 ό
3308 5610 3476 5672 ἀλοῶν
3499 5617 3590 5685 τῆς
3609 5610 3683 5664 ἐλ-

2140 5693 2286 5754 πίδος
2315 5691 2475 5744 αὑτοῦ
2513 5690 2777 5758 μετέχειν,
2808 5689 2891 5741 ἐπ’
2921 5688 3110 5741 ἐλπίδι.
3675 5707 3728 5744 ω
