3986 6164
399 324 425 376 1
444 325 564 382 109

1587 312 1869 370 CONTRA
1906 310 2185 367 CELSUM
2225 309 2352 364 LIB.
2396 308 2482 364 Ν.

3537 294 3676 348 1110

401 458 423 490 ι
466 441 597 493 Καὶ
642 441 844 502 πάντες
893 439 951 492 τὸ
992 439 1127 491 αὐτὸ
1155 436 1348 508 βρῶμα
1383 438 1754 505 πνευματικὸν
1780 437 1995 504 ἔφαγον,

2107 443 2224 487 erat
2257 432 2508 486 Christus
2530 428 2598 480 “.
2642 447 2658 478 ι
2698 424 2837 490 Quin
2866 431 2920 476 et
2967 420 3143 488 Asaph
3183 425 3580 472 memoraturus
3619 418 3670 468 iu

394 532 513 582 καὶ
569 531 769 593 πάντες
805 531 866 583 τὸ
914 530 1044 583 αὐτὸ
1089 519 1452 598 πνευματικὸν
1476 528 1625 579 ἔπιον
1655 528 1821 597 πόμα.
1854 528 2007 577 Ἔπι-

393 636 503 673 νον
543 622 656 692 γὰρ
700 623 764 673 ὲκ
813 619 1186 690 πνευματικῆς
1227 617 1626 686 ἀκολουθούσης
1675 618 1877 687 πέτρας
1904 635 1916 646 ·
1967 619 2000 685 ή

394 713 602 786 πέτρα
633 715 688 766 δὲ
717 709 784 785 ἦν
810 715 837 764 6
859 711 1109 783 Χριστός.
1151 729 1166 759 ι
1213 708 1492 779 Παριστάς
1523 707 1579 760 δὲ
1610 708 1637 758 6
1680 708 1880 773 Ἀσάφ,
1901 769 1904 772 ι
1924 707 2004 757 ὅτι

395 805 788 875 προϐλήματα
817 802 910 855 καὶ
941 799 1240 874 παραϐολαί
1279 800 1414 850 είσιν
1445 800 1499 850 αἱ
1543 795 1682 849 κατὰ
1718 795 1814 865 τὴν
1844 786 2003 860 "Ego-

395 892 504 945 δον
695 893 922 962 ἱστορίαι
955 891 1048 944 καὶ
1079 891 1205 952 τοὺς
1249 887 1560 960 Ἀριθμοὺς,
1597 887 1669 948 ὼς
1704 888 1761 938 ὲν
1809 888 1875 955 τῇ
1922 883 2003 952 βί-

397 982 533 1055 ϐλῳ
563 983 671 1036 τῶν
689 981 932 1052 Ψαλμῶν
959 981 1284 1051 γέγραπται,
1315 977 1518 1047 μέλλων
1539 976 1644 1028 τῶν
1672 974 1849 1027 αὐτῶν
1875 975 2005 1026 ὑπο-

403 1073 827 1145 μιμνήσκεσθαι
859 1072 989 1143 (86),
1019 1070 1208 1124 τοῦτον
1239 1069 1650 1140 προοιμιάζεται
1673 1067 1762 1118 τὸν
1782 1065 1998 1136 τρόπον’

405 1181 427 1213 ι
460 1161 795 1234 Προσέχετε,
821 1162 944 1225 λαός
975 1161 1186 1231 μου,τῷ
1210 1160 1358 1229 νόμῳ
1394 1176 1493 1228 μου
1530 1157 1661 1228 (87),
1696 1156 1909 1209 κλίνατε
1940 1154 2001 1207 τδ

2109 527 2246 580 libro
2275 523 2615 578 Psahnorum
2647 518 2899 572 historias
2946 529 3065 583 qua:
3091 514 3143 565 in
3176 509 3342 566 Exodi
3383 518 3438 564 et
3469 510 3521 560 in
3565 507 3675 560 Nu—

2111 631 2380 669 merorum
2415 613 2567 667 libris
2597 617 2894 664 narrantur
2919 647 2932 672 ,
2976 606 3077 659 hac
3122 600 3438 670 praefatione
3483 599 3670 659 utitur,

2107 722 2212 775 qua
2239 707 2394 759 docet
2421 705 2472 757 in
2503 705 2582 757 eis
2603 702 2932 770 qumstiones
2961 694 3228 750 contineri
3252 692 3408 762 quasi
3447 691 3676 758 parabo-

2108 794 2175 847 lis
2219 793 2487 851 iuvolutas
2515 808 2552 858 ‘:
2611 808 2630 841 ι
2681 785 2989 849 Attendite,
3044 782 3236 853 popule
3268 796 3418 835 meus
3443 817 3459 845 ,
3497 779 3672 847 legem

2114 899 2311 946 meam,
2345 883 2599 935 inclinate
2638 895 2822 933 aurem
2853 886 3090 931 vestram
3127 875 3180 927 in
3221 873 3382 928 verba
3409 872 3520 926 oris
3548 869 3674 934 mei;

2111 974 2352 1042 aperiam
2390 972 2442 1023 in
2483 969 2758 1037 parabolis
2787 965 2946 1036 542
2976 980 3036 1020 os
3072 979 3274 1026 meum,
3307 961 3500 1030 loquar
3548 974 3677 1029 pro—

2111 1065 2406 1134 positiones
2436 1063 2504 1116 ab
2541 1059 2715 1123 initio;
2745 1066 2948 1126 quanta
2978 1055 3284 1109 audivimus
3323 1062 3377 1107 et
3409 1052 3638 1122 cognovi
3661 1084 3674 1090 -

2110 1170 2228 1208 mus
2256 1168 2317 1206 ea
2349 1160 2400 1206 et
2433 1160 2615 1221 patres
2651 1148 2822 1202 nostri
2849 1145 3305 1198 annuntiaverunt
3337 1144 3489 1198 nobis
3520 1143 3587 1195 ³⁵.
3646 1159 3665 1192 ι

398 1252 509 1319 οὖς
545 1233 699 1327 ὑμῶν
727 1259 806 1318 είς
846 1255 914 1307 τά
947 1256 1164 1325 ῥήματα
1203 1253 1298 1305 τοῦ
1345 1251 1610 1321 στόματός
1655 1267 1776 1321 μου·
1811 1249 2006 1314 ἀνοίξω
2039 1250 2095 1301 ἐν
2134 1245 2468 1318 παραϐολαῖς
2518 1241 2580 1295 τὸ
2618 1240 2790 1311 στόμα
2823 1256 2946 1310 μου,
2977 1233 3275 1305 φθέγξομαι
3319 1234 3677 1306 προϐλήματα

401 1347 514 1399 ἀπ’
551 1347 863 1416 ἀρχῆς,ὄσα
896 1345 1208 1414 ἠκούσαμεν
1240 1343 1332 1396 καὶ
1363 1343 1606 1413 ἔγνωμεν
1634 1342 1792 1405 αὐτὰ,
1820 1341 1912 1392 καὶ
1944 1343 1991 1392 οἱ
2023 1339 2256 1409 πατέρες
2289 1336 2444 1407 ἡμῶν
2474 1334 2797 1404 διηγήσαντο
2829 1332 2978 1399 ἡμῖν.
3020 1348 3040 1380 ›

504 1439 669 1494 Ἀλλά
689 1439 803 1501 καὶ,
821 1439 977 1508 εἴπερ
997 1440 1025 1491 6
1057 1437 1332 1500 Μωῦσέως
1356 1437 1517 1508 νόμος
1549 1435 1712 1507 μηδὲν
1740 1432 1881 1505 εἶχεν
1909 1437 2002 1504 εγ-

403 1529 804 1600 γεγραμμένον
838 1529 903 1580 δι’
939 1528 1196 1580 ὑπονοιῶν
1227 1527 1572 1598 δηλούμενον,
1594 1527 1790 1601 οὐκᾶν
1823 1529 1851 1578 ὁ
1875 1543 2003 1599 προ-

407 1621 601 1690 φήτης
630 1621 918 1690 εὐχόμενος
941 1619 1092 1688 ἔλεγε
1124 1619 1201 1690 τῷ
1232 1619 1367 1689 Θεῷ·
1405 1638 1422 1669 ι
1478 1618 1846 1686 ’Λποκάλυψον
1877 1620 2005 1681 τοὺς

406 1711 734 1780 ὀφθαλμούς
768 1727 889 1781 μου,
924 1711 1017 1764 καὶ
1048 1713 1366 1781 κατανοήσω
1397 1711 1772 1781 τάθαυμάσιά
1805 1728 1897 1762 σου
1940 1713 2002 1762 ἐκ

407 1801 518 1854 τοῦ
553 1803 714 1872 νόμου
749 1819 862 1854 σου.
907 1821 924 1852 ι
960 1802 1094 1854 Νυνὶ
1118 1802 1174 1854 δὲ
1199 1801 1347 1871 ᾔδει,
1383 1803 1464 1854 ὅτι
1504 1802 1617 1854 ἔστι
1653 1820 1704 1854 τι
1743 1802 2002 1871 κάλυμμα

409 1893 646 1960 ἀγνοίας
680 1895 736 1946 ὲν
769 1897 833 1963 τῇ
869 1894 1064 1963 καρδία
1097 1893 1204 1967 τῶν
1239 1895 1770 1962 ἀναγιγνωσκόντων,
1807 1895 1900 1946 καὶ
1930 1894 2002 1964 μὴ

411 1983 712 2036 συνιέντων
764 1985 833 2036 τά
883 1983 1384 2054 τροπολογούμενα,
1439 1985 1818 2055 ἐπικείμενον’
1867 1987 2002 2056 ὅπερ

409 2074 687 2143 κάλυμμα
716 2078 1100 2145 περιαιρεῖται,
1133 2075 1226 2126 τοῦ
1275 2075 1408 2127 Θεοῦ
1442 2075 1815 2146 δωρουμένου,
1864 2077 2000 2130 ὲπάν

406 2164 700 2234 ἐπακούσῃ
736 2164 828 2217 τοῦ
878 2165 986 2235 (88)
1034 2168 1164 2237 παρ’
1212 2167 1404 2218 ἑαυτοῦ
1450 2167 1623 2220 πάντα
1658 2169 1998 2238 ποιήσαντος,

408 2255 515 2308 καὶ
545 2254 632 2308 διὰ
675 2255 772 2326 τὴν
820 2255 933 2322 ἕξιν
980 2256 1048 2309 τὰ
1085 2256 1411 2328 αἰσθητήρια
1459 2261 1832 2328 γυμνάσαντος
1867 2261 2002 2330 πρὸς

407 2345 686 2417 διάκρισιν
718 2347 882 2400 καλοῦ
917 2349 1010 2399 καὶ
1042 2348 1233 2411 κακοῦ,
1269 2351 1363 2401 καὶ
1410 2351 1464 2401 ὲν
1513 2353 1577 2420 τῇ
1613 2351 1743 2420 εὐχῇ
1779 2351 1998 2420 συνεχέ-

414 2453 598 2488 στατα
644 2437 950 2506 φήσαντος,
1017 2458 1034 2488 ι
1106 2439 1477 2507 Ἀποκάλυψον
1531 2441 1656 2502 τοὺς
1693 2439 2000 2510 ὀφθαλμούς

411 2541 547 2593 μου,
579 2524 672 2576 καὶ
707 2525 1030 2593 κατανοήσω
1058 2524 1125 2576 τὰ
1157 2524 1436 2593 θαυμάσιά
1469 2541 1561 2576 σου
1607 2527 1670 2577 ἐκ
1703 2524 1795 2577 τοῦ
1835 2527 1997 2594 νόμου

409 2630 539 2666 σου.
587 2632 606 2664 ι
643 2612 736 2675 Τίς
767 2613 810 2665 δ’
852 2613 1273 2682 ἀναγιγνώσκων
1305 2614 1570 2684 δράκοντα
1607 2617 1664 2667 ὲν
1707 2615 1782 2684 τῷ
1832 2616 1998 2682 Αἰγυ-

410 2703 561 2771 πτίῳ
590 2701 815 2773 ποταμῷ
841 2702 1038 2768 ζῶντα,
1074 2704 1168 2756 καὶ
1196 2706 1320 2767 τοὺς
1356 2703 1542 2774 ἰχθύας
1588 2704 1999 2774 ἐμφωλεύοντας

405 2793 584 2846 αὐτοῦ
617 2797 734 2858 ταῖς
760 2794 988 2862 φολίσιν,
1030 2796 1201 2865 ἢάπὸ
1247 2795 1354 2848 τῶν
1409 2797 1860 2867 προχωρημάτων
1904 2798 1997 2850 τοῦ

404 2883 614 2954 Φαραὼ
647 2883 997 2954 πληρούμενα
1030 2886 1099 2938 τὰ
1116 2884 1392 2952 Αἰγύπτου
1427 2885 1549 2955 ὅρη,
1592 2887 1652 2938 οὐ
1698 2886 1998 2957 προάγεται

405 2974 643 3028 αὐτόθεν
677 2976 811 3046 πρὸς
841 2977 902 3029 τὸ
946 2976 1211 3046 ζητῆσαι,
1256 2975 1340 3038 τίς
1370 2976 1398 3026 6
1431 2976 1703 3028 τοσούτων
1750 2977 1998 3031 δυσωδῶν

409 3081 678 3138 προχωρη
688 3066 878 3136 μάτων
900 3059 1062 3120 αὐτοῦ
1094 3065 1197 3136 πλη
1208 3065 1314 3135 ρῶν
1336 3065 1404 3118 τὰ
1419 3066 1728 3132 Αἰγυπτίων
1756 3066 1878 3138 ὅρη·
1905 3069 1997 3120 καὶ

410 3158 539 3209 τίνα
565 3157 631 3210 τὰ
655 3156 762 3209 τῶν
789 3157 1099 3255 Altamin
1125 3156 1246 3226 δρηο
1281 3156 1372 3210 καὶ
1406 3155 1550 3219 τίνες
1576 3156 1624 3208 οἱ
1648 3157 1704 3208 ὲν
1735 3156 1994 3227 Αἰγύπτῳ
2024 3193 2069 3255 c

411 3246 673 3316 ποταμοὶ,
706 3247 832 3316 περὶ
865 3239 939 3299 ὧν
967 3244 1149 3314 αὐχῶν
1181 3244 1328 3312 λέγει
1375 3245 1404 3296 6
1447 3245 1840 3316 προειρημένος
1887 3247 1992 3298 Φα-

416 3335 556 3407 ραὼ,
596 3356 613 3388 ι
664 3336 813 3405 Ἐμοί
846 3337 981 3388 εἰσιν
1011 3336 1060 3387 οἱ
1091 3335 1343 3403 ποταμοὶ,
1375 3335 1468 3386 καὶ¹
1497 3333 1606 3402 ἐγὼ
1637 3336 1870 3406 ἐποίησα
1902 3335 1998 3389 αὑ-

409 3426 562 3488 τούς·
608 3445 626 3477 ι
665 3427 757 3479 καὶ
788 3426 871 3488 τίς
914 3426 942 3476 6
985 3423 1244 3490 ἀνάλογον
1291 3426 1404 3486 τοῖς
1455 3424 1997 3495 ἀποδειχθησομένοις

410 3517 526 3570 ἀπὸ
548 3517 644 3586 τῆς
695 3515 988 3586 ἑρμηνείας
1020 3516 1285 3584 ποταμοῖς
1314 3513 1561 3585 δράκων·
1617 3515 1710 3569 καὶ
1760 3517 1902 3580 τίνες
1945 3522 1994 3571 οἱ

410 3609 474 3660 ἐν
520 3610 639 3670 ταῖς
685 3605 897 3675 φολίσιν
949 3602 1114 3656 αὐτοῦ
1169 3603 1368 3673 ἰχθύες
1414 3605 1524 3656 Καὶ
1562 3606 1613 3659 τί
1671 3623 1738 3676 με
1787 3607 1866 3659 δεῖ
1907 3608 1996 3659 ἐπὶ

409 3699 638 3753 πλείονα
677 3699 1109 3762 κατασκευάζειν
1142 3697 1210 3751 τὰ
1255 3697 1328 3768 μὴ
1371 3698 1597 3767 δεόμενα
1631 3702 1994 3771 κατασκευῆς

408 3792 499 3859 ἐφ’
535 3785 616 3854 οἷς
641 3791 854 3858 λέγεται
888 3791 967 3856 τὸ,
1005 3811 1023 3841 ι
1065 3789 1386 3861 Τίςισοφὸς,
1421 3789 1515 3840 καὶ
1550 3791 1768 3861 συνήσει
1801 3790 1993 3856 ταῦτα;

410 3883 444 3952 ἢ
491 3881 734 3946 συνετὸς,
765 3882 858 3934 καὶ
884 3880 1246 3948 ἐπιγνώσεται
1278 3880 1437 3944 ain-dt;
1481 3900 1498 3930 ι
1549 3881 1672 3932 Ἐπὶ
1724 3881 1903 3934 πλεῖον
1949 3883 1993 3935 δ’

410 3972 654 4039 ἐξέτεινα
704 3972 795 4024 τὸν
852 3971 1006 4038 λόγον
1036 4011 1051 4036 ,
1118 3970 1436 4041 βουλόμενος
1491 3970 1867 4041 παραστῆσαι,
1921 3971 1994 4043 μὴ

412 4061 585 4128 ὑγιῶς
626 4061 872 4132 εἰρῆσθαι
924 4061 1000 4130 τῷ
1041 4060 1270 4130 Κέλσῳ,
1314 4063 1397 4114 ὃτι
1447 4080 1464 4112 ι
1506 4062 1554 4114 οἱ
1600 4061 1993 4132 ἐπιεικέστεροι

424 4149 696 4203 Ἰουδαίων
717 4149 809 4202 καὶ
836 4149 1176 4220 Χριστιανῶν
1206 4149 1502 4219 πειρῶνταί
1528 4167 1642 4212 πως
1675 4149 1993 4220 ἀλληγορεῖν

411 4238 573 4304 αὐτὰ,
613 4239 795 4292 ἔστιδ’
827 4240 922 4309 οὐχ
957 4235 1043 4292 οἷα
1088 4239 1414 4309 ἀλληγορίαν
1466 4238 1808 4311 ἐπιδέχεσθαι
1840 4257 1990 4304 τινα,

411 4329 528 4383 ἀλλ’
590 4328 846 4400 ἄντικρυς
907 4327 1244 4398 εὐηθέστατα
1275 4328 1402 4399 ’(89)
1450 4327 1906 4399 μεμυθολόγηται.
1968 4349 1986 4380 ι

412 4418 600 4490 Πολλῷ
616 4420 724 4490 γὰρ
755 4418 954 4490 μᾶλλον
977 4419 1044 4472 τά
1078 4419 1342 4489 Ἑλλήνων
1363 4420 1423 4472 οὐ
1453 4419 1611 4490 μόνον
1636 4419 1988 4489 εύηθέστατα,

2181 1433 2268 1487 50.
2296 1433 2561 1486 Praeterea
2587 1428 2635 1484 si
2658 1425 2790 1480 nihil
2819 1425 3075 1479 reconditi
3100 1426 3321 1479 haberet
3350 1423 3432 1477 lex
3457 1421 3674 1490 Moysi59

2109 1535 2256 1575 certe
2292 1521 2554 1590 prepheta
2589 1529 2695 1569 non
2725 1514 2931 1567 diceret
2967 1512 3107 1566 inter
3135 1512 3396 1567 orandum
3447 1528 3460 1563 :
3505 1528 3523 1559 ‹
3571 1509 3678 1562 Re-

2109 1613 2222 1668 vela
2256 1611 2442 1666 oculos
2480 1623 2650 1673 meos,
2689 1617 2743 1662 et
2768 1605 3129 1660 considerabo
3163 1602 3433 1656 mirabilia
3464 1601 3530 1655 de
3560 1602 3675 1668 lege

2111 1711 2197 1754 tua
2231 1701 2298 1753 ¹⁶.
2338 1718 2356 1751 ι
2390 1697 2542 1752 Nunc
2568 1705 2746 1750 autem
2789 1696 2995 1750 sciebat
3045 1691 3314 1762 quoddam
3358 1689 3676 1759 ignorantiae

2108 1792 2350 1847 velamen
2377 1790 2637 1860 praetendi
2667 1788 2927 1844 cordibus
2956 1799 3140 1838 eorum
3194 1784 3283 1852 qui
3310 1783 3546 1852 legentes
3570 1796 3673 1834 non

2109 1883 2412 1952 intelligunt
2436 1883 2563 1950 quid
2592 1880 2693 1934 sub
2727 1878 3003 1947 allegoriis
3056 1876 3239 1928 lateat.
3278 1872 3431 1939 Quod
3457 1873 3672 1941 quidem

2107 1973 2352 2026 velamen
2386 1971 2607 2034 tollitur,
2635 1969 2808 2035 gratia
2844 1967 2969 2030 Dei,
3005 1980 3126 2020 cum
3171 1963 3398 2018 exaudit
3431 1977 3552 2017 eum
3581 1963 3674 2029 qui

2105 2078 2289 2122 mente
2318 2068 2368 2120 in
2397 2080 2455 2120 se
2493 2065 2719 2120 collecta
2761 2062 2944 2117 omnia
2989 2059 3216 2122 fecerit,
3267 2058 3466 2126 quique
3518 2055 3672 2124 longa

2103 2160 2490 2215 exercitatione
2517 2170 2708 2212 sensus
2732 2156 2797 2208 ad
2827 2154 3023 2207 bonum
3067 2166 3131 2204 ex
3166 2151 3305 2204 malo
3351 2152 3673 2205 discernen-

2103 2254 2227 2306 dum
2257 2248 2627 2312 assuefecerit,
2663 2253 2718 2300 et
2748 2246 2800 2298 in
2833 2243 3086 2311 precibus
3121 2241 3560 2294 constantissime
3589 2255 3674 2293 re.

2104 2344 2319 2412 petierit
2347 2363 2358 2396 :
2401 2359 2418 2391 (
2451 2338 2646 2393 Revela
2675 2335 2858 2391 oculos
2890 2347 3058 2396 meos,
3095 2342 3150 2386 et
3181 2333 3539 2386 considerabo
3567 2331 3672 2383 mi-

2105 2434 2292 2488 rabilia
2317 2434 2380 2487 de
2406 2433 2524 2499 lege
2551 2441 2662 2484 tua.
2701 2446 2719 2479 ι
2752 2425 2946 2492 Ecquis
2970 2433 3148 2476 autem
3175 2422 3354 2490 legens
3377 2423 3668 2477 draconem

2104 2525 2156 2578 in
2187 2524 2405 2594 zEgypti
2449 2523 2610 2576 ﬂuvio
2641 2522 2912 2574 viventem
2940 2558 2954 2582 ,
2994 2527 3047 2572 et
3081 2517 3256 2586 pisces
3288 2514 3388 2570 sub
3429 2516 3672 2582 squamis

2102 2616 2217 2685 ejus
2231 2615 2501 2668 latitantes
2515 2615 2583 2677 ’⁷,
2602 2625 2687 2666 aut
2704 2612 2917 2683 Aigypti
2936 2620 3142 2665 montes
3159 2609 3514 2664 excrementis
3536 2608 3669 2660 Pha-

2104 2708 2283 2762 raonis
2310 2707 2551 2775 oppletos
2586 2707 2681 2770 ’7',
2719 2721 2821 2757 non
2855 2703 3039 2758 statim
3069 2711 3315 2756 movetur
3367 2702 3432 2754 ad
3476 2701 3656 2768 inqui-

2103 2800 2327 2853 rendum
2371 2799 2492 2866 quis
2536 2797 2626 2851 ille
2687 2797 2754 2850 sit
2801 2797 2892 2867 qui
2945 2803 3155 2851 montes
3198 2793 3479 2862 Egyptios
3533 2790 3672 2843 male

2101 2891 2370 2946 olentibus
2395 2889 2727 2943 stercoribus
2753 2888 2994 2956 impleat,
3029 2888 3248 2956 quinam
3277 2885 3383 2938 sint
3409 2882 3482 2935 illi
3517 2897 3672 2935 mon-

2099 2995 2178 3039 tes
2213 2981 2474 3052 Egyptii,
2502 2980 2723 3048 quinam
2758 2978 2995 3048 AZgyptii
3022 2978 3191 3040 ﬂuvii,
3223 2976 3289 3028 de
3315 2974 3510 3041 quibus
3535 2971 3669 3025 Pha-

2097 3069 2198 3128 rao
2222 3073 2308 3127 ille
2332 3071 2694 3140 iactabundus
2726 3071 2891 3124 dicit:
2923 3087 2940 3119 ι
2978 3068 3077 3122 Mei
3111 3076 3235 3120 sunt
3261 3065 3347 3120 isti
3384 3063 3567 3127 ﬂuvii,
3617 3072 3670 3114 et

2099 3179 2199 3234 ego
2223 3163 2328 3217 l‘cci
2358 3177 2455 3216 eos
2485 3161 2552 3221 '3;
2596 3180 2613 3210 ι
2646 3161 2766 3229 quis
2797 3159 2958 3214 etiam
2993 3157 3083 3211 ille
3129 3157 3295 3210 draco
3320 3195 3333 3218 ,
3370 3168 3530 3223 quem
3571 3167 3669 3221 par

2099 3256 2204 3310 erit
2237 3252 2577 3322 interpretari
2644 3253 2741 3316 ita,
2801 3258 2856 3303 ut
2913 3247 3197 3302 ﬂuviorum
3239 3245 3667 3314 interpretationi

2100 3344 2442 3415 respondeat;
2471 3352 2746 3412 postremo
2777 3340 2998 3409 quinam
3047 3340 3157 3392 sint
3187 3338 3260 3391 illi
3309 3338 3486 3407 pisces
3506 3377 3520 3401 ,
3575 3336 3667 3404 qui

2100 3438 2201 3491 sub
2249 3438 2490 3505 squamis
2531 3435 2642 3501 ejus
2687 3430 3062 3487 delitescunt?
3094 3431 3202 3485 Sed
3249 3429 3378 3499 quid
3413 3445 3550 3498 opus
3585 3439 3670 3482 est

2100 3524 2342 3596 pluribus
2371 3534 2634 3590 astruere,
2669 3539 2790 3592 qua;
2828 3523 2974 3576 nulla
3002 3532 3162 3593 egent
3199 3521 3521 3590 probatione
3549 3561 3563 3584 ,
3614 3529 3674 3574 et-

2100 3617 2164 3671 de
2199 3617 2394 3684 quibus
2416 3617 2616 3670 dictum
2651 3625 2732 3670 est
2766 3634 2779 3668 :
2826 3635 2844 3668 ι
2887 3615 3018 3682 Quis
3047 3614 3265 3682 sapiens
3308 3620 3364 3666 et
3405 3611 3669 3680 intelliget

2099 3709 2229 3764 ista?
2256 3707 2562 3776 intelligens
2589 3716 2643 3762 et
2673 3707 2806 3762 sciet
2841 3707 2954 3761 haec
2991 3705 3061 3757 '9?
3099 3722 3117 3755 ›
3152 3702 3332 3756 Visum
3359 3711 3442 3756 est
3486 3710 3665 3756 tamen

2097 3800 2248 3870 plura
2277 3799 2380 3852 hoc
2411 3797 2532 3852 loco
2559 3798 2762 3862 dicere,
2785 3811 2893 3866 quo
2921 3795 3347 3850 demonstrarent
3367 3807 3528 3862 quam
3558 3809 3662 3846 non

2096 3901 2242 3945 recte
2271 3891 2458 3945 Celsus
2499 3888 2846 3943 aliirmaverit
2896 3905 2914 3938 ι
2971 3901 3064 3941 eos
3134 3885 3224 3954 qui
3277 3885 3418 3938 inter
3450 3883 3665 3939 Judaeos

2094 3983 2537 4051 Christianosque
2577 3980 2932 4035 modestiores
2973 3989 3131 4044 sunt,
3164 3980 3235 4033 'ea
3275 3976 3457 4033 omnia
3493 3975 3668 4042 quali~

2093 4089 2304 4143 cunque
2333 4074 2494 4128 modo
2526 4073 2710 4128 conari
2748 4071 3021 4140 allegoriis
3062 4070 3380 4138 explicare;
3418 4067 3664 4136 quaedam

2095 4177 2274 4220 autem
2306 4180 2428 4220 esse
2450 4179 2570 4232 quae
2595 4162 2905 4218 nullomodo
2933 4161 3240 4230 allegoriam
3275 4159 3386 4228 pati
3414 4166 3662 4226 possunt,

2095 4264 2277 4324 utpote
2307 4271 2425 4324 quae
2451 4261 2576 4308 sunt
2601 4252 2950 4320 iueptissimae
2979 4251 3195 4305 fabulae.
3248 4270 3266 4297 ο
3316 4247 3666 4316 l-neptissim-a

2095 4344 2293 4414 potius,
2321 4344 2430 4398 imo
2460 4357 2686 4411 prorsus
2719 4341 2882 4410 impia
2911 4355 3030 4408 qua:
3057 4338 3228 4395 ϐπ*ωοί
3265 4336 3488 4391 fabulati
3516 4348 3661 4392 sunt.

2094 4435 2291 4490 Nostra
2331 4435 2473 4489 enim
2521 4433 2684 4486 etiam
2735 4431 3124 4501 simpliciorum
3157 4428 3489 4484 multitudini
3539 4439 3666 4484 sunt

408 4510 547 4565 ἀλλά
569 4512 664 4563 καὶ
689 4510 1022 4564 ἀσεϐέστατα
1044 4510 1498 4581 μεμυθολόγηται.
1521 4510 1600 4564 Τὰ
1621 4509 1728 4583 γὰρ
1748 4510 1989 4584 ἡμέτερα

2102 4525 2521 4590 accommodata;
2550 4524 2643 4579 sed
2671 4525 2830 4593 hujus
2863 4523 3042 4592 captui
3077 4535 3135 4575 se
3157 4527 3529 4589 attemperare
3555 4535 3664 4574 non

406 4603 730 4673 ὲστόχασται
765 4601 860 4656 καὶ
888 4601 980 4655 τοῦ
1015 4601 1251 4671 πλήθους
1278 4601 1384 4654 τῶν
1418 4602 1818 4675 ἁπλουστέρων⁸
1851 4603 1988 4672 ὅπερ

406 4695 454 4746 oi
498 4694 565 4747 τὰ
601 4693 886 4764 Ἐλληνικά
936 4693 1232 4764 πλάσματα
1271 4696 1593 4764 ποιήσαντες
1637 4695 1736 4746 οὐκ
1788 4695 1989 4763 ἐφυλά-

409 4783 586 4848 ξαντο·
614 4785 802 4857 διόπερ
825 4787 925 4838 οὐκ
952 4786 1262 4856 ἀχαρίστως
1283 4787 1312 4839 6
1334 4785 1559 4839 Πλάτων
1603 4786 1852 4840 ἐκϐάλλει
1875 4788 1985 4858 (90)

408 4873 506 4941 τῆς
556 4875 748 4927 ἑαυτοῦ
800 4876 1076 4940 πολιτείας
1114 4877 1238 4940 τοὺς
1280 4877 1518 4929 τοιούσδε
1555 4876 1752 4946 μύθους
1792 4879 1884 4933 καὶ
1923 4879 1994 4934 τὰ

409 4963 585 5016 τοιάδε
623 4967 746 5036 ποιή
756 4984 919 5035 ματα.

481 5057 965 5154 ’ἑέἔὲετο-ἱκὲννέ·
1027 5064 1088 5154 .t.’
1110 5062 1493 5154 ,ιίξίιιιηξξκῐιτιν
1523 5062 1578 5129 ιν
1607 5065 1749 5154 2.,5.
1825 5067 1869 5096 η
1899 5068 1995 5121 Psa

2102 5081 2262 5129 xvm,
2295 5065 2377 5119 18.
2455 5067 2496 5096 ²⁷
2537 5065 2733 5120 Ezech.
2763 5081 2910 5132 nix,
2937 5067 2991 5121 5.

407 5125 454 5159 ³⁸
491 5126 690 5182 Ezech.
719 5144 874 5193 χχιχ,
900 5131 953 5187 5.
1027 5133 1070 5164 ⁸³
1110 5132 1238 5186 Ose.
1268 5147 1377 5195 xw,
1410 5125 1498 5185 10.

480 5220 786 5302 (85)·ῌᾳτὰ
810 5223 924 5302 τὴν·
950 5225 1218 5302 ξἘξΞῖρις.
1257 5227 1426 5282 Recte
1463 5240 1594 5280 mss.
1632 5225 1767 5282 Male
1803 5235 1979 5282 autem

405 5290 714 5364 libriediti,
753 5290 892 5362 μετὰ
912 5293 1010 5364 τῂν
1047 5294 1284 5364 Ἔξοδον.

436 5430 449 5444 .
479 5361 593 5443 (86)
623 5361 876 5444 Μέλέλων
1033 5362 1232 5444 αὐτῶν
1255 5364 1840 5444 ὑπομιμνήσκεσραι.
1886 5364 1980 5420 Vi-

411 5432 554 5502 tiose
575 5432 640 5502 in_
669 5442 826 5502 antea
853 5432 1011 5486 editis
1038 5433 1255 5502 legitur,
1291 5432 1590 5502 μελλόντων
1618 5433 1816 5487 αὐτῶν.

483 5500 596 5575 (8⁸⁵1)
625 5500 767 5575 Infra
797 5502 1043 5575 vulgatus
1075 5500 1410 5557 Psalmorum
1437 5511 1634 5571 textus,
1663 5503 1975 5575 προσέχετε,

401 5567 528 5642 λαός
543 5567 678 5642 μου,
709 5571 800 5622 τὸν
822 5567 985 5642 νόμον
1015 5589 1136 5642 μου.

475 5640 588 5708 (88)
649 5640 985 5708 Ἐπακούσῃ
1017 5640 1168 5706 τοῦ,
1215 5650 1319 5697 etc.
1375 5641 1448 5694 lla
1500 5643 1665 5695 codex
1701 5641 1967 5698 Jolianus.

402 5704 981 5784 Libhﬁautemedili,"
1010 5704 1247 5784 ἀκούσῃ,
1283 5712 1360 5782 τῷ
1398 5715 1527 5783 παρ’
1559 5712 1748 5784 ἑαυτοῦ
1794 5715 1968 5767 πάντα

406 5778 684 5847 ποιήσαντι
714 5782 870 5835 καὶ...
909 5778 1217 5852 ποιήσαντι,
1264 5778 1421 5838 καὶ...
1475 5778 1827 5853 γυμνάσαντι.
1865 5784 1968 5837 Bo.

2092 4625 2351 4670 curarunt
2377 4615 2686 4670 Graecarum
2722 4600 3029 4669 fabularum
3058 4620 3327 4666 auctores.
3361 4609 3512 4665 Unde
3540 4625 3646 4663 non

2094 4707 2361 4762 immerito
2386 4724 2416 4762 e
2455 4721 2553 4762 sua
2594 4707 2867 4775 republica
2898 4703 3049 4758 Plato
3081 4702 3294 4758 fabulas
3317 4701 3663 4774 eiusmodiet

2094 4806 2341 4866 poemata
2376 4798 2717 4853 exterminat.

3092 5065 3370 5121 "'Ezech.
3403 5081 3570 5129 xxx",
3601 5065 3654 5119 6.

2088 5229 2322 5298 herellus
2371 5227 2652 5298 legendum
2699 5238 2925 5290 censet.
2971 5231 3064 5282 τοῦ
3105 5227 3240 5281 Θεοῦ
3291 5227 3655 5298 δωρουμένου,

2086 5297 2222 5370 έπάν
2248 5297 2474 5370 ἀκούσῃ,
2505 5298 2580 5369 τῷ
2609 5300 2737 5370 παρ’
2771 5298 2947 5369 ἑαυτῷ
2978 5300 3151 5370 πάντα
3180 5297 3488 5366 ποιήσαντι,
3524 5309 3654 5361 etc.,

2086 5368 2157 5420 ita
2195 5377 2253 5421 ut
2286 5367 2589 5440 ποιήσαντι,
2621 5367 2958 5440 γυμνάσαντι
2989 5379 3042 5420 et
3073 5367 3303 5435 φήσαντι
3329 5405 3342 5428 ,
3397 5381 3520 5434 qua:
3567 5383 3652 5420 se-

2082 5448 2335 5508 quuntur,
2373 5441 2640 5508 pendeant
2672 5455 2700 5489 a
2742 5441 3126 5508 περιαιρεῖται.

2153 5507 2264 5575 (89)
2329 5502 2736 5574 Εὖηθέστατα,
2801 5502 2968 5560 Recte
3023 5504 3243 5575 omnino
3276 5503 3443 5575 codex
3488 5502 3657 5575 Julia.

2083 5572 2180 5628 nus
2214 5572 2450 5630 secunda
2487 5594 2671 5632 manu.
2702 5576 2838 5630 Male
2868 5582 3052 5629 autem
3095 5572 3224 5626 libb.
3260 5573 3412 5637 editi,
3455 5574 3653 5646 ἀληθέσ-

2081 5661 2267 5698 στατα.

2149 5716 2260 5783 (90)
2302 5717 2354 5766 Ὀ
2381 5715 2629 5768 Πλάτων
2661 5713 2958 5768 ἐκϐάλλει.
2998 5715 3128 5771 Vide
3177 5713 3554 5769 adnotationes
3586 5729 3640 5768 at

2079 5785 2169 5839 lib.
2203 5800 2272 5848 ιν,
2313 5801 2457 5838 ιιυιιι.
2493 5786 2579 5838 56.
