3986 6164
421 283 550 337 1111

418 508 642 550 exstare
666 510 786 563 quae
815 495 985 563 legum
1016 495 1288 562 allegoriis
1315 501 1610 562 exponunt.
1638 492 1743 547 Sed
1769 492 1855 545 illa
1884 508 1988 545 non

418 586 565 654 legit.
603 584 854 652 Alioquin
871 599 972 636 uon
989 583 1230 647 dixisset,
1251 600 1270 632 ι
1290 598 1409 651 qua:
1423 584 1635 651 scripta:
1647 592 1773 636 sunt
1792 582 1992 651 allego-

417 676 535 739 rice,
558 689 651 728 eas
667 688 784 727 esse
808 673 998 727 fabulis
1014 672 1145 741 ipsis
1173 674 1341 726 multo
1360 673 1627 739 turpiores
1641 680 1692 727 et
1712 673 1991 727 absurdio-

418 780 525 829 res,
550 777 606 817 ut
628 765 822 831 quibus
852 764 984 816 mira
1017 772 1070 816 et
1110 763 1651 819 incredibilistultitia
1673 764 1914 818 resinter
1932 779 1990 817 se

414 855 759 923 colligantur,
802 868 919 921 qua:
966 854 1110 907 nullo
1154 869 1379 920 prorsus
1407 857 1567 909 modo
1598 856 1990 923 connectipos—

348 980 353 983 ν
415 955 556 999 sint.
571 946 852 1014 iSuspicor
869 946 1014 999 illum
1029 949 1092 1001 ad
1110 948 1347 1003 Philonis
1364 949 1557 1016 scripta
1576 948 1991 1016 rcspcxisse,aut

413 1038 574 1091 etiam
596 1039 660 1090 ad
684 1038 1010 1107 antiquiora,
1039 1038 1217 1108 qualia
1246 1049 1371 1094 sunt
1401 1039 1720 1093 Aristobuli.
1749 1038 1853 1093 Sed
1876 1038 1989 1092 haec

410 1130 705 1194 Volumina,
741 1140 997 1198 quantum
1025 1131 1335 1197 conjectura
1362 1144 1690 1200 cognoscere
1728 1141 1844 1195 est,
1884 1132 1986 1183 mi~

412 1222 555 1274 nime
586 1220 723 1272 vidit
759 1219 970 1274 Celsus.
1008 1219 1138 1274 Nam
1183 1220 1269 1273 illa
1299 1222 1427 1275 mihi
1476 1222 1726 1275 videntur
1753 1231 1986 1275 mentem

415 1314 817 1381 Seripturarum
891 1320 948 1365 ut
1001 1311 1290 1379 plurimum
1352 1313 1425 1364 ita
1476 1313 1740 1381 assequi,
1796 1321 1853 1365 ut
1904 1312 1986 1366 vel

416 1403 619 1457 ϐιωοίε
652 1402 988 1472 philosophis
1046 1403 1393 1458 admirationi
1446 1418 1567 1459 esse
1623 1404 1850 1474 possint.
1911 1404 1984 1457 lbi

410 1498 552 1549 enim
587 1511 694 1549 non
740 1495 914 1549 solum
948 1497 999 1549 in
1033 1495 1290 1558 dictione,
1343 1495 1436 1549 sed
1490 1496 1653 1550 etiam
1686 1495 1738 1549 in
1769 1502 1986 1547 senten-

413 1587 502 1641 tiis
536 1598 589 1641 et
626 1586 895 1656 dogmatis
940 1588 1153 1641 videtur
1195 1588 1437 1642 delectus
1468 1594 1521 1641 et
1575 1585 1873 1654 diligentia,
1931 1594 1987 1638 ct

410 1679 605 1746 praacla
619 1694 708 1732 rus
739 1693 925 1732 eorum
952 1678 1248 1747 Scriptura:
1275 1678 1519 1733 locorum
1549 1692 1697 1740 usus,
1724 1692 1843 1745 qum
1866 1675 1985 1729 Cel-

412 1786 505 1824 sus
539 1785 634 1839 pro
678 1770 872 1825 fabulis
917 1771 1102 1829 habet.
1146 1771 1289 1826 Sane
1338 1786 1437 1841 ego
1490 1769 1611 1823 novi
1666 1768 1984 1822 Numenium

414 1864 837 1933 Pythagoreum,
888 1864 1062 1917 virum
1095 1864 1145 1917 iu
1177 1864 1498 1932 explieaudo
1530 1862 1750 1916 Platone
1774 1861 1988 1931 peritis-

415 1957 610 2008 simum
662 1964 715 2008 et
760 1957 810 2007 iu
854 1955 1212 2024 Pythagoreis
1256 1956 1477 2024 placitis
1526 1956 1983 2017 versatissimum,

415 2045 471 2099 iu
525 2046 765 2113 pluribus
819 2062 1039 2101 suorum
1091 2048 1414 2115 scriptorum
1474 2047 1605 2101 locis
1671 2047 1987 2114 exposuisse

415 2137 614 2207 Moysis
663 2148 715 2191 et
761 2139 1142 2206 prophetarum
1191 2138 1333 2192 dicta
1363 2177 1378 2202 ,
1425 2150 1596 2205 eaque
1620 2138 1685 2190 ad
1712 2136 1991 2206 allegorias

415 2228 668 2282 retulisse
701 2243 1039 2297 nequaquam
1069 2229 1456 2297 improbabiles
1481 2268 1496 2292 ,
1535 2237 1593 2281 ut
1623 2233 1675 2283 in
1704 2230 1845 2282 libro
1896 2229 1988 2297 qui

416 2317 731 2371 inscribitur
760 2322 953 2388 Epops,
981 2329 1035 2373 et
1058 2320 1109 2372 iu
1139 2320 1293 2374 libris
1318 2319 1393 2374 De
1419 2322 1647 2374 numeris
1674 2331 1730 2375 et
1754 2320 1827 2373 De
1850 2321 1981 2374 loco.

413 2410 551 2473 Quin
583 2409 633 2461 iu
666 2411 823 2465 tertio
858 2410 933 2464 De
977 2412 1109 2464 bona
1161 2414 1448 2479 quamdam
1498 2414 1564 2465 de
1613 2412 1759 2476 Jesu,
1821 2413 1982 2467 tacito

413 2499 648 2563 nomine,
682 2500 962 2554 historiam
991 2500 1161 2553 refert
1194 2515 1426 2569 eamque
1455 2501 1729 2568 allegoriis
1772 2502 1982 2555 edisse-

414 2590 503 2640 rit.
531 2588 713 2657 Recte,
757 2606 821 2643 an
865 2605 1037 2657 secus,
1081 2592 1167 2645 hie
1222 2607 1326 2645 non
1385 2593 1581 2659 agitur.
1637 2591 1878 2646 Meminit
1928 2602 1982 2647 et

412 2678 651 2736 historia:
674 2684 737 2736 de
761 2683 961 2753 Moyse,
988 2682 1199 2746 .lamne,
1217 2697 1270 2738 et
1293 2682 1557 2739 Mambre.
1582 2684 1732 2751 Quod
1763 2685 1979 2753 quidem

413 2771 596 2837 gloria:
623 2788 725 2827 non
758 2774 1034 2841 ducimus;
1082 2778 1175 2832 sed
1226 2786 1401 2832 tamen
1455 2776 1541 2831 ille
1596 2777 1767 2845 magis
1819 2790 1981 2845 quam

482 2907 591 2979 (ill)
629 2909 703 2963 Τὰ
736 2910 1203 2976 Ἀριστοϐούλου.
1232 2911 1454 2975 Euseb.,
1477 2912 1675 2964 Chron.
1704 2925 1989 2965 uncccxu.

418 2994 437 3025 ι
464 2978 830 3039 Aristobulus.
863 2982 1080 3034 natione
1109 2981 1349 3038 Judmus.
1389 2980 1779 3049 Peripateticus
1812 2982 1991 3049 philo-

414 3051 621 3111 sOphus
678 3050 1025 3114 cognoscitur
1048 3089 1061 3112 ,
1113 3050 1205 3117 qui
1235 3052 1299 3103 ad
1334 3049 1753 3103 Philometorem

415 3128 613 3187 ntafum
675 3117 1111 3187 explanatiouum
1170 3119 1223 3171 in
1284 3118 1519 3187 Moysem
1569 3121 1990 3172 commentarios

412 3185 667 3251 scripsit..
697 3202 714 3234 ι
763 3185 1008 3247 llieron.,
1047 3186 1218 3239 Ca!al.
1256 3185 1436 3240 ecclés.
1492 3188 1697 3251 εει-ἱρὴ,
1732 3188 1781 3239 iu
1819 3187 1986 3240 Clem.

410 3252 566 3305 Alex.
600 3272 611 3306 :
647 3254 809 3306 Οὐδὲν
841 3255 895 3306 δὲ
923 3252 1082 3325 ἦττον
1127 3258 1220 3309 καὶ
1253 3256 1556 3320 Ἰουδαίους,
1593 3256 1992 3325 Ἀριστόϐουλρν

411 3340 563 3396 τινα,
595 3325 687 3396 καὶ
726 3322 1056 3396 Αημήτριον,
1089 3326 1183 3396 καὶ
1224 3326 1533 3396 Εὐπόλεμον
1582 3322 1870 3396 ἀναφέρει,
1907 3322 1992 3378 οἷα

413 3392 553 3466 κατά
582 3392 692 3466 τῶν
721 3392 888 3446 ἐθνῶν
922 3392 1404 3466 συγγραψαμένους
1427 3392 1547 3449 καθ’
1570 3392 1856 3466 ὁμοιότητα
1890 3398 1995 3466 Ἰω-

414 3465 621 3533 σήπου,
673 3464 1351 3533 ἀρχαιογονίαςΜωῦσέως
1401 3468 1491 3518 καὶ
1546 3464 1638 3518 τοῦ
1704 3464 1991 3518 Ἰουδαϊκοῦ

412 3532 896 3594 ἔθνουςΛΝθοιιοιι
930 3544 985 3587 et
1033 3537 1099 3589 de
1131 3534 1330 3588 ludatis
1379 3536 1746 3591 Aristobulum
1806 3550 1995 3603 quem-

412 3603 559 3665 dam,
593 3612 645 3653 et
689 3604 1042 3667 Demetrium,
1077 3614 1132 3658 et
1160 3605 1510 3673 Eupolemum
1566 3605 1863 3672 scriptores
1900 3607 1991 3658 ad-

411 3685 600 3742 versus
658 3673 1062 3742 gentesrefcrt,
1097 3674 1185 3741 qui
1216 3674 1268 3727 in
1315 3675 1721 3729 similitudinem
1772 3673 1992 3742 Josephi

410 3740 792 3813 ἀρχαιογονίαν
820 3739 1020 3810 Moysis
1048 3739 1367 3813 et'Judaicm
1391 3744 1567 3813 gentis
1596 3739 1932 3813 asseverant.
1969 3761 1987 3794 ι

413 3810 629 3878 Cyril|.,
660 3809 755 3861 lib.
786 3825 854 3878 lvi
902 3809 1152 3864 adversus
1193 3809 1416 3867 Julian.w
1432 3815 1518 3865 Bis
1547 3812 1790 3866 eumdem
1812 3813 1993 3865 laudat

413 3877 585 3949 Clem.
644 3877 795 3949 Alex.
826 3877 1022 3933 Strom.
1076 3896 1114 3946 ι,
1145 3898 1264 3949 pag.
1314 3883 1436 3944 505,
1472 3883 1596 3936 542.
1642 3902 1659 3931 ι
1698 3882 1827 3934 Mira
1863 3895 1993 3934 vero

412 3946 693 4018 ἀντιλογία
724 3949 962 4014 ejusdem
988 3946 1270 4017 scriptoris
1304 3951 1575 4004 Stromate
1609 3951 1829 4018 quinto;
1863 3970 1881 4002 ι
1912 3950 1995 4002 in-

413 4017 531 4083 quit
577 4018 821 4084 Scaliger
873 4019 923 4070 in
986 4018 1347 4081 Animadvers.
1406 4017 1727 4073 Eusebfad
1792 4034 1991 4072 annum

414 4100 697 4142 uacccxu.
752 4084 923 4140 Verba
984 4088 1276 4141 Clementis
1303 4090 1380 4143 sic
1410 4103 1468 4141 se
1498 4090 1697 4143 habent
1721 4102 1734 4140 :
1754 4088 1994 4143 Ἀριστο-

413 4155 676 4227 6ούλῳμδὲ
706 4156 781 4226 τῷ
813 4156 955 4208 κατὰ
992 4156 1322 4227 Πτολεμαῖον
1353 4159 1595 4225 γεγονότι
1628 4158 1717 4227 τρν
1745 4155 1997 4227 Φιλάδελ-

412 4245 531 4294 φον,
560 4220 624 4297 οὗ
662 4220 931 4297 μέμνηται
959 4230 986 4279 ὁ
1020 4220 1440 4297 συνταξάμενος
1473 4230 1571 4297 τὴν
1614 4221 1732 4297 τῶν
1760 4226 1995 4297 Μακκα-

416 4289 636 4367 ἒτίιϊκιίν
661 4289 1005 4362 Ἕὲτιτομὴν,
1033 4289 1212 4367 βιϐλία
1253 4289 1539 4365 γεγονέναι
1589 4296 1765 4360 ἱκανὰ,
1808 4297 1874 4349 δι’
1919 4289 1993 4367 ὧν

409 4366 882 4439 ἀποδείκνυσιτὴν
901 4437 907 4439 _
924 4366 1379 4439 Περιπατητικὴν
1397 4368 1710 4439 φιλοσοφίαν
1736 4368 1796 4419 ἐκ
1818 4384 1876 4419 τε
1899 4366 1991 4418 τοῦ

412 4435 553 4508 κατά
586 4435 1017 4508 Μῳῦσέαᾼνόμου
1048 4438 1141 4491 καὶ
1168 4435 1276 4490 τῶν
1306 4435 1477 4489 ἄλλων
1504 4435 1771 4508 ἠρτῆσθαι
1800 4453 2001 4508 προφη-

410 4504 541 4575 τῶν.
580 4522 600 4575 ι
642 4505 723 4575 Ab
751 4504 1061 4575 Aristobulo
1102 4517 1281 4561 autem
1321 4510 1412 4575 qui
1448 4504 2000 4574 fuit'teiupore‘PtoF

415 4573 591 4645 lenuei
626 4574 990 4641 Philadelphi,
1020 4576 1175 4644 cujus
1222 4573 1467 4645 iuemiuit
1495 4577 1540 4629 is
1570 4577 1661 4645 qui
1692 4573 2001 4644 Composuit

413 4643 693 4713 [ipitomen
724 4659 895 4695 rerum
920 4643 1182 4713 gesturum
1209 4662 1238 4698 α
1259 4643 1602 4707 Machabwis,
1622 4643 2001 4698 multosfuisse

412 4711 587 4782 libros
617 4711 990 4782 conscriptos,
1020 4715 1216 4782 quibus
1245 4714 1437 4782 probat
1469 4715 1863 4781 pltil050pbiam
1894 4713 1993 4767 Pe-

415 4780 758 4847 ripateticam
812 4795 879 4832 ex
934 4780 1052 4850 lege
1110 4780 1369 4849 lllosaica,
1406 4780 1616 4838 et’aliis
1679 4780 2001 4850 dependisse

413 4850 717 4918 prophetis.
752 4869 872 4919 ε·-
910 4869 928 4901 ι
973 4852 1099 4914 Ubi,
1132 4854 1327 4919 inquit,
1380 4855 1488 4906 duo
1537 4866 1795 4907 errores:
1827 4852 1998 4917 prior,

412 4920 559 4991 quod
618 4933 718 4991 pro
748 4918 1118 4991 Philometore
1166 4918 1579 4990 Philadelphum
1623 4922 1777 4991 ponit
1829 4921 2001 4991 (recte

411 4987 940 5060 quideanealiger,
977 4999 1114 5043 teste
1153 4992 1269 5060 ipso
1308 4987 1789 5058 Aristobulo'apud
1833 4987 2001 5060 Euse-

414 5060 598 5131 liiutn,_
622 5057 715 5113 lib.
745 5072 866 5131 xttl,
904 5074 1029 5131 cap.
1069 5062 1134 5112 12
1167 5056 1261 5131 {ili
1287 5061 1332 5113 δ’
1357 5060 1452 5129 ὅλη
1492 5056 1754 5131 ἑρμηνεία
1780 5060 1887 5114 τῶν
1904 5056 2000 5131 λδιά

409 5126 505 5201 τοῦ
541 5127 709 5201 νόμου
741 5126 985 5201 πάντων,
1016 5129 1231 5201 ὲπὶῳτοῦ
1277 5126 1803 5201 προσαγορευθέντος
1837 5129 1996 5183 Φιλα-

408 5198 613 5271 δέλφου,
668 5198 950 5271 βασιλέως,
990 5198 1083 5271 σοῦ
1117 5200 1170 5253 δὲ
1200 5198 1482 5271 προγόνου.
1526 5198 1698 5254 Ἰιιοιιι
1748 5203 1999 5271 observat

410 5266 747 5322 clarissimus
768 5268 991 5323 Grotius
1019 5270 1068 5323 in
1088 5266 1542 5325 Adnobtiouibus
1567 5274 1631 5323 ad
1646 5271 1893 5324 Macbab.
1912 5266 1994 5336 ll);

412 5337 549 5389 alter
580 5340 722 5407 quod
749 5340 1121 5393 Aristobulum
1147 5342 1291 5395 hunc
1315 5341 1562 5394 eumdem
1589 5341 1720 5395 facit
1746 5356 1868 5394 cum
1926 5355 1994 5393 eo

412 5407 564 5473 l'lljllS
586 5410 790 5462 mentio
834 5410 1153 5477 posterioris
1172 5410 1539 5463 Macbabaaoru
1551 5426 1596 5460 ιιι
1613 5411 1786 5476 capite
1801 5410 1994 5478 primo,

411 5489 687 5546 t'ouunate
733 5479 945 5532 decimo
979 5498 993 5538 :
1033 5480 1186 5546 cujus
1222 5481 1395 5545 culpa:
1424 5480 1604 5534 afliuis
1635 5483 1795 5533 etiam
1828 5479 1998 5531 Euse-

412 5545 533 5618 bius
566 5547 705 5600 libro
736 5558 931 5601 octavo
960 5551 1012 5602 iu
1044 5545 1151 5603 line
1181 5550 1376 5618 capitis
1400 5551 1597 5603 octavi.
1627 5570 1645 5602 ι
1680 5551 1877 5603 Verum
1902 5549 1998 5602 du-

412 5612 529 5663 bito
576 5632 643 5693 an
676 5618 932 5693 Clemens
954 5629 1007 5672 et
1032 5612 1297 5693 Eusebius
1321 5621 1619 5693 culp:e_t_atu
1651 5620 1841 5693 afﬁnes
1864 5620 1995 5693 Sim»

413 5694 579 5748 quam
632 5687 747 5752 ipse
791 5687 1036 5757 Scaliger
1092 5687 1436 5760 susipiciouis.
1503 5690 1672 5745 Verba
1707 5691 1784 5746 sic
1809 5704 1865 5745 sc
1902 5689 1996 5742 ha-

1833 278 2161 335 ORlGl‘INlS

488 403 648 476 543
684 404 774 462 5|.
801 406 1084 460 Audit-isse
1113 419 1324 474 quoque
1346 404 1475 458 mihi
1509 403 1739 465 viden",
1788 403 1989 469 scripta
2023 405 2062 461 Α

1855 3049 1987 3123 tole-
2017 3069 2057 3123 ρ
2091 3049 2185 3123 καὶ
2210 3049 2257 3099 οἱ
2296 3049 2356 3123 ὲν
2381 3049 2445 3123 τῇ
2478 3046 2726 3123 Ἰουδαίᾳ,
2773 3048 2878 3123 ’καὶ

3529 275 3691 333 1119.

2165 398 2320 449 Δοκεῖ
2343 395 2399 448 δέ
2436 412 2523 465 μοι
2551 394 2643 447 καὶ
2668 395 2985 465 ἀκηκοέναι,
3008 395 3089 447 ὃτι
3114 395 3230 447 ἐστὶ
3259 397 3609 468 συγγράμμα
3630 414 3692 452 :a.

2096 488 2415 558 περιέχοντα
2452 486 2549 549 τὰς
2572 484 2664 539 τοῦ
2694 485 2857 555 νόμου
2891 485 3233 555 ἀλληγορίας·
3272 488 3416 556 ἅπερ
3454 491 3499 540 εί
3542 491 3691 542 ἀνε-

2092 578 2312 647 γνὼκει,
2343 578 2443 629 οὐκ
2464 575 2748 644 ἀνέλεγεν·
2780 595 2797 627 ι
2824 578 2886 629 Ai
2913 577 3041 645 γοῦν
3064 576 3312 630 δοκοῦσαι
3339 579 3464 650 περὶ
3485 581 3687 633 αὐτῶν

2093 668 2409 740 ἀλληγορίαι
2444 666 2750 738 γεγράφθαι
2780 667 2913 721 πολὺ
2945 667 3050 721 τῶν
3078 668 3260 739 μύθων
3289 671 3529 739 αἰσχίους
3564 672 3685 725 εἰσὶ

2092 760 2186 811 καὶ
2226 756 2597 827 ἀτοπώτεραι,
2646 756 2714 809 τὰ
2752 757 2973 827 μηδαμῆ
3022 757 3284 828 μηδαμῶς
3320 762 3685 831 ἁρμοσθῆναι

2090 850 2379 920 δυνάμενα,
2412 848 2695 920 θαυμαστῇ
2725 865 2831 901 τινι
2868 851 2959 902 καὶ
2988 851 3329 904 παντάπασιν
3356 854 3685 925 ἀναισθήτῳ

2095 940 2275 1010 μωρία
2311 939 2694 992 συνάπτουσαι.
2740 959 2758 990 ι
2800 942 2982 993 Ἔοικε
3023 941 3079 994 δὲ
3125 942 3251 1012 περὶ
3297 943 3404 995 τῶν
3434 944 3687 1008 Φίλωνος

2094 1032 2535 1103 συγγραμμάτων
2564 1031 2732 1083 ταῦτα
2759 1031 2955 1099 λέγειν,
2988 1031 3019 1101 ἢ
3060 1034 3152 1085 καὶ
3179 1032 3286 1084 τῶν
3315 1033 3395 1085 ἔτι
3441 1034 3687 1105 ἀρχαιο-

2088 1122 2279 1192 τέρων,
2314 1123 2473 1175 ὁποῖά
2518 1123 2633 1174 ἐστι
2664 1121 2732 1174 τά
2775 1121 3176 1193 Ἀριστοϐούλου
3228 1123 3359 1192 (91).
3408 1124 3687 1193 Στοχάζο-

2092 1237 2187 1289 μαι
2215 1218 2270 1270 δὲ
2303 1218 2392 1271 τὸν
2450 1218 2655 1270 Κέλσον
2692 1217 2763 1288 μὴ
2796 1216 3158 1283 ἀνεγνωκέναι
3188 1216 3255 1268 τὰ
3286 1216 3463 1285 βιϐλία
3490 1258 3505 1279 ,
3552 1218 3684 1272 ἐπεὶ

2087 1308 2355 1381 πολλαχοῦ
2389 1310 2559 1372 οὕτως
2592 1309 2966 1379 ὲπιτετεῦχθαί
3004 1327 3091 1379 μοι
3122 1310 3389 1377 φαίνεται,
3423 1308 3566 1362 ὥστε
3601 1312 3685 1363 αἱς

2090 1400 2310 1471 ρεθῆναι
2344 1398 2408 1452 ἂν
2440 1399 2534 1450 καὶ
2582 1399 2706 1460 τοὺς
2743 1398 2798 1448 ἐν
2832 1395 3053 1465 Ἕλλησι
3096 1394 3516 1463 φιλοσοφοῦντας
3568 1394 3685 1447 ἀπὸ

2087 1492 2193 1545 τῶν
2245 1491 2576 1562 λεγομένων·
2610 1492 2667 1543 ὲν
2691 1484 2771 1551 οἷς
2803 1488 2863 1541 οὐ
2902 1487 3058 1557 μόνον
3107 1486 3304 1557 φράσις
3350 1486 3679 1556 ὲξήσκηται,

2087 1581 2220 1635 ἀλλὰ
2262 1582 2355 1635 καὶ
2386 1582 2658 1649 νοήματα,
2696 1578 2788 1631 καὶ
2826 1577 3088 1646 δόγματα,
3138 1577 3231 1628 καὶ
3264 1576 3295 1645 ἠ
3325 1576 3523 1646 χρῆσις
3570 1577 3681 1628 τῶν

2089 1672 2164 1735 ὼς
2195 1674 2362 1725 οἴεται
2404 1671 2510 1723 ἀπὸ
2558 1671 2665 1722 τῶν
2709 1668 2939 1739 Γραφῶν
2998 1667 3177 1738 μύθων
3206 1669 3234 1719 ὁ
3266 1667 3491 1730 Κέλσος.
3536 1668 3683 1735 Ἐγὼ

2020 1731 2059 1789 Β
2092 1731 2281 1815 δ’ϋοῖδα
2310 1762 2401 1813 καὶ
2432 1759 2733 1831 Νουμήνιον
2935 1731 3024 1809 τὸν
3069 1755 3436 1826 Πυθαγόρειον
3455 1796 3468 1819 ,
3504 1731 3679 1825 ἄνδρα

2095 1855 2271 1926 πολλῷ
2325 1858 2569 1928 κρεῖττον
2627 1853 3022 1923 διηγησάμενον
3077 1851 3359 1914 Πλάτωνα,
3418 1850 3515 1903 καὶ
3571 1850 3684 1903 τῶν

2094 1945 2474 2015 Πυθαγορείων
2499 1942 2783 2011 δογμάτων
2812 1939 3222 2012 πρεσϐεύσαντα
3251 1938 3385 2010 (95),
3407 1938 3680 2007 πολλαχοῦ

2093 2038 2199 2092 τῶν
2234 2036 2680 2107 συγγραμμάτων
2710 2033 2873 2088 αὑτοῦ
2926 2032 3269 2102 ὲκτιθέμενον
3298 2032 3366 2083 τὰ
3398 2031 3682 2092 Μωῦσέως

2098 2134 2189 2185 καὶ
2216 2132 2321 2184 τῶν
2355 2130 2668 2202 προφητῶν,
2703 2128 2796 2181 καὶ
2824 2128 2923 2181 οὐκ
2950 2126 3226 2188 ἀπιθάνως
3253 2124 3389 2177 αὐτά
3421 2124 3683 2194 τροπολο-

2094 2224 2311 2291 γοῦντα,
2345 2222 2529 2292 ὥσπερ
2561 2223 2616 2273 ὲν
2645 2220 2722 2287 τῷ
2752 2220 3069 2290 καλουμένῳ
3101 2221 3340 2279 Ἐποπι,
3372 2220 3465 2271 καὶ
3486 2219 3545 2269 ὲν
3571 2220 3680 2278 τοῖς

2092 2317 2228 2383 Περὶ
2264 2315 2525 2384 ἀριθμῶν
2547 2357 2561 2380 ,
2610 2315 2704 2367 καὶ
2733 2316 2788 2366 ὲν
2822 2316 2932 2375 τοῖς
2972 2312 3111 2379 Περὶ
3150 2314 3353 2365 τόπου.
3395 2312 3483 2363 Ἐν
3511 2311 3570 2363 δὲ
3602 2311 3679 2379 τῷ

2090 2407 2256 2478 τρίτῳ
2288 2406 2426 2473 Περὶ
2457 2405 2714 2474 τάγαθοῦ
2760 2404 3027 2457 ἐκτίθεται
3064 2405 3156 2457 καὶ
3195 2392 3322 2474 περὶ
3370 2401 3462 2454 τοῦ
3503 2401 3677 2471 Ἰησοῦ

2095 2499 2334 2571 ἱστορίαν
2362 2498 2513 2561 τινὰ,
2546 2497 2606 2550 τὸ
2636 2496 2805 2567 ὄνομα
2844 2495 3007 2549 αὐτοῦ
3039 2497 3098 2548 οὐ
3136 2495 3326 2563 λέγων,
3360 2494 3450 2548 καὶ
3478 2510 3681 2565 τροπο-

2089 2591 2236 2660 λογεῖ
2290 2591 2494 2660 αὑτήν·
2543 2589 2768 2659 πότερον
2804 2588 2845 2640 δ’
2894 2589 3357 2656 ἐπιτετευγμένως
3398 2587 3429 2657 ἢ
3478 2587 3677 2638 ἀποτε-

2088 2679 2419 2749 τευγμένως,
2482 2678 2640 2731 ἄλλου
2693 2677 2884 2749 καιροῦ
2926 2678 3072 2729 ἐστιν
3122 2678 3311 2731 εἰπεῖν.
3375 2676 3674 2729 Ἐκτίθεται

2094 2771 2187 2823 καὶ
2215 2769 2310 2841 τὴν
2338 2770 2465 2840 περὶ
2496 2769 2792 2831 Μωῦσέως,
2823 2769 2915 2821 καὶ
2952 2767 3149 2822 ’Ῑαννοῦ
3170 2770 3263 2821 καὶ
3295 2766 3549 2838 Ἰαμϐροῦ
3564 2766 3673 2838 (91)

2095 2908 2228 2962 hent
2263 2907 2534 2972 (Machab.
2592 2906 2630 2960 ll
2656 2949 2670 2969 ,
2704 2923 2823 2974 cap.
2854 2922 2900 2967 ι,
2929 2922 3070 2960 com.
3108 2905 3193 2971 10)
3238 2924 3251 2958 :
3293 2907 3486 2968 Ἔτους
3551 2908 3677 2959 ἑκα-

2096 2977 2284 3030 τοστοῦ
2331 2976 2686 3062 ὀγδοηκοσξοῦ
2731 2978 2824 3030 κα)⁵
2856 2976 3051 3062 ¹ὸγδὸου
3081 2978 3128 3029 oi
3158 2979 3214 3062 ὲν
3267 2976 3674 3062 Ἰεροισολρμοις,

2110 3049 2185 3099 ιαὶ
2210 3049 2257 3099 οἱ
2296 3049 2354 3098 ὲν
2381 3049 2445 3116 τῆ
2478 3046 2726 3117 Ἰουδαίᾳ,
2786 3048 2878 3099 καὶ
2918 3049 2949 3116 ἡ
3036 3046 3276 3117 ερουσία,
3324 3046 3418 3097 καὶ
3478 3048 3674 3110 Ἰούδας

2110 3105 2518 3187 ΪΑριστοϐοῦλῳ,
2558 3116 2868 3187 διδασκάλῳ
2899 3070 3231 3186 Πτολεμαίου
3264 3115 3353 3167 τοῦ
3384 3116 3672 3187 βασιλέως,

2098 3184 2210 3238 ὄντι
2242 3184 2297 3256 δὲ
2328 3186 2433 3237 άπὸ
2474 3184 2581 3237 τοῦ
2645 3186 2753 3237 τῶν
2780 3255 2787 3256 7
2812 3184 3083 3256 Χριστῶν
3112 3186 3295 3256 ἱερέων
3332 3186 3539 3253 γένους,
3584 3187 3676 3239 καὶ

2097 3258 2218 3326 τοῖς
2246 3255 2302 3309 ὲν
2346 3256 2616 3326 Αἰγύπτῳ⁸
2669 3255 2938 3326 Ἰουδαίοις
2989 3255 3196 3326 χαίρειν
3234 3257 3337 3326 ,καὶ
3377 3256 3673 3326 ῥγιαίνειν.

2099 3325 2455 3403 ΠτολεμαίουΛ
2467 3324 2559 3403 τοῦ
2579 3323 2856 3403 βασιλέως
2872 3343 2901 3403 '_
2913 3326 2961 3378 id
2991 3323 3113 3403 est:
3128 3325 3261 3403 Lath
3270 3323 3671 3403 yri‘Ptolemari,

2102 3395 2383 3462 Evergclis
2427 3394 2543 3459 lilii,
2590 3394 2742 3462 juxta
2780 3394 3021 3447 Junium.
3078 3394 3298 3448 Rectius
3352 3395 3573 3448 Grotius
3624 3397 3671 3447 iu

2100 3464 2551 3517 Adnotationibus
2607 3463 2673 3518 ad
2729 3463 2972 3518 Maehab.
3040 3463 3100 3528 ll,
3154 3479 3276 3529 cap.
3318 3479 3356 3527 I,
3401 3477 3543 3516 cum.
3578 3464 3668 3517 l0.

2106 3551 2124 3583 ι
2166 3533 2458 3602 l'byscouis
2492 3534 2617 3585 dicti
2645 3573 2659 3598 ,
2692 3534 2887 3599 prioris
2920 3534 3020 3586 hoc
3054 3534 3280 3591 nomine.
3320 3534 3409 3598 qui
3440 3532 3670 3587 Eusebio

2101 3602 2265 3656 etiam
2298 3602 2588 3671 Evergetes
2625 3603 2847 3655 alterius
2877 3602 3158 3670 Evergela:
3190 3617 3495 3671 successor,
3529 3618 3671 3657 eoa:-

2102 3687 2200 3723 vus
2230 3670 2514 3744 Autioeliis
2541 3672 2762 3744 Grypbo
2791 3680 2843 3725 et
2869 3672 3158 3744 Cyziceno.
3197 3690 3217 3744 ι
3254 3670 3437 3744 Neque
3490 3673 3670 3725 hacte-

2101 3755 2201 3793 nus
2236 3741 2524 3807 quidquam
2572 3741 2776 3801 inveni,
2824 3741 2963 3808 quoi]
2998 3741 3065 3794 ab
3120 3742 3293 3794 isthac
3351 3742 3671 3805 iulerprcta.

2103 3809 2249 3879 tione
2276 3823 2361 3879 me
2390 3810 2679 3864 dimoveat.
2740 3810 2869 3879 Vide
2892 3811 3007 3877 ejus
3034 3810 3314 3879 allegorias
3337 3812 3476 3877 apud
3509 3811 3674 3863 Euse-

2102 3878 2268 3937 biunt.
2301 3877 2513 3949 lib._vu,
2545 3895 2662 3948 cap.
2698 3879 2786 3941 M,
2812 3878 2903 3949 lib.
2934 3895 3054 3942 vttt,
3087 3877 3205 3949 cap.
3235 3879 3321 3947 10,
3351 3890 3406 3933 et
3432 3880 3527 3936 lib.
3548 3896 3663 3944 xui,

2100 3962 2220 4014 cap.
2253 3948 2339 4008 12,
2372 3944 2572 4015 Evang.
2606 3944 2769 4015 prwp.
2808 3947 3070 4004 Spescsa.

2171 4015 2284 4085 (92)
2341 4017 2700 4085 Νουμήνιον.
2755 4017 2886 4071 Vide
2912 4033 3028 4086 qua:
3058 4017 3125 4072 ab
3150 4019 3336 4072 eodem
3395 4019 3670 4087 Speucero

2103 4086 2355 4140 adnotata
2387 4096 2515 4139 sunt
2544 4089 2608 4139 ad
2644 4087 2734 4140 lib.
2780 4104 2798 4144 ι
2860 4104 3141 4141 numerum
3176 4089 3259 4141 15.

2172 4155 2282 4226 (95)
2310 4156 2403 4211 Ms.
2426 4157 2848 4227 πρεσϐεύσαντα.
2885 4157 3037 4211 Libb.
3095 4158 3255 4219 editi,
3286 4157 3667 4227 πιστεύσαντα.

2101 4225 2213 4293 Ego
2244 4240 2373 4297 vero
2400 4225 2573 4297 locum
2608 4230 2871 4297 integrum
2898 4229 2975 4281 sic
3003 4229 3141 4297 lego,
3171 4226 3350 4281 καὶτὰ
3371 4227 3476 4279 τῶν
3502 4228 3670 4281 Πυθα-

2100 4294 2329 4366 γορείων
2358 4296 2600 4365 δόγματα
2630 4296 3057 4366 πρεσϐεύσαντα.

2173 4317 2329 4366 ρειων
2358 4317 2600 4365 οογματα
2630 4317 2669 4348 π
2708 4317 3057 4351 εσοευσαντα.

2173 4365 2283 4434 (91)
2328 4366 2561 4435 Ἰαννοῦ
2589 4317 2702 4419 καί)
2743 4367 3031 4435 Ἰαμϐροῦ.
3068 4368 3283 4421 Laliore
3317 4382 3476 4421 sensu
3508 4365 3663 4418 intel-

2033 4419 2073 4472 ο
2104 4419 2346 4503 ligendus
2370 4445 2455 4506 est
2514 4419 2793 4504 Origenes,
2823 4419 3027 4505 'qhasi
3064 4419 3159 4506 per
3210 4419 3514 4504 scripturas
3562 4450 3662 4487 non

2104 4512 2313 4557 tantum
2348 4505 2515 4559 libros
2543 4506 2858 4571 cauoiiicos,
2886 4508 2979 4559 sed
3016 4505 3213 4573 scripta
3250 4506 3554 4574 apocrypha
3589 4506 3660 4574 si;

2103 4574 2345 4642 guilicari
2408 4576 2659 4627 voluerit.
2716 4575 2863 4644 Orig.
2926 4585 3082 4632 tract.
3111 4571 3178 4630 35
3246 4571 3571 4644 iuMa'ttbm
3610 4571 3664 4626 Si

2103 4656 2279 4695 autem
2321 4644 2433 4696 haec
2479 4644 2665 4697 dicens
2692 4643 2892 4711 aliquid
2949 4647 3221 4699 existimat
3274 4660 3331 4698 se
3375 4643 3663 4707 offendere,

2104 4712 2283 4765 videat
2324 4726 2389 4764 ne
2419 4713 2614 4767 alicubi
2646 4715 2697 4766 iu
2735 4715 2957 4768 secretis
3010 4717 3258 4770 Jeremite
3297 4715 3397 4767 hoc
3439 4714 3666 4781 prophe-

2105 4788 2250 4833 tatur
2276 4798 2291 4835 :
2324 4782 2501 4835 sciens
2522 4784 2771 4850 quoniam
2798 4794 2852 4837 et
2874 4786 3164 4851 ApOleltlS
3192 4785 3493 4850 scripturas
3510 4797 3665 4850 quas-

2103 4851 2226 4901 dam
2261 4861 2589 4905 secretorum
2627 4854 2868 4920 profert:
2925 4855 3066 4906 sicut
3094 4856 3225 4907 dicit
3264 4853 3493 4912 alicnbi,
3528 4852 3664 4919 quod

2101 4920 2290 4973 oculus
2320 4935 2425 4973 non
2451 4922 2607 4985 vidit,
2643 4936 2740 4975 uec
2763 4925 2909 4977 auris
2945 4925 3153 4977 amlivit
3190 4946 3201 4979 :
3249 4925 3303 4977 in
3343 4922 3491 4975 nullo
3522 4924 3663 4975 enim

2104 4991 2337 5056 regulari
2374 4991 2509 5045 libro
2543 4991 2646 5044 hoc
2674 4992 2906 5060 positum
2958 4995 3248 5060 invenitur,
3275 4992 3373 5060 nisi
3413 4993 3465 5044 in
3490 5005 3665 5044 secre-

2106 5060 2174 5131 tis
2203 5060 2327 5114 Elia:
2354 5061 2647 5128 prophetae.
2672 5058 2803 5115 ltem
2852 5064 2993 5131 quod
3027 5065 3125 5126 ait,
3155 5058 3295 5117 sicut
3348 5058 3577 5131 Jamues
3610 5068 3666 5131 et

2101 5129 2373 5184 Mambres
2402 5132 2721 5185 resuteruut
2753 5128 2943 5200 Moysi,
2969 5149 3073 5185 non
3109 5134 3378 5188 invenitur
3411 5132 3464 5183 in
3495 5128 3665 5197 publi-

2102 5202 2180 5252 cis
2216 5202 2522 5270 seripturis,
2561 5202 2653 5255 sed
2688 5204 2740 5255 iu
2774 5199 2911 5255 libro
2938 5213 3171 5269 secreto,
3220 5204 3307 5270 qui
3370 5199 3664 5270 suprascri-

2102 5270 2247 5323 bitur
2273 5268 2486 5323 Jdmues
2519 5281 2568 5324 et
2599 5271 2861 5325 Mambres
2901 5273 3031 5326 liber
3053 5290 3072 5327 :
3100 5268 3377 5327 unde—ausi
3406 5279 3528 5325 sunt
3552 5268 3669 5335 qui-

2100 5341 2224 5392 dam
2284 5340 2578 5408 Epistolam
2625 5345 2693 5394 ad
2750 5342 3093 5396 Timotheum
3146 5343 3450 5410 repellere,
3514 5337 3666 5406 quasi

2102 5411 2392 5463 habentem
2428 5410 2480 5463 in
2512 5425 2569 5466 se
2611 5420 2815 5465 textum
2870 5410 3097 5480 alicujus
3160 5412 3377 5478 secreti,
3423 5411 3517 5480 s_ed
3562 5420 3665 5480 non

2101 5489 2413 5549 potuerunt.
2474 5501 2492 5533 ι
2565 5483 2860 5546 Ambros.,
2921 5475 3223 5536 Comment.
3287 5475 3371 5535 ini
3422 5475 3666 5531 Timotb.

2105 5550 2270 5625 Epist.
2298 5552 2362 5615 ll,
2394 5567 2513 5619 cap.
2549 5567 2604 5625 ιιι
2641 5568 2695 5605 ει
2747 5552 3060 5625 Exemplum
3085 5554 3196 5625 hoc
3239 5553 3306 5605 de
3345 5549 3665 5625 apocryphis

2099 5630 2200 5674 est.
2238 5620 2712 5695 .lamues_euim_et
2762 5623 3026 5695 Mambres
3078 5620 3274 5695 fratres
3332 5627 3484 5673 erant
3516 5620 3665 5695 magi

2101 5700 2154 5743 et
2186 5692 2407 5744 Venetici
2431 5690 2826 5761 Aﬁgyptiorum,
2863 5692 2952 5759 qui
2985 5701 3098 5745 arte
3134 5691 3323 5759 magiae
3348 5705 3456 5748 sua:
3480 5690 3665 5746 virtuti
