3986 6164
459 334 605 393 “15

1874 329 2198 387 ORIGENIS

3576 326 3734 382 “[6

460 465 744 515 naturam;
792 462 952 521 alque
1003 448 1203 504 idcirco
1259 447 1553 499 humanum
1608 461 1805 514 corpus
1836 447 1969 501 nihil
2000 462 2029 500 a

2146 443 2418 517 Ιινθρὼπου
2468 445 2645 515 σῶμα,
2680 445 2819 514 ’Ύλη
2863 441 2971 515 γὰρ
3003 444 3036 513 ἡ
3076 443 3242 514 αὑτὴ,
3273 442 3367 496 καὶ
3392 440 3454 494 τὸ
3482 440 3737 515 φθαρτὸν

455 542 861 612 vespertilione,
893 555 921 592 a
955 551 1157 599 verme,
1190 548 1219 587 a
1252 549 1382 587 rana
1427 532 1668 589 differre.
1710 532 1858 588 Illius
1884 535 2029 586 enim

2146 537 2311 590 ιὺτῶν
2339 538 2545 608 ὅμοιον.
2589 555 2608 591 t
2635 536 2798 589 Οὐδὲν
2826 536 2871 589 δ’
2908 532 3070 605 ἦττον
3100 535 3400 605 ἐϐουλόμην
3440 534 3599 588 πάνθ’
3633 537 3737 589 ὅν-

457 641 515 686 et
544 633 768 685 istorum
798 627 1043 683 eamdem
1074 638 1195 679 esse
1231 625 1515 678 materiam
1537 662 1552 689 ,
1583 623 1726 678 idem
1771 624 1825 677 in
1869 623 1954 678 his
1980 632 2035 677 et

2146 629 2312 683 τινοῦν
2337 668 2350 692 ,
2386 629 2694 682 ἀκούσαντα
2733 625 3161 695 δεινολογοῦντος
3198 625 3435 689 Κέλσου,
3480 626 3572 678 καί
3613 626 3725 694 φά-

461 722 514 776 in
545 721 638 775 illo
668 733 788 773 esse
812 716 1173 783 corruptionis
1202 715 1583 786 principium.»
1614 712 1817 768 Vellem
1853 721 2032 766 tamen

461 819 517 865 ut
543 799 849 880 quicu'nque
876 823 940 862 ex
962 807 1458 876 Celsoarroganter
1480 804 1868 859 declamitante
1884 803 2035 857 audit

458 901 673 971 Papisci
698 910 748 955 et
775 898 989 956 Jasonis
1010 888 1311 956 (le—Christo
1356 896 1757 953 contentionem
1787 911 1891 951 non
1918 896 2030 950 risu

458 990 555 1045 sed
587 990 710 1043 odio
736 992 916 1058 potius
942 990 1160 1057 dignam
1208 1002 1352 1050 esse,
1380 986 1615 1041 libellum
1649 988 1795 1041 hunc
1829 987 1882 1040 in
1918 1001 2034 1040 ma-

459 1093 564 1134 nus
590 1087 855 1144 sumeret,
890 1086 950 1132 'et
986 1094 1105 1148 qua:
1149 1078 1200 1131 in
1240 1077 1330 1132 illo
1359 1079 1675 1132 scribuntur
1719 1079 1897 1148 legere
1920 1092 2039 1135 sus-

459 1176 682 1236 tincret:
754 1173 822 1237 is,
850 1188 973 1226 cum
1017 1171 1146 1225 nihil
1181 1171 1235 1226 in
1262 1171 1351 1226 illo
1374 1170 1578 1239 scripto
1607 1169 1876 1224 inveniret
1908 1168 2037 1224 odio

460 1261 709 1331 dignum,
741 1260 959 1317 Celsum
997 1263 1187 1330 utique
1210 1262 1518 1318 damnaret.
1550 1259 1734 1330 Neque
1759 1261 1923 1315 etiam
1963 1261 2040 1316 illi

462 1352 628 1406 risum
661 1353 920 1418 movebit,
955 1354 1046 1421 qui
1088 1353 1261 1408 libero
1306 1352 1512 1419 judicio
1546 1352 1713 1419 illum
1752 1353 2037 1407 evolverit.

464 1440 544 1497 lhi
568 1444 717 1497 enim
749 1442 1091 1498 Christianus
1119 1459 1240 1499 cum
1265 1443 1449 1498 Judzeo
1479 1444 1754 1499 disserens
1810 1444 2039 1499 demon-

461 1539 600 1588 strat
630 1548 694 1587 ex
724 1532 965 1588 Judaicis
994 1533 1290 1602 Scripturis
1329 1533 1585 1588 vaticinia
1620 1534 1686 1588 de
1720 1533 1940 1590 Christo
1971 1535 2036 1587 ad

458 1620 645 1679 Jesum
688 1624 989 1691 pertinere,
1035 1639 1343 1693 quanquam
1406 1634 1628 1679 strenue
1689 1625 2039 1679 adversarius

464 1715 808 1769 contradicat
864 1707 1264 1790 personamque
1296 1713 1573 1770 Judaicam
1599 1714 1823 1785 pulchre
1876 1715 2037 1770 susti-

370 1870 375 1875 Ι
466 1809 614 1857 neat.

534 1891 626 1949 55.
650 1893 913 1949 Caeterum
943 1897 1130 1952 nescio
1158 1895 1425 1964 quomodo
1457 1895 1646 1951 Celsus
1676 1896 1780 1950 duo
1817 1894 2042 1963 conjuno

465 1997 597 2054 gens
618 2000 738 2054 qua:
772 1986 1050 2041 misturam
1085 2002 1191 2040 non
1222 1985 1448 2050 faciunt,
1485 2001 1586 2041 nec
1612 1995 1741 2040 sunt
1770 1984 2041 2055 ejusmodi

464 2082 523 2127 ut
557 2075 608 2128 in
643 2070 930 2131 humanam
968 2086 1213 2131 naturam
1239 2076 1421 2143 :simul
1474 2078 1772 2131 convenire
1817 2088 2040 2145 queant,

464 2165 703 2221 libellum
746 2167 905 2221 istaut
952 2168 1131 2223 dicere
1180 2168 1414 2238 potuerit
1446 2167 1573 2221 odio
1622 2182 1745 2222 esse
1788 2178 1844 2223 et
1875 2168 2042 2222 mise-

464 2259 672 2313 ratione
695 2260 930 2329 dignum.
955 2258 1123 2315 Nemo
1154 2261 1296 2316 enim
1322 2275 1424 2315 non
1459 2260 1738 2325 fatebitur,
1765 2261 1891 2314 dum
1920 2261 2043 2329 quis

464 2350 797 2407 miserationi
828 2360 931 2429 est,
959 2367 1083 2407 eum
1115 2352 1241 2409 odio
1275 2369 1379 2407 non
1411 2353 1620 2417 haberi,
1659 2368 1758 2407 nec
1810 2354 2041 2407 misera-

467 2442 599 2496 tioni
629 2456 754 2499 esse
791 2458 1141 2513 quemquam,
1192 2445 1320 2499 dum
1372 2446 1496 2500 odio
1545 2447 1793 2501 habetur.
1849 2443 2043 2499 Celsus

463 2549 593 2589 vero
622 2534 742 2590 ideo
769 2545 929 2605 negat
953 2537 1057 2591 sibi
1093 2538 1427 2605 propositum
1461 2551 1582 2592 esse
1618 2536 1703 2589 illa
1734 2535 2040 2602 confutare,

463 2626 607 2696 quod
634 2639 819 2679 eorum
848 2626 1237 2703 absurditatem
1264 2637 1448 2694 patere
1466 2626 1720 2682 omnibus
1743 2626 2040 2691 existimet,

468 2716 783 2787 nullumque
803 2730 906 2771 non
924 2717 1127 2793 videre,
1150 2719 1233 2772 vel
1252 2728 1544 2787 antequam
1562 2719 1866 2774 rationibus
1884 2717 2042 2773 refel-

471 2807 673 2871 lantur,
693 2823 857 2878 quam
899 2808 1255 2863 miseratione
1269 2818 1321 2864 et
1336 2809 1462 2864 odio
1493 2809 1659 2880 digna
1691 2809 1821 2864 sint.
1845 2807 2043 2862 Horta-

2137 736 2356 783 σκοντος
2387 719 2446 773 τὸ
2473 718 2945 790 ἐπιγεγραμμένον
2976 718 3332 787 σύγγραμμα,
3367 717 3598 779 Ἰάσονος
3627 716 3729 769 καὶ

2136 811 2416 864 Παπίσκου
2441 810 2744 879 ἀντιλογίαν
2773 810 2901 879 περὶ
2936 807 3194 879 Χριστοῦ,
3219 809 3279 861 οὑ
3299 806 3553 876 γέλωτος,
3583 806 3736 860 ἀλλὰ

2141 900 2330 971 μίσους
2358 899 2505 965 ἀξιον
2537 897 2695 964 εἶναι,
2727 899 2928 954 λαϐεῖν.
2947 901 3026 961 εἰς
3049 901 3234 969 χεῖρας
3264 897 3324 949 τὸ
3352 896 3733 967 συγγραμμά-

2136 1008 2271 1056 τιον,
2306 993 2400 1044 καὶ
2443 992 2730 1060 ὑπομεῖναι
2774 991 2868 1043 καὶ
2905 988 3231 1060 ἀνασχέσθαι
3255 987 3485 1041 ἀκοῦσαι
3514 986 3621 1040 τῶν
3664 987 3734 1039 ἐν

2138 1083 2316 1154 αὑτῷ·
2352 1084 2417 1136 ἵν’
2459 1083 2683 1137 αὐτόθεν
2744 1081 2997 1152 καταγνῷ
3032 1081 3123 1134 τοῦ
3168 1079 3399 1143 Κέλσου,
3438 1079 3606 1149 μηδὲν
3642 1078 3740 1131 εὗ-

2143 1174 2348 1246 ρίσκων
2389 1174 2579 1245 μίσους
2622 1174 2769 1238 ἄξιον
2815 1177 2871 1227 ἐν
2920 1172 2998 1243 τῷ
3039 1171 3244 1242 βιϐλίῳ.
3288 1170 3414 1223 Ἐὰν
3453 1169 3498 1221 δ’
3531 1169 3734 1223 ἀδεκά-

2145 1282 2284 1328 στως
2310 1281 2394 1327 τις
2442 1263 2763 1335 ἐντυγχάνῃ,
2814 1262 3055 1333 εὑρήσει,
3102 1260 3183 1312 ὅτι
3222 1259 3334 1312 οὐδ’
3376 1259 3469 1311 ἐπὶ
3514 1259 3733 1325 γέλωτα

2144 1358 2283 1409 κινεῖ
2304 1355 2364 1408 τὸ
2390 1354 2611 1425 βιϐλίον,
2640 1356 2697 1406 ἐν
2724 1346 2767 1420 ᾧ
2791 1352 3201 1422 ἀναγέγραπται
3239 1348 3562 1421 Χριστιανὸς
3601 1350 3709 1400 Ἰου

2143 1447 2276 1518 δαίῳ
2303 1446 2678 1517 διαλεγόμενος
2706 1444 2813 1498 ἀπὸ
2838 1443 2945 1499 τῶν
2991 1441 3296 1496 Ἰουδαϊκῶν
3343 1438 3600 1512 Γραφῶν,
3631 1440 3732 1493 καὶ

2141 1538 2352 1600 δεικνὺς
2371 1537 2467 1600 τὰς
2501 1536 2627 1608 περὶ
2652 1535 2744 1588 τοῦ
2775 1534 3011 1606 Χριστοῦ
3037 1534 3370 1605 προφητείας
3395 1532 3732 1603 ἐφαρμόζειν

2140 1629 2217 1700 τῷ
2257 1628 2432 1698 Ἰησοῦ
2452 1646 2466 1661 ·
2491 1629 2733 1696 καίτοιγε
2767 1628 2867 1680 οὑκ
2910 1627 3167 1695 ἀγεννῶς,
3202 1625 3309 1677 οὐδ’
3338 1625 3605 1695 ἀπρεπῶς
3650 1623 3732 1693 τῷ

2155 1721 2429 1781 Ἰουδαϊκῶ
2459 1721 2735 1794 προσώπῳ
2765 1720 2856 1774 τοῦ
2887 1719 3075 1790 ἐτέρου
3132 1718 3420 1788 ἱσταμένου
3461 1718 3599 1788 πρὸς
3636 1716 3733 1768 τὸν

2141 1811 2321 1879 λόγον.

2216 1904 2330 1955 Οὑκ
2387 1897 2506 1955 οἶδα
2550 1902 2595 1955 δ’
2640 1905 2787 1966 ὅπως
2831 1900 2900 1954 τὰ
2931 1901 3157 1972 ἄμικτα,
3207 1902 3301 1953 καὶ
3340 1902 3403 1954 οὑ
3449 1900 3732 1969 πεφυκότα

2144 1992 2261 2063 ἅμα
2292 1993 2605 2063 συμϐαίνειν
2651 1993 2966 2064 ἀνθρωπίνῃ
3005 1991 3193 2060 φύσει,
3229 1990 3579 2059 συναγαγὼν,
3610 1988 3731 2042 εἶπε

2143 2084 2203 2137 τὸ
2235 2084 2437 2155 βιϐλίον
2479 2087 2655 2138 ἐκεῖνο
2687 2084 2868 2147 ἐλέους
2894 2083 2986 2136 καὶ
3018 2083 3208 2153 μίσους
3235 2081 3383 2146 ἄξιον
3413 2077 3573 2133 εἶναι.
3606 2081 3723 2140 Πᾶς

2086 2226 2097 2231 -
2143 2177 2252 2248 γὰρ
2305 2178 2648 2249 ὁμολογήσει,
2705 2175 2797 2229 τὸν
2855 2173 3172 2244 ἐλεούμενον
3206 2174 3280 2243 μὴ
3337 2172 3612 2242 μισεῖσθαι
3650 2170 3732 2223 ὅτ’

2144 2267 2392 2332 ἐλεεῖται,
2426 2267 2519 2320 καὶ
2547 2266 2637 2319 τὸν
2674 2264 2996 2337 μισούμενον
3029 2263 3103 2333 μὴ
3132 2261 3397 2313 ἐλεεῖσθαι
3436 2263 3525 2313 ὅτε
3560 2263 3738 2331 μισεῖ-

2142 2374 2251 2409 ται.
2281 2355 2379 2409 Διά
2407 2354 2563 2409 τοῦτο
2586 2355 2642 2407 δὲ
2676 2355 2750 2427 μὴ
2784 2352 3104 2425 προκεῖσθαι
3134 2351 3373 2421 ἐλέγχειν
3401 2352 3534 2421 φησὶ
3560 2350 3733 2403 ταῦτα

2143 2450 2171 2500 6
2198 2447 2423 2509 Κέλσος,
2459 2445 2579 2498 ἐπεὶ
2613 2444 2783 2498 οἴεται
2815 2442 2956 2496 αὑτά
2984 2440 3145 2494 παντί
3173 2458 3274 2492 που
3297 2440 3433 2509 δῆλα
3471 2435 3610 2491 εἶναι
3638 2441 3733 2491 καὶ

2144 2538 2250 2609 πρὸ
2282 2536 2375 2590 τοῦ
2409 2538 2745 2606 ἐπαγομένου
2790 2534 3025 2602 λογικῶς
3049 2533 3272 2602 ἐλέγχου
3304 2530 3404 2603 ,ὡς
3434 2530 3609 2599 φαῦλα
3636 2530 3731 2583 καὶ

2144 2630 2325 2694 ἐλέους
2355 2628 2446 2682 καὶ
2474 2629 2664 2699 μίσους
2694 2627 2837 2693 ἄξια.
2865 2622 3293 2695 Παρακαλοῦμεν
3320 2623 3376 2675 δέ
3404 2624 3494 2675 τὸν
3536 2624 3729 2689 ἐντυγ-

2144 2720 2371 2792 χάνοντα
2425 2722 2491 2789 τῇ
2530 2717 2794 2787 ἀπολογίᾳ
2826 2716 2998 2786 ταύτῃ
3029 2716 3164 2787 πρὸς
3194 2715 3291 2786 τὴν
3322 2715 3527 2766 Κέλσου
3561 2731 3725 2783 κατη-

2144 2810 2339 2884 γορίαν
2391 2809 2753 2881 γεγραμμένῃ
2780 2805 3110 2875 ἀνασχέσθαι
3153 2807 3245 2859 καὶ
3274 2805 3575 2859 ἐπακοῦσαι
3624 2804 3729 2858 τῶν

472 2914 592 2952 mur
608 2909 781 2953 tamen
797 2913 1008 2965 omnes,
1025 2900 1115 2968 qui
1134 2899 1187 2951 in
1203 2899 1340 2953 hanc
1359 2907 1599 2955 nostram
1614 2900 1875 2953 adversus
1892 2896 2034 2953 Celsi

2149 2898 2597 2970 συγγραμμάτων
2634 2895 2811 2967 ἡμῶν,
2854 2895 2948 2946 καὶ
2987 2895 3085 2963 ὅση
3118 2893 3365 2964 δύναμις,
3400 2896 3466 2946 ἐκ
3509 2894 3614 2947 τῶν
3641 2911 3731 2961 γε-

470 2989 767 3044 calumnias
789 2988 1155 3044 defensionem
1176 2988 1481 3051 inciderint,
1499 2997 1557 3041 ut
1577 2987 1886 3056 Scripturas
1943 2999 2041 3038 no-

473 3088 617 3135 stras
632 3076 792 3148 545
807 3075 993 3132 audire
1006 3093 1073 3132 ne
1089 3086 1402 3147 graventur,
1421 3085 1475 3131 et
1501 3087 1579 3143 ut,
1599 3087 1860 3146 quantum
1889 3088 2043 3147 pote-

478 3181 625 3237 runt,
658 3184 725 3224 ex
755 3169 822 3223 iis
863 3184 983 3237 qua:
1013 3171 1308 3238 scriptorcs
1332 3178 1581 3233 narrant,
1618 3169 1871 3237 colligant
1899 3169 2044 3237 quod

479 3262 645 3319 fuerit
699 3275 887 3315 eorum
941 3262 1302 3330 propositum,
1361 3275 1481 3330 quas
1536 3259 1893 3325 conscientia,
1948 3262 2041 3329 qui

474 3357 642 3411 animi
680 3364 888 3421 status;
922 3354 1355 3408 animadvertent
1384 3353 1532 3405 viros
1577 3352 1763 3416 fuisse,
1792 3351 1884 3421 qui
1926 3366 2046 3421 quae

474 3450 575 3505 sibi
607 3455 989 3519 persuaserant
1018 3446 1223 3501 fervide
1251 3444 1623 3509 defenderent,
1648 3445 1911 3512 quosdam
1949 3458 2045 3496 au-

477 3550 585 3596 tem
639 3540 922 3597 declarare
969 3553 1028 3594 se
1080 3554 1165 3593 res
1219 3548 1401 3609 gestas
1446 3538 1642 3593 litteris
1689 3536 2043 3604 consignare,

473 3649 614 3704 quas
642 3631 758 3689 suis
786 3631 961 3686 oculis
989 3633 1286 3686 hauserant
1320 3638 1375 3687 et
1399 3636 1706 3699 compertas
1739 3625 2037 3691 habebant,

476 3741 564 3780 res
613 3723 872 3778 mirificas
918 3723 1214 3792 dignasque
1247 3735 1368 3790 qua:
1412 3718 1774 3775 monumentis
1819 3718 2045 3771 manda-

476 3826 666 3870 rentur
694 3814 761 3868 ad
808 3813 1068 3867 lectorum
1118 3812 1426 3868 futurorum
1459 3812 1771 3867 utilitatem.
1804 3810 1870 3862 Et
1916 3823 2046 3865 sane

479 3919 636 3959 nemo
688 3917 886 3974 negare
939 3903 1138 3956 audeat
1188 3901 1393 3956 fontem
1462 3901 1644 3955 omnis
1694 3898 1943 3953 utilitatis
1991 3906 2046 3952 et

478 3996 808 4067 principium
854 4008 975 4050 esse
1020 4007 1231 4049 summo
1282 3999 1391 4050 Deo
1430 3991 1677 4057 credere,
1709 3991 1761 4044 in
1791 3990 2047 4045 omnibus

422 4128 432 4143 .
477 4088 691 4143 actibus
721 4101 787 4141 eo
812 4094 1058 4155 spectare
1100 4093 1159 4140 ut
1194 4084 1269 4138 illi
1321 4084 1594 4147 placeant,
1632 4090 1780 4141 etne
1807 4079 2046 4148 cOgitare

473 4177 693 4247 quidem
734 4174 1028 4244 quidquam
1082 4173 1225 4242 quod
1261 4172 1336 4226 illi
1384 4171 1673 4241 displicere
1721 4169 1918 4239 possit,
1955 4167 2043 4236 qui

2144 2992 2477 3064 γραμμένων
2514 2989 2878 3060 στοχάσασθαι
2906 2988 3005 3057 τῆς
3041 2987 3419 3057 προαιρέσεως
3445 2986 3553 3039 τῶν
3596 3002 3731 3056 γρα-

2144 3084 2384 3154 ψάντων,
2435 3085 2529 3136 καὶ
2573 3084 2671 3152 τῆς
2719 3082 3099 3153 συνειδήσεως,
3136 3080 3227 3133 καὶ
3265 3079 3367 3148 τῆς
3401 3077 3724 3140 διαθέσεως·

2147 3176 2373 3246 εὑρήσει
2417 3173 2525 3246 γὰρ
2567 3173 2766 3244 ἄνδρας
2808 3173 3085 3245 διαπύρως
3132 3173 3259 3242 περὶ
3291 3164 3364 3224 ὧν
3397 3171 3729 3241 ὑπειλήφασι

2146 3266 2578 3335 διατεινομένους
2603 3282 2615 3294 ·
2660 3264 2812 3328 τινὰς
2852 3265 2908 3318 δέ
2953 3264 3318 3336 ἐμφαίνοντας
3363 3264 3455 3315 καί
3499 3262 3733 3332 ἱστορίαν

2147 3355 2467 3428 ἐωραμένην
2514 3355 2609 3408 καῖ⁹
2640 3354 3099 3422 καταλειφθεῖσαν
3142 3353 3249 3425 (97)
3281 3353 3633 3423 ἀναγράφειν,
3657 3352 3733 3413 ὡς

2153 3445 2457 3517 παράδοξον
2517 3445 2614 3498 καὶ
2676 3445 2894 3515 γραφῆς
2951 3443 3128 3508 ἀξίαν,
3182 3444 3274 3497 ἐπὶ
3333 3444 3571 3514 ὠφελείᾳ
3625 3442 3732 3495 τῶν

2152 3538 2557 3609 ἀκουσομένων.
2624 3537 2693 3589 Ἢ
2745 3536 2995 3607 τολμάτω
3039 3552 3125 3600 τις
3171 3534 3368 3604 λέγειν,
3428 3534 3502 3604 μὴ
3557 3534 3732 3603 πάσης

2145 3628 2416 3697 ὠφελείας
2456 3623 2595 3679 εἶναι
2641 3626 2823 3696 πηγὴν
2872 3625 2965 3678 καὶ¹
3014 3626 3186 3697 ἀρχὴν
3212 3626 3273 3677 τὸ
3320 3623 3609 3676 πιστεῦσαι
3653 3624 3731 3692 τῷ

2145 3719 2252 3772 τῶν
2300 3718 2438 3772 ὅλων
2485 3717 2626 3788 Θεῷ,
2660 3718 2754 3770 καὶ
2798 3718 2973 3771 πάντα
3005 3718 3263 3786 πράττειν
3297 3716 3414 3768 κατ’
3457 3713 3729 3783 ἀναφορὰν

2144 3813 2238 3865 τοῦ
2288 3813 2498 3883 ’ἐκείνῳ
2539 3812 2797 3883 ἀρέσκειν
2852 3813 2977 3883 περὶ
3035 3808 3375 3872 οὑτινοσοῦν,
3428 3808 3523 3863 καὶ
3572 3806 3729 3877 μηδὲν

2146 3904 2450 3975 ἅπάρεστον
2500 3903 2648 3975 αὑτῷ
2685 3903 2807 3973 μηδ’
2846 3900 3215 3973 ἐνθυμεῖσθαι,
3249 3901 3324 3964 ὡς
3366 3901 3427 3953 οὑ
3460 3899 3616 3970 μόνον
3647 3898 3728 3951 λό-

2147 4014 2258 4066 γων
2302 3996 2396 4051 καὶ
2437 3994 2635 4067 ἐργων,
2668 3994 2803 4048 ἀλλά
2838 3995 2932 4047 καὶ
2976 3993 3361 4063 διαλογισμῶν,
3398 3990 3722 4064 κριθησομέ-

2147 4104 2274 4143 νων.
2306 4088 2417 4142 Καὶ
2446 4086 2528 4150 τίς
2563 4087 2629 4141 ἂν
2660 4084 2817 4150 ἄλλος
2848 4085 3004 4155 λόγος
3035 4085 3519 4155 ἐπιστρεφέστερον
3553 4099 3716 4154 προσ-

2149 4178 2270 4246 άγοι
2302 4178 2413 4249 (98)
2443 4178 2543 4248 τὴν
2587 4176 2933 4248 ἀνθρωπίνην
2979 4174 3140 4244 φύσιν
3178 4174 3258 4245 τῷ
3299 4170 3358 4227 εὖ
3398 4172 3520 4244 ζῇν,
3571 4173 3644 4236 ὡς
3687 4173 3718 4242 ἠ

477 4284 583 4324 non
611 4280 920 4322 sermonum
954 4266 1110 4323 modo
1152 4274 1206 4321 et
1235 4280 1479 4334 operum,
1511 4262 1606 4319 sed
1632 4263 1796 4318 etiam
1829 4262 2041 4332 cogita-

2154 4270 2334 4333 πίστις
2367 4270 2400 4338 ἢ
2436 4271 2469 4340 ἡ
2506 4267 2759 4338 διάληψις
2787 4267 2916 4339 περὶ
2954 4266 3048 4319 τοῦ
3097 4266 3251 4320 πάντ’
3298 4266 3499 4335 ἐφορᾷν
3529 4264 3619 4316 τὸν
3642 4265 3727 4314 ἐπὶ

477 4365 678 4415 tionum
709 4358 919 4414 futurus
938 4367 1021 4413 est
1040 4356 1224 4425 judex.
1263 4356 1461 4424 Ecquas
1487 4354 1733 4410 doctrina
1765 4352 2040 4409 efﬁcacius

476 4451 733 4505 inducere
768 4449 1015 4504 homines
1039 4454 1215 4516 potest
1241 4457 1296 4499 ut
1329 4447 1512 4499 vivant
1542 4446 1698 4508 bene,
1733 4458 1896 4512 quam
1925 4443 2042 4497 haec

480 4541 632 4605 ﬁdes,
671 4540 755 4595 vel
788 4541 901 4595 haec
950 4538 1253 4609 persuasio,
1286 4549 1599 4606 supremum
1636 4536 1802 4589 Deum
1856 4533 2038 4587 omnia

480 4643 667 4686 nostra
726 4630 961 4694 intueri,
1011 4629 1175 4691 dicta,
1229 4626 1393 4691 facta,
1450 4625 1729 4696 cogitata?
1786 4624 2047 4678 Monstret

479 4717 624 4771 enim
667 4717 756 4785 qui
805 4717 1037 4772 voluerit
1078 4717 1239 4770 aliam
1288 4718 1449 4779 viam,
1498 4731 1600 4782 qua
1655 4717 1722 4768 ad
1766 4712 2043 4767 meliorem

484 4805 695 4872 frugem
728 4814 1047 4859 revocentur
1075 4821 1179 4860 non
1212 4821 1350 4860 unus
1374 4806 1642 4875 quispiam
1667 4812 1723 4857 et
1756 4802 1913 4864 alter,
1951 4803 2044 4856 sed

483 4897 672 4962 ingens
701 4894 985 4950 multitudo
1019 4914 1032 4950 :
1064 4906 1120 4950 et
1169 4897 1392 4951 alterius
1432 4912 1557 4951 cum
1607 4894 1779 4949 altera
1826 4907 2045 4961 compa-

482 4986 691 5041 ratione
739 4984 1016 5055 dijudicet,
1048 4994 1169 5040 utra
1200 4986 1445 5042 doetrina
1493 4990 1561 5043 ad
1611 4987 1870 5041 virtutem
1924 4998 2050 5053 per-

483 5078 669 5132 ducat.

548 5162 639 5217 54.
671 5161 935 5229 Quoniam
971 5176 1098 5218 vero
1142 5162 1194 5216 in
1243 5161 1386 5218 Celsi
1437 5161 1614 5217 verbis
1645 5161 1805 5216 modo
1835 5175 2042 5217 memo-

2154 4364 2290 4415 πᾶσι
2336 4361 2470 4415 Θεὸν
2500 4360 2571 4414 τά
2607 4361 2696 4430 ὑφ’
2746 4358 2902 4429 ἡμῶν
2948 4358 3213 4427 λεγόμενα
3246 4357 3340 4410 καὶ⁹
3367 4356 3723 4427 πραττόμενα,

2155 4452 2290 4507 ἀλλὰ
2337 4453 2431 4506 καὶ
2457 4450 2815 4522 λογιζόμενα;
2852 4448 3252 4521 Παραϐαλλέτω
3277 4448 3384 4519 (99)
3414 4448 3524 4518 γὰρ
3558 4449 3586 4499 6
3612 4446 3729 4516 βου-

2152 4544 2373 4616 λόμενος
2396 4543 2560 4614 ἀλλην
2589 4543 2704 4595 ὁδὸν
2744 4541 3172 4612 ἐπιστρέφουσαν
3209 4540 3325 4610 ἅμα
3354 4540 3447 4615 καὶ
3491 4534 3725 4608 βελτιοῦ-

2156 4651 2253 4688 σαν
2279 4635 2339 4688 οὑ
2378 4635 2537 4706 μόνον
2565 4632 2663 4687 ἕνα
2708 4650 2808 4686 που
2852 4635 2947 4687 καὶ
2979 4633 3249 4702 δεύτερον,
3283 4630 3419 4696 ἀλλ’,
3446 4631 3547 4699 ὅση
3577 4627 3731 4681 δύναη

2160 4744 2270 4798 μις,
2302 4728 2395 4780 καὶ
2427 4726 2712 4789 πλείστους
2742 4727 2924 4790 ὅσους,
2953 4726 3039 4779 ἵνα
3081 4743 3167 4788 τις
3191 4726 3258 4795 τῇ
3294 4719 3593 4793 παραθέσει
3622 4720 3730 4788 ἀμ-

2156 4817 2396 4886 φοτέρων
2419 4816 2527 4871 τῶν
2556 4816 2690 4871 ὁδῶν
2715 4816 2958 4887 ἀκριϐῶς
2980 4808 3290 4887 κατανοήσῃ
3314 4814 3405 4867 τὸν
3429 4811 3728 4867 διατιθέντα

2154 4909 2291 4981 πρὸς
2323 4908 2385 4961 τὸ
2416 4907 2580 4962 καλὸν
2614 4909 2790 4978 λόγον.

2238 5171 2389 5225 Ἐπεὶ
2421 5171 2464 5224 δ’
2497 5172 2554 5225 ἐν
2681 5171 2942 5243 ἐξεθέμην
2990 5170 3086 5225 τοῦ
3129 5170 3339 5224 Κέλσου
3381 5168 3524 5237 λέξει
3554 5184 3729 5240 παρα-

484 5259 618 5311 tatis
653 5255 742 5310 ubi
776 5256 1023 5324 quaedam
1060 5270 1090 5309 e
1141 5253 1338 5309 Timwo
1384 5256 1711 5323 transcripta
1758 5263 1902 5319 sunt,
1934 5254 2041 5309 btet

2157 5259 2437 5333 φραζούσῃ
2480 5260 2590 5315 ἀπὸ
2633 5260 2727 5315 τοῦ
2767 5262 3002 5329 Τιμαίου
3036 5260 3109 5333 (1)
3140 5262 3264 5314 τινὰ
3306 5259 3631 5332 γέγραπται,
3658 5258 3731 5320 ὡς

548 5366 677 5439 (97),
700 5366 1231 5439 Kazalgtgaasiaar.
1281 5367 1633 5439 Scribondum
1686 5367 1914 5439 videtur,
1949 5384 2047 5439 κα-

479 5436 861 5508 ταληφθεῖσαν.
895 5436 1061 5508 Ennio
1102 5448 1221 5506 post
1252 5454 1401 5497 mss.,
1446 5436 1521 5507 μὴ
1565 5437 1743 5506 πάσης
1783 5436 2047 5508 ὠφελείας

481 5501 866 5579 εἷναὶξπηγήν.
915 5504 1069 5562 Lihb.
1104 5501 1281 5569 'editi,
1329 5508 1401 5579 μὴ
1444 5501 1622 5579 πάσης
1676 5501 1867 5576 σοφίας
1910 5501 2046 5562 εἶναι

482 5578 686 5725 “mag.
708 5645 861 5701 Lihb.
895 5648 1046 5714 editi,
1082 5650 1366 5720 προσάγει,

471 5724 708 5768 τρειιυε.

1791 5603 1819 5625 4

1418 5648 1511 5704 sed
1564 5663 1718 5714 mss.,
1757 5649 2043 5721 προσάγοι,

2245 5370 2336 5460 99)
2353 5369 2719 5460 saep-au
2737 5371 3099 5460 emersas
3131 5359 3521 5460 ,παεᾳσάλέτυέτ

2248 5441 2299 5505 1)
2353 5440 2497 5509 iam)
2525 5440 2630 5494 τοῦ
2666 5441 2924 5509 Τιμαίου.
2954 5438 3088 5496 Plat.
3131 5442 3183 5494 in
3215 5438 3436 5503 Timaeo,
3476 5455 3599 5509 pag.
3622 5438 3680 5492 υ
3708 5456 3726 5509 _:

2162 5506 2315 5582 Ἐπεὶ
2351 5507 2443 5564 οὖν
2472 5511 2692 5573 πάντες,
2721 5506 2843 5582 ὅσοι
2864 5528 2924 5563 τε
2960 5511 3309 5582 περιπολοῦσι
3343 5506 3613 5582 φανερῶς,
3640 5506 3730 5561 καὶ

2150 5580 2263 5632 ὅσοι
2297 5581 2598 5649 φαίνονται,
2644 5580 2764 5633 καθ’
2800 5580 2923 5632 ὅσον
2966 5578 3047 5634 ἀν’
3076 5579 3300 5633 ἐθέλωσι
3342 5578 3497 5644 θεοὶ,
3520 5578 3729 5649 γένεσιν

2151 5647 2337 5719 ἔσχον·
2382 5650 2527 5716 λέγει
2576 5651 2710 5719 πρὸς
2755 5650 2950 5719 αὑτοὺς
2989 5653 3017 5703 6
3062 5649 3179 5702 τόδε
3226 5650 3286 5701 τὸ
3319 5650 3426 5702 πᾶν
3467 5647 3732 5719 γεννήσας

2151 5714 2307 5771 τάδε·
2344 5714 2465 5772 Θεοί
2493 5714 2649 5783 θεῶν’,
2683 5731 2787 5775 etc.
2818 5740 2833 5770 ι
2875 5718 3095 5785 Quando
3134 5720 3296 5789 igitur
3323 5714 3512 5773 omnes
3551 5714 3723 5788 et‘qui
