3986 6164
314 372 476 432 1117

1511 368 1791 424 CONTRA
1828 365 2102 422 CELSUM
2137 365 2263 420 LIB.
2306 363 2394 418 iV.

3447 359 3580 414 HIS

315 493 441 564 ἄρα
487 513 506 544 ι
557 494 615 546 Ὀ
651 493 747 562 μὲν
771 491 903 553 Θεὸς
931 490 1080 542 οὐδὲν
1114 487 1304 556 θνητὸν
1338 488 1612 558 ἐποίησεν,
1647 489 1781 541 ἀλλὰ
1818 489 1895 558 μό·

2017 487 2317 541 habentur:
2348 503 2365 536 ι
2405 483 2568 536 Deum
2597 480 2728 534 nihil
2759 481 2987 535 mortale
3021 481 3238 548 fecisse,
3268 480 3383 549 ejus
3412 496 3576 549 Opera

314 601 392 636 να
417 585 497 637 τὰ
535 584 796 644 ἀθάνατα,
837 580 907 633 τὰ
936 579 992 632 δὲ
1024 576 1192 647 θνητᾶ
1225 576 1397 630 ἄλλων
1423 578 1569 628 ἐστὶν
1621 577 1757 647 ἔργα
1804 578 1878 642 (2)
1899 593 1912 606 °

313 673 424 726 καὶ
453 673 606 742 ψυχὴ
645 673 742 742 μὲν
775 670 910 724 Θεοῦ
944 670 1122 740 ἔργον,
1156 667 1405 737 σώματος
1449 667 1505 719 δὲ
1555 666 1686 735 ἄλλη
1720 667 1878 734 φύσις
1899 686 1911 698 ·

311 764 420 816 καὶ
457 764 616 818 οὐδὲν
647 763 835 816 διοίσει
880 760 1036 832 σῶμα
1083 758 1363 829 ἀνθρώπου
1398 755 1644 826 σώματος
1673 759 1917 826 νυκτερί-

310 856 439 919 δος,
469 856 507 926 ἦ
543 855 723 925 εύλῆς,
759 855 791 924 ἢ
828 853 1130 924 βατράχου·
1171 851 1269 920 ὓλη
1304 849 1411 920 γὰρ
1458 851 1490 918 ή
1539 849 1696 917 αὐτὴ,
1725 849 1819 900 καὶ
1857 848 1916 899 τὸ

312 945 574 1016 φθαρτὸν
602 943 778 998 αὐτῶν
810 943 990 1012 ὅμοιον
1011 958 1023 971 ·
1081 960 1099 991 ›
1131 940 1282 1010 φέρε,
1311 939 1404 990 καὶ
1442 937 1568 1002 περὶ
1601 935 1802 989 τούτων
1829 936 1914 987 ἐπ’

311 1035 517 1102 ὀλίγον
544 1031 1225 1102 διαλάϐωμεν,ὲλέγχοντες
1244 1029 1334 1080 τὸν
1355 1029 1471 1098 ἤτοι
1499 1028 1572 1097 μὴ
1599 1026 1917 1096 προσποιού-

318 1143 501 1194 μενον
534 1125 630 1195 τὴν
654 1122 848 1177 ἑαυτοῦ
887 1121 1255 1190 Ἐπικούρειον
1281 1118 1524 1187 γνώμην,
1553 1117 1586 1188 ἢ
1614 1118 1710 1186 (ὼς
1737 1117 1803 1172 ἂν
1840 1118 1916 1169 εῖ-

313 1232 419 1266 ποι
453 1215 524 1268 ἄν
550 1216 654 1280 τις)
677 1213 899 1282 ὕστερον
935 1210 1296 1281 μεταθέμενον
1328 1209 1418 1260 ἐπὶ
1433 1207 1501 1260 τὰ
1531 1208 1740 1277 βελτίω,
1764 1206 1796 1276 ἢ
1822 1208 1914 1260 καὶ

315 1301 425 1364 (ὡς
453 1301 525 1354 ἂν
551 1301 731 1368 ἕτερος
767 1300 912 1366 λέγοι
943 1303 959 1367 )
989 1298 1080 1351 τὸν
1119 1297 1397 1367 ὁμώνυμον
1424 1295 1500 1366 τῷ
1541 1295 1908 1365 Ἐπικουρείῳ.

312 1390 576 1445 Τοιαῦτα
603 1391 711 1461 γὰρ
743 1391 906 1461 ἐχρῆν
935 1391 1094 1442 αὐτὸν
1125 1387 1575 1456 ἀποφαινόμενον,
1639 1387 1732 1439 καὶ
1759 1387 1914 1438 ἐναν-

311 1479 418 1533 τία
445 1480 626 1547 λέγειν
656 1480 716 1532 ού
763 1478 922 1548 μόνον
969 1479 1098 1547 ἡμῖν
1133 1475 1484 1545 προθέμενον,
1515 1473 1646 1528 ἀλλὰ
1676 1475 1768 1526 καὶ
1813 1475 1912 1526 οὐκ

313 1567 552 1634 ἀγεννεῖ
598 1565 900 1634 φιλοσόφων
952 1564 1158 1633 αἱρέσει
1203 1563 1309 1615 τῶν
1360 1563 1467 1615 ἀπὸ
1510 1563 1602 1616 τοῦ
1650 1562 1912 1624 Κιττιέως

314 1658 582 1728 Ζήνωνος
628 1655 726 1726 (5),
772 1655 1196 1716 κατασκευάσαι,
1238 1653 1317 1705 ὅτι
1358 1652 1427 1705 τὰ
1466 1651 1574 1705 τῶν
1613 1651 1764 1716 ζώων
1809 1650 1912 1705 σώ-

317 1763 482 1816 ματα
514 1747 612 1798 οὐκ
641 1744 784 1797 ἔστιν
832 1743 968 1814 ἔργα
1007 1741 1100 1796 τοῦ
1146 1742 1302 1805 Θεοῦ,
1335 1743 1428 1794 καὶ
1475 1743 1555 1795 ὅτι
1593 1746 1624 1811 ή
1672 1743 1904 1813 τοσαύτη

314 1815 463 1907 περὶ
495 1835 631 1888 αὐτὰ
656 1835 815 1906 τέχνη
858 1836 957 1887 οὐκ
1003 1833 1110 1886 ἀπὺ
1153 1832 1246 1885 τοῦ
1297 1832 1510 1903 πρώτου
1536 1833 1759 1903 ἐλήλυθε
1787 1833 1901 1886 νοῦ.
1937 1815 1979 1869 Β

317 1926 486 1978 Ἔδει
514 1926 557 1979 δ’
584 1927 742 1980 αὑτὸν
775 1927 866 1977 καὶ
896 1925 1024 1995 περὶ
1053 1924 1161 1975 τῶν
1187 1923 1469 1987 τοσούτων,
1507 1925 1600 1977 καὶ
1623 1925 1712 1977 ὑπ’
1739 1927 1903 1978 ἐνυπ-

315 2016 608 2086 αρχούσης
663 2015 736 2086 (4)
811 2015 1151 2083 ἀφαντάστου
1242 2012 1454 2081 φύσεως
1519 2014 1899 2084 διοικουμένων

317 2105 694 2159 παντοδαπῶν
727 2105 927 2174 φυτῶν,
958 2105 1050 2157 καὶ
1084 2105 1218 2174 πρὸς
1260 2105 1446 2175 χρείαν
1481 2105 1775 2172 γεγονότων
1800 2105 1898 2157 οὐκ

311 2195 799 2266 εὐκαταφρόνητον
847 2195 905 2246 ὲν
963 2193 1039 2263 τῷ
1088 2195 1249 2246 παντὶ
1292 2194 1610 2264 ἀνθρώπων,
1656 2196 1750 2246 καὶ
1793 2193 1902 2247 τῶν

309 2285 634 2354 ἀνθρώποις
683 2284 1110 2355 διακονουμένων
1158 2285 1330 2348 ζώων,
1371 2287 1518 2347 ὅπως
1571 2287 1698 2337 ποτὲ
1731 2285 1904 2348 ἄλλως

308 2375 517 2438 ὄντων,
555 2376 628 2446 μὴ
657 2373 1035 2445 ἀποφήνασθαι
1069 2373 1246 2444 μόνον,
1283 2373 1418 2426 ἀλλὰ
1447 2375 1540 2426 καὶ
1563 2374 1789 2439 διδάξαι,
1821 2375 1902 2427 ὅτι

313 2463 397 2533 μὴ
439 2464 648 2526 τέλειός
677 2481 759 2527 τις
787 2463 910 2526 νοῦς
936 2463 1032 2526 τὰς
1068 2463 1334 2526 τοσαύτας
1369 2464 1647 2532 ἐνεποίησε
1681 2465 1901 2534 ποιότη-

307 2569 419 2614 τας
448 2556 516 2622 τῇ
559 2552 660 2624 ὕλῃ
685 2551 794 2604 τῶν
834 2551 1014 2619 φυτῶν
1047 2551 1142 2621 (5).
1192 2553 1254 2602 El
1299 2551 1342 2603 δ’
1369 2551 1512 2616 ἅπαξ
1542 2549 1695 2612 θεοὺς
1725 2553 1898 2604 ὲποίει

308 2641 690 2710 δημιουργοὺς
745 2640 958 2692 πάντων
1018 2640 1311 2709 σωμάτων,
1366 2640 1440 2702 ὼς
1489 2639 1654 2710 μόνης
1713 2641 1892 2711 ψυχῆς

313 2731 490 2802 ἔργον
535 2731 701 2802 οὔσης
733 2731 866 2784 Θεοῦ
887 2749 900 2761 ·
950 2731 1064 2795 πῶς
1109 2733 1229 2802 οὐχὶ
1259 2731 1384 2802 ἑξῆς
1411 2727 1485 2810 ἦν.
1510 2733 1587 2802 τῷ
1625 2733 1896 2803 μερίζοντι

309 2822 386 2875 τὰ
451 2823 686 2875 τοσαῦτα
732 2821 1216 2892 δημιουργήματα,
1272 2823 1364 2876 καὶ
1414 2823 1626 2886 πολλοῖς
1683 2824 1895 2889 διδόντι,

313 2915 468 2985 μετά
491 2931 634 2977 τινος
667 2914 1069 2967 κατασκευάσαι
1099 2915 1196 2966 οὐκ
1242 2915 1710 2984 εὐκαταφρονήτου
1739 2915 1895 2982 λόγου

309 3005 461 3059 θεῶν
490 3003 767 3074 διαφορὰς,
799 3004 964 3057 τῶνδε
995 3005 1092 3074 μὲν
1130 3003 1440 3072 ἀνθρώπεια
1467 3003 1898 3066 κατασκευαζόν-

2018 585 2279 647 quotquot
2310 584 2435 630 sunt
2469 588 2588 628 esse
2633 572 2981 639 immortalia,
3019 574 3085 626 ab
3120 573 3205 627 his
3231 580 3408 625 autem
3439 572 3579 628 facta

2015 682 2138 722 esse
2186 681 2306 734 quae
2359 663 2617 719 mortalia
2663 672 2818 727 sunt;
2857 663 3088 715 animam
3124 676 3258 730 opus
3298 676 3418 717 esse
3458 663 3574 728 Dei,

2015 757 2263 822 corporis
2310 769 2442 808 vero
2489 753 2650 806 aliam
2686 766 2804 806 esse
2835 761 3107 814 naturam,
3155 759 3210 805 et
3249 767 3440 820 corpus
3483 750 3576 803 ho-

2017 844 2180 898 minis
2224 843 2356 896 nihil
2389 859 2417 896 a
2453 841 2877 910 vespertilionis,
2910 849 3003 894 aut
3046 842 3264 904 vermis,
3298 849 3389 893 ant
3431 853 3577 894 ranas

2014 933 2608 1003 corpore'discrepare,
2641 936 2838 1003 quippe
2869 933 3150 1000 utriusque
3179 933 3422 985 eamdem
3453 945 3578 985 esse

2013 1026 2334 1091 materiam,
2384 1025 2526 1077 idem
2574 1025 2626 1078 in
2685 1035 2918 1092 utroque
2967 1023 3329 1090 corruptionis
3374 1021 3576 1089 princi-

2013 1117 2157 1186 pium
2183 1155 2196 1180 ,
2238 1135 2257 1167 ι
2297 1129 2395 1184 age
2431 1123 2484 1168 et
2509 1115 2575 1168 de
2602 1115 2689 1169 bis
2721 1115 2990 1184 paulisper
3013 1114 3365 1175 disseramus,
3395 1122 3574 1163 osten-

2013 1205 2202 1258 dentes
2249 1217 2370 1256 eum
2401 1202 2481 1256 vel
2518 1202 2730 1272 Epicuri
2777 1201 3034 1256 asseclam
3067 1215 3186 1255 esse
3217 1215 3276 1254 se
3320 1200 3569 1253 dissimu-

2013 1294 2161 1358 lare;
2210 1303 2324 1356 aut,
2373 1293 2516 1362 quod
2582 1293 2778 1360 aliquis
2817 1292 3029 1355 dixerit,
3081 1292 3292 1344 saniora
3325 1291 3570 1358 dogmata

2011 1384 2322 1454 amplexum
2377 1398 2537 1447 esse,
2586 1392 2677 1435 aut
2729 1383 2908 1446 illum,
2969 1383 3108 1448 quod
3165 1381 3302 1435 alius
3348 1381 3568 1445 dixerit,

2011 1476 2178 1539 idem,
2214 1482 2377 1543 atque
2410 1473 2546 1527 alter
2566 1472 2755 1526 Celsus
2784 1472 3100 1540 Epicureus,
3129 1486 3321 1525 nomen
3351 1471 3565 1526 habere.

2011 1567 2142 1622 Cum
2176 1567 2320 1620 enim
2353 1567 2467 1620 haec
2497 1563 2767 1633 proferre,
2801 1572 2858 1618 et
2894 1577 2999 1616 non
3046 1562 3220 1617 solum
3268 1563 3443 1624 nobis,
3474 1564 3568 1616 sed

2009 1658 2173 1711 etiam
2202 1656 2486 1711 Cittiensis
2536 1655 2771 1709 Zenonis
2801 1663 2962 1710 sectae
3011 1667 3115 1707 non
3167 1655 3379 1708 obscuri
3428 1656 3572 1708 inter

2011 1747 2362 1816 philosOphos
2387 1746 2621 1800 nominis
2651 1744 3030 1799 contradicere
3058 1745 3160 1798 sibi
3183 1745 3566 1812 proposuisset,

2007 1839 2290 1906 oportebat
2334 1847 2394 1892 ut
2437 1839 2773 1905 argumentis
2797 1833 3063 1907 probaret
3113 1837 3275 1908 546
3321 1838 3568 1891 animan-

2009 1928 2139 1980 tium
2173 1941 2402 1995 corpora
2433 1927 2524 1980 Dei
2559 1943 2666 1983 non
2700 1943 2819 1984 esse
2848 1942 3031 1996 opera,
3067 1945 3163 1983 nec
3195 1939 3300 1982 tam
3342 1928 3568 1998 praecla-

2007 2033 2126 2071 rum
2173 2020 2224 2071 in
2275 2019 2380 2073 illis
2432 2021 2726 2075 condendis
2775 2020 3066 2074 artiﬁcium
3112 2019 3278 2075 fuisse
3323 2035 3349 2073 a
3395 2021 3566 2088 prima

2007 2108 2360 2176 intelligentia
2393 2111 2710 2178 profectum.
2744 2114 2817 2167 De
2849 2113 2956 2166 illis
2997 2112 3157 2166 etiam
3193 2121 3276 2165 tot
3305 2121 3357 2164 et
3390 2113 3568 2167 omnis

2001 2200 2216 2269 generis
2271 2201 2530 2269 stirpibus
2568 2218 2686 2271 qua:
2733 2204 2802 2256 ab
2858 2203 3393 2271 iucomprehensibili
3445 2222 3566 2274 quas

2001 2291 2132 2361 ipsis
2163 2291 2303 2345 inest
2332 2301 2521 2345 natura
2551 2293 2944 2361 gubernantur,
2973 2305 3028 2350 et
3056 2296 3122 2348 ad
3153 2297 3428 2348 hominum
3461 2311 3564 2349 non

2000 2378 2266 2433 modicam
2301 2380 2590 2435 utilitatem
2619 2393 2818 2438 creata:
2849 2394 2994 2450 sunt,
3025 2394 3080 2438 et
3102 2386 3168 2438 de
3201 2384 3563 2438 animantibus

1999 2485 2116 2538 qua:
2151 2470 2461 2526 hominibus
2493 2472 2822 2538 ministrant,
2851 2489 3174 2542 quacunque
3208 2475 3418 2528 tandem
3462 2475 3562 2527 alia

2002 2561 2210 2614 ratione
2253 2561 2412 2615 edim
2441 2561 2661 2626 l‘uerint,
2695 2580 2798 2618 non
2853 2565 3028 2619 solum
3071 2566 3421 2633 pronuntiare
3466 2567 3562 2620 de-

1998 2649 2134 2712 buit,
2178 2651 2271 2716 sed
2311 2662 2566 2718 przcterea
2602 2655 2798 2709 docere
2846 2672 2951 2710 non
3005 2657 3203 2711 inditas
3244 2672 3274 2710 a
3323 2657 3562 2724 perfecta

1998 2739 2230 2806 quadam
2263 2740 2622 2808 intelligentia
2651 2742 2818 2797 fuisse
2847 2744 3087 2797 materiae
3119 2753 3199 2798 tot
3229 2745 3407 2798 varias
3431 2759 3564 2813 qna-

1997 2826 2202 2881 litates.
2237 2829 2370 2883 Item
2418 2841 2702 2900 postquam
2734 2847 2959 2904 corpora
3007 2836 3187 2888 omnia
3237 2849 3266 2888 a
3294 2835 3397 2889 diis
3427 2835 3564 2904 infe-

1998 2917 2226 2968 rioribus
2271 2915 2528 2973 fabricari
2576 2920 2849 2989 Deumque
2889 2921 3058 2976 solius
3087 2923 3280 2976 animae
3313 2923 3560 2991 Opiﬁcetn

1997 3019 2118 3060 esse
2151 3003 2315 3070 fecit;
2347 3022 2527 3061 annon
2570 3018 2994 3064 consentaneum
3026 3010 3147 3074 fuit,
3196 3021 3253 3065 ut
3287 3013 3376 3080 qui
3423 3013 3565 3066 inter

307 3113 428 3149 των
469 3095 710 3165 σώματα,
753 3095 954 3166 ἐτέρων
1000 3095 1056 3147 δὲ
1102 3093 1243 3164 (φέρ’
1272 3095 1490 3163 είπεῖν,)
1533 3094 1752 3164 κτήνεια
1795 3093 1892 3164 (ϐ),

2001 3095 2198 3148 multos
2246 3101 2390 3148 tanta
2439 3110 2602 3164 opera
2649 3097 2876 3166 partitus
2919 3108 3060 3163 erat,
3093 3100 3140 3154 is
3174 3099 3304 3156 illud
3337 3102 3561 3156 deorum

312 3284 614 3332 moventur
669 3274 951 3344 palamque
995 3277 1374 3338 ostenduntur,
1416 3285 1468 3329 et
1516 3275 1604 3343 qui
1662 3286 1886 3330 eatenus

313 3347 482 3399 nobis
530 3344 904 3404 declamatur.
967 3353 1233 3412 quatenus
1282 3345 1380 3411 ipsi
1441 3344 1660 3408 volunt,
1715 3347 1883 3399 creati

311 3423 469 3478 sunt,
505 3413 696 3465 tumad
725 3412 842 3465 illos
873 3412 1078 3466 Densis
1104 3414 1194 3479 qui
1225 3413 1411 3466 omnia
1445 3413 1651 3479 genuit,
1685 3413 1833 3465 l’atnr
1867 3430 1880 3466 :

310 3485 433 3536 haec
459 3498 575 3542 vos.
604 3483 692 3549 qui
723 3482 944 3549 deorum
975 3490 1092 3534 satu
1125 3482 1228 3534 οτιί
1260 3482 1420 3542 estis,
1448 3490 1555 3534 etc.
1596 3501 1612 3532 ι
1642 3483 1704 3534 Et
1729 3483 1885 3547 paulo

311 3563 441 3621 post
481 3569 493 3604 :
541 3545 654 3602 Νῦν
697 3545 803 3621 οῦν.
830 3550 858 3601 ὃ
907 3550 1232 3621 λέγω-πρὸς
1285 3552 1427 3621 ὑμᾶς
1462 3545 1884 3621 ἐνδεικνύμενος,

311 3618 544 3692 μέθετε.
576 3618 858 3692 Θνητὰ-ἔτι
890 3619 1019 3692 γέν-η
1072 3618 1232 3692 λοιπὸς
1263 3618 1389 3692 τρία
1423 3619 1890 3692 γενητὰυΤούτων

306 3686 404 3744 οὖν
443 3689 520 3760 μὴ
576 3686 897 3760 γενομένων,
941 3686 1163 3760 cepam;
1197 3686 1398 3760 _d‘cal-‘q;
1450 3686 1626 3760 ἔσται’
1680 3690 1746 3742 τὰ
1786 3688 1892 3760 γὰρ

308 3755 536 3814 ἅπαντα
556 3755 613 3810 ὲν
646 3755 946 3828 αύτῷίλγένῃ
978 3755 1129 3819 ζώων
1157 3755 1396 3828 coxisse;
1420 3775 1432 3787 ο
1467 3758 1548 3828 δεῖ
1573 3758 1649 3822 δὲ,
1679 3761 1727 3811 εἰ
1760 3755 1891 3828 μέλζ

305 3829 391 3882 λει
421 3829 628 3890 τέλειος
659 3823 1030 3897 ίκανῶςεῐναι.
1055 3828 1130 3897 Δι’
1155 3823 1286 3896 ἐμοῦ
1412 3826 1579 3897 ταῦτα
1603 3823 1887 3897 γενόμενα,

308 3901 407 3952 καὶ
469 3898 582 3964 βίου
639 3896 1007 3964 μετασχόντα,
1055 3895 1198 3957 θεοῖς
1253 3896 1472 3959 ἰσάζους’
1519 3896 1602 3964 ᾴν.
1663 3895 1757 3950 ”Ιν’
1799 3895 1891 3951 οῦν

309 3913 407 3952 καὶ
505 3913 582 3950 ιου
682 3913 1007 3964 ετασχοντα,
1055 3913 1195 3957 υεοις
1253 3913 1471 3959 ισαρριτ⁷
1519 3913 1602 3949 αν.
1672 3913 1756 3950 Ἰν’
1799 3913 1891 3951 ουν

309 3913 498 4036 evnti
539 3984 597 4039 τε
719 3967 794 4039 Δτό
819 3981 922 4039 ῌτε-
960 3966 1085 4039 πᾶν.
1117 3965 1284 4039 δντως
1328 3967 1480 4039 tiaran;
1520 3961 1580 4039 ᾖ,
1626 3967 1892 4039 τρέπεσθε

309 4024 463 4090 κατὰ
513 4024 678 4104 φύσίῦ
711 4035 867 4104 ὑμεῖς
898 4033 1011 4104 κιέπὶ⁸
1035 4032 1134 4104 τὴν
1175 4024 1282 4085 τῶν
1322 4033 1472 4104 ζώων
1515 4024 1890 4104 δημιουργίαν,

314 4101 661 4176 μιμούμενοι
683 4101 779 4172 τὴν
817 4101 1218 4176 ἶἐμὴνῇδύναμιν
1258 4103 1386 4173 περὶ
1418 4103 1514 4176 τὴν
1547 4101 1698 4176 ὑμῶν
1739 4101 1890 4176 γένε-

313 4170 422 4228 σιν.
470 4170 666 4238 (Quid
697 4170 924 4224 sentiam
973 4170 1158 4238 igitur,
1202 4170 1528 4238 cognoscite.
1582 4170 1706 4225 Tria
1738 4170 1889 4228 nobis

313 4258 519 4312 genera
556 4243 758 4308 reliqua
796 4249 943 4312 sunt,
971 4253 1140 4312 eaque
1177 4241 1358 4312 genita
1397 4250 1560 4312 atque
1596 4241 1882 4312 mortalia:

313 4307 518 4382 ﬁnibus
552 4307 954 4382 praetermissis,
999 4307 1127 4361 coeli
1177 4308 1446 4382 absolutio
1474 4307 1730 4382 perfecta
1780 4327 1884 4364 non

312 4377 444 4436 erit.
475 4377 666 4433 omnia
699 4379 841 4432 enim
888 4391 1085 4443 genera
1123 4377 1432 4430 animalium
1462 4379 1740 4444 complexu
1778 4394 1882 4433 non

316 4451 548 4505 tenebit.
595 4449 799 4501 Teneat
823 4458 1001 4498 antem
1035 4453 1266 4512 oportet,
1310 4447 1352 4500 si
1384 4456 1468 4500 est
1507 4449 1738 4502 mundus
1767 4463 1855 4501 om

315 4520 449 4573 nino
498 4518 777 4588 perlectus
811 4515 1052 4568 futurus.
1263 4531 1408 4588 _vero
1447 4517 1490 4570 si
1538 4531 1567 4568 ιι
1622 4516 1889 4588 inertiam

314 4588 455 4651 solo,
495 4584 711 4654 vitaque
749 4587 1042 4646 donentur,
1076 4584 1180 4654 diis
1210 4585 1583 4653 adit-quentur.
1624 4584 1693 4638 Ut
1727 4587 1891 4651 igitur

316 4657 533 4710 mortali
586 4653 914 4723 generentur
955 4653 1318 4723 conditione»
1339 4665 1392 4708 et
1434 4656 1739 4708 universum
1791 4659 1891 4708 hoc

315 4727 568 4780 omnibus
593 4722 724 4778 suis
753 4723 998 4791 partibus
1027 4723 1100 4775 sit
1142 4722 1476 4790 absolutum,
1507 4723 1730 4789 agedum
1761 4739 1891 4779 con-

317 4794 512 4848 vertite
550 4810 646 4848 vos
698 4809 764 4847 ex
809 4801 1017 4846 natura:
1064 4791 1276 4861 legibus
1315 4795 1382 4846 ad
1414 4793 1730 4846 animalium
1769 4807 1891 4862 pro-

317 4863 672 4928 creationem,
714 4871 769 4915 et
814 4863 922 4914 vim
975 4874 1178 4924 meam,
1231 4876 1394 4928 quam
1441 4864 1493 4916 in
1549 4873 1731 4915 vestro
1769 4872 1889 4915 ortu

317 4932 568 5002 adhibui,
609 4925 957 5002 _i'mitamini._
985 4949 1002 4980 ι
1067 4929 1135 4982 Ει
1187 4925 1312 5002 pag.
1356 4931 1432 5002 99
1461 4933 1619 5002 ικαὶ
1653 4932 1760 5002 τῶν
1795 4932 1892 5002 μὲν

317 4999 478 5070 θείων
505 5000 662 5061 αὐτὸς
701 4999 1284 5070 γίνεταιμδημιουργὸς,
1311 4999 1418 5053 τῶν
1458 5001 1515 5054 δὲ
1550 5000 1758 5070 θνητῶν
1793 4999 1892 5070 τὴν

353 5067 527 5142 ένεσιν
579 5072 706 5142 τοῖς⁸
747 5067 937 5142 ἑαυτοῦ
976 5067 1892 5142 γεννήμασιλδημιουργεῖν-προσ-

353 5085 527 5121 ενεσιν
579 5085 688 5129 τοις
747 5085 937 5120 εαυτου
976 5085 1273 5138 γεννημασι
1327 5085 1356 5122 ο
1400 5085 1675 5140 μιουργειν
1726 5087 1892 5142 προσ-

313 5085 557 5210 ἔταξεν-οΔ
579 5138 628 5188 οἱ
665 5137 720 5188 δὲ
761 5137 1105 5210 μιμούμενοι,
1145 5087 1544 5210 παρῲαὲόντες
1578 5139 1752 5210 ίᾲρχὴν
1791 5139 1893 5210 diu:

316 5155 536 5202 εταςεν·
579 5155 628 5188 οι
665 5155 720 5188 οε
761 5155 1105 5257 μιμούμενοι,
1145 5155 1544 5208 παραλαοοντες
1581 5155 1752 5210 αρχήν
1791 5155 1893 5208 ψυ-

316 5207 420 5277 χῆς
462 5207 748 5278 ἀθάνατον,
795 5222 825 5257 τ
855 5274 876 5278 Δ
909 5206 1043 5278 μετᾲ
1080 5206 1238 5278 τοῦτο
1290 5206 1481 5278 θνητὸν
1515 5209 1711 5278 σῶμα,
1741 5209 1894 5261 αὐτοὶ

316 5274 794 5356 πειριετόρνευσαν,
1070 5293 1143 5356 τε.
1180 5276 1324 5328 ἆπαν
1374 5274 1436 5328 τὸ
1470 5274 1628 5356 σῶμα
1669 5277 1887 5356 ἔδοσανο

315 5341 442 5416 ἄλλο
467 5363 528 5399 τε
547 5341 699 5416 ἐἶδος
728 5345 785 5416 εν
813 5341 972 5416 αὐτῷ’
1005 5343 1184 5416 ψυχῆς
1212 5341 1725 5416 προσῳκοδρμοῦντο
1764 5345 1892 5416 θνη-

315 5415 426 5477 τὸν,
473 5414 642 5485 δεινὰ-
674 5414 778 5485 καὶ-
801 5414 1074 5485 ἀναγκαῖα
1125 5415 1182 5465 ὲν
1219 5414 1379 5484 αὑτῷ
1413 5414 1714 5485 παθήματα
1751 5414 1889 5485 ἔχον.

314 5485 536 5555 Πρῶτον
590 5483 690 5553 μὲν
723 5481 936 5553 ἡδονὴν,
984 5483 1238 5553 μέγιστον
1275 5481 1476 5555 κακῶν
1525 5481 1735 5555 δέλεαρ,
1780 5481 1888 5539 ctc.

321 5551 696 5609 «Divinarum
747 5551 882 5606 vero
921 5551 1033 5621 ipse
1073 5562 1157 5605 est
1200 5551 1404 5620 opifex,
1445 5551 1757 5607 mortalium
1809 5570 1894 5608 re-

319 5638 433 5676 rum
486 5621 896 5692 generationem
956 5621 1060 5676 diis
1118 5636 1148 5674 a
1201 5635 1260 5675 se
1314 5623 1506 5689 genitis
1553 5623 1889 5676 clIiciendam

318 5691 680 5745 demandavit.
728 5691 806 5744 llli
863 5691 1028 5758 igitur
1072 5706 1230 5744 suum
1264 5701 1544 5760 parentem
1597 5692 1887 5757 imitantes,

321 5772 542 5829 accepto
576 5761 870 5816 immortali
905 5761 1095 5816 anima-
1142 5761 1434 5830 principio,
1484 5760 1742 5830 deinceps
1769 5777 1891 5817 cor-

1995 3291 2091 3345 pus
2125 3277 2352 3346 mortale
2377 3278 2476 3344 ipsi
2507 3278 3023 3345 circumtornarunt,
3056 3285 3110 3332 et
3144 3291 3340 3346 corpus
3368 3278 3560 3334 animus

1994 3345 2159 3397 veluti
2185 3346 2491 3399 vehiculum
2519 3346 2802 3407 dederunt,
2829 3356 2987 3414 atque
3014 3349 3066 3400 in
3089 3361 3154 3399 eo
3177 3345 3336 3401 aliam
3368 3349 3563 3402 animm

1993 3415 2254 3480 speciem,
2285 3415 2540 3468 nimirum
2567 3415 2846 3468 mortalem
2883 3416 3106 3482 insuper
3134 3416 3559 3480 fabricaverunt,

1993 3499 2113 3549 qum
2169 3498 2361 3549 graves
2421 3491 2475 3534 et
2543 3485 2884 3538 necessarias
2930 3484 3244 3538 all'ectiones
3292 3487 3342 3537 in
3381 3487 3558 3551 seipsa

2001 3552 2256 3621 haberet,
2304 3552 2536 3619 primum
2587 3553 2804 3621 quidem
2857 3553 3217 3620 voluptatem,
3265 3554 3558 3606 maximam

2000 3619 2260 3673 malorum
2287 3635 2488 3680 escam,
2522 3619 2628 3675 etc:
2668 3640 2685 3672 ι
2721 3625 2979 3674 SPENCER.

2067 3688 2144 3755 (2)
2189 3690 2418 3742 Ἄλλων
2441 3688 2610 3741 ἐστὶν
2645 3690 2805 3756 ἔργα.
2852 3690 3012 3740 Forte
3048 3689 3351 3756 legendum,
3383 3687 3557 3740 αὐτῶν

2000 3759 2146 3828 εστιν
2176 3757 2331 3828 ἔργα,
2375 3768 2448 3828 ut
2472 3773 2632 3825 supra
2663 3775 2809 3810 num.
2846 3757 2914 3811 52
2947 3774 2961 3810 :
2996 3757 3129 3811 Θεοῦ
3154 3758 3250 3828 μὲν
3281 3758 3436 3828 ἔργα,
3460 3759 3559 3810 ὅσα

1997 3825 2272 3896 ἀθά-ναταο
2300 3825 2466 3896 θνητὰ
2491 3828 2536 3879 δ’
2573 3827 2810 3880 ἐκείνων.

2068 3896 2144 3965 (5)
2178 3895 2472 3960 Ζήνωνος.
2510 3897 2672 3959 ΤυΙΙ.,
2708 3897 2796 3950 lib.
2829 3913 2843 3950 ι
2877 3897 2953 3950 De
2979 3897 3157 3966 ofﬁciis
3179 3913 3197 3950 .'
3233 3914 3251 3946 ι
3282 3896 3396 3966 _Sed
3426 3912 3560 3964 quo-

1999 3964 2144 4018 niam
2170 3967 2256 4035 _(ut
2286 3968 2549 4034 przeclare
2594 3966 2854 4034 scriptum
2889 3975 2972 4021 est
2997 3964 3035 4019 a‘
3055 3964 3299 4035 Platone)
3326 3982 3430 4018 non
3461 3981 3559 4020 no-

1998 4035 2081 4088 bis
2105 4033 2418 4104 solumnati
2451 4051 2661 4100 sumus,
2705 4033 2964 4103 ortusque
3009 4037 3178 4090 nostri
3211 4033 3416 4104 partem
3465 4051 3558 4102 pa-

1999 4105 2100 4156 tria
2150 4103 2417 4170 vindicat,
2476 4114 2684 4173 partem
2737 4115 3022 4172 parentes,
3083 4103 3288 4171 partem
3350 4104 3555 4159 amici:

1996 4183 2184 4238 atque,
2217 4185 2275 4226 ut
2302 4173 2843 4240 placetStoicis,qua:
2870 4174 2922 4226 in
2957 4174 3115 4226 terris
3147 4175 3459 4241 gignuntur,
3489 4175 3557 4226 ad

1995 4256 2149 4293 usum
2186 4242 2462 4295 hominum
2512 4243 2692 4296 omnia
2738 4244 2934 4306 creari,
2961 4241 3206 4296 homines
3251 4250 3428 4293 autem
3463 4242 3558 4293 ho-

1993 4311 2198 4378 minum
2226 4325 2382 4362 causa
2409 4325 2528 4364 esse
2575 4321 2861 4378 generatos
2885 4351 2900 4374 ,
2935 4321 2990 4362 ut
3037 4312 3136 4378 ipsi
3179 4309 3325 4363 inter
3353 4323 3411 4362 se
3438 4310 3558 4364 aliis

1991 4377 2082 4430 alii
2135 4378 2388 4445 prodesse
2435 4377 2679 4448 possint,
2753 4379 2805 4432 in
2849 4381 2952 4432 hoc
2996 4377 3238 4448 naturam
3303 4379 3559 4434 debemus

1994 4448 2184 4499 ducem
2215 4448 2390 4513 sequi.
2427 4447 2446 4497 ό
2476 4448 2612 4511 Vide
2635 4448 2902 4501 eumdem.
2935 4448 3004 4501 lib
3041 4463 3073 4500 n
3105 4447 3180 4501 De
3211 4458 3400 4500 natura
3435 4449 3557 4511 deq-

1995 4531 2144 4584 rum;
2204 4514 2487 4580 Senecam,
2522 4517 2613 4570 lib.
2652 4531 2710 4580 tr,
2741 4531 2860 4582 cap.
2902 4516 2991 4581 ‘25,
3047 4517 3119 4568 De
3173 4515 3558 4584 beneﬁciis,ret

1996 4582 2351 4647 Lactantium,
2386 4599 2504 4653 cap.
2537 4587 2598 4638 l5
2632 4585 2707 4637 De
2741 4587 2821 4637 ira
2853 4585 2968 4639 Dei.
3003 4586 3264 4640 Srencen.

2065 4653 2140 4724 (4)
2203 4653 2330 4706 ’Υπ’
2370 4655 2847 4721 ἐνυπαρχούσης.
2895 4655 2985 4708 Sic
3038 4655 3418 4720 habetlcodex
3463 4653 3557 4706 Jo-

1994 4722 2169 4793 lianus
2198 4724 2428 4793 secunda
2462 4739 2643 4786 manu,
2680 4729 2877 4779 rectius
2906 4739 3068 4793 quam
3102 4724 3227 4779 libb.
3259 4723 3556 4789 editi.,t'mb

1992 4790 2492 4870 ἓνὲᾱταξχούσηςο-
2593 4860 2635 4870 .-
2779 4860 2829 4870 ..
2921 4790 2939 4793 ’
3300 4861 3332 4870 ..
3373 4840 3436 4870 ,ς

2051 4860 2139 4933 ,(5)
2186 4859 2555 4933 Τῶν-φυτῶν.
2593 4860 2716 4915 llzec
2743 4860 2992 4933 videntur
3017 4876 3049 4916 e
3073 4870 3217 4916 textu
3265 4861 3554 4930 ejicienda,

1993 4928 2168 4999 neque
2195 4931 2284 4984 hic
2310 4928 2486 4985 locum
2515 4933 2716 4986 habere
2745 4928 2922 4999 posse.

2064 4999 2339 5072 (6)7Libb.
2399 5001 2527 5072 editi
2581 5011 2715 5072 post
2760 5015 2977 5072 vocem”
3012 5003 3235 5072 κτήνεια
3294 5002 3551 5072 continua

1991 5065 2134 5139 serie
2158 5071 2362 5136 legunt,
2387 5069 2482 5122 καὶ
2509 5065 2648 5139 κατὰ
2682 5069 2885 5139 ᾷτομον
2912 5065 3048 5133 είδος
3086 5065 3263 5124 αὐτῶν
3295 5087 3446 5134 τινας
3483 5065 3559 5121 εί-

1994 5156 2080 5192 ναι
2105 5138 2492 5208 δημιουργοὺς,
2518 5138 2613 5191 καὶ
2645 5137 2818 5193 ἄλλων
2840 5138 3052 5210 θήρεια.
3083 5139 3196 5210 Sed
3219 5157 3274 5194 re
3291 5147 3558 5210 accurate

1993 5223 2296 5276 perpensa.
2355 5210 2627 5276 sagaciter
2681 5208 3038 5276 deprehendit
3079 5209 3392 5264 Bohcrellus
3440 5208 3556 5259 haec

1994 5274 2157 5348 verba
2203 5277 2296 5329 καὶ
2337 5274 2474 5330 κατὰ
2515 5277 2714 5348 ἄτομον
2744 5274 3271 5348 είδοςίαύτῶνητινας
3302 5277 3558 5346 δημιουρ.

1992 5346 2142 5414 γούς,
2178 5361 2283 5416 non
2319 5363 2418 5400 suo
2463 5348 2580 5401 loco
2610 5346 2733 5416 legi,
2777 5347 3018 5416 nihilque
3058 5346 3205 5416 aliud
3235 5359 3555 5416 essequam

1996 5409 2201 5470 variam
2233 5415 2516 5486 lectionem
2544 5409 2884 5486 sequ'entium
2932 5409 3026 5486 καὶ
3044 5413 3393 5486 ’ἄλλουςῌκαΐ
3415 5409 3558 5474 εἶδος

1994 5486 2221 5539 ἑκάστου
2279 5485 2466 5554 φυτοῦ,
2512 5481 2887 5552 καῖἐκάστης
2934 5483 3195 5554 βοτάνης.Δ
3239 5481 3395 5534 Prior
3435 5497 3555 5554 cum

1964 5549 2307 5621 _eXcidisset,
2339 5564 2558 5622 propter
2594 5549 2964 5621 repetitionem
3002 5549 3146 5603 vocis
3175 5549 3555 5622 δημιουργούς,

1994 5626 2163 5678 altera
2208 5620 2532 5691 ejus—locum
2578 5620 2882 5691 oceupavit,
2909 5631 2963 5672 et
2995 5627 3176 5691 postea
3229 5631 3456 5691 utraque
3504 5620 3554 5671 in

1995 5704 2198 5746 textum
2239 5689 2459 5760 recepta
2501 5704 2604 5750 est.
2639 5693 2730 5760 sed
2779 5689 2998 5741 turbato
3028 5689 3240 5743 ordine.
3288 5690 3556 5747 Alterutra

1999 5763 2163 5832 igitur
2197 5759 2429 5830 expungi
2457 5762 2658 5812 debuit.
2699 5759 2880 5826 Itaque
2913 5759 3146 5812 priorem
3177 5761 3551 5829 expuaximus.
