3986 6164
477 309 620 366 Mli)

1897 320 2217 378 ORIGENIS

3593 327 3743 383 “‘20

485 431 780 486 discrimen
813 433 998 487 solidis
1043 433 1314 488 rationum
1348 435 1634 490 momentis
1668 445 1959 503 astrueret,
1997 449 2050 494 et

2166 441 2248 493 mi.
2281 439 2454 493 ἄλλων
2487 439 2714 510 (rimata;
2767 440 2965 512 Ἐχρῆν
3007 441 3052 494 δ’
3099 441 3280 504 αύτδν,
3323 441 3538 513 ὁρῶντα
3577 445 3742 509 θεοὺς

484 537 583 574 cur
611 538 800 577 eorum
831 525 940 587 alii,
977 525 1127 579 verbi
1157 525 1356 594 gratia,
1379 527 1681 592 hominum,
1714 528 1805 582 alii
1835 530 2048 598 jumen-

485 623 684 678 torum,
717 614 804 667 alii
851 613 1082 668 ferarum
1111 631 1335 684 corpora
1364 619 1727 671 construant?
1778 618 2046 675 Praeterea

484 719 606 758 cum
643 705 847 758 videret
875 705 1022 768 deos,
1063 706 1162 759 hos
1201 707 1252 758 in
1283 707 1634 772 draconibus,
1671 707 1790 763 illos
1817 708 1871 762 in
1900 709 2040 778 aspi-

485 795 660 860 tlihus,
690 794 951 861 quosdam
985 795 1036 851 in
1077 794 1370 861 basiliscis,
1409 797 1545 852 alios
1571 797 1623 850 in
1665 798 1892 866 singulis
1922 799 2050 853 stir-

485 885 640 950 pibus
689 886 980 953 herbisque
1010 887 1304 942 condendis
1345 899 1662 956 occupatos,
1695 888 2048 957 explanatum

483 975 721 1042 oportuit
763 990 860 1028 cur
887 991 1041 1030 suum
1078 978 1306 1046 quisque
1351 993 1548 1032 munus
1582 979 1806 1032 sortitus
1837 978 2045 1034 fuisset.

482 1062 754 1116 Accurata
804 1064 947 1117 enim
1004 1066 1162 1134 hujus
1214 1066 1529 1135 quzestionis
1586 1067 2037 1137 investigatione,

485 1160 577 1202 aut
636 1153 946 1207 retinuisset
1012 1172 1174 1207 unum
1245 1156 1480 1210 omnium
1547 1155 1797 1225 opiﬁcem
1881 1159 2046 1212 Deum

483 1243 570 1309 qui
620 1242 684 1295 ad
739 1254 950 1298 certum
991 1249 1276 1315 quemdam
1323 1249 1480 1302 ﬁnem
1534 1265 1796 1317 usumque
1853 1261 2042 1304 cuncta

484 1331 643 1398 fecit;
679 1345 770 1388 aut
809 1339 850 1389 si
887 1351 990 1390 non
1044 1338 1378 1405 retinuisset,
1417 1339 1734 1393 munivisset
1773 1342 1958 1409 utique
1992 1357 2049 1395 se

484 1425 742 1480 adversus
778 1441 872 1481 eos
943 1429 1034 1497 qui
1095 1430 1162 1481 ad
1212 1429 1287 1482 rei
1336 1445 1596 1497 corporea;
1641 1439 1887 1485 naturam
1920 1432 2050 1484 nihil

485 1514 755 1568 interesse
791 1517 1159 1581 contendunt,
1208 1517 1344 1570 sitne
1384 1518 1716 1584 corruptioni
1770 1518 2044 1582 obnoxia;

488 1614 584 1657 aut
645 1605 938 1659 absurdum
989 1620 1108 1660 esse
1167 1615 1363 1676 negant
1428 1608 1685 1660 mundum
1747 1622 1812 1660 ex
1877 1607 2042 1661 dissi-

489 1691 706 1748 milibus
766 1694 1006 1761 partibus
1065 1705 1403 1749 constantem
1465 1696 1530 1749 ab
1596 1712 1701 1750 uno
1745 1698 1909 1751 luisse
1971 1698 2050 1751 fa-

2154 529 2482 601 δρακόντων,
2533 531 2626 584 καὶ
2663 532 2922 593 ἀσπίδων,
2971 533 3064 585 καὶ
3109 531 3433 600 βασιλίσκων
3472 535 3741 607 δημιουρ-

2153 623 2303 688 γοὺς,
2329 621 2422 672 καὶ
2455 620 2644 683 ἄλλους
2682 623 2797 673 κατ’
2829 617 2966 684 εἶδος
2993 622 3220 675 ἑκάστου
3250 623 3440 691 φυτοῦ,
3481 625 3740 684 καὶέκά-

2156 729 2289 780 στης
2322 711 2756 782 βοτάνης,λέγειν
2784 712 2878 776 τὰς
2906 714 3081 776 αἰτίας
3101 713 3208 766 τῶν
3239 714 3543 784 μερισμῶν.
3573 717 3738 780 Ἴσως

2154 802 2262 872 γὰρ
2292 802 2376 865 ἂν,
2428 803 2646 866 ἐπιδοὺς
2677 804 2864 856 ἑαυτὸν
2912 807 2978 874 τῇ
3022 804 3278 875 ἀκριϐείᾳ
3315 805 3416 874 τῆς
3443 804 3554 858 τῶν
3591 807 3740 859 κατά

2155 889 2243 943 τὸν
2277 891 2439 943 τόπον
2468 893 2722 962 βασάνου,
2756 893 2872 962 ἦτοι
2902 894 3082 963 ἐτήρει
3103 893 3198 945 ’ἑνα
3231 893 3362 946 Θεὸν
3387 895 3604 946 πάντων
3641 895 3739 965 δη-

2159 981 2436 1050 μιουργὸν,
2471 982 2608 1052 πρός
2643 999 2694 1034 τι
2721 984 2814 1035 καὶ
2843 983 3025 1035 ἕνεκέν
3061 1000 3203 1046 τινος
3237 983 3464 1036 ἕκαστον
3504 1001 3734 1056 πεποιη-

2156 1072 2288 1124 κότα
2306 1089 2318 1101 ’
2343 1071 2375 1142 ἢ
2408 1073 2480 1142 μὴ
2500 1091 2564 1143 τη
2575 1073 2703 1143 ρῶν,
2731 1073 2876 1143 ἐώρα
2897 1074 2947 1125 τί
2971 1075 3075 1143 χρὴ
3102 1074 3262 1126 αὐτὸν
3295 1074 3735 1144 ἀπολογήσασθαι

2157 1163 2286 1231 περὶ
2302 1161 2590 1232 ἀδιαφόρου
2609 1166 2673 1234 τῇ
2687 1164 2822 1235 αὐτῇ
2847 1163 3000 1233 φύσει
3023 1162 3096 1233 (7)
3115 1164 3439 1234 πράγματος
3458 1165 3550 1216 τοῦ
3571 1165 3738 1235 φθαρ-

2155 1248 2248 1301 τοῦ
2269 1267 2281 1278 ·
2309 1250 2402 1302 καὶ
2429 1251 2510 1302 ὅτι
2535 1251 2686 1304 οὐδὲν
2719 1253 2937 1315 ἄτοπον,
2969 1252 3060 1305 τὸν
3094 1252 3152 1318 ἐξ
3181 1253 3449 1324 ἀνομοίων
3477 1271 3733 1324 συνεστη-

2156 1341 2288 1393 κότα
2305 1343 2507 1412 κόσμον
2523 1344 2550 1395 ὑ
2561 1343 2626 1395 πὸ
2646 1345 2762 1408 ἐνὸς
2775 1346 3053 1414 γεγονέναι
3067 1348 3332 1415 τεχνίτου,
3350 1346 3734 1418 συμφερόντως

2155 1430 2232 1500 τῷ
2269 1432 2376 1502 ὅλῳ
2408 1433 2505 1495 τὰς
2537 1434 2800 1506 διαφορὰς
2846 1437 2954 1489 τῶν
2997 1437 3151 1490 εἰδῶν
3197 1438 3692 1500 κατασκευάζοντος
3715 1454 3728 1466 υ

2156 1521 2189 1591 ἢ
2230 1521 2290 1574 τὸ
2336 1522 2558 1593 ἔσχατόν
2587 1542 2650 1592 γε
2679 1526 2785 1579 ἔδει
2842 1528 3002 1582 αὑτὸν
3040 1529 3167 1598 περὶ
3190 1528 3507 1598 τηλικούτου
3533 1528 3734 1598 δόγμα-

2155 1629 2246 1676 τος
2278 1614 2398 1684 μηδ’
2428 1615 2822 1684 ἀποφαίνεσθαι
2847 1619 2946 1687 τὴν
2974 1619 3146 1688 ἀρχήν
3165 1635 3178 1647 ·
3216 1617 3372 1688 εἴπερ
3393 1619 3731 1671 κατασκευά-

2158 1703 2272 1767 ζειν
2317 1706 2417 1758 οὐκ
2467 1706 2710 1777 ἔμελλεν,
2748 1708 2891 1779 ἆπερ
2938 1711 3208 1764 διδάσκειν
3239 1709 3633 1779 ἐπηγγέλλετο·
3681 1709 3729 1759 εἰ

485 1794 635 1836 ctum
679 1785 907 1848 artiﬁce,
954 1785 1044 1853 qui
1076 1787 1256 1840 varias
1295 1802 1472 1841 rerum
1525 1789 1731 1855 species
1777 1789 1840 1841 ad
1886 1789 2045 1856 hujus

2166 1796 2227 1867 ti]
2246 1797 2353 1868 ἄρα
2380 1798 2408 1849 ὁ
2423 1798 2669 1865 ἐγκαλῶν
2688 1803 2801 1864 τοῖς
2825 1802 2986 1871 ψιλὴν
3016 1802 3194 1854 πίστιν
3218 1800 3725 1869 ἐπαγγελλομένοις,

487 1874 723 1928 universi
761 1878 1100 1929 commodum
1131 1877 1492 1932 constituerit.
1527 1876 1811 1931 Postremo
1844 1877 1886 1930 si
1922 1893 2046 1946 pro-

487 1965 708 2018 baturus
757 1981 859 2018 non
897 1965 998 2019 fuit
1041 1982 1102 2020 ea
1149 1983 1270 2036 qua:
1303 1969 1500 2025 docere
1541 1969 1814 2036 pollicitus
1847 1967 2048 2034 fuerat,

486 2056 706 2109 omnino
738 2064 920 2112 tacere
946 2059 1010 2112 de
1050 2068 1198 2114 tanto
1231 2061 1480 2130 dogmate
1510 2060 1694 2114 debuit
1723 2100 1737 2124 ,
1782 2061 1883 2114 nisi
1916 2060 2053 2115 forte

2155 1888 2318 1951 αὐτὸς
2387 1891 2533 1960 ἡμᾶς
2579 1893 2854 1946 πιστεύειν
2920 1893 3168 1946 ἐϐούλετο
3231 1887 3311 1954 οἷς
3384 1892 3726 1959 ἀπεφήνατοο

2158 1977 2401 2046 καίτοιγε
2426 1980 2486 2031 ού
2516 1981 2578 2034 τὸ
2612 1982 3010 2053 ἀποφήνασθαι,
3065 1981 3200 2034 ἀλλὰ
3231 1982 3290 2034 τὸ
3329 1981 3536 2044 διδάξαι
3566 1982 3735 2046 ἐπαγ-

2158 2067 2500 2138 γειλάμενος.

487 2150 597 2218 ipse
626 2153 714 2219 qui
756 2154 908 2208 nobis
953 2155 1082 2209 vitio
1129 2158 1289 2240 vertit
1331 2156 1622 2224 simplicem
1675 2156 1856 2220 Iidem,
1907 2158 2037 2211 velit
2097 2170 2154 2214 ut
2216 2163 2315 2230 ipsi
2375 2175 2579 2217 tantum
2650 2164 2930 2240 aﬁirtnanti
2983 2165 3383 2218 assentiamur:
3420 2161 3629 2215 tametsi
3673 2175 3733 2214 se

488 2255 594 2295 non
627 2242 1030 2310 aﬁirmaturum,
1062 2250 1152 2302 sed
1180 2235 1462 2302 doctorum
1497 2265 1617 2304 esse
1651 2251 1983 2318 promiserit.

558 2333 644 2387 55.
691 2335 799 2391 lloc
835 2337 922 2390 aio
951 2354 965 2389 :
995 2338 1037 2392 si
1072 2339 1438 2406 sustinuisset,
1463 2351 1522 2393 ut
1551 2340 1808 2407 loquitur,
1847 2342 2048 2409 scripta

489 2423 688 2494 Moysis
733 2435 787 2479 et
831 2429 1214 2497 prophetarum
1263 2429 1460 2498 legere,
1506 2430 1828 2484 advertisset
1867 2431 2051 2499 utique

489 2518 616 2584 quid
647 2519 738 2584 sit,
768 2533 864 2573 cur
893 2535 1014 2574 cum
1057 2521 1276 2586 malum,
1310 2529 1478 2586 terra,
1515 2522 1943 2589 ﬁrmamentum,
1969 2525 2051 2577 lu-

489 2610 742 2676 minaria,
782 2611 965 2677 stellae,
999 2621 1117 2667 ccte
1159 2615 1412 2682 grandia,
1453 2623 1505 2666 et
1537 2615 1715 2668 omnis
1750 2615 1928 2668 anima
1961 2629 2047 2668 re-

489 2701 694 2768 ptilimn
723 2717 841 2770 quae
869 2704 1232 2770 produxerant
1259 2721 1416 2774 aqum
1458 2706 1514 2760 in
1559 2706 1770 2775 species
1805 2721 1951 2770 suas,
1996 2716 2052 2760 et

490 2808 650 2846 omne
681 2795 891 2849 volatile
925 2797 1218 2850 secundum
1265 2810 1434 2866 genus
1477 2813 1657 2861 suum,
1690 2806 1742 2851 et
1783 2797 2047 2865 jumenta,

491 2899 546 2943 et
586 2906 746 2948 omne
789 2893 976 2960 reptile
1019 2903 1176 2949 terra:
1226 2897 1277 2950 in
1310 2909 1509 2964 genere
1540 2909 1657 2957 suo,
1705 2895 1866 2948 homo
1895 2893 2051 2946 deni-

495 2997 624 3049 que,
657 2992 838 3034 creata
887 2992 1032 3048 sunt,
1062 2999 1188 3053 erga
1236 2986 1352 3039 lucc
1395 2986 1573 3040 omnia
1619 2985 1821 3038 dictum
1869 2983 2054 3048 fuerit,

500 3089 518 3120 ι
573 3070 725 3124 Fecit
773 3071 948 3136 Deus;
1010 3091 1028 3124 ι
1086 3089 1193 3127 non
1243 3074 1385 3128 idem
1446 3084 1626 3128 autem
1689 3089 1814 3142 erga
1863 3084 2056 3127 caetera

499 3160 701 3213 dictum
776 3159 941 3214 fuerit
989 3178 1004 3216 :

497 3252 550 3304 in
586 3251 859 3306 creatione
889 3250 1026 3308 lucis
1057 3253 1237 3306 dicere
1275 3271 1287 3306 :
1327 3271 1346 3304 ι
1390 3253 1456 3307 Ει
1500 3253 1636 3306 facta
1682 3262 1766 3307 est
1797 3253 1886 3306 lux
1918 3253 1984 3315 ³ο,
2035 3272 2054 3305 ι

498 3352 553 3396 et
609 3357 734 3395 cum
791 3353 1128 3413 congregata:
1171 3353 1295 3398 sunt
1340 3357 1493 3412 aqua:
1555 3356 1743 3396 omnes
1798 3356 1917 3409 quze
1964 3343 2064 3396 sub

496 3435 659 3507 547
695 3435 830 3490 οωιυ
867 3445 991 3490 sunt
1023 3453 1035 3488 :
1073 3453 1090 3486 ‹
1128 3435 1354 3489 Factum
1385 3445 1469 3488 est
1513 3433 1586 3486 ita
1617 3433 1692 3484 81:
1723 3452 1740 3484 ι
1779 3433 2054 3502 similique

499 3527 657 3580 modo
691 3526 944 3594 loquatur
974 3526 1038 3580 de
1066 3526 1131 3580 iis
1159 3539 1277 3593 quae
1304 3525 1724 3594 germinarunte
1750 3534 1913 3589 terra,
1941 3539 2062 3576 cum

499 3617 613 3671 haec
652 3617 876 3686 protulit
918 3618 1113 3672 herbas
1149 3631 1332 3670 semen
1370 3632 1468 3671 suo
1509 3617 1690 3685 generi
1739 3617 2066 3670 conveniens

498 3707 805 3773 afferentes,
841 3718 896 3762 et
930 3707 1069 3778 ligna
1090 3707 1372 3762 fructifera
1401 3724 1518 3776 qum
1550 3708 1748 3760 habent
1782 3708 1832 3759 in
1865 3714 2065 3764 semet,

499 3799 632 3866 ipsis
683 3806 975 3851 sementem
1033 3798 1246 3867 generis
1298 3798 1377 3851 sui
1429 3811 1590 3862 super
1642 3807 1860 3849 terram.
1907 3794 2065 3861 Quaa-

499 3887 678 3940 siisset
708 3887 927 3955 insuper
959 3888 1129 3940 unine
1179 3902 1246 3940 an
1281 3887 1466 3941 multis
1490 3888 1611 3940 data
1646 3886 2068 3954 fuerintprzece-

496 3987 610 4048 pta,
636 3978 832 4046 quibus
862 3980 1027 4032 Deum
1053 3979 1106 4032 in
1127 3979 1419 4034 condendis
1444 3979 1669 4046 singulis
1697 3979 1853 4045 hujus
1881 3976 2065 4031 mundi

499 4073 743 4143 partibus
770 4090 924 4128 usum
954 4073 1119 4130 fuisse
1146 4074 1440 4143 Scriptura:
1467 4084 1893 4130 commemorant
1919 4091 1934 4139 ;
1967 4088 2068 4128 nec

501 4175 608 4217 tant
641 4163 870 4219 facilein
904 4166 1072 4220 libros
1099 4174 1352 4235 tanquam
1383 4166 1621 4220 insulsos
1651 4166 1851 4220 etnihil
1883 4179 2071 4219 recon-

499 4257 594 4310 diti
619 4272 812 4311 sensus
853 4257 1114 4311 habentes
1146 4259 1394 4312 iuvectus
1422 4257 1639 4322 fuisset,
1674 4271 1810 4326 quos
1840 4255 2067 4326 Moyses,

2229 2343 2384 2398 Οῦτω
2435 2344 2492 2397 δέ
2537 2344 2678 2412 λέγω
2722 2343 2819 2416 (8),
2865 2344 2966 2406 ὅτι,
2991 2344 3146 2413 εἴπερ
3193 2343 3448 2412 ὑπέμεινε
3490 2339 3585 2393 καὶ
3612 2339 3736 2408 ἠνέ-

2161 2453 2316 2504 σχετο
2372 2435 2670 2489 ἐπακοῦσαι
2721 2436 2828 2488 τῶν
2881 2434 2976 2505 (ῶς
3031 2451 3160 2504 φησι
3180 2434 3220 2500 ,)
3290 2429 3736 2501 συγγραμμάτων

2157 2527 2437 2590 Μωῦσέως
2481 2522 2579 2578 καῖ
2618 2525 2727 2580 τῶν
2773 2527 3089 2596 προφητῶν,
3122 2525 3417 2588 ἐπέστησεν
3446 2524 3520 2588 (9)
3556 2522 3640 2585 ἂν,
3679 2520 3734 2572 τί

2155 2621 2352 2691 δήποτε
2398 2618 2458 2671 τὸ
2510 2619 2626 2688 μὲν,
2667 2636 2685 2668 t
2713 2617 2963 2687 ἐποίησεν
2991 2618 3019 2669 ὁ
3041 2615 3192 2678 Θεὸς,
3222 2634 3240 2666 ι
3273 2616 3358 2667 ἐπ’
3388 2610 3613 2680 ούρανοῦ
3642 2611 3732 2663 καὶ

2159 2713 2260 2782 γῆς
2288 2712 2564 2774 τέτακται,
2591 2711 2683 2763 καὶ
2714 2709 2806 2762 τοῦ
2851 2709 3182 2778 καλουμένου
3223 2705 3730 2776 στερεώματος,.ἕτι

2159 2803 2215 2855 δὲ
2249 2803 2342 2856 καὶ
2383 2804 2681 2872 φωστήρων
2713 2801 2806 2854 καὶ
2836 2800 3109 2870 ἀστέρων⁸
3147 2801 3240 2852 καλ⁸
3272 2797 3409 2868 μετά
3434 2797 3602 2850 ταῦτα
3644 2797 3731 2848 ἐπὶ

2163 2892 2342 2960 κητῶν
2389 2891 2657 2962 μεγάλων,
2691 2892 2784 2944 καὶ
2830 2891 3012 2960 πάσης
3054 2889 3231 2959 ψυχῆς
3268 2888 3420 2953 ζώων
3470 2885 3728 2959 ἑρπετῶν,

2161 2983 2198 3036 ἃ.
2236 2983 2467 3053 ἐξήγαγε
2497 2983 2563 3035 τὰ
2603 2981 2769 3034 ὕδατα
2802 2982 2944 3036 κοιτά
2977 2981 3109 3051 γένη
3159 2980 3368 3032 αὐτῶν·
3413 2981 3506 3032 καὶ
3543 2977 3731 3036 παντὸς

2167 3073 2410 3127 πετεινοῦ
2445 3071 2725 3144 πτερωτοῦ
2753 3071 2892 3124 κατὰ
2914 3071 3071 3139 γένος
3089 3087 3102 3100 '
3134 3071 3225 3122 καὶ
3248 3070 3372 3140 ἐξῆς
3414 3069 3620 3130 τούτοις
3647 3069 3733 3118 ἐπὶ

1073 3163 1165 3215 sed
1233 3163 1369 3216 satis
1437 3162 1692 3217 habuerit
1774 3162 2055 3230 Scriptura

2166 3165 2270 3218 τῶν
2295 3165 2496 3234 Θηρίων
2520 3164 2620 3232 τῆς
2647 3164 2750 3232 γῆς
2774 3162 2914 3216 κατὰ
2940 3162 3114 3230 γένος,
3129 3161 3232 3215 καὶ
3249 3160 3358 3213 τῶν
3374 3160 3583 3229 κτηνῶν
3599 3159 3734 3211 κατά

2165 3255 2352 3323 γένος,
2412 3254 2507 3307 καὶ
2557 3253 2775 3306 πάντων
2825 3251 2932 3304 τῶν
2984 3250 3229 3321 ἑρπετῶν
3281 3252 3382 3320 τῆς
3444 3253 3546 3321 γῆς
3598 3250 3736 3303 κατὰ

2166 3347 2319 3414 γένος
2379 3345 2587 3397 αὐτῶν·
2649 3344 2744 3396 καὶ
2788 3341 3092 3394 τελευταῖον
3137 3341 3228 3394 ἐπὶ
3285 3340 3378 3393 τοῦ
3431 3340 3731 3410 ἀνθρώπου.

2167 3439 2258 3508 Μὴ
2305 3436 2594 3507 εἰρημένου
2631 3435 2686 3485 δὲ
2737 3432 2852 3498 τοῦ,
2907 3452 2925 3484 ι
2977 3433 3220 3502 ἐποίησε,
3273 3451 3290 3482 r
3345 3431 3470 3501 περὶ
3515 3431 3734 3500 ἐτέρων,

2166 3530 2414 3599 ἀρκεῖται
2461 3527 2488 3578 ό
2538 3526 2693 3594 λόγος
2741 3525 2866 3596 περὶ
2911 3524 3084 3593 φωτὸς
3141 3524 3238 3593 μὲν
3276 3522 3373 3592 τῷ,
3430 3541 3447 3573 ι
3500 3521 3738 3587 Ἐγένετο

2170 3619 2318 3689 φῶςο
2383 3637 2402 3669 ι
2449 3617 2540 3669 ἐπὶ
2601 3616 2657 3668 δὲ
2725 3617 3044 3684 συναγωγῆς
3105 3616 3232 3684 μιᾶς
3285 3613 3482 3675 παντὸς
3552 3611 3736 3672 ὕδατος

2166 3710 2258 3763 τοῦ
2285 3709 2538 3762 ὑποκάτω
2567 3707 2765 3769 παντὸς
2791 3707 2884 3759 τοῦ
2911 3703 3276 3776 οὐρανοῦ,τῷ,
3315 3722 3333 3754 t
3379 3703 3622 3771 Ἐγένετο
3652 3702 3737 3754 οῦ-

2169 3819 2296 3864 τως.
2339 3821 2356 3851 )
2414 3799 2637 3869 Ὁμοίως
2683 3798 2738 3849 δὲ
2791 3797 2883 3850 καὶ
2915 3798 3007 3849 ἐπὶ
3056 3796 3162 3850 τῶν
3193 3796 3603 3867 βλαστησάντων
3635 3796 3739 3849 ἀπὸ

2171 3895 2294 3962 γῆς,
2351 3891 2426 3943 ὅτ’
2484 3888 2772 3960 ἐξήνεγκεν
2828 3889 2860 3959 ἡ
2905 3888 2977 3958 γῆ
3015 3887 3241 3958 βοτάνην
3291 3887 3480 3957 χόρτου
3527 3890 3737 3957 σπεῖρον

2175 3982 2392 4053 σπέρμα
2426 3980 2564 4034 κατά
2616 3980 2771 4048 γένος
2826 3980 2918 4032 καὶ
2952 3978 3072 4032 καθ’
3111 3979 3419 4048 ὁμοιότητα,
3459 3977 3552 4032 καὶ
3595 3977 3737 4040 ξύλον

2171 4072 2448 4143 κάρπιμον
2483 4071 2666 4123 ποιοῦν
2695 4069 2925 4140 καρπὸν,
2958 4063 3018 4122 οῦ
3049 4069 3108 4122 τὸ
3141 4069 3355 4138 σπέρμα
3382 4067 3544 4120 αὐτοῦ
3581 4071 3636 4119 ἐν
3657 4068 3738 4119 αὐ-

2172 4163 2250 4234 τῷ
2284 4162 2424 4215 κατὰ
2452 4163 2605 4230 γένος
2629 4162 2720 4213 ἐπὶ⁹
2754 4162 2852 4231 τῆς
2880 4161 3003 4230 γῆς.
3048 4161 3157 4214 Καὶ
3189 4161 3445 4229 ἐξήτησεν
3485 4159 3571 4221 ἂν,
3601 4161 3648 4211 εί
3689 4159 3739 4210 αἱ

2179 4254 2557 4324 γεγραμμέναι
2591 4253 2909 4323 προστάξεις
2934 4251 3026 4304 τοῦ
3054 4252 3185 4304 Θεοῦ
3235 4252 3361 4322 περὶ
3379 4250 3471 4302 τοῦ
3499 4249 3739 4318 γενέσθαι

503 4348 632 4414 imo,
675 4357 732 4401 ut
759 4347 991 4402 dicimus
1025 4362 1142 4412 nos,
1171 4347 1382 4401 divinus
1404 4343 1655 4416 Spiritus,
1682 4313 1770 4415 qui
1806 4347 1856 4400 in
1889 4313 2055 4415 Μόγδι

2182 4345 2409 4397 ἕκαστον
2448 4344 2540 4396 τοῦ
2581 4344 2784 4413 κόσμου
2812 4343 2974 4413 μέρος
2991 4341 3147 4412 τινὶῆ
3179 4343 3315 4394 τισὶν
3344 4343 3606 4411 εἴρηνται·
3656 4341 3740 4392 καὶ

500 4452 637 4508 erat,
668 4453 723 4497 et
769 4459 873 4512 quo
930 4443 1146 4498 aﬁlante
1174 4452 1324 4496 vates
1368 4442 1543 4496 factus
1574 4448 1673 4505 εει,
1728 4440 2069 4510 conscripsit.

504 4535 712 4603 Quippe
738 4537 826 4604 qui
859 4536 1028 4590 multo
1063 4535 1234 4603 magis
1263 4534 1516 4601 cognovit

2179 4439 2279 4491 οὐκ
2324 4438 2389 4490 ἂν
2438 4435 2675 4505 εὐχερῶς
2733 4434 3104 4505 κατηγόρησεν
3153 4434 3229 4496 ὡς
3259 4433 3587 4503 ἀδιανοήτων
3617 4431 3742 4502 (10),

2180 4531 2274 4582 καὶ
2297 4529 2581 4600 ’μηδεμίαν
2613 4527 2824 4579 σύνεσιν
2853 4526 3160 4596 ἀπόρρητον
3195 4525 3423 4593 ἐχόντων
3449 4523 3556 4576 τῶν
3585 4523 3616 4593 ἢ
3648 4521 3746 4574 ὑπὸ

502 4628 779 4690 Μωῦσέως
829 4629 885 4680 ἐν
917 4627 1123 4689 τούτοις
1150 4626 1569 4696 γεγραμμένων,
1605 4625 1638 4696 ἢ
1672 4625 1769 4696 (ὡς
1806 4627 1964 4696 ἡμεῖς
1999 4624 2246 4695 εἴποιμεν
2287 4623 2398 4694 ἃν,)
2452 4622 2556 4676 ὑπὸ
2590 4621 2682 4674 τοῦ
2743 4624 2800 4674 ἐν
2838 4622 3043 4691 Μωῦσῇ
3099 4619 3240 4673 θείου
3284 4619 3615 4690 Πνεύματος,
3657 4617 3744 4686 ἀφ’

500 4713 563 4772 οῦ
583 4719 678 4773 καὶ
712 4720 1128 4790 ἐπροφήτευσεν.
1177 4719 1328 4771 Ἐπεὶ
1363 4718 1559 4788 μᾶλλον

507 4810 638 4876 Quae
687 4811 814 4879 sint,
852 4829 968 4882 qua:
994 4813 1213 4882 fuerint,
1255 4827 1370 4881 qua:
1421 4827 1544 4866 mox
1583 4811 2074 4951 venturﬁtttrghan-

1953 4919 1970 4946 ν

504 4985 667 5039 quam
698 4971 864 5026 divini
889 4971 990 5038 illi,
1033 4972 1231 5042 quibus
1260 4973 1375 5028 haec
1416 4972 1595 5028 omnia
1626 4971 1905 5040 explorata
1955 4984 2077 5024 esse

506 5067 800 5118 decantant
831 5074 1025 5133 poetae.
1105 5078 1112 5085 ·

579 5153 668 5209 56.
697 5155 778 5208 Ad
824 5155 875 5209 id
903 5156 1045 5223 quod
1077 5153 1266 5208 Celsus
1298 5155 1466 5218 addit,
1506 5173 1523 5206 ‹
1558 5155 1793 5208 animam
1825 5155 1918 5210 Dei
1961 5169 2080 5210 esse

506 5261 663 5316 opus,
689 5246 850 5301 aliam
881 5261 1001 5300 esse
1026 5246 1271 5314 corporis
1299 5255 1570 5310 naturam,
1599 5255 1760 5313 atque
1788 5247 1888 5301 hac
1915 5246 2086 5300 homi-

579 5363 626 5397 ³⁸
659 5363 792 5419 Gen.
837 5380 886 5430 ι,
916 5365 970 5418 3.
1047 5365 1089 5395 ³¹
1133 5363 1270 5419 Gen.
1298 5379 1334 5428 ι,
1368 5363 1423 5418 9.

513 5503 568 5558 Si
611 5501 696 5556 cui
730 5513 908 5556 autem
957 5501 1110 5570 prior
1153 5514 1262 5561 prae
1312 5499 1480 5570 altera
1531 5502 1744 5556 videtur
1778 5517 1899 5556 esse
1945 5503 2079 5556 reti-

509 5573 706 5633 nenda,
748 5571 794 5625 is
829 5587 926 5641 pro
959 5565 1104 5624 κατὰ
1139 5571 1338 5640 ἄτομον
1385 5565 1542 5635 εἶδος,
1595 5573 1737 5643 legat
1784 5571 1925 5625 κατά
1954 5574 2082 5626 ἀτό-

517 5658 632 5693 ιιων
675 5637 833 5693 εἶδος.

516 5658 632 5711 μων
675 5658 833 5703 ειοος.

586 5709 661 5778 (7)
707 5709 784 5778 Τῇ
830 5709 1015 5764 αὐτοῦ
1066 5711 1239 5776 φύσει
1285 5709 1493 5767 [labent
1544 5726 1702 5780 mss.,
1751 5712 1871 5768 libri
1948 5727 2074 5769 vero

2287 4806 2454 4878 ’ᾙδει
2491 4803 2565 4858 τά
2617 4804 2667 4856 τ’
2713 4803 2908 4867 ἐόντα,
2957 4801 3028 4854 τά
3084 4801 3130 4854 τ’
3174 4800 3676 4941 ἑσσόμενίιέἒηὶρό
3702 4802 3747 4850 τ’

2173 4969 2284 5022 τῶν
2337 4965 2642 5034 λεγομένων
2689 4963 2838 5036 παρά
2883 4963 2992 5026 τοῖς
3037 4964 3285 5032 ποιηταῖς
3322 4963 3565 5032 μάντεων
3603 4957 3748 5014 ταῦτ’

2177 5059 2497 5130 ἐγνωκέναι.

2250 5152 2370 5204 Ἔτι
2399 5149 2453 5202 δὲ
2485 5147 2605 5200 ἐπεί
2640 5162 2802 5217 φησιν
2833 5147 2861 5199 ό
2893 5144 3118 5208 Κέλσος,
3151 5146 3229 5198 ὅτι
3267 5165 3285 5196 t
3326 5143 3470 5215 ψυχὴ
3505 5144 3600 5215 μὲν
3620 5142 3750 5196 Θεοῦ

2181 5246 2328 5298 ἐστιν
2361 5243 2543 5312 ἔργον,
2598 5238 2846 5310 σώματος
2886 5237 2942 5291 δὲ
2983 5237 3113 5309 ἄλλη
3145 5237 3324 5307 φύσις·
3357 5236 3650 5308 καὶταύτῃ
3691 5251 3752 5304 γι

1501 5363 1544 5395 ³³
1587 5361 1734 5432 Virg.
1788 5361 1999 5432 Georg.,
2039 5363 2132 5418 lib.
2164 5379 2239 5430 tv,
2267 5378 2320 5416 v.
2346 5361 2470 5416 592.

2188 5503 2326 5575 editi
2367 5503 2420 5575 in
2454 5511 2628 5575 textu,
2653 5504 2720 5574 τῇ
2754 5502 2891 5575 αὐτῇ
2925 5504 3102 5575 φύσει.

2226 5579 2230 5584 “
2260 5572 2335 5642 (8)
2378 5569 2720 5642 lloescbelius
2751 5575 2802 5626 in
2839 5569 3004 5633 t'e'xt'u,
3041 5570 3204 5642 Οὔπω
3234 5569 3290 5642 δὲ
3328 5569 3489 5637 λέγω.

2262 5640 2337 5712 (9)
2380 5641 2530 5712 Lilib.
2564 5643 2693 5712 editi
2724 5643 2775 5694 in
2810 5643 3074 5712 margine,
3121 5640 3477 5710 Ὑπέστησεν.

2257 5710 2368 5783 (l0)
2401 5710 2801 5778 Ἀδιανοιὶτων.
2831 5710 3008 5779 Forlc,
3045 5712 3300 5784 ἀνοήτων.
