3986 6164
485 276 623 332 1125

1886 277 2211 336 ORIGENIS

3588 284 3760 340 llﬂ

481 396 780 454 ctelestium
803 396 1051 468 gloriam,
1075 399 1235 454 aliam
1268 407 1448 456 autem
1487 399 1860 465 terrestrium;
1901 411 1957 455 et
1981 415 2028 454 nt

2149 400 2282 470 άλλη
2308 399 2362 452 δὲ
2393 399 2672 467 ἐπιγείων,
2704 401 2797 454 καὶ
2829 400 2948 454 οὐδὲ
2980 401 3086 456 τῶν
3107 403 3371 475 οὐρανίων
3399 403 3511 478 (15)
3544 408 3587 477 ἡ
3638 406 3755 460 αὐ-

481 488 780 543 eoelestium
826 489 1042 555 quidem
1070 488 1312 543 eamdem
1342 503 1494 554 esse;
1529 489 1692 544 aliam
1733 489 1875 544 enim
1919 504 2044 544 esse

481 577 628 638 solis,
669 577 826 630 aliam
851 575 1150 638 stellarum,
1186 584 1242 629 et
1274 577 1416 629 inter
1453 576 1638 630 stellas
1673 576 1883 630 stellam
1914 575 2045 630 stel-

480 666 544 720 lae
577 667 741 734 gloria
771 679 892 720 esse
936 666 1276 720 dissimilem.
1313 667 1576 732 Quocirca
1614 667 1670 720 in
1703 676 2041 722 mortuorum

478 756 870 810 resurrectione
905 771 1068 825 quam
1118 756 1353 811 futuram
1409 759 1758 824 conﬁtemur,
1811 759 2044 813 dicimus

479 847 594 902 fore
628 857 682 899 ut
706 861 989 915 corporum
1022 847 1311 915 qualitates
1354 849 1735 912 immutcntur,
1794 849 2043 916 quando-

477 936 692 1004 quidem
727 938 987 990 seminata
1014 939 1066 990 in
1100 938 1472 1006 corruptione,
1508 947 1736 1006 surgent
1767 939 1818 991 in
1861 939 2044 992 incor-

479 1029 765 1096 ruptione;
799 1037 854 1082 et
909 1028 1169 1081 seminata
1205 1028 1257 1080 in
1300 1027 1658 1096 ignobilitate,
1709 1037 1934 1097 surgent
1986 1028 2040 1081 in

479 1116 680 1184 gloria;
707 1125 761 1171 et
787 1119 1048 1172 seminata
1070 1118 1136 1174 in.
1153 1117 1487 1181 inﬁrmitate,
1503 1117 1789 1185 surgentia
1809 1118 2038 1183 virtute;

480 1214 535 1255 et
576 1205 840 1258 seminata
899 1219 1129 1272 corpora
1177 1204 1456 1266 animalia,
1507 1213 1732 1273 surgent
1783 1206 2044 1273 Spiritua-

480 1293 549 1345 lia
563 1293 628 1362 f”.
663 1293 940 1348 Materiam
975 1303 1174 1355 autem,
1193 1308 1542 1362 quascunque
1561 1295 1672 1346 vult
1693 1294 1892 1362 opifex,
1917 1310 2043 1363 qua-

479 1382 660 1436 litates
684 1383 951 1450 accipere,
978 1383 1130 1437 nobis
1147 1383 1238 1452 qui
1268 1382 1662 1436 Providentiam
1682 1384 2037 1449 admittimus,

477 1474 682 1529 nullum
713 1473 934 1527 dubium
972 1481 1080 1535 est,
1144 1475 1216 1526 ita
1249 1473 1558 1538 ut,volente
1585 1472 1711 1539 Deo,
1735 1476 1895 1530 modo
1917 1476 2042 1531 alte-

477 1581 614 1630 ram,
643 1565 867 1617 alteram
893 1573 1079 1630 postea
1111 1579 1340 1632 eamque
1364 1563 1791 1633 praestantiorem
1815 1568 2038 1621 materia

475 1657 692 1710 habeat.
717 1656 892 1723 Atque
923 1671 1070 1720 cum,
1101 1670 1165 1709 ex
1189 1670 1300 1723 quo
1349 1658 1578 1712 mundus
1604 1665 1689 1712 est
1716 1665 1770 1711 et
1803 1657 2038 1725 quandiu

475 1748 600 1809 erit,
631 1722 1142 1815 certisiquibusdam
1166 1722 1375 1814 legibus
1409 1749 1733 1814 mutationes
1750 1722 2035 1816 corporum
2071 1722 2112 1776 Β

479 1841 631 1904 ﬁant,
656 1853 756 1892 nec
782 1838 884 1891 nisi
921 1848 1043 1906 post
1073 1836 1233 1904 hujus
1271 1837 1452 1891 mundi
1486 1837 1790 1900 interitum,
1825 1851 1940 1904 seu,
1981 1849 2037 1891 ut

477 1939 676 1985 nostrae
701 1930 993 1996 loquuntur
1024 1928 1336 1996 Seripturae,
1373 1929 1896 1983 consummationem
1941 1943 2037 1981 no-

476 2036 540 2074 va
589 2021 670 2074 lex
723 2019 1020 2074 inducenda
1063 2019 1166 2085 sit,
1235 2019 1376 2072 baud
1443 2019 1554 2072 scio
1609 2033 1785 2072 annon
1838 2018 2033 2071 mirum

478 2113 548 2165 sit
586 2109 695 2178 jam
739 2125 884 2164 nunc
925 2125 1154 2176 anguem
1207 2126 1273 2164 ex
1304 2111 1531 2164 medulla
1584 2111 1752 2180 spinae
1803 2111 2036 2166 hominis

476 2203 640 2272 gigni,
672 2211 730 2256 ut
779 2203 932 2256 multi
972 2202 1282 2272 perhibent,
1329 2217 1394 2256 ex
1449 2204 1582 2256 bove
1622 2217 1769 2270 apes,
1803 2216 1866 2256 ex
1896 2217 2036 2271 equo

477 2292 639 2362 549
663 2307 854 2360 vespas
875 2331 890 2355 ,
909 2308 974 2347 ex
1000 2293 1151 2346 asino
1176 2292 1514 2353 scarahzeos;
1549 2293 1780 2360 denique
1824 2306 2032 2345 vermes

475 2396 539 2434 ex
573 2383 840 2450 plerisque
885 2383 1271 2446 animantibus.
1322 2381 1428 2435 Sed
1476 2382 1664 2436 Celsus
1701 2381 1803 2435 hoc
1855 2383 2029 2449 ipsum

476 2480 792 2538 argumento
815 2485 937 2525 esse
960 2471 1260 2535 existimat,
1295 2470 1426 2523 nihil
1456 2470 1648 2524 horum
1677 2471 1916 2524 omnium
1943 2485 2036 2523 au-

472 2567 674 2612 ctorem
704 2561 867 2614 Deum
892 2561 1114 2626 habere,
1139 2570 1434 2628 censetque
1464 2576 1530 2614 ex
1552 2560 1902 2629 qualitatibus
1922 2562 2035 2629 qui-

472 2646 723 2714 busdam,
759 2651 944 2706 nescio
966 2651 1106 2706 unde
1135 2651 1394 2720 acceptis,
1436 2651 1696 2719 quasdam
1745 2652 1880 2705 alias
1917 2652 2033 2706 ﬁeri

543 2892 652 2962 (15)
721 2892 888 2948 Codd.

473 2961 617 3015 νίων.

972 2892 1172 2963 Regius
1243 2903 1298 2949 et
1361 2894 1721 2956 Basilecnsis,
1799 2895 2037 2962 ἐπουρα-

2147 493 2231 562 τή·
2282 492 2413 563 ἄλλη
2461 492 2570 563 γὰρ
2599 491 2723 558 δόξα
2770 492 2942 563 ήλίου,
2991 495 3082 547 καὶ
3117 494 3251 564 άλλη
3296 495 3424 562 δόξα
3451 497 3754 568 ἀστέρων,

2148 582 2243 634 καὶ
2263 582 2320 635 ὲν
2365 583 2545 645 αὐτοῖς
2566 582 2625 634 δὲ
2657 584 2768 646 τοῖς
2793 584 3012 655 ἄστροις
3036 584 3209 656 ἀστὴρ
3229 586 3456 656 ἀστέρος
3469 587 3752 657 διαφέρει

2147 670 2205 722 ὲν
2237 670 2380 741 δόξῃ.
2411 671 2500 722 Διὸ
2519 671 2611 724 καὶ
2635 672 2732 742 τὴν
2765 673 3056 726 ἀνάστασιν
3089 673 3197 726 τῶν
3215 676 3423 745 νεκρῶν
3453 679 3748 747 ἀποδεχό-

2151 776 2322 828 μενοι,
2356 758 2652 828 μεταϐολάς
2677 777 2854 831 φαμεν
2877 761 3120 829 γίνεσθαι
3155 765 3454 832 ποιοτήτων
3487 765 3608 819 τῶν
3681 768 3748 816 ὲν

2147 848 2410 919 σώμασινο
2435 852 2554 904 ἐπεὶ
2576 852 2907 921 σπειρόμενά
2929 870 3052 907 τινα
3082 853 3261 907 αὐτῶν
3296 854 3353 904 ὲν
3375 854 3550 926 φθορᾷ
3574 856 3745 923 ἐγεί-

2145 954 2296 1007 ρεται
2315 938 2370 990 ἐν
2400 937 2691 1010 ἀφθαρσίᾳ·
2725 941 2818 993 καὶ
2850 943 3177 1012 σπειρόμενα
3209 945 3266 995 ἐν
3295 943 3486 1014 ἀτιμίᾳ
3517 945 3746 1015 ἐγείρε-

2142 1045 2230 1080 ται
2251 1029 2306 1080 ὲν
2331 1028 2477 1098 δόξῃ’
2507 1030 2600 1082 καὶ
2629 1031 2960 1101 σπειρόμενα
2985 1033 3042 1083 ὲν
3087 1031 3341 1102 ἀσθενείᾳ
3368 1033 3656 1102 ἐγείρεται
3680 1035 3745 1086 ὲν

2143 1115 2382 1183 δυνάμειο
2424 1118 2516 1168 καὶ
2556 1117 2888 1187 σπειρόμενα
2944 1118 3170 1189 σώματα
3203 1119 3408 1189 ψυχικὰ
3448 1122 3742 1189 ἐγείρεται

2143 1205 2502 1274 πνευματικά.
2529 1207 2665 1278 Περὶ
2687 1207 2742 1260 δὲ
2761 1207 2855 1260 τοῦ
2878 1208 2974 1278 τὴν
3004 1210 3366 1279 ὑποκειμένην
3391 1209 3522 1280 ὕλην
3541 1210 3743 1263 δεκτι-

2143 1292 2240 1363 κὴν
2263 1290 2399 1347 εἶναι
2429 1296 2747 1366 ποιοτήτων,
2783 1289 2857 1350 ὧν
2882 1299 2911 1350 ό
2939 1299 3272 1369 Δημιουργὸς
3301 1298 3569 1368 βούλεται,
3588 1301 3741 1353 πάν-

2140 1397 2230 1444 τες
2257 1383 2306 1433 οἱ
2341 1383 2601 1453 Πρόνοιαν
2637 1386 3070 1456 παραδεξάμενοι
3102 1388 3608 1458 κατασκευάζομεν
3635 1388 3738 1441 καὶ

2143 1471 2462 1542 βουλομένου
2522 1475 2618 1544 μὲν
2669 1475 2825 1540 Θεοῦ,
2882 1478 3102 1547 ποιότης
3134 1478 3308 1530 τοιάδε
3337 1478 3445 1549 (16)
3474 1477 3570 1531 νῦν
3608 1482 3733 1530 ἐστι

2143 1563 2270 1633 περὶ
2292 1564 2448 1633 τήνδε
2495 1565 2593 1634 τὴν
2624 1564 2773 1636 ὓλην,
2793 1565 2920 1635 ἑξῆς
2937 1567 2994 1618 δὲ
3013 1567 3188 1620 τοιάδε
3216 1567 3359 1638 (φέρ’
3386 1569 3582 1638 εἰπεῖν)
3614 1569 3737 1638 βε).-

2140 1651 2269 1707 τίων
2301 1655 2394 1706 καὶ
2424 1654 2769 1725 διαφέρουσα.
2812 1657 2962 1708 Ἐπεὶ
2980 1657 3037 1710 δὲ
3070 1658 3164 1710 καὶ
3185 1658 3294 1710 ὁδοί
3321 1659 3426 1710 είσι
3446 1658 3732 1728 τεταγμέ-

2141 1759 2228 1795 ναι
2246 1742 2352 1795 τῶν
2369 1745 2426 1796 ἐν
2461 1744 2672 1814 σώμασι
2705 1746 3038 1816 μεταϐολῶν,
3063 1747 3121 1810 ἐξ
3144 1741 3202 1799 οὗ
3234 1747 3437 1817 κόσμος
3469 1748 3612 1810 ἐστὶ,
3634 1749 3732 1799 καὶ

2141 1831 2222 1892 είς
2265 1833 2387 1884 ὅσον
2431 1833 2596 1886 ἐστίν’
2653 1834 2752 1886 οὐκ
2802 1829 2915 1886 οἶδα
2960 1837 3028 1898 εί,
3084 1837 3272 1906 καινῆς
3328 1835 3730 1906 διαδεξαμένης

2140 1921 2260 1976 ὁδοῦ
2295 1923 2402 1993 (17)
2445 1924 2538 1976 καὶ
2568 1923 2782 1987 ἀλλοίας
2811 1924 2948 1993 μετά
2991 1925 3089 1994 τὴν
3118 1925 3211 1976 τοῦ
3245 1925 3449 1994 κόσμου
3487 1925 3727 1998 φθορὰν,

2142 2015 2236 2067 καὶ
2269 2015 2334 2084 ἢν
2371 2016 2419 2065 oi
2459 2013 2712 2085 ἡμέτεροι
2743 2014 2890 2082 λόγοι
2927 2015 3246 2085 ὀνομάζουσι
3297 2016 3632 2078 συντέλειαν,
3662 2017 3724 2067 οὐ

2142 2102 2473 2172 θαυμαστὸν,
2511 2106 2558 2156 εί
2591 2105 2682 2158 ἐπὶ
2706 2104 2800 2156 τοῦ
2824 2105 3086 2176 παρόντος
3117 2106 3175 2169 ἐξ
3201 2105 3489 2176 ἀνθρώπου
3518 2106 3723 2178 νεκροῦ

2146 2191 2652 2262 μεταπλασσόμενος
2680 2193 2802 2262 ὄφις
2823 2194 2932 2266 (18)
2967 2194 3062 2265 (ὡς
3107 2197 3153 2248 oi
3204 2196 3388 2250 πολλοί
3424 2199 3605 2268 φασι,)
3636 2198 3722 2265 γί-

2138 2298 2322 2347 γνεται
2374 2281 2480 2334 ἀπὸ
2515 2282 2608 2334 τοῦ
2636 2283 2884 2336 νωτιαίου
2922 2283 3140 2354 μυελοῦ,
3170 2288 3262 2339 καὶ
3281 2289 3346 2338 ὲκ
3374 2287 3496 2356 βοὸς
3525 2288 3720 2357 μέλισ-

2141 2384 2208 2419 σα
2261 2367 2393 2438 (l9),
2447 2371 2539 2421 καὶ
2578 2369 2636 2434 ἐξ
2660 2370 2825 2423 ἵππου
2858 2370 3016 2439 σφὴξ,
3057 2373 3148 2424 καὶ
3179 2372 3238 2436 ἐξ
3265 2373 3386 2427 ὄνου
3429 2375 3717 2445 κανθαρὶς,

2141 2461 2233 2512 καὶ
2265 2459 2596 2523 ἁπαξαπλῶς
2631 2461 2694 2512 ὲκ
2729 2460 2836 2514 τῶν
2875 2461 3140 2531 πλείστων
3192 2462 3489 2534 σκώληκες.
3527 2466 3716 2519 Οἴεται

2139 2549 2196 2602 δὲ
2228 2548 2385 2600 τοῦτο
2420 2552 2448 2601 ὁ
2481 2549 2684 2612 Κέλσος
2715 2555 3210 2608 κατασκευαστικὸν
3243 2549 3382 2606 εἶναι
3417 2554 3510 2607 τοῦ
3545 2557 3713 2626 μηδὲν

2139 2641 2342 2694 τούτων
2385 2639 2543 2711 ἔργον
2579 2637 2718 2692 εἶναι
2749 2638 2922 2694 ’Θεοῦο
2964 2642 3099 2695 ἀλλα
3122 2642 3218 2706 τὰς
3253 2645 3573 2716 ποιότητας,
3611 2646 3713 2700 οὐκ

2135 2896 2191 2943 ct
2219 2889 2578 2951 habitaretur,
2608 2895 2772 2956 atque
2812 2897 3180 2957 permaneret.
3218 2889 3375 2945 Unde
3404 2901 3456 2945 et
3493 2902 3702 2946 terram

2135 2971 2356 3010 necesse
2384 2967 2490 3022 est,
2546 2967 2601 3011 et
2651 2959 2849 3011 coelum
2898 2968 3020 3026 post
3062 2959 3204 3012 illam
3237 2974 3416 3013 rerum
3458 2964 3700 3014 omnium

545 3030 654 3113 (μβ)
688 3031 814 3113 alas.
851 3031 950 3113 hic_
975 3031 1239 3113 _etnpat_ilo
1287 3042 1427 3113 post,
1455 3031 1665 3113 fauonii.
1696 3028 2034 3113 Libb.‘edit,i,
2065 3038 2105 3093 c
2141 3026 2631 3113 conllagi-a'tionem‘
2649 3037 2810 3113 atque
2841 3038 3027 3113 aestum
3065 3029 3408 3113 exsistere.)
3448 3029 3706 3113 Sequitur

472 3097 665 3150 τοιάδε.
699 3099 834 3150 Inl'ra
856 3100 1011 3154 codd.
1043 3097 1243 3166 Regius
1269 3097 1321 3153 et
1345 3101 1689 3157 Basileensis,
1713 3098 1820 3150 τῶν
1847 3100 1904 3150 ὲν
1934 3097 2036 3149 σώ-

475 3167 962 3287 μασιϐμῗξαόολῶν.
989 3167 1146 3224 Libb.
1175 3168 1303 3221 editi
1329 3170 1379 3222 in
1407 3179 1575 3232 textu,
1601 3166 1707 3218 τῶν
1733 3170 1790 3220 ὲν
1823 3167 2034 3238 σώματι

475 3251 609 3287 μετα
647 3253 674 3286 ο
708 3253 801 3287 ων.

517 3251 801 3288 εταοοΛων.

475 3251 801 3302 μεταοοΛων.

475 3371 503 3375 _
542 3304 650 3373 (l7)
687 3307 827 3375 κούκ
870 3301 1001 3375 οῖδα
1053 3307 1105 3375 sl
1149 3304 1358 3373 καινῆς
1395 3304 1824 3375 διαδεξαμένης
1868 3305 2031 3360 ὀδοῦ.

470 3371 754 3444 Boherello
786 3390 882 3441 pro
913 3371 1614 3444 διαδεξαμένηςιεθειιιιιιιίι
1635 3371 1884 3442 ’νίάεὶὶιικ
1919 3376 2033 3428 δια-

466 3441 776 3512 δεξομένης.
802 3444 919 3497 Seis
945 3441 1408 3510 niulta,'0rigencs
1433 3463 1444 3498 :
1481 3455 1534 3497 at
1560 3445 1711 3512 plura
1732 3441 1928 3504 credis.
1959 3447 2031 3501 De

468 3525 693 3578 corpore
746 3514 874 3580 quid
937 3513 1191 3566 dubitas?
1239 3513 1447 3568 Novum
1493 3514 1747 3566 mundum
1790 3513 2028 3568 futurum

468 3593 690 3652 speras:
720 3583 915 3652 ctenim
959 3581 1280 3647 Methodius,
1324 3581 1450 3652 Tyri
1485 3584 1788 3652 episc0pus,
1815 3585 2032 3650 scripsit

465 3647 660 3720 librum
716 3649 789 3720 De
833 3653 1203 3704 resurrectione
1251 3647 1438 3706 contra
1471 3647 1778 3719 Oi‘igenem,
1812 3652 1863 3704 in
1898 3647 2018 3720 quo

466 3716 748 3790 loquentes
777 3719 1067 3790 introducit
1114 3722 1374 3790 seipsum,
1404 3716 1804 3790 etAuxcnlium
1834 3737 1850 3785 ;
1893 3716 2027 3775 Pro-

466 3785 608 3857 _clum
635 3789 796 3857 etiam
820 3796 898 3857 et,
919 3785 1363 3857 Aglaophontem,
1393 3789 1483 3856 qui
1525 3804 1622 3855 pro
1648 3789 1880 3857 Onigeue
1909 3805 2029 3843 ver-

468 3853 534 3924 ba
583 3854 835 3924 ﬁ'tciunt.
865 3853 1303 3923 Epiphq'haeres.
1339 3853 1427 3919 64,
1463 3853 1612 3910 num.
1661 3853 1769 3924 4οξ
1788 3867 1842 3910 ει
1876 3875 2023 3914 num.

463 3919 554 3994 38,
583 3919 934 3988 'l‘heophilum
963 3919 1291 3993 alloquitur:
1325 3943 1343 3975 ε
1382 3927 1532 3991 Quod
1568 3919 1746 3994 tamen
1768 3928 2024 3994 {appellao

469 3990 634 4061 tivum
665 4000 793 4056 puto
822 4005 963 4052 esse,
987 3990 1416 4061 min—proprium,
1443 4014 1460 4046 ι
1497 3995 1669 4061 inquit
1696 3990 1943 4048 Petavius
1974 3997 2026 4049 in

464 4057 1012 4130 Animaduersionibas
1062 4057 1131 4113 ad
1172 4057 1457 4130 Epiphanii
1506 4057 1698 4116 haéres.
1750 4064 1840 4126 64,
1871 4079 2020 4116 num.

466 4125 570 4200 ηε
615 4146 634 4200 ς
672 4127 864 4181 Verum
885 4131 927 4181 si
956 4129 1129 4183 Procli
1153 4125 1314 4200 estea
1341 4132 1651 4200 disputatio,
1673 4147 1791 4198 quae
1820 4125 1849 4185 a
1871 4148 2018 4186 num.

463 4196 527 4248 17
569 4197 634 4268 ad
666 4200 811 4268 hunc
842 4213 1008 4265 usque
1042 4199 1376 4266 pertexitur,
1425 4196 1530 4253 non
1579 4196 1734 4254 video
1760 4203 2022 4268 quemad-

463 4265 954 4339 ntoduni_0rigenis
977 4265 1193 4339 causam
1223 4268 1500 4332 defendat,
1533 4285 1653 4322 cum
1683 4265 1797 4339 ejus
1831 4273 2019 4338 dogma

461 4333 1075 4407 validissime'rel'ellat,
1119 4350 1174 4392 et
1221 4341 1676 4393 resurrectionem
1709 4333 2018 4407 'corporum

462 4401 724 4476 allirmet;
751 4405 842 4476 sed
870 4421 1040 4473 neque
1084 4407 1332 4461 Methodii
1374 4422 1713 4476 consequens
1762 4401 2017 4462 refutatio

462 4470 983 4544 admittat-edentem
1040 4476 1215 4529 Procli
1280 4470 1583 4532 sermonem
1623 4477 1915 4544 ‘pertinet,
1963 4487 2016 4531 et

460 4538 850 4613 Aglaophontis
900 4545 1202 4598 orationem
1245 4547 1540 4607 convincit,
1591 4538 2018 4613 quatiiulla'hic

461 4617 659 4683 exstat.
700 4610 795 4683 |l_ic
828 4610 997 4683 igitur
1020 4613 1220 4683 haereo,
1249 4628 1411 4683 atque
1436 4625 1530 4668 aut
1560 4610 1905 4683 transposita,
1925 4625 2017 4669 aut

461 4677 664 4753 omissa
697 4677 952 4753 pleraque
988 4681 1145 4734 isthic
1173 4677 1354 4747 fuisse,
1390 4685 1683 4737 verisimile
1710 4677 1841 4749 'est;
1874 4677 2014 4753 quae,

461 4745 506 4796 si
541 4743 798 4821 Illethodnii
853 4743 985 4821 liber
1035 4759 1292 4821 exstaret,
1339 4743 1574 4821 discerni
1630 4743 2015 4821 emendariqué

461 4823 682 4886 possent
712 4814 918 4884 (Petav.
953 4817 1132 4886 ibid.).
1167 4837 1184 4868 ι
1234 4820 1361 4874 Vide
1389 4820 1628 4886 ejusdem
1672 4814 2014 4872 Animadveh

459 4883 628 4952 siones
659 4883 729 4934 ad
754 4899 902 4938 num.
944 4885 1011 4938 12
1047 4883 1099 4939 et
1122 4889 1205 4940 l7.
1238 4887 1362 4943 Utut
1396 4883 1498 4952 est,
1531 4890 1585 4942 in
1606 4890 1780 4943 isthac
1838 4889 2012 4943 Procli

458 4950 822 5027 disputatione
866 4953 980 5006 hate
1010 4955 1168 5027 verba
1209 4950 1522 5027 occurrunt,
1554 4974 1673 5027 quae
1712 4960 1845 5011 mihi
1900 4959 2010 5012 visa

460 5029 583 5072 sunt
607 5017 854 5092 Qrigenis
889 5025 1166 5076 sententia:
1190 5026 1476 5092 plurimum
1509 5017 1712 5081 lavere.
1745 5028 1875 5080 Vide
1906 5028 2012 5082 Ιιαδ-

461 5103 566 5166 res.
598 5089 685 5166 (id,
711 5089 836 5166 qum
872 5101 955 5144 est
980 5089 1450 5166 Origenianorum,
1483 5113 1604 5166 pag.
1633 5097 1773 5150 555:
1808 5098 2013 5166 Ὄντως

457 5157 567 5235 γὰρ
610 5161 709 5212 οὐκ
736 5157 834 5235 *είς
885 5161 1058 5235 κενὸν,
1084 5157 1204 5235 boat
1247 5165 1325 5225 είς
1355 5157 1529 5235 μάτην
1554 5157 1712 5235 νπρὸς
1742 5157 2012 5220 ἀπώλειαν

458 5230 655 5301 ἔκτισε,
683 5230 821 5283 κατὰ
847 5233 972 5301 τοὺς
993 5231 1316 5301 φρονοῦντας
1347 5230 1565 5301 μάταια,
1590 5230 1650 5288 τὸ
1683 5239 1788 5289 πᾶν
1814 5239 1842 5289 ό
1863 5235 2011 5300 Θεὸς,

457 5298 600 5375 ἀλλὰ⁸
638 5301 717 5375 εἰς
756 5302 818 5352 τὸ
839 5297 1106 5375 simiae,
1142 5302 1252 5375 καὶ*
1269 5297 1557 5375 οἰκεία-θαι,
1593 5308 1685 5358 καὶ
1722 5297 2009 5375 διαμένεινζ

455 5367 547 5420 Διὸ
574 5370 786 5448 ἀνάγκη
933 5371 1024 5423 καὶ
1047 5371 1144 5448 τὴν
1191 5372 1294 5448 γῇν
1318 5369 1489 5448 αὖθις,
1540 5367 1634 5428 καὶ
1672 5375 1762 5448 τὸν
1779 5367 2013 5448 οὐρανὸν

460 5437 598 5516 μετά
625 5437 721 5510 τὴν
740 5437 1072 5516 ἐκφλόγωσιν
1098 5437 1312 5494 ἔσεσθαι
1357 5443 1572 5516 πάντων
1609 5447 1702 5497 καὶ
1743 5446 1833 5497 τὸν
1854 5437 2011 5516 ’βρα-

457 5506 614 5584 σμόν,
644 5506 748 5584 cie.
777 5527 798 5560 ι
820 5506 1189 5584 ‘Nainrevera
1213 5528 1323 5584 non
1354 5513 1556 5568 frustra
1599 5526 1760 5584 atque
1784 5506 2015 5569 inaniter

455 5578 602 5654 etad
623 5578 869 5654 exitium,
885 5594 953 5633 ex
983 5581 1437 5650 ineptissimorum
1459 5578 1735 5638 hominum
1760 5586 2012 5654 Opinione

461 5650 628 5697 totum
654 5646 756 5701 hoc
781 5646 1090 5704 universum
1130 5647 1366 5709 condidit
1394 5654 1572 5719 Deus;
1613 5657 1707 5711 Sed
1731 5646 1813 5729 ut-
1845 5664 2008 5719 esset,

2140 3097 2327 3168 statim
2359 3112 2372 3146 :
2414 3094 2862 3168 Ταραχθήσεσθαι
2887 3096 3139 3168 μὲνγὰρ
3167 3097 3266 3168 τὴν
3291 3099 3487 3160 κτίσιν,
3518 3094 3708 3168 ὥσπερ

2136 3163 2530 3285 τεθνηξοὲένην
2572 3163 2718 3216 κατά
2759 3165 2854 3233 τὴν
2882 3163 3330 3284 ὲκπύρωὲςινίῖνα
3381 3163 3703 3236 ἀνακτισθῇ,

2136 3233 2195 3284 οὐ
2227 3234 2330 3285 μὴν
2395 3233 2666 3285 πολεῖσθαι
2712 3233 3122 3285 προσδοκητ-ον·
3167 3235 3313 3285 ὅπως
3340 3237 3703 3285 οί.ἀνακαινο-

2134 3233 2195 3284 οὐ
2226 3234 2330 3303 μὴν
2355 3233 2666 3285 ἀπολεῖσθαι
2712 3233 3122 3303 προσδοκητέον·
3167 3235 3313 3297 ὅπως
3340 3237 3397 3287 oi.
3419 3233 3710 3289 avaxatvo-

2135 3302 2446 3372 ποιηθέντες
2472 3304 2529 3354 ἐν
2554 3302 3089 3370 ἀνακαινοποιηοέντι
3119 3304 3305 3372 κόσμῳ
3330 3306 3580 3372 ἄγευστοι
3617 3304 3708 3358 λύ-

2135 3388 2242 3441 πης
2289 3373 2718 3441 κατοικήσωμεψ
2754 3372 2786 3440 ἢ
2816 3373 2960 3441 κατά
3001 3372 3060 3422 τὸ
3100 3372 3304 3440 λεχθέν·
3352 3373 3706 3436 Ἑξαποστε-

2131 3439 2262 3505 λέῖς
2283 3439 2371 3510 τὸ
2419 3439 2652 3510 πνεῦμά
2673 3439 2833 3510 μενοι),
2865 3440 2968 3510 καὶ
2997 3439 3422 3506 καθ-θήσονται
3454 3445 3532 3510 (ὲν
3573 3445 3703 3496 ἑκα-

2131 3509 2481 3580 τοστῷτρίτῳ
2502 3508 2748 3580 ψαλμῷ),
2783 3509 2879 3560 καὶ
2907 3509 3267 3580 ἀίκακαινιεῖς
3291 3511 3355 3563 τὸ
3381 3508 3706 3578 πρόσωπον

2131 3577 2240 3646 τῆς
2266 3577 2395 3650 ﬁt"
2433 3577 2527 3650 τ(ξῦ
2551 3577 2892 3650 περεὲχρντρς
2921 3579 3020 3650 τῆς
3050 3580 3344 3650 εὐκρασίας
3375 3577 3701 3650 ἐπιτροπεύε-

2131 3645 2318 3718 σαντες
2360 3646 2549 3718 λοιπὸν
2592 3645 2893 3718 τοῦςθεοῦ.Δ
2940 3645 3369 3718 Ἑσομένηςίγάρ
3413 3645 3518 3700 καῖ
3562 3649 3701 3718 μετὰ

2131 3716 2314 3769 τοῦτον
2345 3716 2434 3767 τὸν
2460 3717 2628 3767 αἰῶνα
2653 3716 2774 3785 γῆς,
2801 3715 3010 3785 ἀνάγκη
3043 3715 3197 3768 πᾶσα
3219 3715 3434 3770 ἔσεσθαι
3458 3715 3698 3780 καὶτοὺς

2129 3786 2470 3855 οἰκήσοντας,
2495 3803 2512 3835 ι
2550 3786 2754 3855 Etvero
2781 3787 3196 3855 perturbandam
3217 3800 3336 3840 esse
3365 3798 3694 3851 creaturam,

2129 3853 2276 3906 velut
2307 3853 2360 3906 in
2417 3853 2506 3905 illa
2538 3853 2963 3920 conﬂagratione
3014 3853 3338 3921 perituram,
3385 3865 3442 3908 ut
3496 3857 3690 3909 iterum

2128 3932 2362 3985 creetur,
2397 3938 2501 3975 non
2533 3933 2710 3974 tamen
2741 3923 3185 3988 exstinguendam
3221 3938 3363 3987 esse,
3395 3927 3690 3992 putandum

2126 3998 2227 4055 est,
2261 4000 2320 4042 ut
2351 3993 2403 4044 in
2436 3993 2739 4044 instaurato
2787 3993 2992 4044 mundo
3043 3992 3259 4057 ipsimet
3305 3995 3580 4057 instaurati
3626 4008 3691 4046 ac

2128 4060 2329 4113 doloris
2367 4069 2619 4127 expertes
2640 4059 2973 4124 habilemus,
3006 4061 3456 4127 quemadmodum
3488 4061 3536 4114 in
3570 4077 3694 4114 cen-

2131 4130 2321 4182 tesimo
2354 4130 2512 4182 tertio
2548 4128 2754 4197 psalmo
2780 4130 3048 4197 proditum
3091 4138 3174 4181 est
3209 4146 3222 4181 :
3265 4130 3482 4182 Emitte:
3526 4129 3693 4196 Spiri-

2126 4207 2232 4265 tum
2262 4208 2428 4260 tuum,
2461 4207 2507 4250 et
2545 4196 2879 4262 creabantur,
2906 4207 2952 4249 et
2983 4197 3248 4250 renouabis
3275 4198 3457 4265 faciem
3513 4210 3687 4252 teme.

2125 4264 2277 4330 Quod
2316 4267 2568 4318 nimirum
2594 4267 2921 4318 ambientem
2952 4281 3132 4319 aerem
3173 4264 3684 4333 temperatissimum

2122 4335 2382 4401 deince‘ps
2422 4335 2664 4388 facturus
2704 4335 2774 4385 sit
2810 4334 2970 4387 Deus.
3001 4336 3133 4388 Cum
3164 4336 3306 4388 enim
3350 4345 3469 4403 post
3511 4336 3685 4390 saeculi

2123 4404 2406 4470 praesentis
2429 4403 2630 4456 exitum
2659 4402 2833 4455 adhuc
2863 4412 3004 4455 terra
3038 4402 3446 4471 perseveratum
3471 4405 3562 4465 sit,
3591 4405 3687 4456 ha-

2124 4471 2388 4525 bitatores
2422 4473 2476 4525 in
2511 4487 2574 4525 ea
2613 4473 2874 4538 quosdam
2905 4474 3079 4526 inesse
3103 4487 3328 4526 necesse
3358 4480 3459 4526 est.
3496 4492 3515 4524 ι
3546 4472 3681 4524 Audi

2119 4539 2294 4609 ipsum
2342 4541 2650 4609 Origencm,
2693 4540 2802 4609 lib.
2859 4555 2940 4605 ιιι,
2987 4557 3106 4608 cap.
3165 4543 3218 4605 5,
3271 4542 3345 4594 De
3391 4542 3675 4609 principiis.

2119 4607 2254 4660 Vide
2305 4607 2705 4663 libri—secundi
2755 4619 2921 4676 caput
2979 4607 3193 4663 tertium
3257 4610 3334 4662 De
3391 4607 3672 4678 principiis.

2119 4678 2378 4731 SPENCER.

2188 4747 2311 4816 (18),
2334 4749 2514 4813 Ὄφις.
2548 4745 2711 4810 Plin.,
2755 4745 2849 4798 lib.
2883 4762 2937 4809 x,
2970 4760 3091 4814 cap.
3119 4746 3188 4800 66
3221 4766 3232 4800 :
3277 4765 3296 4798 ι
3331 4748 3572 4816 Anguem
3612 4760 3674 4798 ex

2120 4815 2347 4884 medulla
2367 4816 2614 4884 hominis
2633 4819 2800 4882 spina:
2826 4816 2968 4884 gigni
3010 4818 3321 4884 accepimus
3364 4830 3395 4869 ε
3425 4815 3628 4870 inultis.
3650 4833 3668 4865 ι

2118 4883 2296 4948 Ovid.,
2323 4883 2670 4950 Metamorph.
2701 4885 2794 4937 lib.
2823 4883 2915 4946 xvi,
2947 4885 3054 4937 fab.
3081 4884 3114 4937 4
3140 4883 3154 4938 ἐ

2117 4991 2272 5066 Sunt,
2294 4991 2400 5066 qui,
2423 5008 2538 5044 cum
2559 4992 2736 5066 clauso
2756 4994 3046 5063 putrefacta
3072 5002 3147 5048 est
3177 4996 3328 5066 apina
3350 4997 3607 5066 sepulcro,

2119 5060 2321 5114 Mutari
2353 5066 2568 5114 credant
2602 5060 2858 5116 [mnta'nas
2892 5060 3061 5132 angue
3101 5060 3380 5119 medullas.
3407 5060 3672 5120 Seneca.

2187 5175 2298 5246 (l9)
2324 5173 2621 5237 Μέλισσα,
2673 5185 2776 5229 etc.
2826 5175 2988 5238 Plin.,
3023 5176 3113 5230 lib.
3147 5193 3224 5243 ιι,
3259 5192 3378 5246 cap.
3418 5178 3531 5232 20:
3568 5199 3586 5231 ι
3620 5178 3675 5232 1η

2116 5253 2284 5301 totum
2317 5259 2444 5299 vero
2472 5249 2701 5297 amissas
2741 5246 2980 5313 reparari
3001 5248 3290 5313 ventribus
3323 5248 3538 5301 bubulis
3595 5265 3675 5301 re-

2115 5314 2359 5368 centibus
2389 5329 2509 5367 cum
2537 5315 2663 5366 limo
2706 5312 2950 5383 obrutis:
2997 5312 3277 5382 Virgilius,
3317 5317 3670 5383 iuvencorum

2114 5398 2343 5452 corpore
2375 5383 2716 5448 exanimato;
2772 5382 2911 5437 sicut
2957 5399 3240 5453 equorum,
3296 5382 3485 5453 vespas
3516 5395 3672 5452 atque

2115 5456 2447 5515 crabrones;
2499 5452 2640 5504 sicut
2687 5453 2983 5515 asinorum,
3039 5452 3670 5517 scarabzcosamutante

2115 5531 2303 5574 natura
2337 5536 2401 5574 ex
2431 5521 2551 5590 aliis
2579 5523 2824 5588 quwdam
2852 5522 2900 5574 in
2930 5523 3059 5575 alia.
3094 5539 3112 5571 ι
3145 5523 3416 5590 Epigr-am.
3448 5522 3543 5576 lib.
3588 5538 3668 5585 ιιι,

2115 5591 2265 5645 Suid.
2298 5591 2349 5642 in
2378 5589 2645 5652 Βούπαιςε

2251 5660 2377 5713 Αίεί
2407 5676 2494 5712 τοι
2512 5660 2804 5722 βούπαισι
2837 5658 3232 5728 περιστάζοιτο
3245 5661 3570 5728 μελίσσαις
