3986 6164
470 285 605 340 “5A7
692 348 694 351 _

1873 279 2125 336 ORIGEN
2133 278 2195 333 IS

3583 279 3642 332 11
3661 278 3762 333 28

470 398 724 463 hominis,
753 407 847 453 aut
873 397 1202 466 serpentium
1235 393 1415 480 qui_ex
1445 392 1539 446 illo
1565 393 1837 458 oriuntur;
1856 405 2050 462 corpus

2156 391 2250 443 καὶ
2277 389 2368 442 ἐπὶ
2393 389 2453 441 τὸ
2481 388 2670 449 ἵππου,
2705 387 2737 458 ἢ
2767 389 2912 453 ὄνου,
2943 389 3035 441 καὶ
3061 387 3170 440 τῶν
3199 387 3257 455 ἐξ
3281 389 3451 441 ἵππου
3487 390 3584 459 μὲν
3601 407 3767 461 σφη-

471 494 747 558 bovis,aut
761 505 918 560 apum
939 503 1056 557 qua:
1074 502 1141 541 ex
1169 485 1259 540 illo
1277 485 1563 553 prodeunt;
1582 498 1775 552 corpus
1789 485 1934 552 equi,
1961 493 2052 536 aut

471 598 758 654 vesparum
779 596 899 650 quae
926 595 991 634 ex
1017 593 1082 633 eo
1117 585 1446 642 naswntur;
1471 585 1527 630 et
1551 591 1748 644 corpus
1780 575 1943 638 asini,
1961 586 2052 628 aut

473 675 868 730 scarabaeorum
887 670 976 739 qui
1003 669 1128 722 inde
1157 675 1379 721 exeunt.
1406 665 1536 732 Qum
1556 665 1774 735 quidem
1804 665 1856 719 in
1877 678 2036 718 causa

2157 479 2288 544 κῶν,
2319 479 2377 542 ἐξ
2401 479 2520 532 ὄνου
2550 478 2608 530 δὲ
2639 477 2962 548 κανθάρων·)
2984 477 3052 530 δι’
3072 476 3108 529 ἃ
3134 477 3560 546 ἠναγκάσθημεν
3589 480 3759 532 ἐπα.-

2156 570 2406 624 ναλαϐεῖν
2441 571 2536 622 καὶ
2570 570 2650 633 τὸ,
2685 586 2704 618 ι
2742 567 2902 639 Ψυχὴ
2944 568 3041 639 μὲν
3071 567 3208 622 Θεοῦ
3234 571 3381 622 ἐστιν
3407 567 3588 639 ἔργον,
3621 569 3757 622 σώ-

2153 679 2320 733 ματος
2348 662 2404 714 δὲ
2437 660 2569 730 ἄλλη
2601 658 2779 728 φύσις.
2818 676 2836 710 ι

477 767 696 821 fuerunt
754 779 854 818 cur
881 761 1062 816 istud:
1105 778 1124 812 ι
1154 759 1349 814 Anima
1377 760 1593 829 quidem
1631 773 1768 828 cpus
1797 757 1889 812 Dei
1919 766 2023 820 est,
2063 756 2166 811 alia
2196 765 2378 811 autem
2430 764 2512 810 est
2549 753 2802 823 corporis
2837 761 3053 820 natura,
3113 772 3133 805 ι
3196 761 3496 810 retractare
3534 769 3750 810 neces-

473 861 676 917 sarium
701 858 1077 928 judicaverim.

544 951 639 1006 60.
692 951 783 1005 Ait
842 959 1057 1020 postea,
1095 967 1114 1000 ι
1152 958 1403 1005 naturam
1443 949 1588 1002 illam
1658 948 2036 1018 praedictorum

474 1043 709 1098 omnium
743 1057 1030 1110 corporum
1059 1056 1404 1096 communem
1425 1053 1477 1096 et
1507 1055 1666 1095 unam
1694 1041 1845 1094 abire
1873 1049 1927 1094 et
1956 1053 2041 1094 re-

473 1133 589 1186 dire
631 1132 760 1185 ratis
793 1130 1275 1186 vicissitudinibus.
1306 1135 1412 1189 )Ex
1433 1130 1500 1183 iis
1531 1144 1650 1197 quae
1682 1144 1846 1197 supra
1890 1130 2038 1194 dixi,

474 1220 822 1277 manifestum
852 1229 935 1276 est
967 1237 1074 1277 non
1115 1221 1290 1275 solum
1342 1235 1629 1289 corporum
1683 1235 1801 1288 qua:
1850 1218 2039 1274 Celsus

473 1314 830 1377 enumeravit,
857 1312 948 1366 sed
973 1314 1136 1366 etiam
1160 1311 1459 1367 caelestium
1487 1321 1733 1364 naturam
1754 1326 1872 1365 esse
1893 1326 2042 1364 com-

472 1420 718 1460 munem.
761 1404 912 1471 Quod
940 1403 985 1458 si
1022 1404 1097 1457 ita
1137 1413 1240 1468 est,
1281 1413 1428 1457 certe
1461 1417 1526 1457 ex
1554 1403 1643 1457 illo
1669 1401 1757 1475 (an
1795 1417 1859 1457 ex
1895 1403 2038 1456 veri-

474 1506 584 1551 tate
631 1497 832 1562 nescio)
883 1503 1076 1548 natura
1129 1494 1218 1547 illa
1257 1495 1499 1548 omnium
1538 1509 1822 1562 corporum
1862 1509 1966 1547 una
1989 1502 2043 1547 et

473 1589 663 1642 eadem
709 1586 822 1639 abit
855 1585 1103 1654 reditque
1141 1585 1276 1640 ratis
1308 1585 1800 1640 vicissitudinibus.
1840 1585 2038 1640 Verum
2069 1634 2088 1641 ρ

2218 939 2332 1000 Εἴθ’
2350 943 2478 1013 ἑξῆς
2497 959 2680 1012 φησιν,
2709 941 2789 994 ὅτι
2816 959 2834 991 ι
2859 941 3014 1011 κοινὴ
3045 943 3078 1009 ἡ
3102 940 3320 994 πάντων
3344 941 3454 993 τῶν
3477 958 3748 1012 προειρη-

2148 1025 2323 1109 μένων
2356 1036 2624 1106 σωμάτων
2661 1034 2854 1103 φύσις,
2899 1035 2990 1086 καὶ
3027 1033 3122 1103 μία
3159 1035 3217 1096 ἐς
3258 1033 3490 1102 ἀμοιϐὴν
3535 1032 3743 1085 παλίν-

2146 1143 2351 1199 τροπον
2400 1126 2551 1178 ἰοῦσα
2593 1125 2684 1177 καὶ
2729 1122 3049 1176 ἐπανιοῦσα.
3096 1142 3111 1172 ι
3149 1124 3258 1175 Καὶ
3300 1123 3436 1193 πρὸς
3483 1122 3641 1174 τοῦτο
3675 1123 3746 1175 δὲ

2144 1218 2302 1288 δῆλον
2337 1217 2400 1269 ἐκ
2431 1215 2538 1268 τῶν
2568 1214 3002 1285 προειρημένων,
3038 1215 3119 1266 ὅτι
3151 1214 3211 1265 οὗ
3246 1213 3406 1283 μόνον
3438 1213 3548 1266 τῶν
3596 1229 3743 1285 προρ

2146 1304 2579 1374 κατειλεγμένων
2621 1305 2890 1373 σωμάτων
2935 1305 3084 1372 κοινή
3125 1305 3271 1355 ἐστιν
3311 1307 3341 1374 ἡ
3384 1304 3562 1373 φύσις,
3591 1305 3742 1358 ἀλλά

2148 1395 2368 1449 καὶτῶν
2398 1393 2752 1465 ἐπουρανίων.
2778 1394 2888 1447 Καὶ
2916 1393 3074 1464 εἴπερ
3095 1393 3237 1445 τοῦθ’
3268 1393 3443 1458 οὕτως
3471 1395 3602 1464 ἔχει,
3634 1396 3738 1466 δῆ-

2147 1488 2256 1552 λον,
2283 1487 2363 1540 ὅτι
2385 1486 2504 1538 κατ’
2521 1485 2681 1536 αὐτὸν
2707 1484 2828 1554 (οὐκ
2847 1480 2962 1537 οἶδα
2995 1484 3050 1535 δὲ
3084 1486 3131 1536 εἰ
3158 1483 3299 1537 κατά
3319 1486 3419 1556 τὴν
3448 1485 3734 1556 ἀλήθειαν)

2152 1579 2249 1647 μία
2285 1579 2342 1638 ἐς
2382 1575 2618 1646 ἀμοιϐὴν
2653 1575 3018 1645 παλίντροπον
3057 1575 3209 1628 ἰοῦσά
3242 1578 3390 1628 ἐστιν
3427 1579 3468 1646 ,ἡ
3511 1579 3736 1632 πάντων

475 1677 692 1748 quidem
718 1684 802 1730 est
834 1677 975 1730 hanc
1003 1691 1189 1729 eorum
1214 1691 1334 1730 esse
1367 1678 1689 1731 sententiam
1746 1676 1835 1745 qui
1885 1693 2038 1731 mun-

2152 1669 2410 1740 σωμάτων
2447 1668 2605 1736 φύσις
2646 1669 2739 1720 καὶ
2773 1667 3088 1721 ἐπανιοῦσα.
3140 1669 3250 1722 Καὶ
3277 1669 3443 1738 δῆλον
3480 1670 3579 1739 μὲν
3600 1712 3612 1732 ,
3647 1671 3735 1724 ὅτι

473 1770 600 1823 dum
638 1776 862 1822 censent
902 1782 1022 1822 esse
1065 1768 1502 1836 corruptibilem.
1551 1767 1656 1822 Sed
1703 1769 1792 1837 qui
1827 1779 2043 1824 contra-

474 1860 610 1914 riam
641 1861 706 1913 de
731 1859 933 1912 mundo
959 1857 1268 1926 opinionem
1299 1867 1534 1925 tuentur,
1558 1860 1845 1913 ostendent
1882 1860 1917 1912 ii
1949 1875 2044 1913 na-

477 1962 651 2005 turam
667 1951 906 2005 omnium
931 1965 1218 2019 corporum
1247 1964 1590 2004 communem
1611 1958 1864 2016 etunam,
1881 1951 2042 2005 etiam

475 2059 580 2097 non
616 2042 854 2097 admisso
888 2042 1077 2108 quinto
1113 2054 1372 2110 corpore,
1407 2041 1540 2095 ratis
1582 2041 2046 2096 vicissitudinibus

475 2132 627 2206 abire
655 2141 710 2186 et
739 2131 934 2192 redire,
959 2141 1120 2199 atque
1142 2131 1221 2184 sic
1247 2140 1512 2184 mutatum
1542 2145 1882 2199 permanere,
1902 2132 2044 2200 quod

476 2223 654 2291 perire
674 2223 904 2276 videtur.
931 2220 1151 2275 Materia
1177 2221 1318 2274 enim
1344 2221 1610 2291 subjecta,
1637 2230 1896 2289 pereunte
1913 2235 2046 2290 qua-

474 2315 646 2380 litate,
669 2315 780 2383 ipsa
803 2313 990 2368 eadem
1016 2322 1314 2384 permanet,
1339 2323 1396 2367 ut
1425 2321 1672 2368 asserunt
1698 2313 1731 2367 ii
1756 2315 1844 2383 qui
1871 2314 2042 2383 ipsam

477 2406 771 2459 increatam
800 2421 920 2460 esse
949 2405 1153 2459 volunt.
1189 2405 1339 2471 Quod
1361 2405 1402 2460 si
1426 2406 1641 2474 probari
1674 2407 1843 2482 possit
1874 2407 2042 2475 ipsam

477 2511 584 2550 non
613 2511 735 2551 esse
771 2498 1090 2561 increatam,
1128 2497 1218 2550 sed
1246 2498 1534 2566 quemdam
1564 2497 1616 2549 in
1649 2512 1803 2549 usum
1847 2496 2043 2551 factam

477 2601 619 2648 esse.
659 2597 807 2657 patet
847 2589 1088 2643 eamdem
1139 2587 1254 2655 ejus
1297 2603 1400 2641 non
1451 2587 1566 2642 fore
1604 2597 1875 2655 naturam,
1903 2589 2044 2657 quod

477 2680 543 2732 ad
572 2680 1002 2746 pormansioncm
1036 2682 1265 2750 spectat,
1285 2695 1348 2734 ac
1390 2679 1432 2734 si
1462 2681 1700 2735 incrcata
1731 2692 2041 2750 poneretur.

478 2768 679 2822 Verum
705 2769 820 2823 haec
849 2771 1197 2840 physicorum
1227 2778 1354 2822 sunt
1387 2784 1398 2815 τ
1443 2770 1597 2824 nobis
1631 2784 1756 2823 vero
1783 2770 1923 2825 Celsi
1953 2784 2044 2824 ca-

479 2859 715 2914 lumnias
745 2860 993 2915 refellere
1019 2861 1358 2930 propositum
1385 2869 1486 2914 est.

549 3034 639 3088 61.
664 3035 826 3089 Addit
865 3054 883 3088 ι
909 3037 1040 3089 nihil
1069 3052 1277 3101 eorum,
1310 3050 1432 3106 qua).
1462 3050 1527 3090 ex
1561 3038 1788 3092 materia
1816 3053 2050 3093 nascum
2075 2997 2117 3053 C

481 3133 589 3189 tur,
634 3139 754 3179 esse
797 3125 1118 3178 immortale.
1151 3144 1168 3176 ι
1212 3127 1293 3178 Ad
1329 3118 1470 3193 quod
1503 3140 1647 3194 ego:
1687 3127 1733 3181 si
1767 3127 1903 3181 nihil
1946 3128 2051 3181 im-

481 3215 712 3269 mortale
740 3224 824 3270 est
851 3231 1036 3269 eorum
1094 3231 1214 3285 qua:
1241 3230 1308 3270 ex
1333 3217 1563 3271 materia
1596 3227 1918 3281 nascuntur,
1960 3225 2052 3272 aut

484 3304 809 3358 immortalis
850 3313 934 3359 est
967 3307 1198 3360 mundus
1246 3305 1334 3360 hic
1364 3314 1530 3370 totus,
1573 3321 1674 3361 nec
1711 3306 1936 3376 proinde
1984 3322 2049 3361 ex

484 3395 709 3450 materia
737 3404 916 3459 natus,
965 3405 1058 3448 aut
1091 3395 1414 3450 immortalis
1456 3411 1557 3450 non
1602 3405 1704 3451 est.
1747 3395 1802 3450 Si
1833 3397 2051 3450 immor-

489 3486 630 3548 talis,
668 3487 809 3554 quod
841 3487 1002 3540 etiam
1041 3485 1115 3540 iis'
1139 3486 1314 3555 placet
1351 3488 1442 3556 qui
1483 3487 1653 3542 solam
1684 3487 1918 3541 animam
1955 3485 2049 3541 Dei
2090 3473 2096 3479 ’

482 3592 604 3631 esse
647 3594 782 3648 opus
825 3587 878 3632 et
932 3594 1000 3633 ex
1043 3581 1277 3648 quodam
1305 3582 1434 3634 Vase
1462 3582 1678 3650 prodire
1709 3580 2048 3648 existimant,

482 3673 731 3725 ostendat
761 3669 949 3725 Celsus
979 3670 1133 3725 illum
1160 3686 1268 3726 non
1293 3669 1492 3726 factum
1526 3671 1698 3726 fuisse
1731 3686 1798 3724 ex
1827 3671 2050 3725 materia

485 3762 804 3830 qualitatum
829 3771 1072 3831 experte,
1103 3762 1395 3830 mundique
1432 3762 1892 3818 immortalitatem
1919 3776 2051 3816 con-

486 3853 676 3906 sistere
711 3867 833 3906 cum
878 3854 981 3908 isto
1019 3853 1188 3921 ipsius
1227 3854 1518 3922 principio,
1552 3853 1688 3908 nihil
1728 3869 1918 3909 eorum
1948 3853 2052 3907 im-

488 3943 716 3996 mortale
755 3956 879 3995 esse
957 3957 1078 4010 quae
1106 3951 1404 3995 nascuntur
1433 3957 1500 3996 ex
1541 3944 1792 4000 materia.
1823 3942 1921 3998 Sin
1953 3957 2052 3996 au-

488 4041 594 4086 tem
628 4033 856 4086 uiundus
879 4033 1004 4100 quia
1027 4047 1094 4087 ex
1124 4033 1348 4086 materia
1377 4031 1552 4087 iactus
1579 4042 1682 4099 est,
1715 4048 1821 4087 non
1845 4042 1930 4088 est
1955 4033 2054 4087 im-

488 4122 764 4197 mortalis;
807 4122 1051 4176 mortalis
1100 4121 1189 4175 ille
1220 4124 1453 4177 mundus
1485 4124 1662 4178 eritne
1720 4124 2053 4194 corruptioni

483 4213 771 4273 obnoxius,
790 4213 1002 4266 annon?
1026 4211 1084 4268 Si
1109 4214 1279 4283 prius,
1305 4215 1425 4270 ideo
1442 4215 1773 4283 corruptioni
1791 4214 2054 4272 obnoxius

2144 1759 2285 1812 κατά
2317 1759 2443 1821 τοὺς
2489 1757 2810 1828 φθείροντας
2851 1759 2961 1830 (2'2)
3010 1760 3101 1812 τὸν
3141 1761 3344 1829 κόσμον
3377 1760 3526 1812 τοῦθ’
3555 1760 3735 1822 οὕτως

2146 1850 2277 1920 ἔχει·
2310 1847 2657 1918 πειράσονται
2689 1849 2745 1900 δὲ
2777 1848 3049 1903 δεικνύναι
3087 1850 3180 1902 καὶ
3221 1852 3267 1902 οἱ
3311 1849 3383 1921 μὴ
3415 1851 3728 1922 φθείροντες

2144 1939 2326 2002 αὐτὸν,
2373 1939 2511 2009 μετὰ
2540 1938 2633 1991 τοῦ
2671 1939 2744 2009 μὴ
2782 1940 3104 2011 προσίεσθαι
3138 1941 3384 2011 πέμπτον
3418 1941 3606 2012 σῶμα,
3642 1943 3724 1995 ὃτι

2145 2030 2238 2083 καὶ
2286 2030 2408 2083 κατ’
2435 2031 2630 2092 αὐτοὺς
2665 2031 2761 2100 μία
2795 2033 2852 2092 ἐς
2889 2030 3119 2100 ἀμοιϐὴν
3168 2031 3525 2102 παλίντροπον
3569 2033 3727 2084 ἰοῦσα

2145 2121 2238 2174 καὶ
2271 2119 2567 2174 ἐπανιοῦσά
2588 2123 2734 2172 ἐστιν
2769 2121 2802 2190 ή
2831 2121 3045 2173 πάντων
3071 2122 3334 2191 σωμάτων
3359 2121 3535 2188 φύσις.
3565 2121 3726 2175 Οὕτω

2143 2211 2201 2263 δὲ
2233 2213 2327 2264 καὶ
2357 2211 2418 2263 τὺ
2451 2211 2818 2281 ἀπολλύμενον
2849 2212 2929 2274 εἰς
2957 2211 3264 2282 μεταϐολὴν
3303 2212 3412 2281 (‘25)
3441 2213 3682 2282 διαμένει
3706 2230 3722 2242 ·

2144 2301 2203 2354 τὸ
2224 2301 2332 2372 γὰρ
2353 2301 2708 2372 ὑποκείμενον
2744 2304 2778 2372 ἡ
2814 2301 2934 2372 ὕλη,
2966 2301 3343 2374 ἀπολλυμένης
3369 2303 3468 2372 τῆς
3502 2305 3722 2375 ποιότη-

2144 2405 2254 2454 τος,
2287 2389 2548 2460 διαμένει,
2584 2390 2722 2442 κατά
2744 2391 2870 2452 τοὺς
2897 2390 3160 2459 ἀγένητον
3185 2391 3350 2460 αὐτὴν
3377 2393 3716 2460 εἰσάγοντας.

2158 2477 2283 2530 Ἐὰν
2321 2478 2569 2548 μέντοιγε
2595 2479 2795 2550 δυνηθῇ
2835 2495 2919 2541 τις
2945 2477 3257 2550 παραδεῖξαι
3280 2481 3438 2549 λόγος
3468 2485 3564 2536 οὐκ
3593 2485 3723 2552 ἀγέ-

2145 2585 2303 2640 νητον
2332 2567 2442 2640 (24)
2473 2569 2664 2640 αὐτὴν,
2699 2569 2833 2622 ἀλλά
2875 2569 3008 2638 πρός
3032 2587 3152 2622 τινα
3184 2571 3368 2640 χρείαν
3402 2573 3716 2640 γεγονέναι,

2146 2657 2338 2728 δῆλον,
2392 2659 2475 2712 ὅτι
2521 2659 2622 2727 οὐχ
2664 2657 2772 2721 ἕξει
2820 2657 2978 2726 φύσιν
3025 2659 3152 2729 περὶ
3187 2659 3447 2729 διαμονῆς
3476 2661 3575 2730 τὴν
3621 2663 3722 2714 αὐ·-

2146 2747 2243 2818 τὴν
2279 2745 2405 2817 (25)
2446 2747 2521 2817 τῷ
2565 2747 2826 2817 ἀγένητος
2860 2747 3258 2804 ὑποτεθεῖσθαι.
3294 2748 3436 2800 Ἀλλ’
3465 2751 3526 2802 οὐ
3552 2751 3723 2803 ταῦτα

2149 2836 2242 2889 νῦν
2276 2838 2559 2909 πρόκειται
2582 2837 2894 2891 ἀπαντῶσιν
2920 2841 3052 2909 ἡμῖν
3084 2839 3217 2910 πρὸς
3235 2839 3335 2904 τὰς
3367 2840 3575 2893 Κέλσου
3623 2858 3723 2892 κα-

2148 2927 2406 2996 τηγορίας
2429 2927 2785 2996 φυσιολογεῖν.

2221 3037 2358 3104 Φησὶ
2392 3035 2436 3087 δ’
2469 3037 2550 3089 ὅτι
2579 3038 2672 3089 καὶ
2712 3056 2730 3088 ι
2771 3037 2901 3108 ὕλης
2947 3037 3165 3105 ἔκγονον
3193 3037 3348 3091 οὐδὲν
3376 3039 3654 3093 ἀθάνατον.
3694 3059 3713 3090 ι

2151 3127 2260 3180 Καὶ
2294 3128 2430 3198 πρὸς
2457 3127 2615 3181 τοῦτο
2642 3127 2934 3194 λελέξεται,
2967 3129 3069 3192 ὅτι,
3095 3129 3251 3198 εἴπερ
3290 3128 3423 3198 ὕλης
3449 3130 3597 3180 οὐδὲν
3629 3130 3720 3180 ἐκ-

2150 3235 2303 3286 γονον
2326 3220 2609 3284 ἀθάνατον,
2646 3221 2762 3290 ἦτοι
2787 3219 3049 3283 ἀθάνατος
3082 3220 3200 3282 ὅλος
3232 3223 3260 3272 ὁ
3286 3221 3506 3290 κόσμος,
3525 3223 3615 3274 καὶ
3628 3223 3723 3290 οὐχ

2151 3315 2224 3374 ὡς
2268 3311 2400 3382 ὕλης
2438 3312 2586 3365 ἐστὶν
2620 3311 2862 3379 ἔκγονον,
2905 3312 2996 3364 καὶ
3031 3310 3137 3363 οὐδ’
3175 3311 3337 3374 αὐτὸς
3381 3311 3494 3380 (26)
3539 3312 3723 3381 χρῆμά

2151 3402 2299 3455 ἐστιν
2327 3401 2610 3456 ἀθάνατον.
2642 3403 2704 3454 Et
2731 3403 2826 3472 μὲν
2859 3399 2950 3456 οὖν
2975 3400 3240 3464 ἀθάνατος
3271 3404 3298 3454 ὁ
3331 3403 3555 3472 κόσμος,
3588 3404 3720 3474 ὅπερ

2153 3495 2372 3566 ἀρέσκει
2392 3495 2484 3546 καὶ
2507 3496 2620 3556 τοῖς
2641 3491 2776 3547 Θεοῦ
2805 3493 2962 3563 ἔργον
2979 3491 3191 3545 εἰποῦσι
3216 3492 3381 3562 μόνην
3400 3491 3498 3563 τὴν
3524 3494 3718 3563 ψυχὴν,

2153 3589 2244 3640 καὶ
2285 3587 2391 3639 ἀπό
2431 3603 2576 3648 τινος
2617 3584 2786 3657 αὐτὴν
2833 3585 3108 3655 κρατῆρος
3154 3584 3430 3652 γεγονέναι
3477 3585 3716 3653 λέγουσι·

2151 3675 2408 3730 δεικνύτω
2436 3677 2464 3727 ὁ
2491 3674 2694 3737 Κέλσος
2722 3674 2821 3726 οὐκ
2853 3673 2912 3737 ἐξ
2939 3673 3069 3744 ὕλης
3105 3674 3293 3725 ἀποίου
3319 3675 3480 3726 αὐτὸν
3507 3675 3719 3742 γεγονὲ-

2152 3783 2270 3829 ναι,
2313 3763 2494 3835 τηρῶν
2538 3764 2626 3828 τὸ,
2658 3763 2789 3834 ὕλης
2827 3762 3047 3830 ἔκγονον
3077 3762 3229 3815 οὐδὲν
3262 3762 3525 3817 ἀθάνατον
3546 3781 3558 3792 ·
3588 3767 3633 3815 εἰ
3653 3765 3715 3828 δ’,

2153 3854 2276 3906 ἐπεὶ
2303 3853 2431 3922 ὕλης
2471 3853 2687 3922 ἐκγονόν
2714 3855 2862 3906 ἐστιν
2900 3856 2928 3908 ό
2963 3855 3185 3924 κόσμος,
3218 3856 3315 3908 οὐκ
3345 3855 3489 3908 ἔστιν
3521 3856 3716 3910 ἀθάνα-

2153 3959 2245 3995 τον
2275 3945 2302 3995 ό
2336 3942 2570 4014 κόσμος-
2605 3941 2796 4014 θνητὸν
2827 3945 2855 3996 ὁ
2888 3943 3108 4013 κόσμος,
3149 3939 3232 4016 ἆρ’
3265 3941 3357 3997 οὖν
3391 3948 3481 3998 καὶ
3507 3946 3715 4014 φθειρό-

2158 4049 2338 4102 μενον,
2364 4032 2396 4103 ἣ
2423 4034 2494 4104 μή
2517 4050 2530 4098 ;
2555 4035 2617 4086 Εἰ
2656 4035 2752 4104 μὲν
2777 4034 2886 4103 γάρ
2919 4034 3269 4105 φθειρόμενον
3290 4074 3304 4098 ,
3333 4036 3408 4098 ὡς
3433 4035 3568 4088 Θεοῦ
3601 4037 3709 4107 (27)

2155 4123 2314 4195 ἔργον
2366 4123 2518 4176 ἔσται
2578 4123 2968 4195 φθειρόμενονο
3027 4123 3125 4178 εἴτ’
3177 4127 3234 4178 ὲν
3284 4127 3351 4196 τῇ
3401 4125 3575 4196 φθορᾷ
3625 4125 3714 4177 τοῦ

2155 4216 2360 4287 κόσμου
2393 4215 2455 4267 τὸ
2489 4213 2647 4286 ἔργον
2687 4215 2780 4268 τοῦ
2826 4215 2959 4268 Θεοῦ
3001 4217 3034 4286 ἡ
3080 4215 3224 4288 ψυχὴ
3260 4216 3312 4270 τί
3359 4218 3606 4286 ποιήσει;
3638 4216 3718 4268 λε-

485 4307 614 4370 erit,
649 4305 772 4374 quia
807 4305 897 4368 Dei
934 4320 1038 4359 non
1069 4315 1154 4361 est
1173 4320 1331 4375 opus.
1353 4305 1423 4360 At
1453 4305 1507 4359 in
1535 4305 1624 4360 illa
1651 4306 1838 4360 mundi
1866 4321 2050 4362 corru-

2157 4308 2300 4376 γέτω
2333 4309 2360 4360 ὁ
2401 4305 2626 4368 Κέλσοςο
2667 4305 2828 4371 εἰδὲ,
2855 4306 3192 4378 διαστρέφων
3231 4307 3328 4378 τὴν
3373 4307 3577 4360 ἔννοιαν
3615 4306 3717 4359 τοῦ

489 4399 668 4464 ptione
697 4396 824 4465 quid
853 4395 943 4450 fiet
972 4397 1176 4461 anima,
1210 4412 1330 4466 quae
1355 4397 1448 4451 Dei
1477 4411 1612 4466 opus
1638 4396 1762 4452 est?
1794 4396 1889 4451 Sin
1915 4396 2052 4451 alio-

487 4501 705 4541 versum
776 4487 1088 4542 immortalis
1151 4489 1426 4543 notionem
1479 4488 1753 4558 accipiens
1816 4488 2049 4552 Celsus,

487 4580 633 4634 dicat
669 4581 930 4633 mundum
974 4580 1335 4635 immortalem
1381 4595 1503 4636 esse
1541 4582 1684 4650 quod
1729 4595 1918 4635 revera
1952 4579 2054 4634 etsi

487 4671 856 4738 corruptibilis
905 4671 1006 4737 sit,
1057 4686 1163 4724 non
1202 4679 1614 4740 corrumpatur,
1649 4672 1902 4739 quodque
1949 4685 2052 4723 non

490 4757 646 4828 551
681 4759 934 4824 intereat,
969 4760 1182 4814 tametsi
1221 4760 1497 4815 interitum
1547 4763 1660 4829 pati
1695 4763 1869 4829 possit
1900 4775 1915 4814 :
1947 4763 2054 4815 erit

557 4971 677 5044 (22)
716 4969 871 5025 Libb.
903 4970 1032 5044 editi
1077 4972 1128 5044 i_n
1167 4971 1446 5044 margine,
1487 4969 1834 5044 φθείραντας.
1889 4971 2056 5025 Patth

491 5039 614 5114 post
655 5039 810 5114 inss.,
851 5039 989 5114 μετά
1015 5039 1108 5091 τοῦ
1133 5039 1223 5114 ’μὴ
1254 5039 1593 5114 προσίεσθαι.
1620 5039 1894 5114 Gelenius
1949 5057 2053 5114 non

494 5109 710 5189 agnovit
736 5109 1055 5189 particulam
1211 5109 1352 5189 infra
1380 5109 1840 5189 mss.,_ﬁ‘ml'tvcwv
1867 5110 2055 5189 σωμᾴ-

488 5177 598 5236 των
623 5177 800 5252 φύσις.
831 5180 988 5234 Libb.
1024 5177 1176 5244 editi,
1204 5180 1237 5249 ἡ
1285 5177 1498 5231 πάντων
1522 5177 1821 5249 ἀνθρώπων
1866 5177 2053 5248 σωμά-

488 5269 600 5306 των
626 5252 802 5312 φύσις.

840 5315 1198 5392 με-ταϐολήιῖ.
1225 5316 1398 5392 lieete
1423 5315 1644 5392 omnino
1675 5315 1840 5392 habet
1882 5315 2051 5392 codex

493 5385 854 5445 BaSileensiSC
885 5388 1016 5441 Nam
1049 5389 1186 5454 quod
1206 5389 1507 5441 destruitur
1540 5389 1591 5438 in
1631 5385 1853 5448 mundo,
1882 5385 2050 5436 ἀπόλ-

491 5459 648 5514 λυται
683 5461 760 5520 εἰς
785 5457 1106 5530 μεταϐολήν,
1149 5473 1270 5530 cum
1299 5456 1350 5508 in
1376 5456 1664 5530 materiam
1694 5454 1832 5530 alius
1859 5455 2049 5507 modus

496 5524 990 5598 destructo'priore
1035 5524 1532 5598 eticcedat,_sicqne
1561 5524 1788 5598 materia
1833 5537 2051 5598 manere

496 5598 735 5665 quidem,
775 5592 867 5651 sed
909 5596 1013 5650 alio
1053 5595 1210 5650 modo
1253 5592 1457 5665 ali'ecta’
1488 5596 1846 5648 existimetur.
1892 5592 2046 5665 biiab.

498 5660 631 5727 éditi
672 5674 923 5734 corrupte
965 5667 1160 5723 habent
1185 5663 1554 5736 ἀπολλύμενόν
1582 5666 1717 5730 ἐστι,
1751 5660 2048 5733 μεταϐολὴν

2158 4397 2478 4460 ἀθάνατον,
2517 4397 2675 4467 φήσει
2725 4395 2803 4467 τῷ
2841 4396 3060 4468 φθαρτῷ
3120 4397 3246 4468 μὲν,
3295 4399 3354 4449 οὐ
3391 4397 3720 4468 φθειρομένῳ

2150 4489 2226 4551 δὲ,
2281 4488 2543 4542 ἀθάνατον
2593 4489 2753 4542 αὐτὸν
2824 4485 2983 4552 εἶναι,
3045 4490 3118 4551 ὡς
3167 4488 3407 4540 δεκτικὸν
3469 4489 3565 4557 μὲν
3627 4487 3722 4541 Θα-

2151 4579 2334 4640 νάτου,
2369 4579 2427 4630 οὐ
2462 4579 2565 4648 μὴν
2592 4577 2649 4630 δὲ
2682 4577 2775 4630 καὶ
2806 4577 3211 4646 ἀποθνήσκοντα
3233 4592 3245 4605 ⁸
3282 4575 3438 4644 δῆλον
3459 4576 3539 4627 ὅτι
3574 4574 3719 4628 ἔσται

2151 4687 2202 4722 τι
2232 4672 2349 4722 κατ’
2384 4671 2588 4722 ἐκεῖνον
2620 4669 2812 4739 θνητὸν
2836 4668 2951 4739 ἅμα
2984 4669 3078 4720 καὶ
3123 4667 3406 4730 ἀθάνατον,
3441 4665 3518 4735 τῷ
3544 4667 3718 4734 ἀμφο-

2151 4761 2325 4831 τέρων
2358 4756 2496 4814 εἶναι
2524 4760 2769 4814 δεκτικόν
2794 4777 2806 4790 ·
2842 4760 2936 4813 καὶ
2959 4758 3111 4812 ἔσται
3142 4757 3331 4828 θνητὸν
3365 4758 3462 4810 οὐκ
3490 4754 3719 4825 ἀποθνῆ-

2161 4973 2429 5047 διαμένει-ε
2468 4975 2584 5030 Mox
2626 4977 2786 5047 iidem
2823 4976 2878 5029 in
2919 4977 3182 5047 margine,
3209 4977 3270 5029 τὸ
3298 4977 3404 5047 γὰρ
3428 4976 3715 5046 ὑποκείμε-

2165 5058 2281 5117 νον,
2305 5045 2502 5117 melius
2526 5061 2689 5117 quam
2716 5046 2768 5117 in
2801 5054 2974 5117 textu,
2995 5044 3055 5097 τὸ
3078 5044 3494 5117 γάρῦπομένον.

2232 5112 2347 5185 (at)
2382 5110 2691 5185 Libbfediti
2724 5110 3420 5185 ἱηωηηνκίηείὰγέννητον.

2232 5132 2347 5182 (:4)
2382 5132 2540 5168 ωοι).
2563 5132 2691 5168 eum
2724 5132 2774 5167 In
2809 5132 3073 5180 margine,
3107 5132 3141 5166 α
3182 5132 3420 5185 εννητον.

2230 5181 2345 5252 (25)
2382 5183 2523 5250 Περὶ
2561 5182 2848 5251 διαμονῆς
2878 5183 2992 5250 τὴν
3012 5132 3224 5250 abegit
3258 5186 3452 5238 Guieto
3483 5183 3718 5238 scriben-

2161 5249 2284 5324 dum
2307 5249 2536 5324 ridetur,
2571 5249 2707 5321 πρδς
2726 5249 2983 5324 διαμονὴν
3008 5252 3104 5324 τῂν
3136 5249 3325 5324 αὐτὴν.
3355 5254 3554 5324 lhidem
3589 5252 3715 5324 libb.

2157 5319 2286 5437 ﬁgi:
2324 5321 2378 5374 in
2426 5319 2670 5393 margine
2721 5319 2952 5389 habent,
2984 5319 3074 5392 τῷ
3103 5319 3395 5421 ἀγέννητος
3440 5319 3711 5374 ὑποτεθεῐ-

2158 5403 2301 5442 συαι.
3353 5411 3369 5421 ⁸

2227 5459 2340 5531 (26)
2370 5458 2481 5531 Καὶ
2529 5458 2656 5531 οὐδέ
2692 5460 2894 5531 αὑτός.
2944 5460 3088 5531 Lego
3145 5477 3271 5517 cum
3326 5459 3613 5515 Bohercllo
3666 5467 3718 5511 et

2164 5526 2773 5602 Culeto._*l°6§‘airéc-
3025 5526 3134 5602 ⁷,,
3252 5597 3283 5602 ,-
3390 5597 3401 5602 _
3518 5595 3590 5602 --
3669 5591 3696 5602 η

2229 5597 2339 5668 (27)
2393 5595 2484 5664 Ὠς
2517 5598 2681 5654 Θεοῦ.
2716 5598 2861 5668 Lego
2889 5614 3012 5654 cum
3041 5597 3344 5664 Bolterello,
3372 5597 3444 5662 ὡς
3478 5595 3542 5651 οὐ
3564 5595 3716 5650 Θεοῦ.
