3986 6164
370 295 521 354 ιιεε
1542 300 1817 356 CONTRA
1859 303 1908 358 (ἷῖ

2016 301 2135 358 SUM
2176 302 2300 357 ΜΒ.
2337 300 2423 360 ιν.
3473 309 3609 363 1150

364 433 526 480 σκον,
560 417 652 470 κα)⁵
697 416 758 469 τὸ
808 417 868 470 οὐ
908 420 973 489 τῇ
1021 419 1177 488 φύσει
1229 419 1516 484 ἀθάνατον,
1562 422 1712 494 παρὰ
1761 423 1821 475 τὸ
1868 441 1907 492 μ

2049 423 2213 494 igitur
2257 440 2324 479 ex
2374 427 2489 493 ipso
2534 439 2617 478 res
2648 425 2907 493 qumpiam
2940 424 3185 477 mortalis
3222 425 3381 478 simul
3413 435 3468 479 et
3504 429 3608 480 im-

358 508 755 573 ἀποθνήσκειν,
805 509 948 573 ἰδίως
979 509 1265 582 λεγόμενον
1289 513 1573 566 ἀθάνατον.
1611 516 1766 568 Κατὰ
1793 520 1908 569 ποῖο

2051 517 2312 581 mortalis.
2354 533 2475 571 cum
2516 518 2567 570 in
2613 533 2731 572 eam
2764 530 3050 586 utrumque
3079 518 3274 573 cadere
3295 529 3478 586 queat.
3500 520 3610 576 Res

351 596 460 653 οὖν
495 601 889 673 σημαινόμενον
912 601 1348 672 διαστελλόμενος
1377 605 1555 674 φήσει,
1575 625 1593 656 ι
1623 606 1754 678 ὕλης
1785 607 1908 675 ἐκγο

2047 610 2289 664 mortalis
2320 611 2425 663 erit
2455 624 2575 678 quae
2604 625 2710 664 non
2736 610 3016 674 morietur,
3042 611 3254 680 etquod
3281 622 3474 665 natura
3501 629 3605 667 non

349 709 452 745 νον
483 693 635 746 οὐδὲν
669 693 964 760 ἀθάνατον;
1009 716 1026 746 ι
1064 698 1171 749 Καὶ
1196 699 1346 768 ὁρᾷς,
1373 699 1454 750 ὃτι
1485 699 1779 769 πιεζόμενα
1807 702 1905 752 αὐτ

2045 701 2148 754 erit
2195 703 2517 763 immortale,
2550 701 2601 754 id
2650 711 2832 754 tamen
2863 703 3079 772 proprie
3107 702 3412 757 immortale
3445 718 3606 758 voca-

350 786 455 838 καὶ
509 787 905 858 βασανιζόμενα
950 789 1018 842 τά
1072 790 1128 842 ἐν
1179 793 1292 854 τοῖς
1338 790 1627 861 γράμμασι
1676 793 1908 863 νοήματα

2044 794 2212 853 hitur,
2235 795 2361 861 quia
2401 809 2506 846 non
2546 792 2829 846 morietur.
2852 794 2963 860 Qua
2996 795 3162 865 igitur
3189 786 3603 863 signiﬁcatione,

346 876 695 950 διελέγχεται
721 882 819 934 οὐκ
871 882 1226 952 ἐπιδεχόμενα
1253 883 1315 936 τὸ
1351 886 1593 951 γενναῖον
1638 887 1731 938 καὶ
1775 887 1908 938 ἀναν

2044 896 2148 948 qua
2179 880 2529 934 distinctione
2551 882 2690 936 dicet
2711 901 2727 932 ι
2763 884 2893 936 nihil
2920 884 3221 938 immortale
3253 899 3370 939 esse
3413 898 3602 938 eorum

345 969 616 1041 τίρρητον
646 971 776 1042 (28).
813 972 994 1027 Εἰπὼν
1025 974 1082 1027 δὲ
1114 975 1283 1028 ταῦτα
1317 977 1586 1048 ἐπιφέρει,
1609 980 1690 1032 ὅτι
1731 999 1749 1030 ι
1778 978 1907 1034 τοῦδ

2044 985 2165 1040 quae
2214 986 2277 1024 ex
2329 971 2554 1024 materia
2610 972 2775 1027 ﬁunt?
2809 993 2826 1026 ι
2861 976 3035 1044 Atque
3065 992 3128 1029 ex
3169 976 3252 1030 his
3294 976 3440 1029 vides
3467 975 3607 1030 Celsi

350 1061 466 1132 μὲν
498 1064 619 1133 πέρι
666 1065 882 1136 ἀπόχρη
934 1066 1200 1119 τοσαῦτα·
1234 1069 1330 1120 καὶ
1376 1070 1426 1120 εἴ
1471 1086 1554 1132 τις
1612 1072 1703 1124 ἐπὶ
1759 1072 1908 1126 πλεῖο

2040 1064 2338 1119 sententias
2379 1064 2698 1118 accuratiori
2740 1066 2938 1120 trutina
2991 1083 3094 1122 non
3128 1068 3604 1140 examinari,quin

345 1155 580 1210 ἀκούειν
624 1158 838 1212 δύναιτο
882 1162 974 1213 καὶ
1030 1161 1246 1232 ζητεῖν,
1280 1161 1500 1215 εἴσεται.
1524 1183 1541 1213 ι
1581 1163 1804 1234 Ἵδωμεν
1844 1162 1904 1218 οὗ

2040 1155 2518 1224 deprehendantur
2573 1156 2706 1209 nihil
2758 1157 2956 1212 habere
3005 1159 3087 1212 cui
3145 1160 3441 1214 contradici
3499 1175 3605 1214 non

345 1250 524 1320 ἡμεῖς
569 1253 617 1304 oi
659 1253 778 1305 κατ’
806 1254 966 1306 αὐτὸν
1001 1253 1235 1324 ἀνόητοι,
1261 1255 1313 1306 τί
1348 1254 1679 1324 ἠκολούθησε
1712 1255 1788 1326 τῷ
1835 1257 1906 1310 xii

2038 1247 2232 1315 possit.
2266 1248 2358 1302 Sic
2391 1259 2569 1302 tamen
2603 1248 2692 1302 ille
2727 1249 3004 1304 concludit
3039 1269 3053 1304 :
3097 1269 3114 1300 ι
3150 1253 3222 1306 De
3255 1253 3356 1306 hac
3389 1267 3448 1306 re
3476 1253 3608 1306 satis

345 1342 445 1394 ἐπ’
494 1341 670 1411 ὀλίγον
708 1345 853 1413 ἡμᾶς
901 1344 1065 1400 αὑτοῦ
1125 1344 1341 1398 ἀκούειν
1387 1345 1677 1417 δυνηθῆναι
1712 1350 1803 1401 καὶ
1843 1349 1908 1422 ζη

2038 1341 2152 1394 haec
2215 1339 2437 1396 fuerint.
2495 1341 2651 1395 Plura
2708 1343 2845 1397 sciet
2901 1345 2992 1412 qui
3049 1344 3250 1397 diutius
3307 1347 3495 1400 audire
3551 1357 3607 1401 et

343 1439 492 1488 τεῖν,
2039 1435 2312 1504 inquirere
2345 1436 2598 1505 pOtuerit.
2639 1458 2658 1491 ι
2693 1435 2987 1490 Videamus
3018 1439 3181 1508 igitur
3213 1456 3311 1495 nos
3347 1458 3480 1509 quos
3509 1441 3602 1495 ille

2035 1541 2132 1594 pro
2171 1527 2402 1595 stupidis
2429 1527 2612 1595 habet,
2641 1529 2768 1598 quid
2799 1545 2920 1583 eum
2957 1531 3218 1598 tantisper
3246 1533 3513 1590 audiendo
3540 1545 3594 1589 et

2034 1619 2352 1686 inquirendo
2378 1622 2652 1674 consecuti
2687 1621 2965 1675 fuerimus.

2103 1709 2191 1762 6'2.
2219 1707 2528 1779 Sequuntur
2553 1711 2698 1779 apud.
2718 1711 2869 1764 illum
2893 1711 3081 1780 paucul
3103 1733 3112 1763 ι
3134 1712 3199 1765 de
3219 1723 3411 1767 natura
3435 1715 3599 1770 malo-

1957 1781 1998 1836 Β
2031 1819 2146 1857 rum
2169 1805 2484 1872 verba,qu:e
2509 1814 2686 1859 tamen
2713 1804 2957 1859 suﬂicere
2974 1813 3220 1872 putat,ut
3248 1806 3482 1862 celebris
3511 1809 3604 1862 illa

2024 1894 2311 1964 multisque
2334 1905 2386 1950 et
2407 1895 2696 1951 elaboratis
2720 1897 3061 1950 sermonibus
3085 1906 3408 1964 pertractata
3446 1908 3606 1968 atque

2023 1985 2075 2036 in
2099 1985 2273 2040 varias
2293 1997 2473 2054 partes
2497 1987 2695 2056 agitata
2727 1989 2954 2055 quaestio
2987 1987 3140 2040 nobis
3164 1999 3442 2058 peropecta
3473 1991 3602 2043 tiat:

440 1703 598 1773 Ἕξῆς
630 1704 838 1767 τούτοις
869 1705 936 1758 τὰ
968 1704 1053 1758 διὰ
1088 1706 1298 1760 πολλῶν
1331 1707 1425 1760 καὶ
1452 1708 1552 1760 οὐκ
1585 1699 1926 1778 εὐκαταφρο-

343 1797 532 1866 νήτων
569 1796 740 1863 λόγων
773 1797 1027 1859 ποικίλως
1061 1795 1358 1868 ζητηθέντα
1391 1798 1518 1870 περὶ
1551 1799 1765 1868 φύσεως
1824 1818 1922 1852 κα-

343 1887 488 1952 κῶν,
541 1889 634 1940 καὶ
663 1888 930 1960 διαφόρως
964 1890 1381 1962 ἑρμηνευθέντα,
1417 1891 1482 1942 δι’
1515 1889 1706 1958 ὀλίγων
1755 1889 1921 1955 λεξει-

340 1979 480 2032 δίων
512 1980 678 2033 οἴεται
709 1981 962 2035 δύνασθαι
995 1985 1139 2053 ἡμᾶς
1175 1983 1385 2054 μαθεῖν,
1421 1983 1670 2053 φάσκων·
1702 2003 1720 2033 ι
1759 1984 1922 2038 Κακὰ

340 2071 391 2124 δ’
428 2074 486 2125 ὲν
513 2075 624 2136 τοῖς
661 2070 808 2127 οὖσιν
860 2074 981 2126 οὔτε
1025 2075 1275 2147 πρόσθεν,
1313 2075 1434 2129 οὔτε
1467 2075 1580 2140 νῦν,
1612 2075 1734 2128 οὔτε
1765 2073 1920 2141 αὖθις

339 2164 496 2234 ἥττω
550 2167 643 2220 καὶ
703 2167 870 2220 πλείω
924 2167 1117 2235 γένοιτ’
1152 2168 1236 2222 ἄν.
1279 2169 1391 2221 Μία
1418 2169 1591 2241 γὰρὴ
1625 2169 1732 2223 τῶν
1785 2169 1919 2223 ὅλων

338 2256 510 2324 φύσις
542 2258 636 2309 καὶ
663 2259 694 2328 ἠ
723 2259 893 2330 αὐτή·
930 2259 1023 2312 καὶ
1055 2259 1239 2312 κακῶν
1274 2261 1484 2329 γένεσις
1517 2261 1602 2312 ἀεὶ
1633 2263 1664 2330 ή
1703 2262 1863 2332 αὐτή.
1896 2281 1914 2311 ι

340 2350 534 2402 Ἔοικε
566 2349 620 2402 δὲ
653 2353 747 2404 καὶ
767 2349 918 2404 ταῦτ’
951 2351 1058 2404 ἀπὸ
1087 2351 1196 2404 τῶν
1229 2354 1286 2404 ὲν
1319 2351 1396 2423 τῷ
1431 2351 1721 2418 Θεαιτήτῳ
1754 2370 1923 2427 παρα-

335 2441 678 2513 πεφράσθαι,
715 2445 772 2496 ὲν
815 2437 897 2507 οἷς
937 2444 1119 2512 ἔλεγεν
1167 2446 1195 2498 ὁ
1235 2445 1386 2516 παρὰ
1420 2444 1662 2498 Πλάτωνι
1701 2444 1922 2515 Σωκρά-

334 2550 471 2605 της·
505 2554 523 2585 ι
569 2534 707 2588 Ἀλλ’
735 2535 858 2589 οὔτε
889 2536 957 2590 τὰ
989 2536 1135 2590 κακὰ
1169 2538 1275 2608 (29)
1299 2537 1357 2604 ἐξ
1389 2537 1702 2609 ἀνθρώπων
1722 2537 1920 2590 ἀπολέ-

337 2631 470 2680 σθαι
500 2628 738 2692 δυνατὸν,
769 2629 890 2681 οὔτε
914 2629 1067 2701 παρὰ
1087 2630 1228 2694 θεοῖς
1260 2629 1398 2683 αὐτὰ
1434 2629 1698 2702 ίδρύσθαι,
1730 2630 1823 2683 καὶ
1852 2627 1922 2683 τὰ

337 2717 492 2786 ἑξῆς.
536 2737 555 2769 ι
594 2720 703 2772 Καὶ
734 2720 882 2772 δοκεῖ
923 2737 1011 2791 μοι
1045 2721 1180 2793 μηδὲ
1210 2720 1492 2784 Πλάτωνος
1523 2720 1764 2792 ἀκριϐῶς
1785 2721 1922 2793 ἀκη-

333 2809 528 2864 κοέναι
560 2812 587 2863 ό
617 2811 715 2882 τὴν
768 2811 1024 2883 ἀλήθειαν
1077 2813 1561 2885 ἐκπεριλαμϐάνων
1619 2815 1677 2869 ὲν
1721 2812 1798 2885 τῷ
1841 2815 1922 2869 ἑνὶ

331 2900 515 2972 τούτῳ
546 2903 957 2975 συγγράμματι,
994 2907 1086 2959 καὶ
1136 2906 1460 2978 ἐπιγράφων
1505 2905 1703 2976 ἀληθῆ
1733 2908 1922 2977 λόγον

330 2993 396 3046 τὸ
430 2993 550 3049 καθ’
584 2994 741 3067 ἡμῶν
772 2995 964 3050 ἑαυτοῦ
1001 2997 1223 3067 βιϐλίον.
1271 2998 1333 3050 Ἡ
1366 2997 1472 3071 γὰρ
1504 2999 1562 3051 ὲν
1593 2998 1670 3070 τῷ
1709 2999 1920 3068 Τιμαίῳ

331 3087 483 3156 λέξις
516 3090 815 3160 φάσκουσα,
845 3110 863 3140 ι
891 3092 1018 3144 ὅταν
1048 3090 1094 3143 δ’
1122 3093 1168 3143 οἱ
1203 3089 1313 3143 θεοὶ
1346 3089 1454 3163 (50)
1485 3089 1582 3162 τὴν
1621 3090 1725 3161 γῆν
1765 3088 1916 3144 ὕδατι
1944 3121 1985 3178 C

329 3182 658 3254 καθαίρωσι,
701 3203 720 3236 ›
746 3183 1060 3255 δεδήλωκεν,
1110 3185 1191 3236 ὅτι
1225 3182 1596 3255 καθαιρομένη
1636 3184 1670 3254 ἡ
1703 3182 1775 3253 γῆ
1800 3185 1914 3246 τοῖς

335 3273 527 3328 ὕδασιν
574 3275 770 3344 ἥττονα
816 3275 930 3346 ἔχει
960 3275 1028 3329 τὰ
1055 3277 1220 3339 κακὰ,
1247 3275 1400 3348 παρά
1429 3275 1520 3329 τὸν
1555 3274 1661 3346 πρὸ
1693 3273 1787 3328 τοῦ
1821 3291 1918 3328 και

334 3366 620 3438 θαίρεσθαι
654 3369 861 3439 χρόνον.
893 3370 1001 3422 Καὶ
1032 3368 1190 3421 τοῦτό
1228 3386 1406 3440 φαμεν
1445 3367 1584 3421 κατὰ
1629 3367 1912 3431 Πλάτωνα,

328 3458 397 3511 τὺ
425 3458 622 3529 ἥττονα
661 3456 797 3512 εἷναί
830 3477 959 3514 ποτε
1004 3460 1074 3513 τὰ
1105 3460 1271 3523 κακὰ,
1305 3461 1392 3514 διὰ
1417 3461 1514 3533 τὴν
1556 3464 1612 3514 ὲν
1642 3461 1722 3532 τῷ
1757 3464 1917 3515 Θεαι-

327 3549 491 3617 τήτῳ
538 3549 700 3616 λέξιν,
737 3553 1050 3621 φάσκουσαν
1110 3553 1184 3624 μὴ
1236 3552 1489 3606 δύνασθαι
1523 3552 1816 3607 ἀπολέσθαι
1854 3552 1914 3618 ἐξ

325 3642 634 3716 ἀνθρώπων
661 3645 731 3699 τὰ
761 3645 928 3700 κακά.

400 3819 516 3873 Οὐκ
546 3815 662 3874 οῖδα
691 3821 748 3874 δὲ
777 3821 896 3874 τίνα
925 3821 1123 3894 τρόπον
1147 3823 1407 3895 Πρόνοιαν
1426 3825 1612 3890 τιθεὶς,
1657 3825 1780 3879 ὅσον
1821 3822 1914 3878 ἐπὶ

323 3915 450 3977 ταῖς
483 3912 657 3977 λέξεσι
715 3911 810 3965 τοῦ
862 3913 1064 3982 βιϐλίου
1110 3917 1324 3980 τούτου,
1364 3916 1488 3970 οὔτε
1530 3917 1748 3970 πλείονα
1800 3908 1913 3971 οὔτ’

322 4003 734 4068 ἐλάττονα,ἀλλ’
766 4007 928 4058 οἱονεὶ
967 4005 1246 4078 ὡρισμένα
1281 4009 1444 4080 φησὶν
1475 4001 1612 4064 εἶναι
1639 4009 1709 4063 τὰ
1743 4008 1909 4076 κακὰ,

324 4094 571 4165 ἀναιρῶν
623 4095 800 4166 δόγμα
833 4097 1116 4152 κάλλιστον
1169 4101 1297 4171 περὶ
1353 4100 1446 4152 τοῦ
1479 4102 1724 4172 ἀόριστον
1775 4098 1911 4156 εἶναι

322 4189 427 4260 τὴν
449 4188 665 4252 κακίαν,
689 4190 868 4242 καὶτὰ
889 4191 1054 4255 κακὰ,
1071 4192 1164 4244 καὶ
1178 4191 1254 4262 τῷ
1275 4193 1388 4263 ἰδίῳ
1403 4192 1546 4263 λόγῳ
1561 4193 1778 4264 ἄπειρα.
1801 4196 1910 4247 Καὶ¹

326 4282 472 4334 ἔοικε
497 4281 608 4353 (51)
630 4281 708 4352 τῷ
727 4283 864 4352 μήτε
880 4281 1027 4352 ἥττω
1053 4286 1186 4355 μήτε
1206 4285 1424 4338 πλείονα
1443 4285 1587 4339 κακὰ
1608 4286 1906 4354 γεγονέναι,

324 4373 359 4445 ἢ
401 4369 540 4426 εἷναι
609 4372 642 4443 ἢ
701 4373 940 4436 ἔσεσθαι,
989 4375 1318 4442 ἀκολουθεῖν,
1362 4378 1465 4442 ὅτι,
1523 4377 1712 4449 ῶσπερ
1765 4378 1905 4433 κατά

2028 2093 2046 2122 ι
2098 2071 2282 2142 Neque
2332 2082 2488 2130 antea
2520 2075 2760 2142 fuerunt,
2795 2077 2989 2146 inquit,
3017 2091 3190 2144 neque
3238 2094 3384 2134 nuttc
3450 2092 3599 2146 sunt,

2022 2177 2195 2232 neque
2219 2165 2271 2217 in
2294 2174 2565 2233 posterum
2587 2166 2842 2236 pauciora
2869 2169 3155 2236 pluravein
3175 2171 3372 2225 mundo
3417 2170 3598 2225 futura

2021 2264 2148 2310 sunt
2176 2258 2335 2310 mala.
2372 2257 2486 2312 Una
2524 2268 2607 2312 est
2639 2260 2782 2312 enim
2821 2261 2983 2330 hujus
3032 2262 3269 2316 universi
3307 2272 3502 2316 natura
3541 2274 3600 2318 et

2020 2348 2206 2403 eadem
2227 2364 2242 2415 ;
2276 2350 2460 2404 eadem
2480 2366 2691 2420 quoque
2711 2366 2925 2422 semper
2947 2352 3212 2408 malorum
3236 2355 3534 2424 generatio.
3566 2376 3585 2407 ι

2021 2439 2088 2495 Ει
2130 2443 2242 2497 haac
2281 2457 2346 2496 ex
2385 2442 2641 2497 Tltewteto
2681 2445 2894 2498 videtur
2924 2444 3279 2514 explicatiora
3328 2445 3433 2499 huc
3479 2455 3594 2498 tra—

2022 2533 2262 2589 duxisse.
2293 2533 2369 2588 lbi
2417 2535 2562 2588 enim
2599 2534 2759 2589 Plato
2791 2535 3072 2590 Socratem
3117 2536 3246 2590 facit
3283 2536 3592 2592 dicentem:

2029 2642 2048 2674 ι
2082 2623 2268 2694 Neque
2299 2634 2359 2678 ut
2387 2639 2450 2678 ex
2477 2625 2788 2680 hominibus
2812 2623 3067 2679 tollantur
3095 2627 3234 2680 mala
3262 2625 3377 2680 ﬁeri
3395 2635 3591 2694 potest,

2029 2732 2206 2788 neque
2228 2725 2287 2771 ut
2318 2717 2458 2786 apud
2496 2721 2625 2772 deos
2644 2717 2904 2771 haereant.
2932 2736 2950 2769 ›
2973 2716 3079 2772 Sed
3110 2731 3284 2786 neque
3307 2716 3588 2772 Platonem

2021 2811 2160 2866 satis
2212 2808 2550 2864 intellexisse
2596 2807 2806 2862 videtur
2835 2807 2999 2862 homo
3030 2807 3141 2875 ille,
3169 2810 3260 2878 qui
3304 2809 3590 2864 veritatem

2023 2904 2123 2957 hoc
2179 2919 2286 2958 uno
2335 2902 2536 2971 scripto
2592 2899 2928 2970 complexum
2985 2914 3107 2955 esse
3166 2916 3224 2956 se
3297 2901 3589 2972 gloriatur,

2022 2993 2365 3065 libellumque
2411 3002 2595 3048 contra
2656 3007 2753 3047 nos
2817 2993 3172 3062 compositum
3258 3009 3432 3046 verum
3479 3010 3590 3047 ser-

2021 3103 2223 3141 manem
2331 3084 2628 3156 inscripsit.
2704 3083 2840 3138 Nam
2941 3083 3059 3138 haec
3147 3083 3330 3138 Timaei
3403 3086 3586 3152 verba,

2023 3196 2043 3228 ι
2084 3177 2299 3247 quando
2351 3177 2426 3230 dii
2484 3185 2682 3230 terram
2727 3176 2881 3245 aquis
2908 3183 3160 3246 purgant,
3193 3194 3213 3228 ι
3242 3175 3460 3245 planum
3498 3176 3585 3230 fa-

2015 3267 2184 3333 ciunt,
2215 3267 2268 3320 in
2299 3276 2442 3322 terra
2493 3265 2574 3321 sic
2631 3267 2786 3335 aquis
2841 3275 3072 3334 purgata
3144 3266 3400 3336 pauciora
3443 3266 3584 3320 mala

2017 3373 2159 3424 esse,
2200 3373 2364 3427 quam
2435 3366 2727 3426 antequam
2798 3366 3144 3426 purgaretur.
3205 3357 3344 3412 Mala
3407 3352 3606 3413 autem

2015 3455 2274 3523 pauciora
2315 3461 2444 3506 tunc
2475 3466 2594 3505 esse
2623 3452 2771 3518 dico,
2798 3461 2858 3504 ut
2899 3466 2985 3506 me
3027 3456 3307 3507 sententiae
3345 3452 3586 3508 Platonis

2016 3543 2444 3599 accommodem.
2495 3541 2636 3596 Nam
2682 3559 2748 3598 ex
2785 3543 2953 3598 citato
2999 3543 3243 3597 ΤΙιειειειί
3292 3543 3412 3598 loco
3457 3561 3583 3600 sen-

2015 3639 2152 3693 sisse
2199 3636 2416 3690 videtur
2444 3634 2554 3703 ille,
2585 3636 2724 3688 mala
2767 3648 2832 3688 ex
2862 3634 3175 3689 hominibus
3216 3637 3439 3690 omnino
3467 3638 3582 3692 tolli

2017 3745 2121 3783 non
2153 3740 2332 3798 posse.

2084 3819 2173 3872 65.
2205 3817 2473 3872 Caeterum
2524 3830 2632 3870 non
2685 3816 2839 3871 video
2884 3819 3154 3887 quomodo
3200 3817 3412 3884 Celsus,
3464 3821 3578 3888 qui,

2016 3922 2180 3982 prout
2235 3919 2434 3964 sonant
2499 3909 2658 3977 hujus
2708 3909 2872 3992 libelli
2942 3912 3130 3976 verba,
3179 3910 3579 3966 Providentiam

2014 4004 2270 4070 admittit,
2297 4003 2442 4058 dicat
2503 4017 2679 4074 neque
2728 4003 2884 4073 plura
2937 4018 3111 4072 neque
3155 4003 3411 4073 pauciora
3451 4019 3577 4074 (esse

2016 4100 2176 4164 mala,
2225 4110 2280 4154 et
2329 4113 2546 4170 semper
2590 4097 2746 4167 quasi
2798 4096 3019 4151 deﬁnito
3069 4101 3302 4166 quodam
3355 4112 3580 4151 numero

2011 4207 2153 4247 esse.
2183 4191 2275 4247 Sic
2309 4193 2451 4246 enim
2503 4190 2708 4245 tollitur
2750 4190 3176 4260 pulcherrimum
3223 4190 3326 4244 hoc
3359 4191 3578 4260 dogma,

2014 4284 2303 4352 nequitiam
2355 4299 2460 4338 non
2509 4296 2630 4336 esse
2675 4282 2976 4347 detinitatn,
3033 4295 3126 4336 seu
3176 4281 3316 4334 mala
3385 4291 3577 4351 suapte

2015 4385 2208 4428 natura
2252 4389 2372 4428 esse
2427 4373 2657 4427 inﬁnita.
2699 4372 2809 4425 lmo
2841 4388 2908 4426 ex
2940 4373 3042 4426 hac
3071 4372 3358 4437 sententia,
3403 4389 3578 4444 neque

322 4468 454 4531 τοὺς
496 4465 768 4539 ἄφθαρτον
812 4468 903 4521 τὸν
949 4469 1150 4540 κόσμον
1181 4469 1478 4542 τηροῦντας
1503 4471 1565 4523 τὸ
1600 4473 1902 4527 ἰσοστάσιον

2016 4468 2192 4532 luisse,
2224 4481 2398 4536 neque
2431 4479 2581 4531 esse,
2611 4481 2786 4533 neque
2815 4464 2998 4520 futura
3026 4480 3148 4521 esse
3181 4467 3434 4536 pauciora
3461 4468 3576 4535 plu-

322 4559 436 4612 τῶν
494 4560 770 4631 στοιχείων
815 4561 923 4614 ἀπὸ
953 4562 1052 4632 τῆς
1101 4561 1364 4633 Προνοίας
1395 4565 1626 4632 γίνεται,
1661 4567 1759 4621 οὐκ
1780 4568 1900 4620 ὲπι-

323 4652 632 4724 τρεπούσης
667 4653 1006 4707 πλεονεκτεῖν
1038 4654 1103 4707 τὸ
1146 4654 1203 4707 ἓν
1251 4656 1448 4721 αὐτῶν,
1492 4657 1578 4711 ἵνα
1613 4657 1687 4730 μὴ
1728 4659 1759 4712 ό
1807 4660 1899 4712 κό-

329 4759 465 4811 σμος
525 4743 730 4815 φθαρῇ·
783 4742 955 4806 οὕτως
1015 4746 1174 4799 οίονεὶ
1205 4746 1436 4818 Πρόνοιά
1492 4764 1575 4811 τις
1630 4749 1896 4820 ἐφέστηκε

326 4835 440 4897 τοῖς
471 4838 676 4899 κακοῖς,
706 4835 942 4889 τοσοῖσδε
977 4837 1355 4908 τυγχάνουσιν,
1385 4839 1471 4892 ἵνα
1503 4842 1638 4913 μήτε
1672 4843 1894 4897 πλείονα

327 4922 550 4995 γένηται
583 4929 716 4998 μήτε
748 4930 963 5000 ¹ἥττονα.
994 4932 1104 4985 Καὶ
1134 4933 1306 4997 ἄλλως
1337 4932 1381 4986 δ’
1414 4935 1691 5005 ἐλέγχεται
1726 4937 1754 4988 ὁ
1797 4937 1892 4990 τοῦ

327 5014 540 5067 Κέλσου
587 5021 712 5089 περὶ
756 5021 862 5074 τῶν
907 5021 1091 5075 κακῶν
1140 5023 1295 5092 λόγος
1323 5026 1430 5078 ἀπὸ
1460 5025 1567 5079 τῶν
1607 5026 1893 5092 ὲξετασὰν-

326 5123 434 5160 των
475 5107 774 5178 φιλοσόφων
796 5113 905 5182 (52)
927 5113 994 5166 τὰ
1026 5117 1151 5186 περὶ
1183 5117 1398 5185 ἀγαθῶν
1433 5119 1524 5171 καὶ
1558 5119 1763 5182 κακῶν,
1798 5120 1892 5173 καὶ

397 5297 508 5371 (28)
545 5298 614 5352 Τύ
667 5299 943 5371 γενναῖον
995 5301 1092 5353 καὶ
1145 5303 1592 5371 ἁναντῷρητον.
1624 5303 1716 5357 Sic
1752 5319 1880 5360 mss.

326 5367 634 5445 Librijero
686 5371 835 5445 editi,
873 5369 933 5422 τὸ
965 5371 1253 5445 ἀναγκαῖον
1281 5367 1523 5445 γενναῖον
1555 5373 1884 5445 ἀναντίρρη-

323 5456 434 5493 τον.
472 5440 669 5512 Guieto
709 5441 1253 5512 tnihiqueglosetna
1291 5444 1518 5506 videtur,
1565 5440 1879 5512 ἀναγκαῖον,

324 5513 464 5578 quod
500 5513 550 5565 in
589 5511 748 5564 editis
775 5511 1068 5564 includitur
1093 5513 1384 5565 unciuulis.

392 5581 502 5651 (‘29)
543 5582 693 5635 Ἀλλ’
733 5581 871 5634 οὔτε
892 5581 963 5651 τὰ
987 5580 1165 5644 κακά,
1193 5591 1296 5636 etc.
1323 5582 1474 5637 Plato
1507 5589 1557 5639 itt
1593 5582 1882 5651 Tltet'rleto,

325 5649 445 5720 patr.
483 5649 585 5705 176
627 5671 641 5706 ;
684 5651 822 5706 Ἀλλ’
857 5649 969 5704 οὔτ’
1003 5651 1293 5706 ἀπολέσθαι
1333 5654 1402 5707 τὰ
1456 5653 1600 5709 κακὰ
1639 5649 1881 5720 δυνατὸν,

322 5719 368 5796 ὦ
395 5721 651 5796 βεόὸωρες
683 5723 995 5796 υπεναντίον
1029 5723 1135 5796 γάρ
1177 5741 1230 5796 τι
1263 5724 1348 5796 τῷ
1388 5725 1576 5796 ἀγαθῷ
1618 5726 1705 5796 ἀεῖ
1748 5719 1886 5779 εἶναι

324 5777 706 5864 ἀνάγκη-ὀὒτ’
735 5795 792 5846 ὲν
821 5793 962 5858 θεοῖς
990 5777 1127 5847 αὗτά
1161 5777 1402 5866 ίδρύσθαι
1424 5777 1448 5829 θ’

637 5887 906 5952 Ρλτιιοι.
953 5890 1068 5952 Gtt.
1115 5891 1226 5969 XI.

2006 4573 2136 4614 rave
2182 4557 2344 4624 mala,
2393 4573 2738 4628 consequens
2769 4572 2890 4613 esse
2926 4558 3158 4616 videtur.
3202 4567 3285 4624 ut,
3317 4563 3575 4628 quemad'

2006 4652 2223 4706 modmn
2243 4651 2611 4717 Providentia,
2632 4651 2927 4706 secundum
2947 4652 3372 4722 incorruptibilis
3391 4655 3574 4709 mundi

2007 4745 2340 4811 defensores,
2369 4743 2635 4800 elementa
2688 4747 2883 4799 retinet
2910 4747 3063 4816 quasi
3101 4749 3321 4818 paribus
3367 4751 3574 4803 exami-

2003 4851 2128 4893 nata
2176 4837 2524 4908 ponderibus,
2551 4853 2650 4894 nec
2697 4839 2830 4892 sinit
2876 4854 3041 4893 unum
3069 4840 3234 4896 exiis
3279 4843 3573 4911 praevalere

2002 4947 2068 4988 ne
2119 4932 2352 4987 mundus
2395 4939 2615 4999 pereat;
2672 4932 2751 4986 sic
2801 4931 2964 4986 etiam
3021 4934 3264 5002 quasdam
3319 4945 3375 4989 et
3408 4936 3572 4990 ntalis

2000 5044 2120 5097 qua:
2149 5037 2432 5101 tantopere
2479 5031 2761 5085 abundant
2808 5031 3152 5088 Providentia
3206 5035 3404 5104 praesit,
3449 5049 3572 5102 qua:

2001 5120 2223 5190 impedit
2249 5122 2538 5190 quominus
2584 5132 2792 5178 crescat
2835 5123 2996 5196 552
3034 5135 3128 5180 aut
3165 5127 3448 5181 decrescat
3479 5142 3572 5180 eo-

1989 5304 2268 5383 φύσῃ-καὶ
2295 5307 2441 5361 τόνδε
2471 5309 2559 5383 τὸν
2590 5309 2752 5362 τόπον
2787 5310 3153 5383 περιπολεῖέξ
3191 5311 3453 5383 ἀνάγκης.

2061 5377 2170 5446 (50)
2229 5378 2410 5431 Ὅταν
2463 5379 2514 5432 δ’
2575 5386 2626 5434 οἱ
2684 5383 2824 5447 θεοί,
2860 5377 2984 5435 ἐιο.
3033 5381 3188 5433 Plato
3237 5377 3315 5432 in?
3348 5377 3566 5444 Tima'o,

1987 5449 2231 5516 pag.2‘2:
2268 5449 2431 5524 Ὅταν
2459 5451 2503 5503 δ’
2533 5449 2598 5504 αὖ
2623 5451 2672 5504 οἱ
2692 5452 2937 5524 θεοιτὴν
2967 5451 3069 5521 γὴν
3099 5449 3570 5524 ὕδασιᾲκαθαίρον-

1986 5535 2078 5580 τες
2129 5519 2560 5585 κατακλύζωσιν,
2615 5535 2718 5575 etc.
2791 5519 2986 5574 Ibidem
3027 5519 3200 5574 'codd.
3261 5519 3466 5582 Regius
3512 5537 3565 5576 et

1989 5587 2640 5662 Bﬂbjl_t:el_tsis,6:61’;itomsv
2671 5593 2772 5645 ὅτι.
2802 5590 2952 5643 Libb.
2975 5590 3432 5662 οιΙίιί,δεδήλωται
3461 5595 3562 5649 ὅτι.

2059 5659 2169 5728 (5i)
2203 5659 2482 5713 Bohercllo
2513 5662 2856 5715 scribendum
2893 5663 3124 5727 videtur,
3161 5659 3359 5715 καίτοι
3392 5663 3560 5722 ἔοικε.

1996 5728 2169 5852 σόβὶ)
2197 5731 2566 5802 Φιλοσόφων.
2598 5731 2687 5788 Sic
2716 5745 2846 5786 mss.
2870 5730 3016 5786 Libri
3048 5746 3178 5789 vero
3204 5735 3362 5802 edit.,
3416 5736 3564 5806 φιλο-

2060 5816 2191 5852 σως.

2060 5816 2174 5868 φως
2178 5838 2191 5853 ο

3173 5898 3252 5963 36
