3986 6164
492 270 622 326 illi!

1896 263 2214 320 ORIGENIS

3572 277 3760 331 “5?.

492 411 610 448 rum
661 406 932 446 numerus.
963 389 1055 445 Est
1081 398 1133 443 ει
1162 389 1264 442 a‘lia
1303 387 1603 441 refellenda:
1628 388 1764 441 Celsi
1795 389 1859 442 de
1893 390 2035 443 malis

2147 389 2613 459 παραστησάντων
2661 393 2751 443 καὶ
2781 392 2888 444 ἀπὸ
2933 393 3029 463 τῆς
3074 393 3330 464 ἱστορίας,
3372 396 3454 446 ὅτι
3503 398 3760 468 πρῶτον

490 485 761 554 opinionis
805 484 890 536 via
941 496 1100 550 quam
1151 479 1304 533 nobis
1342 479 1644 548 philosophi
1672 481 2036 549 suppeditant.

491 577 556 630 lli
607 577 747 630 enim
803 575 944 627 illam
978 575 1044 627 de
1075 571 1225 627 bonis
1266 583 1318 624 et
1348 571 1500 625 malis
1531 573 1881 641 quazstiouem
1915 588 2040 626 ver-

490 667 979 729 santes,historicis
1014 665 1372 718 monumentis
1404 667 1699 738 probarunt
1731 666 2042 720 meretrices

489 763 922 830 prmtereuntinm
959 759 1218 813 voluntati
1251 760 1608 828 morigeratas
1635 773 1777 822 esse,
1802 759 2033 826 primum

489 855 702 923 quidem
731 863 880 907 extra
914 855 1090 912 urbes.
1111 861 1162 906 et
1189 861 1528 920 personatas;
1565 851 1755 905 deinde
1777 861 1927 906 extra
1952 867 2041 904 ur-

490 945 586 1000 bcs
631 946 846 1013 quidem
872 946 1151 1007 mansisse,
1185 945 1308 1012 quia
1347 943 1550 1013 ingredi
1588 943 1729 1012 leges
1771 951 2036 1007 vetarent,

487 1039 582 1092 sed
609 1039 767 1091 larvis
782 1050 835 1092 et
866 1037 1068 1107 pudore
1085 1038 1369 1106 depositis;
1405 1038 1646 1104 t:mdem,
1673 1047 1954 1092 crescente
1986 1038 2037 1090 iu

485 1130 604 1184 dies
630 1131 1032 1199 depravatione,
1063 1143 1222 1183 ausas
1249 1144 1366 1182 esse
1394 1129 1444 1180 in
1477 1129 1636 1183 urbes
1667 1127 2040 1197 ingredi.H:ec

486 1225 562 1275 ait
584 1222 908 1293 Chrysippus
935 1230 1166 1275 tractatu
1193 1220 1263 1274 De
1286 1220 1431 1274 bonis
1453 1232 1500 1274 et
1520 1221 1694 1275 malis.
1721 1221 1820 1275 Ubi
1850 1221 2035 1284 etiam,

486 1316 538 1370 id
592 1315 732 1384 quod
782 1322 1102 1386 argumento
1137 1323 1219 1368 est
1273 1313 1414 1366 mala
1459 1328 1709 1368 crescere
1749 1323 1804 1367 et
1846 1314 2036 1378 minui,

482 1408 669 1460 videre
710 1406 834 1460 licet
881 1405 1142 1474 quosdam
1205 1402 1370 1458 fuisse
1399 1405 1550 1469 olim,
1582 1405 1851 1474 ambiguos
1882 1420 2039 1458 voca-

481 1497 638 1558 bant,
677 1496 767 1564 qui
810 1495 1058 1563 patiendo
1088 1503 1180 1547 aut
1215 1492 1496 1547 inferendo
1534 1504 1722 1563 stupro
1756 1509 1854 1563 pro
1877 1508 2037 1548 acce-

483 1591 722 1643 dentium
772 1587 992 1642 libidine
1043 1586 1341 1652 servirent;
1368 1602 1502 1655 quos
1527 1598 1708 1655 postea
1733 1587 1914 1641 aadiles
1946 1602 2039 1642 ex-

411 1707 414 1710 -
485 1681 863 1741 terminarunt.
915 1678 1180 1735 Sexcenta
1221 1690 1347 1732 sunt
1393 1679 1530 1732 mala
1591 1695 1709 1743 qua:
1763 1681 1814 1733 in
1869 1681 2036 1734 vitam

2147 479 2243 550 μὲν
2267 480 2368 545 ἔξω
2397 481 2600 545 πόλεως
2623 483 2716 534 καὶ
2746 487 3059 554 προσωπεῖα
3084 485 3458 556 περικείμεναι
3480 489 3534 539 αἱ
3567 491 3758 542 ἑταῖ-

2143 589 2234 642 ραι
2284 572 2598 641 ἐξεμίσθουν
2646 573 2840 637 ἑαυτὰς
2883 577 2992 636 τοῖς
3037 574 3408 646 βουλομένοις’
3437 574 3532 630 εἶθ’
3561 579 3761 633 ὕστε-

2144 682 2235 735 ρον
2288 667 2763 737 καταφρονήσασαι
2818 666 3079 720 ἀπέθεντο
3121 667 3187 722 τὰ
3232 673 3563 740 προσωπεῖα,
3619 673 3757 724 καὶ

2142 758 2246 810 ὑπὸ
2292 757 2396 810 τῶν
2444 758 2621 826 νέμων
2661 758 2733 829 μὴ
2781 759 3204 830 ἐπιτρεπόμεναι
3245 761 3468 815 εἰσιέναι
3508 765 3585 826 εἰς
3615 763 3758 827 τὰς

2142 849 2342 914 πόλεις,
2379 849 2483 914 ἔξω
2503 846 2642 920 ἦσαν
2671 851 2847 903 αὐτῶν
2867 868 2879 880 ·
2919 852 3158 915 πλείονος
3187 851 3244 904 δέ
3271 853 3367 923 τῆς
3389 854 3537 907 διαστ
3549 856 3768 930 ροφῆςῖ

2142 944 2428 1014 γινομένης
2478 944 2768 1016 ὁσημέραι,
2815 944 3115 1014 ἐτόλμησαν
3146 944 3238 996 καὶ
3281 947 3361 1008 είς
3392 946 3492 1010 τὰς
3530 948 3756 1011 πόλεις

2141 1035 2413 1088 εἰσελθεῖν.
2472 1035 2656 1088 Ταῦτα
2704 1035 2760 1088 δὲ
2805 1036 3123 1107 Χρύσιππός
3171 1053 3332 1107 φησιν
3373 1039 3430 1090 ἐν
3475 1042 3542 1110 τῇ
3576 1039 3753 1107 Περὶ

2141 1123 2374 1193 ἀγαθῶν
2416 1123 2513 1176 καὶ
2561 1124 2762 1178 κακῶν
2790 1126 3080 1196 Εἰσαγωγῇ
3109 1126 3239 1196 (55).
3279 1125 3462 1190 Ὅθεν,
3503 1128 3580 1190 ὡς
3608 1127 3754 1180 τῶν

2140 1216 2325 1270 κακῶν
2354 1215 2608 1270 πλειόνων
2645 1218 2737 1270 καὶ
2760 1217 2994 1290 ἡττόνων
3023 1219 3340 1288 γινομένων,
3366 1219 3483 1272 ἔστι
3508 1220 3750 1284 λαϐεῖν,

2140 1309 2220 1363 ὄτι
2246 1310 2293 1361 οἱ
2321 1310 2640 1380 καλούμενοι
2657 1312 2968 1380 ἀμφίϐολοι
2986 1306 3125 1382 ἦσάν
3145 1328 3273 1364 ποτε
3295 1315 3747 1384 προεστηκότες,

2141 1403 2436 1472 πάσχοντες
2467 1403 2560 1456 καὶ
2585 1403 2928 1467 διατιθέντες,
2953 1404 3044 1456 καὶ
3077 1407 3194 1469 ταῖς
3241 1405 3558 1476 ἐπιθυμίαις
3611 1407 3748 1458 τῶν

2140 1495 2411 1548 εἰσιόντων
2453 1494 2811 1559 δουλεύοντες.
2868 1496 3129 1568 ’Ὕστερον
3186 1497 3242 1550 δὲ
3284 1499 3330 1550 οἱ
3382 1499 3745 1570 ἀγορανόμοι

2137 1585 2355 1648 τούτους
2408 1585 2633 1651 ἐξῶσαν.
2668 1588 2776 1640 Καὶ
2830 1587 2955 1657 περὶ
3009 1587 3216 1658 μυρίων
3261 1587 3305 1640 δ’
3355 1589 3421 1642 ἂν
3457 1589 3563 1642 τῶν
3610 1591 3747 1643 ἀπὸ

2139 1677 2441 1748 κεχυμένης
2461 1677 2558 1746 τῆς
2590 1677 2784 1739 κακίας
2815 1676 3229 1731 ἐπεισελθόντων
3259 1678 3335 1750 τῷ
3365 1679 3465 1750 βίῳ
3491 1681 3604 1735 τῶν
3629 1683 3742 1734 ἁν-

485 1771 759 1823 hominum
810 1773 1029 1839 profusa
1073 1771 1282 1824 induxit
1312 1771 1536 1835 malitia,
1574 1771 1640 1826 de
1687 1771 1882 1839 quibus
1933 1774 2035 1826 dici

2140 1767 2369 1840 θρώπων
2425 1767 2567 1822 ἔστιν
2619 1771 2807 1830 εἰπεῖν,
2831 1769 2912 1822 ὃτι
2957 1769 3216 1842 πρότερον
3243 1771 3357 1824 ούκ⁹
3377 1767 3463 1842 ἦν.
3494 1775 3558 1825 Αἱ
3585 1773 3740 1840 γοῦν

481 1871 741 1930 potestea
782 1861 931 1928 prius
972 1877 1075 1914 non
1113 1860 1299 1916 fuisse.
1338 1864 1506 1930 Atque
1541 1862 1703 1915 etiam
1733 1863 2042 1917 vetustissi-

482 1967 584 2006 mae
623 1953 880 2018 historiae,
919 1968 1225 2023 quanquam
1263 1953 1545 2007 iumuuera
1583 1964 1811 2006 narrant
1865 1954 2038 2007 deliu-

481 2047 760 2116 quentium
817 2047 1044 2110 scelera,
1087 2047 1245 2101 silent
1297 2047 1362 2100 de
1418 2046 1524 2101 illis
1577 2047 1667 2117 qui
1707 2062 1764 2102 se
1807 2046 2040 2102 infandis

481 2139 847 2207 voluptatibus
875 2140 1156 2192 ministros
1189 2139 1448 2207 praebent.

553 2229 643 2282 64.
674 2229 802 2294 Qum
835 2229 1046 2299 aliaque
1072 2230 1264 2283 similia
1291 2246 1414 2285 cum
1445 2231 1516 2286 ita
1544 2230 1669 2297 sint,
1699 2247 1876 2287 nonne
1913 2249 2035 2302 per-

477 2317 744 2372 ridiculos
776 2330 857 2374 εεῑ
895 2319 1102 2382 Celsus,
1141 2335 1263 2374 cum
1309 2331 1469 2392 negat
1511 2324 1764 2392 pauciora
1801 2341 2035 2394 unquam

477 2422 568 2464 aut
623 2411 773 2480 plura
831 2426 952 2466 esse
1001 2410 1314 2466 mala?Etsi
1369 2412 1509 2466 enim
1551 2428 1654 2468 una
1711 2416 1781 2470 sit
1835 2425 1886 2469 et
1941 2431 2036 2469 ea-

468 2504 597 2556 dem
633 2504 789 2573 hujus
847 2504 1090 2557 universi
1132 2512 1351 2567 natura,
1387 2521 1491 2559 non
1539 2509 1794 2560 continuo
1850 2507 2038 2560 eadem

475 2610 686 2663 semper
714 2604 799 2649 est
828 2595 1084 2650 malorum
1116 2599 1410 2666 generatio.
1450 2596 1584 2651 Nam
1620 2607 1675 2652 ut
1715 2598 1787 2654 sit
1811 2600 1914 2652 una
1943 2613 2037 2652 cu-

469 2687 667 2755 jusque
725 2688 960 2743 hominis
999 2697 1218 2753 natura,
1249 2706 1354 2744 non
1391 2701 1569 2746 tamen
1603 2692 1790 2745 eadem
1824 2707 2040 2762 semper

474 2792 534 2831 se
596 2779 800 2832 ratione
855 2778 1059 2834 habent
1114 2795 1288 2848 mens,
1345 2784 1518 2847 ratio,
1579 2783 1840 2839 actiones.
1882 2782 2038 2837 Modo

473 2885 708 2938 namque
741 2872 978 2924 nondum
1015 2872 1238 2926 rationis
1264 2889 1418 2927 usum
1446 2882 1727 2929 assecutus
1750 2884 1852 2940 est,
1879 2875 2038 2930 modo

472 2976 596 3012 cum
651 2963 860 3015 ratione
909 2963 1112 3017 malitia
1162 2964 1529 3033 conjungitur,
1573 2966 1792 3036 haecque
1835 2968 2034 3022 malitia

472 3053 634 3104 modo
685 3052 854 3120 major
901 3065 1006 3114 est,
1059 3057 1216 3109 modo
1266 3057 1474 3120 minor;
1521 3057 1809 3126 aliquando
1847 3060 2031 3113 virtuti

474 3141 673 3208 studet,
719 3142 773 3194 in
822 3158 995 3212 eaque
1043 3145 1213 3215 magis
1268 3148 1357 3198 vel
1407 3147 1582 3201 minus
1632 3150 1874 3216 prolicit;
1936 3149 2035 3203 ali-

473 3234 690 3302 quando
741 3235 805 3287 ad
845 3251 1116 3290 summam
1176 3241 1438 3306 pervenit,
1477 3243 1568 3295 sed
1623 3245 2034 3313 contemplatio-

474 3330 634 3386 nibus
685 3336 844 3387 modo
878 3334 1147 3404 pluribus,
1189 3339 1351 3390 modo
1396 3340 1763 3407 paucioribus.
1799 3344 1854 3396 ld
1891 3345 2034 3398 simi-

471 3424 596 3477 liter
643 3432 698 3478 et
737 3425 908 3479 multo
956 3427 1130 3496 magis
1167 3428 1449 3485 dicendqu
1500 3440 1582 3486 εει
1624 3433 1690 3488 de
1722 3435 1879 3504 hujus
1915 3441 2033 3492 uni—

472 3517 615 3572 versi
668 3527 878 3583 uatura,
913 3520 966 3573 in
1000 3535 1132 3589 quo,
1171 3524 1420 3592 quamvis
1463 3541 1564 3578 una
1609 3527 1726 3598 ejus
1758 3538 1812 3583 et
1843 3531 2030 3585 eadem

471 3611 768 3666 universim
803 3621 996 3666 natura
1031 3615 1120 3678 sit,
1159 3631 1264 3668 non
1295 3617 1482 3671 eadem
1529 3627 1705 3673 tamen
1741 3633 1792 3675 et
1837 3623 2032 3678 similia

471 3717 682 3772 semper
705 3705 979 3760 accidunt.
1011 3703 1196 3775 Neque
1228 3709 1370 3760 enim
1409 3723 1621 3780 semper
1650 3710 1898 3767 fertilitas
1929 3727 2028 3782 est,

471 3805 564 3847 aut
599 3795 881 3862 sterilitas,
925 3807 1018 3849 aut
1064 3797 1273 3866 pluviae,
1300 3811 1389 3852 aut
1427 3802 1663 3856 siccitas.
1722 3805 1812 3860 Sic
1862 3825 2034 3878 neque

471 3885 733 3938 bonarum
767 3885 1070 3939 animarum
1122 3904 1338 3956 semper
1395 3893 1566 3946 bonus
1607 3908 1898 3963 proventus
1928 3911 2029 3968 εει,

471 3992 644 4047 neque
692 3978 897 4043 malus;
931 3987 984 4032 ct
1015 3980 1266 4034 vitiorum
1316 3984 1585 4038 interdum
1633 3989 1751 4056 plus
1791 4003 1896 4058 est,
1947 3993 2033 4046 in-

471 4068 680 4123 terdum
720 4069 918 4126 minus.
946 4073 1123 4141 Atque
1152 4075 1254 4127 hoc
1283 4077 1457 4130 sciant
1486 4091 1695 4146 oportet
1727 4083 1815 4150 qui
1853 4085 2034 4139 omnia

467 4164 755 4234 diligenter
783 4165 1112 4233 perscrutari
1141 4166 1352 4234 volunt,
1381 4170 1519 4224 mala
1559 4188 1664 4225 non
1696 4175 1882 4228 eadem
1915 4191 2035 4231 esse

467 4271 699 4326 semper,
724 4255 837 4310 sive
882 4257 1223 4312 Providentia
1272 4271 1470 4315 terram
1495 4279 1598 4332 quo
1623 4274 1765 4320 statu
1797 4277 1880 4322 est
1906 4284 2036 4324 con-

466 4349 814 4412 servet,-sive
867 4349 1012 4403 illam
1075 4349 1295 4407 diluviis
1345 4363 1437 4406 aut
1480 4356 1905 4428 conﬂagratione
1939 4377 2035 4416 ex-

2141 1861 2492 1932 ὰρχαιόταται
2539 1861 2789 1932 ἱστορίαι,
2833 1861 3074 1931 καίτοιγε
3111 1863 3278 1935 μυρία
3335 1865 3434 1916 ὅσα
3480 1882 3730 1936 κατηγο-

2141 1955 2330 2025 ροῦσαι
2377 1955 2483 2009 τῶν
2513 1955 2949 2026 ἁμαρτανόντων,
2984 1955 3376 2027 ἁρῤητοποιοὺς
3403 1956 3503 2010 οὐκ
3545 1959 3730 2012 ἴσασι.

2209 2219 2332 2282 Πῶς
2362 2220 2424 2271 ἐκ
2456 2219 2657 2272 τούτων
2685 2221 2786 2296 ,καὶ
2819 2220 2923 2276 τῶν
2958 2222 3347 2294 παραπλησίων
3375 2223 3436 2276 ού
3473 2226 3725 2292 καταγέ-

2138 2311 2328 2375 λαστος
2373 2313 2614 2381 φαίνεται
2667 2315 2890 2377 Κέλσος,
2943 2315 3182 2385 οἰόμενος
3234 2315 3302 2368 τὰ
3348 2315 3492 2368 κακὰ
3566 2319 3720 2388 μήτε

2140 2403 2304 2456 πλείω
2333 2405 2466 2475 μήτε
2494 2407 2640 2476 ἥττω
2671 2407 2919 2475 γενέσθαι
2951 2408 3066 2460 ποτ’
3097 2408 3200 2472 ἄν;
3231 2409 3292 2460 El
3323 2407 3433 2479 γὰρ
3473 2410 3557 2461 καὶ
3601 2411 3718 2478 μία

2138 2497 2246 2552 τῶν
2303 2497 2439 2551 ὅλων
2489 2500 2649 2567 φύσις
2693 2502 2787 2554 καὶ
2827 2503 2858 2572 ἡ
2888 2502 3046 2573 αὐτὴ,
3073 2504 3131 2555 οὐ
3165 2503 3382 2566 πάντως
3415 2505 3501 2556 καὶ
3526 2506 3561 2574 ἡ
3590 2505 3715 2556 τῶν

2138 2589 2320 2642 κακῶν
2354 2591 2566 2658 γένεσις
2585 2592 2670 2644 ἀεὶ
2698 2594 2729 2662 ἠ
2763 2594 2931 2665 αὐτή⁸
2969 2595 3043 2657 ὼς
3071 2594 3175 2665 γὰρ
3211 2596 3337 2664 μιᾶς
3366 2596 3458 2647 καὶ
3490 2595 3586 2666 τῆς
3609 2597 3721 2649 αὑ-

2137 2683 2236 2753 τῆς
2281 2682 2446 2754 οὔσης
2500 2686 2598 2755 τῆς
2645 2685 2797 2739 τοῦδέ
2843 2703 2984 2749 τινος
3037 2684 3320 2758 ἀνθρώπου
3348 2688 3584 2756 φύσεως,
3611 2689 3718 2741 οὐκ

2139 2775 2224 2828 ἀεὶ
2251 2776 2318 2828 τὰ
2358 2777 2496 2831 αὐτά
2547 2778 2662 2830 ἐστι
2693 2779 2820 2850 περὶ
2845 2779 2903 2831 τὸ
2931 2779 3249 2850 ἡγεμονικὸν
3289 2779 3477 2843 αὑτοῦ,
3504 2783 3599 2834 καὶ
3621 2783 3716 2834 τὸν

2137 2867 2292 2936 λόγον
2319 2869 2504 2933 αὑτοῦ,
2539 2871 2630 2922 καὶ
2682 2873 2778 2935 τὰς
2824 2871 3076 2943 πράξεις·
3108 2872 3195 2924 ὁτὲ
3244 2872 3338 2942 μὲν
3382 2871 3506 2926 οὔτε
3557 2873 3715 2943 λόγον

2138 2961 2502 3031 ἀνειληφότος,
2532 2963 2620 3014 ὁτὲ
2641 2963 2697 3015 δὲ
2728 2964 2863 3033 μετὰ
2899 2963 2990 3016 τοῦ
3019 2964 3175 3032 λόγου
3208 2965 3426 3030 κακίαν,
3465 2965 3562 3018 καὶ
3587 2967 3713 3019 ταύ·

2137 3068 2235 3121 την
2266 3053 2383 3123 ἦτοι
2416 3054 2507 3106 ἐπὶ
2561 3053 2759 3116 πλεῖον,
2795 3054 2826 3124 ἦ
2889 3055 2974 3106 ἐπ’
3005 3054 3220 3108 ἔλαττον
3265 3055 3565 3126 χεομένςην·
3621 3058 3712 3111 καὶ

2091 3137 2104 3156 ⁸
2138 3143 2280 3196 ἐστιν
2301 3145 2388 3195 ὅτε
2412 3147 2810 3216 προτραπέντος
2841 3145 2925 3198 ἐπ’
2954 3147 3170 3217 ἀρετὴν,
3189 3148 3281 3200 καὶ
3309 3148 3710 3218 προκόπτοντος

2137 3238 2227 3290 ἐπὶ
2279 3238 2458 3291 πλεῖον
2500 3240 2532 3310 ἢ
2577 3241 2662 3292 ἐπ’
2702 3240 2945 3293 ἔλαττονο
2982 3241 3076 3294 καὶ
3102 3242 3269 3293 ἐνιότε
3298 3242 3594 3311 φθάνοντος
3620 3244 3712 3295 καὶ

2137 3331 2222 3382 ἐπ’
2247 3332 2412 3402 αὐτὴν
2455 3331 2551 3403 τὴν
2582 3332 2778 3404 ἀρετὴν
2803 3335 2861 3386 ἐν
2891 3333 3097 3385 πλείοσι
3129 3332 3385 3402 θεωρίαις
3415 3335 3711 3405 γινομένην

2136 3422 2167 3491 ἢ
2197 3423 2254 3475 ἐν
2302 3423 2595 3478 ἐλάττοσιν.
2619 3424 2803 3488 Οὕτως
2832 3427 2976 3480 ἔστιν
3015 3427 3187 3478 εἰπεῖν
3219 3424 3417 3496 μᾶλλον
3469 3427 3561 3478 καὶ
3612 3426 3705 3476 ἐπὶ

2133 3514 2230 3585 τῆς
2275 3515 2380 3568 τῶν
2434 3517 2570 3570 ὅλων
2623 3516 2855 3585 φύσεως,
2895 3519 2998 3583 ὅτι,
3037 3521 3085 3571 εί
3127 3520 3218 3572 καὶ
3267 3519 3363 3589 μία
3399 3521 3512 3573 ἐστὶ
3541 3520 3631 3572 καὶ
3663 3522 3694 3590 ἠ

2135 3607 2271 3676 αὑτὴ
2320 3607 2396 3677 τῷ
2428 3609 2594 3676 γένει,
2631 3609 2743 3662 ἀλλ’
2781 3609 2840 3662 οὐ
2887 3609 2954 3662 τὰ
2997 3610 3134 3664 αὐτὰ
3177 3611 3284 3674 ἀεὶ,
3317 3612 3428 3665 οὐδ’
3470 3611 3700 3682 ὁμογενῆ

2136 3699 2420 3766 συμϐαίνει
2465 3702 2520 3752 ἐν
2565 3703 2678 3763 τοῖς
2707 3699 2876 3764 ὅλοις·
2907 3701 3026 3759 οὔτε
3059 3703 3166 3772 γὰρ
3198 3703 3447 3774 εὐφορίαι
3484 3703 3566 3756 ἀεὶ
3588 3701 3700 3755 οὒτ’

2134 3790 2352 3860 ἀφορίαι
2378 3791 2506 3860 (54),
2537 3791 2650 3845 ἀλλ’
2684 3793 2804 3845 οὐδὲ
2836 3794 3129 3866 ἐπομϐρίαι
3156 3793 3276 3847 οὔτε
3309 3795 3528 3866 αὐχμοί.
3550 3794 3704 3848 Οὕτω

2132 3884 2188 3936 δὲ
2235 3882 2355 3936 οὐδὲ
2407 3883 2593 3955 ψυχῶν
2642 3888 2964 3956 κρειττόνων
3012 3888 3257 3958 εὐφορίαι
3301 3888 3628 3958 τεταγμέναι
3670 3889 3701 3958 ἦ

2134 3974 2370 4045 ἁφορίαι,
2401 3977 2492 4028 καὶ
2551 3977 2805 4046 χειρόνων
2862 3979 2950 4029 ἐπὶ
2993 3978 3172 4031 πλεῖον
3210 3978 3362 4048 χύσις
3395 3979 3428 4050 ἢ
3481 3980 3588 4049 (55)
3618 3980 3703 4032 ἐπ’

2135 4063 2370 4117 ἔλαττον.
2394 4065 2501 4119 Καὶ
2530 4067 2820 4135 ἀναγκαῖός
2845 4085 2908 4137 γε
2936 4071 3047 4131 τοῖς
3077 4068 3333 4139 ἀκριϐοῦν
3357 4069 3535 4121 πάντα
3565 4070 3704 4122 κατὰ

2135 4155 2193 4207 τὸ
2230 4155 2448 4209 δυνατὸν
2504 4158 2846 4229 βουλομένοις
2899 4161 2926 4211 ὁ
2979 4160 3106 4230 περὶ
3157 4160 3260 4212 τῶν
3312 4160 3496 4212 κακῶν
3525 4161 3700 4229 λόγος,

2134 4247 2194 4298 οὐ
2231 4249 2497 4316 μενόντων
2523 4251 2609 4303 ἀεὶ
2644 4254 2701 4304 ἐν
2741 4252 2921 4322 ταὺτῷ
2953 4251 3039 4304 διὰ
3064 4253 3161 4317 τὴν
3190 4254 3308 4323 ἦτοι
3334 4253 3607 4324 τηροῦσαν
3639 4253 3704 4306 τὰ

2134 4340 2226 4391 ἐπὶ
2259 4341 2361 4410 γῆς
2393 4342 2678 4412 Πρόνοιαν,
2785 4344 3184 4414 κατακλυσμοῖς
3223 4345 3317 4397 καὶ¹
3361 4345 3702 4417 ὲκπυρὼσεσι

465 4448 675 4510 purget.
739 4439 991 4496 Fortasse
1047 4445 1207 4498 etiam
1269 4461 1374 4500 non
1434 4457 1632 4503 terram
1687 4454 1882 4517 solum,
1934 4455 2028 4509 sed

2138 4430 2530 4502 καθαίρουσαν·
2566 4436 2658 4488 καὶ
2685 4437 2822 4504 τάχα
2867 4436 2925 4488 οὐ
2977 4435 3044 4488 τὰ
3085 4437 3177 4488 ἐπὶ
3209 4435 3312 4505 γῆς
3356 4437 3535 4506 μόνον,
3570 4436 3702 4490 ἀλλὰ

466 4532 628 4584 etiam
686 4542 854 4586 totum
909 4535 1049 4588 hunc
1108 4537 1368 4591 tuundum
1397 4553 1680 4612 expurgat,
1713 4561 1831 4600 cum
1879 4548 2030 4601 inva-

467 4621 704 4677 lescente
738 4626 938 4679 malitia
976 4629 1078 4681 hoc
1117 4631 1355 4685 remedio
1384 4633 1605 4702 indiget.

533 4712 622 4766 65.
653 4713 851 4767 Postea
904 4715 1093 4771 Celsus
1124 4734 1138 4770 :
1217 4738 1233 4770 ι
1275 4721 1407 4788 Quae
1457 4724 1717 4778 malorum
1752 4728 1904 4797 origo
1935 4728 2024 4791 sit,

467 4801 624 4872 553
671 4805 873 4872 inquit,
924 4824 1026 4862 non
1075 4810 1234 4865 facile
1286 4823 1369 4868 est
1419 4815 1626 4868 homini
1678 4818 2028 4889 philosophia:

468 4894 655 4961 ignaro
695 4909 1044 4962 cognoscere.
1099 4901 1203 4956 Sed
1255 4905 1412 4973 vulgo
1459 4907 1589 4960 satis
1634 4907 1801 4961 fuerit
1851 4911 2031 4966 dicere

467 4984 605 5038 mala
635 4999 740 5040 non
774 5001 893 5042 esse
922 5005 949 5041 a
998 4989 1124 5056 Deo,
1159 4994 1251 5047 sed
1285 4996 1335 5049 in
1373 4999 1594 5052 materia
1639 5001 1861 5067 haerere,
1893 5005 2022 5058 etin

537 5213 645 5308 £55)
693 5212 892 5308 ‘Er'rﬁ
911 5213 1044 5308 περί
1065 5214 1308 5297 ᾁγαθῶν-
1332 5218 1662 5308 καὶ¹ρςακῶν
1687 5223 2022 5308 Εἰσαγωγῇ.
2099 5185 2102 5188 ί

463 5267 756 5359 Athenaeus
799 5267 1125 5359 ltujtts'libri'
1150 5267 1398 5359 meminit
1435 5289 1527 5359 lib.
1569 5306 1637 5351 tv,
1693 5311 1810 5359 cap.
1846 5267 1944 5358 ig:

463 5355 774 5435 observavit
793 5356 1099 5435 Spencerus
1111 5355 1474 5435 ρύσιππος
1574 5363 1628 5411 ἐν
1646 5365 1709 5432 τῇ
1734 5355 2020 5435 Εἰσαγωγῇ

462 5425 529 5495 τῇ
561 5428 652 5504 ἐίς
692 5426 789 5495 τὴν
821 5427 958 5504 ’περὶ
997 5425 1213 5504 ἀγαθῶν
1245 5428 1336 5480 καὶ
1379 5429 1564 5504 κακῶν
1609 5425 2016 5504 πραγματείαντ

466 5494 530 5546 et
561 5494 697 5564 libro
726 5494 1033 5554 undecimo,
1067 5499 1241 5564 capite
1279 5499 1455 5552 tertio.

679 5565 960 5637 Εὐφορίαι
989 5567 1081 5637 ἀεὶ.
1109 5563 1231 5620 οὔτ’
1263 5569 1520 5637 (ipf-piat.
1573 5571 1629 5626 lu
1678 5584 1832 5627 antea
1867 5576 2022 5629 editis

466 5631 972 5714 deSideratur,dzei,
1028 5635 1137 5688 οὔτ’
1186 5631 1425 5710 ἀφορίαί,
1467 5645 1608 5712 quod
1653 5645 1930 5714 suppletur
1956 5662 2022 5700 ex

465 5705 713 5756 ommbus
750 5719 877 5758 mss.
1236 5705 1304 5710 η
1413 5705 1416 5706 ⁷
1483 5705 1497 5712 ’
1593 5747 1602 5756 .

2137 4523 2319 4575 καὶτὰ
2355 4527 2410 4576 ἐν
2439 4525 2542 4595 ὅλῳ
2588 4526 2665 4596 τῷ
2693 4527 2900 4597 κόσμῳ,
2949 4527 3186 4597 δεομένῳ
3229 4528 3543 4599 καθαρσίου,
3574 4529 3698 4579 ὅταν

2135 4614 2302 4686 πολλὴ
2331 4618 2362 4686 ἡ
2397 4617 2563 4669 κακία
2589 4617 2810 4690 γένηται
2847 4622 2902 4672 ἐν
2944 4620 3110 4690 αὐτῷ.

2206 4729 2359 4782 Μετὰ
2391 4730 2562 4784 ταῦτά
2595 4749 2756 4802 φησιν
2793 4734 2820 4786 ὁ
2855 4733 3090 4797 Κέλσος
3132 4753 3150 4785 ι
3193 4735 3287 4798 Τίς
3318 4737 3350 4806 ή
3381 4736 3488 4788 τῶν
3520 4733 3697 4788 κακῶν

2136 4822 2294 4892 φύσις
2328 4823 2456 4894 (56),
2496 4826 2554 4876 οὐ
2592 4825 2767 4895 ῥᾴδιον
2809 4827 2902 4895 μὲν
2928 4827 3126 4894 γνῶναι
3170 4827 3247 4898 τῷ
3296 4830 3370 4899 μὴ
3417 4829 3701 4898 φιλοσοφή-

2139 4932 2308 4977 σαντι,
2340 4916 2559 4987 ἐξαρκεῖ
2599 4918 2641 4970 δ’
2687 4921 2765 4980 είς
2813 4919 3012 4989 πλῆθος
3058 4921 3324 4992 εἰρῆσθαι,
3356 4922 3427 4985 ὡς
3462 4924 3526 4976 ἐκ
3570 4921 3698 4975 Θεοῦ

2138 5006 2236 5076 μὲν
2262 5009 2359 5060 οὐκ
2389 5007 2500 5060 ἐστι
2535 5008 2698 5073 κακὰ,
2728 5009 2826 5080 ὕλῃ
2854 5011 2908 5064 δὲ
2943 5013 3276 5082 πρόσκειται,
3313 5017 3404 5067 καὶ
3436 5019 3546 5078 τοῖς
3579 5015 3699 5080 θνη-

2205 5227 2317 5295 (55)
2345 5227 2500 5308 μω).
2531 5231 2657 5308 editi
2695 5236 3349 5308 omittunlvoculaml‘],et
3371 5253 3488 5292 mox
3519 5239 3699 5308 legunt

2133 5299 2425 5378 ἀναγκαῖόν
2452 5304 2654 5378 γεὶνεείι
2683 5303 2850 5378 code);
2885 5304 3128 5378 Joliauus
3178 5299 3338 5361 habet
3409 5299 3697 5378 ἀναγκαῖός

2131 5370 2474 5446 ya,_rectius.
2510 5369 2617 5423 Nec
2651 5372 2808 5446 aliter
2836 5374 2959 5446 legit
2985 5374 3238 5430 Gelenius
3273 5369 3560 5446 interpres.

2204 5437 2313 5508 (5(5)
2341 5438 2658 5505 Quanquam
2692 5441 2825 5495 libb.
2873 5437 3000 5497 editi
3045 5455 3097 5499 et
3146 5463 3280 5501 mss.
3315 5437 3430 5501 hoc'
3456 5451 3570 5503 loco
3605 5450 3696 5502 ha-

2130 5507 2259 5561 bent
2283 5507 2461 5577 φύσις,
2487 5512 2714 5586 omnino
2750 5521 2927 5586 tamen
2951 5518 3313 5586 scribendum
3345 5519 3575 5584 videtur,
3609 5520 3697 5586 γέ-

2131 5595 2312 5640 νεσιςε
2355 5579 2663 5656 ιιιειηιιμίιιιιρ
2703 5581 2839 5634 intra
2859 5582 3130 5656 _Origenes
3165 5587 3241 5639 ait
3272 5605 3284 5640 ε
3343 5587 3399 5639 ’0
3432 5590 3534 5656 μὲν
3560 5579 3697 5656 Κέλ-

2131 5664 2232 5728 σος
2272 5649 2402 5718 φησὶ
2451 5647 2544 5719 τὴν
2589 5651 2694 5704 τῶν
2740 5653 2921 5708 κακῶν
2960 5647 3168 5722 ¹γένειαν
3217 5656 3278 5710 οὐ
3331 5647 3508 5727 ῥᾴδιον
3561 5655 3692 5714 εἶναι

2133 5734 2347 5790 γνῶναι.
2626 5759 2632 5765 .
