3986 6164
362 273 502 328 ιιδσ

1524 271 1804 328 CONTRA
1838 271 2109 328 CELSUM
2151 271 2276 326 LIB.
2316 270 2404 325 Π.

3457 272 3593 328 1134

357 392 470 452 τοῖς
502 387 909 459 ὲμπολιτεύεται
944 386 1076 455 (ὅτι).
1107 387 1294 457 Ὀμοία
1335 387 1380 439 δ’
1413 389 1505 440 ἀπ’
1538 388 1712 459 ἀρχῆς
1740 389 1818 453 εἰς
1849 388 1926 440 τέ-

2037 390 2243 443 naturis
2291 387 2608 442 mortalibus
2653 389 2874 442 versari.
2923 387 2990 439 At
3040 397 3354 441 naturarum
3399 402 3598 444 morta-

354 481 443 543 λος
471 482 503 550 ή
536 479 642 531 τῶν
672 478 877 549 θνητῶν
911 478 1182 550 περίοδος*
1221 479 1313 530 καὶ
1349 479 1490 531 κατὰ
1526 479 1622 542 τὰς
1663 480 1927 550 τεταγμέ-

351 589 449 636 νας
474 571 866 640 ἀνακυκλήσεις
895 572 1105 642 ἀνάγκη
1136 571 1202 624 τὰ
1232 571 1368 624 αὐτὰ
1399 573 1483 624 ἀεὶ
1510 573 1603 624 καὶ
1629 574 1923 641 γεγονέναι,

351 667 446 719 καὶ
470 661 629 730 εἶναι,
667 665 759 718 καὶ
790 663 1022 717 ἔσεσθαι.
1067 683 1084 716 ›
1111 665 1218 718 Καὶ
1245 667 1272 716 ὁ
1307 663 1405 734 μὲν
1433 663 1637 726 Κέλσος
1669 665 1800 734 φησὶ
1829 665 1927 735 τὴν

347 757 456 811 τῶν
499 756 682 812 κακῶν
733 758 942 825 γένεσιν
989 758 1049 809 ού
1105 757 1281 828 ῥᾴδιον
1330 751 1465 808 εἷναι
1511 755 1709 823 γνῶναι
1742 757 1818 826 τῷ
1851 758 1924 826 μὴ

348 847 793 918 φιλοσοφήσαντι·
852 846 926 909 ὡς
979 845 1072 898 τοῦ
1117 846 1214 916 μὲν
1271 843 1680 914 φιλοσοφοῦντος
1725 843 1923 912 γνῶναι

347 938 446 1008 τὴν
474 939 679 1006 γένεσιν
711 937 884 990 αὐτῶν
923 936 1220 1007 δυναμένου
1270 937 1485 1008 ῥᾳδίως,
1519 935 1612 988 τοῦ
1645 935 1700 988 δὲ
1737 936 1810 1007 μὴ
1837 953 1924 1002 φι-

348 1029 714 1096 λοσοφοῦντος,
743 1029 802 1082 ού
834 1028 1030 1100 ῥαδίως
1059 1029 1154 1099 μὲν
1181 1028 1291 1080 οἴου
1320 1046 1377 1080 τε
1406 1028 1554 1092 ὄντος
1584 1028 1804 1100 θεωρεῖν
1825 1029 1924 1099 τὴν

344 1122 556 1190 γένεσιν
579 1120 685 1174 τῶν
709 1121 913 1186 κακῶν,
950 1120 1085 1192 πλὴν
1115 1121 1162 1172 εἰ
1192 1119 1285 1172 καὶ¹
1317 1118 1454 1190 μετὰ
1491 1120 1756 1190 καμάτου,
1790 1119 1925 1173 ἀλλά

342 1231 408 1282 γε
431 1213 654 1267 δυνατοῦ
687 1212 837 1276 ὄντος
867 1212 1088 1282 γνῶναι.
1136 1213 1325 1282 Ἡμεῖς
1366 1212 1422 1265 δὲ
1454 1213 1547 1266 καὶ
1597 1213 1732 1284 πρὸς
1768 1213 1923 1266 τοῦτό

345 1320 546 1374 φαμεν,
571 1305 649 1357 ὅτι
689 1303 784 1375 τὴν
816 1303 924 1357 τῶν
956 1302 1140 1357 κακῶν
1174 1304 1382 1372 γένεσιν
1427 1304 1546 1357 οὐδὲ
1590 1303 1668 1374 τῷ
1713 1305 1922 1374 φιλοσο-

346 1395 576 1465 φήσαντι
608 1395 810 1463 γνῶναι
855 1396 1065 1467 ῥᾴδιον
1095 1394 1236 1464 τάχα
1266 1394 1321 1446 δὲ
1353 1396 1472 1449 οὐδὲ
1505 1395 1712 1460 τούτοις
1756 1397 1921 1453 καθα-

293 1480 296 1484 ’
347 1485 457 1556 ρῶς
495 1485 660 1556 αὐτὴν
714 1487 914 1554 γνῶναι
947 1487 1188 1552 δυνατὸν,
1229 1488 1322 1542 ἐὰν
1371 1487 1444 1559 μὴ
1490 1488 1624 1542 Θεοῦ
1669 1492 1921 1563 ἐπιπνοίᾳ

344 1576 441 1628 κα)⁸
465 1575 586 1628 τίνα
613 1575 679 1629 τὰ
705 1577 848 1630 κακὰ
874 1577 1144 1649 τρανωθῇ,
1175 1579 1266 1631 καὶ
1300 1579 1415 1643 πῶς
1444 1581 1648 1653 ὑπέστη
1683 1581 1915 1653 δηλωθῇ,

345 1669 440 1722 καὶ
482 1669 601 1722 τίνα
654 1669 848 1741 τρόπον
898 1671 1323 1742 ἀφανισθήσεται
1368 1673 1550 1744 νοηθῇ.
1592 1675 1678 1726 Ἑν
1730 1678 1918 1737 κακοῖς

2031 481 2158 535 Ιίιιιη
2190 481 2595 536 conversionem
2645 481 2728 535 sui
2767 480 2994 535 similem
3038 495 3157 537 esse
3207 481 3276 535 ab
3328 482 3481 537 initio
3527 486 3594 538 ad

2030 572 2226 638 linem;
2264 581 2317 625 et
2357 587 2422 626 ex
2465 573 2758 626 constituto
2805 573 3220 627 conversionum
3266 573 3456 628 ordine
3501 591 3599 630 ne-

2029 663 2321 716 cessarium
2369 677 2513 730 esse,
2563 673 2622 717 ut
2667 663 2959 732 prreterita,
2993 665 3281 730 praesentia
3329 673 3383 717 et
3415 664 3593 719 futura

2029 768 2237 820 semper
2265 753 2450 806 eadem
2487 757 2615 806 sint.
2681 774 2699 805 ι
2732 753 2863 806 Cum
2897 752 2984 807 hic
3013 754 3089 806 ait
3117 753 3303 808 Celsus
3331 756 3595 810 malorum

2027 845 2290 914 originem
2335 860 2439 899 non
2471 844 2629 899 facile
2654 847 2903 916 cognosci
2939 847 3006 901 ab
3034 848 3254 903 homine
3285 862 3388 901 non
3422 847 3600 915 philo-

2026 932 2216 999 sopho,
2247 933 2421 986 innuit
2460 934 2836 1004 philosophum
2874 929 3032 991 facile
3065 937 3206 993 illius
3235 939 3462 1008 originis
3496 955 3595 991 nn—

2028 1025 2198 1078 titiam
2229 1027 2486 1094 consequi
2521 1041 2711 1095 posse;
2750 1028 3102 1098 philosophia:
3133 1032 3327 1084 autem
3379 1031 3600 1099 imperi-

2029 1125 2138 1168 tum
2167 1131 2271 1170 non
2300 1115 2460 1170 facile
2486 1118 2700 1186 quidem
2728 1134 2886 1187 posse
2925 1121 3188 1176 malorum
3217 1122 3481 1191 originem
3518 1125 3602 1177 in-

2025 1208 2312 1278 vestigare,
2343 1208 2436 1262 sed
2471 1223 2627 1278 posse
2662 1219 2864 1273 tamen,
2896 1211 3022 1266 licet
3051 1227 3245 1282 magno
3270 1213 3478 1269 labore.
3517 1214 3600 1268 Ad

2023 1299 2168 1368 quod
2211 1308 2273 1353 ut
2320 1302 2699 1370 respondeam,
2755 1301 2840 1356 aio
2891 1317 2958 1357 ue
3010 1303 3330 1372 phil050pho
3377 1305 3599 1373 quidem

2027 1390 2180 1444 facile
2208 1406 2326 1446 esse
2356 1393 2621 1447 malorum
2652 1394 2913 1464 originem
2950 1410 3302 1463 cognoscere.
3345 1394 3602 1452 Fortasse

2022 1482 2184 1535 etiam
2217 1483 2360 1538 nullo
2395 1486 2552 1538 modo
2581 1495 2780 1554 potest,
2814 1486 2915 1540 nisi
2952 1485 3060 1540 Deo
3107 1488 3384 1556 aspirante
3427 1489 3603 1543 discat

2023 1574 2398 1644 inlelligatque
2422 1585 2474 1630 et
2499 1577 2624 1646 quid
2652 1577 2791 1631 mala
2820 1577 2945 1643 sint,
2971 1588 3024 1632 ct
3048 1579 3319 1647 quomodo
3340 1588 3457 1633 orta
3488 1579 3606 1633 fue-

2024 1667 2153 1729 rint,
2183 1677 2236 1720 et
2260 1682 2492 1735 quonam
2523 1668 2680 1723 modo
2706 1669 2934 1725 tollenda
2964 1669 3090 1723 sint.
3118 1670 3182 1724 Et
3212 1685 3340 1726 sane
3363 1673 3414 1726 in
3447 1673 3604 1728 malis

345 1761 476 1830 γοῦν
504 1761 668 1832 οὔσης
698 1762 791 1814 καὶ
812 1762 906 1832 τῆς
937 1761 1063 1832 περὶ
1092 1761 1224 1814 Θεοῦ
1249 1763 1488 1830 ἀγνοίας,
1517 1765 1666 1826 ὄντος
1692 1765 1748 1817 δὲ
1775 1765 1926 1836 μεγί-

2032 1769 2111 1812 est
2133 1760 2223 1812 Dei
2245 1759 2535 1828 ignoratio,
2555 1772 2608 1813 et
2634 1761 2894 1816 malorum
2929 1762 3216 1830 pessimum
3241 1763 3454 1818 nescire
3479 1766 3603 1834 quis

349 1869 472 1905 στου
498 1853 664 1906 κακοῦ
693 1854 894 1906 καὶτοῦ
927 1855 999 1923 μὴ
1023 1854 1216 1907 εἰδέναι
1234 1855 1323 1908 τὸν
1356 1856 1552 1926 τρόπον
1567 1857 1664 1927 τῆς
1679 1856 1770 1910 τοῦ
1793 1857 1925 1911 Θεοῦ
1965 1911 1968 1914 .

347 1941 636 2013 θεραπείας
669 1946 758 1996 καὶ
790 1945 888 2014 τῆς
917 1946 994 2007 είς
1027 1945 1184 1997 αὐτὸν
1223 1946 1524 2009 εὐσεϐείας·
1579 1948 1793 2011 πάντως
1827 1949 1926 2019 μὲν

345 2034 595 2088 καὶκατὰ
615 2036 819 2089 Κέλσον
840 2035 982 2099 τινὲς
1013 2035 1119 2088 τῶν
1147 2035 1616 2108 φιλοσοφησάντων
1636 2040 1734 2092 οὐκ
1755 2040 1927 2108 ἔγνω-

347 2145 462 2190 σαν,
494 2129 626 2192 ὅπερ
662 2127 816 2197 δῆλόν
840 2129 984 2180 ἐστιν
1019 2130 1082 2180 ἐκ
1108 2129 1213 2182 τῶν
1245 2129 1511 2199 διαφόρων
1551 2132 1606 2182 ὲν
1641 2131 1926 2203 φιλοσοφίᾳ

342 2220 603 2290 αἱρέσεων
623 2237 634 2250 ·
668 2220 787 2273 καθ“
814 2223 959 2291 ἡμᾶς
980 2220 1035 2272 δὲ
1065 2221 1253 2286 οὐδεὶς,
1279 2221 1352 2292 μὴ
1382 2223 1635 2290 ἐγνωκὼς
1664 2224 1830 2278 κακὸν
1851 2220 1928 2277 εἷ’

341 2331 432 2366 ναι
450 2313 510 2365 τὸ
531 2313 768 2383 νομίζειν
789 2314 1066 2368 εὐσέϐειαν
1085 2313 1350 2378 σώζεσθαι
1367 2319 1423 2368 ἐν
1438 2319 1547 2378 τοῖς
1567 2317 1925 2387 καθεστηκόσι

342 2405 482 2459 κατὰ
510 2405 609 2470 τὰς
649 2408 953 2478 κοινότερον
982 2408 1276 2478 νοουμένας
1298 2407 1568 2471 πολιτείας
1587 2409 1786 2479 νόμοις,
1817 2405 1926 2474 οἷός

341 2513 401 2548 τε
436 2496 586 2548 ἔσται
628 2496 724 2566 τὴν
755 2497 966 2563 γένεσιν
990 2497 1189 2566 γνῶναι
1233 2496 1340 2550 τῶν
1373 2497 1574 2550 κακῶν.
1617 2500 1727 2551 Καὶ
1754 2500 1926 2563 οὐδεὶς

345 2587 420 2658 μὴ
458 2587 722 2640 διαλαϐὼν
765 2588 833 2640 τὰ
878 2589 1005 2660 περὶ
1051 2587 1144 2640 τοῦ
1185 2587 1514 2657 καλουμένου
1557 2588 1800 2642 διαϐόλου
1837 2593 1927 2644 καὶ

342 2680 452 2732 τῶν
479 2679 722 2747 ἀγγέλων
756 2677 941 2743 αὐτοῦ,
967 2678 1050 2742 τίς
1075 2695 1135 2730 τε
1165 2678 1269 2749 πρὸ
1309 2677 1402 2730 τοῦ
1433 2677 1673 2740 διάϐολος
1699 2679 1924 2749 γεγενῆ-

346 2771 468 2824 σθαι
500 2771 609 2842 (58)
649 2764 802 2834 οὗτος
831 2766 918 2841 ἦν,
949 2770 1041 2824 καὶ
1074 2769 1191 2832 πῶς
1210 2770 1500 2840 γεγένηται
1537 2769 1798 2834 διάϐολος,
1832 2774 1926 2825 καὶ

341 2862 426 2925 τίς
457 2863 488 2933 ή
519 2863 666 2916 αἰτία
691 2863 782 2914 τοῦ
815 2861 1212 2930 συναποστῆναι.
1242 2859 1389 2930 αὐτῷ
1419 2862 1542 2922 τοὺς
1567 2860 1927 2931 καλουμένους

341 2953 504 3008 αὑτοῦ
556 2954 840 3023 ἀγγέλους,
896 2949 1006 3016 οἷός
1055 2970 1115 3005 τε
1168 2953 1318 3006 ἔσται
1353 2952 1550 3019 γνῶναι
1587 2953 1685 3023 τὴν
1718 2953 1926 3022 γένεσιν

339 3046 449 3101 τῶν
494 3047 699 3102 κακῶν.
745 3047 841 3099 Δεῖ
875 3045 930 3098 δὲ
970 3045 1060 3099 τὸν
1097 3043 1355 3116 μέλλοντα
1381 3042 1581 3113 ταύτην
1611 3043 1804 3097 εἰδέναι
1832 3045 1926 3097 καὶ

2031 1852 2099 1905 sit
2131 1852 2220 1906 Dei
2253 1853 2458 1907 colendi
2489 1854 2699 1918 modus,
2727 1869 2844 1923 qum
2870 1853 3086 1922 pietatis
3107 1869 3233 1924 erga
3265 1853 3412 1908 illum
3443 1857 3601 1911 ratio.

2027 1943 2190 2012 Atqui
2218 1955 2393 1996 tamen
2416 1943 2605 1998 Celsus
2633 1960 2734 1999 non
2757 1944 3068 1999 difﬁtebitur
3090 1945 3203 2000 haec
3230 1947 3408 2016 ignota
3434 1948 3502 2015 ph
3528 1948 3605 2002 lo-

2029 2035 2212 2102 soribis
2236 2033 2433 2102 fuisse;
2463 2038 2511 2090 id
2534 2038 2678 2092 enim
2709 2038 2924 2106 planum
2950 2039 3078 2094 facit
3099 2041 3176 2094 vel
3207 2040 3604 2109 philosophica-

2029 2143 2146 2180 rum
2172 2135 2436 2182 sectarum
2460 2129 2766 2184 diversitas.
2793 2129 2910 2184 Jam
2941 2145 3067 2186 vero
3090 2147 3154 2186 ex
3188 2133 3363 2196 nobis,
3386 2133 3478 2201 qui
3509 2148 3606 2185 ne-

2028 2219 2129 2272 scit
2155 2223 2351 2272 ntalum
2378 2236 2496 2275 esse
2526 2231 2715 2291 putare
2745 2223 2997 2291 pietatem
3032 2224 3084 2276 in
3111 2224 3488 2292 plerarumque
3516 2237 3607 2276 so-

2028 2312 2282 2363 cietatum
2321 2310 2532 2380 legibus
2564 2311 2779 2365 illaesam
2813 2313 3038 2377 servari,
3064 2314 3108 2366 is
3141 2329 3245 2367 non
3287 2322 3462 2382 potest
3490 2329 3606 2366 ma-

2029 2399 2198 2453 lorum
2231 2401 2490 2470 originem
2520 2402 2716 2456 habere
2741 2413 3108 2474 perspectam;
3144 2421 3244 2458 nec
3279 2405 3424 2458 illam
3449 2420 3604 2458 asse—

2027 2493 2114 2560 qui
2145 2503 2341 2561 potest,
2375 2494 2619 2563 quisquis
2649 2495 2981 2564 ignoraverit
3003 2512 3121 2564 quae
3155 2497 3219 2550 ad
3251 2496 3519 2551 diabolum
3551 2506 3605 2550 et

2027 2585 2248 2651 angelos
2288 2585 2405 2652 ejus
2455 2587 2744 2653 pertinent,
2789 2595 2844 2641 et
2869 2588 2990 2656 quis
3017 2596 3162 2641 esset
3195 2586 3284 2642 ille
3314 2597 3602 2658 antequam

2027 2678 2269 2734 diabolus
2321 2679 2512 2746 ﬁeret;
2560 2680 2828 2748 quomodo
2879 2679 3053 2733 factus
3113 2679 3274 2734 fuerit
3326 2680 3601 2746 diabolus;

2025 2786 2144 2838 quae
2177 2786 2336 2825 causa
2369 2771 2533 2826 fuerit
2566 2787 2663 2825 cur
2693 2760 2782 2840 qui
2815 2771 2988 2840 angeli
3017 2771 3133 2840 ejus
3155 2779 3447 2836 vocantur,
3477 2787 3600 2826 cmn

2027 2860 2120 2914 illo
2152 2877 2180 2915 a
2213 2863 2324 2917 Deo
2349 2861 2660 2917 defecerint.
2692 2861 2919 2933 Oportet
2943 2874 3202 2931 praeterea
3241 2864 3307 2917 ad
3339 2863 3484 2916 illam
3512 2877 3606 2917 eo-

2026 2955 2412 3022 gnoscendam,
2439 2965 2492 3008 ut
2523 2956 2728 3010 sciatur
2750 2957 3047 3020 daemones,
3075 2963 3134 3008 ut
3157 2954 3428 3009 daemones
3457 2963 3603 3018 sunt,

2026 3061 2133 3100 non
2177 3061 2298 3100 esse
2342 3049 2433 3101 Dei
2479 3061 2633 3115 opus,
2679 3049 2770 3104 sed
2812 3059 3017 3104 tantum
3045 3061 3315 3119 quatenus
3360 3062 3445 3102 res
3479 3057 3607 3101 sunt

342 3140 474 3211 περὶ
499 3139 764 3209 δαιμόνων
805 3112 1190 3210 ἀκριϐέστερον
1237 3112 1586 3206 διειληφέναι,
1626 3136 1706 3188 ὅτι
1748 3153 1805 3187 τε
1851 3139 1922 3208 μή

2032 3139 2256 3194 rationis
2283 3150 2594 3209 compotes;
2628 3148 2683 3197 et
2730 3144 2873 3197 unde
2913 3143 3049 3197 tales
3079 3141 3376 3206 evaserint,
3406 3151 3467 3196 ut
3512 3156 3606 3195 eos

343 3235 470 3292 εἰσι,
503 3231 634 3284 καθὸ
668 3231 914 3300 δαίμονές
955 3233 1080 3292 εἰσι,
1129 3229 1582 3300 δημιουργήματα
1623 3225 1716 3279 τοῦ
1767 3227 1922 3283 Θεοῦ,

345 3323 479 3377 ἀλλὰ
508 3323 663 3392 μόνον
688 3323 821 3376 καθὸ
848 3323 1052 3389 λογικοί
1086 3339 1228 3384 τινες
1249 3339 1260 3350 ·
1295 3326 1388 3375 καὶ
1417 3321 1576 3372 πόθεν
1605 3319 1924 3389 ἐληλύθασιν

345 3417 438 3468 ἐπὶ
466 3416 526 3467 τὸ
553 3413 783 3467 τοιοῦτοι
811 3413 1083 3482 γενέσθαι,
1112 3413 1187 3475 ὡς
1217 3413 1273 3464 ἐν
1303 3411 1632 3466 καταστάσει
1662 3410 1927 3480 δαιμόνων

347 3506 527 3560 αὐτῶν
558 3505 855 3574 ὑποστῆναι
884 3503 946 3557 τὸ
974 3503 1293 3574 ἡγεμονικόν
1311 3542 1323 3554 .
1354 3503 1525 3572 Εἴπερ
1553 3497 1644 3554 οῦν
1675 3501 1828 3565 ἄλλος
1856 3521 1938 3566 τις

2032 3230 2283 3286 voluntas
2319 3234 2589 3290 daemones
2630 3237 3009 3291 constitueret.
3059 3235 3114 3290 Si
3160 3250 3262 3304 qua
3303 3249 3436 3302 ergo
3461 3249 3610 3303 qua:-

2031 3323 2135 3377 stio
2168 3322 2312 3378 inter
2347 3325 2590 3382 homines
2621 3344 2756 3398 opus
2795 3329 2992 3382 habeat
3038 3327 3194 3396 longa
3233 3326 3608 3396 inquisitione,

2033 3423 2086 3467 et
2115 3427 2357 3471 serutatu
2409 3421 2560 3474 nobis
2615 3423 2684 3474 sit
2727 3403 2977 3488 difficilis,
3005 3428 3153 3474 certe
3206 3420 3320 3474 haec
3366 3429 3450 3474 est
3487 3435 3608 3488 qua:

2046 3510 2110 3560 ad
2143 3509 2407 3564 malorum
2435 3514 2694 3582 originem
2724 3524 2951 3582 spectat.

338 3597 504 3660 τόπος
531 3596 637 3649 τῶν
671 3597 727 3647 ἐν
761 3595 1062 3668 ἀνθρώποις
1106 3594 1400 3662 ἐξετάσεως
1454 3595 1705 3664 δεόμενος
1759 3595 2092 3667 δυσθήρατός
2125 3602 2238 3654 ἐστι
2273 3605 2338 3673 τῇ
2378 3606 2535 3673 φύσει
2588 3606 2767 3677 ἡμῶν,
2825 3608 2882 3658 ὲν
2924 3606 3130 3669 τούτοις
3161 3607 3253 3658 καὶ
3279 3608 3311 3676 ἡ
3339 3603 3449 3658 τῶν
3511 3622 3609 3658 κα..

343 3689 455 3745 κῶν
483 3689 708 3760 ταχθείη
742 3688 807 3743 ἂν
836 3689 1065 3758 γένεσις.

413 3781 566 3846 Εἶτα,
587 3782 662 3845 ὡς
692 3781 830 3852 ἔχων
863 3782 960 3852 μέν
993 3799 1111 3834 τινα
1142 3781 1269 3851 περὶ
1306 3781 1402 3851 τῆς
1434 3780 1542 3834 τῶν
1568 3780 1750 3834 κακῶν
1778 3780 1929 3848 γενέ-

344 3891 481 3938 σεως
519 3876 692 3927 εἰπεῖν
724 3875 1160 3946 ἀπορρητότεοα,
1195 3873 1415 3926 σιωπῶν
1441 3874 1483 3925 δ’
1509 3874 1710 3937 ἐκεῖνα,
1743 3874 1834 3926 καὶ
1861 3872 1930 3924 τὰ

341 3967 599 4039 πλήθεσιν
629 3968 931 4040 ἁρμόζοντα
959 3967 1152 4036 λέγων,
1182 3967 1312 4037 φησὶ
1352 3986 1369 4017 ι
1410 3966 1470 4019 τὸ
1503 3965 1748 4037 ἐξαρκεῖν
1779 3966 1929 4036 εἱρῆ-

344 4060 466 4113 σθαι
497 4062 575 4122 εἰς
603 4060 801 4130 πλῆθος
825 4061 932 4131 (59)
960 4081 977 4112 ι
1005 4061 1134 4131 περὶ
1163 4060 1262 4129 τῆς
1289 4059 1395 4112 τῶν
1429 4061 1612 4113 κακῶν
1641 4062 1924 4129 γενέσεως,

350 4170 368 4202 ι
409 4151 484 4213 ὡς
513 4153 574 4204 ὲκ
609 4151 742 4202 Θεοῦ
775 4151 871 4222 μὲν
903 4152 1001 4204 οὐκ
1034 4151 1147 4203 ἔστι
1177 4153 1341 4213 κακὰ,
1375 4151 1472 4223 ὒλῃ
1502 4151 1557 4203 δὲ
1587 4152 1924 4222 πρόσκειται,

345 4245 440 4298 καὶ
479 4246 591 4306 τοῖς
625 4243 834 4313 θνητοῖς
875 4242 1304 4313 ὲμπολιτεύεται.
1347 4263 1363 4292 ι
1406 4242 1622 4311 Ἀληθὲς
1679 4244 1774 4312 μὲν
1811 4240 1924 4306 οῦν,

2102 3787 2190 3840 66.
2228 3787 2426 3842 Deinde
2460 3787 2668 3850 Celsus,
2708 3787 2860 3861 quasi
2904 3787 3033 3856 quid
3089 3801 3346 3840 arcanum
3403 3786 3468 3839 de
3518 3784 3605 3838 illa

2032 3880 2293 3932 malorum
2327 3880 2537 3950 origine
2567 3880 2753 3932 dicere
2788 3879 3030 3942 haberet,
3061 3879 3203 3948 quod
3241 3885 3385 3932 Iacet
3423 3887 3482 3929 ut
3518 3878 3604 3929 ni-

2032 3969 2103 4021 hil
2137 3969 2374 4038 proferat
2403 3971 2502 4023 nisi
2529 3969 2667 4038 vulgi
2693 3969 2877 4036 captui
2912 3977 3324 4038 attemperalum
3356 3985 3406 4020 ε(
3431 3963 3604 4037 Vulgo

2033 4061 2165 4115 satis
2206 4070 2286 4116 est
2328 4061 2525 4129 dicere,
2561 4081 2579 4113 ι
2613 4061 2809 4127 inquit,
2841 4078 2859 4112 ι
2899 4059 3034 4113 mala
3081 4075 3188 4114 non
3240 4073 3359 4114 esse
3399 4073 3429 4110 a
3468 4057 3600 4119 Deo,

2033 4156 2126 4208 sed
2159 4155 2209 4208 in
2235 4155 2456 4208 materia
2502 4155 2706 4208 haerere
2746 4162 2802 4207 et
2842 4154 2985 4207 inter
3027 4153 3276 4206 mortalia
3307 4151 3534 4204 versari.
3575 4166 3596 4201 ι

2034 4246 2147 4300 Hoc
2174 4261 2359 4299 verum
2385 4245 2600 4314 quidem
2630 4256 2732 4306 est,
2765 4244 2904 4296 mala
2943 4259 3047 4297 non
3079 4257 3196 4296 esse
3226 4257 3254 4294 a
3289 4243 3418 4295 Deo.
3446 4238 3602 4294 lere--

345 4337 427 4391 δτι
461 4338 561 4390 οὐκ
588 4336 702 4390 ἔστι
739 4336 883 4390 κακὰ
921 4337 986 4389 ὲκ
1023 4335 1177 4390 Θεοῦ.
1218 4336 1328 4388 Καὶ
1367 4336 1507 4388 κατὰ
1533 4335 1620 4387 τὸν
1660 4336 1926 4407 Ἰερεμίαν

2034 4339 2170 4390 mias
2214 4339 2355 4391 enim
2398 4347 2582 4391 noster
2631 4337 2872 4391 declarat
2911 4352 2929 4385 ι
2979 4352 3044 4390 ex
3096 4349 3190 4388 ore
3236 4332 3444 4388 Domini
3493 4348 3602 4386 non

347 4430 455 4501 γὰρ
485 4429 641 4500 ἡμῶν
671 4429 855 4498 σαφὲς,
889 4429 968 4481 ὅτι
1004 4448 1021 4478 ι
1061 4431 1124 4481 ὲκ
1165 4428 1429 4498 στόματος
1459 4426 1662 4498 Κυρίου
1709 4428 1808 4479 οὐκ
1844 4427 1929 4490 ἐξ-

344 4523 620 4576 ελεύσεται
651 4521 718 4574 τὰ
750 4521 894 4574 κακὰ
924 4521 1017 4574 καῖ¹
1059 4520 1121 4573 τὸ
1157 4519 1360 4588 ἀγαθόν
1381 4536 1393 4549 ·
1439 4538 1456 4569 ›
1488 4518 1548 4570 τὺ
1585 4518 1639 4570 δὲ
1668 4519 1766 4589 τὴν
1797 4517 1928 4588 ὓλην

344 4617 455 4678 τοῖς
488 4614 698 4686 θνητοῖς
727 4613 1220 4684 ὲμπολιτευομένην
1267 4611 1444 4664 αἰτίαν
1493 4609 1631 4664 εἶναι
1677 4611 1784 4663 τῶν
1830 4627 1930 4663 κα-

346 4709 458 4764 κῶν
495 4711 614 4762 καθ’
645 4710 791 4780 ἡμᾶς
814 4708 912 4761 οὐκ
936 4706 1150 4777 ἀληθές.
1182 4707 1254 4758 Τὸ
1285 4705 1392 4776 γὰρ
1424 4704 1651 4758 ἑκάστου
1677 4706 1931 4774 ἡγεμονι-

347 4801 444 4854 κὸν
473 4801 642 4854 αῖτιον
665 4801 762 4870 τῆς
794 4799 1103 4869 ὑποστάσης
1132 4799 1188 4851 ὲν
1211 4797 1358 4868 αὐτῷ
1389 4797 1584 4860 κακίας
1614 4798 1780 4856 ἐστὶν,
1806 4797 1928 4866 ἥτις

349 4891 467 4945 δστὶ
493 4892 553 4944 τὺ
580 4893 743 4946 κακόν
765 4909 778 4921 ·
827 4893 972 4944 κακὰ
1010 4891 1066 4943 δὲ
1115 4892 1208 4945 καὶ
1259 4892 1313 4943 αἱ
1347 4891 1440 4942 ἀπ’
1472 4889 1641 4959 αὐτῆς
1672 4889 1923 4959 πράξεις’

347 4985 446 5042 καὶ
490 4983 615 5037 ἄλλο
659 4985 827 5048 οὐδὲν,
857 4986 931 5049 ὼς
978 4984 1111 5055 πρὸς
1160 4981 1359 5054 ἀκριϐῆ
1405 4981 1580 5050 λόγον,
1612 4980 1731 5033 καθ’
1779 4979 1927 5050 ἡμᾶς

348 5078 467 5132 ἐστι
516 5077 700 5131 κακόν.
747 5078 881 5132 Ἀλλ’
931 5073 1046 5130 οἶδα
1095 5077 1183 5130 τὸν
1227 5075 1382 5143 λόγον
1429 5075 1676 5144 δεόμενον
1727 5071 1926 5142 πολλῆς

351 5165 673 5239 ἐξεργασίας
701 5168 795 5219 καὶ
830 5166 1172 5235 κατασκευῆς
1203 5165 1404 5235 (χάριτι
1431 5162 1565 5216 Θεοῦ
1605 5160 1928 5232 φωτίζοντος

350 5262 411 5314 τὸ
438 5255 799 5331 ἡγεμονικόν),
828 5257 1134 5327 δυναμένων
1164 5255 1410 5324 γενέσθαι
1453 5253 1528 5324 τῷ
1561 5251 1796 5323 κριθέντι
1828 5249 1929 5301 ὑπὸ

421 5441 540 5475 ³⁵⁸³³
572 5440 774 5496 Thren.
809 5450 894 5501 ut,
915 5432 1004 5490 ‘58.

426 5655 534 5726 (37')
565 5651 814 5726 Θνητοῖς
833 5647 1296 5726 ἐμπολιτεύξται.
1341 5643 1419 5726 lla
1451 5652 1599 5698 recte
1633 5642 1797 5697 codex
1826 5641 1918 5726 .12—

355 5710 531 5779 lialms
565 5727 616 5778 in
649 5710 906 5790 margine,
944 5721 1132 5790 sicque
1167 5716 1448 5790 legendum
1477 5729 1542 5790 ex
1577 5727 1800 5771 numero
1826 5710 1912 5766 66.

358 5796 510 5850 Libb.
541 5795 687 5861 editi,
717 5785 901 5857 κακοῖς
928 5785 1356 5864 ὲμπὸλιτεύεται,
1390 5785 1549 5841 male.

2035 4443 2318 4496 egressura
2346 4443 2443 4481 nec
2483 4427 2619 4480 mala
2662 4442 2759 4479 nec
2805 4422 3092 4478 bona“'“.
3125 4442 3143 4475 ι
3181 4421 3284 4476 Sed
3319 4421 3601 4474 materiam

2036 4528 2355 4572 naturarum
2405 4517 2709 4570 mortalium
2741 4514 2901 4586 555I
2951 4511 3223 4582 propriam
3271 4523 3387 4562 esse
3437 4507 3602 4560 ntale-

2036 4625 2154 4662 rum
2193 4623 2434 4672 causam,
2469 4607 2519 4660 id
2545 4622 2670 4660 vero
2698 4621 2971 4674 negamus.
3001 4604 3132 4655 Nam
3161 4616 3254 4654 sua
3288 4599 3481 4666 cuique
3512 4612 3603 4649 vo-

2038 4703 2214 4755 luntas
2239 4715 2402 4754 causa
2442 4698 2541 4767 ipsi
2566 4705 2648 4751 est
2688 4696 2922 4757 malilim,
2947 4709 3064 4762 quia
3111 4691 3306 4743 malum
3338 4698 3441 4752 est,
3467 4703 3523 4739 ιιι
3549 4696 3604 4739 et

2034 4793 2174 4846 mala
2205 4799 2332 4846 sunt
2361 4791 2601 4844 actiones
2627 4787 2692 4840 ad
2721 4803 2854 4855 quas
2893 4783 3194 4852 compellit;
3238 4795 3411 4850 neque
3442 4779 3600 4848 quid-

2032 4899 2194 4953 quam
2252 4883 2417 4944 aliud,
2464 4881 2508 4935 si
2562 4888 2813 4934 accurate
2872 4878 3013 4945 loqui
3070 4875 3347 4936 volumus,
3399 4871 3598 4926 malum

2033 4975 2451 5030 existimandum
2503 4983 2606 5026 est.
2638 4971 2750 5026 Nec
2798 4985 2918 5025 sum
2973 4980 3148 5023 tamen
3201 4967 3415 5022 nescius
3465 4967 3604 5016 hanc

2033 5069 2391 5138 qumstionetu
2424 5081 2527 5120 non
2558 5067 2658 5118 nisi
2691 5080 2877 5136 magna
2901 5063 3176 5132 diligentia
3213 5056 3602 5128 exquisitisque

2034 5160 2363 5228 argumentis
2402 5172 2520 5214 esse
2547 5157 2977 5227 pertractandam
3006 5173 3019 5207 :
3056 5169 3176 5224 qua:
3205 5156 3522 5220 argumenta
3556 5144 3604 5195 is

2038 5251 2182 5307 solus
2227 5251 2462 5321 reperire
2509 5259 2704 5318 potest,
2735 5249 2886 5314 cujus
2945 5245 3035 5300 Dei
3070 5244 3238 5314 gratia
3275 5246 3505 5294 mentem
3540 5231 3605 5285 il-

2094 5633 2201 5702 (58)
2236 5630 2389 5684 Libb.
2413 5628 2549 5702 editi
2581 5623 2928 5702 in_margiue.
2960 5611 3398 5702 γέννιηταιηιιιτιιοῖ

2221 5702 2382 5755 Iidem
2412 5699 2462 5775 i_n
2495 5696 2754 5765 margine,
2782 5684 2914 5759 πρὸς
2939 5684 3157 5758 πλῆθος,
3184 5695 3238 5738 et
3268 5684 3427 5754 paulo
3455 5688 3604 5751 post,

2024 5768 2122 5829 οὐκ
2152 5774 2174 5825 ἔ
2181 5768 2264 5825 στι
2293 5768 2496 5839 κακόν.⁴
