3986 6164
394 258 429 312 1
451 260 544 315 157
1611 260 1890 320 CONTRA
1927 258 1945 315 1

2057 259 2206 315 .SUM
2241 259 2374 316 LIB.
2413 257 2501 314 ιν.
3092 297 3102 312 .
3528 256 3656 312 1153

387 378 606 439 παντὸς
632 374 938 449 ἐκπύρωσιν
961 419 976 438 ,
1019 381 1310 451 ἀπειράκις
1334 376 1631 453 γενομένην
1649 423 1663 447 ,
1693 383 1787 436 καὶ
1814 383 1940 435 ἀπει

2078 397 2226 448 nem,
2247 396 2365 450 qua:
2385 381 2497 450 jam
2532 379 2791 435 inllnities
2819 376 3018 433 accidit
3048 385 3100 432 et
3131 376 3394 430 infinities
3425 379 3657 437 accidet,

390 470 565 540 ράκις
597 469 938 543 έσομένην,ἠ
979 472 1115 544 αὑτὴ
1155 473 1308 540 τάξις
1348 476 1442 527 ἀπ’
1483 476 1658 546 ἀρχῆς
1702 477 1862 548 μέχρι
1895 479 1945 531 τέ

2082 474 2270 527 eodem
2298 472 2492 528 ordine
2519 487 2548 525 a
2585 471 2849 541 principio
2886 470 2950 523 ad
3008 469 3167 523 tinem
3212 468 3392 523 omnia
3440 467 3656 522 fuerunt

382 553 526 620 λους
563 558 776 612 πάντων
801 561 990 630 γέγονέ
1015 580 1074 616 τε
1100 566 1192 618 καὶ
1235 564 1404 620 ἔσται.
1438 567 1770 639 Πειρώμενοι
1800 571 1945 640 μέντε

2083 563 2370 634 futuraque
2415 572 2562 618 sunt.
2608 563 2930 631 Quanquam
2977 561 3152 615 Stoici
3198 560 3354 626 hujus
3383 560 3656 629 opinionis

379 647 723 720 θεραπεύειν
750 671 866 717 πως
891 656 989 722 τὰς
1025 661 1368 731 άπεμφάσεις
1410 663 1458 714 οἱ
1501 661 1608 715 άπὸ
1647 663 1748 732 τῆς
1788 665 1945 727 Στοᾶς

432 740 448 757 .
577 738 642 757 ν...
674 745 696 757 ..
904 750 915 757 .
1082 753 1124 757 __
1163 753 1171 757 .
1499 755 1505 757 .
1587 754 1604 757 ν.
1718 755 1728 757 _

2082 655 2444 710 absurditates
2472 654 2818 724 aliquomodo
2843 653 3092 707 emollire
3123 663 3412 707 conantur.
3445 652 3656 724 Quippe

378 740 500 796 οὐκ
547 738 642 796 οἶδ’
670 745 845 811 ὅπως,
892 750 1344 823 ἀπαραλλάκτους
1388 755 1550 824 φασὶν
1581 754 1798 808 ἔσεσθαι
1839 775 1941 810 κατ

2080 747 2234 800 aiunt
2281 748 2462 801 nescio
2513 747 2783 817 quomodo
2812 747 3082 800 redituros
3115 761 3305 800 omnes
3339 747 3498 799 statis
3533 762 3657 800 con-

383 837 652 906 περίοδον
695 844 808 903 τοῖς
854 843 960 896 ἀπὸ
985 843 1092 898 τῶν
1137 847 1414 918 προτέρων
1443 848 1704 918 περιόδων
1729 849 1935 914 πάντας

2083 838 2457 904 versionihus,
2509 839 2599 907 qui
2651 837 2856 892 similes
2910 838 3133 892 omnino
3179 838 3287 891 sint
3344 837 3656 891 hominibus

379 923 486 979 ἵνα
513 927 584 999 μὴ
612 931 904 1004 Σωκράτης
927 934 1087 988 πάλιν
1128 937 1384 1007 γένηται,
1413 936 1531 991 ἀλλ’
1565 940 1945 1012 ἀπαράλλακτό

2081 929 2320 996 priorum
2352 929 2766 984 conversionum
2794 947 2806 982 :
2843 930 2916 984 ita
2945 940 3004 984 ut
3029 947 3136 984 non
3167 930 3427 985 Socrates
3463 943 3654 982 rursus

382 1033 484 1080 τις
522 1017 598 1088 τῷ
636 1020 944 1091 Σωκράτει,
973 1027 1240 1096 γαμήσων
1267 1027 1682 1098 ἀπαράλλακτον
1708 1029 1806 1100 τὴν
1837 1031 1944 1084 Ξαν

385 1102 603 1125 ﬂ!__,_,.
651 1107 753 1125 II~\
907 1113 918 1125 ι
1261 1113 1284 1125 Α
1379 1115 1390 1125 ι
1607 1118 1618 1125 .
1677 1117 1688 1125 .
1741 1118 1752 1125 .
1921 1119 1934 1125 -

2083 1023 2292 1076 futurus
2321 1023 2410 1087 sit,
2433 1022 2524 1074 sed
2555 1022 2820 1090 quispiam
2843 1024 3056 1078 Socrati
3091 1039 3187 1092 per
3216 1023 3397 1077 omnia
3429 1023 3648 1087 similis;

384 1102 606 1176 θίππην
647 1107 757 1178 (47)
782 1150 796 1173 ,
835 1113 928 1165 καὶ
973 1113 1555 1186 κατηγορηθησόμενος
1598 1117 1702 1170 ὑπὸ
1729 1118 1945 1187 άπαραλ

2081 1113 2230 1180 isque
2251 1114 2510 1167 ducturus
2537 1126 2760 1167 uxorein
2782 1113 2854 1166 sit
2878 1112 3202 1182 Xanthippae
3226 1114 3383 1181 plane
3397 1113 3652 1180 similem,

382 1194 610 1252 λάκτων
656 1202 860 1275 Ἀνύτῳ
893 1207 986 1258 καὶ
1011 1205 1246 1278 Mali-up.
1293 1209 1404 1262 Οὐκ
1447 1206 1565 1263 οἶδα
1605 1210 1661 1262 δὲ
1691 1211 1850 1274 πῶςὸ
1879 1211 1944 1282 μὲ

2078 1213 2133 1257 et
2177 1205 2517 1259 accusandus
2566 1205 2638 1258 sit
2687 1204 2756 1258 ab
2803 1204 3115 1260 hominibus
3156 1206 3248 1274 qui
3300 1207 3535 1276 Anytum
3595 1217 3652 1260 et

383 1286 601 1360 κόσμος
627 1293 715 1346 ἀεὶ
748 1296 776 1346 6
809 1297 971 1361 αὐτός
999 1298 1136 1361 ἐστι,
1164 1300 1258 1352 καὶ
1283 1301 1381 1353 οὐκ
1413 1301 1831 1372 ἀπαράλλακτος
1854 1302 1940 1356 ἒτε

2078 1294 2318 1350 Melitum
2349 1297 2492 1350 omni
2523 1310 2589 1350 ex
2625 1306 2776 1366 parte
2809 1295 3070 1350 referant.
3108 1295 3225 1350 Non
3274 1298 3518 1369 intelligo
3569 1308 3650 1351 ta-

390 1399 490 1450 ρος
527 1385 700 1456 ἑτέρῳ
723 1403 736 1416 ·
764 1387 833 1441 τά
856 1388 901 1441 δ’
926 1391 984 1442 ὲν
1013 1391 1161 1462 αὐτῷ
1195 1393 1253 1445 οὐ
1284 1393 1351 1447 τά
1372 1388 1548 1456 αὐτὰ,
1574 1394 1690 1448 ἀλλ’
1729 1395 1945 1466 άπαράλ

2080 1403 2201 1440 tuen
2234 1387 2523 1454 quomodo,
2561 1403 2684 1441 cum
2717 1387 2857 1441 idem
2893 1402 3110 1457 semper
3139 1398 3356 1442 maneat
3393 1390 3645 1454 mundus,

387 1471 585 1527 λακτα.
628 1476 784 1531 Ἀλλὰ
814 1478 919 1550 γὰρ
946 1483 974 1533 6
999 1483 1406 1554 προηγούμενος
1427 1486 1520 1538 καὶ
1544 1485 1680 1557 πρὸς
1704 1486 1804 1550 τὰς
1833 1487 1943 1540 Κέλ

2077 1495 2174 1534 nec
2208 1479 2348 1534 alter
2370 1479 2522 1534 alteri
2556 1482 2628 1534 sit
2657 1481 2881 1535 omnino
2921 1481 3120 1535 similis
3142 1521 3158 1547 ,
3189 1496 3309 1551 quae
3349 1483 3402 1537 in
3445 1485 3647 1538 mundo

391 1580 489 1616 σου
526 1565 700 1632 λέξεις
727 1570 820 1622 καὶ
866 1572 1000 1642 πρὸς
1027 1575 1153 1637 τοὺς
1196 1575 1302 1628 ἀπὸ
1345 1577 1443 1646 τῆς
1475 1579 1643 1640 Στοᾶς
1669 1578 1824 1647 λόγος
1863 1579 1945 1648 (48

2075 1579 2204 1623 sunt
2231 1571 2466 1625 reditura
2497 1571 2627 1634 sint,
2661 1587 2763 1624 non
2793 1571 3006 1638 eadem,
3039 1573 3133 1626 sed
3170 1575 3396 1627 omnino
3422 1575 3644 1629 similia.

389 1655 775 1729 εὐκαιρότερον
801 1663 857 1714 ὲν
882 1661 1061 1726 ἄλλοις
1094 1663 1509 1738 ἐξετασθήσεται
1527 1685 1538 1696 ·
1570 1668 1693 1721 ἐπεὶ
1732 1669 1804 1740 μὴ
1832 1686 1945 1722 κατ‹

2077 1662 2181 1718 Sed
2212 1674 2264 1720 et
2302 1679 2421 1734 quae
2453 1666 2588 1719 dixit
2619 1666 2707 1719 hic
2747 1667 2955 1729 Celsus,
2987 1677 3040 1720 et
3073 1681 3194 1736 qua:
3229 1666 3394 1722 Stoici
3425 1668 3644 1733 docent,

385 1745 481 1801 c6v
529 1751 772 1821 παρόντα
814 1753 1002 1826 καιρὸν
1043 1757 1135 1808 καὶ
1171 1757 1268 1830 τὴν
1310 1760 1664 1830 ἐνεστηκυίαν
1712 1761 1945 1832 πρόθεσι·

2074 1760 2408 1814 commodior
2448 1761 2552 1812 erit
2596 1760 2731 1814 alias
2761 1760 3090 1815 discutiendi
3135 1764 3392 1818 occasio:
3426 1769 3643 1834 quando

388 1839 617 1912 ἁρμόζει
646 1844 702 1896 ὲν
729 1843 938 1909 τούτοις
969 1847 1280 1903 πλεονάσαι.
1445 1852 1448 1855 ’

2069 1851 2135 1905 de
2183 1851 2250 1906 iis
2303 1851 2545 1922 pluribus
2591 1851 2860 1908 disserere
2907 1868 3006 1909 nec
3045 1858 3328 1924 praesentis
3380 1863 3639 1928 temporis

458 2017 611 2070 Μετὰ
650 2019 820 2074 ταῦτα
868 2023 1033 2091 λέγει,
1058 2043 1075 2075 ι
1105 2025 1327 2081 ὅτιοῦτε
1369 2029 1437 2083 τά
1463 2031 1713 2103 ὁρώμενα
1757 2033 1964 2106 ἀνθρώ-

388 2123 475 2179 πῳ
498 2109 605 2182 (49)
649 2112 874 2180 δέδοται,
901 2117 1016 2170 ἀλλ’
1062 2118 1270 2177 ἕκαστα
1309 2122 1404 2176 τοῦ
1431 2123 1554 2178 ὅλου
1585 2129 1856 2200 σωτηρίας
1888 2131 1964 2182 εἴη

380 2217 518 2254 νεκα
557 2203 766 2272 γίνεταί
817 2225 878 2260 τε
923 2209 1018 2262 καὶ
1067 2211 1396 2280 ἀπόλλυται,
1442 2215 1563 2270 καθ’
1594 2220 1660 2288 ἢν
1703 2222 1962 2290 προεῖπον

377 2293 612 2368 ἀμοιϐὴν
660 2299 719 2363 ἐξ
756 2300 997 2373 ἀλλήλων
1043 2306 1123 2368 είς
1171 2305 1393 2379 ἄλληλα.
1437 2329 1455 2360 ι
1499 2311 1763 2382 Περισσὸν
1800 2313 1854 2366 δὲ
1902 2313 1964 2368 τὸ

378 2387 818 2460 προσδιατρίὸειν
859 2396 924 2464 τῇ
976 2393 1178 2450 τούτων
1209 2399 1512 2472 ἀνατροπῇ,
1546 2402 1686 2456 κατὰ
1735 2403 1962 2476 δύναμιν

374 2479 510 2548 ἡμῖν
540 2485 949 2559 προεκτεθείσῃ.
983 2489 1214 2562 Εἴρηται
1241 2493 1298 2545 δὲ
1323 2495 1417 2547 καὶ
1448 2499 1529 2560 εἰς
1555 2496 1734 2560 τοῦτο,
1770 2518 1788 2550 ‹
1824 2499 1960 2553 Οὔτε

376 2570 447 2623 τὰ
497 2572 677 2639 ἀγαθὰ
714 2574 836 2630 οὔτε
870 2579 938 2633 τὰ
978 2582 1122 2636 κακὰ
1165 2586 1222 2636 ὲν
1267 2587 1380 2649 τοῖς
1427 2586 1638 2657 θνητοῖς
1679 2589 1884 2644 ἐλάττω
1924 2592 1957 2663 ἢ

379 2661 549 2716 πλείω
574 2665 769 2733 γένοιτ’
799 2669 883 2723 ἄν.
927 2691 944 2722 ι
975 2673 1236 2729 Λέλεκται
1274 2677 1368 2730 καὶ
1416 2681 1496 2742 είς
1523 2677 1584 2732 τὸ
1604 2721 1617 2743 ,
1660 2700 1678 2732 ‹
1720 2681 1857 2735 Οὔτε
1884 2661 1961 2755 τῷ

378 2753 499 2824 Θεῷ
525 2759 845 2831 καινοτέρας
869 2762 950 2816 δεῖ
979 2765 1340 2837 διορθώσεως.
1376 2788 1395 2821 ι
1451 2769 1589 2822 Ἀλλ’
1623 2771 1732 2825 οὐδ’
1769 2773 1845 2838 ὡς
1873 2753 1962 2830 ἄνη

377 2843 595 2916 θρωπος
623 2854 1022 2923 τεκτηνάμενός
1046 2873 1098 2909 τι
1128 2858 1340 2922 ἐνδεῶς,
1372 2860 1464 2914 καὶ
1493 2862 1840 2934 ἁτεχνότερον
1871 2865 1962 2936 δη-

378 2941 718 3011 μιουργήσας
751 2944 780 2994 6
810 2943 962 3012 Θεὸς,
1018 2949 1284 3018 προσάγει
1326 2950 1612 3022 διόρθωσιν
1640 2953 1718 3023 τῷ
1746 2955 1954 3027 κόσμῳ,

375 3028 652 3101 καθαίρων
683 3034 845 3086 αὐτὸν
876 3037 1246 3109 κατακλυσμῷ
1275 3041 1308 3112 ἢ
1335 3042 1664 3113 ἐκπυρώσει,
1701 3043 1834 3098 ἀλλὰ
1858 3045 1957 3118 τὴν

376 3119 532 3190 χύσιν
557 3121 658 3192 τῆς
689 3126 884 3191 κακίας
912 3127 1134 3183 κωλύων
1173 3131 1267 3184 ἐπὶ
1296 3131 1477 3186 πλεῖον
1517 3134 1774 3205 νέμεσθαι
1800 3155 1812 3168 ο
1841 3138 1952 3208 ὲγὼ
1981 3119 2022 3176 C

373 3209 418 3262 δ’
450 3207 622 3282 οἶμαι,
650 3215 730 3268 ὅτι
764 3217 858 3270 καὶ
898 3219 1072 3289 πάντη
1103 3221 1448 3292 τεταγμένως
1479 3223 1648 3297 αὐτὴν
1672 3227 1950 3295 ἀφανίζων

379 3303 760 3374 συμφερόντως
808 3306 886 3378 τῷ
925 3311 1085 3362 παντί
1129 3311 1260 3382 (50).
1310 3314 1373 3366 El
1411 3314 1468 3367 δὲ
1516 3317 1653 3386 μετὰ
1686 3318 1779 3370 τὸν
1811 3320 1946 3389 ἁφα-

372 3393 564 3463 νισμὸν
592 3395 690 3466 τῆς
718 3397 913 3463 κακίας
942 3399 1096 3468 λόγον
1119 3402 1230 3474 ἔχει
1253 3404 1313 3456 τὸ
1341 3405 1499 3459 πάλιν
1527 3409 1696 3480 αὐτὴν
1723 3411 1948 3478 ὑφίστα-

371 3482 495 3537 σθαι
527 3485 558 3556 ῆ
595 3486 688 3558 μὴ,
725 3490 782 3541 ἐν
810 3495 1206 3566 προηγουμένῳ
1235 3494 1375 3567 λόγῳ
1403 3495 1471 3550 τὰ
1509 3499 1733 3552 τοιαῦτα
1761 3500 1946 3566 ἐξετα-

371 3574 626 3647 σθήσεται
652 3578 784 3652 (5|).
815 3581 968 3637 Θέλει
995 3581 1086 3639 οὖν
1129 3587 1215 3640 διὰ
1253 3589 1572 3662 καινοτέρας
1610 3591 1947 3663 διορθώσεως

367 3667 456 3720 ἀεὶ
483 3670 511 3720 ὀ
561 3669 693 3735 Θεὸς
721 3671 790 3726 τὰ
827 3675 1117 3747 σφάλματα
1165 3677 1565 3750 ἀναλαμϐάνειν
1589 3701 1601 3712 ·
1634 3685 1681 3736 εξ
1716 3683 1826 3755 γὰρ
1851 3686 1945 3739 καὶ

364 3757 623 3814 τέτακται
673 3763 820 3836 αὐτῷ
866 3767 1044 3821 πάντα
1098 3769 1356 3824 κάλλιστα
1418 3775 1511 3826 καὶ
1560 3776 1944 3845 ἀσφαλέστατα

365 3851 507 3904 κατὰ
549 3852 646 3925 τὴν
695 3856 802 3910 τῶν
850 3859 984 3914 ὅλων
1027 3861 1418 3936 δημιουργίαν,
1461 3868 1575 3922 ἀλλ’
1606 3871 1757 3926 οὐδὲν
1783 3869 1943 3944 ἧττον

367 3945 618 4016 ιατρικῆς
652 3964 797 4013 τινος
849 3952 998 4024 αὐτῷ
1039 3954 1258 4026 ἐδέησεν
1303 3959 1396 4011 ἐπὶ
1429 3963 1540 4024 τοῖς
1569 3961 1679 4033 (59.)
1719 3963 1818 4036 τὴν
1844 3983 1944 4019 κα-

365 4035 489 4090 .ιίαν
515 4039 749 4102 νοσοῦσι,
775 4045 867 4096 καὶ
883 4047 1042 4099 παντὶ
1071 4046 1147 4118 τῷ
1167 4050 1355 4121 κόσμῳ
1385 4051 1476 4104 ὑπ’
1508 4054 1679 4124 αὐτῆς
1701 4057 1943 4131 ὡσπερεὶ

366 4127 733 4201 μολυνομένῳ.
772 4133 882 4187 Καὶ
912 4136 1062 4190 οὐδέν
1083 4155 1145 4206 γε
1173 4140 1439 4213 ἠμέληται
1462 4143 1542 4212 τῷ
1567 4144 1704 4216 Θεῷ,
1741 4147 1773 4219 ἢ
1804 4127 1942 4220 άμε-

362 4217 676 4292 ληθήσεται,
700 4224 940 4279 ποιοῦντι
974 4228 1096 4281 καθ’
1125 4229 1355 4285 ’ἑκαστον
1385 4235 1593 4306 καιρὸν,
1624 4238 1760 4310 ὅπερ
1786 4239 1941 4313 ἔπρε-

361 4329 463 4365 πεν
495 4313 658 4368 αὑτὸν
685 4321 855 4370 ποιεῖν
883 4320 940 4371 ἐν
981 4321 1229 4392 στρεπτῷ
1255 4325 1346 4377 καὶ
1379 4326 1699 4400 μεταϐλητῷ
1726 4331 1935 4405 κόσμῳ.

361 4405 470 4457 Καί
495 4403 684 4478 ὥσπερ
713 4412 957 4482 γεωργὸς
985 4413 1122 4468 κατὰ
1158 4415 1257 4480 τάς
1289 4416 1549 4490 διαφοράς
1581 4419 1689 4493 (55)
1714 4423 1818 4476 τῶν
1841 4403 1935 4479 τοῦ

2064 1952 2169 2010 est,
2197 1959 2298 1999 nec
2327 1945 2582 1998 instituti.

2137 2035 2224 2092 69.
2257 2035 2385 2091 Post
2432 2037 2545 2092 haec
2576 2036 2804 2092 Celsus:
2846 2057 2864 2089 ι
2911 2037 3027 2094 Non
3081 2041 3287 2095 homini
3331 2043 3455 2098 data
3511 2056 3642 2101 sunt

2066 2143 2186 2198 qua:
2216 2128 2487 2182 videntur.
2527 2127 2719 2183 Omnia
2773 2141 3072 2185 nascuntur
3121 2145 3175 2186 et
3203 2145 3432 2203 pereunt
3475 2137 3635 2205 hujus

2065 2219 2438 2274 universitatis
2473 2234 2660 2283 causa,
2695 2229 2749 2274 et
2779 2235 2845 2276 ex
2880 2223 2998 2277 aliis
3037 2223 3090 2277 in
3118 2224 3221 2278 alia
3262 2236 3540 2281 mutantur
3571 2245 3636 2283 eo

2064 2327 2171 2380 quo
2198 2311 2308 2366 dixi
2341 2313 2517 2365 modo.
2561 2330 2579 2364 ι
2612 2311 3025 2382 Supervacuum
3077 2315 3242 2371 fuerit
3282 2317 3334 2370 in
3387 2319 3452 2372 iis
3483 2319 3628 2374 refu-

2067 2402 2243 2459 tandis
2275 2404 2577 2469 immorari,
2605 2419 2727 2460 cum
2762 2420 2822 2460 ea
2850 2406 2965 2472 jam
3014 2417 3141 2463 ante
3180 2426 3277 2476 pro
3309 2411 3516 2466 viribus
3551 2429 3638 2469 re-

2064 2493 2375 2549 futaverim.
2409 2494 2744 2565 Responsum
2787 2507 2873 2552 est
2925 2500 2992 2552 ad
3035 2499 3209 2568 istud,
3249 2520 3268 2553 ‹
3305 2517 3478 2573 neque
3509 2520 3641 2573 pau-

2064 2588 2210 2642 ciora
2244 2603 2420 2658 neque
2447 2588 2602 2659 plura
2638 2589 2819 2644 futura
2844 2606 2963 2646 esse
2989 2593 3128 2646 bona
3159 2596 3368 2649 malave
3397 2597 3449 2649 in
3477 2597 3638 2652 rebus

2062 2680 2405 2735 mortalibus.
2442 2699 2460 2733 ι
2489 2679 2681 2734 Refelli
2735 2683 2896 2736 etiam
2945 2686 3088 2754 quod
3116 2685 3274 2751 dixit,
3307 2705 3324 2738 ι
3362 2703 3466 2742 non
3503 2705 3638 2759 Opus

2061 2783 2185 2826 esse
2234 2773 2365 2837 Deo,
2395 2782 2454 2826 ut
2501 2788 2599 2827 sua
2647 2788 2814 2844 opera
2867 2775 3044 2831 denuo
3079 2779 3349 2835 emendet.
3391 2800 3410 2833 ι
3449 2779 3634 2852 Neque

2060 2863 2206 2916 enim
2243 2864 2402 2928 Deus,
2433 2879 2556 2918 cum
2596 2866 2826 2935 corrigit
2871 2877 3172 2938 purgatque
3205 2872 3462 2926 mundum
3493 2873 3636 2928 dilu-

2060 2956 2148 3008 vio
2183 2963 2277 3010 aut
2307 2953 2733 3026 conﬂagratione
2756 2999 2770 3023 ,
2814 2959 2864 3013 id
2916 2961 3046 3015 facit
3081 2978 3228 3018 more
3261 2965 3507 3031 artificis,
3539 2983 3635 3021 cu-

2053 3047 2142 3116 jus
2172 3049 2323 3116 operi
2357 3052 2570 3104 deesset
2599 3051 2874 3122 quidpiam
2909 3062 2999 3106 aut
3038 3067 3182 3109 esset
3227 3059 3429 3127 aliquid
3469 3061 3584 3115 vitii
3613 3080 3626 3129 ;

2057 3140 2149 3195 sed
2177 3151 2308 3197 tunc
2339 3143 2599 3198 malitiam
2627 3159 2848 3201 coercet
2881 3163 2947 3202 ne
2974 3149 3134 3206 latins
3162 3165 3462 3222 grassetur.
3486 3155 3627 3223 Quin

2056 3245 2112 3288 et
2155 3251 2272 3289 eam
2320 3251 2350 3290 a
2388 3237 2496 3292 Deo
2543 3240 2781 3295 arbitror
2826 3258 3050 3312 prorsus
3101 3245 3303 3301 aboleri
3337 3249 3472 3304 ratis
3504 3251 3629 3318 qui-

2055 3324 2283 3382 busdam
2318 3330 2673 3400 temporibus,
2703 3343 2754 3386 et
2779 3335 2844 3388 ad
2867 3337 3239 3393 univcrsitatis
3259 3344 3622 3398 commodum.

2052 3417 2132 3472 An
2171 3433 2317 3484 vero,
2347 3431 2630 3492 postquam
2669 3425 2742 3480 ita
2771 3428 3040 3484 exstincta
3071 3428 3195 3495 fuit,
3226 3433 3366 3486 ratio
3410 3434 3482 3487 sit
3528 3450 3626 3489 cur

2053 3511 2376 3579 reviviscat,
2427 3531 2640 3584 necne,
2697 3523 2924 3588 qumStio
2974 3523 3134 3592 digna
3200 3533 3286 3580 est
3333 3541 3454 3595 quae
3497 3530 3621 3582 data

2050 3615 2215 3670 opera
2265 3602 2392 3657 alibi
2444 3606 2802 3679 disceptetur.
2868 3611 2994 3666 Vult
3054 3613 3217 3682 igitur
3269 3616 3410 3672 Deus
3467 3623 3622 3674 novis

2049 3706 2264 3762 semper
2313 3699 2750 3756 correctionibus
2794 3701 3107 3760 instaurare
3176 3707 3429 3778 collapsa.
3485 3709 3618 3764 Nam

2047 3786 2173 3852 etsi,
2205 3802 2326 3842 eum
2357 3791 2614 3846 mundum
2652 3795 2932 3864 conderet,
2966 3799 3100 3854 nihil
3145 3799 3332 3855 fecerit
3374 3803 3472 3856 nisi
3505 3805 3620 3874 pul-

2048 3879 2379 3935 cherrimum
2410 3882 3006 3960 absolutissimumque,
3054 3906 3188 3961 opus
3219 3893 3404 3949 habuit
3437 3903 3616 3950 tamen

2048 3971 2306 4028 adhibere
2333 3975 2579 4044 quaedam
2613 3982 2854 4036 remedia
2897 3983 2961 4037 iis
3002 3999 3122 4053 qua:
3157 3986 3359 4040 malitia
3398 3987 3615 4042 labora-

2045 4063 2198 4133 bant,
2224 4079 2278 4122 et
2313 4069 2409 4122 loti
2444 4069 2784 4126 universitati
2818 4089 2983 4144 quam
3027 4077 3117 4131 illa
3149 4081 3468 4149 corrumpit.
3504 4080 3614 4137 Nec

2045 4176 2279 4230 unquam
2315 4167 2554 4236 neglexit
2596 4169 2737 4222 Deus
2784 4175 2881 4221 aut
2922 4171 3271 4239 neglecturus
3315 4184 3399 4227 est
3435 4174 3615 4230 facere

2044 4254 2268 4324 singulis
2293 4259 2598 4328 quibusque
2632 4265 2991 4332 temporibus,
3014 4265 3156 4331 quod
3184 4279 3303 4318 eum
3327 4267 3380 4320 in
3414 4269 3614 4322 mundo

2046 4347 2296 4402 versabili
2324 4352 2681 4423 mutabilique
2707 4354 2887 4409 facere
2913 4357 3086 4412 decet.
3115 4356 3181 4412 Et
3203 4358 3342 4411 sicut
3375 4361 3608 4426 agricola

2043 4451 2142 4506 pro
2179 4437 2410 4494 diversis
2445 4445 2572 4497 anni
2606 4448 3012 4515 tempestatibus
3037 4449 3252 4503 diverse
3277 4441 3436 4518 agros
3466 4460 3520 4506 et
3547 4468 3608 4505 ea

357 4496 602 4553 ινιαυτοῦ
631 4500 789 4572 ὡρῶν
815 4503 1044 4575 διάφορα
1075 4507 1210 4579 ἔργα
1244 4511 1522 4583 γεωργικὰ
1551 4517 1694 4566 ποιεῖ
1722 4515 1814 4568 ἐπὶ
1837 4516 1934 4588 τὴν

2057 4497 2058 4504 η
2524 4496 2530 4497 ,
2563 4496 2569 4497 ,
2610 4496 3010 4515 ---ητηηηηπ
3040 4496 3250 4503 ---ν-τ
3277 4496 3434 4518 εσυ.-
3468 4496 3520 4506 ν-
3549 4496 3608 4505 -..

2057 4546 2161 4599 [uae
2210 4533 2323 4602 agri
2370 4534 2552 4588 ferunt
2599 4540 2843 4604 excolit;
2877 4539 3040 4612 556
3070 4541 3141 4594 ita
3191 4542 3360 4605 Deus,
3395 4546 3486 4612 qui
3518 4560 3610 4597 εει·-

355 4592 458 4661 γῆν
484 4593 578 4646 καὶ
607 4592 675 4647 τὰ
706 4597 792 4648 ἐπ’
824 4598 994 4668 αὐτῆς
1024 4601 1267 4671 φυόμενα
1286 4620 1300 4634 ο
1332 4603 1504 4669 οὕτως
1533 4607 1561 4658 6
1593 4605 1729 4672 Θεὸς
1769 4609 1933 4662 οἱονεὶ

358 4687 632 4751 ἐνιαυτούς
670 4705 822 4754 τινας
846 4691 930 4758 (ἶν’
961 4691 1133 4758 οὕτως
1170 4696 1439 4767 ὀνομάσω)
1467 4699 1740 4770 οἰκονομεῖ
1777 4700 1932 4769 ὅλους

356 4775 481 4839 τοὺς
509 4778 731 4844 αἰῶνας,
772 4781 894 4835 καθ’
921 4781 1147 4839 ἕκαστον
1177 4787 1355 4842 αὐτῶν
1387 4791 1554 4843 ποιῶν
1580 4791 1680 4845 ὅσα
1711 4794 1932 4849 ἀπαιτεῖ

357 4865 486 4918 αὐτὸ
510 4868 570 4921 τὸ
597 4871 807 4943 περὶτὰ
830 4874 927 4928 ὅλα
953 4875 1191 4943 εὔλογον,
1221 4878 1324 4932 ὑπὸ
1348 4881 1507 4950 μόνου
1538 4883 1672 4936 Θεοῦ
1699 4885 1774 4949 ὡς
1798 4886 1928 4957 ἁλη-

355 4955 506 5022 θείας
546 4960 676 5032 ἔχει,
711 4967 1013 5036 τρανότατα
1043 4971 1586 5046 καταλαμϐανόμενον
1621 4980 1715 5031 καὶ
1744 4955 1927 5033 ἐπιτε-

353 5049 447 5104 λού
455 5069 635 5122 μενον.

421 5145 624 5218 Ἔθηκε
669 5149 726 5202 δέ
766 5167 887 5205 τινα
938 5153 1090 5224 λόγον
1128 5159 1157 5210 6
1198 5158 1402 5224 Κέλσος
1446 5163 1709 5232 περὶτῶν
1741 5165 1928 5218 κακῶν

352 5286 706 5409 Ξαπῖξτπζὴν
733 5291 1104 5363 Ξανθίππην.
1150 5296 1291 5368 Lego
1333 5314 1456 5353 cum
1508 5299 1820 5366 Bohcrello,
1852 5306 1917 5375 τῇ

348 5375 773 5503 ῗαᾶἑίδλὶἒὸῗγος.
831 5431 904 5485 Ita
950 5435 1116 5488 codex
1159 5435 1522 5503 Basileensis;
1565 5440 1685 5495 libri
1737 5452 1916 5498 autem

348 5498 616 5565 impressi.
647 5498 857 5570 λόγους,
891 5508 1047 5557 male.

420 5571 531 5636 (49)
567 5573 641 5626 Τὰ
671 5572 936 5645 ὁρώμενα
961 5575 1262 5644 ἀνθρώπῳ.
1302 5578 1390 5632 Sic
1423 5597 1609 5634 omnes
1641 5599 1770 5635 mss.
1812 5584 1915 5635 Ιὶιι-

347 5641 487 5694 rtins
519 5656 652 5696 sane
679 5641 839 5711 quam
871 5645 997 5700 libb.
1023 5641 1149 5701 editi
1184 5641 1446 5720 aquibus
1478 5652 1630 5706 abest
1657 5669 1754 5706 vox
1777 5653 1914 5725 ὁρώ-

349 5726 503 5776 μενα.

417 5780 528 5850 (50)
584 5784 895 5856 Ὰφανίςων
943 5790 1366 5860 συμφερόντως
1411 5790 1490 5859 τῷ
1531 5795 1728 5850 παντί.
1781 5794 1912 5852 Vide

2041 4624 2182 4688 cula,
2217 4636 2273 4678 nt
2299 4627 2371 4680 ita
2416 4628 2637 4699 loquar,
2682 4641 2940 4700 tanquam
2971 4648 3141 4688 annos
3171 4635 3309 4704 regit
3337 4644 3390 4688 et
3423 4639 3608 4690 mode-

2041 4727 2232 4784 ratur,
2302 4720 2434 4774 facit
2503 4721 2553 4774 in
2623 4737 2808 4777 eorum
2866 4723 3092 4793 singulis
3163 4725 3424 4794 quidquid
3497 4728 3602 4781 ltu-

2031 4803 2120 4873 jus
2173 4808 2544 4865 universitatis
2599 4811 2796 4866 bonum
2850 4815 3089 4881 postulat
3138 4834 3152 4872 :
3208 4817 3349 4885 quod
3403 4816 3604 4870 bonum

2035 4906 2094 4951 ut
2144 4900 2291 4953 solus
2348 4901 2588 4970 perfecte
2647 4908 2972 4976 cognoscit,
3013 4905 3087 4960 ita
3145 4907 3292 4962 solus
3344 4910 3605 4978 perlicere

2035 4999 2230 5056 potest.

2107 5163 2194 5222 70.
2226 5167 2526 5234 Quamdam
2556 5173 2718 5225 etiam
2751 5173 2816 5225 de
2864 5174 3019 5228 malis
3070 5174 3259 5229 Celsus
3296 5176 3595 5229 orationem

2031 5305 2190 5373 hujus
2224 5308 2345 5361 libri
2378 5327 2526 5362 num.
2559 5312 2644 5374 10,
2681 5320 2734 5364 et
2765 5312 2858 5366 lib.
2893 5329 3010 5376 wn,
3041 5329 3094 5366 η.
3133 5313 3216 5366 72.

2098 5377 2211 5445 (Si)
2255 5379 2770 5450 Ἐξετασοήσεται.
2805 5383 2874 5434 lla
2925 5383 3078 5434 codd.
3116 5381 3314 5450 Regius
3362 5396 3415 5440 et
3445 5386 3596 5441 Basi-

2029 5446 2244 5501 lecusis.
2284 5449 2427 5502 Libri
2463 5469 2589 5503 vero
2618 5455 2770 5513 t'tltll,
2801 5446 3219 5521 ὲξηγηθήσεταιῖ

2096 5521 2209 5582 (52)
2256 5521 2383 5574 Ἐπὶ
2414 5522 2537 5588 τοῖς
2569 5523 2700 5586 τήν,
2735 5536 2836 5574 etc.
2884 5524 2972 5574 Sic
3016 5526 3080 5574 ad
3124 5539 3273 5574 m‘utlt
3323 5527 3590 5579 editorum

2023 5587 2242 5661 legitur,
2280 5591 2471 5643 melius
2497 5587 2654 5660 quam
2689 5595 2739 5644 in
2771 5602 2943 5648 textu.
2976 5590 3070 5643 ἐπὶ
3095 5591 3190 5661 τὴν
3218 5596 3349 5657 τοῖς,
3379 5609 3481 5650 etc.

2093 5660 2205 5738 (5??)
2231 5661 2538 5729 Διαφοράς.
2566 5662 2727 5716 [lecte
2760 5677 2886 5715 mss.
2913 5677 2928 5726 ;
2963 5661 3099 5716 male
3123 5660 3300 5719 autem
3322 5667 3592 5738 impressi,

2019 5727 2325 5801 διαφόρους.
