3986 6164
492 210 629 271 H39

487 328 680 386 habuit
729 330 818 385 his
862 329 1039 385 verbis
1083 347 1099 384 :

488 420 715 483 malum,
750 410 983 475 nondum
1028 422 1149 477 ideo
1196 424 1367 492 liquet
1412 424 1685 479 malumne
1732 441 1919 481 revera
1955 428 2050 481 sit.

485 512 679 570 Nescis
703 515 843 568 enim
879 530 1057 569 annon
1094 515 1207 582 libi,
1243 526 1337 570 aut
1370 516 1560 582 alteri,
1590 527 1679 571 aut
1709 520 2050 574 universitati

482 606 679 673 prosit.
717 625 736 655 ι
770 606 893 659 llaec
942 607 1157 674 quidem
1195 606 1424 663 modesti
1471 608 1705 664 hominis
1736 621 1820 663 est
1851 612 2048 665 oratio.

483 698 736 752 Attamen
784 700 1090 767 suspicatur
1122 700 1247 754 mali
1297 713 1549 756 naturam
1601 719 1705 757 non
1740 719 1861 759 esse
1903 707 2050 759 omni

482 802 550 842 ex
596 798 750 857 parte
794 790 1126 845 molestam:
1176 808 1298 847 cum
1350 794 1466 848 lieri
1499 796 1688 863 possit,
1737 806 1793 850 ut
1824 803 1967 867 quod
1996 799 2047 852 in

481 881 706 951 singulis
754 884 957 938 malum
1003 886 1255 953 habetur,
1299 886 1351 940 id
1385 887 1732 942 universitati
1782 890 2045 945 conferat.

479 971 657 1038 Quare
705 990 770 1029 ne
805 977 932 1030 hinc
980 977 1181 1045 aliquis
1234 978 1577 1033 occasionem
1616 980 1844 1051 arripiat
1883 982 2048 1036 oblir-

478 1065 659 1118 niaiidi
702 1081 761 1121 se
805 1067 860 1121 in
919 1068 1102 1135 malo,
1135 1070 1289 1138 quasi
1328 1072 1530 1125 malitia
1586 1082 1680 1125 aut
1726 1074 1875 1128 utilis
1902 1087 2049 1128 esset

477 1165 570 1208 aut
615 1158 762 1212 utilis
790 1173 911 1213 esse
940 1171 1123 1229 posset
1170 1161 1555 1228 universitati;
1606 1164 1893 1220 dicendum
1942 1178 2047 1231 est,

475 1249 694 1304 etiamsi
726 1249 890 1318 Deus,
925 1250 1091 1304 ill-.eso
1121 1262 1318 1306 nostra:
1346 1248 1611 1307 libertatis
1648 1254 1892 1320 arbitrio,
1925 1266 2045 1311 uta-

479 1349 566 1392 tur
594 1340 965 1409 improborum
1022 1342 1223 1395 malitia
1269 1344 1335 1397 ad
1382 1346 1626 1400 ordinem
1668 1349 2044 1401 universitatis

479 1447 682 1502 eosque
712 1433 856 1487 illius
883 1432 1102 1487 utilitati
1128 1437 1525 1502 accommodet,
1553 1452 1672 1492 reos
1694 1438 2045 1492 nihilominus

479 1539 603 1579 esse
634 1525 724 1593 qui
752 1524 950 1577 malum
982 1535 1318 1594 perpetrant.
1351 1528 1631 1593 Quatenus
1664 1529 1738 1582 rei
1776 1540 1924 1594 sunt,
1956 1545 2046 1583 or-

475 1616 739 1671 dinantur
787 1618 1002 1686 quidem
1053 1618 1118 1671 ad
1165 1619 1541 1675 universitatis
1590 1622 1898 1690 utilitatem,
1950 1625 2042 1677 sed

477 1720 639 1759 nemo
666 1715 750 1760 est
777 1707 866 1777 qui
898 1709 1187 1763 utilitatem
1216 1710 1366 1764 illam
1400 1713 1660 1765 detestari
1694 1729 1798 1765 non
1831 1714 2045 1767 debeat.

474 1796 589 1850 Non
631 1799 790 1853 aliter
838 1815 901 1854 ac
942 1802 986 1855 si
1036 1802 1158 1872 quis
1189 1805 1552 1872 quorumdam
1600 1805 1887 1859 criminum
1918 1821 2046 1859 reus

475 1898 697 1959 prepter
747 1892 859 1945 haec
891 1891 1245 1948 damnaretur
1276 1895 1327 1948 in
1359 1895 1493 1950 urbe
1523 1896 1591 1948 ad
1635 1910 1799 1963 opera
1835 1896 2042 1965 publica

470 1982 719 2049 quaedam
772 1982 1026 2039 omnibus
1076 1985 1226 2040 utilia
1251 2028 1266 2050 ,
1318 1987 1360 2040 is
1392 1987 1667 2043 diceretur
1696 1989 1825 2058 quid
1865 1989 2044 2045 facere

472 2073 617 2140 quod
649 2073 743 2127 toti
776 2074 896 2129 urbi
925 2077 1214 2133 utilitatem
1248 2077 1509 2142 aﬂ‘erret;
1542 2081 1655 2151 ipse
1682 2089 1860 2137 tamen
1895 2085 2045 2139 vide-

474 2173 628 2216 retur
659 2162 808 2233 {ringi
842 2167 1208 2222 abominando
1251 2186 1492 2235 munere,
1527 2173 1579 2225 in
1608 2188 1717 2243 quo
1752 2190 1908 2231 nemo
1959 2176 2041 2231 vel

471 2255 819 2311 mediocriter
862 2259 1082 2328 sapiens
1119 2263 1326 2317 versari
1361 2260 1540 2320 vellet.
1596 2265 1734 2321 Hine
1781 2276 1862 2322 est
1897 2269 2041 2337 quod

469 2346 670 2402 Paulus
688 2346 813 2403 Jesu
849 2352 1126 2420 apostolus
1154 2370 1251 2409 nos
1279 2355 1470 2410 doceat
1498 2357 1659 2411 utiles
1688 2358 1899 2414 fitturos
1920 2376 2041 2415 esse

472 2439 815 2495 universitati
842 2442 925 2496 vel
956 2445 1315 2512 nequissimos
1339 2489 1355 2511 ,
1386 2449 1639 2517 quamvis
1684 2450 1902 2520 ipsimet
1930 2453 2041 2507 sint

470 2532 616 2585 inter
641 2533 1034 2589 abominaudos
1064 2536 1337 2608 relegandi
1380 2558 1395 2605 ;
1440 2541 1532 2596 sed
1565 2557 1659 2597 eos
1686 2586 1699 2610 ,
1731 2546 1823 2614 qui
1853 2545 2036 2600 virtuti

468 2624 711 2690 student,
737 2627 1004 2682 maximas
1029 2629 1352 2698 praebituros
1375 2633 1719 2689 universitati
1754 2636 2035 2702 utilitates,

466 2725 521 2769 et
550 2715 752 2772 idcirco
782 2718 833 2772 in
866 2721 1288 2789 praeclarissimo
1319 2725 1435 2780 loco
1479 2740 1600 2781 esse
1646 2727 2032 2784 collocandos:

472 2826 493 2860 ι
532 2808 586 2862 lu
635 2826 828 2879 magna
879 2815 1077 2879 domo,
1129 2816 1342 2884 inquit,
1379 2833 1482 2872 non
1531 2819 1705 2874 solum
1742 2829 1869 2875 sunt
1910 2836 2033 2876 vasa

467 2915 629 2955 aurea
663 2912 716 2955 et
748 2915 1027 2972 argentea,
1056 2906 1149 2959 sed
1181 2916 1235 2960 et
1264 2908 1439 2978 lignea
1465 2919 1518 2965 et
1547 2909 1731 2966 ﬁctilia
1758 2929 1773 2978 ;
1808 2922 1862 2967 et
1889 2929 2036 2983 qure-

1963 212 2282 270 ORIGENIS

1140 349 1160 383 ι
1198 330 1418 386 Etiamsi
1477 334 1605 401 quid
1651 334 1746 389 tibi
1806 334 2034 388 videatut

2150 333 2405 399 τοιοῦτον,
2436 334 2537 397 ὅτι,
2572 352 2591 384 r
2630 334 2729 389 κᾶν
2761 334 2839 387 σοί
2872 352 2924 388 τι
2948 335 3077 407 δοκῇ
3111 334 3305 399 κακὸν,
3318 333 3473 388 οὔπω
3498 334 3643 405 δῆλον
3667 339 3710 390 εί

3587 217 3706 275 illo

2157 426 2326 477 κακόν
2354 428 2530 495 ἐστινς
2574 427 2633 479 οὐ
2672 425 2782 499 γὰρ
2819 422 2975 481 οἶσθα
2999 428 3027 480 ὃ
3050 445 3101 482 τι
3134 429 3168 499 ἡ
3199 445 3305 491 σοι,
3334 428 3369 499 ἢ
3401 426 3560 499 ἄλλῳ,
3588 429 3616 501 ἢ
3643 430 3711 501 τῷ

2154 514 2261 585 ὅλῳ
2291 516 2571 587 συμφέρει.
2614 537 2631 568 ›
2664 518 2771 571 Kal
2802 518 2912 589 ἔχει
2944 517 3042 589 μέν
3084 537 3137 572 τι
3170 521 3199 572 6
3239 519 3399 587 λόγος
3429 519 3537 589 (54)
3573 522 3710 575 εὐλα-

2156 602 2249 667 ϐές
2269 622 2281 634 ·
2314 607 2529 659 ὑπονοεῖ
2549 608 2605 660 δὲ
2642 610 2737 660 καὶ
2769 608 2868 680 τὴν
2898 610 3006 663 τῶν
3038 610 3228 663 κακῶν
3271 611 3434 680 φύσιν
3464 610 3525 663 οὐ
3554 611 3706 685 πάντη

2153 694 2289 750 εἶναι
2321 698 2616 770 μοχθηρὰν,
2642 699 2727 753 διὰ
2756 701 2817 753 τὸ
2848 702 3154 772 ἐνδέχεσθαι
3185 702 3269 773 τῷ
3294 702 3402 772 ὅλῳ
3434 704 3710 776 συμφέρειν

2152 788 2212 841 τὸ
2256 787 2605 859 νομιζόμενον
2655 792 2712 842 ὲν
2753 795 2866 855 τοῖς
2917 792 3036 845 καθ’
3082 793 3320 846 ἕκαστον
3367 790 3504 847 εἶναι
3540 796 3706 848 κακόν.

2154 880 2299 952 Πλὴν
2352 880 2436 935 ἵνα
2467 882 2539 953 μὴ
2573 884 2924 954 παρακούσας
2951 902 3034 948 τις
3059 885 3153 938 τοῦ
3184 885 3483 956 λεγομένου
3525 891 3707 954 ἐπιτρι-

2153 965 2256 1036 ϐῆς
2297 967 2431 1040 εὕρῃ
2470 967 2739 1037 ἀφορμὴν,
2776 968 2851 1030 ὡς
2892 968 2984 1022 καὶ
3023 970 3120 1040 τῆς
3170 972 3376 1035 κακίας
3417 971 3577 1025 αὑτοῦ
3613 972 3708 1045 (55)

2152 1057 2419 1129 χρησίμου
2445 1056 2814 1128 τυγχανούσης
2835 1056 2912 1128 τῷ
2938 1062 3118 1123 παντὶ,
3155 1062 3190 1133 ἢ
3220 1061 3525 1134 δυναμένης
3553 1081 3610 1131 γε
3639 1060 3706 1118 εί-

2151 1168 2238 1203 ναι
2268 1150 2559 1221 χρησίμου,
2587 1148 2876 1215 λελέξεται,
2895 1152 2997 1217 ὅτι,
3029 1153 3343 1225 σωζομένου
3370 1155 3465 1209 τοῦ
3490 1156 3571 1225 ἐφ’
3595 1159 3706 1227 ἡμῖν

2150 1244 2382 1313 ἑκάστῳ,
2412 1241 2512 1295 κᾶν
2557 1243 2928 1312 συγχρήσηται
2956 1246 3022 1315 τῇ
3062 1246 3237 1317 κακίᾳ
3274 1245 3386 1298 τῶν
3412 1248 3620 1316 φαύλων
3639 1251 3707 1315 εἰς

2148 1333 2245 1405 τὴν
2270 1332 2510 1399 διάταξιν
2537 1334 2630 1386 τοῦ
2673 1333 2872 1397 παντὸς
2899 1335 2928 1386 6
2949 1335 3081 1400 Θεὸς
3100 1377 3114 1401 ,
3147 1339 3513 1393 κατατάσσων
3534 1340 3705 1403 αὐτοὺς

2149 1429 2228 1488 είς
2266 1425 2450 1497 χρείαν
2480 1425 2573 1478 τοῦ
2612 1424 2811 1487 παντός
2835 1441 2851 1456 ·
2876 1428 3026 1481 οὐδὲν
3049 1425 3215 1501 ἦττον
3253 1430 3456 1499 ψεκτός
3483 1431 3540 1484 τέ
3576 1434 3701 1485 ἐστιν

2146 1520 2175 1570 6
2213 1518 2414 1572 τοιόσδε
2438 1558 2452 1583 ,
2481 1519 2573 1572 καὶ
2611 1517 2687 1580 ὡς
2729 1519 2926 1589 ψεκτὸς
2960 1522 3366 1574 κατατέτακται
3418 1525 3499 1587 εἰς
3540 1524 3704 1596 χρείαν

3364 1614 3389 1626 η

2150 1612 2485 1665 ἀπευκταίαν
2515 1612 2610 1682 μὲν
2655 1615 2888 1684 ἑκάστῳ,
2934 1615 3205 1685 χρήσιμον
3237 1615 3297 1666 δὲ
3322 1614 3399 1685 τῷ
3428 1616 3599 1668 παντί.
3631 1618 3703 1681 Ὠς

2088 1701 2128 1755 Β
2157 1704 2204 1754 εί
2238 1703 2330 1755 καὶ
2357 1703 2447 1755 ἐπὶ
2472 1703 2576 1755 τῶν
2605 1703 2809 1756 πόλεών
2837 1721 2919 1767 τις
2945 1704 3093 1773 ἔλεγε
3126 1704 3221 1756 τὸν
3251 1704 3381 1757 τάδε
3406 1704 3524 1758 τινὰ
3550 1708 3699 1776 ἡμαρ-

2147 1795 2386 1864 τηκότα,
2435 1796 2529 1849 καὶ
2572 1796 2658 1850 διὰ
2698 1797 2766 1850 τὰ
2814 1797 3190 1867 ἁμαρτήματα
3237 1796 3322 1860 εἴς
3350 1814 3470 1850 τινα
3496 1797 3701 1867 δημόσια

2146 1885 2281 1956 ἔργα
2304 1889 2544 1958 χρήσιμα
2569 1889 2646 1960 τῷ
2673 1889 2832 1943 παντὶ
2870 1889 3389 1959 καταδικαζόμνον,
3423 1891 3585 1942 ποιεῖν
3612 1889 3697 1960 μέν

2143 1996 2196 2031 τι
2254 1980 2519 2050 χρήσιμον
2573 1984 2637 2053 τῇ
2686 1982 2782 2054 ὅλῃ
2822 1981 3005 2045 πόλει,
3049 1981 3214 2034 αὐτὸν
3262 1982 3320 2034 δὲ
3365 1982 3624 2049 γεγονέναι
3648 1985 3695 2036 ὲν

2144 2073 2454 2142 ἁπευκταί‹;›
2485 2072 2786 2143 πράγματι,
2832 2074 2930 2126 καὶ
2974 2076 3032 2126 ἐν
3070 2067 3113 2141 ᾧ
3146 2073 3326 2136 οὐδεὶς
3352 2072 3458 2125 τῶν
3486 2072 3578 2126 κᾶν
3611 2072 3693 2144 μέ-

2142 2181 2288 2237 τριον
2312 2164 2436 2217 νοῦν
2461 2164 2690 2235 ἑχόντων
2714 2165 2960 2218 ἐϐούλετο
2980 2165 3254 2233 γενέσθαι.
3293 2165 3405 2218 Kal
3435 2168 3462 2218 6
3489 2165 3689 2217 ἀπόστο-

2142 2255 2233 2319 λος
2260 2256 2315 2307 δὲ
2339 2255 2431 2308 τοῦ
2469 2255 2641 2327 Ἰησοῦ
2684 2255 2925 2320 Παῦλος,
2959 2255 3229 2310 διδάσκων
3259 2256 3427 2327 ἡμᾶς,
3461 2256 3691 2309 συνοίσειν

2145 2348 2243 2417 μὲν
2282 2350 2348 2418 τῇ
2383 2348 2538 2418 χρείᾳ
2571 2350 2636 2418 τῇ
2680 2347 2772 2400 τοῦ
2818 2348 3016 2412 παντὸς
3043 2350 3295 2412 καὶτοὺς
3334 2348 3684 2416 φαυλοτάτους,

2142 2439 2269 2508 παρ’
2301 2438 2527 2502 ἑαυτοὺς
2570 2438 2627 2491 δὲ
2670 2438 2887 2492 ἔσεσθαι
2930 2440 2986 2491 ἐν
3016 2441 3125 2502 τοῖς
3158 2440 3459 2503 ἀπευκτοῖς
3484 2456 3496 2469 ·
3527 2453 3686 2509 χρησι-

2143 2530 2424 2601 μωτάτους
2474 2530 2517 2582 δ’
2563 2529 2779 2583 ἔσεσθαι
2825 2531 2918 2584 καὶ
2969 2531 3096 2594 τοὺς
3144 2531 3588 2593 σπουδαιοτάτους
3618 2527 3682 2599 τῷ

2141 2623 2321 2686 παντὶ,
2352 2623 2480 2694 παρ’
2513 2622 2718 2675 ἑαυτῶν
2746 2623 2923 2677 αἰτίαν
2956 2625 3013 2676 έν
3038 2623 3305 2695 καλλίστῃ
3330 2621 3479 2694 χώρα
3506 2620 3677 2692 τάχθη-

2141 2714 2397 2785 σομένους
2422 2755 2435 2778 ,
2473 2713 2665 2784 φησίνο
2717 2732 2735 2765 r
2784 2715 2871 2767 Ἐν
2922 2715 3133 2785 μεγάλῃ
3188 2715 3236 2767 δ’
3279 2715 3429 2786 οἰκία
3463 2715 3551 2767 οὐκ
3581 2712 3674 2765 ἔστι

2142 2806 2298 2877 μόνον
2326 2805 2493 2877 σκεύη
2530 2808 2703 2878 χρυσᾶ
2728 2806 2821 2860 καὶ
2848 2806 3081 2879 ἀργυρᾶ,
3111 2807 3253 2861 ἀλλὰ
3292 2808 3386 2861 καὶ
3412 2806 3572 2873 ξύλινα
3593 2803 3669 2856 καί

2137 2898 2431 2967 ὀστράκινα
2452 2914 2465 2927 ·
2512 2898 2606 2951 καὶ
2650 2898 2686 2951 ἃ
2722 2900 2817 2970 μὲν
2843 2900 2924 2962 είς
2958 2900 3141 2971 τιμὴν,
3189 2900 3229 2955 ἃ
3271 2901 3330 2954 δὲ
3358 2904 3437 2965 είς
3466 2900 3662 2970 ἀτιμίαν.

466 2991 589 3044 dam
619 2992 835 3060 quidem
878 2995 928 3046 in
964 2995 1248 3062 honorem,
1274 3001 1522 3069 quaedam
1552 3011 1732 3058 autem
1766 3004 1816 3056 in
1847 3012 2034 3058 contu-

2150 2990 2276 3042 Ἐὰν
2301 2984 2394 3041 οὖν
2412 3006 2496 3052 τις
2522 2989 2800 3062 ἐκκαθάρῃ
2825 2992 3013 3047 ἑαυτὸν
3042 2992 3174 3063 (56),
3226 2993 3382 3046 ἔσται
3409 2991 3584 3053 σκεῦος.
3602 2990 3669 3054 εἰς

467 3081 709 3136 meliam.
739 3083 796 3137 Si
830 3085 950 3153 quis
993 3101 1123 3157 ergo
1149 3089 1525 3146 emundaverit
1552 3109 1610 3149 se
1638 3094 1705 3146 ab
1734 3095 1853 3149 istis
1880 3137 1894 3162 ,
1926 3098 2034 3151 erit

468 3187 566 3229 vas
598 3173 648 3228 in
685 3175 942 3231 honorem
973 3218 987 3242 ,
1019 3180 1422 3236 sanctiﬁcatum
1452 3224 1466 3247 ,
1496 3193 1551 3237 et
1601 3186 1731 3241 utile
1781 3187 2031 3256 Domino,

465 3265 533 3319 ad
604 3281 765 3323 omne
830 3284 963 3339 opus
1024 3273 1227 3327 bonum
1310 3285 1557 3345 paratum
1625 3278 1691 3335 ³⁸.
1768 3300 1787 3332 ι
1857 3282 2032 3353 Atque

464 3357 581 3413 haec
621 3362 927 3416 necessaria
966 3364 1112 3419 dictu
1156 3366 1269 3420 \isa
1335 3376 1464 3423 sunt
1520 3369 1781 3428 adversus
1832 3376 1975 3431 istud
2016 3397 2029 3432 :

468 3466 491 3500 α
523 3448 748 3506 Etiamsi
781 3452 911 3522 quid
940 3454 1037 3509 tibi
1080 3456 1329 3513 videatur
1373 3464 1595 3532 malum,
1632 3467 1868 3520 nondum
1911 3468 2032 3523 ideo

462 3542 630 3613 liquet
658 3543 930 3601 malumne
960 3561 1147 3601 revera
1182 3550 1271 3606 sit.
1305 3552 1494 3610 Nescis
1526 3559 1669 3611 enim
1715 3573 1893 3615 annon
1934 3563 2029 3616 tibi

459 3642 553 3686 aut
582 3632 673 3686 alii
704 3638 916 3703 prosit;
955 3655 975 3688 ι
1008 3650 1067 3693 ut
1101 3656 1168 3697 ne
1193 3645 1314 3711 quis
1360 3646 1487 3702 hinc
1529 3664 1722 3704 ansam
1771 3655 2028 3721 peccandi

464 3721 665 3789 capiat,
683 3726 835 3793 quasi
862 3738 1082 3796 peccato
1107 3731 1223 3800 ipso
1242 3732 1456 3790 futurus
1490 3738 1636 3794 utilis
1665 3741 2024 3799 universitati.

530 3811 624 3865 7l.
655 3812 920 3880 Quoniam
962 3829 1143 3875 autem
1174 3833 1360 3892 postea
1384 3825 1577 3883 Celsus
1605 3832 1851 3899 quaedam
1882 3833 2030 3890 Scri-

459 3914 744 3971 pturarum
769 3908 906 3977 loca,
931 3926 1051 3981 quae
1072 3914 1294 3970 minime
1318 3918 1599 3987 intellexit,
1613 3924 1843 3993 deridet,
1868 3927 2029 3997 idque

458 3998 530 4052 ob
562 4013 656 4053 eas
685 4014 877 4057 causas
903 4041 917 4066 ,
950 4005 1075 4073 quia
1124 4006 1199 4062 ibi
1250 4007 1360 4064 Deo
1392 4009 1704 4069 tribuuntur
1732 4018 1887 4086 quasi
1924 4020 2026 4074 hu-

456 4091 603 4145 mani
632 4090 879 4160 allectus,
900 4095 1023 4151 dum
1048 4099 1228 4155 verbis
1252 4100 1529 4160 iracundis
1545 4107 1806 4165 adversus
1829 4111 2025 4182 impios

461 4184 655 4248 utitur,
688 4193 742 4238 et
777 4188 1157 4255 peccatoribus
1186 4191 1422 4250 intentat
1451 4195 1654 4263 minas,
1688 4204 2027 4271 responden-

458 4273 585 4327 dum
617 4287 722 4341 est,
753 4280 1209 4347 quemadmodum
1249 4300 1365 4349 nos,
1394 4302 1517 4341 cum
1546 4304 1742 4358 pueros
1774 4296 2024 4363 parvulos

2135 3079 2299 3151 τιμὴν
2322 3121 2336 3145 ,
2363 3080 2691 3151 ἡγιασμένον
2709 3120 2724 3146 ,
2757 3083 2852 3136 καὶ
2878 3082 3172 3155 εΰχρηστρν
3217 3085 3299 3158 τῷ
3326 3085 3571 3156 Δεσπὸτῃ,
3606 3084 3671 3145 είς

2136 3173 2242 3225 πᾶν
2303 3171 2462 3244 ἔργον
2530 3173 2730 3242 ἀγαθὸν
2770 3176 3198 3246 ’ἡτοιμασμένον.
3254 3199 3274 3231 ι
3313 3179 3419 3231 Kal
3449 3176 3598 3231 ταῦτα
3632 3172 3670 3227 δ’

2134 3263 2426 3333 ἀναγκαῖον
2456 3265 2818 3337 ὑπολαμϐάνω
2857 3268 3195 3322 ὲκτεθεῖσθαι
3246 3271 3384 3343 πρὸς
3411 3271 3469 3324 τὸ
3488 3308 3501 3333 ,
3534 3291 3551 3319 ι
3575 3266 3670 3321 Κᾶν

2136 3355 2217 3408 σοί
2257 3372 2311 3408 τι
2355 3356 2484 3428 δοκῇ
2525 3358 2692 3411 κακὸν
2714 3398 2728 3421 ,
2773 3357 2925 3412 οὔπω
2962 3358 3119 3430 δῆλον
3152 3364 3202 3415 εί
3248 3362 3415 3417 κακόν
3438 3380 3451 3393 ·
3493 3361 3548 3414 οὐ
3581 3358 3670 3428 γὰρ

2132 3442 2307 3512 οἶσθα,
2341 3449 2369 3501 ὃ
2396 3449 2501 3519 τιῆ
2530 3466 2611 3503 σοι
2653 3450 2687 3521 ἢ
2718 3450 2867 3521 ἄλλῳ
2901 3453 3166 3524 συμφέρει
3192 3471 3207 3484 ο
3259 3475 3278 3507 ι
3319 3455 3402 3509 ἵνα
3434 3453 3504 3526 μὴ
3527 3453 3667 3521 deop-

2137 3540 2241 3612 μὴν
2283 3540 2530 3613 λαμϐάνῃ
2573 3560 2656 3606 τις
2701 3544 2764 3596 ἐκ
2802 3544 2909 3598 τῶν
2947 3545 3087 3599 κατά
3121 3547 3212 3600 τὸν
3254 3550 3416 3601 τόπον
3462 3546 3580 3618 πρὸς
3618 3542 3667 3594 τὸ

2133 3634 2463 3705 ἁμαρτάνειν
2480 3676 2495 3700 ,
2541 3635 2616 3698 ὼς
2645 3638 2909 3706 χρήσιμος
2936 3636 3015 3706 τῷ
3055 3637 3163 3709 ὅλῳ
3187 3638 3282 3693 διὰ
3307 3640 3404 3711 τὴν
3431 3635 3666 3709 ἁμαρτίαν

2132 3725 2407 3797 ἐσόμενος.

2215 3818 2365 3871 Ἐπεὶ
2404 3820 2461 3871 δὲ
2518 3819 2654 3890 μετὰ
2696 3819 2869 3875 ταῦτα
2908 3822 2982 3894 μὴ
3027 3824 3223 3894 νοήσας
3267 3826 3365 3889 τὰς
3404 3822 3522 3895 περὶ
3554 3814 3660 3871 Θεσῦ

2128 3910 2204 3974 ὡς
2231 3910 2686 3983 άνθρωποπαθοῦς
2710 3914 2767 3966 ὲν
2790 3917 2913 3979 ταῖς
2934 3916 3173 3986 Γραφαῖς
3196 3916 3372 3983 λέξεις
3401 3912 3617 3983 διασύρει
3635 3909 3660 3961 6

2130 4000 2353 4065 Κέλσος,
2382 4004 2440 4056 ὲν
2465 3997 2553 4066 αἷς
2578 4002 2746 4074 ὀργῆς
2775 4003 3020 4073 λέγονται
3049 4005 3189 4060 κατὰ
3214 4008 3325 4061 τῶν
3349 4002 3544 4060 ἀσεϐῶν
3570 4015 3658 4067 φω-

2128 4096 2235 4160 ναὶ,
2257 4097 2351 4150 καὶ
2366 4096 2581 4150 ἀπειλαὶ
2600 4095 2740 4149 κατὰ
2757 4096 2863 4151 τῶν
2883 4099 3277 4171 ἡμαρτηκότων
3293 4118 3306 4130 ·
3334 4096 3553 4158 λεκτέον,
3573 4092 3653 4150 ὅτι,

2128 4191 2317 4264 ῶσπερ
2359 4194 2548 4266 ἡμεῖς,
2573 4196 2686 4258 τοῖς
2725 4194 2918 4266 κομιδῆ
2952 4196 3163 4265 νηπίοις
3190 4195 3570 4265 διαλεγόμενοι,
3605 4183 3652 4235 οὐ

2125 4284 2218 4338 τοῦ
2237 4286 2442 4339 ἑαυτῶν
2456 4288 2512 4340 ἐν
2526 4285 2604 4357 τῷ
2616 4282 2794 4355 λέγειν
2813 4287 3175 4358 στοχαζόμεθα
3190 4286 3414 4343 δυνατοῦ
3432 4284 3547 4356 (57),
3561 4273 3651 4332 ἀλλ’

456 4362 789 4434 alloquimur
813 4407 828 4431 ,
865 4382 1108 4424 nostram
1142 4374 1351 4430 dicendi
1400 4379 1509 4434 vim
1540 4396 1646 4435 non
1678 4362 2020 4454 adhibemus,

2138 4378 2488 4450 ἁρμοζόμενοι
2516 4378 2653 4449 πρὸς
2691 4378 2751 4430 τὸ
2776 4377 2997 4442 ἀσθενὲς
3022 4380 3130 4433 τῶν
3160 4379 3536 4451 ὑποκειμένων,
3567 4383 3648 4437 φίλ’

455 4454 548 4506 sed
595 4456 927 4514 demittimus
971 4477 1070 4516 nos
1112 4465 1177 4517 ad
1221 4466 1491 4523 inﬁrmum
1529 4470 1740 4528 illorum
1776 4487 2021 4547 captum,

457 4543 616 4614 557
648 4547 888 4603 dicentes
945 4549 1311 4624 facientesque
1340 4560 1481 4626 quod
1509 4562 1576 4613 ad
1631 4563 1748 4619 illos
1772 4543 2024 4624 erudien;

456 4637 557 4688 dos
614 4639 1089 4711 emendandosque
1131 4649 1437 4705 conducere
1492 4652 1743 4718 videtur;
1800 4659 1873 4712 ita
1930 4663 2021 4716 Dei

459 4723 692 4779 Verbum
724 4732 1025 4797 providisse
1056 4746 1112 4789 ut
1146 4737 1440 4809 Scriptura:
1479 4746 1808 4801 audientium
1840 4756 2019 4819 captui

450 4829 840 4885 congruerent,
870 4830 923 4877 et
948 4825 1159 4882 illarum
1195 4833 1513 4888 excellentia
1554 4837 1606 4890 in
1643 4837 1872 4895 istorqu
1917 4846 2018 4897 uti-

460 4904 660 4961 litatem
697 4911 933 4967 cederet.
964 4918 1141 4986 Atque
1167 4923 1231 4975 de
1275 4924 1373 4983 hac
1423 4924 1824 4996 Scripturarum
1884 4944 2021 4989 tem-

458 5003 764 5077 peratione,
792 5005 843 5057 in
873 5007 939 5061 iis
984 5007 1071 5061 ubi
1134 5013 1198 5066 de
1243 5014 1349 5068 Deo
1389 5020 1590 5075 mentio
1645 5019 1720 5086 lit,
1753 5026 2016 5096 scriptum

451 5103 532 5148 est
564 5094 619 5146 in
649 5094 1067 5151 Deutcronomio
1100 5117 1113 5152 :
1150 5121 1167 5151 ε
1203 5101 1347 5157 Tuos
1385 5122 1561 5162 mores
1608 5111 1726 5166 tulit
1760 5094 2017 5174 Dominus

522 5189 571 5221 ³⁸
603 5190 645 5244 ΙΙ
675 5191 814 5250 Tim.
844 5211 904 5260 It,
933 5196 1025 5251 20.

520 5283 637 5362 (54)
676 5285 988 5362 ξρ-ᾼόγυς.
1044 5289 1225 5346 Codex
1273 5290 1517 5350 Jolianus
1569 5301 1805 5356 secunda
1857 5320 2017 5362 manu

450 5354 635 5419 habet,
666 5356 695 5407 6
725 5354 951 5423 Κέλσος.

662 5426 815 5510 ἕθεν
847 5430 1034 5486 αὐτοῦ.
1068 5430 1224 5510 _Libb_.
1256 5434 1407 5510 editi,
1436 5438 1627 5510 αὐτῆς.

520 5494 788 5581 (seiras:
832 5503 1273 5581 vocentuéaptév,
1298 5505 1439 5581 libb.
1486 5494 1619 5564 editi
1651 5513 1879 5581 addunt,
1912 5517 2020 5571 ἀπὸ

450 5562 795 5643 τούτων,(ιιιεις
826 5573 1096 5643 uncinulis
1124 5562 1497 5642 includuntur,
1530 5562 2017 5643 είιίο-ιῖιξξῖέιιιιιίί

452 5632 555 5685 bus
583 5632 802 5701 absunt,
835 5642 1058 5707 ideoque
1087 5658 1116 5697 e
1155 5656 1299 5699 textu
1340 5632 1870 5711 ttostifoVr—eZ'iiliuius:

2133 4471 2231 4541 μὲν
2264 4469 2438 4524 ταῦτα
2468 4511 2483 4536 ,
2532 4472 2665 4526 ἀλλὰ
2716 4473 2811 4526 καὶ
2865 4473 3122 4543 ποιοῦμεν
3174 4472 3210 4527 ἃ
3266 4474 3498 4541 φαίνεται
3544 4461 3648 4532 ἡμῖν

2130 4566 2372 4636 χρήσιμα
2408 4566 2486 4627 είς
2523 4565 2621 4635 τὴν
2645 4565 2752 4619 τῶν
2802 4566 3025 4630 παίδων,
3050 4565 3125 4630 ὡς
3159 4567 3384 4627 παίδων,
3438 4566 3645 4622 ἐπιστρο·

2129 4653 2235 4724 φὴν
2263 4654 2356 4706 καὶ
2385 4653 2689 4725 διόρθωσιν,
2732 4654 2903 4719 οὕτως
2936 4656 3107 4709 ἔοικεν
3154 4658 3183 4709 6
3228 4658 3319 4711 τοῦ
3349 4651 3474 4708 θεοῦ
3510 4645 3644 4709 Λόγος

2127 4744 2529 4814 ᾠκονομηκέναι
2562 4746 2628 4799 τὰ
2673 4746 3154 4820 ἀναγεγραμμένα,
3196 4748 3462 4819 μετρήσας
3493 4740 3549 4808 τῇ
3570 4734 3643 4785 δυ’

2128 4835 2287 4906 νάμει
2321 4836 2427 4888 τῶν
2452 4838 2752 4891 ἀκουόντων
2791 4839 2886 4892 καὶ
2922 4838 2999 4909 τῷ
3032 4839 3169 4910 πρὸς
3210 4839 3402 4900 αὐτοὺς
3429 4826 3644 4904 χρησίμῳ

2125 4923 2184 4976 τὸ
2216 4925 2273 4976 ὲν
2309 4927 2376 4995 τῇ
2425 4924 2729 4996 ἀπαγγελία
2785 4926 2894 4997 (58)
2942 4929 3168 4999 πρέπον.
3215 4931 3324 4982 Καὶ
3364 4920 3565 4980 καθόλου
3591 4925 3641 4978 γε

2124 5018 2255 5087 περὶ
2280 5016 2373 5069 τοῦ
2402 5018 2639 5071 τοιούτου
2678 5020 2877 5091 τρόπου
2912 5022 3007 5091 τῆς
3046 5022 3377 5090 ἀπαγγελίας
3418 5014 3514 5068 τῶν
3541 5002 3642 5072 περὶ

2123 5092 2257 5158 Θεοῦ
2289 5108 2342 5157 ὲν
2374 5105 2450 5176 τῷ
2480 5110 2874 5179 Δευτερονομίῳ
2905 5109 3045 5163 οὕτω
3070 5109 3333 5165 λέλεκταιο
3366 5129 3382 5159 ι
3426 5105 3640 5171 Ἐτροποο

2189 5316 2300 5384 (57)
2334 5316 2488 5371 Lilib.
2514 5321 2654 5385 ορ(ίίιί
2686 5322 2750 5374 ad
2784 5338 2959 5384 oram,
2996 5324 3053 5375 τὸ
3085 5326 3291 5376 ἑαυτῶν
3313 5327 3366 5376 ἐν
3395 5317 3464 5386 τῷ
3488 5309 3639 5375 λέγειν

2119 5386 2487 5458 στοχαζόμεθα
2517 5390 2758 5444 δυνατόν.
2914 5462 2925 5473 _
3167 5464 3179 5473 _
3369 5460 3383 5473 ,
3404 5458 3413 5473 ,
3517 5450 3604 5473 _,,,,.

2191 5451 2708 5532 (58)__‘}\:ram‘£.lt’(l,
2730 5474 2779 5515 et
2805 5462 2961 5531 Ρτι¹¹¹ο
2991 5473 3131 5528 im“,
3156 5451 3637 5532 ἀπαγγελίαςλῗεοές

2117 5517 2668 5649 [κώρι’Ιριίιςιξιῖὲίὶυςε,
2692 5517 2777 5586 ubi
2806 5517 2949 5587 inale
2982 5517 3572 5602 ὲιιειίροιοιιέέπαγτελίὶι
3589 5517 3635 5564 ⁸⁸

2117 5613 2353 5649 επαγγελ
2381 5616 2459 5649 ας.

2115 5613 2459 5665 επαγγελιας.
