3986 6164
380 224 516 281 ΗΜ

1574 227 1852 284 CONTRA
1885 225 2158 282 CELSUM
2192 225 2320 284 LIB.
2362 227 2450 282 ιν.

3471 235 3607 290 1149.

377 339 585 413 φόρησέ
614 342 720 412 (59)
753 359 810 395 σε
840 342 1039 414 Κύριος
1079 345 1108 396 ὀ
1145 345 1274 406 Θεός
1321 361 1431 410 σου,
1463 347 1537 408 ὡς
1569 349 1620 399 εἴ
1647 364 1728 409 τις
1754 365 1919 418 τροπο

2049 345 2191 401 Deus
2219 357 2361 413 tuus,
2396 357 2450 400 ut
2480 347 2640 400 homo
2664 346 2795 400 solet
2824 360 3001 400 mores
3038 345 3178 400 ferre
3228 346 3320 400 filii
3359 364 3439 400 sm
3476 351 3540 402 ⁸⁷.
3583 370 3600 400 ι

376 435 618 505 φορήσαι
640 434 923 506 ἄνθρωπος
939 437 1030 490 τὸν
1051 437 1165 489 υἱὸν
1191 435 1373 490 αὐτοῦ·
1407 456 1424 488 ι
1463 441 1624 491 οἱονεὶ
1656 439 1940 511 ἀνθρώπου

372 525 607 595 τρόπους
634 525 766 597 πρὸς
794 527 852 580 τὸ
875 526 1178 600 ἀνθρώποις
1211 529 1482 594 λυσιτελὲς
1521 532 1700 603 φορῶν
1735 536 1762 586 6
1788 533 1942 601 λόγος

364 617 596 672 τοιαῦτα
643 618 794 692 λέγῃ·
837 621 896 674 ού
925 620 1031 694 γάρ
1075 623 1281 675 ἐδέοντο
1332 624 1380 675 οἱ
1427 623 1609 678 πολλοὶ
1654 643 1944 695 προσωπο-

368 709 653 775 ποιοῦντος
708 712 840 766 Θεοῦ
892 714 1238 786 ἁρμοζόντως
1296 717 1471 782 ἑαυτῷ
1522 717 1590 770 τά
1633 719 1769 789 πρὸς
1817 723 1940 782 τοὺς

369 801 611 855 τοιούσδε
644 802 1029 874 λεχθησόμενα.
1072 806 1206 860 Ἀλλ’
1240 801 1283 875 ᾧ
1316 808 1463 878 μέλει
1507 810 1606 880 τῆς
1644 811 1750 864 τῶν
1782 811 1940 864 θείων

367 893 710 964 γραμμάτων
744 898 1038 966 σαφηνείας
1071 900 1290 972 εὑρήσει
1327 903 1421 954 ἀπ’
1455 902 1632 955 αὐτῶν
1677 902 1745 954 τὰ
1788 903 1939 971 λεγό-

373 1002 511 1054 μενα
546 990 886 1058 πνευματικὰ
925 995 1036 1055 τοῖς
1081 993 1496 1064 ὀνομαζομένοις
1534 1000 1935 1069 πνευματικοῖς,

369 1078 675 1149 συγκρίνων
710 1081 770 1132 τὸ
799 1081 1045 1154 βούλημα
1077 1085 1182 1138 τῶν
1218 1103 1275 1139 τε
1310 1087 1444 1159 πρὸς
1471 1090 1595 1152 τοὺς
1627 1089 1939 1142 ἀσθενεστέ-

369 1183 498 1239 ρους
525 1169 825 1242 λεγομένων
865 1174 957 1227 καὶ
989 1177 1097 1229 τῶν
1139 1181 1251 1239 τοῖς
1287 1180 1719 1250 ἐντρεχεστέροις
1761 1183 1941 1250 ἀπαγ-

364 1261 721 1333 γελλομένων,
741 1266 1017 1335 πολλάκις,
1050 1271 1106 1323 ὲν
1131 1274 1196 1342 τῇ
1225 1273 1361 1344 αὐτῇ
1396 1273 1537 1338 λέξει
1559 1275 1832 1347 ἑκατέρων
1862 1275 1940 1346 τῷ

366 1353 528 1409 εἰδότι
548 1357 764 1412 ἀκούειν
802 1361 969 1432 αὐτῆς
1003 1365 1292 1434 κειμένων.

448 1447 644 1520 Ὀργὴν
675 1451 773 1521 μὲν
800 1447 892 1506 οῦν
915 1454 1250 1528 ὀνομάζομεν
1275 1459 1430 1512 Θεοῦ
1465 1463 1523 1514 ού
1560 1463 1727 1527 πάθος
1758 1464 1803 1516 δ’
1840 1465 1938 1516 αύ-

365 1537 458 1590 τοῦ
495 1540 662 1613 αὐτὴν
697 1540 831 1596 εἷναί
865 1563 1061 1616 φαμεν,
1107 1548 1242 1603 ἀλλά
1284 1569 1334 1605 τι
1385 1554 1938 1626 παραλαμϐανόμενον

363 1627 443 1689 είς
459 1627 556 1698 τὴν
609 1630 695 1683 διὰ
729 1634 1190 1709 σκυθρωποτέρων
1243 1642 1473 1710 ἀγωγῶν
1512 1645 1785 1698 παίδευσιν
1821 1649 1933 1710 τοῖς

2048 437 2200 502 Quod
2236 437 2396 507 igitur
2427 437 2704 504 Scriptura
2766 451 2912 490 more
2951 437 3226 490 hominum
3259 436 3513 507 loquitur,
3541 453 3602 492 ea

2047 545 2106 584 re
2138 531 2418 584 hominum
2449 529 2667 584 utilitat-i
2699 529 2950 584 consulit.
2995 529 3176 598 Neque
3206 529 3347 584 enim
3395 530 3446 582 in
3492 545 3604 583 rem

2043 622 2183 691 vulgi
2217 622 2424 687 fuisset,
2454 624 2497 677 si
2530 639 2646 693 qme
2693 623 2765 676 illi
2799 623 3023 677 dicenda
3080 632 3254 688 erant,
3314 624 3454 677 Deus
3505 637 3604 692 pro

2043 731 2138 768 sua
2170 717 2447 784 majestate
2481 717 2723 772 dixisset.
2762 714 2867 769 Sed
2898 715 2983 768 cui
3015 716 3164 770 cordi
3208 716 3311 769 erit
3358 715 3602 783 Scriptu-

2043 824 2225 862 rarum
2254 811 2552 864 divinarum
2585 811 2958 880 intelligentia,
3011 813 3054 866 is
3084 813 3321 866 inveniet
3370 827 3454 878 ea,
3486 828 3604 882 qua:

2042 900 2116 954 ibi
2142 901 2444 968 spiritualia
2489 913 2770 970 vocantur,
2798 907 3090 959 (coniventire
3142 907 3211 981 iis,
3260 921 3398 975 quos
3442 907 3604 978 spiri-

2041 992 2211 1045 tuales
2247 993 2512 1061 appellant
2539 1012 2551 1057 ;
2581 1005 2633 1046 et
2660 994 2943 1050 conferens
2973 1010 3189 1050 sensum
3234 1005 3420 1050 eorum
3484 1013 3604 1067 qua:

2041 1085 2430 1140 inﬁrmioribus
2462 1085 2732 1150 dicuntur,
2779 1102 2899 1141 cum
2959 1105 3143 1142 eorum
3198 1104 3360 1144 sensu
3393 1105 3512 1157 quae
3535 1092 3600 1144 ad

2041 1179 2313 1232 acutiores
2342 1190 2607 1248 spectant,
2640 1191 2969 1250 compertum
3005 1183 3223 1238 habebit
3244 1199 3384 1254 saape
3413 1185 3600 1241 eodem

2041 1271 2094 1322 in
2131 1270 2248 1326 loco
2281 1281 2568 1343 utrumque
2593 1273 3014 1344 intelligentibus
3051 1277 3319 1333 exhiberi.

2111 1448 2195 1501 72.
2223 1447 2388 1516 Igitur
2423 1449 2553 1503 iram
2589 1451 2679 1504 Dei
2708 1451 3041 1504 nominamus
3082 1454 3320 1522 quidem,
3348 1459 3440 1510 sed
3476 1475 3596 1514 cam
3627 1468 3630 1469 '

2041 1540 2186 1594 illius
2232 1540 2483 1595 allectum
2515 1557 2633 1596 esse
2683 1558 2788 1597 non
2823 1545 3073 1599 dicimus.
3108 1545 3201 1600 Est
3235 1548 3412 1614 potius
3438 1566 3594 1618 aspe—

2040 1631 2152 1684 rior
2171 1632 2416 1700 quaedam
2451 1634 2637 1702 agendi
2669 1635 2803 1687 ratio
2835 1650 2936 1704 qua
2997 1636 3133 1691 Deus
3164 1638 3228 1690 ad
3269 1640 3596 1696 erudiendos

359 1717 433 1771 τά
463 1697 650 1774 τοσάδε
703 1726 797 1778 καὶ
836 1697 1008 1781 τοιάδε
1056 1697 1452 1804 ἡμαρτηκόσιν.
1501 1737 1620 1790 Ὅτι
1662 1738 1768 1809 γὰρ

2039 1730 2308 1776 tantorum
2344 1723 2639 1795 taliumque
2661 1726 2947 1781 criminum
2981 1744 3100 1782 reos
3140 1729 3382 1785 homines
3407 1732 3593 1790 utitur.

361 1807 559 1883 δεύειή
591 1813 891 1888 καλουμένη
941 1820 1077 1892 ὀργὴ
1127 1822 1220 1875 τοῦ
1272 1824 1428 1888 Θεοῦ,
1461 1827 1553 1879 καὶ
1597 1831 1624 1882 6
1674 1807 1929 1900 ὀνομαζό-

365 1919 522 1972 μενος
547 1904 712 1976 θυμὸς
735 1909 920 1974 αὐτοῦ,
950 1914 1041 1965 καὶ
1070 1915 1213 1968 τοῦτ’
1243 1917 1462 1988 ἀρέσκει
1487 1919 1562 1990 τῷ
1586 1921 1927 1993 λόγῳρδῆλον

361 1997 423 2046 ὲκ
448 1995 540 2048 τοῦ
568 1998 624 2051 ὲν
653 2000 751 2068 μὲν
776 2002 917 2072 ’έκτῳ
945 2004 1143 2076 ψαλμῷ
1163 2009 1431 2078 εἰρῆσθαι·
1471 2033 1487 2063 ι
1527 2014 1714 2084 Κύριε,
1748 2017 1822 2086 μὴ
1849 2017 1926 2087 τῷ

361 2085 513 2180 θυμῷ
532 2107 620 2180 σου
637 2089 855 2166 ἐλέγξῃς
874 2113 961 2164 με,
984 2097 1115 2169 μηδὲ
1132 2103 1195 2171 τῇ
1216 2101 1350 2174 ὀργῇ
1373 2121 1463 2157 σου
1487 2085 1779 2180 παιδεύσῃς

359 2178 415 2228 ἐν
439 2176 492 2230 δὲ
523 2179 598 2247 τῷ
637 2180 890 2255 Ἱερεμίᾳ·
916 2206 933 2237 ι
964 2189 1254 2245 Παίδευσον
1283 2196 1451 2266 ἡμᾶς,
1483 2198 1678 2268 Κύριε,
1713 2199 1849 2270 πλὴν
1868 2203 1924 2254 ὲν

360 2268 553 2338 κρίσει,
575 2274 666 2327 καὶ
687 2277 759 2347 μὴ
780 2280 836 2331 ὲν
858 2278 1031 2352 θυμῷ,
1049 2282 1136 2336 ἵνα
1156 2285 1225 2356 μὴ
1242 2285 1452 2355 ὀλίγους
1470 2291 1614 2360 ἡμᾶς
1632 2293 1881 2363 ποιήσῃς.
1899 2313 1916 2344 ι

365 2358 654 2428 Ἀναγνοὺς
682 2363 738 2417 δέ
767 2384 846 2431 τις
891 2371 946 2422 ἐν
982 2372 1078 2441 μὲν
1111 2377 1176 2445 τῇ
1209 2375 1432 2448 δευτέρᾳ
1475 2380 1583 2433 τῶν
1629 2381 1922 2435 Βασιλειῶν

350 2447 518 2546 ὀργὴν
550 2453 704 2520 Θεοῦ,
730 2458 1122 2518 ἀναπείθουσαν
1162 2468 1251 2521 τὸν
1283 2447 1443 2523 Anteio
1475 2472 1773 2546 ἀριθμῆσαι
1831 2476 1921 2528 τὸν

352 2540 500 2634 λαδν,
552 2545 608 2596 ἐν
661 2546 717 2600 δὲ
759 2552 823 2620 τῇ
871 2552 1061 2627 πρώτῃ
1123 2556 1229 2609 τῶν
1283 2540 1778 2634 Παραλειπομέννων
1831 2567 1921 2620 τὸν

349 2633 614 2702 διάϐολον,
639 2639 734 2690 καὶ
757 2642 1119 2709 συνεξετάζων
1158 2648 1402 2722 ἀλλήλοις
1433 2655 1498 2707 τά
1531 2633 1688 2728 ρητά,
1732 2658 1919 2728 ὄψεται

351 2724 444 2776 ἐπὶ
472 2726 614 2790 τίνος
635 2729 890 2787 τάσσεται
917 2737 948 2805 ή
982 2737 1138 2810 ὀργή·
1169 2736 1236 2810 ἧς
1273 2743 1365 2796 καὶ
1395 2746 1560 2801 τέκνα
1594 2750 1800 2815 πάντας
1824 2753 1918 2806 άν-

350 2813 599 2916 θρώπους
627 2825 904 2890 γεγονέναι
955 2831 1117 2900 φησὶν
1149 2832 1176 2883 6
1218 2833 1426 2900 Παῦλος
1457 2837 1647 2907 λέγων·
1684 2862 1702 2893 ι
1747 2813 1920 2916 ’Πμε-

348 2904 416 2996 θα
452 2907 559 2977 (60)
581 2911 744 2967 τέκνα
770 2916 928 2985 φύσει
957 2920 1144 2992 ὀργῆς,
1182 2924 1258 2988 ὡς
1297 2929 1390 2980 καὶ
1423 2933 1469 2982 οἱ
1509 2904 1703 2988 λοιποί.
1743 2957 1760 2988 ι
1797 2904 1916 2996 "Du

345 2995 483 3106 δ’.οῦ
509 3000 676 3107 πάθος
721 3005 1000 3113 τρῦγθεοῦ
1053 3015 1201 3066 ἐστιν
1239 3019 1270 3087 ἠ
1318 3017 1472 3090 ὀργὴ,
1519 3021 1632 3076 ἀλλ’
1691 3028 1918 3098 ἕκαστος
1947 3057 1988 3113 C

347 3088 493 3158 αὑτῷ
518 3092 718 3164 ταύτην
747 3091 895 3152 δι’ὧν
923 3101 1220 3176 ἁμαρτάνει
1247 3114 1660 3180 κατασκευάζει,
1688 3118 1916 3191 δηλώσει

345 3179 615 3287 δ’Παὶῦλος
652 3187 708 3238 έν
737 3188 830 3259 τῷο
865 3209 882 3240 ι
923 3193 993 3246 Ἢ
1027 3195 1121 3247 τοῦ
1166 3198 1392 3254 πλούτου
1423 3204 1519 3275 τῆς
1557 3179 1920 3287 χρηστότητος

348 3270 534 3370 αὐτοῦ,
570 3277 661 3370 καὶ
689 3280 787 3370 της
818 3283 1033 3356 ἀνοχῆς,
1065 3291 1158 3342 καὶ
1189 3293 1286 3364 τῆς
1326 3270 1704 3370 μακροθυμίάς
1749 3270 1917 3360 καιταί

350 3363 580 3428 φρονεῖς,
603 3363 829 3432 ἀγνοῶν,
855 3371 1014 3426 ὅτιτὸ
1044 3380 1274 3448 χρηστὸν
1310 3383 1402 3437 τοῦ
1447 3387 1580 3440 Θεοῦ
1620 3393 1699 3454 είς
1750 3398 1916 3463 μετά-

346 3448 494 3502 νοιάν
522 3469 578 3504 σε
614 3455 768 3524 ἄγει;
802 3462 955 3518 Κατά
984 3465 1038 3518 δὲ
1061 3469 1157 3539 τὴν
1193 3473 1531 3548 σκληρότητά
1549 3498 1640 3535 σου
1669 3487 1760 3538 καὶ
1785 3492 1919 3558 άμε-

343 3543 601 3649 τανόητον
663 3551 894 3621 καρδίαν
963 3543 1578 3641 θησαυρίζεις-σεαυτῷ
1632 3543 1914 3649 ὀργὴνιὲν

345 3635 525 3735 ημέρᾳ
579 3639 746 3713 ὀργῆς
798 3646 891 3698 καὶ
945 3648 1337 3725 ἀποκαλύψεως
1385 3659 1776 3735 δικαιοκρισίας
1819 3671 1912 3725 τοῦ

341 3723 495 3778 Θεοῦ.
525 3745 542 3777 ι
571 3728 694 3794 Πῶς
733 3729 824 3786 οὖν
843 3735 1062 3794 δύναται
1091 3742 1317 3810 ἕκαστος
1345 3749 1692 3826 θησαυρίζειν
1737 3762 1914 3834 ἐαυτῷ

347 3815 460 3834 ,ρει
539 3821 550 3834 .
628 3825 639 3834 .
709 3824 721 3834 .
833 3829 843 3834 -
925 3830 949 3834 μ
1043 3832 1052 3834 ς

619 3824 796 3924 ἡμέρᾳ
821 3829 1010 3900 ὀργῆς,
1031 3832 1200 3906 ὀργῆς
1217 3839 1309 3892 τοῦ
1339 3815 1542 3910 πάθους
1582 3815 1908 3924 νοουμένηςὲ

341 3909 464 4004 Πῶς
479 3911 535 3964 δὲ
555 3915 724 3988 ὀργῆς
742 3921 909 3985 πάθος
935 3927 1207 3984 παιδεύειν
1222 3932 1439 3990 δύναται
1460 3956 1472 4002 ;
1515 3909 1673 3997 Ἇλλά
1707 3909 1797 4001 καὶ

340 4001 409 4103 ἂν
443 4006 470 4056 6
494 4005 754 4063 διδάσκων
777 4011 931 4080 λόγος
972 4019 1116 4088 ἡμᾶς
1150 4025 1412 4097 μηδαμῶς
1450 4033 1780 4103 ὀργίζεσθαι,

342 4096 564 4164 φάσκων
599 4102 656 4153 ὲν
692 4110 994 4179 τριακοστῷ
1039 4113 1181 4184 ἕκτῳ
1217 4117 1432 4191 ψαλμῷ,
1480 4143 1498 4174 ‹
1550 4127 1760 4184 Παῦσαι
1801 4135 1908 4188 ἀπὸ

339 4189 530 4299 όργῇς,
572 4197 662 4248 καὶ
681 4198 1014 4299 έγκατάλιπε
1057 4207 1242 4278 θυμόνο
1282 4233 1300 4262 ι
1331 4189 1502 4282 λέγων
1537 4218 1593 4271 δὲ
1617 4223 1709 4275 καὶ
1735 4225 1792 4278 ὲν
1829 4228 1909 4299 τῷ

343 4279 561 4351 Παύλῳ,
611 4303 629 4334 ι
681 4287 968 4346 Ἀπόθεσθε
1011 4298 1104 4349 καὶ
1159 4300 1315 4371 ὑμεῖς
1349 4303 1420 4358 τά
1457 4307 1669 4375 πάντα,
1713 4279 1900 4386 ὀργὴν,

2037 1815 2133 1870 Dei
2163 1816 2304 1869 enim
2340 1817 2474 1872 iram
2506 1829 2558 1872 et
2581 1818 2841 1886 furorem,
2877 1833 2933 1877 ut
2959 1823 3252 1892 loquimur,
3283 1829 3598 1897 castigando

2034 1909 2268 1969 erudire,
2306 1910 2464 1976 idque
2509 1911 2913 1980 Scripturarum
2965 1931 3082 1972 esse
3118 1930 3374 1984 cientem,
3428 1936 3490 1976 ex
3533 1938 3597 1977 eo

2034 2008 2178 2066 patet
2203 2001 2342 2068 quod
2379 2002 2429 2055 in
2462 2003 2667 2070 psalmo
2707 2015 2860 2060 sexto
2915 2007 3108 2076 legitur
3145 2026 3158 2062 :
3195 2029 3212 2060 ι
3248 2011 3474 2066 Domine
3530 2029 3596 2066 ne

2035 2091 2085 2144 in
2123 2091 2306 2148 furore
2343 2104 2432 2148 tuo
2458 2111 2654 2164 arguas
2681 2113 2784 2163 me,
2814 2115 2986 2168 neque
3041 2103 3091 2154 in
3135 2111 3215 2156 Ira
3245 2117 3333 2156 tua
3377 2109 3598 2160 erudias

2032 2199 2118 2238 me
2142 2185 2206 2237 ³⁸.
2232 2205 2253 2236 ι
2285 2187 2348 2240 Ει
2371 2185 2518 2256 apud
2536 2190 2824 2245 Jeremiam
2851 2211 2864 2246 :
2896 2211 2915 2243 ι
2947 2193 3170 2262 Corripe
3198 2212 3316 2259 nos,
3343 2197 3590 2262 Domine,

2033 2288 2402 2334 verumtamen
2449 2281 2505 2334 in
2552 2282 2780 2350 judicio,
2837 2294 2888 2338 et
2940 2302 3043 2340 non
3084 2288 3134 2339 in
3166 2287 3368 2355 furore,
3426 2305 3492 2344 ne
3526 2291 3590 2344 ad

2030 2382 2232 2437 paucos
2284 2384 2381 2423 nos
2413 2371 2624 2439 redigas
2667 2373 2730 2426 ³⁵⁵.
2769 2393 2787 2425 ι
2821 2371 2936 2428 Jam
2988 2375 3030 2429 si
3079 2378 3198 2444 quis
3253 2377 3304 2430 in
3352 2379 3591 2433 secundo

2029 2458 2232 2530 Regum
2261 2462 2401 2532 legat
2435 2462 2526 2517 Dei
2555 2465 2685 2518 iram
2715 2468 3038 2537 compulisse
3072 2470 3325 2524 Davidem
3376 2474 3442 2524 ad
3487 2487 3590 2525 nu-

2029 2554 2347 2606 merandum
2396 2556 2646 2624 populum
2705 2559 2771 2622 ⁸ο,
2821 2560 2978 2630 idque
3006 2573 3285 2631 comparet
3317 2579 3438 2618 cum
3467 2565 3586 2620 loco

2027 2644 2188 2710 primi
2243 2643 2726 2714 Paralipomenon,
2781 2652 2868 2704 ubi
2919 2653 3130 2706 diabolo
3198 2656 3338 2709 idem
3364 2657 3589 2711 ascribi-

2031 2745 2116 2788 tur
2146 2735 2211 2800 “,
2247 2736 2405 2793 facile
2444 2742 2735 2809 perspiciet
2767 2759 2874 2812 quo
2902 2746 3204 2814 signiﬁcato
3249 2748 3340 2803 Dei
3374 2750 3450 2802 ira
3478 2767 3587 2804 me-

2029 2841 2306 2884 moretur:
2342 2834 2493 2902 cujus
2535 2836 2629 2889 ira:
2667 2853 2762 2892 nos
2797 2839 2936 2893 ﬁlios
2961 2839 3124 2895 fuisse
3151 2843 3310 2895 docet
3365 2840 3583 2903 Paulus.

2025 2939 2143 2977 cum
2175 2927 2292 2980 ait:
2333 2945 2351 2976 ι
2384 2928 2609 2985 Eramus
2660 2943 2847 2986 natura
2907 2936 2999 2988 ﬁlii
3054 2939 3164 3000 irre,
3197 2938 3335 2993 sicut
3384 2949 3440 2995 et
3484 2956 3588 2995 cm-

2026 3013 2124 3067 teri
2156 3014 2222 3067 ⁸².
2262 3035 2280 3067 ι
2315 3016 2524 3073 Rursus
2554 3020 2687 3074 iram
2730 3039 2834 3076 non
2869 3039 2988 3079 esse
3043 3028 3134 3080 Dei
3168 3027 3440 3093 affectum,
3493 3033 3585 3084 sed

2025 3119 2144 3157 eam
2179 3105 2230 3158 in
2255 3122 2311 3160 se
2341 3123 2608 3178 quemque
2638 3115 2874 3180 peccatis
2908 3116 3175 3184 derivare,
3209 3118 3409 3174 Paulus
3441 3121 3594 3174 idem-

2023 3195 2236 3263 plannm
2270 3197 2397 3252 facit
2428 3217 2442 3253 :
2481 3219 2500 3252 ι
2534 3204 2614 3256 An
2643 3205 2881 3272 divitias,
2915 3207 3108 3276 inquit,
3163 3208 3420 3266 bonitatis
3444 3213 3582 3278 ejus,

2021 3298 2073 3342 et
2104 3291 2398 3358 patientiae,
2440 3305 2494 3348 et
2529 3299 2995 3367 magnanimitatis
3058 3304 3389 3371 contemnis;
3434 3304 3584 3374 igno-

2021 3397 2148 3436 rans
2170 3385 2424 3451 quouiam
2452 3388 2754 3459 benignitas
2783 3392 2874 3444 Dei
2903 3393 2968 3446 ad
2999 3393 3374 3461 paenitentiam
3403 3405 3456 3449 te
3484 3397 3596 3450 ad»

2019 3476 2208 3529 ducit?
2239 3475 2547 3532 Secundum
2573 3491 2752 3535 autem
2787 3484 3043 3538 duritiam
3087 3493 3232 3539 tuam
3286 3497 3340 3541 et
3384 3488 3579 3558 impre-

2018 3567 2197 3621 nitcns
2226 3583 2323 3623 cor
2355 3571 2692 3626 thesaurizas
2750 3573 2842 3626 tibi
2900 3575 3033 3628 iram
3088 3575 3140 3628 in
3173 3577 3261 3630 die
3293 3577 3384 3630 ira
3408 3586 3595 3632 circ--

2019 3659 2450 3728 velationisjusti
2474 3661 2662 3731 judicii
2698 3663 2792 3715 Dei
2819 3663 2882 3716 ⁸³.
2916 3682 2942 3715 ι
2966 3665 3246 3730 Quomodo
3273 3667 3434 3734 igitur
3473 3667 3575 3720 sibi

2017 3751 2244 3820 quisque
2269 3762 2448 3821 posset
2482 3753 2848 3808 thesaurizare
2878 3755 3015 3809 iram
3053 3758 3105 3810 in
3130 3758 3217 3814 die
3241 3761 3356 3826 irce,
3401 3760 3446 3813 si
3484 3761 3580 3814 ira;

2018 3843 2234 3896 nomine
2265 3841 2487 3898 affectus
2520 3844 2854 3915 intelligatur
2875 3847 3022 3915 ‘rQui
3050 3849 3165 3902 ﬁeri
3195 3859 3374 3918 petest
3393 3860 3453 3903 ut
3482 3851 3591 3905 ira?-

2017 3933 2242 3991 ail'ectus
2265 3938 2512 3992 erudiat?
2539 3938 2723 4008 Neque
2764 3941 2926 3995 etiam
2982 3943 3299 4012 Scriptnrze,
3332 3961 3449 4015 quae
3481 3965 3577 4002 nos

2014 4027 2176 4080 irasci
2204 4038 2416 4094 vetant;
2449 4045 2567 4099 quae
2598 4033 2648 4085 in
2679 4044 2835 4087 sexto
2865 4044 2918 4088 et
2943 4034 3216 4090 tricesimo
3260 4039 3572 4109 psalmoju-

2011 4115 2137 4173 bent
2166 4137 2186 4170 ι
2213 4120 2456 4175 desinere
2484 4122 2552 4176 ab
2581 4124 2655 4176 ira
2689 4134 2742 4176 et
2771 4125 3148 4194 derelinquere
3174 4128 3412 4182 furorem
3441 4132 3521 4194 ⁸⁸ς
3551 4151 3568 4183 ι

2011 4227 2131 4280 qua:
2155 4213 2295 4280 apud
2329 4213 2550 4268 Paulum
2577 4217 2901 4286 prmcipiunt
2929 4237 2948 4268 ι
2984 4221 3255 4288 deponere
3307 4223 3421 4277 hate
3455 4240 3573 4277 om-

2009 4306 2118 4368 nia,
2153 4306 2306 4372 iram,
2336 4308 2781 4376 indignationem,
2819 4309 2983 4381 558
3015 4314 3295 4379 malitiam,
3324 4315 3574 4385 blasphe-

341 4370 557 4479 θυμῖν,”
575 4376 788 4445 κακίαν,
830 4370 1205 4457 βλασφημίαν,
1254 4370 1666 4468 αἰσχρολογίαν-Π
1695 4422 1714 4454 ›

2027 4398 2194 4462 niam,
2225 4409 2430 4470 turpem
2467 4416 2770 4454 sermonem
2792 4403 2858 4469 ⁸⁵,
2893 4423 2911 4454 ι
2943 4402 3050 4458 Deo
3074 4406 3170 4473 ipsi
3197 4408 3569 4476 assignas-sent

379 4462 403 4474 υ
532 4466 557 4478 η
1519 4462 1528 4466 -
1873 4462 1886 4479 .

338 4480 413 4533 τῳ
450 4465 567 4536 Θεῳ
594 4471 862 4541 περιῆπτε
899 4475 960 4529 τὸ
998 4479 1186 4546 πάθος,
1217 4479 1276 4538 οὗ
1305 4487 1450 4557 ἡμᾶς
1471 4491 1642 4564 πάντη
1663 4495 1902 4551 ἀπαλλά-

338 4553 447 4618 ξειν
480 4556 588 4629 (61)
633 4559 894 4629 βούλεται.
942 4567 1112 4636 Δῆλον
1165 4570 1220 4624 δὲ
1259 4553 1797 4650 τὸ-ντροπολογεϊσθαι
1833 4585 1902 4640 τά

337 4649 462 4720 περὶ
491 4651 656 4723 ὀργῆς
678 4655 811 4708 Θεοῦ
853 4661 915 4712 ἐκ
940 4659 1034 4714 τοῦ
1074 4663 1168 4717 καὶ
1196 4664 1361 4720 ῦπνον
1391 4669 1554 4723 αὑτοῦ
1589 4674 1898 4750 ἀναγεγρά-

337 4740 484 4808 φθαι,
532 4745 623 4815 ἀφ’
670 4743 730 4802 οὗ
770 4748 958 4823 ὥσπερ
1013 4755 1299 4820 διυπνίζων
1353 4761 1513 4818 αὐτὸν
1549 4767 1578 4818 6
1617 4740 1902 4845 προφήτης

335 4832 497 4899 λέγει·
528 4855 547 4887 ι
594 4840 897 4915 Ἀνάστηθι·
927 4847 1064 4900 ίνατί
1096 4849 1302 4914 ὑπνοῑς,
1333 4853 1538 4928 Κύριε;
1567 4878 1585 4909 ι
1606 4832 1714 4913 Καὶ

335 4924 487 5022 φησί’
536 4947 555 4978 ι
595 4931 702 5022 Καὶ
739 4935 1004 5010 ἐξηγέρθη
1036 4941 1110 5004 ὡς
1142 4943 1170 4993 6
1215 4944 1396 4999 ὑπνῶν
1424 4924 1658 5022 ῆΚύριος,
1695 4952 1768 5018 ὡς
1803 4955 1896 5008 δυ-

333 5017 491 5080 νατὸς
523 5021 615 5072 καὶ
655 5029 1106 5101 κεκραιπαληκὼς
1148 5033 1206 5100 ἐξ
1250 5038 1410 5090 οἴνου.
1475 5061 1491 5090 ι
1538 5043 1708 5116 Εἴπερ
1751 5044 1842 5102 οῦν
1867 5051 1894 5101 ὁ

335 5107 500 5175 ὕπνος
539 5113 666 5168 ἄλλο
701 5135 752 5171 τι
794 5124 1063 5192 σημαίνει,
1103 5129 1194 5180 καὶ
1235 5131 1332 5200 οὐχ
1367 5133 1501 5202 ὅπερ
1533 5138 1564 5204 ἡ
1606 5139 1892 5213 πρόχειρος

399 5294 455 5378 ’ί
489 5297 712 5378 ῡειιι.“ι,
745 5300 831 5361 51.
908 5305 952 5378 “f
991 5306 1141 5378 Psal,
1177 5323 1260 5372 νι,
1293 5313 1344 5366 1.
1419 5313 1464 5344 ³³
1502 5313 1700 5373 Jerem.
1729 5337 1779 5378 κ,
1804 5322 1890 5376 24.

333 5367 508 5450 uti.“
541 5369 597 5450 :3
627 5369 794 5450 llum.
826 5375 978 5450 156,
1004 5377 1059 5429 5.
1129 5377 1175 5409 ⁸⁸
1209 5367 1352 5434 Psal.
1405 5367 1676 5450 mnu-8:

401 5435 513 5507 (59)
541 5438 800 5527 Vulgatns
825 5435 1116 5532 Bibliorlmtn
1145 5460 1349 5532 textus,
1385 5435 1808 5532 ὲτροφοφόρησε,

331 5525 451 5630 mox
485 5517 910 5636 τροφῖξορήσαι,
940 5519 1032 5570 sed
1067 5517 1313 5587 Origenis
1344 5517 1505 5578 lectio
1527 5517 1885 5586 conﬁrmatur

377 5590 444 5630 ct.
477 5595 595 5636 xm.
701 5622 713 5634 .

400 5620 1061 5726 (θθῖῖίῖιίξιλυεΑιιοειιιιί
1120 5669 1320 5726 textus,

400 5659 507 5718 (UU)
541 5659 792 5718 Vulgatus
825 5659 1061 5722 Apostnli
1120 5669 1320 5726 textus,
1367 5659 1526 5735 ἦμεν.
1562 5666 1725 5724 Paulo
1766 5683 1884 5741 post

336 5717 490 5772 (:Otld.
533 5719 748 5772 Regius-
807 5725 1126 5772 Basili-ansis
1175 5744 1224 5772 μι
1285 5737 1388 5772 Λιιη
1449 5739 1720 5772 Anulum“:
1782 5761 1848 5772 υ..

581 5725 748 5792 cgius,
806 5725 1126 5785 Basilcensis
1175 5744 1228 5788 et
1285 5725 1881 5812 dudﬁuglicanifxa-i

1969 5325 2014 5356 ⁸⁰
2053 5324 2104 5379 Π
2128 5325 2256 5392 Reg.
2291 5341 2437 5384 mv.
2464 5329 2513 5382 i.

1750 5391 1793 5424 ⁸⁵
1834 5394 2042 5450 Coloss.
2085 5412 2164 5461 ιιι,
2198 5391 2252 5450 8.

2009 4487 2279 4552 affectum,
2326 4506 2433 4559 quo
2480 4506 2578 4544 nos
2625 4495 2852 4548 omnino
2927 4512 3125 4551 vacuos
3180 4513 3299 4553 esse
3362 4502 3567 4556 volunt.

2007 4581 2275 4636 Prazterea
2324 4584 2456 4637 iram
2496 4585 2587 4638 Dei
2643 4585 2930 4656 allegorico
2982 4605 3140 4643 sensu
3199 4593 3567 4661 accipiendam

2006 4689 2127 4728 esse
2176 4675 2298 4730 inde
2326 4687 2568 4745 apparet,
2621 4680 2768 4747 quod
2823 4679 3121 4749 Scriptura:
3177 4685 3275 4754 ipsi
3326 4688 3568 4743 tribuant

2005 4781 2294 4822 somnum:
2328 4782 2391 4822 ex
2431 4784 2538 4838 quo
2573 4773 2726 4841 quasi
2783 4787 2904 4828 eum
2953 4777 3196 4832 excitans
3241 4777 3507 4848 Propheta
3551 4805 3563 4839 :

2007 4879 2024 4910 ι
2065 4860 2328 4931 Exsurge,
2363 4863 2556 4933 inquit,
2584 4881 2751 4932 quare
2780 4868 3074 4931 obdurmis,
3097 4873 3318 4927 Domine
3342 4874 3423 4928 ‘°?
3453 4895 3470 4926 ι
3501 4876 3566 4930 Et

2001 4951 2103 5005 alio
2129 4953 2179 5004 in
2206 4953 2322 5008 loco
2356 4973 2369 5008 :
2399 4971 2418 5005 ι
2455 4954 2520 5009 Ει
2545 4957 2814 5015 excitatus
2888 4973 2972 5014 est
3009 4972 3260 5033 tanquam
3291 4967 3563 5023 dormiens

1999 5044 2280 5110 Dominus,
2323 5056 2580 5116 tanquam
2617 5059 2806 5115 potens
2839 5054 3149 5123 crapulatus
3189 5073 3216 5110 a
3278 5059 3405 5113 vino
3436 5060 3500 5113 ⁸⁷.
3540 5083 3558 5109 ι

1999 5137 2064 5189 Si
2090 5152 2218 5202 ergo
2249 5152 2469 5192 somnus
2500 5139 2626 5207 quid
2657 5142 2801 5196 aliud
2845 5143 3139 5214 signiﬁcat,
3206 5163 3366 5215 quam
3415 5153 3559 5215 quod

2591 5330 2632 5362 ⁸¹
2672 5330 2692 5385 I
2726 5333 2957 5402 Paralip.
2989 5349 3100 5392 nl.
3146 5334 3196 5386 1.
3273 5334 3317 5364 δ’
3358 5335 3552 5402 Ephes-

2329 5399 2383 5472 “_
2411 5398 2554 5453 Psal.
2607 5418 2760 5466 nm,
2794 5398 2918 5456 ‘25.'
2961 5403 3004 5432 ⁸⁷
3050 5404 3187 5454 l’sal.
3227 5398 3430 5472 Lxxut,
3459 5408 3556 5464 65.

1989 5469 2331 5534 τασκευάζει.
2368 5470 2634 5537 Impressi,
2664 5473 3073 5526 κατασκευάσει.

2063 5536 2618 5618 (U‘i‘ilhiodd:Reg-ius,
2672 5545 2964 5618 ‘i’alirauus
2995 5554 3050 5618 et
3081 5543 3191 5618 duo
3242 5547 3552 5618 Anglicani,

1991 5608 2312 5675 ἀπαλλάξαι.
2342 5609 2506 5664 Paulo
2539 5624 2658 5678 post
2684 5613 2879 5678 llegius
2906 5622 2958 5665 et
2996 5608 3434 5679 Basileensisréx
3457 5608 3554 5679 τοῦ

1991 5679 2081 5730 καὶ
2120 5681 2254 5756 περι
2274 5680 2439 5734 ὕπνου
2471 5683 2631 5736 αὑτοῦ
2660 5683 3088 5754 ἀναγεγράφθαι,
3118 5701 3235 5756 qua:
3269 5689 3423 5750 lectio
3449 5710 3552 5751 non

1990 5753 2312 5819 spernenda.
