  <div class='ocr_page' id='page_1' title='image "/cluster/home/n/w/nwhite01/storage/ocr_20150623/11/mdp.39015013266690/585.png"; bbox 0 0 3986 6164; ppageno 0'>
   <div class='ocr_carea' id='block_1_1' title="bbox 483 223 615 277">
    <p class='ocr_par' dir='ltr' id='par_1_1' title="bbox 483 223 615 277">
     <span class='ocr_line' id='line_1_1' title="bbox 483 223 615 277; baseline -0.015 0"><span class='ocrx_word' id='word_1_1' title='bbox 483 223 615 277; x_wconf 60' lang='lat'>“4&#39;5</span> 
     </span>
    </p>
   </div>
   <div class='ocr_carea' id='block_1_2' title="bbox 1940 216 2256 273">
    <p class='ocr_par' dir='ltr' id='par_1_2' title="bbox 1940 216 2256 273">
     <span class='ocr_line' id='line_1_2' title="bbox 1940 216 2256 273; baseline -0.009 0"><span class='ocrx_word' id='word_1_2' title='bbox 1940 216 2256 273; x_wconf 78' lang='lat' dir='ltr'>ORIGENIS</span> 
     </span>
    </p>
   </div>
   <div class='ocr_carea' id='block_1_3' title="bbox 3589 206 3711 260">
    <p class='ocr_par' dir='ltr' id='par_1_3' title="bbox 3589 206 3711 260">
     <span class='ocr_line' id='line_1_3' title="bbox 3589 206 3711 260; baseline 0 0"><span class='ocrx_word' id='word_1_3' title='bbox 3589 206 3711 260; x_wconf 77' lang='lat' dir='ltr'>NH</span> 
     </span>
    </p>
   </div>
   <div class='ocr_carea' id='block_1_4' title="bbox 480 319 2024 405">
    <p class='ocr_par' dir='ltr' id='par_1_4' title="bbox 480 334 2024 405">
     <span class='ocr_line' id='line_1_4' title="bbox 480 334 2024 405; baseline -0.005 -11"><span class='ocrx_word' id='word_1_4' title='bbox 480 354 677 395; x_wconf 75' lang='lat' dir='ltr'><strong>settsus</strong></span> <span class='ocrx_word' id='word_1_5' title='bbox 704 336 893 394; x_wconf 84' lang='lat' dir='ltr'><strong>obvius</strong></span> <span class='ocrx_word' id='word_1_6' title='bbox 946 352 1053 405; x_wconf 68' lang='lat' dir='ltr'><strong>prae</strong></span> <span class='ocrx_word' id='word_1_7' title='bbox 1083 351 1140 392; x_wconf 84' lang='lat' dir='ltr'>se</span> <span class='ocrx_word' id='word_1_8' title='bbox 1185 336 1431 402; x_wconf 80' lang='lat' dir='ltr'><strong>fert,cnr</strong></span> <span class='ocrx_word' id='word_1_9' title='bbox 1478 351 1582 389; x_wconf 91' lang='lat' dir='ltr'>non</span> <span class='ocrx_word' id='word_1_10' title='bbox 1627 337 1766 390; x_wconf 79' lang='lat' dir='ltr'><strong>idem</strong></span> <span class='ocrx_word' id='word_1_11' title='bbox 1827 334 2024 390; x_wconf 76' lang='lat' dir='ltr'><strong>feratur</strong></span> 
     </span>
    </p>
   </div>
   <div class='ocr_carea' id='block_1_5' title="bbox 2127 319 3713 405">
    <p class='ocr_par' dir='ltr' id='par_1_5' title="bbox 2133 319 3713 403">
     <span class='ocr_line' id='line_1_5' title="bbox 2133 319 3713 403; baseline -0.007 -19"><span class='ocrx_word' id='word_1_12' title='bbox 2133 333 2324 403; x_wconf 77' lang='grc' dir='ltr'>ἐκδοχὴ</span> <span class='ocrx_word' id='word_1_13' title='bbox 2349 333 2446 402; x_wconf 80' lang='grc' dir='ltr'>τῆς</span> <span class='ocrx_word' id='word_1_14' title='bbox 2467 332 2660 397; x_wconf 84' lang='grc' dir='ltr'>λέξεως</span> <span class='ocrx_word' id='word_1_15' title='bbox 2679 330 2842 400; x_wconf 77' lang='grc' dir='ltr'>δηλοῖ,</span> <span class='ocrx_word' id='word_1_16' title='bbox 2869 326 2957 380; x_wconf 85' lang='grc' dir='ltr'>διὰ</span> <span class='ocrx_word' id='word_1_17' title='bbox 2983 325 3035 379; x_wconf 86' lang='grc' dir='ltr'>τί</span> <span class='ocrx_word' id='word_1_18' title='bbox 3076 325 3208 396; x_wconf 73' lang='grc' dir='ltr'>οὐχὶ</span> <span class='ocrx_word' id='word_1_19' title='bbox 3245 323 3343 377; x_wconf 74' lang='grc' dir='ltr'>καὶ</span> <span class='ocrx_word' id='word_1_20' title='bbox 3376 323 3411 392; x_wconf 76' lang='grc' dir='ltr'><strong>ἡ</strong></span> <span class='ocrx_word' id='word_1_21' title='bbox 3455 319 3588 392; x_wconf 79' lang='grc' dir='ltr'>ὀργὴ</span> <span class='ocrx_word' id='word_1_22' title='bbox 3619 339 3713 374; x_wconf 79' lang='grc' dir='ltr'>πα-</span> 
     </span>
    </p>
   </div>
   <div class='ocr_carea' id='block_1_6' title="bbox 482 427 2030 500">
    <p class='ocr_par' dir='ltr' id='par_1_6' title="bbox 482 427 2030 500">
     <span class='ocr_line' id='line_1_6' title="bbox 482 427 2030 500; baseline 0 -18"><span class='ocrx_word' id='word_1_23' title='bbox 482 431 547 485; x_wconf 76' lang='lat' dir='ltr'><strong>:le</strong></span> <span class='ocrx_word' id='word_1_24' title='bbox 570 431 646 484; x_wconf 90' lang='lat' dir='ltr'>ira</span> <span class='ocrx_word' id='word_1_25' title='bbox 666 429 964 500; x_wconf 85' lang='lat' dir='ltr'>judicium?</span> <span class='ocrx_word' id='word_1_26' title='bbox 990 428 1140 494; x_wconf 87' lang='lat' dir='ltr'>Quod</span> <span class='ocrx_word' id='word_1_27' title='bbox 1171 428 1234 481; x_wconf 92' lang='lat' dir='ltr'>ad</span> <span class='ocrx_word' id='word_1_28' title='bbox 1264 427 1434 481; x_wconf 84' lang='lat' dir='ltr'><strong>minas</strong></span> <span class='ocrx_word' id='word_1_29' title='bbox 1463 428 1675 492; x_wconf 91' lang='lat' dir='ltr'><strong>attinet,</strong></span> <span class='ocrx_word' id='word_1_30' title='bbox 1694 443 1790 497; x_wconf 90' lang='lat' dir='ltr'>per</span> <span class='ocrx_word' id='word_1_31' title='bbox 1815 442 1907 482; x_wconf 86' lang='lat' dir='ltr'>eas</span> <span class='ocrx_word' id='word_1_32' title='bbox 1934 427 2030 482; x_wconf 89' lang='lat' dir='ltr'><strong>de—</strong></span> 
     </span>
    </p>
   </div>
   <div class='ocr_carea' id='block_1_7' title="bbox 481 517 2028 587">
    <p class='ocr_par' dir='ltr' id='par_1_7' title="bbox 481 517 2028 587">
     <span class='ocr_line' id='line_1_7' title="bbox 481 517 2028 587; baseline -0.003 -12"><span class='ocrx_word' id='word_1_33' title='bbox 481 521 799 577; x_wconf 89' lang='lat' dir='ltr'><strong>nuntiantur</strong></span> <span class='ocrx_word' id='word_1_34' title='bbox 828 519 1108 586; x_wconf 86' lang='lat' dir='ltr'>improbis,</span> <span class='ocrx_word' id='word_1_35' title='bbox 1137 532 1254 585; x_wconf 64' lang='lat' dir='ltr'><strong>qua:</strong></span> <span class='ocrx_word' id='word_1_36' title='bbox 1300 519 1428 587; x_wconf 88' lang='lat' dir='ltr'>ipsis</span> <span class='ocrx_word' id='word_1_37' title='bbox 1465 517 1642 571; x_wconf 86' lang='lat' dir='ltr'><strong>futura</strong></span> <span class='ocrx_word' id='word_1_38' title='bbox 1686 527 1837 580; x_wconf 91' lang='lat' dir='ltr'><strong>sunt;</strong></span> <span class='ocrx_word' id='word_1_39' title='bbox 1886 517 2028 570; x_wconf 88' lang='lat' dir='ltr'><strong>haud</strong></span> 
     </span>
    </p>
   </div>
   <div class='ocr_carea' id='block_1_8' title="bbox 477 609 2025 679">
    <p class='ocr_par' dir='ltr' id='par_1_8' title="bbox 477 609 2025 679">
     <span class='ocr_line' id='line_1_8' title="bbox 477 609 2025 679; baseline -0.004 -13"><span class='ocrx_word' id='word_1_40' title='bbox 477 626 638 666; x_wconf 85' lang='lat' dir='ltr'><strong>secus</strong></span> <span class='ocrx_word' id='word_1_41' title='bbox 684 625 747 664; x_wconf 84' lang='lat' dir='ltr'>ac</span> <span class='ocrx_word' id='word_1_42' title='bbox 776 609 818 663; x_wconf 92' lang='lat' dir='ltr'><strong>si</strong></span> <span class='ocrx_word' id='word_1_43' title='bbox 852 609 1008 662; x_wconf 68' lang='lat' dir='ltr'><strong>mium</strong></span> <span class='ocrx_word' id='word_1_44' title='bbox 1057 617 1386 662; x_wconf 78' lang='lat' dir='ltr'>vocarentur</span> <span class='ocrx_word' id='word_1_45' title='bbox 1443 610 1557 664; x_wconf 83' lang='lat' dir='ltr'><strong>haec</strong></span> <span class='ocrx_word' id='word_1_46' title='bbox 1587 610 1778 664; x_wconf 89' lang='lat' dir='ltr'><strong>medici</strong></span> <span class='ocrx_word' id='word_1_47' title='bbox 1827 624 2025 679; x_wconf 60' lang='lat' dir='ltr'><strong>a‘grum</strong></span> 
     </span>
    </p>
   </div>
   <div class='ocr_carea' id='block_1_9' title="bbox 480 699 2029 769">
    <p class='ocr_par' dir='ltr' id='par_1_9' title="bbox 480 699 2029 769">
     <span class='ocr_line' id='line_1_9' title="bbox 480 699 2029 769; baseline -0.002 -14"><span class='ocrx_word' id='word_1_48' title='bbox 480 700 802 769; x_wconf 88' lang='lat' dir='ltr'><strong>alloquentis</strong></span> <span class='ocrx_word' id='word_1_49' title='bbox 832 699 993 752; x_wconf 86' lang='lat' dir='ltr'><strong>verba</strong></span> <span class='ocrx_word' id='word_1_50' title='bbox 1038 715 1052 752; x_wconf 90' lang='lat'><strong>:</strong></span> <span class='ocrx_word' id='word_1_51' title='bbox 1100 699 1316 762; x_wconf 83' lang='lat' dir='ltr'><strong>secabo,</strong></span> <span class='ocrx_word' id='word_1_52' title='bbox 1351 715 1524 764; x_wconf 91' lang='lat' dir='ltr'><strong>uram,</strong></span> <span class='ocrx_word' id='word_1_53' title='bbox 1576 700 1627 753; x_wconf 93' lang='lat' dir='ltr'>ni</span> <span class='ocrx_word' id='word_1_54' title='bbox 1683 700 1847 768; x_wconf 82' lang='lat' dir='ltr'>jussis</span> <span class='ocrx_word' id='word_1_55' title='bbox 1896 702 2029 753; x_wconf 84' lang='lat' dir='ltr'>meis</span> 
     </span>
    </p>
   </div>
   <div class='ocr_carea' id='block_1_10' title="bbox 478 788 2029 861">
    <p class='ocr_par' dir='ltr' id='par_1_10' title="bbox 478 788 2029 861">
     <span class='ocr_line' id='line_1_10' title="bbox 478 788 2029 861; baseline -0.001 -17"><span class='ocrx_word' id='word_1_56' title='bbox 478 793 834 859; x_wconf 88' lang='lat' dir='ltr'><strong>obtemperes,</strong></span> <span class='ocrx_word' id='word_1_57' title='bbox 863 788 966 842; x_wconf 87' lang='lat' dir='ltr'><strong>nisi</strong></span> <span class='ocrx_word' id='word_1_58' title='bbox 999 790 1211 844; x_wconf 70' lang='lat' dir='ltr'><strong>diaetam</strong></span> <span class='ocrx_word' id='word_1_59' title='bbox 1245 792 1380 844; x_wconf 89' lang='lat' dir='ltr'><strong>hanc</strong></span> <span class='ocrx_word' id='word_1_60' title='bbox 1407 793 1677 861; x_wconf 89' lang='lat' dir='ltr'><strong>sequaris,</strong></span> <span class='ocrx_word' id='word_1_61' title='bbox 1735 792 1836 846; x_wconf 87' lang='lat' dir='ltr'><strong>nisi</strong></span> <span class='ocrx_word' id='word_1_62' title='bbox 1864 792 1942 846; x_wconf 87' lang='lat' dir='ltr'>sic</span> <span class='ocrx_word' id='word_1_63' title='bbox 1976 803 2029 844; x_wconf 89' lang='lat' dir='ltr'><strong>te</strong></span> 
     </span>
    </p>
   </div>
   <div class='ocr_carea' id='block_1_11' title="bbox 476 879 2026 956">
    <p class='ocr_par' dir='ltr' id='par_1_11' title="bbox 476 879 2026 956">
     <span class='ocr_line' id='line_1_11' title="bbox 476 879 2026 956; baseline 0.002 -21"><span class='ocrx_word' id='word_1_64' title='bbox 476 897 654 952; x_wconf 78' lang='lat' dir='ltr'><strong>geras.</strong></span> <span class='ocrx_word' id='word_1_65' title='bbox 679 879 981 956; x_wconf 73' lang='lat' dir='ltr'><strong>Necigitur</strong></span> <span class='ocrx_word' id='word_1_66' title='bbox 1009 880 1271 936; x_wconf 90' lang='lat' dir='ltr'><strong>humanos</strong></span> <span class='ocrx_word' id='word_1_67' title='bbox 1301 882 1535 938; x_wconf 69' lang='lat' dir='ltr'><strong>affectus</strong></span> <span class='ocrx_word' id='word_1_68' title='bbox 1568 883 1680 938; x_wconf 89' lang='lat' dir='ltr'><strong>Deo</strong></span> <span class='ocrx_word' id='word_1_69' title='bbox 1704 883 2026 952; x_wconf 82' lang='lat' dir='ltr'><strong>aﬂingimus,</strong></span> 
     </span>
    </p>
   </div>
   <div class='ocr_carea' id='block_1_12' title="bbox 479 969 2026 1040">
    <p class='ocr_par' dir='ltr' id='par_1_12' title="bbox 479 969 2026 1040">
     <span class='ocr_line' id='line_1_12' title="bbox 479 969 2026 1040; baseline 0.001 -15"><span class='ocrx_word' id='word_1_70' title='bbox 479 987 576 1026; x_wconf 90' lang='lat' dir='ltr'>nec</span> <span class='ocrx_word' id='word_1_71' title='bbox 605 971 796 1039; x_wconf 89' lang='lat' dir='ltr'><strong>impias</strong></span> <span class='ocrx_word' id='word_1_72' title='bbox 819 969 886 1025; x_wconf 90' lang='lat' dir='ltr'>de</span> <span class='ocrx_word' id='word_1_73' title='bbox 912 970 1002 1025; x_wconf 90' lang='lat' dir='ltr'><strong>illo</strong></span> <span class='ocrx_word' id='word_1_74' title='bbox 1036 971 1314 1040; x_wconf 89' lang='lat' dir='ltr'>opiniones</span> <span class='ocrx_word' id='word_1_75' title='bbox 1355 974 1641 1036; x_wconf 84' lang='lat' dir='ltr'>habemus,</span> <span class='ocrx_word' id='word_1_76' title='bbox 1690 988 1787 1026; x_wconf 90' lang='lat' dir='ltr'>nec</span> <span class='ocrx_word' id='word_1_77' title='bbox 1817 974 1927 1026; x_wconf 91' lang='lat' dir='ltr'><strong>ullo</strong></span> <span class='ocrx_word' id='word_1_78' title='bbox 1974 973 2026 1026; x_wconf 92' lang='lat' dir='ltr'><strong>in</strong></span> 
     </span>
    </p>
   </div>
   <div class='ocr_carea' id='block_1_13' title="bbox 475 1064 2024 1134">
    <p class='ocr_par' dir='ltr' id='par_1_13' title="bbox 475 1064 2024 1134">
     <span class='ocr_line' id='line_1_13' title="bbox 475 1064 2024 1134; baseline 0.001 -16"><span class='ocrx_word' id='word_1_79' title='bbox 475 1079 659 1119; x_wconf 85' lang='lat' dir='ltr'><strong>errore</strong></span> <span class='ocrx_word' id='word_1_80' title='bbox 696 1078 992 1128; x_wconf 88' lang='lat' dir='ltr'><strong>versanmr,</strong></span> <span class='ocrx_word' id='word_1_81' title='bbox 1018 1079 1138 1116; x_wconf 88' lang='lat' dir='ltr'>cum</span> <span class='ocrx_word' id='word_1_82' title='bbox 1163 1079 1248 1118; x_wconf 91' lang='lat' dir='ltr'><strong>res</strong></span> <span class='ocrx_word' id='word_1_83' title='bbox 1269 1064 1386 1119; x_wconf 84' lang='lat' dir='ltr'><strong>illas</strong></span> <span class='ocrx_word' id='word_1_84' title='bbox 1419 1080 1485 1118; x_wconf 81' lang='lat' dir='ltr'><strong>ex</strong></span> <span class='ocrx_word' id='word_1_85' title='bbox 1509 1066 1738 1120; x_wconf 85' lang='lat' dir='ltr'>diversis</span> <span class='ocrx_word' id='word_1_86' title='bbox 1782 1067 2024 1134; x_wconf 83' lang='lat' dir='ltr'><strong>Scriptu-</strong></span> 
     </span>
    </p>
   </div>
   <div class='ocr_carea' id='block_1_14' title="bbox 476 1155 2029 1226">
    <p class='ocr_par' dir='ltr' id='par_1_14' title="bbox 476 1155 2029 1226">
     <span class='ocr_line' id='line_1_14' title="bbox 476 1155 2029 1226; baseline 0.001 -16"><span class='ocrx_word' id='word_1_87' title='bbox 476 1170 656 1210; x_wconf 86' lang='lat' dir='ltr'><strong>rarum</strong></span> <span class='ocrx_word' id='word_1_88' title='bbox 692 1155 820 1209; x_wconf 90' lang='lat' dir='ltr'><strong>locis</strong></span> <span class='ocrx_word' id='word_1_89' title='bbox 842 1155 986 1208; x_wconf 87' lang='lat' dir='ltr'><strong>inter</strong></span> <span class='ocrx_word' id='word_1_90' title='bbox 1013 1170 1072 1210; x_wconf 88' lang='lat' dir='ltr'>se</span> <span class='ocrx_word' id='word_1_91' title='bbox 1100 1155 1310 1211; x_wconf 77' lang='lat' dir='ltr'>collatis</span> <span class='ocrx_word' id='word_1_92' title='bbox 1358 1155 1799 1225; x_wconf 77' lang='lat' dir='ltr'>interpretamur.</span> <span class='ocrx_word' id='word_1_93' title='bbox 1844 1156 2029 1226; x_wconf 77' lang='lat' dir='ltr'><strong>Neque</strong></span> 
     </span>
    </p>
   </div>
   <div class='ocr_carea' id='block_1_15' title="bbox 474 1245 2030 1316">
    <p class='ocr_par' dir='ltr' id='par_1_15' title="bbox 474 1245 2030 1316">
     <span class='ocr_line' id='line_1_15' title="bbox 474 1245 2030 1316; baseline 0 -16"><span class='ocrx_word' id='word_1_94' title='bbox 474 1246 617 1300; x_wconf 86' lang='lat' dir='ltr'><strong>aliud</strong></span> <span class='ocrx_word' id='word_1_95' title='bbox 650 1245 739 1315; x_wconf 87' lang='lat' dir='ltr'>qui</span> <span class='ocrx_word' id='word_1_96' title='bbox 773 1247 910 1314; x_wconf 86' lang='lat' dir='ltr'><strong>apud</strong></span> <span class='ocrx_word' id='word_1_97' title='bbox 941 1261 1035 1300; x_wconf 88' lang='lat' dir='ltr'>nos</span> <span class='ocrx_word' id='word_1_98' title='bbox 1065 1247 1289 1302; x_wconf 91' lang='lat' dir='ltr'><strong>docendi</strong></span> <span class='ocrx_word' id='word_1_99' title='bbox 1334 1263 1561 1302; x_wconf 88' lang='lat' dir='ltr'><strong>munere</strong></span> <span class='ocrx_word' id='word_1_100' title='bbox 1591 1248 1860 1316; x_wconf 84' lang='lat' dir='ltr'><strong>sapienter</strong></span> <span class='ocrx_word' id='word_1_101' title='bbox 1909 1248 2030 1302; x_wconf 78' lang='lat' dir='ltr'><strong>fun-</strong></span> 
     </span>
    </p>
   </div>
   <div class='ocr_carea' id='block_1_16' title="bbox 475 1337 2030 1405">
    <p class='ocr_par' dir='ltr' id='par_1_16' title="bbox 475 1337 2030 1405">
     <span class='ocr_line' id='line_1_16' title="bbox 475 1337 2030 1405; baseline 0.003 -20"><span class='ocrx_word' id='word_1_102' title='bbox 475 1344 694 1404; x_wconf 77' lang='lat' dir='ltr'><strong>guntur,</strong></span> <span class='ocrx_word' id='word_1_103' title='bbox 727 1344 1033 1404; x_wconf 84' lang='lat' dir='ltr'><strong>proponunt</strong></span> <span class='ocrx_word' id='word_1_104' title='bbox 1064 1337 1190 1402; x_wconf 85' lang='lat' dir='ltr'><strong>sibi,</strong></span> <span class='ocrx_word' id='word_1_105' title='bbox 1235 1351 1392 1405; x_wconf 90' lang='lat' dir='ltr'><strong>quam</strong></span> <span class='ocrx_word' id='word_1_106' title='bbox 1437 1337 1503 1390; x_wconf 89' lang='lat' dir='ltr'>ab</span> <span class='ocrx_word' id='word_1_107' title='bbox 1553 1338 1890 1391; x_wconf 85' lang='lat' dir='ltr'><strong>auditoribus</strong></span> <span class='ocrx_word' id='word_1_108' title='bbox 1937 1354 2030 1390; x_wconf 83' lang='lat' dir='ltr'>ru-</span> 
     </span>
    </p>
   </div>
   <div class='ocr_carea' id='block_1_17' title="bbox 478 1427 2030 1499">
    <p class='ocr_par' dir='ltr' id='par_1_17' title="bbox 478 1427 2030 1499">
     <span class='ocr_line' id='line_1_17' title="bbox 478 1427 2030 1499; baseline 0.002 -19"><span class='ocrx_word' id='word_1_109' title='bbox 478 1428 593 1480; x_wconf 86' lang='lat' dir='ltr'><strong>dem</strong></span> <span class='ocrx_word' id='word_1_110' title='bbox 627 1427 1024 1495; x_wconf 75' lang='lat' dir='ltr'><strong>simplicitatem</strong></span> <span class='ocrx_word' id='word_1_111' title='bbox 1083 1443 1334 1484; x_wconf 85' lang='lat' dir='ltr'><strong>amovere</strong></span> <span class='ocrx_word' id='word_1_112' title='bbox 1387 1437 1441 1483; x_wconf 85' lang='lat' dir='ltr'><strong>et</strong></span> <span class='ocrx_word' id='word_1_113' title='bbox 1487 1429 1669 1482; x_wconf 88' lang='lat' dir='ltr'><strong>indere</strong></span> <span class='ocrx_word' id='word_1_114' title='bbox 1722 1430 2030 1499; x_wconf 83' lang='lat' dir='ltr'><strong>intelligen-</strong></span> 
     </span>
    </p>
   </div>
   <div class='ocr_carea' id='block_1_18' title="bbox 474 1517 1190 1590">
    <p class='ocr_par' dir='ltr' id='par_1_18' title="bbox 474 1517 1190 1590">
     <span class='ocr_line' id='line_1_18' title="bbox 474 1517 1190 1590; baseline 0.004 -18"><span class='ocrx_word' id='word_1_115' title='bbox 474 1519 624 1584; x_wconf 80' lang='lat' dir='ltr'><strong>tiam,</strong></span> <span class='ocrx_word' id='word_1_116' title='bbox 659 1518 832 1590; x_wconf 81' lang='lat' dir='ltr'><strong>quoad</strong></span> <span class='ocrx_word' id='word_1_117' title='bbox 861 1517 973 1572; x_wconf 81' lang='lat' dir='ltr'><strong>ﬁeri</strong></span> <span class='ocrx_word' id='word_1_118' title='bbox 996 1528 1190 1590; x_wconf 88' lang='lat' dir='ltr'><strong>potest.</strong></span> 
     </span>
    </p>
   </div>
   <div class='ocr_carea' id='block_1_19' title="bbox 537 1672 2102 1766">
    <p class='ocr_par' dir='ltr' id='par_1_19' title="bbox 537 1672 2102 1766">
     <span class='ocr_line' id='line_1_19' title="bbox 537 1672 2102 1766; baseline 0.005 -22"><span class='ocrx_word' id='word_1_119' title='bbox 537 1692 627 1745; x_wconf 80' lang='grc'>75.</span> <span class='ocrx_word' id='word_1_120' title='bbox 660 1691 787 1758; x_wconf 61' lang='lat' dir='ltr'><strong>Quae</strong></span> <span class='ocrx_word' id='word_1_121' title='bbox 816 1703 1134 1762; x_wconf 80' lang='lat' dir='ltr'><strong>sequuntur,</strong></span> <span class='ocrx_word' id='word_1_122' title='bbox 1165 1704 1289 1749; x_wconf 89' lang='lat' dir='ltr'><strong>sunt</strong></span> <span class='ocrx_word' id='word_1_123' title='bbox 1315 1696 1476 1748; x_wconf 82' lang='lat' dir='ltr'><strong>etiam</strong></span> <span class='ocrx_word' id='word_1_124' title='bbox 1523 1697 1754 1750; x_wconf 85' lang='lat' dir='ltr'><strong>hominis</strong></span> <span class='ocrx_word' id='word_1_125' title='bbox 1787 1699 1872 1766; x_wconf 86' lang='lat' dir='ltr'>qui</span> <span class='ocrx_word' id='word_1_126' title='bbox 1907 1713 2026 1766; x_wconf 75' lang='lat' dir='ltr'><strong>qua:</strong></span> <span class='ocrx_word' id='word_1_127' title='bbox 2059 1672 2102 1725; x_wconf 73' lang='grc' dir='ltr'><strong>Β</strong></span> 
     </span>
    </p>
   </div>
   <div class='ocr_carea' id='block_1_20' title="bbox 473 1784 2025 1856">
    <p class='ocr_par' dir='ltr' id='par_1_20' title="bbox 473 1784 2025 1856">
     <span class='ocr_line' id='line_1_20' title="bbox 473 1784 2025 1856; baseline 0.003 -18"><span class='ocrx_word' id='word_1_128' title='bbox 473 1785 540 1838; x_wconf 87' lang='lat' dir='ltr'><strong>de</strong></span> <span class='ocrx_word' id='word_1_129' title='bbox 572 1785 651 1838; x_wconf 90' lang='lat' dir='ltr'><strong>ira</strong></span> <span class='ocrx_word' id='word_1_130' title='bbox 687 1784 777 1838; x_wconf 90' lang='lat' dir='ltr'><strong>Dei</strong></span> <span class='ocrx_word' id='word_1_131' title='bbox 809 1786 1009 1856; x_wconf 89' lang='lat' dir='ltr'><strong>scripta</strong></span> <span class='ocrx_word' id='word_1_132' title='bbox 1040 1795 1162 1840; x_wconf 90' lang='lat' dir='ltr'><strong>sunt</strong></span> <span class='ocrx_word' id='word_1_133' title='bbox 1188 1788 1408 1842; x_wconf 89' lang='lat' dir='ltr'><strong>minime</strong></span> <span class='ocrx_word' id='word_1_134' title='bbox 1439 1788 1702 1843; x_wconf 78' lang='lat' dir='ltr'><strong>intellexit</strong></span> <span class='ocrx_word' id='word_1_135' title='bbox 1734 1808 1746 1842; x_wconf 94' lang='lat'><strong>:</strong></span> <span class='ocrx_word' id='word_1_136' title='bbox 1785 1807 1804 1838; x_wconf 78' lang='grc' dir='ltr'><strong>σ</strong></span> <span class='ocrx_word' id='word_1_137' title='bbox 1835 1792 2025 1844; x_wconf 85' lang='lat' dir='ltr'><strong>Annon</strong></span> 
     </span>
    </p>
   </div>
   <div class='ocr_carea' id='block_1_21' title="bbox 473 1875 2028 1947">
    <p class='ocr_par' dir='ltr' id='par_1_21' title="bbox 473 1875 2028 1947">
     <span class='ocr_line' id='line_1_21' title="bbox 473 1875 2028 1947; baseline 0.005 -17"><span class='ocrx_word' id='word_1_138' title='bbox 473 1875 756 1931; x_wconf 74' lang='lat' dir='ltr'><strong>ridiculum</strong></span> <span class='ocrx_word' id='word_1_139' title='bbox 798 1886 903 1942; x_wconf 88' lang='lat' dir='ltr'><strong>est,</strong></span> <span class='ocrx_word' id='word_1_140' title='bbox 938 1878 1133 1947; x_wconf 84' lang='lat' dir='ltr'><strong>inquit,</strong></span> <span class='ocrx_word' id='word_1_141' title='bbox 1169 1877 1439 1932; x_wconf 89' lang='lat' dir='ltr'><strong>hominem</strong></span> <span class='ocrx_word' id='word_1_142' title='bbox 1462 1878 1660 1934; x_wconf 67' lang='lat' dir='ltr'><strong>Judaeis</strong></span> <span class='ocrx_word' id='word_1_143' title='bbox 1682 1881 1876 1934; x_wconf 86' lang='lat' dir='ltr'><strong>iratum</strong></span> <span class='ocrx_word' id='word_1_144' title='bbox 1909 1882 2028 1938; x_wconf 90' lang='lat' dir='ltr'><strong>illos</strong></span> 
     </span>
    </p>
   </div>
   <div class='ocr_carea' id='block_1_22' title="bbox 472 1969 2024 2044">
    <p class='ocr_par' dir='ltr' id='par_1_22' title="bbox 472 1969 2024 2044">
     <span class='ocr_line' id='line_1_22' title="bbox 472 1969 2024 2044; baseline 0.003 -21"><span class='ocrx_word' id='word_1_145' title='bbox 472 1985 658 2024; x_wconf 89' lang='lat' dir='ltr'><strong>omnes</strong></span> <span class='ocrx_word' id='word_1_146' title='bbox 707 1984 736 2023; x_wconf 90' lang='lat' dir='ltr'>a</span> <span class='ocrx_word' id='word_1_147' title='bbox 796 1969 1018 2025; x_wconf 92' lang='lat' dir='ltr'><strong>minimo</strong></span> <span class='ocrx_word' id='word_1_148' title='bbox 1048 1970 1114 2026; x_wconf 89' lang='lat' dir='ltr'>ad</span> <span class='ocrx_word' id='word_1_149' title='bbox 1148 1973 1438 2026; x_wconf 79' lang='lat' dir='ltr'><strong>maximum</strong></span> <span class='ocrx_word' id='word_1_150' title='bbox 1499 1973 1858 2039; x_wconf 81' lang='lat' dir='ltr'><strong>interfecisse,</strong></span> <span class='ocrx_word' id='word_1_151' title='bbox 1901 1975 2024 2044; x_wconf 80' lang='lat' dir='ltr'><strong>igne</strong></span> 
     </span>
    </p>
   </div>
   <div class='ocr_carea' id='block_1_23' title="bbox 471 2059 2022 2132">
    <p class='ocr_par' dir='ltr' id='par_1_23' title="bbox 471 2059 2022 2132">
     <span class='ocr_line' id='line_1_23' title="bbox 471 2059 2022 2132; baseline 0.003 -19"><span class='ocrx_word' id='word_1_152' title='bbox 471 2059 636 2115; x_wconf 87' lang='lat' dir='ltr'><strong>nrbes</strong></span> <span class='ocrx_word' id='word_1_153' title='bbox 664 2060 994 2132; x_wconf 65' lang='lat' dir='ltr'><strong>devasta‘sse,</strong></span> <span class='ocrx_word' id='word_1_154' title='bbox 1045 2061 1116 2114; x_wconf 89' lang='lat' dir='ltr'>ita</span> <span class='ocrx_word' id='word_1_155' title='bbox 1149 2077 1253 2115; x_wconf 91' lang='lat' dir='ltr'><strong>non</strong></span> <span class='ocrx_word' id='word_1_156' title='bbox 1314 2062 1566 2116; x_wconf 85' lang='lat' dir='ltr'><strong>resistere</strong></span> <span class='ocrx_word' id='word_1_157' title='bbox 1617 2073 1900 2131; x_wconf 91' lang='lat' dir='ltr'><strong>poterant;</strong></span> <span class='ocrx_word' id='word_1_158' title='bbox 1931 2064 2022 2118; x_wconf 91' lang='lat' dir='ltr'>Dei</span> 
     </span>
    </p>
   </div>
   <div class='ocr_carea' id='block_1_24' title="bbox 469 2152 2024 2223">
    <p class='ocr_par' dir='ltr' id='par_1_24' title="bbox 469 2152 2024 2223">
     <span class='ocr_line' id='line_1_24' title="bbox 469 2152 2024 2223; baseline 0.005 -21"><span class='ocrx_word' id='word_1_159' title='bbox 469 2160 671 2213; x_wconf 86' lang='lat' dir='ltr'><strong>autem,</strong></span> <span class='ocrx_word' id='word_1_160' title='bbox 698 2157 756 2204; x_wconf 84' lang='lat' dir='ltr'>ut</span> <span class='ocrx_word' id='word_1_161' title='bbox 793 2159 1005 2217; x_wconf 85' lang='lat' dir='ltr'><strong>vocant,</strong></span> <span class='ocrx_word' id='word_1_162' title='bbox 1031 2153 1247 2206; x_wconf 78' lang='lat' dir='ltr'><strong>maximi</strong></span> <span class='ocrx_word' id='word_1_163' title='bbox 1268 2152 1424 2219; x_wconf 91' lang='lat' dir='ltr'><strong>iram,</strong></span> <span class='ocrx_word' id='word_1_164' title='bbox 1461 2153 1903 2223; x_wconf 85' lang='lat' dir='ltr'><strong>indignationem,</strong></span> <span class='ocrx_word' id='word_1_165' title='bbox 1925 2155 2024 2210; x_wconf 88' lang='lat' dir='ltr'><strong>mi-</strong></span> 
     </span>
    </p>
   </div>
   <div class='ocr_carea' id='block_1_25' title="bbox 471 2243 2022 2314">
    <p class='ocr_par' dir='ltr' id='par_1_25' title="bbox 471 2243 2022 2314">
     <span class='ocr_line' id='line_1_25' title="bbox 471 2243 2022 2314; baseline 0.006 -21"><span class='ocrx_word' id='word_1_166' title='bbox 471 2257 569 2296; x_wconf 90' lang='lat' dir='ltr'>nas</span> <span class='ocrx_word' id='word_1_167' title='bbox 597 2243 701 2297; x_wconf 92' lang='lat' dir='ltr'>huc</span> <span class='ocrx_word' id='word_1_168' title='bbox 731 2243 942 2298; x_wconf 89' lang='lat' dir='ltr'><strong>tandem</strong></span> <span class='ocrx_word' id='word_1_169' title='bbox 975 2244 1247 2308; x_wconf 79' lang='lat' dir='ltr'><strong>recidisse,</strong></span> <span class='ocrx_word' id='word_1_170' title='bbox 1272 2253 1329 2298; x_wconf 94' lang='lat' dir='ltr'>ut</span> <span class='ocrx_word' id='word_1_171' title='bbox 1359 2260 1512 2298; x_wconf 88' lang='lat' dir='ltr'><strong>suum</strong></span> <span class='ocrx_word' id='word_1_172' title='bbox 1542 2245 1732 2300; x_wconf 88' lang='lat' dir='ltr'><strong>Filium</strong></span> <span class='ocrx_word' id='word_1_173' title='bbox 1766 2246 2022 2314; x_wconf 84' lang='lat' dir='ltr'><strong>mitteret,</strong></span> 
     </span>
    </p>
   </div>
   <div class='ocr_carea' id='block_1_26' title="bbox 470 2334 2020 2407">
    <p class='ocr_par' dir='ltr' id='par_1_26' title="bbox 470 2334 2020 2407">
     <span class='ocr_line' id='line_1_26' title="bbox 470 2334 2020 2407; baseline 0.005 -21"><span class='ocrx_word' id='word_1_174' title='bbox 470 2334 664 2402; x_wconf 79' lang='lat' dir='ltr'><strong>hicque</strong></span> <span class='ocrx_word' id='word_1_175' title='bbox 704 2335 825 2388; x_wconf 85' lang='lat' dir='ltr'><strong>talia</strong></span> <span class='ocrx_word' id='word_1_176' title='bbox 874 2335 1238 2404; x_wconf 67' lang='lat' dir='ltr'><strong>pateretur?»</strong></span> <span class='ocrx_word' id='word_1_177' title='bbox 1287 2335 1356 2390; x_wconf 84' lang='lat' dir='ltr'><strong>At</strong></span> <span class='ocrx_word' id='word_1_178' title='bbox 1396 2337 1440 2390; x_wconf 91' lang='lat' dir='ltr'>si</span> <span class='ocrx_word' id='word_1_179' title='bbox 1491 2336 1682 2402; x_wconf 83' lang='lat' dir='ltr'><strong>Judaei,</strong></span> <span class='ocrx_word' id='word_1_180' title='bbox 1739 2347 2020 2407; x_wconf 83' lang='lat' dir='ltr'><strong>postquam</strong></span> 
     </span>
    </p>
   </div>
   <div class='ocr_carea' id='block_1_27' title="bbox 471 2427 2026 2492">
    <p class='ocr_par' dir='ltr' id='par_1_27' title="bbox 471 2427 2026 2492">
     <span class='ocr_line' id='line_1_27' title="bbox 471 2427 2026 2492; baseline 0.007 -17"><span class='ocrx_word' id='word_1_181' title='bbox 471 2435 575 2478; x_wconf 85' lang='lat' dir='ltr'>tam</span> <span class='ocrx_word' id='word_1_182' title='bbox 607 2427 900 2482; x_wconf 81' lang='lat' dir='ltr'><strong>crudeliter</strong></span> <span class='ocrx_word' id='word_1_183' title='bbox 934 2429 984 2481; x_wconf 91' lang='lat' dir='ltr'><strong>in</strong></span> <span class='ocrx_word' id='word_1_184' title='bbox 1011 2427 1189 2483; x_wconf 83' lang='lat' dir='ltr'><strong>Jesum</strong></span> <span class='ocrx_word' id='word_1_185' title='bbox 1222 2429 1410 2483; x_wconf 62' lang='lat' dir='ltr'><strong>saevire</strong></span> <span class='ocrx_word' id='word_1_186' title='bbox 1461 2430 1574 2482; x_wconf 78' lang='lat' dir='ltr'><strong>ausi</strong></span> <span class='ocrx_word' id='word_1_187' title='bbox 1605 2439 1750 2492; x_wconf 88' lang='lat' dir='ltr'><strong>sunt,</strong></span> <span class='ocrx_word' id='word_1_188' title='bbox 1784 2430 2026 2486; x_wconf 82' lang='lat' dir='ltr'><strong>funditus</strong></span> 
     </span>
    </p>
   </div>
   <div class='ocr_carea' id='block_1_28' title="bbox 469 2517 2024 2585">
    <p class='ocr_par' dir='ltr' id='par_1_28' title="bbox 469 2517 2024 2585">
     <span class='ocr_line' id='line_1_28' title="bbox 469 2517 2024 2585; baseline 0.008 -20"><span class='ocrx_word' id='word_1_189' title='bbox 469 2517 697 2584; x_wconf 78' lang='lat' dir='ltr'><strong>periere,</strong></span> <span class='ocrx_word' id='word_1_190' title='bbox 726 2528 778 2573; x_wconf 93' lang='lat' dir='ltr'>et</span> <span class='ocrx_word' id='word_1_191' title='bbox 803 2535 926 2574; x_wconf 89' lang='lat' dir='ltr'><strong>suas</strong></span> <span class='ocrx_word' id='word_1_192' title='bbox 959 2523 1120 2574; x_wconf 90' lang='lat' dir='ltr'><strong>urbes</strong></span> <span class='ocrx_word' id='word_1_193' title='bbox 1173 2521 1492 2585; x_wconf 88' lang='lat' dir='ltr'><strong>amiserunt,</strong></span> <span class='ocrx_word' id='word_1_194' title='bbox 1541 2523 1652 2575; x_wconf 73' lang='lat' dir='ltr'><strong>lucc</strong></span> <span class='ocrx_word' id='word_1_195' title='bbox 1709 2536 1804 2577; x_wconf 91' lang='lat' dir='ltr'>eos</span> <span class='ocrx_word' id='word_1_196' title='bbox 1860 2523 2024 2578; x_wconf 89' lang='lat' dir='ltr'><strong>tantis</strong></span> 
     </span>
    </p>
   </div>
   <div class='ocr_carea' id='block_1_29' title="bbox 468 2605 2022 2678">
    <p class='ocr_par' dir='ltr' id='par_1_29' title="bbox 468 2605 2022 2678">
     <span class='ocr_line' id='line_1_29' title="bbox 468 2605 2022 2678; baseline 0.01 -24"><span class='ocrx_word' id='word_1_197' title='bbox 468 2605 642 2672; x_wconf 71' lang='grc' dir='ltr'>ιιαιιιίε</span> <span class='ocrx_word' id='word_1_198' title='bbox 674 2605 852 2660; x_wconf 72' lang='lat' dir='ltr'><strong>affecit</strong></span> <span class='ocrx_word' id='word_1_199' title='bbox 894 2608 996 2672; x_wconf 91' lang='lat' dir='ltr'><strong>ira,</strong></span> <span class='ocrx_word' id='word_1_200' title='bbox 1021 2623 1179 2678; x_wconf 91' lang='lat' dir='ltr'><strong>quam</strong></span> <span class='ocrx_word' id='word_1_201' title='bbox 1221 2611 1320 2665; x_wconf 86' lang='lat' dir='ltr'><strong>sibi</strong></span> <span class='ocrx_word' id='word_1_202' title='bbox 1363 2611 1861 2667; x_wconf 84' lang='lat' dir='ltr'><strong>thesaurizaverant</strong></span> <span class='ocrx_word' id='word_1_203' title='bbox 1889 2631 1902 2668; x_wconf 88' lang='lat'><strong>:</strong></span> <span class='ocrx_word' id='word_1_204' title='bbox 1929 2613 2022 2669; x_wconf 92' lang='lat' dir='ltr'>Dei</span> 
     </span>
    </p>
   </div>
   <div class='ocr_carea' id='block_1_30' title="bbox 467 2697 2020 2772">
    <p class='ocr_par' dir='ltr' id='par_1_30' title="bbox 467 2697 2020 2772">
     <span class='ocr_line' id='line_1_30' title="bbox 467 2697 2020 2772; baseline 0.007 -24"><span class='ocrx_word' id='word_1_205' title='bbox 467 2697 886 2766; x_wconf 85' lang='lat' dir='ltr'><strong>enimjudicinm</strong></span> <span class='ocrx_word' id='word_1_206' title='bbox 921 2701 970 2753; x_wconf 89' lang='lat' dir='ltr'>in</span> <span class='ocrx_word' id='word_1_207' title='bbox 996 2699 1114 2754; x_wconf 90' lang='lat' dir='ltr'><strong>illos</strong></span> <span class='ocrx_word' id='word_1_208' title='bbox 1145 2702 1494 2756; x_wconf 90' lang='lat' dir='ltr'><strong>constitutum</strong></span> <span class='ocrx_word' id='word_1_209' title='bbox 1553 2702 1731 2772; x_wconf 81' lang='lat' dir='ltr'><strong>lingua</strong></span> <span class='ocrx_word' id='word_1_210' title='bbox 1761 2703 2020 2760; x_wconf 86' lang='lat' dir='ltr'><strong>Hchraica</strong></span> 
     </span>
    </p>
   </div>
   <div class='ocr_carea' id='block_1_31' title="bbox 467 2789 2024 2866">
    <p class='ocr_par' dir='ltr' id='par_1_31' title="bbox 467 2789 2024 2866">
     <span class='ocr_line' id='line_1_31' title="bbox 467 2789 2024 2866; baseline 0.007 -26"><span class='ocrx_word' id='word_1_211' title='bbox 467 2789 548 2841; x_wconf 90' lang='lat' dir='ltr'>ira</span> <span class='ocrx_word' id='word_1_212' title='bbox 573 2789 891 2858; x_wconf 87' lang='lat' dir='ltr'><strong>appellatur.</strong></span> <span class='ocrx_word' id='word_1_213' title='bbox 947 2792 1051 2846; x_wconf 90' lang='lat' dir='ltr'>Sed</span> <span class='ocrx_word' id='word_1_214' title='bbox 1079 2807 1197 2862; x_wconf 65' lang='lat' dir='ltr'><strong>quae</strong></span> <span class='ocrx_word' id='word_1_215' title='bbox 1231 2793 1326 2847; x_wconf 89' lang='lat' dir='ltr'>Dei</span> <span class='ocrx_word' id='word_1_216' title='bbox 1361 2794 1580 2848; x_wconf 77' lang='lat' dir='ltr'><strong>maximi</strong></span> <span class='ocrx_word' id='word_1_217' title='bbox 1616 2794 1784 2850; x_wconf 88' lang='lat' dir='ltr'><strong>Filius</strong></span> <span class='ocrx_word' id='word_1_218' title='bbox 1807 2811 2024 2866; x_wconf 85' lang='lat' dir='ltr'><strong>perpes-</strong></span> 
     </span>
    </p>
   </div>
   <div class='ocr_carea' id='block_1_32' title="bbox 468 2881 2024 2948">
    <p class='ocr_par' dir='ltr' id='par_1_32' title="bbox 468 2881 2024 2948">
     <span class='ocr_line' id='line_1_32' title="bbox 468 2881 2024 2948; baseline 0.008 -19"><span class='ocrx_word' id='word_1_219' title='bbox 468 2893 560 2930; x_wconf 80' lang='lat' dir='ltr'>sus</span> <span class='ocrx_word' id='word_1_220' title='bbox 593 2887 695 2943; x_wconf 79' lang='lat' dir='ltr'><strong>est,</strong></span> <span class='ocrx_word' id='word_1_221' title='bbox 727 2894 787 2932; x_wconf 86' lang='lat' dir='ltr'>ea</span> <span class='ocrx_word' id='word_1_222' title='bbox 823 2896 1108 2948; x_wconf 82' lang='lat' dir='ltr'><strong>perpessus</strong></span> <span class='ocrx_word' id='word_1_223' title='bbox 1135 2890 1217 2936; x_wconf 90' lang='lat' dir='ltr'>est</span> <span class='ocrx_word' id='word_1_224' title='bbox 1245 2881 1430 2937; x_wconf 88' lang='lat' dir='ltr'><strong>volens</strong></span> <span class='ocrx_word' id='word_1_225' title='bbox 1462 2892 1516 2938; x_wconf 88' lang='lat' dir='ltr'><strong>et</strong></span> <span class='ocrx_word' id='word_1_226' title='bbox 1555 2883 1806 2939; x_wconf 68' lang='lat' dir='ltr'><strong>humanae</strong></span> <span class='ocrx_word' id='word_1_227' title='bbox 1835 2885 2024 2942; x_wconf 89' lang='lat' dir='ltr'><strong>salutis</strong></span> 
     </span>
    </p>
   </div>
   <div class='ocr_carea' id='block_1_33' title="bbox 467 2974 2024 3038">
    <p class='ocr_par' dir='ltr' id='par_1_33' title="bbox 467 2974 2024 3038">
     <span class='ocr_line' id='line_1_33' title="bbox 467 2974 2024 3038; baseline 0.006 -17"><span class='ocrx_word' id='word_1_228' title='bbox 467 2983 649 3034; x_wconf 89' lang='lat' dir='ltr'><strong>causa,</strong></span> <span class='ocrx_word' id='word_1_229' title='bbox 703 2979 761 3022; x_wconf 95' lang='lat' dir='ltr'>ut</span> <span class='ocrx_word' id='word_1_230' title='bbox 809 2985 968 3038; x_wconf 87' lang='lat' dir='ltr'><strong>supra</strong></span> <span class='ocrx_word' id='word_1_231' title='bbox 1019 2987 1116 3038; x_wconf 87' lang='lat' dir='ltr'>pro</span> <span class='ocrx_word' id='word_1_232' title='bbox 1161 2974 1367 3027; x_wconf 82' lang='lat' dir='ltr'><strong>viribus</strong></span> <span class='ocrx_word' id='word_1_233' title='bbox 1437 2975 1818 3030; x_wconf 87' lang='lat' dir='ltr'><strong>demonstravi.</strong></span> <span class='ocrx_word' id='word_1_234' title='bbox 1862 2976 2024 3032; x_wconf 79' lang='lat' dir='ltr'><strong>Addit</strong></span> 
     </span>
    </p>
   </div>
   <div class='ocr_carea' id='block_1_34' title="bbox 467 3059 2018 3134">
    <p class='ocr_par' dir='ltr' id='par_1_34' title="bbox 467 3059 2018 3134">
     <span class='ocr_line' id='line_1_34' title="bbox 467 3059 2018 3134; baseline 0.008 -26"><span class='ocrx_word' id='word_1_235' title='bbox 467 3065 650 3123; x_wconf 88' lang='lat' dir='ltr'><strong>postea</strong></span> <span class='ocrx_word' id='word_1_236' title='bbox 679 3075 694 3111; x_wconf 90' lang='lat'><strong>:</strong></span> <span class='ocrx_word' id='word_1_237' title='bbox 725 3075 744 3108; x_wconf 75' lang='grc' dir='ltr'>ι</span> <span class='ocrx_word' id='word_1_238' title='bbox 786 3059 980 3113; x_wconf 85' lang='lat' dir='ltr'><strong>Verum</strong></span> <span class='ocrx_word' id='word_1_239' title='bbox 1010 3069 1067 3113; x_wconf 94' lang='lat' dir='ltr'>ut</span> <span class='ocrx_word' id='word_1_240' title='bbox 1097 3075 1163 3114; x_wconf 91' lang='lat' dir='ltr'><strong>ne</strong></span> <span class='ocrx_word' id='word_1_241' title='bbox 1200 3063 1264 3116; x_wconf 91' lang='lat' dir='ltr'><strong>de</strong></span> <span class='ocrx_word' id='word_1_242' title='bbox 1287 3063 1419 3117; x_wconf 89' lang='lat' dir='ltr'><strong>solis</strong></span> <span class='ocrx_word' id='word_1_243' title='bbox 1445 3061 1664 3127; x_wconf 68' lang='lat' dir='ltr'><strong>Judteis,</strong></span> <span class='ocrx_word' id='word_1_244' title='bbox 1715 3065 1858 3134; x_wconf 89' lang='lat' dir='ltr'><strong>quod</strong></span> <span class='ocrx_word' id='word_1_245' title='bbox 1889 3068 2018 3121; x_wconf 91' lang='lat' dir='ltr'><strong>mihi</strong></span> 
     </span>
    </p>
   </div>
   <div class='ocr_carea' id='block_1_35' title="bbox 469 3149 2018 3225">
    <p class='ocr_par' dir='ltr' id='par_1_35' title="bbox 469 3149 2018 3225">
     <span class='ocr_line' id='line_1_35' title="bbox 469 3149 2018 3225; baseline 0.008 -26"><span class='ocrx_word' id='word_1_246' title='bbox 469 3149 799 3214; x_wconf 88' lang='lat' dir='ltr'><strong>propositum</strong></span> <span class='ocrx_word' id='word_1_247' title='bbox 825 3164 928 3202; x_wconf 93' lang='lat' dir='ltr'><strong>non</strong></span> <span class='ocrx_word' id='word_1_248' title='bbox 957 3161 1058 3215; x_wconf 79' lang='lat' dir='ltr'><strong>est,</strong></span> <span class='ocrx_word' id='word_1_249' title='bbox 1091 3152 1184 3206; x_wconf 92' lang='lat' dir='ltr'><strong>sed</strong></span> <span class='ocrx_word' id='word_1_250' title='bbox 1225 3153 1289 3207; x_wconf 89' lang='lat' dir='ltr'><strong>de</strong></span> <span class='ocrx_word' id='word_1_251' title='bbox 1320 3155 1571 3208; x_wconf 84' lang='lat' dir='ltr'><strong>universa</strong></span> <span class='ocrx_word' id='word_1_252' title='bbox 1617 3164 1837 3220; x_wconf 83' lang='lat' dir='ltr'><strong>natura,</strong></span> <span class='ocrx_word' id='word_1_253' title='bbox 1879 3159 2018 3225; x_wconf 89' lang='lat' dir='ltr'><strong>quod</strong></span> 
     </span>
    </p>
   </div>
   <div class='ocr_carea' id='block_1_36' title="bbox 469 3240 2022 3318">
    <p class='ocr_par' dir='ltr' id='par_1_36' title="bbox 469 3240 2022 3318">
     <span class='ocr_line' id='line_1_36' title="bbox 469 3240 2022 3318; baseline 0.009 -30"><span class='ocrx_word' id='word_1_254' title='bbox 469 3240 682 3306; x_wconf 78' lang='lat' dir='ltr'><strong>quidem</strong></span> <span class='ocrx_word' id='word_1_255' title='bbox 716 3240 958 3310; x_wconf 84' lang='lat' dir='ltr'><strong>promisi,</strong></span> <span class='ocrx_word' id='word_1_256' title='bbox 989 3243 1060 3295; x_wconf 92' lang='lat' dir='ltr'>sit</span> <span class='ocrx_word' id='word_1_257' title='bbox 1083 3256 1282 3312; x_wconf 87' lang='lat' dir='ltr'><strong>sermo,</strong></span> <span class='ocrx_word' id='word_1_258' title='bbox 1338 3244 1548 3313; x_wconf 82' lang='lat' dir='ltr'><strong>planius</strong></span> <span class='ocrx_word' id='word_1_259' title='bbox 1590 3247 1874 3301; x_wconf 84' lang='lat' dir='ltr'><strong>declarabo</strong></span> <span class='ocrx_word' id='word_1_260' title='bbox 1903 3264 2022 3318; x_wconf 72' lang='lat' dir='ltr'><strong>quze</strong></span> 
     </span>
    </p>
   </div>
   <div class='ocr_carea' id='block_1_37' title="bbox 461 3330 2021 3401">
    <p class='ocr_par' dir='ltr' id='par_1_37' title="bbox 461 3330 2021 3401">
     <span class='ocr_line' id='line_1_37' title="bbox 461 3330 2021 3401; baseline 0.006 -19"><span class='ocrx_word' id='word_1_261' title='bbox 461 3330 574 3399; x_wconf 77' lang='lat' dir='ltr'><strong>jam</strong></span> <span class='ocrx_word' id='word_1_262' title='bbox 603 3330 740 3385; x_wconf 88' lang='lat' dir='ltr'><strong>dicta</strong></span> <span class='ocrx_word' id='word_1_263' title='bbox 776 3341 918 3385; x_wconf 89' lang='lat' dir='ltr'><strong>sunt.</strong></span> <span class='ocrx_word' id='word_1_264' title='bbox 954 3352 974 3384; x_wconf 74' lang='grc' dir='ltr'>ι</span> <span class='ocrx_word' id='word_1_265' title='bbox 1011 3333 1240 3401; x_wconf 81' lang='lat' dir='ltr'><strong>Ecquem</strong></span> <span class='ocrx_word' id='word_1_266' title='bbox 1272 3338 1596 3398; x_wconf 84' lang='lat' dir='ltr'><strong>modestum,</strong></span> <span class='ocrx_word' id='word_1_267' title='bbox 1631 3347 1688 3391; x_wconf 88' lang='lat' dir='ltr'>et</span> <span class='ocrx_word' id='word_1_268' title='bbox 1729 3338 2021 3393; x_wconf 70' lang='lat' dir='ltr'><strong>infirmita-</strong></span> 
     </span>
    </p>
   </div>
   <div class='ocr_carea' id='block_1_38' title="bbox 470 3423 2022 3498">
    <p class='ocr_par' dir='ltr' id='par_1_38' title="bbox 470 3423 2022 3498">
     <span class='ocr_line' id='line_1_38' title="bbox 470 3423 2022 3498; baseline 0.008 -23"><span class='ocrx_word' id='word_1_269' title='bbox 470 3425 536 3477; x_wconf 85' lang='lat' dir='ltr'>tis</span> <span class='ocrx_word' id='word_1_270' title='bbox 570 3423 817 3478; x_wconf 64' lang='lat' dir='ltr'><strong>hnmanm</strong></span> <span class='ocrx_word' id='word_1_271' title='bbox 835 3425 1118 3492; x_wconf 84' lang='lat' dir='ltr'><strong>scientem,</strong></span> <span class='ocrx_word' id='word_1_272' title='bbox 1149 3435 1204 3480; x_wconf 89' lang='lat' dir='ltr'>et</span> <span class='ocrx_word' id='word_1_273' title='bbox 1231 3428 1342 3480; x_wconf 68' lang='lat' dir='ltr'>hmc</span> <span class='ocrx_word' id='word_1_274' title='bbox 1368 3429 1628 3498; x_wconf 79' lang='lat' dir='ltr'><strong>legentem</strong></span> <span class='ocrx_word' id='word_1_275' title='bbox 1656 3447 1761 3485; x_wconf 89' lang='lat' dir='ltr'><strong>non</strong></span> <span class='ocrx_word' id='word_1_276' title='bbox 1784 3432 2022 3487; x_wconf 64' lang='lat' dir='ltr'><strong>offendat</strong></span> 
     </span>
    </p>
   </div>
   <div class='ocr_carea' id='block_1_39' title="bbox 463 3517 2018 3592">
    <p class='ocr_par' dir='ltr' id='par_1_39' title="bbox 463 3517 2018 3592">
     <span class='ocr_line' id='line_1_39' title="bbox 463 3517 2018 3592; baseline 0.005 -21"><span class='ocrx_word' id='word_1_277' title='bbox 463 3517 673 3581; x_wconf 75' lang='lat' dir='ltr'><strong>Celsus,</strong></span> <span class='ocrx_word' id='word_1_278' title='bbox 702 3519 791 3586; x_wconf 88' lang='lat' dir='ltr'>qui</span> <span class='ocrx_word' id='word_1_279' title='bbox 823 3533 924 3586; x_wconf 85' lang='lat' dir='ltr'>qua</span> <span class='ocrx_word' id='word_1_280' title='bbox 958 3534 1114 3572; x_wconf 91' lang='lat' dir='ltr'><strong>suum</strong></span> <span class='ocrx_word' id='word_1_281' title='bbox 1162 3519 1357 3573; x_wconf 91' lang='lat' dir='ltr'><strong>librum</strong></span> <span class='ocrx_word' id='word_1_282' title='bbox 1411 3523 1686 3592; x_wconf 68' lang='lat' dir='ltr'><strong>inscripsit</strong></span> <span class='ocrx_word' id='word_1_283' title='bbox 1735 3525 2018 3592; x_wconf 85' lang='lat' dir='ltr'><strong>jactantia,</strong></span> 
     </span>
    </p>
   </div>
   <div class='ocr_carea' id='block_1_40' title="bbox 465 3608 2018 3678">
    <p class='ocr_par' dir='ltr' id='par_1_40' title="bbox 465 3608 2018 3678">
     <span class='ocr_line' id='line_1_40' title="bbox 465 3608 2018 3678; baseline 0.008 -20"><span class='ocrx_word' id='word_1_284' title='bbox 465 3609 654 3661; x_wconf 89' lang='lat' dir='ltr'><strong>eadem</strong></span> <span class='ocrx_word' id='word_1_285' title='bbox 690 3608 777 3661; x_wconf 92' lang='lat' dir='ltr'>hic</span> <span class='ocrx_word' id='word_1_286' title='bbox 797 3608 1064 3678; x_wconf 84' lang='lat' dir='ltr'><strong>promittit</strong></span> <span class='ocrx_word' id='word_1_287' title='bbox 1088 3624 1144 3663; x_wconf 82' lang='lat' dir='ltr'><strong>se</strong></span> <span class='ocrx_word' id='word_1_288' title='bbox 1178 3613 1437 3664; x_wconf 89' lang='lat' dir='ltr'><strong>rationem</strong></span> <span class='ocrx_word' id='word_1_289' title='bbox 1466 3613 1532 3665; x_wconf 93' lang='lat' dir='ltr'><strong>de</strong></span> <span class='ocrx_word' id='word_1_290' title='bbox 1554 3615 1800 3668; x_wconf 84' lang='lat' dir='ltr'><strong>universa</strong></span> <span class='ocrx_word' id='word_1_291' title='bbox 1827 3625 2018 3671; x_wconf 88' lang='lat' dir='ltr'><strong>natura</strong></span> 
     </span>
    </p>
   </div>
   <div class='ocr_carea' id='block_1_41' title="bbox 469 3698 2021 3773">
    <p class='ocr_par' dir='ltr' id='par_1_41' title="bbox 469 3698 2021 3773">
     <span class='ocr_line' id='line_1_41' title="bbox 469 3698 2021 3773; baseline 0.005 -23"><span class='ocrx_word' id='word_1_292' title='bbox 469 3698 847 3751; x_wconf 87' lang='lat' dir='ltr'><strong>redditurmn?</strong></span> <span class='ocrx_word' id='word_1_293' title='bbox 881 3699 1173 3753; x_wconf 82' lang='lat' dir='ltr'><strong>Videamus</strong></span> <span class='ocrx_word' id='word_1_294' title='bbox 1205 3715 1333 3769; x_wconf 79' lang='lat' dir='ltr'><strong>ergo</strong></span> <span class='ocrx_word' id='word_1_295' title='bbox 1366 3715 1609 3768; x_wconf 76' lang='lat' dir='ltr'><strong>quamam</strong></span> <span class='ocrx_word' id='word_1_296' title='bbox 1644 3702 1727 3756; x_wconf 88' lang='lat' dir='ltr'><strong>illa</strong></span> <span class='ocrx_word' id='word_1_297' title='bbox 1764 3704 1872 3758; x_wconf 91' lang='lat' dir='ltr'><strong>sint</strong></span> <span class='ocrx_word' id='word_1_298' title='bbox 1902 3720 2021 3773; x_wconf 84' lang='lat' dir='ltr'><strong>quae</strong></span> 
     </span>
    </p>
   </div>
   <div class='ocr_carea' id='block_1_42' title="bbox 465 3791 2021 3863">
    <p class='ocr_par' dir='ltr' id='par_1_42' title="bbox 465 3791 2021 3863">
     <span class='ocr_line' id='line_1_42' title="bbox 465 3791 2021 3863; baseline 0.006 -21"><span class='ocrx_word' id='word_1_299' title='bbox 465 3791 532 3844; x_wconf 89' lang='lat' dir='ltr'><strong>de</strong></span> <span class='ocrx_word' id='word_1_300' title='bbox 561 3791 808 3846; x_wconf 82' lang='lat' dir='ltr'><strong>universa</strong></span> <span class='ocrx_word' id='word_1_301' title='bbox 835 3803 1030 3846; x_wconf 85' lang='lat' dir='ltr'><strong>natura</strong></span> <span class='ocrx_word' id='word_1_302' title='bbox 1061 3793 1242 3848; x_wconf 87' lang='lat' dir='ltr'><strong>dicere</strong></span> <span class='ocrx_word' id='word_1_303' title='bbox 1269 3793 1557 3862; x_wconf 85' lang='lat' dir='ltr'><strong>pollicetur</strong></span> <span class='ocrx_word' id='word_1_304' title='bbox 1596 3803 1650 3848; x_wconf 91' lang='lat' dir='ltr'>ct</span> <span class='ocrx_word' id='word_1_305' title='bbox 1678 3796 1891 3863; x_wconf 78' lang='lat' dir='ltr'><strong>planius</strong></span> <span class='ocrx_word' id='word_1_306' title='bbox 1929 3797 2021 3851; x_wconf 88' lang='lat' dir='ltr'>de-</span> 
     </span>
    </p>
   </div>
   <div class='ocr_carea' id='block_1_43' title="bbox 465 3882 690 3936">
    <p class='ocr_par' dir='ltr' id='par_1_43' title="bbox 465 3882 690 3936">
     <span class='ocr_line' id='line_1_43' title="bbox 465 3882 690 3936; baseline 0.004 -3"><span class='ocrx_word' id='word_1_307' title='bbox 465 3882 605 3936; x_wconf 84' lang='lat' dir='ltr'><strong>clara</strong></span> <span class='ocrx_word' id='word_1_308' title='bbox 614 3898 690 3936; x_wconf 92' lang='lat' dir='ltr'>re.</span> 
     </span>
    </p>
   </div>
   <div class='ocr_carea' id='block_1_44' title="bbox 536 4057 2021 4131">
    <p class='ocr_par' dir='ltr' id='par_1_44' title="bbox 536 4057 2021 4131">
     <span class='ocr_line' id='line_1_44' title="bbox 536 4057 2021 4131; baseline 0.007 -19"><span class='ocrx_word' id='word_1_309' title='bbox 536 4061 625 4112; x_wconf 74' lang='lat'>74.</span> <span class='ocrx_word' id='word_1_310' title='bbox 670 4057 851 4113; x_wconf 82' lang='lat' dir='ltr'><strong>Multis</strong></span> <span class='ocrx_word' id='word_1_311' title='bbox 900 4069 1082 4131; x_wconf 86' lang='lat' dir='ltr'><strong>postea</strong></span> <span class='ocrx_word' id='word_1_312' title='bbox 1157 4077 1254 4117; x_wconf 88' lang='lat' dir='ltr'><strong>nos</strong></span> <span class='ocrx_word' id='word_1_313' title='bbox 1320 4073 1574 4126; x_wconf 87' lang='lat' dir='ltr'><strong>accusat,</strong></span> <span class='ocrx_word' id='word_1_314' title='bbox 1638 4066 1778 4131; x_wconf 85' lang='lat' dir='ltr'><strong>quod</strong></span> <span class='ocrx_word' id='word_1_315' title='bbox 1828 4082 1856 4119; x_wconf 88' lang='lat' dir='ltr'>a</span> <span class='ocrx_word' id='word_1_316' title='bbox 1913 4067 2021 4123; x_wconf 81' lang='lat' dir='ltr'><strong>Deo</strong></span> 
     </span>
    </p>
   </div>
   <div class='ocr_carea' id='block_1_45' title="bbox 464 4153 2017 4225">
    <p class='ocr_par' dir='ltr' id='par_1_45' title="bbox 464 4153 2017 4225">
     <span class='ocr_line' id='line_1_45' title="bbox 464 4153 2017 4225; baseline 0.005 -20"><span class='ocrx_word' id='word_1_317' title='bbox 464 4153 645 4205; x_wconf 86' lang='lat' dir='ltr'><strong>omnia</strong></span> <span class='ocrx_word' id='word_1_318' title='bbox 716 4163 935 4221; x_wconf 86' lang='lat' dir='ltr'><strong>propter</strong></span> <span class='ocrx_word' id='word_1_319' title='bbox 1009 4153 1281 4208; x_wconf 83' lang='lat' dir='ltr'><strong>hominem</strong></span> <span class='ocrx_word' id='word_1_320' title='bbox 1351 4153 1491 4209; x_wconf 84' lang='lat' dir='ltr'><strong>facta</strong></span> <span class='ocrx_word' id='word_1_321' title='bbox 1559 4169 1682 4209; x_wconf 89' lang='lat' dir='ltr'><strong>esse</strong></span> <span class='ocrx_word' id='word_1_322' title='bbox 1737 4156 2017 4225; x_wconf 85' lang='lat' dir='ltr'><strong>dicamus,</strong></span> 
     </span>
    </p>
   </div>
   <div class='ocr_carea' id='block_1_46' title="bbox 466 4243 2014 4320">
    <p class='ocr_par' dir='ltr' id='par_1_46' title="bbox 466 4243 2014 4320">
     <span class='ocr_line' id='line_1_46' title="bbox 466 4243 2014 4320; baseline 0.005 -23"><span class='ocrx_word' id='word_1_323' title='bbox 466 4243 628 4314; x_wconf 82' lang='lat'>559</span> <span class='ocrx_word' id='word_1_324' title='bbox 661 4253 714 4298; x_wconf 91' lang='lat' dir='ltr'><strong>et</strong></span> <span class='ocrx_word' id='word_1_325' title='bbox 763 4261 826 4300; x_wconf 77' lang='lat' dir='ltr'>ex</span> <span class='ocrx_word' id='word_1_326' title='bbox 879 4248 1192 4302; x_wconf 84' lang='lat' dir='ltr'><strong>animalium</strong></span> <span class='ocrx_word' id='word_1_327' title='bbox 1249 4248 1473 4302; x_wconf 87' lang='lat' dir='ltr'><strong>historia</strong></span> <span class='ocrx_word' id='word_1_328' title='bbox 1531 4249 1839 4317; x_wconf 82' lang='lat' dir='ltr'><strong>multisque,</strong></span> <span class='ocrx_word' id='word_1_329' title='bbox 1895 4267 2014 4320; x_wconf 70' lang='lat' dir='ltr'><strong>qua:</strong></span> 
     </span>
    </p>
   </div>
   <div class='ocr_carea' id='block_1_47' title="bbox 465 4337 2099 4426">
    <p class='ocr_par' dir='ltr' id='par_1_47' title="bbox 465 4337 2099 4426">
     <span class='ocr_line' id='line_1_47' title="bbox 465 4337 2099 4426; baseline 0.007 -39"><span class='ocrx_word' id='word_1_330' title='bbox 465 4337 728 4401; x_wconf 73' lang='lat' dir='ltr'><strong>prmbenl,</strong></span> <span class='ocrx_word' id='word_1_331' title='bbox 761 4339 994 4392; x_wconf 71' lang='lat' dir='ltr'><strong>solertia:</strong></span> <span class='ocrx_word' id='word_1_332' title='bbox 1033 4339 1202 4404; x_wconf 69' lang='lat' dir='ltr'><strong>signis</strong></span> <span class='ocrx_word' id='word_1_333' title='bbox 1237 4342 1464 4408; x_wconf 85' lang='lat' dir='ltr'><strong>probare</strong></span> <span class='ocrx_word' id='word_1_334' title='bbox 1501 4342 1614 4394; x_wconf 90' lang='lat' dir='ltr'><strong>vult</strong></span> <span class='ocrx_word' id='word_1_335' title='bbox 1649 4341 1816 4396; x_wconf 89' lang='lat' dir='ltr'><strong>nihilo</strong></span> <span class='ocrx_word' id='word_1_336' title='bbox 1851 4345 2022 4413; x_wconf 86' lang='lat' dir='ltr'><strong>magis</strong></span> <span class='ocrx_word' id='word_1_337' title='bbox 2055 4371 2099 4426; x_wconf 68' lang='grc' dir='ltr'><strong><em>Β</em></strong></span> 
     </span>
    </p>
   </div>
   <div class='ocr_carea' id='block_1_48' title="bbox 465 4429 2015 4500">
    <p class='ocr_par' dir='ltr' id='par_1_48' title="bbox 465 4429 2015 4500">
     <span class='ocr_line' id='line_1_48' title="bbox 465 4429 2015 4500; baseline 0.01 -26"><span class='ocrx_word' id='word_1_338' title='bbox 465 4437 682 4495; x_wconf 80' lang='lat' dir='ltr'><strong>propter</strong></span> <span class='ocrx_word' id='word_1_339' title='bbox 719 4429 983 4494; x_wconf 85' lang='lat' dir='ltr'><strong>homines,</strong></span> <span class='ocrx_word' id='word_1_340' title='bbox 1008 4445 1164 4498; x_wconf 87' lang='lat' dir='ltr'><strong>qnam</strong></span> <span class='ocrx_word' id='word_1_341' title='bbox 1194 4441 1414 4500; x_wconf 82' lang='lat' dir='ltr'><strong>propter</strong></span> <span class='ocrx_word' id='word_1_342' title='bbox 1443 4432 1747 4487; x_wconf 84' lang='lat' dir='ltr'><strong>animantes</strong></span> <span class='ocrx_word' id='word_1_343' title='bbox 1793 4434 2015 4489; x_wconf 86' lang='lat' dir='ltr'><strong>rationis</strong></span> 
     </span>
    </p>
   </div>
   <div class='ocr_carea' id='block_1_49' title="bbox 463 4519 2014 4588">
    <p class='ocr_par' dir='ltr' id='par_1_49' title="bbox 463 4519 2014 4588">
     <span class='ocr_line' id='line_1_49' title="bbox 463 4519 2014 4588; baseline 0.006 -21"><span class='ocrx_word' id='word_1_344' title='bbox 463 4529 713 4586; x_wconf 79' lang='lat' dir='ltr'><strong>expertes</strong></span> <span class='ocrx_word' id='word_1_345' title='bbox 744 4519 885 4572; x_wconf 81' lang='lat' dir='ltr'><strong>facta</strong></span> <span class='ocrx_word' id='word_1_346' title='bbox 917 4536 1036 4573; x_wconf 85' lang='lat' dir='ltr'><strong>esse</strong></span> <span class='ocrx_word' id='word_1_347' title='bbox 1077 4523 1280 4573; x_wconf 87' lang='lat' dir='ltr'><strong>omnia.</strong></span> <span class='ocrx_word' id='word_1_348' title='bbox 1311 4520 1365 4572; x_wconf 88' lang='lat' dir='ltr'>ltt</span> <span class='ocrx_word' id='word_1_349' title='bbox 1408 4535 1515 4588; x_wconf 89' lang='lat' dir='ltr'>quo</span> <span class='ocrx_word' id='word_1_350' title='bbox 1545 4522 1673 4574; x_wconf 82' lang='lat' dir='ltr'><strong>mihi</strong></span> <span class='ocrx_word' id='word_1_351' title='bbox 1701 4522 1912 4575; x_wconf 88' lang='lat' dir='ltr'><strong>videtur</strong></span> <span class='ocrx_word' id='word_1_352' title='bbox 1937 4525 2014 4578; x_wconf 86' lang='lat' dir='ltr'><strong>si-</strong></span> 
     </span>
    </p>
   </div>
   <div class='ocr_carea' id='block_1_50' title="bbox 464 4607 2019 4678">
    <p class='ocr_par' dir='ltr' id='par_1_50' title="bbox 464 4607 2019 4678">
     <span class='ocr_line' id='line_1_50' title="bbox 464 4607 2019 4678; baseline 0.008 -21"><span class='ocrx_word' id='word_1_353' title='bbox 464 4608 606 4662; x_wconf 88' lang='lat' dir='ltr'><strong>milis</strong></span> <span class='ocrx_word' id='word_1_354' title='bbox 628 4623 745 4660; x_wconf 89' lang='lat' dir='ltr'><strong>esse</strong></span> <span class='ocrx_word' id='word_1_355' title='bbox 771 4607 893 4670; x_wconf 90' lang='lat' dir='ltr'><strong>illis,</strong></span> <span class='ocrx_word' id='word_1_356' title='bbox 926 4610 1014 4677; x_wconf 84' lang='lat' dir='ltr'>qui</span> <span class='ocrx_word' id='word_1_357' title='bbox 1048 4610 1172 4662; x_wconf 85' lang='lat' dir='ltr'><strong>odio</strong></span> <span class='ocrx_word' id='word_1_358' title='bbox 1198 4610 1401 4678; x_wconf 84' lang='lat' dir='ltr'><strong>abrepti</strong></span> <span class='ocrx_word' id='word_1_359' title='bbox 1437 4612 1486 4662; x_wconf 90' lang='lat' dir='ltr'>in</span> <span class='ocrx_word' id='word_1_360' title='bbox 1527 4610 1639 4664; x_wconf 84' lang='lat' dir='ltr'><strong>suis</strong></span> <span class='ocrx_word' id='word_1_361' title='bbox 1667 4613 1908 4668; x_wconf 88' lang='lat' dir='ltr'><strong>hostibus</strong></span> <span class='ocrx_word' id='word_1_362' title='bbox 1941 4618 2019 4669; x_wconf 82' lang='lat' dir='ltr'><strong>vi-</strong></span> 
     </span>
    </p>
   </div>
   <div class='ocr_carea' id='block_1_51' title="bbox 468 4687 2010 4771">
    <p class='ocr_par' dir='ltr' id='par_1_51' title="bbox 468 4687 2010 4771">
     <span class='ocr_line' id='line_1_51' title="bbox 468 4687 2010 4771; baseline 0.008 -23"><span class='ocrx_word' id='word_1_363' title='bbox 468 4707 733 4765; x_wconf 77' lang='lat' dir='ltr'><strong>tuperant,</strong></span> <span class='ocrx_word' id='word_1_364' title='bbox 761 4687 959 4767; x_wconf 77' lang='lat' dir='ltr'><strong>quaein</strong></span> <span class='ocrx_word' id='word_1_365' title='bbox 991 4701 1224 4769; x_wconf 89' lang='lat' dir='ltr'><strong>ipsorum</strong></span> <span class='ocrx_word' id='word_1_366' title='bbox 1245 4703 1431 4755; x_wconf 82' lang='lat' dir='ltr'><strong>amicis</strong></span> <span class='ocrx_word' id='word_1_367' title='bbox 1462 4703 1767 4760; x_wconf 82' lang='lat' dir='ltr'><strong>laudantur.</strong></span> <span class='ocrx_word' id='word_1_368' title='bbox 1811 4705 2010 4771; x_wconf 84' lang='lat' dir='ltr'><strong>Quem-</strong></span> 
     </span>
    </p>
   </div>
   <div class='ocr_carea' id='block_1_52' title="bbox 464 4789 2016 4851">
    <p class='ocr_par' dir='ltr' id='par_1_52' title="bbox 464 4789 2016 4851">
     <span class='ocr_line' id='line_1_52' title="bbox 464 4789 2016 4851; baseline 0.006 -11"><span class='ocrx_word' id='word_1_369' title='bbox 464 4789 748 4842; x_wconf 87' lang='lat' dir='ltr'><strong>admodum</strong></span> <span class='ocrx_word' id='word_1_370' title='bbox 799 4792 937 4842; x_wconf 86' lang='lat' dir='ltr'><strong>enitn</strong></span> <span class='ocrx_word' id='word_1_371' title='bbox 987 4792 1075 4844; x_wconf 89' lang='lat' dir='ltr'><strong>isti</strong></span> <span class='ocrx_word' id='word_1_372' title='bbox 1119 4792 1242 4846; x_wconf 89' lang='lat' dir='ltr'><strong>odio</strong></span> <span class='ocrx_word' id='word_1_373' title='bbox 1279 4793 1531 4847; x_wconf 78' lang='lat' dir='ltr'><strong>obcaecati</strong></span> <span class='ocrx_word' id='word_1_374' title='bbox 1582 4812 1684 4849; x_wconf 88' lang='lat' dir='ltr'><strong>non</strong></span> <span class='ocrx_word' id='word_1_375' title='bbox 1739 4797 1920 4851; x_wconf 88' lang='lat' dir='ltr'><strong>vident</strong></span> <span class='ocrx_word' id='word_1_376' title='bbox 1967 4800 2016 4850; x_wconf 91' lang='lat' dir='ltr'><strong>in</strong></span> 
     </span>
    </p>
   </div>
   <div class='ocr_carea' id='block_1_53' title="bbox 463 4880 2018 4959">
    <p class='ocr_par' dir='ltr' id='par_1_53' title="bbox 463 4880 2018 4959">
     <span class='ocr_line' id='line_1_53' title="bbox 463 4880 2018 4959; baseline 0.008 -27"><span class='ocrx_word' id='word_1_377' title='bbox 463 4896 591 4935; x_wconf 73' lang='lat' dir='ltr'><strong>suos</strong></span> <span class='ocrx_word' id='word_1_378' title='bbox 622 4880 828 4934; x_wconf 86' lang='lat' dir='ltr'><strong>amicos</strong></span> <span class='ocrx_word' id='word_1_379' title='bbox 869 4883 1114 4936; x_wconf 83' lang='lat' dir='ltr'><strong>recidere</strong></span> <span class='ocrx_word' id='word_1_380' title='bbox 1144 4899 1261 4951; x_wconf 77' lang='lat' dir='ltr'>qme</span> <span class='ocrx_word' id='word_1_381' title='bbox 1293 4899 1480 4940; x_wconf 87' lang='lat' dir='ltr'><strong>contra</strong></span> <span class='ocrx_word' id='word_1_382' title='bbox 1509 4890 1688 4943; x_wconf 85' lang='lat' dir='ltr'><strong>hostes</strong></span> <span class='ocrx_word' id='word_1_383' title='bbox 1725 4890 1860 4943; x_wconf 88' lang='lat' dir='ltr'><strong>mala</strong></span> <span class='ocrx_word' id='word_1_384' title='bbox 1893 4905 2018 4959; x_wconf 86' lang='lat' dir='ltr'><strong>pro-</strong></span> 
     </span>
    </p>
   </div>
   <div class='ocr_carea' id='block_1_54' title="bbox 464 4972 2017 5048">
    <p class='ocr_par' dir='ltr' id='par_1_54' title="bbox 464 4972 2017 5048">
     <span class='ocr_line' id='line_1_54' title="bbox 464 4972 2017 5048; baseline 0.001 -20"><span class='ocrx_word' id='word_1_385' title='bbox 464 4975 605 5028; x_wconf 71' lang='lat' dir='ltr'><strong>ferre</strong></span> <span class='ocrx_word' id='word_1_386' title='bbox 633 4972 978 5037; x_wconf 81' lang='lat' dir='ltr'><strong>existimant;</strong></span> <span class='ocrx_word' id='word_1_387' title='bbox 1015 4974 1268 5028; x_wconf 88' lang='lat' dir='ltr'><strong>similiter</strong></span> <span class='ocrx_word' id='word_1_388' title='bbox 1291 4977 1475 5033; x_wconf 85' lang='lat' dir='ltr'><strong>Celsus</strong></span> <span class='ocrx_word' id='word_1_389' title='bbox 1523 4992 1698 5032; x_wconf 85' lang='lat' dir='ltr'><strong>tut-nte</strong></span> <span class='ocrx_word' id='word_1_390' title='bbox 1729 4981 2017 5048; x_wconf 86' lang='lat' dir='ltr'><strong>perturba-</strong></span> 
     </span>
    </p>
   </div>
   <div class='ocr_carea' id='block_1_55' title="bbox 463 5066 2018 5139">
    <p class='ocr_par' dir='ltr' id='par_1_55' title="bbox 463 5066 2018 5139">
     <span class='ocr_line' id='line_1_55' title="bbox 463 5066 2018 5139; baseline 0.005 -20"><span class='ocrx_word' id='word_1_391' title='bbox 463 5079 547 5121; x_wconf 91' lang='lat' dir='ltr'>tus</span> <span class='ocrx_word' id='word_1_392' title='bbox 586 5080 690 5120; x_wconf 91' lang='lat' dir='ltr'><strong>non</strong></span> <span class='ocrx_word' id='word_1_393' title='bbox 729 5066 866 5118; x_wconf 89' lang='lat' dir='ltr'><strong>vidit</strong></span> <span class='ocrx_word' id='word_1_394' title='bbox 909 5081 968 5118; x_wconf 91' lang='lat' dir='ltr'>sc</span> <span class='ocrx_word' id='word_1_395' title='bbox 1021 5066 1324 5120; x_wconf 86' lang='lat' dir='ltr'><strong>obtrectare</strong></span> <span class='ocrx_word' id='word_1_396' title='bbox 1363 5069 1585 5136; x_wconf 86' lang='lat' dir='ltr'><strong>Stoicis,</strong></span> <span class='ocrx_word' id='word_1_397' title='bbox 1610 5073 1700 5139; x_wconf 92' lang='lat' dir='ltr'><strong>qtti</strong></span> <span class='ocrx_word' id='word_1_398' title='bbox 1743 5087 1848 5126; x_wconf 91' lang='lat' dir='ltr'><strong>non</strong></span> <span class='ocrx_word' id='word_1_399' title='bbox 1878 5072 2018 5126; x_wconf 87' lang='lat' dir='ltr'><strong>male</strong></span> 
     </span>
    </p>
   </div>
   <div class='ocr_carea' id='block_1_56' title="bbox 459 5159 2018 5216">
    <p class='ocr_par' dir='ltr' id='par_1_56' title="bbox 459 5159 2018 5216">
     <span class='ocr_line' id='line_1_56' title="bbox 459 5159 2018 5216; baseline 0.004 -6"><span class='ocrx_word' id='word_1_400' title='bbox 459 5162 656 5213; x_wconf 84' lang='lat' dir='ltr'><strong>docent</strong></span> <span class='ocrx_word' id='word_1_401' title='bbox 712 5159 982 5212; x_wconf 87' lang='lat' dir='ltr'><strong>hominem</strong></span> <span class='ocrx_word' id='word_1_402' title='bbox 1037 5168 1090 5210; x_wconf 90' lang='lat' dir='ltr'>et</span> <span class='ocrx_word' id='word_1_403' title='bbox 1147 5159 1436 5213; x_wconf 79' lang='lat' dir='ltr'><strong>universim</strong></span> <span class='ocrx_word' id='word_1_404' title='bbox 1493 5173 1736 5215; x_wconf 85' lang='lat' dir='ltr'><strong>naturam</strong></span> <span class='ocrx_word' id='word_1_405' title='bbox 1795 5164 2018 5216; x_wconf 85' lang='lat' dir='ltr'><strong>rationis</strong></span> 
     </span>
    </p>
   </div>
   <div class='ocr_carea' id='block_1_57' title="bbox 461 5250 2012 5321">
    <p class='ocr_par' dir='ltr' id='par_1_57' title="bbox 461 5250 2012 5321">
     <span class='ocr_line' id='line_1_57' title="bbox 461 5250 2012 5321; baseline 0.002 -17"><span class='ocrx_word' id='word_1_406' title='bbox 461 5250 787 5319; x_wconf 87' lang='lat' dir='ltr'><strong>participem</strong></span> <span class='ocrx_word' id='word_1_407' title='bbox 817 5250 1138 5306; x_wconf 82' lang='lat' dir='ltr'><strong>animalibus</strong></span> <span class='ocrx_word' id='word_1_408' title='bbox 1173 5251 1378 5305; x_wconf 87' lang='lat' dir='ltr'><strong>ratione</strong></span> <span class='ocrx_word' id='word_1_409' title='bbox 1407 5254 1628 5321; x_wconf 79' lang='lat' dir='ltr'><strong>privatis</strong></span> <span class='ocrx_word' id='word_1_410' title='bbox 1671 5255 2012 5319; x_wconf 84' lang='lat' dir='ltr'><strong>anlecellerc,</strong></span> 
     </span>
    </p>
   </div>
   <div class='ocr_carea' id='block_1_58' title="bbox 530 5387 2022 5460">
    <p class='ocr_par' dir='ltr' id='par_1_58' title="bbox 530 5387 2022 5460">
     <span class='ocr_line' id='line_1_58' title="bbox 530 5387 2022 5460; baseline 0.001 -21"><span class='ocrx_word' id='word_1_411' title='bbox 530 5388 640 5452; x_wconf 68' lang='lat'>(62)</span> <span class='ocrx_word' id='word_1_412' title='bbox 673 5387 1078 5460; x_wconf 29' lang='lat' dir='ltr'><strong>Coddnliegius</strong></span> <span class='ocrx_word' id='word_1_413' title='bbox 1109 5399 1162 5442; x_wconf 79' lang='lat' dir='ltr'>ct</span> <span class='ocrx_word' id='word_1_414' title='bbox 1192 5387 1538 5460; x_wconf 75' lang='lat' dir='ltr'><strong>Basili-ensis,</strong></span> <span class='ocrx_word' id='word_1_415' title='bbox 1576 5391 1702 5460; x_wconf 69' lang='grc' dir='ltr'>περὶ</span> <span class='ocrx_word' id='word_1_416' title='bbox 1732 5389 1938 5449; x_wconf 80' lang='grc' dir='ltr'>τοῦτον,</span> <span class='ocrx_word' id='word_1_417' title='bbox 1969 5401 2022 5441; x_wconf 89' lang='lat' dir='ltr'>et</span> 
     </span>
    </p>
   </div>
   <div class='ocr_carea' id='block_1_59' title="bbox 461 5458 2020 5532">
    <p class='ocr_par' dir='ltr' id='par_1_59' title="bbox 461 5458 2020 5532">
     <span class='ocr_line' id='line_1_59' title="bbox 461 5458 2020 5532; baseline 0.004 -27"><span class='ocrx_word' id='word_1_418' title='bbox 461 5475 580 5509; x_wconf 72' lang='lat' dir='ltr'><strong>mox</strong></span> <span class='ocrx_word' id='word_1_419' title='bbox 632 5458 1011 5528; x_wconf 74' lang='grc' dir='ltr'>παριστῶμεν,</span> <span class='ocrx_word' id='word_1_420' title='bbox 1062 5461 1148 5512; x_wconf 86' lang='lat' dir='ltr'>ubi</span> <span class='ocrx_word' id='word_1_421' title='bbox 1187 5459 1313 5512; x_wconf 83' lang='lat' dir='ltr'><strong>libb.</strong></span> <span class='ocrx_word' id='word_1_422' title='bbox 1354 5461 1480 5514; x_wconf 82' lang='lat' dir='ltr'><strong>editi</strong></span> <span class='ocrx_word' id='word_1_423' title='bbox 1517 5458 1715 5514; x_wconf 76' lang='lat' dir='ltr'><strong>habent</strong></span> <span class='ocrx_word' id='word_1_424' title='bbox 1757 5461 2020 5532; x_wconf 80' lang='grc' dir='ltr'>παρίστα-</span> 
     </span>
    </p>
   </div>
   <div class='ocr_carea' id='block_1_60' title="bbox 464 5545 578 5578">
    <p class='ocr_par' dir='ltr' id='par_1_60' title="bbox 464 5545 578 5578">
     <span class='ocr_line' id='line_1_60' title="bbox 464 5545 578 5578; baseline -0.009 0"><span class='ocrx_word' id='word_1_425' title='bbox 464 5545 578 5578; x_wconf 75' lang='grc' dir='ltr'>ῖιεν.</span> 
     </span>
    </p>
   </div>
   <div class='ocr_carea' id='block_1_61' title="bbox 463 5567 2016 5670">
    <p class='ocr_par' dir='ltr' id='par_1_61' title="bbox 463 5567 2016 5670">
     <span class='ocr_line' id='line_1_61' title="bbox 463 5567 2016 5670; baseline 0.005 -28"><span class='ocrx_word' id='word_1_426' title='bbox 463 5567 481 5670; x_wconf 87' lang='lat'>‘_</span> <span class='ocrx_word' id='word_1_427' title='bbox 533 5595 645 5670; x_wconf 75' lang='lat'>;_&lt;_;3)_</span> <span class='ocrx_word' id='word_1_428' title='bbox 697 5595 825 5670; x_wconf 76' lang='lat' dir='ltr'><strong>l‘ro</strong></span> <span class='ocrx_word' id='word_1_429' title='bbox 863 5599 1186 5670; x_wconf 70' lang='grc' dir='ltr'>περισταίη,</span> <span class='ocrx_word' id='word_1_430' title='bbox 1225 5611 1395 5670; x_wconf 67' lang='grc' dir='ltr'>ιρςιθ</span> <span class='ocrx_word' id='word_1_431' title='bbox 1459 5599 1754 5654; x_wconf 81' lang='lat' dir='ltr'><strong>Philocalia</strong></span> <span class='ocrx_word' id='word_1_432' title='bbox 1817 5600 2016 5664; x_wconf 84' lang='lat' dir='ltr'><strong>habet,</strong></span> 
     </span>
    </p>
   </div>
   <div class='ocr_carea' id='block_1_62' title="bbox 459 5665 2016 5739">
    <p class='ocr_par' dir='ltr' id='par_1_62' title="bbox 459 5665 2016 5739">
     <span class='ocr_line' id='line_1_62' title="bbox 459 5665 2016 5739; baseline 0.004 -23"><span class='ocrx_word' id='word_1_433' title='bbox 459 5665 765 5735; x_wconf 71' lang='grc' dir='ltr'>ἀχθεσθείη.</span> <span class='ocrx_word' id='word_1_434' title='bbox 817 5665 948 5720; x_wconf 67' lang='lat' dir='ltr'><strong>Nam</strong></span> <span class='ocrx_word' id='word_1_435' title='bbox 986 5665 1269 5739; x_wconf 67' lang='grc' dir='ltr'>περισταίη</span> <span class='ocrx_word' id='word_1_436' title='bbox 1321 5669 1406 5724; x_wconf 79' lang='lat' dir='ltr'>hic</span> <span class='ocrx_word' id='word_1_437' title='bbox 1454 5673 1624 5725; x_wconf 84' lang='lat' dir='ltr'><strong>locum</strong></span> <span class='ocrx_word' id='word_1_438' title='bbox 1677 5687 1782 5724; x_wconf 84' lang='lat' dir='ltr'><strong>non</strong></span> <span class='ocrx_word' id='word_1_439' title='bbox 1839 5671 2016 5737; x_wconf 81' lang='lat' dir='ltr'><strong>habet,</strong></span> 
     </span>
    </p>
   </div>
   <div class='ocr_carea' id='block_1_63' title="bbox 2131 412 3714 492">
    <p class='ocr_par' dir='ltr' id='par_1_63' title="bbox 2131 412 3714 492">
     <span class='ocr_line' id='line_1_63' title="bbox 2131 412 3714 492; baseline -0.006 -17"><span class='ocrx_word' id='word_1_440' title='bbox 2131 422 2442 492; x_wconf 83' lang='grc' dir='ltr'>ραπλησίως</span> <span class='ocrx_word' id='word_1_441' title='bbox 2463 421 2816 492; x_wconf 77' lang='grc' dir='ltr'>νοηθήσεται;</span> <span class='ocrx_word' id='word_1_442' title='bbox 2857 419 2966 471; x_wconf 76' lang='grc' dir='ltr'>Καὶ</span> <span class='ocrx_word' id='word_1_443' title='bbox 3004 419 3057 470; x_wconf 75' lang='grc' dir='ltr'>αἱ</span> <span class='ocrx_word' id='word_1_444' title='bbox 3090 415 3335 470; x_wconf 75' lang='grc' dir='ltr'>ἀπειλαὶ</span> <span class='ocrx_word' id='word_1_445' title='bbox 3384 412 3444 465; x_wconf 85' lang='grc' dir='ltr'>δέ</span> <span class='ocrx_word' id='word_1_446' title='bbox 3482 412 3714 481; x_wconf 82' lang='grc' dir='ltr'>ἀπαγγε-</span> 
     </span>
    </p>
   </div>
   <div class='ocr_carea' id='block_1_64' title="bbox 2129 505 3713 583">
    <p class='ocr_par' dir='ltr' id='par_1_64' title="bbox 2129 505 3713 583">
     <span class='ocr_line' id='line_1_64' title="bbox 2129 505 3713 583; baseline -0.005 -16"><span class='ocrx_word' id='word_1_447' title='bbox 2129 514 2236 568; x_wconf 86' lang='grc' dir='ltr'>λίαι</span> <span class='ocrx_word' id='word_1_448' title='bbox 2269 515 2373 567; x_wconf 76' lang='grc' dir='ltr'>εἰσὶ</span> <span class='ocrx_word' id='word_1_449' title='bbox 2412 513 2668 583; x_wconf 74' lang='grc' dir='ltr'>περὶτῶν</span> <span class='ocrx_word' id='word_1_450' title='bbox 2709 509 3173 580; x_wconf 86' lang='grc' dir='ltr'>ἁπαντησομένων</span> <span class='ocrx_word' id='word_1_451' title='bbox 3211 510 3336 570; x_wconf 86' lang='grc' dir='ltr'>τοῖς</span> <span class='ocrx_word' id='word_1_452' title='bbox 3367 505 3613 575; x_wconf 80' lang='grc' dir='ltr'>φαύλοις·</span> <span class='ocrx_word' id='word_1_453' title='bbox 3647 508 3713 570; x_wconf 86' lang='grc' dir='ltr'>ὡς</span> 
     </span>
    </p>
   </div>
   <div class='ocr_carea' id='block_1_65' title="bbox 2129 594 3712 671">
    <p class='ocr_par' dir='ltr' id='par_1_65' title="bbox 2129 594 3712 671">
     <span class='ocr_line' id='line_1_65' title="bbox 2129 594 3712 671; baseline -0.005 -15"><span class='ocrx_word' id='word_1_454' title='bbox 2129 605 2177 656; x_wconf 82' lang='grc' dir='ltr'>εἰ</span> <span class='ocrx_word' id='word_1_455' title='bbox 2203 603 2428 666; x_wconf 82' lang='grc' dir='ltr'>ἀπειλάς</span> <span class='ocrx_word' id='word_1_456' title='bbox 2454 619 2534 665; x_wconf 88' lang='grc' dir='ltr'>τις</span> <span class='ocrx_word' id='word_1_457' title='bbox 2567 602 2804 671; x_wconf 79' lang='grc' dir='ltr'>ἔφασκεν</span> <span class='ocrx_word' id='word_1_458' title='bbox 2827 597 2963 652; x_wconf 84' lang='grc' dir='ltr'>εἶναι</span> <span class='ocrx_word' id='word_1_459' title='bbox 2991 599 3244 660; x_wconf 79' lang='grc' dir='ltr'>καὶτοὺς</span> <span class='ocrx_word' id='word_1_460' title='bbox 3285 594 3387 648; x_wconf 88' lang='grc' dir='ltr'>τοῦ</span> <span class='ocrx_word' id='word_1_461' title='bbox 3430 595 3614 665; x_wconf 79' lang='grc' dir='ltr'>ἰατροῦ</span> <span class='ocrx_word' id='word_1_462' title='bbox 3638 595 3712 648; x_wconf 80' lang='grc' dir='ltr'>λὸ-</span> 
     </span>
    </p>
   </div>
   <div class='ocr_carea' id='block_1_66' title="bbox 2129 684 3710 760">
    <p class='ocr_par' dir='ltr' id='par_1_66' title="bbox 2129 684 3710 760">
     <span class='ocr_line' id='line_1_66' title="bbox 2129 684 3710 760; baseline -0.006 -15"><span class='ocrx_word' id='word_1_463' title='bbox 2129 710 2275 760; x_wconf 86' lang='grc' dir='ltr'>γους,</span> <span class='ocrx_word' id='word_1_464' title='bbox 2301 693 2547 760; x_wconf 85' lang='grc' dir='ltr'>λέγοντος</span> <span class='ocrx_word' id='word_1_465' title='bbox 2567 694 2676 754; x_wconf 85' lang='grc' dir='ltr'>τοῖς</span> <span class='ocrx_word' id='word_1_466' title='bbox 2710 693 2991 759; x_wconf 79' lang='grc' dir='ltr'>κάμνουσι·</span> <span class='ocrx_word' id='word_1_467' title='bbox 3033 685 3205 757; x_wconf 84' lang='grc' dir='ltr'>Τεμῶ</span> <span class='ocrx_word' id='word_1_468' title='bbox 3238 702 3326 750; x_wconf 85' lang='grc' dir='ltr'>σε,</span> <span class='ocrx_word' id='word_1_469' title='bbox 3359 684 3459 736; x_wconf 75' lang='grc' dir='ltr'>καὶ</span> <span class='ocrx_word' id='word_1_470' title='bbox 3487 685 3710 754; x_wconf 75' lang='grc' dir='ltr'>καυστῆ-</span> 
     </span>
    </p>
   </div>
   <div class='ocr_carea' id='block_1_67' title="bbox 2132 772 3708 853">
    <p class='ocr_par' dir='ltr' id='par_1_67' title="bbox 2132 772 3708 853">
     <span class='ocr_line' id='line_1_67' title="bbox 2132 772 3708 853; baseline -0.008 -18"><span class='ocrx_word' id='word_1_471' title='bbox 2132 801 2228 852; x_wconf 84' lang='grc' dir='ltr'>ρας</span> <span class='ocrx_word' id='word_1_472' title='bbox 2257 781 2507 853; x_wconf 81' lang='grc' dir='ltr'>προσάξω</span> <span class='ocrx_word' id='word_1_473' title='bbox 2547 798 2648 842; x_wconf 87' lang='grc' dir='ltr'>σοι,</span> <span class='ocrx_word' id='word_1_474' title='bbox 2684 780 2776 831; x_wconf 74' lang='grc' dir='ltr'>ἐὰν</span> <span class='ocrx_word' id='word_1_475' title='bbox 2812 779 2884 848; x_wconf 77' lang='grc' dir='ltr'>μὴ</span> <span class='ocrx_word' id='word_1_476' title='bbox 2931 777 3158 846; x_wconf 80' lang='grc' dir='ltr'>πεισθῇς</span> <span class='ocrx_word' id='word_1_477' title='bbox 3205 791 3314 844; x_wconf 88' lang='grc' dir='ltr'>μου</span> <span class='ocrx_word' id='word_1_478' title='bbox 3351 775 3468 834; x_wconf 87' lang='grc' dir='ltr'>τοῖς</span> <span class='ocrx_word' id='word_1_479' title='bbox 3520 772 3708 841; x_wconf 86' lang='grc' dir='ltr'>νόμοις,</span> 
     </span>
    </p>
   </div>
   <div class='ocr_carea' id='block_1_68' title="bbox 2129 865 3706 944">
    <p class='ocr_par' dir='ltr' id='par_1_68' title="bbox 2129 865 3706 944">
     <span class='ocr_line' id='line_1_68' title="bbox 2129 865 3706 944; baseline -0.008 -17"><span class='ocrx_word' id='word_1_480' title='bbox 2129 877 2220 928; x_wconf 74' lang='grc' dir='ltr'>καὶ</span> <span class='ocrx_word' id='word_1_481' title='bbox 2245 875 2438 927; x_wconf 79' lang='grc' dir='ltr'>οὑτωσὶ</span> <span class='ocrx_word' id='word_1_482' title='bbox 2463 875 2559 944; x_wconf 84' lang='grc' dir='ltr'>μὲν</span> <span class='ocrx_word' id='word_1_483' title='bbox 2595 873 2864 944; x_wconf 76' lang='grc' dir='ltr'>διαιτήσῃ,</span> <span class='ocrx_word' id='word_1_484' title='bbox 2889 871 3085 922; x_wconf 73' lang='grc' dir='ltr'>οὑτωσὶ</span> <span class='ocrx_word' id='word_1_485' title='bbox 3127 868 3192 920; x_wconf 81' lang='grc' dir='ltr'>δὲ</span> <span class='ocrx_word' id='word_1_486' title='bbox 3237 865 3444 918; x_wconf 82' lang='grc' dir='ltr'>σαυτὸν</span> <span class='ocrx_word' id='word_1_487' title='bbox 3490 865 3706 936; x_wconf 75' lang='grc' dir='ltr'>ἀγάγῃς.</span> 
     </span>
    </p>
   </div>
   <div class='ocr_carea' id='block_1_69' title="bbox 2130 955 3707 1036">
    <p class='ocr_par' dir='ltr' id='par_1_69' title="bbox 2130 955 3707 1036">
     <span class='ocr_line' id='line_1_69' title="bbox 2130 955 3707 1036; baseline -0.009 -17"><span class='ocrx_word' id='word_1_488' title='bbox 2130 968 2241 1020; x_wconf 76' lang='grc' dir='ltr'>υὺκ</span> <span class='ocrx_word' id='word_1_489' title='bbox 2295 964 2603 1036; x_wconf 82' lang='grc' dir='ltr'>ἀνθρώπινα</span> <span class='ocrx_word' id='word_1_490' title='bbox 2654 961 2745 1016; x_wconf 78' lang='grc' dir='ltr'>οῦν</span> <span class='ocrx_word' id='word_1_491' title='bbox 2797 963 2940 1031; x_wconf 84' lang='grc' dir='ltr'>πάθη</span> <span class='ocrx_word' id='word_1_492' title='bbox 2991 961 3400 1031; x_wconf 80' lang='grc' dir='ltr'>προσάπτομεν</span> <span class='ocrx_word' id='word_1_493' title='bbox 3452 955 3532 1025; x_wconf 80' lang='grc' dir='ltr'>τῷ</span> <span class='ocrx_word' id='word_1_494' title='bbox 3572 955 3707 1025; x_wconf 81' lang='grc' dir='ltr'>Θεῷ,</span> 
     </span>
    </p>
   </div>
   <div class='ocr_carea' id='block_1_70' title="bbox 2133 1047 3708 1124">
    <p class='ocr_par' dir='ltr' id='par_1_70' title="bbox 2133 1047 3708 1124">
     <span class='ocr_line' id='line_1_70' title="bbox 2133 1047 3708 1124; baseline -0.006 -14"><span class='ocrx_word' id='word_1_495' title='bbox 2133 1059 2252 1111; x_wconf 81' lang='grc' dir='ltr'>οὑδέ</span> <span class='ocrx_word' id='word_1_496' title='bbox 2280 1058 2556 1119; x_wconf 73' lang='grc' dir='ltr'>δυσσεϐεῖς</span> <span class='ocrx_word' id='word_1_497' title='bbox 2596 1056 2751 1121; x_wconf 82' lang='grc' dir='ltr'>δόξας</span> <span class='ocrx_word' id='word_1_498' title='bbox 2789 1055 2982 1124; x_wconf 72' lang='grc' dir='ltr'>ἔχομεν</span> <span class='ocrx_word' id='word_1_499' title='bbox 3016 1053 3143 1123; x_wconf 79' lang='grc' dir='ltr'>περὶ</span> <span class='ocrx_word' id='word_1_500' title='bbox 3183 1048 3386 1110; x_wconf 83' lang='grc' dir='ltr'>αὐτοῦ,</span> <span class='ocrx_word' id='word_1_501' title='bbox 3427 1047 3550 1101; x_wconf 73' lang='grc' dir='ltr'>οὐδὲ</span> <span class='ocrx_word' id='word_1_502' title='bbox 3590 1047 3708 1100; x_wconf 83' lang='grc' dir='ltr'>πλα-</span> 
     </span>
    </p>
   </div>
   <div class='ocr_carea' id='block_1_71' title="bbox 2130 1141 3706 1220">
    <p class='ocr_par' dir='ltr' id='par_1_71' title="bbox 2130 1141 3706 1220">
     <span class='ocr_line' id='line_1_71' title="bbox 2130 1141 3706 1220; baseline -0.025 1"><span class='ocrx_word' id='word_1_503' title='bbox 2130 1150 2354 1220; x_wconf 77' lang='grc' dir='ltr'>νώμενοι</span> <span class='ocrx_word' id='word_1_504' title='bbox 2392 1150 2490 1212; x_wconf 77' lang='grc' dir='ltr'>τὰς</span> <span class='ocrx_word' id='word_1_505' title='bbox 2519 1150 2644 1220; x_wconf 78' lang='grc' dir='ltr'>περι</span> <span class='ocrx_word' id='word_1_506' title='bbox 2685 1148 2884 1201; x_wconf 80' lang='grc' dir='ltr'>τούτων</span> <span class='ocrx_word' id='word_1_507' title='bbox 2931 1145 3039 1216; x_wconf 70' lang='lat'>(62)</span> <span class='ocrx_word' id='word_1_508' title='bbox 3075 1146 3376 1215; x_wconf 73' lang='grc' dir='ltr'>διηγήσεις</span> <span class='ocrx_word' id='word_1_509' title='bbox 3414 1143 3512 1195; x_wconf 78' lang='grc' dir='ltr'>ἀπ’</span> <span class='ocrx_word' id='word_1_510' title='bbox 3545 1141 3706 1194; x_wconf 59' lang='grc' dir='ltr'>αὐτῶν</span> 
     </span>
    </p>
   </div>
   <div class='ocr_carea' id='block_1_72' title="bbox 2129 1232 3704 1310">
    <p class='ocr_par' dir='ltr' id='par_1_72' title="bbox 2129 1232 3704 1310">
     <span class='ocr_line' id='line_1_72' title="bbox 2129 1232 3704 1310; baseline -0.006 -18"><span class='ocrx_word' id='word_1_511' title='bbox 2129 1240 2236 1292; x_wconf 77' lang='grc' dir='ltr'>τῶν</span> <span class='ocrx_word' id='word_1_512' title='bbox 2258 1239 2595 1310; x_wconf 80' lang='grc' dir='ltr'>γραμμάτων</span> <span class='ocrx_word' id='word_1_513' title='bbox 2631 1235 3123 1306; x_wconf 77' lang='grc' dir='ltr'>συνεξεταζομένων</span> <span class='ocrx_word' id='word_1_514' title='bbox 3145 1232 3418 1302; x_wconf 73' lang='grc' dir='ltr'>ἀλλήλοις</span> <span class='ocrx_word' id='word_1_515' title='bbox 3444 1233 3704 1302; x_wconf 83' lang='grc' dir='ltr'>παριστῶ-</span> 
     </span>
    </p>
   </div>
   <div class='ocr_carea' id='block_1_73' title="bbox 2133 1326 3705 1400">
    <p class='ocr_par' dir='ltr' id='par_1_73' title="bbox 2133 1326 3705 1400">
     <span class='ocr_line' id='line_1_73' title="bbox 2133 1326 3705 1400; baseline -0.006 -16"><span class='ocrx_word' id='word_1_516' title='bbox 2133 1348 2250 1400; x_wconf 87' lang='grc' dir='ltr'>μεν·</span> <span class='ocrx_word' id='word_1_517' title='bbox 2308 1332 2426 1384; x_wconf 81' lang='grc' dir='ltr'>οὑδέ</span> <span class='ocrx_word' id='word_1_518' title='bbox 2480 1331 2539 1382; x_wconf 78' lang='grc' dir='ltr'>τὸ</span> <span class='ocrx_word' id='word_1_519' title='bbox 2593 1329 2946 1400; x_wconf 87' lang='grc' dir='ltr'>προκείμενον</span> <span class='ocrx_word' id='word_1_520' title='bbox 3004 1331 3113 1390; x_wconf 86' lang='grc' dir='ltr'>τοῖς</span> <span class='ocrx_word' id='word_1_521' title='bbox 3171 1329 3234 1379; x_wconf 90' lang='grc' dir='ltr'>ἐν</span> <span class='ocrx_word' id='word_1_522' title='bbox 3289 1329 3428 1396; x_wconf 79' lang='grc' dir='ltr'>ἡμῖν</span> <span class='ocrx_word' id='word_1_523' title='bbox 3489 1326 3705 1387; x_wconf 79' lang='grc' dir='ltr'>συνετῶς</span> 
     </span>
    </p>
   </div>
   <div class='ocr_carea' id='block_1_74' title="bbox 2131 1416 3700 1492">
    <p class='ocr_par' dir='ltr' id='par_1_74' title="bbox 2131 1416 3700 1492">
     <span class='ocr_line' id='line_1_74' title="bbox 2131 1416 3700 1492; baseline -0.005 -17"><span class='ocrx_word' id='word_1_524' title='bbox 2131 1421 2487 1492; x_wconf 76' lang='grc' dir='ltr'>πρεσϐεύουσι</span> <span class='ocrx_word' id='word_1_525' title='bbox 2539 1419 2632 1473; x_wconf 84' lang='grc' dir='ltr'>τοῦ</span> <span class='ocrx_word' id='word_1_526' title='bbox 2679 1419 2833 1487; x_wconf 84' lang='grc' dir='ltr'>λόγου</span> <span class='ocrx_word' id='word_1_527' title='bbox 2880 1419 3005 1472; x_wconf 85' lang='grc' dir='ltr'>ἀλλο</span> <span class='ocrx_word' id='word_1_528' title='bbox 3046 1420 3200 1471; x_wconf 79' lang='grc' dir='ltr'>ἐστὶν</span> <span class='ocrx_word' id='word_1_529' title='bbox 3238 1418 3273 1489; x_wconf 81' lang='grc' dir='ltr'>ἢ</span> <span class='ocrx_word' id='word_1_530' title='bbox 3319 1417 3574 1488; x_wconf 73' lang='grc' dir='ltr'>εὐηθείας</span> <span class='ocrx_word' id='word_1_531' title='bbox 3616 1416 3700 1485; x_wconf 85' lang='grc' dir='ltr'>μὲν</span> 
     </span>
    </p>
   </div>
   <div class='ocr_carea' id='block_1_75' title="bbox 2131 1507 3699 1577">
    <p class='ocr_par' dir='ltr' id='par_1_75' title="bbox 2131 1507 3699 1577">
     <span class='ocr_line' id='line_1_75' title="bbox 2131 1507 3699 1577; baseline -0.004 -12"><span class='ocrx_word' id='word_1_532' title='bbox 2131 1510 2431 1576; x_wconf 80' lang='grc' dir='ltr'>ἀπαλλάξαι</span> <span class='ocrx_word' id='word_1_533' title='bbox 2457 1511 2597 1563; x_wconf 85' lang='grc' dir='ltr'>κατὰ</span> <span class='ocrx_word' id='word_1_534' title='bbox 2619 1511 2679 1563; x_wconf 82' lang='grc' dir='ltr'>τὸ</span> <span class='ocrx_word' id='word_1_535' title='bbox 2706 1510 2924 1563; x_wconf 84' lang='grc' dir='ltr'>δυνατὸν</span> <span class='ocrx_word' id='word_1_536' title='bbox 2948 1509 3071 1571; x_wconf 78' lang='grc' dir='ltr'>τοὺς</span> <span class='ocrx_word' id='word_1_537' title='bbox 3111 1508 3450 1571; x_wconf 77' lang='grc' dir='ltr'>ἀκούοντας,</span> <span class='ocrx_word' id='word_1_538' title='bbox 3496 1507 3699 1577; x_wconf 75' lang='grc' dir='ltr'>ποιῆσαι</span> 
     </span>
    </p>
   </div>
   <div class='ocr_carea' id='block_1_76' title="bbox 2129 1604 2714 1674">
    <p class='ocr_par' dir='ltr' id='par_1_76' title="bbox 2129 1604 2714 1674">
     <span class='ocr_line' id='line_1_76' title="bbox 2129 1604 2714 1674; baseline -0.007 -17"><span class='ocrx_word' id='word_1_539' title='bbox 2129 1604 2172 1657; x_wconf 89' lang='grc' dir='ltr'>δ’</span> <span class='ocrx_word' id='word_1_540' title='bbox 2191 1605 2384 1667; x_wconf 79' lang='grc' dir='ltr'>αὐτοὺς</span> <span class='ocrx_word' id='word_1_541' title='bbox 2407 1604 2714 1674; x_wconf 80' lang='grc' dir='ltr'>φρονίμους.</span> 
     </span>
    </p>
   </div>
   <div class='ocr_carea' id='block_1_77' title="bbox 2213 1692 3696 1764">
    <p class='ocr_par' dir='ltr' id='par_1_77' title="bbox 2213 1692 3696 1764">
     <span class='ocr_line' id='line_1_77' title="bbox 2213 1692 3696 1764; baseline -0.005 -16"><span class='ocrx_word' id='word_1_542' title='bbox 2213 1695 2539 1757; x_wconf 76' lang='grc' dir='ltr'>Ἀκολούθως</span> <span class='ocrx_word' id='word_1_543' title='bbox 2585 1695 2641 1746; x_wconf 89' lang='grc' dir='ltr'>δέ</span> <span class='ocrx_word' id='word_1_544' title='bbox 2678 1693 2757 1764; x_wconf 81' lang='grc' dir='ltr'>τῷ</span> <span class='ocrx_word' id='word_1_545' title='bbox 2794 1693 2868 1764; x_wconf 82' lang='grc' dir='ltr'>μὴ</span> <span class='ocrx_word' id='word_1_546' title='bbox 2901 1695 3219 1764; x_wconf 77' lang='grc' dir='ltr'>νενοηκέναι</span> <span class='ocrx_word' id='word_1_547' title='bbox 3259 1692 3334 1746; x_wconf 85' lang='grc' dir='ltr'>τὰ</span> <span class='ocrx_word' id='word_1_548' title='bbox 3386 1692 3518 1762; x_wconf 72' lang='grc' dir='ltr'>περὶ</span> <span class='ocrx_word' id='word_1_549' title='bbox 3548 1692 3696 1762; x_wconf 76' lang='grc' dir='ltr'>ὀργῆς</span> 
     </span>
    </p>
   </div>
   <div class='ocr_carea' id='block_1_78' title="bbox 2127 1780 3695 1856">
    <p class='ocr_par' dir='ltr' id='par_1_78' title="bbox 2127 1780 3695 1856">
     <span class='ocr_line' id='line_1_78' title="bbox 2127 1780 3695 1856; baseline -0.003 -17"><span class='ocrx_word' id='word_1_550' title='bbox 2127 1786 2583 1856; x_wconf 71' lang='grc' dir='ltr'>ἀναγεγραμμένα</span> <span class='ocrx_word' id='word_1_551' title='bbox 2609 1782 2742 1838; x_wconf 83' lang='grc' dir='ltr'>Θεοῦ</span> <span class='ocrx_word' id='word_1_552' title='bbox 2793 1801 2974 1854; x_wconf 80' lang='grc' dir='ltr'>φησιν·</span> <span class='ocrx_word' id='word_1_553' title='bbox 3024 1805 3041 1835; x_wconf 77' lang='grc' dir='ltr'>ι</span> <span class='ocrx_word' id='word_1_554' title='bbox 3085 1780 3164 1837; x_wconf 53' lang='grc' dir='ltr'>*Η</span> <span class='ocrx_word' id='word_1_555' title='bbox 3222 1784 3338 1855; x_wconf 84' lang='grc' dir='ltr'>γὰρ</span> <span class='ocrx_word' id='word_1_556' title='bbox 3389 1784 3451 1836; x_wconf 89' lang='grc' dir='ltr'>οὐ</span> <span class='ocrx_word' id='word_1_557' title='bbox 3485 1783 3695 1849; x_wconf 85' lang='grc' dir='ltr'>καταγέ-</span> 
     </span>
    </p>
   </div>
   <div class='ocr_carea' id='block_1_79' title="bbox 2126 1873 3692 1949">
    <p class='ocr_par' dir='ltr' id='par_1_79' title="bbox 2126 1873 3692 1949">
     <span class='ocr_line' id='line_1_79' title="bbox 2126 1873 3692 1949; baseline -0.004 -19"><span class='ocrx_word' id='word_1_558' title='bbox 2126 1877 2337 1939; x_wconf 88' lang='grc' dir='ltr'>λαστον,</span> <span class='ocrx_word' id='word_1_559' title='bbox 2366 1879 2413 1928; x_wconf 90' lang='grc' dir='ltr'>εἰ</span> <span class='ocrx_word' id='word_1_560' title='bbox 2441 1875 2722 1947; x_wconf 83' lang='grc' dir='ltr'>ἄνθρωπος</span> <span class='ocrx_word' id='word_1_561' title='bbox 2765 1878 2882 1948; x_wconf 83' lang='grc' dir='ltr'>μὲν,</span> <span class='ocrx_word' id='word_1_562' title='bbox 2908 1876 3186 1949; x_wconf 80' lang='grc' dir='ltr'>ὀργισθεὶς</span> <span class='ocrx_word' id='word_1_563' title='bbox 3233 1873 3540 1936; x_wconf 80' lang='grc' dir='ltr'>Ἰουδαίοις,</span> <span class='ocrx_word' id='word_1_564' title='bbox 3572 1874 3692 1926; x_wconf 58' lang='grc' dir='ltr'>πάνθ</span> 
     </span>
    </p>
   </div>
   <div class='ocr_carea' id='block_1_80' title="bbox 2125 1963 3686 2038">
    <p class='ocr_par' dir='ltr' id='par_1_80' title="bbox 2125 1963 3686 2038">
     <span class='ocr_line' id='line_1_80' title="bbox 2125 1963 3686 2038; baseline -0.004 -17"><span class='ocrx_word' id='word_1_565' title='bbox 2125 1985 2222 2030; x_wconf 86' lang='grc' dir='ltr'>τας</span> <span class='ocrx_word' id='word_1_566' title='bbox 2259 1966 2452 2030; x_wconf 74' lang='grc' dir='ltr'>αὐτοὺς</span> <span class='ocrx_word' id='word_1_567' title='bbox 2491 1967 2685 2038; x_wconf 73' lang='grc' dir='ltr'>ἡϐηδὸν</span> <span class='ocrx_word' id='word_1_568' title='bbox 2724 1968 2988 2032; x_wconf 80' lang='grc' dir='ltr'>ἀπώλεσε,</span> <span class='ocrx_word' id='word_1_569' title='bbox 3027 1968 3121 2021; x_wconf 72' lang='grc' dir='ltr'>καὶ</span> <span class='ocrx_word' id='word_1_570' title='bbox 3163 1966 3584 2037; x_wconf 82' lang='grc' dir='ltr'>ἐπυρπόλησεν,</span> <span class='ocrx_word' id='word_1_571' title='bbox 3613 1963 3686 2017; x_wconf 77' lang='grc' dir='ltr'>οὗ-</span> 
     </span>
    </p>
   </div>
   <div class='ocr_carea' id='block_1_81' title="bbox 2124 2054 3688 2130">
    <p class='ocr_par' dir='ltr' id='par_1_81' title="bbox 2124 2054 3688 2130">
     <span class='ocr_line' id='line_1_81' title="bbox 2124 2054 3688 2130; baseline -0.001 -20"><span class='ocrx_word' id='word_1_572' title='bbox 2124 2076 2232 2120; x_wconf 85' lang='grc' dir='ltr'>τως</span> <span class='ocrx_word' id='word_1_573' title='bbox 2299 2059 2448 2112; x_wconf 74' lang='grc' dir='ltr'>οὐδὲν</span> <span class='ocrx_word' id='word_1_574' title='bbox 2498 2054 2656 2128; x_wconf 74' lang='grc' dir='ltr'>ἦσαν·</span> <span class='ocrx_word' id='word_1_575' title='bbox 2731 2058 2862 2122; x_wconf 80' lang='grc' dir='ltr'>Θεὸς</span> <span class='ocrx_word' id='word_1_576' title='bbox 2921 2060 2966 2112; x_wconf 85' lang='grc' dir='ltr'>δ’</span> <span class='ocrx_word' id='word_1_577' title='bbox 3020 2063 3048 2114; x_wconf 92' lang='lat'>6</span> <span class='ocrx_word' id='word_1_578' title='bbox 3106 2059 3411 2130; x_wconf 84' lang='grc' dir='ltr'>μέγιστος,</span> <span class='ocrx_word' id='word_1_579' title='bbox 3477 2055 3551 2118; x_wconf 82' lang='grc' dir='ltr'>ὥς</span> <span class='ocrx_word' id='word_1_580' title='bbox 3604 2073 3688 2124; x_wconf 86' lang='grc' dir='ltr'>φα-</span> 
     </span>
    </p>
   </div>
   <div class='ocr_carea' id='block_1_82' title="bbox 2129 2147 3679 2222">
    <p class='ocr_par' dir='ltr' id='par_1_82' title="bbox 2129 2147 3679 2222">
     <span class='ocr_line' id='line_1_82' title="bbox 2129 2147 3679 2222; baseline -0.003 -19"><span class='ocrx_word' id='word_1_581' title='bbox 2129 2166 2244 2214; x_wconf 85' lang='grc' dir='ltr'>σιν,</span> <span class='ocrx_word' id='word_1_582' title='bbox 2301 2150 2647 2221; x_wconf 77' lang='grc' dir='ltr'>ὀργιζόμενος</span> <span class='ocrx_word' id='word_1_583' title='bbox 2694 2153 2787 2205; x_wconf 74' lang='grc' dir='ltr'>καὶ</span> <span class='ocrx_word' id='word_1_584' title='bbox 2835 2150 3210 2222; x_wconf 82' lang='grc' dir='ltr'>θυμούμενος,</span> <span class='ocrx_word' id='word_1_585' title='bbox 3287 2150 3384 2206; x_wconf 77' lang='grc' dir='ltr'>καὶ</span> <span class='ocrx_word' id='word_1_586' title='bbox 3429 2147 3679 2209; x_wconf 84' lang='grc' dir='ltr'>ἀπειλῶν,</span> 
     </span>
    </p>
   </div>
   <div class='ocr_carea' id='block_1_83' title="bbox 2125 2239 3682 2312">
    <p class='ocr_par' dir='ltr' id='par_1_83' title="bbox 2125 2239 3682 2312">
     <span class='ocr_line' id='line_1_83' title="bbox 2125 2239 3682 2312; baseline -0.004 -17"><span class='ocrx_word' id='word_1_587' title='bbox 2125 2241 2331 2312; x_wconf 83' lang='grc' dir='ltr'>πέμπει</span> <span class='ocrx_word' id='word_1_588' title='bbox 2357 2241 2449 2295; x_wconf 82' lang='grc' dir='ltr'>τὸν</span> <span class='ocrx_word' id='word_1_589' title='bbox 2471 2243 2596 2297; x_wconf 85' lang='grc' dir='ltr'>Υἱὸν</span> <span class='ocrx_word' id='word_1_590' title='bbox 2624 2243 2810 2305; x_wconf 86' lang='grc' dir='ltr'>αὑτοῦ,</span> <span class='ocrx_word' id='word_1_591' title='bbox 2837 2244 2929 2296; x_wconf 76' lang='grc' dir='ltr'>καὶ</span> <span class='ocrx_word' id='word_1_592' title='bbox 2953 2243 3177 2296; x_wconf 86' lang='grc' dir='ltr'>τοιαῦτα</span> <span class='ocrx_word' id='word_1_593' title='bbox 3218 2243 3459 2310; x_wconf 58' lang='lat' dir='ltr'><strong>adnexae;</strong></span> <span class='ocrx_word' id='word_1_594' title='bbox 3492 2259 3509 2290; x_wconf 83' lang='grc'><strong>›</strong></span> <span class='ocrx_word' id='word_1_595' title='bbox 3535 2239 3682 2305; x_wconf 69' lang='grc' dir='ltr'>Εἴπερ</span> 
     </span>
    </p>
   </div>
   <div class='ocr_carea' id='block_1_84' title="bbox 2125 2331 3676 2408">
    <p class='ocr_par' dir='ltr' id='par_1_84' title="bbox 2125 2331 3676 2408">
     <span class='ocr_line' id='line_1_84' title="bbox 2125 2331 3676 2408; baseline -0.002 -20"><span class='ocrx_word' id='word_1_596' title='bbox 2125 2331 2218 2388; x_wconf 75' lang='grc' dir='ltr'>οὖν</span> <span class='ocrx_word' id='word_1_597' title='bbox 2265 2337 2523 2402; x_wconf 82' lang='grc' dir='ltr'>Ἰουδαῖοι,</span> <span class='ocrx_word' id='word_1_598' title='bbox 2563 2337 2700 2408; x_wconf 87' lang='grc' dir='ltr'>μετά</span> <span class='ocrx_word' id='word_1_599' title='bbox 2744 2338 2804 2390; x_wconf 86' lang='grc' dir='ltr'>τὸ</span> <span class='ocrx_word' id='word_1_600' title='bbox 2849 2338 3105 2391; x_wconf 83' lang='grc' dir='ltr'>διαθεῖναι</span> <span class='ocrx_word' id='word_1_601' title='bbox 3147 2339 3244 2389; x_wconf 85' lang='grc' dir='ltr'>τὸν</span> <span class='ocrx_word' id='word_1_602' title='bbox 3299 2335 3527 2406; x_wconf 85' lang='grc' dir='ltr'>Ἰησοῦν,</span> <span class='ocrx_word' id='word_1_603' title='bbox 3560 2333 3676 2402; x_wconf 70' lang='lat' dir='ltr'>amp</span> 
     </span>
    </p>
   </div>
   <div class='ocr_carea' id='block_1_85' title="bbox 2125 2425 3683 2498">
    <p class='ocr_par' dir='ltr' id='par_1_85' title="bbox 2125 2425 3683 2498">
     <span class='ocr_line' id='line_1_85' title="bbox 2125 2425 3683 2498; baseline -0.002 -21"><span class='ocrx_word' id='word_1_604' title='bbox 2125 2425 2426 2497; x_wconf 79' lang='grc' dir='ltr'>ἐτόλμησαν</span> <span class='ocrx_word' id='word_1_605' title='bbox 2459 2430 2576 2480; x_wconf 89' lang='grc' dir='ltr'>κατ’</span> <span class='ocrx_word' id='word_1_606' title='bbox 2619 2427 2802 2490; x_wconf 76' lang='grc' dir='ltr'>αὑτοῦ,</span> <span class='ocrx_word' id='word_1_607' title='bbox 2839 2427 3033 2498; x_wconf 82' lang='grc' dir='ltr'>ἡϐηδὸν</span> <span class='ocrx_word' id='word_1_608' title='bbox 3071 2427 3386 2489; x_wconf 81' lang='grc' dir='ltr'>ἀπώλοντο,</span> <span class='ocrx_word' id='word_1_609' title='bbox 3425 2425 3516 2476; x_wconf 68' lang='grc' dir='ltr'>καὶ</span> <span class='ocrx_word' id='word_1_610' title='bbox 3547 2425 3683 2492; x_wconf 85' lang='grc' dir='ltr'>ἐπυρ-</span> 
     </span>
    </p>
   </div>
   <div class='ocr_carea' id='block_1_86' title="bbox 2126 2510 3677 2588">
    <p class='ocr_par' dir='ltr' id='par_1_86' title="bbox 2126 2510 3677 2588">
     <span class='ocr_line' id='line_1_86' title="bbox 2126 2510 3677 2588; baseline -0.012 -19"><span class='ocrx_word' id='word_1_611' title='bbox 2126 2515 2457 2587; x_wconf 69' lang='grc' dir='ltr'>πολήθησαν*</span> <span class='ocrx_word' id='word_1_612' title='bbox 2489 2517 2588 2570; x_wconf 80' lang='grc' dir='ltr'>οὐκ</span> <span class='ocrx_word' id='word_1_613' title='bbox 2623 2517 2714 2568; x_wconf 86' lang='grc' dir='ltr'>ἀπ’</span> <span class='ocrx_word' id='word_1_614' title='bbox 2739 2516 2902 2586; x_wconf 81' lang='grc' dir='ltr'>ἄλλης</span> <span class='ocrx_word' id='word_1_615' title='bbox 2933 2516 3119 2587; x_wconf 74' lang='grc' dir='ltr'>ὀργῆς,</span> <span class='ocrx_word' id='word_1_616' title='bbox 3150 2516 3182 2588; x_wconf 80' lang='grc' dir='ltr'>ἢ</span> <span class='ocrx_word' id='word_1_617' title='bbox 3230 2511 3301 2588; x_wconf 70' lang='grc' dir='ltr'>ἧς</span> <span class='ocrx_word' id='word_1_618' title='bbox 3342 2515 3545 2576; x_wconf 73' lang='grc' dir='ltr'>ἑαυτοῖς</span> <span class='ocrx_word' id='word_1_619' title='bbox 3577 2510 3677 2580; x_wconf 72' lang='grc' dir='ltr'>έθη-</span> 
     </span>
    </p>
   </div>
   <div class='ocr_carea' id='block_1_87' title="bbox 2127 2601 3678 2681">
    <p class='ocr_par' dir='ltr' id='par_1_87' title="bbox 2127 2601 3678 2681">
     <span class='ocr_line' id='line_1_87' title="bbox 2127 2601 3678 2681; baseline -0.005 -20"><span class='ocrx_word' id='word_1_620' title='bbox 2127 2609 2407 2681; x_wconf 85' lang='grc' dir='ltr'>σαύρισαν,</span> <span class='ocrx_word' id='word_1_621' title='bbox 2442 2609 2609 2663; x_wconf 84' lang='grc' dir='ltr'>ταῦτα</span> <span class='ocrx_word' id='word_1_622' title='bbox 2643 2607 2955 2664; x_wconf 80' lang='grc' dir='ltr'>πεπόνθασι·</span> <span class='ocrx_word' id='word_1_623' title='bbox 3001 2608 3098 2678; x_wconf 83' lang='grc' dir='ltr'>τῆς</span> <span class='ocrx_word' id='word_1_624' title='bbox 3141 2607 3249 2660; x_wconf 85' lang='grc' dir='ltr'>τοῦ</span> <span class='ocrx_word' id='word_1_625' title='bbox 3288 2604 3427 2658; x_wconf 80' lang='grc' dir='ltr'>Θεοῦ</span> <span class='ocrx_word' id='word_1_626' title='bbox 3465 2604 3572 2657; x_wconf 84' lang='grc' dir='ltr'>κατ’</span> <span class='ocrx_word' id='word_1_627' title='bbox 3604 2601 3678 2654; x_wconf 77' lang='grc' dir='ltr'>αὑ-</span> 
     </span>
    </p>
   </div>
   <div class='ocr_carea' id='block_1_88' title="bbox 2125 2697 3671 2781">
    <p class='ocr_par' dir='ltr' id='par_1_88' title="bbox 2125 2697 3671 2781">
     <span class='ocr_line' id='line_1_88' title="bbox 2125 2697 3671 2781; baseline -0.004 -28"><span class='ocrx_word' id='word_1_628' title='bbox 2125 2699 2231 2754; x_wconf 80' lang='grc' dir='ltr'>τῶν</span> <span class='ocrx_word' id='word_1_629' title='bbox 2259 2702 2509 2773; x_wconf 88' lang='grc' dir='ltr'>κρίσεως,</span> <span class='ocrx_word' id='word_1_630' title='bbox 2551 2701 2683 2756; x_wconf 85' lang='grc' dir='ltr'>Θεοῦ</span> <span class='ocrx_word' id='word_1_631' title='bbox 2729 2702 3103 2772; x_wconf 77' lang='grc' dir='ltr'>καταστήματι</span> <span class='ocrx_word' id='word_1_632' title='bbox 3150 2699 3548 2781; x_wconf 57' lang='grc' dir='ltr'>γξγενημένης,</span> <span class='ocrx_word' id='word_1_633' title='bbox 3577 2697 3671 2748; x_wconf 82' lang='grc' dir='ltr'>ὀνο-</span> 
     </span>
    </p>
   </div>
   <div class='ocr_carea' id='block_1_89' title="bbox 2130 2785 3671 2863">
    <p class='ocr_par' dir='ltr' id='par_1_89' title="bbox 2130 2785 3671 2863">
     <span class='ocr_line' id='line_1_89' title="bbox 2130 2785 3671 2863; baseline -0.013 -8"><span class='ocrx_word' id='word_1_634' title='bbox 2130 2790 2438 2861; x_wconf 77' lang='grc' dir='ltr'>μαζομένης</span> <span class='ocrx_word' id='word_1_635' title='bbox 2474 2791 2641 2863; x_wconf 78' lang='grc' dir='ltr'>ὀργῆς</span> <span class='ocrx_word' id='word_1_636' title='bbox 2691 2792 2902 2862; x_wconf 84' lang='grc' dir='ltr'>πατρίῳ</span> <span class='ocrx_word' id='word_1_637' title='bbox 2937 2793 3042 2844; x_wconf 72' lang='grc' dir='ltr'>τινὶ</span> <span class='ocrx_word' id='word_1_638' title='bbox 3093 2789 3379 2861; x_wconf 73' lang='grc' dir='ltr'>Ἑϐραίων</span> <span class='ocrx_word' id='word_1_639' title='bbox 3421 2787 3540 2839; x_wconf 74' lang='grc' dir='ltr'>ἔθει.</span> <span class='ocrx_word' id='word_1_640' title='bbox 3581 2785 3671 2836; x_wconf 79' lang='grc' dir='ltr'>Καὶ</span> 
     </span>
    </p>
   </div>
   <div class='ocr_carea' id='block_1_90' title="bbox 2127 2872 3660 2952">
    <p class='ocr_par' dir='ltr' id='par_1_90' title="bbox 2127 2872 3660 2952">
     <span class='ocr_line' id='line_1_90' title="bbox 2127 2872 3660 2952; baseline -0.003 -20"><span class='ocrx_word' id='word_1_641' title='bbox 2127 2882 2324 2952; x_wconf 81' lang='grc' dir='ltr'>πάσχει</span> <span class='ocrx_word' id='word_1_642' title='bbox 2349 2899 2412 2950; x_wconf 89' lang='grc' dir='ltr'>γε</span> <span class='ocrx_word' id='word_1_643' title='bbox 2444 2883 2471 2933; x_wconf 97' lang='lat'>6</span> <span class='ocrx_word' id='word_1_644' title='bbox 2495 2883 2620 2944; x_wconf 85' lang='grc' dir='ltr'>Υἱὸς</span> <span class='ocrx_word' id='word_1_645' title='bbox 2651 2881 2740 2935; x_wconf 88' lang='grc' dir='ltr'>τοῦ</span> <span class='ocrx_word' id='word_1_646' title='bbox 2771 2881 3021 2952; x_wconf 84' lang='grc' dir='ltr'>μεγίστου</span> <span class='ocrx_word' id='word_1_647' title='bbox 3063 2880 3194 2933; x_wconf 85' lang='grc' dir='ltr'>Θεοῦ</span> <span class='ocrx_word' id='word_1_648' title='bbox 3261 2877 3526 2950; x_wconf 79' lang='grc' dir='ltr'>βουληθεὶς</span> <span class='ocrx_word' id='word_1_649' title='bbox 3549 2872 3660 2942; x_wconf 82' lang='grc' dir='ltr'>ὑπὲρ</span> 
     </span>
    </p>
   </div>
   <div class='ocr_carea' id='block_1_91' title="bbox 2126 2964 3662 3044">
    <p class='ocr_par' dir='ltr' id='par_1_91' title="bbox 2126 2964 3662 3044">
     <span class='ocr_line' id='line_1_91' title="bbox 2126 2964 3662 3044; baseline -0.007 -19"><span class='ocrx_word' id='word_1_650' title='bbox 2126 2972 2226 3042; x_wconf 83' lang='grc' dir='ltr'>τῆς</span> <span class='ocrx_word' id='word_1_651' title='bbox 2257 2972 2364 3024; x_wconf 85' lang='grc' dir='ltr'>τῶν</span> <span class='ocrx_word' id='word_1_652' title='bbox 2398 2972 2695 3044; x_wconf 79' lang='grc' dir='ltr'>ἀνθρώπων</span> <span class='ocrx_word' id='word_1_653' title='bbox 2743 2974 3033 3044; x_wconf 85' lang='grc' dir='ltr'>σωτηρίας,</span> <span class='ocrx_word' id='word_1_654' title='bbox 3073 2971 3149 3036; x_wconf 87' lang='grc' dir='ltr'>ὡς</span> <span class='ocrx_word' id='word_1_655' title='bbox 3188 2974 3263 3025; x_wconf 61' lang='grc' dir='ltr'>ἐν</span> <span class='ocrx_word' id='word_1_656' title='bbox 3304 2973 3418 3032; x_wconf 87' lang='grc' dir='ltr'>τοῖς</span> <span class='ocrx_word' id='word_1_657' title='bbox 3454 2964 3662 3034; x_wconf 74' lang='grc' dir='ltr'>ἀνωτέρω</span> 
     </span>
    </p>
   </div>
   <div class='ocr_carea' id='block_1_92' title="bbox 2128 3059 3658 3134">
    <p class='ocr_par' dir='ltr' id='par_1_92' title="bbox 2128 3059 3658 3134">
     <span class='ocr_line' id='line_1_92' title="bbox 2128 3059 3658 3134; baseline -0.007 -20"><span class='ocrx_word' id='word_1_658' title='bbox 2128 3061 2266 3115; x_wconf 88' lang='grc' dir='ltr'>κατά</span> <span class='ocrx_word' id='word_1_659' title='bbox 2298 3062 2358 3114; x_wconf 80' lang='grc' dir='ltr'>τὸ</span> <span class='ocrx_word' id='word_1_660' title='bbox 2386 3061 2610 3114; x_wconf 80' lang='grc' dir='ltr'>δυνατὸν</span> <span class='ocrx_word' id='word_1_661' title='bbox 2643 3064 2769 3134; x_wconf 77' lang='grc' dir='ltr'>ἡμῖν</span> <span class='ocrx_word' id='word_1_662' title='bbox 2792 3062 3058 3115; x_wconf 88' lang='grc' dir='ltr'>λέλεκται.</span> <span class='ocrx_word' id='word_1_663' title='bbox 3103 3061 3270 3114; x_wconf 67' lang='grc' dir='ltr'>Μετὰ</span> <span class='ocrx_word' id='word_1_664' title='bbox 3315 3059 3484 3112; x_wconf 83' lang='grc' dir='ltr'>ταῦτά</span> <span class='ocrx_word' id='word_1_665' title='bbox 3508 3069 3658 3125; x_wconf 84' lang='grc' dir='ltr'>φησιν·</span> 
     </span>
    </p>
   </div>
   <div class='ocr_carea' id='block_1_93' title="bbox 2132 3142 3668 3223">
    <p class='ocr_par' dir='ltr' id='par_1_93' title="bbox 2132 3142 3668 3223">
     <span class='ocr_line' id='line_1_93' title="bbox 2132 3142 3668 3223; baseline 0.001 -21"><span class='ocrx_word' id='word_1_666' title='bbox 2132 3169 2150 3202; x_wconf 74' lang='grc' dir='ltr'>ι</span> <span class='ocrx_word' id='word_1_667' title='bbox 2215 3151 2350 3203; x_wconf 89' lang='grc' dir='ltr'>Ἀλλ’</span> <span class='ocrx_word' id='word_1_668' title='bbox 2402 3152 2545 3214; x_wconf 69' lang='grc' dir='ltr'>ὅπως</span> <span class='ocrx_word' id='word_1_669' title='bbox 2601 3152 2672 3222; x_wconf 82' lang='grc' dir='ltr'>μὴ</span> <span class='ocrx_word' id='word_1_670' title='bbox 2729 3155 2852 3223; x_wconf 76' lang='grc' dir='ltr'>περὶ</span> <span class='ocrx_word' id='word_1_671' title='bbox 2887 3152 3058 3223; x_wconf 83' lang='grc' dir='ltr'>μόνων</span> <span class='ocrx_word' id='word_1_672' title='bbox 3119 3151 3424 3214; x_wconf 79' lang='grc' dir='ltr'>Ἰουδαίων,</span> <span class='ocrx_word' id='word_1_673' title='bbox 3475 3147 3551 3217; x_wconf 73' lang='grc' dir='ltr'>(οὐ</span> <span class='ocrx_word' id='word_1_674' title='bbox 3579 3142 3668 3211; x_wconf 78' lang='grc' dir='ltr'>γὰρ</span> 
     </span>
    </p>
   </div>
   <div class='ocr_carea' id='block_1_94' title="bbox 2125 3240 3667 3316">
    <p class='ocr_par' dir='ltr' id='par_1_94' title="bbox 2125 3240 3667 3316">
     <span class='ocr_line' id='line_1_94' title="bbox 2125 3240 3667 3316; baseline -0.003 -22"><span class='ocrx_word' id='word_1_675' title='bbox 2125 3241 2280 3295; x_wconf 90' lang='grc' dir='ltr'>τοῦτο</span> <span class='ocrx_word' id='word_1_676' title='bbox 2303 3242 2462 3314; x_wconf 79' lang='grc' dir='ltr'>λέγω)</span> <span class='ocrx_word' id='word_1_677' title='bbox 2485 3243 2616 3296; x_wconf 78' lang='grc' dir='ltr'>ἀλλὰ</span> <span class='ocrx_word' id='word_1_678' title='bbox 2650 3246 2774 3316; x_wconf 73' lang='grc' dir='ltr'>περὶ</span> <span class='ocrx_word' id='word_1_679' title='bbox 2810 3246 2903 3316; x_wconf 79' lang='grc' dir='ltr'>τῆς</span> <span class='ocrx_word' id='word_1_680' title='bbox 2930 3245 3055 3315; x_wconf 80' lang='grc' dir='ltr'>ὅλης</span> <span class='ocrx_word' id='word_1_681' title='bbox 3088 3244 3334 3314; x_wconf 76' lang='grc' dir='ltr'>φύσεως,</span> <span class='ocrx_word' id='word_1_682' title='bbox 3370 3244 3498 3311; x_wconf 83' lang='grc' dir='ltr'>ὅπερ</span> <span class='ocrx_word' id='word_1_683' title='bbox 3526 3240 3667 3306; x_wconf 80' lang='grc' dir='ltr'>ἐπηγ-</span> 
     </span>
    </p>
   </div>
   <div class='ocr_carea' id='block_1_95' title="bbox 2125 3331 3664 3410">
    <p class='ocr_par' dir='ltr' id='par_1_95' title="bbox 2125 3331 3664 3410">
     <span class='ocr_line' id='line_1_95' title="bbox 2125 3331 3664 3410; baseline -0.004 -24"><span class='ocrx_word' id='word_1_684' title='bbox 2125 3335 2408 3406; x_wconf 85' lang='grc' dir='ltr'>γειλάμην,</span> <span class='ocrx_word' id='word_1_685' title='bbox 2431 3338 2457 3388; x_wconf 93' lang='lat'>6</span> <span class='ocrx_word' id='word_1_686' title='bbox 2481 3335 2632 3404; x_wconf 82' lang='grc' dir='ltr'>λόγος</span> <span class='ocrx_word' id='word_1_687' title='bbox 2656 3331 2712 3410; x_wconf 78' lang='grc' dir='ltr'>ᾖ,</span> <span class='ocrx_word' id='word_1_688' title='bbox 2744 3336 3069 3407; x_wconf 85' lang='grc' dir='ltr'>σαφέστερον</span> <span class='ocrx_word' id='word_1_689' title='bbox 3084 3334 3345 3406; x_wconf 68' lang='grc' dir='ltr'>ἐμφανιῶ</span> <span class='ocrx_word' id='word_1_690' title='bbox 3363 3334 3428 3386; x_wconf 78' lang='grc' dir='ltr'>τὰ</span> <span class='ocrx_word' id='word_1_691' title='bbox 3444 3345 3664 3402; x_wconf 83' lang='grc' dir='ltr'>προειρη-</span> 
     </span>
    </p>
   </div>
   <div class='ocr_carea' id='block_1_96' title="bbox 2130 3423 3662 3498">
    <p class='ocr_par' dir='ltr' id='par_1_96' title="bbox 2130 3423 3662 3498">
     <span class='ocr_line' id='line_1_96' title="bbox 2130 3423 3662 3498; baseline -0.001 -18"><span class='ocrx_word' id='word_1_692' title='bbox 2130 3428 2282 3498; x_wconf 87' lang='grc' dir='ltr'>μένα.</span> <span class='ocrx_word' id='word_1_693' title='bbox 2324 3448 2340 3478; x_wconf 78' lang='grc' dir='ltr'>ι</span> <span class='ocrx_word' id='word_1_694' title='bbox 2380 3427 2471 3491; x_wconf 88' lang='grc' dir='ltr'>Τίς</span> <span class='ocrx_word' id='word_1_695' title='bbox 2507 3428 2549 3480; x_wconf 88' lang='grc' dir='ltr'>δ’</span> <span class='ocrx_word' id='word_1_696' title='bbox 2583 3429 2681 3481; x_wconf 78' lang='grc' dir='ltr'>οὐκ</span> <span class='ocrx_word' id='word_1_697' title='bbox 2713 3428 2776 3481; x_wconf 85' lang='grc' dir='ltr'>ἂν</span> <span class='ocrx_word' id='word_1_698' title='bbox 2808 3427 3016 3490; x_wconf 78' lang='grc' dir='ltr'>τούτοις</span> <span class='ocrx_word' id='word_1_699' title='bbox 3071 3429 3422 3497; x_wconf 67' lang='grc' dir='ltr'>ἐντυγχάνων</span> <span class='ocrx_word' id='word_1_700' title='bbox 3461 3423 3662 3494; x_wconf 80' lang='grc' dir='ltr'>μέτριος.</span> 
     </span>
    </p>
   </div>
   <div class='ocr_carea' id='block_1_97' title="bbox 2127 3508 3663 3589">
    <p class='ocr_par' dir='ltr' id='par_1_97' title="bbox 2127 3508 3663 3589">
     <span class='ocr_line' id='line_1_97' title="bbox 2127 3508 3663 3589; baseline -0.006 -18"><span class='ocrx_word' id='word_1_701' title='bbox 2127 3520 2218 3572; x_wconf 72' lang='grc' dir='ltr'>καὶ</span> <span class='ocrx_word' id='word_1_702' title='bbox 2237 3518 2619 3587; x_wconf 84' lang='grc' dir='ltr'>αἰσθανόμενος</span> <span class='ocrx_word' id='word_1_703' title='bbox 2641 3519 2737 3587; x_wconf 75' lang='grc' dir='ltr'>τῆς</span> <span class='ocrx_word' id='word_1_704' title='bbox 2765 3517 3111 3589; x_wconf 82' lang='grc' dir='ltr'>ἀνθρωπίνης</span> <span class='ocrx_word' id='word_1_705' title='bbox 3148 3517 3458 3577; x_wconf 70' lang='grc' dir='ltr'>ἀσθενείας,</span> <span class='ocrx_word' id='word_1_706' title='bbox 3496 3513 3582 3565; x_wconf 76' lang='grc' dir='ltr'>οὐκ</span> <span class='ocrx_word' id='word_1_707' title='bbox 3613 3508 3663 3561; x_wconf 81' lang='grc' dir='ltr'>ἂν</span> 
     </span>
    </p>
   </div>
   <div class='ocr_carea' id='block_1_98' title="bbox 2126 3602 3662 3683">
    <p class='ocr_par' dir='ltr' id='par_1_98' title="bbox 2126 3602 3662 3683">
     <span class='ocr_line' id='line_1_98' title="bbox 2126 3602 3662 3683; baseline -0.007 -19"><span class='ocrx_word' id='word_1_708' title='bbox 2126 3611 2410 3682; x_wconf 80' lang='grc' dir='ltr'>ἀχθεσθείη</span> <span class='ocrx_word' id='word_1_709' title='bbox 2437 3613 2542 3683; x_wconf 82' lang='grc'>(65)</span> <span class='ocrx_word' id='word_1_710' title='bbox 2577 3610 2635 3662; x_wconf 81' lang='grc' dir='ltr'>τὸ</span> <span class='ocrx_word' id='word_1_711' title='bbox 2657 3609 2888 3679; x_wconf 79' lang='grc' dir='ltr'>ἐπαχθὲς</span> <span class='ocrx_word' id='word_1_712' title='bbox 2918 3609 3010 3661; x_wconf 84' lang='grc' dir='ltr'>τοῦ</span> <span class='ocrx_word' id='word_1_713' title='bbox 3040 3609 3165 3678; x_wconf 72' lang='grc' dir='ltr'>περὶ</span> <span class='ocrx_word' id='word_1_714' title='bbox 3188 3609 3330 3680; x_wconf 60' lang='grc' dir='ltr'>ὅλης</span> <span class='ocrx_word' id='word_1_715' title='bbox 3359 3608 3452 3678; x_wconf 82' lang='grc' dir='ltr'>τῆς</span> <span class='ocrx_word' id='word_1_716' title='bbox 3486 3602 3662 3673; x_wconf 77' lang='grc' dir='ltr'>φύσεως</span> 
     </span>
    </p>
   </div>
   <div class='ocr_carea' id='block_1_99' title="bbox 2127 3695 3662 3786">
    <p class='ocr_par' dir='ltr' id='par_1_99' title="bbox 2127 3695 3662 3772">
     <span class='ocr_line' id='line_1_99' title="bbox 2127 3695 3662 3772; baseline -0.01 -15"><span class='ocrx_word' id='word_1_717' title='bbox 2127 3703 2588 3772; x_wconf 83' lang='grc' dir='ltr'>ἐπαγγειλαμένου</span> <span class='ocrx_word' id='word_1_718' title='bbox 2635 3700 2920 3754; x_wconf 86' lang='grc' dir='ltr'>ἀποδοῦναι</span> <span class='ocrx_word' id='word_1_719' title='bbox 2955 3700 3129 3769; x_wconf 87' lang='grc' dir='ltr'>λόγον,</span> <span class='ocrx_word' id='word_1_720' title='bbox 3181 3701 3286 3752; x_wconf 74' lang='grc' dir='ltr'>καὶ</span> <span class='ocrx_word' id='word_1_721' title='bbox 3341 3695 3662 3760; x_wconf 82' lang='grc' dir='ltr'>ἁλαζονευσα·</span> 
     </span>
    </p>
   </div>
   <div class='ocr_carea' id='block_1_100' title="bbox 2130 3785 3658 3865">
    <p class='ocr_par' dir='ltr' id='par_1_100' title="bbox 2130 3785 3658 3865">
     <span class='ocr_line' id='line_1_100' title="bbox 2130 3785 3658 3865; baseline -0.007 -21"><span class='ocrx_word' id='word_1_722' title='bbox 2130 3795 2290 3862; x_wconf 87' lang='grc' dir='ltr'>μένου</span> <span class='ocrx_word' id='word_1_723' title='bbox 2319 3793 2516 3862; x_wconf 83' lang='grc' dir='ltr'>ὁμοίως</span> <span class='ocrx_word' id='word_1_724' title='bbox 2629 3790 2922 3862; x_wconf 87' lang='grc' dir='ltr'>ἐτόλμησεν</span> <span class='ocrx_word' id='word_1_725' title='bbox 2951 3789 3246 3860; x_wconf 57' lang='grc' dir='ltr'>ἐπιγράψαι</span> <span class='ocrx_word' id='word_1_726' title='bbox 3290 3785 3549 3857; x_wconf 74' lang='grc' dir='ltr'>ἐπιγραφῇ</span> <span class='ocrx_word' id='word_1_727' title='bbox 3585 3795 3658 3830; x_wconf 81' lang='grc' dir='ltr'>του</span> 
     </span>
    </p>
   </div>
   <div class='ocr_carea' id='block_1_101' title="bbox 2128 3869 3655 3950">
    <p class='ocr_par' dir='ltr' id='par_1_101' title="bbox 2128 3869 3655 3950">
     <span class='ocr_line' id='line_1_101' title="bbox 2128 3869 3655 3950; baseline -0.003 -18"><span class='ocrx_word' id='word_1_728' title='bbox 2128 3880 2364 3950; x_wconf 77' lang='grc' dir='ltr'>βιϐλίου;</span> <span class='ocrx_word' id='word_1_729' title='bbox 2435 3880 2662 3950; x_wconf 84' lang='grc' dir='ltr'>Ἴδωμεν</span> <span class='ocrx_word' id='word_1_730' title='bbox 2719 3879 2782 3950; x_wconf 86' lang='grc' dir='ltr'>δὴ</span> <span class='ocrx_word' id='word_1_731' title='bbox 2829 3879 2950 3931; x_wconf 86' lang='grc' dir='ltr'>τίνα</span> <span class='ocrx_word' id='word_1_732' title='bbox 3003 3880 3117 3931; x_wconf 78' lang='grc' dir='ltr'>ἐστὶ</span> <span class='ocrx_word' id='word_1_733' title='bbox 3157 3878 3254 3942; x_wconf 82' lang='grc' dir='ltr'>τὰ,</span> <span class='ocrx_word' id='word_1_734' title='bbox 3318 3877 3353 3931; x_wconf 82' lang='grc' dir='ltr'>ἃ</span> <span class='ocrx_word' id='word_1_735' title='bbox 3399 3875 3516 3945; x_wconf 79' lang='grc' dir='ltr'>περὶ</span> <span class='ocrx_word' id='word_1_736' title='bbox 3554 3869 3655 3936; x_wconf 70' lang='grc' dir='ltr'>ὅλης</span> 
     </span>
    </p>
   </div>
   <div class='ocr_carea' id='block_1_102' title="bbox 2126 3963 3647 4042">
    <p class='ocr_par' dir='ltr' id='par_1_102' title="bbox 2126 3963 3647 4042">
     <span class='ocr_line' id='line_1_102' title="bbox 2126 3963 3647 4042; baseline -0.008 -18"><span class='ocrx_word' id='word_1_737' title='bbox 2126 3972 2222 4042; x_wconf 79' lang='grc' dir='ltr'>τῆς</span> <span class='ocrx_word' id='word_1_738' title='bbox 2239 3971 2449 4042; x_wconf 79' lang='grc' dir='ltr'>φύσεως</span> <span class='ocrx_word' id='word_1_739' title='bbox 2469 3970 2854 4039; x_wconf 86' lang='grc' dir='ltr'>ἐπαγγέλλεται</span> <span class='ocrx_word' id='word_1_740' title='bbox 2877 3969 3066 4034; x_wconf 75' lang='grc' dir='ltr'>λέξειν,</span> <span class='ocrx_word' id='word_1_741' title='bbox 3092 3972 3182 4023; x_wconf 70' lang='grc' dir='ltr'>καὶ</span> <span class='ocrx_word' id='word_1_742' title='bbox 3197 3971 3320 4024; x_wconf 84' lang='grc' dir='ltr'>τίνα</span> <span class='ocrx_word' id='word_1_743' title='bbox 3351 3963 3647 4039; x_wconf 76' lang='grc' dir='ltr'>ἐμφανίσειν.</span> 
     </span>
    </p>
   </div>
   <div class='ocr_carea' id='block_1_103' title="bbox 2195 4053 3651 4132">
    <p class='ocr_par' dir='ltr' id='par_1_103' title="bbox 2195 4053 3651 4132">
     <span class='ocr_line' id='line_1_103' title="bbox 2195 4053 3651 4132; baseline -0.005 -18"><span class='ocrx_word' id='word_1_744' title='bbox 2195 4062 2291 4115; x_wconf 83' lang='grc' dir='ltr'>Διά</span> <span class='ocrx_word' id='word_1_745' title='bbox 2342 4061 2548 4114; x_wconf 84' lang='grc' dir='ltr'>πολλῶν</span> <span class='ocrx_word' id='word_1_746' title='bbox 2602 4063 2647 4115; x_wconf 82' lang='grc' dir='ltr'>δ’</span> <span class='ocrx_word' id='word_1_747' title='bbox 2705 4063 2827 4132; x_wconf 80' lang='grc' dir='ltr'>ἐξῆς</span> <span class='ocrx_word' id='word_1_748' title='bbox 2883 4061 3098 4130; x_wconf 79' lang='grc' dir='ltr'>ἐγκαλεῖ</span> <span class='ocrx_word' id='word_1_749' title='bbox 3138 4063 3290 4132; x_wconf 78' lang='grc' dir='ltr'>ἡμῖν,</span> <span class='ocrx_word' id='word_1_750' title='bbox 3344 4061 3416 4124; x_wconf 84' lang='grc' dir='ltr'>ὼς</span> <span class='ocrx_word' id='word_1_751' title='bbox 3466 4055 3536 4125; x_wconf 80' lang='grc' dir='ltr'>τῷ</span> <span class='ocrx_word' id='word_1_752' title='bbox 3577 4053 3651 4104; x_wconf 80' lang='grc' dir='ltr'>ἀν·</span> 
     </span>
    </p>
   </div>
   <div class='ocr_carea' id='block_1_104' title="bbox 2128 4134 3648 4223">
    <p class='ocr_par' dir='ltr' id='par_1_104' title="bbox 2128 4134 3648 4223">
     <span class='ocr_line' id='line_1_104' title="bbox 2128 4134 3648 4223; baseline -0.009 -19"><span class='ocrx_word' id='word_1_753' title='bbox 2128 4150 2327 4223; x_wconf 82' lang='grc' dir='ltr'>θρώπῳ</span> <span class='ocrx_word' id='word_1_754' title='bbox 2359 4151 2621 4220; x_wconf 77' lang='grc' dir='ltr'>φάσκουσι</span> <span class='ocrx_word' id='word_1_755' title='bbox 2667 4150 2841 4202; x_wconf 84' lang='grc' dir='ltr'>πάντα</span> <span class='ocrx_word' id='word_1_756' title='bbox 2887 4149 3244 4219; x_wconf 84' lang='grc' dir='ltr'>πεποιηκέναι</span> <span class='ocrx_word' id='word_1_757' title='bbox 3276 4148 3366 4200; x_wconf 79' lang='grc' dir='ltr'>τὸν</span> <span class='ocrx_word' id='word_1_758' title='bbox 3396 4145 3533 4198; x_wconf 84' lang='grc' dir='ltr'>Θεόν.</span> <span class='ocrx_word' id='word_1_759' title='bbox 3561 4134 3648 4190; x_wconf 79' lang='grc' dir='ltr'>Καὶ</span> 
     </span>
    </p>
   </div>
   <div class='ocr_carea' id='block_1_105' title="bbox 2129 4227 3648 4312">
    <p class='ocr_par' dir='ltr' id='par_1_105' title="bbox 2129 4227 3648 4312">
     <span class='ocr_line' id='line_1_105' title="bbox 2129 4227 3648 4312; baseline 0.001 -19"><span class='ocrx_word' id='word_1_760' title='bbox 2129 4241 2373 4312; x_wconf 83' lang='grc' dir='ltr'>βούλεται</span> <span class='ocrx_word' id='word_1_761' title='bbox 2411 4243 2475 4293; x_wconf 90' lang='grc' dir='ltr'>ἐκ</span> <span class='ocrx_word' id='word_1_762' title='bbox 2512 4242 2610 4307; x_wconf 82' lang='grc' dir='ltr'>τῆς</span> <span class='ocrx_word' id='word_1_763' title='bbox 2659 4240 2785 4310; x_wconf 69' lang='grc' dir='ltr'>περὶ</span> <span class='ocrx_word' id='word_1_764' title='bbox 2829 4239 2933 4292; x_wconf 82' lang='grc' dir='ltr'>τῶν</span> <span class='ocrx_word' id='word_1_765' title='bbox 2989 4238 3139 4302; x_wconf 79' lang='grc' dir='ltr'>ζώων</span> <span class='ocrx_word' id='word_1_766' title='bbox 3169 4239 3422 4310; x_wconf 81' lang='grc' dir='ltr'>ἱστορίας,</span> <span class='ocrx_word' id='word_1_767' title='bbox 3455 4231 3537 4286; x_wconf 79' lang='grc' dir='ltr'>καὶ</span> <span class='ocrx_word' id='word_1_768' title='bbox 3569 4227 3648 4294; x_wconf 65' lang='grc' dir='ltr'>τῆς</span> 
     </span>
    </p>
   </div>
   <div class='ocr_carea' id='block_1_106' title="bbox 2129 4315 3644 4404">
    <p class='ocr_par' dir='ltr' id='par_1_106' title="bbox 2129 4315 3644 4404">
     <span class='ocr_line' id='line_1_106' title="bbox 2129 4315 3644 4404; baseline -0.014 -18"><span class='ocrx_word' id='word_1_769' title='bbox 2129 4332 2529 4404; x_wconf 82' lang='grc' dir='ltr'>ἐμφαινομένης</span> <span class='ocrx_word' id='word_1_770' title='bbox 2565 4333 2748 4395; x_wconf 80' lang='grc' dir='ltr'>αὐτοῖς</span> <span class='ocrx_word' id='word_1_771' title='bbox 2777 4331 2886 4400; x_wconf 68' lang='lat' dir='ltr'>(6i)</span> <span class='ocrx_word' id='word_1_772' title='bbox 2917 4330 3189 4400; x_wconf 81' lang='grc' dir='ltr'>ἀγχινοίας</span> <span class='ocrx_word' id='word_1_773' title='bbox 3213 4327 3493 4388; x_wconf 71' lang='grc' dir='ltr'>δεικνύναι,</span> <span class='ocrx_word' id='word_1_774' title='bbox 3523 4315 3644 4371; x_wconf 77' lang='grc' dir='ltr'>οὐδὲν</span> 
     </span>
    </p>
   </div>
   <div class='ocr_carea' id='block_1_107' title="bbox 2129 4418 3644 4496">
    <p class='ocr_par' dir='ltr' id='par_1_107' title="bbox 2129 4418 3644 4496">
     <span class='ocr_line' id='line_1_107' title="bbox 2129 4418 3644 4496; baseline -0.007 -18"><span class='ocrx_word' id='word_1_775' title='bbox 2129 4425 2322 4496; x_wconf 77' lang='grc' dir='ltr'>μᾶλλον</span> <span class='ocrx_word' id='word_1_776' title='bbox 2354 4424 2651 4492; x_wconf 82' lang='grc' dir='ltr'>ἀνθρώπων</span> <span class='ocrx_word' id='word_1_777' title='bbox 2683 4422 2712 4492; x_wconf 78' lang='grc' dir='ltr'><strong>ἢ</strong></span> <span class='ocrx_word' id='word_1_778' title='bbox 2747 4421 2853 4473; x_wconf 85' lang='grc' dir='ltr'>τῶν</span> <span class='ocrx_word' id='word_1_779' title='bbox 2893 4421 3100 4488; x_wconf 80' lang='grc' dir='ltr'>ἀλόγων</span> <span class='ocrx_word' id='word_1_780' title='bbox 3128 4418 3278 4484; x_wconf 76' lang='grc' dir='ltr'>ζώων</span> <span class='ocrx_word' id='word_1_781' title='bbox 3301 4420 3475 4472; x_wconf 73' lang='grc' dir='ltr'>ἕνεκεν</span> <span class='ocrx_word' id='word_1_782' title='bbox 3515 4421 3644 4479; x_wconf 76' lang='grc' dir='ltr'>γεγο-</span> 
     </span>
    </p>
   </div>
   <div class='ocr_carea' id='block_1_108' title="bbox 2127 4499 3640 4583">
    <p class='ocr_par' dir='ltr' id='par_1_108' title="bbox 2127 4499 3640 4583">
     <span class='ocr_line' id='line_1_108' title="bbox 2127 4499 3640 4583; baseline -0.009 -13"><span class='ocrx_word' id='word_1_783' title='bbox 2127 4518 2269 4570; x_wconf 84' lang='grc' dir='ltr'>νέναι</span> <span class='ocrx_word' id='word_1_784' title='bbox 2298 4516 2365 4569; x_wconf 78' lang='grc' dir='ltr'>τὰ</span> <span class='ocrx_word' id='word_1_785' title='bbox 2388 4517 2581 4569; x_wconf 79' lang='grc' dir='ltr'>πάντα.</span> <span class='ocrx_word' id='word_1_786' title='bbox 2615 4515 2723 4567; x_wconf 73' lang='grc' dir='ltr'>Καὶ</span> <span class='ocrx_word' id='word_1_787' title='bbox 2762 4514 2906 4566; x_wconf 87' lang='grc' dir='ltr'>δοκεῖ</span> <span class='ocrx_word' id='word_1_788' title='bbox 2951 4529 3038 4583; x_wconf 85' lang='grc' dir='ltr'>μοι</span> <span class='ocrx_word' id='word_1_789' title='bbox 3080 4513 3260 4582; x_wconf 77' lang='grc' dir='ltr'>ὅμοιόν</span> <span class='ocrx_word' id='word_1_790' title='bbox 3292 4530 3342 4566; x_wconf 89' lang='grc' dir='ltr'>τι</span> <span class='ocrx_word' id='word_1_791' title='bbox 3378 4508 3533 4562; x_wconf 81' lang='grc' dir='ltr'>εἰπεῖν</span> <span class='ocrx_word' id='word_1_792' title='bbox 3553 4499 3640 4557; x_wconf 76' lang='grc' dir='ltr'>τοῖς</span> 
     </span>
    </p>
   </div>
   <div class='ocr_carea' id='block_1_109' title="bbox 2127 4594 3636 4678">
    <p class='ocr_par' dir='ltr' id='par_1_109' title="bbox 2127 4594 3636 4678">
     <span class='ocr_line' id='line_1_109' title="bbox 2127 4594 3636 4678; baseline -0.005 -16"><span class='ocrx_word' id='word_1_793' title='bbox 2127 4610 2212 4662; x_wconf 78' lang='grc' dir='ltr'>διὰ</span> <span class='ocrx_word' id='word_1_794' title='bbox 2253 4609 2312 4661; x_wconf 85' lang='grc' dir='ltr'>τὸ</span> <span class='ocrx_word' id='word_1_795' title='bbox 2361 4608 2493 4678; x_wconf 84' lang='grc' dir='ltr'>πρὸς</span> <span class='ocrx_word' id='word_1_796' title='bbox 2537 4607 2664 4670; x_wconf 81' lang='grc' dir='ltr'>τοὺς</span> <span class='ocrx_word' id='word_1_797' title='bbox 2702 4605 3058 4676; x_wconf 89' lang='grc' dir='ltr'>μισουμένους</span> <span class='ocrx_word' id='word_1_798' title='bbox 3107 4604 3259 4673; x_wconf 74' lang='grc' dir='ltr'>ἔχθος</span> <span class='ocrx_word' id='word_1_799' title='bbox 3297 4594 3636 4672; x_wconf 69' lang='grc' dir='ltr'>κατηγοροῦσιν</span> 
     </span>
    </p>
   </div>
   <div class='ocr_carea' id='block_1_110' title="bbox 2130 4685 3636 4768">
    <p class='ocr_par' dir='ltr' id='par_1_110' title="bbox 2130 4685 3636 4768">
     <span class='ocr_line' id='line_1_110' title="bbox 2130 4685 3636 4768; baseline -0.009 -15"><span class='ocrx_word' id='word_1_800' title='bbox 2130 4701 2324 4762; x_wconf 77' lang='grc' dir='ltr'>αὐτῶν,</span> <span class='ocrx_word' id='word_1_801' title='bbox 2371 4703 2452 4768; x_wconf 84' lang='grc' dir='ltr'>ἐφ’</span> <span class='ocrx_word' id='word_1_802' title='bbox 2485 4697 2565 4763; x_wconf 75' lang='grc' dir='ltr'>οἷς</span> <span class='ocrx_word' id='word_1_803' title='bbox 2601 4703 2648 4752; x_wconf 81' lang='grc' dir='ltr'>οἱ</span> <span class='ocrx_word' id='word_1_804' title='bbox 2680 4698 2917 4768; x_wconf 78' lang='grc' dir='ltr'>φίλτατοι</span> <span class='ocrx_word' id='word_1_805' title='bbox 2944 4697 3121 4750; x_wconf 74' lang='grc' dir='ltr'>αὐτῶν</span> <span class='ocrx_word' id='word_1_806' title='bbox 3166 4697 3511 4750; x_wconf 84' lang='grc' dir='ltr'>ἐπαινοῦνται.</span> <span class='ocrx_word' id='word_1_807' title='bbox 3539 4685 3636 4736; x_wconf 82' lang='grc' dir='ltr'>Ὥσ-</span> 
     </span>
    </p>
   </div>
   <div class='ocr_carea' id='block_1_111' title="bbox 2126 4783 3639 4874">
    <p class='ocr_par' dir='ltr' id='par_1_111' title="bbox 2126 4783 3639 4874">
     <span class='ocr_line' id='line_1_111' title="bbox 2126 4783 3639 4874; baseline 0.011 -35"><span class='ocrx_word' id='word_1_808' title='bbox 2126 4811 2228 4864; x_wconf 80' lang='grc' dir='ltr'>περ</span> <span class='ocrx_word' id='word_1_809' title='bbox 2255 4793 2358 4866; x_wconf 77' lang='grc' dir='ltr'>γὰρ</span> <span class='ocrx_word' id='word_1_810' title='bbox 2388 4794 2477 4845; x_wconf 76' lang='grc' dir='ltr'>ἐπὶ</span> <span class='ocrx_word' id='word_1_811' title='bbox 2512 4793 2711 4845; x_wconf 78' lang='grc' dir='ltr'>τούτων</span> <span class='ocrx_word' id='word_1_812' title='bbox 2744 4792 2928 4860; x_wconf 79' lang='grc' dir='ltr'>τυφλοῖ</span> <span class='ocrx_word' id='word_1_813' title='bbox 2953 4792 3014 4844; x_wconf 85' lang='grc' dir='ltr'>τὸ</span> <span class='ocrx_word' id='word_1_814' title='bbox 3044 4792 3197 4862; x_wconf 79' lang='grc' dir='ltr'>ἔχθος</span> <span class='ocrx_word' id='word_1_815' title='bbox 3219 4791 3350 4863; x_wconf 80' lang='grc' dir='ltr'>πρὸς</span> <span class='ocrx_word' id='word_1_816' title='bbox 3368 4789 3424 4840; x_wconf 75' lang='grc' dir='ltr'>τὸ</span> <span class='ocrx_word' id='word_1_817' title='bbox 3450 4783 3514 4854; x_wconf 61' lang='grc' dir='ltr'>μὴ</span> <span class='ocrx_word' id='word_1_818' title='bbox 3540 4790 3639 4874; x_wconf 48' lang='lat' dir='ltr'>cui”</span> 
     </span>
    </p>
   </div>
   <div class='ocr_carea' id='block_1_112' title="bbox 2126 4872 3638 4954">
    <p class='ocr_par' dir='ltr' id='par_1_112' title="bbox 2126 4872 3638 4954">
     <span class='ocr_line' id='line_1_112' title="bbox 2126 4872 3638 4954; baseline -0.009 -19"><span class='ocrx_word' id='word_1_819' title='bbox 2126 4885 2275 4954; x_wconf 77' lang='grc' dir='ltr'>ορᾷν,</span> <span class='ocrx_word' id='word_1_820' title='bbox 2306 4885 2384 4936; x_wconf 80' lang='grc' dir='ltr'>ὅτι</span> <span class='ocrx_word' id='word_1_821' title='bbox 2431 4884 2523 4935; x_wconf 72' lang='grc' dir='ltr'>καὶ</span> <span class='ocrx_word' id='word_1_822' title='bbox 2560 4883 2825 4951; x_wconf 85' lang='grc' dir='ltr'>φιλτάτων</span> <span class='ocrx_word' id='word_1_823' title='bbox 2877 4882 3257 4952; x_wconf 77' lang='grc' dir='ltr'>κατηγοροῦσι,</span> <span class='ocrx_word' id='word_1_824' title='bbox 3295 4881 3360 4933; x_wconf 86' lang='grc' dir='ltr'>δι’</span> <span class='ocrx_word' id='word_1_825' title='bbox 3388 4872 3456 4929; x_wconf 80' lang='grc' dir='ltr'>ὧν</span> <span class='ocrx_word' id='word_1_826' title='bbox 3489 4872 3638 4924; x_wconf 66' lang='grc' dir='ltr'>κακῶς</span> 
     </span>
    </p>
   </div>
   <div class='ocr_carea' id='block_1_113' title="bbox 2125 4962 3639 5049">
    <p class='ocr_par' dir='ltr' id='par_1_113' title="bbox 2125 4962 3639 5049">
     <span class='ocr_line' id='line_1_113' title="bbox 2125 4962 3639 5049; baseline -0.034 -18"><span class='ocrx_word' id='word_1_827' title='bbox 2125 4979 2298 5047; x_wconf 63' lang='grc' dir='ltr'>λέγειν</span> <span class='ocrx_word' id='word_1_828' title='bbox 2337 4978 2607 5049; x_wconf 74' lang='grc' dir='ltr'>νομίζουσι</span> <span class='ocrx_word' id='word_1_829' title='bbox 2657 4979 2780 5041; x_wconf 74' lang='grc' dir='ltr'>τοὺς</span> <span class='ocrx_word' id='word_1_830' title='bbox 2845 4977 3103 5047; x_wconf 63' lang='grc' dir='ltr'>ἐχθρούς.</span> <span class='ocrx_word' id='word_1_831' title='bbox 3163 4977 3251 5028; x_wconf 66' lang='grc' dir='ltr'>τὸν</span> <span class='ocrx_word' id='word_1_832' title='bbox 3285 4973 3436 5028; x_wconf 63' lang='grc' dir='ltr'>αὑτὸν</span> <span class='ocrx_word' id='word_1_833' title='bbox 3477 4962 3639 5034; x_wconf 52' lang='grc' dir='ltr'>τρόπω</span> 
     </span>
    </p>
   </div>
   <div class='ocr_carea' id='block_1_114' title="bbox 2125 5059 3634 5140">
    <p class='ocr_par' dir='ltr' id='par_1_114' title="bbox 2125 5059 3634 5140">
     <span class='ocr_line' id='line_1_114' title="bbox 2125 5059 3634 5140; baseline -0.006 -16"><span class='ocrx_word' id='word_1_834' title='bbox 2125 5073 2216 5124; x_wconf 78' lang='grc' dir='ltr'>καὶ</span> <span class='ocrx_word' id='word_1_835' title='bbox 2247 5073 2274 5123; x_wconf 88' lang='lat'>6</span> <span class='ocrx_word' id='word_1_836' title='bbox 2296 5073 2518 5134; x_wconf 82' lang='grc' dir='ltr'>Κέλσος,</span> <span class='ocrx_word' id='word_1_837' title='bbox 2557 5071 2842 5140; x_wconf 73' lang='grc' dir='ltr'>συγχυθεὶς</span> <span class='ocrx_word' id='word_1_838' title='bbox 2871 5070 2961 5122; x_wconf 81' lang='grc' dir='ltr'>τὸν</span> <span class='ocrx_word' id='word_1_839' title='bbox 2992 5069 3264 5137; x_wconf 76' lang='grc' dir='ltr'>λογισμὸν,</span> <span class='ocrx_word' id='word_1_840' title='bbox 3293 5069 3384 5136; x_wconf 74' lang='grc' dir='ltr'>οὐχ</span> <span class='ocrx_word' id='word_1_841' title='bbox 3413 5059 3634 5128; x_wconf 69' lang='grc' dir='ltr'>ἑώρακενν</span> 
     </span>
    </p>
   </div>
   <div class='ocr_carea' id='block_1_115' title="bbox 2124 5143 3636 5234">
    <p class='ocr_par' dir='ltr' id='par_1_115' title="bbox 2124 5159 3636 5234">
     <span class='ocr_line' id='line_1_115' title="bbox 2124 5159 3636 5234; baseline -0.001 -18"><span class='ocrx_word' id='word_1_842' title='bbox 2124 5166 2204 5216; x_wconf 84' lang='grc' dir='ltr'>ὅτι</span> <span class='ocrx_word' id='word_1_843' title='bbox 2230 5167 2320 5218; x_wconf 78' lang='grc' dir='ltr'>καὶ</span> <span class='ocrx_word' id='word_1_844' title='bbox 2346 5165 2451 5217; x_wconf 79' lang='grc' dir='ltr'>τῶν</span> <span class='ocrx_word' id='word_1_845' title='bbox 2471 5163 2578 5217; x_wconf 83' lang='grc' dir='ltr'>ἀπὸ</span> <span class='ocrx_word' id='word_1_846' title='bbox 2600 5165 2696 5234; x_wconf 81' lang='grc' dir='ltr'>τῆς</span> <span class='ocrx_word' id='word_1_847' title='bbox 2724 5164 2890 5225; x_wconf 79' lang='grc' dir='ltr'>Στοᾶς</span> <span class='ocrx_word' id='word_1_848' title='bbox 2911 5163 3018 5232; x_wconf 80' lang='lat'>(65)</span> <span class='ocrx_word' id='word_1_849' title='bbox 3049 5162 3342 5230; x_wconf 80' lang='grc' dir='ltr'>φιλοσόφων</span> <span class='ocrx_word' id='word_1_850' title='bbox 3368 5159 3636 5220; x_wconf 58' lang='grc' dir='ltr'>κατηγορεῖν</span> 
     </span>
    </p>
   </div>
   <div class='ocr_carea' id='block_1_116' title="bbox 2123 5237 3630 5327">
    <p class='ocr_par' dir='ltr' id='par_1_116' title="bbox 2123 5237 3630 5327">
     <span class='ocr_line' id='line_1_116' title="bbox 2123 5237 3630 5327; baseline -0.007 -18"><span class='ocrx_word' id='word_1_851' title='bbox 2123 5259 2182 5309; x_wconf 67' lang='grc' dir='ltr'>οὗ</span> <span class='ocrx_word' id='word_1_852' title='bbox 2211 5257 2394 5320; x_wconf 83' lang='grc' dir='ltr'>κακῶς</span> <span class='ocrx_word' id='word_1_853' title='bbox 2429 5257 2831 5327; x_wconf 86' lang='grc' dir='ltr'>προταττὸντων</span> <span class='ocrx_word' id='word_1_854' title='bbox 2865 5255 2952 5307; x_wconf 82' lang='grc' dir='ltr'>τὸν</span> <span class='ocrx_word' id='word_1_855' title='bbox 2987 5256 3288 5326; x_wconf 81' lang='grc' dir='ltr'>ἄνθρωπον,</span> <span class='ocrx_word' id='word_1_856' title='bbox 3335 5251 3420 5305; x_wconf 75' lang='grc' dir='ltr'>καὶ</span> <span class='ocrx_word' id='word_1_857' title='bbox 3455 5237 3630 5302; x_wconf 78' lang='grc' dir='ltr'>ἁπαξα⁴</span> 
     </span>
    </p>
   </div>
   <div class='ocr_carea' id='block_1_117' title="bbox 2129 5390 3461 5458">
    <p class='ocr_par' dir='ltr' id='par_1_117' title="bbox 2129 5390 3461 5458">
     <span class='ocr_line' id='line_1_117' title="bbox 2129 5390 3461 5458; baseline 0.007 -13"><span class='ocrx_word' id='word_1_858' title='bbox 2129 5390 2689 5445; x_wconf 79' lang='lat' dir='ltr'><strong>tttmonuitGuietus.</strong></span> <span class='ocrx_word' id='word_1_859' title='bbox 3223 5457 3238 5458; x_wconf 26' lang='grc' dir='ltr'><em>γ</em></span> <span class='ocrx_word' id='word_1_860' title='bbox 3322 5457 3330 5458; x_wconf 22' lang='grc' dir='ltr'>ί</span> <span class='ocrx_word' id='word_1_861' title='bbox 3433 5449 3461 5458; x_wconf 88' lang='grc'>,,</span> 
     </span>
    </p>
   </div>
   <div class='ocr_carea' id='block_1_118' title="bbox 2199 5437 3627 5528">
    <p class='ocr_par' dir='ltr' id='par_1_118' title="bbox 2199 5437 3627 5528">
     <span class='ocr_line' id='line_1_118' title="bbox 2199 5437 3627 5528; baseline -0.009 -16"><span class='ocrx_word' id='word_1_862' title='bbox 2849 5458 3014 5528; x_wconf 77' lang='grc' dir='ltr'>αὐτῷ.</span> <span class='ocrx_word' id='word_1_863' title='bbox 3052 5458 3171 5511; x_wconf 80' lang='lat' dir='ltr'>Mox</span> <span class='ocrx_word' id='word_1_864' title='bbox 3218 5449 3510 5510; x_wconf 82' lang='lat' dir='ltr'><strong>Philocalia,</strong></span> <span class='ocrx_word' id='word_1_865' title='bbox 3541 5437 3627 5490; x_wconf 77' lang='grc' dir='ltr'>δει-</span> 
     </span>
    </p>
   </div>
   <div class='ocr_carea' id='block_1_119' title="bbox 2127 5529 3479 5601">
    <p class='ocr_par' dir='ltr' id='par_1_119' title="bbox 2127 5529 3479 5601">
     <span class='ocr_line' id='line_1_119' title="bbox 2127 5529 3479 5601; baseline -0.001 -17"><span class='ocrx_word' id='word_1_866' title='bbox 2127 5533 2334 5594; x_wconf 76' lang='grc' dir='ltr'>κνύναι,</span> <span class='ocrx_word' id='word_1_867' title='bbox 2371 5533 2451 5601; x_wconf 73' lang='grc' dir='ltr'>ὅτι</span> <span class='ocrx_word' id='word_1_868' title='bbox 2499 5530 2714 5601; x_wconf 39' lang='grc' dir='ltr'>οὐδέν..)</span> <span class='ocrx_word' id='word_1_869' title='bbox 2749 5529 2947 5601; x_wconf 61' lang='grc' dir='ltr'>γέγονε</span> <span class='ocrx_word' id='word_1_870' title='bbox 2967 5529 3282 5601; x_wconf 13' lang='grc' dir='ltr'>τάίπάνταη</span> <span class='ocrx_word' id='word_1_871' title='bbox 3469 5585 3479 5596; x_wconf 83' lang='lat'><em>_</em></span> 
     </span>
    </p>
   </div>
   <div class='ocr_carea' id='block_1_120' title="bbox 2198 5589 3625 5670">
    <p class='ocr_par' dir='ltr' id='par_1_120' title="bbox 2198 5589 3625 5670">
     <span class='ocr_line' id='line_1_120' title="bbox 2198 5589 3625 5670; baseline -0.009 -15"><span class='ocrx_word' id='word_1_872' title='bbox 2198 5589 2460 5670; x_wconf 45' lang='grc' dir='ltr'>(65)’Τῶν</span> <span class='ocrx_word' id='word_1_873' title='bbox 2497 5601 2611 5656; x_wconf 76' lang='grc' dir='ltr'>ἀπὸ</span> <span class='ocrx_word' id='word_1_874' title='bbox 2645 5589 2771 5668; x_wconf 45' lang='lat' dir='ltr'><strong>tric-</strong></span> <span class='ocrx_word' id='word_1_875' title='bbox 2795 5589 3001 5665; x_wconf 74' lang='grc' dir='ltr'>Στοᾶς.</span> <span class='ocrx_word' id='word_1_876' title='bbox 3038 5600 3166 5655; x_wconf 73' lang='lat' dir='ltr'><strong>Vide</strong></span> <span class='ocrx_word' id='word_1_877' title='bbox 3195 5598 3348 5668; x_wconf 78' lang='lat' dir='ltr'><strong>hujus</strong></span> <span class='ocrx_word' id='word_1_878' title='bbox 3371 5589 3479 5644; x_wconf 77' lang='lat' dir='ltr'><strong>libri</strong></span> <span class='ocrx_word' id='word_1_879' title='bbox 3504 5589 3625 5637; x_wconf 70' lang='lat' dir='ltr'>Bm”-</span> 
     </span>
    </p>
   </div>
  </div>
