3986 6164
313 267 500 326 Ηἆὸ

1559 269 1836 329 CONTRA
1871 265 2145 325 CELSUM
2183 265 2311 320 LIB.
2351 264 2442 322 IV.

3463 273 3601 330 ilio

309 384 508 450 πλῶς
536 384 633 458 τὴν
666 386 888 456 λογικὴν
937 385 1117 457 φύσιν,
1159 388 1376 443 πάντων
1406 389 1514 443 τῶν
1557 389 1798 461 ἀλόγων·
1837 407 1899 443 κα

2030 392 2086 440 et
2124 392 2344 455 propter
2388 383 2535 438 illam
2583 382 2922 453 potissimum
2968 386 3149 442 omnia
3200 387 3596 450 Providentiam

307 475 432 529 διὰ
491 477 689 550 ταύτην
733 479 994 548 λεγόντων
1052 483 1475 553 προηγουμένως
1521 485 1618 555 τὴν
1663 485 1924 556 Πρόνοιαν

309 567 530 621 πάντα
559 573 912 642 πεποιηκέναι
945 573 1077 648 (66).
1129 577 1238 630 Καὶ
1279 577 1434 644 λόγον
1469 577 1566 647 μὲν
1602 577 1711 649 ἔχει
1737 577 1804 631 τά
1834 578 1922 631 λο-

308 658 503 726 γικὰ,
539 661 678 734 ἅπερ
713 665 829 718 ἐστὶ
859 667 1261 739 προηγούμενα,
1295 669 1500 723 παίδων
1533 663 1882 741 γεννωμένων
1903 689 1916 702 ·

307 749 402 804 τὰ
445 752 492 806 δ’
526 754 692 824 ἄλογα
722 758 817 810 καὶ
844 757 912 812 τὰ
939 757 1120 830 ἀψυχα
1141 761 1337 832 χωρίου
1373 761 1792 834 συγκτιζομένου
1811 764 1919 832 (67)

311 842 416 914 τῷ
457 845 673 916 παιδίῳ.
708 849 816 902 Καὶ
843 849 1080 921 ἡγοῦμαί
1126 869 1210 920 γε,
1244 852 1345 914 ὅτι,
1383 852 1566 925 ὥσπερ
1592 856 1648 906 ἐν
1677 858 1796 918 ταῖς
1825 855 1920 908 πό-

310 933 498 990 λεσιν
530 940 577 991 οἱ
609 941 987 1010 προνοούμενοι
1008 943 1116 996 τῶν
1151 944 1328 998 ὠνίων
1372 945 1464 998 καὶ
1491 946 1591 1016 τῆς
1623 948 1824 1017 ἀγορᾶς
1853 947 1918 1001 δι’

312 1025 500 1081 οὐδὲν
520 1029 646 1083 ἀλλο
677 1032 1024 1103 προνοοῦνται
1054 1035 1086 1106 ἢ
1121 1035 1208 1090 διὰ
1243 1037 1366 1100 τοὺς
1382 1036 1714 1109 ἀνθρώπους,
1750 1058 1920 1111 παρα-

313 1119 638 1174 πολαύουσι
666 1121 722 1176 δὲ
755 1123 853 1195 τῆς
879 1125 1156 1195 δαψιλείας
1186 1129 1277 1180 καὶ
1312 1128 1469 1192 κύνες
1507 1132 1596 1183 καὶ
1641 1131 1774 1186 ἄλλα
1812 1133 1920 1186 τῶν

313 1208 576 1280 ἀλόγων,
597 1213 770 1279 οὕτως
797 1219 828 1287 ή
861 1219 1091 1290 Πρόνοια
1118 1221 1224 1274 τῶν
1254 1222 1352 1293 μὲν
1378 1223 1610 1293 λογικῶν
1645 1242 1915 1296 προηγουο

318 1299 525 1370 μένως
547 1309 780 1374 προνοεῖ,
801 1309 1203 1382 ἐπηκολούθησε
1237 1313 1293 1367 δὲ
1316 1314 1376 1368 τὸ
1409 1316 1502 1368 καὶ
1530 1316 1596 1369 τὰ
1620 1315 1787 1384 ἄλογα
1807 1317 1914 1390 (68)

315 1393 636 1450 ἀπολαύειν
663 1398 771 1451 τῶν
799 1399 866 1453 δι’
899 1403 1215 1474 ἀνθρώπους
1247 1407 1562 1477 γινομένων.
1597 1409 1705 1461 Καὶ
1729 1408 1918 1481 ῶσπερ

314 1486 647 1558 ἁμαρτάνει
683 1492 711 1543 6
746 1491 917 1559 λέγων
961 1496 1086 1559 τοὺς
1130 1498 1502 1569 ἀγορανόμους
1553 1504 1802 1570 προνοεῖν
1853 1503 1914 1555 οὐ

321 1578 542 1646 μᾶλλον
592 1581 699 1634 τῶν
734 1583 1053 1656 ἀνθρώπων,
1088 1588 1119 1659 ἢ
1168 1589 1275 1642 τῶν
1323 1592 1519 1655 κυνῶν,
1557 1593 1677 1644 ἐπεὶ
1727 1594 1819 1647 καὶ
1865 1596 1914 1647 οἱ

317 1669 501 1734 κύνες
536 1676 980 1745 παραπολαύουσι
1011 1682 1107 1752 τῆς
1132 1681 1410 1752 δαψιλείας
1437 1684 1542 1740 τῶν
1566 1687 1740 1739 ὠνίων
1759 1705 1772 1718 ·
1821 1686 1914 1740 οὔ-

318 1777 416 1814 τω
449 1764 627 1836 πολλῷ
660 1767 856 1837 μᾶλλον
890 1771 1112 1838 Κέλσος,
1148 1775 1240 1829 καὶ
1265 1777 1314 1828 οἱ
1339 1776 1405 1830 τά
1429 1777 1564 1831 αύτά
1595 1779 1914 1849 φρονοῦντες

321 1855 510 1928 αὐτῷ,
563 1859 845 1915 ἀσεϐοῦσιν
893 1867 967 1928 είς
1019 1865 1110 1918 τὸν
1156 1868 1481 1940 προνοοῦντα
1531 1871 1635 1924 τῶν
1685 1871 1914 1940 λογικῶν

321 1948 491 2014 Θεὸν,
517 1953 835 2021 φάσκοντες,
865 1958 936 2028 μὴ
971 1959 1167 2029 μᾶλλον
1200 1961 1307 2030 (69)
1330 1961 1635 2034 ἀνθρώποις
1669 1965 1912 2033 γίνεσθαι

317 2041 507 2096 ταῦτα
554 2046 688 2116 πρὸς
731 2049 936 2120 τροφὴν
967 2051 998 2120 ἢ
1034 2054 1146 2115 τοῖς
1191 2057 1396 2122 φυτοῖς,
1434 2055 1669 2126 δένδροις
1701 2075 1781 2119 τε,
1817 2059 1912 2112 καὶ

321 2133 514 2197 πόαις,
545 2137 636 2188 καὶ
658 2137 942 2202 ἀκάνθαις.

403 2223 588 2279 Οῖεται
640 2227 747 2298 γὰρ
793 2230 1008 2301 πρῶτον
1042 2233 1139 2302 μὲν
1184 2252 1202 2284 ‹
1262 2235 1336 2306 μὴ
1389 2235 1525 2308 ἔργα
1573 2237 1709 2292 Θεοῦ
1771 2235 1910 2295 εἶναι

317 2310 580 2384 βροντὰς,
614 2317 708 2370 καὶ
737 2319 1040 2389 ἀστραπὰς,
1074 2323 1166 2375 καὶ
1196 2324 1384 2386 ὑετούς
1407 2343 1421 2356 ο
1468 2345 1484 2378 ι
1523 2328 1622 2398 ἤδη
1649 2330 1908 2398 σαφέστε-

317 2419 424 2473 ρον
463 2405 888 2479 Ἐπικουρίζωνσ
938 2410 1186 2484 δεύτερον
1211 2414 1267 2467 δέ
1311 2433 1493 2487 φησιν,
1538 2419 1640 2481 ὅτι,
1680 2439 1698 2469 ‹
1740 2423 1787 2473 εί
1815 2422 1908 2475 καὶ

314 2493 494 2569 διδοίη
537 2515 621 2562 τις
651 2500 822 2554 ταῦτα
852 2502 987 2574 ἔργα
1018 2501 1156 2558 εἶναι
1207 2506 1362 2570 Θεοῦ,
1402 2509 1472 2564 ,οὐ
1526 2511 1722 2580 μᾶλλον
1775 2515 1906 2584 ἡμῖν

315 2589 442 2650 τοῖς
473 2588 778 2661 ἀνθρώποις
808 2594 980 2648 ταῦτα
1027 2596 1235 2665 γίνεται
1274 2599 1410 2670 πρὸς
1453 2601 1676 2673 τροφὴν,
1717 2603 1750 2675 ἢ
1794 2608 1905 2670 τοῖς

319 2683 535 2747 φυτοῖς,
568 2681 804 2754 δένδροις
830 2703 908 2748 τε,
943 2687 1035 2741 καὶ
1060 2689 1239 2756 πόαις,
1275 2692 1366 2745 καὶ
1388 2693 1649 2758 ἀκάνθαις
1669 2713 1682 2726 ’
1731 2714 1749 2746 ι
1781 2714 1904 2750 συν-

315 2773 564 2843 τυχικῶς
610 2775 782 2841 διδοὺς
820 2780 912 2832 καὶ
961 2782 1020 2833 οὐ
1054 2781 1195 2835 κατά
1240 2784 1521 2855 Πρόνοιαν,
1567 2787 1642 2850 ὡς
1692 2789 1904 2861 ἀληθῶς

329 2865 725 2938 Ἐπικούρειος,
768 2869 938 2922 ταῦτα
980 2873 1314 2942 συμϐαίνειν.
1352 2877 1414 2928 El
1459 2877 1568 2948 γὰρ
1609 2879 1667 2932 οὐ
1707 2881 1902 2950 μᾶλλον

314 2957 453 3028 ἡμῖν
483 2958 514 3028 ἢ
551 2965 754 3028 φυτοῖς,
781 2963 873 3015 καὶ
906 2963 1162 3036 δένδροις,
1195 2966 1288 3019 καὶ
1305 2967 1480 3031 πόαις,
1499 2969 1592 3022 καὶ
1617 2971 1898 3039 ἀκάνθαις,

312 3049 471 3104 ταῦτ’
507 3051 622 3106 ἔστι
679 3056 941 3127 χρήσιμα,
992 3058 1168 3128 δῆλον,
1203 3060 1284 3112 ὅτι
1330 3061 1439 3114 οὐδ’
1481 3062 1588 3115 ἀπὺ
1640 3065 1901 3136 Προνοίας
1926 3101 1968 3157 C

313 3141 472 3194 ταῦτ’
506 3144 723 3215 ἔρχεται
743 3165 756 3178 ’
788 3149 820 3219 ἢ
850 3151 957 3203 ἀπὸ
990 3152 1250 3221 Προνοίας
1279 3154 1338 3206 οὐ
1363 3154 1559 3224 μᾶλλον
1585 3155 1739 3226 ἡμῶν
1771 3175 1898 3229 προ-

314 3234 613 3306 νοουμένης
643 3239 674 3307 ἢ
706 3239 955 3311 δένδρων,
993 3243 1084 3296 καὶ
1115 3244 1270 3308 πόας,
1305 3247 1397 3298 καὶ⁴
1435 3247 1694 3319 ἀκάνθης.
1732 3248 1894 3303 Ἐκά-

314 3341 477 3396 τερον
498 3327 540 3379 δ’
573 3329 796 3383 αὐτόθεν
837 3333 1028 3397 ἀσεϐές
1054 3352 1064 3364 ·
1110 3338 1203 3388 καὶ
1231 3336 1289 3389 τὸ
1319 3341 1427 3401 τοῖς
1459 3339 1717 3404 τοιούτοις
1749 3342 1895 3394 ἀντι-

313 3416 516 3487 λέγειν,
543 3422 826 3493 ἱστάμενον
863 3426 996 3497 πρὺς
1036 3428 1124 3480 τὸν
1157 3428 1408 3483 ἀσέϐειαν
1439 3433 1566 3501 ἡμῖν
1603 3432 1896 3500 ἐγκαλοῦν-

311 3527 383 3564 τα
413 3510 547 3583 (70),
575 3512 786 3585 εὔηθες.
818 3517 986 3571 Παντὶ
1013 3518 1120 3591 γὰρ
1159 3520 1314 3590 δῆλον
1343 3523 1407 3575 ἐκ
1440 3522 1545 3576 τῶν
1566 3525 1891 3596 εἰρημένων,

309 3603 396 3669 τίς
424 3607 452 3658 6
481 3606 701 3678 ἀσεϐής.
734 3604 866 3662 Εἴτά
892 3626 1074 3680 φησιν,
1104 3613 1182 3664 ὅτι
1220 3631 1238 3663 ι
1279 3613 1399 3666 Κᾶν
1423 3613 1593 3668 ταῦτα
1623 3615 1784 3686 λέγῃς
1811 3617 1896 3669 ἁν-

310 3697 553 3769 θρώποις
578 3699 805 3768 φύεσθαι
837 3703 1095 3773 (δηλονότι
1127 3705 1193 3758 τά
1227 3706 1389 3775 φυτὰ,
1425 3709 1516 3762 καὶ
1555 3709 1764 3780 δένδρα,
1799 3712 1893 3766 καὶ

310 3790 469 3854 πόας,
499 3792 593 3844 καὶ
611 3793 898 3864 ἀκάνθας),
925 3796 978 3848 τί
1006 3797 1203 3867 μᾶλλον
1215 3799 1354 3854 αύτά
1379 3801 1685 3872 ἀνθρώποις
1701 3805 1894 3875 φήσεις

311 3884 542 3952 φύεσθαι
595 3887 626 3958 ἢ
671 3891 782 3951 τοῖς
821 3889 1036 3957 ἀλόγοις
1080 3891 1238 3956 ζώοις
1283 3897 1394 3957 τοῖς
1441 3897 1832 3966 ἀγριωτάτοις;
1867 3917 1885 3950 ι

310 3975 506 4043 Σαφῶς
532 3971 624 4028 οὖν
655 3977 855 4047 λεγέτω
885 3983 914 4034 6
951 3981 1174 4047 Κέλσος,
1213 3984 1294 4036 ὅτι
1325 3985 1356 4054 ἡ
1386 3987 1617 4058 τοσαύτη
1647 3989 1754 4042 τῶν
1798 3991 1891 4044 ἐπὶ

309 4066 417 4136 γῆς
469 4069 749 4138 φυομένων
793 4071 1024 4143 διαιρορά
1072 4076 1131 4126 οὐ
1186 4075 1448 4146 Προνοίας
1502 4080 1648 4133 ἐστὶν
1691 4080 1886 4151 ἔργον

311 4159 448 4214 ἀλλά
505 4163 761 4232 συντυχία
811 4181 893 4227 τις
941 4165 1156 4233 ἀτόμων
1211 4165 1309 4229 τὰς
1360 4169 1624 4232 τοσαύτας
1665 4173 1888 4241 ποιότη-

310 4270 410 4317 τας
433 4253 542 4323 (71)
568 4256 831 4326 πεποίηκε
852 4273 864 4286 ο
902 4257 995 4310 καὶ
1019 4258 1158 4311 κατά
1188 4261 1472 4329 συντυχίαν
1504 4264 1738 4316 τοσαῦτα
1771 4265 1884 4336 εἷ’δη

312 4345 520 4415 φυτῶν,
562 4347 652 4400 καὶ
692 4347 941 4420 δένδρων,
995 4350 1088 4402 καὶ
1130 4352 1286 4415 πόας,
1341 4353 1697 4424 παραπλήσιά
1738 4356 1884 4408 ἐστιν

1948 1744 1987 1798 Β

2026 477 2241 533 fecisse.
2302 476 2489 544 Itaque
2545 476 2802 530 animalia
2861 479 3071 534 ratione
3117 483 3362 552 praedita,
3413 496 3599 556 utpote

2027 572 2324 641 praecipua,
2385 580 2639 639 tanquam
2703 572 2913 640 parvuli
2959 583 3116 639 sunt;
3162 577 3374 633 ratione
3414 590 3595 636 autem

2025 664 2260 731 privata,
2293 663 2625 717 membrana:
2675 663 2847 719 fetum
2881 667 3203 722 involventis
3250 671 3366 724 loco
3391 673 3598 729 ducun-

2027 764 2133 808 tur.
2157 756 2236 808 Ac
2282 770 2398 809 mea
2433 755 2648 826 quidem
2701 757 2777 811 sic
2823 766 2907 812 est
2954 759 3110 822 ratio,
3146 763 3591 830 quemadmodum

2023 848 2078 902 in
2113 849 2337 902 urbibus
2389 850 2479 917 qui
2538 851 2696 903 rebus
2746 851 3027 907 venalibus
3084 853 3306 923 foroque
3353 858 3589 925 praefecti

2021 949 2170 1001 sunt,
2205 940 2238 993 ii
2298 950 2515 1010 propter
2563 941 2706 996 solos
2743 943 2992 1000 homines
3042 946 3313 1014 laborant,
3373 953 3587 1007 tametsi

2019 1047 2190 1087 canes
2226 1031 2446 1102 aliaque
2475 1033 2636 1088 bruta
2662 1035 2964 1092 animantia
2987 1054 3214 1096 annonae
3240 1045 3393 1113 coliia
3408 1055 3461 1099 et
3489 1048 3588 1115 ipsi

2022 1123 2319 1192 fruantur;
2362 1125 2442 1181 sic
2479 1129 2692 1180 ratione
2738 1129 2979 1196 praeditis
3005 1133 3273 1202 prmcipue
3303 1137 3590 1192 consulere

2019 1214 2441 1283 Providentiam,
2466 1216 2557 1271 sed
2591 1216 2716 1273 hinc
2743 1218 2942 1274 factum
2965 1237 3102 1289 esse,
3129 1234 3184 1276 ιιι
3215 1227 3375 1279 etiam
3420 1228 3588 1284 bruta:

2018 1305 2324 1360 animantes
2350 1308 2509 1360 rebus
2539 1307 2590 1359 in
2637 1307 2910 1362 hominum
2962 1326 3114 1364 usum
3146 1317 3349 1382 paratis
3379 1317 3582 1385 poliam

2022 1409 2130 1452 tur.
2184 1397 2448 1453 Peccaret
2492 1398 2583 1454 ille
2635 1409 2836 1465 tamen,
2871 1403 2985 1470 qui,
3038 1406 3178 1472 quod
3208 1421 3371 1463 canes
3407 1425 3585 1466 rerum

2017 1489 2290 1545 venalium
2342 1493 2495 1560 copia
2555 1492 2824 1557 fruantur,
2875 1495 2994 1551 ideo
3046 1499 3254 1553 diceret
3301 1503 3586 1569 praefectos

2021 1582 2143 1636 foro
2182 1599 2288 1638 non
2344 1587 2518 1656 magis
2567 1587 2870 1642 hominibus
2916 1604 3076 1659 quam
3132 1593 3355 1649 canibus
3401 1599 3585 1664 provi-

2017 1674 2204 1739 disse;
2240 1675 2410 1730 multo
2445 1679 2620 1748 magis
2647 1680 2810 1750 igitur
2846 1678 3051 1744 Celsus,
3082 1693 3135 1736 et
3157 1685 3245 1754 qui
3279 1688 3466 1742 eadem
3497 1697 3553 1744 at

2017 1781 2122 1834 que
2163 1766 2254 1821 ille
2275 1768 2539 1835 sentiunt,
2573 1771 2626 1824 in
2663 1771 2828 1826 Deum
2861 1775 3066 1830 naturis
3098 1778 3307 1832 ratione
3341 1781 3584 1847 praeditis

2013 1860 2413 1926 providentem,
2440 1863 2590 1932 impii
2626 1879 2770 1930 sunt,
2800 1868 2888 1937 qui
2944 1879 3143 1938 negant
3183 1872 3433 1927 alimenta
3484 1877 3582 1931 ho-

2016 1952 2252 2007 minibus
2298 1954 2478 2022 potius
2526 1971 2666 2018 esse,
2711 1973 2874 2027 quam
2935 1961 3213 2030 stirpibus,
3269 1966 3578 2034 arboribus,

2013 2044 2198 2100 herbis
2227 2054 2280 2102 et
2311 2047 2480 2116 spinis
2505 2063 2695 2118 compa
2709 2063 2842 2106 rata.

2085 2242 2173 2297 75.
2201 2241 2329 2297 Nam
2379 2244 2610 2313 primutn
2639 2255 2792 2314 putat
2830 2264 2849 2298 ι
2887 2249 3144 2314 tonitrua,
3192 2249 3424 2320 fulgura,
3460 2254 3580 2324 plu-

2010 2333 2125 2386 vias
2145 2349 2248 2387 non
2275 2350 2398 2389 esse
2425 2334 2519 2389 Dei
2548 2351 2749 2404 opera;
2785 2358 2803 2390 ι
2835 2340 3066 2409 quojam
3095 2352 3205 2396 tum
3235 2355 3423 2414 aperte
3454 2347 3579 2418 Epi-

2007 2427 2268 2481 curissat.
2300 2426 2507 2483 Deinde
2543 2446 2556 2481 :
2591 2449 2610 2481 ι
2648 2430 2758 2485 Etsi
2806 2433 3047 2499 daretur,
3081 2435 3271 2504 inquit,
3318 2439 3433 2492 haec
3479 2440 3575 2496 Dei

2006 2531 2170 2586 opera
2214 2533 2358 2582 esse,
2403 2534 2506 2574 non
2551 2522 2719 2591 magis
2768 2522 2926 2579 nobis
2992 2527 3303 2583 hominibus
3360 2531 3570 2588 alendis

2004 2605 2146 2661 facta
2206 2620 2356 2676 sunt,
2402 2625 2564 2680 quam
2616 2613 2896 2682 stirpibus,
2942 2617 3250 2683 arboribus,
3291 2622 3474 2678 herbis
3521 2635 3578 2680 et

2004 2700 2197 2770 Spinis.
2239 2720 2257 2753 ι
2291 2703 2419 2768 Qua:
2448 2704 2666 2772 quidem
2709 2717 2835 2761 sunt
2867 2709 2978 2762 veri
3023 2707 3280 2779 Epicurei
3312 2713 3427 2768 haec
3457 2730 3576 2769 om-

2005 2796 2092 2847 nia
2117 2810 2222 2849 non
2253 2793 2626 2863 Providentia,
2653 2800 2750 2854 sed
2780 2800 3006 2855 fortuito
3024 2819 3151 2858 casu
3168 2806 3414 2864 accidere
3439 2824 3574 2864 con-

2005 2886 2228 2942 fitentis.
2258 2888 2349 2942 Illa
2385 2891 2529 2943 enim
2573 2891 2618 2944 si
2664 2907 2768 2946 non
2803 2896 2977 2966 magis
3017 2896 3068 2950 in
3123 2905 3365 2952 nostrtttn
3411 2917 3569 2955 usum

2003 2994 2290 3054 procurata
2321 2994 2466 3050 sunt,
2493 3001 2653 3054 quant
2686 2988 2956 3058 stirpium,
2981 2991 3570 3057 arhorum,herbarum

2003 3085 2057 3128 et
2088 3078 2404 3145 spinarum;
2446 3089 2593 3134 certe
2646 3089 2738 3134 aut
2767 3097 2869 3135 non
2923 3100 2951 3134 a
2998 3082 3370 3151 Providentia,
3401 3097 3492 3140 aut
3539 3104 3569 3141 a

2004 3167 2348 3224 Providentia
2385 3172 2625 3240 profecta
2675 3182 2820 3237 sunt,
2875 3189 2993 3242 quae
3037 3191 3142 3230 non
3192 3180 3346 3236 nobis
3399 3181 3571 3250 magis

1999 3276 2160 3330 quam
2197 3263 2480 3331 stirpibus,
2514 3265 2821 3329 arboribus,
2867 3266 3048 3322 herbis
3080 3279 3135 3322 et
3162 3270 3336 3338 spinis
3366 3287 3566 3326 cousue

1999 3354 2082 3408 lit.
2122 3355 2428 3426 Utrumque
2483 3369 2664 3413 autem
2733 3361 3023 3415 manifeste
3081 3362 3305 3432 impium
3353 3376 3472 3428 est;
3512 3376 3567 3419 et

2000 3447 2202 3501 Stultus
2237 3462 2436 3510 essem,
2463 3450 2506 3504 si
2555 3451 2926 3506 adversarium
2959 3469 3061 3507 nos
3101 3454 3296 3507 talibus
3346 3456 3570 3508 rationi-

2000 3540 2100 3595 bus
2137 3541 2431 3610 impietatis
2477 3554 2829 3597 accusantem
2889 3542 3133 3597 refellere
3181 3560 3435 3599 conarer.
3490 3545 3567 3598 Ex

1999 3632 2161 3687 dictis
2197 3634 2341 3687 enim
2395 3635 2614 3688 evidens
2659 3647 2766 3699 est,
2796 3645 2914 3689 uter
2960 3636 3029 3689 sit
3076 3637 3370 3703 impietatis
3422 3653 3561 3690 rcus.

1999 3724 2134 3778 Tum
2172 3726 2262 3780 ille
2297 3743 2310 3779 :
2345 3745 2363 3776 ι
2404 3727 2627 3780 Etiamsi
2659 3727 2860 3781 dixeris
2907 3727 2992 3780 illa
3020 3727 3294 3797 (videlicet
3321 3728 3562 3792 arbores,

1996 3818 2214 3887 stirpes,
2247 3817 2441 3872 herbas
2469 3827 2522 3872 et
2554 3818 2761 3887 Spinas)
2793 3819 3107 3874 hominibus
3137 3830 3260 3872 nata
3289 3834 3435 3882 esse,
3467 3834 3564 3872 cur

1997 3911 2146 3964 dices
2181 3910 2341 3981 560
2371 3927 2432 3965 ea
2464 3912 2633 3980 magis
2657 3912 2968 3966 hominibus
2999 3912 3170 3972 nasci,
3205 3926 3366 3979 quam
3403 3911 3560 3963 feris-

1995 4003 2148 4057 simis
2175 4004 2552 4056 animantibus
2577 4003 2789 4056 ratione
2823 4003 3090 4072 privatis?
3125 4023 3142 4054 ι
3196 4001 3362 4072 Neget
3399 4002 3564 4070 igitur

1993 4096 2169 4162 palam
2203 4094 2394 4149 Celsus
2424 4106 2625 4148 tantam
2659 4096 2802 4148 illam
2847 4112 3026 4150 rerqu
3065 4111 3186 4164 quae
3213 4110 3244 4149 e
3287 4105 3437 4148 terra
3465 4112 3562 4147 na-

1993 4199 2218 4258 scuuttu
2232 4189 2598 4242 diversitatem
2619 4188 2710 4242 Dei
2742 4204 2863 4243 esse
2891 4204 3046 4258 opus,
3077 4198 3131 4243 et
3165 4197 3244 4242 tot
3268 4189 3561 4256 qualitates

1993 4279 2227 4334 fortuita:
2253 4292 2555 4334 atomorum
2592 4283 2936 4336 concursioui
2981 4283 3197 4341 tribuat,
3231 4281 3372 4335 sicut
3395 4290 3451 4333 et
3483 4291 3562 4334 tot

1991 4371 2260 4437 stirpium,
2298 4373 2552 4425 arborum
2605 4383 2658 4426 et
2695 4373 2984 4426 herbarum
3021 4373 3248 4440 species,
3296 4389 3414 4441 qua:
3450 4375 3560 4427 sint

312 4438 592 4510 ἀλλήλοις·
627 4441 720 4493 καὶ
767 4442 848 4494 ὅτι
889 4443 1063 4506 οὐδεὶς
1114 4444 1270 4513 λόγος
1302 4445 1546 4515 τεχνικὸς
1585 4448 1886 4517 ὑπέστησε-θ

2013 4475 2132 4518 uter
2158 4480 2216 4518 se
2247 4465 2485 4531 similes;
2520 4466 2856 4534 negetullam
2887 4466 2938 4519 in
2970 4468 3035 4521 iis
3063 4469 3411 4535 qnznrendam
3438 4482 3558 4521 esse

312 4531 468 4588 αὐτὰ.
505 4532 611 4585 οὐδ’
642 4533 747 4586 ἀπὸ
775 4533 866 4586 νοῦ
894 4534 1005 4605 ἔχει
1029 4536 1128 4607 τὴν
1156 4536 1326 4608 ἀρχὴν
1352 4538 1526 4591 πάντα
1566 4538 1886 4610 θαυμασμὸν

313 4624 760 4697 ὑπερϐεϐηκότος.
805 4627 941 4681 Ἀλλ’
981 4631 1161 4700 ἡμεῖς,
1208 4631 1255 4683 οἱ
1310 4629 1386 4701 τῷ
1425 4630 1599 4685 ταῦτα
1642 4632 1885 4687 κτίσαντι

319 4714 457 4784 μόνῳ
500 4716 616 4786 Θεῷ
663 4718 1010 4789 ἀνακείμενοι
1038 4721 1370 4786 Χριστιανοὶ,
1403 4724 1495 4776 καὶ
1547 4722 1638 4776 ἐπὶ
1679 4724 1886 4789 τούτοις

316 4803 467 4875 χάριν
513 4807 730 4878 οἴδαμεν
760 4809 836 4880 τῷ
868 4811 962 4864 καὶ
1009 4818 1212 4866 τούτων
1262 4812 1595 4884 δημιουργῷ,
1629 4815 1708 4867 ὅτι
1753 4817 1884 4886 ἡμῖν

314 4895 634 4969 τηλικαύτην
665 4903 849 4955 ἑστίαν
878 4905 1169 4974 ηύτρέπισε
1208 4904 1340 4972 (72),
1377 4906 1470 4958 καὶ
1509 4906 1574 4958 δι’
1606 4909 1750 4978 ἡμᾶς
1773 4911 1883 4972 τοῖς

313 4985 642 5042 δουλεύουσιν
686 4996 816 5062 ἡμῖν
856 4995 1040 5059 ζώοις·
1099 5017 1114 5046 ι
1163 4999 1218 5049 '0
1281 4997 1643 5063 ὲξανατέλλων
1690 5000 1882 5071 χόρτον

379 5184 490 5255 (66)
523 5188 845 5270 Philocalia.
880 5195 1084 5270 πριεῖν,
1122 5204 1175 5248 et
1208 5197 1365 5262 paulo
1422 5207 1558 5267 post,
1606 5199 1880 5270 προηγού-

314 5273 443 5332 μενα
459 5259 662 5332 (παιδίῳ
695 5263 1032 5332 γεννωμένῳ.

379 5329 494 5398 (67)
529 5328 844 5407 l’ltiloralia,
873 5328 1072 5404 ’χωρίῳ
1105 5338 1535 5407 συγκτιζομένῳ,
1580 5342 1670 5391 sed
1713 5343 1872 5395 codd.

310 5398 505 5479 Regius
538 5413 591 5455 et
629 5398 982 5469 Busileettsis,
1028 5398 1226 5479 χωρίού
1280 5398 1727 5478 συγκτιζομένου,
1787 5430 1873 5466 rc.-

312 5479 466 5526 cttus.

375 5541 485 5610 (68)
516 5541 833 5622 Ρίιίίοςιιιέξ,
882 5544 949 5597 τὰ
1005 5545 1190 5615 ἄλογα.
1230 5547 1566 5603 Παιείιιιυιίιιε
1607 5561 1660 5604 et
1701 5553 1870 5622 Spen-

309 5626 480 5684 certts.
516 5613 582 5666 τά
614 5615 745 5667 ἄλλα
776 5614 962 5684 ἄλογα.

373 5681 481 5748 (69)
512 5684 605 5749 Μὴ
630 5681 894 5753 μᾶλλον.
936 5689 1025 5742 Sic
1057 5687 1378 5751 Philocalia,
1413 5690 1868 5749 1⁷1αὲ5011θίὶ115ἔ111-

312 5758 484 5810 temet
509 5759 834 5824 b'peucctus,
863 5758 916 5830 τί
947 5759 1164 5826 μᾶλλον.
1202 5759 1370 5816 Paulo
1399 5771 1515 5830 post
1547 5763 1864 5830 l’hilocalia,

1991 4558 2124 4612 artis
2147 4559 2446 4623 solertiam,
2475 4569 2532 4612 et
2574 4559 2666 4611 illa
2703 4560 2973 4626 originem
3028 4570 3305 4628 acceptant
3350 4561 3558 4614 referre

1989 4651 2354 4720 intelligentia:
2405 4668 2526 4720 qua:
2596 4668 2812 4706 omnem
2871 4653 3283 4706 admirationem
3317 4667 3554 4722 superat.

1987 4745 2092 4797 Sed
2125 4760 2222 4798 nos
2251 4743 2349 4798 soli
2406 4745 2518 4798 Deo
2555 4761 2738 4799 rerum
2796 4745 3010 4800 illarum
3041 4748 3305 4800 conditori
3355 4748 3553 4801 addicti

1984 4838 2305 4902 Christiani,
2338 4839 2543 4905 gratias
2571 4839 2646 4892 illi
2689 4839 2972 4906 habemus,
3008 4841 3148 4908 quod
3179 4841 3332 4896 nobis
3355 4851 3408 4895 et
3432 4859 3560 4912 pro-

1986 4939 2104 5000 pter
2130 4945 2228 4984 nos
2267 4931 2597 4985 animalibus
2625 4947 2743 5001 quae
2774 4933 2929 4988 nobis
2958 4935 3220 4999 serviunt,
3248 4935 3351 4989 tale
3383 4935 3558 4990 domi-

1983 5023 2164 5076 cilittm
2199 5025 2546 5078 adornaverit
2577 5041 2590 5076 :
2634 5043 2652 5076 ι
2685 5024 2804 5096 Ipse
2835 5028 3082 5096 producit
3113 5027 3312 5083 funium
3341 5030 3556 5098 jumen-

1981 5203 2104 5278 ἦδηᾼ
2118 5205 2300 5278 σαφῶς
2326 5206 2705 5278 ἐπικουρίξων.

2054 5276 2162 5346 (7U)
2194 5276 2533 5349 tlteschelius
2565 5293 2616 5330 et
2647 5283 2974 5347 Spcncerns,
3003 5278 3161 5349 ἡμῶν
3195 5277 3553 5348 κατηγοροῦν-

1981 5361 2068 5408 τα,
2099 5350 2191 5398 sed
2229 5347 2524 5400 l’ltilncalia
2559 5362 2614 5401 ut
2647 5351 2699 5402 in
2742 5361 2924 5402 nostro
2955 5347 3123 5403 textu.

2051 5416 2161 5486 (7l)
2195 5419 2544 5485 ΙΙοιότητας.
2602 5421 2768 5472 Ιὶυίτιε
2793 5425 3015 5472 omnino
3047 5418 3368 5478 l’hilocalia,
3407 5419 3549 5472 male

1979 5499 2157 5558 autem
2198 5490 2535 5544 llwschcbus
2555 5501 2610 5541 et
2646 5491 2951 5558 Spencerus
2975 5487 3280 5557 συντυχίας,
3308 5505 3427 5555 qua:
3447 5505 3546 5544 vox

1978 5557 2182 5610 nullum
2219 5563 2303 5613 hic
2332 5561 2504 5612 locum
2539 5557 2720 5612 habet.

2046 5628 2157 5696 (7'2)
2206 5631 2556 5701 rllmschelius
2603 5640 2656 5682 et
2704 5631 3036 5700 Spencerus,
3089 5628 3396 5701 εὐτρέπιζε,
3447 5633 3546 5689 sed

1973 5696 2616 5773 Ριιὶιυυςιιίςι,ηὑτρέπισε.
