3986 6164
303 291 340 346 1
365 289 397 344 ἰ
427 292 485 348 ἱθ
1541 286 1820 342 CONTRA
1855 285 2130 342 CELSU‘M
2161 287 2287 344 LIB.
2326 288 2413 344 IV.
3456 285 3596 339 “50

298 403 377 458 τί
451 404 649 474 μᾶλλον
704 403 903 475 ήμῖνῆ
951 407 1062 468 τοῖς
1101 403 1342 476 μύρμηξι
1395 403 1486 457 καὶ
1544 407 1663 467 ταῖς
1712 404 1894 474 μυίαις

2034 421 2132 459 cur
2161 405 2314 459 nobis
2346 419 2536 474 magis,
2563 418 2721 472 quam
2759 402 2999 456 formicis
3019 413 3072 456 et
3106 401 3344 456 muscis?
3378 401 3509 454 Nam
3543 414 3597 456 et

296 497 456 548 Καὶ
483 495 592 567 γὰρ
624 497 905 568 ὲκείνοιςή
937 497 1033 569 μὲν
1057 496 1154 562 νὺξ
1184 497 1391 566 γίνεται
1425 497 1560 568 πρὸς
1596 497 1899 550 ἀνάπαυσιν

2031 500 2137 554 illis
2186 513 2291 552 nox
2350 497 2662 566 quiescendi
2702 505 2909 563 tempus
2956 505 3058 558 est,
3091 504 3146 548 et
3192 494 3305 548 dies
3349 493 3598 547 exoritur

291 587 344 656 ἡ
403 587 468 640 δὲ
514 589 694 660 ἡμέρα
737 589 871 661 πρὸς
908 589 966 642 τὸ
998 591 1128 662 όρᾷν
1160 606 1219 641 τε
1252 589 1345 641 καὶ
1387 589 1645 660 ἐνεργεῖν.
1690 609 1707 638 ›
1747 589 1905 656 Σαφὲς

2031 593 2097 644 ad
2131 591 2418 644 videndum
2449 599 2503 642 et
2530 589 2886 658 operandnm.
2915 606 2931 637 ι
2968 586 3105 640 Hinc
3131 597 3273 656 patet
3304 587 3440 640 hanc
3469 600 3593 640 sen-

297 675 422 748 δὴ,
460 679 539 731 ὅτι
574 679 633 730 ού
671 679 829 748 μόνον
879 680 1145 732 Ἰουδαίων
1179 679 1270 732 καὶ
1304 677 1643 751 Χριστιανῶν
1681 695 1821 740 τινες
1847 681 1905 730 εἰ·

2033 682 2289 744 tenliam,
2328 680 2494 734 solem
2529 679 2741 747 aliaque
2775 693 3006 747 corpora
3041 679 3198 731 nobis
3227 679 3455 739 servire,
3486 693 3593 731 non

307 769 576 839 ρήκασιν
597 771 726 840 ἡμῖν
755 769 1023 823 δουλεύειν
1047 771 1194 840 ἥλιον
1228 771 1323 826 καὶ
1349 770 1414 822 τὰ
1443 771 1498 821 ὲν
1529 770 1586 821 ού
1597 768 1760 840 ρανῷ,
1789 767 1922 821 ἀλλὰ

305 862 439 914 καὶ
469 865 496 915 ὁ
524 863 664 915 κατά
688 881 837 926 τινας
863 865 1155 930 Σκηνικδς
1189 865 1514 934 φιλόσοφος
1546 863 1676 932 (79),
1706 862 1797 914 καὶ
1825 879 1923 930 φυ-

307 951 609 1020 διολογίας
665 953 765 1021 τῆς
838 953 1197 1024 Ἀναξαγόρου
1253 953 1543 1021 γενόμενος
1609 951 1914 1020 ἀκροατής·

306 1038 490 1104 ὅστις
527 1041 633 1095 ἀπὸ
666 1043 781 1106 ἐνὸς
812 1043 1028 1112 λογικοῦ
1071 1043 1164 1097 τοῦ
1199 1043 1482 1114 ἀνθρώπου
1530 1041 1920 1112 συνεκδοχικῶς

306 1135 474 1186 πᾶσι
505 1138 615 1198 τοῖς
647 1134 880 1203 λογικοῖς
907 1137 1219 1207 τεταγμένα
1242 1136 1350 1207 (80)
1383 1139 1438 1188 ἐν
1473 1135 1550 1206 τῷ
1585 1137 1746 1188 παντί
1789 1152 1921 1205 φησι

307 1220 624 1288 δουλεύειν,
649 1224 951 1295 δηλούμενα
982 1225 1139 1277 πάλιν
1174 1226 1564 1294 συνεκδοχικῶς
1595 1227 1658 1278 ἐκ
1685 1224 1806 1277 τοῦθ

483 1487 692 1551 Ἥλιος
715 1487 831 1555 μὲν
862 1489 977 1553 νύξ
1003 1507 1068 1542 τε
1097 1489 1370 1543 δουλεύει
1395 1490 1657 1558 βροτοῖς.

323 1576 414 1630 Ἠ
445 1577 583 1647 τάχα
617 1578 709 1631 καὶ
733 1581 761 1630 ὁ
787 1583 1050 1650 τραγικὸς
1082 1583 1187 1634 ἀπὸ
1211 1583 1305 1636 τοῦ
1348 1584 1623 1648 ποιοῦντος
1650 1586 1748 1655 τὴν
1781 1586 1916 1655 ἡμέ-

321 1686 443 1740 ραν
487 1669 638 1738 ἡλίου
681 1670 930 1741 ὠνόμασε
979 1673 1074 1744 τὴν
1117 1675 1345 1745 ἡμέραν,
1392 1675 1676 1741 διδάσκων,
1727 1678 1805 1730 ὅτι
1847 1677 1915 1730 τὰ

2029 771 2386 837 quorumdam
2437 769 2702 822 duntaxat
2735 783 2853 822 esse
2893 767 3198 821 Judarornm
3229 777 3281 822 ct
3331 768 3594 821 Christia-

2031 875 2245 922 norum,
2274 861 2366 912 sed
2398 859 2559 911 etiam
2593 859 2755 924 illius,
2781 875 2942 927 quem
2969 861 3184 928 quidam
3211 851 3402 912 vocant
3430 857 3595 912 Thea-

2033 952 2103 1003 lri
2146 951 2512 1018 philosophum
2546 991 2557 1010 ,
2596 952 2799 1016 quique
2846 952 3120 1020 physicam
3153 951 3220 1004 ab
3272 955 3592 1019 Anaxagora

2027 1043 2220 1096 doctus
2254 1041 2453 1094 fuerat.
2494 1038 2543 1093 is
2577 1051 2757 1093 autem
2792 1057 2910 1093 cum
2962 1043 3038 1094 ait
3071 1043 3274 1096 homini
3315 1060 3398 1097 res
3435 1047 3594 1114 hujus

2027 1129 2263 1183 universi
2295 1130 2524 1193 servire,
2557 1140 2710 1197 parte
2743 1145 2840 1197 pro
2875 1139 2988 1183 toto
3021 1144 3254 1202 sumpta,
3281 1151 3468 1189 omnes
3500 1151 3592 1188 na-

2028 1231 2178 1273 tnras
2224 1221 2448 1274 rationis
2480 1219 2771 1288 participes
2815 1219 3099 1289 intelligit;
3137 1225 3590 1291 quemadmodum

2026 1313 2220 1376 eodem.
2248 1313 2501 1366 dictionis
2537 1319 2733 1366 ornatu
2771 1327 2858 1366 res
2902 1313 3060 1380 hujus
3104 1316 3339 1370 universi
3381 1319 3591 1388 signiti-

2024 1411 2114 1456 cat
2144 1419 2265 1457 cum
2296 1405 2403 1456 ait:

2237 1495 2354 1556 Sol,
2393 1513 2516 1558 nom,
2550 1509 2758 1565 uterque
2790 1496 3018 1548 serviunt
3049 1497 3376 1552 mortalibus.

2025 1586 2284 1640 Fortasse
2318 1590 2480 1642 etiam
2527 1589 2762 1656 tragicus
2794 1588 2884 1641 ille
2924 1579 3082 1655 poeta
3119 1590 3248 1642 solis
3291 1605 3418 1644 voce
3447 1591 3586 1645 diem

2023 1685 2342 1754 designavit,
2364 1687 2490 1754 quia
2525 1686 2603 1739 sol
2630 1687 2770 1740 diem
2804 1684 2998 1752 eﬂicit;
3032 1697 3089 1739 ut
3126 1687 3388 1741 indicaret
3414 1689 3498 1742 die
3525 1705 3588 1744 ac

325 1762 576 1832 μάὶιστα
621 1762 889 1836 χρῄζοντα
921 1765 1134 1835 ἡμέρας
1167 1767 1259 1819 καὶ
1300 1767 1492 1831 νυκτὸς
1525 1769 1590 1821 τὰ
1623 1769 1726 1821 ὑπὸ
1762 1769 1905 1839 σελή-

2024 1788 2184 1833 nocte
2232 1779 2470 1833 maxime
2518 1795 2652 1848 opus
2706 1768 2907 1833 habere
2953 1794 3072 1848 quae
3116 1781 3215 1833 sub
3261 1781 3384 1833 luna
3421 1795 3588 1846 sunt;

321 1870 436 1924 νην
469 1854 615 1905 ἐστί·
655 1854 747 1906 καὶ
793 1855 888 1924 ούχ
917 1855 1086 1918 οὕτως
1119 1857 1271 1918 ἄλλα,
1301 1858 1375 1922 ὡς
1419 1859 1485 1912 τά
1512 1861 1602 1912 ἐπὶ
1633 1862 1735 1932 γῆς
1781 1861 1912 1931 (81).

337 1946 565 2016 Ἱῐμέρα
600 1942 691 2000 οὖν
723 1947 815 1999 καὶ
849 1947 942 2011 νὺξ
975 1947 1209 2001 δουλεύει
1243 1950 1484 2020 βροτοῖς,
1516 1953 1802 2023 γενόμεναι
1831 1953 1917 2007 διὰ

325 2037 404 2089 τὰ
426 2038 634 2105 λογικά.
666 2040 726 2090 Εἰ
754 2038 806 2089 δὲ
837 2040 1282 2109 παραπολαύουσι
1309 2043 1595 2114 μύρμηκες
1621 2047 1713 2097 καὶ
1738 2049 1912 2115 μυῖαι,

322 2128 678 2201 ἐνεργοῦντες
717 2130 814 2198 μὲν
863 2131 1092 2202 ἡμέρας,
1129 2135 1320 2198 νυκτὸς
1351 2135 1406 2186 δὲ
1437 2135 1913 2207 διαναπαυόμενοι,

318 2221 438 2272 τῶν
471 2220 536 2272 δι’
580 2219 899 2292 ἀνθρώπους
931 2226 1340 2295 γεγενημένων
1373 2229 1493 2297 οὐχὶ
1528 2231 1621 2281 καὶ
1651 2229 1736 2282 διὰ
1776 2231 1914 2301 μύρ-

323 2329 518 2384 μηκας
549 2315 640 2366 καὶ
667 2315 830 2384 μυίας
859 2315 1076 2368 λεκτέον
1099 2318 1308 2389 ἡμέραν
1334 2319 1577 2387 γίνεσθαι
1598 2323 1691 2374 καὶ
1713 2322 1880 2374 νύκτα
1900 2341 1913 2354 ο

317 2405 449 2457 οὐδὲ
475 2405 541 2458 δι’
560 2407 728 2469 οὐδὲν,
751 2406 889 2460 ἀλλά
911 2408 1052 2461 κατὰ
1071 2409 1353 2479 Πρόνοιαν,
1385 2411 1684 2482 ἀνθρώπων
1709 2413 1914 2480 ἕνεκεν,

316 2498 501 2552 ταῦτα
533 2499 637 2570 χρὴ
671 2498 908 2569 νομίζειν
941 2501 1247 2568 γεγονέναι.

414 2697 571 2768 Ἑξῆς
615 2699 670 2751 δὲ
713 2699 923 2765 τούτοις
970 2702 1078 2773 (82)
1120 2702 1297 2774 ἐαυτῷ
1321 2705 1684 2776 ἀνθυποφέρει
1723 2708 1791 2762 τὰ
1839 2708 1912 2773 ώς

323 2793 472 2863 ὑπὲρ
507 2792 807 2863 ἀνθρώπιον
846 2793 1133 2866 λεγόμενα,
1171 2797 1251 2849 ὃτι
1301 2797 1367 2849 δι’
1406 2798 1601 2861 αὐτοὺς
1632 2801 1699 2853 τὰ
1743 2801 1913 2870 ἄλογα

320 2884 442 2948 ζῶα
476 2885 954 2958 δεδημιούργηται,
995 2889 1087 2942 καί
1116 2906 1301 2959 φησιν,
1338 2891 1438 2955 ὅτι,
1485 2912 1509 2948 ο
1547 2894 1613 2944 Εἴ
1653 2912 1734 2956 τις
1766 2897 1912 2966 ἡμᾶς

319 2979 472 3047 λέγοι
511 2979 775 3050 ἄρχοντας
811 2981 918 3033 τῶν
957 2980 1131 3046 ζώων,
1170 2983 1292 3036 ἐπεὶ
1327 2984 1485 3054 ἡμεῖς
1527 2985 1593 3038 τα
1635 2986 1765 3039 ἄλλα
1798 2988 1910 3051 ζῶα

322 3072 584 3143 θηρῶμέν
611 3073 721 3144 (85)
767 3092 827 3127 τε
860 3076 954 3128 καὶ
983 3074 1318 3146 δαινύμεθαο
1354 3078 1618 3149 φήσομεν,
1655 3080 1733 3131 ὅτι
1768 3081 1832 3132 Τί
1866 3080 1908 3132 δ’

323 3165 450 3234 οὐχὶ
496 3165 693 3234 μᾶλλον
730 3165 840 3236 (84)
875 3170 1033 3238 ἡμεῖς
1079 3168 1146 3221 δι’
1192 3170 1372 3222 ἐκεῖνα
1417 3170 1739 3242 γεγόναμεν,
1786 3175 1906 3227 ἐπεὶ

326 3257 514 3308 ἐκεῖνα
537 3256 768 3328 θηρᾶται
798 3261 943 3329 ἡμᾶς
963 3261 1056 3314 καὶ
1087 3261 1290 3326 ὲσθίει;
1332 3263 1490 3316 Ἀλλὰ
1518 3265 1610 3316 καὶ
1648 3267 1777 3336 ἡμῖν
1812 3268 1908 3337 μὲν

327 3348 548 3420 ἀρκύων
580 3352 671 3403 καὶ
695 3350 873 3403 ὅπλων
903 3352 999 3415 δεῖ,
1036 3355 1130 3405 καὶ
1161 3353 1462 3424 ἀνθρώπων
1495 3356 1753 3409 πλειόνων
1788 3358 1909 3429 βοη-

327 3439 459 3503 θῶν,
495 3442 589 3493 καὶ
623 3442 819 3507 κυνῶν,
862 3444 1002 3496 κατὰ
1024 3444 1131 3496 τῶν
1167 3445 1571 3516 θηρευομένων·
1609 3450 1833 3513 ἐκείνοις
1861 3451 1905 3502 δ’

323 3533 527 3587 αὐτίκα
561 3535 654 3588 καὶ
681 3535 800 3588 καθ’
831 3536 969 3589 αὐτὰ
994 3539 1024 3607 ἡ
1053 3540 1211 3606 φύσις
1232 3539 1370 3592 ὅπλα
1395 3539 1644 3600 δέδωκεν,
1670 3544 1906 3614 εὐχερῶς

320 3627 473 3696 ἡμᾶς
498 3627 777 3694 ὑπάγουσα
808 3629 1055 3693 ἐκείνοις.
1099 3649 1117 3680 ι
1148 3631 1255 3682 Καὶ
1279 3631 1507 3685 ἐνταῦθα
1535 3633 1588 3685 δὲ
1619 3636 1766 3704 ἀρξες,
1788 3635 1906 3687 τίνα

319 3716 568 3787 τρόπονη
596 3717 809 3781 σύνεσις
829 3718 969 3788 μέγα
995 3718 1244 3790 βοήθημα
1269 3723 1400 3792 ἡμῖν
1418 3722 1644 3786 δέδοται,
1665 3725 1758 3779 καὶ
1776 3742 1908 3778 παν-

318 3809 416 3871 τὸς
427 3809 590 3862 ὅπλου
614 3814 876 3882 κρεῖττον,
895 3805 954 3864 οὗ
966 3813 1109 3865 δοκεῖ
1126 3812 1267 3883 ἔχειν
1281 3815 1346 3868 τά
1367 3815 1428 3885 θη
1438 3816 1548 3886 ρία.
1575 3817 1760 3886 Ἡμεῖς
1775 3818 1906 3884 γοῦν

319 3902 374 3954 οἱ
422 3901 599 3971 πολλῷ
643 3901 720 3972 τῷ
772 3902 980 3972 σώματι
1029 3905 1134 3957 τῶν
1169 3905 1321 3968 ζώων
1508 3907 1901 3981 ἀσθενέστεροι,

318 3993 486 4048 τινῶν
533 3993 588 4047 δὲ
623 3997 718 4047 καὶ
752 3998 831 4058 εἰς
874 3997 1178 4067 ὑπερϐολὴν
1221 3999 1563 4071 βραχύτεροι,
1601 4003 1906 4074 κρατοῦμεν

321 4085 417 4139 διὰ
447 4086 544 4158 τὴν
578 4086 791 4138 σύνεσιν
831 4087 939 4142 τῶν
983 4088 1207 4159 Θηρίων,
1258 4092 1350 4144 καὶ
1389 4093 1516 4156 τοὺς
1557 4095 1904 4164 τηλικούτους

323 4177 625 4246 ἐλέφαντας
660 4177 980 4250 θηρεύομεν,
1031 4180 1098 4233 τὰ
1129 4182 1226 4251 μὲν
1259 4185 1544 4252 πεφυκότα
1589 4185 1906 4239 τιθασσεύε-

326 4266 450 4322 σθαι
494 4267 886 4334 ὑποτάσσοντες
914 4274 977 4342 τῇ
1019 4273 1263 4343 ἡμετέρᾳ
1301 4275 1629 4345 ἡμερότητι·
1667 4275 1806 4329 κατὰ
1849 4275 1904 4329 δὲ

323 4357 433 4412 τῶν
462 4359 536 4431 μὴ
566 4361 954 4433 πεφυκότων,ἧ
987 4365 1060 4435 μὴ
1087 4364 1384 4418 δοκούντων
1408 4369 1538 4438 ἡμῖν
1568 4368 1752 4438 χρείαν
1768 4386 1907 4441 παρ-

2021 1882 2213 1926 cmtera
2245 1888 2350 1925 non
2388 1887 2538 1940 teque
2569 1889 2631 1926 ac
2659 1888 2720 1927 ea
2753 1887 2872 1937 quae
2905 1884 3028 1926 sunt
3059 1874 3108 1926 in
3137 1885 3297 1926 terra.
3329 1873 3455 1928 Dies
3489 1873 3586 1942 igi-

2021 1974 2105 2018 tur
2148 1975 2204 2018 et
2256 1980 2362 2018 nox
2424 1967 2745 2019 mortalibus
2803 1969 3086 2026 serviunt,
3133 1975 3358 2034 uterque
3413 1966 3590 2022 factus

2021 2066 2244 2126 prepler
2266 2065 2491 2110 naturas
2532 2057 2746 2109 ratione
2774 2058 3049 2125 praeditas.
3079 2058 3132 2112 Si
3163 2067 3337 2111 autem
3363 2067 3588 2127 uterque

2019 2159 2239 2218 propter
2257 2149 2503 2202 homines
2528 2161 2738 2202 creatus
2771 2151 2988 2218 prodest
3019 2148 3263 2205 formicis
3286 2162 3339 2203 et
3365 2154 3582 2218 muscis,

2017 2258 2137 2312 qum
2189 2256 2285 2308 per
2339 2240 2478 2294 diem
2515 2239 2767 2294 laborant
2817 2253 3083 2309 noctuque
3139 2243 3582 2310 conquiescunt:

2019 2351 2123 2388 non
2175 2333 2376 2386 idcirco
2405 2332 2587 2385 dicere
2634 2343 2846 2400 oportet
2895 2332 3242 2386 formicarum
3276 2342 3329 2386 et
3367 2349 3584 2387 musca.

2019 2444 2136 2481 rum
2167 2439 2332 2480 causa
2386 2423 2528 2477 facta
2561 2440 2682 2478 esse
2713 2426 2853 2478 diem
2887 2441 2950 2478 ac
2998 2434 3210 2477 noctem
3239 2467 3253 2487 ,
3289 2437 3381 2477 aut
3427 2426 3478 2478 in
3520 2427 3584 2478 iis

2015 2524 2266 2577 creandis
2317 2522 2423 2576 alio
2475 2531 2750 2590 spectasse
2799 2519 3250 2584 Providentiam,
3300 2534 3460 2588 quam
3514 2520 3582 2572 ad

2017 2616 2285 2670 homines.
2785 2609 2789 2618 ’

2086 2707 2174 2761 78.
2210 2705 2413 2760 Deinde
2458 2706 2557 2760 sibi
2603 2705 2790 2775 objicit
2825 2707 2968 2774 quod
3003 2721 3099 2775 pro
3141 2706 3450 2761 hominibus
3494 2707 3580 2760 di-

2015 2803 2176 2865 citur,
2210 2804 2365 2853 bruta
2402 2814 2593 2868 nempe
2627 2800 2883 2852 animalia
2913 2799 3124 2853 illorum
3159 2815 3319 2854 causa
3356 2815 3476 2855 esse
3502 2799 3582 2854 fa-

2013 2899 2122 2954 cta,
2166 2901 2221 2943 et
2257 2890 2364 2942 ait:
2413 2906 2431 2938 ‹
2464 2887 2518 2941 Si
2573 2891 2694 2956 quis
2723 2905 2823 2944 nos
2870 2905 3022 2958 reges
3057 2891 3411 2943 animantium
3460 2905 3582 2947 esse

2013 2983 2177 3045 dicat,
2204 2983 2344 3048 quod
2377 2981 2455 3034 eis
2494 2983 2543 3033 in
2573 2981 2816 3034 venando
2841 2983 3010 3050 captis
3034 2982 3219 3050 epulas
3244 2982 3577 3048 instruimus,

2017 3075 2349 3140 respondebo
2392 3091 2406 3128 :
2441 3074 2550 3127 Cur
2580 3091 2682 3126 non
2718 3073 2896 3142 potius
2923 3089 3020 3128 nos
3059 3084 3280 3142 pr0pter
3311 3075 3429 3128 illas
3465 3075 3578 3128 nati

2015 3181 2201 3219 sumus
2224 3205 2238 3228 ,
2274 3165 2710 3234 quandoquidem
2749 3165 2850 3218 illae
2878 3181 2978 3219 nos
3006 3177 3056 3218 et
3093 3175 3362 3219 venantur
3399 3175 3456 3218 et
3489 3167 3578 3220 de-

2011 3261 2247 3314 vorant?
2277 3261 2584 3314 Praasertim
2620 3276 2740 3314 cum
2772 3269 2959 3313 contra
2989 3258 3109 3313 illas
3141 3259 3298 3313 nobis
3330 3261 3533 3314 retibus
3560 3301 3574 3320 .

2011 3353 2198 3416 armis,
2233 3353 2591 3422 complurium
2623 3354 2900 3406 hominum
2935 3351 3158 3416 auxilio,
3192 3351 3417 3405 canibus
3441 3368 3578 3420 opus

2008 3444 2077 3498 sit
2103 3461 2118 3509 ;
2157 3444 2265 3496 illis
2291 3454 2471 3496 autem
2500 3453 2690 3510 sponte
2719 3452 2910 3496 natura
2939 3458 3089 3495 arma
3123 3443 3348 3506 dederit,
3381 3444 3577 3512 quibus

2009 3553 2107 3590 nos
2129 3535 2228 3590 sibi
2257 3535 2398 3589 facili
2432 3534 2592 3606 562
2620 3537 2833 3604 negotio
2858 3533 3170 3600 subjiciam.
3193 3553 3210 3585 ι
3239 3535 3415 3600 Atque
3444 3535 3574 3588 hinc

2010 3630 2157 3682 vides
2192 3627 2512 3681 industriam
2553 3627 2708 3680 nobis
2743 3640 2862 3679 esse
2895 3642 3145 3695 magnum
3177 3625 3460 3687 auxilium,
3497 3627 3577 3678 id-

2007 3736 2111 3789 que
2138 3722 2485 3788 praesxantius
2511 3717 2678 3771 armis
2709 3733 2828 3786 qua:
2855 3717 2984 3771 feris
3008 3718 3184 3771 inesse
3212 3717 3482 3771 videntur.
3513 3716 3575 3770 Et

2007 3814 2248 3883 quidem,
2281 3811 2494 3866 etiamsi
2546 3811 2758 3865 viribus
2791 3811 3040 3879 corporis
3075 3825 3172 3864 nos
3206 3810 3374 3864 multo
3406 3825 3574 3879 supe—

2009 3916 2130 3959 rent
2161 3906 2486 3968 animantes,
2514 3913 2568 3957 et
2597 3904 2918 3973 quihusdam
2943 3903 3316 3972 magnitudine
3347 3907 3574 3956 innuen-

2006 4015 2125 4054 sum
2172 4000 2429 4054 cedamus
2453 4039 2468 4063 ,
2519 3997 2639 4052 illas
2672 4006 2849 4051 tanien
2896 3997 2946 4050 in
2978 4004 3218 4050 nostram
3249 4004 3572 4064 potestatem

2008 4101 2195 4147 nostra
2233 4091 2431 4162 redigit
2464 4088 2602 4145 ratio
2634 4100 2796 4159 atque
2827 4088 3068 4143 solertia.
3103 4087 3428 4156 Elephantes
3452 4102 3576 4142 cor-

2003 4186 2152 4256 poris
2187 4185 2328 4241 mole
2365 4193 2543 4240 tantos
2575 4183 2820 4238 venando
2852 4184 3250 4246 nanciscimur;
3283 4197 3400 4249 quae
3421 4182 3573 4236 cicu-

2007 4279 2112 4332 rari
2141 4287 2386 4344 possunt,
2432 4293 2525 4332 eas
2560 4286 2744 4332 nostra
2798 4276 3212 4330 mansuetudine
3255 4274 3412 4328 nobis
3447 4273 3574 4329 sub-

2006 4371 2205 4424 dimus.
2241 4369 2370 4436 Quae
2410 4369 2754 4424 mansuefieri
2774 4367 3573 4437 nequeunt,autmansuefacta:

325 4452 467 4522 ἐχειν
529 4455 594 4505 ὲκ
640 4452 735 4523 τῆς
770 4451 1101 4519 τιθασσείας,
1150 4455 1288 4508 οὕτω
1325 4457 1460 4527 μετὰ
1499 4457 1600 4526 τῆς
1631 4458 1900 4530 ἡμετέρας

2014 4462 2136 4515 nulli
2187 4462 2343 4517 nobis
2380 4461 2498 4514 usui
2539 4471 2765 4528 essent,
2824 4463 2897 4527 ita
2946 4476 3045 4516 nos
3093 4462 3162 4516 ab
3203 4462 3309 4518 illis
3351 4478 3572 4520 securos

327 4542 589 4613 ἱστάμεθα
619 4543 934 4612 ἀσφαλείας,
966 4544 1128 4609 ὥστε,
1163 4546 1250 4598 ὅτε
1289 4545 1386 4616 μὲν
1428 4545 1746 4616 βουλόμεθα,
1784 4546 1902 4617 ἔχο-

331 4653 424 4706 μεν
457 4637 524 4690 τὰ
567 4637 865 4708 τηλικαῦτα
900 4637 1073 4709 ,θηρία
1118 4638 1649 4710 κατακεκλεισμένα·
1711 4641 1797 4693 ὅτε
1846 4640 1902 4693 δὲ

329 4729 596 4800 χρῄζομεν
620 4730 825 4810 τροφῇς
855 4729 954 4800 τῆς
983 4731 1089 4782 ἀπὸ
1130 4729 1236 4783 τῶν
1282 4731 1546 4800 σωμάτων
1577 4731 1774 4793 αὐτῶν,
1807 4731 1900 4784 ού-

330 4834 434 4878 τως
462 4819 596 4872 αὐτὰ
623 4821 974 4892 ἀναιρούμεν,
1001 4823 1075 4886 ὡς
1099 4823 1192 4875 καὶ
1213 4821 1278 4874 τὰ
1304 4821 1376 4892 μὴ
1403 4823 1565 4893 ἄγρια
1593 4823 1700 4875 τῶν
1724 4823 1898 4886 ζώων.

331 4908 499 4960 Δοῦλα
531 4906 622 4962 οὖν
652 4912 826 4965 πάντα
853 4913 946 4966 τοῦ
977 4913 1195 4982 λογικοῦ
1230 4912 1366 4977 ζώου
1397 4916 1488 4967 καὶ
1524 4915 1623 4984 τῆς
1664 4915 1900 4984 φυσικῆς

332 5000 490 5053 αὑτοῦ
525 5003 785 5066 συνέσεως
813 5007 1211 5059 κατεσκεύασεν
1249 5007 1277 5058 ὁ
1301 5007 1650 5080 δημιουργός.
1681 5009 1788 5060 Καὶ
1817 5010 1898 5073 εἰς

397 5201 511 5281 (ῖθ)
536 5206 1203 5281 Σκηνικὸςριλόσοφος.
1230 5209 1511 5276 Euripides
1569 5227 1759 5281 nempe
1806 5213 1894 5280 qui

334 5272 398 5326 ab
421 5272 690 5348 Athenaeo
717 5285 770 5348 et
815 5272 1086 5348 (iletnente
1142 5272 1531 5344 Mesandrino,
1563 5272 1894 5348 Stroinatfv,

334 5352 563 5418 vocatur:
598 5347 627 5397 ὁ
681 5347 771 5398 ἐπὶ
807 5347 1157 5418 τῆςνσκηνῆς
1214 5349 1518 5418 φιλόσοφος.
1589 5350 1784 5403 Suidas
1846 5355 1896 5404 in

332 5413 885 5498 Ei'ipmltSJAtﬁxoucs
913 5417 967 5470 δὲ
1021 5413 1125 5473 καῖ’
1161 5413 1517 5491 Ἀναξαγόρου
1544 5420 1638 5472 τοῦ
1688 5420 1896 5485 Κλαζο-

334 5499 532 5554 μενιου.

401 5553 511 5632 (80)
540 5553 892 5632 ᾘεζαγέέέιξα.
929 5558 1287 5632 Scribendnm
1315 5559 1457 5632 forte
1476 5559 1543 5612 τα
1569 5563 1891 5632 τεταγμένα,

336 5624 406 5704 uti
445 5627 690 5704 conjicit‘
723 5624 977 5704 Quietus.
1016 5629 1156 5704 lnl'ra
1211 5632 1387 5704 codex
1436 5624 1896 5704 Joli:ilius,"¥,lt0;

331 5693 431 5815 gfx:
459 5695 554 5759 νύξ
581 5715 638 5749 τε
663 5697 899 5752 δουλεύει
927 5700 1159 5772 βροτοῖς.
1207 5702 1262 5757 In
1299 5711 1458 5756 antea
1510 5693 1692 5759 editis
1718 5693 1894 5775 deest,

384 5765 557 5815 υΑεύει
589 5766 814 5815 ϐροτοῖς-

384 5766 557 5820 υλεύει
587 5766 814 5838 βροτοῖς.

1952 5769 1979 5778 ⁴

2006 4555 2282 4608 reddimus
2307 4595 2322 4616 ,
2359 4566 2418 4607 ut
2447 4553 2587 4613 illas.
2619 4555 2833 4623 quando
2861 4554 3044 4618 lubet,
3079 4554 3310 4610 inclusas
3339 4557 3562 4611 retinea-

2005 4664 2161 4710 mus;
2190 4662 2314 4702 cum
2345 4657 2524 4700 autem
2554 4647 2764 4700 illarum
2801 4647 3119 4715 corporibus
3146 4650 3212 4701 ad
3249 4649 3570 4703 vescendum

2004 4755 2140 4808 Opus
2159 4751 2260 4806 est,
2277 4757 2427 4810 aeque
2461 4742 2618 4796 facile
2651 4741 2772 4796 illas
2799 4744 3098 4795 occidimus
3129 4757 3192 4804 ac
3223 4743 3567 4798 domesticas.

2003 4833 2269 4888 Animalis
2306 4835 2473 4904 igitur
2528 4835 2740 4888 ratione
2783 4833 2994 4903 praediti
3049 4832 3281 4886 naturali
3330 4833 3570 4888 solertiae

2001 4924 2262 4980 Conditor
2293 4926 2476 4980 onmia
2523 4926 2778 4979 animalia
2819 4924 3078 4981 subdidit.
3121 4927 3297 4993 Atque
3333 4928 3459 4981 hinc
3487 4935 3572 4982 est

2001 5019 2142 5088 quod
2159 5020 2387 5074 canibus
2402 5020 2630 5089 exempli
2649 5036 2811 5074 causa
2833 5020 2897 5073 ad
2914 5036 3156 5091 gregum,
3176 5036 3360 5074 arinen
3371 5030 3568 5082 torum,

2074 5212 2186 5284 (81)
2215 5211 2498 5284 Vitiosein
2531 5224 2689 5268 antea
2718 5213 3224 5284 editislegitur,xa‘.
3248 5213 3346 5283 οὐχ
3375 5209 3566 5274 οὕτως,

2000 5282 2136 5337 ἀλλὰ
2167 5285 2240 5348 ὡς
2272 5284 2340 5336 τὰ
2365 5283 2455 5336 ἐπὶ
2487 5285 2607 5353 γῆς.

2073 5355 2185 5423 (82)
2233 5355 2403 5421 Ἑξῆς
2431 5351 2775 5420 estcomm,
2811 5367 3129 5420 etc.,usque
3162 5352 3227 5406 ad
3268 5352 3386 5423 ista,
3417 5351 3567 5422 δεδη-

2002 5426 2673 5498 μιούργηταιβιψδιΙι-ιιλιιιι·
2707 5445 2735 5477 c
2772 5425 3080 5498 Philoealia.

2071 5490 2186 5562 (85)
2219 5490 2798 5558 ΕιιιιοιιίἸἸιίΙ()‹;;ιΙί;ι,
2869 5496 3131 5564 ἄρχοντα-τ
3184 5490 3291 5546 τῶν
3333 5493 3563 5560 ἀλόγων,

1999 5569 2118 5620 ἐπεὶ
2144 5569 2303 5637 ἡμεῖς
2330 5572 2397 5621 τα
2431 5566 2601 5634 ἄλογα
2635 5565 2909 5637 θηρῶμεν.

2068 5635 2193 5703 (84)
2215 5639 2556 5692 Ilmschelius
2582 5649 2635 5688 et
2665 5635 2991 5703 spelicerus,
3034 5636 3113 5688 ὅτι
3143 5636 3260 5706 οὐχὶ
3288 5635 3506 5706 μᾶλλον.

2069 5709 2182 5780 (85)
2211 5708 2527 5776 Philocalia,
2557 5707 2778 5777 θηριων.
2806 5743 2822 5760 .
