3986 6164
418 250 552 310 “Si

1888 250 2229 308 'ORIGENIS

3522 251 3765 309 υπς’

412 377 700 429 cultiorem
738 369 1079 435 custodiam,
1129 369 1301 424 bobus
1335 370 1402 425 ad
1436 368 1873 437 agriculturam,
1896 368 1984 436 ju-

2097 368 2226 422 ἀλλα
2259 368 2359 439 μὲν
2398 367 2571 422 κυνῶν
2607 366 2899 439 χρῄζομεν,
2931 367 3053 438 φέρ’
3090 366 3283 429 εἰπεῖν,
3315 366 3395 430 είς
3426 364 3762 435 φυλακὴν

414 461 616 516 mentis
658 469 724 514 ad
774 457 996 515 ferenda
1045 474 1213 515 onera
1268 460 1492 515 utimur.
1548 460 1641 516 Sic
1673 463 1833 516 etiam
1870 463 1982 515 nati

360 574 382 591 ο
415 562 541 607 sunt
579 552 802 618 leones,
852 553 998 616 ursi,
1037 551 1233 622 pardi,
1280 553 1397 622 apri
1447 552 1671 623 aliaeque
1721 554 1771 608 id
1806 570 1979 625 genus

413 646 735 709 animantes,
765 642 968 712 quibus
993 645 1369 704 excitarentur
1387 644 1605 715 virtutis
1630 647 1839 703 semina
1866 661 1985 715 quae

417 737 573 794 nobis
606 739 763 792 insita
788 747 937 792 sunt.

481 996 572 1053 79.
624 995 821 1052 Postea
856 997 1105 1054 homines
1150 1014 1305 1054 suam
1340 1015 1452 1070 prae
1483 1002 1853 1057 animantibus
1899 1020 1989 1058 ra-

414 1088 563 1145 tione
607 1089 836 1160 privatis
882 1090 1263 1145 excellentiam
1312 1102 1675 1162 aguoscentes
1707 1093 1793 1147 his
1841 1110 1987 1148 com-

411 1181 574 1254 pellat
602 1182 810 1238 verbis:
841 1183 958 1239 «Ad
993 1184 1045 1238 id
1072 1188 1216 1254 quod
1244 1185 1428 1241 dicitis
1464 1185 1646 1241 datam
1685 1187 1837 1243 vobis
1867 1202 1988 1243 esse

414 1294 444 1329 a
472 1275 581 1332 Deo
606 1271 751 1332 feras
767 1278 1017 1347 capiendi
1053 1288 1106 1332 et
1136 1278 1422 1335 occidendi
1457 1288 1816 1347 potestatem;
1846 1281 1989 1335 veri-

413 1368 592 1424 simile
629 1380 753 1434 est,
793 1377 1085 1436 antequam
1136 1370 1297 1424 urbes
1336 1378 1519 1423 essent
1548 1380 1603 1424 et
1649 1380 1795 1425 artes
1823 1378 1988 1437 atque

409 1462 672 1530 ejusmodi
699 1462 1017 1527 societates,
1051 1472 1177 1517 ante
1207 1477 1360 1518 arma
1405 1471 1460 1518 et
1490 1476 1698 1528 casses,
1738 1463 1989 1517 homines

410 1568 442 1609 a
480 1553 611 1608 feris
641 1565 829 1623 captos
861 1561 916 1608 et
948 1553 1238 1610 devoratos
1269 1554 1477 1621 fuisse;
1527 1554 1672 1610 feras
1702 1566 1883 1610 autem
1920 1554 1989 1609 ab

411 1644 726 1699 hominibus
752 1658 1112 1713 nequaquam.
1149 1662 1168 1695 ι
1202 1643 1300 1699 llic
1325 1645 1465 1709 vide,
1499 1644 1711 1699 tametsi
1739 1645 1986 1700 homines

2087 460 2374 530 ποιμνίων,
2416 460 2449 530 ἢ
2500 458 2809 530 βουκολίων,
2850 457 2885 529 ἢ
2924 456 3206 521 αἰπολίων,
3245 456 3279 528 ἢ
3330 455 3554 509 οἰκιῶν·
3622 456 3759 517 εἰς

2086 552 2222 607 ἄλλα
2262 553 2319 605 δέ
2363 551 2523 623 βοῶν,
2557 546 2668 605 οἷον
2719 553 2800 615 εἰς
2844 550 3114 622 γεωργίαν
3161 549 3291 620 (86)’
3334 549 3414 612 είς
3460 548 3627 602 alia
3675 545 3753 598 δ’

2087 645 2399 713 ὑποζυγίοις
2421 643 2748 718 χρώμεθα,ἢ
2773 644 3115 715 ἀχθοφόροις.
3142 642 3331 706 υῦτως
3356 642 3438 705 είς
3460 639 3747 709 γυμνι-

2087 751 2200 788 σιον
2244 735 2351 788 τῶν
2388 736 2487 807 τῆς
2516 734 2767 806 ἀνδρείας
2800 737 2856 787 ἐν
2900 737 3030 805 ἡμῖν
3067 733 3396 805 σπερμάτων
3424 729 3745 784 δεδόσθαι

2085 826 2217 895 ἡμῖν
2244 823 2460 891 λέγεται
2489 824 2553 877 τὸ
2579 823 2827 888 λεόντων,
2864 825 2957 877 καὶ
2990 823 3227 894 ἄρκτων,
3260 820 3587 890 παρδάλεών
3638 836 3737 874 τι

2087 915 2182 966 καὶ
2216 913 2379 978 συῶν,
2422 914 2513 967 καὶ
2545 913 2606 966 τὸ
2637 912 2746 966 τῶν
2775 913 3030 967 τοιούτων
3059 914 3236 983 γένος,

2157 1001 2287 1059 Εἶτα
2329 1005 2476 1075 λέγει
2524 1006 2658 1078 πρὸς
2702 1006 2763 1059 τὺ
2813 1005 2922 1058 τῶν
2968 1002 3375 1076 αἰσθανομένων
3414 1003 3513 1073 τῆς
3544 1005 3735 1057 ἐαυ-

2084 1095 2195 1149 τῶν
2240 1097 2513 1168 ὑπεροχῆς
2566 1095 2870 1168 ἀνθρώπων
2919 1095 3095 1164 γένος,
3137 1095 3203 1165 ἦν
3250 1091 3506 1162 ὑπερέχει
3562 1089 3732 1143 τῶν

2087 1188 2296 1257 ἀλόγων
2329 1187 2502 1254 ζώων,
2543 1188 2655 1251 ὅτι,
2690 1207 2708 1239 r
2753 1188 2896 1258 Πρὸς
2920 1186 2949 1239 ὃ
2983 1186 3140 1257 ὑμεῖς
3164 1200 3321 1253 φατε,
3365 1184 3442 1247 ώς
3472 1185 3500 1236 ὁ
3534 1181 3723 1246 Θεὸς

2088 1280 2217 1352 ὑμῖν
2250 1280 2479 1334 δέδωκεν
2498 1284 2670 1349 αἱρεῖν
2702 1280 2810 1351 (87)
2837 1279 2906 1332 τά
2935 1278 3099 1351 θηρία
3131 1279 3411 1340 δύνασθαι,
3441 1277 3536 1329 καὶ
3574 1293 3724 1327 κα-

2088 1373 2483 1444 ταχρήσασθαι,
2517 1373 2772 1445 ἐροῦμεν,
2800 1373 2883 1426 ὅτι
2913 1373 3006 1443 (ὡς
3030 1372 3196 1443 εἰκὸς)
3234 1372 3361 1442 πρὶν
3385 1370 3575 1431 πόλεις
3606 1363 3720 1420 εῖ-

2088 1482 2174 1518 ναι
2223 1467 2316 1519 καὶ
2347 1467 2563 1537 τέχνας,
2604 1467 2699 1519 καὶ
2744 1465 2995 1530 τοιαύτας
3037 1463 3336 1534 ἐπιμιξίας,
3370 1464 3463 1516 καὶ
3505 1460 3715 1520 ὅπλα..

2093 1558 2185 1611 καὶ
2209 1557 2422 1620 δίκτυα,
2453 1558 2726 1627 ἄνθρωποι
2755 1558 2852 1629 μὲν
2882 1557 2988 1609 ὑπὸ
3016 1556 3218 1627 θηρίων
3246 1555 3556 1627 ἡρπάζοντο
3583 1550 3715 1605 καὶ

2086 1650 2357 1721 ἡσθίοντο,
2395 1650 2557 1723 θηρία
2588 1652 2632 1705 δ’
2668 1651 2757 1715 ὑπ’
2792 1648 3092 1737 ἀνθρώπων
3114 1648 3314 1719 ἥκιστα
3334 1646 3628 1717 ἡλίσκετο.
3676 1661 3707 1696 ι

410 1735 556 1791 feras
591 1744 645 1791 et
677 1735 817 1791 ferte
836 1737 1080 1791 homines
1109 1738 1326 1806 capiant
1360 1777 1376 1801 ,
1413 1737 1641 1791 multum
1676 1746 1852 1791 tamen
1881 1736 1985 1790 dif-

2097 1742 2229 1811 ὐρα
2265 1742 2321 1794 δὲ
2356 1742 2491 1814 πρὸς
2526 1741 2721 1805 ταῦτα,
2760 1735 2863 1806 ὅτι,
2898 1744 2947 1795 εί
2988 1741 3080 1795 καὶ
3108 1738 3351 1811 αἱροῦσιν
3395 1736 3711 1809 ἄνθρωποι

410 1829 558 1884 ferre
587 1844 682 1884 eos
708 1830 798 1897 qui
830 1828 1049 1884 solertia
1079 1829 1326 1893 vincunt,
1354 1830 1422 1884 ab
1451 1829 1516 1883 iis
1537 1845 1658 1899 qua:
1688 1829 1902 1883 feritate
1931 1838 1989 1884 et

413 1920 566 1975 rabie
606 1920 825 1975 nonnisi
853 1934 949 1974 eos
995 1928 1285 1988 superant,
1327 1920 1417 1989 qui
1449 1922 1515 1975 ad
1567 1935 1627 1975 se
1662 1921 1989 1976 muniendas

413 2029 510 2068 sua
552 2028 659 2067 non
692 2023 921 2069 utuntur
950 2012 1195 2067 solertia.
1229 2011 1362 2067 Cum
1409 2012 1725 2077 autem,ait:
1776 2031 1795 2064 ι
1824 2014 1991 2067 Ante-

411 2120 574 2175 quam
601 2106 763 2161 urbes
793 2113 978 2159 essent
998 2113 1053 2157 et
1074 2102 1341 2171 ejusmodi
1367 2103 1679 2169 societates,
1698 2113 1987 2174 antequam

412 2209 560 2254 artes
584 2199 817 2255 iuventte
848 2208 1036 2261 erant;
1067 2217 1085 2250 ι
1126 2212 1229 2251 non
1264 2196 1533 2260 meminit,
1558 2196 1774 2266 opinor,
1799 2212 1988 2251 eorum

413 2306 533 2360 quae
565 2306 730 2362 supra
775 2291 1023 2345 dixerat:
1062 2308 1080 2341 ι
1105 2288 1365 2343 Mundum
1411 2304 1533 2343 esse
1574 2289 1879 2343 increatum
1933 2299 1991 2344 et

416 2383 915 2453 incorruptibilem;
942 2398 1004 2438 ea
1030 2381 1166 2445 sola,
1196 2396 1316 2451 quae
1345 2381 1397 2435 in
1429 2390 1575 2435 terra
1602 2390 1748 2446 sunt,
1782 2380 1988 2434 diluvia

413 2484 471 2529 et
494 2473 950 2546 conﬂagrationes
975 2476 1110 2545 pati,
1136 2491 1200 2531 ac
1227 2491 1292 2529 ne
1313 2474 1492 2531 omnia
1516 2474 1738 2545 quidem
1766 2474 1985 2529 simul.»

416 2566 490 2624 Ut
523 2567 691 2639 igitur
733 2568 959 2624 increati
994 2569 1181 2622 mundi
1210 2567 1532 2623 defensores
1573 2566 1691 2635 ejus
1723 2583 1830 2622 non
1863 2582 1992 2637 pos-

412 2670 542 2714 sunt
570 2660 782 2715 initium
813 2661 1199 2728 imlicare,..ita
1244 2675 1344 2715 nec
1385 2674 1625 2729 tempus,
1654 2674 1779 2714 cum
1816 2674 1991 2726 neque

417 2762 577 2807 erant
612 2750 813 2819 urbes,
861 2768 1036 2823 neque
1084 2763 1230 2807 artes
1279 2752 1533 2806 inventae.
1586 2750 1695 2806 Sed
1742 2761 1861 2806 esto
1902 2751 1992 2806 hic

416 2843 568 2899 illum
596 2844 661 2898 ad
690 2857 878 2899 nosua
908 2860 966 2899 se
994 2844 1409 2899 accommodare
1435 2843 1667 2898 voluisse
1692 2844 1910 2914 placita,
1937 2850 1992 2896 et

415 2936 726 3004 neglexisse
748 2951 868 3006 qure
890 2936 1144 3005 superius
1172 2936 1410 2989 dixerat:
1443 2936 1535 3004 qui
1563 2936 1687 2988 hinc
1707 2935 1988 3005 probetur,

2092 1834 2276 1906 θηρία,
2330 1835 2424 1888 καὶ
2477 1835 2640 1907 θηρία
2684 1834 3002 1907 ἀνθρώπους
3044 1831 3302 1905 ἁρπάζει,
3339 1830 3507 1902 πολλή
3553 1831 3708 1883 ἐστι.

2088 1925 2323 1998 διαφορὰ
2349 1926 2456 1979 τῶν
2494 1926 2703 1980 συνέσει
2730 1924 3074 1998 κρατούντων
3105 1924 3255 1997 παρὰ
3280 1923 3349 1977 τά
3387 1920 3707 1993 ἀγριότητ.

2090 2016 2183 2069 καὶ
2220 2015 2460 2086 ὠμότητι
2493 2015 2880 2087 περιγινόμενα
2906 2012 3012 2067 τῶν
3032 2012 3092 2066 οὐ
3124 2011 3419 2085 χρωμένων
3444 2014 3512 2082 τῇ
3542 2027 3699 2063 συν-

2089 2107 2201 2161 έσει
2233 2107 2368 2179 πρὸς
2390 2106 2451 2162 τὺ
2491 2107 2654 2179 μηδὲν
2681 2108 2786 2161 ὑπὸ
2805 2106 3009 2178 θηρίων
3037 2106 3248 2159 παθεῖν.
3293 2105 3366 2158 Τὸ
3388 2105 3446 2157 δέ
3479 2122 3500 2155 ‹
3538 2102 3700 2174 πρὶν

2091 2200 2276 2264 πόλεις
2315 2195 2453 2253 εἶναι
2501 2200 2593 2254 καὶ
2631 2200 2826 2271 τέχνας
2868 2198 2962 2253 καὶ
2999 2197 3252 2261 τοιαύτας
3298 2195 3604 2267 ἐπιμιξίας,
3662 2214 3687 2246 ι

2089 2292 2511 2364 ἐπιλελησμένου
2563 2288 2714 2364 οἶμαι
2756 2286 2895 2347 εἶναι
2942 2285 3018 2346 ὧν
3064 2292 3320 2364 ἀνωτέρω
3371 2293 3685 2363 προεῖπν·

2095 2403 2115 2436 ι
2154 2385 2230 2447 ώς
2261 2386 2523 2457 ἀγενήτου
2556 2384 2706 2448 ὄντος
2740 2383 2833 2437 τοῦ
2860 2383 3086 2453 κόσμου,
3114 2382 3209 2436 καὶ
3234 2380 3537 2453 ἀφθάρτου,
3572 2381 3690 2435 καὶ

2092 2477 2269 2548 μόνων
2318 2476 2424 2529 τῶν
2470 2476 2563 2528 ἐπὶ
2601 2476 2701 2547 γῆς
2746 2474 3162 2545 κατακλυσμοὺς
3196 2475 3289 2526 καὶ
3328 2471 3687 2545 ἐκπυρώσεις

2092 2568 2429 2640 πασχόντων,
2469 2568 2562 2620 καὶ
2592 2568 2653 2620 οὑ
2680 2567 2895 2620 πάντων
2931 2566 3046 2637 ἅμα
3072 2564 3279 2629 τούτοις
3307 2563 3683 2636 περιπιπτόν-

2087 2677 2215 2714 των.
2277 2678 2296 2711 »
2362 2660 2446 2723 Ὡς
2486 2661 2585 2712 οὑκ
2632 2658 2777 2712 ἔστιν
2828 2655 2919 2713 οῦν
2971 2662 3084 2722 τοῖς
3132 2658 3393 2729 ἀγένητον
3442 2656 3682 2725 ὑφιστά-

2090 2767 2241 2805 νουσι
2281 2749 2389 2821 (88)
2435 2751 2525 2804 τὸν
2576 2750 2775 2821 κόσμον
2821 2750 2993 2822 ἀρχὴν
3038 2749 3203 2803 αὑτοῦ
3258 2751 3455 2812 εἰπεῖν,
3490 2746 3674 2811 οὕτως

2089 2843 2211 2897 οὑδέ
2235 2843 2442 2915 χρόνον,
2473 2843 2548 2895 ὅτ’
2576 2842 2824 2912 οὑδαμῶς
2847 2839 2983 2914 ἦσαν
3005 2840 3204 2905 πόλεις,
3227 2840 3347 2893 οὑδὲ
3373 2841 3550 2909 τέχναι
3575 2854 3673 2892 πω

2090 2932 2337 3005 εὕρηντο.
2383 2932 2521 2985 Ἀλλ’
2556 2932 2694 2985 ἔστω
2723 2934 2815 2985 καὶ
2844 2930 3017 2985 ταῦτα
3046 2932 3174 3001 ἡμῖν
3205 2930 3302 3000 μὲν
3336 2928 3666 2999 συνᾳδόντως

417 3029 575 3083 initio
607 3030 856 3083 homines
884 3045 911 3082 a
941 3028 1073 3083 feris
1093 3070 1106 3091 ,
1135 3045 1238 3081 non
1270 3026 1416 3082 feras
1460 3030 1527 3082 ab
1559 3029 1870 3082 hominibus
1898 3044 1989 3082 ca-

2097 3026 2243 3099 αὑτῷ
2276 3028 2575 3099 συγχωρεῖν
2609 3026 2739 3097 (89),
2779 3025 2929 3097 αὑτῷ
2959 3025 3016 3078 δὲ
3043 3026 3133 3078 καὶ
3164 3026 3272 3087 τοῖς
3303 3023 3548 3094 ἀνωτέρω
3569 3021 3665 3074 ὑπ’

416 3130 538 3192 ptas
563 3129 619 3175 et
641 3136 888 3175 comesas
916 3120 1114 3174 fuisse?
1140 3119 1272 3174 Nam
1295 3122 1338 3174 si
1364 3120 1707 3175 Providentia
1730 3121 1988 3175 mundum

2097 3118 2257 3173 αὐτοῦ
2290 3118 2634 3189 λελεγμένοις
2659 3117 2842 3171 οὑκέτι
2861 3134 2874 3148 ·
2910 3117 2960 3169 τί
2984 3112 3075 3170 οῦν
3097 3116 3255 3169 τοῦτο
3285 3116 3421 3187 πρὸς
3448 3114 3507 3167 τὸ
3533 3114 3673 3167 πάν-

417 3207 660 3261 condidit
695 3217 748 3263 et
794 3210 931 3263 Dens
972 3209 1240 3263 universis
1272 3211 1436 3263 rebus
1490 3219 1720 3279 praeest,
1758 3225 1989 3266 necesse

2097 3228 2198 3274 τως
2238 3210 2517 3281 καταρχὰς
2544 3212 2669 3274 τοὺς
2712 3210 2811 3281 μὲν
2844 3207 3157 3281 ἀνθρώπους
3188 3208 3292 3261 ὑπὸ
3325 3206 3530 3279 θηρίων
3573 3207 3676 3275 ἀρ-

416 3308 502 3354 est
534 3300 738 3369 primos
768 3300 1048 3355 hominum
1084 3301 1242 3374 563
1271 3311 1523 3371 parentes
1550 3318 1579 3356 a
1612 3304 1821 3357 naturis
1851 3318 1990 3373 pra:-

2097 3303 2355 3368 πάζεσθαι
2384 3304 2475 3356 καὶ
2507 3302 2800 3364 ἐσθίεσθαι,
2844 3301 3037 3373 μηκέτι
3073 3301 3128 3354 δὲ
3162 3301 3255 3354 καὶ
3286 3299 3354 3352 τά
3387 3299 3551 3370 θηρία
3579 3299 3675 3354 ὑπ’

421 3390 785 3446 stantioribus
810 3393 1115 3448 custoditos
1153 3394 1344 3459 fuisse,
1379 3394 1450 3447 ita
1481 3404 1539 3447 ut
1571 3394 1639 3448 ab
1670 3394 1825 3448 initio
1860 3395 1988 3449 inti-

2097 3392 2388 3465 ἀνθρώπων
2427 3393 2772 3458 ἀλίσκεσθαι;
2803 3392 2975 3465 Εἴπερ
3019 3393 3127 3466 γάρ
3171 3392 3309 3445 κατὰ
3343 3392 3611 3462 Πρόνοιαν
3648 3391 3676 3445 6

427 3498 515 3538 ma
547 3494 692 3539 esset
718 3485 916 3540 divinae
950 3494 1155 3539 natura:
1187 3501 1309 3539 cum
1346 3485 1450 3541 illis
1479 3486 1732 3542 societas.
1757 3484 1813 3542 ld
1846 3487 1990 3556 quod

2097 3486 2290 3556 κόσμος
2341 3488 2655 3558 γεγένηται,
2705 3487 2799 3539 καὶ
2844 3485 2976 3549 Θεὸς
3028 3486 3293 3555 ἐφέστηκε
3334 3487 3446 3547 τοῖς
3489 3482 3672 3542 ὅλοις·

418 3576 669 3631 Ascraaus
692 3586 845 3646 poeta
877 3578 1189 3649 intelligens
1219 3580 1326 3633 ait:

2097 3578 2382 3645 ἀναγκαῖον
2416 3573 2483 3647 ἦν
2517 3576 2584 3629 τά
2620 3576 2846 3648 ζώπυρα
2877 3576 2968 3629 τοῦ
2999 3576 3187 3644 γένους
3229 3575 3335 3628 τῶν
3370 3572 3675 3646 ἀνθρώπων

417 3667 696 3740 ἀρξάμενα
719 3670 824 3724 ὑπό
839 3688 961 3726 τινα
983 3671 1263 3741 γεγονέναι
1289 3671 1641 3743 φρουράντὴν
1688 3671 1799 3726 ἀπὸ
1831 3670 2173 3744 κρειττόνων,
2203 3670 2343 3724 ὥστε
2396 3673 2514 3724 κατ’
2546 3669 2718 3741 ἀρχὰς
2769 3668 3044 3740 ἐπιμιξίαν
3091 3668 3363 3738 γεγονέναι
3408 3669 3517 3738 (90)
3570 3666 3675 3736 τῆς

418 3761 568 3826 θείας
590 3764 803 3833 φύσεως
826 3766 959 3837 πρὸς
981 3768 1106 3830 τοὺς
1136 3765 1451 3839 ἀνθρώπους
1471 3785 1483 3796 ·
1518 3768 1660 3839 ἆπερ
1683 3768 1777 3820 καὶ
1801 3770 1829 3821 ό
1865 3767 2150 3836 Ἀσκραῖος
2182 3766 2411 3837 ποιητὴς
2453 3764 2647 3817 ἐννοῶν
2689 3761 2808 3817 εἶπε
2827 3783 2840 3795 υ

421 3853 563 3927 Nam
588 3865 1031 3927 tuuecommuues
1057 3867 1203 3909 erant
1231 3857 1397 3927 epulw
1420 3874 1818 3927 communesque
1846 3859 1993 3913 sedes

423 3922 815 3976 lmmormlium
848 3928 1061 3978 deorum
1090 3937 1139 3979 et
1167 3922 1469 3979 mortalium
1499 3922 1797 3987 hominum.

490 4014 581 4070 80.
628 4014 694 4068 Et
751 4016 930 4071 divina
982 4017 1183 4087 Moysis
1225 4018 1427 4085 scripta
1496 4017 1693 4071 docent
1749 4018 1989 4073 auditam

421 4105 612 4175 primis
658 4107 973 4176 parentibus
1003 4107 1238 4161 divinam
1276 4122 1463 4162 vocem
1485 4148 1500 4171 ,
1534 4109 1715 4161 audita
1742 4108 1987 4172 oracula,

421 4198 613 4266 eisque
664 4213 1051 4267 nonnunquam
1104 4198 1420 4266 apparuisse
1470 4197 1692 4269 angelos
1724 4197 1854 4263 Dei,
1894 4198 1989 4267 qui

422 4291 488 4342 ad
526 4303 585 4342 se
619 4289 885 4344 venirent.
930 4290 1109 4358 Atque
1143 4290 1304 4342 etiam
1336 4303 1550 4358 aequum
1595 4298 1713 4342 erat
1742 4289 1989 4343 homines

421 4378 578 4433 initio
611 4380 795 4433 mundi
835 4379 1004 4449 magis
1041 4379 1321 4450 adjuvari,
1350 4394 1520 4449 usque
1564 4394 1626 4433 eo
1654 4380 1779 4433 dum
1829 4389 1988 4433 aucta

422 4471 663 4535 solertia,
695 4473 1023 4541 comparatis
1045 4473 1355 4537 virtutibus,
1384 4471 1702 4540 artibusque
1731 4472 1992 4534 inventis,

2097 3856 2283 3909 Ξυναὶ
2318 3854 2426 3925 γὰρ
2451 3856 2585 3907 τότε
2612 3855 2809 3921 δαῖτες
2834 3854 3007 3916 ἕσαν,
3036 3854 3203 3918 ξυνοὶ
3235 3854 3301 3907 δὲ
3322 3855 3531 3908 θόωκοι

2109 3925 2481 3981 Ἀθανάτοισι
2511 3926 2699 3979 θεοῖσι
2729 3925 3121 3992 καταθνητοῖς
3161 3926 3210 3978 τ’
3250 3926 3595 3992 ἀνθρώποις.

2168 4016 2280 4069 Καὶ
2312 4017 2340 4067 ὁ
2372 4016 2513 4079 θεῖος
2548 4016 2603 4069 δὲ
2633 4017 2773 4070 κατά
2804 4016 3043 4070 Μωῦσέα
3069 4015 3224 4085 λόγος
3254 4017 3515 4086 εἰσήγαγε
3544 4018 3672 4079 τοὺς

2093 4107 2341 4179 πρώτους
2375 4109 2483 4179 (9|)
2536 4108 2830 4173 ἀκούοντας
2860 4108 3134 4179 θειοτέρας
3178 4107 3358 4179 φωνῆς
3405 4108 3499 4160 καὶ
3533 4124 3669 4180 χρη-

2092 4200 2266 4270 σμῶν,
2306 4200 2398 4253 καὶ
2430 4200 2669 4271 ὁρῶντας
2705 4200 2815 4253 ἐσθ’
2845 4200 2933 4252 ὅτε
2967 4200 3061 4251 καὶ
3100 4199 3346 4267 ἀγγέλων
3380 4197 3517 4251 Θεοῦ
3551 4201 3669 4251 ἐπι-

2094 4291 2293 4362 δημίας
2324 4292 2693 4362 γεγενημένας
2724 4292 2858 4362 προς
2893 4292 3106 4353 αὑτούς.
3147 4290 3256 4343 Καὶ
3283 4290 3391 4365 γὰρ
3431 4291 3577 4355 εἰκὸς
3612 4293 3670 4344 ἐν

2094 4385 2234 4455 ἀρχῇ
2260 4383 2354 4436 τοῦ
2385 4383 2587 4453 κόσμου
2616 4384 2708 4436 ἐπὶ
2736 4382 2917 4436 πλεῖον
2947 4381 3307 4453 βεϐοηθῆσθαι
3332 4382 3428 4453 τὴν
3457 4381 3665 4453 ἀνθρώ-

2096 4492 2211 4527 πων
2252 4475 2412 4543 φύσιν
2456 4474 2588 4537 (92),
2619 4473 2742 4536 ἕως,
2786 4473 3068 4545 προκοπῆς
3096 4473 3388 4542 γενομένης
3424 4475 3503 4536 εἰς
3546 4472 3667 4526 σύν-

423 4579 520 4633 per
550 4578 608 4618 se
641 4564 741 4631 ipsi
784 4572 1004 4632 possent
1049 4564 1213 4617 vitam
1249 4564 1383 4618 tueri
1413 4605 1427 4626 ,
1460 4579 1561 4618 nec
1601 4572 1822 4633 egerent
1859 4578 1989 4616 cura

2097 4585 2229 4632 εσιν,
2283 4570 2376 4621 καὶ
2419 4569 2517 4630 τάς
2555 4566 2742 4629 λοιπὰς
2782 4565 3000 4637 ἀρετὰς,
3048 4566 3140 4618 καὶ
3170 4567 3266 4635 τὴν
3309 4566 3521 4637 εὕρεσιν
3559 4565 3662 4618 τῶν

424 4668 480 4711 et
518 4656 891 4710 moderatione
920 4671 1109 4711 eorum
1144 4654 1235 4710 Dei
1274 4658 1691 4718 ministrorum,
1736 4654 1827 4725 qui
1862 4655 1993 4723 ipsis

426 4749 545 4818 ejus
569 4750 847 4803 voluntate
875 4750 1270 4817 conspicabiles
1291 4764 1351 4804 se
1376 4751 1533 4804 modo
1553 4751 1783 4819 quodam
1817 4752 1994 4802 incre-

427 4840 576 4897 dibili
622 4842 953 4911 praebebant.
1012 4842 1087 4895 Ex
1125 4842 1210 4896 his
1262 4851 1442 4896 autem
1494 4841 1744 4910 sequitur
1795 4842 1990 4897 falsum

428 4949 550 4988 esse
575 4924 605 4999 ,’
634 4934 883 4987 homines
933 4949 963 4987 a
1015 4933 1144 4988 feris
1189 4933 1345 4987 initio
1390 4945 1578 5003 captos
1604 4943 1660 4989 et
1707 4936 1997 4991 devoratos

428 5026 630 5093 fuisse,
681 5025 904 5080 minime
942 5037 1123 5081 autem
1180 5024 1320 5080 feras
1355 5027 1422 5082 ab
1473 5027 1805 5083 hominibus.
1858 5027 1997 5085 Hinc

501 5165 612 5233 (86)
645 5163 981 5217 Ilmschelius
1022 5172 1076 5235 et
1110 5161 1433 5232 Spencerus,
1483 5165 1563 5227 εἰς
1604 5162 1897 5235 γεωργίας,
1944 5174 1999 5218 et

427 5238 602 5310 paulo
622 5245 761 5310 post,
786 5236 865 5310 είς
894 5233 1188 5310 γυμνάσια.

501 5306 613 5377 (87)
637 5304 803 5359 Iidem
839 5308 890 5358 in
927 5303 1186 5377 margine,
1240 5304 1439 5375 εὑρεῖν.
1491 5304 1617 5359 Mox
1670 5303 1993 5368 Philocalia,

426 5375 683 5448 δύνασθαι
713 5377 805 5430 καὶ
844 5375 1245 5448 καταχρῆσθαι.

499 5449 610 5520 (88)
643 5442 1061 5520 Ηωςριιειίηέὲι
1085 5442 1414 5516 Spencerus,
1442 5442 1849 5514 ὑφισταμένοις.
1871 5442 1998 5496 Phi-

428 5517 645 5581 localia,
677 5517 1051 5587 ὑφιστάνουσι.

504 5590 617 5658 (89)
640 5582 809 5653 Aen?)
842 5587 1196 5658 συγχωρεῖν.
1223 5585 1509 5642 Boherello
1537 5582 1881 5640 scribendum
1926 5582 2006 5634 vi-

436 5660 611 5728 detur,
646 5658 806 5728 αὑτὸν
842 5663 1157 5728 συγχωρεῖν.

512 5727 621 5800 (90)
645 5721 1260 5800 Pbilocaha,‘7évé:0m.
1296 5725 1463 5784 Paulo
1499 5728 1623 5799 post
1665 5721 2007 5782 Hocschelius

2095 4660 2321 4731 τεχνῶν,
2345 4658 2609 4730 δυνηθῶσι
2635 4658 2725 4711 καὶ
2752 4657 2871 4710 καθ’
2899 4659 3118 4727 ἑαυτοὺς
3149 4656 3266 4727 ζῇν,
3297 4658 3357 4709 οὑ
3384 4656 3664 4728 χρῄζοντες

2097 4752 2182 4805 ἀεὶ
2212 4749 2692 4820 ἐπιτροπευόντων,
2731 4749 2821 4800 καὶ
2851 4747 3273 4817 οἱκονομούντων
3312 4748 3506 4811 αὐτοὺς
3535 4747 3669 4818 μετὰ

2098 4838 2400 4912 παραδόξου
2451 4838 2767 4907 ἐπιφανείας
2799 4838 2907 4890 τῶν
2953 4837 3407 4910 ὑπηρετουμένων
3451 4838 3530 4908 τῷ
3575 4836 3669 4891 τοῦ

2099 4932 2234 4987 Θεοῦ
2270 4931 2582 5003 βουλήματι.
2630 4928 2937 4983 Ἀκόλουθον
2957 4928 3012 4981 δὲ
3044 4928 3252 4990 τούτοις
3283 4928 3343 4981 τὸ
3372 4928 3563 4996 ψεῦδος
3596 4923 3670 4979 εἶ-

2102 5044 2210 5090 ναι,
2243 5026 2323 5078 ὅτι
2351 5024 2468 5077 κατ’
2494 5023 2667 5093 ἀρχάς
2699 5022 2969 5091 ἄνθρωποι
3008 5021 3117 5094 μὲν,
3139 5021 3243 5072 ὑπὸ
3274 5020 3475 5093 θηρίων
3502 5020 3671 5091 ἡρπά-

2107 5163 2159 5216 in
2189 5172 2335 5212 textu
2374 5170 2427 5212 et
2470 5156 2782 5218 Philot‘alia,
2810 5154 2976 5207 θῶκοι
3005 5169 3100 5221 pro
3134 5152 3350 5207 θόωκοι.

2178 5232 2287 5300 (91)
2324 5230 2468 5293 Τοὺς
2515 5226 2801 5300 πρώτους.
2841 5225 3158 5300 Atltlendntn
3210 5226 3419 5276 videtur
3466 5222 3669 5300 ἀνθρώ-

2109 5295 2278 5365 πους(
2296 5303 2437 5367 quod
2467 5301 2618 5351 taetle
2649 5299 2746 5349 fuit
2780 5308 2851 5367 uti
2873 5295 3154 5367 excideret
3184 5305 3403 5367 propter
3437 5298 3669 5367 elemen-

2109 5363 2755 5424 torumvsimilittnlineut.
2783 5366 2982 5417 Ibidem
3016 5364 3155 5425 apud
3204 5363 3569 5416 lltescbelium
3615 5373 3668 5417 et

2112 5441 2443 5505 SpenCernm
2487 5447 2739 5503 corrupte
2782 5437 2995 5505 legitur.
3046 5432 3342 5505 ἀκούοντας
3400 5431 3670 5505 θειοτέρας

2113 5502 2314 5580 φωνῆς,
2344 5510 2438 5563 καὶ
2490 5506 2828 5579 χρησμόσινα
2862 5503 3119 5580 ὁρῶντας.
3170 5502 3281 5580 έσθ⁹
3310 5504 3418 5556 ὅτε.
3454 5502 3672 5556 ι’τὶνειει

2114 5574 2274 5636 lectio
2308 5574 2614 5635 Philoeli'lue
2640 5574 2807 5645 ‘quaut
2833 5574 3155 5645 ex'ttibemus
3186 5574 3421 5645 in_te_xtu
3465 5583 3666 5645 nostro.

2184 5652 2295 5721 (9:!)
2334 5640 2680 5705 llwschelins
2703 5646 2754 5700 in
2788 5656 2955 5711 textu,
2993 5641 3469 5714 τήνδνάνθρώπων
3496 5640 3668 5711 φύσιν.
