3986 6164
313 257 342 310 ι
365 259 494 317 153
1549 271 1826 326 CONTRA
1862 275 1909 329 Ο

2017 275 2138 331 SUM
2180 277 2307 333 LIB.
2347 278 2434 336 IV.
2495 287 2501 295 ‘
3483 297 3618 352 “5i

309 375 511 440 ζοντο
557 382 650 435 καὶ
687 382 956 450 ὴσθίοντο,
995 384 1158 456 θηρία
1203 386 1246 438 δ’
1284 387 1376 438 ὑπ’
1417 388 1714 459 ἀνθρώπων
1748 393 1909 462 ἥκιστ

2017 439 2019 452 ,
2051 396 2212 449 etiam
2243 407 2452 451 constat
2483 397 2674 450 falsum
2709 414 2826 455 esse
2853 402 2925 464 id,
2955 407 3092 471 quod
3125 404 3312 462 Celsus
3342 411 3414 463 ita
3441 418 3618 472 expri-

305 467 637 538 ἡλίσκετο.
692 474 786 527 Ἐκ
810 473 872 546 δὴ
905 475 1108 530 τούτων
1148 478 1394 549 φανερὸν,
1432 480 1724 550 ὃτιψεῦδος
1761 484 1854 535 καὶ
1881 501 1909 534 τ

2047 487 2178 538 mil:
2218 505 2234 536 ι
2260 486 2334 540 Ita
2374 497 2432 540 ιιι
2485 488 2582 541 hac
2619 499 2773 554 parte
2811 491 2948 545 Deus
2981 495 3229 552 homines
3269 503 3448 562 potius
3481 503 3612 556 feris

305 557 442 613 ὑπὸ
495 563 598 617 τοῦ
651 565 858 619 Κέλσου
910 566 1082 632 οὕτως
1129 569 1450 640 λεγόμενονο
1498 590 1516 620 ι
1577 573 1736 624 Ὥστε
1771 574 1904 626 ταύτ

2044 576 2352 644 subiecerit.
2383 597 2400 628 ι
2434 577 2622 646 Neque
2654 581 2796 633 enim
2832 585 2969 636 Deus
2999 585 3240 642 homines
3271 589 3398 644 feris
3435 593 3617 659 subje-

304 667 384 718 γε
409 655 446 706 ὁ
496 654 637 720 Θεὸς
663 659 792 723 τοὺς
830 660 1150 731 ἀνθρώπους
1185 663 1384 734 μᾶλλον
1420 667 1529 728 τοῖς
1557 665 1765 738 Θηρίοις
1809 668 1909 719 ὐπέ

2041 668 2136 732 cit;
2171 670 2264 722 sed
2300 671 2609 723 hominibus
2640 671 2808 734 dedit,
2840 684 2893 724 ttt
2919 689 3013 726 sua
3045 676 3264 731 solertia
3293 685 3611 752 artibusque

303 742 538 804 ϐαλεν.
584 770 603 803 ι
638 753 710 804 Οὐ
744 753 852 824 γὰρ
895 755 1129 808 ὑπέϐαλε
1167 757 1293 820 τοὺς
1327 756 1646 830 ἀνθρώπους
1694 761 1805 822 τοῖς
1843 759 1907 829 οη

2041 758 2108 811 ab
2131 777 2190 812 ea
2219 770 2406 813 contra
2438 761 2580 814 feras
2610 767 2936 832 excogitatis
2962 767 3183 822 domare
3204 783 3419 837 pos:<ent
3445 774 3606 832 feras.

311 838 482 908 ρίοις
513 845 543 895 6
570 842 720 909 Θεὸς,
763 845 895 899 ἀλλά
929 849 993 918 τῇ
1040 849 1252 902 συνέσει
1287 848 1395 902 τῶν
1429 849 1728 922 ἀνθρώπων
1759 852 1909 905 ἀλωτς

2040 848 2170 901 Nam
2197 866 2299 903 non
2326 851 2444 905 sine
2466 853 2645 906 divina
2668 870 2771 923 ope
2800 856 3121 913 invenerunt
3143 859 3388 918 homines
3410 867 3608 934 quibus

303 928 585 988 δέδωκεν
617 932 754 990 εἶναι
794 939 860 992 τά
891 939 1074 1011 θηρία,
1109 942 1201 994 καὶ
1233 944 1350 1006 ταῖς
1377 944 1483 996 ἀπὸ
1519 943 1784 1006 συνέσεως
1817 944 1909 1013 ὑφι

2041 941 2214 994 modis
2263 957 2320 995 se
2349 959 2376 995 a
2420 941 2551 996 feris
2588 955 2911 1011 prrestarent
2961 949 3262 1008 incolumes
3288 994 3306 1020 ,
3349 965 3402 1009 ct
3435 958 3484 1011 in
3513 973 3609 1014 eas

312 1027 648 1096 σταμέναις
699 1033 815 1084 κατ’
854 1031 1077 1085 ἐκείνων
1113 1034 1340 1104 τέχναις.
1389 1035 1462 1088 Οὐ
1488 1037 1596 1107 γὰρ
1626 1035 1774 1089 ἀθεεὶ
1804 1037 1909 1107 ἐμη

2041 1029 2323 1100 imperium
2357 1046 2699 1101 usurparent.

307 1119 656 1188 χοινήσαντο
694 1121 874 1189 σφίσιν
901 1124 1085 1187 αὐτοῖς
1119 1127 1166 1176 οἰ
1204 1125 1478 1195 ἄνθρωποι
1518 1127 1790 1198 σωτηρίαν
1825 1129 1935 1200 (95)

312 1207 450 1261 ἀπὸ
483 1210 593 1263 τῶν
620 1209 857 1284 θηρίων,
901 1215 994 1267 καὶ
1017 1215 1115 1286 τὴν
1145 1217 1265 1268 κατ’
1302 1217 1525 1270 ἐκείνων
1561 1219 1934 1288 ἐπικράτειαν.

401 1303 532 1372 Οὐχ
577 1304 718 1375 ὁρῶν
772 1306 816 1357 δ’
868 1308 895 1358 6
957 1307 1233 1373 γεννάδας,
1292 1309 1430 1361 ὅσων
1484 1309 1787 1379 φιλοσόφων
1840 1311 1938 1382 τὴν

313 1391 616 1464 Πρόνοιαν
650 1396 975 1465 εἰσαγόντων
1010 1399 1102 1450 καὶ
1133 1397 1218 1450 διὰ
1245 1398 1313 1450 τὰ
1336 1398 1527 1466 λογικά
1557 1401 1734 1452 πάντα
1764 1403 1936 1453 ποιεῖν

314 1485 522 1556 αὐτὴν
573 1486 856 1554 λεγόντων,
919 1492 1230 1562 συναναιρεῖ
1277 1490 1357 1557 (τὸ
1401 1492 1522 1543 ὅσον
1567 1492 1651 1559 ἐφ’
1687 1491 1898 1563 ἐαυτῷ,

2035 1490 2140 1544 que
2169 1479 2238 1531 ab
2267 1495 2330 1533 ea
2367 1480 2509 1536 facta
2538 1497 2660 1538 esse
2699 1486 2880 1540 omnia
2921 1500 3144 1558 prepter
3175 1503 3397 1549 naturas
3432 1499 3600 1553 ratio-

316 1580 598 1649 χρήσιμα
641 1579 886 1650 δόγματα
924 1585 989 1652 τῇ
1026 1582 1365 1652 Χριστιανῶν
1411 1585 1549 1638 κατά
1589 1584 1759 1637 ταῦτα
1800 1585 1909 1656 πρὸ

2035 1569 2120 1623 nis
2169 1573 2502 1641 participes,
2558 1580 2892 1644 evertenda,
2951 1594 3209 1650 quantum
3262 1587 3313 1642 in
3367 1605 3427 1644 se
3475 1605 3602 1661 est,

318 1665 667 1737 φιλοσοφίαν
701 1671 985 1742 συμφωνίᾳ
1014 1672 1124 1742 (94)
1148 1690 1160 1702 ·
1195 1673 1300 1726 οὐδ’
1330 1674 1426 1745 ὅση
1466 1673 1635 1744 βλάϐη
1659 1675 1909 1730 κωλυτικί

2035 1660 2340 1714 Christiana
2376 1663 2623 1718 doctrina
2649 1707 2663 1731 ,
2703 1670 2900 1723 evertit
2931 1672 3092 1726 simul
3129 1677 3278 1730 utilia
3313 1660 3601 1750 dogmata,

318 1757 554 1827 γίνεται
611 1762 885 1826 εὐσεϐείας
935 1765 998 1816 ἐκ
1051 1764 1144 1817 τοῦ
1196 1765 1599 1836 παραδέξασθαι
1645 1767 1726 1820 ὅτι
1775 1768 1909 1821 οὐδέε

2033 1750 2086 1805 in
2115 1754 2310 1820 quibus
2339 1758 2616 1815 tradendis
2651 1760 2736 1814 illa
2766 1777 2888 1817 cum
2921 1765 3260 1836 philosophia
3286 1741 3598 1843 consentit;

2107 1293 2196 1348 8!.
2231 1292 2335 1348 Sed
2382 1312 2486 1350 non
2521 1297 2903 1356 animadvertit
2940 1305 3022 1357 vir
3055 1305 3157 1360 iste
3187 1309 3438 1379 egregius
3477 1321 3609 1382 quot

2036 1385 2374 1456 philosotihis
2413 1387 2813 1446 Providentiam
2862 1399 3231 1453 asserentibus
3256 1403 3603 1459 ducentibus-

325 1852 658 1923 μυρμήκων
684 1851 714 1922 ἢ
750 1853 1013 1923 μελισσῶν
1042 1856 1287 1926 διαφέρει
1310 1858 1337 1909 ὀ
1363 1857 1647 1929 ἄνθρωπος
1670 1860 1821 1931 παρά
1849 1860 1928 1932 τῷ

321 1942 486 2015 Θεῷ,
526 1948 710 2015 φησιν,
745 1949 844 2010 ὅτι,
887 1966 904 1998 t
944 1949 1006 2000 Εἰ
1038 1948 1128 2002 διὰ
1167 1949 1312 2003 τοῦθ’
1347 1953 1394 2004 οἱ
1427 1952 1701 2024 ἄνθρωποι
1738 1954 1926 2023 διαφέ-

327 2052 463 2106 ρειν
495 2037 707 2091 δοκοῦσι
738 2038 844 2092 τῶν
887 2039 1122 2107 ἀλόγων,
1160 2043 1279 2095 ἐπεὶ
1321 2043 1503 2108 πόλεις
1535 2043 1757 2116 ᾡκησαν
1793 2047 1925 2119 (95),

324 2127 440 2179 καὶ
471 2126 704 2198 χρῶνται
740 2131 1002 2202 πολιτείᾳ,
1049 2133 1144 2185 καὶ
1186 2133 1401 2205 ἀρχαῖς,
1437 2137 1529 2188 καὶ
1569 2137 1923 2206 ἡγεμονίαις·

321 2215 485 2269 τοῦτ’
515 2219 664 2272 οὐδὲν
687 2220 821 2291 πρὸς
841 2220 968 2284 ἔπος
998 2223 1136 2286 ἐστὶ,
1170 2228 1262 2278 καὶ
1284 2227 1391 2297 γὰρ
1427 2229 1474 2279 οἱ
1515 2227 1801 2299 μύρμηκες
1833 2229 1927 2282 καὶ

322 2309 392 2362 αἱ
428 2309 677 2379 μέλισσαι
698 2313 826 2383 (96).
852 2315 1147 2381 Μελίσσαις
1164 2317 1293 2385 γοῦν
1317 2319 1463 2371 ἐστιν
1478 2319 1718 2391 ἡγεμών·
1747 2323 1861 2374 ἐστὶ
1882 2321 1926 2375 δ’

322 2401 630 2456 ἀκολουθία
647 2420 706 2456 τε
728 2407 820 2458 καὶ
840 2405 1124 2478 θεραπεία,
1151 2410 1244 2462 καὶ
1264 2410 1509 2480 πόλεμοι,
1537 2414 1630 2465 καὶ
1645 2414 1810 2478 νίκαι,
1831 2415 1926 2468 καὶ

323 2492 449 2547 τῶν
462 2495 780 2566 ἡττημένων
794 2499 1033 2569 αἱρέσεις
1052 2501 1183 2570 (97),
1201 2503 1294 2554 καὶ
1308 2503 1510 2568 πόλεις,
1527 2505 1618 2558 καὶ
1636 2506 1924 2577 προπόλεις

325 2598 426 2651 γε,
455 2586 548 2638 καὶ
576 2585 752 2656 ἔργων
783 2588 1022 2660 διαδοχὴ,
1061 2590 1152 2642 καὶ
1175 2590 1319 2646 δίκαι
1356 2593 1494 2646 κατά
1521 2593 1628 2646 τῶν
1651 2594 1837 2666 ἀργῶν
1863 2613 1923 2649 τε

328 2675 436 2729 καὶ
464 2676 714 2748 πονηρῶν
739 2695 751 2708 ·
776 2681 903 2743 τοὺς
931 2681 1060 2749 γοῦν
1086 2684 1332 2753 κηφῆνας
1357 2685 1719 2739 ἀπελαύνουσί
1742 2704 1801 2739 τε
1829 2687 1924 2740 καὶ

328 2765 684 2831 κολάζουσιν.
730 2789 747 2822 ι
792 2771 912 2824 Οὐδ’
955 2775 1012 2827 ἐν
1052 2773 1262 2839 τούτοις
1303 2775 1358 2829 δὲ
1402 2775 1631 2846 ἑώρακε,
1665 2777 1771 2830 τίνι
1811 2778 1925 2831 δια-

327 2857 494 2929 φέρει
526 2859 593 2913 τὰ
625 2859 732 2912 ἀπὸ
767 2860 925 2929 λόγου
968 2864 1062 2916 καὶ
1090 2863 1350 2934 λογισμοῦ
1390 2865 1497 2936 (98)
1533 2866 1921 2938 ἐπιτελούμενα

325 2948 445 3004 τῶν
473 2951 568 3004 ἀπ’
594 2951 787 3021 ἀλόγου
822 2954 1036 3024 φύσεως
1066 2957 1160 3010 καὶ
1198 2959 1544 3029 κατασκευῆς
1575 2959 1737 3030 ψιλῆς
1767 2977 1916 3026 γινο-

333 3042 536 3112 μένων.
573 3040 673 3096 Ὧν
714 3045 811 3117 τὴν
857 3048 1034 3100 αἰτίαν
1081 3049 1256 3113 οὐδεὶς
1305 3052 1400 3122 μέν
1448 3052 1767 3124 ἐνυπάρχων
1806 3058 1916 3120 τοῖς

2031 1858 2205 1913 neque
2255 1847 2390 1903 vidit
2427 1859 2686 1917 quantum
2737 1855 2930 1922 pietati
2988 1870 3182 1914 noceat
3234 1864 3349 1919 lucc
3395 1871 3604 1936 opinio,

2031 1935 2297 1993 interesse
2341 1942 2480 2009 apud
2519 1941 2689 1998 Deum
2724 1947 2863 2001 nihil
2904 1949 3177 2007 hominem
3215 1957 3358 2011 inter
3399 1935 3453 2013 et
3482 1959 3597 2015 for-

2029 2028 2198 2082 micas
2234 2041 2325 2084 aut
2353 2046 2502 2101 apes.
2546 2033 2637 2090 Sic
2666 2038 2811 2092 enim
2864 2041 2988 2098 ille:
3033 2063 3052 2096 ‹
3090 2044 3146 2100 Si
3187 2062 3470 2118 propterea
3503 2053 3601 2108 ho-

2028 2120 2204 2176 mines
2248 2137 2276 2175 a
2314 2122 2501 2182 bestiis
2535 2126 2845 2199 discrepare
2877 2135 3133 2191 videntur
3159 2180 3173 2202 ,
3210 2145 3354 2209 quod
3394 2143 3469 2198 illi
3506 2160 3600 2200 ur-

2028 2210 2122 2264 bes
2174 2213 2458 2284 incolunt,
2513 2219 2722 2290 legibus
2782 2234 3043 2294 utuntur,
3090 2231 3191 2284 sibi
3248 2234 3602 2304 magistratus

2027 2301 2303 2374 ducesque
2342 2310 2680 2377 praeficiunt:
2721 2315 2895 2370 inanis
2921 2334 3146 2387 prorsus
3175 2332 3259 2377 est
3287 2301 3387 2378 ista
3436 2330 3592 2384 ratio.

2024 2392 2168 2448 Idem
2199 2398 2340 2452 enim
2367 2399 2576 2456 faciunt
2599 2415 2654 2460 et
2681 2405 2923 2463 formicae
2955 2422 3010 2464 et
3039 2428 3186 2481 apes.
3217 2414 3417 2470 Ilarutn
3447 2434 3597 2477 certe

2026 2497 2122 2537 rex
2153 2495 2256 2549 est,
2292 2503 2455 2555 quem
2488 2495 2840 2564 comitantur,
2873 2514 3035 2565 quem
3071 2503 3294 2573 colunt;
3325 2511 3466 2578 apud
3499 2531 3595 2568 eas

2025 2577 2162 2632 bella
2183 2619 2198 2643 ,
2226 2581 2473 2639 victoriae
2495 2626 2510 2652 ,
2543 2589 2808 2644 victorum
2844 2594 3284 2668 interneciones;
3322 2603 3393 2657 ibi
3427 2609 3589 2661 urbes

2023 2678 2078 2722 et
2105 2670 2385 2737 snburbia,
2414 2692 2747 2749 operumque
2771 2682 2954 2749 vices;
2990 2701 3168 2755 poenae
3193 2693 3357 2747 etiam
3383 2695 3593 2766 ignavis

2022 2770 2078 2815 et
2110 2764 2267 2819 malis
2294 2765 2531 2823 inﬂictae.
2558 2770 2719 2826 Certe
2747 2773 2898 2829 fucos
2923 2778 3151 2847 abigunt
3176 2793 3230 2835 et
3261 2764 3587 2848 trucidant»

2021 2849 2100 2905 Ex
2134 2853 2218 2908 his
2260 2857 2430 2926 liquet
2463 2859 2612 2913 illum
2661 2862 2941 2931 ignorasse
2986 2871 3112 2937 quid
3159 2875 3229 2926 sit
3259 2876 3591 2937 discriminis

2021 2942 2164 2998 inter
2193 2949 2418 3004 rationis
2445 2951 2790 3024 solertiaeque
2822 2971 3010 3026 Opera,
3045 2970 3098 3014 et
3124 2977 3213 3026 ea,
3247 2983 3364 3036 qua:
3395 2985 3586 3028 natura

2021 3034 2183 3108 564
2205 3040 2434 3096 rationis
2456 3055 2679 3113 experte
2711 3057 2765 3100 et
2788 3049 3020 3118 simplici
3047 3034 3587 3117 machinamentorum

333 3134 549 3186 ποιοῦσι
593 3135 748 3204 λόγος
777 3137 1091 3208 ἀναδέχεται
1111 3158 1124 3170 ·
1175 3141 1295 3196 οὐδὲ
1331 3143 1440 3214 γὰρ
1473 3142 1685 3213 ἔχουσιν
1714 3146 1875 3200 αὐτόν
1895 3164 1908 3178 ε

2018 3132 2422 3188 constructione
2451 3134 2604 3190 fiunt.
2639 3137 2878 3203 Quorum
2910 3156 3137 3212 Operum
3172 3163 3336 3203 causa
3370 3166 3587 3224 nonest

332 3224 364 3275 6
397 3225 768 3296 πρεσϐύτατος
791 3229 848 3282 δὲ
877 3232 972 3283 καὶ
999 3231 1128 3294 Υἱὸς
1163 3233 1262 3303 μὲν
1297 3233 1389 3287 τοῦ
1419 3233 1574 3302 Θεοῦ,
1609 3237 1823 3291 πάντων
1855 3239 1912 3292 δέ

332 3313 445 3366 τῶν
475 3315 847 3387 ὑποκειμένων
889 3320 1156 3390 βασιλεὺς,
1192 3324 1350 3391 φύσιν
1390 3326 1577 3396 ἄλογον
1620 3331 1909 3401 πεποίηκε,

335 3404 636 3494 βοηθοδσαν
674 3410 750 3474 ὼς
789 3411 980 3478 ἄλογον
1009 3416 1120 3478 τοῖς
1155 3414 1430 3480 ἀξιωθεῖσι
1461 3418 1617 3487 λόγου
1654 3421 1784 3494 (99).
1814 3423 1912 3476 Πό-

333 3494 446 3558 λεις
473 3492 565 3551 οὖν
597 3503 727 3572 παρ’
751 3503 1059 3574 ἀνθρώποις
1090 3505 1227 3575 μετὰ
1257 3507 1465 3562 πολλῶν
1493 3510 1804 3582 ὑπέστησαν
1831 3533 1910 3568 τε-

327 3588 474 3660 χνῶν
504 3591 598 3644 καὶ
627 3592 921 3659 διατάξεως
942 3596 1150 3667 νόμων·
1184 3597 1450 3652 πολιτεῖαι
1483 3600 1558 3666 δὲ,
1589 3603 1682 3656 καὶ
1718 3604 1904 3676 ἀρχαὶ,

327 3682 426 3735 καὶ
470 3683 754 3754 ἡγεμονίαι
795 3688 853 3740 ἐν
891 3686 1199 3760 ἀνθρώποις
1244 3690 1361 3760 ἢτοι
1410 3689 1466 3744 αἳ
1514 3692 1716 3764 κυρίως
1769 3696 1906 3750 εἰσὶν

323 3772 470 3827 οὕτω
494 3774 842 3848 καλούμεναι,
867 3781 1152 3835 σπουδαῖαί
1173 3799 1316 3846 τινες
1344 3782 1484 3849 ἔξεις
1506 3785 1598 3838 καὶ
1614 3785 1902 3858 ἐνέργειαι,

323 3869 363 3938 ἢ
389 3867 482 3921 καὶ
501 3870 555 3922 αί
575 3886 818 3942 καταχρη
827 3873 1052 3927 στικώτε
1062 3891 1150 3945 ρον
1167 3873 1340 3938 οὕτως
1358 3875 1749 3948 ὀνομαζόμεναι
1769 3881 1906 3953 πρὸς

323 3957 458 4026 τὴν,
503 3960 641 4012 κατὰ
687 3961 748 4013 τὺ
790 3963 1041 4029 δυνατὸν,
1087 3966 1310 4019 ἐκείνων
1359 3967 1619 4037 μίμησιν·
1667 3971 1903 4034 ἐκείναις

289 4082 304 4088 ιη
325 4049 438 4121 γὰρ
469 4050 756 4120 ἐνορῶντες
782 4056 828 4106 oi
853 4057 1317 4126 ἐπιτετευγμένως
1341 4059 1413 4129 (1)
1444 4062 1902 4132 νομοτεθήσαντες

330 4141 722 4210 συνεστήσαντο
752 4144 848 4208 τὰς
875 4146 1101 4216 ἀρίστας
1132 4148 1424 4216 πολιτείας,
1460 4153 1553 4203 καὶ
1580 4152 1677 4216 τὰς
1703 4154 1897 4225 ἀρχὰς,

328 4232 422 4284 κα)⁵
468 4233 564 4297 τάς
597 4236 906 4307 ἡγεμονίας.
944 4233 1042 4292 Ὧν
1071 4241 1223 4294 οὐδὲν
1252 4243 1309 4294 ἐν
1350 4246 1459 4305 τοῖς
1490 4244 1702 4313 ἀλόγοις
1751 4249 1899 4301 ἐστὶν

327 4325 538 4396 εὑρεῖνο
571 4327 672 4380 κᾶν
698 4330 726 4381 6
757 4331 961 4395 Κέλσος
989 4332 1056 4385 τὰ
1087 4333 1278 4401 λογικὰ
1308 4334 1543 4404 ὀνόματα
1575 4336 1650 4407 (2)
1682 4339 1774 4391 καὶ
1806 4340 1898 4393 ἐπὶ

2019 3221 2125 3276 ulla
2176 3224 2313 3278 ratio
2343 3240 2461 3294 qua:
2508 3231 2856 3296 operantibus
2903 3234 3070 3302 insit;
3116 3253 3235 3293 eam
3274 3245 3419 3296 enim
3472 3221 3581 3301 non

2017 3315 2216 3370 habent
2245 3334 2258 3370 :
2300 3318 2393 3372 sed
2426 3319 2863 3390 antiquissimus,
2895 3325 2991 3380 Dei
3023 3331 3239 3398 quidem
3269 3333 3459 3402 Filius,
3493 3353 3585 3394 re-

2017 3421 2135 3460 rum
2185 3420 2363 3464 autem
2401 3414 2644 3466 omnium
2696 3430 2792 3469 rex
2838 3428 3084 3473 naturam
3115 3425 3388 3494 condidit,
3422 3446 3540 3498 quae
3566 3474 3580 3498 ,

2015 3497 2141 3552 licet
2193 3500 2422 3554 rationis
2449 3516 2682 3571 expers,
2733 3505 2800 3559 iis
2847 3515 3024 3562 tamen
3063 3510 3310 3578 inservit,
3343 3497 3465 3586 quae
3495 3497 3581 3575 di;

2014 3601 2174 3661 gnata
2204 3601 2330 3645 sunt
2362 3593 2588 3648 ratione.
2621 3593 2810 3665 Itaque
2842 3601 2984 3666 apud
3011 3601 3257 3660 homines
3291 3609 3578 3665 multarum

2013 3686 2214 3738 artium
2260 3685 2576 3741 inventione
2604 3694 2658 3740 et
2688 3687 2865 3758 legum
2901 3693 3291 3752 constitutione
3324 3713 3582 3759 constant

2011 3777 2214 3840 urbes;
2250 3787 2306 3830 et
2336 3777 2478 3831 inter
2513 3777 2633 3833 illos
2661 3778 2777 3834 hmc
2809 3782 3052 3848 nomina,
3093 3790 3331 3858 regimen
3354 3833 3368 3858 ,
3410 3797 3580 3864 magi-

2009 3879 2215 3924 stratus
2240 3909 2255 3934 ,
2300 3869 2586 3941 imperium
2614 3912 2629 3938 ,
2661 3884 2757 3929 aut
2798 3879 3018 3947 proprie
3064 3881 3373 3949 significant
3407 3889 3580 3944 bonas

2009 3962 2174 4016 animi
2226 3961 2539 4018 affectiones
2586 3969 2978 4038 actionesque;
3025 3981 3120 4026 aut
3172 3974 3240 4030 iis
3281 3978 3579 4037 abutuntur

2009 4056 2254 4111 homines
2278 4056 2344 4110 ad
2365 4058 2774 4125 exprimendum
2794 4063 3056 4133 quidquid
3079 4067 3145 4120 ad
3169 4082 3378 4132 earum,
3395 4075 3575 4140 quoad

2007 4151 2124 4205 lieri
2154 4152 2350 4220 potuit,
2383 4153 2740 4207 imitationem
2773 4154 2974 4209 factum
3006 4167 3108 4213 est.
3134 4158 3258 4214 illas
3286 4165 3430 4218 enim
3462 4181 3575 4234 prae

2005 4242 2177 4297 oculis
2209 4244 2477 4297 habebant
2500 4246 2689 4313 optimi
2715 4246 3076 4316 legislatures,
3100 4267 3224 4304 cum
3242 4250 3573 4319 jusﬁssitnas

2003 4335 2150 4403 leges
2177 4334 2434 4399 tulerunt,
2469 4337 2822 4406 magistratus
2867 4352 3154 4409 crearunt,
3189 4346 3352 4400 duces
3382 4346 3572 4414 praeie-

325 4415 556 4486 λογικῶν
583 4423 910 4494 τεταγμένα,
941 4425 1114 4490 πόλιν,
1146 4427 1240 4480 καὶ
1265 4427 1555 4492 πολιτείας,
1585 4431 1678 4482 καὶ
1700 4431 1893 4503 ἀρχὰς,

2017 4437 2216 4482 :erunt.
2263 4428 2508 4494 Quorum
2561 4431 2694 4485 nihil
2741 4434 2878 4503 apud
2923 4434 3132 4491 bestias
3175 4439 3414 4494 invenire
3450 4454 3565 4503 eSt;

324 4509 418 4562 καὶ
448 4512 774 4583 ἡγεμονίας,
810 4515 1054 4588 ἀναφέρῃ
1089 4519 1182 4571 καὶ
1212 4519 1304 4572 ἐπὶ
1344 4519 1637 4592 μύρμηκας
1669 4524 1760 4575 καὶ
1796 4541 1894 4594 με-

323 4601 545 4668 λίσσας*
580 4607 666 4674 ἐφ’
697 4601 778 4670 οἷς
818 4609 1066 4680 οὐδαμῶς
1103 4611 1201 4680 μὲν
1241 4613 1364 4676 τοὺς
1401 4613 1692 4686 μύρμηκας
1729 4616 1761 4687 ἢ
1798 4616 1896 4682 τὰς

328 4694 584 4765 μελίσσας
619 4700 960 4767 ἀποδεκτέον,
995 4703 1055 4756 οὐ
1100 4703 1209 4775 γὰρ
1242 4706 1338 4758 σὺν
1372 4705 1613 4778 λογισμῷ
1652 4709 1889 4763 ποιοῦσν

324 4787 420 4859 τὴν
467 4789 614 4844 θείαν
657 4793 713 4847 δέ
745 4793 904 4864 φύσιν
947 4795 1305 4868 θαυμαστέον,
1350 4798 1508 4870 μέχρι
1537 4800 1644 4853 τῶν
1685 4801 1892 4870 ἀλόγων

325 4883 636 4939 ἐκτείνασαν
667 4889 727 4942 τὸ
758 4889 919 4942 οἱονεὶ
958 4890 1095 4962 πρὸς
1127 4889 1196 4943 τὰ
1236 4890 1427 4959 λογικά
1462 4893 1704 4963 μίμημα.
1740 4895 1892 4965 Τάχα

325 4974 462 5046 πρὸς
490 4975 761 5032 δυσωπίαν
791 4982 900 5035 τῶν
932 4981 1162 5050 λογικῶν
1181 5000 1193 5012 '
1243 4984 1307 5036 ἵν’
1339 4983 1632 5056 ἐνορῶντες
1671 4985 1890 5058 μύρμη-

397 5089 509 5168 (
535 5090 820 5168 Rhilocalia
833 5134 848 5158 ,
880 5098 1174 5168 σωτηρίας.

395 5139 869 5242 (Millmschelitt's
913 5177 964 5218 et
1005 5139 1336 5242 Srpeticerus,
1352 5167 1595 5238 δόγματα
1644 5171 1710 5242 τῇ
1743 5171 1883 5242 Χριέ

324 5231 554 5309 Ξτιανῶν
577 5233 717 5309 κατά
732 5233 903 5287 ταῦτα
927 5231 1062 5304 πρὸς
1091 5237 1402 5309 φιλοσοφίαν
1419 5231 1744 5309 ξᾼσυμφωνίᾲ.
1781 5231 1887 5293 Sed

323 5301 548 5378 Philem,
579 5302 820 5378 δόγματα
852 5301 1186 5376 Χριστιανῶν
1219 5301 1312 5360 καὶ
1344 5301 1522 5359 ταῦτα’
1545 5301 1682 5376 πρὸς
1702 5301 1712 5309 ’
1733 5310 1884 5378 φιλο-

320 5372 510 5443 σοφίαν
544 5372 825 5443 σύμφωνα.

389 5441 500 5516 (95)
541 5441 898 5516 Ηῴεριὶειίιις,
933 5443 1159 5516 ᾠκισαν.

389 5514 500 5584 (96)
531 5515 638 5568 Καὶ
667 5517 725 5567 αἱ
751 5514 1057 5584 μέλισσαι.
1094 5516 1251 5570 Forte
1293 5517 1641 5583 supplendum
1684 5519 1878 5572 ταυτὸν

319 5583 550 5661 ποιοῦσι,
587 5586 666 5661 vel
699 5583 1149 5661 subaudiendum,
1182 5590 1377 5661 ttt_v_nlt
1402 5587 1648 5661 Quietus,
1677 5590 1878 5661 ἀρχαῖς

317 5655 410 5729 καὶ
435 5656 1032 5729 ηγεμονίαιςλχρῶνται,
1064 5658 1146 5729 vel
1180 5658 1304 5726 quid
1329 5659 1521 5712 simile.

386 5725 499 5802 (υτ)
532 5725 837 5802 Philocalia,
863 5725 1209 5802 ᾑττωμένων
1235 5729 1490 5802 αἱρέσεις.
1542 5727 1676 5784 Nota
1729 5730 1874 5802 αἱρέ-

321 5807 432 5857 σεις
461 5798 562 5850 hoc
603 5797 721 5853 loco
748 5797 892 5854 sumi
937 5797 1032 5869 pro
1081 5797 1556 5866 internecionibus,
1610 5797 1864 5858 caedibus.

2004 4521 2217 4576 tametsi
2238 4521 2430 4577 Celsus
2449 4521 2690 4577 formicis
2711 4534 2766 4578 et
2791 4528 2981 4596 apibus
3003 4530 3374 4585 accommodet
3395 4535 3571 4603 urbis,

2003 4613 2300 4683 regiminis,
2329 4617 2680 4686 magistratus
2711 4627 2768 4670 et
2797 4619 2948 4673 ducis
2979 4621 3220 4684 nomina,
3249 4637 3369 4692 qua:
3399 4628 3567 4678 ratio-

2000 4722 2124 4761 nem
2161 4707 2392 4760 iunuuut
2437 4717 2493 4760 et
2563 4710 2777 4764 nonnisi
2808 4713 3020 4766 naturis
3068 4715 3278 4769 ratione
3330 4717 3564 4784 praeditis

1999 4800 2345 4854 conveniunt.
2381 4801 2454 4854 De
2487 4801 2555 4854 iis
2585 4817 2926 4874 nequaquam
2977 4805 3258 4861 laudandae
3289 4819 3412 4863 sunt
3454 4810 3565 4864 for-

2000 4894 2154 4948 mica:
2185 4904 2280 4946 aut
2308 4909 2460 4964 apes,
2501 4910 2622 4948 cum
2659 4896 2775 4951 haec
2807 4897 2922 4952 sine
2959 4900 3168 4954 ratione
3195 4900 3425 4956 faciant:
3467 4905 3560 4958 sed

1998 4986 2259 5040 admirari
2290 4998 2500 5056 oportet
2528 4987 2898 5056 Divinitatetu,
2927 5005 3044 5060 quae
3067 4993 3226 5058 etiam
3257 4995 3427 5049 brutis
3449 4997 3563 5048 ani-

1990 5096 2142 5173 Haud
2173 5099 2379 5173 scioan
2416 5100 2544 5155 alihi
2576 5102 2877 5173 reperiatur
2901 5105 3016 5172 pari
3046 5104 3372 5173 significatur.
3392 5107 3560 5161 Forte

1999 5169 2163 5244 etiam
2204 5169 2566 5244 scribendum,
2595 5169 2959 5244 καθαιρέσείς.

2063 5239 2171 5314 (98)
2205 5239 2539 5314 limschelins
2579 5254 2633 5296 et
2659 5239 2982 5313 Spe'ttcerus,
3015 5244 3258 5314 λογικῆς,
3293 5245 3384 5296 sed
3429 5241 3556 5297 Phi-

1989 5309 2512 5394 localii‘t,.)oyto:tto6.
2660 5309 2714 5394 μς
3290 5382 3300 5394 .

2062 5381 2172 5449 (99)
2208 5380 2546 5461 Hteschelius
2573 5391 2636 5461 et.
2659 5382 2990 5461 Spcncerus,
3019 5385 3130 5444 τοῖς
3161 5382 3258 5461 οὐκ
3277 5380 3552 5461 ἁ-ξιωθεῖσι

1988 5449 2165 5520 λόγου,
2194 5454 2288 5506 sed
2317 5467 2348 5504 a
2382 5449 2672 5507 Pbilecalia
2704 5449 2867 5506 'recte
2913 5456 3063 5506 abest
3095 5451 3354 5520 particula
3385 5468 3551 5520 nega-

1985 5525 2090 5575 tiva
2123 5522 2241 5575 οὐκ.

2053 5592 2130 5662 (1)
2159 5591 2471 5650 Philocalia.
2499 5591 2958 5662 ἐπιτεταγμένως.
2990 5589 3109 5644 Mox
3140 5589 3476 5646 llaaschelius
3500 5593 3553 5648 in

1983 5661 2156 5733 textu,
2184 5662 2640 5733 νομοτεθήσαντες
2666 5661 2771 5714 και
2788 5661 3116 5730 συνέστησαν
3140 5664 3237 5726 τὰς
3269 5663 3518 5732 ἀρίστας.

2051 5732 2127 5804 (2)
2155 5732 2492 5788 lltn'scltelius
2525 5734 2576 5787 in
2608 5741 2777 5797 textu,
2809 5733 3080 5804 νοήματα.
