  <div class='ocr_page' id='page_1' title='image "/cluster/home/n/w/nwhite01/storage/ocr_20150623/11/mdp.39015013266690/592.png"; bbox 0 0 3986 6164; ppageno 0'>
   <div class='ocr_carea' id='block_1_1' title="bbox 337 291 488 348">
    <p class='ocr_par' dir='ltr' id='par_1_1' title="bbox 337 291 488 348">
     <span class='ocr_line' id='line_1_1' title="bbox 337 291 488 348; baseline 0.007 -3"><span class='ocrx_word' id='word_1_1' title='bbox 337 291 488 348; x_wconf 63' lang='grc'><strong>1157</strong></span> 
     </span>
    </p>
   </div>
   <div class='ocr_carea' id='block_1_2' title="bbox 1545 286 2420 343">
    <p class='ocr_par' dir='ltr' id='par_1_2' title="bbox 1545 286 2420 343">
     <span class='ocr_line' id='line_1_2' title="bbox 1545 286 2420 343; baseline -0.001 -2"><span class='ocrx_word' id='word_1_2' title='bbox 1545 287 1823 342; x_wconf 77' lang='lat' dir='ltr'><strong>CONTRA</strong></span> <span class='ocrx_word' id='word_1_3' title='bbox 1855 287 2129 343; x_wconf 78' lang='lat' dir='ltr'><strong>CELSUM</strong></span> <span class='ocrx_word' id='word_1_4' title='bbox 2167 288 2291 343; x_wconf 88' lang='lat' dir='ltr'><strong>LIB.</strong></span> <span class='ocrx_word' id='word_1_5' title='bbox 2330 286 2420 342; x_wconf 73' lang='grc' dir='ltr'><strong>Ν.</strong></span> 
     </span>
    </p>
   </div>
   <div class='ocr_carea' id='block_1_3' title="bbox 3439 285 3578 340">
    <p class='ocr_par' dir='ltr' id='par_1_3' title="bbox 3439 285 3578 340">
     <span class='ocr_line' id='line_1_3' title="bbox 3439 285 3578 340; baseline 0 -2"><span class='ocrx_word' id='word_1_6' title='bbox 3439 285 3578 340; x_wconf 77' lang='lat'><strong>“53</strong></span> 
     </span>
    </p>
   </div>
   <div class='ocr_carea' id='block_1_4' title="bbox 333 395 1910 479">
    <p class='ocr_par' dir='ltr' id='par_1_4' title="bbox 333 403 1910 479">
     <span class='ocr_line' id='line_1_4' title="bbox 333 403 1910 479; baseline -0.008 -13"><span class='ocrx_word' id='word_1_7' title='bbox 333 412 683 472; x_wconf 66' lang='grc' dir='ltr'>κοινωνικὸν,</span> <span class='ocrx_word' id='word_1_8' title='bbox 723 409 965 479; x_wconf 81' lang='grc' dir='ltr'>βλαϐεῖεν</span> <span class='ocrx_word' id='word_1_9' title='bbox 1008 409 1094 470; x_wconf 82' lang='grc' dir='ltr'><strong>ἂν,</strong></span> <span class='ocrx_word' id='word_1_10' title='bbox 1123 407 1184 459; x_wconf 79' lang='grc' dir='ltr'><strong>τὸ</strong></span> <span class='ocrx_word' id='word_1_11' title='bbox 1210 408 1330 459; x_wconf 77' lang='grc' dir='ltr'>ὅσον</span> <span class='ocrx_word' id='word_1_12' title='bbox 1367 406 1458 458; x_wconf 66' lang='grc' dir='ltr'><strong>ἐπὶ</strong></span> <span class='ocrx_word' id='word_1_13' title='bbox 1483 404 1560 474; x_wconf 80' lang='grc' dir='ltr'><strong>τῷ</strong></span> <span class='ocrx_word' id='word_1_14' title='bbox 1587 403 1800 474; x_wconf 83' lang='grc' dir='ltr'><strong>Κέλσῳ,</strong></span> <span class='ocrx_word' id='word_1_15' title='bbox 1831 403 1910 456; x_wconf 66' lang='grc' dir='ltr'><strong>κα)</strong></span> 
     </span>
    </p>
   </div>
   <div class='ocr_carea' id='block_1_5' title="bbox 2014 395 3583 479">
    <p class='ocr_par' dir='ltr' id='par_1_5' title="bbox 2029 395 3583 464">
     <span class='ocr_line' id='line_1_5' title="bbox 2029 395 3583 464; baseline -0.004 -8"><span class='ocrx_word' id='word_1_16' title='bbox 2029 404 2258 458; x_wconf 79' lang='lat' dir='ltr'><strong>lectores</strong></span> <span class='ocrx_word' id='word_1_17' title='bbox 2292 417 2319 455; x_wconf 88' lang='lat' dir='ltr'><strong>a</strong></span> <span class='ocrx_word' id='word_1_18' title='bbox 2363 397 2778 455; x_wconf 85' lang='lat' dir='ltr'><strong>Christianismo</strong></span> <span class='ocrx_word' id='word_1_19' title='bbox 2806 395 2919 451; x_wconf 91' lang='lat' dir='ltr'><strong>vult</strong></span> <span class='ocrx_word' id='word_1_20' title='bbox 2963 411 3216 460; x_wconf 78' lang='lat' dir='ltr'><strong>avocare,</strong></span> <span class='ocrx_word' id='word_1_21' title='bbox 3274 395 3433 451; x_wconf 90' lang='lat' dir='ltr'><strong>etiam</strong></span> <span class='ocrx_word' id='word_1_22' title='bbox 3466 413 3583 464; x_wconf 85' lang='lat' dir='ltr'><strong>eos,</strong></span> 
     </span>
    </p>
   </div>
   <div class='ocr_carea' id='block_1_6' title="bbox 331 494 1917 572">
    <p class='ocr_par' dir='ltr' id='par_1_6' title="bbox 331 494 1917 572">
     <span class='ocr_line' id='line_1_6' title="bbox 331 494 1917 572; baseline -0.008 -12"><span class='ocrx_word' id='word_1_23' title='bbox 331 510 460 569; x_wconf 88' lang='grc' dir='ltr'>τοῖς</span> <span class='ocrx_word' id='word_1_24' title='bbox 492 505 668 572; x_wconf 87' lang='grc' dir='ltr'>λόγοις</span> <span class='ocrx_word' id='word_1_25' title='bbox 692 502 876 555; x_wconf 80' lang='grc' dir='ltr'>αὐτοῦ·</span> <span class='ocrx_word' id='word_1_26' title='bbox 909 503 1007 554; x_wconf 79' lang='grc' dir='ltr'><strong>οὐκ</strong></span> <span class='ocrx_word' id='word_1_27' title='bbox 1044 501 1201 553; x_wconf 85' lang='grc' dir='ltr'><strong>ἰδόντι</strong></span> <span class='ocrx_word' id='word_1_28' title='bbox 1224 498 1331 568; x_wconf 78' lang='grc'><strong>(15)</strong></span> <span class='ocrx_word' id='word_1_29' title='bbox 1361 499 1461 560; x_wconf 81' lang='grc' dir='ltr'>ὅτι,</span> <span class='ocrx_word' id='word_1_30' title='bbox 1496 494 1917 568; x_wconf 85' lang='grc' dir='ltr'>Χριστιανισμοῦ</span> 
     </span>
    </p>
   </div>
   <div class='ocr_carea' id='block_1_7' title="bbox 331 587 1916 667">
    <p class='ocr_par' dir='ltr' id='par_1_7' title="bbox 331 587 1916 667">
     <span class='ocr_line' id='line_1_7' title="bbox 331 587 1916 667; baseline -0.008 -17"><span class='ocrx_word' id='word_1_31' title='bbox 331 595 650 667; x_wconf 69' lang='grc' dir='ltr'>ἀποτρέψαι</span> <span class='ocrx_word' id='word_1_32' title='bbox 671 594 836 647; x_wconf 88' lang='grc' dir='ltr'>θέλων</span> <span class='ocrx_word' id='word_1_33' title='bbox 852 594 977 656; x_wconf 76' lang='grc' dir='ltr'>τοὺς</span> <span class='ocrx_word' id='word_1_34' title='bbox 998 591 1423 660; x_wconf 78' lang='grc' dir='ltr'>ἐντυγχάνοντας</span> <span class='ocrx_word' id='word_1_35' title='bbox 1443 587 1607 642; x_wconf 80' lang='grc' dir='ltr'>αὐτοῦ</span> <span class='ocrx_word' id='word_1_36' title='bbox 1625 591 1690 658; x_wconf 80' lang='grc' dir='ltr'>τῇ</span> <span class='ocrx_word' id='word_1_37' title='bbox 1711 589 1916 658; x_wconf 81' lang='grc' dir='ltr'>γραφῇ,</span> 
     </span>
    </p>
   </div>
   <div class='ocr_carea' id='block_1_8' title="bbox 333 679 1919 762">
    <p class='ocr_par' dir='ltr' id='par_1_8' title="bbox 333 679 1919 762">
     <span class='ocr_line' id='line_1_8' title="bbox 333 679 1919 762; baseline -0.009 -18"><span class='ocrx_word' id='word_1_38' title='bbox 333 689 648 762; x_wconf 79' lang='grc' dir='ltr'><strong>ἀποτρέπει</strong></span> <span class='ocrx_word' id='word_1_39' title='bbox 685 688 778 740; x_wconf 77' lang='grc' dir='ltr'><strong>καὶ</strong></span> <span class='ocrx_word' id='word_1_40' title='bbox 806 687 912 740; x_wconf 85' lang='grc' dir='ltr'><strong>τῶν</strong></span> <span class='ocrx_word' id='word_1_41' title='bbox 942 686 1000 738; x_wconf 78' lang='grc' dir='ltr'>οὑ</span> <span class='ocrx_word' id='word_1_42' title='bbox 1039 681 1377 754; x_wconf 76' lang='grc' dir='ltr'><strong>Χριστιανῶν</strong></span> <span class='ocrx_word' id='word_1_43' title='bbox 1410 680 1470 732; x_wconf 88' lang='grc' dir='ltr'><strong>τὸ</strong></span> <span class='ocrx_word' id='word_1_44' title='bbox 1502 680 1637 750; x_wconf 78' lang='grc' dir='ltr'>πρὸς</span> <span class='ocrx_word' id='word_1_45' title='bbox 1665 680 1792 741; x_wconf 77' lang='grc' dir='ltr'>τοὺς</span> <span class='ocrx_word' id='word_1_46' title='bbox 1827 679 1919 746; x_wconf 80' lang='grc' dir='ltr'>φέ-</span> 
     </span>
    </p>
   </div>
   <div class='ocr_carea' id='block_1_9' title="bbox 337 770 1918 853">
    <p class='ocr_par' dir='ltr' id='par_1_9' title="bbox 337 770 1918 853">
     <span class='ocr_line' id='line_1_9' title="bbox 337 770 1918 853; baseline -0.011 -16"><span class='ocrx_word' id='word_1_47' title='bbox 337 799 543 853; x_wconf 87' lang='grc' dir='ltr'>ροντας</span> <span class='ocrx_word' id='word_1_48' title='bbox 570 781 636 834; x_wconf 77' lang='grc' dir='ltr'>τὰ</span> <span class='ocrx_word' id='word_1_49' title='bbox 666 779 938 851; x_wconf 74' lang='grc' dir='ltr'>βαρύτατα</span> <span class='ocrx_word' id='word_1_50' title='bbox 966 777 1074 828; x_wconf 87' lang='grc' dir='ltr'><strong>τῶν</strong></span> <span class='ocrx_word' id='word_1_51' title='bbox 1103 775 1335 846; x_wconf 83' lang='grc' dir='ltr'>φορτίων</span> <span class='ocrx_word' id='word_1_52' title='bbox 1371 771 1670 842; x_wconf 87' lang='grc' dir='ltr'>συμπαθές.</span> <span class='ocrx_word' id='word_1_53' title='bbox 1721 770 1918 841; x_wconf 83' lang='grc' dir='ltr'>Ἐχρῆν</span> 
     </span>
    </p>
   </div>
   <div class='ocr_carea' id='block_1_10' title="bbox 329 861 1917 939">
    <p class='ocr_par' dir='ltr' id='par_1_10' title="bbox 329 861 1917 939">
     <span class='ocr_line' id='line_1_10' title="bbox 329 861 1917 939; baseline -0.01 -12"><span class='ocrx_word' id='word_1_54' title='bbox 329 872 384 926; x_wconf 81' lang='grc' dir='ltr'>δ’</span> <span class='ocrx_word' id='word_1_55' title='bbox 409 872 477 926; x_wconf 80' lang='grc' dir='ltr'><strong>ἂν</strong></span> <span class='ocrx_word' id='word_1_56' title='bbox 505 872 684 935; x_wconf 78' lang='grc' dir='ltr'>αὑτὸν,</span> <span class='ocrx_word' id='word_1_57' title='bbox 711 869 868 939; x_wconf 75' lang='grc' dir='ltr'>εἴπερ</span> <span class='ocrx_word' id='word_1_58' title='bbox 897 864 963 938; x_wconf 75' lang='grc' dir='ltr'>ἦν</span> <span class='ocrx_word' id='word_1_59' title='bbox 985 867 1076 920; x_wconf 75' lang='grc' dir='ltr'><strong>καὶ</strong></span> <span class='ocrx_word' id='word_1_60' title='bbox 1105 866 1388 934; x_wconf 76' lang='grc' dir='ltr'>φιλόσοφος</span> <span class='ocrx_word' id='word_1_61' title='bbox 1416 861 1796 932; x_wconf 88' lang='grc' dir='ltr'>αἰσθανόμενος</span> <span class='ocrx_word' id='word_1_62' title='bbox 1825 861 1917 912; x_wconf 79' lang='grc' dir='ltr'>τοῦ</span> 
     </span>
    </p>
   </div>
   <div class='ocr_carea' id='block_1_11' title="bbox 334 953 1918 1032">
    <p class='ocr_par' dir='ltr' id='par_1_11' title="bbox 334 953 1918 1032">
     <span class='ocr_line' id='line_1_11' title="bbox 334 953 1918 1032; baseline -0.009 -13"><span class='ocrx_word' id='word_1_63' title='bbox 334 963 685 1028; x_wconf 80' lang='grc' dir='ltr'>κοινωνικοῦ,</span> <span class='ocrx_word' id='word_1_64' title='bbox 713 961 846 1032; x_wconf 88' lang='grc' dir='ltr'>πρὸς</span> <span class='ocrx_word' id='word_1_65' title='bbox 880 960 956 1031; x_wconf 79' lang='grc' dir='ltr'>τῷ</span> <span class='ocrx_word' id='word_1_66' title='bbox 997 959 1069 1030; x_wconf 78' lang='grc' dir='ltr'>μὴ</span> <span class='ocrx_word' id='word_1_67' title='bbox 1115 958 1451 1026; x_wconf 82' lang='grc' dir='ltr'>συναναιρεῖν</span> <span class='ocrx_word' id='word_1_68' title='bbox 1497 953 1574 1024; x_wconf 80' lang='grc' dir='ltr'>τῷ</span> <span class='ocrx_word' id='word_1_69' title='bbox 1610 956 1918 1023; x_wconf 64' lang='grc' dir='ltr'>Χριστιανια</span> 
     </span>
    </p>
   </div>
   <div class='ocr_carea' id='block_1_12' title="bbox 337 1045 1918 1128">
    <p class='ocr_par' dir='ltr' id='par_1_12' title="bbox 337 1045 1918 1128">
     <span class='ocr_line' id='line_1_12' title="bbox 337 1045 1918 1128; baseline -0.015 -10"><span class='ocrx_word' id='word_1_70' title='bbox 337 1056 476 1128; x_wconf 85' lang='grc' dir='ltr'><strong>σμῷ</strong></span> <span class='ocrx_word' id='word_1_71' title='bbox 511 1055 645 1127; x_wconf 71' lang='grc'>(14),</span> <span class='ocrx_word' id='word_1_72' title='bbox 677 1054 745 1107; x_wconf 85' lang='grc' dir='ltr'>τὰ</span> <span class='ocrx_word' id='word_1_73' title='bbox 772 1054 1016 1124; x_wconf 83' lang='grc' dir='ltr'>χρήσιμα</span> <span class='ocrx_word' id='word_1_74' title='bbox 1032 1050 1141 1104; x_wconf 89' lang='grc' dir='ltr'><strong>τῶν</strong></span> <span class='ocrx_word' id='word_1_75' title='bbox 1168 1051 1224 1102; x_wconf 79' lang='grc' dir='ltr'>ἐν</span> <span class='ocrx_word' id='word_1_76' title='bbox 1251 1045 1576 1118; x_wconf 78' lang='grc' dir='ltr'>ἀνθρώποις,</span> <span class='ocrx_word' id='word_1_77' title='bbox 1607 1046 1701 1099; x_wconf 73' lang='grc' dir='ltr'><strong>καὶ</strong></span> <span class='ocrx_word' id='word_1_78' title='bbox 1728 1061 1918 1114; x_wconf 87' lang='grc' dir='ltr'>συνερ-</span> 
     </span>
    </p>
   </div>
   <div class='ocr_carea' id='block_1_13' title="bbox 334 1135 1918 1220">
    <p class='ocr_par' dir='ltr' id='par_1_13' title="bbox 334 1135 1918 1220">
     <span class='ocr_line' id='line_1_13' title="bbox 334 1135 1918 1220; baseline -0.011 -16"><span class='ocrx_word' id='word_1_79' title='bbox 334 1154 467 1218; x_wconf 82' lang='grc' dir='ltr'>γεῖν</span> <span class='ocrx_word' id='word_1_80' title='bbox 497 1149 578 1220; x_wconf 75' lang='grc' dir='ltr'><strong>(εἰ</strong></span> <span class='ocrx_word' id='word_1_81' title='bbox 615 1143 722 1202; x_wconf 81' lang='grc' dir='ltr'>οἷόν</span> <span class='ocrx_word' id='word_1_82' title='bbox 769 1147 815 1199; x_wconf 88' lang='grc' dir='ltr'>τ’</span> <span class='ocrx_word' id='word_1_83' title='bbox 859 1142 984 1216; x_wconf 83' lang='grc' dir='ltr'>ἦν,)</span> <span class='ocrx_word' id='word_1_84' title='bbox 1016 1146 1128 1206; x_wconf 87' lang='grc' dir='ltr'>τοῖς</span> <span class='ocrx_word' id='word_1_85' title='bbox 1179 1142 1377 1203; x_wconf 86' lang='grc' dir='ltr'>κοινοῖς</span> <span class='ocrx_word' id='word_1_86' title='bbox 1410 1141 1466 1192; x_wconf 84' lang='grc' dir='ltr'>ὲν</span> <span class='ocrx_word' id='word_1_87' title='bbox 1508 1135 1918 1210; x_wconf 83' lang='grc' dir='ltr'>Χριστιανισμῷ</span> 
     </span>
    </p>
   </div>
   <div class='ocr_carea' id='block_1_14' title="bbox 335 1227 1917 1314">
    <p class='ocr_par' dir='ltr' id='par_1_14' title="bbox 335 1227 1917 1314">
     <span class='ocr_line' id='line_1_14' title="bbox 335 1227 1917 1314; baseline -0.011 -18"><span class='ocrx_word' id='word_1_88' title='bbox 335 1241 482 1314; x_wconf 79' lang='grc' dir='ltr'>πρὸς</span> <span class='ocrx_word' id='word_1_89' title='bbox 528 1242 654 1305; x_wconf 84' lang='grc' dir='ltr'>τοὺς</span> <span class='ocrx_word' id='word_1_90' title='bbox 685 1240 875 1302; x_wconf 78' lang='grc' dir='ltr'>ἄλλους</span> <span class='ocrx_word' id='word_1_91' title='bbox 907 1234 1220 1307; x_wconf 82' lang='grc' dir='ltr'>ἀνθρώπους</span> <span class='ocrx_word' id='word_1_92' title='bbox 1265 1232 1468 1294; x_wconf 88' lang='grc' dir='ltr'>καλοῖς.</span> <span class='ocrx_word' id='word_1_93' title='bbox 1508 1231 1568 1283; x_wconf 77' lang='lat' dir='ltr'><strong>Ei</strong></span> <span class='ocrx_word' id='word_1_94' title='bbox 1605 1230 1660 1283; x_wconf 82' lang='grc' dir='ltr'>δὲ</span> <span class='ocrx_word' id='word_1_95' title='bbox 1693 1227 1917 1281; x_wconf 74' lang='grc' dir='ltr'>καὶτῶν</span> 
     </span>
    </p>
   </div>
   <div class='ocr_carea' id='block_1_15' title="bbox 335 1321 1917 1403">
    <p class='ocr_par' dir='ltr' id='par_1_15' title="bbox 335 1321 1917 1403">
     <span class='ocr_line' id='line_1_15' title="bbox 335 1321 1917 1403; baseline -0.01 -16"><span class='ocrx_word' id='word_1_96' title='bbox 335 1333 750 1403; x_wconf 81' lang='grc' dir='ltr'>ἀποτιθεμένων</span> <span class='ocrx_word' id='word_1_97' title='bbox 782 1328 1009 1401; x_wconf 82' lang='grc' dir='ltr'>καρπῶν</span> <span class='ocrx_word' id='word_1_98' title='bbox 1039 1326 1138 1390; x_wconf 83' lang='grc' dir='ltr'>τὰς</span> <span class='ocrx_word' id='word_1_99' title='bbox 1173 1324 1428 1394; x_wconf 76' lang='grc' dir='ltr'>ἐκφύσεις</span> <span class='ocrx_word' id='word_1_100' title='bbox 1458 1321 1841 1375; x_wconf 84' lang='grc' dir='ltr'>ἀπεκτιθέασιν</span> <span class='ocrx_word' id='word_1_101' title='bbox 1869 1321 1917 1372; x_wconf 78' lang='grc' dir='ltr'>οἱ</span> 
     </span>
    </p>
   </div>
   <div class='ocr_carea' id='block_1_16' title="bbox 342 1411 1919 1497">
    <p class='ocr_par' dir='ltr' id='par_1_16' title="bbox 342 1411 1919 1497">
     <span class='ocr_line' id='line_1_16' title="bbox 342 1411 1919 1497; baseline -0.01 -19"><span class='ocrx_word' id='word_1_102' title='bbox 342 1425 661 1497; x_wconf 85' lang='grc' dir='ltr'>μύρμηκες,</span> <span class='ocrx_word' id='word_1_103' title='bbox 704 1424 790 1476; x_wconf 84' lang='grc' dir='ltr'>ἵνα</span> <span class='ocrx_word' id='word_1_104' title='bbox 834 1421 913 1492; x_wconf 83' lang='grc' dir='ltr'><strong>μὴ</strong></span> <span class='ocrx_word' id='word_1_105' title='bbox 965 1417 1274 1489; x_wconf 82' lang='grc' dir='ltr'>σπαργῷεν,</span> <span class='ocrx_word' id='word_1_106' title='bbox 1325 1415 1533 1486; x_wconf 89' lang='grc' dir='ltr'>μένοιεν</span> <span class='ocrx_word' id='word_1_107' title='bbox 1577 1413 1633 1466; x_wconf 79' lang='grc' dir='ltr'>δὲ</span> <span class='ocrx_word' id='word_1_108' title='bbox 1662 1413 1731 1464; x_wconf 84' lang='grc' dir='ltr'>δι’</span> <span class='ocrx_word' id='word_1_109' title='bbox 1767 1411 1919 1473; x_wconf 78' lang='grc' dir='ltr'>ἔτους</span> 
     </span>
    </p>
   </div>
   <div class='ocr_carea' id='block_1_17' title="bbox 337 1500 1917 1586">
    <p class='ocr_par' dir='ltr' id='par_1_17' title="bbox 337 1500 1917 1586">
     <span class='ocr_line' id='line_1_17' title="bbox 337 1500 1917 1586; baseline -0.01 -17"><span class='ocrx_word' id='word_1_110' title='bbox 337 1517 533 1579; x_wconf 81' lang='grc' dir='ltr'>αὐτοῖς</span> <span class='ocrx_word' id='word_1_111' title='bbox 573 1517 652 1578; x_wconf 81' lang='grc' dir='ltr'>εἰς</span> <span class='ocrx_word' id='word_1_112' title='bbox 695 1514 930 1586; x_wconf 80' lang='grc' dir='ltr'>τροφήν·</span> <span class='ocrx_word' id='word_1_113' title='bbox 981 1511 1040 1563; x_wconf 85' lang='grc' dir='ltr'><strong>ού</strong></span> <span class='ocrx_word' id='word_1_114' title='bbox 1085 1507 1342 1578; x_wconf 83' lang='grc' dir='ltr'>λογισμὸν</span> <span class='ocrx_word' id='word_1_115' title='bbox 1387 1501 1524 1559; x_wconf 76' lang='grc' dir='ltr'>εἶναι</span> <span class='ocrx_word' id='word_1_116' title='bbox 1566 1505 1624 1557; x_wconf 83' lang='grc' dir='ltr'><strong>ὲν</strong></span> <span class='ocrx_word' id='word_1_117' title='bbox 1673 1500 1917 1573; x_wconf 78' lang='grc' dir='ltr'>μύρμηξι</span> 
     </span>
    </p>
   </div>
   <div class='ocr_carea' id='block_1_18' title="bbox 335 1593 1918 1674">
    <p class='ocr_par' dir='ltr' id='par_1_18' title="bbox 335 1593 1918 1674">
     <span class='ocr_line' id='line_1_18' title="bbox 335 1593 1918 1674; baseline -0.01 -15"><span class='ocrx_word' id='word_1_118' title='bbox 335 1606 548 1660; x_wconf 84' lang='grc' dir='ltr'>τούτων</span> <span class='ocrx_word' id='word_1_119' title='bbox 570 1605 736 1659; x_wconf 79' lang='grc' dir='ltr'>αἴτιον</span> <span class='ocrx_word' id='word_1_120' title='bbox 761 1601 1106 1674; x_wconf 68' lang='grc' dir='ltr'>ὕπονοητέον,</span> <span class='ocrx_word' id='word_1_121' title='bbox 1139 1598 1272 1653; x_wconf 85' lang='grc' dir='ltr'>ἀλλὰ</span> <span class='ocrx_word' id='word_1_122' title='bbox 1290 1599 1388 1669; x_wconf 83' lang='grc' dir='ltr'>τὴν</span> <span class='ocrx_word' id='word_1_123' title='bbox 1414 1615 1488 1650; x_wconf 86' lang='grc' dir='ltr'><strong>πα</strong></span> <span class='ocrx_word' id='word_1_124' title='bbox 1497 1596 1747 1667; x_wconf 84' lang='grc' dir='ltr'>μμήτορα</span> <span class='ocrx_word' id='word_1_125' title='bbox 1759 1593 1918 1661; x_wconf 85' lang='grc' dir='ltr'>φύσιν</span> 
     </span>
    </p>
   </div>
   <div class='ocr_carea' id='block_1_19' title="bbox 335 1685 1915 1772">
    <p class='ocr_par' dir='ltr' id='par_1_19' title="bbox 335 1685 1915 1772">
     <span class='ocr_line' id='line_1_19' title="bbox 335 1685 1915 1772; baseline -0.011 -19"><span class='ocrx_word' id='word_1_126' title='bbox 335 1699 446 1772; x_wconf 79' lang='grc' dir='ltr'>τὴν</span> <span class='ocrx_word' id='word_1_127' title='bbox 479 1698 572 1752; x_wconf 76' lang='grc' dir='ltr'><strong>καὶ</strong></span> <span class='ocrx_word' id='word_1_128' title='bbox 606 1697 672 1750; x_wconf 84' lang='grc' dir='ltr'><strong>τὰ</strong></span> <span class='ocrx_word' id='word_1_129' title='bbox 697 1696 862 1764; x_wconf 83' lang='grc' dir='ltr'>ἄλογα</span> <span class='ocrx_word' id='word_1_130' title='bbox 893 1695 1263 1764; x_wconf 88' lang='grc' dir='ltr'>κοσμήσασαν,</span> <span class='ocrx_word' id='word_1_131' title='bbox 1295 1690 1368 1752; x_wconf 87' lang='grc' dir='ltr'>ὡς</span> <span class='ocrx_word' id='word_1_132' title='bbox 1401 1687 1534 1759; x_wconf 78' lang='grc' dir='ltr'>μηδὲ</span> <span class='ocrx_word' id='word_1_133' title='bbox 1565 1685 1915 1754; x_wconf 79' lang='grc' dir='ltr'>τούλάχιστον</span> 
     </span>
    </p>
   </div>
   <div class='ocr_carea' id='block_1_20' title="bbox 2022 489 3587 562">
    <p class='ocr_par' dir='ltr' id='par_1_20' title="bbox 2022 489 3587 562">
     <span class='ocr_line' id='line_1_20' title="bbox 2022 489 3587 562; baseline -0.006 -14"><span class='ocrx_word' id='word_1_134' title='bbox 2022 494 2112 562; x_wconf 98' lang='lat' dir='ltr'><strong>qui</strong></span> <span class='ocrx_word' id='word_1_135' title='bbox 2149 491 2442 547; x_wconf 78' lang='lat' dir='ltr'><strong>Christiani</strong></span> <span class='ocrx_word' id='word_1_136' title='bbox 2479 505 2583 544; x_wconf 93' lang='lat' dir='ltr'><strong>non</strong></span> <span class='ocrx_word' id='word_1_137' title='bbox 2633 499 2781 553; x_wconf 87' lang='lat' dir='ltr'><strong>sunt,</strong></span> <span class='ocrx_word' id='word_1_138' title='bbox 2817 490 3113 554; x_wconf 89' lang='lat' dir='ltr'><strong>deterrere,</strong></span> <span class='ocrx_word' id='word_1_139' title='bbox 3145 489 3436 556; x_wconf 86' lang='lat' dir='ltr'><strong>quominus</strong></span> <span class='ocrx_word' id='word_1_140' title='bbox 3461 502 3587 556; x_wconf 70' lang='lat' dir='ltr'><strong>gra~</strong></span> 
     </span>
    </p>
   </div>
   <div class='ocr_carea' id='block_1_21' title="bbox 2022 578 3585 649">
    <p class='ocr_par' dir='ltr' id='par_1_21' title="bbox 2022 578 3585 649">
     <span class='ocr_line' id='line_1_21' title="bbox 2022 578 3585 649; baseline -0.004 -11"><span class='ocrx_word' id='word_1_141' title='bbox 2022 584 2261 638; x_wconf 91' lang='lat' dir='ltr'><strong>vissimis</strong></span> <span class='ocrx_word' id='word_1_142' title='bbox 2313 580 2578 636; x_wconf 91' lang='lat' dir='ltr'><strong>oneribus</strong></span> <span class='ocrx_word' id='word_1_143' title='bbox 2606 592 2898 649; x_wconf 87' lang='lat' dir='ltr'><strong>oppressos</strong></span> <span class='ocrx_word' id='word_1_144' title='bbox 2937 578 3295 642; x_wconf 85' lang='lat' dir='ltr'><strong>miseremur;</strong></span> <span class='ocrx_word' id='word_1_145' title='bbox 3332 592 3452 631; x_wconf 90' lang='lat' dir='ltr'><strong>cum</strong></span> <span class='ocrx_word' id='word_1_146' title='bbox 3487 578 3585 631; x_wconf 79' lang='lat' dir='ltr'><strong>de—</strong></span> 
     </span>
    </p>
   </div>
   <div class='ocr_carea' id='block_1_22' title="bbox 2021 672 3587 743">
    <p class='ocr_par' dir='ltr' id='par_1_22' title="bbox 2021 672 3587 743">
     <span class='ocr_line' id='line_1_22' title="bbox 2021 672 3587 743; baseline -0.004 -13"><span class='ocrx_word' id='word_1_147' title='bbox 2021 677 2218 740; x_wconf 89' lang='lat' dir='ltr'><strong>bueril,</strong></span> <span class='ocrx_word' id='word_1_148' title='bbox 2251 674 2294 728; x_wconf 91' lang='lat' dir='ltr'><strong>si</strong></span> <span class='ocrx_word' id='word_1_149' title='bbox 2326 674 2544 743; x_wconf 85' lang='lat' dir='ltr'><strong>quidem</strong></span> <span class='ocrx_word' id='word_1_150' title='bbox 2568 672 2916 742; x_wconf 90' lang='lat' dir='ltr'><strong>philosophus</strong></span> <span class='ocrx_word' id='word_1_151' title='bbox 2938 680 3080 725; x_wconf 87' lang='lat' dir='ltr'><strong>esset</strong></span> <span class='ocrx_word' id='word_1_152' title='bbox 3105 679 3164 725; x_wconf 88' lang='lat' dir='ltr'><strong>et</strong></span> <span class='ocrx_word' id='word_1_153' title='bbox 3201 679 3386 724; x_wconf 86' lang='lat' dir='ltr'><strong>mutua</strong></span> <span class='ocrx_word' id='word_1_154' title='bbox 3412 672 3587 725; x_wconf 79' lang='lat' dir='ltr'><strong>socie-</strong></span> 
     </span>
    </p>
   </div>
   <div class='ocr_carea' id='block_1_23' title="bbox 2024 762 3586 831">
    <p class='ocr_par' dir='ltr' id='par_1_23' title="bbox 2024 762 3586 831">
     <span class='ocr_line' id='line_1_23' title="bbox 2024 762 3586 831; baseline -0.002 -12"><span class='ocrx_word' id='word_1_155' title='bbox 2024 767 2150 820; x_wconf 90' lang='lat' dir='ltr'><strong>tatis</strong></span> <span class='ocrx_word' id='word_1_156' title='bbox 2195 765 2371 820; x_wconf 87' lang='lat' dir='ltr'><strong>ollicia</strong></span> <span class='ocrx_word' id='word_1_157' title='bbox 2415 766 2656 831; x_wconf 90' lang='lat' dir='ltr'><strong>calleret,</strong></span> <span class='ocrx_word' id='word_1_158' title='bbox 2718 779 2825 819; x_wconf 91' lang='lat' dir='ltr'><strong>non</strong></span> <span class='ocrx_word' id='word_1_159' title='bbox 2875 763 3032 816; x_wconf 91' lang='lat' dir='ltr'><strong>modo</strong></span> <span class='ocrx_word' id='word_1_160' title='bbox 3089 778 3192 816; x_wconf 89' lang='lat' dir='ltr'><strong>non</strong></span> <span class='ocrx_word' id='word_1_161' title='bbox 3226 762 3418 817; x_wconf 89' lang='lat' dir='ltr'><strong>tollere</strong></span> <span class='ocrx_word' id='word_1_162' title='bbox 3459 778 3586 817; x_wconf 90' lang='lat' dir='ltr'><strong>cum</strong></span> 
     </span>
    </p>
   </div>
   <div class='ocr_carea' id='block_1_24' title="bbox 2021 854 3583 925">
    <p class='ocr_par' dir='ltr' id='par_1_24' title="bbox 2021 854 3583 925">
     <span class='ocr_line' id='line_1_24' title="bbox 2021 854 3583 925; baseline -0.003 -13"><span class='ocrx_word' id='word_1_163' title='bbox 2021 857 2437 912; x_wconf 90' lang='lat' dir='ltr'><strong>Christianismo</strong></span> <span class='ocrx_word' id='word_1_164' title='bbox 2484 872 2547 910; x_wconf 87' lang='lat' dir='ltr'><strong>ea</strong></span> <span class='ocrx_word' id='word_1_165' title='bbox 2592 872 2710 925; x_wconf 74' lang='lat' dir='ltr'><strong>quae</strong></span> <span class='ocrx_word' id='word_1_166' title='bbox 2759 856 2813 908; x_wconf 90' lang='lat' dir='ltr'><strong>iu</strong></span> <span class='ocrx_word' id='word_1_167' title='bbox 2877 854 3188 908; x_wconf 86' lang='lat' dir='ltr'><strong>hominibus</strong></span> <span class='ocrx_word' id='word_1_168' title='bbox 3235 854 3387 907; x_wconf 81' lang='lat' dir='ltr'><strong>utilia</strong></span> <span class='ocrx_word' id='word_1_169' title='bbox 3439 864 3583 920; x_wconf 90' lang='lat' dir='ltr'><strong>sunt,</strong></span> 
     </span>
    </p>
   </div>
   <div class='ocr_carea' id='block_1_25' title="bbox 2027 944 3580 1016">
    <p class='ocr_par' dir='ltr' id='par_1_25' title="bbox 2027 944 3580 1016">
     <span class='ocr_line' id='line_1_25' title="bbox 2027 944 3580 1016; baseline -0.001 -15"><span class='ocrx_word' id='word_1_170' title='bbox 2027 949 2121 1002; x_wconf 91' lang='lat' dir='ltr'><strong>sed</strong></span> <span class='ocrx_word' id='word_1_171' title='bbox 2153 955 2206 1001; x_wconf 88' lang='lat' dir='ltr'><strong>et</strong></span> <span class='ocrx_word' id='word_1_172' title='bbox 2244 947 2597 1016; x_wconf 89' lang='lat' dir='ltr'><strong>patrocinari,</strong></span> <span class='ocrx_word' id='word_1_173' title='bbox 2629 948 2670 999; x_wconf 94' lang='lat' dir='ltr'><strong>si</strong></span> <span class='ocrx_word' id='word_1_174' title='bbox 2699 944 2812 998; x_wconf 86' lang='lat' dir='ltr'><strong>ﬁeri</strong></span> <span class='ocrx_word' id='word_1_175' title='bbox 2839 953 3043 1013; x_wconf 86' lang='lat' dir='ltr'><strong>posset,</strong></span> <span class='ocrx_word' id='word_1_176' title='bbox 3070 946 3134 998; x_wconf 93' lang='lat' dir='ltr'><strong>iis</strong></span> <span class='ocrx_word' id='word_1_177' title='bbox 3169 958 3288 1011; x_wconf 85' lang='lat' dir='ltr'><strong>quae</strong></span> <span class='ocrx_word' id='word_1_178' title='bbox 3317 945 3580 1012; x_wconf 75' lang='lat' dir='ltr'><strong>przeclare</strong></span> 
     </span>
    </p>
   </div>
   <div class='ocr_carea' id='block_1_26' title="bbox 2019 1036 3588 1108">
    <p class='ocr_par' dir='ltr' id='par_1_26' title="bbox 2019 1036 3588 1108">
     <span class='ocr_line' id='line_1_26' title="bbox 2019 1036 3588 1108; baseline 0.001 -16"><span class='ocrx_word' id='word_1_179' title='bbox 2019 1039 2159 1108; x_wconf 90' lang='lat' dir='ltr'><strong>apud</strong></span> <span class='ocrx_word' id='word_1_180' title='bbox 2195 1039 2434 1108; x_wconf 89' lang='lat' dir='ltr'><strong>reliquos</strong></span> <span class='ocrx_word' id='word_1_181' title='bbox 2456 1038 2706 1092; x_wconf 88' lang='lat' dir='ltr'><strong>homines</strong></span> <span class='ocrx_word' id='word_1_182' title='bbox 2726 1037 2951 1104; x_wconf 89' lang='lat' dir='ltr'><strong>perinde</strong></span> <span class='ocrx_word' id='word_1_183' title='bbox 2981 1052 3044 1090; x_wconf 89' lang='lat' dir='ltr'><strong>ac</strong></span> <span class='ocrx_word' id='word_1_184' title='bbox 3074 1037 3213 1105; x_wconf 90' lang='lat' dir='ltr'><strong>apud</strong></span> <span class='ocrx_word' id='word_1_185' title='bbox 3243 1036 3588 1093; x_wconf 82' lang='lat' dir='ltr'><strong>Chrisdanos</strong></span> 
     </span>
    </p>
   </div>
   <div class='ocr_carea' id='block_1_27' title="bbox 2019 1129 3586 1195">
    <p class='ocr_par' dir='ltr' id='par_1_27' title="bbox 2019 1129 3586 1195">
     <span class='ocr_line' id='line_1_27' title="bbox 2019 1129 3586 1195; baseline -0.002 -10"><span class='ocrx_word' id='word_1_186' title='bbox 2019 1133 2404 1188; x_wconf 88' lang='lat' dir='ltr'><strong>observantur.</strong></span> <span class='ocrx_word' id='word_1_187' title='bbox 2441 1129 2596 1195; x_wconf 85' lang='lat' dir='ltr'><strong>Quod</strong></span> <span class='ocrx_word' id='word_1_188' title='bbox 2647 1129 2692 1181; x_wconf 88' lang='lat' dir='ltr'><strong>si</strong></span> <span class='ocrx_word' id='word_1_189' title='bbox 2724 1138 2777 1182; x_wconf 91' lang='lat' dir='ltr'><strong>et</strong></span> <span class='ocrx_word' id='word_1_190' title='bbox 2827 1130 3233 1183; x_wconf 88' lang='lat' dir='ltr'><strong>reconditorum</strong></span> <span class='ocrx_word' id='word_1_191' title='bbox 3297 1144 3328 1183; x_wconf 88' lang='lat' dir='ltr'><strong>a</strong></span> <span class='ocrx_word' id='word_1_192' title='bbox 3372 1145 3431 1184; x_wconf 91' lang='lat' dir='ltr'><strong>se</strong></span> <span class='ocrx_word' id='word_1_193' title='bbox 3480 1132 3586 1184; x_wconf 88' lang='lat' dir='ltr'><strong>fru-</strong></span> 
     </span>
    </p>
   </div>
   <div class='ocr_carea' id='block_1_28' title="bbox 2023 1219 3582 1290">
    <p class='ocr_par' dir='ltr' id='par_1_28' title="bbox 2023 1219 3582 1290">
     <span class='ocr_line' id='line_1_28' title="bbox 2023 1219 3582 1290; baseline -0.001 -14"><span class='ocrx_word' id='word_1_194' title='bbox 2023 1233 2210 1276; x_wconf 90' lang='lat' dir='ltr'><strong>ctuum</strong></span> <span class='ocrx_word' id='word_1_195' title='bbox 2243 1219 2482 1276; x_wconf 75' lang='lat' dir='ltr'><strong>formica:</strong></span> <span class='ocrx_word' id='word_1_196' title='bbox 2501 1227 2768 1287; x_wconf 85' lang='lat' dir='ltr'><strong>seponunt</strong></span> <span class='ocrx_word' id='word_1_197' title='bbox 2798 1233 2892 1272; x_wconf 90' lang='lat' dir='ltr'><strong>eos</strong></span> <span class='ocrx_word' id='word_1_198' title='bbox 2913 1219 3002 1287; x_wconf 91' lang='lat' dir='ltr'><strong>qui</strong></span> <span class='ocrx_word' id='word_1_199' title='bbox 3028 1223 3354 1290; x_wconf 84' lang='lat' dir='ltr'><strong>germinant,</strong></span> <span class='ocrx_word' id='word_1_200' title='bbox 3385 1236 3452 1275; x_wconf 92' lang='lat' dir='ltr'><strong>ne</strong></span> <span class='ocrx_word' id='word_1_201' title='bbox 3478 1235 3582 1275; x_wconf 85' lang='lat' dir='ltr'><strong>cae—</strong></span> 
     </span>
    </p>
   </div>
   <div class='ocr_carea' id='block_1_29' title="bbox 2022 1313 3586 1384">
    <p class='ocr_par' dir='ltr' id='par_1_29' title="bbox 2022 1313 3586 1384">
     <span class='ocr_line' id='line_1_29' title="bbox 2022 1313 3586 1384; baseline 0.001 -16"><span class='ocrx_word' id='word_1_202' title='bbox 2022 1316 2156 1370; x_wconf 90' lang='lat' dir='ltr'><strong>teris</strong></span> <span class='ocrx_word' id='word_1_203' title='bbox 2186 1327 2403 1384; x_wconf 91' lang='lat' dir='ltr'><strong>quoque</strong></span> <span class='ocrx_word' id='word_1_204' title='bbox 2443 1313 2901 1383; x_wconf 82' lang='lat' dir='ltr'><strong>germinationem</strong></span> <span class='ocrx_word' id='word_1_205' title='bbox 2949 1325 3266 1384; x_wconf 86' lang='lat' dir='ltr'><strong>procurent,</strong></span> <span class='ocrx_word' id='word_1_206' title='bbox 3299 1325 3354 1368; x_wconf 89' lang='lat' dir='ltr'><strong>et</strong></span> <span class='ocrx_word' id='word_1_207' title='bbox 3391 1325 3448 1369; x_wconf 89' lang='lat' dir='ltr'><strong>ut</strong></span> <span class='ocrx_word' id='word_1_208' title='bbox 3480 1315 3586 1369; x_wconf 84' lang='lat' dir='ltr'><strong>illis</strong></span> 
     </span>
    </p>
   </div>
   <div class='ocr_carea' id='block_1_30' title="bbox 2020 1406 3583 1478">
    <p class='ocr_par' dir='ltr' id='par_1_30' title="bbox 2020 1406 3583 1478">
     <span class='ocr_line' id='line_1_30' title="bbox 2020 1406 3583 1478; baseline -0.001 -17"><span class='ocrx_word' id='word_1_209' title='bbox 2020 1423 2116 1478; x_wconf 89' lang='lat' dir='ltr'><strong>per</strong></span> <span class='ocrx_word' id='word_1_210' title='bbox 2144 1423 2345 1461; x_wconf 88' lang='lat' dir='ltr'><strong>annum</strong></span> <span class='ocrx_word' id='word_1_211' title='bbox 2379 1416 2708 1469; x_wconf 74' lang='lat' dir='ltr'><strong>vescantur;</strong></span> <span class='ocrx_word' id='word_1_212' title='bbox 2739 1406 2896 1475; x_wconf 88' lang='lat' dir='ltr'><strong>hujus</strong></span> <span class='ocrx_word' id='word_1_213' title='bbox 2928 1407 3004 1461; x_wconf 89' lang='lat' dir='ltr'><strong>rei</strong></span> <span class='ocrx_word' id='word_1_214' title='bbox 3033 1422 3136 1461; x_wconf 92' lang='lat' dir='ltr'><strong>non</strong></span> <span class='ocrx_word' id='word_1_215' title='bbox 3168 1407 3583 1461; x_wconf 80' lang='lat' dir='ltr'><strong>existimandum</strong></span> 
     </span>
    </p>
   </div>
   <div class='ocr_carea' id='block_1_31' title="bbox 2019 1499 3586 1568">
    <p class='ocr_par' dir='ltr' id='par_1_31' title="bbox 2019 1499 3586 1568">
     <span class='ocr_line' id='line_1_31' title="bbox 2019 1499 3586 1568; baseline -0.001 -14"><span class='ocrx_word' id='word_1_216' title='bbox 2019 1510 2103 1554; x_wconf 88' lang='lat' dir='ltr'><strong>est</strong></span> <span class='ocrx_word' id='word_1_217' title='bbox 2132 1515 2351 1555; x_wconf 89' lang='lat' dir='ltr'><strong>causam</strong></span> <span class='ocrx_word' id='word_1_218' title='bbox 2383 1500 2435 1553; x_wconf 92' lang='lat' dir='ltr'><strong>in</strong></span> <span class='ocrx_word' id='word_1_219' title='bbox 2461 1499 2710 1554; x_wconf 82' lang='lat' dir='ltr'><strong>formicis</strong></span> <span class='ocrx_word' id='word_1_220' title='bbox 2740 1513 2860 1554; x_wconf 82' lang='lat' dir='ltr'><strong>esse</strong></span> <span class='ocrx_word' id='word_1_221' title='bbox 2893 1499 3188 1564; x_wconf 89' lang='lat' dir='ltr'><strong>rationem,</strong></span> <span class='ocrx_word' id='word_1_222' title='bbox 3214 1500 3307 1553; x_wconf 88' lang='lat' dir='ltr'><strong>sed</strong></span> <span class='ocrx_word' id='word_1_223' title='bbox 3338 1499 3586 1568; x_wconf 86' lang='lat' dir='ltr'><strong>omnipa-</strong></span> 
     </span>
    </p>
   </div>
   <div class='ocr_carea' id='block_1_32' title="bbox 2023 1590 3585 1660">
    <p class='ocr_par' dir='ltr' id='par_1_32' title="bbox 2023 1590 3585 1660">
     <span class='ocr_line' id='line_1_32' title="bbox 2023 1590 3585 1660; baseline -0.001 -14"><span class='ocrx_word' id='word_1_224' title='bbox 2023 1602 2230 1648; x_wconf 87' lang='lat' dir='ltr'><strong>rentem</strong></span> <span class='ocrx_word' id='word_1_225' title='bbox 2268 1602 2544 1656; x_wconf 89' lang='lat' dir='ltr'><strong>naturam,</strong></span> <span class='ocrx_word' id='word_1_226' title='bbox 2580 1607 2698 1660; x_wconf 90' lang='lat' dir='ltr'><strong>quae</strong></span> <span class='ocrx_word' id='word_1_227' title='bbox 2736 1590 2899 1644; x_wconf 90' lang='lat' dir='ltr'><strong>etiam</strong></span> <span class='ocrx_word' id='word_1_228' title='bbox 2937 1591 3126 1645; x_wconf 89' lang='lat' dir='ltr'><strong>brutas</strong></span> <span class='ocrx_word' id='word_1_229' title='bbox 3163 1591 3469 1645; x_wconf 89' lang='lat' dir='ltr'><strong>animantes</strong></span> <span class='ocrx_word' id='word_1_230' title='bbox 3506 1593 3585 1646; x_wconf 87' lang='lat' dir='ltr'><strong>sic</strong></span> 
     </span>
    </p>
   </div>
   <div class='ocr_carea' id='block_1_33' title="bbox 2017 1682 3580 1750">
    <p class='ocr_par' dir='ltr' id='par_1_33' title="bbox 2017 1682 3580 1750">
     <span class='ocr_line' id='line_1_33' title="bbox 2017 1682 3580 1750; baseline -0.001 -12"><span class='ocrx_word' id='word_1_231' title='bbox 2017 1685 2323 1747; x_wconf 81' lang='lat' dir='ltr'><strong>exornavit,</strong></span> <span class='ocrx_word' id='word_1_232' title='bbox 2385 1691 2444 1736; x_wconf 90' lang='lat' dir='ltr'><strong>ut</strong></span> <span class='ocrx_word' id='word_1_233' title='bbox 2495 1698 2562 1737; x_wconf 90' lang='lat' dir='ltr'><strong>ne</strong></span> <span class='ocrx_word' id='word_1_234' title='bbox 2616 1683 2836 1736; x_wconf 88' lang='lat' dir='ltr'><strong>minima</strong></span> <span class='ocrx_word' id='word_1_235' title='bbox 2885 1682 3107 1750; x_wconf 87' lang='lat' dir='ltr'><strong>quidem</strong></span> <span class='ocrx_word' id='word_1_236' title='bbox 3159 1682 3345 1736; x_wconf 87' lang='lat' dir='ltr'><strong>relicta</strong></span> <span class='ocrx_word' id='word_1_237' title='bbox 3396 1682 3580 1747; x_wconf 87' lang='lat' dir='ltr'><strong>fuerit,</strong></span> 
     </span>
    </p>
   </div>
   <div class='ocr_carea' id='block_1_34' title="bbox 340 1771 1910 1859">
    <p class='ocr_par' dir='ltr' id='par_1_34' title="bbox 340 1771 1910 1859">
     <span class='ocr_line' id='line_1_34' title="bbox 340 1771 1910 1859; baseline -0.012 -15"><span class='ocrx_word' id='word_1_238' title='bbox 340 1771 687 1853; x_wconf 84' lang='grc' dir='ltr'>καταλιπεῖν,</span> <span class='ocrx_word' id='word_1_239' title='bbox 721 1787 980 1859; x_wconf 78' lang='grc' dir='ltr'>μηδαμῶς</span> <span class='ocrx_word' id='word_1_240' title='bbox 1013 1785 1178 1855; x_wconf 82' lang='grc' dir='ltr'>φέρον</span> <span class='ocrx_word' id='word_1_241' title='bbox 1213 1782 1357 1852; x_wconf 82' lang='grc' dir='ltr'>ῐχνος</span> <span class='ocrx_word' id='word_1_242' title='bbox 1387 1779 1481 1831; x_wconf 80' lang='grc' dir='ltr'>τοῦ</span> <span class='ocrx_word' id='word_1_243' title='bbox 1530 1777 1636 1830; x_wconf 85' lang='grc' dir='ltr'><strong>ἀπὸ</strong></span> <span class='ocrx_word' id='word_1_244' title='bbox 1681 1776 1779 1846; x_wconf 87' lang='grc' dir='ltr'><strong>τῆς</strong></span> <span class='ocrx_word' id='word_1_245' title='bbox 1813 1773 1910 1843; x_wconf 84' lang='grc' dir='ltr'>φύ-</span> 
     </span>
    </p>
   </div>
   <div class='ocr_carea' id='block_1_35' title="bbox 2014 1771 3578 1859">
    <p class='ocr_par' dir='ltr' id='par_1_35' title="bbox 2019 1772 3578 1844">
     <span class='ocr_line' id='line_1_35' title="bbox 2019 1772 3578 1844; baseline 0.001 -18"><span class='ocrx_word' id='word_1_246' title='bbox 2019 1791 2138 1843; x_wconf 83' lang='lat' dir='ltr'><strong>quae</strong></span> <span class='ocrx_word' id='word_1_247' title='bbox 2164 1775 2424 1844; x_wconf 88' lang='lat' dir='ltr'><strong>impressa</strong></span> <span class='ocrx_word' id='word_1_248' title='bbox 2454 1788 2485 1827; x_wconf 87' lang='lat' dir='ltr'><strong>a</strong></span> <span class='ocrx_word' id='word_1_249' title='bbox 2515 1781 2705 1827; x_wconf 88' lang='lat' dir='ltr'><strong>natura</strong></span> <span class='ocrx_word' id='word_1_250' title='bbox 2742 1788 2848 1827; x_wconf 91' lang='lat' dir='ltr'><strong>non</strong></span> <span class='ocrx_word' id='word_1_251' title='bbox 2882 1772 3051 1827; x_wconf 89' lang='lat' dir='ltr'><strong>ferret</strong></span> <span class='ocrx_word' id='word_1_252' title='bbox 3074 1773 3301 1828; x_wconf 84' lang='lat' dir='ltr'><strong>rationis</strong></span> <span class='ocrx_word' id='word_1_253' title='bbox 3331 1776 3578 1842; x_wconf 79' lang='lat' dir='ltr'><strong>vestigia.</strong></span> 
     </span>
    </p>
   </div>
   <div class='ocr_carea' id='block_1_36' title="bbox 344 1864 1914 1949">
    <p class='ocr_par' dir='ltr' id='par_1_36' title="bbox 344 1864 1914 1949">
     <span class='ocr_line' id='line_1_36' title="bbox 344 1864 1914 1949; baseline -0.012 -14"><span class='ocrx_word' id='word_1_254' title='bbox 344 1899 489 1944; x_wconf 83' lang='grc' dir='ltr'>σεως</span> <span class='ocrx_word' id='word_1_255' title='bbox 519 1881 696 1949; x_wconf 90' lang='grc' dir='ltr'>λόγου.</span> <span class='ocrx_word' id='word_1_256' title='bbox 747 1880 808 1930; x_wconf 82' lang='lat' dir='ltr'><strong>El</strong></span> <span class='ocrx_word' id='word_1_257' title='bbox 855 1876 929 1948; x_wconf 80' lang='grc' dir='ltr'>μὴ</span> <span class='ocrx_word' id='word_1_258' title='bbox 962 1876 1068 1946; x_wconf 84' lang='grc' dir='ltr'>ἄρα</span> <span class='ocrx_word' id='word_1_259' title='bbox 1117 1872 1204 1924; x_wconf 86' lang='grc' dir='ltr'><strong>διά</strong></span> <span class='ocrx_word' id='word_1_260' title='bbox 1235 1870 1437 1924; x_wconf 88' lang='grc' dir='ltr'>τούτων</span> <span class='ocrx_word' id='word_1_261' title='bbox 1465 1867 1761 1938; x_wconf 82' lang='grc' dir='ltr'>λεληθότως</span> <span class='ocrx_word' id='word_1_262' title='bbox 1792 1864 1914 1935; x_wconf 86' lang='grc' dir='ltr'>βού-</span> 
     </span>
    </p>
   </div>
   <div class='ocr_carea' id='block_1_37' title="bbox 339 1957 1915 2038">
    <p class='ocr_par' dir='ltr' id='par_1_37' title="bbox 339 1957 1915 2038">
     <span class='ocr_line' id='line_1_37' title="bbox 339 1957 1915 2038; baseline -0.01 -12"><span class='ocrx_word' id='word_1_263' title='bbox 339 1973 496 2027; x_wconf 88' lang='grc' dir='ltr'>λεται</span> <span class='ocrx_word' id='word_1_264' title='bbox 538 1975 565 2025; x_wconf 87' lang='grc' dir='ltr'><strong>ό</strong></span> <span class='ocrx_word' id='word_1_265' title='bbox 606 1971 811 2032; x_wconf 82' lang='grc' dir='ltr'>Κέλσος</span> <span class='ocrx_word' id='word_1_266' title='bbox 863 1967 989 2038; x_wconf 73' lang='grc' dir='ltr'>(καὶ</span> <span class='ocrx_word' id='word_1_267' title='bbox 1038 1964 1144 2036; x_wconf 83' lang='grc' dir='ltr'>γὰρ</span> <span class='ocrx_word' id='word_1_268' title='bbox 1193 1965 1250 2016; x_wconf 79' lang='grc' dir='ltr'><strong>ἐν</strong></span> <span class='ocrx_word' id='word_1_269' title='bbox 1294 1961 1507 2024; x_wconf 83' lang='grc' dir='ltr'>πολλοῖς</span> <span class='ocrx_word' id='word_1_270' title='bbox 1556 1957 1915 2021; x_wconf 77' lang='grc' dir='ltr'>Πλατωνίζειν</span> 
     </span>
    </p>
   </div>
   <div class='ocr_carea' id='block_1_38' title="bbox 342 2050 1915 2133">
    <p class='ocr_par' dir='ltr' id='par_1_38' title="bbox 342 2050 1915 2133">
     <span class='ocr_line' id='line_1_38' title="bbox 342 2050 1915 2133; baseline -0.01 -16"><span class='ocrx_word' id='word_1_271' title='bbox 342 2064 523 2130; x_wconf 80' lang='grc' dir='ltr'>θέλει)</span> <span class='ocrx_word' id='word_1_272' title='bbox 569 2061 782 2133; x_wconf 82' lang='grc' dir='ltr'>ὁμοειδῆ</span> <span class='ocrx_word' id='word_1_273' title='bbox 818 2058 928 2129; x_wconf 76' lang='grc'><strong>(15)</strong></span> <span class='ocrx_word' id='word_1_274' title='bbox 977 2053 1114 2110; x_wconf 74' lang='grc' dir='ltr'>εἶναι</span> <span class='ocrx_word' id='word_1_275' title='bbox 1161 2057 1338 2108; x_wconf 81' lang='grc' dir='ltr'>πᾶσαν</span> <span class='ocrx_word' id='word_1_276' title='bbox 1374 2051 1568 2123; x_wconf 75' lang='grc' dir='ltr'>ψυχὴν,</span> <span class='ocrx_word' id='word_1_277' title='bbox 1606 2051 1697 2104; x_wconf 71' lang='grc' dir='ltr'><strong>καὶ</strong></span> <span class='ocrx_word' id='word_1_278' title='bbox 1753 2050 1915 2121; x_wconf 80' lang='grc' dir='ltr'>μηδὲν</span> 
     </span>
    </p>
   </div>
   <div class='ocr_carea' id='block_1_39' title="bbox 337 2141 1917 2226">
    <p class='ocr_par' dir='ltr' id='par_1_39' title="bbox 337 2141 1917 2226">
     <span class='ocr_line' id='line_1_39' title="bbox 337 2141 1917 2226; baseline -0.01 -17"><span class='ocrx_word' id='word_1_279' title='bbox 337 2155 618 2226; x_wconf 79' lang='grc' dir='ltr'>διαφέρειν</span> <span class='ocrx_word' id='word_1_280' title='bbox 644 2153 740 2224; x_wconf 81' lang='grc' dir='ltr'><strong>τὴν</strong></span> <span class='ocrx_word' id='word_1_281' title='bbox 772 2150 864 2204; x_wconf 83' lang='grc' dir='ltr'>τοῦ</span> <span class='ocrx_word' id='word_1_282' title='bbox 894 2147 1176 2220; x_wconf 85' lang='grc' dir='ltr'>ἀνθρώπου</span> <span class='ocrx_word' id='word_1_283' title='bbox 1209 2147 1309 2216; x_wconf 90' lang='grc' dir='ltr'><strong>τῆς</strong></span> <span class='ocrx_word' id='word_1_284' title='bbox 1336 2145 1443 2198; x_wconf 90' lang='grc' dir='ltr'><strong>τῶν</strong></span> <span class='ocrx_word' id='word_1_285' title='bbox 1492 2144 1794 2214; x_wconf 82' lang='grc' dir='ltr'>μυρμήκων</span> <span class='ocrx_word' id='word_1_286' title='bbox 1823 2141 1917 2194; x_wconf 78' lang='grc' dir='ltr'>καὶ</span> 
     </span>
    </p>
   </div>
   <div class='ocr_carea' id='block_1_40' title="bbox 335 2232 1917 2316">
    <p class='ocr_par' dir='ltr' id='par_1_40' title="bbox 335 2232 1917 2316">
     <span class='ocr_line' id='line_1_40' title="bbox 335 2232 1917 2316; baseline -0.009 -18"><span class='ocrx_word' id='word_1_287' title='bbox 335 2246 451 2299; x_wconf 84' lang='grc' dir='ltr'><strong>τῶν</strong></span> <span class='ocrx_word' id='word_1_288' title='bbox 487 2243 750 2316; x_wconf 87' lang='grc' dir='ltr'>μελισσῶν</span> <span class='ocrx_word' id='word_1_289' title='bbox 770 2260 782 2272; x_wconf 92' lang='grc'><strong>·</strong></span> <span class='ocrx_word' id='word_1_290' title='bbox 816 2243 951 2313; x_wconf 84' lang='grc' dir='ltr'>ὅπερ</span> <span class='ocrx_word' id='word_1_291' title='bbox 979 2238 1308 2305; x_wconf 85' lang='grc' dir='ltr'>κατάγοντός</span> <span class='ocrx_word' id='word_1_292' title='bbox 1336 2239 1450 2289; x_wconf 83' lang='grc' dir='ltr'>ἐστι</span> <span class='ocrx_word' id='word_1_293' title='bbox 1480 2235 1575 2306; x_wconf 84' lang='grc' dir='ltr'>τὴν</span> <span class='ocrx_word' id='word_1_294' title='bbox 1603 2233 1778 2304; x_wconf 64' lang='grc' dir='ltr'>ψυχὴν</span> <span class='ocrx_word' id='word_1_295' title='bbox 1811 2232 1917 2285; x_wconf 86' lang='grc' dir='ltr'><strong>ἀπὸ</strong></span> 
     </span>
    </p>
   </div>
   <div class='ocr_carea' id='block_1_41' title="bbox 333 2321 1917 2402">
    <p class='ocr_par' dir='ltr' id='par_1_41' title="bbox 333 2321 1917 2402">
     <span class='ocr_line' id='line_1_41' title="bbox 333 2321 1917 2402; baseline -0.008 -15"><span class='ocrx_word' id='word_1_296' title='bbox 333 2333 450 2386; x_wconf 89' lang='grc' dir='ltr'><strong>τῶν</strong></span> <span class='ocrx_word' id='word_1_297' title='bbox 471 2333 671 2402; x_wconf 72' lang='grc' dir='ltr'>ἀψίδων</span> <span class='ocrx_word' id='word_1_298' title='bbox 696 2331 789 2384; x_wconf 79' lang='grc' dir='ltr'><strong>τοῦ</strong></span> <span class='ocrx_word' id='word_1_299' title='bbox 812 2331 869 2384; x_wconf 81' lang='grc' dir='ltr'><strong>οὐ</strong></span> <span class='ocrx_word' id='word_1_300' title='bbox 879 2328 1060 2402; x_wconf 82' lang='grc' dir='ltr'>ρανοῦ,</span> <span class='ocrx_word' id='word_1_301' title='bbox 1084 2328 1182 2381; x_wconf 81' lang='grc' dir='ltr'><strong>οὐκ</strong></span> <span class='ocrx_word' id='word_1_302' title='bbox 1202 2327 1296 2380; x_wconf 78' lang='grc' dir='ltr'>ἐπὶ</span> <span class='ocrx_word' id='word_1_303' title='bbox 1313 2326 1373 2378; x_wconf 83' lang='grc' dir='ltr'><strong>τὸ</strong></span> <span class='ocrx_word' id='word_1_304' title='bbox 1395 2324 1732 2395; x_wconf 85' lang='grc' dir='ltr'>ἀνθρώπινον</span> <span class='ocrx_word' id='word_1_305' title='bbox 1758 2321 1917 2392; x_wconf 80' lang='grc' dir='ltr'>σῶμα</span> 
     </span>
    </p>
   </div>
   <div class='ocr_carea' id='block_1_42' title="bbox 343 2416 1914 2496">
    <p class='ocr_par' dir='ltr' id='par_1_42' title="bbox 343 2416 1914 2496">
     <span class='ocr_line' id='line_1_42' title="bbox 343 2416 1914 2496; baseline -0.007 -17"><span class='ocrx_word' id='word_1_306' title='bbox 343 2426 526 2496; x_wconf 89' lang='grc' dir='ltr'>μόνον,</span> <span class='ocrx_word' id='word_1_307' title='bbox 561 2424 694 2478; x_wconf 89' lang='grc' dir='ltr'><strong>ἀλλά</strong></span> <span class='ocrx_word' id='word_1_308' title='bbox 727 2423 820 2476; x_wconf 75' lang='grc' dir='ltr'>καὶ</span> <span class='ocrx_word' id='word_1_309' title='bbox 847 2423 939 2475; x_wconf 75' lang='grc' dir='ltr'><strong>ἐπὶ</strong></span> <span class='ocrx_word' id='word_1_310' title='bbox 965 2422 1033 2474; x_wconf 80' lang='grc' dir='ltr'>τὰ</span> <span class='ocrx_word' id='word_1_311' title='bbox 1075 2419 1257 2472; x_wconf 83' lang='grc' dir='ltr'>λοιπά.</span> <span class='ocrx_word' id='word_1_312' title='bbox 1290 2417 1511 2480; x_wconf 88' lang='grc' dir='ltr'>Τούτοις</span> <span class='ocrx_word' id='word_1_313' title='bbox 1539 2417 1581 2469; x_wconf 87' lang='grc' dir='ltr'>δ’</span> <span class='ocrx_word' id='word_1_314' title='bbox 1609 2417 1667 2469; x_wconf 87' lang='grc' dir='ltr'>οὺ</span> <span class='ocrx_word' id='word_1_315' title='bbox 1698 2416 1914 2469; x_wconf 85' lang='grc' dir='ltr'>πείσον-</span> 
     </span>
    </p>
   </div>
   <div class='ocr_carea' id='block_1_43' title="bbox 242 2509 1917 2587">
    <p class='ocr_par' dir='ltr' id='par_1_43' title="bbox 242 2509 1917 2587">
     <span class='ocr_line' id='line_1_43' title="bbox 242 2509 1917 2587; baseline -0.007 -16"><span class='ocrx_word' id='word_1_316' title='bbox 242 2576 244 2578; x_wconf 96' lang='lat'><em>_</em></span> <span class='ocrx_word' id='word_1_317' title='bbox 334 2534 432 2570; x_wconf 86' lang='grc' dir='ltr'><strong>ται</strong></span> <span class='ocrx_word' id='word_1_318' title='bbox 466 2516 798 2587; x_wconf 73' lang='grc' dir='ltr'>Χριστιανοὶ,</span> <span class='ocrx_word' id='word_1_319' title='bbox 829 2511 1320 2583; x_wconf 79' lang='grc' dir='ltr'>προκατειληφότες</span> <span class='ocrx_word' id='word_1_320' title='bbox 1347 2510 1406 2562; x_wconf 77' lang='grc' dir='ltr'>τὸ</span> <span class='ocrx_word' id='word_1_321' title='bbox 1451 2510 1570 2562; x_wconf 84' lang='grc' dir='ltr'>κατ’</span> <span class='ocrx_word' id='word_1_322' title='bbox 1603 2509 1784 2562; x_wconf 79' lang='grc' dir='ltr'>εἰκόνα</span> <span class='ocrx_word' id='word_1_323' title='bbox 1824 2525 1917 2576; x_wconf 89' lang='grc' dir='ltr'>γε-</span> 
     </span>
    </p>
   </div>
   <div class='ocr_carea' id='block_1_44' title="bbox 337 2601 1917 2677">
    <p class='ocr_par' dir='ltr' id='par_1_44' title="bbox 337 2601 1917 2677">
     <span class='ocr_line' id='line_1_44' title="bbox 337 2601 1917 2677; baseline -0.006 -15"><span class='ocrx_word' id='word_1_324' title='bbox 337 2609 556 2677; x_wconf 86' lang='grc' dir='ltr'>γονέναι</span> <span class='ocrx_word' id='word_1_325' title='bbox 575 2607 710 2660; x_wconf 79' lang='grc' dir='ltr'>Θεοῦ</span> <span class='ocrx_word' id='word_1_326' title='bbox 733 2608 831 2676; x_wconf 82' lang='grc' dir='ltr'>τὴν</span> <span class='ocrx_word' id='word_1_327' title='bbox 847 2605 942 2659; x_wconf 88' lang='grc' dir='ltr'><strong>ἀνθ</strong></span> <span class='ocrx_word' id='word_1_328' title='bbox 953 2605 1188 2676; x_wconf 90' lang='grc' dir='ltr'>ρωπίνην</span> <span class='ocrx_word' id='word_1_329' title='bbox 1208 2601 1402 2672; x_wconf 76' lang='grc' dir='ltr'>ψυχὴν,</span> <span class='ocrx_word' id='word_1_330' title='bbox 1425 2603 1519 2655; x_wconf 80' lang='lat' dir='ltr'><strong>xai.</strong></span> <span class='ocrx_word' id='word_1_331' title='bbox 1533 2601 1763 2672; x_wconf 82' lang='grc' dir='ltr'>ὁρῶντες</span> <span class='ocrx_word' id='word_1_332' title='bbox 1782 2601 1888 2672; x_wconf 71' lang='grc'>(16)</span> <span class='ocrx_word' id='word_1_333' title='bbox 1903 2643 1917 2666; x_wconf 90' lang='grc'><strong>,</strong></span> 
     </span>
    </p>
   </div>
   <div class='ocr_carea' id='block_1_45' title="bbox 337 2690 1917 2769">
    <p class='ocr_par' dir='ltr' id='par_1_45' title="bbox 337 2690 1917 2769">
     <span class='ocr_line' id='line_1_45' title="bbox 337 2690 1917 2769; baseline -0.006 -19"><span class='ocrx_word' id='word_1_334' title='bbox 337 2699 425 2751; x_wconf 80' lang='grc' dir='ltr'>ὃτι</span> <span class='ocrx_word' id='word_1_335' title='bbox 460 2698 736 2769; x_wconf 71' lang='grc' dir='ltr'>ἀμήχανόν</span> <span class='ocrx_word' id='word_1_336' title='bbox 766 2699 880 2750; x_wconf 77' lang='grc' dir='ltr'>ἐστι</span> <span class='ocrx_word' id='word_1_337' title='bbox 915 2696 1014 2766; x_wconf 83' lang='grc' dir='ltr'>τὴν</span> <span class='ocrx_word' id='word_1_338' title='bbox 1053 2695 1173 2746; x_wconf 78' lang='grc' dir='ltr'>κατ’</span> <span class='ocrx_word' id='word_1_339' title='bbox 1218 2691 1400 2744; x_wconf 85' lang='grc' dir='ltr'>εἰκόνα</span> <span class='ocrx_word' id='word_1_340' title='bbox 1433 2690 1567 2744; x_wconf 76' lang='grc' dir='ltr'>Θεοῦ</span> <span class='ocrx_word' id='word_1_341' title='bbox 1602 2690 1917 2762; x_wconf 89' lang='grc' dir='ltr'>δεδημιουρ-</span> 
     </span>
    </p>
   </div>
   <div class='ocr_carea' id='block_1_46' title="bbox 339 2781 1917 2860">
    <p class='ocr_par' dir='ltr' id='par_1_46' title="bbox 339 2781 1917 2860">
     <span class='ocr_line' id='line_1_46' title="bbox 339 2781 1917 2860; baseline 0.004 -20"><span class='ocrx_word' id='word_1_342' title='bbox 339 2790 589 2860; x_wconf 89' lang='grc' dir='ltr'>γημένην</span> <span class='ocrx_word' id='word_1_343' title='bbox 633 2787 791 2858; x_wconf 85' lang='grc' dir='ltr'>φύσιν</span> <span class='ocrx_word' id='word_1_344' title='bbox 837 2787 1012 2858; x_wconf 83' lang='grc' dir='ltr'>πάντη</span> <span class='ocrx_word' id='word_1_345' title='bbox 1057 2781 1350 2852; x_wconf 78' lang='grc' dir='ltr'>ἀπαλεῖψαι</span> <span class='ocrx_word' id='word_1_346' title='bbox 1395 2783 1520 2846; x_wconf 75' lang='grc' dir='ltr'>τοὺς</span> <span class='ocrx_word' id='word_1_347' title='bbox 1567 2783 1917 2853; x_wconf 74' lang='grc' dir='ltr'>χαρακτῆρας</span> 
     </span>
    </p>
   </div>
   <div class='ocr_carea' id='block_1_47' title="bbox 339 2871 1917 2951">
    <p class='ocr_par' dir='ltr' id='par_1_47' title="bbox 339 2871 1917 2951">
     <span class='ocr_line' id='line_1_47' title="bbox 339 2871 1917 2951; baseline -0.005 -17"><span class='ocrx_word' id='word_1_348' title='bbox 339 2881 536 2951; x_wconf 81' lang='grc' dir='ltr'>αὐτῆς,</span> <span class='ocrx_word' id='word_1_349' title='bbox 571 2882 662 2934; x_wconf 80' lang='grc' dir='ltr'><strong>καὶ</strong></span> <span class='ocrx_word' id='word_1_350' title='bbox 689 2881 877 2942; x_wconf 82' lang='grc' dir='ltr'>ἀλλους</span> <span class='ocrx_word' id='word_1_351' title='bbox 907 2876 1195 2932; x_wconf 79' lang='grc' dir='ltr'>ἀναλαϐεῖν</span> <span class='ocrx_word' id='word_1_352' title='bbox 1235 2878 1334 2929; x_wconf 85' lang='grc' dir='ltr'><strong>οὐκ</strong></span> <span class='ocrx_word' id='word_1_353' title='bbox 1373 2871 1490 2928; x_wconf 79' lang='grc' dir='ltr'>οἶδα</span> <span class='ocrx_word' id='word_1_354' title='bbox 1537 2875 1659 2927; x_wconf 84' lang='grc' dir='ltr'>κατ’</span> <span class='ocrx_word' id='word_1_355' title='bbox 1703 2874 1917 2937; x_wconf 82' lang='grc' dir='ltr'>εἰκόνας</span> 
     </span>
    </p>
   </div>
   <div class='ocr_carea' id='block_1_48' title="bbox 337 2967 1552 3043">
    <p class='ocr_par' dir='ltr' id='par_1_48' title="bbox 337 2967 1552 3043">
     <span class='ocr_line' id='line_1_48' title="bbox 337 2967 1552 3043; baseline -0.007 -18"><span class='ocrx_word' id='word_1_356' title='bbox 337 2971 502 3025; x_wconf 86' lang='grc' dir='ltr'>τίνων</span> <span class='ocrx_word' id='word_1_357' title='bbox 530 2971 924 3043; x_wconf 83' lang='grc' dir='ltr'>γεγενημένους</span> <span class='ocrx_word' id='word_1_358' title='bbox 953 2969 1062 3038; x_wconf 82' lang='grc'><strong>(17)</strong></span> <span class='ocrx_word' id='word_1_359' title='bbox 1095 2970 1152 3020; x_wconf 79' lang='grc' dir='ltr'><strong>ἐν</strong></span> <span class='ocrx_word' id='word_1_360' title='bbox 1179 2970 1292 3031; x_wconf 85' lang='grc' dir='ltr'>τοῖς</span> <span class='ocrx_word' id='word_1_361' title='bbox 1318 2967 1552 3034; x_wconf 80' lang='grc' dir='ltr'>ἀλόγοις.</span> 
     </span>
    </p>
   </div>
   <div class='ocr_carea' id='block_1_49' title="bbox 453 3053 1907 3128">
    <p class='ocr_par' dir='ltr' id='par_1_49' title="bbox 453 3053 1907 3128">
     <span class='ocr_line' id='line_1_49' title="bbox 453 3053 1907 3128; baseline -0.008 -13"><span class='ocrx_word' id='word_1_362' title='bbox 453 3063 602 3115; x_wconf 78' lang='grc' dir='ltr'>Ἐπεὶ</span> <span class='ocrx_word' id='word_1_363' title='bbox 643 3061 699 3114; x_wconf 77' lang='grc' dir='ltr'><strong>δὲ</strong></span> <span class='ocrx_word' id='word_1_364' title='bbox 746 3061 839 3114; x_wconf 76' lang='grc' dir='ltr'><strong>καὶ</strong></span> <span class='ocrx_word' id='word_1_365' title='bbox 887 3079 904 3110; x_wconf 80' lang='grc' dir='ltr'><strong>ι</strong></span> <span class='ocrx_word' id='word_1_366' title='bbox 956 3062 1069 3121; x_wconf 81' lang='grc' dir='ltr'>τοῖς</span> <span class='ocrx_word' id='word_1_367' title='bbox 1127 3057 1526 3128; x_wconf 80' lang='grc' dir='ltr'>ἀποθνήσκουσι</span> <span class='ocrx_word' id='word_1_368' title='bbox 1581 3053 1826 3126; x_wconf 83' lang='grc' dir='ltr'>μύρμηξι</span> <span class='ocrx_word' id='word_1_369' title='bbox 1889 3072 1907 3103; x_wconf 74' lang='grc' dir='ltr'><strong>ι</strong></span> 
     </span>
    </p>
   </div>
   <div class='ocr_carea' id='block_1_50' title="bbox 343 3146 1914 3224">
    <p class='ocr_par' dir='ltr' id='par_1_50' title="bbox 343 3146 1914 3224">
     <span class='ocr_line' id='line_1_50' title="bbox 343 3146 1914 3224; baseline -0.004 -18"><span class='ocrx_word' id='word_1_370' title='bbox 343 3157 478 3224; x_wconf 80' lang='grc' dir='ltr'>φησὶ</span> <span class='ocrx_word' id='word_1_371' title='bbox 513 3174 530 3204; x_wconf 81' lang='grc' dir='ltr'><strong>ι</strong></span> <span class='ocrx_word' id='word_1_372' title='bbox 567 3153 691 3215; x_wconf 81' lang='grc' dir='ltr'>τοὺς</span> <span class='ocrx_word' id='word_1_373' title='bbox 721 3152 924 3216; x_wconf 81' lang='grc' dir='ltr'>ζῶντας</span> <span class='ocrx_word' id='word_1_374' title='bbox 956 3151 1084 3203; x_wconf 85' lang='grc' dir='ltr'>ῐδιόν</span> <span class='ocrx_word' id='word_1_375' title='bbox 1131 3167 1182 3202; x_wconf 91' lang='grc' dir='ltr'><strong>τι</strong></span> <span class='ocrx_word' id='word_1_376' title='bbox 1212 3149 1525 3220; x_wconf 84' lang='grc' dir='ltr'>ἀποκρίνειν</span> <span class='ocrx_word' id='word_1_377' title='bbox 1562 3146 1778 3217; x_wconf 80' lang='grc' dir='ltr'>χωρίον,</span> <span class='ocrx_word' id='word_1_378' title='bbox 1814 3147 1914 3199; x_wconf 87' lang='grc' dir='ltr'>κά-</span> 
     </span>
    </p>
   </div>
   <div class='ocr_carea' id='block_1_51' title="bbox 342 3238 1910 3312">
    <p class='ocr_par' dir='ltr' id='par_1_51' title="bbox 342 3238 1910 3312">
     <span class='ocr_line' id='line_1_51' title="bbox 342 3238 1910 3312; baseline -0.002 -17"><span class='ocrx_word' id='word_1_379' title='bbox 342 3245 492 3296; x_wconf 83' lang='grc' dir='ltr'>κεῖνο</span> <span class='ocrx_word' id='word_1_380' title='bbox 524 3243 703 3304; x_wconf 81' lang='grc' dir='ltr'>αὐτοῖς</span> <span class='ocrx_word' id='word_1_381' title='bbox 749 3238 883 3294; x_wconf 77' lang='grc' dir='ltr'>εἶναι</span> <span class='ocrx_word' id='word_1_382' title='bbox 917 3243 1116 3311; x_wconf 83' lang='grc' dir='ltr'>πάτρια</span> <span class='ocrx_word' id='word_1_383' title='bbox 1165 3242 1440 3312; x_wconf 81' lang='grc' dir='ltr'>μνήματα’</span> <span class='ocrx_word' id='word_1_384' title='bbox 1481 3259 1498 3290; x_wconf 70' lang='grc' dir='ltr'><strong>ι</strong></span> <span class='ocrx_word' id='word_1_385' title='bbox 1555 3238 1794 3304; x_wconf 81' lang='grc' dir='ltr'>λεκτέον,</span> <span class='ocrx_word' id='word_1_386' title='bbox 1830 3239 1910 3292; x_wconf 83' lang='grc' dir='ltr'>ὅτι</span> 
     </span>
    </p>
   </div>
   <div class='ocr_carea' id='block_1_52' title="bbox 342 3331 1912 3404">
    <p class='ocr_par' dir='ltr' id='par_1_52' title="bbox 342 3331 1912 3404">
     <span class='ocr_line' id='line_1_52' title="bbox 342 3331 1912 3404; baseline -0.003 -18"><span class='ocrx_word' id='word_1_387' title='bbox 342 3335 456 3404; x_wconf 81' lang='grc' dir='ltr'><strong>ὅσῳ</strong></span> <span class='ocrx_word' id='word_1_388' title='bbox 489 3333 706 3386; x_wconf 82' lang='grc' dir='ltr'>πλείονα</span> <span class='ocrx_word' id='word_1_389' title='bbox 740 3334 884 3402; x_wconf 80' lang='grc' dir='ltr'>λέγει</span> <span class='ocrx_word' id='word_1_390' title='bbox 914 3335 1020 3386; x_wconf 89' lang='grc' dir='ltr'><strong>τῶν</strong></span> <span class='ocrx_word' id='word_1_391' title='bbox 1066 3335 1272 3401; x_wconf 86' lang='grc' dir='ltr'>ἀλόγων</span> <span class='ocrx_word' id='word_1_392' title='bbox 1321 3332 1472 3395; x_wconf 76' lang='grc' dir='ltr'>ζώων</span> <span class='ocrx_word' id='word_1_393' title='bbox 1512 3331 1778 3402; x_wconf 78' lang='grc' dir='ltr'>ἐγκώμια,</span> <span class='ocrx_word' id='word_1_394' title='bbox 1827 3347 1912 3382; x_wconf 88' lang='grc' dir='ltr'>το-</span> 
     </span>
    </p>
   </div>
   <div class='ocr_carea' id='block_1_53' title="bbox 348 3422 1910 3495">
    <p class='ocr_par' dir='ltr' id='par_1_53' title="bbox 348 3422 1910 3495">
     <span class='ocr_line' id='line_1_53' title="bbox 348 3422 1910 3495; baseline -0.003 -17"><span class='ocrx_word' id='word_1_395' title='bbox 348 3424 522 3494; x_wconf 87' lang='grc' dir='ltr'>σούτῳ</span> <span class='ocrx_word' id='word_1_396' title='bbox 551 3424 729 3477; x_wconf 82' lang='grc' dir='ltr'>πλεῖον</span> <span class='ocrx_word' id='word_1_397' title='bbox 758 3424 886 3495; x_wconf 77' lang='grc' dir='ltr'>(κᾶν</span> <span class='ocrx_word' id='word_1_398' title='bbox 915 3425 987 3495; x_wconf 81' lang='grc' dir='ltr'>μὴ</span> <span class='ocrx_word' id='word_1_399' title='bbox 1021 3425 1178 3495; x_wconf 84' lang='grc' dir='ltr'>θέλῃ)</span> <span class='ocrx_word' id='word_1_400' title='bbox 1217 3422 1367 3486; x_wconf 72' lang='grc' dir='ltr'>αὖξει</span> <span class='ocrx_word' id='word_1_401' title='bbox 1405 3424 1464 3475; x_wconf 87' lang='grc' dir='ltr'><strong>τὸ</strong></span> <span class='ocrx_word' id='word_1_402' title='bbox 1491 3423 1583 3475; x_wconf 78' lang='grc' dir='ltr'>τοῦ</span> <span class='ocrx_word' id='word_1_403' title='bbox 1621 3422 1796 3474; x_wconf 82' lang='grc' dir='ltr'>πάντα</span> <span class='ocrx_word' id='word_1_404' title='bbox 1821 3439 1910 3474; x_wconf 89' lang='grc' dir='ltr'>κο-</span> 
     </span>
    </p>
   </div>
   <div class='ocr_carea' id='block_1_54' title="bbox 345 3511 1912 3586">
    <p class='ocr_par' dir='ltr' id='par_1_54' title="bbox 345 3511 1912 3586">
     <span class='ocr_line' id='line_1_54' title="bbox 345 3511 1912 3586; baseline 0 -22"><span class='ocrx_word' id='word_1_405' title='bbox 345 3515 656 3584; x_wconf 74' lang='grc' dir='ltr'>σμήσαντος</span> <span class='ocrx_word' id='word_1_406' title='bbox 681 3515 851 3583; x_wconf 88' lang='grc' dir='ltr'>Λόγου</span> <span class='ocrx_word' id='word_1_407' title='bbox 879 3515 1036 3586; x_wconf 73' lang='grc' dir='ltr'>ἔργον</span> <span class='ocrx_word' id='word_1_408' title='bbox 1055 3532 1068 3544; x_wconf 93' lang='grc'><strong>·</strong></span> <span class='ocrx_word' id='word_1_409' title='bbox 1105 3515 1196 3568; x_wconf 79' lang='grc' dir='ltr'><strong>καὶ</strong></span> <span class='ocrx_word' id='word_1_410' title='bbox 1223 3513 1458 3566; x_wconf 87' lang='grc' dir='ltr'>δείκνυσι</span> <span class='ocrx_word' id='word_1_411' title='bbox 1490 3513 1587 3582; x_wconf 85' lang='grc' dir='ltr'><strong>τὴν</strong></span> <span class='ocrx_word' id='word_1_412' title='bbox 1619 3514 1675 3565; x_wconf 83' lang='grc' dir='ltr'>ὲν</span> <span class='ocrx_word' id='word_1_413' title='bbox 1709 3511 1912 3584; x_wconf 81' lang='grc' dir='ltr'>ἀνθρώ-</span> 
     </span>
    </p>
   </div>
   <div class='ocr_carea' id='block_1_55' title="bbox 339 3603 1914 3678">
    <p class='ocr_par' dir='ltr' id='par_1_55' title="bbox 339 3603 1914 3678">
     <span class='ocr_line' id='line_1_55' title="bbox 339 3603 1914 3678; baseline 0.001 -21"><span class='ocrx_word' id='word_1_414' title='bbox 339 3622 466 3668; x_wconf 84' lang='grc' dir='ltr'>ποις</span> <span class='ocrx_word' id='word_1_415' title='bbox 494 3605 800 3676; x_wconf 81' lang='grc' dir='ltr'>ὲντρέχειαν</span> <span class='ocrx_word' id='word_1_416' title='bbox 833 3606 1137 3678; x_wconf 84' lang='grc' dir='ltr'>δυναμένην</span> <span class='ocrx_word' id='word_1_417' title='bbox 1176 3608 1398 3676; x_wconf 85' lang='grc' dir='ltr'>κοσμεῖν</span> <span class='ocrx_word' id='word_1_418' title='bbox 1435 3603 1510 3675; x_wconf 81' lang='grc' dir='ltr'>τῷ</span> <span class='ocrx_word' id='word_1_419' title='bbox 1550 3604 1690 3675; x_wconf 80' lang='grc' dir='ltr'>λόγῳ</span> <span class='ocrx_word' id='word_1_420' title='bbox 1723 3607 1814 3658; x_wconf 71' lang='grc' dir='ltr'><strong>καὶ</strong></span> <span class='ocrx_word' id='word_1_421' title='bbox 1844 3605 1914 3658; x_wconf 85' lang='grc' dir='ltr'>τὰ</span> 
     </span>
    </p>
   </div>
   <div class='ocr_carea' id='block_1_56' title="bbox 341 3695 1912 3766">
    <p class='ocr_par' dir='ltr' id='par_1_56' title="bbox 341 3695 1912 3766">
     <span class='ocr_line' id='line_1_56' title="bbox 341 3695 1912 3766; baseline 0.001 -19"><span class='ocrx_word' id='word_1_422' title='bbox 341 3695 787 3766; x_wconf 84' lang='grc' dir='ltr'>πλεονεκτήματα</span> <span class='ocrx_word' id='word_1_423' title='bbox 818 3697 913 3766; x_wconf 91' lang='grc' dir='ltr'><strong>τῆς</strong></span> <span class='ocrx_word' id='word_1_424' title='bbox 944 3697 1155 3765; x_wconf 86' lang='grc' dir='ltr'>φύσεως</span> <span class='ocrx_word' id='word_1_425' title='bbox 1179 3696 1285 3748; x_wconf 88' lang='grc' dir='ltr'><strong>τῶν</strong></span> <span class='ocrx_word' id='word_1_426' title='bbox 1313 3696 1520 3764; x_wconf 86' lang='grc' dir='ltr'>ἀλόγων</span> <span class='ocrx_word' id='word_1_427' title='bbox 1545 3713 1557 3724; x_wconf 91' lang='grc'><strong>·</strong></span> <span class='ocrx_word' id='word_1_428' title='bbox 1598 3695 1650 3746; x_wconf 87' lang='grc' dir='ltr'><strong>τί</strong></span> <span class='ocrx_word' id='word_1_429' title='bbox 1685 3696 1740 3748; x_wconf 81' lang='grc' dir='ltr'><strong>δὲ</strong></span> <span class='ocrx_word' id='word_1_430' title='bbox 1772 3695 1912 3764; x_wconf 90' lang='grc' dir='ltr'>λέγω</span> 
     </span>
    </p>
   </div>
   <div class='ocr_carea' id='block_1_57' title="bbox 337 3781 1907 3857">
    <p class='ocr_par' dir='ltr' id='par_1_57' title="bbox 337 3781 1907 3857">
     <span class='ocr_line' id='line_1_57' title="bbox 337 3781 1907 3857; baseline 0 -19"><span class='ocrx_word' id='word_1_431' title='bbox 337 3784 452 3838; x_wconf 79' lang='grc' dir='ltr'><strong>τῶν</strong></span> <span class='ocrx_word' id='word_1_432' title='bbox 483 3786 690 3854; x_wconf 80' lang='grc' dir='ltr'>ἀλόγων</span> <span class='ocrx_word' id='word_1_433' title='bbox 731 3786 860 3857; x_wconf 83' lang='grc'>(18),</span> <span class='ocrx_word' id='word_1_434' title='bbox 891 3787 1011 3839; x_wconf 74' lang='grc' dir='ltr'>ἐπεὶ</span> <span class='ocrx_word' id='word_1_435' title='bbox 1038 3786 1230 3857; x_wconf 81' lang='grc' dir='ltr'>Κέλσῳ</span> <span class='ocrx_word' id='word_1_436' title='bbox 1253 3787 1400 3839; x_wconf 87' lang='grc' dir='ltr'>δοκεῖ</span> <span class='ocrx_word' id='word_1_437' title='bbox 1427 3786 1545 3856; x_wconf 83' lang='grc' dir='ltr'>μηδ’</span> <span class='ocrx_word' id='word_1_438' title='bbox 1573 3784 1746 3853; x_wconf 83' lang='grc' dir='ltr'>ἄλογα</span> <span class='ocrx_word' id='word_1_439' title='bbox 1771 3781 1907 3839; x_wconf 77' lang='grc' dir='ltr'>εἶναι</span> 
     </span>
    </p>
   </div>
   <div class='ocr_carea' id='block_1_58' title="bbox 338 3878 1913 3946">
    <p class='ocr_par' dir='ltr' id='par_1_58' title="bbox 338 3878 1913 3946">
     <span class='ocr_line' id='line_1_58' title="bbox 338 3878 1913 3946; baseline -0.001 -14"><span class='ocrx_word' id='word_1_440' title='bbox 338 3878 410 3932; x_wconf 80' lang='grc' dir='ltr'>τὰ</span> <span class='ocrx_word' id='word_1_441' title='bbox 465 3878 606 3933; x_wconf 87' lang='grc' dir='ltr'>κατὰ</span> <span class='ocrx_word' id='word_1_442' title='bbox 649 3878 747 3942; x_wconf 86' lang='grc' dir='ltr'>τὰς</span> <span class='ocrx_word' id='word_1_443' title='bbox 792 3879 974 3942; x_wconf 77' lang='grc' dir='ltr'>κοινὰς</span> <span class='ocrx_word' id='word_1_444' title='bbox 1014 3879 1229 3932; x_wconf 84' lang='grc' dir='ltr'>πάντων</span> <span class='ocrx_word' id='word_1_445' title='bbox 1264 3879 1471 3940; x_wconf 76' lang='grc' dir='ltr'>ἐννοίας</span> <span class='ocrx_word' id='word_1_446' title='bbox 1506 3878 1675 3946; x_wconf 81' lang='grc' dir='ltr'>ἄλογα</span> <span class='ocrx_word' id='word_1_447' title='bbox 1719 3878 1913 3931; x_wconf 85' lang='grc' dir='ltr'>καλού-</span> 
     </span>
    </p>
   </div>
   <div class='ocr_carea' id='block_1_59' title="bbox 341 3967 1907 4043">
    <p class='ocr_par' dir='ltr' id='par_1_59' title="bbox 341 3967 1907 4043">
     <span class='ocr_line' id='line_1_59' title="bbox 341 3967 1907 4043; baseline -0.001 -19"><span class='ocrx_word' id='word_1_448' title='bbox 341 3989 484 4042; x_wconf 86' lang='grc' dir='ltr'>μενα</span> <span class='ocrx_word' id='word_1_449' title='bbox 501 3989 515 4036; x_wconf 86' lang='lat'><strong>;</strong></span> <span class='ocrx_word' id='word_1_450' title='bbox 534 3971 670 4025; x_wconf 77' lang='grc' dir='ltr'>Οὐδὲ</span> <span class='ocrx_word' id='word_1_451' title='bbox 698 3972 822 4034; x_wconf 77' lang='grc' dir='ltr'>τοὺς</span> <span class='ocrx_word' id='word_1_452' title='bbox 841 3973 1135 4043; x_wconf 88' lang='grc' dir='ltr'>μύρμηκας</span> <span class='ocrx_word' id='word_1_453' title='bbox 1152 3971 1282 4040; x_wconf 80' lang='grc' dir='ltr'>γοῦν</span> <span class='ocrx_word' id='word_1_454' title='bbox 1307 3973 1476 4024; x_wconf 75' lang='grc' dir='ltr'>οἴεται</span> <span class='ocrx_word' id='word_1_455' title='bbox 1505 3967 1640 4023; x_wconf 74' lang='grc' dir='ltr'>εἶναι</span> <span class='ocrx_word' id='word_1_456' title='bbox 1663 3970 1907 4039; x_wconf 84' lang='grc' dir='ltr'>ἀλόγους,</span> 
     </span>
    </p>
   </div>
   <div class='ocr_carea' id='block_1_60' title="bbox 339 4062 1912 4134">
    <p class='ocr_par' dir='ltr' id='par_1_60' title="bbox 339 4062 1912 4134">
     <span class='ocr_line' id='line_1_60' title="bbox 339 4062 1912 4134; baseline 0 -18"><span class='ocrx_word' id='word_1_457' title='bbox 339 4063 626 4132; x_wconf 70' lang='grc' dir='ltr'>ὀπερὶτῆς</span> <span class='ocrx_word' id='word_1_458' title='bbox 669 4062 794 4134; x_wconf 83' lang='grc' dir='ltr'>ὅλης</span> <span class='ocrx_word' id='word_1_459' title='bbox 841 4063 1054 4131; x_wconf 85' lang='grc' dir='ltr'>φύσεως</span> <span class='ocrx_word' id='word_1_460' title='bbox 1097 4063 1562 4132; x_wconf 75' lang='grc' dir='ltr'>ἐπαγγειλάμενος</span> <span class='ocrx_word' id='word_1_461' title='bbox 1590 4062 1787 4130; x_wconf 85' lang='grc' dir='ltr'>λέγειν,</span> <span class='ocrx_word' id='word_1_462' title='bbox 1818 4064 1912 4116; x_wconf 77' lang='grc' dir='ltr'>καὶ</span> 
     </span>
    </p>
   </div>
   <div class='ocr_carea' id='block_1_61' title="bbox 341 4149 1905 4223">
    <p class='ocr_par' dir='ltr' id='par_1_61' title="bbox 341 4149 1905 4223">
     <span class='ocr_line' id='line_1_61' title="bbox 341 4149 1905 4223; baseline 0 -19"><span class='ocrx_word' id='word_1_463' title='bbox 341 4151 443 4223; x_wconf 83' lang='grc' dir='ltr'>τὴν</span> <span class='ocrx_word' id='word_1_464' title='bbox 480 4151 730 4223; x_wconf 85' lang='grc' dir='ltr'>ἀλήθειαν</span> <span class='ocrx_word' id='word_1_465' title='bbox 773 4151 829 4202; x_wconf 83' lang='grc' dir='ltr'><strong>ἐν</strong></span> <span class='ocrx_word' id='word_1_466' title='bbox 862 4153 926 4220; x_wconf 82' lang='grc' dir='ltr'>τῇ</span> <span class='ocrx_word' id='word_1_467' title='bbox 966 4152 1240 4222; x_wconf 74' lang='grc' dir='ltr'>ἐπιγραφῇ</span> <span class='ocrx_word' id='word_1_468' title='bbox 1281 4149 1374 4203; x_wconf 82' lang='grc' dir='ltr'>τοῦ</span> <span class='ocrx_word' id='word_1_469' title='bbox 1417 4150 1619 4220; x_wconf 76' lang='grc' dir='ltr'>βιϐλίου</span> <span class='ocrx_word' id='word_1_470' title='bbox 1647 4153 1905 4222; x_wconf 81' lang='grc' dir='ltr'>αύχήσας.</span> 
     </span>
    </p>
   </div>
   <div class='ocr_carea' id='block_1_62' title="bbox 340 4240 1905 4314">
    <p class='ocr_par' dir='ltr' id='par_1_62' title="bbox 340 4240 1905 4314">
     <span class='ocr_line' id='line_1_62' title="bbox 340 4240 1905 4314; baseline -0.002 -18"><span class='ocrx_word' id='word_1_471' title='bbox 340 4243 484 4314; x_wconf 66' lang='grc' dir='ltr'>Φησὶ</span> <span class='ocrx_word' id='word_1_472' title='bbox 508 4243 615 4314; x_wconf 86' lang='grc' dir='ltr'>γὰρ</span> <span class='ocrx_word' id='word_1_473' title='bbox 653 4242 780 4313; x_wconf 80' lang='grc' dir='ltr'>περὶ</span> <span class='ocrx_word' id='word_1_474' title='bbox 811 4240 916 4294; x_wconf 84' lang='grc' dir='ltr'><strong>τῶν</strong></span> <span class='ocrx_word' id='word_1_475' title='bbox 945 4243 1246 4314; x_wconf 83' lang='grc' dir='ltr'>μυρμήκων</span> <span class='ocrx_word' id='word_1_476' title='bbox 1290 4242 1364 4305; x_wconf 87' lang='grc' dir='ltr'><strong>ὡς</strong></span> <span class='ocrx_word' id='word_1_477' title='bbox 1391 4241 1785 4312; x_wconf 85' lang='grc' dir='ltr'>διαλεγομένων</span> <span class='ocrx_word' id='word_1_478' title='bbox 1814 4241 1905 4294; x_wconf 87' lang='grc' dir='ltr'>ἀλ-</span> 
     </span>
    </p>
   </div>
   <div class='ocr_carea' id='block_1_63' title="bbox 341 4332 1908 4407">
    <p class='ocr_par' dir='ltr' id='par_1_63' title="bbox 341 4332 1908 4407">
     <span class='ocr_line' id='line_1_63' title="bbox 341 4332 1908 4407; baseline -0.001 -18"><span class='ocrx_word' id='word_1_479' title='bbox 341 4335 526 4407; x_wconf 81' lang='grc' dir='ltr'>λήλοις</span> <span class='ocrx_word' id='word_1_480' title='bbox 557 4334 777 4390; x_wconf 79' lang='grc' dir='ltr'>τοιαῦτα</span> <span class='ocrx_word' id='word_1_481' title='bbox 805 4352 818 4364; x_wconf 91' lang='grc'><strong>·</strong></span> <span class='ocrx_word' id='word_1_482' title='bbox 867 4353 885 4384; x_wconf 78' lang='grc' dir='ltr'><strong>ι</strong></span> <span class='ocrx_word' id='word_1_483' title='bbox 919 4335 1029 4387; x_wconf 74' lang='grc' dir='ltr'><strong>Καὶ</strong></span> <span class='ocrx_word' id='word_1_484' title='bbox 1066 4333 1164 4403; x_wconf 82' lang='grc' dir='ltr'><strong>μὲν</strong></span> <span class='ocrx_word' id='word_1_485' title='bbox 1210 4333 1271 4404; x_wconf 83' lang='grc' dir='ltr'>δὴ</span> <span class='ocrx_word' id='word_1_486' title='bbox 1302 4335 1393 4387; x_wconf 76' lang='grc' dir='ltr'><strong>καὶ</strong></span> <span class='ocrx_word' id='word_1_487' title='bbox 1422 4332 1765 4395; x_wconf 85' lang='grc' dir='ltr'>ἀπαντῶντες</span> <span class='ocrx_word' id='word_1_488' title='bbox 1799 4333 1908 4405; x_wconf 83' lang='grc'><strong>(19)</strong></span> 
     </span>
    </p>
   </div>
   <div class='ocr_carea' id='block_1_64' title="bbox 443 4576 1132 4645">
    <p class='ocr_par' dir='ltr' id='par_1_64' title="bbox 443 4576 1132 4645">
     <span class='ocr_line' id='line_1_64' title="bbox 443 4576 1132 4645; baseline -0.006 -9"><span class='ocrx_word' id='word_1_489' title='bbox 443 4577 785 4645; x_wconf 75' lang='grc' dir='ltr'><strong>15)Ρ1ιίιορ.,</strong></span> <span class='ocrx_word' id='word_1_490' title='bbox 820 4578 917 4631; x_wconf 80' lang='grc' dir='ltr'><strong>οὐκ</strong></span> <span class='ocrx_word' id='word_1_491' title='bbox 950 4576 1132 4632; x_wconf 79' lang='grc' dir='ltr'>εἰδότι.</span> 
     </span>
    </p>
   </div>
   <div class='ocr_carea' id='block_1_65' title="bbox 444 4646 1903 4720">
    <p class='ocr_par' dir='ltr' id='par_1_65' title="bbox 444 4646 1903 4720">
     <span class='ocr_line' id='line_1_65' title="bbox 444 4646 1903 4720; baseline -0.003 -14"><span class='ocrx_word' id='word_1_492' title='bbox 444 4653 529 4720; x_wconf 82' lang='grc'><strong>14)</strong></span> <span class='ocrx_word' id='word_1_493' title='bbox 559 4651 649 4703; x_wconf 85' lang='lat' dir='ltr'><strong>Sic</strong></span> <span class='ocrx_word' id='word_1_494' title='bbox 685 4647 972 4720; x_wconf 83' lang='lat' dir='ltr'><strong>Philocalia</strong></span> <span class='ocrx_word' id='word_1_495' title='bbox 1001 4665 1016 4709; x_wconf 90' lang='lat'><strong>;</strong></span> <span class='ocrx_word' id='word_1_496' title='bbox 1059 4647 1624 4720; x_wconf 9' lang='lat' dir='ltr'><strong>Htesclieliusrautern</strong></span> <span class='ocrx_word' id='word_1_497' title='bbox 1646 4655 1697 4700; x_wconf 86' lang='lat' dir='ltr'><strong>et</strong></span> <span class='ocrx_word' id='word_1_498' title='bbox 1729 4646 1903 4716; x_wconf 86' lang='lat' dir='ltr'><strong>Spen-</strong></span> 
     </span>
    </p>
   </div>
   <div class='ocr_carea' id='block_1_66' title="bbox 345 4714 1898 4808">
    <p class='ocr_par' dir='ltr' id='par_1_66' title="bbox 345 4714 1898 4808">
     <span class='ocr_line' id='line_1_66' title="bbox 345 4714 1898 4808; baseline -0.002 -34"><span class='ocrx_word' id='word_1_499' title='bbox 345 4714 762 4808; x_wconf 44' lang='lat' dir='ltr'><strong>cefus,-‘Expﬁv</strong></span> <span class='ocrx_word' id='word_1_500' title='bbox 788 4719 830 4770; x_wconf 85' lang='grc' dir='ltr'>δ’</span> <span class='ocrx_word' id='word_1_501' title='bbox 858 4718 1221 4808; x_wconf 47' lang='grc' dir='ltr'>αὐτὸν,.εῖπὲρ</span> <span class='ocrx_word' id='word_1_502' title='bbox 1261 4714 1329 4786; x_wconf 79' lang='grc' dir='ltr'>ἦν</span> <span class='ocrx_word' id='word_1_503' title='bbox 1364 4717 1465 4771; x_wconf 82' lang='grc' dir='ltr'><strong>κᾶν</strong></span> <span class='ocrx_word' id='word_1_504' title='bbox 1508 4714 1898 4797; x_wconf 35' lang='grc' dir='ltr'>φδιλόσοφος....</span> 
     </span>
    </p>
   </div>
   <div class='ocr_carea' id='block_1_67' title="bbox 346 4787 1582 4862">
    <p class='ocr_par' dir='ltr' id='par_1_67' title="bbox 346 4787 1582 4862">
     <span class='ocr_line' id='line_1_67' title="bbox 346 4787 1582 4862; baseline 0 -20"><span class='ocrx_word' id='word_1_505' title='bbox 346 4791 572 4862; x_wconf 83' lang='grc' dir='ltr'>πρὸςτῴ</span> <span class='ocrx_word' id='word_1_506' title='bbox 708 4787 980 4862; x_wconf 77' lang='grc' dir='ltr'>συναιρεῖν</span> <span class='ocrx_word' id='word_1_507' title='bbox 995 4789 1107 4862; x_wconf 78' lang='grc' dir='ltr'>τοῖς</span> <span class='ocrx_word' id='word_1_508' title='bbox 1122 4787 1582 4862; x_wconf 60' lang='grc' dir='ltr'><strong>ΔΧριστιανιοςμοῡ.</strong></span> 
     </span>
    </p>
   </div>
   <div class='ocr_carea' id='block_1_68' title="bbox 412 4856 1901 4928">
    <p class='ocr_par' dir='ltr' id='par_1_68' title="bbox 412 4856 1901 4928">
     <span class='ocr_line' id='line_1_68' title="bbox 412 4856 1901 4928; baseline -0.002 -16"><span class='ocrx_word' id='word_1_509' title='bbox 412 4856 892 4928; x_wconf 67' lang='grc' dir='ltr'>(15)ῬΙιίΙοοιιΙίεί,</span> <span class='ocrx_word' id='word_1_510' title='bbox 942 4856 1242 4928; x_wconf 83' lang='grc' dir='ltr'>λεληθότως</span> <span class='ocrx_word' id='word_1_511' title='bbox 1292 4859 1318 4910; x_wconf 87' lang='grc' dir='ltr'>ὁ</span> <span class='ocrx_word' id='word_1_512' title='bbox 1367 4856 1571 4920; x_wconf 85' lang='grc' dir='ltr'>Κέλσος</span> <span class='ocrx_word' id='word_1_513' title='bbox 1594 4860 1667 4928; x_wconf 69' lang='grc' dir='ltr'><strong>ἐν</strong></span> <span class='ocrx_word' id='word_1_514' title='bbox 1690 4856 1901 4920; x_wconf 88' lang='grc' dir='ltr'>πολλοῖς</span> 
     </span>
    </p>
   </div>
   <div class='ocr_carea' id='block_1_69' title="bbox 348 4927 1900 4999">
    <p class='ocr_par' dir='ltr' id='par_1_69' title="bbox 348 4927 1900 4999">
     <span class='ocr_line' id='line_1_69' title="bbox 348 4927 1900 4999; baseline -0.001 -17"><span class='ocrx_word' id='word_1_515' title='bbox 348 4927 703 4992; x_wconf 81' lang='grc' dir='ltr'>Πλατωνίζειν</span> <span class='ocrx_word' id='word_1_516' title='bbox 739 4928 880 4981; x_wconf 84' lang='grc' dir='ltr'>θέλει</span> <span class='ocrx_word' id='word_1_517' title='bbox 908 4929 998 4982; x_wconf 70' lang='grc' dir='ltr'><strong>καὶ</strong></span> <span class='ocrx_word' id='word_1_518' title='bbox 1032 4927 1276 4999; x_wconf 89' lang='grc' dir='ltr'>βούλεται</span> <span class='ocrx_word' id='word_1_519' title='bbox 1320 4928 1562 4998; x_wconf 83' lang='grc' dir='ltr'>ὁμοειδῆ.</span> <span class='ocrx_word' id='word_1_520' title='bbox 1626 4927 1900 4997; x_wconf 82' lang='lat' dir='ltr'><strong>Nusquam</strong></span> 
     </span>
    </p>
   </div>
   <div class='ocr_carea' id='block_1_70' title="bbox 348 4999 1901 5066">
    <p class='ocr_par' dir='ltr' id='par_1_70' title="bbox 348 4999 1901 5066">
     <span class='ocr_line' id='line_1_70' title="bbox 348 4999 1901 5066; baseline -0.003 -13"><span class='ocrx_word' id='word_1_521' title='bbox 348 4999 563 5053; x_wconf 87' lang='lat' dir='ltr'><strong>invenio</strong></span> <span class='ocrx_word' id='word_1_522' title='bbox 589 4999 724 5066; x_wconf 89' lang='lat' dir='ltr'><strong>apud</strong></span> <span class='ocrx_word' id='word_1_523' title='bbox 765 5000 1038 5052; x_wconf 80' lang='lat' dir='ltr'><strong>Platonem</strong></span> <span class='ocrx_word' id='word_1_524' title='bbox 1072 4999 1282 5051; x_wconf 87' lang='lat' dir='ltr'><strong>animas</strong></span> <span class='ocrx_word' id='word_1_525' title='bbox 1312 5000 1435 5051; x_wconf 88' lang='lat' dir='ltr'><strong>aliis</strong></span> <span class='ocrx_word' id='word_1_526' title='bbox 1478 4999 1614 5054; x_wconf 87' lang='lat' dir='ltr'><strong>alias</strong></span> <span class='ocrx_word' id='word_1_527' title='bbox 1670 5009 1791 5051; x_wconf 92' lang='lat' dir='ltr'><strong>ortu</strong></span> <span class='ocrx_word' id='word_1_528' title='bbox 1845 5006 1901 5050; x_wconf 88' lang='lat' dir='ltr'><strong>et</strong></span> 
     </span>
    </p>
   </div>
   <div class='ocr_carea' id='block_1_71' title="bbox 345 5068 1900 5138">
    <p class='ocr_par' dir='ltr' id='par_1_71' title="bbox 345 5068 1900 5138">
     <span class='ocr_line' id='line_1_71' title="bbox 345 5068 1900 5138; baseline -0.001 -16"><span class='ocrx_word' id='word_1_529' title='bbox 345 5069 556 5138; x_wconf 83' lang='lat' dir='ltr'><strong>origine</strong></span> <span class='ocrx_word' id='word_1_530' title='bbox 584 5069 1022 5138; x_wconf 68' lang='lat' dir='ltr'><strong>praestantiores:</strong></span> <span class='ocrx_word' id='word_1_531' title='bbox 1058 5082 1157 5121; x_wconf 89' lang='lat' dir='ltr'><strong>nec</strong></span> <span class='ocrx_word' id='word_1_532' title='bbox 1181 5069 1318 5133; x_wconf 89' lang='lat' dir='ltr'><strong>scio,</strong></span> <span class='ocrx_word' id='word_1_533' title='bbox 1373 5084 1440 5122; x_wconf 92' lang='lat' dir='ltr'><strong>au</strong></span> <span class='ocrx_word' id='word_1_534' title='bbox 1496 5069 1644 5124; x_wconf 89' lang='lat' dir='ltr'><strong>ullibi</strong></span> <span class='ocrx_word' id='word_1_535' title='bbox 1701 5068 1900 5121; x_wconf 80' lang='lat' dir='ltr'><strong>dixerit</strong></span> 
     </span>
    </p>
   </div>
   <div class='ocr_carea' id='block_1_72' title="bbox 345 5137 1897 5205">
    <p class='ocr_par' dir='ltr' id='par_1_72' title="bbox 345 5137 1897 5205">
     <span class='ocr_line' id='line_1_72' title="bbox 345 5137 1897 5205; baseline -0.001 -13"><span class='ocrx_word' id='word_1_536' title='bbox 345 5139 630 5194; x_wconf 86' lang='lat' dir='ltr'><strong>brutorum</strong></span> <span class='ocrx_word' id='word_1_537' title='bbox 656 5139 863 5191; x_wconf 87' lang='lat' dir='ltr'><strong>animas</strong></span> <span class='ocrx_word' id='word_1_538' title='bbox 891 5137 1178 5205; x_wconf 89' lang='lat' dir='ltr'><strong>perituras,</strong></span> <span class='ocrx_word' id='word_1_539' title='bbox 1211 5149 1303 5191; x_wconf 92' lang='lat' dir='ltr'><strong>aut</strong></span> <span class='ocrx_word' id='word_1_540' title='bbox 1335 5139 1386 5190; x_wconf 94' lang='lat' dir='ltr'><strong>in</strong></span> <span class='ocrx_word' id='word_1_541' title='bbox 1410 5155 1636 5204; x_wconf 86' lang='lat' dir='ltr'><strong>corpora</strong></span> <span class='ocrx_word' id='word_1_542' title='bbox 1665 5138 1897 5192; x_wconf 89' lang='lat' dir='ltr'><strong>humana</strong></span> 
     </span>
    </p>
   </div>
   <div class='ocr_carea' id='block_1_73' title="bbox 345 5206 1894 5279">
    <p class='ocr_par' dir='ltr' id='par_1_73' title="bbox 345 5206 1894 5279">
     <span class='ocr_line' id='line_1_73' title="bbox 345 5206 1894 5279; baseline -0.005 -16"><span class='ocrx_word' id='word_1_543' title='bbox 345 5206 862 5279; x_wconf 58' lang='lat' dir='ltr'><strong>migraturasﬂicet</strong></span> <span class='ocrx_word' id='word_1_544' title='bbox 916 5209 984 5259; x_wconf 86' lang='lat' dir='ltr'><strong>de</strong></span> <span class='ocrx_word' id='word_1_545' title='bbox 1027 5207 1274 5260; x_wconf 87' lang='lat' dir='ltr'><strong>humanis</strong></span> <span class='ocrx_word' id='word_1_546' title='bbox 1326 5211 1525 5274; x_wconf 89' lang='lat' dir='ltr'><strong>passim</strong></span> <span class='ocrx_word' id='word_1_547' title='bbox 1582 5207 1894 5279; x_wconf 84' lang='lat' dir='ltr'><strong>asseruerit,</strong></span> 
     </span>
    </p>
   </div>
   <div class='ocr_carea' id='block_1_74' title="bbox 343 5277 1892 5343">
    <p class='ocr_par' dir='ltr' id='par_1_74' title="bbox 343 5277 1892 5343">
     <span class='ocr_line' id='line_1_74' title="bbox 343 5277 1892 5343; baseline -0.003 -11"><span class='ocrx_word' id='word_1_548' title='bbox 343 5277 520 5333; x_wconf 62' lang='lat' dir='ltr'><strong>easin</strong></span> <span class='ocrx_word' id='word_1_549' title='bbox 570 5279 852 5330; x_wconf 90' lang='lat' dir='ltr'><strong>brutorum</strong></span> <span class='ocrx_word' id='word_1_550' title='bbox 907 5289 1128 5343; x_wconf 72' lang='lat' dir='ltr'><strong>corpora</strong></span> <span class='ocrx_word' id='word_1_551' title='bbox 1192 5279 1572 5331; x_wconf 86' lang='lat' dir='ltr'><strong>detrudendas.</strong></span> <span class='ocrx_word' id='word_1_552' title='bbox 1626 5277 1892 5343; x_wconf 83' lang='lat' dir='ltr'><strong>Quoniam</strong></span> 
     </span>
    </p>
   </div>
   <div class='ocr_carea' id='block_1_75' title="bbox 344 5344 1895 5416">
    <p class='ocr_par' dir='ltr' id='par_1_75' title="bbox 344 5344 1895 5416">
     <span class='ocr_line' id='line_1_75' title="bbox 344 5344 1895 5416; baseline -0.002 -15"><span class='ocrx_word' id='word_1_553' title='bbox 344 5363 474 5401; x_wconf 82' lang='lat' dir='ltr'><strong>vero</strong></span> <span class='ocrx_word' id='word_1_554' title='bbox 535 5362 565 5400; x_wconf 91' lang='lat' dir='ltr'><strong>e</strong></span> <span class='ocrx_word' id='word_1_555' title='bbox 617 5345 998 5416; x_wconf 78' lang='lat' dir='ltr'><strong>secretioribus</strong></span> <span class='ocrx_word' id='word_1_556' title='bbox 1053 5344 1368 5415; x_wconf 75' lang='lat' dir='ltr'><strong>Pythagorae</strong></span> <span class='ocrx_word' id='word_1_557' title='bbox 1417 5357 1470 5400; x_wconf 89' lang='lat' dir='ltr'><strong>ct</strong></span> <span class='ocrx_word' id='word_1_558' title='bbox 1521 5346 1895 5416; x_wconf 64' lang='lat' dir='ltr'><strong>Egyptioruin</strong></span> 
     </span>
    </p>
   </div>
   <div class='ocr_carea' id='block_1_76' title="bbox 341 5414 1894 5486">
    <p class='ocr_par' dir='ltr' id='par_1_76' title="bbox 341 5414 1894 5486">
     <span class='ocr_line' id='line_1_76' title="bbox 341 5414 1894 5486; baseline -0.003 -14"><span class='ocrx_word' id='word_1_559' title='bbox 341 5417 642 5486; x_wconf 82' lang='lat' dir='ltr'><strong>disciplinis</strong></span> <span class='ocrx_word' id='word_1_560' title='bbox 678 5418 815 5470; x_wconf 89' lang='lat' dir='ltr'><strong>hanc</strong></span> <span class='ocrx_word' id='word_1_561' title='bbox 843 5414 1149 5486; x_wconf 77' lang='lat' dir='ltr'><strong>Opinionem</strong></span> <span class='ocrx_word' id='word_1_562' title='bbox 1179 5425 1453 5470; x_wconf 90' lang='lat' dir='ltr'><strong>mutuatus</strong></span> <span class='ocrx_word' id='word_1_563' title='bbox 1479 5428 1556 5472; x_wconf 88' lang='lat' dir='ltr'><strong>est</strong></span> <span class='ocrx_word' id='word_1_564' title='bbox 1580 5414 1778 5483; x_wconf 25' lang='lat' dir='ltr'><strong>[facile</strong></span> <span class='ocrx_word' id='word_1_565' title='bbox 1813 5416 1894 5468; x_wconf 89' lang='lat' dir='ltr'><strong>in-</strong></span> 
     </span>
    </p>
   </div>
   <div class='ocr_carea' id='block_1_77' title="bbox 341 5484 1893 5556">
    <p class='ocr_par' dir='ltr' id='par_1_77' title="bbox 341 5484 1893 5556">
     <span class='ocr_line' id='line_1_77' title="bbox 341 5484 1893 5556; baseline -0.004 -13"><span class='ocrx_word' id='word_1_566' title='bbox 341 5489 462 5543; x_wconf 85' lang='lat' dir='ltr'><strong>duci</strong></span> <span class='ocrx_word' id='word_1_567' title='bbox 485 5484 728 5556; x_wconf 81' lang='lat' dir='ltr'><strong>possum,</strong></span> <span class='ocrx_word' id='word_1_568' title='bbox 760 5487 1052 5556; x_wconf 86' lang='lat' dir='ltr'><strong>utcredam</strong></span> <span class='ocrx_word' id='word_1_569' title='bbox 1082 5484 1358 5556; x_wconf 80' lang='lat' dir='ltr'><strong>Platonem</strong></span> <span class='ocrx_word' id='word_1_570' title='bbox 1405 5488 1553 5556; x_wconf 88' lang='lat' dir='ltr'><strong>idem</strong></span> <span class='ocrx_word' id='word_1_571' title='bbox 1594 5489 1659 5541; x_wconf 90' lang='lat' dir='ltr'><strong>de</strong></span> <span class='ocrx_word' id='word_1_572' title='bbox 1708 5488 1893 5539; x_wconf 89' lang='lat' dir='ltr'><strong>bruto-</strong></span> 
     </span>
    </p>
   </div>
   <div class='ocr_carea' id='block_1_78' title="bbox 341 5553 1933 5625">
    <p class='ocr_par' dir='ltr' id='par_1_78' title="bbox 341 5553 1933 5625">
     <span class='ocr_line' id='line_1_78' title="bbox 341 5553 1933 5625; baseline -0.001 -15"><span class='ocrx_word' id='word_1_573' title='bbox 341 5573 458 5610; x_wconf 88' lang='lat' dir='ltr'><strong>rom</strong></span> <span class='ocrx_word' id='word_1_574' title='bbox 486 5553 766 5612; x_wconf 80' lang='lat' dir='ltr'><strong>animabus</strong></span> <span class='ocrx_word' id='word_1_575' title='bbox 801 5555 1073 5625; x_wconf 88' lang='lat' dir='ltr'><strong>statuisse.</strong></span> <span class='ocrx_word' id='word_1_576' title='bbox 1109 5553 1356 5608; x_wconf 81' lang='lat' dir='ltr'><strong>Lactant.</strong></span> <span class='ocrx_word' id='word_1_577' title='bbox 1403 5555 1494 5610; x_wconf 85' lang='lat' dir='ltr'><strong>lib.</strong></span> <span class='ocrx_word' id='word_1_578' title='bbox 1529 5572 1624 5621; x_wconf 85' lang='lat' dir='ltr'><strong>vn,</strong></span> <span class='ocrx_word' id='word_1_579' title='bbox 1659 5571 1778 5625; x_wconf 88' lang='lat' dir='ltr'><strong>cap.</strong></span> <span class='ocrx_word' id='word_1_580' title='bbox 1819 5556 1850 5609; x_wconf 77' lang='grc'><strong>5</strong></span> <span class='ocrx_word' id='word_1_581' title='bbox 1881 5571 1899 5621; x_wconf 80' lang='grc'>;</span> <span class='ocrx_word' id='word_1_582' title='bbox 1930 5583 1933 5586; x_wconf 92' lang='grc'><strong>-</strong></span> 
     </span>
    </p>
   </div>
   <div class='ocr_carea' id='block_1_79' title="bbox 340 5624 1894 5699">
    <p class='ocr_par' dir='ltr' id='par_1_79' title="bbox 340 5624 1894 5699">
     <span class='ocr_line' id='line_1_79' title="bbox 340 5624 1894 5699; baseline -0.001 -18"><span class='ocrx_word' id='word_1_583' title='bbox 340 5627 692 5699; x_wconf 75' lang='lat' dir='ltr'><strong>Pythagoras,</strong></span> <span class='ocrx_word' id='word_1_584' title='bbox 742 5627 882 5697; x_wconf 84' lang='lat' dir='ltr'><strong>apud</strong></span> <span class='ocrx_word' id='word_1_585' title='bbox 926 5624 1207 5691; x_wconf 86' lang='lat' dir='ltr'><strong>Ovidium,</strong></span> <span class='ocrx_word' id='word_1_586' title='bbox 1257 5625 1349 5680; x_wconf 91' lang='lat' dir='ltr'><strong>lib.</strong></span> <span class='ocrx_word' id='word_1_587' title='bbox 1403 5642 1470 5680; x_wconf 82' lang='lat' dir='ltr'><strong>xv</strong></span> <span class='ocrx_word' id='word_1_588' title='bbox 1521 5624 1894 5696; x_wconf 82' lang='lat' dir='ltr'><strong>Metamorph.,</strong></span> 
     </span>
    </p>
   </div>
   <div class='ocr_carea' id='block_1_80' title="bbox 341 5699 1760 5838">
    <p class='ocr_par' dir='ltr' id='par_1_80' title="bbox 341 5699 1760 5838">
     <span class='ocr_line' id='line_1_80' title="bbox 341 5699 1760 5838; baseline -0.002 -16"><span class='ocrx_word' id='word_1_589' title='bbox 341 5699 601 5823; x_wconf 43' lang='lat' dir='ltr'><strong>I“(infima</strong></span> <span class='ocrx_word' id='word_1_590' title='bbox 631 5777 901 5822; x_wconf 85' lang='lat' dir='ltr'><strong>mutantur</strong></span> <span class='ocrx_word' id='word_1_591' title='bbox 926 5783 943 5821; x_wconf 93' lang='lat'><em>:</em></span> <span class='ocrx_word' id='word_1_592' title='bbox 967 5765 1097 5820; x_wconf 81' lang='lat' dir='ltr'><strong>nihil</strong></span> <span class='ocrx_word' id='word_1_593' title='bbox 1120 5767 1291 5830; x_wconf 79' lang='lat' dir='ltr'><strong>interit</strong></span> <span class='ocrx_word' id='word_1_594' title='bbox 1315 5785 1332 5832; x_wconf 91' lang='grc'><strong><em>;</em></strong></span> <span class='ocrx_word' id='word_1_595' title='bbox 1359 5777 1519 5838; x_wconf 83' lang='lat' dir='ltr'><strong>errat,</strong></span> <span class='ocrx_word' id='word_1_596' title='bbox 1544 5777 1590 5822; x_wconf 86' lang='lat' dir='ltr'><strong>et</strong></span> <span class='ocrx_word' id='word_1_597' title='bbox 1616 5767 1760 5821; x_wconf 84' lang='lat' dir='ltr'><strong>illine</strong></span> 
     </span>
    </p>
   </div>
   <div class='ocr_carea' id='block_1_81' title="bbox 2017 1859 3584 1936">
    <p class='ocr_par' dir='ltr' id='par_1_81' title="bbox 2017 1859 3584 1936">
     <span class='ocr_line' id='line_1_81' title="bbox 2017 1859 3584 1936; baseline -0.001 -15"><span class='ocrx_word' id='word_1_598' title='bbox 2017 1866 2121 1922; x_wconf 89' lang='lat' dir='ltr'><strong>Sed</strong></span> <span class='ocrx_word' id='word_1_599' title='bbox 2165 1859 2408 1921; x_wconf 73' lang='lat' dir='ltr'><strong>fortasse</strong></span> <span class='ocrx_word' id='word_1_600' title='bbox 2449 1865 2658 1932; x_wconf 86' lang='lat' dir='ltr'><strong>Celsus,</strong></span> <span class='ocrx_word' id='word_1_601' title='bbox 2717 1867 2812 1934; x_wconf 89' lang='lat' dir='ltr'><strong>qui</strong></span> <span class='ocrx_word' id='word_1_602' title='bbox 2865 1865 3149 1919; x_wconf 81' lang='lat' dir='ltr'><strong>Platonem</strong></span> <span class='ocrx_word' id='word_1_603' title='bbox 3198 1867 3252 1920; x_wconf 94' lang='lat' dir='ltr'><strong>in</strong></span> <span class='ocrx_word' id='word_1_604' title='bbox 3310 1866 3584 1936; x_wconf 88' lang='lat' dir='ltr'><strong>plerisque</strong></span> 
     </span>
    </p>
   </div>
   <div class='ocr_carea' id='block_1_82' title="bbox 2017 1961 3584 2028">
    <p class='ocr_par' dir='ltr' id='par_1_82' title="bbox 2017 1961 3584 2028">
     <span class='ocr_line' id='line_1_82' title="bbox 2017 1961 3584 2028; baseline 0.001 -14"><span class='ocrx_word' id='word_1_605' title='bbox 2017 1961 2217 2015; x_wconf 89' lang='lat' dir='ltr'><strong>imitari</strong></span> <span class='ocrx_word' id='word_1_606' title='bbox 2253 1970 2423 2026; x_wconf 89' lang='lat' dir='ltr'><strong>amat,</strong></span> <span class='ocrx_word' id='word_1_607' title='bbox 2454 1975 2548 2028; x_wconf 91' lang='lat' dir='ltr'><strong>per</strong></span> <span class='ocrx_word' id='word_1_608' title='bbox 2571 1961 2688 2014; x_wconf 84' lang='lat' dir='ltr'><strong>haec</strong></span> <span class='ocrx_word' id='word_1_609' title='bbox 2719 1961 2950 2015; x_wconf 88' lang='lat' dir='ltr'><strong>obscure</strong></span> <span class='ocrx_word' id='word_1_610' title='bbox 2974 1961 3204 2026; x_wconf 90' lang='lat' dir='ltr'><strong>indicat,</strong></span> <span class='ocrx_word' id='word_1_611' title='bbox 3231 1962 3439 2016; x_wconf 89' lang='lat' dir='ltr'><strong>similes</strong></span> <span class='ocrx_word' id='word_1_612' title='bbox 3462 1977 3584 2016; x_wconf 90' lang='lat' dir='ltr'><strong>esse</strong></span> 
     </span>
    </p>
   </div>
   <div class='ocr_carea' id='block_1_83' title="bbox 2017 2053 3581 2118">
    <p class='ocr_par' dir='ltr' id='par_1_83' title="bbox 2017 2053 3581 2118">
     <span class='ocr_line' id='line_1_83' title="bbox 2017 2053 3581 2118; baseline 0.001 -11"><span class='ocrx_word' id='word_1_613' title='bbox 2017 2067 2212 2107; x_wconf 88' lang='lat' dir='ltr'><strong>omnes</strong></span> <span class='ocrx_word' id='word_1_614' title='bbox 2242 2053 2475 2118; x_wconf 88' lang='lat' dir='ltr'><strong>animas,</strong></span> <span class='ocrx_word' id='word_1_615' title='bbox 2508 2068 2612 2107; x_wconf 90' lang='lat' dir='ltr'><strong>nec</strong></span> <span class='ocrx_word' id='word_1_616' title='bbox 2642 2053 2932 2107; x_wconf 87' lang='lat' dir='ltr'><strong>humanam</strong></span> <span class='ocrx_word' id='word_1_617' title='bbox 2963 2053 3104 2107; x_wconf 91' lang='lat' dir='ltr'><strong>inter</strong></span> <span class='ocrx_word' id='word_1_618' title='bbox 3145 2065 3199 2108; x_wconf 92' lang='lat' dir='ltr'><strong>et</strong></span> <span class='ocrx_word' id='word_1_619' title='bbox 3234 2053 3581 2110; x_wconf 88' lang='lat' dir='ltr'><strong>formicarum</strong></span> 
     </span>
    </p>
   </div>
   <div class='ocr_carea' id='block_1_84' title="bbox 2016 2146 3579 2220">
    <p class='ocr_par' dir='ltr' id='par_1_84' title="bbox 2016 2146 3579 2220">
     <span class='ocr_line' id='line_1_84' title="bbox 2016 2146 3579 2220; baseline 0.004 -22"><span class='ocrx_word' id='word_1_620' title='bbox 2016 2156 2108 2199; x_wconf 90' lang='lat' dir='ltr'><strong>aut</strong></span> <span class='ocrx_word' id='word_1_621' title='bbox 2124 2160 2280 2215; x_wconf 88' lang='lat' dir='ltr'><strong>apum</strong></span> <span class='ocrx_word' id='word_1_622' title='bbox 2300 2146 2531 2199; x_wconf 88' lang='lat' dir='ltr'><strong>animam</strong></span> <span class='ocrx_word' id='word_1_623' title='bbox 2551 2146 2713 2200; x_wconf 93' lang='lat' dir='ltr'><strong>ullum</strong></span> <span class='ocrx_word' id='word_1_624' title='bbox 2729 2162 2846 2201; x_wconf 88' lang='lat' dir='ltr'><strong>esse</strong></span> <span class='ocrx_word' id='word_1_625' title='bbox 2859 2147 3166 2204; x_wconf 90' lang='lat' dir='ltr'><strong>discrimen.</strong></span> <span class='ocrx_word' id='word_1_626' title='bbox 3186 2148 3338 2216; x_wconf 87' lang='lat' dir='ltr'><strong>Quod</strong></span> <span class='ocrx_word' id='word_1_627' title='bbox 3363 2149 3579 2220; x_wconf 89' lang='lat' dir='ltr'><strong>quidem</strong></span> 
     </span>
    </p>
   </div>
   <div class='ocr_carea' id='block_1_85' title="bbox 2017 2237 3580 2308">
    <p class='ocr_par' dir='ltr' id='par_1_85' title="bbox 2017 2237 3580 2308">
     <span class='ocr_line' id='line_1_85' title="bbox 2017 2237 3580 2308; baseline 0.005 -19"><span class='ocrx_word' id='word_1_628' title='bbox 2017 2245 2098 2289; x_wconf 90' lang='lat' dir='ltr'><strong>est</strong></span> <span class='ocrx_word' id='word_1_629' title='bbox 2128 2237 2440 2292; x_wconf 89' lang='lat' dir='ltr'><strong>deducentis</strong></span> <span class='ocrx_word' id='word_1_630' title='bbox 2467 2237 2698 2291; x_wconf 90' lang='lat' dir='ltr'><strong>animam</strong></span> <span class='ocrx_word' id='word_1_631' title='bbox 2719 2254 2746 2292; x_wconf 88' lang='lat' dir='ltr'><strong>a</strong></span> <span class='ocrx_word' id='word_1_632' title='bbox 2768 2240 2889 2293; x_wconf 87' lang='lat' dir='ltr'><strong>coeli</strong></span> <span class='ocrx_word' id='word_1_633' title='bbox 2923 2239 3166 2308; x_wconf 72' lang='lat' dir='ltr'><strong>fornice,</strong></span> <span class='ocrx_word' id='word_1_634' title='bbox 3191 2258 3295 2296; x_wconf 89' lang='lat' dir='ltr'><strong>non</strong></span> <span class='ocrx_word' id='word_1_635' title='bbox 3332 2243 3501 2296; x_wconf 87' lang='lat' dir='ltr'><strong>solum</strong></span> <span class='ocrx_word' id='word_1_636' title='bbox 3528 2245 3580 2297; x_wconf 92' lang='lat' dir='ltr'><strong>in</strong></span> 
     </span>
    </p>
   </div>
   <div class='ocr_carea' id='block_1_86' title="bbox 2015 2327 3583 2402">
    <p class='ocr_par' dir='ltr' id='par_1_86' title="bbox 2015 2327 3583 2402">
     <span class='ocr_line' id='line_1_86' title="bbox 2015 2327 3583 2402; baseline 0.004 -20"><span class='ocrx_word' id='word_1_637' title='bbox 2015 2327 2176 2400; x_wconf 80' lang='lat'><strong>566</strong></span> <span class='ocrx_word' id='word_1_638' title='bbox 2220 2330 2473 2394; x_wconf 90' lang='lat' dir='ltr'><strong>humana,</strong></span> <span class='ocrx_word' id='word_1_639' title='bbox 2531 2331 2628 2384; x_wconf 90' lang='lat' dir='ltr'><strong>sed</strong></span> <span class='ocrx_word' id='word_1_640' title='bbox 2686 2332 2852 2393; x_wconf 85' lang='lat' dir='ltr'><strong>etiam</strong></span> <span class='ocrx_word' id='word_1_641' title='bbox 2902 2333 2954 2386; x_wconf 93' lang='lat' dir='ltr'><strong>iu</strong></span> <span class='ocrx_word' id='word_1_642' title='bbox 3004 2333 3332 2402; x_wconf 88' lang='lat' dir='ltr'><strong>reliquorum</strong></span> <span class='ocrx_word' id='word_1_643' title='bbox 3373 2336 3583 2389; x_wconf 83' lang='lat' dir='ltr'><strong>anima-</strong></span> 
     </span>
    </p>
   </div>
   <div class='ocr_carea' id='block_1_87' title="bbox 2021 2421 3582 2490">
    <p class='ocr_par' dir='ltr' id='par_1_87' title="bbox 2021 2421 3582 2490">
     <span class='ocr_line' id='line_1_87' title="bbox 2021 2421 3582 2490; baseline 0.003 -16"><span class='ocrx_word' id='word_1_644' title='bbox 2021 2422 2150 2474; x_wconf 90' lang='lat' dir='ltr'><strong>lium</strong></span> <span class='ocrx_word' id='word_1_645' title='bbox 2182 2435 2432 2490; x_wconf 89' lang='lat' dir='ltr'><strong>corpora.</strong></span> <span class='ocrx_word' id='word_1_646' title='bbox 2463 2421 2519 2475; x_wconf 93' lang='lat' dir='ltr'><strong>ld</strong></span> <span class='ocrx_word' id='word_1_647' title='bbox 2547 2436 2675 2476; x_wconf 90' lang='lat' dir='ltr'><strong>vero</strong></span> <span class='ocrx_word' id='word_1_648' title='bbox 2701 2422 2995 2478; x_wconf 89' lang='lat' dir='ltr'><strong>Christiani</strong></span> <span class='ocrx_word' id='word_1_649' title='bbox 3033 2426 3178 2478; x_wconf 91' lang='lat' dir='ltr'><strong>nullo</strong></span> <span class='ocrx_word' id='word_1_650' title='bbox 3211 2426 3368 2480; x_wconf 90' lang='lat' dir='ltr'><strong>modo</strong></span> <span class='ocrx_word' id='word_1_651' title='bbox 3398 2442 3582 2481; x_wconf 80' lang='lat' dir='ltr'><strong>assen-</strong></span> 
     </span>
    </p>
   </div>
   <div class='ocr_carea' id='block_1_88' title="bbox 2023 2513 3579 2583">
    <p class='ocr_par' dir='ltr' id='par_1_88' title="bbox 2023 2513 3579 2583">
     <span class='ocr_line' id='line_1_88' title="bbox 2023 2513 3579 2583; baseline 0.002 -16"><span class='ocrx_word' id='word_1_652' title='bbox 2023 2513 2248 2569; x_wconf 91' lang='lat' dir='ltr'><strong>lientur.</strong></span> <span class='ocrx_word' id='word_1_653' title='bbox 2283 2513 2493 2583; x_wconf 83' lang='lat' dir='ltr'><strong>Quippe</strong></span> <span class='ocrx_word' id='word_1_654' title='bbox 2515 2514 2605 2580; x_wconf 92' lang='lat' dir='ltr'><strong>qui</strong></span> <span class='ocrx_word' id='word_1_655' title='bbox 2635 2515 2945 2569; x_wconf 87' lang='lat' dir='ltr'><strong>didicerunt</strong></span> <span class='ocrx_word' id='word_1_656' title='bbox 2977 2516 3208 2571; x_wconf 91' lang='lat' dir='ltr'><strong>hominis</strong></span> <span class='ocrx_word' id='word_1_657' title='bbox 3240 2519 3472 2570; x_wconf 87' lang='lat' dir='ltr'><strong>animam</strong></span> <span class='ocrx_word' id='word_1_658' title='bbox 3513 2519 3579 2570; x_wconf 87' lang='lat' dir='ltr'><strong>ad</strong></span> 
     </span>
    </p>
   </div>
   <div class='ocr_carea' id='block_1_89' title="bbox 2020 2606 3580 2679">
    <p class='ocr_par' dir='ltr' id='par_1_89' title="bbox 2020 2606 3580 2679">
     <span class='ocr_line' id='line_1_89' title="bbox 2020 2606 3580 2679; baseline 0.001 -18"><span class='ocrx_word' id='word_1_659' title='bbox 2020 2607 2314 2676; x_wconf 84' lang='lat' dir='ltr'><strong>imaginem</strong></span> <span class='ocrx_word' id='word_1_660' title='bbox 2344 2607 2436 2658; x_wconf 90' lang='lat' dir='ltr'><strong>Dei</strong></span> <span class='ocrx_word' id='word_1_661' title='bbox 2463 2606 2660 2660; x_wconf 86' lang='lat' dir='ltr'><strong>factam</strong></span> <span class='ocrx_word' id='word_1_662' title='bbox 2691 2620 2835 2672; x_wconf 90' lang='lat' dir='ltr'><strong>esse,</strong></span> <span class='ocrx_word' id='word_1_663' title='bbox 2871 2615 2924 2661; x_wconf 91' lang='lat' dir='ltr'><strong>et</strong></span> <span class='ocrx_word' id='word_1_664' title='bbox 2948 2608 3124 2662; x_wconf 91' lang='lat' dir='ltr'><strong>sciunt</strong></span> <span class='ocrx_word' id='word_1_665' title='bbox 3153 2625 3255 2662; x_wconf 88' lang='lat' dir='ltr'><strong>non</strong></span> <span class='ocrx_word' id='word_1_666' title='bbox 3285 2625 3442 2679; x_wconf 87' lang='lat' dir='ltr'><strong>posse</strong></span> <span class='ocrx_word' id='word_1_667' title='bbox 3465 2609 3580 2662; x_wconf 89' lang='lat' dir='ltr'><strong>fieri</strong></span> 
     </span>
    </p>
   </div>
   <div class='ocr_carea' id='block_1_90' title="bbox 2018 2699 3577 2771">
    <p class='ocr_par' dir='ltr' id='par_1_90' title="bbox 2018 2699 3577 2771">
     <span class='ocr_line' id='line_1_90' title="bbox 2018 2699 3577 2771; baseline 0.001 -16"><span class='ocrx_word' id='word_1_668' title='bbox 2018 2711 2077 2756; x_wconf 93' lang='lat' dir='ltr'><strong>ut</strong></span> <span class='ocrx_word' id='word_1_669' title='bbox 2102 2713 2292 2755; x_wconf 84' lang='lat' dir='ltr'><strong>natura</strong></span> <span class='ocrx_word' id='word_1_670' title='bbox 2328 2701 2394 2755; x_wconf 89' lang='lat' dir='ltr'><strong>ad</strong></span> <span class='ocrx_word' id='word_1_671' title='bbox 2431 2701 2721 2771; x_wconf 82' lang='lat' dir='ltr'><strong>imaginem</strong></span> <span class='ocrx_word' id='word_1_672' title='bbox 2756 2699 2852 2755; x_wconf 89' lang='lat' dir='ltr'><strong>Dei</strong></span> <span class='ocrx_word' id='word_1_673' title='bbox 2882 2701 3122 2765; x_wconf 90' lang='lat' dir='ltr'><strong>condita,</strong></span> <span class='ocrx_word' id='word_1_674' title='bbox 3145 2701 3336 2755; x_wconf 87' lang='lat' dir='ltr'><strong>deletis</strong></span> <span class='ocrx_word' id='word_1_675' title='bbox 3355 2702 3577 2756; x_wconf 90' lang='lat' dir='ltr'><strong>omnino</strong></span> 
     </span>
    </p>
   </div>
   <div class='ocr_carea' id='block_1_91' title="bbox 2017 2792 3578 2861">
    <p class='ocr_par' dir='ltr' id='par_1_91' title="bbox 2017 2792 3578 2861">
     <span class='ocr_line' id='line_1_91' title="bbox 2017 2792 3578 2861; baseline 0.004 -17"><span class='ocrx_word' id='word_1_676' title='bbox 2017 2792 2134 2861; x_wconf 83' lang='lat' dir='ltr'><strong>ejus</strong></span> <span class='ocrx_word' id='word_1_677' title='bbox 2172 2792 2534 2858; x_wconf 90' lang='lat' dir='ltr'><strong>lineamentis,</strong></span> <span class='ocrx_word' id='word_1_678' title='bbox 2572 2793 2677 2846; x_wconf 80' lang='lat' dir='ltr'><strong>alia</strong></span> <span class='ocrx_word' id='word_1_679' title='bbox 2723 2793 2915 2847; x_wconf 90' lang='lat' dir='ltr'><strong>induat</strong></span> <span class='ocrx_word' id='word_1_680' title='bbox 2964 2795 3015 2847; x_wconf 94' lang='lat' dir='ltr'><strong>in</strong></span> <span class='ocrx_word' id='word_1_681' title='bbox 3049 2793 3236 2850; x_wconf 88' lang='lat' dir='ltr'><strong>bestiis</strong></span> <span class='ocrx_word' id='word_1_682' title='bbox 3276 2796 3343 2849; x_wconf 90' lang='lat' dir='ltr'><strong>ad</strong></span> <span class='ocrx_word' id='word_1_683' title='bbox 3391 2796 3578 2850; x_wconf 88' lang='lat' dir='ltr'><strong>nescio</strong></span> 
     </span>
    </p>
   </div>
   <div class='ocr_carea' id='block_1_92' title="bbox 2017 2883 2726 2956">
    <p class='ocr_par' dir='ltr' id='par_1_92' title="bbox 2017 2883 2726 2956">
     <span class='ocr_line' id='line_1_92' title="bbox 2017 2883 2726 2956; baseline 0.003 -18"><span class='ocrx_word' id='word_1_684' title='bbox 2017 2898 2245 2954; x_wconf 90' lang='lat' dir='ltr'><strong>quorum</strong></span> <span class='ocrx_word' id='word_1_685' title='bbox 2276 2884 2536 2956; x_wconf 83' lang='lat' dir='ltr'><strong>imagines</strong></span> <span class='ocrx_word' id='word_1_686' title='bbox 2562 2883 2726 2940; x_wconf 86' lang='lat' dir='ltr'><strong>facta.</strong></span> 
     </span>
    </p>
   </div>
   <div class='ocr_carea' id='block_1_93' title="bbox 2089 3060 3580 3129">
    <p class='ocr_par' dir='ltr' id='par_1_93' title="bbox 2089 3060 3580 3129">
     <span class='ocr_line' id='line_1_93' title="bbox 2089 3060 3580 3129; baseline -0.002 -13"><span class='ocrx_word' id='word_1_687' title='bbox 2089 3061 2178 3116; x_wconf 67' lang='grc'><strong>84.</strong></span> <span class='ocrx_word' id='word_1_688' title='bbox 2207 3060 2295 3114; x_wconf 85' lang='lat' dir='ltr'><strong>Ait</strong></span> <span class='ocrx_word' id='word_1_689' title='bbox 2327 3069 2589 3128; x_wconf 68' lang='lat' dir='ltr'><strong>prieterea</strong></span> <span class='ocrx_word' id='word_1_690' title='bbox 2630 3078 2648 3110; x_wconf 87' lang='grc'><strong><em>‹</em></strong></span> <span class='ocrx_word' id='word_1_691' title='bbox 2693 3061 2923 3114; x_wconf 88' lang='lat' dir='ltr'><strong>mortuis</strong></span> <span class='ocrx_word' id='word_1_692' title='bbox 2961 3060 3202 3114; x_wconf 80' lang='lat' dir='ltr'><strong>formicis</strong></span> <span class='ocrx_word' id='word_1_693' title='bbox 3236 3060 3385 3113; x_wconf 85' lang='lat' dir='ltr'><strong>vivas</strong></span> <span class='ocrx_word' id='word_1_694' title='bbox 3415 3074 3580 3129; x_wconf 85' lang='lat' dir='ltr'><strong>pecu-</strong></span> 
     </span>
    </p>
   </div>
   <div class='ocr_carea' id='block_1_94' title="bbox 1943 3141 3580 3219">
    <p class='ocr_par' dir='ltr' id='par_1_94' title="bbox 1943 3141 3580 3219">
     <span class='ocr_line' id='line_1_94' title="bbox 1943 3141 3580 3219; baseline 0.001 -18"><span class='ocrx_word' id='word_1_695' title='bbox 1943 3141 1986 3201; x_wconf 89' lang='lat' dir='ltr'><strong>C</strong></span> <span class='ocrx_word' id='word_1_696' title='bbox 2020 3149 2208 3203; x_wconf 86' lang='lat' dir='ltr'><strong>liarem</strong></span> <span class='ocrx_word' id='word_1_697' title='bbox 2242 3150 2528 3219; x_wconf 89' lang='lat' dir='ltr'><strong>quemdam</strong></span> <span class='ocrx_word' id='word_1_698' title='bbox 2567 3149 2744 3200; x_wconf 90' lang='lat' dir='ltr'><strong>locum</strong></span> <span class='ocrx_word' id='word_1_699' title='bbox 2777 3163 3083 3211; x_wconf 81' lang='lat' dir='ltr'><strong>secernere,</strong></span> <span class='ocrx_word' id='word_1_700' title='bbox 3118 3148 3376 3217; x_wconf 89' lang='lat' dir='ltr'><strong>illumque</strong></span> <span class='ocrx_word' id='word_1_701' title='bbox 3405 3151 3472 3202; x_wconf 89' lang='lat' dir='ltr'><strong>ab</strong></span> <span class='ocrx_word' id='word_1_702' title='bbox 3499 3151 3580 3203; x_wconf 84' lang='lat' dir='ltr'><strong>eis</strong></span> 
     </span>
    </p>
   </div>
   <div class='ocr_carea' id='block_1_95' title="bbox 2015 3240 3580 3310">
    <p class='ocr_par' dir='ltr' id='par_1_95' title="bbox 2015 3240 3580 3310">
     <span class='ocr_line' id='line_1_95' title="bbox 2015 3240 3580 3310; baseline 0.001 -15"><span class='ocrx_word' id='word_1_703' title='bbox 2015 3257 2113 3310; x_wconf 92' lang='lat' dir='ltr'><strong>pro</strong></span> <span class='ocrx_word' id='word_1_704' title='bbox 2140 3241 2510 3295; x_wconf 86' lang='lat' dir='ltr'><strong>monumentis</strong></span> <span class='ocrx_word' id='word_1_705' title='bbox 2541 3241 2732 3310; x_wconf 81' lang='lat' dir='ltr'><strong>patriis</strong></span> <span class='ocrx_word' id='word_1_706' title='bbox 2760 3240 2966 3294; x_wconf 86' lang='lat' dir='ltr'><strong>haberi.</strong></span> <span class='ocrx_word' id='word_1_707' title='bbox 3003 3259 3021 3293; x_wconf 74' lang='grc' dir='ltr'><strong>ι</strong></span> <span class='ocrx_word' id='word_1_708' title='bbox 3056 3241 3160 3294; x_wconf 91' lang='lat' dir='ltr'><strong>Sed</strong></span> <span class='ocrx_word' id='word_1_709' title='bbox 3184 3254 3386 3310; x_wconf 90' lang='lat' dir='ltr'><strong>quanto</strong></span> <span class='ocrx_word' id='word_1_710' title='bbox 3413 3243 3580 3310; x_wconf 90' lang='lat' dir='ltr'><strong>pluri-</strong></span> 
     </span>
    </p>
   </div>
   <div class='ocr_carea' id='block_1_96' title="bbox 2012 3332 3575 3403">
    <p class='ocr_par' dir='ltr' id='par_1_96' title="bbox 2012 3332 3575 3403">
     <span class='ocr_line' id='line_1_96' title="bbox 2012 3332 3575 3403; baseline 0.001 -16"><span class='ocrx_word' id='word_1_711' title='bbox 2012 3334 2110 3387; x_wconf 89' lang='lat' dir='ltr'><strong>bus</strong></span> <span class='ocrx_word' id='word_1_712' title='bbox 2146 3335 2332 3388; x_wconf 87' lang='lat' dir='ltr'><strong>brutas</strong></span> <span class='ocrx_word' id='word_1_713' title='bbox 2359 3333 2664 3387; x_wconf 88' lang='lat' dir='ltr'><strong>animantes</strong></span> <span class='ocrx_word' id='word_1_714' title='bbox 2700 3334 2950 3387; x_wconf 90' lang='lat' dir='ltr'><strong>laudibus</strong></span> <span class='ocrx_word' id='word_1_715' title='bbox 2991 3332 3168 3399; x_wconf 70' lang='lat' dir='ltr'><strong>effert,</strong></span> <span class='ocrx_word' id='word_1_716' title='bbox 3199 3345 3351 3388; x_wconf 88' lang='lat' dir='ltr'><strong>tanto</strong></span> <span class='ocrx_word' id='word_1_717' title='bbox 3377 3337 3575 3403; x_wconf 85' lang='lat' dir='ltr'><strong>magis,</strong></span> 
     </span>
    </p>
   </div>
   <div class='ocr_carea' id='block_1_97' title="bbox 2015 3425 3578 3494">
    <p class='ocr_par' dir='ltr' id='par_1_97' title="bbox 2015 3425 3578 3494">
     <span class='ocr_line' id='line_1_97' title="bbox 2015 3425 3578 3494; baseline 0.001 -16"><span class='ocrx_word' id='word_1_718' title='bbox 2015 3426 2146 3480; x_wconf 83' lang='lat' dir='ltr'><strong>velit</strong></span> <span class='ocrx_word' id='word_1_719' title='bbox 2185 3426 2337 3490; x_wconf 90' lang='lat' dir='ltr'><strong>nolit,</strong></span> <span class='ocrx_word' id='word_1_720' title='bbox 2389 3426 2570 3489; x_wconf 77' lang='lat' dir='ltr'><strong>Verbi,</strong></span> <span class='ocrx_word' id='word_1_721' title='bbox 2615 3425 2756 3493; x_wconf 93' lang='lat' dir='ltr'><strong>quod</strong></span> <span class='ocrx_word' id='word_1_722' title='bbox 2805 3426 2988 3479; x_wconf 87' lang='lat' dir='ltr'><strong>omnia</strong></span> <span class='ocrx_word' id='word_1_723' title='bbox 3047 3425 3334 3494; x_wconf 87' lang='lat' dir='ltr'><strong>disposuit,</strong></span> <span class='ocrx_word' id='word_1_724' title='bbox 3367 3426 3578 3480; x_wconf 85' lang='lat' dir='ltr'><strong>extollit</strong></span> 
     </span>
    </p>
   </div>
   <div class='ocr_carea' id='block_1_98' title="bbox 2013 3516 3577 3587">
    <p class='ocr_par' dir='ltr' id='par_1_98' title="bbox 2013 3516 3577 3587">
     <span class='ocr_line' id='line_1_98' title="bbox 2013 3516 3577 3587; baseline -0.001 -15"><span class='ocrx_word' id='word_1_725' title='bbox 2013 3533 2186 3587; x_wconf 87' lang='lat' dir='ltr'><strong>opus;</strong></span> <span class='ocrx_word' id='word_1_726' title='bbox 2247 3527 2301 3571; x_wconf 92' lang='lat' dir='ltr'><strong>et</strong></span> <span class='ocrx_word' id='word_1_727' title='bbox 2353 3518 2633 3570; x_wconf 91' lang='lat' dir='ltr'><strong>hominum</strong></span> <span class='ocrx_word' id='word_1_728' title='bbox 2683 3517 3020 3570; x_wconf 83' lang='lat' dir='ltr'><strong>demonstrat</strong></span> <span class='ocrx_word' id='word_1_729' title='bbox 3059 3516 3404 3580; x_wconf 87' lang='lat' dir='ltr'><strong>industriam,</strong></span> <span class='ocrx_word' id='word_1_730' title='bbox 3456 3532 3577 3585; x_wconf 64' lang='lat' dir='ltr'><strong>qum</strong></span> 
     </span>
    </p>
   </div>
   <div class='ocr_carea' id='block_1_99' title="bbox 2015 3610 3579 3664">
    <p class='ocr_par' dir='ltr' id='par_1_99' title="bbox 2015 3610 3579 3664">
     <span class='ocr_line' id='line_1_99' title="bbox 2015 3610 3579 3664; baseline 0.001 -1"><span class='ocrx_word' id='word_1_731' title='bbox 2015 3611 2156 3664; x_wconf 78' lang='lat' dir='ltr'><strong>dona</strong></span> <span class='ocrx_word' id='word_1_732' title='bbox 2194 3612 2370 3664; x_wconf 87' lang='lat' dir='ltr'><strong>brutis</strong></span> <span class='ocrx_word' id='word_1_733' title='bbox 2407 3610 2774 3663; x_wconf 85' lang='lat' dir='ltr'><strong>animantibus</strong></span> <span class='ocrx_word' id='word_1_734' title='bbox 2800 3625 2827 3661; x_wconf 87' lang='lat' dir='ltr'><strong>a</strong></span> <span class='ocrx_word' id='word_1_735' title='bbox 2854 3621 3046 3662; x_wconf 81' lang='lat' dir='ltr'><strong>natura</strong></span> <span class='ocrx_word' id='word_1_736' title='bbox 3083 3610 3276 3663; x_wconf 90' lang='lat' dir='ltr'><strong>collata</strong></span> <span class='ocrx_word' id='word_1_737' title='bbox 3313 3623 3579 3664; x_wconf 76' lang='lat' dir='ltr'><strong>exornare</strong></span> 
     </span>
    </p>
   </div>
   <div class='ocr_carea' id='block_1_100' title="bbox 2013 3700 3572 3770">
    <p class='ocr_par' dir='ltr' id='par_1_100' title="bbox 2013 3700 3572 3770">
     <span class='ocr_line' id='line_1_100' title="bbox 2013 3700 3572 3770; baseline -0.001 -14"><span class='ocrx_word' id='word_1_738' title='bbox 2013 3703 2264 3770; x_wconf 82' lang='lat' dir='ltr'><strong>potuerit.</strong></span> <span class='ocrx_word' id='word_1_739' title='bbox 2329 3701 2470 3766; x_wconf 86' lang='lat' dir='ltr'><strong>Quid</strong></span> <span class='ocrx_word' id='word_1_740' title='bbox 2528 3704 2648 3755; x_wconf 80' lang='lat' dir='ltr'><strong>dico</strong></span> <span class='ocrx_word' id='word_1_741' title='bbox 2699 3712 2879 3755; x_wconf 89' lang='lat' dir='ltr'><strong>autem</strong></span> <span class='ocrx_word' id='word_1_742' title='bbox 2935 3700 3110 3754; x_wconf 87' lang='lat' dir='ltr'><strong>brutis</strong></span> <span class='ocrx_word' id='word_1_743' title='bbox 3169 3701 3572 3765; x_wconf 85' lang='lat' dir='ltr'><strong>animantibus,</strong></span> 
     </span>
    </p>
   </div>
   <div class='ocr_carea' id='block_1_101' title="bbox 2012 3791 3575 3861">
    <p class='ocr_par' dir='ltr' id='par_1_101' title="bbox 2012 3791 3575 3861">
     <span class='ocr_line' id='line_1_101' title="bbox 2012 3791 3575 3861; baseline 0 -15"><span class='ocrx_word' id='word_1_744' title='bbox 2012 3791 2445 3860; x_wconf 85' lang='lat' dir='ltr'><strong>quandoquidem</strong></span> <span class='ocrx_word' id='word_1_745' title='bbox 2475 3792 2645 3846; x_wconf 76' lang='lat' dir='ltr'><strong>brutae</strong></span> <span class='ocrx_word' id='word_1_746' title='bbox 2679 3807 2784 3845; x_wconf 91' lang='lat' dir='ltr'><strong>non</strong></span> <span class='ocrx_word' id='word_1_747' title='bbox 2832 3801 2978 3856; x_wconf 88' lang='lat' dir='ltr'><strong>sunt,</strong></span> <span class='ocrx_word' id='word_1_748' title='bbox 3009 3791 3146 3846; x_wconf 87' lang='lat' dir='ltr'><strong>Celsi</strong></span> <span class='ocrx_word' id='word_1_749' title='bbox 3183 3792 3411 3861; x_wconf 85' lang='lat' dir='ltr'><strong>judicio,</strong></span> <span class='ocrx_word' id='word_1_750' title='bbox 3455 3807 3575 3860; x_wconf 71' lang='lat' dir='ltr'><strong>quae</strong></span> 
     </span>
    </p>
   </div>
   <div class='ocr_carea' id='block_1_102' title="bbox 2012 3881 3575 3938">
    <p class='ocr_par' dir='ltr' id='par_1_102' title="bbox 2012 3881 3575 3938">
     <span class='ocr_line' id='line_1_102' title="bbox 2012 3881 3575 3938; baseline 0.003 -4"><span class='ocrx_word' id='word_1_751' title='bbox 2012 3897 2116 3934; x_wconf 88' lang='lat' dir='ltr'><strong>una</strong></span> <span class='ocrx_word' id='word_1_752' title='bbox 2143 3884 2383 3936; x_wconf 92' lang='lat' dir='ltr'><strong>omnium</strong></span> <span class='ocrx_word' id='word_1_753' title='bbox 2417 3897 2548 3935; x_wconf 89' lang='lat' dir='ltr'><strong>voce</strong></span> <span class='ocrx_word' id='word_1_754' title='bbox 2588 3881 2760 3936; x_wconf 78' lang='lat' dir='ltr'><strong>bruta:</strong></span> <span class='ocrx_word' id='word_1_755' title='bbox 2795 3884 3102 3936; x_wconf 87' lang='lat' dir='ltr'><strong>vocantur?</strong></span> <span class='ocrx_word' id='word_1_756' title='bbox 3142 3883 3274 3937; x_wconf 84' lang='lat' dir='ltr'><strong>Nam</strong></span> <span class='ocrx_word' id='word_1_757' title='bbox 3320 3882 3575 3938; x_wconf 84' lang='lat' dir='ltr'><strong>formicas</strong></span> 
     </span>
    </p>
   </div>
   <div class='ocr_carea' id='block_1_103' title="bbox 2012 3974 3570 4044">
    <p class='ocr_par' dir='ltr' id='par_1_103' title="bbox 2012 3974 3570 4044">
     <span class='ocr_line' id='line_1_103' title="bbox 2012 3974 3570 4044; baseline 0.001 -17"><span class='ocrx_word' id='word_1_758' title='bbox 2012 3974 2222 4028; x_wconf 86' lang='lat' dir='ltr'><strong>ratione</strong></span> <span class='ocrx_word' id='word_1_759' title='bbox 2257 3988 2380 4028; x_wconf 89' lang='lat' dir='ltr'><strong>esse</strong></span> <span class='ocrx_word' id='word_1_760' title='bbox 2409 3974 2654 4043; x_wconf 86' lang='lat' dir='ltr'><strong>privatas</strong></span> <span class='ocrx_word' id='word_1_761' title='bbox 2683 3991 2788 4028; x_wconf 92' lang='lat' dir='ltr'><strong>non</strong></span> <span class='ocrx_word' id='word_1_762' title='bbox 2809 3974 3020 4044; x_wconf 86' lang='lat' dir='ltr'><strong>judicat</strong></span> <span class='ocrx_word' id='word_1_763' title='bbox 3065 3975 3176 4040; x_wconf 92' lang='lat' dir='ltr'><strong>ille,</strong></span> <span class='ocrx_word' id='word_1_764' title='bbox 3222 3977 3311 4044; x_wconf 92' lang='lat' dir='ltr'><strong>qui</strong></span> <span class='ocrx_word' id='word_1_765' title='bbox 3343 3977 3407 4029; x_wconf 93' lang='lat' dir='ltr'><strong>de</strong></span> <span class='ocrx_word' id='word_1_766' title='bbox 3447 3975 3570 4029; x_wconf 76' lang='lat' dir='ltr'><strong>uni-</strong></span> 
     </span>
    </p>
   </div>
   <div class='ocr_carea' id='block_1_104' title="bbox 2009 4066 3572 4136">
    <p class='ocr_par' dir='ltr' id='par_1_104' title="bbox 2009 4066 3572 4136">
     <span class='ocr_line' id='line_1_104' title="bbox 2009 4066 3572 4136; baseline 0.001 -18"><span class='ocrx_word' id='word_1_767' title='bbox 2009 4081 2162 4120; x_wconf 77' lang='lat' dir='ltr'><strong>versa</strong></span> <span class='ocrx_word' id='word_1_768' title='bbox 2195 4075 2386 4119; x_wconf 84' lang='lat' dir='ltr'><strong>natura</strong></span> <span class='ocrx_word' id='word_1_769' title='bbox 2420 4068 2600 4122; x_wconf 88' lang='lat' dir='ltr'><strong>dicere</strong></span> <span class='ocrx_word' id='word_1_770' title='bbox 2644 4067 2914 4136; x_wconf 89' lang='lat' dir='ltr'><strong>pollicitus</strong></span> <span class='ocrx_word' id='word_1_771' title='bbox 2951 4077 3053 4133; x_wconf 88' lang='lat' dir='ltr'><strong>cst,</strong></span> <span class='ocrx_word' id='word_1_772' title='bbox 3085 4069 3285 4136; x_wconf 89' lang='lat' dir='ltr'><strong>quique</strong></span> <span class='ocrx_word' id='word_1_773' title='bbox 3335 4067 3416 4120; x_wconf 89' lang='lat' dir='ltr'><strong>vel</strong></span> <span class='ocrx_word' id='word_1_774' title='bbox 3455 4066 3572 4122; x_wconf 71' lang='lat' dir='ltr'><strong>stlo</strong></span> 
     </span>
    </p>
   </div>
   <div class='ocr_carea' id='block_1_105' title="bbox 2009 4155 3570 4227">
    <p class='ocr_par' dir='ltr' id='par_1_105' title="bbox 2009 4155 3570 4227">
     <span class='ocr_line' id='line_1_105' title="bbox 2009 4155 3570 4227; baseline 0 -20"><span class='ocrx_word' id='word_1_775' title='bbox 2009 4155 2132 4210; x_wconf 92' lang='lat' dir='ltr'><strong>libri</strong></span> <span class='ocrx_word' id='word_1_776' title='bbox 2169 4155 2324 4210; x_wconf 91' lang='lat' dir='ltr'><strong>titulo</strong></span> <span class='ocrx_word' id='word_1_777' title='bbox 2369 4157 2658 4210; x_wconf 90' lang='lat' dir='ltr'><strong>veritatem</strong></span> <span class='ocrx_word' id='word_1_778' title='bbox 2703 4157 3007 4227; x_wconf 87' lang='lat' dir='ltr'><strong>jactitabat.</strong></span> <span class='ocrx_word' id='word_1_779' title='bbox 3059 4156 3151 4208; x_wconf 87' lang='lat' dir='ltr'><strong>Sic</strong></span> <span class='ocrx_word' id='word_1_780' title='bbox 3193 4156 3335 4209; x_wconf 89' lang='lat' dir='ltr'><strong>enim</strong></span> <span class='ocrx_word' id='word_1_781' title='bbox 3375 4155 3463 4208; x_wconf 88' lang='lat' dir='ltr'><strong>ille</strong></span> <span class='ocrx_word' id='word_1_782' title='bbox 3505 4155 3570 4207; x_wconf 92' lang='lat' dir='ltr'><strong>de</strong></span> 
     </span>
    </p>
   </div>
   <div class='ocr_carea' id='block_1_106' title="bbox 2009 4243 3567 4312">
    <p class='ocr_par' dir='ltr' id='par_1_106' title="bbox 2009 4243 3567 4312">
     <span class='ocr_line' id='line_1_106' title="bbox 2009 4243 3567 4312; baseline 0 -16"><span class='ocrx_word' id='word_1_783' title='bbox 2009 4243 2251 4297; x_wconf 79' lang='lat' dir='ltr'><strong>formicis</strong></span> <span class='ocrx_word' id='word_1_784' title='bbox 2273 4244 2536 4312; x_wconf 89' lang='lat' dir='ltr'><strong>loquitur,</strong></span> <span class='ocrx_word' id='word_1_785' title='bbox 2564 4259 2627 4298; x_wconf 89' lang='lat' dir='ltr'><strong>ac</strong></span> <span class='ocrx_word' id='word_1_786' title='bbox 2650 4245 2694 4298; x_wconf 88' lang='lat' dir='ltr'><strong>si</strong></span> <span class='ocrx_word' id='word_1_787' title='bbox 2728 4246 2869 4298; x_wconf 79' lang='lat' dir='ltr'><strong>inter</strong></span> <span class='ocrx_word' id='word_1_788' title='bbox 2894 4259 2954 4297; x_wconf 86' lang='lat' dir='ltr'><strong>se</strong></span> <span class='ocrx_word' id='word_1_789' title='bbox 2976 4244 3242 4312; x_wconf 90' lang='lat' dir='ltr'><strong>colloquia</strong></span> <span class='ocrx_word' id='word_1_790' title='bbox 3272 4244 3567 4297; x_wconf 85' lang='lat' dir='ltr'><strong>haberent:</strong></span> 
     </span>
    </p>
   </div>
   <div class='ocr_carea' id='block_1_107' title="bbox 2015 4336 3568 4406">
    <p class='ocr_par' dir='ltr' id='par_1_107' title="bbox 2015 4336 3568 4406">
     <span class='ocr_line' id='line_1_107' title="bbox 2015 4336 3568 4406; baseline 0.001 -19"><span class='ocrx_word' id='word_1_791' title='bbox 2015 4355 2033 4387; x_wconf 75' lang='grc' dir='ltr'><strong>ι</strong></span> <span class='ocrx_word' id='word_1_792' title='bbox 2086 4336 2218 4392; x_wconf 88' lang='lat' dir='ltr'><strong>Cum</strong></span> <span class='ocrx_word' id='word_1_793' title='bbox 2270 4337 2468 4404; x_wconf 87' lang='lat' dir='ltr'><strong>obviis,</strong></span> <span class='ocrx_word' id='word_1_794' title='bbox 2524 4337 2720 4406; x_wconf 88' lang='lat' dir='ltr'><strong>inquit,</strong></span> <span class='ocrx_word' id='word_1_795' title='bbox 2764 4337 3188 4406; x_wconf 88' lang='lat' dir='ltr'><strong>colloquuntur:</strong></span> <span class='ocrx_word' id='word_1_796' title='bbox 3237 4339 3376 4391; x_wconf 91' lang='lat' dir='ltr'><strong>unde</strong></span> <span class='ocrx_word' id='word_1_797' title='bbox 3427 4353 3568 4390; x_wconf 92' lang='lat' dir='ltr'><strong>nun-</strong></span> 
     </span>
    </p>
   </div>
   <div class='ocr_carea' id='block_1_108' title="bbox 2083 4572 3464 4642">
    <p class='ocr_par' dir='ltr' id='par_1_108' title="bbox 2083 4572 3464 4642">
     <span class='ocr_line' id='line_1_108' title="bbox 2083 4572 3464 4642; baseline 0.001 -17"><span class='ocrx_word' id='word_1_798' title='bbox 2083 4572 2130 4625; x_wconf 85' lang='grc' dir='ltr'><em>Η</em></span> <span class='ocrx_word' id='word_1_799' title='bbox 2141 4589 2201 4626; x_wconf 87' lang='lat' dir='ltr'><strong>uc</strong></span> <span class='ocrx_word' id='word_1_800' title='bbox 2229 4573 2384 4635; x_wconf 78' lang='lat' dir='ltr'><strong>venit,</strong></span> <span class='ocrx_word' id='word_1_801' title='bbox 2405 4573 2525 4625; x_wconf 82' lang='lat' dir='ltr'><strong>hinc</strong></span> <span class='ocrx_word' id='word_1_802' title='bbox 2550 4572 2696 4638; x_wconf 79' lang='lat' dir='ltr'><strong>illuc,</strong></span> <span class='ocrx_word' id='word_1_803' title='bbox 2723 4583 2768 4626; x_wconf 83' lang='lat' dir='ltr'><strong>et</strong></span> <span class='ocrx_word' id='word_1_804' title='bbox 2788 4574 3039 4642; x_wconf 82' lang='lat' dir='ltr'><strong>quoslibet</strong></span> <span class='ocrx_word' id='word_1_805' title='bbox 3066 4582 3283 4640; x_wconf 83' lang='lat' dir='ltr'><strong>occupat</strong></span> <span class='ocrx_word' id='word_1_806' title='bbox 3314 4581 3464 4627; x_wconf 77' lang='lat' dir='ltr'><strong>artus</strong></span> 
     </span>
    </p>
   </div>
   <div class='ocr_carea' id='block_1_109' title="bbox 2082 4642 3496 4712">
    <p class='ocr_par' dir='ltr' id='par_1_109' title="bbox 2082 4642 3496 4712">
     <span class='ocr_line' id='line_1_109' title="bbox 2082 4642 3496 4712; baseline 0.001 -17"><span class='ocrx_word' id='word_1_807' title='bbox 2082 4642 2313 4712; x_wconf 76' lang='lat' dir='ltr'><strong>Spiritus</strong></span> <span class='ocrx_word' id='word_1_808' title='bbox 2343 4659 2360 4696; x_wconf 91' lang='lat'><strong><em>:</em></strong></span> <span class='ocrx_word' id='word_1_809' title='bbox 2394 4660 2518 4711; x_wconf 85' lang='lat' dir='ltr'><strong>eque</strong></span> <span class='ocrx_word' id='word_1_810' title='bbox 2544 4644 2666 4712; x_wconf 81' lang='lat' dir='ltr'><strong>[eris</strong></span> <span class='ocrx_word' id='word_1_811' title='bbox 2699 4644 2926 4696; x_wconf 82' lang='lat' dir='ltr'><strong>humana</strong></span> <span class='ocrx_word' id='word_1_812' title='bbox 2956 4647 3008 4695; x_wconf 82' lang='lat' dir='ltr'><strong>in</strong></span> <span class='ocrx_word' id='word_1_813' title='bbox 3040 4659 3258 4709; x_wconf 84' lang='lat' dir='ltr'><strong>corpora</strong></span> <span class='ocrx_word' id='word_1_814' title='bbox 3289 4645 3496 4708; x_wconf 75' lang='lat' dir='ltr'><strong>transit,</strong></span> 
     </span>
    </p>
   </div>
   <div class='ocr_carea' id='block_1_110' title="bbox 2080 4711 3390 4781">
    <p class='ocr_par' dir='ltr' id='par_1_110' title="bbox 2080 4711 3390 4781">
     <span class='ocr_line' id='line_1_110' title="bbox 2080 4711 3390 4781; baseline 0.002 -17"><span class='ocrx_word' id='word_1_815' title='bbox 2080 4711 2246 4781; x_wconf 86' lang='lat' dir='ltr'><strong>Inque</strong></span> <span class='ocrx_word' id='word_1_816' title='bbox 2272 4715 2410 4780; x_wconf 82' lang='lat' dir='ltr'><strong>[eras</strong></span> <span class='ocrx_word' id='word_1_817' title='bbox 2435 4711 2624 4778; x_wconf 80' lang='lat' dir='ltr'><strong>noster,</strong></span> <span class='ocrx_word' id='word_1_818' title='bbox 2668 4731 2758 4766; x_wconf 86' lang='lat' dir='ltr'><strong>nec</strong></span> <span class='ocrx_word' id='word_1_819' title='bbox 2785 4725 3008 4778; x_wconf 85' lang='lat' dir='ltr'><strong>tempore</strong></span> <span class='ocrx_word' id='word_1_820' title='bbox 3031 4714 3228 4780; x_wconf 79' lang='lat' dir='ltr'><strong>deperit</strong></span> <span class='ocrx_word' id='word_1_821' title='bbox 3263 4715 3390 4767; x_wconf 85' lang='lat' dir='ltr'><strong>ulla.</strong></span> 
     </span>
    </p>
   </div>
   <div class='ocr_carea' id='block_1_111' title="bbox 2015 4783 3565 4848">
    <p class='ocr_par' dir='ltr' id='par_1_111' title="bbox 2015 4783 3565 4848">
     <span class='ocr_line' id='line_1_111' title="bbox 2015 4783 3565 4848; baseline 0.001 -13"><span class='ocrx_word' id='word_1_822' title='bbox 2015 4783 2072 4836; x_wconf 93' lang='lat' dir='ltr'><strong>In</strong></span> <span class='ocrx_word' id='word_1_823' title='bbox 2107 4787 2292 4835; x_wconf 85' lang='lat' dir='ltr'><strong>eodem</strong></span> <span class='ocrx_word' id='word_1_824' title='bbox 2328 4785 2488 4835; x_wconf 85' lang='lat' dir='ltr'><strong>etiam</strong></span> <span class='ocrx_word' id='word_1_825' title='bbox 2535 4793 2745 4836; x_wconf 89' lang='lat' dir='ltr'><strong>cratere</strong></span> <span class='ocrx_word' id='word_1_826' title='bbox 2792 4798 3003 4837; x_wconf 89' lang='lat' dir='ltr'><strong>omnem</strong></span> <span class='ocrx_word' id='word_1_827' title='bbox 3035 4785 3269 4835; x_wconf 86' lang='lat' dir='ltr'><strong>animam</strong></span> <span class='ocrx_word' id='word_1_828' title='bbox 3329 4783 3565 4848; x_wconf 75' lang='lat' dir='ltr'><strong>uisceri,</strong></span> 
     </span>
    </p>
   </div>
   <div class='ocr_carea' id='block_1_112' title="bbox 2015 4850 3564 4921">
    <p class='ocr_par' dir='ltr' id='par_1_112' title="bbox 2015 4850 3564 4921">
     <span class='ocr_line' id='line_1_112' title="bbox 2015 4850 3564 4921; baseline 0.001 -15"><span class='ocrx_word' id='word_1_829' title='bbox 2015 4852 2407 4921; x_wconf 88' lang='lat' dir='ltr'><strong>temperarique</strong></span> <span class='ocrx_word' id='word_1_830' title='bbox 2427 4853 2608 4906; x_wconf 85' lang='lat' dir='ltr'><strong>tradit.</strong></span> <span class='ocrx_word' id='word_1_831' title='bbox 2632 4854 2762 4908; x_wconf 84' lang='lat' dir='ltr'><strong>Vide</strong></span> <span class='ocrx_word' id='word_1_832' title='bbox 2788 4853 2878 4908; x_wconf 91' lang='lat' dir='ltr'><strong>lib.</strong></span> <span class='ocrx_word' id='word_1_833' title='bbox 2905 4869 2917 4905; x_wconf 94' lang='lat' dir='ltr'><strong>l</strong></span> <span class='ocrx_word' id='word_1_834' title='bbox 2949 4864 3128 4905; x_wconf 83' lang='lat' dir='ltr'><strong>contra</strong></span> <span class='ocrx_word' id='word_1_835' title='bbox 3151 4850 3377 4914; x_wconf 80' lang='lat' dir='ltr'><strong>Celsum,</strong></span> <span class='ocrx_word' id='word_1_836' title='bbox 3415 4871 3564 4915; x_wconf 89' lang='lat' dir='ltr'><strong>num.</strong></span> 
     </span>
    </p>
   </div>
   <div class='ocr_carea' id='block_1_113' title="bbox 2007 4923 3564 4988">
    <p class='ocr_par' dir='ltr' id='par_1_113' title="bbox 2007 4923 3564 4988">
     <span class='ocr_line' id='line_1_113' title="bbox 2007 4923 3564 4988; baseline 0.001 -11"><span class='ocrx_word' id='word_1_837' title='bbox 2007 4924 2096 4985; x_wconf 71' lang='lat'><strong>&#39;52,</strong></span> <span class='ocrx_word' id='word_1_838' title='bbox 2139 4923 2226 4986; x_wconf 80' lang='lat'><strong>5&#39;5;</strong></span> <span class='ocrx_word' id='word_1_839' title='bbox 2251 4924 2342 4977; x_wconf 88' lang='lat' dir='ltr'><strong>lib.</strong></span> <span class='ocrx_word' id='word_1_840' title='bbox 2372 4939 2443 4985; x_wconf 87' lang='lat' dir='ltr'><strong>tv,</strong></span> <span class='ocrx_word' id='word_1_841' title='bbox 2470 4939 2618 4976; x_wconf 92' lang='lat' dir='ltr'><strong>num.</strong></span> <span class='ocrx_word' id='word_1_842' title='bbox 2648 4924 2736 4987; x_wconf 76' lang='grc'><strong>54,</strong></span> <span class='ocrx_word' id='word_1_843' title='bbox 2773 4924 2859 4983; x_wconf 79' lang='lat'><strong>56,</strong></span> <span class='ocrx_word' id='word_1_844' title='bbox 2887 4933 2941 4976; x_wconf 92' lang='lat' dir='ltr'><strong>et</strong></span> <span class='ocrx_word' id='word_1_845' title='bbox 2973 4923 3063 4976; x_wconf 91' lang='lat' dir='ltr'><strong>lib.</strong></span> <span class='ocrx_word' id='word_1_846' title='bbox 3100 4936 3152 4987; x_wconf 68' lang='grc' dir='ltr'><strong>τ,</strong></span> <span class='ocrx_word' id='word_1_847' title='bbox 3187 4939 3335 4975; x_wconf 89' lang='lat' dir='ltr'><strong>num.</strong></span> <span class='ocrx_word' id='word_1_848' title='bbox 3358 4925 3564 4988; x_wconf 68' lang='lat' dir='ltr'><strong>20,2l.</strong></span> 
     </span>
    </p>
   </div>
   <div class='ocr_carea' id='block_1_114' title="bbox 2010 4992 3565 5061">
    <p class='ocr_par' dir='ltr' id='par_1_114' title="bbox 2010 4992 3565 5061">
     <span class='ocr_line' id='line_1_114' title="bbox 2010 4992 3565 5061; baseline 0.005 -20"><span class='ocrx_word' id='word_1_849' title='bbox 2010 4992 2139 5046; x_wconf 80' lang='lat' dir='ltr'><strong>Vide</strong></span> <span class='ocrx_word' id='word_1_850' title='bbox 2160 4996 2325 5046; x_wconf 87' lang='lat' dir='ltr'><strong>etiam</strong></span> <span class='ocrx_word' id='word_1_851' title='bbox 2372 4992 2647 5047; x_wconf 84' lang='lat' dir='ltr'><strong>Platonem</strong></span> <span class='ocrx_word' id='word_1_852' title='bbox 2688 4995 2740 5046; x_wconf 94' lang='lat' dir='ltr'><strong>in</strong></span> <span class='ocrx_word' id='word_1_853' title='bbox 2785 4994 3025 5058; x_wconf 65' lang='lat' dir='ltr'><strong>lt‘pinom.</strong></span> <span class='ocrx_word' id='word_1_854' title='bbox 3054 5007 3174 5061; x_wconf 84' lang='lat' dir='ltr'><strong>pag.</strong></span> <span class='ocrx_word' id='word_1_855' title='bbox 3197 4994 3319 5057; x_wconf 90' lang='lat'><strong>980,</strong></span> <span class='ocrx_word' id='word_1_856' title='bbox 3357 4995 3482 5058; x_wconf 81' lang='grc'><strong>981,</strong></span> <span class='ocrx_word' id='word_1_857' title='bbox 3511 5007 3565 5049; x_wconf 85' lang='lat' dir='ltr'><strong>et.</strong></span> 
     </span>
    </p>
   </div>
   <div class='ocr_carea' id='block_1_115' title="bbox 2008 5062 3048 5132">
    <p class='ocr_par' dir='ltr' id='par_1_115' title="bbox 2008 5062 3048 5132">
     <span class='ocr_line' id='line_1_115' title="bbox 2008 5062 3048 5132; baseline 0.002 -17"><span class='ocrx_word' id='word_1_858' title='bbox 2008 5064 2058 5116; x_wconf 91' lang='lat' dir='ltr'><strong>in</strong></span> <span class='ocrx_word' id='word_1_859' title='bbox 2089 5062 2310 5132; x_wconf 62' lang='grc' dir='ltr'>Τίηιιιιο,</span> <span class='ocrx_word' id='word_1_860' title='bbox 2345 5079 2463 5132; x_wconf 82' lang='lat' dir='ltr'><strong>pag.</strong></span> <span class='ocrx_word' id='word_1_861' title='bbox 2499 5065 2568 5117; x_wconf 85' lang='lat'><strong>90</strong></span> <span class='ocrx_word' id='word_1_862' title='bbox 2592 5073 2643 5117; x_wconf 91' lang='lat' dir='ltr'><strong>et</strong></span> <span class='ocrx_word' id='word_1_863' title='bbox 2671 5064 2758 5117; x_wconf 82' lang='lat' dir='ltr'><strong>9i.</strong></span> <span class='ocrx_word' id='word_1_864' title='bbox 2787 5066 3048 5117; x_wconf 71' lang='lat' dir='ltr'><strong>SPENCER.</strong></span> 
     </span>
    </p>
   </div>
   <div class='ocr_carea' id='block_1_116' title="bbox 2077 5131 3564 5202">
    <p class='ocr_par' dir='ltr' id='par_1_116' title="bbox 2077 5131 3564 5202">
     <span class='ocr_line' id='line_1_116' title="bbox 2077 5131 3564 5202; baseline 0.001 -19"><span class='ocrx_word' id='word_1_865' title='bbox 2077 5131 2187 5198; x_wconf 86' lang='lat' dir='ltr'><strong>(l6)</strong></span> <span class='ocrx_word' id='word_1_866' title='bbox 2219 5131 2554 5186; x_wconf 71' lang='lat' dir='ltr'><strong>Hmschelius</strong></span> <span class='ocrx_word' id='word_1_867' title='bbox 2578 5144 2629 5186; x_wconf 88' lang='lat' dir='ltr'><strong>et</strong></span> <span class='ocrx_word' id='word_1_868' title='bbox 2665 5133 2987 5201; x_wconf 87' lang='lat' dir='ltr'><strong>Spenccrus,</strong></span> <span class='ocrx_word' id='word_1_869' title='bbox 3023 5134 3114 5185; x_wconf 79' lang='grc' dir='ltr'><strong>καὶ</strong></span> <span class='ocrx_word' id='word_1_870' title='bbox 3159 5134 3279 5187; x_wconf 77' lang='grc' dir='ltr'>ὅσον</span> <span class='ocrx_word' id='word_1_871' title='bbox 3309 5131 3564 5202; x_wconf 85' lang='grc' dir='ltr'>ὁρῶντες,</span> 
     </span>
    </p>
   </div>
   <div class='ocr_carea' id='block_1_117' title="bbox 2007 5202 3564 5257">
    <p class='ocr_par' dir='ltr' id='par_1_117' title="bbox 2007 5202 3564 5257">
     <span class='ocr_line' id='line_1_117' title="bbox 2007 5202 3564 5257; baseline -0.001 -3"><span class='ocrx_word' id='word_1_872' title='bbox 2007 5213 2061 5256; x_wconf 85' lang='lat' dir='ltr'><strong>at</strong></span> <span class='ocrx_word' id='word_1_873' title='bbox 2085 5203 2374 5255; x_wconf 81' lang='lat' dir='ltr'><strong>Pliilocalia</strong></span> <span class='ocrx_word' id='word_1_874' title='bbox 2408 5207 2783 5257; x_wconf 78' lang='lat' dir='ltr'><strong>recte°omittit</strong></span> <span class='ocrx_word' id='word_1_875' title='bbox 2813 5203 2953 5255; x_wconf 84' lang='grc' dir='ltr'>ὅσον.</span> <span class='ocrx_word' id='word_1_876' title='bbox 3014 5202 3158 5255; x_wconf 83' lang='lat' dir='ltr'><strong>Infra</strong></span> <span class='ocrx_word' id='word_1_877' title='bbox 3196 5205 3382 5256; x_wconf 88' lang='lat' dir='ltr'><strong>eadem</strong></span> <span class='ocrx_word' id='word_1_878' title='bbox 3433 5202 3564 5254; x_wconf 78' lang='lat' dir='ltr'><strong>Phi—</strong></span> 
     </span>
    </p>
   </div>
   <div class='ocr_carea' id='block_1_118' title="bbox 2005 5271 3565 5343">
    <p class='ocr_par' dir='ltr' id='par_1_118' title="bbox 2005 5271 3565 5343">
     <span class='ocr_line' id='line_1_118' title="bbox 2005 5271 3565 5343; baseline -0.002 -18"><span class='ocrx_word' id='word_1_879' title='bbox 2005 5272 2215 5343; x_wconf 75' lang='lat' dir='ltr'><strong>loc:ili_a.</strong></span> <span class='ocrx_word' id='word_1_880' title='bbox 2258 5273 2430 5343; x_wconf 73' lang='grc' dir='ltr'>πάντη</span> <span class='ocrx_word' id='word_1_881' title='bbox 2494 5273 2778 5342; x_wconf 59' lang='grc' dir='ltr'>ἀπολεῖψαι</span> <span class='ocrx_word' id='word_1_882' title='bbox 2832 5275 2959 5334; x_wconf 76' lang='grc' dir='ltr'>τοὺς</span> <span class='ocrx_word' id='word_1_883' title='bbox 3009 5273 3358 5342; x_wconf 84' lang='grc' dir='ltr'>χαρακτῆρας</span> <span class='ocrx_word' id='word_1_884' title='bbox 3397 5271 3565 5342; x_wconf 82' lang='grc' dir='ltr'>αὐτῆς</span> 
     </span>
    </p>
   </div>
   <div class='ocr_carea' id='block_1_119' title="bbox 2004 5341 2684 5409">
    <p class='ocr_par' dir='ltr' id='par_1_119' title="bbox 2004 5341 2684 5409">
     <span class='ocr_line' id='line_1_119' title="bbox 2004 5341 2684 5409; baseline 0 -13"><span class='ocrx_word' id='word_1_885' title='bbox 2004 5344 2098 5396; x_wconf 70' lang='grc' dir='ltr'><strong>καὶ</strong></span> <span class='ocrx_word' id='word_1_886' title='bbox 2123 5341 2349 5409; x_wconf 89' lang='grc' dir='ltr'>ἀλόγους</span> <span class='ocrx_word' id='word_1_887' title='bbox 2384 5341 2684 5396; x_wconf 77' lang='grc' dir='ltr'>ἀναλαϐεῖν.</span> 
     </span>
    </p>
   </div>
   <div class='ocr_carea' id='block_1_120' title="bbox 2077 5411 3565 5485">
    <p class='ocr_par' dir='ltr' id='par_1_120' title="bbox 2077 5411 3565 5485">
     <span class='ocr_line' id='line_1_120' title="bbox 2077 5411 3565 5485; baseline -0.004 -20"><span class='ocrx_word' id='word_1_888' title='bbox 2077 5411 2186 5485; x_wconf 83' lang='lat' dir='ltr'><strong>(l7)</strong></span> <span class='ocrx_word' id='word_1_889' title='bbox 2213 5413 2546 5485; x_wconf 65' lang='lat' dir='ltr'><strong>lltpschelius</strong></span> <span class='ocrx_word' id='word_1_890' title='bbox 2571 5426 2622 5469; x_wconf 89' lang='lat' dir='ltr'><strong>et</strong></span> <span class='ocrx_word' id='word_1_891' title='bbox 2649 5414 2955 5485; x_wconf 85' lang='lat' dir='ltr'><strong>Spencerus</strong></span> <span class='ocrx_word' id='word_1_892' title='bbox 2981 5413 3030 5485; x_wconf 79' lang='lat' dir='ltr'><strong>in</strong></span> <span class='ocrx_word' id='word_1_893' title='bbox 3058 5411 3565 5485; x_wconf 47' lang='grc' dir='ltr'>ιιιίινεὶ-ιιεηεγενη-</span> 
     </span>
    </p>
   </div>
   <div class='ocr_carea' id='block_1_121' title="bbox 2007 5479 3563 5553">
    <p class='ocr_par' dir='ltr' id='par_1_121' title="bbox 2007 5479 3563 5553">
     <span class='ocr_line' id='line_1_121' title="bbox 2007 5479 3563 5553; baseline -0.001 -18"><span class='ocrx_word' id='word_1_894' title='bbox 2007 5479 2200 5553; x_wconf 83' lang='grc' dir='ltr'>μένων.</span> <span class='ocrx_word' id='word_1_895' title='bbox 2236 5483 2355 5537; x_wconf 78' lang='lat' dir='ltr'><strong>Mox</strong></span> <span class='ocrx_word' id='word_1_896' title='bbox 2382 5483 2614 5547; x_wconf 84' lang='lat' dir='ltr'><strong>Philoc.,</strong></span> <span class='ocrx_word' id='word_1_897' title='bbox 2653 5485 2803 5536; x_wconf 73' lang='grc' dir='ltr'>Ἐπεὶ</span> <span class='ocrx_word' id='word_1_898' title='bbox 2827 5484 2883 5536; x_wconf 83' lang='grc' dir='ltr'>δὲ</span> <span class='ocrx_word' id='word_1_899' title='bbox 2917 5481 3009 5534; x_wconf 79' lang='grc' dir='ltr'>καὶ</span> <span class='ocrx_word' id='word_1_900' title='bbox 3047 5479 3195 5543; x_wconf 58' lang='grc' dir='ltr'><strong>τοίςζ</strong></span> <span class='ocrx_word' id='word_1_901' title='bbox 3220 5479 3563 5534; x_wconf 70' lang='grc' dir='ltr'>Ηωευιιειίιιδ</span> 
     </span>
    </p>
   </div>
   <div class='ocr_carea' id='block_1_122' title="bbox 2004 5554 2900 5625">
    <p class='ocr_par' dir='ltr' id='par_1_122' title="bbox 2004 5554 2900 5625">
     <span class='ocr_line' id='line_1_122' title="bbox 2004 5554 2900 5625; baseline -0.003 -19"><span class='ocrx_word' id='word_1_902' title='bbox 2004 5564 2058 5608; x_wconf 82' lang='lat' dir='ltr'><strong>et</strong></span> <span class='ocrx_word' id='word_1_903' title='bbox 2087 5554 2416 5625; x_wconf 74' lang='lat' dir='ltr'><strong>Spencerus,</strong></span> <span class='ocrx_word' id='word_1_904' title='bbox 2440 5555 2622 5625; x_wconf 59' lang='grc' dir='ltr'>ἐπειδὴ</span> <span class='ocrx_word' id='word_1_905' title='bbox 2647 5555 2900 5625; x_wconf 74' lang='grc' dir='ltr'>καὶτοῖς.</span> 
     </span>
    </p>
   </div>
   <div class='ocr_carea' id='block_1_123' title="bbox 2075 5619 3560 5695">
    <p class='ocr_par' dir='ltr' id='par_1_123' title="bbox 2075 5619 3560 5695">
     <span class='ocr_line' id='line_1_123' title="bbox 2075 5619 3560 5695; baseline -0.001 -19"><span class='ocrx_word' id='word_1_906' title='bbox 2075 5619 2186 5695; x_wconf 76' lang='grc'><strong>(18)</strong></span> <span class='ocrx_word' id='word_1_907' title='bbox 2229 5624 2287 5675; x_wconf 82' lang='grc' dir='ltr'>Τί</span> <span class='ocrx_word' id='word_1_908' title='bbox 2316 5622 2554 5695; x_wconf 67' lang='grc' dir='ltr'>δὲλέγω</span> <span class='ocrx_word' id='word_1_909' title='bbox 2585 5619 2972 5695; x_wconf 14' lang='grc' dir='ltr'>έῶγᾼάτλόγων.</span> <span class='ocrx_word' id='word_1_910' title='bbox 2998 5619 3197 5686; x_wconf 72' lang='grc' dir='ltr'>Ηίιξο,ἱη</span> <span class='ocrx_word' id='word_1_911' title='bbox 3237 5629 3391 5675; x_wconf 88' lang='lat' dir='ltr'><strong>antea</strong></span> <span class='ocrx_word' id='word_1_912' title='bbox 3429 5620 3560 5676; x_wconf 77' lang='lat' dir='ltr'><strong>edit.</strong></span> 
     </span>
    </p>
   </div>
   <div class='ocr_carea' id='block_1_124' title="bbox 2003 5693 2791 5762">
    <p class='ocr_par' dir='ltr' id='par_1_124' title="bbox 2003 5693 2791 5762">
     <span class='ocr_line' id='line_1_124' title="bbox 2003 5693 2791 5762; baseline -0.01 -11"><span class='ocrx_word' id='word_1_913' title='bbox 2003 5693 2222 5755; x_wconf 72' lang='lat' dir='ltr'><strong>omissa,</strong></span> <span class='ocrx_word' id='word_1_914' title='bbox 2257 5694 2566 5762; x_wconf 78' lang='lat' dir='ltr'><strong>supplentur</strong></span> <span class='ocrx_word' id='word_1_915' title='bbox 2598 5710 2626 5746; x_wconf 88' lang='lat' dir='ltr'><strong>e</strong></span> <span class='ocrx_word' id='word_1_916' title='bbox 2658 5693 2791 5745; x_wconf 88' lang='lat' dir='ltr'><strong>Phil.</strong></span> 
     </span>
    </p>
   </div>
   <div class='ocr_carea' id='block_1_125' title="bbox 2077 5759 3348 5835">
    <p class='ocr_par' dir='ltr' id='par_1_125' title="bbox 2077 5759 3348 5835">
     <span class='ocr_line' id='line_1_125' title="bbox 2077 5759 3348 5835; baseline 0.001 -18"><span class='ocrx_word' id='word_1_917' title='bbox 2077 5762 2186 5835; x_wconf 78' lang='grc'><strong>(19)</strong></span> <span class='ocrx_word' id='word_1_918' title='bbox 2216 5759 2370 5820; x_wconf 69' lang='grc' dir='ltr'>ιίὺθζ</span> <span class='ocrx_word' id='word_1_919' title='bbox 2410 5765 2536 5819; x_wconf 87' lang='lat' dir='ltr'><strong>editi</strong></span> <span class='ocrx_word' id='word_1_920' title='bbox 2564 5765 2615 5817; x_wconf 91' lang='lat' dir='ltr'><strong>iu</strong></span> <span class='ocrx_word' id='word_1_921' title='bbox 2645 5762 2907 5832; x_wconf 78' lang='lat' dir='ltr'><strong>margine,</strong></span> <span class='ocrx_word' id='word_1_922' title='bbox 2933 5759 3348 5827; x_wconf 81' lang='grc' dir='ltr'>διαπαντῶντες.</span> 
     </span>
    </p>
   </div>
  </div>
