3986 6164
503 207 635 260 H59

1939 207 2265 266 ORlGENiS

3696 222 3826 277 H60

493 338 658 391 quam
706 339 736 377 a
783 327 873 380 via
929 327 1207 381 aberrant.
1248 325 1359 378 lllis
1409 325 1574 394 igitur
1609 324 1750 379 inest
1781 325 1921 379 ratio
1955 327 2050 379 suis

2168 325 2413 395 ἀλλήλοις
2457 326 2818 396 διαλέγονται,
2863 328 2983 383 ὅθεν
3017 331 3137 385 οὐδὲ
3187 331 3324 385 τῶν
3379 331 3541 384 ὁδῶν
3580 334 3826 409 ἁμαρτά-

493 419 753 472 omnibus
784 419 1028 473 absoluta
1061 418 1326 484 partibus,
1357 432 1670 471 communes
1700 417 1900 472 habent
1934 433 2066 485 qua-

495 512 743 564 rumdam
789 511 1132 578 generalium
1176 509 1470 563 veritatum
1517 509 1785 574 notiones,
1833 519 1886 564 et
1917 512 2063 563 vocis

496 619 676 665 usuin,
710 605 856 657 etde
890 600 1129 656 fortuitis
1186 615 1490 654 sermonem
1537 601 1760 653 faciunt.
1799 621 1816 652 ι
1850 601 2059 655 Etenim

496 694 657 745 unius
708 709 830 746 cum
884 693 1064 744 altero
1115 691 1448 759 colloquium
1503 692 1562 744 fit
1615 707 1747 745 voce
1787 693 2061 761 quidpiam

494 784 674 837 verbis
726 792 965 836 notatum
1013 783 1349 845 declarattte,
1402 794 1455 836 et
1500 798 1642 850 εωρο
1672 799 1790 854 qua:
1837 782 2060 838 fortuita

492 886 758 929 vocantur
785 876 1148 942 exprimente.
1189 875 1312 930 Ihec
1347 891 1476 929 vero
1515 873 1761 930 formicis
1818 877 2061 932 tribuere

489 984 666 1023 annon
705 970 1087 1039 pet-ridiculum
1121 971 1322 1026 fuerit?

559 1152 648 1208 85.
689 1150 798 1206 Nec
853 1167 976 1204 ettm
1021 1150 1185 1218 pudet
1228 1151 1484 1219 adjicere,
1523 1165 1644 1218 qme
1675 1151 1890 1218 quidem
1935 1165 2060 1204 Suo-

485 1257 604 1295 rutn
658 1243 970 1312 dogmatutn
1023 1242 1286 1311 ineptiam
1344 1243 1576 1310 posteris
1638 1243 1890 1296 omnibus
1939 1258 2062 1310 per:

485 1347 723 1406 spectant
742 1333 954 1388 factura
987 1345 1156 1388 sunt:
1198 1353 1215 1385 ι
1247 1335 1379 1404 Age,
1411 1335 1456 1388 si
1484 1335 1604 1403 quis
1637 1349 1666 1388 e
1698 1333 1835 1387 c0310
1868 1335 1917 1387 in
1952 1348 2061 1388 ter-

487 1444 602 1481 ram
650 1428 984 1496 despiceret,
1043 1428 1301 1497 quidnam
1355 1427 1426 1480 illi
1473 1427 1745 1483 videretur
1790 1428 2060 1482 interesse

487 1521 826 1576 discriminis
869 1520 1010 1574 inter
1041 1535 1104 1573 ea
1140 1535 1259 1588 quae
1290 1521 1538 1574 homines
1579 1531 1633 1574 et
1674 1536 1790 1589 quae
1819 1518 2059 1573 formicae

485 1627 724 1683 apesque
755 1609 1001 1665 faciunt?
1033 1631 1051 1664 ι
1096 1611 1166 1665 At
1201 1613 1291 1682 qui
1323 1627 1352 1665 e
1382 1612 1543 1676 caelo,
1572 1621 1629 1665 ut
1669 1611 1838 1681 ponit,
1883 1612 2058 1665 homi-

488 1723 618 1760 num
653 1712 705 1758 ct
742 1702 1098 1758 formicarum
1137 1720 1409 1774 opumque
1443 1705 1580 1757 facta
1629 1703 1946 1772 despiceret,
1987 1719 2054 1757 an

489 1799 538 1854 is
563 1813 793 1866 corpora
824 1798 1109 1853 hominum
1157 1799 1614 1866 formicarumque
1647 1797 1970 1859 intueretur,
2002 1807 2056 1850 et

486 1907 595 1946 non
645 1892 859 1946 videret
908 1892 1120 1946 illorum
1178 1893 1395 1960 quidem
1450 1891 1786 1945 intellectum
1847 1890 2056 1943 ratione

486 1985 705 2038 ductum
733 2002 748 2047 ;
779 1986 970 2039 harum
998 2001 1127 2039 vero
1160 1983 1485 2054 principium
1519 1984 1793 2052 quoddam
1831 1981 2056 2036 rationis

483 2091 705 2144 expers,
742 2076 972 2146 impetu,
1018 2092 1158 2130 caeca
1191 2077 1608 2146 imaginatione,
1649 2075 1875 2129 naturali
1922 2089 2056 2143 qna-

483 2168 607 2222 dam
659 2171 908 2240 corporis
962 2170 1371 2224 constructione
1419 2168 1672 2223 motum?
1725 2167 1831 2221 Sed
1867 2167 2054 2220 absur-

488 2260 615 2315 dum
646 2271 731 2316 est
753 2277 904 2324 eum,
937 2262 1029 2332 qui
1065 2271 1215 2315 tanto
1249 2261 1541 2314 intervallo
1568 2261 1621 2313 in
1646 2269 1842 2313 terram
1873 2257 2056 2313 oculos

483 2355 807 2424 conjiceret,
843 2353 983 2407 velle
1032 2369 1260 2422 corpora
1299 2353 1582 2407 hominum
1622 2360 1675 2405 et
1707 2350 2055 2404 formicarum

490 2459 745 2511 cernere,
779 2455 970 2500 etnon
1007 2448 1186 2515 potius
1215 2455 1464 2500 naturam
1506 2444 1895 2514 principiorum
1940 2443 2058 2498 fon-

483 2552 699 2611 temque
740 2541 880 2596 unde
921 2542 1163 2596 actiones
1227 2539 1422 2604 fluunt,
1468 2538 1612 2593 sitne
1657 2538 1867 2592 ratione
1915 2552 2054 2605 prre-

479 2640 650 2705 ditus,
702 2655 905 2696 annon.
933 2639 988 2695 Si
1017 2639 1261 2694 omnium
1301 2639 1572 2693 actionum
1615 2634 1820 2689 fontem
1853 2633 2052 2698 videat,

479 2743 632 2786 certe
663 2731 958 2801 Perspiciet
999 2731 1316 2793 discrimen,
1361 2737 1417 2784 et
1463 2736 1725 2798 quantum
1754 2727 1915 2781 homo
1945 2740 2051 2778 non

482 2821 645 2896 567
672 2824 845 2879 solum
879 2823 1148 2888 formicis,
1176 2825 1269 2878 sed
1293 2822 1460 2877 etiam
1494 2820 1874 2890 elcpltantibus
1901 2827 2057 2872 ante-

480 2917 670 2972 cellat.
702 2917 746 2970 E
785 2915 926 2970 caelo
970 2917 1114 2969 enim
1163 2915 1500 2984 despiciens,
1556 2912 1760 2967 nullum
1818 2909 1959 2963 aliud
1999 2910 2050 2962 in

2168 435 2376 472 νουσιν·
2425 420 2618 472 οὐκοῦν
2661 421 2752 473 καὶ
2796 421 2955 489 λόγου
2997 426 3238 496 συμπλή
3254 425 3454 496 ρωσίς
3511 428 3644 480 ἐστι
3698 437 3819 502 παρ’

2165 512 2373 576 αὐτοῖς,
2401 513 2494 566 καὶ
2511 513 2687 566 κοιναὶ
2709 513 2906 567 ἔννοιαι
2923 517 3248 572 καθολικῶν
3273 534 3491 581 τινων,
3518 521 3626 572 καὶ
3653 525 3810 595 φωνὴ,

2165 607 2259 660 καὶ
2301 606 2632 676 τυγχάνοντα
2665 609 3052 678 σημαινόμενα.
3093 629 3109 661 ›
3160 612 3252 664 Τὸ
3291 609 3422 683 γὰρ
3462 611 3811 681 διαλέγεσθαί

2162 716 2282 752 τινα
2317 699 2454 769 πρὸς
2497 700 2700 771 ἕτερον,
2753 702 2809 752 ἐν
2844 705 2990 773 φωνῇ
3035 703 3272 770 γίνεται
3319 704 3599 776 δηλούσῃ
3632 723 3686 758 τι
3725 725 3805 781 ση-

2167 791 2508 861 μαινόμενον,
2545 792 2802 855 πολλάκις
2847 793 2902 846 ὁέ
2942 796 3034 847 καὶ
3070 796 3212 866 περὶ
3263 794 3396 848 τῶν
3451 797 3798 868 καλουμένωι

2162 883 2537 954 τυγχανόντων
2571 885 3000 955 ἀπαγγέλλουσιν
3032 888 3142 960 (‘20)
3178 907 3192 917 ·
3235 888 3426 959 ειπερ·
3450 891 3559 941 καὶ
3595 892 3653 943 ἐν
3683 892 3784 965 μύρ

2167 973 2295 1044 μηξι
2334 973 2509 1042 λέγειν
2551 970 2711 1040 εἷναι,
2758 977 2879 1040 πῶς
2920 977 2980 1029 οὐ
3026 978 3271 1032 πάντων
3310 978 3389 1032 ἂν
3437 981 3536 1050 εἴη
3579 998 3804 1052 καταγε-

2161 1062 2485 1119 λαστότατον
2502 1083 2516 1131 ;

2234 1158 2344 1210 Καὶ
2397 1158 2496 1211 οὐκ
2542 1158 2768 1214 αἰδεῖται
2804 1177 2867 1229 γε
2915 1162 3203 1232 ἐπιφέρων
3257 1163 3531 1230 τούτοις,
3587 1166 3675 1219 ἵνα
3713 1170 3795 1222 καὶ

2159 1251 2273 1311 τοῖς
2329 1251 2446 1319 μετ’
2502 1250 2665 1303 αὑτὸν
2715 1253 2996 1322 ἐσομένοις
3043 1255 3511 1325 ἐπιδεικνύηται
3555 1257 3660 1327 τὴν
3700 1259 3793 1311 τῶν

2161 1337 2446 1408 δογμάτων
2480 1341 2672 1395 ἑαυτοῦ
2707 1342 2815 1410 (21)
2863 1344 3297 1416 ἀσχημοσύνην,
3350 1347 3581 1415 λέγων·
3629 1369 3646 1398 ι
3680 1351 3787 1420 Φέρ¹

2161 1426 2275 1494 οὖν,
2309 1431 2468 1496 εἴτις
2493 1435 2585 1486 ἀπ’
2613 1434 2842 1506 οὐρανοῦ
2871 1437 2963 1490 ἐπὶ
2993 1438 3088 1508 τὴν
3117 1440 3235 1510 γῆν
3277 1439 3630 1503 ἐπιϐλέποι,
3659 1443 3709 1494 τί
3734 1444 3786 1495 ἂν

2161 1523 2307 1589 δόξαι
2352 1524 2628 1597 διαφέρειν
2660 1528 2726 1581 τὰ
2758 1527 2848 1596 ὑφ’
2891 1529 3068 1599 ἡμῶν,
3111 1531 3144 1602 ἢ
3190 1531 3271 1583 τὰ
3309 1532 3430 1585 ὑπὸ
3485 1536 3779 1605 μυρμήκων

2162 1618 2255 1669 καὶ
2289 1616 2554 1688 μελισσῶν
2581 1618 2864 1692 δρωμένας
2898 1635 2915 1666 ι
2941 1623 2996 1674 Ὀ
3022 1623 3115 1676 ἀπ’
3138 1624 3410 1694 οὐρανοῦ
3441 1625 3512 1698 δὴ
3546 1627 3642 1679 ἐπὶ
3673 1626 3776 1698 γῆν,

2161 1708 2302 1762 κατά
2334 1710 2434 1780 τὴν
2478 1711 2731 1765 ὑπόθεσιν
2766 1713 2952 1777 αὐτοῦ,
2982 1715 3200 1784 βλέπων
3246 1715 3327 1770 τὰ
3379 1717 3653 1789 δρώμενα
3689 1719 3774 1773 ὑπὸ

2157 1802 2265 1855 τῶν
2294 1802 2617 1876 ἀνθρώπων,
2645 1806 2738 1858 καὶ
2763 1806 2830 1860 τὰ
2858 1808 2961 1860 ὑπὸ
2987 1808 3093 1862 τῶν
3123 1811 3478 1881 μυρμήκων
3505 1813 3769 1883 γινόμενα,

2159 1894 2382 1965 πότερον
2414 1897 2574 1968 ἐνορᾷ
2607 1897 2703 1968 μὲν
2737 1897 3036 1970 ἀνθρώπων
3068 1901 3166 1954 καὶ
3222 1905 3564 1974 μυρμήκων
3603 1903 3768 1975 σώμα-

2160 2001 2264 2049 σιν,
2282 1986 2343 2038 οὺ
2369 1990 2619 2040 κατανοεῖ
2641 1988 2770 2042 δὲτὸ
2795 1989 3008 2059 λογικὸν
3025 1994 3384 2064 ἡγεμονικὸν
3417 1996 3520 2047 καὶ
3543 1995 3769 2069 λογισμῷ

2158 2077 2510 2148 κινούμενον;
2555 2080 2721 2134 Πάλιν
2752 2100 2810 2135 τε
2858 2080 2924 2136 αὖ
2954 2085 3013 2137 τὸ
3049 2084 3260 2154 ἄλογον
3312 2089 3659 2158 ἡγεμονικὸν
3682 2090 3761 2141 καὶ

2159 2171 2263 2223 ὑπὸ
2305 2173 2480 2243 ὁρμῆς
2511 2175 2605 2227 καὶ
2643 2177 2942 2244 φαντασίας
2985 2177 3205 2246 ἀλόγως
3258 2180 3604 2250 κινούμενον
3641 2183 3758 2252 μετὰ

2155 2280 2300 2326 τινος
2331 2266 2566 2336 φυσικῆς
2599 2266 3080 2339 ὑποκατασκευῆς;
3117 2271 3280 2324 Ἀλλ’
3319 2273 3534 2327 ἄτοπον
3563 2275 3650 2326 τὸν
3675 2276 3751 2327 ἀπ’

2157 2353 2384 2424 οὐρανοῦ
2430 2355 2695 2424 βλέποντα
2723 2359 2790 2412 τὰ
2823 2361 2911 2413 ἐπὶ
2941 2362 3044 2432 γῆς
3076 2365 3294 2434 ἐνορᾷν
3330 2365 3437 2434 μὲν
3470 2365 3643 2418 θέλειν
3665 2364 3754 2418 σώ-

2161 2463 2324 2517 μασιν
2363 2447 2663 2520 ἀνθρώπων
2706 2451 2796 2504 καὶ
2827 2455 3149 2524 μυρμήκων,
3199 2456 3321 2508 ἀπὸ
3369 2457 3625 2510 τοσούτου
3652 2458 3748 2510 δια-

2160 2544 2463 2614 στήματος·
2520 2545 2592 2616 μὴ
2637 2545 2770 2598 πολὺ
2799 2545 2854 2598 δὲ
2891 2546 3089 2616 μᾶλλον
3125 2548 3379 2618 βλέπειν
3428 2549 3747 2620 ἡγεμονικῶν

2158 2631 2370 2702 φύσεις,
2411 2635 2504 2688 καὶ
2545 2636 2725 2706 πηγὴν
2768 2635 2953 2710 ὁρμῶν
2986 2636 3226 2709 λογικὴν
3270 2641 3308 2710 ἢ
3359 2639 3572 2708 ἄλογον.
3617 2640 3674 2692 Εἰ
3704 2638 3741 2691 δ’

2156 2726 2301 2793 ἆπαξ
2337 2727 2523 2796 βλέπει
2549 2727 2647 2800 τὴν
2679 2728 2866 2782 πασῶν
2893 2729 3077 2800 ὁρμῶν
3109 2748 3182 2802 πη
3205 2733 3348 2805 γὴν,
3388 2733 3545 2804 δῆλον
3565 2733 3638 2785 ὄτι
3660 2731 3739 2784 καὶ

2153 2817 2251 2889 τὴν
2282 2819 2542 2892 διαφορὰν
2579 2819 2675 2872 ἴδοι
2709 2821 2794 2885 ἂν,
2827 2823 2918 2875 καὶ
2959 2823 3056 2893 τὴν
3098 2823 3410 2896 ὑπεροχὴν
3437 2824 3523 2878 τοῦ
3546 2821 3730 2895 ἀνθρώ-

2157 2928 2280 2978 που,
2315 2914 2374 2966 of;
2413 2914 2570 2984 μόνον
2603 2915 2755 2986 παρά
2785 2916 2911 2979 τοὺς
2938 2915 3273 2988 μύρμηκας,
3308 2917 3448 2971 ἀλλὰ
3475 2916 3555 2970 καὶ
3581 2913 3712 2986 παρὰ

3907 2499 3914 2608 l

478 3008 655 3062 brutis
676 3007 1064 3069 animantibus,
1087 3006 1424 3076 quantalibet
1449 3004 1558 3059 sint
1583 3018 1769 3056 earum
1797 3016 2049 3070 corpora,

2157 3009 2281 3072 τοὺς
2311 3008 2625 3079 ἐλέφαντας.
2678 3011 2735 3063 '0
2768 3007 2874 3081 γὰρ
2910 3009 3117 3080 βλέπων
3156 3011 3260 3064 ἀπ’
3295 3010 3520 3084 οὐρανοῦ
3543 3011 3592 3061 ἐν
3627 3008 3713 3078 μὲν
3896 3019 3901 3084 γ

477 3100 804 3170 principium
836 3098 1254 3161 animadvertet,
1287 3111 1473 3165 quam,
1509 3104 1566 3148 ut
1607 3096 1680 3149 ita
1709 3094 1924 3163 loquar,
1955 3109 2046 3145 ra-

478 3193 648 3248 tionis
668 3193 1056 3263 privationem;
1085 3191 1138 3244 in
1165 3191 1376 3244 ratione
1393 3190 1634 3259 prmditis
1655 3196 1858 3254 autem,
1878 3185 2048 3241 ratio~

479 3299 608 3339 non:
675 3299 799 3354 qua:
845 3283 1152 3337 hominibus
1188 3279 1491 3336 communis
1551 3288 1634 3333 est
1683 3292 1803 3334 cum
1854 3275 2050 3332 divinis

471 3377 900 3445 emlestibusque
932 3375 1165 3440 naturis,
1205 3372 1433 3427 fortasse
1453 3372 1617 3426 etiam
1641 3387 1764 3426 cum
1784 3370 1892 3424 Deo
1911 3369 2046 3438 ipso,

479 3478 536 3524 et
566 3483 671 3538 qua
701 3468 759 3521 fit
790 3477 849 3522 ut
881 3467 947 3521 ad
973 3467 1066 3521 Dei
1100 3465 1397 3532 imaginem
1431 3473 1648 3520 creatus
1672 3479 1790 3518 esse
1815 3463 2048 3518 dicatur.

477 3561 543 3616 Et
577 3577 707 3616 sane
737 3563 932 3615 summi
965 3560 1054 3613 Dei
1100 3561 1300 3630 imago,
1336 3557 1570 3613 Verbum
1599 3557 1714 3628 ejus
1745 3564 1852 3610 est.
1921 3583 1924 3586 λ

545 3675 635 3732 86.
667 3673 782 3729 Sub
830 3675 965 3736 haec,
1015 3673 1170 3742 quasi
1220 3673 1515 3726 humanum
1564 3686 1734 3741 genus
1778 3671 1950 3740 magis
1982 3683 2045 3722 ac

474 3769 650 3836 magis
678 3766 987 3833 deprimere
1019 3773 1074 3819 et
1106 3765 1173 3818 ad
1203 3764 1484 3818 brutarum
1528 3762 1885 3817 animantium
1917 3776 2048 3815 con-

477 3857 741 3912 ditionem
792 3855 1026 3923 dejicere
1064 3857 1326 3919 studeret,
1375 3855 1641 3923 velletque
1687 3853 1821 3908 nihil
1858 3867 2046 3908 eorum

481 3949 932 4020 praetermittere,
983 3963 1102 4016 qua:
1136 3947 1201 4000 de
1239 3946 1572 4002 animalibus
1606 3944 2049 4000 honorificentius

482 4041 700 4108 prodita
731 4050 894 4105 sunt;
928 4039 1003 4092 ait
1041 4055 1232 4092 corum
1271 4038 1592 4107 quibusdam
1629 4052 1828 4089 arcana
1862 4037 2051 4105 magiae

475 4136 766 4205 explorata
803 4149 944 4198 esse,
980 4143 1039 4186 ut
1080 4148 1146 4186 ne
1203 4131 1333 4185 hinc
1383 4131 1600 4201 quidem
1645 4130 1893 4184 homines
1930 4129 2048 4199 glo-

472 4231 703 4292 rientur,
744 4227 942 4296 illaque
980 4224 1119 4280 infra
1149 4240 1210 4280 se
1246 4225 1468 4279 ducant.
1507 4223 1584 4277 Ac
1625 4221 1708 4277 sic
1755 4221 1848 4277 ille
1873 4221 2047 4290 loqui-

472 4335 604 4376 tur:
665 4341 683 4373 ε
723 4321 877 4388 Quod
928 4322 970 4374 si
1025 4323 1092 4375 de
1140 4318 1330 4387 magia:
1386 4318 1601 4372 arcanis
1657 4315 1758 4371 sibi
1784 4315 2041 4386 plaudant

2152 3101 2266 3162 τοῖς
2294 3098 2529 3166 ἀλόγοις,
2565 3097 2668 3152 κᾶν
2703 3099 2911 3170 μεγάλα
3021 3099 3130 3170 (22)
3169 3102 3370 3155 αὐτῶν
3403 3100 3471 3153 τά
3498 3097 3714 3169 σώματα,

2152 3190 2254 3241 οὐκ
2280 3189 2444 3260 ἄλλην
2483 3190 2670 3260 ὄψεται
2714 3191 2884 3262 ἀρχὴν
2911 3191 2943 3262 ἢ
2974 3191 3070 3262 τὴν
3119 3192 3211 3262 (ἵν’
3263 3194 3446 3256 οὕτως
3477 3190 3713 3260 ὀνομάσω)

2154 3279 2394 3350 ἀλογίαν,
2429 3282 2486 3334 ἐν
2515 3281 2572 3334 δὲ
2599 3285 2711 3344 τοῖς
2742 3281 2976 3350 λογικοῖς
3002 3282 3159 3351 λόγον
3192 3284 3291 3337 τὸν
3329 3284 3508 3337 κοινὸν
3537 3278 3716 3350 ἀνθρὼ-

2155 3389 2271 3426 πων
2302 3373 2438 3443 πρὸς
2461 3371 2530 3425 τὰ
2558 3372 2676 3426 θεῖα
2701 3374 2793 3427 καὶ
2821 3374 3136 3445 ἐπουράνια,
3189 3375 3340 3445 τάχα
3374 3375 3430 3428 δὲ
3461 3375 3549 3427 καὶ
3577 3371 3711 3424 αὑτὸν

2153 3466 2244 3520 τὸν
2277 3467 2369 3519 ἐπὶ
2403 3468 2534 3520 πᾶσι
2552 3466 2704 3530 Θεὸν,
2739 3466 2806 3520 δι’
2832 3466 2891 3518 ὃν
2920 3469 3040 3520 κατ’
3074 3469 3269 3522 εἰκόνα
3299 3469 3576 3537 γεγονέναι
3600 3463 3710 3516 ovo.

2156 3575 2358 3629 μασται
2383 3558 2474 3612 τοῦ
2517 3560 2683 3614 Θεοῦ’
2731 3558 2894 3613 εἰκὼν
2939 3559 3046 3631 γὰρ
3084 3560 3182 3613 τοῦ
3227 3564 3325 3614 ἐπὶ
3365 3562 3498 3613 πᾶσι
3540 3555 3706 3609 Θεοῦό

2153 3647 2326 3716 Λόγος
2352 3648 2498 3701 ἐστὶν
2528 3647 2712 3702 αὐτοῦ.

2237 3741 2396 3812 Ἑξῆς
2439 3741 2495 3793 δὲ
2531 3742 2759 3805 τούτοις,
2811 3743 3052 3812 ὡσπερεὶ
3095 3742 3189 3796 ἐπὶ
3243 3744 3429 3797 πλεῖον
3475 3739 3579 3812 (25)
3624 3752 3698 3790 κα-

2150 3834 2442 3888 ταϐιϐάσαι
2471 3833 2866 3904 ἀγωνιζόμενος
2887 3836 2950 3888 τὸ
2973 3833 3082 3888 τῶν
3107 3835 3206 3888 ἀνθ
3217 3836 3420 3907 ρώπων
3443 3833 3604 3904 γένος,
3626 3829 3695 3881 καὶ

2151 3927 2473 3998 ἐξομοιῶσαι
2497 3929 2608 3990 τοῖς
2644 3925 2874 3996 ἀλόγοις,
2917 3927 3010 3980 καὶ
3041 3927 3208 3998 μηδὲν
3250 3931 3280 3982 ὅ
3323 3945 3376 3980 τι
3415 3921 3690 3980 καταλιπεῖν

2151 4019 2317 4075 θέλων
2352 4020 2459 4074 τῶν
2493 4023 2549 4075 ἐν
2580 4024 2690 4084 τοῖς
2735 4021 2946 4090 ἀλόγοις
2988 4022 3413 4094 ἱστορουμένων,
3446 4013 3689 4091 ἐμφαινόν-

2149 4131 2256 4168 των
2279 4115 2342 4168 τὸ
2378 4113 2580 4187 μεῖζον,
2611 4117 2706 4170 καὶ
2748 4114 2816 4167 τὰ
2855 4115 2952 4184 τῆς
2982 4115 3238 4185 γοητείας
3269 4115 3431 4186 φησὶν
3471 4103 3686 4164 εἶναικαὶ

2151 4209 2206 4263 ἐν
2229 4226 2340 4262 τισι
2365 4207 2476 4262 τῶν
2509 4209 2716 4278 ἀλόγων
2747 4208 2855 4280 (ὡς
2892 4207 3016 4279 μηδ’
3043 4207 3136 4260 ἐπὶ
3161 4207 3343 4278 τούτῳ
3369 4208 3491 4268 τοὺς
3516 4194 3686 4269 ἀνθρὼ-

2151 4320 2286 4367 πους
2315 4301 2604 4374 ἐξαιρέτως
2630 4301 2737 4373 (24)
2782 4298 3157 4370 σεμνύνεσθαι,
3200 4300 3340 4370 μηδέ
3379 4297 3540 4350 θέλειν
3568 4290 3680 4358 ἔχειν

471 4415 742 4479 homines,
775 4415 875 4468 hac
909 4427 970 4467 re
992 4412 1354 4482 sapientiores
1386 4409 1490 4464 illis
1516 4418 1642 4464 sunt
1671 4418 1953 4477 serpentes
1989 4419 2044 4461 et

2157 4396 2247 4466 τὴν
2279 4395 2416 4465 πρὸς
2447 4394 2514 4447 τὰ
2545 4395 2711 4462 ἄλογα
2739 4391 3064 4463 ὑπεροχήν,)
3096 4391 3187 4444 καί
3221 4407 3358 4462 φησι
3386 4387 3558 4441 ταῦτα·

471 4507 688 4577 aquilae.
716 4504 934 4561 Norunt
967 4506 1109 4558 enim
1144 4505 1312 4558 multa
1341 4511 1530 4556 contra
1561 4517 1768 4556 venena
1804 4511 1858 4556 et
1895 4517 2040 4556 mor-

474 4605 573 4654 bos
613 4601 874 4663 remedia,
907 4598 1267 4667 quorumdam
1303 4597 1466 4650 etiam
1515 4596 1755 4665 lapidum
1807 4597 2039 4650 virtutes

471 4702 606 4757 quas
637 4689 899 4741 curandis
927 4687 1086 4755 pullis
1134 4687 1414 4740 adhibent.
1456 4685 1512 4739 In
1564 4700 1702 4754 quos
1746 4685 1950 4755 lapides
1996 4686 2038 4740 si

473 4778 690 4848 quando
715 4778 962 4833 homines
996 4778 1316 4843 inciderint,
1359 4793 1610 4846 magnum
1655 4777 1782 4846 quid
1815 4778 2039 4846 adeptos

471 4886 594 4926 esse
625 4884 682 4924 se
708 4868 969 4935 iudicant.
1008 4887 1027 4920 ι
1063 4868 1141 4922 Ac
1171 4869 1404 4937 primutn
1436 4867 1651 4936 quidem
1685 4867 1869 4921 nescio
1900 4883 2038 4936 quo-

471 4966 634 5020 modo
677 4962 1064 5032 ezpcrientiam
1117 4963 1479 5031 quorumdam
1544 4961 1907 5016 remediorum
1947 4974 2040 5017 aut

544 5187 654 5257 (20)
719 5185 1207 5257 Ἀπαγγέλλουσι.
1278 5182 1459 5238 Malim
1529 5199 1651 5237 ('tllll
1737 5183 2036 5248 Bohereilo,

468 5258 902 5333 ἀπαγγελλούσῃ.

533 5323 990 5403 (2i)Lil)h.'editi
1019 5329 1070 5383 in
1123 5327 1388 5403 margine,
1433 5323 1623 5403 αρτοίξ.
1673 5323 1855 5403 faulo
1919 5333 2039 5403 post

469 5394 795 5472 Philocalia,
816 5403 908 5454 ἀπ’
942 5397 1169 5472 οὐρανοῦ
1202 5398 1275 5472 τάξ
1301 5398 1392 5472 ἐπὶ
1423 5396 1525 5472 γῆς
1565 5394 1875 5472 ἐπῴλέποι.
1929 5396 2028 5472 Ln-

468 5479 655 5530 cianus
679 5475 730 5526 in
762 5465 1050 5540 Contemp'l.
1080 5470 1279 5539 aliquid
1310 5468 1422 5522 fere
1452 5466 1632 5519 simile
1654 5468 1860 5540 habet_:
1899 5465 2040 5518 unde

469 5561 575 5599 non
631 5546 902 5597 immerito
932 5536 1108 5612 colligi
1145 5536 1320 5608 potest
1377 5552 1628 5608 magnam
1659 5551 1780 5590 eum
1813 5536 1952 5589 inter
1978 5545 2034 5589 et

465 5615 680 5673 Celsum
711 5613 875 5666 fuisse
912 5612 1387 5667 necessitudinem.

536 5671 648 5751 (ἐξ)
684 5683 838 5735 Lihb.
878 5685 1006 5737 editi
1040 5684 1091 5736 in
1128 5693 1292 5744 textu,
1337 5681 1437 5735 κᾶν
1471 5676 1680 5750 μεγάλα
1865 5673 2030 5751 [tullio

468 5752 607 5808 infra
632 5743 958 5811 'Pltilocalia.
982 5755 1038 5807 ἐν
1066 5753 1120 5806 δὲ
1135 5755 1242 5813 τοῖς
1265 5743 1501 5820 λογικοῖς
1529 5743 1588 5803 τὸ
1617 5743 1792 5802 κοινόν
1819 5743 2028 5808 ἀνθρὼ-

2148 4487 2206 4540 δέ
2229 4504 2280 4540 τι
2307 4488 2400 4540 καὶ
2427 4487 2518 4539 ἐπὶ
2550 4483 2771 4556 γοητεία
2810 4484 3093 4556 φρονοῦσιν
3125 4483 3421 4555 ἄνθρωποι,
3465 4474 3562 4531 ἀλλ’
3592 4468 3669 4538 ἤδη

2153 4583 2247 4636 καὶ
2287 4581 2428 4635 κατὰ
2462 4581 2620 4634 τοῦτο
2656 4577 2951 4650 σοφώτεροι
2999 4578 3149 4647 ὄφεις
3187 4581 3282 4632 καὶ
3324 4572 3500 4630 ἀετοί·

2148 4674 2279 4742 γοῦν
2323 4673 2500 4726 ῐσασιν
2547 4647 2966 4742 ἀλεξιφάρμακα
3017 4671 3111 4724 καὶ¹
3149 4670 3463 4735 ἀλεξίκακα,
3505 4656 3577 4713 καὶ
3608 4647 3664 4742 δὴ

2151 4769 2245 4822 καὶ
2268 4767 2431 4820 λίθων
2454 4765 2614 4818 τινῶν
2636 4765 2911 4835 δυνάμεις,
2939 4767 3029 4818 ἐπὶ
3060 4765 3302 4836 σωτηρίᾳ
3326 4759 3432 4813 τῶν
3457 4758 3666 4808 νεοσσων·

2146 4857 2240 4926 Οἷς
2288 4861 2354 4914 ἂν
2405 4859 2734 4930 ἐπιτύχωσιν
2780 4858 3072 4930 ἄνθρωποι,
3119 4853 3423 4928 θαυμαστόν
3451 4867 3498 4902 τι
3521 4841 3668 4910 κτῆμα

2147 4956 2288 5027 ἔχειν
2319 4951 2617 5025 νομίζουσι.
2653 4972 2671 5003 ι
2707 4953 2818 5004 Καὶ
2848 4951 3060 5022 πρῶτόν
3101 4968 3164 5020 γε
3190 4951 3287 5003 οὐκ
3317 4943 3408 5001 οἶδ’
3432 4943 3562 4999 ὅπως
3590 4931 3668 4998 τὴν

2146 5201 2262 5237 πων
2405 5183 2471 5236 δι’
2493 5181 2520 5233 ὃ
2547 5181 2666 5234 κατ’
2697 5177 2904 5231 εἰκόνα.

2211 5230 2714 5325 ξέὶέῇ-Ρῇἷξιοοξίέπι
2743 5230 2947 5305 πλεῖον.
2997 5243 3343 5299 Ηωεθὶιεὶίιιε
3372 5243 3422 5290 el
3467 5230 3663 5297 Spence‘

2143 5323 2255 5389 rus,
2288 5325 2378 5377 ἐπὶ
2413 5323 2691 5376 πλειόνων.

2211 5397 2320 5466 (2i)
2373 5392 2734 5466 Ἐξαιρέτως.
2799 5392 2969 5466 Deest
3033 5392 3330 5466 apudnllq

2144 5455 2500 5534 Sp'euccrnm,
2517 5455 2608 5534 §ed
2639 5455 2906 5531 reperitur
2930 5455 3379 5534 in_c_odd.__Regiq,

2147 5515 2725 5590 ei'i’vlt'iiocalia.’Infra
2760 5540 2909 5583 recte
2952 5515 3364 5587 Philocaliafei
3391 5515 3444 5570 δέ

3179 5576 3496 5676 iSﬁipencerum
3527 5576 3649 5629 del!“

2139 5678 2250 5730 ἐπί.
2271 5663 2476 5733 ibidem
2503 5663 2618 5744 lego
2655 5671 2793 5742 μέγα
2829 5668 3113 5740 φρονοῦσιν
3141 5665 3411 5734 ἄνθρωποι.

2812 5389 2969 5441 Deest
3033 5385 3174 5455 apud
3243 5370 3582 5450 lrwschelittm
3623 5364 3666 5436 ef

2822 5470 2906 5499 Inr
2930 5459 2981 5499 in
3009 5457 3165 5499 omld-
3195 5452 3379 5499 Regio.
3409 5437 3658 5499 Basrlecni'

3451 5457 3516 5494 ilSl
3524 5453 3642 5489 "TI"

3490 5525 3532 5562 τι
3579 5514 3652 5555 καί
