3986 6164
324 288 352 341 Ι
371 289 399 343 l
413 290 487 344 61
1546 289 1825 347 CONTRA
1859 292 1921 347 Cl

2026 292 2132 349 ,ΠΜ
2168 292 2295 351 LIB.
2336 293 2424 349 IV.
3446 304 3586 360 “69

319 404 457 458 τῶν
492 403 644 469 ζώων
673 402 800 474 περὶ
829 403 897 457 τὰ
923 402 1125 471 φυσικὰ
1152 404 1570 477 ἀλεξιφάρμακα
1595 408 1705 461 εἴτε
1735 412 1921 481 ἐμπει-

2029 408 2333 463 naturalem
2357 407 2647 477 quamdam
2674 409 2943 474 notitiam,
2987 425 3106 480 quas
3156 413 3207 467 in
3259 414 3585 474 animalibus

326 497 497 566 ρίαν,
529 496 637 548 εἴτε
665 497 897 565 φυσικήν
921 513 1041 548 τινα
1072 495 1395 565 κατάληψιν,
1426 500 1677 569 γοητείαν
1708 502 1921 572 ώνόμα·‹

2026 515 2148 555 esse
2177 502 2412 566 videtur,
2447 501 2637 570 magiae
2662 502 2882 556 nomine.
2906 502 3279 572 appellaverit.
3318 506 3450 561 Natn
3482 509 3584 564 boc

323 600 473 637 σεν·
506 586 592 638 ἐπ“
624 584 783 638 ἄλλου
812 585 920 655 γὰρ
942 586 1223 655 τέτριπται
1251 587 1312 639 τὸ
1358 588 1455 656 τῆς
1496 590 1750 659 γοητείας
1791 593 1921 645 τάσ-

2026 605 2222 645 nomen
2256 593 2305 645 in
2338 592 2496 646 aliam
2522 600 2729 661 partem
2774 595 2942 663 accipi
2988 596 3142 650 solet.
3184 597 3293 652 Nisi
3336 598 3492 665 forte,
3526 611 3585 654 ut

322 675 544 729 σεσθαι
586 676 693 746 (25)
728 676 914 746 ὄνομα.
952 678 1014 729 Εἰ
1042 677 1115 746 μὴ
1147 677 1253 747 ἄρα
1282 677 1580 747 λεληθότως
1617 681 1921 734 διαϐάλλειν

2026 680 2343 747 Epicureus,
2414 684 2700 736 traducere
2761 683 3060 737 clanculum
3109 687 3337 741 voluerit
3383 704 3584 744 areana

325 765 626 835 βούλεται,
656 768 731 830 ὡς
776 754 1164 838 Ἐπικούρειος,
1196 770 1375 822 πᾶσαν
1404 770 1502 840 τὴν
1533 770 1641 824 τῶν
1669 773 1921 827 τοιούτων

2028 772 2259 839 magica,
2297 773 2447 840 quasi
2480 774 2698 841 propria
2745 788 2936 827 eorum
2994 776 3084 843 qui
3136 778 3460 848 impostores
3490 802 3587 844 vo-

323 858 569 927 χρῆσιν,
593 857 667 921 ὡς
696 860 753 910 ἐν
781 858 1078 929 ἐπαγγελίᾳ
1097 860 1304 930 γοήτων
1327 858 1602 930 κειμένην.
1626 861 1770 933 Πλὴν
1792 862 1921 916 ἀλλὰ

2026 872 2236 914 cantur.
2275 863 2379 916 Sed
2417 863 2484 915 do
2517 864 2589 915 illi
2626 863 2873 918 homines
2901 869 2969 921 de
3005 866 3216 923 illorum
3257 886 3584 932 arcanorum

322 946 585 1001 δεδόσθω
611 948 757 1019 αύτῷ
776 950 836 1001 τὸ
861 950 987 1012 τοὺς
1015 949 1332 1021 ἀνθρώπους
1360 955 1575 1021 φρονεῖν
1597 953 1688 1006 ἐπὶ
1713 957 1779 1025 τῇ
1810 954 1921 1006 τού-

2026 952 2339 1021 cognitione
2367 953 2654 1022 magniﬁce
2683 969 2741 1010 se
2762 956 2976 1022 ell‘erre,
3018 960 3133 1015 sive
3159 961 3481 1031 impostores
3510 969 3585 1023 illi

322 1053 457 1091 των
486 1037 681 1106 γνώσει
730 1039 891 1109 μέγα,
915 1038 1024 1092 εἴτε
1063 1041 1262 1109 γόητας
1307 1041 1487 1106 ὄντας,
1532 1043 1640 1095 εἴτε
1679 1046 1771 1098 καὶ⁹
1816 1047 1919 1117 μή·

2026 1044 2154 1108 sint,
2197 1044 2311 1097 sive
2361 1060 2511 1099 non:
2567 1047 2834 1113 quomodo
2879 1048 2980 1103 hac
3026 1065 3084 1104 re
3151 1064 3429 1119 serpentes
3460 1070 3588 1112 sunt

326 1127 472 1191 πῶς
493 1128 571 1180 ἔτι
601 1127 892 1198 σοφώτεροι
920 1127 1059 1181 κατὰ
1078 1129 1235 1180 τοῦτο
1262 1129 1560 1200 ἀνθρώπων
1583 1133 1718 1185 εἰσιν
1748 1132 1920 1201 ὄφεις,

324 1219 421 1289 τῷ
462 1220 725 1291 μαράθρῳ
758 1222 868 1289 (26)
915 1221 992 1284 εἷς
1019 1220 1288 1286 ὀξυωπίαν
1324 1222 1417 1273 καὶ
1452 1222 1727 1293 ταχύτητα
1770 1226 1923 1295 κινή-

2028 1137 2336 1190 hominibus
2368 1137 2764 1206 sapientiores?
2795 1138 2927 1191 Cum
2968 1141 3110 1193 enim
3142 1142 3213 1195 illi
3259 1144 3489 1202 feniculo
3519 1152 3584 1203 ad

2026 1230 2323 1281 acuendam
2388 1228 2662 1282 oculorum
2706 1230 2877 1283 aciem
2910 1230 3314 1303 agilitatemqne
3345 1242 3586 1307 corporis

328 1329 492 1374 σεως
521 1311 809 1383 χρώμενοι,
844 1312 1001 1382 μόνον
1028 1312 1185 1364 τοῦτο
1215 1312 1439 1380 φυσικὸν
1471 1314 1571 1367 οὑκ
1602 1314 1661 1378 ἐξ
1688 1315 1921 1383 ἐπιλογι-

331 1404 493 1472 σμοῦ
540 1404 1068 1473 καταλαμϐάνοντες,
1110 1403 1221 1455 ἀλλ’
1252 1405 1316 1457 ἐκ
1362 1406 1741 1475 κατασκευῆς;
1794 1406 1926 1458 Ἀν-

329 1494 561 1565 Ορωποι
611 1495 668 1547 δέ
708 1495 809 1547 οὑκ
855 1496 962 1547 ἀπὸ
1002 1494 1165 1564 ψιλῆς
1210 1494 1423 1563 φύσεως
1456 1498 1548 1550 ἐπὶ
1592 1496 1655 1550 τὸ
1684 1497 1923 1549 τοιοῦτον

328 1589 553 1657 ὁμοίως
583 1587 768 1656 ὄφεσιν
800 1586 1075 1657 ἔρχονται·
1108 1586 1242 1639 ἀλλὰ
1271 1587 1345 1658 πὴ
1379 1586 1475 1657 μὲν
1501 1590 1566 1641 ἐκ
1596 1587 1810 1659 πείρας,
1846 1589 1920 1660 πὴ

332 1678 388 1731 δ’
424 1679 493 1731 ἐκ
519 1677 701 1746 λόγου,
736 1677 846 1729 ἐσθ’
875 1679 964 1730 ὅτε
993 1677 1037 1729 δ’
1070 1676 1130 1741 ἐξ
1157 1677 1508 1748 ἐπιλογισμοῦ
1530 1679 1622 1732 καὶ
1651 1681 1772 1733 κατ’
1801 1682 1923 1733 ἐπι-

336 1773 585 1841 στήμην.
626 1770 713 1833 Ὠς
746 1772 793 1822 εἰ
821 1771 913 1823 καὶ
942 1771 1089 1822 ἀετοὶ
1114 1770 1232 1853 ,(27)
1264 1768 1399 1842 πρὸς
1429 1771 1698 1841 σωτηρίαν
1728 1772 1833 1825 τῶν
1863 1772 1919 1825 ἐν

335 1863 414 1931 τῇ
452 1862 613 1931 καλιᾷ
648 1862 900 1925 νεοσσῶν,
947 1859 1037 1913 τὸν
1067 1861 1355 1931 λεγόμενον
1397 1860 1614 1932 ἀετίτην
1661 1861 1805 1914 λίθον
1834 1863 1922 1915 εύ-

282 1936 302 1961 ”
340 1952 561 2022 ρόντες,
593 1952 848 2022 φέρουσιν
879 1955 966 2005 ἐπ’
998 1952 1187 2022 αὑτὴν,
1228 1952 1410 2014 πόθεν,
1441 1954 1521 2005 ὅτι
1567 1953 1720 2022 σοφοὶ
1749 1955 1918 2017 ἀετοὶ,

337 2044 449 2096 καὶ
477 2043 583 2096 τῶν
611 2043 910 2114 ἀνθρώπων
932 2042 1248 2114 σοφώτεροι,
1272 2045 1380 2097 τῶν
1410 2046 1473 2098 ἐκ
1493 2044 1688 2117 πείρας
1717 2045 1777 2097 τὸ
1810 2048 1922 2109 τοῖς

337 2137 528 2196 ἀετοῖς
553 2134 701 2188 δοθὲν
730 2134 953 2203 φυσικὸν
985 2135 1233 2207 βοήθημα
1263 2136 1529 2207 εὑρόντων
1573 2134 1660 2189 διὰ
1704 2135 1799 2188 τοῦ
1830 2137 1919 2189 λο-

336 2224 549 2297 γισμοῦ
581 2226 691 2297 (28)
726 2226 822 2280 καὶ
855 2226 992 2296 μετὰ
1021 2227 1111 2280 νοῦ
1142 2227 1537 2300 χρησαμένωνς

421 2397 604 2450 Ἔστω
638 2397 693 2451 δὲ
727 2399 821 2452 καὶ
858 2400 989 2453 ἄλλα
1029 2398 1133 2454 ὑπὸ
1171 2400 1278 2455 τῶν
1322 2400 1475 2466 ζώων
1527 2401 1923 2470 γιγνώσκεσθαι

337 2488 794 2561 ἀλεξιφάρμακα·
826 2490 877 2545 τί
898 2489 989 2545 οὖν
1021 2492 1180 2546 τοῦτο
1208 2490 1343 2565 πρὸς
1369 2493 1428 2545 τὸ
1466 2494 1537 2564 μὴ
1573 2493 1752 2562 φύσιν,
1785 2477 1920 2550 ἀλλὰ

338 2581 505 2649 λόγον
522 2582 658 2636 εἶναι
686 2584 775 2636 τὸν
793 2584 1112 2653 εύρὶσκοντα
1129 2584 1299 2637 ταῦτα
1316 2586 1371 2637 ἐν
1388 2589 1498 2647 τοῖς
1518 2584 1678 2648 ζώοις
1703 2604 1717 2649 ;
1742 2587 1805 2639 El
1828 2588 1926 2657 μὲν

340 2673 459 2744 γὰρ
490 2674 643 2743 λόγος
662 2670 728 2745 ἦν
748 2674 1080 2745 ὁεὺρίσκων,
1114 2676 1215 2727 οὐκ
1247 2674 1310 2727 ἂν
1340 2674 1791 2743 ἀποτεταγμένως
1814 2676 1924 2747 (29)

338 2765 469 2818 τόδε
494 2782 546 2817 τι
571 2766 727 2836 μόνον
757 2766 1039 2835 εὑρίσκετο
1062 2766 1119 2819 ἐν
1140 2765 1346 2834 ὄφεσιν,
1367 2765 1505 2818 ἔστω
1530 2767 1622 2820 καὶ
1650 2767 1923 2840 δεύτερον,

339 2857 446 2909 καὶ
464 2856 665 2926 τρίτον,
688 2855 781 2908 καὶ
802 2855 927 2908 ἄλλο
945 2873 995 2907 τι
1027 2859 1083 2909 ἐν
1108 2855 1269 2926 ἀετῷ,
1294 2856 1388 2909 καὶ
1414 2855 1585 2921 οὕτως
1599 2860 1656 2909 ἐν
1685 2860 1794 2921 τοῖς
1814 2859 1927 2913 λοι.

340 2949 473 3010 ’ποῖς
503 2946 680 3010 ζώοις·
714 2946 849 3000 ἀλλὰ
876 2946 1114 3000 τοσαῦτα
1144 2945 1228 3014 ἂν,
1257 2947 1357 3000 ὅσα
1388 2943 1480 3001 καὶ
1508 2949 1565 3000 ἐν
1592 2947 1922 3020 ἀνθρώποις.

338 3037 486 3093 Νυνὶ
499 3039 556 3093 δὲ
580 3038 805 3107 φανερὸν
826 3040 889 3091 ἐκ
902 3038 996 3092 τοῦ
1014 3034 1467 3108 ἀποτεταγμένως
1496 3037 1632 3110 πρός
1652 3057 1775 3094 τινα
1796 3041 1924 3095 ἐκά-

344 3141 477 3182 στου
509 3129 665 3199 φύσιν
694 3130 830 3194 ζώου
852 3126 1158 3183 νενευκέναι
1184 3129 1524 3200 βοηθήματα,
1551 3131 1631 3183 ὅτι
1658 3130 1718 3182 οὑ
1741 3130 1919 3199 σοφία,

343 3220 471 3272 οὐδὲ
497 3219 652 3287 λόγος
680 3221 824 3273 ἐστὶν
853 3222 910 3273 ἐν
941 3221 1141 3283 αὐτοῖς,
1181 3220 1316 3274 ἀλλά
1344 3238 1427 3283 τις
1455 3221 1657 3291 φυσικὴ
1697 3221 1833 3290 πρὸς
1854 3221 1923 3275 τὰ

344 3310 531 3361 τοιάδε
574 3311 843 3381 σωτηρίας
884 3310 1066 3363 ἕνεκεν
1112 3311 1219 3364 τῶν
1250 3310 1401 3376 ζώων
1439 3310 1771 3380 κατασκευὴ,
1817 3308 1923 3363 ὑπὸ

346 3400 449 3452 τοῦ
477 3401 648 3468 Λόγου
677 3399 1035 3471 γεγενημένη.
1072 3400 1330 3468 Καίτοιγε
1356 3403 1402 3454 εἰ
1433 3400 1729 3471 ἐϐουλόμην
1758 3401 1921 3470 ὁμόσε

346 3494 550 3562 χωρεῖν
582 3490 661 3561 τῷ
691 3492 881 3562 Κέλσῳ
914 3491 1054 3544 κατὰ
1083 3491 1276 3555 ταῦτα,
1315 3491 1633 3562 ἐχρησάμην
1671 3492 1736 3543 ἂν
1767 3488 1924 3544 Σολο-

351 3582 564 3652 μῶντος
612 3581 752 3649 λέξει
800 3582 908 3635 ἀπὸ
956 3581 1064 3634 τῶν
1107 3582 1441 3652 Παροιμιῶν,
1486 3581 1656 3644 οὕτως
1692 3579 1919 3651 ἐχούσῃ·

352 3678 372 3723 ι
419 3673 673 3744 Τέσσαρα
707 3673 751 3726 δ’
782 3674 928 3725 ἐστὶν
966 3673 1222 3743 ἐλάχιστα
1248 3674 1340 3725 ἐπὶ
1370 3672 1470 3742 τῆς
1511 3672 1634 3741 γῆς,
1665 3671 1838 3725 ταῦτα
1866 3672 1924 3724 δέ

345 3769 468 3820 ἐστι
494 3765 775 3837 σοφώτερα
802 3766 908 3818 τῶν
931 3765 1129 3834 σοφῶν·
1155 3765 1203 3816 οἱ
1237 3764 1540 3837 μύρμηκες,
1572 3757 1653 3826 οἷς
1680 3763 1751 3834 μή
1776 3764 1920 3815 ἐστιν

350 3863 528 3931 ἰσχὺς,
567 3861 660 3913 κα).
686 3858 1063 3931 ἐτοιμάζονται
1092 3857 1283 3928 θέρους
1309 3856 1405 3926 τὴν
1434 3856 1639 3925 τροφήν
1666 3855 1797 3925 (50)·
1830 3854 1923 3908 καὶ

344 3957 399 4009 οἱ
438 3953 852 4025 χοιρογρύλλιοι,
886 3952 1035 4014 ἔθνος
1074 3950 1175 4004 οὐκ
1205 3949 1440 4020 ἰσχυρὸν,
1485 3948 1533 3999 οἳ
1570 3947 1831 4018 ἐποίησαν
1865 3948 1921 4001 ἐν

349 4046 581 4116 πέτραις
620 4045 747 4106 τοὺς
792 4042 995 4095 ἑαυτῶν
1038 4041 1249 4102 οἴκους·
1302 4038 1651 4100 ἁϐασίλευτὸς
1697 4040 1841 4091 ἐστιν
1885 4041 1918 4108 ἡ

351 4138 534 4208 ἁκρὶς,
565 4137 656 4189 καὶ
677 4132 954 4205 στρατεύει
980 4132 1086 4186 ἀπὸ
1107 4133 1223 4194 ἐνὸς
1239 4130 1603 4199 κελεύσματος
1624 4129 1916 4191 εὐτάκτως·

352 4229 450 4282 καὶ
486 4225 899 4295 ἀσκαλαϐώτης,
930 4224 1116 4294 χερσὶν
1146 4222 1500 4293 ἐρειδόμενος,
1534 4221 1627 4272 καὶ
1658 4219 1924 4282 εὐάλωτος

353 4318 452 4381 ὢν,
476 4320 717 4370 κατοικεῖ
746 4318 852 4386 (51)
880 4318 937 4367 ἐν
965 4312 1277 4385 ὀχυρώμασι
1313 4311 1589 4377 βασιλέως.
1630 4328 1647 4359 ι
1698 4310 1833 4361 Ἀλλ’
1860 4310 1920 4361 οὐ

2025 1323 2445 1390 comparandam
2478 1330 2725 1387 utuntur,
2751 1322 2802 1374 id
2838 1323 3013 1376 solum
3040 1324 3141 1377 sibi
3175 1342 3201 1377 a
3240 1341 3427 1393 natura
3463 1346 3585 1398 por-

2026 1418 2230 1499 rectum
2263 1412 2551 1479 arripiunt,
2580 1426 2684 1463 non
2730 1410 2956 1464 rationis
3008 1412 3228 1478 lumine,
3257 1418 3348 1471 sed
3388 1436 3586 1488 corpo.

2026 1502 2102 1554 ris
2136 1502 2562 1556 constructione.
2593 1502 2661 1555 At
2683 1517 2809 1556 vero
2843 1501 3108 1567 homines,
3158 1520 3279 1560 cum
3332 1510 3473 1565 idem
3504 1523 3587 1566 at-

2025 1606 2130 1659 que
2160 1603 2436 1662 serpentes
2463 1594 2690 1663 faciunt,
2720 1608 2823 1648 non
2862 1607 2927 1647 eo
2968 1596 3310 1652 adducuntur
3351 1603 3586 1671 simplici

2028 1694 2242 1746 natura,
2277 1686 2370 1737 sed
2404 1684 2616 1751 partim
2674 1684 3043 1754 experientia,
3101 1691 3293 1757 partim
3359 1697 3586 1761 ratione,

2022 1775 2231 1842 partim
2254 1775 2668 1831 ratiocinatione
2695 1784 2747 1831 et
2777 1776 3027 1831 scientia.
3066 1776 3195 1833 item
3233 1799 3353 1837 cum
3396 1786 3589 1855 aquila:

2023 1864 2271 1934 lapidem,
2301 1869 2393 1935 qui
2427 1869 2618 1924 aetites
2647 1882 2891 1939 vocatur,
2919 1885 3116 1938 nactze,
3145 1876 3292 1930 illum
3337 1878 3388 1930 in
3432 1880 3587 1934 nidos

2023 1957 2261 2012 inferunt
2288 1961 2353 2013 ad
2393 1962 2645 2015 tuendam
2682 1963 2947 2032 pullorum
2997 1967 3458 2035 incolumitatem,
3492 1988 3589 2025 cur

2024 2051 2227 2107 idcirco
2256 2061 2384 2106 sunt
2414 2054 2771 2122 sapientiores
2797 2055 3126 2124 hominibus,
3175 2060 3265 2128 qui
3305 2062 3588 2129 experien-

2023 2148 2120 2209 tia,
2169 2144 2377 2197 ratione
2430 2155 2484 2197 et
2526 2144 2881 2213 intelligentia
2950 2148 3273 2203 invenerunt
3327 2152 3588 2205 adhibue-

2025 2243 2257 2302 runtque
2318 2234 2652 2300 remedium,
2703 2234 2843 2304 quod
2904 2238 3099 2306 aquilis
3157 2224 3349 2295 natura
3418 2244 3587 2300 dede.

2055 2333 2101 2375 al

2055 2323 2150 2376 al?

2024 2340 2051 2378 Γ
2095 2392 2183 2447 87.
2227 2392 2331 2447 Sed
2363 2401 2502 2456 esto,
2549 2393 2651 2446 alia
2706 2409 2919 2463 quoque
2975 2398 3207 2451 remedia
3260 2413 3588 2469 cognoscant

2025 2481 2246 2545 bestia';
2281 2498 2350 2536 an
2376 2483 2501 2537 inde
2528 2498 2866 2552 consequens
2896 2495 2979 2539 est
3002 2502 3105 2541 non
3140 2497 3387 2542 naturam
3444 2510 3585 2557 esse,

2025 2573 2119 2627 sed
2144 2574 2407 2628 rationem
2455 2590 2573 2644 qua:
2605 2574 2807 2629 bestias
2852 2575 2938 2629 illa
2987 2579 3272 2633 docuerit?
3324 2580 3455 2636 Nam
3504 2586 3585 2637 in-

2027 2666 2238 2719 ventrix
2265 2680 2450 2721 eorum
2485 2667 2530 2721 si
2568 2664 2757 2720 fuisset
2784 2668 2942 2731 ratio,
2975 2682 3079 2720 non
3111 2684 3273 2723 unum
3297 2682 3390 2726 aut
3427 2675 3470 2728 si
3511 2676 3590 2729 vis

2028 2757 2134 2812 duo
2171 2766 2261 2811 aut
2307 2757 2409 2811 tria
2447 2756 2738 2813 invenisset
2789 2757 2839 2810 in
2898 2756 3062 2827 568
3117 2762 3486 2829 serpentibus,
3532 2772 3589 2817 et

2028 2845 2174 2901 aliud
2210 2845 2337 2915 quid
2370 2847 2422 2900 in
2451 2846 2651 2915 aquila,
2682 2848 2867 2916 sicque
2921 2849 2972 2901 in
3005 2849 3127 2904 aliis
3184 2853 3584 2921 animantibus;

2029 2936 2119 2991 sed
2154 2945 2233 2990 tot
2270 2938 2322 2990 in
2344 2937 2425 2990 eis
2465 2934 2781 3003 invenisset,
2816 2948 2944 3005 quot
2976 2940 3027 2992 in
3075 2941 3382 2997 hominibus
3434 2944 3588 2997 inve-

2029 3028 2128 3081 nit.
2156 3024 2289 3081 Cum
2324 3027 2491 3095 igitur
2529 3025 2755 3094 singulis
2805 3029 3174 3087 animantibus
3208 3048 3305 3102 pro
3352 3049 3450 3089 sua
3489 3050 3590 3089 cu-

2019 3117 2218 3188 jusque
2256 3127 2451 3171 natura
2506 3119 2746 3173 remedia
2790 3120 3007 3174 definite
3058 3137 3312 3178 concessa
3357 3124 3585 3192 fuerim,

2023 3208 2245 3264 evidens
2274 3220 2360 3263 est
2391 3209 2513 3264 illas
2539 3224 2637 3264 nec
2666 3212 2957 3279 sapientia,
2986 3229 3085 3267 nec
3118 3215 3327 3270 ratione
3356 3218 3583 3273 donatas

2022 3298 2211 3364 fuisse,
2240 3302 2335 3354 sed
2366 3299 2594 3353 naturali
2639 3301 2868 3370 quadam
2915 3318 3038 3373 erga
3071 3316 3166 3358 eas
3210 3321 3298 3360 res
3342 3322 3463 3375 quae
3502 3324 3590 3363 sa.

2022 3388 2121 3442 luti
2147 3389 2409 3459 cujusque
2441 3399 2579 3459 aptae
2600 3401 2726 3445 sunt
2750 3392 3121 3462 dispositione,
3153 3397 3307 3465 cujus
3346 3399 3582 3454 Verbum

2026 3488 2215 3534 auctor
2243 3489 2347 3534 est.
2376 3480 2717 3548 Quanquam,
2744 3483 2791 3537 si
2832 3484 3020 3538 vellem
3045 3487 3109 3538 de
3144 3486 3207 3541 iis
3240 3489 3428 3555 pedem
3458 3505 3584 3544 cum

2023 3569 2184 3626 Celso
2226 3570 2713 3635 conferre,uterer
2759 3573 2827 3627 iis
2884 3589 3002 3643 quae
3041 3575 3180 3629 dixit
3228 3577 3480 3633 Salomon
3534 3581 3588 3634 in

2022 3661 2378 3717 Proverbiis:
2417 3679 2437 3713 ι
2475 3663 2717 3729 Quatuor
2764 3673 2891 3719 sunt
2944 3666 3166 3719 minima
3232 3677 3413 3735 terrae,
3466 3670 3583 3740 ipsa

2024 3763 2203 3807 autem
2233 3751 2557 3821 sapientiora
2593 3753 2930 3823 sapientibus
2964 3772 2977 3808 :
3008 3754 3248 3813 formicm
3288 3761 3483 3829 quibus
3509 3762 3589 3817 vis

2023 3858 2135 3897 non
2163 3853 2346 3907 est,et
2380 3854 2686 3913 praeparant
2731 3844 2785 3898 in
2830 3860 3005 3901 messe
3048 3847 3262 3914 cibum;
3316 3850 3586 3916 histrices,

2023 3936 2174 4004 plebs
2209 3936 2459 4001 invalida,
2508 3936 2597 4005 qui
2647 3934 2854 3991 faciunt
2907 3937 2958 3989 in
3003 3939 3171 4007 petris
3223 3940 3418 3994 cubilia
3454 3957 3584 4007 sua;

2025 4041 2204 4097 regem
2239 4027 2447 4083 lucusta
2488 4043 2592 4082 non
2636 4028 2817 4091 liabet,
2875 4038 2930 4080 et
2977 4045 3083 4081 uno
3119 4031 3334 4099 agmine
3386 4033 3583 4085 bellum

2026 4117 2397 4188 gerit;slellio
2424 4116 2906 4177 inanibusnititnr,
2940 4127 3099 4184 captu
3147 4116 3339 4182 facilis,
3392 4126 3447 4171 et
3489 4118 3590 4171 bac

2024 4210 2160 4262 bitat
2210 4210 2262 4260 in
2310 4222 2495 4276 regum
2549 4205 2766 4274 palatiis
2794 4203 2865 4256 ⁸ο.
2905 4222 2924 4254 ι
2965 4203 3069 4258 Sed
3121 4205 3206 4257 bis
3256 4204 3435 4257 verbis
3478 4218 3586 4258 non

2025 4308 2148 4352 utor
2178 4309 2436 4366 tanquam
2471 4296 2629 4350 obvio
2659 4311 2817 4350 sensu
2856 4294 3246 4361 intelligendis.
3280 4292 3372 4345 Illa
3408 4294 3588 4362 potius

355 4410 680 4482 συγχρῶμαι
721 4382 795 4472 di;
828 4382 1026 4476 σαφέσι
1049 4382 1161 4469 τοῖς
1192 4407 1392 4477 ῥητοῖς,
1426 4400 1731 4463 ἀκολούθως
1767 4402 1825 4453 δὲ
1855 4403 1920 4470 τῇ

2028 4398 2344 4459 perscrutor
2379 4397 2437 4441 ut
2463 4389 2787 4455 aenigmata;
2845 4386 2990 4453 quod
3033 4384 3267 4450 postulat
3307 4384 3418 4451 ipsa
3466 4382 3591 4438 libri

354 4502 637 4573 ἐπιγραφῇ
659 4498 1092 4571 (ἐπιγέγραπται
1115 4496 1223 4566 γὰρ
1247 4494 1306 4547 τὸ
1334 4494 1534 4564 βιϐλίον
1557 4494 1865 4562 Παροιμίαι
1881 4493 1920 4563 )·

356 4593 502 4663 ζητῶ
545 4593 736 4654 ταῦτα,
767 4591 841 4654 ὡς
870 4590 1182 4659 αἰνίγματα.
1222 4587 1380 4649 Ἔθος
1422 4586 1529 4655 γὰρ
1560 4588 1673 4648 τοῖς
1700 4584 1924 4655 ἀνδράσι

355 4685 561 4747 τούτοις
601 4683 668 4736 τὰ
698 4683 882 4753 ἕτερον
925 4682 1021 4752 μέν
1063 4698 1114 4732 τι
1157 4674 1378 4732 αὐτόθεν
1417 4676 1696 4748 δηλοῦντα,
1742 4677 1924 4747 ἕτερον

358 4775 413 4826 δέ
443 4777 499 4826 ἐν
528 4774 750 4844 ὑπονοίᾳ
776 4771 1206 4840 ἀπαγγέλλοντα,
1235 4770 1459 4839 διαιρεῖν
1488 4771 1566 4830 εἰς
1595 4768 1707 4838 εἴδη
1735 4768 1921 4831 πολλὰ,

360 4860 433 4919 ὢν
462 4868 518 4920 ’ἐν
544 4863 680 4920 εἶναι
703 4865 812 4935 (52)
840 4865 938 4927 τὰς
964 4861 1286 4934 Παροιμίας.
1315 4860 1403 4912 Διὸ
1428 4859 1520 4911 καὶ
1542 4862 1598 4911 ἐν
1617 4861 1728 4921 τοῖς
1751 4860 1923 4926 Εὐαγ-

360 4956 556 5025 Ὺελίοις
583 4958 739 5029 ἡμῶν
777 4957 1085 5028 γέγραπται
1120 4957 1148 5007 ὁ
1180 4953 1368 5023 Σωτὴρ
1418 4951 1574 5022 ἡμῶν
1619 4950 1915 5021 εἰρηκέναι·

438 5073 483 5104 ⁸ο
520 5072 675 5125 Prov.
710 5085 838 5135 τις,
858 5068 951 5131 24,
976 5065 1066 5119 25.

432 5166 544 5235 (‘25)
571 5163 797 5235 Pliiloc.,
826 5159 1140 5235 τάσσεσθαι,
1180 5156 1379 5212 rectius
1406 5169 1567 5223 quam
1594 5152 1683 5207 alii
1711 5152 1840 5207 libb.
1865 5153 1917 5205 in

361 5229 561 5306 quibus
595 5234 826 5306 legitur,_
845 5229 1095 5306 ἐσεσθαιπ
1163 5295 1236 5306 Μ.
1258 5260 1261 5261 ν
1283 5295 1294 5306 ο
1421 5294 1453 5306 Π

431 5305 542 5376 (εδ)
574 5290 967 5376 mmmam).
1002 5297 1130 5376 viae
1162 5295 1388 5376 Plinium
1421 5292 1516 5345 lib.
1542 5307 1660 5376 γιιι,
1690 5290 1920 5376 εει-ρηΠ.

425 5360 539 5443 (Ἦ)
573 5360 1052 5443 Ὡξέἱῖιαζάὲτοί,
1085 5378 1189 5419 etc.
1242 5364 1375 5443 Vide
1404 5366 1652 5443 cii-tndem
1690 5360 1920 5411 Plinium

362 5447 458 5501 lib.
500 5432 555 5511 ί,
586 5432 705 5512 cap.
734 5443 804 5505 3;
839 5439 934 5491 lib.
964 5453 1088 5503 xxx,
1117 5452 1237 5503 cap.
1285 5433 1387 5497 M;
1428 5432 1522 5485 lib.
1557 5445 1741 5494 xxx",
1801 5446 1920 5499 cap.

433 5566 549 5655 (28)
585 5581 739 5637 Libb.
760 5580 891 5655 editi
929 5581 982 5655 in
1024 5576 1286 5645 margine,
1316 5572 1402 5627 διὰ
1434 5570 1527 5623 τοῦ
1556 5566 1836 5639 λογισμοῦ,
1868 5568 1919 5622 in

362 5651 621 5715 ιειιιιι,διὰ
647 5654 737 5705 τὸν
759 5651 1037 5720 λογισμόν.

434 5705 799 5795 (ἰώίΡιιίιοοη
835 5705 942 5773 ὀὐκ
990 5721 1053 5772 ἄν
1103 5732 1228 5771 ποτε
1273 5710 1746 5781 ἁποτεταγμένως.
1781 5705 1920 5760 Infra

560 5818 830 5877 ΡΑτιιοι.
865 5817 979 5877 Οιι.
1016 5813 1128 5872 XI.

2032 4481 2335 4550 inscriptio,
2375 4479 2683 4533 Proverbia.
2714 4477 2900 4530 Solent
2938 4476 3081 4530 enim
3110 4475 3164 4528 hi
3204 4474 3301 4528 viri
3334 4488 3590 4541 quaecun-

2034 4588 2142 4642 que
2204 4571 2353 4625 aliud
2411 4571 2586 4638 prima
2629 4568 2812 4622 fronte
2876 4566 3208 4636 significant,
3252 4565 3394 4618 aliud
3444 4565 3591 4633 peni-

2032 4669 2138 4720 tius
2208 4663 2547 4739 reconditum
2624 4660 2845 4725 habent,
2894 4674 2955 4712 ea
3022 4658 3073 4711 in
3129 4656 3385 4726 plurimas
3448 4654 3588 4711 divi-

2030 4761 2158 4814 dere
2188 4758 2416 4827 species,
2460 4770 2693 4825 quarum
2752 4769 2856 4807 una
2909 4760 3036 4805 sunt
3083 4749 3386 4818 proverbia.
3439 4745 3589 4801 Unde

2032 4851 2282 4907 Salvator
2310 4860 2495 4904 noster
2524 4848 2574 4901 in
2599 4845 2905 4914 Evangeliis
2950 4841 3153 4896 dixisse
3204 4850 3538 4894 memoratur
3571 4854 3585 4891 :

2037 4963 2054 4996 ι
2101 4943 2227 4997 llzec
2260 4943 2313 4997 in
2343 4940 2641 5013 proverbiis
2664 4938 2876 4992 locutus
2904 4949 3021 4988 sum
3049 4932 3219 4987 vobis.
3248 4929 3409 4984 Venit
3435 4932 3587 4992 liora,

2026 5141 2367 5202 llmsclielius
2401 5151 2453 5194 et
2475 5139 2797 5208 Spencerns,
2823 5132 2942 5208 οὑδὲ
2971 5131 3145 5208 λόγος¹
3164 5122 3231 5197 ἦν
3342 5125 3540 5208 αὑτοῖς.

2099 5197 2214 5285 (30)
2244 5212 2492 5285 ῐξᾲΙιίιοοημ
2520 5197 2582 5261 ἐν
2628 5197 2793 5278 θέρει(
2830 5205 2926 5285 την
2983 5197 3591 5285 τρρὲςήνηιξιιιιΙῩ-Διιοέι

2027 5270 2360 5339 Ιιοέδοιίοιὶιιε
2381 5292 2435 5332 et
2460 5270 2858 5349 Speuecr'us,_oi
2878 5270 3248 5349 ἐτοιμάςξνταξξ
3272 5270 3327 5314 ἐν
3341 5270 3585 5349 τξέτρξιξςτ

2027 5333 2328 5409 cedd.
2346 5333 2566 5417 Regius
2595 5355 2648 5417 et
2672 5333 3024 5417 Basileensis'2
3045 5333 3410 5417 ᾒὰὸσισίλευτός
3421 5335 3590 5417 *ἐστιν

2289 5421 2381 5473 καὶ
2414 5398 2716 5495 στρατεύει.
2745 5413 2975 5471 l‘biloc.,
3004 5402 3353 5458 ἁϐασίλευτόν
3382 5403 3525 5452 ἐστιν
3553 5398 3586 5469 ἠ

2027 5485 2309 5565 ἀκρῖεὶκριὶ,
2331 5485 2762 5565 στραὲοτεξδεύειτ
2885 5548 2895 5565 ,

2096 5548 2205 5633 (δέ)
2233 5548 2544 5633 bibit-Ludi?
2580 5557 2631 5608 in
2659 5548 3078 5633 tsr"'.:.°.l?-i‘_:.,,_

2235 5608 2361 5683 ἶᾰειῖ
2380 5608 2646 5681 ἐκτεῖναι.
2674 5622 2765 5675 Sic
2794 5611 3105 5672 l’bilocalia.
3136 5612 3214 5666 Ab
3248 5620 3402 5666 antea
3431 5608 3593 5664 editi!

2031 5702 2183 5757 abest
2211 5701 2289 5753 ἓν.

3200 5773 3277 5835 3Ἱ
