3986 6164
364 320 367 323 .
435 272 577 333 διεδ

1884 264 2206 323 ORIGENIS

3595 273 3720 328 ΗΜ

433 407 559 450 cum
584 391 697 463 jam
723 389 917 446 nonin
952 384 1253 460 proverbiis
1300 385 1493 455 loquar
1541 381 1697 438 vobis
1727 383 1793 463 'i.
1831 400 1849 434 ι
1888 379 1996 435 Non

2113 400 2131 432 ι
2170 379 2335 435 Ταῦτ’
2373 380 2431 435 ἐν
2474 382 2797 455 παροιμίαις
2832 382 3108 455 λελάκηκα
3160 383 3325 454 ὑμῖν,
3363 378 3485 434 ἀλλ’
3519 379 3725 452 ἔρχεται

435 462 604 552 igitur
630 480 982 553 aspectabiles
1014 480 1100 534 hae
1133 477 1377 531 formicae
1397 483 1525 531 sunt
1549 462 1888 546 sapientibus
1917 490 2006 529 sa-

434 570 883 642 pientiores;~sed
911 583 1047 637 quas
1085 566 1170 620 illa
1210 566 1623 634 proverbiorum
1675 564 1885 635 species
1914 567 2008 618 de-

433 666 616 733 signat
646 680 661 720 :
696 661 837 731 quod
873 660 1011 714 idem
1048 656 1331 713 ferendum
1385 657 1452 712 de
1493 656 1711 712 caeteris
1757 657 2007 710 animan-

432 757 581 811 tibus
608 752 898 822 judicium.
933 748 1040 805 Sed
1062 748 1252 805 Celsus
1281 756 1436 818 putat
1460 746 1860 817 simplicissime
1882 745 2005 800 nul-

431 847 593 917 laque
618 843 880 913 sapientia
913 842 1150 911 scriptos
1173 854 1297 897 esse
1326 840 1639 897 Iudaeorum
1665 848 1718 895 et
1737 837 2004 895 Christia-
2031 840 2035 845 '

429 954 623 996 norum
668 938 837 992 libros
866 944 920 991 et
941 937 1049 989 vim
1086 931 1266 989 afferri
1327 935 1657 1004 scriptorum
1702 933 2002 1002 proposito,

426 1047 554 1087 cum
601 1029 895 1099 allegorice
952 1027 1320 1097 explicantur.
1369 1025 1465 1081 liis
1514 1027 1704 1095 itaque
1755 1024 2006 1079 refutatu:

426 1122 631 1177 fuerint
656 1121 848 1175 inanes
883 1117 999 1186 ejus
1023 1118 1346 1181 calumnia;
1400 1116 1703 1170 refutatum
1756 1114 1919 1170 fuerit
1947 1122 2005 1169 et

425 1215 484 1269 id
535 1213 677 1284 quod
732 1213 799 1268 de
845 1210 1193 1278 serpentibus
1240 1217 1295 1262 et
1343 1207 1540 1277 aquilis
1585 1205 2002 1277 pronuntiavit,

425 1314 687 1373 utrosque
721 1301 1036 1356 hominibus
1061 1313 1184 1354 esse
1212 1297 1599 1368 sapientiores.

382 1501 393 1514 ε
480 1478 584 1535 '88.
617 1478 797 1534 Multis
819 1485 1084 1548 praeterea
1127 1475 1363 1546 probare
1395 1476 1587 1531 nititur
1632 1490 1742 1531 non
1807 1473 2003 1531 melius

423 1573 672 1627 homines
701 1573 766 1626 de
801 1571 911 1625 Deo
959 1569 1221 1638 cogitare,
1264 1583 1425 1636 quam
1458 1577 1654 1624 czetera
1710 1568 1999 1635 mortalia;

420 1674 479 1720 et
516 1666 776 1734 quasdam
830 1677 862 1717 e
908 1660 1087 1716 brutis
1138 1660 1513 1716 animantibus
1592 1661 1684 1716 Dei
1747 1660 1996 1714 notitiam

421 1753 628 1814 habere
665 1774 680 1811 :
713 1755 778 1811 de
809 1769 915 1825 quo
947 1764 1124 1809 tamen
1155 1762 1264 1808 tam
1297 1753 1462 1808 variae
1489 1760 1708 1823 tamque
1732 1752 2001 1809 dissiden-
2036 1736 2080 1792 Β

425 1860 510 1906 tes
540 1860 664 1905 sunt
700 1848 985 1904 sententiae
1013 1846 1254 1901 omnium
1299 1847 1580 1902 hominum
1614 1856 1723 1902 tam
1775 1848 1999 1903 Graeco-

421 1958 545 1999 rum
602 1957 764 2012 quam
814 1941 1197 1996 barbarorum.
1256 1939 1382 1995 Haec
1441 1949 1569 1994 sunt
1617 1939 1735 2008 ejus
1791 1942 1994 1996 verba:

427 2055 448 2088 ι
483 2036 579 2091 Sin
610 2045 788 2090 autem
817 2037 997 2098 homo,
1029 2034 1156 2103 quia
1176 2034 1387 2089 divinas
1414 2035 1580 2089 habet
1625 2035 1896 2099 notiones,
1936 2050 2000 2090 ea

421 2143 591 2183 causa
641 2142 700 2183 se
772 2136 925 2196 putat
981 2126 1196 2181 caeteris
1260 2127 1633 2183 animantibus
1707 2137 1995 2196 praestare;

421 2221 615 2287 sciant,
643 2221 735 2291 qui
766 2222 868 2276 hoc
898 2222 1107 2285 dicunt;
1140 2221 1339 2275 multas
1380 2235 1500 2275 esse
1534 2235 1656 2290 quze
1692 2222 1744 2275 id
1782 2236 2001 2291 quoque

417 2314 549 2369 boni
598 2314 703 2369 sibi
746 2313 1049 2369 vindicent.
1107 2312 1220 2368 Nec
1265 2313 1542 2367 immerito
1594 2329 1610 2366 :
1670 2312 1800 2380 quid
1852 2313 1997 2367 enim

419 2405 679 2469 divinius,
737 2418 898 2474 quam
952 2419 1043 2460 res
1089 2404 1298 2459 futuras
1357 2417 1701 2473 praenoscere
1744 2411 1800 2458 et
1855 2419 1996 2474 prae-

419 2496 711 2553 nuntiare?
740 2479 907 2567 Atqui
942 2496 1088 2551 istud
1115 2496 1184 2551 ab
1217 2494 1339 2550 aliis
1372 2496 1741 2550 animantibus
1773 2503 1831 2550 et
1854 2511 1998 2565 pra»

418 2591 613 2644 sertim
646 2590 714 2644 ab
735 2589 925 2644 avibus
941 2587 1464 2655 discunthomines;
1492 2594 1551 2641 ut
1580 2602 1670 2641 ars
1687 2587 1997 2641 divinorum

419 2681 588 2754 569
625 2690 734 2738 tota
797 2681 850 2735 in
901 2679 1261 2736 observandis
1315 2693 1504 2733 earum
1551 2679 1998 2749 praedictionibus

418 2776 596 2844 posita
628 2774 720 2829 sit.
756 2771 817 2828 Si
846 2786 974 2828 vero
1008 2787 1138 2827 aves
1171 2771 1389 2839 aliaque
1441 2770 1700 2824 animalia
1732 2771 1801 2825 ad
1848 2771 1995 2826 divi-

416 2867 700 2923 nationem
756 2874 881 2936 apta
940 2879 1043 2919 nos
1103 2864 1425 2933 quibusdam
1486 2864 1657 2933 signis
1704 2863 1903 2919 docent
1933 2878 1997 2918 ea

418 2972 543 3027 quae
579 2957 712 3026 ipsis
752 2946 1163 3021 Deus'retexit;
1200 2969 1331 3023 ergo
1377 2954 1670 3009 arctiorem
1724 2969 1851 3010 cum
1883 2955 1996 3010 Deo

2114 473 2253 544 ὥρα,
2281 474 2369 527 ὅτε
2397 473 2579 527 οὐκέτι
2601 475 2658 527 ἐν
2688 476 3007 547 παροιμίαις
3033 476 3271 546 λαλήσω
3297 475 3457 544 ὑμῖν.
3492 492 3513 524 ι
3541 475 3652 545 Οὐχ
3679 477 3725 530 oi

2113 564 2361 636 αἰσθητοὶ
2386 560 2567 618 τοίνυν
2608 564 2899 637 μύρμηκες
2931 567 3242 638 σοφώτεροι
3279 565 3382 617 καὶ
3409 563 3525 617 τῶν
3556 566 3724 636 σοφῶν

2090 649 2272 721 εἰσιν,
2324 657 2440 711 ἀλλ’
2486 659 2536 710 oi
2582 657 2900 729 δηλούμενοι
2948 658 3023 722 ὡς
3071 660 3133 711 ἐν
3192 656 3338 709 εἴδει
3394 658 3721 727 παροιμιῶν.

2113 748 2270 803 Οὕτω
2300 749 2359 803 δὲ
2386 750 2605 804 λεκτέον
2643 751 2737 803 καὶ
2774 750 2901 822 περὶ
2933 750 3041 803 τῶν
3076 748 3303 802 λοιπῶν
3341 747 3535 813 (dumi.
3575 749 3722 804 Ἀλλὰ

2113 841 2256 894 πάνυ
2285 841 2637 896 ἁπλούστατα
2656 841 2866 913 νομίζει
2890 838 3027 918 εῖναι
3052 840 3151 895 καὶ
3185 826 3452 895 ἰδιωτικὰ
3471 840 3502 892 ὁ
3525 839 3721 905 Κέλσος
3772 838 3781 847 ’

2111 934 2181 987 τὰ
2219 934 2483 990 Ἰουδαίων
2514 937 2605 990 καὶ
2631 936 2971 1007 Χριστιανῶν
3014 934 3226 1006 βιϐλία,
3256 935 3361 989 καὶ
3391 935 3571 988 οἴεται
3608 938 3722 1000 τοὺς

2112 1025 2546 1099 ἀλληγοροῦντας
2590 1025 2751 1091 αὐτὰ,
2803 1027 3163 1097 βιαζομένους
3202 1029 3271 1080 τὸ
3319 1028 3581 1099 βούλημα
3622 1030 3719 1082 τῶν

2111 1119 2455 1192 γραψάντων,
2486 1119 2644 1173 τοῦτο
2674 1122 2870 1173 ποιεῖν.
2929 1120 3296 1191 Ἐληλὲγχθω
3344 1116 3443 1175 οὖν
3505 1122 3598 1174 καὶ
3640 1122 3716 1177 διὰ

2111 1212 2315 1265 τούτων
2351 1214 2379 1265 ὁ
2406 1210 2615 1274 Κέλσος
2650 1211 2825 1283 μάτην
2861 1213 3010 1282 ἡμᾶς
3037 1210 3383 1274 διαϐάλλων,
3416 1207 3716 1282 ἐληλὲγχθω

2108 1306 2166 1359 δέ
2195 1305 2360 1359 αὐτοῦ
2388 1305 2482 1358 καὶ
2513 1306 2541 1358 ό
2572 1304 2698 1374 περὶ
2723 1303 2899 1372 ὄφεων
2929 1305 3022 1357 καὶ
3062 1303 3251 1356 ἀετῶν
3284 1303 3474 1372 λόγος,
3510 1305 3711 1375 ἀποφη-

2111 1395 2341 1468 νάμενος
2369 1391 2506 1450 εἶναι
2535 1394 2759 1459 τούτους
2783 1393 3085 1467 ἀνθρώπων
3116 1396 3514 1467 σοφωτέρους.

2178 1508 2358 1563 Θέλων
2386 1509 2430 1562 δ’
2478 1508 2556 1563 ἔτι
2592 1509 2706 1579 (⁵55)
2736 1508 2824 1562 διὰ
2852 1507 3114 1562 πλειόνων
3151 1497 3443 1580 μηδὲ’τὰς
3470 1509 3596 1579 περὶ
3623 1508 3705 1562 τοῦ

2108 1602 2265 1657 Θείου
2296 1604 2507 1667 ἐννοίας
2531 1603 2840 1674 ἐξαιρέτους
2870 1597 3010 1656 εἶναι
3038 1602 3199 1672 παρὰ
3228 1602 3305 1656 τὰ
3335 1601 3514 1673 θνητὰ
3545 1603 3707 1656 πάντα

2110 1698 2167 1750 ἐν
2196 1696 2274 1768 τῷ
2302 1697 2448 1766 γένει
2495 1697 2603 1750 τῶν
2650 1694 2972 1767 ἀνθρώπων,
3024 1691 3166 1748 ἀλλὰ
3210 1694 3312 1749 καὶ
3366 1695 3479 1749 τῶν
3507 1695 3701 1763 ἀλόγων

2106 1786 2262 1852 ζώων
2289 1787 2411 1842 τινὰ
2437 1789 2714 1857 ἀποφῆναι
2751 1786 3036 1840 ἐννοοῦντα
3070 1786 3209 1859 περὶ
3252 1786 3354 1839 τοῦ
3396 1787 3556 1849 Θεοῦ,
3588 1787 3704 1857 περὶ

2102 1875 2163 1934 οὗ
2202 1881 2445 1934 τοιαῦται
2472 1879 2758 1949 διαφωνίαι
2791 1879 2899 1949 (54)
2930 1879 3191 1947 γεγόνασι
3232 1879 3335 1932 καὶ
3381 1880 3497 1941 τοῖς
3527 1877 3694 1942 ὀξυτέ-

2103 1989 2218 2044 ροις
2255 1973 2363 2027 τῶν
2413 1970 2685 2042 πανταχοῦ
2732 1970 3056 2041 ἀνθρώπων,
3113 1971 3399 2043 Ἑλλήνων
3441 1971 3536 2024 καὶ
3577 1970 3695 2041 βαρ-

2103 2064 2306 2135 ϐάρων,
2339 2062 2502 2134 φησίν
2523 2081 2536 2093 ·
2570 2082 2588 2115 ι
2621 2064 2684 2116 Ei
2713 2062 2788 2127 δ’,
2819 2063 2901 2115 ὅτι
2939 2061 3035 2115 καὶ
3067 2061 3227 2126 θείας
3256 2063 3475 2125 ἐννοίας
3502 2061 3693 2133 ἄνθρω-

2103 2172 2204 2219 πος
2248 2154 2592 2225 ἐπείληπται,
2647 2154 2925 2224 νομίζεται
2978 2153 3279 2226 ὑπερέχειν
3338 2152 3453 2206 τῶν
3504 2152 3685 2206 λοιπῶν

2102 2245 2276 2315 ζώων,
2309 2247 2542 2303 ἴστωσαν
2582 2251 2632 2301 οἱ
2675 2246 2830 2301 τοῦτο
2865 2248 3190 2317 φάσκοντες,
3242 2250 3324 2302 ὅτι
3374 2249 3470 2303 καὶ
3516 2248 3683 2301 τούτου

2102 2340 2273 2407 πολλὰ
2317 2341 2424 2396 τῶν
2470 2340 2645 2395 ἄλλων
2678 2339 2830 2404 ζώων
2870 2341 3369 2414 ἀντιποιηθήσεται
3416 2342 3542 2412 (35).
3588 2338 3685 2394 Καὶ

2102 2430 2251 2500 μάλα
2272 2431 2512 2494 εἰκότως·
2543 2430 2595 2483 τί
2640 2429 2750 2501 γὰρ
2780 2429 2846 2483 ἂν
2894 2430 3026 2498 φαίη
3061 2448 3148 2494 τις
3188 2430 3471 2502 θειότερον
3506 2428 3591 2482 τοῦ
3619 2428 3680 2482 τὰ

2102 2523 2363 2594 μέλλοντα
2410 2521 2841 2596 προγιγνώσκειν
2886 2540 2945 2575 τε
2988 2525 3084 2576 καὶ
3126 2521 3472 2595 προδηλοῦν;
3522 2522 3672 2574 Τοῦτο

2096 2613 2275 2666 τοίνυν
2297 2613 2574 2684 ἄνθρωποι
2604 2613 2756 2684 παρὰ
2785 2612 2893 2666 τῶν
2915 2613 3091 2668 ἄλλων
3116 2612 3306 2679 ζώων,
3335 2614 3430 2667 καὶ
3461 2612 3672 2684 μάλιστα

2097 2708 2228 2774 παρ’
2279 2705 2528 2776 ὀρνίθων,
2593 2703 2942 2778 μανθάνουσιθ
2989 2706 3085 2759 καὶ
3136 2707 3260 2760 ὅσοι
3316 2706 3421 2776 τῆς
3469 2702 3672 2757 ἐκείνων

2097 2795 2373 2862 ἐνδείξεως
2423 2795 2728 2861 ἐπαΐουσιν,
2771 2789 2918 2850 οὗτοι
2964 2797 3242 2867 μαντικοί.
3290 2799 3356 2851 Εἰ
3398 2797 3444 2852 δ’
3469 2794 3655 2868 ὄρνιθες

2096 2885 2224 2958 ἄρα,
2255 2886 2350 2940 καὶ
2380 2888 2480 2941 ὅσα
2525 2888 2658 2942 ἄλλα
2688 2887 2799 2960 ('56)
2830 2887 2947 2954 ζῶα
2985 2889 3230 2959 μαντικὰ
3278 2892 3351 2943 ἐκ
3379 2887 3504 2942 Θεοῦ
3541 2900 3657 2955 πρίν

2095 2978 2455 3047 γινώσκοντα,
2490 2980 2579 3034 διὰ
2615 2981 2897 3052 συμϐόλων
2930 2983 3077 3053 ἡμᾶς
3115 2982 3395 3045 διδάσκει,
3428 2976 3651 3033 τοσοῦτον

419 3049 738 3104 societatem
789 3046 1015 3111 habent,
1045 3047 1377 3114 sapientiora
1427 3055 1575 3112 sunt,
1601 3054 1654 3101 et
1692 3046 1801 3102 Deo
1838 3061 1996 3101 acce-

2100 3046 2275 3123 ἔοικεν
2308 3070 2416 3140 (57)
2454 3046 2733 3144 ἐγγυτέρω
2790 3073 2892 3143 τῆς
2933 3046 3083 3137 θείας
3115 3074 3342 3145 ὁμιλίας
3384 3074 3549 3127 ἐκεῖνα
3576 3084 3663 3120 πε-

416 3140 617 3208 ptiora.
648 3137 819 3190 Aiunt
843 3144 1107 3207 praeterea
1136 3135 1538 3205 prudentiores,
1555 3137 1764 3191 bestias
1790 3135 1994 3213 habere

418 3229 566 3284 inter
612 3242 672 3284 se
717 3229 1012 3299 colloquia,
1047 3244 1220 3300 eaque
1270 3229 1473 3285 nostris
1514 3244 1637 3285 esse
1685 3231 2021 3307 sanctiora;

417 3335 543 3392 qua:
568 3320 790 3390 quidem
823 3322 924 3393 ipsi
958 3322 1272 3392 intelligunt
1300 3330 1355 3377 et
1380 3321 1456 3376 ita
1486 3335 1608 3378 esse
1641 3324 1992 3392 persuadent,

417 3431 567 3483 cum,
598 3422 886 3486 postquam
917 3429 1016 3469 nos
1056 3423 1501 3482 praemonuerunt
1532 3427 1661 3469 aves
1694 3414 1897 3472 dixisse
1936 3431 1995 3473 se

415 3507 603 3579 aliquo
630 3503 874 3563 abituras
896 3513 989 3561 aut
1026 3506 1133 3561 hoc
1175 3504 1375 3560 illudve
1403 3503 1679 3573 facturas;
1704 3519 1798 3583 eas
1835 3508 1994 3564 nobis

414 3600 713 3656 ostendunt
770 3599 861 3654 illo
912 3597 1351 3668 proficiscentes,
1404 3606 1500 3653 aut
1548 3598 1816 3655 facientes
1873 3616 1993 3670 qua:

416 3701 545 3748 ante
583 3692 862 3748 dixerunt.
917 3691 1239 3761 Elephantis
1284 3698 1468 3747 autem
1516 3693 1649 3747 nihil
1691 3693 1992 3761 juramenti

418 3785 682 3850 tenacius,
717 3782 912 3839 divinis
945 3782 1111 3838 rebus
1136 3783 1409 3838 addictius
1437 3783 1573 3837 nihil
1596 3798 1723 3839 esse
1750 3785 1988 3854 videtur;

415 3878 586 3946 idque
609 3892 676 3932 ea
701 3891 862 3932 causa
890 3879 1009 3931 sine
1036 3876 1221 3943 dubio,
1242 3876 1386 3945 quod
1409 3874 1580 3930 Deum
1598 3887 1984 3945 cognoscant.»

418 3968 521 4025 Hic
552 3970 675 4025 vide
703 3977 835 4039 quot
868 3976 1135 4037 congerat
1165 3977 1218 4022 et
1249 3982 1348 4036 pro
1389 3966 1653 4022 confessis
1692 3977 1890 4032 sumat,
1924 3969 1993 4023 de

416 4063 619 4131 quibus
671 4072 850 4116 tamen
898 4061 1122 4114 minime
1158 4060 1416 4115 convenit
1468 4060 1609 4114 inter
1639 4058 1991 4130 philosophos

416 4161 527 4205 tam
566 4151 879 4207 Graecorum
911 4165 1075 4220 quam
1110 4151 1487 4214 barbarorum,
1519 4150 1608 4220 qui
1643 4150 1726 4203 vel
1769 4150 1989 4206 iuvene-

415 4253 545 4298 runt
586 4243 667 4299 vel
714 4259 744 4297 a
786 4243 1068 4298 daemoniis
1098 4243 1418 4312 quibusdam
1463 4243 1605 4296 docti
1640 4243 1859 4297 fuerunt
1903 4258 1986 4308 ea,

2098 3161 2347 3230 φυκέναι,
2379 3163 2471 3216 καὶ
2501 3159 2637 3217 εῖναι
2668 3164 2973 3238 σοφώτερα,
2997 3167 3092 3221 καὶ
3126 3166 3510 3237 θεοφιλέστερα
3541 3159 3655 3232 (58).

2096 3254 2233 3307 Φασὶ
2253 3254 2311 3307 δέ
2344 3254 2455 3308 τῶν
2497 3255 2803 3327 ἀνθρώπιον
2830 3259 2879 3310 oi
2910 3259 3122 3311 owe-rei
3161 3260 3262 3313 καὶ
3293 3258 3506 3330 ὁμιλίας
3530 3251 3656 3306 ἐκεί-

2095 3360 2207 3408 νοις
2247 3342 2415 3411 εἷναι,
2452 3346 2692 3420 δηλονότι
2737 3347 2847 3401 τῶν
2888 3349 3176 3420 ἡμετέρων
3222 3349 3514 3423 ἱερωτέρας
3533 3385 3546 3409 ,
3575 3342 3654 3396 καὶ

2096 3436 2249 3490 αὐτοί
2271 3453 2374 3490 που
2395 3439 2680 3511 γνωρίζειν
2702 3438 2771 3493 τὰ
2792 3439 3080 3511 λεγόμενα,
3107 3441 3206 3495 καὶ
3228 3442 3378 3513 ἔργῳ
3397 3435 3657 3496 δεικνύειν.

2097 3529 2178 3582 ὅτι
2225 3530 2580 3601 γνωρίζουσιν
2601 3571 2615 3594 ,
2659 3533 2787 3585 ὅταν
2819 3532 3211 3604 προειπόντες,
3260 3535 3344 3588 ὅτι
3385 3532 3578 3601 ἔφασαν
3608 3525 3654 3579 oi

2095 3619 2307 3690 ὄρνιθες
2349 3621 2424 3684 ὡς
2455 3622 2649 3675 ἀπίασί
2693 3640 2803 3691 ποι,
2847 3625 2940 3678 καὶ
2976 3625 3268 3694 ποιήσουσι
3309 3624 3424 3678 τόδε
3460 3623 3491 3692 ἢ
3530 3618 3651 3678 τάδε,

2095 3711 2410 3765 δεικνύωσιν
2460 3713 2790 3779 ἀπελθόντας
2839 3717 2985 3781 ἐκεῖ,
3047 3718 3140 3771 καὶ
3189 3715 3476 3776 ποιοῦντας
3524 3710 3556 3765 ἃ
3594 3708 3650 3777 δὴ

2096 3804 2377 3872 προεῖπον.
2431 3802 2765 3871 Ἐλεφάντων
2823 3805 2879 3859 δὲ
2932 3806 3082 3860 οὐδὲν
3131 3808 3504 3881 εὐορκότερον,
3546 3797 3647 3852 οὐδὲ

2095 3893 2232 3961 πρὸς
2257 3893 2325 3946 τὰ
2363 3892 2481 3947 θεῖα
2510 3894 2830 3968 πιστότερον
2860 3893 3000 3951 εἶναι
3028 3899 3197 3961 δοκεῖ,
3233 3901 3449 3959 πάντως
3478 3895 3641 3963 δήπου’

2093 3984 2226 4038 διότι
2246 3985 2446 4053 γνῶσιν
2474 3986 2639 4040 αὑτοῦ
2673 3987 2884 4058 ἔχουσιν
2907 3988 3035 4060 (59).
3067 4009 3086 4042 ι
3117 3991 3265 4062 Ὅρα
3294 3991 3351 4043 δὲ
3384 3992 3439 4042 ὲν
3464 3982 3641 4040 τούτοις

2093 4076 2192 4129 ὅσα
2234 4075 2541 4148 ζητούμενα
2583 4080 2734 4149 παρὰ
2779 4083 2891 4142 τοῖς
2941 4079 3328 4149 φιλοσοφοῦσιν
3387 4078 3465 4149 (οὐ
3508 4072 3638 4146 μόνον

2105 4168 2393 4239 Ἑλλήνων,
2428 4169 2563 4224 ἀλλὰ
2606 4172 2700 4223 καὶ
2742 4170 2852 4223 τῶν
2904 4172 2960 4224 ἐν
3005 4171 3326 4243 βαρϐάροις,
3362 4161 3639 4233 εἴθέὑρόν·

2092 4276 2222 4326 των,
2253 4260 2365 4314 εἴτε
2412 4256 2565 4333 παρά
2587 4280 2747 4317 τινων
2774 4262 3042 4333 δαιμόνων
3098 4264 3378 4334 μαθόντων
3432 4259 3492 4314 τὰ
3531 4251 3633 4323 περὶ

412 4349 541 4405 quae
573 4336 645 4390 ad
668 4350 797 4391 aves
838 4335 1054 4404 aliaque
1092 4333 1352 4389 animalia
1399 4335 1698 4404 pertinent,
1725 4350 1755 4389 a
1785 4336 1986 4404 quibus

2100 4352 2296 4406 οίωνῶν
2324 4353 2418 4406 καὶ
2448 4354 2557 4407 τῶν
2601 4353 2774 4409 ἄλλων
2800 4354 2974 4419 ζώων,
3006 4356 3099 4424 ἀφ’
3131 4349 3206 4409 ὧν
3246 4351 3486 4427 μαντεῖαί
3512 4358 3631 4403 τινες

2018 4400 2064 4455 D

419 4429 675 4484 homines
729 4428 1117 4483 divinationem
1174 4427 1434 4483 didicisse
1481 4428 1859 4496 perhibentur.
1904 4428 1986 4484 Ac

2100 4442 2396 4514 ἀνθρώποις
2428 4444 2672 4513 γίνεσθαι
2719 4443 3001 4517 λέγονται)
3051 4445 3408 4517 συναρπάζει,
3451 4439 3531 4494 καὶ
3565 4434 3628 4493 ὡς

414 4521 650 4590 primum
711 4520 929 4589 quidem
982 4521 1292 4589 disputatur
1340 4520 1412 4574 sit
1466 4533 1558 4574 ars
1611 4520 1892 4591 auguralis
1936 4528 1991 4577 et

416 4608 718 4677 generatim
771 4608 1038 4663 divinatio
1089 4622 1186 4678 per
1234 4608 1516 4675 animalia,
1549 4624 1743 4664 necne.
1782 4609 1989 4665 Deinde

416 4704 561 4754 inter
595 4714 710 4766 eos,
748 4700 839 4768 qui
882 4700 1276 4755 divinationem
1333 4714 1428 4768 per
1483 4716 1611 4756 aves
1673 4702 1987 4768 admittunt,

417 4802 525 4843 non
554 4796 770 4843 constat
803 4787 947 4843 unde
990 4802 1159 4842 causa
1193 4788 1548 4843 divinationis
1578 4791 1869 4858 repetenda
1894 4791 1985 4850 sit.

417 4876 523 4931 Alii
554 4877 742 4931 dicunt
783 4875 1039 4929 animalia
1081 4886 1176 4931 aut
1204 4892 1235 4931 a
1264 4878 1593 4945 quibusdam
1621 4880 1986 4947 daemonibus,

415 4977 509 5024 aut
537 4984 567 5021 a
596 4966 701 5022 diis
735 4982 916 5022 rerum
944 4967 1248 5022 futurarum
1274 4968 1578 5023 scientibus
1598 4972 1831 5033 moveri,
1857 4988 1988 5028 aves

415 5062 634 5133 quidem
688 5063 756 5114 ad
813 5060 1107 5115 volandum
1160 5060 1375 5115 diverse
1418 5062 1784 5133 diversosque
1824 5080 1990 5122 sonos

412 5152 761 5217 emittendos,
791 5150 1002 5222 reliqua
1033 5166 1161 5205 vero
1184 5149 1439 5205 animalia
1473 5152 1558 5206 his
1584 5161 1678 5208 aut
1709 5154 1816 5211 illis
1848 5158 1981 5215 cieri

479 5290 526 5323 ⁸¹
561 5288 718 5347 Joan.
746 5289 976 5356 “1,25.

472 5384 586 5455 (55)
615 5384 774 5443 Libh.
799 5385 926 5440 editi
958 5384 1010 5438 in
1037 5394 1210 5447 textu.
1240 5386 1409 5442 θέλων
1457 5387 1513 5442 δέ
1545 5406 1619 5444 τι,

477 5455 591 5596 (54)
621 5455 851 5520 Pbiloc.,
876 5455 1134 5510 τοσαῦται
1161 5457 1466 5528 διαφωνίαι.

477 5526 565 5596 [ξὸ
620 5524 846 5596 Pbiloc.,
874 5526 1296 5596 ἀντιποιήσεται.

472 5524 586 5665 ῗῦὅ)
620 5524 846 5589 Pbiloc.,
874 5524 1296 5599 ἀντιποιήσεται.

499 5593 590 5664 56)
628 5595 734 5665 νοτ(
764 5593 919 5660 ἄλλα,
955 5599 1003 5650 in
1032 5611 1192 5651 antea
1223 5603 1296 5653 ed.

499 5593 590 5678 356')
628 5593 922 5678 νονᾳλλα,
955 5599 1003 5650 in
1032 5593 1192 5651 antea
1223 5600 1381 5655 editis
1433 5601 1796 5670 desideratur,
1841 5622 1971 5678 sup-

404 5663 584 5733 pletur
607 5678 641 5733 e_
666 5663 979 5718 Philocalia.

475 5731 588 5805 (37)
621 5730 763 5803 Lego
792 5749 913 5813 cum
941 5734 1244 5817 Bellercllo,
1274 5742 1528 5796 τοσούτου
1559 5743 1753 5800 ἔοικεν.

2087 4532 2489 4604 ὁμολογούμενα
2525 4534 2817 4589 ἐκτίθεται.
2851 4536 3073 4608 Πρῶτον
3107 4539 3204 4607 μὲν
3237 4534 3614 4609 γὰρρὲζήτηταιο

2087 4624 2314 4693 πότερόν
2347 4625 2462 4679 ἐστί
2503 4644 2587 4690 τις
2627 4627 2790 4697 τέχνη
2819 4629 3152 4700 οἰωνιστικὴ,
3190 4630 3285 4682 καὶ
3332 4616 3614 4687 ἁπαξαπλῶς

2088 4719 2122 4787 ὴ
2150 4717 2236 4771 διὰ
2268 4715 2418 4780 ζώων
2464 4720 2722 4791 μαντικὴ,
2759 4719 2793 4790 ἢ
2834 4720 2934 4774 οὐκ
2980 4720 3127 4773 ἐστι·
3153 4721 3396 4791 δεύτερον
3431 4704 3621 4778 δὲπαρά

2087 4812 2200 4874 τοῖς
2231 4809 2697 4882 παραδεξαμένους
2730 4808 2865 4865 εἶναι
2898 4812 2996 4883 τὴν
3023 4813 3089 4867 δι’
3117 4813 3341 4884 ὀρνίθων
3373 4798 3619 4880 μαντικὴνι

2087 4903 2148 4954 οὐ
2181 4901 2610 4973 συμπεφώνηται
2642 4905 2673 4974 ἡ
2706 4905 2855 4957 αἰτία
2887 4903 2981 4958 τοῦ
3008 4905 3211 4976 τρόπου
3242 4905 3339 4974 τῆς
3369 4894 3614 4972 μαντείας’

2087 4995 2383 5067 ἐπειδήπερ
2411 4999 2460 5048 οἱ
2495 4998 2592 5066 μὲν
2621 4997 2728 5050 ἀπό
2753 5015 2913 5050 τινων
2943 4998 3262 5069 δαιμόνωνῆ
3299 4995 3427 5050 θεῶν
3457 4998 3614 5059 μαντι·

2086 5085 2197 5141 κῶν
2234 5104 2364 5155 φασι
2406 5086 2687 5155 γίγνεσθαι
2714 5090 2812 5152 τὰς
2844 5090 3086 5161 κινήσεις
3116 5092 3227 5154 τοῖς
3258 5088 3424 5154 ζώοις,
3466 5080 3612 5148 ὄρνισι
3639 5116 3647 5130 ,

2087 5176 2184 5246 μὲν
2210 5179 2290 5242 εἷς
2318 5177 2608 5251 διαφόρους
2637 5182 2867 5250 πτήσεις
2899 5181 2997 5233 καὶ
3024 5183 3103 5245 είς
3128 5180 3405 5251 διαφόρους
3436 5167 3609 5242 φωνὰς,

2163 5404 2275 5476 (58)
2332 5404 2669 5478 Pbilocalia,
2718 5405 3123 5478 θεοφιλέστερα.
3187 5389 3607 5478 Ηωεοίι-θίξυϐ-ηξί

2091 5474 2873 5547 δροηρονιιε,,θι-ςοφιλιὲσιιταιιταἒ
2930 5477 3093 5531 Paulo
3154 5487 3273 5547 post
3329 5457 3606 5547 Plulocaltil.

2087 5538 2373 5616 γνωρίζειν
2402 5538 2470 5616 τὰ
2502 5538 2784 5615 λεγόμενα.
2833 5538 3176 5603 Ηωεοιιθιὶυὲ
3222 5557 3274 5601 et
3324 5538 3601 5607 δρωιοθηιδο

2076 5614 2363 5687 γνωρίζειν
2386 5615 2453 5668 τὰ
2477 5614 2755 5685 γινόμενα.

2150 5684 2260 5756 ('59)
2289 5684 2609 5755 Pbiloculia,
2632 5687 2784 5758 abso).
2818 5684 3051 5757 ἔχουσιν.
