3986 6164
328 300 487 358 “65

1541 291 1821 351 CONTRA
1851 289 2128 348 CELSUM
2165 291 2294 347 LIB.
2325 291 2415 346 IV.

3443 293 3586 350 1166

330 421 459 480 τοῖς
505 416 563 470 δὲ
602 415 808 479 λοιποῖς
845 416 925 478 εἰς
967 415 1064 479 τὰς
1111 414 1320 469 τοιάσδε
1361 413 1653 484 κινήσειςῆ
1681 411 1912 466 τοιασδί·

2024 411 2281 466 molibus.
2314 411 2418 464 Alii
2460 419 2686 466 censent
2729 410 2948 476 θηίιηοε
2967 426 3157 468 eorum
3191 425 3314 468 esse
3345 413 3588 468 divinio-

328 507 494 561 ἄλλοι
532 507 590 560 δὲ
636 505 915 576 θειοτέρας
957 505 1156 568 αὐτῶν,
1212 505 1306 557 καὶ
1356 504 1491 572 πρὸς
1537 501 1682 556 τοῦτ’
1729 504 1918 573 ἐπιτη-

327 597 522 660 δείους
563 597 678 669 (40)
723 593 858 650 εἶναι
905 596 1003 660 τὰς
1059 597 1262 666 ψυχάς·
1289 585 1424 666 ὅπερ
1467 595 1612 647 ἐστὶν
1641 593 1915 647 ἀπιθανώ-

325 702 527 741 τατον.

427 777 629 848 Ἐχρῆν
680 772 770 830 οὖν
807 777 898 830 τὸν
953 775 1192 839 Κέλσον,
1248 775 1335 828 διὰ
1381 775 1488 827 τῶν
1546 774 1918 845 προκειμένων

333 866 668 939 βουλόμενον
725 867 968 938 θειότερα
1031 868 1125 921 καὶ
1186 866 1467 937 σοφώτερα
1525 866 1800 932 ἀποδεῖξαι
1849 863 1918 918 τά

338 958 527 1026 ἄλογα
561 957 672 1022 ζῶα
702 959 808 1012 τῶν
841 957 1160 1030 ἀνθρώπων,
1187 957 1591 1012 κατασκευάσαι
1614 958 1700 1011 διὰ
1734 955 1918 1009 πλειό-

332 1067 476 1113 νων,
509 1051 584 1113 ὡς
610 1051 962 1122 ὑπάρχουσαν
998 1049 1095 1121 τὴν
1129 1050 1338 1102 τοιάνδε
1365 1051 1629 1119 μαντικήν
1648 1066 1660 1078 ·
1697 1049 1789 1101 κα)⁸
1818 1046 1918 1118 τὴν

332 1139 645 1208 ἀπολογίαν
679 1140 815 1211 μετά
864 1140 1008 1194 τοῦτ’
1039 1140 1445 1210 ὲνεργεστέρως
1471 1141 1578 1210 (AM)
1610 1138 1915 1203 ἀποδεῖξαι·

334 1232 442 1283 καὶ
472 1233 867 1296 ἀποδεικτικῶς
897 1233 1297 1304 ἀποδοκιμάσαι
1335 1234 1431 1302 μὲν
1450 1234 1575 1294 τοὺς
1604 1231 1790 1299 λόγους
1813 1231 1921 1284 τῶν

337 1324 716 1395 ἀναιρούντων
754 1324 854 1386 τὰς
888 1324 1101 1377 τοιάσδε
1131 1324 1413 1394 μαντείας,
1442 1322 1832 1385 ἀποδεικτικῶς
1875 1320 1919 1374 δ’

335 1415 649 1486 ἀνατρέψαι
702 1415 797 1467 καὶ
841 1415 967 1477 τοὺς
1009 1415 1202 1482 λόγους
1242 1415 1348 1467 τῶν
1377 1415 1638 1467 εἰπόντων
1667 1414 1776 1467 ἀπὸ
1808 1413 1923 1467 δαι-

343 1506 528 1575 μόνων
559 1506 590 1575 ἢ
613 1505 750 1558 θεῶν
765 1505 1046 1574 γίγνεσθαι
1081 1505 1179 1569 τὰς
1199 1507 1441 1576 κινήσεις
1471 1507 1582 1568 τοῖς
1610 1503 1767 1569 ζώοις
1787 1506 1922 1575 πρὸς

339 1595 411 1648 τὸ
467 1595 896 1666 μαντεύσασθαι·
956 1598 1048 1650 καὶ
1111 1597 1248 1668 μετὰ
1291 1597 1464 1650 ταῦτα
1516 1597 1921 1651 κατασκευάσαι

343 1687 482 1756 περὶ
537 1687 636 1757 τῆς
681 1687 788 1738 τῶν
837 1687 1046 1756 ἀλόγων
1086 1687 1238 1751 ζώων
1289 1687 1467 1757 ψυχῆς
1495 1688 1569 1751 ὡς
1623 1687 1917 1758 θειοτέρας.

2021 519 2110 559 res
2142 515 2196 558 et
2244 504 2310 558 ad
2358 504 2408 558 id
2448 504 2688 559 muneris
2725 513 2881 573 aptas
2923 503 3264 575 habilesque;
3293 505 3438 576 quod
3466 507 3590 577 qui-

2021 599 2140 650 dem
2171 609 2395 665 prorsus
2428 606 2511 650 est
2543 594 2881 650 incredibile.

2094 768 2184 824 89.
2229 768 2424 822 Debuit
2456 768 2617 837 igitur
2663 766 2878 831 Celsus,
2914 768 3133 836 quando
3174 766 3392 822 volebat
3419 782 3588 836 supra

2021 859 2179 913 dictis
2212 859 2502 912 ostendere
2557 859 2750 912 brutas
2781 858 3090 913 animantes
3126 858 3436 914 hominibus
3470 874 3590 914 esse

2019 959 2075 1006 et
2107 950 2398 1005 diviniores
2430 959 2481 1003 et
2511 949 2910 1016 sapientiores;
2944 951 3156 1015 debuit,
3194 951 3436 1021 inqttam,
3470 953 3585 1020 pri—

2021 1058 2170 1098 mum
2203 1041 2320 1095 fuse
2353 1039 2584 1109 probare
2611 1039 2757 1092 illam
2789 1039 3184 1093 divinationem
3209 1056 3396 1095 revera
3430 1056 3587 1109 esse;

2025 1131 2216 1187 deinde
2245 1130 2393 1184 illam
2436 1129 2608 1184 solide
2646 1129 2715 1184 ab
2757 1129 2904 1183 omni
2952 1146 3089 1184 noxa
3134 1132 3448 1199 vindicare;
3475 1142 3588 1186 tum

2023 1225 2262 1279 rationes
2291 1236 2478 1277 eorum
2512 1221 2722 1276 diluere
2749 1221 2840 1290 qui
2871 1221 3134 1290 ejusmodi
3165 1221 3530 1278 divinationes
3559 1240 3590 1278 e

2021 1315 2200 1369 medio
2247 1313 2472 1380 tollunt;
2504 1320 2690 1381 postea
2744 1326 3042 1366 occurrere
3075 1313 3164 1375 iis,
3200 1315 3289 1381 qui
3327 1313 3585 1368 animalia

2021 1406 2208 1462 volunt.
2263 1405 2330 1458 ad
2392 1403 2746 1459 divinandum
2795 1403 3002 1457 moveri
3057 1412 3153 1456 aut
3183 1419 3214 1456 a
3249 1405 3591 1461 daemonibus

2023 1508 2170 1555 auta
2200 1498 2334 1563 diis;
2369 1497 2606 1564 denique
2651 1496 2988 1562 argumentis
3037 1496 3344 1564 approbare
3395 1496 3592 1552 bestia-

2023 1606 2142 1644 rum
2200 1589 2434 1642 animam
2475 1601 2596 1641 esse
2652 1585 2995 1640 diviniorem.
3033 1585 3161 1652 Quae
3189 1586 3232 1640 si
3282 1587 3498 1642 fecisset
3535 1597 3591 1642 et

2026 1681 2210 1736 hacin
2249 1696 2309 1734 re
2342 1679 2723 1750 philosophum
2756 1693 2812 1733 se
2841 1679 3180 1747 praebuisset,
3205 1679 3322 1747 ejus
3353 1680 3592 1734 rationes

335 1747 510 1828 -Ούτω
544 1747 652 1848 γάήρ
683 1777 748 1830 ἂν
775 1779 909 1848 πρὸς
934 1747 1001 1832 τά
1028 1747 1231 1832 πιθανὰ
1517 1747 1920 1848 ἐπιδειξαμένου

2025 1787 2122 1842 pro
2159 1772 2366 1824 viribus
2417 1767 2663 1824 refellere
2710 1778 2936 1824 conatus
2967 1785 3167 1825 essem.
3223 1770 3360 1826 Ante
3406 1773 3590 1826 omnia

347 1869 639 1936 φιλόσοφον
671 1870 796 1939 περὶ
824 1869 930 1922 τῶν
949 1869 1278 1939 τηλικούτων
1307 1869 1436 1934 έξιν,
1456 1870 1596 1922 κατά
1616 1869 1676 1922 τὸ
1701 1869 1922 1922 δυνατὸν
1947 1921 1950 1928 ,

346 1961 484 2028 ἡμῖν
509 1959 802 2030 ἐνέστημεν
820 1977 832 1989 ·
867 1961 1261 2031 ἀνατρέποντες
1304 1961 1401 2030 μὲν
1431 1960 1491 2012 τὸ
1517 1961 1600 2013 ὃτι
1640 1959 1923 2030 σοφώτερα

344 2049 422 2101 τά
446 2050 616 2118 ἄλογα
636 2049 749 2113 ζῶα
777 2050 884 2104 τῶν
918 2051 1239 2121 ἀνθρώπων,
1269 2051 1717 2120 ψευδοποιοῦντες
1742 2052 1796 2105 δὲ
1831 2053 1924 2105 καὶ

347 2141 436 2192 ὃτι
475 2141 681 2203 ἐννοίας
739 2141 981 2211 ἔχειτοῦ
1033 2142 1190 2194 Θείου
1243 2143 1541 2214 ίερωτέρας
1599 2143 1754 2212 ἡμῶν
1786 2141 1920 2213 (42),

345 2233 448 2283 καὶ
476 2233 556 2284 ὅτι
586 2231 797 2302 ὁμιλίας
826 2231 939 2301 ἔχει
965 2233 1102 2304 πρὸς
1133 2233 1335 2303 ἄλληλα
1371 2234 1522 2304 ἱεράς
1566 2250 1739 2297 τινας.
1784 2234 1923 2286 Νυνὶ

345 2318 397 2370 δ’
431 2322 458 2372 ό
507 2321 750 2387 ἐγκαλῶν
800 2323 930 2391 ἡμῖν
966 2362 980 2382 ,
1031 2323 1113 2374 ὅτι
1163 2322 1488 2393 πιστεύομεν
1535 2325 1613 2392 τῷ
1651 2323 1742 2376 ἐπὶ
1791 2326 1922 2377 πᾶσι

345 2410 490 2481 Θεῷ,
517 2411 658 2476 ἀξιοῖ
690 2413 834 2482 ἡμᾶς
862 2414 1156 2476 πιστεύειν,
1199 2414 1279 2465 ὅτι
1301 2416 1355 2466 αἱ
1383 2415 1550 2484 ψυχαὶ
1574 2415 1678 2467 τῶν
1699 2415 1924 2485 ὀρνίθων

346 2500 628 2573 θειοτέρας
655 2503 869 2574 ἔχουσιν
921 2505 1128 2567 ἐννοίας
1170 2506 1261 2558 καὶ
1328 2506 1654 2576 τρανοτέρας
1712 2507 1922 2578 ἀνθρὼ-

347 2609 492 2645 πων.
525 2593 702 2663 Ὅπερ
734 2595 782 2645 εἰ
809 2593 1006 2664 ἀληθές
1035 2595 1204 2656 ἐστιν,
1240 2594 1450 2665 ὄρνιθες
1485 2596 1682 2665 μᾶλλον
1714 2613 1878 2666 τρανο
1901 2626 1922 2636 -

347 2683 520 2754 τέρας
553 2684 662 2754 (4³5)
696 2685 904 2737 Κέλσου
935 2685 1118 2756 έχουσι
1145 2688 1271 2757 περί
1305 2686 1441 2739 Θεοῦ
1470 2688 1695 2749 ἐννοίας.
1728 2689 1836 2740 Καὶ
1863 2688 1923 2740 οὐ

347 2773 664 2844 θαυμαστὸν
694 2777 740 2827 εἰ
773 2775 1002 2838 Κέλσου,
1031 2777 1124 2829 τοῦ
1149 2777 1241 2828 ἐπὶ
1264 2777 1513 2830 τοσοῦτον
1534 2777 1624 2830 τὸν
1644 2777 1926 2848 ἄνθρωπον

347 2864 793 2930 ὲξευτελίζοντος.
841 2867 1000 2920 Ἀλλὰ
1035 2867 1162 2938 γὰρ,
1200 2868 1322 2920 ὅσον
1348 2869 1438 2920 ἐπὶ
1470 2869 1679 2938 Κέλσῳ,
1706 2870 1756 2920 oi
1785 2868 1927 2937 ὅρνι-

346 2954 445 3017 θες
477 2955 727 3024 μείζονας
755 2958 848 3009 καὶ
877 2957 1152 3028 θειοτέρας
1178 2958 1390 3028 ἔχουσιν
1433 2959 1660 3022 ἐννοίας,
1695 2961 1754 3012 οὑ
1785 2960 1926 3028 λέγω

348 3047 511 3117 ⁴ἡμῶν
562 3048 901 3117 Χριστιανῶν
934 3049 966 3119 ἢ
996 3048 1103 3102 τῶν
1134 3053 1254 3112 ταῖς
1285 3051 1474 3112 αὐταῖς
1503 3053 1632 3120 ἡμῖν
1683 3051 1923 3120 Γραφαῖς
1953 3081 1993 3135 C

351 3139 649 3209 χρωμένων
693 3141 980 3206 Ἰουδαίων,
1027 3140 1160 3194 ἀλλά
1207 3140 1318 3212 γὰρ
1367 3142 1597 3195 καὶτῶν
1638 3144 1767 3213 παρ’
1793 3143 1923 3195 Ἕλ-

350 3230 478 3298 λησι
533 3230 814 3298 θεολόγων,
858 3232 1131 3302 ἄνθρωποι
1181 3233 1289 3304 γάρ
1333 3230 1495 3304 ἦσαν.
1545 3235 1758 3287 Μᾶλλον
1810 3231 1921 3298 οὖν,

354 3319 498 3372 κατά
532 3320 753 3384 Κέλσον,
787 3323 1079 3392 κατείληφε
1107 3324 1205 3393 τὴν
1237 3323 1331 3376 τοῦ
1359 3326 1515 3378 Θείου
1547 3325 1705 3394 φύσιν
1734 3326 1794 3378 τὸ
1817 3327 1925 3380 τῶν

352 3409 514 3479 δῆθεν
567 3411 840 3480 μαντικῶν
887 3412 1112 3482 ὀρνίθων
1165 3413 1339 3482 γένος,
1383 3416 1414 3486 ἢ
1461 3417 1785 3487 Φερεκύδης,
1830 3418 1924 3470 καὶ

354 3491 706 3572 Πυθαγόρας,
739 3504 832 3555 καὶ
860 3505 1175 3575 Σωκράτης,
1212 3507 1306 3558 καὶ
1351 3506 1592 3563 Πλάτων.
1626 3509 1735 3560 Καὶ
1760 3509 1924 3578 ἐχρῆν

349 3609 417 3660 γε
453 3594 598 3662 ἡμᾶς
625 3595 762 3664 πρὸς
807 3597 931 3658 τοὺς
957 3595 1174 3666 ὄρνιθας
1208 3599 1394 3667 φοιτᾷν
1418 3598 1765 3662 διδασκάλους
1784 3641 1797 3662 ,
1826 3600 1918 3665 ἶν’,

285 3697 290 3699 ·
347 3679 542 3754 ὡσπερ
576 3686 714 3737 κατὰ
763 3687 861 3756 τὴν
913 3686 1006 3737 τοῦ
1041 3688 1247 3740 Κέλσου
1280 3689 1542 3760 ὑπόληψιν
1588 3689 1923 3744 διδάσκουσιν

349 3776 500 3845 ἡμᾶς
533 3776 808 3845 μαντικῶς
839 3777 907 3830 τά
937 3777 1167 3848 ἐσόμενα
1187 3821 1202 3842 ,
1235 3778 1378 3832 οὕτω
1409 3781 1502 3834 καὶ
1529 3782 1655 3852 περὶ
1677 3781 1772 3834 τοῦ
1811 3783 1919 3852 ἀμ-

349 3867 626 3934 φιϐάλλειν
671 3871 798 3938 περὶ
841 3870 934 3921 τοῦ
986 3870 1141 3924 Θείου
1189 3871 1536 3936 ἀπαλλάξουσι
1564 3874 1690 3936 τοὺς
1717 3872 1924 3944 ἀνθρώ-

347 3973 506 4019 πους,
539 3958 605 4027 ἢν
664 3959 1022 4029 κατειλήφασι
1074 3962 1276 4032 τρανὴν
1318 3962 1446 4031 περὶ
1497 3963 1660 4016 αὑτοῦ
1716 3963 1922 4019 ἔννοιαν

349 4049 754 4118 παραδιδόντες.
798 4052 990 4122 Κέλσῳ
1027 4055 1122 4122 μὲν
1159 4049 1249 4106 οὖν
1281 4054 1594 4117 ἀκολουθεῖ,
1622 4055 1698 4125 τῷ
1741 4057 1922 4125 διαφέ-

351 4165 466 4219 ρειν
518 4150 803 4220 ἡγουμένῳ
829 4151 938 4220 (44)
967 4151 1074 4204 τῶν
1132 4151 1434 4224 ἀνθρώπων
1490 4154 1615 4214 τοὺς
1679 4153 1918 4223 ὄρνιθας,

350 4238 687 4302 διδασκάλοις
743 4241 902 4292 αύτόν
945 4241 1178 4311 χρῆσθαι
1235 4246 1347 4306 τοῖς
1391 4243 1583 4312 ὄρνισι,
1615 4245 1707 4296 καὶ
1735 4245 1921 4314 μηδενὶ

350 4329 496 4400 ἄλλῳ
523 4331 631 4384 τῶν
654 4331 1122 4401 φιλοσοφησάντων
1145 4336 1272 4404 παρ’
1299 4334 1569 4402 Ἕλλησιν.

2021 1863 2404 1918 convenissem
2447 1860 2616 1925 istud,
2641 1859 2954 1916 hominibus
2987 1862 3188 1917 beStias
3219 1877 3340 1917 esse
3370 1863 3592 1932 sapien.

2025 1957 2233 2009 tiores:
2273 1953 2392 2008 falsi
2433 1968 2646 2024 quoque
2686 1953 2987 2022 arguissem
3038 1954 3180 2022 quod
3233 1953 3328 2017 ait,
3367 1954 3487 2010 illas
3522 1957 3590 2010 de

2024 2046 2134 2100 Deo
2166 2046 2468 2115 religiosius
2502 2045 2656 2099 nobis
2708 2045 2938 2107 sentire,
2993 2054 3048 2098 et
3099 2054 3284 2098 sancta
3343 2046 3589 2114 qumdam

2027 2138 2165 2190 inter
2193 2152 2252 2190 se
2283 2135 2483 2190 habere
2534 2135 2824 2204 colloquia.
2858 2136 3014 2189 Nune
3065 2147 3266 2202 autem,
3310 2137 3400 2205 qui
3436 2139 3593 2192 nobis

2024 2228 2154 2280 vitio
2185 2229 2277 2280 dat
2313 2228 2453 2296 quod
2489 2242 2698 2281 summo
2747 2230 2853 2281 Deo
2901 2227 3060 2281 ﬁdem
3103 2227 3417 2292 habeamus’,
3447 2229 3588 2284 idem

2027 2321 2116 2374 ille
2149 2319 2385 2388 postulat
2423 2333 2452 2371 a
2481 2319 2635 2373 nobis
2700 2328 2755 2372 ut
2785 2318 3074 2374 credamus
3097 2319 3382 2373 animabus
3411 2320 3589 2374 avium

2028 2412 2204 2465 inesse
2233 2409 2322 2464 Dei
2349 2410 2598 2465 notiones
2620 2410 2914 2464 diviniores
2942 2410 3220 2479 magisque
3275 2413 3592 2480 perspicuas

2025 2494 2187 2571 570
2217 2517 2378 2569 quam
2433 2503 2765 2557 hominibus.
2803 2501 2959 2567 Quod
2991 2501 3036 2556 si
3071 2517 3259 2555 verum
3310 2511 3413 2567 est,
3457 2516 3592 2571 ergo

2027 2608 2152 2646 aves
2181 2592 2494 2656 clariorem,
2525 2607 2686 2661 quam
2708 2591 2918 2657 Celsus,
2947 2591 3042 2647 Dei
3067 2593 3268 2647 habent
3292 2593 3589 2649 notionem.

2027 2684 2081 2738 Id
2107 2693 2286 2738 autem
2325 2685 2397 2737 ita
2429 2699 2550 2739 esse
2579 2684 2646 2737 de
2664 2683 2843 2748 Celso,
2866 2700 2970 2738 non
3002 2685 3229 2738 mirarer
3259 2685 3588 2750 admodum;

2027 2792 2150 2828 eum
2190 2777 2464 2830 hominem
2517 2784 2800 2844 tantopere
2852 2775 3143 2843 deprimat.
3182 2775 3296 2829 Non
3321 2776 3464 2830 enim
3495 2792 3593 2846 per

2029 2867 2176 2920 illum
2237 2875 2368 2930 stat,
2411 2869 2698 2937 quominus
2751 2882 2878 2921 aves
2935 2867 3169 2920 habeant
3231 2868 3584 2924 sublimiores

2028 2959 2430 3026 divinioresque
2482 2958 2756 3020 notiones,
2793 2973 2898 3010 non
2940 2958 3064 3012 dico
3107 2974 3267 3026 quam
3298 2974 3394 3014 nos
3430 2958 3594 3013 Chri-

2027 3049 2187 3105 stiani
2223 3060 2314 3103 aut
2337 3047 2506 3103 Judaei
2534 3049 2623 3117 qui
2653 3049 2857 3102 eisdem
2890 3064 2952 3102 ac
2978 3065 3074 3103 nos
3102 3050 3399 3118 Scripturis
3429 3059 3590 3106 utun-

2031 3151 2135 3206 tur,
2177 3142 2270 3196 sed
2314 3157 2479 3210 quam
2533 3141 2843 3196 Grmcorum
2902 3140 3154 3209 theologi.
3212 3140 3382 3195 Erant
3444 3144 3589 3197 enim

2027 3236 2293 3289 homines.
2339 3234 2560 3288 Planius
2617 3234 2800 3303 igitur,
2855 3233 3016 3289 Celso
3053 3233 3269 3302 judice,
3335 3246 3584 3292 naturain

2029 3330 2333 3384 Divinitatis
2358 3330 2741 3384 intellexerunt
2765 3343 2894 3383 aves
2924 3330 2988 3382 ad
3023 3328 3404 3385 divinationem
3427 3340 3587 3402 aptae,

2025 3435 2186 3490 quam
2213 3419 2575 3490 Pherecydes,
2604 3434 2763 3488 quam
2791 3419 3148 3490 Pythagoras,
3175 3435 3338 3490 quam
3390 3421 3592 3478 Socra-

2029 3523 2129 3576 tes,
2164 3528 2326 3581 quam
2354 3512 2529 3567 Plato.
2566 3511 2658 3576 Na:
2683 3527 2781 3566 nos
2808 3527 2902 3580 par
2934 3512 3036 3564 fuit
3071 3511 3359 3580 magistras
3397 3512 3589 3567 audire

2027 3616 2174 3667 aves,
2205 3609 2263 3654 ut
2294 3602 2770 3670 quemadmodum,
2802 3601 2846 3655 si
2875 3599 3032 3655 Celso
3059 3601 3212 3666 ﬁdes,
3258 3616 3356 3656 nos
3394 3603 3594 3658 docent

2026 3707 2114 3748 res
2140 3692 2355 3746 futuras
2385 3693 2628 3746 divinare
2654 3709 2669 3757 ;
2704 3693 2780 3747 ita
2830 3693 2985 3748 no‘his
3016 3693 3218 3746 claram
3248 3692 3395 3747 illam
3426 3709 3588 3762 quam

2028 3784 2206 3839 animo
2257 3785 2702 3849 comprehensam
2741 3784 2944 3838 habent
2975 3784 3280 3838 Divinitatis
3311 3784 3588 3841 notionem

2026 3875 2388 3944 impertirent,
2421 3876 2606 3944 sicque
2653 3875 2720 3929 de
2774 3876 2862 3928 illa
2911 3875 3156 3929 homines
3188 3877 3334 3928 omni
3373 3875 3592 3931 dubita-

2024 3969 2173 4022 tione
2229 3966 2542 4021 liberarent.
2597 3964 2703 4020 Sed
2758 3965 2912 4020 Celso
2950 3969 3280 4034 praesertim,
3322 3969 3414 4038 qui
3459 3985 3588 4025 aves

2025 4057 2334 4114 hominibus
2379 4057 2591 4111 anteire
2636 4065 2810 4124 putat,
2848 4069 3274 4112 consentaneum
3326 4068 3450 4113 erat
3528 4071 3588 4114 ut

2025 4149 2130 4204 illis
2152 4159 2398 4204 uteretur
2433 4149 2729 4217 magistris,
2752 4163 2956 4217 easque
2988 4149 3239 4204 oumihus
3269 4148 3587 4205 Graecorum

2024 4242 2365 4312 philosophis
2402 4249 2778 4309 anteponeret.

435 4421 592 4492 Ἡμῖν
623 4421 666 4474 δ’
695 4423 849 4490 ὀλίγα
887 4424 1021 4494 πρὸς
1059 4423 1127 4476 τὰ
1175 4425 1509 4495 προκείμενα
1562 4425 1670 4477 ἀπὸ
1714 4425 1917 4479 πολλῶν

2093 4419 2182 4474 90.
2226 4416 2401 4472 Pauca
2433 4431 2462 4470 e
2494 4415 2680 4469 multis
2737 4416 3014 4479 addamus,
3069 4417 3264 4487 quibus
3310 4427 3587 4474 evertatur

350 4513 586 4577 λεκτέον,
617 4514 947 4584 διελέγχουσι
974 4514 1070 4585 τὴν
1101 4516 1396 4586 ἀχάριστον
1422 4514 1763 4584 ψευδοδοξίαν
1789 4516 1925 4586 πρὸς

348 4606 440 4659 τὸν
463 4607 795 4677 πεποιηκότα
825 4607 982 4660 αὐτόν
1000 4624 1012 4636 ·
1055 4626 1073 4657 ι
1095 4607 1413 4678 ἄνθρωπος»
1448 4607 1556 4678 γάρ
1596 4609 1690 4661 καὶ
1720 4607 1924 4670 Κέλσος

350 4695 446 4758 ὣν,
480 4715 497 4746 ι
529 4698 588 4748 έν
619 4699 750 4766 τιμῇ
776 4697 850 4748 ὢν
872 4699 930 4749 ού
951 4697 1177 4766 συνῆκε·
1213 4716 1230 4747 ι
1263 4696 1342 4749 διὸ
1370 4697 1488 4750 οὐδὲ
1510 4699 1922 4770 παρασυνεὸλὴ·

353 4786 417 4856 θη
469 4791 579 4851 τοῖς
625 4789 818 4859 ὄρνισι,
855 4791 948 4843 καὶ
977 4793 1087 4852 τοῖς
1120 4790 1299 4852 ἄλλοις
1350 4789 1564 4858 ἀλόγοις
1591 4790 1701 4860 (45)
1736 4790 1914 4855 ζώοις,

428 4946 472 4976 ⁸³
506 4945 644 5002 Psal.
678 4963 860 5014 xum,
896 4952 981 5004 15.

423 5111 534 5190 (40)
564 5112 895 5190 lloeschelius
915 5126 990 5190 _et
1045 5118 1346 5190 Speneerus
1405 5128 1525 5190 post
1575 5118 1911 5189 ἐπιτηδείους

356 5181 772 5306 πριμυιιὲῚιὊωω
803 5185 1001 5253 αὐτῶν,
1037 5181 1196 5256 quam
1227 5189 1347 5256 jure
1371 5181 1581 5260 respuit
1613 5181 1908 5244 Philocalia

349 5265 380 5302 ιι
442 5268 528 5302 Illll
563 5267 709 5306 tem.

419 5294 1042 5397 (ᾖδ’-’ἐξέλειργεστέρως.
1075 5326 1236 5380 Forte
1285 5327 1626 5382 scribendum
1681 5329 1906 5397 ἐναργε-

349 5392 570 5465 στέρωςξ
599 5393 860 5448 Caeterum
915 5409 945 5449 e
991 5397 1285 5449 Philocalia
1337 5397 1489 5449 abest
1524 5412 1623 5449 vox
1675 5392 1909 5465 sequens

345 5460 625 5526 ἀποδεῖξαι
655 5473 709 5517 ιιι
736 5473 790 5518 et
827 5468 1195 5537 prmcedcntes
1215 5467 1311 5537 τὴν
1337 5460 1912 5537 ἀπολογίανηθὶίθεεθ-

349 5546 453 5604 que
483 5544 727 5604 possunt,
761 5534 911 5589 salva
943 5537 1232 5604 sententia.
1270 5534 1459 5590 ’Paulo
1509 5547 1627 5604 post
1664 5535 1912 5590 Philoca-

347 5599 438 5722 lini,
465 5598 675 5656 τοιάσδε
713 5605 986 5676 μαντείας.
1020 5603 1174 5660 Lihb.
1210 5607 1374 5672 editi,
1406 5598 1659 5670 τοιαύτας
1686 5606 1749 5677 δὴ
1778 5623 1915 5676 μαν-

343 5683 402 5720 τε
428 5688 513 5722 ας.

557 5742 682 5801 Post
727 5760 910 5802 vocem
961 5743 1117 5816 ἡμῶν
1171 5746 1322 5802 addit
1375 5745 1693 5812 Philocalia,
1724 5745 1756 5815 ἢ
1792 5744 1912 5798 οὐδὲ

2023 4512 2155 4566 falsa
2190 4511 2309 4580 ejus
2360 4517 2413 4564 et
2463 4509 2674 4578 ingrata
2705 4509 2756 4562 in
2794 4523 2955 4563 suum
2985 4508 3328 4565 Conditorem
3376 4511 3582 4580 opinio.

2022 4602 2153 4658 Nam
2179 4602 2371 4656 Celsus
2415 4619 2432 4651 ι
2464 4615 2585 4653 cum
2617 4599 2798 4665 homo,
2834 4618 2854 4651 ›
2889 4595 3049 4668 atque
3074 4600 3210 4656 adeo
3245 4620 3262 4652 ι
3287 4602 3340 4656 in
3375 4603 3586 4660 honore

2018 4702 2185 4756 esset,
2222 4707 2327 4745 non
2385 4690 2749 4746 intellexit“:
2784 4710 2802 4742 ι
2853 4705 3024 4760 quare
3076 4706 3180 4746 non
3237 4704 3584 4763 comparatus

2017 4794 2103 4840 est
2133 4784 2327 4837 avibus
2350 4781 2597 4859 aliisque
2628 4782 2837 4849 bestiis,
2869 4797 3004 4852 quas
3040 4781 3252 4839 divinas
3299 4799 3422 4841 esse
3467 4786 3585 4842 exi-

2017 5117 2154 5169 ὅλως
2183 5113 2317 5169 ένει.

2090 5131 2481 5253 ῗιῗὸῗχίῗίάᾷλον
2513 5173 2886 5253 τρανοτέρας.
2928 5172 3196 5253 Geminati
3227 5171 3580 5253 comparativi

2019 5241 2265 5321 exempla
2330 5251 2501 5321 habes
2541 5241 2807 5321 passing“
2841 5259 2974 5321 (ζειαὶ
3014 5241 3249 5321 plurium
3275 5243 3581 5321 -ςοηεςεεείι,

2020 5308 2409 5378 Taubinannus
2438 5319 2503 5370 ad
2539 5308 2684 5370 vers.
2743 5315 2812 5369 78
2855 5308 3073 5368 Culicis.
3103 5310 3238 5363 Vide
3271 5308 3433 5362 Marc.
3477 5323 3576 5370 vu,

2017 5395 2086 5448 '56
2117 5400 2171 5445 et
2203 5389 2430 5458 Philipp.
2462 5402 2503 5448 ι,
2525 5385 2612 5439 25.

2090 5443 2202 5532 (τι)
2236 5443 2673 5532 ιιωέέιωιῑυεῖη
2729 5462 2900 5532 text“.
2935 5449 2996 5532 τὲ
3025 5443 3581 5532 διαίέέρειγηήγοὲἓέ⁴

2019 5513 2344 5585 νωνξγβιιιιίο
2390 5534 2510 5600 post.
2552 5513 3228 5600 Ριιὶιυοιιιὶςιίκαὶῇμῃδεῡνὶ
3261 5513 3404 5600 any
3445 5513 3576 5569 τῶν.

2022 5601 2356 5656 Ηωεοιιειίιιε
2380 5586 2434 5650 et
2456 5595 2781 5666 Spencerus,
2810 5589 2904 5666 καὶ
2922 5586 3110 5666 μηδενὶ
3126 5586 3432 5666 ὀὕτω-τῶν.

2093 5654 2204 5742 (45)
2247 5654 2523 5742 Ἀλότοιιξ.
2560 5654 3491 5742 Desideratuﬂapuditiorschelium
3525 5664 3579 5710 et

2023 5726 2509 5818 Spenléerum,'.sed
2537 5731 2818 5801 suppletur
2852 5744 2882 5785 e
2909 5726 3228 5784 Philoealia.
