3986 6164
484 354 614 412 11⁸11

1961 327 2286 386 ORIGENIS
2353 335 2356 338 '

3600 320 3778 374 “72

469 442 665 497 harum
721 457 902 498 rerum
951 442 1140 513 peritis
1168 441 1518 496 observatum
1547 453 1652 510 est,
1697 445 1923 500 clariora
1985 449 2047 501 ab

2154 447 2332 516 ὄρνεις
2385 446 2477 499 καὶ
2503 445 2627 507 τοὺς
2653 443 2974 514 δράκοντας,
3004 440 3083 494 ἔτι
3114 442 3157 493 δ’
3196 439 3484 502 ἀλώπεκας
3516 439 3620 493 καὶ
3657 438 3773 492 λύ-

471 536 594 591 istis
631 537 999 591 animantibus
1037 536 1158 606 capi
1195 536 1460 606 prmsagia
1493 555 1505 590 :
1541 551 1662 592 cum
1709 539 1763 592 in
1802 555 2055 594 mansue-

473 629 640 683 tiores
689 643 794 683 non
849 636 1058 682 tantum
1120 629 1407 698 pmestatis
1459 629 1699 685 habeant
1757 631 2050 696 daemones,

469 728 729 788 quantum
764 717 891 786 ipsis
941 717 994 770 in
1052 717 1188 771 alias
1226 717 1314 770 dat
1365 716 1607 774 afﬁnitas
1661 721 1898 786 malitiae,
1933 738 2053 791 qua:

467 817 647 862 tamen
674 808 726 861 in
751 808 857 863 illis
891 808 1261 863 animantibus
1296 808 1504 863 malitia
1537 825 1643 865 non
1674 821 1775 878 est,
1801 813 1894 868 sed
1919 814 2047 883 quid

466 897 660 952 siu‘iilc.

2155 556 2302 602 κους.
2353 538 2457 591 Καὶ
2488 535 2596 606 γὰρ
2647 535 3092 606 παρατετήρηται
3133 535 3243 596 τοῖς
3269 532 3396 603 περὶ
3426 530 3602 584 ταῦτα
3642 531 3766 584 δει-

2152 633 2282 694 νοῖς,
2313 631 2394 682 ὅτι
2428 632 2888 700 αἱὲνεργέστεραι
2936 629 3044 697 (60)
3101 624 3436 697 προγνώσεις
3488 621 3577 676 διὰ
3632 621 3764 675 τῶν

2149 722 2406 775 τοιούτων
2428 720 2580 784 ζώων
2602 723 2900 790 γίγνονται·
2935 721 3028 774 ᾶτε
3054 717 3127 788 μὴ
3153 716 3465 786 δυναμένων
3490 713 3599 767 τῶν
3623 714 3765 766 δαι-

2151 815 2325 884 μόνων
2351 814 2408 866 ὲν
2433 816 2544 876 τοῖς
2579 813 2949 885 ἡμερωτέροις
2978 809 3085 862 τῶν
3120 807 3273 872 ζώων
3303 806 3577 870 τοσοῦτον,
3613 807 3756 858 ὅσον

2145 904 2396 958 δύνανται
2429 905 2516 958 διὰ
2543 905 2604 957 τὸ
2637 904 3015 975 παραπλήσιον
3046 903 3144 972 τῆς
3173 900 3389 967 κακίας,
3418 901 3511 954 καὶ
3545 901 3606 953 οὐ
3638 917 3751 954 κα.-

466 988 591 1042 κίαν
615 989 734 1060 μὲν,
763 991 922 1043 οἱονεὶ
954 989 1009 1042 δὲ
1043 991 1237 1044 κακίαν
1261 985 1425 1044 οὖσαν
1462 993 1520 1044 ὲν
1547 994 1658 1054 τοῖς
1689 993 1907 1045 τοιοισδὶ
1938 992 2046 1046 τῶν
2079 995 2250 1061 ζώων,
2287 995 2576 1066 ἐνεργῆσαι
2602 996 2725 1049 τάδε
2752 995 2820 1048 τὰ
2846 994 2958 1057 ζῶα
2991 993 3123 1064 (61).

531 1170 620 1225 95.
651 1169 808 1224 Unde
861 1168 906 1223 si
943 1168 1070 1239 quid
1100 1169 1244 1224 aliml
1298 1167 1498 1239 Moysis
1541 1169 1840 1223 admiratus
1895 1185 2039 1238 sum,

460 1261 565 1316 hoc
600 1261 653 1316 in
715 1262 906 1330 primis
963 1263 1328 1316 admiratione
1373 1261 1596 1332 dignum
1643 1276 1764 1316 esse
1805 1262 2037 1330 affirmo,

457 1348 626 1414 quod,
686 1349 1047 1403 consideratis
1097 1350 1455 1402 animantium
1513 1349 1743 1403 diversis
1804 1352 2039 1415 naturis,

457 1438 572 1492 sive
603 1453 723 1506 qua:
764 1440 831 1493 ad
859 1453 954 1493 eas
976 1440 1353 1505 daemonesquc
1381 1439 1612 1509 singulis
1647 1439 1839 1496 attines
1881 1451 2042 1509 atque

457 1537 717 1597 cognatos
734 1529 1033 1598 pertinent,
1054 1545 1081 1582 a
1103 1528 1211 1584 Deo
1228 1531 1519 1599 acceperit,
1536 1531 1650 1584 sive
1663 1547 1756 1585 sua
1775 1533 2040 1600 sapientia

457 1621 572 1689 ipse
593 1605 879 1686 invenerit,
900 1621 952 1674 in
985 1636 1081 1676 suo
1099 1621 1164 1676 de
1185 1621 1511 1676 animalibus
1535 1623 1714 1678 edicto
1739 1623 1786 1654 ⁸⁸
1815 1625 2041 1678 immun-

456 1711 526 1766 da
551 1711 641 1766 illa
667 1711 849 1766 omnia
886 1713 1135 1782 appellet,
1170 1729 1292 1782 quae
1313 1713 1556 1784 Egyptii
1611 1717 1905 1785 czeterique
1938 1717 2040 1771 ho-

457 1805 637 1859 mines
668 1804 892 1860 fatidica
931 1821 1054 1860 esse
1085 1815 1301 1874 putant.
1347 1820 1486 1874 pura
1532 1821 1664 1862 vero
1700 1807 1904 1877 reliqua
1932 1809 2044 1865 fere

457 1897 664 1953 onmia.
725 1896 818 1953 Sic
857 1899 997 1967 apud
1056 1897 1678 1968 Moyseminimmundis
1717 1901 2040 1971 suntlupus,

457 1988 669 2056 vulpes,
691 1989 878 2053 draco,
901 1989 1110 2058 aquila,
1135 1989 1416 2058 accipiter,
1451 2000 1504 2044 et
1533 1990 1599 2044 iis
1643 1991 1873 2046 similia:
1900 2003 1956 2047 et
1984 2002 2044 2047 ut

457 2080 750 2149 plurimum
787 2096 895 2136 non
926 2080 1100 2136 solum
1130 2083 1183 2135 in
1216 2081 1352 2151 lege,
1376 2081 1467 2134 sed
1491 2083 1656 2136 etiam
1688 2083 1740 2136 in
1767 2085 2046 2154 prophetis

461 2169 626 2241 573
655 2171 900 2225 invenias
931 2172 1035 2226 hoc
1068 2185 1268 2238 genere
1303 2172 1619 2226 animalimn
1649 2175 2036 2242 repraesentari

457 2278 520 2318 ea
576 2278 697 2333 qua:
727 2265 970 2318 omnium
1004 2265 1246 2331 pessima
1278 2276 1431 2330 sunt,
1467 2280 1569 2320 nec
1603 2282 1844 2333 unquam
1875 2266 1927 2320 in
1955 2267 2046 2320 bo-

459 2371 588 2412 nam
621 2367 830 2426 partem
869 2357 1040 2424 accipi
1076 2356 1186 2424 lupi
1223 2365 1315 2408 aut
1347 2355 1524 2424 vulpis
1569 2358 1814 2412 nomina.
1848 2356 2041 2410 Credi-

460 2451 636 2504 derim
684 2450 851 2519 igitur
889 2449 1136 2519 singulas
1180 2448 1482 2501 daemonum
1527 2448 1741 2517 species
1776 2464 1898 2502 cum
1929 2449 2042 2502 siu-

458 2541 604 2610 gulis
635 2540 953 2594 animalium
985 2539 1273 2608 speciebus
1303 2539 1600 2607 quamdam
1637 2539 1838 2593 habere
1870 2537 2044 2592 afﬁni-

459 2643 626 2685 tatem
662 2650 674 2686 :
717 2643 767 2686 et
793 2633 1257 2701 quemadmodum
1288 2631 1539 2686 homines
1587 2632 1808 2699 quidam
1836 2672 1850 2696 ,
1893 2632 2040 2686 nulla

459 2736 676 2776 morum
696 2722 886 2776 habita
921 2723 1156 2787 ratione,
1207 2730 1336 2777 sunt.
1364 2720 1485 2774 aliis
1531 2721 1844 2776 hominibus
1881 2723 2044 2774 robu-

460 2814 681 2880 stiores,
715 2815 788 2868 ita
819 2813 1128 2868 daemonum
1156 2813 1207 2868 in
1251 2815 1414 2870 rebus
1451 2814 1892 2868 indiﬂ‘erenlibus
1927 2829 2042 2865 ma-

458 2907 630 2975 iorem
676 2921 798 2961 esse
838 2917 1184 2974 potestatem,
1217 2921 1380 2975 quam
1430 2907 1663 2960 aliormn
1694 2907 2044 2972 dzemonuna;

462 3005 518 3050 et
554 2999 820 3065 quosdam
852 2998 1095 3065 quidem,
1123 3013 1222 3066 pro
1255 3009 1385 3050 nutu
1413 2997 1535 3065 ejus
1559 3011 1717 3065 quem
1748 2997 2044 3066 Scriptura:

460 3096 664 3140 ostra:
692 3096 890 3139 vocant
924 3103 941 3135 ι
975 3086 1271 3155 principem
1303 3087 1463 3156 hujus
1486 3089 1671 3140 saeculi
1698 3088 2042 3156 ",iqnibus-
2070 3124 2112 3180 Ο

464 3179 588 3232 dam
640 3177 971 3229 animalibus
1023 3178 1091 3230 ad
1143 3177 1411 3232 fallendos
1469 3180 1717 3233 homines
1749 3179 1857 3243 uti;
1905 3179 2042 3234 alios

464 3283 599 3323 vero
656 3283 751 3337 per
807 3267 970 3321 aliam
1028 3267 1348 3321 animalium
1404 3269 1643 3336 speciem
1691 3269 1873 3322 futura
1913 3286 2051 3337 pra:-

468 3360 745 3413 uuntiare.
798 3359 876 3413 Ac
948 3359 1069 3413 vide
1124 3376 1234 3428 quo
1313 3361 1643 3428 processerit
1706 3361 2050 3416 iuununditia

467 3449 828 3514 daemonum,
919 3465 1154 3520 quorum
1243 3451 1464 3521 quidam
1555 3452 1720 3507 etiam
1792 3454 2051 3509 mustelas

466 3545 821 3599 adhibuerim
848 3545 916 3600 ad
960 3560 1144 3600 rerum
1200 3545 1505 3600 futurarum
1539 3547 1999 3614 signiﬁcationem
2031 3565 2045 3601 :

465 3645 523 3691 et
561 3646 744 3691 tecum
791 3638 905 3706 ipse
954 3647 1171 3707 reputa,
1210 3649 1330 3691 utra
1390 3639 1661 3692 sententia
1711 3638 1780 3690 sit
1839 3639 2039 3707 potior,

467 3741 606 3780 eane
638 3742 758 3794 quae
807 3728 1005 3780 statuit
1058 3729 1297 3782 molibus
1356 3726 1680 3802 futurorum
1727 3729 2043 3796 prmuuntiis

467 3831 595 3869 aves
641 3817 990 3886 reliquasque
1036 3820 1341 3873 animantes
1378 3819 1571 3888 agitari
1617 3833 1645 3870 a
1681 3819 1788 3872 Deo
1830 3833 2044 3872 summo

465 3907 692 3976 ejusque
723 3908 896 3972 Filio;
930 3923 996 3962 an
1028 3925 1091 3963 ea
1159 3925 1280 3977 quae
1320 3911 1371 3964 id
1401 3916 1682 3977 acceptum
1736 3909 1902 3962 refert
1932 3911 2043 3962 da:-

471 3999 745 4064 monibus,
780 4000 964 4070 pravis
1001 4001 1108 4055 illis
1143 4011 1222 4066 et,
1255 4011 1313 4054 ut
1336 4002 1629 4070 loquuntur
1660 3999 1958 4070 Scriptura:
1976 4001 2042 4066 ⁵⁸,

471 4093 700 4163 impuris
723 4093 1025 4164 spiritibus,
1059 4093 1176 4164 qui,
1218 4093 1346 4150 licet
1389 4092 1700 4149 hominibus
1746 4094 2127 4161 praesentibus,

476 4191 627 4239 vent.

2222 1171 2404 1232 Ὅθεν,
2443 1172 2599 1242 εἴπερ
2633 1172 2758 1227 ἄλλο
2785 1188 2836 1224 τι
2864 1169 3143 1232 Μωῦσέως
3173 1169 3514 1238 τεθαύμακα,
3549 1167 3648 1222 καὶ
3683 1166 3748 1220 τδ

2146 1263 2384 1316 τοιοῦτον
2413 1264 2686 1334 θαύματος
2717 1261 3098 1332 ἀποφανοῦμαι
3131 1261 3279 1324 ἄξιον
3303 1256 3462 1320 εἶναι,
3501 1261 3583 1311 ὅτι
3630 1259 3746 1327 (pii-

2148 1371 2260 1418 σεις
2294 1358 2634 1426 κατανοήσας
2686 1354 2838 1420 ζώων
2882 1354 3188 1425 διαφόρους,
3236 1353 3330 1406 καὶ
3362 1354 3460 1405 εἴτ’
3502 1351 3612 1404 ἀπὸ
3639 1351 3744 1403 τοῦ

2146 1447 2302 1500 Θείου
2343 1446 2530 1518 μαθὼν
2568 1449 2634 1519 τὰ
2665 1448 2792 1519 περὶ
2843 1446 3044 1509 αὐτῶν,
3080 1446 3173 1498 καὶ
3204 1444 3312 1497 τῶν
3359 1443 3576 1513 ἑκάστῳ
3609 1441 3744 1512 ζώῳ

2149 1538 2426 1605 συγγενῶν
2442 1538 2730 1608 δαιμόνων,
2751 1539 2858 1590 εἴτε
2876 1538 2969 1590 καὶ
2986 1537 3144 1598 αὐτὸς
3161 1534 3464 1588 ἀναϐαίνων
3485 1537 3553 1604 τῇ
3576 1535 3742 1604 σοφίᾳ

2147 1629 2322 1700 εὑρὼν
2343 1629 2474 1699 (62),
2499 1631 2556 1682 ὲν
2580 1633 2646 1700 τῇ
2679 1646 2744 1681 πε
2755 1629 2805 1700 ρ“ι
2831 1627 2984 1691 ζώων
3009 1626 3267 1692 διατάξει,
3287 1625 3460 1678 πάντα
3479 1624 3580 1694 μὲν
3603 1624 3743 1676 ἀκά-

2148 1721 2319 1792 θαρτα
2339 1721 2540 1791 ἔφησεν
2556 1716 2692 1774 εἶναι
2716 1719 2786 1772 τὰ
2802 1718 3133 1790 νομιζόμενα
3159 1719 3290 1789 παρ’
3304 1717 3625 1785 Αἰγυπτίοις
3645 1717 3739 1769 καὶ

2075 1791 2118 1845 Β
2145 1813 2255 1874 τοῖς
2271 1811 2476 1874 λοιποῖς
2491 1810 2598 1865 τῶν
2615 1808 2913 1880 ἀνθρώπων
2935 1806 3070 1861 εἶναι
3095 1808 3348 1878 μαντικὰ,
3365 1808 3439 1871 ὡς
3457 1807 3663 1861 ἐπίπαν
3683 1806 3739 1860 δὲ

2145 1897 2282 1954 εἶναι
2315 1901 2528 1972 καθαρὰ
2555 1901 2624 1954 τὰ
2658 1902 2731 1971 μὴ
2761 1900 3004 1954 τοιαῦτα.
3038 1901 3146 1953 Καὶ
3171 1900 3230 1951 ἐν
3253 1898 3589 1968 ἀκαθάρτοις
3627 1914 3740 1949 πα-

2147 1993 2216 2064 ρὰ
2245 1994 2456 2063 Μωῦσῇ
2490 1994 2604 2045 ἐστι
2633 1992 2814 2055 λύκος,
2841 1993 2936 2044 καὶ
2969 1990 3213 2060 ἀλώπηξ,
3246 1991 3339 2043 καὶ
3368 1990 3608 2060 δράκων,
3643 1990 3738 2042 ἀε-

2143 2085 2232 2149 τός
2261 2102 2319 2137 τε
2350 2085 2444 2138 καὶ
2482 2084 2656 2156 ἱέραξ,
2700 2085 2794 2137 καὶ
2821 2084 2895 2137 ’τά
2923 2085 3085 2153 ὅμοια
3113 2083 3342 2144 τούτοιςο
3380 2083 3475 2134 καὶ
3511 2081 3588 2143 ώς
3617 2080 3740 2132 ἐπίο

2146 2193 2252 2228 παν
2284 2176 2344 2228 οὐ
2383 2176 2540 2246 μόνον
2573 2177 2629 2228 ἐν
2655 2175 2730 2245 τῷ
2746 2176 2914 2245 νόμῳ,
2939 2174 3074 2228 ἀλλά
3105 2176 3197 2228 καὶ
3224 2176 3279 2226 ἐν
3300 2177 3411 2236 τοῖς
3430 2175 3738 2245 προφήταις

2148 2266 2328 2336 εὕροις
2354 2267 2418 2320 ἂν
2449 2266 2620 2320 ταῦτα
2653 2267 2720 2319 τὰ
2753 2265 2866 2331 ζῶα
2898 2268 2978 2330 εἰς
3023 2265 3374 2336 παράδειγμα
3416 2265 3525 2318 τῶν
3563 2265 3725 2318 κακί-

2150 2377 2287 2412 στων
2341 2358 2914 2430 παραλαμϐανόμενα,
2962 2358 3214 2410 οὐδέποτε
3266 2358 3322 2410 δὲ
3370 2360 3451 2420 είς
3497 2358 3735 2430 χρηστὸν

2149 2453 2384 2521 πρᾶγμα
2402 2450 2802 2521 ὀνομαζόμενον
2831 2450 2994 2504 λύκον
3027 2449 3356 2521 ἢάλώπεκα.
3393 2451 3614 2503 Ἔοικεν
3642 2447 3734 2504 οὖν

2145 2558 2228 2603 τις
2259 2537 2395 2592 εἶναι
2429 2541 2644 2611 ἑκάστῳ
2676 2540 2943 2610 δαιμόνων
2987 2541 3115 2593 εἴδει
3151 2541 3405 2592 κοινωνία
3439 2541 3576 2612 πρὸς
3608 2541 3734 2594 ’ἐκα-

2150 2649 2270 2684 στον
2300 2629 2439 2694 εἶδος
2472 2629 2645 2695 ζώωνο
2680 2629 2772 2683 καὶ
2805 2629 2994 2700 ὥσπερ
3024 2632 3080 2683 ἐν
3095 2629 3405 2699 ἀνθρώποις
3433 2629 3733 2701 ἀνθρώπων

2149 2721 2425 2792 ἅνθρωποι
2463 2719 2801 2791 ἰσχυρότεραί
2829 2720 2972 2782 τινές
3001 2721 3135 2772 εἰσιν
3155 2759 3170 2781 ,
3205 2721 3266 2772 οὐ
3303 2720 3522 2782 πάντως
3563 2721 3652 2773 διὰ
3677 2721 3732 2773 τὺ

2144 2809 2294 2884 ἦθος,
2328 2814 2417 2866 τὸν
2455 2811 2618 2866 αὑτὸν
2656 2811 2855 2882 τρόπον
2902 2811 3152 2880 δαίμονες
3198 2811 3470 2881 δαιμόνων
3523 2807 3731 2865 εἷεν-ἂν

2145 2909 2202 2958 ὲν
2232 2905 2418 2974 μέσοις
2450 2903 2824 2973 δυνατώτεροι·
2862 2903 2956 2955 καὶ
2979 2902 3084 2954 οἵδε
3111 2903 3206 2970 μὲν
3235 2901 3412 2954 τοῖσδε
3437 2904 3552 2965 τοῖς
3576 2902 3732 2967 ζώοις

2145 2997 2418 3068 χρώμενοι
2470 2997 2547 3059 εἰς
2581 2995 2798 3064 ἀπάτην
2831 2994 2937 3047 τῶν
2979 2994 3303 3066 ἀνθρώπων,
3337 2995 3480 3048 κατὰ
3513 2996 3576 3052 τὸ
3608 2994 3732 3065 βού-

2146 3087 2295 3159 λημα
2327 3087 2420 3140 τοῦ
2454 3086 2788 3157 καλουμένου
2822 3087 2878 3138 ἐν
2916 3089 3028 3148 τοῖς
3060 3084 3238 3150 λόγοις
3271 3085 3428 3156 ήμῶν
3478 3105 3496 3137 ι
3539 3086 3733 3157 ἄρχον-

2147 3197 2241 3243 τος
2271 3179 2362 3232 τοῦ
2396 3179 2589 3242 αἰῶνος
2620 3178 2809 3232 τούτου
2846 3178 2980 3247 (65),
3013 3197 3030 3228 ι
3068 3178 3247 3249 ἕτεροι
3279 3177 3336 3230 δὲ
3371 3177 3438 3230 δι’
3463 3177 3621 3232 ἄλλου
3655 3178 3730 3230 εἴ-

2153 3272 2275 3335 δους
2306 3271 2719 3342 προδηλοῦντες.
2757 3269 2869 3322 Καὶ
2888 3270 2991 3340 ὅρα
3022 3271 3106 3338 ἐφ’
3143 3269 3264 3321 ὅσον
3288 3269 3426 3320 εἰσὶν
3459 3269 3509 3320 οἱ
3547 3268 3730 3338 δαίμο-

2154 3381 2242 3426 νες
2279 3363 2480 3434 μιαροὶ,
2509 3363 2584 3426 ὡς
2618 3364 2709 3415 καὶ
2738 3360 2910 3430 γαλᾶς
2961 3361 3066 3414 ὑπό
3107 3347 3269 3414 τινων
3303 3360 3726 3430 παραλαμϐάνε-

2155 3455 2276 3508 σΟαι
2310 3455 2444 3526 πρὸς
2473 3454 2534 3506 τὸ
2576 3453 2768 3524 δηλοῦν
2802 3452 2872 3505 τὰ
2905 3453 3182 3523 μέλλοντα’
3237 3453 3329 3504 καὶ
3376 3454 3441 3505 σὺ
3490 3453 3546 3505 δὲ
3584 3455 3727 3522 παρὰ

2155 3545 2336 3616 σαυτῷ
2381 3549 2565 3618 κρῖνον
2602 3544 2860 3615 ὁπότερόν
2906 3545 3023 3596 ἐστι
3061 3543 3265 3613 βέλτιον
3305 3542 3725 3615 παραδέξασθαι,

2149 3639 2232 3690 ὅτι
2265 3640 2292 3690 ὁ
2319 3637 2410 3690 ἐπὶ
2445 3638 2579 3689 πᾶσι
2613 3636 2742 3698 Θεὸς
2776 3635 2868 3687 καὶ
2900 3634 3092 3686 τούτου
3136 3637 3164 3688 ό
3201 3636 3330 3698 Υἱὸς
3373 3635 3585 3688 κινοῦσι
3609 3637 3724 3698 τοὺς

2147 3730 2366 3803 ὄρνιθας
2391 3730 2484 3782 καὶ
2503 3727 2573 3780 τά
2596 3727 2758 3779 λοιπὰ
2789 3726 2903 3791 ζῶα
2935 3728 3014 3790 εἰς
3045 3729 3332 3799 μαντικὴν,
3365 3728 3398 3799 ἢ
3435 3730 3486 3780 οἱ
3531 3726 3724 3780 κινοῦν-

2147 3839 2236 3885 τες
2265 3823 2332 3874 τά
2352 3821 2524 3874 τοιαδὶ
2557 3819 2663 3872 τῶν
2697 3817 2870 3882 ζώων,
2906 3819 2999 3872 καὶ
3031 3821 3132 3872 οὐκ
3177 3819 3498 3890 ἀνθρώπους
3536 3819 3721 3888 παρόνο

2147 3931 2253 3967 των
2295 3911 2615 3984 ἀνθρώπων,
2644 3908 2892 3979 δαίμονές
2921 3911 3026 3962 εἰσι
3049 3910 3369 3979 φαῦλοι,καὶ
3393 3910 3470 3973 ὡς
3489 3909 3718 3980 ὠνόμασε

2147 4004 2216 4057 τά
2253 4001 2374 4074 ἱερά
2395 4000 2550 4072 ήμῶν
2583 3999 2882 4070 γράμματα
2903 4036 2917 4061 ,
2954 3997 3274 4070 ἀκάθαρτοι.

2166 4111 2272 4150 non
2322 4094 2576 4149 homines
2647 4100 2871 4154 tamen,
2921 4089 3019 4144 sed
3071 4093 3314 4162 quandam
3347 4091 3598 4147 animalia
3619 4103 3719 4146 mo-

538 4274 630 4331 94.
670 4275 878 4333 Praater
904 4277 1042 4343 hare,
1076 4279 1120 4333 si
1149 4278 1331 4335 divina
1365 4279 1546 4334 avium
1573 4278 1696 4336 ideo
1729 4287 1815 4336 est
1840 4278 2046 4346 anima,

2224 4277 2395 4350 Εἴπερ
2426 4279 2484 4332 δι
2519 4278 2636 4333 θεία
2662 4280 2808 4335 ἐστὶν
2834 4282 3000 4354 ἡτῶν
3025 4279 3255 4352 ὀρνίθων
3285 4277 3431 4349 ψυχὴ
3469 4277 3556 4332 διὰ
3587 4262 3714 4332 τιδι’

469 4367 596 4435 quia
635 4367 741 4422 illae
775 4369 960 4424 futura
989 4375 1395 4440 pramuntiant;
1444 4382 1651 4441 quanto
1679 4373 1891 4444 magis,
1919 4387 2043 4428 cum

471 4459 540 4512 ab
567 4459 884 4516 hominibus
921 4465 1103 4516 omina
1159 4463 1525 4533 accipiuntur,
1565 4464 1807 4517 divinam
1858 4463 2048 4516 dicen-

471 4551 599 4603 dum
635 4561 782 4604 esset
803 4566 991 4604 eorum
1017 4567 1138 4606 esse
1169 4555 1403 4606 animam
1445 4569 1541 4621 per
1563 4567 1700 4620 quos
1742 4553 1922 4606 omina
1955 4568 2052 4606 au-
2079 4591 2084 4596 -

473 4639 738 4693 diuntur?
785 4640 929 4710 Ergo
978 4657 1042 4696 ex
1083 4643 1188 4696 illis
1212 4643 1393 4697 divina
1437 4643 1600 4696 fuerit
1652 4642 1740 4696 illa
1787 4643 2046 4709 molitrix,

470 4744 594 4798 quae
628 4731 772 4800 apud
804 4731 1096 4788 Homerum
1130 4735 1198 4788 de
1226 4734 1407 4803 procis
1432 4733 1648 4787 dicebat
1683 4750 1696 4786 :

655 4843 852 4898 Ultimo
889 4856 934 4899 et
965 4855 1222 4913 postremo
1247 4863 1382 4901 nunc
1412 4847 1694 4900 hiccwnent
1718 4843 1762 4876 ⁸⁹
1800 4859 1816 4909 ;

471 4938 589 5004 illa,
620 4938 868 5006 inquam,
893 4936 1075 4991 divina
1106 4938 1302 5006 fuerit;
1341 4939 1566 4992 minime
1613 4951 1742 4992 vero
1809 4935 2050 5005 Ulysses,

544 5054 594 5088 “
622 5053 794 5110 Levit.
827 5071 902 5109 χι.
975 5056 1018 5088 ⁵⁷
1046 5055 1199 5111 Joan.
1228 5073 1323 5122 xu,
1358 5057 1451 5117 15;
1488 5056 1526 5109 11
1555 5055 1680 5110 Cor.
1713 5072 1786 5120 Iv,
1816 5056 1868 5110 4.

541 5149 658 5288 (6οζ
712 5148 913 5202 Mavult
968 5149 1306 5211 Boherellus,
1344 5151 1399 5202 αἱ
1435 5150 1842 5220 ὲκιαργὲστεραι.

541 5220 627 5288 (61
697 5218 840 5273 Τάδε
880 5224 950 5274 τὰ
974 5219 1104 5280 ζῶα.
1141 5219 1337 5274 Guiclo
1378 5221 1494 5274 haec
1538 5221 1783 5274 uddititia
1815 5237 1841 5272 v

541 5218 655 5292 (61)
697 5218 840 5292 Τᾲδε
880 5224 950 5274 τὰ
974 5219 1104 5280 ζῶα.
1141 5219 1337 5274 Guieto
1378 5221 1494 5274 haec
1536 5218 1783 5274 addititia
1815 5221 2061 5275 videntur

471 5301 528 5346 et
551 5290 852 5362 stipet‘ﬂua.

545 5355 658 5449 (6'2')
689 5361 1009 5428 Pltilocalia,
1038 5355 1216 5434 εὗρεν.
1277 5358 1619 5416 lloeschelius
1644 5368 1698 5414 et
1731 5358 2056 5428 Spcncerus,

469 5449 670 5504 ευρων.

546 5500 662 5586 ςϐὅ)
721 5502 950 5588 Alma-05:
986 5505 1233 5588 fatifati.
1297 5500 1453 5588 Ιρξιη.
1517 5516 1629 5581 XII”
1673 5501 1733 5552 3|
1770 5541 1784 5564 ,
1811 5499 2051 5588 ..κόσμου

471 5569 701 5696 σὲούτου,
734 5575 848 5693 ‘sed
910 5573 1039 5637 Θεὸς
1129 5573 1225 5626 τοῦ
1285 5570 1480 5635 αἰῶνος
1541 5569 1730 5622 ’τούτου
1791 5569 2054 5625 dicitur]

522 5658 600 5694 or.
635 5657 708 5703 Iv,
774 5683 787 5695 .

552 5709 669 5832 364)
726 5711 1207 5779 'Y‘n‘rirOpémor.
1253 5715 1327 5767 Ita
1366 5709 1684 5767 Philocalia.
1726 5711 1872 5764 Alias
1899 5752 1910 5774 ,
1953 5711 2044 5762 ἀττ¹

482 5780 548 5837 ἀν
589 5778 805 5850 ρώπων.
841 5782 1008 5838 Paulo
1041 5794 1160 5852 post
1193 5785 1386 5841 Guieto
1424 5787 1635 5841 videtur
1665 5782 2044 5847 scribendum,

1981 5053 2031 5086 ⁵⁸
2055 5056 2242 5112 Matth.
2281 5074 2332 5121 Χ,
2380 5059 2430 5112 1.

2159 4369 2340 4424 αὐτῶν
2389 4371 2750 4442 προλέγεσθαι
2799 4374 2866 4427 τά
2911 4373 3192 4445 μέλλοντα,
3234 4371 3350 4433 πῶς
3381 4371 3504 4440 οὐχὶ
3535 4372 3712 4442 μᾶλλον

2160 4464 2291 4516 ὅπου
2322 4461 2576 4534 κλῃδόνες
2595 4464 2685 4517 ὑπ’
2709 4465 3012 4537 ἀνθρώπων
3036 4465 3146 4534 (64)
3167 4464 3555 4533 λαμϐάνονται,
3582 4464 3713 4516 θείαν

2159 4547 2298 4605 εἶναι
2333 4553 2576 4622 φήσομεν
2605 4553 2702 4623 τήν
2735 4554 2911 4624 ψυχὴν
2928 4553 3162 4623 εκείνην,
3197 4552 3261 4604 δι’
3289 4545 3364 4603 ὧν
3391 4553 3448 4603 αἱ
3483 4550 3711 4620 κλῃδόνες

2161 4643 2447 4696 ἀκούονται
2468 4660 2481 4708 ;
2511 4644 2641 4696 Θεία
2664 4641 2754 4697 οὖν
2773 4663 2855 4707 τις
2878 4641 2945 4715 ἦν
2966 4645 3105 4696 κατά
3125 4645 3249 4706 τοὺς
3268 4641 3506 4694 τοιούσδε
3532 4639 3708 4710 ἡπαρά

2154 4734 2232 4804 τῷ
2271 4735 2492 4806 Ὁμήρῳ
2523 4737 2760 4807 ἀλετρὶς,
2800 4737 2925 4807 περ)¹
2959 4735 3064 4788 τῶν
3103 4735 3426 4805 μνηστήρων
3459 4729 3668 4784 εἰποῦσα
3694 4746 3706 4759 ·

2162 4849 2419 4901 "ratam
2451 4850 2544 4902 καὶ
2571 4851 2809 4918 πύματα
2833 4848 3072 4920 (65)νῦν
3085 4847 3296 4901 ἐνθάδε
3325 4845 3705 4910 δειπνήσειαν

2162 4941 2386 5011 κάκείνη
2439 4941 2537 5010 μὲν
2582 4941 2700 4994 θεία
2730 4938 2818 5012 ἦν·
2859 4941 2945 4994 ὀδὲ
2989 4939 3304 5011 τηλιικοὶτος
3346 4937 3710 5000 Ὀδυσσεὺς,ό

2511 5057 2556 5088 ⁵³
2593 5055 2789 5127 Odyss.
2829 5057 2892 5116 Υ,
2925 5073 2978 5109 v.
3014 5055 3115 5108 116
3144 5062 3198 5108 et.
3223 5052 3342 5106 119.

2170 5152 2265 5222 τὴν
2294 5153 2470 5222 ψυχὴν
2504 5152 2728 5206 ἐκείνων
2756 5151 2825 5203 δι’
2845 5144 2950 5222 εἶ’)ν.
2988 5149 3305 5205 Bultcrcllus
3346 5156 3527 5201 autem
3573 5145 3705 5214 legit,

2170 5153 2265 5222 τὴν
2337 5153 2470 5222 υχὴν
2504 5153 2728 5206 ἐκείνων
2756 5153 2825 5203 δι’
2856 5153 2928 5203 ὦν

2167 5222 2265 5294 τὴν
2294 5153 2470 5292 ῒυχὴν
2505 5224 2718 5292 ἐκείνην
2743 5222 2807 5294 δι’
2840 5217 2928 5294 ἦς.

2242 5285 2686 5364 (63)’Πύματιι.’
2710 5285 3214 5364 Αίίιιεςηπήματα,
3267 5286 3429 5341 male.
3469 5285 3708 5340 Cmterunt

2172 5358 2260 5417 hic
2298 5358 2493 5416 versus
2519 5362 2695 5430 qualis
2725 5361 2792 5413 ab
2840 5358 3074 5426 Origene
3104 5360 3364 5430 all‘ertur,
3408 5372 3514 5409 non
3561 5364 3634 5407 est
3651 5369 3704 5405 ex

2163 5435 2349 5502 Odyss.
2370 5438 2432 5493 Υ,
2463 5429 2554 5486 sed
2589 5447 2654 5484 ex
2680 5437 2746 5492 Δ,
2777 5430 2901 5484 685.
2931 5431 3004 5483 Ex
3025 5431 3290 5502 memoria
3319 5429 3557 5502 citatlut
3580 5440 3704 5502 mox,

2161 5503 2206 5556 δ’
2234 5494 2466 5573 ἔπταρεν
2517 5502 2852 5572 εὐχομένοιο,
2895 5501 3036 5573 quod
3089 5515 3194 5552 non
3229 5507 3409 5567 potest
3456 5494 3710 5560 Penelopa:

2158 5569 2475 5628 couvmtire.
2504 5569 2662 5639 Apud
2696 5579 2909 5637 poetam
2940 5569 3170 5639 legitur:

2268 5643 2367 5707 Ὣς
2410 5630 2578 5709 enim"
2629 5630 2966 5708 Τήλέμαχος
2991 5630 3070 5691 ’δὲ
3110 5637 3237 5708 μέγ’
3272 5637 3546 5778 ἕπταρῗέἓ

2610 5746 2615 5751 .
3458 5719 3546 5775 [σε
3565 5719 3706 5775 amp:

2256 5781 2627 5848 Σμείνδαλέω·
2658 5779 2972 5846 κονάϐησε.
