3986 6164
347 308 370 360 ἱ
391 303 494 360 173

1485 297 1762 356 CONTRA
1795 295 2070 354 CELSUM
2107 296 2236 352 LII}.
2277 295 2366 352 Π.

3473 290 3610 345 11Ἱῶ

339 421 454 491 τῆς
499 418 800 490 Ὁμηρικῆς
846 416 1074 487 Ἀθηνᾶς
1111 417 1261 486 φίλος
1283 458 1295 482 ,
1325 418 1424 470 οὐκ
1455 412 1522 486 ἦν
1570 416 1746 482 θεῖος,
1805 417 1939 474 ἀλλὰ

2060 423 2228 470 .antus
2266 413 2357 468 ille
2399 411 2479 464 vir
2525 419 2708 462 tamen
2744 417 2799 461 et
2837 404 3140 460 Homericae
3174 400 3428 455 Minerva:
3482 405 3609 456 ami-

339 511 535 575 συνεὶς
566 511 673 564 τῶν
696 510 804 564 ἀπὸ
835 510 934 580 τῆς
967 509 1117 573 θείας
1149 509 1426 581 ἀλετρίδος
1472 510 1774 581 εἰρημένων
1811 511 1939 583 κλῃ-

335 601 517 658 δόνων
550 601 791 673 ἔχαιρεν,
829 600 905 663 ὡς
937 601 964 652 6
990 599 1220 669 ποιητής
1253 615 1407 669 φησι·

645 782 861 850 Χαζοεν
885 781 954 834 δὲ
977 780 1259 849 κλεηδόνι
1288 779 1418 847 δῖος
1452 780 1796 846 Ὀδυσσεύς.

342 873 501 944 Ἤδη
529 873 585 926 δὲ
614 875 716 945 ὅρα
738 913 754 938 ,
789 873 946 943 εἴπερ
991 873 1040 926 oi
1066 873 1278 944 ὄρνιθες
1327 873 1476 926 θείαν
1509 873 1689 943 ἔχουσι
1723 871 1900 942 ψυχὴν
1924 910 1938 934 ,

337 965 448 1015 καὶ
472 963 815 1016 αἰσθάνονται
839 961 931 1015 τοῦ
963 961 1121 1027 Θεοῦ,
1155 964 1187 1033 ἢ
1221 963 1314 1035 (ὡς
1353 962 1381 1012 ὁ
1407 963 1616 1026 Κέλσος
1640 959 1940 1032 ὀνομάζει,)

337 1053 463 1106 τῶν
489 1051 649 1116 θεῶν,
683 1052 925 1123 δηλονότι
955 1051 1048 1103 καὶ
1080 1053 1243 1122 ἡμεῖς
1276 1053 1324 1104 oi
1375 1049 1653 1122 ἄνθρωποι
1703 1046 1942 1118 πταρνύ-

345 1145 669 1214 μενοι,·ἀπό
704 1161 845 1207 τινος
895 1148 951 1197 ὲν
994 1145 1128 1214 ἡμῖν
1174 1142 1340 1213 οὔσης
1381 1142 1653 1212 θειότητος
1699 1139 1807 1210 (66)
1850 1139 1948 1192 κα)⁸

344 1238 626 1306 μαντικῆς
668 1239 796 1308 περὶ
844 1239 942 1309 τὴν
987 1235 1167 1308 ψυχὴν
1211 1235 1370 1306 ἡμῶν
1415 1231 1786 1304 πταρνύμεθα.
1835 1232 1946 1284 Καὶ

340 1327 464 1400 γὰρ
493 1329 651 1383 τοῦτο
688 1332 1046 1401 μαρτυρεῖται
1073 1328 1180 1380 ὑπὸ
1218 1326 1448 1381 πολλῶν·
1481 1325 1560 1378 διὸ
1592 1325 1685 1377 καί⁵
1719 1327 1747 1377 6
1793 1341 1946 1393 ποιη-

345 1421 456 1492 τὴς
480 1421 628 1490 λέγει
656 1423 738 1489 τὸ,

639 1515 700 1565 70
728 1513 779 1566 δ’
813 1515 1068 1582 ἔπταρεν
1098 1512 1466 1583 εὐχομένοιο.

345 1603 446 1657 Διδ
471 1605 617 1673 καὶὴ
651 1603 936 1674 Πηνελόπη
966 1605 1150 1674 φησίν·

350 1698 482 1762 Οὐχ
504 1694 710 1763 ὁράᾳς,
734 1695 766 1748 ὅ
782 1713 884 1764 μοι
909 1695 1038 1760 υίὸς
1054 1693 1352 1761 ἐπέπταρε
1366 1691 1554 1747 πᾶσιν
1574 1691 1790 1744 ἔπεσσι
1811 1689 1944 1760 (6'7);

429 1786 504 1839 Τὸ
537 1762 595 1839 δ’
630 1762 829 1858 ἀληθές
869 1787 1021 1840 Θείον
1068 1789 1146 1849 είς
1178 1785 1277 1856 τὴν
1320 1785 1448 1856 περὶ
1479 1783 1587 1836 τῶν
1643 1781 1944 1852 μελλόντων
1978 1762 2019 1820 Β

350 1877 560 1946 γνῶσιν
583 1876 705 1931 οὔτε
732 1881 842 1940 τοῖς
870 1877 1085 1945 ἀλόγοις
1111 1878 1307 1948 χρῆται
1341 1874 1518 1940 ζώοις,
1547 1872 1670 1926 οὔτε
1705 1874 1816 1935 τοῖς
1853 1890 1948 1924 τυ-

356 1967 520 2039 χοῦσι
562 1968 672 2039 (68)
713 1969 819 2022 τῶν
858 1967 1197 2039 ἀνθρώπων,
1227 1966 1364 2021 ἀλλά
1402 1966 1602 2036 ψυχαῖς
1642 1964 1944 2036 ἀνθρώπων

357 2059 686 2130 ἱερωτάταις
731 2061 825 2112 καὶ
854 2059 1294 2128 καθαρωτάταις,
1331 2059 1556 2121 ἅστινας
1602 2056 1855 2128 θεοφορεί
1884 2072 1946 2108 τε

355 2151 452 2204 καὶ
477 2152 762 2222 προφήτας
781 2155 944 2205 ποιεῖ.
973 2151 1195 2222 Διόπερ,
1224 2149 1344 2204 εἴτι
1374 2149 1500 2205 ἀλλο
1528 2148 1849 2220 θαυμασίως
1870 2147 1948 2200 εῐ-

357 2261 522 2314 ρηται
559 2246 616 2297 ὲν
639 2243 715 2314 τῷ
747 2245 1027 2308 Μωῦσέως
1052 2245 1202 2315 νόμῳ
1222 2283 1237 2308 ,
1274 2244 1366 2298 καὶ
1399 2243 1468 2296 τὰ
1490 2241 1717 2295 τοιαῦτα
1741 2245 1800 2295 ὲν
1833 2243 1946 2303 τοῖς

353 2334 624 2399 τοιούτοις
661 2337 1046 2390 κατατακτέον·
1091 2356 1109 2388 ι
1146 2337 1259 2390 Οὐκ
1297 2334 1631 2397 οίωνιεῖσθε,
1660 2334 1768 2387 οὐδ’
1801 2333 1943 2404 ὀρνι-

353 2425 767 2498 θοσκοπήσεσθε
801 2426 932 2497 (69).
972 2446 990 2478 ι
1037 2428 1148 2480 Καὶ
1174 2426 1430 2496 ἀλλαχοῦ·
1472 2445 1489 2474 ι
1533 2426 1613 2478 Τὰ
1656 2425 1766 2495 γὰρ
1796 2423 1946 2494 ἔθνη,

353 2516 453 2581 οὓς
486 2518 691 2589 Κύριος
726 2521 760 2588 ῤ
797 2518 928 2581 Θεός
959 2536 1050 2571 σου
1098 2517 1467 2589 ὲξολοθρεύσει
1507 2516 1615 2570 ἀπὸ
1650 2513 1948 2586 προσώπου

365 2626 486 2672 σου,
517 2603 662 2663 οῦτοι
695 2610 965 2682 κλῃδόνων
995 2610 1088 2663 καὶ
1125 2609 1393 2680 μαντειῶν
1418 2608 1758 2662 ἀκούσονται·
1791 2607 1871 2658 σοὶ
1894 2607 1950 2660 δὲ

358 2694 464 2764 οὐχ
490 2695 660 2759 οὕτως
682 2696 847 2749 ἔδωκε
875 2695 1079 2767 Κύριος
1108 2699 1136 2749 6
1161 2697 1293 2760 Θεός
1321 2714 1434 2750 σου.
1471 2716 1488 2746 ι
1511 2692 1625 2748 Εἶθ’
1649 2697 1771 2765 ἑξῆς
1793 2712 1945 2766 φησι·

365 2805 387 2836 α
418 2788 709 2859 Προφήτην
727 2790 1019 2860 ἀναστήσει
1056 2795 1137 2841 σοι
1163 2788 1368 2858 Κύριος
1395 2790 1423 2840 6
1451 2789 1582 2852 Θεὸς
1606 2805 1699 2840 σου
1723 2791 1785 2840 ὲκ
1839 2786 1948 2840 τῶν

358 2877 610 2946 ἀδελφῶν
647 2897 768 2932 σου.
809 2899 826 2930 ι
853 2880 1144 2952 Βουληθεὶς
1191 2881 1246 2933 δέ
1283 2898 1411 2932 ποτε
1442 2882 1470 2932 6
1509 2881 1640 2943 Θεὸς
1669 2880 1735 2933 δι’
1766 2882 1950 2933 οἰωνο-

361 2971 566 3024 σκόπου
602 2971 904 3042 ἀποτρέψαι
946 2973 1052 3026 ἀπὸ
1090 2972 1192 3042 τῆς
1246 2973 1592 3043 οίωνιστικῆς
1619 3013 1633 3037 ,
1682 2973 1951 3043 πεποίηκε

359 3060 592 3131 Πνεῦμα
632 3063 689 3115 ἐν
720 3061 796 3133 τῷ
842 3065 1192 3134 οίωνοσκόπῳ
1231 3065 1424 3116 εἰπεῖν·
1484 3081 1503 3113 ι
1539 3063 1613 3115 Οὐ
1652 3064 1760 3134 γάρ
1805 3064 1952 3116 ἐστιν

360 3152 651 3222 οἰωνισμὸς
675 3156 732 3206 ὲν
775 3154 986 3218 Ἰακὼϐ,
1013 3155 1132 3208 οὐδὲ
1164 3155 1389 3225 μαντεία
1415 3157 1473 3207 ὲν
1516 3155 1751 3228 Ἰσραήλ.
1789 3154 1946 3208 Κατά

365 3243 559 3312 καιρὸν
590 3243 886 3313 ῥηθήσεται
912 3244 988 3314 τῷ
1031 3245 1222 3298 Ἰακὼϐ
1249 3245 1340 3298 καὶ
1368 3244 1444 3315 τῷ
1486 3235 1726 3317 Ἰσραὴλ,
1758 3245 1808 3298 τί
1838 3246 1951 3298 ἐπι-

365 3333 577 3385 τελέσει
602 3334 630 3384 6
654 3334 806 3397 Θεός.
839 3354 858 3386 ι
895 3335 1080 3388 Ταῦτα
1115 3335 1179 3406 δὴ
1211 3335 1606 3404 γιγνώσκοντες
1655 3339 1817 3407 ἡμεῖς
1853 3338 1948 3390 καὶ

367 3420 438 3474 τὰ
471 3420 678 3485 τούτοις
704 3423 1062 3494 παραπλήσια
1080 3463 1094 3487 ,
1127 3427 1312 3494 τηρεῖν
1341 3424 1643 3495 βουλόμεθα
1671 3425 1948 3496 μυστικῶς

366 3513 668 3583 εἰρημένην
716 3514 934 3585 ἐντολὴν
969 3514 1105 3584 τὴν,
1138 3533 1156 3564 ι
1200 3515 1357 3588 Πάσῃ
1402 3515 1612 3586 φυλακῇ
1657 3517 1811 3587 τήρει
1851 3517 1950 3586 σὴν

365 3603 618 3672 καρδίαν·
657 3625 675 3655 ι
708 3604 793 3657 ἵνα
831 3605 904 3676 μὴ
939 3606 1102 3676 ἐπιϐῇ
1137 3623 1188 3658 τι
1213 3605 1320 3659 τῶν
1346 3606 1638 3677 δαιμονίων
1661 3607 1952 3678 τῷήγεμο-

366 3693 507 3764 νικῷ
530 3695 718 3766 ἡμῶν,
763 3697 795 3766 ἦ
827 3696 1045 3767 πνεῦμά
1073 3714 1123 3749 τι
1157 3697 1264 3750 τῶν
1293 3697 1550 3750 ἐναντίων
1582 3698 1720 3769 πρὸς
1751 3698 1785 3752 ἂ
1824 3698 1948 3768 βού-

367 3785 520 3838 λεται
554 3787 730 3858 τρέψῃ
751 3787 813 3839 τὸ
845 3782 1206 3856 φανταστικὸν
1229 3787 1404 3859 ἡμῶν.
1429 3783 1716 3859 Εὺχόμεθα
1740 3788 1794 3841 δὲ
1821 3790 1953 3860 λάμ-

365 3879 469 3947 ψαι
494 3880 553 3931 ὲν
585 3881 704 3941 ταῖς
731 3878 976 3950 καρδίαις
1005 3880 1162 3951 ἡμῶν
1193 3897 1211 3931 ι
1253 3879 1343 3932 τὸν
1373 3881 1655 3950 φωτισμὸν
1679 3880 1776 3951 τῆς
1809 3879 1950 3949 γνὼ-

372 3989 510 4035 σεως
550 3973 649 4042 τῆς
669 3971 827 4042 δόξης
860 3973 952 4024 τοῦ
978 3972 1114 4026 Θεοῦ
1134 4013 1148 4036 ,
1202 3991 1219 4024 ι
1251 3972 1653 4043 ἐπιδημοῦντος·
1677 3973 1832 4044 ἡμῶν
1873 3972 1951 4045 τῷ

370 4063 722 4132 φανταστικῷ
749 4063 887 4115 Πνεύ
897 4081 1064 4133 ματος
1091 4063 1225 4116 Θεοῦ
1247 4104 1261 4127 ,
1286 4065 1380 4118 καὶ
1411 4063 1771 4132 φαντάζοντος
1805 4066 1951 4135 ἡμᾶς

373 4153 444 4206 τὰ
487 4151 581 4206 τοῦ
612 4153 767 4206 Θεοῦ·
822 4155 944 4207 ἐπεὶ
979 4173 997 4204 ι
1037 4155 1150 4208 ὅσοι
1193 4154 1472 4224 Πνεύματι
1513 4155 1647 4208 Θεοῦ
1695 4156 1915 4224 ἄγονται
1934 4197 1952 4222 ,_

374 4236 518 4296 οὗτοι
544 4242 647 4295 υίοί
671 4244 776 4294 εἰσι
810 4241 965 4295 Θεοῦ.
1011 4262 1029 4292 ι

444 4334 566 4406 Χρὴ
595 4334 640 4387 δ’
666 4335 883 4399 εἰδέναι,
918 4336 998 4387 ὅτι
1027 4335 1086 4388 τὸ
1122 4335 1188 4388 τά
1217 4333 1482 4405 μέλλοντα
1521 4333 1958 4405 προγιγνώσκειν

373 4427 435 4478 οὐ
467 4425 686 4490 πάντως
712 4425 853 4480 θεῖόν
881 4429 1016 4480 ἐστι·
1049 4425 1170 4480 καθ’
1197 4425 1328 4480 αὐτὸ
1359 4425 1466 4496 γὰρ
1495 4425 1660 4496 μέσον
1689 4425 1831 4489 ἐστὶ,
1861 4427 1955 4480 καὶ
1986 4453 2031 4508 D

374 4513 574 4568 πίπτον
609 4517 689 4578 είς
716 4516 952 4586 φαύλους
991 4515 1092 4570 καὶ
1123 4515 1394 4580 ἀστείους.
1439 4516 1549 4569 Καὶ
1595 4515 1767 4587 ίατροί
1820 4516 1958 4586 γοῦν.

373 4605 484 4659 ἀπὸ
521 4607 769 4679 ἰατρικῆς
798 4607 1272 4679 προγιγνώσκουσί
1319 4623 1476 4671 τινα,
1525 4607 1624 4661 κᾶν
1671 4606 1862 4676 φαῦλοι
1889 4607 1957 4661 τὸ

373 4694 503 4767 ἦθος
530 4701 888 4771 τυγχάνωσιν.
920 4701 1077 4755 Οὕτω
1107 4700 1165 4754 δὲ
1197 4701 1291 4755 καὶ
1323 4700 1651 4772 κυϐερνῆται
1675 4740 1690 4764 ,
1725 4701 1824 4755 κᾶν
1860 4719 1955 4773 μο-

379 4788 569 4860 χθηροὶ
589 4792 927 4863 τυγχάνωσιν
956 4792 1128 4856 ὄντες,
1157 4791 1661 4864 προγιγνώσκουσιν
1682 4795 1958 4864 ἐπισημα-

281 4895 283 4897 ·
383 4879 523 4946 σίας,
550 4882 642 4934 καὶ
674 4883 891 4954 ἀνέμων
925 4884 1296 4956 σφοδρότητας
1315 4924 1332 4948 ,
1362 4885 1457 4938 καὶ
1484 4884 1690 4956 τροπὰς
1734 4884 1861 4955 περὶ
1891 4884 1953 4937 τὸ

379 4971 632 5042 περιέχον
665 4972 729 5026 ἐκ
749 4991 892 5038 τινος
915 4976 1110 5047 πείρας
1132 4977 1227 5030 καὶ
1246 4977 1550 5047 τηρήσεως·
1579 4976 1673 5029 καὶ
1698 4976 1758 5030 οὐ
1780 4977 1954 5048 δήπου

381 5061 532 5132 παρὰ
562 5062 718 5116 τοῦτο
742 5063 919 5130 θείους
944 5083 1027 5130 τις
1055 5066 1122 5120 ἂν
1154 5068 1352 5131 αὐτοὺς
1380 5063 1518 5121 εἷναι
1553 5069 1733 5140 φήσει,
1763 5068 1828 5122 ἂν
1848 5069 1956 5122 ’τύ-

2040 525 2171 572 eus;
2227 502 2671 576 quandoquidem
2728 514 2854 556 eum
2881 508 3044 568 poeta
3101 497 3235 550 dicit
3282 495 3615 550 intellexisse

2041 610 2250 654 tantum
2275 597 2421 669 quod
2457 611 2486 649 a
2520 595 2703 649 divina
2748 590 3020 647 molitrice
3063 589 3250 643 datum
3298 603 3456 642 omen
3503 587 3619 642 fue-

2041 703 2145 756 rat,
2176 701 2228 744 et
2260 688 2504 759 gavisam
2534 699 2656 741 esse
2683 699 2698 737 ε

2229 781 2463 835 Lanatus
2492 789 2566 832 est
2596 788 2772 831 autem
2813 773 2982 829 omine
3005 773 3156 826 divus
3189 769 3400 841 Ulysses
3424 771 3490 829 ⁶⁰.

2044 873 2158 928 Hoc
2184 874 2348 927 etiam
2384 871 2638 934 observa,
2674 868 2719 922 si
2748 867 2931 921 divina
2984 873 3178 918 natura
3219 871 3347 917 sunt
3381 878 3530 929 aves,
3565 871 3620 917 et

2044 967 2236 1031 Deum,
2279 981 2374 1020 seu
2412 965 2564 1027 deos,
2596 971 2654 1016 ut
2683 960 2876 1016 Celsus
2898 960 3176 1030 loquitur,
3203 959 3456 1014 sensibus
3488 971 3616 1027 per-

2047 1059 2274 1127 cipiunt,
2303 1071 2525 1112 necesse
2586 1070 2706 1110 esse
2751 1062 2847 1119 ut,
2879 1068 3002 1106 cum
3047 1067 3145 1106 nos
3185 1053 3434 1107 homines
3477 1061 3619 1105 ster-

2047 1150 2284 1212 nuimus,
2311 1149 2468 1218 hujus
2501 1148 2573 1202 rei
2607 1161 2768 1202 causa
2793 1145 2864 1199 sit
2893 1144 3164 1198 Divinitas
3205 1145 3453 1214 quaedam
3502 1159 3622 1211 qua:

2047 1252 2252 1295 nostra:
2282 1240 2478 1294 anima:
2503 1237 2636 1293 insit
2661 1237 3032 1303 virtutemque
3049 1234 3325 1288 divinandi
3352 1233 3619 1288 conferat.

2047 1330 2182 1386 Nam
2219 1340 2272 1385 et
2301 1337 2796 1385 sternutamentum
2833 1326 2887 1380 in
2916 1325 3194 1396 praesagiis
3220 1340 3338 1380 esse
3357 1335 3625 1380 testantur

2047 1424 2224 1478 multi.
2256 1423 2409 1479 Unde
2432 1433 2589 1492 poeta
2619 1439 2634 1476 :

2373 1511 2627 1568 Precanti
2657 1512 2878 1568 sternuit
2909 1527 3059 1567 omen

2047 1609 2116 1664 Et
2152 1603 2421 1675 Penelope
2457 1622 2470 1660 :

2052 1701 2174 1755 Non
2203 1701 2341 1755 vides
2363 1715 2531 1753 meum
2553 1698 2719 1752 verbis
2743 1695 2982 1750 omnibus
3013 1705 3337 1750 sternutasse
3365 1694 3535 1762 ﬁlium
3555 1693 3624 1749 “.

2117 1791 2207 1847 95.
2238 1791 2344 1845 Sed
2371 1805 2532 1844 verus
2561 1789 2703 1843 Deus
2746 1789 2811 1842 ad
2849 1787 3240 1854 signiﬁcandas
3292 1801 3380 1840 res
3413 1785 3627 1840 futuras

2047 1899 2155 1939 non
2180 1883 2361 1937 brutis
2403 1880 2786 1934 animantibus
2813 1878 3006 1944 utitur,
3060 1890 3130 1931 ne
3161 1877 3477 1932 hominibus
3503 1877 3624 1944 qui.

2047 1976 2168 2030 dem
2197 1989 2227 2028 e
2257 1973 2441 2041 vulgo.
2477 1971 2642 2040 Eligit
2671 1970 2736 2024 ad
2770 1968 2912 2023 hanc
2960 1981 3072 2021 rem
3116 1969 3498 2023 sanctissimas
3529 1982 3629 2035 pu-

2049 2067 2405 2133 riSsimasqne
2433 2064 2664 2126 animas,
2691 2077 2829 2132 quas
2861 2059 3006 2114 alilat
3033 2076 3132 2116 suo
3163 2062 3387 2114 numine
3422 2069 3476 2114 et
3499 2061 3630 2115 fati-

2049 2162 2200 2218 dicas
2229 2161 2424 2216 reddit.
2453 2158 2634 2226 Quare
2657 2158 2702 2212 si
2739 2157 2868 2227 quid
2903 2154 3048 2211 aliud
3076 2154 3129 2208 in
3164 2154 3368 2224 Moysis
3399 2155 3514 2223 lege
3547 2154 3629 2208 di-

2048 2264 2197 2308 etum
2248 2261 2330 2308 est
2378 2249 2798 2314 admirabiliter,
2853 2245 3310 2318 proiecto.574
3356 2245 3625 2314 ejusmodi

2052 2355 2180 2401 sunt
2211 2345 2373 2399 haec:
2418 2363 2436 2396 ι
2475 2342 2585 2398 Nec
2642 2358 2846 2413 augur,
2901 2355 3000 2395 nec
3059 2353 3290 2408 aruspex
3353 2338 3426 2394 sit
3483 2338 3651 2392 inter

2049 2437 2228 2490 vos".
2268 2456 2286 2488 ι
2331 2436 2395 2490 Et
2424 2434 2597 2488 alibi:
2658 2451 2676 2484 ι
2745 2431 2878 2486 Nam
2932 2438 3121 2501 gentes
3173 2441 3311 2496 quas
3367 2427 3631 2482 Dominus

2053 2516 2194 2578 Deus
2232 2535 2355 2578 tuus
2389 2523 2592 2577 delebit
2620 2539 2650 2575 a
2689 2522 2827 2576 iacio
2863 2531 2988 2582 tua,
3032 2519 3158 2586 ipsa:
3183 2520 3367 2573 omina
3402 2526 3456 2572 et
3490 2517 3631 2573 divi-

2052 2615 2297 2668 nationes
2338 2615 2601 2676 audient;
2641 2613 2733 2666 tibi
2759 2623 2937 2666 autem
2981 2627 3087 2667 non
3133 2613 3213 2668 sic
3245 2611 3396 2665 dedit
3444 2611 3627 2665 Domi-

2053 2722 2156 2762 nus
2194 2707 2402 2762 tuus“.
2443 2726 2461 2757 ι
2501 2707 2564 2760 Et
2591 2706 2937 2761 continenter
2969 2723 2981 2759 :
3016 2723 3034 2756 ι
3077 2705 3406 2776 Prophetam
3446 2705 3628 2761 susci-

2054 2798 2190 2852 tabit
2221 2799 2315 2852 tibi
2349 2798 2606 2852 Dominus
2638 2798 2780 2853 Deus
2819 2808 2944 2852 tuus
2971 2799 3039 2853 de
3067 2797 3328 2853 fratribus
3361 2799 3466 2854 tuis
3482 2797 3552 2854 “.
3596 2815 3622 2852 ο

2053 2888 2192 2956 Quin
2224 2897 2278 2942 et
2309 2889 2496 2944 volens
2548 2890 2689 2944 Deus
2736 2897 2796 2944 ut
2841 2905 3016 2961 augur
3064 2892 3181 2960 ipse
3226 2889 3294 2943 ab
3327 2889 3628 2959 augurandi

2054 2980 2285 3034 scientia
2322 2991 2617 3044 averteret,
2652 2979 2784 3034 fecit
2819 2990 2876 3033 ut
2923 2981 3164 3050 Spiritus
3207 2981 3260 3035 in
3307 2995 3512 3050 augure
3548 2981 3630 3035 di-

2055 3081 2204 3125 ceret
2232 3091 2244 3124 :
2285 3091 2303 3123 ι
2339 3072 2456 3125 Non
2487 3079 2568 3126 est
2602 3072 2888 3139 augurium
2925 3073 2978 3126 in
3009 3070 3199 3136 Jacob,
3238 3087 3339 3126 nec
3366 3071 3630 3126 divinatio

2057 3167 2110 3220 in
2144 3165 2322 3219 Israel.
2365 3165 2724 3234 Temporibus
2749 3165 2862 3220 suis
2896 3166 3110 3221 dicetur.
3135 3165 3304 3221 Jacob
3339 3174 3394 3220 et
3423 3164 3628 3232 lsraeti,

2057 3257 2183 3326 quid
2219 3257 2535 3324 operabitur
2563 3258 2781 3310 Deus“.
2820 3277 2838 3308 ι
2869 3257 2996 3312 Haec
3039 3266 3091 3312 et
3134 3259 3334 3313 similia
3371 3273 3492 3312 cum
3533 3273 3631 3314 co-

2056 3363 2403 3418 gnoscamus,
2423 3348 2672 3403 volumus
2697 3350 2820 3403 huic
2839 3352 3069 3421 mystico
3098 3360 3367 3421 praecepto
3395 3365 3588 3418 parere
3607 3387 3623 3404 .

2063 3461 2080 3494 ι
2123 3441 2279 3498 Omni
2307 3442 2552 3496 custodia
2589 3457 2746 3495 serva
2783 3458 2882 3497 cor
2926 3450 3076 3496 tuum
3100 3443 3175 3507 ⁶⁶;
3222 3462 3239 3493 ι
3281 3450 3427 3496 utne
3459 3442 3630 3495 ullum

2057 3535 2384 3588 damonium
2419 3535 2470 3588 in
2505 3545 2745 3588 nostram
2781 3542 3021 3587 mentem
3061 3534 3303 3599 invadat,
3337 3540 3431 3586 aut
3466 3533 3632 3601 spiri-

2061 3634 2146 3681 tus
2193 3626 2390 3695 aliquis
2453 3626 2704 3681 inimicus
2757 3625 2941 3680 ﬂectat
2981 3641 3090 3696 quo
3123 3625 3288 3681 vellet
3312 3625 3628 3680 facultatem

2058 3729 2302 3773 nostram
2377 3719 2674 3788 imaginum
2739 3720 3048 3786 artilicem,
3115 3731 3512 3786 precamnrqne
3569 3727 3632 3771 ut

2058 3811 2402 3878 splendescat
2437 3810 2488 3863 in
2522 3810 2776 3864 cordibus
2800 3809 3005 3864 nostris
3034 3828 3052 3860 ι
3089 3808 3417 3863 illutninatio
3451 3809 3633 3863 scien-

2061 3902 2147 3953 tia:
2169 3899 2433 3956 claritatis
2467 3899 2556 3953 Dei
2578 3899 2644 3964 ⁸⁷,
2679 3917 2696 3951 ι
2729 3898 2959 3968 ejusque
2995 3896 3232 3968 Spiritus
3253 3911 3372 3952 eam
3403 3895 3634 3950 faculta-

2062 4004 2167 4047 tem
2204 4007 2503 4059 oeeupans,
2536 3991 2588 4044 in
2616 4006 2678 4045 ea
2707 4007 2886 4046 rerum
2921 3992 3230 4046 divinarum
3266 3988 3528 4056 imagines
3552 3988 3634 4044 ef-

2063 4084 2281 4139 formet.
2328 4083 2461 4150 Nam
2523 4101 2543 4134 ι
2592 4084 2681 4153 qui
2734 4083 2943 4153 Spiritu
3000 4083 3094 4139 Dei
3128 4093 3386 4155 aguntur,
3429 4083 3463 4136 ii
3503 4089 3638 4137 sunt

2061 4174 2156 4228 lilii
2192 4175 2285 4229 Dei
2305 4175 2370 4227 ⁸³.
2408 4192 2428 4225 ι

2133 4326 2222 4383 96.
2259 4326 2526 4381 Caeterum
2558 4325 2703 4380 seire
2733 4334 2947 4396 oportet
2978 4340 3162 4380 rerum
3198 4326 3499 4380 futurarum
3533 4341 3656 4381 nox

2063 4421 2240 4476 titiam
2280 4436 2387 4474 non
2421 4435 2543 4474 esse
2597 4419 2906 4475 necessario
2941 4434 3054 4474 rem
3081 4418 3343 4474 divinam.
3364 4418 3460 4472 Est
3486 4419 3645 4473 enim.

2059 4529 2156 4583 per
2181 4528 2239 4568 se
2271 4515 2398 4581 quid
2432 4511 2772 4579 indifferens,
2804 4511 2949 4582 quod
2979 4511 3032 4565 in
3068 4511 3238 4565 malos
3284 4524 3436 4580 aeque
3485 4525 3550 4565 ac
3577 4511 3647 4565 in.

2059 4607 2229 4662 bonos
2257 4603 2421 4659 cadit.
2456 4603 2548 4658 Sic
2583 4602 2804 4668 medici,
2835 4601 3135 4671 quamlibet
3174 4601 3334 4660 malis
3366 4603 3628 4668 moribus,

2061 4697 2309 4766 quaedam
2336 4703 2455 4750 arte
2493 4709 2586 4748 sua
2619 4701 2988 4764 praenoscunt.
3053 4693 3186 4747 Item
3233 4694 3631 4764 gubernatores

2060 4789 2396 4860 experientia
2428 4789 2664 4859 quadam
2701 4798 2757 4845 et
2781 4787 3259 4844 observationibus
3306 4788 3452 4844 docti
3477 4779 3632 4859 signa

2061 4883 2365 4948 habent,ex
2393 4884 2590 4953 quibus
2611 4893 2896 4939 ventorum
2922 4883 3155 4953 impetus
3174 4882 3464 4953 variasque
3487 4883 3635 4936 aeris

2059 4975 2388 5031 mutationes
2438 4975 2788 5044 praevideant.
2850 4973 2960 5030 Nec
3004 4991 3099 5032 eos
3164 4982 3453 5046 propterea
3510 4972 3636 5043 quis

2065 5065 2268 5122 dixerit
2303 5069 2520 5123 divinos
2549 5083 2689 5135 esse,
2731 5069 2776 5124 si
2833 5068 2973 5125 male
3013 5070 3212 5125 morati
3245 5071 3376 5120 sint.
3410 5063 3632 5118 Falsum

379 5171 515 5224 χωσι
543 5152 654 5225 (70)
685 5154 943 5225 μοχθηροὶ
971 5154 1109 5210 εἶναι
1141 5159 1202 5210 τὺ
1223 5154 1372 5228 ἦθος.
1397 5158 1607 5222 Ψεῦδος
1624 5155 1791 5213 οὖντὸ
1817 5158 1951 5229 παρέ

2070 5160 2242 5229 igitur
2303 5160 2433 5216 illud
2480 5161 2664 5216 Celsi:
2709 5180 2727 5213 ι
2767 5161 2899 5230 Quis
2948 5163 3076 5230 qttid
3131 5158 3331 5216 dixerit
3395 5153 3636 5210 divinius

456 5288 502 5325 σο
535 5286 722 5353 Odyss.
754 5283 820 5343 γ,
850 5301 899 5335 v.
934 5283 1054 5336 tau.
1132 5286 1171 5316 ει
1205 5283 1390 5351 Odyss.
1424 5283 1718 5353 P,v.545.
1795 5280 1951 5353 “fle

2068 5298 2174 5345 χιιι,
2198 5284 2285 5338 26.
2363 5282 2406 5315 ⁸³
2435 5284 2592 5337 Deut.
2623 5300 2773 5352 xvm,
2804 5286 2886 5341 M.
2967 5283 3012 5317 “
3035 5281 3189 5346 ibid.,
3217 5283 3302 5337 15.
3381 5281 3424 5315 ⁸⁸
3454 5281 3618 5341 Num.

385 5370 543 5421 χχιιι,
573 5350 667 5410 23.
741 5354 785 5385 ⁵⁸
812 5354 970 5407 Prov.
1006 5369 1078 5417 tv,
1105 5354 1196 5408 25.
1272 5350 1313 5384 ⁸⁷
1343 5353 1388 5406 ll
1417 5352 1541 5407 Cor.
1573 5367 1646 5416 tv,
1670 5352 1721 5404 6.
1799 5351 1842 5381 ⁸⁸
1870 5350 1950 5403 Ro

2060 5369 2175 5416 vnt,
2211 5353 2294 5406 14.

462 5442 577 5514 (66)
623 5443 919 5519 Philocalia
966 5457 1146 5512 recte,
1177 5447 1471 5519 θειότητος.
1520 5449 1860 5506 Ηωεοιιοιίιιε
1908 5460 1965 5507 et

391 5513 716 5592 Βρορεθιῃξ.
745 5513 1048 5592 ποιότητος.

461 5581 577 5660 (6⁸1)
603 5581 805 5660 μᾶσιν
847 5581 1088 5660 ἔπεσσι.
1127 5587 1277 5660 Apud
1314 5598 1529 5658 poetam
1564 5605 1709 5644 nunc
1745 5590 1960 5660 legitur,

391 5653 557 5730 πᾶσιν
601 5654 812 5708 ἔπεσσι.
837 5657 922 5730 __ln
969 5653 1282 5730 ΡιὶίίοιξιιῑὶιιΔ
1314 5653 1504 5713 ’σοῖσιν
1553 5660 1764 5717 ἔπεσσι.
1799 5653 1963 5730 Ἇιιιιά

396 5724 727 5790 Speneerum
751 5737 805 5780 et
836 5726 1199 5789 Hmscltelius.
1227 5725 1387 5784 οἷσιν.

469 5791 582 5865 (68)
618 5796 895 5866 Τυχοῦτι.
933 5797 1100 5856 Recte
1154 5798 1471 5859 Philocalia.
1537 5801 1716 5866 Alias.
1756 5803 1960 5868 τυγγά-

2071 5474 2239 5519 νουσι,
2275 5459 2435 5512 male.

2141 5528 2254 5600 (69)
2286 5529 2640 5600 illm-schelius
2665 5539 2720 5583 et
2753 5530 3059 5600 Spencerus
3082 5567 3098 5592 ,
3125 5527 3642 5600 όρνιθοσκοπήσετε.

2140 5594 2252 5669 (70)
2281 5599 2513 5670 Philem,
2548 5599 2724 5662 θείους
2758 5594 2842 5663 τίς
2865 5598 3064 5663 αὐτοὺς
3099 5594 3508 5670 εἶναιφήσειεν’,
3542 5601 3643 5654 ἐὰν

2067 5669 2292 5740 τύχωσι.
2325 5669 2666 5740 llmschelius
2695 5677 2749 5722 et
2783 5671 3099 5740 Spencerns
3127 5671 3182 5726 in
3225 5669 3373 5728 textu
3399 5711 3412 5737 ,
3459 5670 3644 5740 θείους

2067 5733 2367 5804 “autem;
2393 5733 2530 5796 εἷναί
2561 5755 2746 5810 φησιν,
2772 5733 2840 5795 ἂν
2872 5737 3094 5812 τύχωσι.
