3986 6164
367 251 508 310 1175

1841 259 2161 318 ORIGENIS

3566 269 3707 326 H76

363 382 531 436 quam
572 367 749 424 futura
776 385 1114 440 praenoscere
1138 379 1193 426 et
1225 371 1630 440 praenuntiam?
1663 392 1683 426 ι
1715 374 1933 429 Falsum

2054 378 2115 447 τῷ
2153 379 2347 449 Κέλσῳ
2378 379 2665 451 λεγόμενον
2694 382 2774 447 τὸ,
2812 401 2830 434 t
2873 383 2940 437 Τί
2970 383 3038 438 ἂν
3070 387 3236 453 φαίη
3278 398 3381 445 τις
3415 380 3709 452 θειότερον

364 466 422 512 et
452 457 556 513 hoc
588 476 602 513 :
635 458 835 514 «Multa
866 459 1124 515 animalia
1151 460 1371 517 divinas
1401 462 1689 518 vindicare
1705 465 1811 519 sibi
1838 480 1938 519 no-

366 548 567 603 tiones.
600 569 620 603 I
657 549 812 605 Nulla
859 551 1004 605 enim
1046 551 1222 606 bestia
1271 552 1368 607 Dei
1423 554 1701 610 notionem
1750 556 1937 611 habet.

365 637 588 694 Falsum
617 655 832 709 quoque
858 641 1038 696 istud:
1075 661 1093 694 ‹
1126 644 1432 700 Arctiorem
1481 661 1605 702 esse
1637 649 1938 702 bestiarum

365 746 492 784 cum
521 731 633 787 Deo
660 734 980 788 societatem
1009 752 1024 801 ;
1066 754 1086 787 ι
1125 738 1342 804 quando
1376 738 1626 796 homines
1649 738 1814 794 etiam
1847 743 1941 796 do-

371 823 550 876 ctrina
578 825 864 893 conspicui
903 827 1062 899 longe
1091 832 1291 887 absunt
1336 835 1405 889 ab
1436 833 1537 888 hac
1568 833 1864 898 societate,
1893 833 1938 887 si

365 913 420 966 in
475 916 590 970 suis
643 918 790 972 vitiis
823 931 1102 978 maneant.
1166 925 1362 979 Divina
1409 925 1498 978 illa
1542 926 1942 982 consuetudine

363 1007 463 1058 soli
493 1008 574 1061 illi
612 1009 924 1077 dignantur,
955 1016 1050 1082 qui
1097 1032 1224 1070 vere
1253 1020 1532 1086 sapientes
1553 1028 1712 1084 sunt,
1749 1029 1805 1073 et
1831 1019 1942 1073 siu-

365 1117 492 1155 cera
527 1103 577 1156 in
615 1104 782 1159 Deum
813 1106 1036 1175 pietate.
1090 1109 1408 1177 Cujusmodi
1449 1113 1620 1166 fuisse
1669 1113 1943 1168 credimus

364 1195 661 1264 prophetas
692 1208 744 1250 et
774 1197 1036 1270 Moysem,
1071 1203 1225 1270 cujus
1269 1203 1484 1264 eximiae.
1532 1203 1754 1273 puritati
1801 1219 1945 1259 mer-

365 1289 553 1341 cedem
606 1289 746 1345 hane
797 1293 982 1346 datam
1037 1308 1163 1348 esse
1225 1295 1511 1364 Scriptura
1574 1296 1939 1351 testificatur:

369 1397 386 1426 ι
433 1378 673 1432 Accedet
701 1378 914 1451 Moyses
952 1383 1105 1437 solus
1131 1386 1197 1438 ad
1237 1384 1431 1451 Deum,
1461 1388 1646 1442 caeteri
1677 1401 1807 1442 vero
1831 1403 1942 1445 non

365 1466 628 1522 accedent
644 1467 708 1521 ‘9.
751 1487 770 1520 ι

437 1562 531 1617 97.
568 1561 688 1617 Jam
717 1563 859 1619 istud
895 1565 1156 1631 hominis,
1189 1568 1280 1636 qui
1313 1582 1411 1622 nos
1452 1569 1754 1637 impietatis
1778 1583 1940 1624 accu-

364 1665 479 1721 sat,
512 1669 676 1724 quam
733 1657 959 1725 impium
1022 1669 1108 1712 est
1133 1699 1148 1723 ,
1194 1677 1213 1710 ι
1252 1659 1457 1714 bestias
1488 1661 1802 1716 hominibus
1833 1678 1939 1718 non

367 1746 544 1802 solum
607 1747 1012 1817 sapientiores,
1099 1752 1193 1805 sed
1258 1753 1426 1806 etiam
1490 1752 1598 1807 Deo
1656 1755 1941 1810 chariores

366 1839 528 1891 esse!
594 1855 614 1890 ι
669 1838 868 1908 Ecquis
921 1841 1151 1896 audiens
1197 1844 1266 1895 ab
1325 1843 1549 1898 homine
1611 1845 1939 1908 draconem,

367 1930 635 1998 vulpem,
707 1929 930 1999 lupum,
1021 1932 1296 2001 aquilam,
1372 1934 1689 2002 accipitrem
1770 1935 1941 1989 amari

372 2037 402 2072 τι
464 2020 575 2076 Deo
619 2023 795 2092 magis
847 2038 1011 2091 quam
1092 2025 1388 2082 humanam
1468 2037 1766 2092 naturam,
1834 2043 1940 2081 non

367 2112 532 2184 575
570 2115 753 2168 statim
800 2116 1190 2171 exhorrescat?
1234 2120 1387 2184 Quod
1423 2119 1468 2171 si
1505 2119 1690 2172 bestiae
1723 2119 1944 2173 chario-

368 2220 460 2261 res
493 2204 606 2260 Deo
637 2215 764 2260 sunt
797 2221 958 2276 qttam
987 2207 1260 2274 homines,
1297 2224 1640 2278 consequens
1661 2221 1743 2264 est
1775 2221 1834 2264 ut
1859 2212 1945 2266 di-

367 2306 457 2352 cat
483 2311 578 2352 eas
615 2311 644 2350 a
679 2298 792 2352 Deo
821 2299 994 2368 magis
1028 2299 1222 2364 amari,
1253 2315 1420 2369 quam
1474 2300 1784 2367 Socratem,
1818 2301 1944 2356 Pla-

371 2400 577 2455 tonem,
617 2389 1004 2461 Pythagoram,
1052 2389 1451 2462 Pherecydem,
1505 2407 1695 2446 omnes
1739 2393 1948 2448 theolo-

368 2496 638 2551 gos,quos
671 2484 833 2551 paulo
856 2493 984 2538 ante
1015 2483 1082 2536 ad
1112 2482 1311 2537 caelum
1342 2482 1624 2541 eﬂ'erebat.
1652 2487 1830 2555 Atque
1861 2487 1948 2542 hie

370 2573 448 2626 illi
485 2574 814 2645 apprecandi
846 2575 998 2630 locus
1022 2585 1168 2631 esset
1197 2591 1214 2630 :
1242 2576 1290 2632 si
1324 2577 1607 2633 chariores
1632 2577 1741 2636 Deo
1760 2580 1949 2634 bestias

370 2675 496 2720 sunt
546 2681 711 2736 quam
743 2666 1014 2732 homines,
1069 2668 1275 2722 utinam
1311 2683 1433 2722 cum
1471 2669 1578 2724 illis
1611 2671 1718 2724 Deo
1747 2671 1949 2725 charus

371 2772 544 2823 esses,
578 2767 636 2814 et
668 2759 775 2813 illis
803 2759 1001 2815 similis
1055 2759 1218 2814 lieres
1265 2775 1386 2830 quae
1440 2771 1494 2814 tu
1548 2761 1659 2816 Deo
1696 2763 1947 2816 chariora

372 2865 495 2906 esse
523 2850 804 2912 existimas
833 2853 846 2904 !
879 2851 1071 2921 Neque
1105 2852 1238 2906 illud
1272 2862 1454 2906 votum
1492 2854 1545 2907 in
1589 2854 1784 2907 malam
1828 2870 1951 2922 par-

375 2951 483 2998 tem
515 2942 770 3010 accipiat.
794 2941 929 3007 Quis
960 2943 1106 2996 enim
1137 2958 1244 2996 non
1273 2945 1476 3012 eptarit
1505 2944 1571 2998 iis
1600 2943 1715 2999 ﬁeri
1742 2945 1952 3000 similli-

373 3017 515 3096 mus,
540 3048 663 3102 qua:
690 3047 1009 3102 persuasum
1037 3034 1202 3088 habet
1222 3035 1334 3090 Deo
1364 3049 1484 3090 esse
1507 3035 1780 3103 chariora,
1813 3045 1873 3090 ut
1899 3045 1954 3090 et

374 3124 494 3192 ipse
521 3125 751 3194 perinde
791 3140 855 3178 ac
898 3125 986 3179 illa
1020 3127 1222 3180 charus
1257 3127 1365 3180 Deo
1409 3126 1520 3180 sit?
1564 3126 1716 3192 Quod
1750 3128 1816 3180 ad
1857 3129 1952 3182 be—

376 3215 608 3270 stiarum
654 3215 925 3284 colloquia
981 3219 1197 3281 attinet,
1229 3217 1422 3273 Celsus
1461 3219 1552 3284 qui
1584 3218 1697 3271 vult
1739 3234 1799 3272 ea
1834 3233 1953 3274 esse

374 3306 649 3361 sanctiora
684 3307 906 3372 nostris,
944 3308 994 3361 id
1042 3307 1198 3361 fulcit
1253 3308 1582 3362 auctoritate
1624 3326 1726 3364 non
1769 3310 1954 3379 vulga-

377 3399 520 3454 rium
556 3399 858 3464 hominum,
897 3401 989 3455 sed
1021 3402 1473 3470 prudentiorum;
1515 3405 1616 3457 hoc
1638 3411 1740 3465 est,
1769 3405 1954 3472 sipro—

375 3490 494 3561 prie
523 3489 818 3559 loquimur,
849 3490 1138 3544 bonorum.
1182 3489 1318 3546 Nam
1367 3507 1527 3548 nemo
1559 3495 1823 3562 prudens,
1859 3493 1950 3560 qui

377 3581 569 3635 malus.
598 3580 690 3635 Sic
721 3580 886 3649 igitur
925 3580 1014 3634 ille
1049 3598 1061 3634 :
1100 3598 1118 3631 ι
1157 3581 1324 3635 Aiunt
1358 3591 1615 3650 praeterea
1640 3583 1955 3652 prudentio-

376 3687 466 3726 res
503 3672 705 3725 hestias
738 3672 940 3727 habere
990 3672 1133 3725 inter
1185 3687 1243 3726 se
1284 3673 1554 3743 colloquia
1586 3677 1776 3744 caque
1821 3689 1953 3728 san-

378 3763 553 3817 ctiora
588 3764 826 3830 nostris;
860 3764 1166 3834 intelligere
1199 3780 1258 3818 se
1279 3781 1401 3834 qua:
1435 3766 1540 3820 illae
1568 3767 1778 3831 dicunt,
1803 3777 1854 3820 et
1888 3780 1952 3821 ea

377 3853 482 3906 sibi
510 3863 637 3909 nota
669 3869 788 3910 esse
816 3857 1166 3922 persuadere,
1196 3871 1318 3910 cum
1338 3896 1352 3919 ,
1392 3868 1678 3926 postquam
1726 3873 1954 3925 praemo-

380 3956 619 4002 nuerunt
666 3961 798 4002 aves
862 3947 1066 4001 dixisse
1112 3963 1171 4002 se
1215 3947 1397 4017 aliquo
1434 3948 1678 4008 abituras
1728 3957 1822 4002 aut
1853 3949 1957 4003 hoc

379 4040 579 4095 illudve
609 4039 869 4103 facturas,
903 4038 1198 4092 ostendunt
1221 4053 1314 4092 eas
1342 4039 1433 4093 illo
1457 4040 1721 4092 abeuntes
1751 4047 1845 4091 aut
1875 4038 1956 4091 fa-

378 4133 588 4187 cientes
621 4145 740 4200 qua:
773 4131 1157 4200 praedixerant.
1197 4149 1216 4182 ι
1257 4129 1326 4184 Ut
1351 4130 1530 4187 dicam
1557 4129 1700 4197 quod
1736 4144 1822 4182 res
1849 4139 1951 4192 est,

380 4237 544 4275 nemo
596 4220 815 4290 sapiens
846 4219 897 4273 id
939 4233 1172 4288 unquam
1220 4219 1493 4288 prodidit;
1533 4231 1693 4272 nemo
1741 4219 1956 4287 sapiens

379 4315 515 4368 dixit
550 4316 824 4369 sanctiora
869 4327 987 4367 esse
1034 4312 1326 4367 bestiarum
1371 4312 1643 4382 colloquia
1670 4327 1829 4381 quam
1861 4314 1956 4367 ho-

2042 469 2135 522 τοῦ
2162 471 2230 523 τὰ
2260 469 2523 540 μέλλοντα
2546 472 2982 542 προγιγνώσκειν
3010 491 3068 526 τε
3101 473 3224 526 καὶ
3259 469 3647 542 προδηλοῦν;
3681 492 3702 525 ι

2042 559 2250 623 Ψεῦδος
2280 561 2336 614 δὲ
2369 563 2463 615 καὶ
2492 563 2552 615 τὸ
2573 604 2587 626 ,
2633 580 2652 612 t
2691 563 2870 616 Πολλά
2898 563 3006 616 τῶν
3037 563 3215 629 ζώων
3261 564 3703 618 ἀντιποιεῖσθαι

2043 651 2193 717 Θείας
2218 654 2446 716 ἐννοίας·
2478 673 2495 705 ι
2517 655 2668 707 οὐδὲν
2701 655 2808 724 γὰρ
2820 655 2926 708 τῶν
2943 654 3163 725 ἀλόγων
3183 655 3438 708 ἔννοιαν
3463 654 3587 725 ἔχει
3609 656 3702 710 τοῦ

2042 746 2198 799 Θεοῦ.
2233 745 2444 809 Ψεῦδος
2479 745 2536 798 δὲ
2575 747 2671 798 καὶ
2696 747 2758 798 τὸ
2779 786 2792 808 ,
2818 766 2836 798 t
2876 748 3211 819 Ἐγγυτέρω
3238 747 3362 816 τῆς
3385 745 3560 808 Θείας
3583 747 3703 817 ὀμι-

2043 837 2162 900 λίας
2185 833 2324 889 εἶναι
2349 835 2417 889 τὰ
2444 835 2613 904 ἄλογα
2647 835 2970 900 ζῶαοιὸπου
3001 852 3065 904 γε
3109 835 3231 888 καὶ
3294 834 3426 887 τῶν
3479 833 3699 904 ἀνθρώ-

2045 945 2165 982 πων
2190 929 2241 981 οἱ
2267 928 2346 980 ἔτι
2367 927 2580 996 φαῦλοι,
2603 926 2704 980 κᾶν
2732 927 2818 978 ἐπ’
2848 928 3015 999 ἀκρον
3034 926 3470 998 προκόπτουσι,
3502 926 3699 995 πόρρω

2046 1019 2153 1073 eici.
2185 1021 2285 1090 τῆς
2319 1019 2469 1081 θείας
2499 1018 2732 1088 ὁμιλίας.
2775 1017 2942 1071 Μόνοι
2973 1017 3036 1088 δὴ
3076 1018 3205 1087 ἄρα
3259 1018 3321 1069 οἱ
3372 1015 3536 1068 κατὰ

2044 1113 2193 1166 θειαν
2227 1104 2486 1180 σοφοΐκαὶ
2509 1110 2752 1179 ἀψευδῶς
2770 1111 3015 1172 εὐσεϐεῖς
3035 1109 3367 1179 ἐγγυτέρω
3399 1107 3513 1176 τῆς
3545 1107 3696 1168 θείας·

2043 1202 2257 1273 ὁμιλίας
2289 1201 2644 1269 είσίνο,όποῖοί
2670 1203 2809 1254 εἰσιν
2830 1201 2879 1253 οἱ
2904 1199 3025 1253 καθ’
3057 1201 3226 1270 ἡμᾶς
3264 1199 3576 1270 προφῆται
3603 1198 3692 1249 καὶ

2043 1295 2303 1364 Μωῦσῆς,
2327 1287 2372 1361 ᾧ
2399 1293 2790 1365 μεμαρτύρηκε
2817 1291 2904 1344 διὰ
2921 1293 3018 1361 τὴν
3044 1291 3276 1362 πολλὴν
3309 1289 3687 1360 καθαρότητα

2043 1391 2072 1442 ὁ
2116 1388 2270 1456 λόγος
2326 1386 2515 1439 εἰπών·
2573 1405 2590 1435 t
2641 1386 2846 1453 Ἐγγιεῖ
2889 1384 3131 1453 Μωῦσῆς
3195 1384 3389 1454 μόνος
3425 1381 3574 1454 πρὸς
3603 1381 3688 1434 τὸν

2044 1480 2198 1542 Θεὸν,
2228 1480 2277 1531 οἱ
2301 1477 2356 1530 δὲ
2387 1478 2564 1530 λοιποὶ
2589 1478 2690 1529 οὐκ
2715 1473 2979 1544 ὲγγιοῦσι.
3027 1493 3045 1525 ι

2113 1568 2240 1632 Πῶς
2303 1568 2361 1620 δὲ
2414 1567 2624 1630 ἀσεϐῶς
2653 1567 2756 1619 ὑπὸ
2778 1565 2872 1618 τοῦ
2897 1563 3161 1618 ἀσέϐειαν
3193 1565 3349 1634 ἡμῖν
3383 1561 3684 1629 ἐγκαλοῦν-

2043 1677 2134 1723 τος
2150 1660 2257 1729 (7i)
2274 1659 2486 1732 εἴρηται
2504 1659 2584 1719 τὸ,
2609 1676 2627 1708 t
2653 1659 2712 1710 οὐ
2739 1658 2896 1728 μόνον
2921 1655 3221 1726 σοφώτερα
3246 1651 3408 1707 εἷναι
3425 1654 3498 1706 τά
3516 1654 3682 1720 ἄλογα

2042 1754 2150 1806 τῶν
2175 1752 2327 1818 ζώων
2357 1752 2456 1821 τῆς
2488 1751 2596 1803 τῶν
2626 1749 2927 1820 ἀνθρώπων
2956 1748 3208 1817 φύσεως,
3241 1746 3401 1799 ἀλλὰ
3439 1747 3542 1798 καὶ
3569 1743 3680 1796 θεο-

2044 1843 2493 1916 φιλέστερα.»ἰ(αὶ
2511 1843 2594 1906 τίς
2615 1842 2715 1894 οὐκ
2732 1841 2797 1894 ἂν
2812 1838 3192 1910 ἀποτραπείη,
3216 1838 3539 1908 προσέχων
3567 1834 3674 1904 (72)

2043 1935 2313 2007 ἀνθρώπῳ
2339 1933 2549 2002 λέγοντι
2579 1933 2846 2004 δράκοντα
2866 1971 2880 1994 ,
2927 1931 3023 1985 καὶ
3072 1929 3376 1983 ἀλώπεκα
3406 1966 3422 1990 ,
3461 1927 3562 1979 καὶ
3589 1925 3675 1977 λύ-

2043 2045 2158 2091 κον,
2193 2028 2287 2080 κα“ι
2318 2026 2493 2089 ἀετὸν,
2521 2025 2614 2077 καὶ
2634 2023 2830 2092 ἱέρακα
2847 2023 2945 2094 τῆς
2962 2021 3069 2074 τῶν
3086 2020 3197 2076 ἀνθ
3208 2019 3438 2091 ρώπων
3458 2017 3670 2088 φύσεως

2044 2116 2182 2172 εἶναι
2218 2117 2638 2188 θεοφιλέστερα;
2677 2113 2983 2168 Ἀκολουθεῖ
3030 2114 3076 2167 δ’
3115 2111 3296 2182 αὐτῷ
3345 2111 3416 2163 τὸ
3450 2109 3662 2177 λέγειν,

2045 2215 2146 2278 ὅτι,
2172 2215 2330 2286 εἴπερ
2364 2210 2745 2280 θεοφιλέστερα
2770 2207 2895 2261 τάδε
2929 2207 2996 2260 τά
3024 2205 3145 2271 ζῶα
3179 2205 3307 2258 τῶν
3334 2203 3663 2273 ἀνθρώπων,

2045 2305 2220 2376 δῆλον,
2251 2304 2332 2356 ὃτι
2362 2303 2453 2354 καὶ
2469 2300 2807 2372 Σωκράτους,
2855 2299 2951 2352 καλ⁵
2981 2298 3318 2361 Πλάτωνος,
3351 2296 3456 2350 καὶ
3494 2294 3667 2348 Πυθα-

2046 2397 2228 2468 γόρου,
2269 2397 2362 2448 καὶ
2395 2392 2714 2465 Φερεκύδου,
2752 2392 2845 2444 καὶ
2881 2384 2956 2445 ὧν
3000 2390 3105 2461 πρὸ
3161 2388 3422 2460 βραχέος
3457 2386 3660 2456 ῦμνησε

2049 2487 2310 2556 θεολόγων
2341 2486 2476 2554 (75),
2513 2483 2895 2552 θεοφιλέστερά
2924 2485 3038 2534 ὲστι
3060 2480 3258 2533 ταῦτα
3281 2479 3362 2533 τὰ
3399 2478 3540 2542 ζῶα.
3563 2476 3662 2530 Καὶ

2049 2579 2336 2647 ὲπεύξαιτό
2363 2596 2424 2647 γε
2452 2579 2516 2633 ἄν
2539 2595 2623 2641 τις
2654 2576 2801 2646 αὐτῷ
2833 2577 3026 2644 λέγων’
3061 2577 3244 2646 εἴπερ
3271 2569 3660 2642 Θεοφιλέστερά

2050 2679 2162 2730 ἐστι
2191 2673 2314 2726 τάδε
2342 2671 2409 2724 τά
2435 2671 2550 2736 ζῶα
2587 2669 2693 2723 τῶν
2716 2668 3034 2740 ἀνθρώπων,
3055 2667 3258 2734 γένοιο
3299 2665 3425 2736 μετ’
3450 2662 3661 2716 ἐκείνων

2051 2765 2319 2834 Θεοφιλὴς,
2351 2767 2442 2817 καὶ
2482 2761 2863 2833 ὲξομοιωΘείης
2901 2763 3014 2822 τοῖς
3052 2759 3211 2813 κατά
3257 2759 3322 2812 σὲ
3360 2754 3653 2825 ἀνθρώπων

2051 2855 2500 2924 θεοφιλεστέροις.
2543 2853 2654 2905 Καὶ⁵
2685 2852 2758 2923 μὴ
2785 2850 3230 2920 ὑπολαμϐανέτω
3255 2867 3327 2918 γε
3361 2847 3506 2920 ἀρὰν
3524 2841 3646 2898 εἶναι

2051 2947 2113 2998 τὸ
2143 2945 2399 2997 τοιοῦτον·
2427 2945 2510 3008 τίς
2525 2929 2759 3014 γὰρούκ
2777 2942 2842 2995 ἂν
2873 2941 3089 3008 εὔξαιτο
3119 2936 3210 3005 οἷς
3240 2932 3644 2993 πείθεταιεῖναι

2055 3037 2483 3107 Θεοφιλεστέροις
2515 3035 2764 3104 γενέσθαι
2797 3035 2971 3103 πάντη
3002 3033 3431 3103 παραπλήσιος,
3459 3030 3542 3081 ἵνα
3563 3025 3643 3079 καὶ

2056 3130 2214 3193 αὐτὸς
2255 3130 2330 3192 ὡς
2373 3131 2567 3181 ἐκεῖνοι
2602 3128 2827 3197 γένηται
2875 3125 3166 3196 Θεοφιλήςς
3215 3125 3411 3179 Θέλων
3451 3121 3509 3174 δὲ
3552 3117 3640 3180 τὰς

2054 3222 2270 3294 ὁμιλίας
2297 3223 2404 3275 τῶν
2435 3219 2649 3287 ἀλόγων
2679 3218 2832 3283 ζώων
2854 3215 2992 3271 εἶναι
3022 3216 3130 3271 τῶν
3167 3215 3470 3288 ἡμετέρων
3497 3213 3638 3282 ίερω-

2053 3314 2260 3386 τέραςό
2287 3312 2516 3374 Κέλσος,
2541 3311 2601 3363 οὐ
2641 3313 2752 3374 τοῖς
2775 3309 3024 3379 τυχοῦσιν
3056 3309 3363 3378 ἀνατίθησι
3391 3303 3634 3374 τὴνίστο-

2059 3404 2177 3475 ρίαν
2204 3402 2434 3473 ταύτην,
2471 3403 2606 3454 ἀλλά
2652 3404 2764 3464 τοῖς
2807 3403 3067 3462 συνετοῖς.
3117 3399 3356 3453 Συνετολ.
3403 3396 3459 3448 δὲ
3510 3388 3635 3445 κατὰ

2056 3492 2313 3563 ἀλήθειάν
2336 3493 2474 3544 εἰσιν
2503 3491 2552 3543 οἱ
2593 3490 2888 3543 σπουδαῖοι·
2915 3488 3091 3550 οὐδεὶς
3111 3487 3231 3558 γὰρ
3268 3485 3473 3554 φαῦλος
3495 3495 3631 3533 συνε-

2053 3587 2164 3650 τός.
2213 3585 2374 3652 Λέγει
2418 3583 2597 3636 τοίνυν
2635 3583 2728 3634 τὸν
2765 3580 2966 3652 τρόπον
3001 3578 3220 3643 τοῦτον,
3259 3578 3347 3631 ὅτι
3375 3596 3393 3626 ι
3432 3571 3557 3641 φασὶ
3582 3566 3630 3620 δὲ

2053 3677 2162 3730 τῶν
2184 3675 2482 3746 ἀνθρώπων
2511 3675 2559 3726 oi
2592 3673 2802 3725 συνετοὶ
2831 3673 2926 3726 καὶ
2953 3670 3173 3741 ὁμιλίας
3205 3669 3444 3728 ἐκείνοις
3471 3657 3592 3715 εἶναι
3611 3695 3625 3719 ν

2053 3771 2290 3842 δηλονότι
2326 3769 2436 3837 (74)
2460 3767 2566 3819 τῶν
2589 3766 2871 3836 ἡμετέρων
2896 3764 3224 3837 ἱερωτέρας·
3255 3762 3353 3816 καὶ
3373 3755 3518 3812 αὐτοί

2055 3841 2340 3932 γνωρίζειν
2375 3859 2442 3912 τὰ
2482 3858 2750 3927 λεγόμενα
2771 3897 2784 3920 ,
2823 3857 2914 3909 καὶ
2943 3856 3088 3928 ἔργῳ
3115 3853 3395 3909 δεικνύειν
3427 3849 3504 3901 ὅτι
3537 3841 3620 3895 οὐκ

2056 3931 2337 4016 ἀγνοοῦσιν
2371 3946 2504 4017 (75),
2529 3947 2677 4009 ὅταν,
2714 3946 3086 4016 προειπόντες,
3115 3945 3202 3997 ὅτι
3235 3942 3446 4012 ἔφασαν
3476 3935 3520 3987 οἱ
3547 3931 3622 3998 δρ-

2055 4040 2200 4102 νιΘες
2230 4040 2304 4102 ὡς
2346 4039 2535 4091 ἀπίασί
2564 4055 2675 4102 ποι,
2704 4037 2798 4089 καὶ
2839 4038 3123 4106 ποιήσουσι
3148 4036 3276 4088 τόδε
3310 4032 3343 4102 ἦ
3374 4029 3506 4089 τόδε,
3527 4023 3617 4077 δει-

2057 4131 2289 4188 κνύωσι-ν
2317 4128 2644 4190 ἀπελθόντας
2679 4127 2812 4187 ἐκεῖ,
2832 4125 2923 4177 καὶ
2944 4124 3233 4188 ποιοῦντας
3260 4124 3297 4178 ἀ
3331 4123 3429 4191 ἤδη
3460 4114 3617 4187 προεῖ-

2057 4239 2174 4276 πον.
2201 4241 2219 4273 ›
2238 4222 2393 4274 Κατά
2419 4223 2515 4291 μὲν
2543 4216 2634 4272 οὖν
2667 4219 2727 4271 τὸ
2742 4218 2939 4286 ἀληθὲς
2959 4218 3132 4281 οὐδεὶς
3165 4215 3391 4276 συνετὸς
3417 4204 3612 4291 τοιαῦτα

2061 4313 2329 4384 ἱστόρησε,
2357 4290 2450 4365 καὶ
2481 4309 2654 4371 οὐδεὶς
2677 4309 2836 4377 σοερδς
2861 4306 3154 4377 ἱερωτέρας
3184 4302 3344 4358 εἶπεν
3382 4296 3512 4353 εἶναι

383 4408 611 4463 minum.
647 4406 752 4460 Sed
778 4406 844 4460 ad
881 4405 1117 4475 penitius
1167 4406 1505 4474 inspicienda
1534 4380 1701 4460 'Celsi
1756 4405 1948 4474 placita

2057 4404 2166 4458 τῶν
2180 4380 2404 4471 ⁷ἀλόγων
2434 4401 2588 4466 ζώων
2617 4399 2831 4470 ὁμιλίας
2880 4399 2978 4468 τῆς
3019 4397 3127 4452 τῶν
3158 4394 3480 4467 ἀνθρώπων·
3508 4385 3550 4436 εἶ
3569 4380 3606 4431 δ’

379 4497 426 4549 si
463 4495 592 4563 quid
633 4494 792 4548 exiis
823 4502 1195 4562 consequatur
1227 4493 1582 4558 advertimus,
1621 4495 1839 4564 planum
1872 4503 1957 4549 est

381 4602 445 4640 ex
471 4587 558 4638 illo
578 4586 848 4640 sanctiora
865 4599 985 4640 esse
1010 4585 1306 4639 bestiarum
1335 4585 1627 4654 colloquia,
1649 4601 1808 4655 quam
1830 4601 1954 4656 gra-

383 4691 479 4729 vcs
505 4678 628 4729 illos
658 4675 1007 4746 Pherecydis,
1037 4675 1377 4747 Pythagorae,
1418 4679 1679 4739 Socratis,
1715 4679 1955 4736 Platonis

385 4767 726 4832 aliorumque
752 4768 1196 4835 philosophorum
1241 4769 1510 4838 dialogos.
1551 4769 1704 4835 Quod
1737 4770 1952 4838 quidem

383 4873 481 4926 pur
517 4870 574 4910 se
609 4872 710 4911 nou
747 4857 918 4910 solum
955 4857 1312 4925 improbabile
1345 4867 1424 4911 est
1447 4900 1461 4924 ,
1500 4859 1595 4912 sed
1648 4860 1814 4912 etiam
1861 4861 1956 4914 ab-

382 4947 788 5004 surdissimuut.
827 4945 1026 5001 Verum
1057 4958 1116 5002 ut
1144 4948 1488 5002 crederemus
1524 4963 1644 5003 esse
1692 4951 1954 5018 quosdam

382 5041 474 5110 qui
542 5039 917 5094 indistinctam
985 5039 1166 5093 avium
1231 5053 1420 5095 vocem
1498 5040 1837 5111 intelligant,
1903 5051 1959 5102 et

457 5160 501 5192 θ’
528 5158 704 5215 Exod.
734 5175 881 5228 xxxv,
902 5161 960 5216 9..

456 5275 570 5402 gl)
599 5276 937 5334 limscltelius
988 5286 1043 5333 et
1088 5278 1432 5347 Spencerus,
1466 5278 1658 5343 ἀσεϐὲς
1705 5279 1810 5351 ὑπὸ
1859 5277 1954 5331 τοῦ

489 5350 641 5402 ϐειαν
695 5350 1076 5402 ἐγκαλοῦντος.
1112 5350 1205 5402 sed
1257 5347 1550 5402 Pliilocalia
1591 5360 1650 5402 ut
1703 5351 1756 5402 in
1803 5359 1952 5402 textu

384 5347 641 5404 ἀσέϐειαν
695 5350 1076 5419 ἐγκαλοῦντος,
1112 5350 1205 5404 sed
1257 5347 1550 5405 Philocalia
1591 5360 1650 5404 ut
1703 5351 1756 5402 iu
1803 5347 1952 5404 textu

387 5431 896 5560 Ποῗίέῗριιίιοωιίει
918 5529 932 5555 ,
963 5489 1271 5561 προσέχειν.
1304 5487 1644 5545 Hmsehelius
1692 5497 1746 5544 et
1779 5487 1956 5559 Spen-

388 5573 574 5619 ccrus,
598 5561 896 5629 προσέχων.

437 5629 572 5706 *(75)
618 5627 952 5685 lleesehelius
973 5639 1025 5684 et
1055 5630 1361 5701 Spenccrus
1399 5632 1450 5687 iu
1485 5630 1747 5701 margine,
1784 5627 1956 5683 θεολο-

386 5712 520 5773 των.

2063 4496 2202 4566 ὑπὲρ
2229 4493 2322 4546 τοῦ
2358 4493 2607 4559 ἐξετάσαι
2631 4491 2698 4544 τὰ
2732 4489 2939 4544 Κέλσου
2971 4489 3108 4560 (76),
3147 4483 3471 4541 τάκόλονοον
3500 4490 3603 4569 σκρ-

2062 4588 2292 4657 ποῦμεν,
2333 4585 2493 4654 δῆλον
2515 4583 2595 4636 ὅτι
2631 4583 2750 4635 κατ’
2773 4581 2932 4633 αὐτὸν
2965 4578 3251 4650 ἱερώτεραι
3289 4575 3396 4628 τῶν
3423 4578 3598 4657 σεμνωγ

2061 4652 2396 4749 Φερεκύδου,
2447 4676 2541 4728 καὶ
2587 4674 2932 4746 Πυθαγόρου,
2978 4672 3073 4727 καὶ
3127 4669 3479 4754 Σωκράτους,
3527 4652 3602 4754 xei.

2065 4769 2368 4831 Πλάτωνος,
2403 4765 2626 4820 καὶτῶν
2664 4765 2966 4834 φιλοσόφων
2981 4763 3206 4834 ὁμιλιῶν
3238 4763 3376 4814 εἰσιν
3432 4753 3480 4805 αἱ
3509 4753 3600 4798 των

2064 4862 2272 4928 ἀλόγων
2297 4858 2466 4924 ζώων·
2505 4859 2640 4928 ὅπερ
2665 4857 2782 4909 ἐστὶ
2811 4857 2906 4910 καὶ
2931 4855 3153 4908 αὐτόθεν
3173 4855 3234 4907 οὐ
3263 4851 3418 4923 μόνον
3441 4843 3598 4902 dmi“

2066 4953 2271 5022 φαῖνον,
2298 4948 2431 5003 ἀλλὰ
2459 4949 2553 5001 καὶ
2582 4945 2948 5002 ἀτοπώτατον.
2980 4946 3100 4999 Ἵνα
3127 4945 3184 4998 δὲ
3216 4942 3311 4998 καὶ
3339 4928 3598 5022 πιστειξτξω·

2069 5015 2166 5115 μεν
2187 5041 2339 5105 τινὰς
2361 5042 2425 5094 ὲκ
2447 5041 2545 5110 τῆς
2577 5040 2790 5110 ἀσήμου
2827 5036 3013 5108 φωνῆς
3039 5037 3148 5090 τῶν
3180 5030 3404 5107 ὀρνίθων
3427 5015 3597 5094 μαθόν-

2136 5280 2186 5365 ςτ
2201 5279 2258 5365 ί),
2286 5274 2592 5365 deesse:
2615 5249 3590 5365 ’ἲφξςὲξεῖξίιιιεξξνῖῐτὲτιιιἰς’ρσρεξιῖῗ

2063 5323 2867 5416 ιιςιίιὶεῖίιῖδῆἱὸν’ὂ-ἑὶξὶῌιῖἶέιέἰ
2903 5323 3265 5411 sttpra,rttum.
3293 5329 3378 5395 88,
3409 5323 3585 5389 lci-""1"

2061 5417 2348 5501 δηλῖἶῖίτὶλ
2482 5482 2495 5501 .
2587 5484 2600 5501 ,
2762 5482 2786 5493 ~
2961 5481 2992 5501 ο
3170 5482 3384 5501 ,.....,..η
3429 5459 3490 5501 tut
3519 5452 3584 5501 te-

2285 5459 2407 5536 ζΌτι
2434 5482 2922 5558 οὐκῌᾴγνοοῦᾳιν,
2961 5481 3134 5558 Stlpfa
3170 5459 3490 5558 ngﬂerﬂufs
3514 5459 3537 5558 ἓ

2063 5533 2335 5625 gula-{36:1
2360 5533 2775 5624 ‘ﬁtiip‘zibb'o-IJ.‘
2796 5533 2960 5607 pauo
2975 5533 2987 5536 ἡ
3003 5533 3142 5604 iiifra
3188 5533 3486 5601 Philocalia.
3514 5533 3582 5574 οτι

2061 5643 2251 5681 απιασι
2285 5641 2407 5676 που.

2136 5697 2243 5769 (⁷6)
2285 5693 2703 5761 Ηωςςιιριὶυε·ῑη
2745 5702 2913 5761 textu,
2949 5691 3040 5744 τοῦ
3078 5688 3291 5743 Κέλσου.
