3986 6164
183 318 401 373 ιιῖτ

1391 318 1673 375 CONTRA
1706 320 1983 377 CELSUM
2021 320 2149 374 LIB.
2188 317 2275 373 IV.

3371 316 3511 374 1178

184 453 375 499 τοις,
408 436 489 489 ὅτι
514 432 706 488 ἀπίασί
737 449 825 486 ποι
844 431 891 485 οἱ
913 431 1143 504 ὄρνιθες,
1168 431 1260 484 καὶ
1284 435 1567 505 ποιήσουσι
1594 435 1714 489 τόδε
1736 436 1845 507 (77)

1951 448 2069 488 eam
2122 434 2190 488 ob
2233 448 2348 489 rem
2403 430 2711 502 signiﬁcent
2747 444 2853 500 quo
2903 427 3225 497 profectura:
3276 435 3331 484 et
3383 430 3513 498 quid

188 528 242 597 ἦ
269 528 454 591 τόδε,
489 524 808 598 προδηλοῦν·
839 524 932 577 καὶ
955 522 1097 576 τοῦτ’
1129 523 1361 593 ἐροῦμεν
1399 526 1505 578 ἀπὸ
1528 526 1637 581 τῶν
1669 527 1850 597 δαιμό-

191 638 352 673 νων
408 618 751 690 συμϐολικῶς
768 616 1076 688 ἀνθρώποις
1098 616 1446 686 δεδηλῶσθαι,
1475 618 1618 671 κατά
1648 601 1849 672 σκοπὸν

195 713 330 766 τὸν
392 715 521 786 περὶ
554 712 650 766 τοῦ
686 711 1031 782 ἀπατηθῆναι
1074 710 1179 763 ὑπὸ
1217 711 1326 764 τῶν
1352 712 1620 783 δαιμόνων
1644 714 1734 766 τὸν
1765 713 1851 767 ἄν·

199 804 518 874 Ορωπον,
555 806 649 857 καὶ
698 800 1148 872 κατασπασθῆναι
1182 800 1344 853 αὑτοῦ
1378 802 1467 854 τὸν
1500 802 1625 855 νοῦν
1650 803 1744 856 ἀπ’
1768 802 1852 854 οῦ-

215 894 436 963 ρανοῦ
459 895 553 947 καὶ
572 892 706 947 Θεοῦ
736 894 827 946 ἐπὶ
851 891 955 960 γῆν
982 891 1075 943 καὶ
1098 891 1166 944 τά
1194 890 1273 943 ἔτι
1308 893 1621 964 κατωτέρω.

315 987 455 1038 Οὐκ
479 984 594 1039 οἶδα
609 987 652 1038 δ’
666 987 814 1047 ὅπως
832 986 859 1035 ὁ
876 983 1081 1046 Κέλσος
1106 982 1198 1035 καὶ
1218 984 1383 1054 ὅρκου
1407 984 1714 1053 ἐλεφάντων
1733 982 1844 1054 (78)

202 1076 486 1145 ἢκουσε,
528 1078 621 1130 καὶ
652 1078 734 1129 ὅτι
771 1076 908 1128 εἰσὶν
934 1068 1077 1127 οῦτοι
1102 1074 1407 1144 πιστότεροι
1433 1076 1569 1147 πρὸς
1595 1076 1656 1128 τὸ
1695 1075 1851 1128 Θεῖον

211 1167 442 1237 ἡμῶν,
473 1169 564 1220 καὶ
595 1167 792 1237 γνῶσιν
823 1168 1004 1239 ἔχουσι
1051 1172 1145 1224 τοῦ
1174 1171 1329 1224 Θεοῦ.
1368 1168 1508 1238 Ἐγὼ
1540 1168 1647 1238 γὰρ
1680 1165 1850 1220 πολλά

217 1260 356 1328 μὲν
390 1260 485 1311 καὶ
508 1259 796 1329 θαυμαστά
821 1257 937 1314 οἶδα
962 1263 1088 1333 περὶ
1112 1263 1211 1331 τῆς
1246 1262 1459 1331 φύσεως
1483 1258 1576 1311 τοῦ
1601 1257 1739 1322 ζώου
1756 1255 1849 1310 καὶ

214 1352 357 1421 τῆς
403 1352 744 1422 ἡμερότητος
770 1352 1147 1423 ἱστορούμενα,
1170 1354 1229 1406 οὐ
1268 1354 1375 1423 μὴν
1397 1351 1490 1404 καὶ
1518 1349 1645 1420 περὶ
1672 1349 1850 1419 ὅρκων

218 1443 557 1511 ἐλέφαντος
583 1442 797 1496 σύνοιδα
826 1444 1076 1514 εἰρῆσθαι
1104 1445 1252 1515 παρά
1276 1461 1401 1495 τινι.
1444 1443 1507 1493 Εἰ
1544 1440 1617 1511 μὴ
1658 1439 1764 1511 ἄρα
1788 1439 1849 1491 τὸ

220 1534 267 1601 ἥ
282 1551 368 1602 με
381 1552 491 1603 ρον,
519 1533 611 1586 καὶ
633 1534 730 1604 τὴν
759 1535 998 1605 ὡσπερεὶ
1018 1535 1152 1605 πρὸς
1177 1533 1495 1604 ἀνθρώπους
1524 1530 1701 1584 αὐτῶν
1723 1546 1848 1581 συν-

224 1624 447 1695 Θὴκην
483 1624 631 1688 ἅπαξ
665 1626 972 1696 γενομένων
1000 1627 1109 1697 ('79)
1133 1626 1223 1679 ὑπ’
1254 1626 1455 1687 αὐτοῖς,
1487 1622 1741 1694 εὐορκίαν
1762 1638 1849 1690 τη-

230 1732 356 1788 ρου
370 1716 535 1787 μένην
568 1718 865 1787 ὠνόμασεν,
904 1721 1039 1789 ὅπερ
1064 1719 1154 1771 καὶ
1181 1718 1312 1769 αὐτὸ
1341 1714 1531 1784 ψεῦδός
1570 1717 1737 1766 ἐστιν.
1784 1712 1847 1764 Εἰ

1954 526 2178 581 factura:
2235 524 2344 580 sint
2393 540 2404 576 :
2468 524 2569 576 hoc
2641 522 2801 576 etiam
2865 520 3106 574 dicemus
3166 535 3194 570 ιι
3256 518 3513 572 daemoni-

1952 620 2053 673 bus
2102 632 2198 687 per
2226 616 2376 686 signa
2408 613 2635 668 indicari
2678 612 3022 676 hominibus;
3058 611 3219 680 idque
3271 624 3336 665 eo
3378 624 3515 665 conv-

1951 709 2096 775 silio,
2137 719 2194 761 ut
2244 708 2488 762 homines
2532 703 2827 773 decipiant,
2867 712 2921 758 et
2968 712 3201 757 mentem
3244 706 3429 757 eurum
3481 717 3514 757 a

1950 801 2089 855 coelo
2118 800 2337 867 Deoque
2375 797 2614 852 avulsam
2642 798 2695 851 in
2732 806 2929 851 terram
2958 805 3011 849 et
3048 794 3275 849 inferius
3319 793 3514 863 praci-

1951 899 2469 1046 l“ﬁghlilephantos
2494 975 2696 1044 iurare,
2742 990 2868 1043 erga
2898 973 3068 1028 Deum
3097 974 3370 1028 ﬁdeliores
3395 986 3515 1028 esse

1952 1074 2130 1137 nobis,
2159 1072 2357 1127 habere
2384 1070 2473 1124 Dei
2499 1068 2792 1127 notionem.
2824 1068 3006 1122 nescio
3036 1067 3175 1121 unde
3208 1064 3398 1120 Celsus
3420 1079 3515 1117 ac-

1951 1165 2176 1235 ceperit.
2207 1164 2318 1232 Ego
2352 1163 2494 1216 enim
2518 1161 2683 1215 multa
2710 1159 2925 1228 quidem
2949 1168 3003 1212 et
3028 1157 3255 1212 miriﬁca
3289 1157 3411 1210 novi
3449 1156 3515 1212 de

1951 1264 2140 1308 natura
2170 1254 2326 1323 hujus
2351 1252 2641 1305 animantis
2667 1250 2893 1319 ejusque
2918 1247 3328 1301 mansuetudine
3352 1245 3517 1299 fuisse

1954 1347 2188 1408 tradita;
2227 1353 2284 1398 at
2319 1344 2383 1397 de
2419 1342 2535 1410 ejus
2582 1339 2909 1409 juramentis
2949 1338 3151 1390 nullum
3184 1338 3366 1390 videre
3398 1350 3508 1389 me-

1951 1439 2107 1500 mini,
2131 1437 2223 1506 qui
2256 1436 2585 1490 mentionem
2626 1432 2835 1487 fecerit.
2867 1429 2980 1483 Nisi
3025 1428 3161 1481 forte
3197 1436 3513 1481 mansuetu-

1953 1530 2129 1583 dinem
2162 1542 2346 1580 eorum
2379 1525 2602 1591 etquasi
2628 1523 2803 1577 foedus
2831 1522 2897 1576 ab
2929 1520 3031 1574 illis
3060 1533 3179 1573 cum
3206 1517 3515 1572 hominibus

1951 1617 2167 1678 initum,
2196 1615 2285 1669 ubi
2319 1613 2486 1668 semel
2513 1614 2590 1667 eis
2622 1610 2825 1665 subditi
2857 1618 3002 1674 sunt,
3025 1606 3317 1675 juramenti
3355 1604 3512 1657 ﬁdem

1954 1711 2204 1781 appellet.
2257 1708 2360 1763 Sed
2415 1723 2482 1762 ne
2528 1708 2577 1761 id
2608 1706 2823 1776 quidem
2874 1719 3060 1758 verum
3103 1710 3206 1757 est.
3248 1700 3382 1754 Nam
3410 1699 3515 1753 etsi

235 1775 382 1877 ἦταρ
415 1775 655 1869 σπανίως
670 1775 690 1871 ,1
727 1775 967 1861 ἀλλ”οῦν
1007 1775 1079 1876 ’γε
1124 1775 1435 1878 ἱστόρηται,
1476 1775 1557 1857 ὅτι
1593 1802 1729 1874 μετὰ
1750 1803 1845 1874 τὴν

1954 1819 2100 1867 raro,
2137 1816 2521 1870 nonnunquam
2571 1809 2749 1853 tamen
2786 1798 2950 1867 576
2991 1794 3258 1850 accidisse
3309 1793 3511 1853 fertur,

233 1892 529 1952 δοκοῦσαν
563 1898 873 1970 ἡμερότητα
911 1897 1321 1974 ἐξηγριώθησαν
1368 1898 1660 1965 ἐλέφαντες
1706 1896 1845 1949 κατά

234 1989 375 2040 τῶν
407 1988 726 2061 ἀνθρώπων,
771 1989 866 2042 καὶ
908 1990 1100 2058 φόνους
1134 1989 1396 2058 ἐποίησαν
1430 1988 1574 2055 (80),
1618 1988 1711 2041 καὶ
1756 1987 1845 2041 διά

240 2081 427 2133 τοῦτο
451 2081 914 2152 κατεδικάσθησαν
940 2083 1313 2152 ἀναιρεθῆναι,
1335 2081 1411 2143 ὡς
1443 2081 1623 2133 οὐκέτι
1660 2081 1849 2152 χρήσι-

244 2187 379 2239 μοι.
424 2172 575 2223 Ἐπεὶ
600 2172 656 2225 δὲ
668 2171 1085 2242 παραλαμϐάνει
1106 2172 1244 2242 μετὰ
1270 2171 1461 2233 ταῦτα,
1489 2173 1571 2234 εἰς
1596 2171 1657 2223 τὸ
1677 2189 1847 2224 κατα-

244 2261 530 2313 σκευάσαι
549 2262 645 2331 (ὡς
663 2262 875 2331 οἴεται),
894 2262 1309 2332 εὐσεϐεστέρους
1330 2258 1468 2315 εἶναι
1498 2262 1623 2324 τοὺς
1647 2261 1845 2334 πελαρ-

240 2350 396 2417 γοὺς
412 2351 517 2404 τῶν
530 2350 932 2421 ἀνθρώπων,τά
954 2351 1188 2423 περὶτοῦ
1212 2350 1350 2415 ζώου
1378 2351 1732 2422 ἱστορούμενα
1762 2353 1851 2404 άν-

242 2441 737 2513 τιπελαργοῦντος,
753 2444 844 2496 καὶ
860 2443 1065 2514 τροφὰς
1083 2443 1337 2513 φέροντος
1351 2445 1460 2505 τοῖς
1477 2443 1844 2512 γεγεννηκόσι·

245 2532 505 2598 λεκτέον,
524 2537 605 2588 ὅτι
617 2536 711 2587 καὶ
733 2534 876 2587 τοῦτ’
896 2535 997 2586 οὐκ
1011 2535 1119 2587 ἀπὸ
1141 2534 1492 2604 θεωρήματος
1506 2534 1599 2586 τοῦ
1613 2532 1847 2603 περὶτοῦ

250 2624 597 2694 καθήκοντος
616 2622 860 2676 ποιοῦσιν
894 2625 940 2675 οἱ
969 2623 1249 2694 πελαργοὶ,
1289 2623 1395 2675 οὐδ’
1423 2624 1530 2677 ἀπὸ
1556 2622 1845 2693 λογισμοῦ,

252 2712 383 2765 ἀλλ’
409 2713 515 2765 ἀπὸ
548 2713 791 2782 φύσεως,
831 2713 1189 2783 βουληθείσης
1219 2715 1318 2784 τῆς
1342 2713 1849 2785 κατασκευαζοῦσης

253 2804 465 2865 αὐτοὺς
496 2803 709 2870 φύσεως
725 2804 1072 2874 παράδειγμα
1096 2805 1149 2855 ὲν
1170 2804 1384 2871 ἀλόγοις
1410 2802 1568 2867 ζώοις
1601 2806 1850 2876 δυσωπῆ-

258 2907 360 2942 σαι
386 2890 492 2959 (81)
516 2891 809 2960 δυνάμενον
836 2890 1158 2960 ἀνθρώπους
1186 2893 1439 2946 ἐκθέσθαι
1479 2895 1607 2964 περὶ
1638 2895 1730 2947 τοῦ
1761 2897 1851 2966 χά-

260 2999 424 3051 ριτας
442 2982 776 3035 ἀποτιννύειν
793 2986 906 3045 τοῖς
926 2984 1332 3053 γεγεννηκόσιν.
1351 2985 1413 3037 ΕΞ
1432 2984 1488 3037 δὲ
1508 2986 1624 3055 ᾔδει
1642 2986 1848 3051 Κέλσος

257 3072 378 3142 ὅσῳ
410 3072 652 3143 διαφέρει
691 3072 832 3143 λόγῳ
873 3073 1041 3127 ταῦτα
1097 3076 1269 3126 ποιεῖν
1304 3072 1401 3126 τοῦ
1445 3075 1655 3142 ἀλόγως
1702 3074 1846 3128 αὑτά

262 3165 363 3216 καὶ
384 3166 623 3232 φυσικῶς
651 3168 910 3237 ἐνεργεῖν,
942 3167 1039 3218 οὐκ
1059 3165 1122 3218 ἂν
1140 3166 1420 3219 εὐσεϐεστέ
1430 3184 1554 3237 ρους
1576 3162 1696 3219 εἷπε
1717 3168 1843 3231 τοὺς

264 3252 572 3321 πελαργοὺς
608 3253 713 3305 τῶν
748 3252 1069 3325 ἀνθρώπων.
1114 3256 1232 3307 Ἔτι
1270 3256 1357 3317 δὲ,
1393 3256 1468 3318 ὡς
1514 3256 1655 3327 ὑπὲρ
1691 3256 1843 3309 εὐσε-

265 3339 426 3403 ϐείας
451 3342 556 3395 τῶν
581 3342 787 3409 ἀλόγων
811 3342 962 3405 ζώων
996 3345 1293 3413 μαχόμενος
1317 3345 1424 3411 (82)
1445 3347 1472 3396 ὁ
1489 3345 1712 3409 Κέλσος,
1740 3365 1843 3399 πα-

270 3432 608 3504 ραλαμϐάνει
639 3432 700 3485 τὸ
744 3432 991 3504 Ἀράϐιον
1015 3432 1149 3496 ζῶον
1170 3471 1182 3495 ,
1209 3434 1301 3485 τὸν
1333 3435 1551 3487 Φοίνικα
1589 3436 1718 3505 (85),
1753 3437 1840 3489 διὰ

267 3523 480 3577 πολλῶν
514 3523 649 3577 ὲτῶν
683 3522 981 3594 ὲπιδημοῦν
1013 3524 1293 3594 Αἰγύπτῳ,
1329 3526 1420 3577 καὶ
1448 3526 1608 3597 φέρον
1638 3528 1841 3581 ἀποθα-

268 3616 429 3668 νόντα
459 3616 548 3668 τὸν
582 3616 812 3687 πατέρα,
845 3617 938 3668 καὶ
973 3616 1213 3683 ταφέντα
1246 3618 1303 3667 ὲν
1338 3617 1542 3688 σφαίρᾳ
1577 3618 1836 3691 σμύρνης,

267 3709 364 3761 καὶ
398 3708 631 3761 ὲπιτιθὲν
683 3707 791 3779 (84)
837 3708 971 3760 ὅπου
1002 3708 1063 3759 τὸ
1112 3707 1205 3759 τοῦ
1247 3707 1396 3777 ἡλίου
1440 3709 1682 3778 τέμενος.
1732 3712 1840 3763 Καὶ

269 3800 427 3852 τοῦτο
460 3800 734 3871 ἱστόρηται
786 3799 912 3869 μὲν,
948 3799 1166 3851 δύναται
1199 3799 1274 3858 δὲ,
1312 3799 1515 3868 ἐάνπερ
1610 3800 1841 3870 ἀληθὲς,

271 3893 366 3947 καὶ
392 3893 521 3944 αὐτὸ
546 3891 769 3959 φυσικὸν
801 3892 1084 3960 τυγχάνειν
1107 3908 1119 3919 ·
1156 3890 1716 3962 ἐπιδαψιλευσαμένης
1746 3894 1843 3962 τῆς

274 3983 421 4045 θείας
452 3982 715 4053 Προνοίας
748 3983 840 4035 καὶ
868 3983 926 4033 ὲν
958 3984 1077 4043 ταῖς
1108 3981 1390 4052 διαφοραῖς
1420 3982 1526 4034 τῶν
1562 3982 1711 4045 ζώων
1737 4000 1843 4034 πα-

277 4074 539 4145 ραστῆσαι
566 4074 676 4134 τοῖς
708 4072 1011 4142 ἀνθρώποις
1044 4071 1105 4123 τὸ
1136 4071 1377 4124 ποικίλον
1417 4073 1514 4143 τῆς
1547 4072 1654 4125 τῶν
1688 4076 1744 4125 ἐν
1767 4074 1843 4143 τῷ

274 4165 461 4233 κόσμῳ
502 4165 871 4233 κατασκευῆς,
914 4163 1113 4230 φθάνον
1154 4163 1245 4215 καὶ
1276 4164 1367 4214 ἐπὶ
1406 4162 1472 4215 τὰ
1521 4162 1712 4233 ὄρνεα·
1751 4166 1843 4216 καὶ

1952 1900 2013 1945 ιιι
2041 1889 2334 1958 elephanti,
2364 1890 2455 1957 qui
2488 1887 2843 1948 mansuefacti
2879 1886 2973 1939 visi
3011 1894 3188 1950 erant,
3214 1883 3278 1936 ad
3327 1880 3516 1951 pristi-

1949 1996 2073 2036 nam
2109 1980 2378 2035 feritatem
2412 1980 2673 2045 redirent,
2707 1978 2880 2032 caedes
2922 1984 3317 2046 perpetrarent,
3349 1983 3514 2042 atque

1952 2075 2153 2129 idcirco
2170 2084 2342 2127 morte
2360 2073 2747 2127 damnarentur
2775 2077 2832 2122 ut
2849 2067 3085 2122 inutiles.
3101 2065 3367 2133 Quoniam
3383 2076 3515 2116 vero

1949 2168 2003 2221 in
2037 2166 2409 2235 sequentibus.
2441 2173 2499 2218 ut
2530 2164 2721 2231 probet
2741 2160 2981 2214 ciconias
3006 2159 3175 2228 magis
3204 2155 3514 2211 hominibus

1948 2259 2070 2327 pias
2125 2272 2267 2321 esse,
2327 2264 2595 2310 memorat
2622 2270 2683 2308 ea
2733 2267 2851 2321 quae
2901 2254 2968 2305 de
3014 2250 3173 2317 hujus
3223 2245 3515 2301 animantis

1951 2359 2107 2418 grato
2138 2349 2321 2403 animo
2365 2348 2417 2401 in
2469 2355 2726 2416 parentes
2779 2357 2982 2410 eosque
3013 2338 3291 2395 nutriendi
3335 2336 3516 2390 studio

1950 2448 2169 2493 narrata
2202 2447 2331 2493 sunt
2356 2456 2371 2504 ;
2409 2439 2475 2491 ad
2498 2437 2602 2491 hoc
2621 2436 2929 2495 dicendum,
2958 2433 3009 2487 id
3037 2445 3141 2485 non
3168 2429 3347 2482 facere
3370 2426 3515 2480 cico-

1950 2531 2067 2584 nias
2105 2528 2264 2582 ollicii
2297 2527 2602 2598 cognitione
2634 2534 2725 2579 aut
2747 2524 2956 2577 ratione
2980 2561 2995 2586 ,
3040 2521 3135 2577 sed
3167 2530 3374 2574 natura
3412 2518 3512 2570 du-

1950 2629 2062 2685 ctu,
2087 2634 2205 2688 qua:
2238 2619 2311 2672 ita
2335 2618 2454 2672 illas
2480 2616 2784 2671 machinata
2819 2625 2923 2679 est,
2972 2622 3032 2667 ut
3058 2612 3221 2667 etiam
3248 2611 3301 2663 in
3327 2609 3514 2663 bestiis

1949 2710 2256 2778 exemplum
2296 2716 2465 2773 esset,
2496 2708 2637 2762 unde
2671 2706 2917 2761 homines
2943 2705 3363 2760 admonerentur
3390 2715 3518 2769 gra-

1952 2803 2081 2855 tiam
2118 2799 2323 2854 referre
2346 2799 2682 2865 parentibus.
2736 2798 2792 2850 Si
2832 2797 2996 2851 sciret
3024 2794 3212 2848 Celsus
3246 2801 3506 2861 quantum

1950 2892 2164 2944 intersit
2198 2891 2531 2944 rationehtec
2564 2890 2717 2953 fiant,
2739 2903 2806 2941 an
2836 2903 2978 2941 caeco
3001 2897 3207 2939 natura:
3232 2885 3511 2945 instinctu,

1952 2996 2224 3048 nunquam
2258 2980 2497 3034 ciconias
2545 2980 2714 3049 magis
2756 2978 3068 3033 hominibus
3108 2976 3225 3046 pias
3268 2990 3389 3030 esse
3429 2976 3514 3029 αισα

1950 3072 2139 3128 λὶκεει.
2165 3071 2356 3125 Postea
2386 3071 2538 3140 quasi
2565 3071 2778 3141 pictatis
2804 3068 3116 3125 animalium
3147 3068 3511 3136 patrocinium

1949 3163 2299 3231 suscepisset,
2330 3164 2395 3216 de
2426 3163 2681 3232 phoenice
2713 3162 2926 3215 Arabiae
2965 3161 3094 3215 alite
3139 3159 3324 3223 refert,
3362 3160 3511 3213 illum

1950 3264 2069 3322 post
2106 3255 2301 3307 multos
2338 3269 2511 3309 annos
2562 3254 2614 3306 in
2651 3253 2943 3324 {Egyptqu
2988 3253 3402 3321 transmigrare,
3445 3266 3512 3306 eo

1950 3342 2093 3395 ferre
2116 3341 2351 3395 defuncti
2382 3343 2553 3411 patris
2569 3358 2768 3412 corpus
2796 3342 2957 3409 globo
2976 3344 3226 3411 nzyrrbeo
3255 3352 3509 3409 tanquam

1947 3433 2196 3500 Sepulcro
2234 3433 2499 3486 inclusum
2524 3474 2537 3495 ,
2573 3434 2807 3501 illudque
2834 3433 2905 3486 ibi
2945 3434 3210 3487 collocare
3241 3433 3328 3486 ubi
3366 3431 3510 3485 Solis

1952 3524 2206 3591 templum
2234 3534 2337 3577 est.
2368 3524 2443 3577 Ita
2476 3525 2748 3593 proditum
2796 3534 2902 3590 est,
2930 3525 3128 3578 fateor.
3159 3524 3265 3577 Sed
3295 3525 3510 3577 etiamsi

1950 3636 2135 3674 verum
2162 3629 2325 3683 esset,
2359 3619 2609 3673 naturale
2656 3626 2834 3670 tamen
2866 3630 2985 3669 esse
3019 3624 3223 3682 potest;
3281 3629 3403 3667 cum
3432 3616 3511 3667 di-

1950 3712 2070 3765 vina
2105 3712 2469 3776 Providentia,
2504 3710 2757 3765 creandis
2791 3716 2937 3761 tanta
2963 3708 3113 3775 copia
3145 3715 3395 3775 tantaque
3419 3722 3513 3757 va-

1949 3804 2139 3857 rietatc
2201 3804 2549 3865 animalibus,
2606 3802 2879 3870 explicare
2927 3799 3235 3854 hominibus
3283 3799 3511 3852 voluerit

1948 3895 2311 3947 diversitatem
2339 3910 2548 3958 rerum,
2582 3910 2646 3949 ex
2678 3894 2877 3964 quibus
2904 3893 3047 3947 hunc
3078 3893 3331 3945 nmndum
3360 3904 3512 3944 com-

1946 3985 2151 4051 posuit;
2184 4002 2303 4053 qua:
2328 3987 2614 4041 diversitas
2642 3987 2808 4042 etiam
2838 3987 2889 4039 in
2922 3987 3114 4039 avibus
3144 3985 3503 4053 conspicitur.

1948 4074 2095 4129 llauc
2121 4077 2286 4145 igitur
2324 4078 2504 4130 alitem
2535 4094 2645 4132 sure
2687 4077 2887 4148 speciei
2917 4078 3131 4132 unicam
3158 4076 3417 4140 condidit,
3452 4085 3511 4128 nt

1947 4181 2052 4219 non
2079 4158 2245 4228 illam,
2277 4171 2368 4221 sed
2397 4170 2515 4235 ejus
2544 4170 2881 4223 conditorem
2914 4170 3327 4223 admiraremur.

277 4259 409 4324 ζῶόν
455 4277 501 4311 τ’
558 4260 841 4330 μονογενὲς
870 4258 1209 4327 ὑπέστησεν,
1258 4258 1343 4310 ἵνα
1390 4258 1490 4309 κάν
1521 4256 1695 4327 τούτῳ
1731 4257 1839 4327 (85)
1899 4263 2094 4331 ποιήσῃ
2151 4262 2527 4332 θαυμασθῆναι
2572 4265 2632 4316 οὐ
2678 4264 2740 4315 τὸ
2786 4263 2945 4327 ζῶον,
2981 4262 3114 4315 ἀλλὰ
3144 4261 3232 4314 τὸν
3280 4275 3510 4328 πεποιη-

281 4354 408 4409 κότα
446 4353 594 4405 αὑτό.

357 4450 503 4502 Ἐπεὶ
552 4445 644 4502 οὖν
685 4448 891 4512 τούτοις
940 4451 1106 4501 πᾶσιν
1156 4449 1405 4518 ἐπιφέρει
1437 4448 1465 4499 ὁ
1500 4445 1701 4508 Κέλσος
1738 4446 1836 4509 τὸ,
1877 4454 1919 4507 ι)

286 4560 303 4592 ι
336 4540 533 4594 Οὔκουν
558 4539 827 4609 ἀνθρώπῳ
860 4540 1151 4611 πεποίηται
1183 4541 1249 4592 τά
1280 4538 1453 4592 πάντα
1487 4538 1620 4605 (86),
1655 4538 1840 4609 ὥσπερ

281 4633 389 4685 οὐδὲ
421 4633 614 4695 λέοντι,
651 4632 768 4684 οὐδὲ
798 4632 975 4701 ἀετῷ,
1006 4632 1125 4684 οῦδὲ
1160 4631 1362 4700 δελφῖνι
1382 4647 1393 4659 ⁸
1432 4629 1544 4682 ἀλλ’
1577 4630 1725 4691 ὅπως
1754 4630 1838 4682 ὅδε

282 4724 519 4793 ὁκόσμος
550 4724 626 4787 ώς
659 4724 725 4777 ἂν
755 4723 888 4777 Θεοῦ
922 4723 1079 4795 ἔργον
1108 4724 1397 4794 ὁλόκληρον
1431 4724 1523 4776 καὶ
1545 4724 1746 4776 τέλειον
1780 4723 1840 4788 ἐξ

285 4814 525 4869 ἁπάντων
544 4815 784 4886 γένηται·
803 4815 991 4869 τούτου
1008 4816 1167 4887 χάριν
1198 4816 1535 4886 μεμέτρηται
1557 4819 1626 4869 τὰ
1660 4815 1837 4868 πάντα

373 5058 458 5131 77)
501 5056 921 5131 Παζεςὶιθιίυεοῑ
954 5059 1288 5131 Spenccrtts,
1304 5060 1436 5131 τάδε
1470 5060 1503 5131 ἦ
1530 5061 1666 5113 τόδε.

371 5128 453 5197 78)
493 5126 603 5181 Καὶ
634 5126 813 5195 ὅρκου
837 5128 1198 5197 ἐλεφάντων.
1234 5129 1397 5189 Plin.,
1430 5126 1521 5183 liii.
1556 5146 1674 5190 vm.
1712 5144 1833 5197 cap.

292 5198 315 5251 l
350 5214 361 5250 :
398 5216 416 5248 ι
458 5198 659 5251 Aliente
688 5212 899 5265 quoque
938 5199 1214 5268 religionis
1240 5199 1512 5253 intellectu
1537 5200 1833 5253 creduntur

295 5269 446 5320 maria
469 5268 750 5321 transituri
770 5283 873 5319 non
906 5277 1028 5321 ante
1058 5283 1220 5323 naves
1251 5270 1641 5330 conscendere,
1672 5283 1834 5334 quam

297 5338 489 5391 invitati
525 5337 752 5390 rectoris
778 5336 1129 5405 jurejurando
1161 5339 1227 5390 de
1262 5338 1458 5390 reditu.
1496 5355 1514 5386 ι
1567 5337 1832 5391 Seancen.

355 5407 460 5541 (i9)
504 5405 838 5460 llmschelius
876 5408 926 5458 in
953 5415 1126 5468 textu,
1157 5406 1518 5474 ταττομένων.

373 5476 457 5541 80)
512 5475 623 5528 Kal
681 5476 907 5541 φόνους
963 5475 1279 5541 ἐποίησαν.
1340 5476 1463 5528 llaec
1514 5498 1518 5524 ι

373 5476 457 5545 80)
512 5475 623 5528 Kal
681 5476 907 5544 φόνους
963 5475 1279 5541 ἐποίησαν.
1340 5476 1463 5528 llznc
1514 5491 1631 5543 quae
1696 5476 1836 5537 apud

298 5542 334 5666 :1
357 5542 641 5664 x'SIchclium
667 5542 1066 5616 etSpeucerum
1091 5546 1300 5609 desunt,
1323 5542 1637 5613 supplentur
1663 5561 1692 5600 e
1717 5545 1839 5599 Phi-

316 5632 351 5665 U‘
369 5634 391 5665 ιι
421 5631 484 5666 9³.

316 5631 484 5667 υτίιΙεῖὶ.

374 5683 454 5749 81)
495 5686 872 5753 Δι’σωπῆσίιι.
914 5683 1045 5738 Male
1075 5683 1224 5737 abest
1255 5699 1281 5735 ει
1313 5683 1622 5742 Pliilucnlia,

374 5757 453 5811 32‘)
489 5757 853 5822 ΜακόίιειὈς.
886 5756 1170 5810 Pliiluraliu
1194 5753 1625 5816 l3:i:1.:vo;.bl«)x
1649 5756 1831 5808 eadem

2018 4450 2105 4504 99.
2137 4450 2261 4504 llazc
2288 4452 2502 4505 tandem
2530 4451 2601 4504 ita
2633 4450 2822 4506 Celsus
2852 4448 3125 4504 concludit
3153 4465 3166 4503 :
3206 4465 3225 4500 ι
3258 4446 3375 4501 Νοιι
3407 4447 3507 4516 igi-

1949 4549 2035 4594 tur
2085 4543 2287 4595 homini
2338 4542 2475 4595 l'acta
2512 4552 2636 4595 sunt
2668 4542 2780 4595 haec
2809 4540 3012 4601 omnia,
3046 4550 3102 4592 ut
3134 4552 3306 4608 neque
3344 4537 3506 4602 Iconi,

1946 4650 2125 4704 neque
2154 4635 2366 4701 aquilm,
2400 4649 2572 4705 neque
2602 4634 2875 4703 delphini;
2920 4634 3011 4688 sed
3037 4644 3093 4685 ιιι
3124 4631 3213 4685 hic
3246 4631 3506 4695 mundus,

1946 4726 2088 4791 quod
2114 4738 2248 4792 opus
2283 4723 2371 4776 Dei
2410 4733 2511 4787 est,
2558 4725 2768 4793 integer
2800 4731 2854 4777 ct
2880 4722 3025 4776 omni
3054 4735 3117 4774 ex
3150 4729 3301 4790 parte
3326 4718 3505 4789 perfe-

1948 4825 2067 4870 ctus
2097 4826 2271 4881 esset;
2323 4827 2655 4886 quapropter
2703 4830 2893 4872 omnes
2937 4815 3051 4883 ejus
3084 4822 3266 4885 partes
3297 4829 3403 4867 non
3433 4812 3507 4866 ita

1943 5060 2270 5131 l‘hilocalia,
2313 5062 2368 5114 τὸ
2413 5060 2655 5131 Ἀράϐων
2685 5061 2837 5126 ζῶον.
2872 5061 2945 5114 De
2979 5060 3229 5131 phmniee
3269 5060 3420 5123 vide,
3459 5062 3509 5119 si

1944 5142 2128 5187 vacat.
2156 5130 2387 5184 Plinium
2423 5130 2512 5186 lib.
2555 5148 2607 5193 κ,
2638 5147 2684 5183 c.
2722 5133 2788 5193 2;
2821 5131 2988 5184 Tueit.
3024 5130 3214 5185 Annal.
3250 5131 3340 5181 lib.
3364 5144 3502 5191 vr,c.

1944 5202 2052 5263 28;
2106 5202 2260 5255 Dion.
2290 5202 2384 5254 lib.
2423 5217 2526 5254 Lvtt
2556 5218 2569 5265 ;
2607 5200 2864 5268 Pompon.
2902 5202 3024 5254 Mel.
3060 5200 3150 5254 lib.
3178 5214 3259 5261 tu,
3292 5214 3408 5262 cap.
3447 5198 3500 5257 8.

2017 5269 2127 5340 (85)
2176 5270 2303 5323 Vide
2325 5270 2648 5324 Herodotum
2684 5271 2774 5323 lib.
2808 5287 2867 5324 It.

2016 5334 2129 5408 (84)
2182 5340 2491 5394 Ἐπιτιθέν.
2542 5340 2709 5393 Recte
2746 5342 2965 5391 omnino
3011 5335 3323 5408 Philot‘alia,
3360 5334 3502 5387 male

1943 5404 2120 5463 autem
2155 5411 2491 5464 llmschelius
2522 5409 2914 5477 etSpencerus,
2940 5404 3269 5477 ἐπιτιθέντα.

2016 5478 2124 5551 (85)
2164 5480 2478 5551 l’ltiloc_alia,
2508 5478 2610 5532 κᾶν
2636 5470 2826 5546 τούτῳ.
2870 5474 3202 5529 Ιιαιεςιιριίιιδ
3230 5482 3286 5525 et
3333 5470 3501 5541 Spettv

1944 5549 2120 5610 Certis,
2152 5551 2244 5603 καὶ
2276 5549 2451 5601 τοῦτο.

2014 5618 2125 5686 (86)
2172 5621 2244 5671 Τὰ
2283 5618 2495 5671 πάντα.
2546 5618 2634 5670 Sic
2670 5612 2995 5677 Philocalia,
3030 5610 3368 5667 llteschelius
3403 5624 3499 5673 au-

1946 5697 2049 5742 tem
2086 5701 2136 5743 ct
2169 5690 2486 5758 Spcncerus,
2522 5686 2712 5739 ταῦτα.
