3986 6164
459 253 597 310 “79

1871 245 2193 304 ORIGENIS

3575 232 3778 290 “80

450 378 779 438 comparate
810 379 934 424 sunt
966 379 1024 421 nt
1053 367 1118 420 ad
1151 381 1210 420 se
1239 366 1493 430 invicem,
1527 366 1629 419 nisi
1672 367 2021 431 secundat-io,

2131 365 2227 416 ούκ
2255 362 2528 432 ἀλλήλων,
2566 361 2677 414 ἀλλ’
2715 361 2762 413 εἰ
2807 359 2880 431 μὴ
2929 360 3034 412 πᾶν
3073 357 3231 428 ἔργον
3266 355 3402 428 (87),
3451 353 3594 408 ἀλλὰ
3625 350 3770 407 τῡῦ

450 462 549 515 sed
575 462 640 515 ad
675 461 986 514 universum
1029 456 1386 511 referrentur.
1417 456 1530 511 lloc
1565 458 1879 512 universum
1911 459 2020 512 Deo

450 565 595 604 curae
625 560 742 612 est;
770 549 896 601 illud
932 561 1207 614 nunquam
1234 546 1574 614 providentia
1609 548 1844 614 deserit;
1877 564 2018 602 nun-

450 658 609 710 quam
657 644 716 695 tit
767 643 1042 704 deterius;
1097 640 1227 693 illud
1260 642 1326 694 ad
1375 656 1433 695 se
1474 655 1579 695 non
1625 652 1844 696 revocat
1881 642 2022 698 Deus

449 734 634 802 elapso
660 732 893 800 quodam
930 742 1207 798 tempore;
1254 746 1526 799 nunquam
1558 733 1869 787 hominibus
1909 733 2020 788 ira-

449 825 643 886 scitur,
678 833 736 875 ut
765 836 942 890 neque
991 821 1191 886 siniiis,
1239 836 1416 890 neque
1450 823 1692 888 muscis;
1747 837 2021 892 nunquam

448 916 554 969 illis
589 915 815 967 intendit
842 915 1035 976 minas,
1069 929 1191 966 cum
1221 929 1558 982 nnaqumque
1613 931 1701 969 res
1753 930 1874 969 eum
1905 931 2022 970 ser-

445 1014 535 1058 vet
567 1005 740 1057 locum
786 1003 839 1056 in
870 1019 978 1069 quo
1001 1003 1268 1057 collocata
1301 1003 1424 1058 fuit.
1468 1025 1485 1056 ι
1527 1006 1735 1070 Quibus
1763 1021 2024 1061 occurra-

448 1112 569 1150 mus
587 1097 799 1164 paucis.
824 1094 999 1164 Supra
1029 1095 1314 1164 probatnm
1346 1096 1582 1150 arbitror
1601 1096 1784 1149 omnia
1803 1105 2024 1166 propter

446 1185 721 1240 hominem
741 1193 793 1240 et
808 1195 1226 1254 propteromnes
1244 1196 1466 1240 naturas
1488 1187 1713 1242 rationis
1734 1189 2025 1257 participes

443 1291 566 1330 esse
596 1276 763 1333 facta.
784 1277 841 1332 Si
871 1293 1000 1348 ergo
1035 1280 1305 1348 praecipue
1329 1289 1551 1347 propter
1580 1281 1780 1334 animal
1813 1281 2025 1334 ratione

443 1369 727 1438 praeditum
753 1370 933 1424 omnia
963 1381 1142 1425 creata
1172 1381 1295 1426 sunt
1333 1410 1348 1437 ,
1391 1383 1550 1441 neget
1583 1371 1772 1427 Celsus
1816 1373 2025 1428 homini

445 1461 620 1529 magis
679 1476 840 1528 quam
883 1459 1022 1514 leoni
1068 1461 1302 1532 aliisque
1334 1462 1402 1514 ab
1444 1477 1509 1516 eo
1544 1464 1880 1518 enumeratis
1908 1464 2028 1517 ani-

447 1554 723 1610 mantibns
739 1561 923 1607 creata
946 1565 1090 1619 esse;
1111 1568 1208 1609 nos
1229 1555 1344 1610 ιιωο
1359 1556 1716 1625 negabimusa
1737 1555 2028 1611 Conditore

446 1641 590 1696 facta
615 1657 736 1726 esse
757 1655 978 1714 prapter
1009 1646 1243 1710 leonem,
1287 1653 1380 1698 aut
1411 1645 1666 1714 aquilam,
1687 1655 1781 1699 aut
1813 1645 2028 1716 delphi-

2129 457 2271 516 ὅλου.
2310 456 2420 509 Καὶ
2456 454 2604 523 μέλει
2631 454 2708 524 τῷ
2740 452 2858 521 Θεῴ
2899 451 2990 504 τοῦ
3027 451 3172 513 ὅλου,
3219 449 3314 502 καὶ
3342 445 3488 500 τοῦτ’
3522 445 3762 498 οὔποτε

2131 548 2417 601 ἀπολείπει
2465 547 2722 617 πρόνοια,
2767 545 2884 596 ούδέ
2937 542 3126 595 κάκιον
3172 541 3399 608 γίνεται,
3448 537 3570 591 οὐδὲ
3631 537 3755 590 διὰ

2129 643 2321 713 χρόνου
2358 641 2493 713 πρὸς
2525 639 2653 692 αὐτὸ
2675 638 2824 708 (88)ὁ
2844 637 2977 698 Θεὸς
3002 633 3337 704 ἐπιστρέφει,
3369 632 3478 685 οὐδ’
3507 630 3754 700 ἀνθρὼ-

2133 749 2249 786 πων
2295 733 2460 786 ἒνεκα
2516 730 2824 801 ὀργίζεται,
2873 727 3061 796 ὥσπερ
3106 726 3228 778 οὐδὲ
3280 723 3559 794 πιθήκων,
3597 722 3746 774 06.5%

2135 825 2309 895 μυιῶν
2331 842 2344 855 ·
2378 825 2500 877 οὐδέ
2531 823 2738 884 τούτοις
2767 819 3003 884 ἀπειλεῖ,
3035 812 3108 871 ὧν
3140 818 3370 870 ἕκαστον
3410 819 3466 868 ἐν
3496 813 3574 884 τῷ
3622 815 3740 883 μέ-

2134 934 2216 991 ρει
2245 918 2343 988 τὴν
2383 915 2545 969 αὐτοῦ
2586 917 2776 985 μοῖραν
2810 912 2999 982 εἴληφε
3024 927 3036 939 ·
3079 930 3096 960 ›
3135 909 3286 978 φέρε,
3324 906 3427 959 κᾶν
3458 905 3742 981 διὰ-βρα-

2131 1008 2272 1077 χέων
2304 1007 2440 1077 πρὸς
2469 1003 2621 1057 ταῦτ’
2652 1004 3054 1070 ἀπαντήσωμεν
3083 998 3214 1069 (89).
3249 992 3414 1065 Οἶμαι
3433 995 3498 1066 δὴ
3524 995 3740 1046 ἀποδε-

2131 1099 2362 1168 δειχέναι
2403 1099 2466 1149 ἐκ
2503 1095 2609 1148 τῶν
2653 1093 3096 1166 προειρημένων,
3147 1088 3265 1151 πῶς
3297 1086 3571 1159 ἀνθρώπῳ
3629 1088 3736 1138 καὶ

2135 1189 2299 1243 παντὶ
2352 1187 2556 1257 λογικῷ
2603 1185 2672 1239 τὰ
2728 1185 2905 1238 πάντα
2962 1182 3291 1251 πεποίηται·
3370 1179 3734 1248 προηγουμέ-

2133 1299 2238 1344 νως
2285 1280 2392 1352 (90)
2438 1279 2546 1350 γὰρ
2577 1277 2664 1331 διὰ
2704 1277 2765 1329 τὸ
2805 1274 3020 1342 λογικὸν
3053 1273 3190 1337 ζῶον
3225 1271 3293 1324 τὰ
3347 1270 3524 1324 πάντα
3567 1269 3732 1337 6567,—

2137 1371 2484 1443 μιούργηται.
2513 1368 2717 1432 Κέλσος
2753 1368 2848 1438 μὲν
2887 1363 2980 1419 οὖν
3004 1365 3208 1432 λεγέτω
3227 1406 3239 1429 ,
3271 1366 3353 1417 ὅτι
3380 1364 3479 1415 οὐκ
3503 1364 3726 1434 ἀνθριέρο

2135 1482 2241 1535 πιρ,
2267 1465 2342 1526 ὼς
2373 1463 2494 1516 οὐδὲ
2525 1461 2695 1513 λέοντι
2729 1459 2872 1530 (91),
2907 1457 3014 1511 οὐδ’
3048 1451 3128 1520 οἷς
3169 1456 3447 1526 ὀνομάζει*
3478 1457 3644 1524 ἡμεῖς
3678 1456 3723 1506 δ’

2135 1556 2390 1627 ἐροῦμεν,
2432 1555 2492 1606 οὐ
2537 1553 2707 1605 λέοντι
2734 1554 2762 1605 ὁ
2791 1549 3134 1622 Δημιουργὸς
3155 1590 3169 1613 ,
3213 1549 3333 1602 οὐδὲ
3381 1548 3528 1618 ἀετῷ
3551 1588 3566 1611 ,
3599 1547 3724 1601 οὐδὲ

2133 1649 2336 1717 δελφῖνι
2372 1645 2542 1699 ταῦτα
2575 1644 2873 1714 πεποίηκεν
2893 1659 2907 1672 ·
2952 1641 3086 1695 ἀλλὰ
3134 1641 3313 1694 πάντα
3357 1640 3445 1693 διὰ
3476 1640 3539 1692 τὸ
3569 1639 3722 1706 λογι-

447 1747 570 1787 nem
591 1751 604 1800 ;
627 1725 870 1791 dicemus
891 1735 1004 1792 haec
1023 1736 1204 1792 omnia
1225 1751 1408 1791 creata
1427 1752 1546 1792 esse
1577 1747 1804 1805 propter
1825 1739 2024 1792 animal

2133 1741 2227 1793 κὸν
2268 1737 2424 1801 ςῶον,
2464 1737 2588 1790 «καὶ
2631 1736 2777 1798 ὅπως
2801 1734 2880 1802 (ἂν
2909 1734 2994 1787 ὅδε
3033 1736 3061 1786 ὁ
3100 1733 3304 1803 κόσμος
3341 1731 3415 1794 ὡς
3453 1731 3526 1809 ξεν
3579 1728 3719 1782 Θεοῦ

449 1821 611 1892 577
658 1825 882 1880 rationis
929 1840 1187 1893 compos,
1241 1845 1258 1876 ι
1287 1835 1427 1879 etut
1460 1825 1548 1879 hic
1595 1826 1847 1888 mundus,
1879 1826 2022 1893 quod

445 1928 585 1981 opus
635 1913 733 1969 Dei
779 1927 893 1982 est,
949 1915 1161 1986 integer
1189 1924 1244 1970 et
1285 1915 1433 1971 omni
1469 1929 1532 1970 ex
1567 1924 1720 1983 parte
1747 1915 2025 1985 perfectus

449 2013 618 2058 esset.
652 2025 671 2058 ι
707 2006 862 2062 Dicto
897 2006 1039 2061 enim
1072 2016 1181 2061 tam
1215 2007 1442 2076 pulchro
1481 2008 1889 2063 assentiendum
1917 2018 2019 2064 est.

445 2093 607 2150 Curre
658 2104 838 2150 autem
887 2104 970 2152 est
1018 2097 1128 2152 Deo
1186 2113 1294 2152 non
1340 2099 1514 2152 solum
1566 2098 1911 2163 universum,
1966 2109 2023 2151 ut

447 2187 706 2256 Opinatur
759 2187 970 2252 Celsus,
1029 2189 1121 2244 sed
1169 2205 1277 2259 pra:
1307 2191 1564 2243 universo
1597 2200 1787 2243 natura
1818 2192 2025 2244 ratione

445 2278 696 2348 praedita.
755 2278 866 2335 Nec
910 2295 1148 2350 unquam
1198 2281 1610 2335 universitatem
1645 2281 1849 2334 deserit
1894 2282 2022 2334 Pro-

445 2369 710 2430 videntia.
749 2368 882 2425 Nam
930 2370 1032 2426 etsi
1084 2372 1269 2440 aliqua
1312 2371 1434 2440 ejus
1479 2387 1606 2440 pars
1646 2374 1887 2426 deterior
1931 2374 2025 2426 liat

443 2469 666 2529 propter
698 2472 907 2515 natura?
946 2461 1298 2530 intelligentis
1346 2474 1629 2530 peccatum
1655 2501 1670 2526 ,
1727 2472 1884 2515 curat
1953 2474 2008 2516 ut

447 2561 733 2621 purgetur,
773 2551 1027 2621 Deusque
1061 2564 1210 2606 certo
1245 2560 1366 2621 post
1415 2562 1658 2620 tempore
1712 2553 2024 2606 universum

445 2657 630 2698 secum
684 2643 894 2698 reducit
952 2643 1007 2698 in
1064 2644 1319 2712 gratiam.
1381 2640 1570 2712 Neque
1621 2643 1788 2696 etiam
1849 2643 2025 2697 simiis

444 2735 716 2790 muscisve
768 2736 1054 2801 irascitur;
1097 2738 1190 2789 sed
1244 2735 1442 2804 infligit
1484 2750 1672 2803 poenas
1716 2735 2026 2791 hominibus

448 2827 540 2894 qui
579 2826 725 2896 leges
753 2835 959 2880 naturae
987 2825 1218 2887 violant,
1256 2824 1468 2894 illisque
1497 2841 1592 2893 per
1636 2827 1930 2895 prephelas
1970 2834 2026 2879 et

447 2915 790 2970 Salvatorem
825 2918 916 2984 qui
957 2917 1104 2969 inter
1132 2915 1380 2968 homines
1412 2918 1599 2983 venit,
1652 2919 1885 2971 intentat
1929 2919 2026 2970 mi-

446 3019 590 3068 nas;
624 3005 783 3071 idque
816 3012 873 3056 ut
898 3004 991 3073 qui
1022 3001 1228 3055 dociles
1251 3016 1308 3055 se
1334 3003 1672 3070 praebebunt,
1712 3003 1935 3056 redeant
1970 3004 2022 3056 in

443 3096 627 3159 viam;
660 3096 749 3163 qui
784 3109 912 3148 vero
958 3103 1310 3150 contemnent
1344 3094 1463 3150 illos
1492 3095 1735 3149 melioris
1768 3095 1892 3149 vitae
1922 3096 2020 3149 sti-
2052 3071 2093 3128 C

443 3185 658 3248 mulos,
695 3185 729 3238 ii
777 3200 968 3254 poenas
1021 3185 1436 3255 lnant,quibus
1486 3187 1654 3240 Deum
1691 3187 1878 3252 decet,
1928 3202 2024 3256 pro

441 3291 542 3332 sua
579 3275 948 3330 universitatis
991 3275 1138 3332 bono
1171 3277 1487 3332 consulendi
1539 3277 1851 3345 voluntate,
1906 3279 2026 3334 illos

447 3368 666 3423 allicere
698 3369 788 3436 qui
838 3377 983 3422 tanta
1044 3379 1263 3438 tamque
1310 3369 1583 3424 laboriosa
1635 3371 1921 3424 curatione
1972 3381 2026 3424 et

443 3463 786 3516 corrcCtione
829 3460 1094 3529 indigent.
1161 3460 1267 3515 Sed
1308 3459 1466 3527 hujus
1519 3462 1699 3530 quarti
1743 3461 1865 3516 libri
1909 3462 2025 3530 jam

439 3554 588 3623 justa
613 3563 695 3607 est
724 3553 920 3609 moles.
947 3552 1318 3631 Quare_ﬁnem
1345 3553 1434 3608 bic
1457 3555 1590 3608 mihi
1619 3553 1832 3609 dicendi
1862 3554 2022 3608 facio.

441 3645 602 3698 Faxit
626 3647 764 3699 Deus
797 3660 892 3714 per
912 3659 1068 3699 suum
1098 3644 1319 3712 Filium,
1353 3645 1446 3714 qui
1475 3653 1560 3700 est
1596 3644 1738 3700 Deus
1763 3645 2020 3708 Verbum,

445 3738 755 3805 sapientia,
792 3739 1026 3801 veritas,
1075 3736 1290 3806 justitia
1325 3739 1371 3771 "°
1411 3748 1466 3792 et
1512 3739 1779 3808 quidquid
1833 3752 2022 3793 sacra-

445 3841 567 3880 rum
603 3826 1008 3894 Scripturarum
1052 3829 1324 3897 theologia
1361 3830 1428 3883 de
1458 3829 1547 3884 illo
1583 3832 1841 3898 praadicat
1864 3872 1880 3896 ,
1933 3842 2024 3897 ut,

445 3915 565 3984 ejus
593 3915 771 3970 Verbo
820 3927 1060 3972 nostram
1107 3919 1343 3972 animam
1379 3919 1721 3986 illustrante,
1775 3923 2024 3988 quintum

443 4007 642 4063 librum
685 4009 967 4063 ordiamur
996 4021 1052 4064 et
1087 4009 1432 4066 absolvamus
1479 4010 1713 4067 feliciter
1741 4021 1796 4067 et
1837 4014 1905 4067 ad
1953 4014 2030 4068 le-

445 4108 660 4156 ctorum
692 4101 982 4156 utilitatem
1029 4103 1458 4158 accommodate.

516 4369 562 4402 '°
594 4368 752 4427 Joan.
796 4385 834 4436 ι,
872 4370 923 4434 l;
960 4385 1070 4435 xw,
1100 4367 1154 4433 6,
1184 4379 1235 4425 et
1268 4370 1281 4422 l
1309 4369 1436 4425 Cor.
1467 4386 1509 4435 ι,
1539 4369 1629 4426 50.
1689 4380 1696 4386 ’

2127 1832 2286 1902 ἔργον
2341 1828 2628 1900 ὁλόκληρον
2655 1825 2749 1878 καὶ
2793 1824 2994 1878 τέλειον
3028 1823 3087 1888 ἐξ
3132 1823 3385 1876 ἁπάντων
3408 1823 3657 1891 γένηται,
3694 1842 3714 1872 ι

2129 1924 2315 1994 Τούτῳ
2371 1922 2480 1993 γὰρ
2513 1917 2946 1984 συγκαταθετέον
2995 1917 3070 1980 ὡς
3129 1917 3282 1985 (92)
3334 1915 3510 1978 καλῶς
3562 1918 3718 1985 εἰρη-

2127 2014 2290 2085 μένῳ.
2353 2012 2520 2066 Μέλει
2581 2009 2642 2062 δὲ.
2693 2007 2772 2077 τῷ
2831 2005 2949 2076 Θεῴ
2997 2007 3132 2074 οὐχ,
3191 2004 3263 2069 ὼς
3329 2005 3535 2066 Κέλσος
3604 2006 3720 2056 οἴε-

2125 2121 2250 2166 ται,
2297 2101 2461 2172 μόνου
2496 2097 2587 2150 τοῦ
2628 2095 2750 2150 ὅλου
2773 2136 2786 2160 ,
2820 2093 2957 2148 ἀλλὰ
2989 2092 3141 2164 παρὰ
3171 2092 3230 2144 τὸ
3264 2093 3382 2145 ὅλον
3416 2091 3716 2164 ἐξαιρέτως

2127 2194 2328 2256 παντὸς
2352 2188 2589 2259 λογικοῦ.
2627 2188 2738 2241 Καὶ
2768 2186 3024 2240 οὐδέποτε
3073 2183 3379 2260 ἀπολείψει.
3399 2183 3633 2254 Πρόνοια
3653 2183 3718 2236 τὸ

2127 2286 2274 2338 ὅλον’
2309 2283 2584 2352 οἰκονομεῖ
2609 2281 2717 2350 γὰρ
2752 2279 2877 2348 (κᾶν
2904 2278 3094 2332 κάκιον
3122 2277 3340 2350 γίνηται
3368 2277 3501 2348 (95),
3535 2277 3627 2329 διὰ
3653 2276 3717 2328 τὸ

2127 2375 2343 2444 λογικὸν
2377 2372 2712 2443 ἁμαρτάνον,
2752 2370 2918 2440 μέρος
2979 2387 3029 2421 τι
3087 2367 3182 2421 τοῦ
3218 2368 3363 2439 ὅλου)
3417 2368 3716 2437 καθάρσιον

2129 2463 2290 2518 αὐτοῦ
2331 2465 2526 2524 ποιεῖν,
2573 2462 2668 2515 καὶ
2710 2460 2800 2513 διὰ
2847 2461 3038 2532 χρόνου
3073 2461 3422 2531 ἐπιστρέφειν
3480 2460 3540 2512 τὸ
3595 2460 3712 2512 ὅλον

2129 2557 2263 2626 πρὸς
2308 2553 2519 2607 ἑαυτόν.
2572 2551 2711 2606 Ἀλλ’
2745 2551 2864 2604 οὐδὲ
2889 2552 3138 2622 πιθήκων
3169 2552 3265 2624 μὲν
3301 2553 3462 2606 ἕνεκα
3495 2552 3706 2628 ὀργίζε-

2126 2664 2215 2700 ται
2251 2646 2369 2699 οὐδὲ
2409 2644 2614 2716 μυιῶν’
2660 2641 2968 2713 ἀνθρώποις
3013 2643 3069 2697 δὲ
3107 2645 3336 2712 ἐπάγει,
3388 2645 3483 2698 ἅτε
3529 2662 3707 2715 παρα-

2127 2737 2256 2790 ϐᾶσι
2292 2737 2389 2800 τὰς
2449 2735 2682 2806 φυσικὰς
2716 2737 3001 2806 ἀφορμὰς,
3029 2734 3184 2805 δίκην
3219 2735 3314 2789 καὶ
3349 2736 3591 2798 κόλασιν,
3621 2737 3709 2788 καὶ

2127 2827 2335 2890 τούτοις
2369 2827 2456 2881 διὰ
2499 2827 2793 2899 προφητῶν
2839 2827 3082 2890 ἀπειλεῖ,
3132 2826 3226 2880 καὶ
3275 2825 3363 2880 διὰ
3396 2826 3490 2881 τοῦ
3527 2827 3708 2895 ἐπιὴ-

2131 2919 2402 2990 μήσαντος
2437 2918 2543 2988 ὅλῳ
2593 2919 2669 2995 τῷ
2719 2919 2867 2987 γένει
2921 2917 3027 2970 τῶν
3073 2917 3376 2988 ἀνθρώπων
3423 2918 3704 2988 Σωτῆροςο

2128 3009 2214 3060 ἵνα
2239 3008 2327 3061 διὰ
2353 3008 2450 3078 τῆς
2485 3007 2709 3078 ἀπειλῆς
2744 3006 3120 3078 ἐπιστραφῶσι
3157 3009 3256 3077 μὲν
3285 3010 3334 3059 οἱ
3357 3007 3707 3070 ἀκούσαντες,

2127 3099 2174 3150 οἱ
2209 3097 2266 3150 δὲ
2299 3098 2672 3169 ἀμελήσαντες
2718 3097 2822 3149 τῶν
2868 3097 3304 3167 ἐπιστρεπτικῶν
3338 3097 3514 3165 λόγων
3559 3097 3708 3161 δίκας

2128 3190 2247 3242 κατ’
2282 3188 2438 3251 ἀξίαν
2469 3189 2710 3256 τίσωσιν,
2743 3189 2807 3253 ἃς
2836 3189 3044 3259 πρέπον
3081 3190 3212 3241 Θεὸν
3237 3189 3538 3242 ἐπιτιθέναι
3573 3192 3708 3243 κατὰ

2129 3281 2190 3333 τὸ
2225 3279 2418 3334 ἑαυτοῦ
2447 3281 2554 3351 (94)
2593 3281 2980 3350 συμφερόντως
3014 3279 3088 3350 τῷ
3123 3281 3285 3333 παντὶ
3321 3280 3570 3351 βούλημα
3603 3285 3710 3343 τοῖς

2129 3371 2382 3442 τοιαύτης
2420 3372 2510 3424 καὶ
2560 3371 2731 3434 οὕτως
2783 3372 3036 3424 ἐπιπόνου
3087 3371 3359 3441 δεομένοις
3416 3371 3709 3441 Θεραπεξας

2132 3465 2224 3518 καὶ
2261 3463 2616 3536 διορθώσεως.
2663 3463 2822 3517 Ἀλλὰ
2854 3463 2962 3535 γὰρ
2997 3465 3090 3517 καὶ
3127 3463 3217 3517 τοῦ
3253 3464 3510 3534 τετάρτου
3544 3465 3708 3533 τόμου

2133 3556 2380 3626 αὐτάρκη
2425 3555 2772 3626 περιγραφὴν
2813 3553 3124 3623 εἰληφότος,
3152 3552 3338 3604 αὐτοῦ
3390 3569 3492 3604 που
3548 3569 3710 3604 κατα-

2134 3624 2436 3712 παύσωμεν
2453 3643 2563 3712 (95)
2598 3644 2690 3696 τὸν
2723 3643 2899 3711 λόγον.
2933 3643 3065 3706 Θεὸς
3093 3643 3149 3696 δὲ
3178 3644 3292 3715 δοίη
3330 3644 3417 3697 διὰ
3451 3644 3544 3697 τοῦ
3584 3643 3704 3696 Υἱοῦ

2134 3735 2319 3796 αὐτοῦ,
2353 3735 2410 3796 ὃς
2447 3735 2561 3786 ἐστι
2588 3733 2719 3796 Θεὸς
2747 3717 2919 3804 λόγος
2941 3776 2954 3799 ,
2981 3735 3076 3788 καὶ
3117 3735 3306 3804 σοφία,
3343 3736 3436 3788 καὶ
3463 3735 3702 3807 ἀλήθεια,

2095 3823 2102 3827 ’
2130 3827 2225 3878 καὶ
2256 3825 2592 3897 δικαιοσύνη,
2630 3826 2722 3880 καὶ
2750 3829 2858 3881 πᾶν
2890 3829 2917 3881 ὅ
2949 3846 3001 3881 τι
3034 3829 3165 3881 ποτὲ
3203 3827 3548 3896 θεολογοῦσαι
3583 3827 3702 3896 περὶ

2131 3918 2296 3972 αὑτοῦ
2345 3935 2508 3987 φασιν
2546 3920 2686 3991 ἱεραὶ
2721 3920 2938 3990 Γραφαὶ
2971 3919 3103 3990 (96),
3140 3919 3406 3991 ἄρξασθαι
3434 3921 3580 3989 ἡμᾶς
3614 3919 3700 3970 καὶ

2132 4009 2225 4062 τοῦ
2262 4009 2516 4080 πέμπτου
2551 4012 2740 4082 τόμου,
2776 4011 2860 4062 ἐπ’
2882 4011 3118 4082 ὠφελείᾳ
3147 4011 3254 4064 τῶν
3289 4009 3695 4080 ἐντευξομένων,

2134 4101 2228 4154 καὶ
2257 4100 2502 4156 διανῦσαι
2532 4104 2804 4165 κάκεῖνον,
2830 4103 2966 4173 μετὰ
2989 4102 3090 4172 τῆς
3121 4102 3215 4154 τοῦ
3234 4102 3406 4170 Λόγου
3435 4099 3596 4154 αὐτοῦ
3625 4101 3696 4164 εἰς

2135 4193 2233 4262 τὴν
2261 4193 2537 4267 ἡμετέραν
2571 4193 2748 4264 ψυχὴν
2783 4195 3105 4265 ἐπιδημίας,
3142 4192 3342 4257 καλῶς.

516 4527 628 4599 (87)
679 4526 830 4579 Ἀλλ’
865 4526 917 4577 ει
939 4525 1024 4599 ιιὴ
1055 4523 1178 4579 πᾶν
1195 4525 1392 4599 ἔργον.
1426 4523 1550 4579 Haec
1594 4539 1622 4577 a
1643 4523 2022 4599 _Geleuio_non

2131 4523 2364 4599 Οριὸπῳ,
2387 4525 2505 4578 οὐδὲ
2532 4525 2727 4599 λέοντι».
2747 4593 2759 4599 _
2782 4516 2790 4523 ’

445 4593 1155 4667 agnoscuntur,_et;Gnieto
1187 4593 1440 4667 videntur
1467 4593 1739 4663 superﬂua
1766 4611 1780 4661 ;
1819 4595 2022 4650 Bober.

444 4663 623 4735 autem
655 4665 804 4735 legit,
843 4663 956 4717 ἀλλ’
993 4667 1040 4735 ει
1079 4664 1153 4734 μὴ
1187 4665 1483 4735 πάρεργον.

515 4734 628 4803 (88)
660 4733 816 4800 Πρὸς
833 4735 998 4787 αὑτό.
1023 4732 1162 4803 Lege
1185 4732 1304 4786 curn
1337 4732 1620 4788 Boherello
1654 4733 1790 4803 πρὸς
1823 4733 2020 4798 αὐτόν,

445 4801 533 4858 vel
556 4801 692 4874 πρὸς
722 4804 932 4874 ἑαυτόν,
968 4805 1049 4874 sic
1084 4801 1226 4874 enim
1251 4804 1408 4874 infra
1434 4803 1686 4874 habetur,
1706 4801 1804 4874 διὰ
1830 4803 2024 4874 χρόνου

441 4871 791 4943 ἐπιστρέφειν
832 4873 892 4943 τὸ
938 4873 1058 4926 ὅλον
1083 4873 1217 4942 πρὸς
1242 4873 1451 4925 ἐαυτὸν.
1488 4871 1605 4943 Mox
1637 4871 2023 4943 Philocalia,’6

443 4942 576 5005 Θεὸς
610 4941 1109 5012 ’ἐπιστρέψειηῌοιι
1131 4941 1306 4996 inulto
1341 4952 1484 5011 post,
1517 4942 1638 4994 οὐδέ
1673 4941 1866 5010 μυιῶν,
1901 4942 2022 4995 οὐδὲ

441 5012 652 5083 τούτοις
674 5009 928 5083 (ἀπειλεῖ.
952 5009 1311 5083 γΗαξεοὶιθιὶιιε
1341 5009 1400 5066 ἶιι
1461 5022 1608 5083 textu
1635 5051 1650 5076 ,
1679 5009 1818 5083 ίοὺδέ
1867 5013 2018 5083 μυῶν

440 5082 562 5136 οὐδὲ
593 5081 796 5135 τούτων
818 5082 1048 5135 ἀπειλεῖ.
1088 5083 1411 5151 Spenccrus,
1438 5081 1559 5135 οὐδέ
1588 5082 1735 5152 μυῶν
1756 5081 1877 5136 οὑδέ
1897 5081 2020 5136 τού-

440 5169 556 5215 τοις
588 5152 822 5206 ἀπειλεῖ.

513 5222 624 5304 (89)
668 5221 1027 5304 Ηωεοιιθικίη
1077 5231 1261 5304 legato,
1304 5221 1449 5277 τοῦτ’
1478 5223 1902 5295 ἁπαντήσωμεν.
1952 5221 2021 5278 Et

441 5289 566 5348 mox
585 5289 885 5363 iin_lnarg.,
905 5289 1057 5363 οἶμαι
1091 5292 1168 5346 δέ.

513 5362 627 5436 (QQ)
664 5361 808 5436 idem
822 5361 916 5436 ίὶιιΔ
930 5361 1098 5436 textu,
1124 5380 1355 5436 προειρη
1367 5365 1563 5436 μένως.

512 5431 627 5513 (9t)
670 5432 1011 5490 llwschelius
1040 5443 1095 5491 et
1118 5431 1455 5506 Stiche—erus,
1494 5437 1577 5490 ὅτι
1609 5433 1780 5498 οὕτως
1812 5435 1910 5488 οὐκ
1934 5436 2021 5490 ἁν-

2014 5618 2084 5634 οὐ-

2344 4581 2409 4717 ἸΙιι
2442 4606 2600 4650 antea
2632 4593 2792 4651 editis
2824 4595 3012 4661 deest,
3046 4593 3154 4659 ὡς,
3187 4594 3330 4664 quod
3363 4591 3640 4664 suppletur
3665 4606 3695 4646 e

2197 4683 2230 4718 ὶΙ
2258 4681 2357 4718 003
2386 4682 2458 4718 In.

2197 4681 2458 4718 lllOCﬂllﬂo

2201 4735 2317 4805 (95)
2361 4734 2956 4807 Ρὶιίὶοοειιῑιιηγένηται.
2996 4734 3165 4791 Paulo
3190 4734 3329 4791 infra
3356 4735 3691 4790 llmscbel.et

2131 4805 2414 4874 Spenccr.,
2451 4805 2590 4874 οὐδὲν
2610 4806 2782 4874 μυῶν.
2835 4805 2843 4807 ἡ
3200 4815 3209 4824 ⁸

2200 4873 2310 4944 (94)
2346 4875 2506 4928 Κατὰ
2537 4873 2874 4940 τὸίέαυτοῦ,
2909 4883 3012 4929 etc.
3066 4874 3140 4929 lla
3183 4885 3327 4929 recte
3366 4873 3689 4944 Pliilocalia,

2127 4942 2494 4998 male'autein
2539 4944 2879 5000 lltesdhelius
2921 4955 2973 5000 et
3017 4944 3358 5013 Spencerus,
3406 4946 3545 4998 κατὰ
3590 4942 3692 4995 τῶν

2125 5013 2316 5086 ἑαυτοῦ
2351 5015 2738 5086 συμφερόντως
2763 5015 2841 5085 τῷ
2871 5015 3030 5069 παντὶ
3065 5014 3380 5085 βουλήματι.

2198 5085 2310 5152 (95)
2353 5083 2698 5140 ΗὼδιεὶιθΙίιιε
2729 5095 2781 5138 et
2815 5083 3147 5154 Speucerus,
3181 5083 3621 5154 καταπαύσομεν.

2346 5155 2744 5228 Θερλργοῦσαι
2767 5156 2897 5222 περὶ
2926 5154 3116 5228 -ιιὺτρῦ
3147 5155 3511 5228 φασιν-ζεραὶ
3543 5155 3691 5228 Γρα-

2125 5224 2250 5294 φαῖ.
2288 5224 2385 5281 ἐἰς
2412 5225 2731 5288 Pliilocalia,
2758 5238 2810 5278 et
2835 5225 2995 5279 codd.
3032 5225 3232 5295 Regius
3262 5234 3314 5295 et
3339 5224 3688 5295 Basilcensis.

2130 5291 2468 5350 Hmschelius
2495 5305 2675 5348 autem
2701 5303 2756 5348 et
2797 5291 3137 5366 Speuccrus,‘
3163 5293 3290 5366 περὶ
3321 5293 3482 5347 αὐτοῦ
3512 5291 3689 5346 Θεολο-

2125 5366 2309 5434 γοῦσιν
2339 5369 2393 5420 αἱ
2427 5365 2568 5428 ἱεραὶ
2595 5364 2826 5434 Γραφαί.
