3986 6164
320 326 469 384 “8!

1468 327 1752 384 CONTRA
1793 327 2067 384 CELSUM
2102 327 2230 384 LIB.
2288 325 2352 382 V.

3456 331 3596 389 “8‘2

951 641 1795 758 ΩΡΙΓΕΝΟΥΣ
1851 644 2272 757 ΚΑΤΑ
2349 635 2970 758 ΚΕΛΣΟΥ

1417 865 1798 956 ΤΟΜΟΣ
1835 863 2412 953 ΠΕΜΠΤΟΣ.

561 1199 1146 1342 ORICENIS
1219 1199 1700 1294 CONTRA
1775 1197 2240 1293 CELSUM
2316 1195 2682 1287 LIBER
2753 1199 3339 1304 QUINTUS.

394 1539 470 1592 υς,
500 1536 599 1608 τὴν
633 1531 1086 1604 ἀπηγορευμένην
1107 1530 1430 1599 πολυλογίαν
1458 1527 1892 1601 μεταδιώκοντες,

2080 1529 2132 1586 1.
2171 1528 2327 1593 Quod
2373 1529 2486 1596 jam
2524 1529 2770 1598 quintum
2801 1537 2994 1584 contra
3033 1529 3174 1586 Celsi
3227 1534 3587 1604 conscriptioa

283 1631 415 1700 ’ἀφ’
450 1627 518 1701 ἦς
547 1629 646 1680 οὐκ
681 1625 794 1678 ἐστι
829 1627 1020 1693 φυγεῖν
1050 1625 1147 1694 τὴν
1178 1624 1473 1695 ἁμαρτίαν,
1507 1623 1605 1693 ἤδη
1655 1621 1902 1690 πέμπτου

233 1776 236 1779 ,
316 1719 608 1794 ἀρχόμεθα
636 1717 842 1788 βιϐλίου
878 1716 1016 1786 πρὸς
1041 1716 1102 1767 τὸ
1136 1715 1346 1767 Κέλσου
1381 1713 1749 1783 σύγγραμμα,
1792 1712 1904 1780 ἱερέ

329 1811 626 1883 Ἀμὸρόσιε
646 1828 658 1840 ο
683 1809 817 1872 ἀλλ’,
846 1809 946 1877 ὅση
972 1806 1227 1877 δύναμις,
1256 1803 1582 1876 πειρώμενοι
1611 1801 1774 1872 μηδὲν
1795 1799 1904 1852 τῶν

317 1906 412 1958 ὑπ’
452 1901 616 1956 αὑτοῦ
665 1899 968 1970 λεχθέντων
1028 1898 1320 1971 παρελθεῖν
1355 1896 1747 1958 ἀϐασάνιστον,
1807 1894 1903 1946 καὶ

319 1997 558 2069 μάλιστα
585 1998 640 2048 ἐν
668 1989 748 2058 οἷς
779 1994 927 2061 δόξαι
955 1995 1019 2049 ἄν
1039 2010 1146 2046 τισι
1183 1990 1418 2054 συνετῶς
1443 1989 1600 2060 ἡμῶν
1629 1987 1726 2040 καὶ
1770 1989 1900 2041 Ἰου-

313 2088 481 2141 δαίων
518 2088 973 2158 κατηγορηκέναι.
1028 2086 1136 2138 Καὶ
1185 2087 1231 2138 εἰ
1270 2085 1370 2156 μὲν
1417 2079 1526 2136 οἷόν
1575 2084 1621 2136 τ’
1659 2078 1726 2154 ἦν
1763 2080 1902 2151 μετὰ

313 2177 410 2231 τοῦ
447 2177 602 2246 λόγου
627 2177 936 2231 εἰσελθόντα
971 2177 1081 2248 (97)
1123 2179 1202 2240 είς
1233 2177 1330 2248 τὴν
1365 2176 1564 2240 παντὸς
1595 2176 1902 2231 οὑτινοσοῦν

315 2269 622 2340 συνείδησιν
653 2269 759 2324 τῶν
795 2270 1227 2340 ἐντυγχανόντων
1260 2269 1337 2340 τῷ
1371 2269 1579 2323 ἐκείνου
1602 2271 1902 2342 ,συγγράμ-

315 2377 487 2429 ματι,
543 2359 774 2413 ἕκαστον
821 2359 1108 2426 ἐξελκύσαι
1154 2359 1306 2429 βέλος
1337 2359 1637 2431 τιτρῶσκον
1691 2362 1782 2414 τὸν
1839 2363 1900 2415 οὐ

310 2454 492 2524 πάντη
535 2446 942 2524 ’πεφραγμένον
994 2455 1060 2522 τῇ
1102 2451 1375 2523 πανοπλίᾳ
1437 2452 1530 2504 τοῦ
1587 2452 1750 2517 Θεοῦ,
1805 2455 1900 2506 καὶ⁹

313 2545 584 2598 ἐπιθεῖναι
619 2545 837 2613 λογικὸν
871 2544 1184 2614 φάρμακον,
1210 2543 1509 2615 θεραπεῦον
1539 2546 1599 2597 τὸ
1633 2546 1738 2598 ἀπὸ
1764 2545 1900 2598 Κέλ-

315 2654 411 2689 σου
449 2635 701 2708 τραῦμα,
740 2636 926 2689 ποιοῦν
965 2636 1038 2707 μὴ
1078 2656 1094 2685 ι
1121 2637 1384 2703 ὑγιαίνειν
1417 2640 1482 2707 τῇ
1515 2637 1696 2689 πίστει
1722 2657 1738 2686 ι
1771 2638 1897 2702 τοὺς

316 2727 684 2796 προσέχοντας
749 2726 913 2779 αὑτοῦ
965 2729 1074 2788 τοῖς
1109 2726 1325 2793 λόγοις·
1385 2725 1526 2778 τοῦτ’
1572 2725 1636 2779 ἂν
1671 2728 1898 2797 πεποιή-

310 2833 523 2887 ιειμενο
549 2818 671 2870 ἐπεὶ
703 2817 756 2870 δὲ
782 2817 940 2870 τοῦτο
977 2818 1073 2888 μὲν
1104 2817 1237 2869 Θεοῦ
1267 2816 1425 2888 ἔργον
1453 2817 1618 2879 ἐστὶν,
1652 2820 1898 2888 ἀοράτως

309 2909 596 2979 ἐπιδημεῖν
639 2907 867 2961 κατᾶτὸ
894 2908 1085 2961 ἑαυτοῦ
1119 2908 1334 2979 πνεῦμα
1364 2909 1500 2979 μετὰ
1533 2909 1623 2962 τοῦ
1652 2910 1894 2980 πνεύμα-

308 3018 400 3063 τος
434 2999 694 3072 Χριστοῦ,
725 2996 806 3064 οἷς
847 2999 1022 3070 κρίνει
1058 3000 1168 3052 δεῖν
1196 2998 1508 3069 ἐπιδημεῖν·
1546 3002 1678 3070 ἡμῖν
1711 3000 1766 3052 δὲ
1809 3000 1896 3053 διὰ

308 3093 481 3162 λόγων
525 3095 619 3147 καὶ
674 3095 1120 3165 συγγραμμάτων
1165 3094 1530 3166 πειρωμένοις
1577 3094 1894 3166 ἀνθρώπους

311 3189 668 3250 πιστοποιεῖν,
718 3188 1002 3256 πρόκειται
1037 3187 1213 3240 πάντα
1247 3189 1426 3240 ποιεῖν
1457 3187 1596 3257 ὑπὲρ
1631 3187 1721 3240 τοῦ
1763 3205 1896 3258 χρη-

315 3275 536 3344 ματίσαι
575 3295 591 3326 ι
619 3277 854 3345 ἐργάτας
893 3277 1350 3346 ἀνεπαισχύντους
1378 3277 1510 3348 (98),
1542 3277 1897 3350 ὀρθοτομοῦν-

307 3383 408 3429 τας
457 3367 544 3420 τὸν
595 3367 750 3435 λόγον
806 3368 903 3438 τῆς
938 3368 1222 3438 ἀληθείας·
1257 3389 1276 3420 ι
1323 3368 1381 3422 ἓν
1435 3369 1492 3421 δὲ
1516 3369 1623 3422 τῶν
1677 3371 1895 3423 πάντων

311 3453 446 3509 εἶναι
481 3459 613 3527 ἡμῖν
659 3458 909 3526 φαίνεται
951 3458 1042 3509 καὶ
1080 3457 1145 3510 τὰ
1201 3457 1400 3510 πιθανὰ
1446 3457 1522 3527 τῷ
1552 3459 1746 3528 Κέλσῳ
1783 3458 1892 3529 (99)

308 3547 445 3600 κατὰ
479 3549 540 3601 τὸ
571 3549 791 3601 δυνατὸν
813 3551 943 3619 ἡμῖν
971 3547 1128 3603 λῦσαι
1157 3549 1358 3613 πιστῶς
1385 3549 1598 3602 ποιοῦσι
1626 3550 1684 3602 τὸ
1722 3565 1892 3620 προσ·

311 3639 640 3708 τεταγμένον
683 3639 787 3691 ὑπὸ
855 3639 983 3692 σοῦ·
1036 3640 1158 3712 φέρ’
1194 3639 1479 3712 ἐκθέμενοι
1512 3640 1580 3693 τὰ
1618 3640 1745 3711 ἑξῆς
1784 3644 1894 3704 τοῖς

309 3728 514 3780 Κέλσου
570 3727 778 3797 λόγοις,
827 3730 964 3801 πρὸς
1009 3729 1102 3794 οὓς
1147 3729 1450 3799 φθάσαντες
1498 3731 1894 3802 ἁπηντήσαμεν

308 3823 504 3890 (κρινεῖ
527 3820 584 3873 δὲ
610 3822 637 3873 ό
678 3821 1045 3892 ἐντυγχάνων,
1079 3824 1127 3874 εί
1157 3821 1253 3876 καὶ
1281 3821 1662 3894 ἀνετρέψαμεν
1689 3822 1794 3893 (1)*
1825 3821 1895 3874 τὰ

307 3911 442 3983 πρὸς
482 3913 619 3966 αὐτὰ
660 3914 1045 3984 ἐπαγάγωμεν.
1091 3915 1222 3976 Θεὸς
1271 3914 1327 3968 δὲ
1356 3914 1468 3985 δῴη
1514 3914 1588 3986 μὴ
1626 3914 1767 3986 ψιλῷ
1801 3915 1894 3967 καὶ

305 4003 492 4074 γυμνῷ
533 4003 809 4074 θειότητος
856 4004 932 4074 τῷ
961 4006 1216 4076 ἡμετέρῳ
1252 4005 1327 4077 νῷ
1361 4010 1456 4060 καὶ
1488 4007 1633 4078 λόγῳ
1663 4008 1800 4080 πρὸς
1833 4007 1892 4060 τὸ

308 4097 666 4171 προκείμενον
698 4097 984 4165 γενέσθαιί
1035 4100 1160 4170 ἴν’ή
1199 4100 1379 4164 πίστις
1427 4102 1554 4166 τῶν,
1596 4102 1690 4166 οὓς
1737 4104 1891 4174 εὐχό-

2007 1637 2130 1678 nem
2163 1622 2361 1676 librum
2393 1623 2706 1692 aggredior,
2739 1623 2830 1692 pie
2857 1624 3144 1694 Ambrosi,
3176 1639 3281 1679 non
3317 1641 3383 1682 eo
3419 1629 3580 1694 facio,

2007 1716 2150 1787 quod
2180 1717 2407 1770 multum
2441 1717 2586 1786 loqui
2619 1718 2782 1774 velim
2809 1733 2824 1772 :
2855 1719 2908 1773 id
2939 1721 3084 1775 enim
3112 1721 3339 1775 vetitum
3399 1733 3479 1777 est
3509 1723 3580 1790 ",

2007 1823 2106 1863 nec
2158 1809 2274 1862 ﬁeri
2309 1809 2427 1864 sine
2454 1819 2678 1880 peccato
2717 1819 2925 1880 potest;
2977 1813 3071 1866 sed
3117 1822 3195 1880 ut,
3227 1813 3404 1882 quoad
3441 1815 3587 1870 vires

2004 1898 2151 1955 ferre
2179 1909 2432 1971 possunt,
2463 1901 2598 1954 nihil
2627 1917 2812 1956 eorum
2833 1917 2954 1972 quae
2982 1903 3140 1969 dixit,
3173 1913 3230 1958 et
3255 1917 3316 1956 ea
3349 1905 3586 1959 maxime

2006 2007 2127 2060 qua:
2172 1993 2498 2062 quibusdam
2533 1993 2752 2048 videtur
2786 2009 2892 2048 non
2922 1996 3157 2050 absurde
3186 1994 3340 2049 nobis
3361 1993 3588 2050 Iudaeis-

2004 2097 2111 2152 que
2139 2083 2468 2154 obiectasse,
2505 2100 2610 2138 non
2642 2086 3012 2140 examinatum
3061 2095 3366 2156 praetereat.
3410 2088 3586 2156 Atque

2004 2177 2210 2230 utinam
2267 2193 2482 2248 possem
2521 2178 2682 2232 simul
2717 2193 2839 2232 cum
2887 2193 3140 2233 sermone
3195 2189 3482 2244 penetrare
3530 2180 3584 2234 in

2003 2265 2214 2321 animos
2241 2269 2483 2322 omnium
2513 2269 2603 2336 qtti
2637 2270 2688 2321 in
2721 2269 2839 2336 ejus
2882 2269 3146 2338 scriptum
3181 2270 3462 2335 incidunt,
3496 2271 3583 2325 iu-

2003 2358 2177 2428 deque
2201 2358 2362 2413 telum
2391 2359 2625 2414 evellere
2649 2374 2756 2428 quo
2779 2359 3102 2414 vulneratur
3136 2361 3448 2430 quicunque
3475 2378 3583 2418 non

2003 2463 2085 2509 est
2118 2463 2398 2508 armatura
2436 2453 2529 2508 Dei
2558 2455 2798 2509 munitus
2816 2456 2884 2519 ",
2913 2455 3283 2521 idoneumquc
3319 2455 3585 2530 adhibere

2003 2545 2304 2597 remedium
2337 2545 2578 2607 vulneri,
2609 2559 2714 2613 quo
2749 2546 2809 2598 fit
2841 2555 2899 2599 ut
2935 2547 3053 2617 ejus
3083 2545 3314 2601 lectores
3341 2563 3444 2602 non
3471 2549 3583 2602 sint

2008 2649 2027 2682 ι
2051 2633 2167 2686 sani
2199 2633 2252 2686 in
2287 2633 2487 2699 fide";
2516 2653 2534 2686 ι
2571 2635 2674 2688 hoc
2699 2635 2954 2703 equidem
2993 2635 3124 2690 nihil
3155 2635 3378 2690 fecerim
3408 2637 3583 2692 liben-

2003 2721 2128 2776 tius.
2169 2722 2276 2776 Sed
2299 2725 2558 2792 quouiam
2587 2725 2754 2779 solius
2775 2725 2865 2779 Dei
2887 2734 2968 2779 est
2992 2727 3152 2781 modo
3166 2727 3398 2795 quodam
3417 2726 3585 2798 578

2003 2814 2260 2868 invisibili
2295 2816 2448 2870 adire
2479 2816 2778 2869 secundum
2828 2831 2986 2870 suum
3035 2819 3285 2884 spiritum
3318 2834 3422 2871 una
3454 2834 3579 2872 cum

2000 2905 2206 2959 Christi
2260 2906 2455 2976 Spiritu
2487 2919 2616 2969 eos,
2649 2906 2715 2960 ad
2759 2920 2896 2974 quos
2928 2907 3116 2962 venire
3161 2907 3371 2977 judicat
3401 2924 3580 2979 operte

1998 2998 2268 3065 pretium;
2303 2997 2487 3063 nobis,
2523 3001 2764 3066 quicum
2801 3014 3055 3055 sermone
3091 3008 3203 3066 tum
3228 3001 3446 3071 scriptis
3479 3005 3578 3057 ho-

1959 3138 1973 3143 -
1998 3086 2172 3140 mines
2203 3088 2269 3139 ad
2289 3085 2446 3140 fidem
2480 3102 2742 3141 conamur
2773 3087 3069 3156 adducere,
3108 3089 3160 3143 id
3191 3105 3354 3143 unum
3382 3105 3581 3162 propo-

1997 3181 2159 3234 situm
2214 3187 2298 3232 est
2356 3179 2542 3233 omnia
2589 3180 2840 3245 efficere,
2891 3191 2950 3234 ut
2983 3195 3246 3235 vocemur
3299 3185 3578 3253 «operarii

1999 3272 2440 3340 iueonfusibiles,
2466 3281 2614 3327 recte
2636 3280 2938 3326 tractantes
2959 3273 3181 3328 verbum
3204 3275 3454 3330 veritatis
3471 3275 3574 3331 ⁷⁵.)

1998 3367 2173 3422 Unum
2225 3375 2405 3421 autem
2441 3380 2506 3419 ex
2551 3366 2617 3420 iis
2645 3365 2897 3419 omnibus
2931 3365 3146 3419 videtur
3175 3381 3329 3432 esse,
3376 3369 3421 3423 si
3469 3370 3578 3425 tuis

1990 3459 2158 3529 jussis
2211 3457 2448 3511 fideliter
2499 3457 2921 3528 obtemperans,
2985 3473 3084 3528 pro
3135 3459 3344 3514 viribus
3395 3461 3577 3516 enitar

1996 3549 2305 3607 convellere
2341 3537 2656 3618 quaa‘Celso
2693 3550 2892 3604 similia
2925 3551 3038 3604 veri
3071 3552 3185 3605 visa
3216 3561 3362 3606 sunt.
3394 3553 3577 3620 Quare

1997 3655 2117 3711 age,
2151 3656 2297 3694 nunc
2323 3639 2637 3695 refellamus
2664 3656 2784 3710 qua:
2820 3640 3012 3696 Celsus
3035 3643 3182 3696 addit
3212 3643 3279 3698 iis
3311 3661 3432 3715 qua:
3464 3649 3572 3716 jam

1997 3744 2122 3787 ante
2166 3732 2491 3803 repulimus.
2555 3735 2636 3786 An
2687 3733 2852 3787 etiam
2901 3735 3298 3802 everterimus,
3354 3738 3574 3795 lectoris

1997 3837 2113 3882 esto
2159 3827 2443 3894 judicium.
2488 3825 2647 3880 Faxit
2681 3827 2826 3881 Deus
2855 3835 2912 3880 ut
2960 3842 3026 3882 ne
3058 3829 3124 3884 ad
3163 3830 3302 3885 hanc
3331 3833 3576 3902 disputa-

1999 3919 2199 3974 tionem
2231 3917 2520 3972 all'eratnus
2563 3920 2804 3972 aninmm
2833 3934 3252 3992 sermonemque
3277 3925 3477 3980 nudum
3509 3941 3574 3980 ac

1995 4013 2277 4067 divinitate
2309 4027 2576 4079 vacuum,
2631 4012 2747 4067 sine
2799 4030 2903 4083 qua
2957 4014 3089 4070 fides
3138 4031 3323 4070 eorum
3373 4017 3573 4091 quibus

1995 4103 2255 4173 prodesse
2286 4105 2569 4173 cupimus,
2606 4106 2842 4159 humana
2889 4113 3098 4161 tantum
3134 4107 3398 4178 sapientia
3433 4109 3571 4162 uite-

309 4187 446 4260 μεθα
477 4187 860 4260 ὠφεληθῆναι,
900 4187 974 4260 μὴ
1093 4190 1149 4241 ἐν
1190 4191 1350 4261 σοφίᾳ
1393 4191 1727 4262 ἀνθρώπων·
1763 4194 1887 4247 νοῦν

1999 4204 2191 4250 retur:
2233 4196 2327 4250 sed
2374 4205 2434 4250 ut
2481 4196 2675 4264 spiritu
2706 4197 2907 4252 Christi
2956 4209 3184 4268 accepto
3229 4199 3297 4253 ab
3344 4213 3412 4253 eo
3477 4199 3570 4267 qui

305 4279 358 4333 δὲ
390 4279 626 4350 Χριστοῦ
675 4279 934 4345 λαϐόντες
979 4281 1086 4334 ἀπὸ
1125 4282 1219 4335 τοῦ
1271 4283 1431 4353 μόνου
1460 4285 1692 4349 διδόντος
1722 4288 1883 4342 αὐτὸν

307 4371 514 4442 Πατρὺς
546 4370 731 4437 αὐτοῦ,
769 4373 862 4425 καὶ
897 4372 1032 4444 πρὸς
1057 4373 1156 4443 τὴν
1192 4375 1424 4445 μετοχὴν
1462 4376 1555 4428 τοῦ
1602 4377 1756 4446 λόγου
1789 4379 1884 4432 τοῦ

306 4460 434 4513 Θεοῦ
475 4460 869 4533 βοηθηθέντες,
912 4481 930 4513 ι
957 4463 1064 4516 πᾶν
1108 4463 1310 4534 ὕψωμα
1342 4465 1700 4537 ἐπαιρόμενον
1746 4468 1886 4521 κατὰ

304 4553 396 4622 τῆς
425 4552 680 4621 γνώσεως
711 4554 804 4607 τοῦ
834 4552 969 4626 Θεοῦ
994 4573 1012 4605 ι
1047 4554 1388 4625 καθέλοιμεν,
1414 4559 1508 4611 καὶ
1531 4560 1591 4611 τὸ
1614 4559 1698 4630 οίη
1708 4577 1781 4630 μα
1808 4560 1884 4634 (2)

304 4644 507 4698 Κέλσου
549 4644 674 4698 καθ’
702 4645 861 4716 ⁴ἡμῶν
897 4647 988 4698 καὶ
1024 4646 1166 4700 κατὰ
1199 4647 1290 4700 τοῦ
1329 4647 1502 4717 Ἰησοῦ
1537 4648 1693 4718 ἡμῶν
1727 4651 1884 4703 ἐπαι-

308 4733 548 4802 ρομένου,
583 4734 660 4789 ἔτι
695 4735 752 4788 δὲ
799 4737 894 4789 καὶ
930 4737 1071 4790 κατὰ
1101 4737 1384 4800 Μωῦσέως
1407 4779 1420 4801 ,
1470 4739 1562 4791 καὶ
1605 4739 1712 4793 τῶν
1747 4758 1883 4812 προ-

307 4825 481 4894 φητῶν
501 4843 514 4855 ·
552 4827 767 4882 ἵναιτοῦ
792 4830 1027 4895 διδόντος
1055 4832 1208 4902 ῥῆμα
1234 4833 1345 4895 τοῖς
1371 4831 1882 4903 εὐαγγελιζομένοις

305 4917 522 4986 δυνάμει
556 4919 724 4992 πολλῇ
748 4922 897 4985 ,ικαὶ
933 4926 1062 4995 ἡμῖν
1090 4923 1232 4977 τοῦτ’
1267 4925 1749 4996 ἐπιχορηγοῦντος,
1787 4928 1880 4980 καὶ

306 5007 395 5080 τὴν
430 5009 630 5081 πολλὴν
681 5011 905 5084 δύναμιν
937 5015 1301 5086 δωρουμένου,
1354 5017 1644 5089 ἐγγένηται
1693 5019 1876 5083 πίστις

306 5102 409 5163 τοῖς
455 5101 858 5173 ἐντευξομένοις
899 5107 957 5158 ἐν
989 5106 1132 5176 λόγῳ
1165 5107 1259 5161 καὶ
1300 5107 1528 5178 δυνάμει
1571 5108 1664 5162 τοῦ
1713 5109 1870 5163 Θεοῦ.

1993 4286 2142 4342 solus
2173 4287 2324 4341 illum
2355 4287 2448 4340 dat
2475 4286 2662 4352 Pater,
2695 4296 2750 4341 et
2775 4290 2840 4341 ad
2881 4289 3288 4356 intelligeudtnn
3322 4289 3417 4344 Dei
3446 4304 3572 4344 ver-

1994 4381 2124 4434 bum
2159 4381 2328 4447 adjuti
2355 4421 2370 4446 ,
2409 4398 2426 4431 ι
2451 4395 2669 4435 omnem
2705 4380 3043 4434 altitudinem
3079 4391 3271 4438 contra
3309 4385 3574 4453 cognitio-

1996 4486 2118 4526 nem
2159 4471 2251 4526 Dei
2279 4487 2338 4526 se
2371 4473 2788 4529 extollentem"
2815 4494 2835 4527 ι
2873 4477 3256 4542 destruamus,
3299 4476 3569 4546 simulque

1996 4562 2140 4618 Celsi
2181 4563 2416 4630 fastum,
2453 4579 2562 4634 quo
2612 4566 2663 4619 in
2698 4581 2820 4632 nos,
2875 4568 2928 4620 in
2961 4565 3144 4621 Jesum
3196 4578 3475 4633 nostrum,
3511 4568 3567 4622 in

1995 4653 2239 4725 Moysem
2267 4664 2322 4709 et
2348 4659 2640 4726 prophetas
2666 4657 2969 4726 insolescit,
3003 4659 3379 4728 reprimamus.
3411 4660 3570 4715 Faxit

1995 4747 2121 4813 ille,
2175 4748 2438 4816 inquam,
2485 4751 2576 4818 qui
2616 4750 2752 4804 idat
2799 4752 3023 4807 verbum
3069 4753 3568 4822 evangelizantibus

1993 4839 2196 4894 virtute
2229 4839 2398 4894 multa
2420 4841 2489 4907 ³⁷⁸,
2516 4859 2534 4888 ι
2570 4851 2664 4908 ιιι,
2695 4842 2884 4898 eodem
2919 4845 3084 4899 verbo
3124 4845 3280 4901 nobis
3305 4861 3567 4902 concesso

1991 4931 2270 4999 multaque
2304 4931 2502 4985 virtute
2527 4933 2688 4998 data,
2721 4935 2854 4991 fides
2888 4939 3059 4992 verbo
3084 4947 3138 4992 et
3160 4946 3430 5008 potestate
3470 4938 3568 4996 Dei

1989 5023 2209 5079 firmata
2248 5025 2302 5080 in
2332 5025 2624 5082 lectoribus
2659 5028 2991 5088 innascatur.

372 5266 416 5298 "
458 5265 619 5322 Prov.
663 5283 718 5334 ιι,
743 5267 828 5325 19.
899 5271 946 5304 ⁷⁸
973 5272 1174 5342 Ephes.
1198 5290 1276 5342 vr,
1309 5276 1395 5331 ll.
1472 5277 1520 5309 ⁷³
1543 5276 1652 5332 Tit.
1683 5293 1742 5345 ιι,
1774 5279 1829 5334 2.

2001 5279 2022 5333 l
2052 5280 2193 5337 Tim.
2226 5298 2284 5352 ιι,
2316 5283 2400 5339 l5.
2473 5283 2518 5315 ⁷⁸
2547 5281 2589 5336 ll
2628 5281 2756 5339 Cor.
2782 5299 2840 5352 ι,
2864 5284 2919 5339 5.
2992 5284 3040 5316 "
3070 5281 3214 5337 Psal.
3250 5295 3419 5347 uvu,
3444 5277 3536 5337 12.

392 5432 480 5516 97)
519 5435 911 5516 ῌξσελθόντα.
943 5438 1132 5492 Melius
1150 5440 1878 5516 scriberetur,alaskflévmg,
1912 5451 1957 5507 D
1983 5447 2203 5516 quidem
2240 5449 2494 5514 videtur,
2529 5449 2689 5503 codd.
2734 5445 3020 5516 Anglicani
3060 5446 3262 5500 habent
3310 5445 3362 5499 in
3411 5460 3564 5516 mar-

309 5505 384 5557 vel
416 5505 749 5569 εἰσελθόντος
773 5548 788 5572 ,
827 5517 886 5560 ιιι
935 5519 1120 5562 monet
1152 5509 1486 5564 Boberellus.

369 5574 480 5714 (98:
530 5577 1093 5654 Ἀγεπαισχύντους.
1149 5579 1306 5644 Mss,
1342 5580 1805 5652 ἀνεπαισχύντως.

370 5643 455 5714 (99
520 5648 604 5710 ’Ῑῳ
658 5645 890 5714 Κέλσῳ.
967 5649 1146 5704 Malim
1203 5666 1326 5706 cum
1381 5651 1693 5714 Bohcrello,
1782 5671 1805 5707 τ

313 5713 350 5765 li
357 5645 505 5768 {9:20

1983 5513 2126 5586 sine.
2171 5518 2324 5575 Libb.
2361 5513 2527 5581 editi,
2555 5521 2603 5571 εἰ
2650 5519 2742 5572 καὶ
2788 5513 2966 5579 καλῶς
3006 5516 3412 5587 ᾁνεγράψαμεν.
3453 5513 3569 5587 _V'e-

573 5585 1093 5647 ινεπαισχύντους.
1149 5585 1306 5644 Mss.,
1342 5585 1805 5652 ἀνεπαισχύντως.
1983 5585 2103 5642 rum
2155 5591 2222 5642 ab
2273 5590 2528 5643 omnibus
2573 5605 2706 5642 mss.
2749 5588 2902 5641 abest
2946 5585 3159 5650 καλῶς,
3227 5585 3319 5638 uo
3348 5585 3561 5644 sublato

573 5644 604 5708 if)
658 5645 890 5708 Κέλσῳ.
967 5649 1146 5704 Malim
1203 5666 1326 5706 cum
1381 5651 1693 5708 Boherello.
1782 5655 1876 5708 τοῦ
1982 5659 2188 5708 nullum
2225 5660 2311 5708 hic
2353 5659 2529 5708 locum
2567 5659 2768 5708 habere
2802 5665 3009 5708 ootest.
3043 5602 3450 5708 ἀνεγράψαμεν.

520 5645 604 5710 Τῷ
658 5645 890 5716 Κέλσῳ.
967 5649 1146 5704 Malim
1203 5666 1326 5706 cum
1381 5645 1693 5718 Boherello,
1770 5645 1876 5709 τοῦ

1999 5659 2188 5712 nullum
2225 5660 2311 5712 hic
2353 5659 2529 5728 locum
2567 5659 2768 5728 habere
2802 5665 3009 5725 potest,
3043 5645 3450 5728 ἀνεγράψαμεν,

2054 5729 2130 5799 (‘2)
2171 5727 2394 5808 Κίιὶητεδ
2450 5728 2647 5808 οἵημςς.
2729 5724 2891 5783 Fot‘lc
2920 5724 3459 5798 ,εριήὺειιιιὶιιιιμκαὶ
3497 5725 3558 5778 τὸ

373 5783 448 5853 (l)
485 5789 553 5840 Et
605 5790 699 5843 καί
743 5791 1175 5862 (trapeto-aper.
1256 5790 1330 5848 lla
1387 5801 1566 5862 recte,
1629 5802 1686 5849 ut
1744 5794 1874 5851 mihi

1999 5783 2180 5870 ρόὴμία,
2222 5814 2250 5853 e
2279 5796 2319 5851 ιι
2346 5799 2470 5852 Cor.
2499 5783 2560 5863 χῖ
2589 5797 2642 5851 5.
