3986 6164
499 220 639 276 “83

1948 243 2267 303 ORIGENIS

3614 274 3796 331 1184

564 344 621 400 2.
662 346 740 400 Ac
788 350 1021 418 primum
1068 353 1284 421 quidem
1318 358 1600 417 refutanda
1644 374 1771 421 sunt
1804 367 1918 424 haec
1946 373 2024 437 eju

2129 407 2138 425 .
2235 370 2524 441 Πρόκειται
2559 372 2651 429 οὖν
2680 374 2773 428 νῦν
2807 378 2903 448 τὴν
2930 380 3099 445 οὕτως
3128 384 3356 454 ἔχουσαν
3400 389 3570 445 αὐτοῦ
3624 396 3795 450 ἀνα-

492 434 656 488 vcrba
691 451 705 487 :
740 455 759 487 ι
786 437 971 507 Neque
1004 441 1176 510 Deus,
1210 459 1244 498 ο
1288 443 1458 503 δυόωί
1494 458 1549 504 et
1589 450 1918 521 Christiani,
1957 434 2054 512 ne-

488 538 595 592 que
625 525 721 581 Dei
758 527 931 586 Filius
962 542 1054 585 aut
1087 534 1371 593 descendit
1415 550 1510 596 aut
1549 543 1865 602 descendet.
1902 548 2056 616 Quod

487 615 530 668 si
577 616 644 669 de
688 617 893 687 a'ngelis
940 622 1082 678 istud
1137 628 1547 700 intelligendum
1602 651 1727 694 esse
1770 615 2052 708 dixeritis,

486 705 712 772 quinam
749 709 824 762 illi
864 712 1007 776 sint,
1044 715 1230 772 dicite.
1272 721 1427 779 Diine
1455 738 1611 793 sunt,
1642 746 1710 784 an
1740 734 1882 800 quod
1909 735 2055 792 aliud

483 798 696 865 genus?
736 798 935 869 Audio,
964 817 1086 861 sunt
1108 812 1238 878 quid
1273 814 1456 883 aliud,
1494 834 1687 891 nempe
1718 798 2006 883 daemones.
2028 847 2048 880 ι

483 884 643 939 Celso
667 889 865 958 saepius
890 896 1080 950 eadem
1119 898 1338 958 iteranti
1375 906 1514 976 (jam
1544 912 1687 965 enim
1721 916 1840 970 ιιωο
1876 919 1927 970 in
1961 934 2055 974 su-

480 980 789 1047 perioribus
838 999 944 1038 non
998 992 1166 1045 semel
1214 993 1453 1069 dixerat)
1505 1002 1639 1056 nihil
1699 1021 1922 1064 necesse
1967 1022 2051 1067 est

478 1070 725 1136 pluribus
752 1079 1108 1145 respondere.
1148 1084 1295 1141 Salis
1315 1088 1517 1146 fuerint
1543 1110 1607 1149 ea
1636 1112 1757 1166 qua:
1788 1101 2049 1160 hactenus

478 1161 781 1217 attulimus.
824 1165 1002 1223 Pauca
1035 1180 1213 1227 tamen
1256 1191 1319 1230 ex
1357 1178 1636 1250 pluribus,
1664 1202 1898 1246 consona
1928 1197 2050 1263 qui-

479 1250 599 1303 dem
627 1251 740 1319 jam
774 1257 968 1325 dictis,
1000 1264 1091 1315 sed
1132 1280 1249 1331 qua:
1274 1283 1380 1322 non
1418 1276 1641 1329 omnino
1673 1283 1921 1337 eumdem
1955 1289 2049 1340 lia-

472 1338 604 1392 bent
660 1358 917 1413 sensum,
959 1350 1282 1410 referemus.
1338 1358 1475 1416 Hinc
1534 1366 1679 1420 enim
1719 1371 1899 1437 palam
1956 1376 2048 1433 lict

474 1428 721 1498 Celsum,
778 1453 900 1492 cum
947 1447 1249 1509 generatim
1295 1464 1457 1523 negat
1509 1459 1576 1511 ad
1623 1461 1872 1521 homines
1945 1470 2045 1525 dc-

469 1526 755 1581 scendisse
808 1531 973 1587 ullum
1021 1535 1189 1593 Deum
1234 1552 1328 1599 aut
1379 1545 1479 1602 Dei
1517 1548 1750 1622 Filium,
1797 1570 2046 1621 evertere

467 1610 716 1672 funditus
753 1621 1063 1688 opinionem
1098 1631 1238 1699 apud
1286 1636 1487 1694 multos
1519 1610 1892 1715 pervulgatam
1922 1660 1975 1707 et
2013 1670 2042 1708 a

469 1716 531 1757 se
564 1706 680 1773 ipso
719 1724 878 1779 supra
912 1730 1307 1788 propugnatam
1335 1767 1349 1792 ,
1403 1729 1571 1785 Deum
1610 1732 1753 1789 inter
1795 1738 2043 1800 hemines

470 1797 809 1862 apparuisse.
851 1801 916 1856 Et
944 1817 1095 1861 certe
1138 1811 1183 1863 si
1216 1826 1405 1869 verum
1453 1828 1537 1872 est
1569 1823 1713 1889 quod
1747 1828 2041 1887 universim

465 1891 580 1953 ait,
631 1904 731 1943 nec
767 1891 935 1947 ullum
984 1898 1193 1967 Deum,
1228 1920 1329 1960 nec
1354 1906 1448 1962 Dei
1473 1910 1670 1967 Filium
1697 1915 2043 1980 descendisse

464 1986 564 2032 aut
596 1980 985 2041 descensurum
1011 2005 1163 2055 esse;
1198 1993 1402 2053 frustra
1430 2012 1553 2057 sunt
1576 2007 1669 2075 qui
1700 2019 1891 2078 putant
1918 2028 2043 2071 esse

464 2067 598 2124 deos
627 2073 715 2140 qui
749 2090 778 2128 e
814 2074 954 2132 coelo
1002 2080 1329 2141 delabuntur
1359 2089 1412 2143 in
1446 2067 1645 2149 terrain
1670 2067 1715 2163 ,ι
1738 2110 1796 2155 ut
1827 2104 1911 2157 vel
1944 2106 2041 2161 ho-

462 2160 640 2216 mines
700 2166 765 2219 de
822 2166 1022 2225 futuris
1054 2175 1217 2231 rebus
1248 2192 1656 2254 przemoneant,
1703 2191 1789 2245 vel
1834 2196 2039 2253 morbis

460 2265 562 2318 per
599 2255 819 2310 oracula
856 2265 1196 2319 medeantur.
1250 2268 1421 2339 Igitur
1471 2290 1570 2329 nec
1613 2277 1876 2349 Pythius,
1937 2300 2038 2341 nec

458 2339 828 2413 Aisculapius,
866 2365 963 2404 nec
991 2352 1128 2409 alius
1155 2359 1383 2426 quilibet
1410 2378 1477 2418 ex
1507 2365 1596 2431 iis,
1627 2339 1885 2440 a'quibus
1920 2339 2036 2434 haec

457 2431 573 2487 ﬁeri
610 2435 849 2505 vulgaris
886 2440 994 2497 fert
1027 2447 1244 2516 opinio,
1301 2452 1443 2509 Deus
1482 2455 1647 2513 fuerit
1706 2462 1759 2515 in
1828 2473 2031 2522 terram

455 2523 735 2595 delapsus;
768 2542 858 2585 aut
887 2535 929 2587 si
966 2536 1105 2594 Deus
1136 2541 1227 2605 sit,
1273 2544 1413 2600 Deus
1447 2558 1530 2602 est
1575 2566 1605 2604 a
1638 2554 1765 2610 sede
1801 2558 2027 2615 deorum

452 2618 608 2671 exsul
654 2630 815 2689 atque
848 2630 1082 2683 extorris
1113 2633 1314 2702 quique
1347 2645 1547 2693 terram
1596 2655 1858 2713 perpetuo
1877 2650 2031 2708 inco-

452 2708 666 2768 lendam
698 2718 939 2785 accepit;
971 2731 1065 2775 aut
1094 2739 1232 2780 unus
1264 2741 1328 2781 ex
1359 2729 1464 2786 illis
1494 2708 1611 2798 est,
1637 2708 1800 2808 5"79
1832 2746 2029 2812 quibus

455 2802 681 2858 deorum
714 2812 991 2865 consortio
1022 2814 1126 2867 frui
1158 2831 1267 2870 non
1305 2820 1501 2878 datur:
1537 2834 1633 2881 aut
1659 2833 1883 2888 omnino
1919 2853 2025 2893 non

455 2891 530 2947 dii
558 2904 686 2948 sunt
708 2898 904 2966 Apollo
935 2912 989 2955 et
1020 2902 1372 2975 Aisculapius
1408 2924 1462 2965 et
1494 2926 1759 2986 quotquot
1787 2924 1839 2976 in
1881 2934 2025 2983 terra

451 2983 731 3052 quidpiam
781 2988 967 3044 facere
1010 2998 1337 3063 creduntur;
1396 3014 1525 3057 sunt
1570 3009 1746 3074 potius
1804 3014 2094 3105 quidamc

452 3074 718 3105 al'nmnnnn
793 3080 958 3105 mut...
1034 3082 1099 3105 ιε-
1168 3086 1312 3105 ικ,ν-
1362 3091 1391 3105 -ι
1544 3094 1555 3105 .
1610 3097 1627 3105 -
1689 3099 1701 3105 -

451 3074 721 3131 daemones
793 3080 961 3135 multo
1033 3082 1101 3139 iis
1167 3086 1482 3147 hominibus
1543 3094 1867 3167 inferiores,
1929 3110 2022 3176 qui

450 3166 719 3233 sapientia
768 3170 1129 3243 claruerunt,
1188 3193 1435 3251 quosque
1479 3187 1655 3246 virtus
1704 3194 1770 3249 ad
1825 3198 2021 3255 ctelum

448 3256 650 3310 evexit.

518 3347 572 3402 5.
607 3348 680 3403 Ex
713 3350 779 3405 iis
814 3353 929 3407 vide
958 3355 1198 3428 Celsum,
1230 3361 1357 3417 dum
1392 3375 1572 3421 nostra
1614 3370 1829 3429 diruere
1861 3381 2021 3435 moli—

447 3446 554 3504 tur,
586 3448 755 3496 totum
787 3444 1111 3514 Epicureum
1146 3467 1283 3519 esse,
1309 3460 1555 3524 quamvis
1582 3462 1721 3519 istud
1753 3482 2019 3539 nusquam

443 3534 523 3586 sui
561 3536 744 3605 scripti
777 3538 1026 3595 fateatur.
1061 3544 1319 3615 Quisquis
1360 3549 1523 3619 igitur
1550 3554 1694 3611 Celsi
1738 3534 2018 3620 sermones

442 3626 576 3696 legis
605 3638 659 3683 et
693 3635 987 3699 approbas,
1018 3646 1105 3691 aut
1136 3645 1439 3710 negandum
1473 3648 1566 3703 tibi
1598 3661 1681 3706 est
1712 3654 1877 3711 Deum
1913 3660 2018 3715 huc

441 3718 729 3787 advenire,
780 3725 872 3792 qui
908 3728 1133 3797 singulis
1185 3734 1497 3794 hominibus
1536 3745 1861 3814 prospiciat;
1920 3764 2014 3806 aut

438 3806 547 3862 hoc
573 3811 615 3864 si
646 3813 963 3881 admiseris,
998 3820 1189 3879 Celsus
1224 3830 1492 3883 mendacii
1542 3839 1869 3903 arguendus.
1914 3842 2012 3897 Sin

440 3908 644 3965 autem,
670 3912 731 3956 ut
759 3904 871 3959 haec
900 3907 1041 3962 Celsi
1079 3926 1204 3965 vera
1240 3917 1370 3981 sint,
1404 3920 1805 3981 Providentiam
1831 3940 2009 3987 sustu-

435 3988 567 4045 leris
595 4008 608 4056 ;
652 3992 841 4048 falsum
867 4000 969 4053 erit
999 4004 1139 4069 quod
1173 4005 1278 4061 alio
1310 4008 1363 4061 in
1390 4010 1509 4067 loco
1538 4014 1790 4085 aﬂirmat,
1817 4040 1833 4072 ι
1867 4024 1996 4079 deos

435 4092 557 4134 esse
609 4092 663 4137 et
716 4084 1149 4147 Providentiam.
1216 4114 1234 4147 ι
1294 4098 1446 4165 Quod
1501 4105 1545 4158 si
1592 4106 1752 4163 Celso
1790 4117 2008 4183 neganti

440 4188 459 4222 ι
498 4173 663 4228 Deum
690 4186 782 4231 aut
814 4178 907 4233 Dei
940 4181 1133 4236 Filium
1165 4187 1512 4249 descendisse
1543 4198 1609 4251 ad
1644 4173 1891 4259 homines
1915 4216 2009 4261 aut

432 4265 815 4325 descensurum
846 4287 966 4328 esse
1000 4295 1019 4327 ρ
1056 4292 1159 4332 ηοη
1189 4286 1488 4340 assenseris
1512 4327 1527 4352 ,
1577 4288 2010 4351 Providentiam-

431 4370 534 4423 que
565 4363 865 4429 confiteris;
895 4382 992 4420 cur
1022 4383 1087 4423 ex
1136 4371 1203 4426 iis
1236 4389 1355 4442 qua:
1391 4377 1459 4433 de
1498 4378 1629 4436 Jesu
1661 4384 1899 4444 diximus
1948 4402 2003 4447 et

2129 4363 2319 4461 .έγοντι
2352 4416 2370 4446 ι
2415 4363 2551 4468 μήτε
2580 4400 2710 4452 Θεὸν
2730 4363 2883 4471 ,μήτε
2915 4363 3049 4456 Θεοῦ
3104 4406 3275 4459 Παῖδα

428 4464 547 4517 qttze
578 4453 642 4506 de
668 4454 760 4509 illo
794 4459 1069 4526 propheta:
1092 4464 1367 4523 vaticinati
1400 4482 1547 4539 sunt,
1578 4491 1684 4531 non
1715 4480 2003 4550 diligenter

427 4546 715 4611 perpendis
747 4557 865 4602 uter
892 4552 1063 4619 magis
1091 4554 1371 4613 habendus
1396 4562 1466 4617 sit
1494 4563 1637 4621 Deus
1672 4578 1726 4624 et
1769 4546 1862 4629 Dei
1904 4576 1997 4631 Fi-

427 4631 532 4685 lius
567 4638 632 4688 ad
660 4638 905 4694 homines
934 4642 1207 4714 delapsus,
1241 4648 1471 4707 Jesusne
1500 4657 1592 4723 qui
1621 4666 1763 4715 tanta
1789 4668 1992 4721 consti-

430 4725 530 4777 tuit
557 4735 608 4778 et
641 4728 880 4796 perfecit;
911 4748 977 4785 an
1010 4735 1085 4788 illi
1112 4738 1200 4806 qui
1229 4742 1340 4796 suis
1364 4746 1600 4802 oraculis
1629 4760 1683 4804 et
1710 4753 1996 4813 divinatio-

424 4814 585 4875 nibus
608 4827 807 4871 lautum
829 4822 981 4877 abest
1006 4835 1064 4879 ut
1091 4842 1306 4884 suorum
1328 4834 1591 4892 cultorum
1613 4856 1790 4899 mores
1806 4861 1993 4904 emen-

422 4906 572 4969 dem,
610 4917 665 4959 ut
699 4917 885 4962 contra
918 4912 1035 4968 illos
1061 4917 1327 4974 deducant
1355 4938 1383 4975 a
1417 4926 1631 4983 sincero
1675 4932 1766 4989 illo
1811 4947 1992 4994 casto-

421 5008 526 5063 que
559 4996 703 5049 culltt
727 4998 823 5065 qni
859 5014 1039 5055 rerum
1069 5006 1306 5060 omnium
1348 5008 1621 5069 Conditori
1657 5019 1851 5076 deferri
1897 5029 1991 5081 de-

420 5085 531 5147 bet,
567 5097 619 5138 et
653 5088 861 5144 animos
888 5104 1110 5159 eorum,
1159 5096 1249 5165 qui
1292 5097 1432 5154 inter
1464 5103 1703 5173 ipsorum
1757 5114 1990 5173 cultores

420 5193 615 5238 neuneu
648 5186 970 5247 profitentur
998 5202 1180 5261 suum,
1204 5194 1274 5253 ab
1313 5210 1425 5253 uno
1449 5238 1465 5265 ,
1505 5201 1620 5260 solo
1644 5243 1661 5271 ,
1698 5209 1989 5270 manifesto

1870 5350 1898 5380 Ι

486 5461 564 5533 (3)
608 5464 797 5554 "auo
824 5482 897 5548 tt.
928 5466 1040 5554 "Sic
1069 5469 1199 5526 libb.
1227 5473 1358 5554 editi
1396 5475 1600 5554 habent
1631 5480 1682 5554 in
1719 5484 1983 5554 margine,

422 5530 610 5597 sicque
640 5535 837 5620 legitur
868 5538 1006 5589 infra
1059 5556 1288 5620 numero
1314 5544 1348 5598 4
1368 5548 1523 5620 ,“uhi
1552 5552 1739 5604 eadem
1772 5530 1987 5620 pli'rasis

414 5604 675 5691 oet‘mrrit.
701 5604 856 5691 IMale
898 5624 1025 5675 ergo
1059 5611 1145 5664 hic
1184 5613 1315 5668 lilih.
1343 5604 1474 5672 editi
1507 5620 1557 5691 in
1587 5628 1733 5675 textu
1764 5604 1985 5691 habent,

421 5669 474 5691 ιλ
564 5670 639 5691 2-.
726 5678 736 5691 ι
817 5677 826 5691 ι
989 5687 998 5691 -
1125 5682 1135 5691 ·
1244 5684 1276 5691 ··
1351 5687 1382 5691 --

416 5667 531 5724 ἀλλ’
560 5670 664 5724 ὅτι.
700 5672 863 5731 l'auln
886 5667 1005 5745 post
1039 5682 1209 5737 codex
1243 5667 1569 5747 Basileensis
1594 5702 1739 5748 recte
1764 5667 1985 5753 omnim;

2163 462 2361 532 τρέψαι
2392 463 2534 528 λέξιν
2554 483 2567 497 ’
2613 488 2631 518 ι
2654 469 2784 533 Θεὸς
2804 472 2921 539 μὲν,
2947 466 2992 525 ὦ
3037 475 3273 532 Ἰουδαῖοι
3291 482 3383 533 καὶ
3406 483 3784 554 Χριστιανοὶ,

2162 553 2259 605 καὶ
2291 553 2424 607 Θεοῦ
2459 560 2588 621 παῖς
2625 559 2799 625 οὐδεὶς
2831 562 2953 615 οὔτε
2987 566 3254 637 κατῆλθεν
3273 611 3287 635 ,
3318 572 3443 626 οὔτε
3463 553 3777 634 κατέλθοι.

2160 643 2223 695 El
2256 643 2312 696 δέ
2362 662 2513 711 τινας
2546 650 2810 718 ἀγγέλους
2866 657 3035 722 φατὲ,
3083 660 3234 725 τίνας
3280 663 3501 731 τούτους
3534 666 3772 737 λέγετε,

2161 735 2315 800 θεοὺς
2340 779 2353 803 ,
2402 740 2435 809 ἦ
2477 741 2605 797 ἄλλο
2657 764 2708 798 τι
2757 748 2947 816 γένος;
3006 752 3168 806 Ἀλλο
3209 774 3263 809 τι
3302 758 3413 829 (5),
3454 761 3532 826 ὡς
3575 735 3766 831 είκὺς,

2158 830 2283 893 τοὺς
2315 831 2595 902 δαίμονας.
2622 855 2640 889 ι
2684 838 2830 909 Πρὸς
2874 844 3047 899 ταῦτα
3101 847 3159 900 δὲ
3204 849 3617 921 παλιλλογοῦντι
3678 860 3767 928 τῷ

2158 919 2353 991 Κέλσῳ
2393 921 2674 996 (ἀνωτέρω
2709 929 2817 1000 γὰρ
2850 932 2950 1003 ἤδη
2986 935 3245 1001 πολλάκις
3274 919 3618 1015 ταῦτ’ήαύτῷ
3658 919 3762 999 λέξ-

2156 1009 2363 1083 λεκται)
2408 1018 2506 1070 ούκ
2563 1020 2855 1088 ἀναγκαῖον
2886 1028 2978 1078 ἐπὶ
3018 1028 3200 1082 πλεῖον
3224 1009 3602 1104 διαλεχθῆναιί
3640 1040 3761 1109 ἀρε

2157 1104 2317 1158 κέσαι
2349 1107 2456 1179 γὰρ
2490 1112 2557 1163 τά
2604 1116 2684 1178 είς
2728 1116 2873 1168 τοῦθ’
2906 1119 3037 1189 ἡμῖν
3090 1120 3405 1193 λελεγμένα.
3476 1104 3757 1196 Ὀλβία-δ’

2155 1196 2263 1248 ἀπὸ
2305 1199 2585 1267 πλειόνων,
2626 1205 2661 1258 ἃ
2692 1206 2951 1278 δοκοῦμεν
2986 1206 3122 1264 εἶναι
3150 1214 3444 1283 συνᾴδοντα
3481 1219 3581 1287 μὲν
3628 1223 3754 1283 τοῖς

2154 1293 2599 1361 προειρημένοις,
2661 1298 2720 1349 ού
2772 1299 2863 1351 τὸν
2926 1302 3087 1354 αὐτὸν
3143 1302 3201 1355 δὲ
3260 1305 3438 1377 πάντη
3503 1311 3748 1375 ἐκείνοις

2154 1379 2345 1449 ἔχοντα
2370 1384 2514 1450 νοῦν,
2552 1389 2893 1460 ἐκθησόμεθα
2912 1410 2925 1423 ’
2960 1395 3016 1446 ἐν
3040 1389 3122 1458 οἷς
3147 1401 3595 1470 παραστήσομεν,
3628 1404 3740 1467 ὅτι,

2155 1472 2459 1538 καθολικῶς
2507 1477 2924 1551 ἀποφηνάμενος
2972 1484 3103 1539 Θεὸν
3135 1487 3330 1542 οὐδένα
3356 1492 3491 1560 πρὸς
3517 1493 3738 1565 ἀνθρώ-

2152 1579 2287 1628 πους
2321 1566 2775 1638 κατεληλυθέναι,
2806 1573 2836 1642 ἣ
2863 1574 2996 1626 Θεοῦ
3030 1577 3219 1643 Παῖδα,
3269 1581 3483 1651 ἀναιρεῖ
3525 1586 3626 1638 καὶ
3664 1586 3741 1641 τὰ

2152 1654 2255 1707 ὑπὸ
2288 1657 2396 1709 τῶν
2433 1660 2641 1714 πολλῶν
2678 1665 2804 1734 περὶ
2842 1665 2975 1718 Θεοῦ
3012 1669 3331 1738 ἐπιφανείας
3369 1674 3733 1748 δοξαζόμενα,

2148 1749 2241 1800 καὶ
2266 1750 2357 1801 ὑπ’
2381 1751 2544 1803 αὑτοῦ
2576 1756 2633 1806 ἐν
2663 1758 2773 1819 τοῖς
2801 1758 3056 1829 ἀνωτέρω
3091 1766 3479 1834 προειρημένα.
3519 1770 3582 1822 El
3621 1772 3731 1843 γὰρ

2144 1840 2372 1893 καθόλου
2414 1844 2732 1915 λελεγμένον
2765 1848 2824 1901 τὸ
2844 1892 2857 1915 ,
2894 1851 3029 1913 Θεὸς
3061 1854 3155 1906 καὶ
3186 1854 3321 1909 Θεοῦ
3368 1863 3497 1922 παῖς
3548 1863 3730 1927 οὐδεὶς

2143 1933 2428 2003 κατῆλθεν,
2456 1937 2575 1990 οὐδὲ
2610 1938 2879 2006 κατέλθοι,
2905 1943 3119 2015 ἀληθῶς
3143 1948 3219 2018 τῷ
3250 1950 3442 2021 Κέλσῳ
3468 1953 3722 2024 εἴρηται·

2141 2021 2382 2093 δηλονότι
2416 2027 2683 2099 ἀνῄρηται
2716 2032 2804 2097 τὸ,
2858 2031 2994 2088 εἶναι
3030 2039 3183 2102 θεοὺς
3213 2040 3305 2093 ἐπὶ
3336 2044 3437 2114 γῆς
3458 2084 3472 2106 ,
3527 2021 3725 2099 κατελ-

2142 2112 2333 2178 θόντας
2366 2116 2423 2183 ἐξ
2454 2119 2682 2189 ούρανοῦ
2705 2163 2718 2184 ,
2765 2123 2849 2176 ἵνα
2883 2126 2999 2193 ἦτοι
3039 2130 3443 2197 μαντεύσωνται
3476 2139 3588 2200 τοῖς
3623 2141 3719 2191 dw-

2140 2202 2415 2274 θρώποις,
2473 2210 2505 2278 ἦ
2556 2211 2643 2264 διά
2697 2217 2958 2285 χρησμῶν
3010 2218 3418 2290 θεραπεύσωσι·
3470 2229 3562 2282 καὶ
3592 2228 3714 2285 οὔτε

2137 2296 2165 2346 ὁ
2198 2296 2424 2363 Πύθιος,
2450 2301 2559 2353 οὔτ’
2602 2305 2955 2381 Ἀσκληπιὸς,
2984 2311 3093 2364 οὔτ’
3126 2313 3283 2379 ἄλλος
3316 2336 3397 2381 τις
3428 2319 3538 2373 τῶν
3570 2340 3714 2375 νενο-

2140 2388 2415 2458 μισμένων
2444 2392 2511 2444 τά
2541 2380 2763 2449 τοιαῦτα
2812 2404 2985 2455 ποιεῖν
3014 2444 3027 2467 ,
3084 2404 3216 2469 Θεὸς
3256 2407 3322 2461 ἂν
3355 2409 3439 2481 εἴη
3470 2415 3711 2477 καταϐὰς

2138 2476 2196 2542 ἐξ
2228 2479 2453 2549 ούρανοῦ
2479 2500 2490 2512 ⁸
2527 2483 2558 2554 ἦ
2590 2485 2721 2550 Θεὸς
2753 2490 2851 2559 μὲν
2885 2491 2949 2545 ἂν
2983 2492 3066 2565 εἴη
3089 2534 3103 2558 ,
3134 2497 3219 2550 ἀεὶ
3247 2498 3303 2551 δὲ
3337 2476 3518 2571 λαχὼν
3545 2476 3710 2558 οἰκεῖν

2132 2564 2231 2637 τὴν
2276 2568 2398 2637 γῆν,
2429 2572 2522 2624 καὶ
2550 2573 2789 2647 ὡσπερεὶ
2839 2580 3016 2653 φυγὰς
3056 2583 3150 2636 τοῦ
3202 2585 3365 2639 τόπου
3398 2590 3507 2643 τῶν
3540 2593 3702 2645 θεῶν’

2132 2656 2166 2727 ἦ
2206 2674 2289 2722 τις
2329 2661 2436 2714 τῶν
2479 2664 2552 2733 μὴ
2596 2664 2843 2729 ἐξουσίαν
2877 2672 3108 2740 ἐχόντων
3141 2682 3417 2733 κοινωνεῖν
3452 2685 3562 2745 τοῖς
3592 2685 3706 2737 ἐκεῖ

2082 2818 2083 2821 η
2132 2747 2296 2812 θείοις
2351 2751 2436 2822 εἴη
2488 2755 2585 2808 ὀὶν⁵
2643 2757 2769 2828 ἢοὺ
2828 2760 2939 2815 θεοὶ
2994 2761 3101 2818 εἷεν
3150 2771 3179 2820 ό
3241 2771 3509 2827 Ἀπόλλων
3547 2778 3636 2829 καὶ⁸
3677 2782 3703 2832 ὁ

2144 2841 2503 2915 Ἀσκληπιὸς,
2550 2852 2643 2903 καὶ
2688 2853 2801 2907 ὅσοι
2850 2857 2940 2909 ἐπὶ
2970 2860 3070 2928 γῆς
3111 2879 3163 2914 τι
3208 2869 3381 2917 ποιεῖν
3409 2884 3698 2921 πεπιστευ-

2472 3002 2475 3003 ,
2821 3002 2833 3009 .
2958 3002 2968 3017 ,
3156 3002 3243 3006 -η-
3289 3002 3337 3008 --
3398 3002 3696 3029 ...ννυηνη

2130 3025 2327 3091 σοφῶν,
2384 3029 2475 3083 καὶ
2534 3035 2629 3086 ἐπὶ
2679 3036 2776 3107 τὴν
2831 3040 2991 3107 ἁψῖδα
3033 3043 3125 3094 τοῦ
3194 3048 3423 3117 ούρανοῦ
3472 3051 3560 3106 διὰ
3604 3053 3700 3123 τὴν

2129 3117 2326 3190 ἀρετὴν
2355 3124 2771 3195 ἀναϐαινόντων,
2814 3132 2990 3203 πολλῷ
3023 3135 3256 3206 χείρους.

2199 3381 2337 3451 Ὅρα
2368 3383 2450 3454 δὴ,
2479 3385 2579 3451 ὅτι,
2616 3386 2933 3459 βουλόμενος
2962 3391 3029 3446 τὰ
3054 3394 3295 3468 ἡμέτερα
3321 3399 3531 3456 ἀνελεῖν
3562 3404 3591 3454 ὀ
3620 3404 3692 3475 μὴ

2121 3472 2455 3545 ὁμολογήσας
2488 3478 2554 3529 δι’
2585 3478 2704 3531 ὅλου
2737 3481 2829 3534 τοῦ
2866 3486 3295 3556 συγγράμματος
3331 3472 3692 3565 Ἐπικούρειος

2122 3560 2289 3631 εἶναι,
2346 3568 2483 3637 πρὸς
2519 3570 2611 3622 τὸν
2674 3573 2991 3646 Ἐπίκουρον
3034 3578 3347 3649 αὐτομολῶν
3394 3583 3684 3655 ἐλέγχεται.

2124 3656 2263 3727 Ὥρα
2292 3657 2355 3729 δή
2388 3677 2468 3712 σοι
2492 3660 2567 3730 τῷ
2602 3664 2980 3735 ἐντυγχάνοντι
3004 3673 3116 3735 τοῖς
3142 3672 3348 3726 Κέλσου
3378 3674 3579 3742 λόγοις,
3601 3680 3685 3731 καὶ

2120 3753 2628 3824 συγκατατιθεμένῳ
2655 3759 2767 3821 τοῖς
2801 3763 3197 3833 προκειμένοις,
3234 3765 3349 3835 ἦτοι
3367 3766 3608 3839 ἀναιρεῖν
3628 3770 3683 3823 τὸ

2116 3841 2248 3895 Θεὸν
2300 3845 2614 3915 ἐπιδημεῖν,
2653 3850 3042 3922 προνοούμενον
3083 3854 3383 3925 ἀνθρώπων
3416 3859 3525 3912 τῶν
3569 3861 3678 3913 καθ’

2116 3933 2229 4001 ἕνα,
2267 3936 2319 4006 ἢ,
2345 3937 2548 3993 τιθέντι
2579 3940 2640 3992 τὸ
2672 3942 2910 3997 τοιοῦτον
2930 3986 2945 4009 ,
2979 3946 3316 4014 ψευδοποιεῖν
3356 3949 3449 4003 τὸν
3481 3952 3675 4005 Κέλσου

2113 4024 2286 4094 λόγον.
2313 4029 2374 4080 El
2410 4032 2506 4098 μὲν
2541 4029 2632 4085 οὖν
2674 4035 2847 4105 πάντη
2892 4037 3155 4106 Πρόνοιαν
3197 4041 3459 4111 ἀναιρεῖς,
3498 4042 3675 4111 ψευδο-

2113 4120 2361 4189 ποιήσεις
2392 4121 2555 4175 αὑτοῦ
2586 4126 2712 4187 τοὺς
2734 4125 2945 4193 λόγους,
2978 4129 3037 4181 ὲν
3060 4122 3140 4191 οἷς
3171 4129 3351 4201 τίθησι
3389 4132 3545 4196 θεοὺς
3592 4135 3674 4187 καὶ

2111 4209 2396 4280 Πρόνοιαν,
2428 4214 2513 4267 ἵνα
2541 4216 2713 4269 ταῦτα
2748 4220 2925 4289 φήσῃς
2954 4215 3092 4273 εἶναι
3119 4220 3312 4292 ἀληθῆ·
3346 4224 3393 4273 εἰ
3436 4224 3493 4276 δὲ
3531 4226 3671 4296 τίθης

2110 4303 2258 4355 οὐδὲν
2277 4300 2437 4376 ἦττον
2460 4307 2741 4377 Πρόνοιαν,
2765 4311 2837 4373 ὡς
2861 4313 2921 4363 ού
2947 4314 3470 4386 συγκατατιθέμενος
3493 4317 3669 4387 Κέλσῳ

3321 4408 3666 4479 κατεληλυθέ-

2110 4503 2217 4548 ναι,
2258 4485 2290 4555 ἦ
2325 4488 2686 4558 κατέρχεσθαι
2729 4493 2863 4563 πρὸς
2897 4494 3232 4565 ἀνθρώπους·
3273 4518 3291 4549 ι
3328 4499 3415 4553 διὰ
3468 4500 3520 4551 τί
3559 4502 3667 4569 ούχὶ

2106 4576 2378 4647 ἐπιμελῶς
2412 4579 2684 4645 ἐξετάσεις
2715 4585 2776 4636 ἐκ
2826 4585 2932 4638 τῶν
2966 4589 3094 4659 περὶ
3140 4590 3311 4660 Ἰησοῦ
3360 4593 3491 4661 ἡμῖν
3529 4592 3662 4645 λελε-

2103 4669 2318 4738 γμένων
2370 4671 2461 4723 καὶ
2506 4671 2613 4725 τῶν
2653 4675 2779 4745 περὶ
2811 4676 2974 4729 αὐτοῦ
3020 4682 3529 4751 προφητευομένων,
3556 4683 3661 4735 τίνα

2108 4759 2305 4829 μᾶλλον
2339 4762 2443 4832 χρὴ
2484 4765 2723 4833 νομίζειν
2756 4766 2886 4821 Θεὸν
2920 4769 3012 4821 καὶ
3059 4771 3193 4824 Θεοῦ
3230 4774 3398 4825 Παῖδα
3442 4775 3659 4844 κατελη-

2101 4849 2314 4903 λυθέναι
2343 4852 2477 4923 πρὸς
2501 4854 2839 4925 ἀνθρώπους,
2867 4859 2955 4912 τὸν
2988 4861 3221 4914 τοσαῦτα
3246 4866 3658 4936 οἰκονομήσαντα

2101 4945 2192 4995 καὶ
2232 4946 2531 5016 ποιήσαντα
2571 4948 2779 5018 Ἰησοῦν
2803 4990 2817 5013 ,
2853 4950 2883 5019 ἦ
2924 4952 3048 5014 τοὺς
3094 4955 3361 5023 προφάσει
3407 4959 3655 5029 χρησμῶν

2098 5039 2193 5088 καὶ
2227 5039 2493 5107 μαντειῶν
2518 5041 2591 5110 μὴ
2626 5041 3056 5112 ἐπανορθοῦντας
3085 5044 3184 5114 μὲν
3213 5047 3279 5099 τὰ
3308 5048 3411 5118 ἤθη
3440 5050 3547 5102 τῶν
3576 5052 3653 5103 θε-

2100 5131 2504 5201 ραπευομένων,
2552 5134 2646 5186 καὶ
2680 5135 2903 5205 προσέτι
2950 5136 2993 5188 δ’
3027 5138 3364 5204 ἀποστάντας
3404 5142 3506 5211 τῆς
3537 5142 3652 5195 εἰλι-

2096 5222 2316 5295 κρινοῦς
2348 5225 2441 5278 καὶ
2466 5224 2711 5300 καθαρᾶς
2744 5228 2881 5298 πρὸς
2900 5228 2993 5283 τὸν
3016 5230 3122 5285 τῶν
3148 5232 3285 5287 ὅλων
3315 5235 3542 5307 ποιητὴν
3572 5250 3650 5288 σε·

2097 5488 2246 5542 ταῦτ’
2283 5490 2429 5561 αύτῷ
2461 5490 2728 5564 λέλεκται,
2783 5508 2903 5547 cum
2939 5497 3185 5564 proxime
3211 5498 3397 5550 eodem
3430 5511 3645 5551 numero

2094 5562 2364 5628 praecedat
2402 5545 2556 5634 ίπρὸς
2583 5545 3354 5634 ,ταῦτανδὲπαλ-ιλλογοῦντι,
3411 5578 3466 5620 et
3508 5568 3640 5634 quod

2093 5631 2338 5697 sequitur
2369 5633 2447 5694 είς
2465 5631 2621 5684 τοῦθ’
2649 5635 2801 5702 ἡμῖν.
2838 5631 3635 5716 νοτιθιιείιιιιιεῐε«ιιιξιειοηὶιεδ

2093 5698 2248 5753 Libb.
2277 5702 2403 5754 editi
2436 5702 2536 5757 hoc
2568 5698 2935 5772 loco'babent,
2965 5706 3104 5761 τοῦτ’
3135 5704 3278 5773 αι)τῷ
3309 5705 3571 5762 λέλεκται.
