3986 6164
254 326 414 384 “85

1396 328 1676 385 CONTRA
1704 328 1982 385 CELSUM
2012 327 2139 385 LIB.
2200 327 2267 385 V.

3000 292 3073 303 ..ι-ι

3387 332 3529 390 H86

253 440 507 511 ϐασμίου
556 440 751 510 τιμῆς,
804 440 897 492 καὶ
949 439 1230 509 σχίζοντας
1272 443 1370 511 τὴν
1406 441 1515 494 τῶν
1554 442 1847 513 προσεχόν-

1961 456 2197 510 veroque
2229 441 2338 498 Deo
2364 438 2604 496 avellant
2634 443 2737 497 hoc
2768 441 3005 508 nomine,
3059 441 3137 497 sic
3172 442 3425 512 pietatem
3463 451 3531 506 ad

252 549 379 585 των
424 532 605 593 αὐτοῖς
651 530 829 601 ψυχὴν
872 533 1139 602 προφάσει
1171 532 1340 603 τιμῆς
1388 533 1647 587 πλειόνων
1691 534 1849 597 θεῶν,

255 622 382 676 ἀπὸ
404 621 498 673 τοῦ
532 621 649 683 ἑνὸς
670 624 764 674 καὶ
786 622 944 692 μόνου
977 622 1241 693 ἐναργοῦς
1271 623 1363 675 καὶ⁴
1386 623 1640 693 ἀληθινοῦ
1674 623 1809 675 Θεοῦ
1836 640 1849 688 ;

355 713 509 764 Ἐπεὶ
541 713 597 765 δὲ
640 712 777 782 μετά
803 713 994 773 ταῦτα,
1031 714 1105 775 ὡς
1137 712 1586 784 ἀποκριναμένων
1609 714 1674 767 ἂν
1721 716 1852 765 Ἰου-

255 802 435 856 δαίων
468 802 500 873 ἢ
530 803 866 874 Χριστιανῶν
889 804 1015 873 περὶ
1045 804 1152 856 τῶν
1184 804 1320 874 πρὸς
1344 802 1663 874 ἀνθρώπους
1685 819 1854 857 κατα-

259 895 688 956 ϐαινόντων,ὅτι
716 890 824 947 εἶεν
856 894 1095 962 ἄγγελοι,
1132 895 1315 965 φησίν·
1356 914 1373 946 ι
1408 896 1469 947 Ei
1498 895 1553 948 δέ
1568 912 1718 958 τινας
1749 896 1851 963 ἀγ-

258 984 467 1052 γέλους
500 986 657 1054 φατέ⁶
694 1005 711 1035 ι
740 986 834 1038 καὶ
855 987 1249 1055 προσεπερωτᾷ
1278 986 1471 1053 λέγων,
1513 1006 1531 1038 ‹
1559 986 1708 1049 τίνας
1728 987 1854 1038 τού-

259 1093 401 1138 τους
450 1076 658 1144 λέγετε;
689 1075 879 1139 Θεοὺς,
915 1076 947 1146 ἢ
999 1076 1127 1130 ἄλλο
1158 1095 1210 1129 τι
1253 1077 1428 1144 γένος
1482 1097 1500 1128 ι
1538 1072 1655 1129 εἶτα
1692 1077 1852 1131 πάλιν

261 1166 438 1218 οἱονεὶ
465 1166 934 1237 ἀποκριναμένους
965 1167 1087 1234 ἀγει
1116 1166 1214 1235 (4),
1245 1168 1325 1219 ὄτι
1356 1186 1373 1217 ι
1415 1168 1542 1221 ἄλλο
1575 1184 1648 1229 τι,
1678 1167 1754 1229 ὡς
1778 1169 1854 1218 εἰ-

263 1256 391 1319 κὸς,
419 1257 545 1320 τοὺς
577 1258 854 1327 δαίμονας
900 1277 917 1308 ι
958 1258 1107 1326 φέρε,
1148 1258 1241 1309 καὶ
1291 1257 1461 1310 ταῦτα
1503 1258 1853 1327 κατανοήσω-

269 1364 397 1417 μεν.
447 1348 917 1419 Ὁμολογουμένως
943 1349 1039 1418 μὲν
1061 1348 1167 1419 γὰρ
1192 1348 1455 1415 ἀγγέλους
1481 1349 1657 1417 φαμὲν
1696 1366 1713 1399 ι
1747 1347 1856 1400 λει-

263 1438 537 1508 τουργικὰ
569 1438 728 1501 ὄντας
760 1439 1065 1509 πνεύματα,
1096 1440 1188 1492 καὶ
1220 1441 1299 1501 είς
1320 1438 1591 1500 διακονίας
1627 1436 1702 1508 (5)
1731 1438 1856 1491 ἀπο-

265 1531 603 1601 στελλόμενα
650 1530 736 1584 διά
764 1533 890 1594 τοὺς
948 1531 1235 1601 μέλλοντας
1274 1531 1627 1600 κληρονομεῖν
1674 1547 1854 1600 σωτη-

272 1622 422 1691 ρίανυ
466 1641 484 1671 ι
522 1621 830 1674 ἀναϐαίνειν
867 1622 963 1692 μὲν
996 1622 1369 1692 προσάγοντας
1408 1620 1480 1691 (6)
1515 1621 1612 1684 τὰς
1637 1621 1743 1674 τῶν
1764 1622 1856 1675 ἀν-

277 1710 518 1781 θρώπων
545 1712 814 1776 ἐντεύξεις
841 1716 897 1765 ὲν
928 1716 1039 1774 τοῖς
1068 1711 1477 1782 καθαρωτάτοις
1508 1710 1601 1765 τοῦ
1649 1712 1853 1781 κόσμου

276 1802 501 1872 χωρίοις
523 1803 882 1873 ἐπουρανίοις,
917 1803 949 1874 ἢ
982 1804 1080 1855 καὶ·
1101 1806 1212 1866 τοῖς
1232 1802 1437 1855 τούτων
1456 1802 1855 1873 καθαρωτέροις
1888 1795 1926 1848 Β

270 1890 721 1963 ὑπερουρανίοις·
768 1894 1119 1948 καταϐαίνειν
1153 1894 1196 1947 δ’
1230 1890 1296 1947 αὖ
1332 1893 1561 1957 ἐκεῖθεν,
1594 1893 1856 1964 φέροντας

278 1984 360 2054 (7)
390 1984 601 2056 ἑκάστῳ
628 1985 745 2038 κατ’
780 1984 934 2049 ἀξίαν
964 1985 1073 2038 τῶν
1103 1984 1211 2038 ἀπὸ
1257 1983 1392 2036 Θεοῦ
1432 2001 1485 2037 τι
1520 1984 1698 2046 αὐτοῖς
1735 1982 1852 2035 δια-

279 2078 458 2128 κονεῖν
499 2079 612 2140 τοῖς
659 2076 1135 2148 εὐεργετουμένοις
1176 2075 1683 2146 προστασσομένων.
1715 2074 1853 2127 Τού-

273 2181 405 2230 τους
434 2167 496 2238 δὴ
531 2167 793 2235 ἀγγέλους
824 2167 931 2220 ἀπὸ
963 2167 1056 2219 τοῦ
1088 2167 1248 2237 ἔργου
1276 2166 1454 2219 αὐτῶν
1478 2165 1853 2237 μεμαθηκότες

274 2258 481 2323 καλεῖν,
513 2258 836 2329 εὑρίσκομεν
868 2259 1083 2324 αὐτοὺς,
1118 2258 1205 2311 διὰ
1236 2259 1296 2311 τὸ
1340 2257 1518 2320 θείους
1550 2254 1685 2311 εἶναι
1710 2296 1724 2319 ,
1760 2259 1856 2310 καὶ

274 2348 431 2413 θεοὺς
475 2353 531 2405 ὲν
579 2355 694 2415 ταῖς
743 2354 915 2423 ἱεραῖς
962 2369 1094 2404 ποτε
1128 2349 1558 2420 ὀνομαζομένους
1590 2350 1849 2419 Γραφαῖς·

268 2441 385 2493 ἀλλ’
433 2444 531 2513 οὐχ
562 2443 701 2495 ὥστε
746 2441 1184 2514 προστάσσεσθαι
1216 2443 1347 2511 ἡμῖν
1381 2442 1503 2503 τοὺς
1546 2439 1853 2493 διακονοῦν-

270 2548 394 2595 τας,
415 2534 507 2585 καὶ¹
533 2534 794 2604 φέροντας
823 2537 952 2604 ἡμῖν
977 2534 1046 2585 τά
1074 2532 1167 2585 τοῦ
1190 2532 1320 2585 Θεοῦ
1359 2533 1536 2585 σέϐειν
1566 2534 1660 2585 καὶ
1690 2549 1856 2602 προσ-

283 2626 467 2675 κυνεῖν
495 2625 614 2676 ἀντὶ
674 2624 767 2677 τοῦ
800 2624 955 2677 Θεοῦ.
986 2625 1174 2676 Πᾶσαν
1213 2624 1308 2693 μὲν
1354 2623 1462 2694 γὰρ
1505 2623 1686 2692 δέησιν
1712 2662 1726 2686 ,
1762 2625 1855 2677 καὶ

277 2716 606 2786 προσευχὴν,
642 2715 736 2768 καὶ
763 2714 1018 2778 ἔντευξιν,
1053 2715 1148 2767 καὶ
1180 2714 1529 2785 εὐχαριστίαν
1550 2753 1565 2777 ,
1612 2716 1856 2785 ἀναπεμ-

276 2806 441 2859 πτέον
466 2807 542 2877 τῷ
574 2808 667 2860 ἐπὶ
697 2809 828 2859 πᾶσι
861 2806 979 2876 Θεῷ
1009 2807 1097 2860 διὰ
1117 2806 1210 2859 τοῦ
1246 2808 1337 2859 ἐπὶ
1369 2807 1583 2859 πάντων
1608 2807 1856 2875 ἀγγέλων

272 2896 574 2968 ἀρχιερέως
623 2898 864 2969 ἐμψύχου
916 2901 1092 2967 Λόγου
1125 2900 1219 2951 καὶ
1259 2897 1424 2951 Θεοῦ·
1468 2897 1767 2967 δεησόμεθα
1798 2898 1856 2951 δὲ

253 2985 369 3045 ῖκαὶ
401 2991 563 3046 αὑτοῦ
593 2992 686 3045 τοῦ
716 2994 887 3061 Λόγου
908 3034 923 3057 ,
974 2993 1067 3046 καὶ
1114 2990 1472 3061 ἐντευξόμεθα
1516 2990 1665 3060 αὑτῷ
1687 3030 1703 3054 ,
1755 2990 1852 3043 καὶ

274 3087 760 3157 εὐχαριστήσομεν,
792 3086 884 3139 καὶ
913 3083 1316 3157 προσευξόμεθα
1337 3083 1413 3146 δὲ,
1444 3082 1538 3135 ἐὰν
1569 3081 1854 3152 δυνώμεθα

1958 532 2142 602 plures
2168 533 2298 588 deos
2329 532 2642 602 pertinere?

2028 719 2082 772 ι.
2112 719 2335 785 Deinde,
2359 721 2512 789 quasi
2539 717 2707 775 Judaei
2736 728 2800 774 et.
2818 704 3114 775 Christiani
3142 736 3296 776 suam
3328 723 3395 778 de
3437 725 3529 790 iis,

1960 807 2050 874 qui
2078 809 2145 862 ad
2178 809 2426 862 homines
2458 809 2877 872 descenderunt,
2917 819 3151 863 mentem
3185 814 3530 879 aperuissent

1962 899 2474 967 respondissentque
2499 914 2618 953 esse
2640 899 2862 967 angelos
2885 919 2897 954 :
2920 919 2938 951 ‹
2962 901 3019 954 Si
3046 904 3263 970 angelos
3288 905 3525 967 dicitis,»

1961 998 2134 1059 rogat,
2177 1007 2197 1040 ι
2221 990 2440 1056 quinam
2462 989 2569 1042 sint
2594 990 2879 1057 explicate.
2910 992 3086 1055 Diine,
3111 1008 3179 1047 an
3208 996 3348 1063 quod
3374 997 3516 1051 aliud

1959 1081 2153 1149 genus?
2183 1099 2201 1131 ι
2232 1081 2370 1133 'l‘um
2439 1080 2590 1147 quasi
2645 1094 2964 1149 responsum
3009 1085 3076 1137 ab
3117 1087 3197 1139 eis
3260 1086 3464 1142 tulisset
3512 1106 3527 1142 :

1966 1190 1985 1223 ι
2023 1172 2128 1225 Vos
2158 1172 2337 1236 audio,
2372 1170 2567 1238 inquit,
2606 1178 2729 1224 sunt
2753 1172 2882 1239 quid
2919 1172 3083 1239 aliud,-
3116 1189 3309 1245 nempe
3335 1176 3534 1231 agema-

1960 1276 2079 1315 nes.
2121 1279 2139 1311 ι
2177 1260 2279 1314 Hic
2310 1262 2571 1328 tantisper
2601 1262 2974 1314 immoremur.
3021 1263 3273 1319 Fatemur
3313 1269 3535 1337 angelos

1960 1366 2079 1405 esse
2106 1370 2123 1401 ι
2162 1351 2659 1406 administratorios
2685 1352 2906 1420 spiritus
2931 1351 2983 1404 in
3009 1354 3369 1411 ministerium
3397 1360 3534 1414 mis-

1962 1458 2049 1497 sos
2098 1454 2318 1513 propter
2374 1457 2467 1498 eos
2535 1443 2627 1513 qui
2703 1444 3072 1498 haereditatem
3126 1447 3346 1514 capiunt
3383 1449 3533 1504 salu-

1963 1535 2030 1588 tis
2056 1534 2122 1597 ";
2150 1553 2168 1586 ι
2204 1533 2322 1586 illos
2340 1533 2499 1587 modo
2525 1533 2591 1585 ad
2622 1533 2909 1600 purissima
2931 1548 3100 1602 eaque
3123 1534 3362 1591 cmlestia
3387 1537 3535 1607 loca0

1961 1632 2054 1677 aut
2085 1626 2248 1677 etiam
2276 1638 2436 1692 supra
2470 1625 2639 1678 caelos
2666 1623 2731 1677 ad
2761 1624 3011 1690 puriores
3052 1627 3206 1679 sedes
3237 1629 3534 1687 ascendere
3560 1678 3561 1681 η

1962 1717 2027 1768 ad
2062 1714 2367 1769 oﬂ‘erendas
2401 1715 2674 1768 hominum
2704 1729 2913 1784 preces;
2950 1715 3111 1768 modo
3154 1716 3300 1770 illinc
3329 1717 3529 1789 delabi,

1960 1814 2018 1859 ut
2061 1805 2353 1873 unicuique
2398 1804 2630 1859 afferant
2688 1805 2831 1873 quod
2901 1805 2975 1858 illi
3007 1806 3147 1861 Deus
3187 1822 3285 1875 pro
3320 1810 3531 1867 meritis

1959 1896 2191 1949 eonl‘erri
2222 1894 2404 1962 jussit.
2436 1895 2546 1951 Etsi
2578 1910 2705 1950 vero
2738 1895 2947 1965 angeli.
3006 1911 3141 1963 quos
3191 1912 3220 1950 a
3263 1914 3364 1953 suo
3410 1900 3527 1954 olli-
3603 1906 3608 1913 '

1960 1986 2044 2040 cio
2084 1986 2164 2040 sic
2198 1986 2495 2054 appellatos
2535 1986 2855 2051 didicimus,
2900 1986 2971 2039 dii
3025 1988 3190 2041 etiam
3238 1989 3531 2059 aliquando

1961 2079 2015 2132 in
2046 2078 2220 2132 sacris
2257 2075 2555 2147 Scripturis
2607 2077 2977 2144 nominantur,
3029 2088 3313 2147 propterea
3386 2084 3531 2150 quod

1962 2168 2130 2222 divini
2181 2176 2335 2233 sunt;
2383 2182 2647 2236 nusquam
2687 2178 2864 2223 tamen
2913 2169 2985 2223 ibi
3017 2180 3338 2239 praeceptum
3374 2187 3533 2242 repec

1962 2259 2090 2321 rias,
2120 2258 2283 2328 580
2311 2265 2389 2324 ut,
2426 2259 2517 2328 qui
2548 2259 2659 2313 Deo
2688 2259 2914 2314 debetur
2942 2261 3141 2324 cultus,
3170 2265 3360 2316 eodem
3395 2280 3525 2332 pro-

1961 2364 2251 2417 sequamur
2276 2364 2394 2413 eos,
2444 2364 2675 2418 quorum
2724 2350 2881 2405 nobis
2928 2350 3271 2405 ministrandi
3322 2352 3529 2420 Deique

1960 2440 2100 2494 dona
2128 2438 2385 2493 all‘erendi
2413 2440 2681 2507 negotium
2717 2448 2820 2494 est.
2845 2439 2977 2493 Nam
3002 2456 3189 2496 omnes
3215 2443 3531 2511 postulatio-

1962 2545 2079 2594 nes,
2112 2530 2474 2599 precationes,
2502 2531 2778 2584 orationes
2804 2571 2819 2596 ,
2858 2532 3153 2599 gratiarum
3190 2532 3427 2587 actiones
3461 2538 3529 2588 ad

1961 2622 2129 2675 Deum
2157 2628 2371 2689 oportet
2396 2621 2627 2687 dirigere
2652 2636 2748 2688 per
2768 2636 3035 2675 summum
3061 2623 3394 2676 sacerdotem
3419 2640 3532 2676 om.

1961 2711 2121 2766 nibus
2150 2711 2355 2779 angelis
2375 2711 2729 2778 superiorem,
2758 2711 2991 2765 Verbum
3028 2710 3208 2764 vivum
3246 2724 3301 2767 et
3334 2713 3527 2771 Deum.

1963 2802 2102 2867 Quin
2125 2808 2179 2854 et
2204 2803 2302 2855 hoc
2332 2802 2505 2869 ipsum
2540 2799 2779 2855 Verbum
2812 2802 3122 2868 orabimus,
3172 2802 3247 2857 illi
3287 2803 3525 2859 feremus

1964 2905 2179 2961 preces,
2207 2891 2281 2945 illi
2312 2892 2521 2960 gratias
2557 2906 2805 2960 agemus,
2840 2889 2916 2944 illi
2962 2902 3084 2944 vota
3137 2892 3431 2960 faciemus;
3480 2897 3531 2948 si

1961 2986 2120 3039 modo
2162 2984 2437 3052 propriam
2471 2984 2802 3051 precationis
2840 2984 3108 3052 possimus
3130 2984 3197 3039 ab
3233 2985 3529 3057 impmpria

1959 3089 2246 3134 secernere
2276 3074 2573 3129 notionem.

275 3180 597 3233 κατακούειν
624 3181 721 3251 τῆς
744 3181 871 3252 περὶ
892 3179 1197 3252 προσευχῆς
1215 3177 1553 3250 κυριολεξίας
1580 3178 1676 3231 καὶ
1705 3175 2094 3247 καταχρήσεως
2112 3170 2207 3241 (8).

357 3271 639 3338 Ἀγγέλους
687 3272 760 3341 (9)
808 3272 915 3343 γὰρ
959 3272 1182 3325 καλέσαι
1225 3272 1297 3342 μὴ
1341 3269 1706 3333 ἀναλαϐόντας
1753 3267 1850 3339 τὴν

2022 3265 2074 3319 5.
2114 3263 2312 3318 Verum
2342 3260 2595 3331 angelos,
2637 3273 2869 3327 quorum
2918 3260 3154 3329 cognitio
3193 3274 3315 3329 qua:
3358 3274 3523 3331 supra

276 3360 417 3431 ὑπὲρ
440 3360 757 3431 ἀνθρώπους
789 3362 916 3432 περὶ
945 3362 1121 3415 αὐτῶν
1143 3364 1335 3432 ὲπιστή
1347 3379 1471 3432 μην,
1495 3362 1595 3414 οὐκ
1612 3360 1850 3429 εὔλογον.

276 3450 394 3503 Ἵνα
418 3451 475 3503 δὲ
507 3451 628 3504 καθ’
658 3452 910 3506 ὑπόθεσιν
940 3453 1123 3523 ήπερὶ
1150 3453 1325 3506 αὐτῶν
1358 3454 1631 3522 ἐπιστήμη
1654 3490 1668 3514 ,
1722 3451 1853 3503 θαυ-

278 3541 473 3612 μάσιός
506 3560 591 3606 τις
622 3539 756 3596 οὖσα
782 3546 875 3597 καὶ
916 3544 1258 3615 ἀπόρρητος,
1313 3543 1669 3613 καταληφθῇ,
1713 3543 1852 3613 αὕτη

274 3636 305 3705 ἡ
336 3635 634 3706 ἐπιστήμη,
664 3638 1066 3707 παραστήσασα
1098 3636 1197 3708 τὴν
1232 3635 1391 3704 φύσιν
1425 3634 1624 3698 αὐτῶν,
1651 3634 1742 3685 καὶ
1765 3634 1852 3701 ἐφ’

275 3721 353 3789 οἷς
377 3728 512 3780 εἰσιν
541 3726 758 3780 ἕκαστοι
781 3727 1123 3797 τεταγμένοι,
1144 3727 1245 3779 οὑκ
1275 3727 1427 3778 ὲάσει
1454 3725 1597 3795 ἄλλῳ
1630 3723 1851 3794 θαρρεῖν

277 3816 527 3888 εὔχεσθαι
560 3819 593 3890 ἢ
622 3818 700 3889 τῷ
728 3819 864 3888 πρὸς
892 3819 1068 3872 πάντα
1086 3818 1299 3888 διαρκεῖ
1333 3818 1424 3869 ἐπὶ
1454 3818 1589 3870 πᾶσι
1619 3815 1736 3886 Θεῷ
1757 3814 1845 3867 διά

275 3909 368 3965 τοῦ
383 3911 631 3981 Σωτῆρος
658 3910 814 3981 ἡμῶν
837 3910 967 3962 Υίοῦ
1000 3910 1092 3962 τοῦ
1125 3910 1281 3972 Θεοῦ,
1308 3910 1366 3971 ὃς
1399 3910 1513 3961 ἐστι
1540 3907 1729 3974 Λόγος,
1761 3908 1853 3959 καὶ

279 4002 456 4071 σοφία,
481 4003 573 4055 καὶ
602 4002 846 4072 ἀλήθεια,
874 4002 965 4054 καὶ
993 4002 1093 4054 ὅσα
1123 4001 1256 4054 ἄλλα
1277 4001 1496 4067 λέγουσι
1528 3998 1655 4068 περὶ
1686 3998 1853 4050 αὐτοῦ

279 4093 462 4147 αἰτῶν
491 4091 783 4162 προφητῶν
820 4090 914 4143 τοῦ
953 4091 1087 4143 Θεοῦ
1119 4091 1213 4143 καὶ
1250 4090 1359 4141 τῶν
1402 4088 1713 4142 ἀποστόλων
1756 4086 1853 4139 τοῦ

290 4182 462 4254 Ἰησοῦ
494 4185 729 4254 Γραφαί.
773 4184 955 4253 Ἀρκεί
980 4183 1037 4234 δὲ
1078 4182 1217 4251 πρὸς
1260 4180 1321 4232 τὸ
1371 4181 1528 4242 ἵλεως
1568 4181 1699 4250 ἡμῖν
1728 4179 1854 4241 τοὺς

276 4274 460 4343 ἁγίους
488 4275 752 4343 ἀγγέλους
784 4271 921 4326 εἶναι
952 4272 1045 4325 τοῦ
1075 4270 1233 4333 Θεοῦ,
1266 4272 1359 4323 καὶ
1385 4270 1560 4323 πάντα
1592 4269 1850 4340 πράττειν

276 4367 471 4429 αὐτοὺς
498 4366 638 4437 ὑπὲρ
669 4363 901 4435 ἡμῶν,ἡ
938 4362 1074 4431 πρὸς
1104 4361 1195 4414 τὸν
1222 4360 1353 4413 Θεὸν
1398 4359 1634 4422 διάθεσις
1664 4362 1696 4430 ή
1708 4358 1846 4429 μῶν,

277 4458 373 4525 ὅση
400 4455 628 4526 δύναμις
656 4452 970 4522 ἀνθρωπίνῃ
1000 4450 1181 4519 φύσει,
1220 4448 1530 4520 μιμουμένη
1576 4446 1676 4517 τὴν
1707 4448 1850 4499 ὲκεί-

278 4565 379 4601 νων
406 4545 742 4616 προαίρεσιν,
788 4540 1134 4613 μιμουμένων
1174 4540 1352 4591 αὐτῶν
1382 4538 1471 4590 τὸν
1519 4535 1650 4588 Θεὸν
1695 4536 1847 4606 (l0),

1955 3355 2226 3410 hominem
2262 3363 2367 3417 est,
2392 3360 2707 3420 comparata
2748 3365 2853 3404 non
2894 3350 3080 3414 fuerit,
3111 3366 3139 3403 a
3170 3352 3327 3405 nobis
3366 3352 3521 3407 invo-

1955 3446 2088 3508 cari,
2124 3454 2269 3500 recta
2306 3444 2446 3498 ratio
2477 3458 2584 3496 non
2612 3442 2836 3509 patitur.
2865 3442 2978 3510 Age
3014 3456 3176 3509 porro
3203 3454 3520 3510 comparata

1956 3535 2120 3588 fuerit
2160 3533 2496 3587 admirabilis
2529 3531 2620 3585 illa
2646 3540 2699 3585 et
2730 3546 2931 3586 arcana
2981 3532 3295 3601 angelorum
3328 3536 3521 3604 cogni-

1958 3627 2052 3679 tio.
2090 3623 2225 3677 Tum
2259 3623 2478 3690 quidem
2505 3636 2692 3675 eorum
2737 3630 2931 3674 natura
2980 3631 3034 3675 et
3064 3622 3236 3675 ollicia
3261 3662 3275 3685 ,
3322 3624 3525 3692 quibus

1957 3716 2275 3785 iunguntur,
2307 3724 2430 3767 nota
2471 3720 2653 3776 erunt;
2688 3711 2780 3765 sed
2806 3712 2911 3766 hoc
2955 3713 3128 3781 ipsum
3170 3714 3524 3779 absterrebit,

1955 3823 2022 3861 ne
2050 3821 2236 3874 preces
2262 3805 2351 3857 alii
2381 3803 2650 3867 ferantur,
2692 3817 2853 3872 quam
2911 3802 3194 3858 suilli-.ienti
3240 3805 3307 3858 ad
3342 3806 3524 3860 omnia

1955 3898 2062 3952 Deo
2093 3912 2186 3966 per
2212 3895 2549 3951 Salvatorem
2578 3905 2823 3949 nostrum
2857 3895 2946 3949 Dei
2978 3895 3198 3962 Filium,
3245 3897 3338 3965 qui
3392 3897 3525 3951 Ver-

1953 3991 2079 4043 bum
2107 3995 2213 4054 est,
2243 3994 2297 4042 et
2325 3987 2614 4055 sapientia,
2641 3995 2696 4041 et
2720 3980 2958 4052 veritas,
2975 3998 3030 4041 et
3050 3988 3308 4057 quidquid
3343 3990 3410 4044 de
3433 3989 3524 4045 illo

1954 4081 2335 4150 prophetarum
2363 4080 2457 4134 Dei
2485 4080 2968 4149 apostolorumque
2997 4079 3125 4134 Je'su
3159 4082 3364 4149 scripta
3393 4094 3525 4149 pro-

1953 4173 2224 4226 diderunt.
2258 4172 2433 4239 Atque
2459 4178 2520 4225 ut
2546 4170 2724 4240 angeli
2755 4172 2913 4226 nobis
2942 4171 3158 4239 propitii
3183 4170 3292 4223 sint
3321 4172 3521 4226 nostri-

1952 4277 2057 4330 que
2085 4263 2258 4331 gratia
2283 4261 2463 4317 omnia
2495 4261 2717 4325 faciant,
2750 4262 2881 4315 satis
2911 4270 3013 4325 est,
3038 4262 3106 4324 si,
3135 4273 3394 4329 quantum
3421 4272 3525 4331 per

1952 4351 2204 4405 humana:
2241 4359 2447 4404 natura
2479 4352 2625 4405 vires
2661 4350 2809 4413 licet,
2838 4365 2967 4419 erga
3014 4352 3181 4405 Deum
3234 4352 3309 4406 ita
3351 4352 3526 4409 simus

1952 4440 2151 4506 aﬂ‘ccti,
2182 4455 2245 4494 ac
2278 4440 2377 4505 illi;
2405 4455 2590 4494 eorum
2644 4442 2977 4509 prepositum
3020 4441 3297 4497 imitantes
3335 4459 3523 4513 quern-

1954 4531 2238 4584 admodnm
2263 4540 2316 4583 ct
2337 4532 2437 4597 ipsi
2470 4531 2638 4583 Deum
2663 4531 2973 4595 imitantur;
3001 4540 3055 4585 et
3080 4542 3336 4600 prreterea
3369 4533 3525 4587 nobis

278 4637 367 4691 καὶ
395 4639 426 4707 ἡ
453 4602 598 4707 ’πρδξ
625 4602 867 4687 «avris;
897 4602 1062 4685 αὐτοῦ
1089 4632 1260 4698 Λόγον
1296 4631 1427 4699 (ιι),
1461 4629 1602 4681 κατὰ
1633 4602 1847 4695 ea..-

1961 4637 2013 4675 ea
2046 4621 2117 4675 sit
2146 4621 2266 4674 Filii
2298 4620 2413 4687 ejus
2443 4619 2599 4675 Verbi
2630 4624 2798 4689 notio,
2825 4638 2943 4691 qua:
2977 4639 3080 4676 non
3105 4623 3276 4677 solum
3302 4623 3523 4679 clariori

279 4726 563 4797 κτὸνήμίν,
592 4725 859 4795 διάληψις,
886 4725 991 4776 οὐκ
1018 4720 1400 4790 ὲναντιουμένη
1426 4722 1495 4789 τῇ
1545 4718 1847 4789 τρανοτέρᾳ

338 4849 380 4878 ⁷⁷
413 4846 575 4901 llcbr.
613 4864 650 4911 ι,
682 4848 770 4901 14.

352 4978 985 5050 (ἣἈποκριναμένους
1021 4975 1168 5050 (rrec.
1210 4972 1301 5050 §ic
1331 4967 1658 5050 mss._Libri
1705 4980 1837 5049 rem

283 5043 406 5105 editi
440 5048 489 5101 in
526 5043 693 5118 textu,
732 5043 1185 5118 ἀποκριναμένοις
1214 5043 1358 5109 ἄγει,
1395 5051 1449 5094 et
1481 5043 1533 5092 in
1573 5043 1837 5106 margine,

283 5121 419 5175 ἀποκ
427 5135 545 5189 ρινα
551 5117 727 5189 μένοις
744 5117 889 5189 λέγει
895 5156 908 5169 .

349 5175 909 5256 (5)’5ἰε’11ωεὶ;ιιείίιιε
930 5195 984 5240 et
1026 5197 1154 5236 mss.
1178 5198 1193 5246 ;
1224 5180 1553 5249 Spencerus,
1578 5190 1731 5240 vero,
1760 5175 1839 5238 εις

283 5259 894 5450 δίῖἒῗνίέοσάγοντας,
923 5332 1030 5379 ctc.
1057 5320 1192 5374 Vide
1226 5318 1671 5387 Origeniunorum
1698 5310 1841 5365 llue-

287 5399 343 5450 tii
382 5401 455 5450 ib.
488 5413 547 5450 ιι.
570 5403 767 5450 aliaest.
800 5394 855 5447 5.

287 5394 455 5463 tiilib.
488 5394 547 5459 ιι,
570 5403 767 5465 quaest.
800 5394 855 5447 5.

351 5469 424 5538 (7)
455 5466 766 5541 Φέροντας,
800 5475 906 5541 etc.
956 5458 1252 5541 Verborum
1288 5457 1403 5536 huic
1444 5460 1838 5541 estuconstru-

285 5527 383 5593 cui;
410 5527 423 5592 Ξ
451 5527 947 5612 φέρονταςέκάστω
963 5529 1081 5612 κατ’
1100 5527 1254 5612 ἀξίαν
1268 5544 1321 5578 τι
1336 5527 1444 5610 τῶν
1461 5527 1642 5611 αὐτοῖς
1674 5538 1838 5612 προσ-

285 5590 619 5678 τασσομένων
660 5590 767 5657 ἀπὸ
806 5590 945 5655 Θεοῦ
989 5598 1403 5678 διακονείνποῖς
1449 5590 1835 5678 εὐεργετοξξμέ-

1956 4714 2056 4779 illi,
2090 4728 2249 4781 quam
2285 4714 2459 4783 angeli
2492 4713 2669 4769 sancti
2701 4714 2768 4770 de
2796 4714 2888 4770 illo
2936 4716 3134 4771 habent
3162 4755 3178 4781 ,
3219 4730 3325 4771 non
3364 4731 3524 4786 repu¢

2017 4962 2097 5031 (8)7
2139 4959 2272 5013 Ἐὰν
2300 4958 2609 5031 δυνιζιμεθα
2637 4959 3132 5031 κατακούειν-τῆς
3168 4962 3299 5029 περὶ
3334 4972 3522 5031 προσ*

1946 5030 2136 5100 ευχῆς
2178 5029 2555 5097 κυριολεξίας
2605 5028 2709 5082 καί
2742 5028 3183 5097 καταχρήσεως.
3231 5028 3514 5087 ΥἰιίθῚιίιΓ.

1950 5118 1988 5153 ιι
2023 5100 2481 5153 Oriaenianorum.
2507 5108 2696 5153 nuazst.
2727 5099 2782 5153 2.
2818 5115 2967 5153 num.
3002 5100 3092 5153 ‘29.

1950 5118 1988 5155 ιι
2023 5115 2481 5167 urtgemanorum,
2507 5115 2696 5166 quam.
2727 5115 2782 5163 ιι,
2818 5115 2967 5153 ιιιιιιι.
3002 5115 3092 5153 2:5.

2022 5169 2095 5241 (9)
2127 5166 2463 5241 ΔἈγγέλους,
2492 5179 2597 5241 σξιο.
2633 5169 2762 5223 Vide
2804 5168 2900 5227 lib.
2946 5185 2997 5239 ,ιι
3049 5168 3513 5237 Origenianorum,

1950 5237 2234 5308 quinStion.
2265 5238 2321 5300 5,
2349 5253 2497 5290 num.
2527 5237 2617 5292 56.

2024 5308 2134 5380 (l0)
2169 5306 2259 5380 Sic
2284 5322 2427 5380 _mss.
2462 5316 2520 5380 et
2550 5313 2697 5380 recte
2727 5306 3131 5380 omninoglibb.
3168 5313 3345 5380 autem
3384 5306 3515 5362 editi

1946 5379 1998 5433 in
2027 5374 2173 5448 iextu
2214 5377 2413 5448 habent
2446 5392 2461 5448 :_
2494 5377 2593 5448 ὅση
2617 5376 2845 5448 δύναμις
2884 5375 3195 5448 ἀνθρωπίνη
3232 5374 3402 5448 φύσις.
3424 5394 3514 5444 μι-

1946 5447 2186 5519 μουμένη
2220 5446 2316 5517 τὴν
2347 5443 2773 5500 ὲκείνωνάὐτῶν
2807 5443 3125 5516 προαίρεσιν
3166 5443 3515 5513 μιμουμένων

1940 5516 2032 5571 τὸν
2056 5516 2216 5569 Θεόν.

2012 5588 2208 5659 (Il)?!
2234 5585 2380 5655 πρὸς
2394 5585 2502 5659 τὸν
2537 5584 2675 5659 Υὶὸκ
2701 5581 2886 5659 αὐτοῦ
2919 5583 3152 5659 Adfert
3170 5591 3276 5659 etc.
3314 5581 3513 5659 Quieto

285 5651 1187 5744 ᾅξιξῖῖἷῖῗὼνῗιέῥοᾶ-Ξάὰσόμένων
1239 5667 1309 5719 sit
1359 5651 1423 5744 in“
1448 5651 1833 5744 ireti'tro;nV'idc

1961 5651 2287 5712 .cribenduni
2324 5656 2531 5711 videtur
2582 5671 2597 5709 :
2630 5657 2672 5725 gi]
2722 5654 2849 5723 περὶ
2880 5651 2975 5705 τοῦ
3024 5651 3154 5705 Υίοῦ
3197 5652 3363 5706 αὐτοῦ
3403 5654 3512 5709 A6-

288 5731 451 5803 lluétii
489 5748 579 5803 lib.
613 5761 649 5799 Il
681 5731 1141 5815 Origenianorum,
1171 5744 1359 5807 quiest.
1394 5735 1446 5803 5,
1479 5750 1601 5787 ιιιιιιι
1634 5731 1721 5786 56.

1931 5737 2195 5811 γουμυιο.
