3986 6164
493 237 630 297 118Ἱ

1940 234 2270 294 OBIGENIS

3649 239 3834 298 1188

490 369 648 431 gnet,
670 358 765 416 sed
795 374 916 429 qua:
948 355 1113 415 etiam
1148 357 1350 414 clarior
1381 357 1437 412 in
1467 357 1585 414 dies
1621 357 2061 427 explanatiorque

2176 355 2305 427 περὶ
2342 353 2506 406 αὐτοῦ
2548 353 2796 426 διαλήψει
2834 354 2943 407 τῷν
2983 355 3154 424 ἀγὶων
3188 355 3466 424 ἀγγέλων,
3515 355 3652 408 ἀλλ’
3709 359 3822 413 ἐπ’

491 451 640 508 facta
664 453 731 508 ad
767 452 913 506 illam
944 451 1205 506 accedere
1238 449 1552 505 contendat.
1584 449 1742 505 Unde
1771 449 1921 518 quod
1950 448 2075 503 Cel-

493 556 590 598 sus
622 543 912 609 respondet
938 542 1044 595 sibi
1076 540 1235 610 quasi
1271 541 1455 596 verbis
1473 541 1708 604 nostris,
1749 558 1767 591 ι
1822 541 2070 611 angelos,

492 633 586 702 qui
620 628 685 682 ad
719 633 1024 697 praestanda
1061 631 1376 688 hominibus
1406 631 1675 688 beneﬁcia
1708 633 2072 698 descendunt,

491 738 613 780 esse
641 723 858 793 aliquod
885 736 1058 793 genus
1091 722 1371 780 diversum
1403 739 1436 778 a
1469 725 1599 790 diis,
1635 739 1841 794 eosque
1881 725 2077 794 proba-

489 814 671 870 biliter
703 831 825 870 esse
855 815 1150 884 dmmones;
1201 836 1220 870 ι
1259 819 1312 872 id
1343 818 1582 872 hominis
1615 827 1702 872 est
1747 820 1838 886 qui
1887 833 2075 873 sacras

488 917 708 963 nostras
755 908 1066 978 Scripturas
1109 924 1217 965 non
1252 910 1400 981 legit.
1439 909 1550 965 Nec
1583 911 1731 964 videt
1769 911 2074 965 dzemonum

488 1013 686 1054 nomen
714 999 1130 1070 haudquaquam
1153 1015 1275 1057 esse
1301 1011 1395 1056 aut
1420 1001 1758 1066 indill’erens,
1783 1011 1843 1056 ut
1869 1011 1954 1056 est
1977 1002 2074 1057 ho-

488 1091 693 1145 minum
727 1092 868 1146 inter
893 1107 1032 1161 quos
1064 1091 1191 1148 boni
1223 1102 1351 1148 sunt
1380 1102 1437 1148 et
1476 1093 1640 1160 mali;
1688 1101 1788 1148 aut
1831 1094 2063 1161 bonum,

485 1182 647 1252 quale
665 1192 752 1238 est
785 1184 1011 1239 deorum
1041 1185 1188 1254 quod
1228 1199 1328 1240 nee
1359 1185 1518 1240 malis
1552 1187 1889 1240 dzemonibus
1911 1225 1925 1251 ,
1971 1200 2072 1241 nec

485 1276 818 1341 simulacris,
845 1291 946 1331 nec
971 1275 1300 1331 animalibus
1316 1276 1482 1331 datur
1498 1293 1529 1330 a
1558 1292 1738 1332 rerum
1758 1276 2070 1332 divinarum

482 1370 695 1437 peritis,
716 1370 810 1424 sed
827 1369 1037 1424 naturis
1066 1383 1195 1423 vere
1225 1367 1426 1423 divinis
1450 1376 1502 1423 et
1522 1368 1729 1434 beatis;
1764 1369 1866 1424 hoc
1891 1379 2072 1424 autem

482 1460 788 1514 dazmonum
814 1475 1005 1519 nomen
1035 1460 1197 1517 tribui
1223 1459 1722 1529 sempermaleﬁcis
1742 1460 1849 1514 illis
1882 1472 2069 1528 potes-

484 1551 686 1606 tatibus
701 1553 1198 1622 crassioricorpore
1218 1552 1411 1608 solutis
1432 1567 1552 1622 quae
1577 1551 1827 1607 homines
1849 1553 1901 1604 in
1925 1567 2075 1607 erro-

487 1659 602 1698 rem
623 1644 884 1698 inducunt
907 1652 1178 1714 aguntque
1204 1652 1545 1698 transversos
1560 1653 1616 1697 et
1636 1643 1782 1697 aDeo
1802 1642 2071 1712 rebusque

482 1736 797 1791 caelestibus
826 1745 1082 1792 avocatas
1114 1735 1183 1790 ad
1229 1735 1346 1790 haec
1382 1735 1491 1789 ima
1522 1735 1852 1804 deprimunt.

2178 447 2393 518 ἐκείνην
2422 447 2691 517 ὁσημέραι
2715 449 2781 518 τῇ
2806 447 3094 518 τρανότητι
3127 449 3223 501 καὶ
3241 448 3578 521 διαρθρώσει
3616 453 3819 504 σπεύ-

2176 540 2359 592 δουσα.
2405 539 2493 602 Ὠς
2525 541 2599 610 μὴ
2630 541 2896 607 ἀναγνοὺς
2923 540 2981 592 δὲ
3009 541 3107 604 τὰς
3134 541 3284 613 ἱεράς
3305 544 3465 613 ἡμῶν
3491 544 3758 614 Γραφὰςς
3777 544 3814 596 ὁ

2176 634 2382 696 Κέλσος
2403 633 2582 703 ἐαυτῷ
2612 633 2967 704 ἀποκρίνεται
2999 634 3074 698 ὡς
3101 637 3196 704 ἀφ’
3220 634 3397 706 ἡμῶν,
3439 636 3525 688 ὅτι
3587 657 3608 688 ι
3659 637 3811 690 ἄλλο

2174 743 2226 778 τι
2257 726 2412 794 γένος
2442 726 2595 797 παρά
2636 725 2769 779 Θεοῦ
2802 727 2914 798 (1'2)
2961 744 3139 797 φαμεν
3171 728 3298 791 τοὺς
3331 728 3806 795 καταϐαίνοντας

2175 819 2260 869 ἐπ’
2289 818 2578 889 εὐεργεσίᾳ
2613 818 2721 871 τῶν
2752 817 3054 890 ἀνθρώπων
3081 819 3365 886 ἀγγέλους,
3401 839 3420 871 ι
3460 820 3562 873 καί
3584 838 3797 892 φησιν,

2180 929 2198 961 ι
2247 911 2322 974 ὡς
2348 911 2409 963 τὸ
2437 910 2603 974 εἰκὸς,
2637 910 2890 982 λεχθῆναι
2920 911 2986 964 ἂν
3018 912 3218 976 αὐτοὺς
3245 912 3335 980 ὑφ’
3367 912 3530 983 ἡμῶν
3581 913 3800 983 δαίμο-

2175 1019 2290 1066 ναςο
2337 1021 2355 1053 ι
2388 1003 2488 1072 οὐχ
2520 1002 2682 1073 ὁρῶν,
2723 1003 2806 1055 ὅτι
2855 1003 2916 1055 τὸ
2952 1003 3060 1056 τῶν
3103 1003 3373 1074 δαιμόνων
3423 1004 3609 1075 ὄνομα
3656 1003 3793 1059 οὐδὲ

2177 1093 2340 1164 μέσον
2375 1094 2543 1156 ἐστὶν,
2577 1095 2652 1154 ὼς
2679 1094 2740 1146 τὸ
2764 1093 2873 1146 τῶν
2899 1093 3223 1164 ἀνθρώπων,
3263 1096 3322 1147 ὲν
3352 1088 3436 1158 οἷς
3477 1113 3637 1158 τινες
3684 1097 3792 1166 μὲν

2173 1186 2397 1250 ἀστεῖοι,
2436 1185 2581 1247 τινὲς
2621 1184 2678 1236 δὲ
2707 1184 2899 1252 φαῦλοί
2945 1186 3102 1240 εἰσιν
3147 1186 3258 1239 οὔτ’
3294 1188 3530 1252 ἀστεῖον,
3585 1188 3791 1241 ὁποῖόν

2172 1277 2287 1328 ἐστι
2314 1276 2377 1329 τὸ
2400 1276 2509 1330 τῶν
2533 1276 2690 1340 θεῶν,
2720 1277 3054 1348 τασσόμενον
3084 1279 3186 1330 οὐκ
3209 1279 3302 1331 ἐπὶ
3331 1278 3556 1347 φαύλων
3589 1280 3790 1349 δαιμο-

2171 1366 2318 1430 νίων,
2354 1367 2385 1438 ἢ
2416 1369 2507 1422 ἐπὶ
2537 1369 2889 1438 ἀγαλμάτων,
2916 1369 2949 1439 ἢ
2977 1369 3068 1421 ἐπὶ
3092 1369 3267 1436 ζώων,
3295 1370 3410 1424 ἀλλ’
3434 1371 3543 1423 ὑπὸ
3568 1371 3686 1424 τῶν
3715 1370 3787 1424 τὰ

2171 1459 2308 1514 Θεοῦ
2342 1461 2658 1529 ἐγνωκότων
2689 1461 2784 1514 ἐπὶ
2812 1460 2921 1514 τῶν
2954 1461 3168 1530 ἀληθῶς
3213 1461 3506 1533 θειοτέρων
3533 1465 3639 1515 καὶ
3673 1481 3784 1533 μα-

2172 1557 2398 1627 καρίωνο
2431 1554 2518 1608 ἀελ⁵
2540 1553 2584 1605 δ’
2606 1553 2698 1606 ἐπὶ
2724 1553 2832 1605 τῶν
2854 1553 3071 1622 φαύλων
3092 1553 3196 1617 ἔξω
3216 1554 3308 1606 τοῦ
3328 1555 3649 1626 παχυτέρου
3677 1556 3780 1608 σώ-

2175 1663 2343 1716 ματος
2386 1645 2665 1715 δυνάμεων
2713 1643 2972 1697 τάσσεται
3016 1644 3075 1697 τὸ
3113 1644 3219 1697 τῶν
3255 1645 3528 1714 δαιμόνων
3568 1646 3771 1716 ὄνομα,

2098 1725 2140 1780 Β
2170 1736 2495 1790 πλανώντων
2519 1737 2614 1790 καὶ
2637 1735 3028 1806 περισπώντων
3047 1737 3174 1798 τοὺς
3192 1735 3530 1805 ἀνθρώπους,
3556 1737 3661 1790 καὶ
3680 1756 3776 1791 ita.

482 1827 782 1881 θελκόντων
815 1829 926 1881 ἀπὸ
952 1826 1047 1880 τοῦ
1077 1826 1214 1880 Θεοῦ
1246 1827 1342 1880 καὶ
1374 1827 1483 1881 τῶν
1527 1828 1937 1899 ὑπερουρανίων
1981 1829 2073 1882 ἐπὶ
2106 1830 2174 1882 τὰ
2200 1829 2326 1900 τῇδε
2365 1830 2687 1900 πράγματα.

553 1923 609 1977 6.
645 1922 838 1977 Postea
873 1922 951 1976 sic
978 1922 1046 1976 de
1077 1920 1278 1978 Iudaeis
1308 1923 1552 1992 loquitur
1583 1942 1597 1977 :
1637 1942 1655 1974 ι
1693 1923 1806 1979 [loc
1828 1925 2065 1994 primum

481 2017 551 2071 de
579 2013 782 2070 Iudaeis
822 2014 954 2068 mihi
989 2014 1188 2068 mirum
1214 2015 1436 2079 accidit,
1468 2017 1635 2084 quod,
1681 2018 1929 2085 quamvis
1959 2029 2068 2071 cm-

481 2108 592 2162 lum
624 2117 679 2162 et
702 2107 794 2177 qui
825 2107 878 2161 in
911 2106 1002 2162 illo
1035 2116 1162 2162 sunt
1215 2109 1439 2177 angelos
1483 2117 1812 2163 venerentur
1839 2147 1856 2173 ,
1897 2107 2064 2163 solem

485 2210 690 2267 tamen,
728 2199 914 2253 lunam
937 2199 1184 2268 aliasque
1211 2199 1396 2254 stellas
1422 2215 1545 2254 cum
1574 2200 1708 2254 ﬁxas
1739 2209 1848 2252 tum
1878 2213 2066 2254 erran-

480 2303 582 2360 tes,
614 2307 735 2362 qua:
773 2301 924 2346 certe
968 2301 1096 2346 sunt
1127 2292 1536 2362 augustissima:
1569 2301 1625 2346 et
1673 2291 2065 2361 potentissimae

425 2371 430 2376 ’
478 2386 604 2440 rmh
659 2393 866 2454 partes,
899 2384 1124 2438 minime
1161 2383 1387 2439 colenda
1425 2397 1544 2438 esse
1581 2382 1850 2452 judicent.
1896 2381 2062 2446 Quasi

478 2477 594 2532 [me
608 2479 770 2533 simul
791 2479 1072 2534 cohaerere
1093 2477 1255 2548 58],
1278 2485 1523 2545 possent,
1554 2483 1726 2530 totum
1744 2488 1866 2528 esse
1890 2471 2061 2527 Deum

477 2579 534 2624 et
565 2578 748 2638 partes
778 2569 946 2624 totius
981 2583 1090 2624 non
1140 2583 1265 2623 esse
1299 2567 1553 2622 divinas:
1584 2565 1740 2634 quasi
1773 2563 1859 2618 fas
1910 2571 2062 2619 esset

479 2677 692 2716 summo
723 2661 930 2716 honore
955 2660 1210 2731 prosequi
1243 2674 1358 2724 eos,
1389 2660 1480 2728 qui
1508 2659 1559 2712 in
1585 2658 1827 2713 tenebris
1859 2656 2060 2710 alicubi

476 2751 531 2806 vi
567 2753 824 2822 improbas
849 2752 983 2805 artis
1004 2750 1231 2820 magicae
1261 2750 1566 2812 occaecatis,
1589 2758 1678 2802 aut
1707 2763 1804 2815 per
1826 2748 2056 2802 obscura

479 2855 695 2912 spectra
733 2841 1132 2897 somniantibus
1156 2854 1425 2910 apparere
1454 2841 1742 2904 dicuntur;
1783 2839 1901 2893 illos
1931 2853 2059 2892 vero

479 2937 634 2990 nihili
666 2935 902 3004 pendere
931 2933 1334 2987 illustrissimos
1365 2946 1548 2985 rerum
1581 2945 1742 2999 supra
1779 2944 1880 2984 nos
1909 2931 2056 2999 posi-

481 3037 661 3078 tarum
699 3037 996 3091 praet-ones,
1033 3021 1156 3076 illos
1201 3035 1331 3075 vere
1384 3021 1634 3075 caelestes
1689 3021 1932 3088 angelos,
1965 3021 2058 3089 qui

480 3126 592 3171 tam
643 3115 928 3185 perspicua
983 3113 1260 3179 omnibus,
1315 3123 1424 3166 tam
1475 3112 1756 3182 splendida
1793 3113 2052 3167 vaticinia

480 3208 668 3269 edunt,
719 3205 808 3272 qni
860 3202 1090 3273 pluvias,
1149 3213 1338 3268 aestus,
1395 3202 1644 3266 nebulas,
1710 3203 1946 3256 tonitrua
1986 3193 2124 3257 abC

481 3297 614 3368 ipsis
655 3297 904 3360 adorata,
945 3294 1193 3365 fulgura,
1248 3292 1479 3360 fruetus,
1534 3304 1833 3363 proventus
1869 3310 2058 3349 omnes

481 3386 892 3450 administrant,
939 3385 1139 3453 quibus
1170 3383 1407 3453 denique
1441 3383 1533 3438 Dei
1565 3383 1932 3454 cognitionem
1965 3385 2059 3438 de-

480 3481 670 3534 bent.»
711 3476 809 3532 Hic
865 3477 994 3530 mihi
1043 3475 1235 3530 Celsus
1282 3476 1493 3530 videtur
1536 3475 1590 3529 in
1647 3477 2058 3545 perturbatione

478 3579 726 3628 versatus
771 3571 1057 3641 scripsisse
1101 3585 1222 3642 quae
1269 3569 1567 3633 nesciebat,
1619 3577 1714 3621 aut
1755 3583 1878 3636 quae
1920 3568 2057 3620 male

479 3663 845 3718 intellexerat.
871 3662 1067 3731 Liquet
1095 3662 1240 3716 enim
1269 3675 1355 3715 res
1378 3657 1690 3714 Judreorum
1722 3657 2053 3712 examinanti

477 3763 535 3807 et
566 3767 689 3805 cum
723 3749 1162 3805 Christianorum
1197 3749 1360 3804 rebus
1390 3750 1714 3811 conferenti,
1749 3748 1884 3801 nihil
1914 3747 2057 3800 aliud

480 3859 509 3895 a
571 3840 770 3896 Iudaeis
830 3843 1069 3918 adorari
1103 3851 1300 3912 praeter
1355 3840 1523 3893 Deum
1583 3840 1708 3894 ewli
1764 3853 2056 3907 rerumque

477 3933 720 3988 omnium
755 3932 1119 3987 conditorem.
1155 3932 1366 4001 Quippe
1412 3931 1503 3999 qui
1553 3929 1724 3999 legem
1758 3937 2057 3997 sequuntur

480 4043 510 4081 a
545 4028 656 4082 Deo
685 4027 946 4081 sancilam
975 4025 1058 4080 his
1090 4025 1272 4080 verbis
1305 4038 1319 4077 :
1356 4042 1374 4076 ι
1396 4023 1510 4077 Non
1541 4031 1704 4076 erunt
1733 4023 1828 4075 tibi
1857 4021 1948 4075 alii
1981 4021 2053 4075 dii

475 4128 676 4189 praeter
705 4133 791 4172 me
818 4135 830 4171 :
859 4133 965 4172 non
1003 4116 1172 4172 facies
1205 4116 1298 4170 tibi
1330 4114 1600 4185 sculptile,
1627 4130 1802 4185 neque
1835 4128 2052 4169 omnem

477 4209 910 4272 similitudinem,
947 4222 1067 4276 quae
1093 4216 1176 4262 est
1205 4207 1258 4260 in
1294 4205 1432 4260 caelo
1469 4206 1721 4274 desuper,
1763 4213 1817 4259 et
1852 4220 1974 4274 qua:
1999 4205 2052 4258 in

480 4309 622 4356 terra
661 4299 940 4366 deorsum,
989 4312 1089 4352 nec
1123 4313 1313 4352 eorum
1345 4311 1465 4367 quae
1513 4296 1718 4349 suntin
1761 4296 1918 4366 aquis
1952 4295 2053 4350 sub

478 4404 646 4450 terra.
672 4391 790 4447 Non
825 4391 1080 4448 adorabis
1101 4405 1183 4453 ea,
1217 4404 1390 4459 neque
1423 4388 1683 4443 colesnu
1722 4386 1850 4442 lude
1879 4395 2052 4456 patet,

477 4486 571 4556 qui
606 4501 674 4540 ex
725 4484 1040 4554 prmseripto
1085 4482 1220 4550 legis
1253 4481 1442 4533 vivunt
1480 4487 1534 4532 et
1575 4477 1889 4532 Creatorem
1926 4474 2051 4529 crnli

477 4579 733 4641 adorant,
767 4575 835 4630 ab
879 4576 945 4630 iis
992 4574 1179 4628 eodem
1221 4573 1273 4624 in
1320 4571 1524 4625 honore
1572 4570 1772 4624 malum
1809 4583 1913 4621 non
1946 4567 2050 4620 ba-

480 4670 615 4723 beri.
651 4668 836 4736 Neque
875 4668 1039 4721 etiam
1072 4665 1321 4734 angelos,
1362 4661 1453 4729 qui
1486 4661 1536 4712 in
1584 4661 1723 4715 cmlo
1757 4667 1898 4719 sunt,
1959 4657 2052 4713 ad-

481 4769 626 4823 orat,
658 4759 906 4826 quisquis
948 4757 1238 4810 Mosaicam
1275 4756 1445 4820 legem
1469 4753 1743 4805 observat.
1779 4750 2045 4815 Quemad-

481 4849 701 4903 modum
732 4848 874 4901 enim
923 4847 1090 4900 solem
1121 4856 1176 4900 et
1204 4844 1383 4897 lunam
1424 4851 1478 4894 et
1506 4839 1708 4904 stellas,
1747 4838 1928 4892 mundi
1957 4852 2048 4891 or-

480 4950 756 5005 namenta,
801 4954 906 4992 non
949 4938 1204 5001 adurant;
1251 4936 1332 4990 sic
1362 4933 1500 4989 caelo
1545 4941 1597 4986 et
1640 4931 1845 5000 angelis
1875 4929 2048 5000 quiin

480 5033 573 5088 illo
610 5040 754 5096 sunt,
801 5031 943 5084 lmnc
998 5031 1254 5082 honorem
1307 5025 1508 5080 habere
1548 5023 1822 5094 refugiunt
1852 5043 1862 5078 :
1889 5023 2049 5076 obse-

478 5133 707 5197 quentes
739 5123 862 5178 huic
909 5122 1012 5187 legi
1037 5139 1050 5172 :
1077 5137 1096 5173 ι
1121 5117 1197 5173 Ne
1247 5117 1474 5173 elevatis
1507 5115 1679 5172 oculis
1729 5116 1794 5170 ad
1827 5114 2045 5180 coelum,

580 5311 627 5343 ’⁸
665 5310 835 5365 Exod.
861 5325 952 5376 xx,
988 5310 1039 5373 5,
1070 5309 1124 5371 4,
1163 5307 1214 5361 5.

549 5475 665 5544 (l9)
696 5473 860 5542 Παρὰ
880 5463 1066 5528 ’Θεοῦξ
1097 5465 1239 5542 Lege
1271 5462 1395 5526 οῖῇιὶ
1427 5469 1712 5525 Bohercllo
1744 5469 1798 5525 ét
1827 5469 2041 5532 Guieto,

476 5545 630 5616 παρά
664 5545 815 5609 θεούς
841 5546 920 5616 vel
943 5544 1092 5614 παρά
1111 5544 1258 5596 Θεόν.

552 5609 663 5684 (15)
689 5617 784 5676 ’.Ως
799 5609 1208 5683 evagata-rm».
1227 5618 1264 5667 A
1276 5613 1579 5668 rcnsativns
1600 5626 1774 5674 casus,
1802 5609 2048 5684 absolute

480 5680 706 5755 poi-ntus,
743 5680 1051 5754 quanquam
1082 5685 1272 5740 Guieto
1308 5685 1649 5740 scribendum
1685 5685 1937 5750 videtur,
1970 5680 2044 5747 ὡς

2087 4534 2130 4590 D

2240 1927 2394 1980 Μετὰ
2422 1927 2597 1980 ταῦτα
2624 1926 2680 1979 δὲ
2717 1926 2975 1998 τοιαύτην
3003 1924 3275 1978 ἐκτίθεται
3314 1926 3445 1998 περὶ
3489 1927 3769 1981 Ἰουδαίων

2168 2016 2328 2080 λέξιν·
2360 2035 2378 2066 ι
2407 2015 2628 2086 Πρῶτον
2649 2012 2741 2068 οὖν
2762 2016 2868 2068 τῶν
2904 2016 3167 2069 Ἰουδαίων
3190 2016 3287 2070 Θαυ
3297 2016 3492 2086 μάζειν
3515 2016 3691 2083 ἀξιον,
3717 2021 3766 2071 εἰ

2168 2110 2258 2162 τὸν
2282 2109 2382 2180 μὲν
2400 2108 2627 2178 οὐρανὸν
2649 2108 2882 2171 καὶτοὺς
2905 2110 2962 2160 ὲν
2981 2108 3115 2177 τῷδε
3137 2109 3401 2176 ἀγγέλους
3427 2109 3671 2171 σέϐουσι,
3695 2111 3765 2163 τὰ

2169 2199 2474 2271 σεμνότατα
2493 2199 2548 2252 δὲ
2576 2198 2743 2251 αὐτοῦ
2775 2198 2915 2270 μέρη
2947 2199 3040 2253 καὶ
3065 2198 3440 2263 δυνατώτατα,
3463 2201 3637 2272 ἥλιον,
3667 2204 3760 2253 καὶ

2167 2290 2419 2360 σελήνην,
2463 2289 2557 2342 καὶ
2592 2289 2718 2352 τοὺς
2761 2287 2950 2351 ἄλλους
2979 2289 3233 2358 ἀστέρας,
3271 2289 3530 2353 ἀπλανεῖς
3567 2309 3632 2342 τε
3665 2293 3758 2343 καὶ

2166 2379 2477 2449 πλανήτας,
2533 2379 2708 2432 ταῦτα
2768 2381 3265 2451 παραπέμπουσιν.
3321 2383 3412 2445 Ὠς
3463 2383 3756 2453 ἐνδεχόμε-

2164 2489 2251 2524 νον
2282 2471 2412 2543 (15),
2447 2471 2507 2525 τὸ
2541 2473 2638 2542 μὲν
2685 2471 2802 2524 ὅλον
2843 2468 2982 2525 εἶναι
3019 2471 3172 2534 Θεὸν,
3212 2472 3280 2526 τά
3310 2472 3367 2525 δὲ
3403 2475 3545 2545 μέρη
3584 2475 3753 2528 αὐτοῦ

2167 2564 2238 2633 μὴ
2281 2562 2417 2616 Gaia:
2451 2563 2483 2633 ἢ
2518 2563 2644 2626 τοὺς
2686 2563 2782 2633 μὲν
2815 2564 2873 2616 ὲν
2905 2563 3079 2634 σκότῳ
3113 2581 3216 2616 που
3256 2567 3320 2618 ὲκ
3360 2569 3619 2638 γοητείας
3652 2571 3751 2624 οὐκ

2162 2655 2328 2724 ὀρθῆς
2348 2653 2764 2722 τυφλώττουσιν,
2784 2653 2816 2724 ἢ
2833 2654 2898 2707 δι’
2916 2655 3170 2726 ἀμυδρῶν
3192 2659 3490 2727 φασμάτων
3510 2660 3747 2731 ὀνειρὼτ.

2161 2763 2344 2799 τουσιν
2377 2747 2734 2818 ἐγχρίμπτειν
2765 2746 3107 2817 λεγομένους,
3137 2745 3195 2801 εὖ
3229 2750 3373 2818 μάλα
3405 2750 3741 2822 θρησκεύειν·

2162 2837 2289 2898 τοὺς
2330 2837 2374 2888 δ’
2409 2837 2651 2908 ἐναργῶς
2696 2837 2838 2891 οὕτω
2881 2839 2973 2893 καὶ
3016 2840 3284 2912 λαμπρῶς
3327 2843 3499 2895 ἃπασι
3541 2859 3745 2914 προφη-

2163 2927 2438 2993 τεύοντας,
2467 2929 2531 2981 δι’
2558 2924 2632 2982 ὧν
2678 2931 2867 2992 ὑετούς
2895 2948 2954 2984 τε
2983 2931 3073 2984 καὶ
3107 2934 3308 3004 θάλπη,
3344 2935 3438 2986 καὶ
3466 2934 3622 3005 νέφη,
3654 2936 3742 2988 καὶ

2164 3020 2392 3092 βροντὰς
2437 3021 2521 3091 (ἃς
2565 3022 2972 3096 προσκυνοῦσι,)
3005 3027 3099 3078 καὶ
3131 3028 3436 3096 ἀστραπὰς,
3474 3028 3570 3081 καὶ
3613 3046 3742 3100 καρ-

2163 3115 2317 3177 ποὺς,
2363 3114 2457 3166 καὶ
2498 3114 2660 3182 γονὰς
2701 3117 2917 3180 ἁπάσας
2962 3117 3319 3187 ταμιεύεσθαι
3375 3119 3506 3189 (14),
3552 3119 3617 3174 δι’
3671 3114 3738 3173 ὧν

2159 3206 2341 3269 αὐτοῖς
2370 3207 2844 3262 ἀνακαλύπτεσθαι
2875 3209 2966 3262 τὸν
2994 3209 3147 3274 Θεὸν,
3172 3213 3299 3274 τοὺς
3331 3211 3738 3283 φανερωτάτους

2159 3295 2269 3350 τῶν
2299 3297 2409 3352 ἄνω
2447 3300 2715 3370 κήρυκας,
2749 3302 2874 3363 τοὺς
2905 3302 2980 3365 ὡς
3011 3302 3224 3374 ἀληθῶς
3268 3304 3550 3375 οὐρανίους
3581 3305 3740 3374 ἀγγέ-

2161 3388 2306 3451 λους,
2345 3388 2567 3452 τούτους
2611 3391 2860 3459 ἡγεῖσθαι
2898 3393 2959 3444 τὸ
3006 3395 3190 3464 μηδέν.
3220 3415 3238 3445 ι
3289 3398 3374 3448 Ἐν
3434 3396 3644 3460 τούτοις
3683 3397 3740 3452 δὲ

2159 3481 2306 3535 δοκεῖ
2328 3500 2416 3552 μοι
2439 3482 2803 3552 συγκεχύσθαι
2825 3485 3087 3550 ὁΚέλσος,
3107 3489 3202 3540 καὶ
3222 3489 3330 3541 ἀπὸ
3351 3491 3738 3561 παρακουσμάο

2161 3589 2288 3633 των,
2316 3571 2351 3624 ἃ
2382 3571 2454 3642 μὴ
2488 3571 2622 3642 ᾔδει,
2646 3575 3000 3643 γεγραφέναι*
3036 3578 3204 3646 σαφὲς
3233 3579 3340 3651 γὰρ
3364 3576 3487 3643 τοῖς
3513 3581 3581 3634 τὰ
3613 3581 3734 3633 Ἰου-

2157 3661 2322 3716 δαίων
2369 3662 2701 3727 ἐξετάζουσι,
2751 3667 2846 3718 καὶ
2885 3666 2953 3719 τά
2985 3668 3325 3738 Χριστιανῶν
3363 3671 3588 3734 ἐκείνοις
3617 3689 3732 3725 συν-

2160 3752 2441 3816 άπτουσιν,
2489 3753 2568 3805 ὅτι
2618 3752 2695 3824 τῷ
2740 3755 2838 3824 μὲν
2871 3757 3019 3827 νόμῳ
3050 3758 3467 3823 ἀκολουθοῦντες
3506 3759 3730 3813 Ἰουδαῖοι

2159 3843 2368 3910 λέγοντι
2416 3844 2482 3896 ὲκ
2527 3843 2820 3913 προσώπου
2853 3845 3008 3899 Θεοῦ·
3063 3867 3081 3897 ι
3108 3849 3220 3900 Ούκ
3253 3847 3464 3901 ἔσονταὶ
3509 3866 3586 3901 σοι
3626 3848 3728 3900 θεοὶ

2160 3935 2336 4008 ἕτεροι
2367 3936 2504 4006 πλὴν
2539 3936 2694 4008 ἐμοῦ.
2723 3937 2796 3989 Ού
2831 3939 3078 4009 ποιήσεις
3107 3938 3314 4009 σεαυτῷ
3346 3939 3584 4003 εἴδωλον,
3617 3941 3726 3993 οὐδὲ

2132 4028 2359 4104 ,παντὸς
2387 4029 2658 4098 ὁμοίωμα,
2691 4030 2790 4082 ὅσα
2820 4031 2877 4083 ὲν
2906 4030 2982 4100 τῷ
3011 4030 3224 4101 οὐρανῷ
3259 4031 3391 4095 ἀνω,
3427 4032 3520 4085 καὶ
3551 4033 3645 4085 ὅσα
3673 4033 3724 4084 ὲν

2156 4121 2221 4190 τῇ
2245 4122 2313 4190 γῇ
2334 4120 2502 4182 κάτω,
2521 4120 2614 4173 καὶ
2629 4120 2727 4172 ὅσα
2745 4121 2802 4172 ὲν
2818 4123 2928 4182 τοῖς
2946 4119 3129 4174 ὕδασιν
3152 4121 3406 4173 ὑποκάτω
3422 4121 3517 4191 τῆς
3533 4123 3647 4191 γῆς,
3670 4122 3720 4173 ού

2158 4213 2556 4282 προσκυνήσεις
2588 4211 2792 4275 αὐτοῖς,
2838 4212 2957 4265 οὐδὲ
3003 4213 3077 4282 μὴ
3119 4212 3436 4282 λατρεύσεις
3483 4214 3670 4276 αὐτοῖς·
3699 4233 3714 4262 ι

2157 4301 2306 4353 οὐδὲν
2335 4301 2459 4356 ἄλλο
2492 4301 2759 4363 σέϐουσιν,
2786 4300 2818 4372 ἢ
2847 4303 2937 4355 τὸν
2961 4304 3053 4355 ἐπὶ
3076 4305 3211 4356 πᾶσι
3241 4304 3390 4367 Θεὸν,
3423 4304 3483 4367 ὃς
3514 4305 3715 4372 εποίησε

2157 4393 2248 4445 τὸν
2281 4393 2508 4464 οὐρανὸν
2555 4394 2648 4446 mi.
2697 4392 2767 4446 τά
2822 4393 2987 4447 λοιπά
3028 4396 3224 4449 πάντα.
3259 4395 3429 4465 Δῆλον
3473 4395 3517 4448 δ’
3561 4397 3635 4449 ὅτι
3673 4397 3715 4447 οἱ

2157 4484 2297 4537 κατὰ
2324 4485 2414 4536 τὸν
2437 4484 2598 4554 νόμον
2629 4484 2888 4554 βιοῦντες,
2927 4486 3172 4548 σέϐοντες
3204 4487 3294 4540 τὸν
3325 4488 3617 4554 ποιήσαντα
3641 4488 3716 4539 τὸν

2157 4575 2404 4647 οὐρανὸν,
2444 4577 2505 4629 ού
2541 4577 2860 4630 συσσέὸουσι
2896 4578 2972 4648 τῷ
3013 4578 3131 4648 Θεῷ
3165 4578 3254 4632 τὸν
3282 4579 3529 4650 οὐρανόν.
3576 4577 3715 4629 Ἀλλά

2157 4667 2250 4720 καὶ
2278 4668 2403 4731 τοὺς
2424 4670 2480 4720 ὲν
2500 4667 2577 4737 τῷ
2596 4669 2808 4739 οὐρανῷ
2836 4669 3100 4738 ἀγγέλους
3119 4670 3292 4734 οὐδεὶς
3324 4670 3434 4724 τῶν
3462 4669 3713 4723 δουλευόν-

2156 4774 2263 4810 των
2308 4757 2384 4828 τῷ
2428 4760 2704 4822 Μωῦσέως
2745 4760 2894 4831 νόμῳ
2948 4765 3260 4831 προσκυνεῖο
3304 4762 3503 4830 ὁμοίως
3545 4760 3599 4813 δὲ
3648 4759 3712 4828 τῷ

2161 4847 2234 4916 μὴ
2264 4850 2585 4917 προσκυνεῖν
2619 4849 2787 4918 ἥλιον,
2814 4851 2907 4903 καὶ
2939 4849 3185 4921 σελήνην,
3217 4851 3309 4904 καὶ
3331 4852 3454 4913 τοὺς
3478 4851 3708 4922 ἀστέρας,

2158 4935 2247 4984 τὸν
2282 4934 2483 5005 κόσμον
2518 4936 2612 4989 τοῦ
2642 4939 2892 5009 ούρανοῦ,
2929 4940 3221 5009 ἀπέχονται
3271 4940 3362 4992 τοῦ
3410 4941 3711 5011 προσκυνεῖν

2158 5025 2384 5096 οὐρανὸν
2437 5028 2529 5082 καὶ
2560 5019 2684 5094 τοὺς
2719 5033 2774 5084 ὲν
2820 5033 2967 5102 αύτῷ
2998 5033 3282 5101 ἀγγέλους,
3316 5033 3620 5103 πειθόμενοι
3648 5030 3711 5100 τῷ

2157 5116 2368 5186 λέγοντι
2399 5121 2567 5191 νόμῳο
2605 5141 2621 5173 ι
2643 5123 2751 5176 Καὶ
2799 5126 2872 5195 μὴ
2917 5124 3222 5194 ἀναϐλέψας
3251 5127 3328 5190 εἰς
3362 5124 3450 5177 τὸν
3482 5122 3707 5194 οὐρανὸν,

2153 5469 2518 5596 ἒνδεᾷομένου.

2161 5564 2172 5612 ς
2225 5544 2272 5611 (1
2322 5547 2337 5610 )
2378 5542 2779 5612 Ταμιεύεσθαι.
2810 5541 3153 5611 Addendum,
3185 5543 3267 5600 vel
3292 5537 3701 5603 subaudiendum

2154 5611 2330 5682 δῆλον,
2363 5627 2457 5667 aut
2488 5615 2615 5683 (paid
2641 5613 2833 5699 simile.
