3986 6164
215 313 386 374 1-189

1438 311 1719 368 CONTRA
1752 311 2030 368 CELSUM
2064 311 2192 367 LIB.
2230 308 2296 366 ν.

3365 320 3502 379 H90

211 428 341 485 καὶ
377 427 500 482 ἰδὼν
528 427 617 481 τὸν
645 425 818 497 ἥλιον,
853 424 945 480 καὶ
977 425 1076 495 τὴν
1110 424 1359 496 σελήνην,
1391 427 1486 481 καὶ
1514 429 1641 492 τοὺς
1667 429 1810 482 ἀστέ-

1931 429 2115 484 videas
2141 427 2312 483 solem
2346 433 2398 482 et
2426 425 2608 483 lunam
2638 436 2693 482 et
2719 437 2888 497 astra,
2919 445 3079 488 omne
3115 445 3502 492 ornamentum

213 535 366 589 ρας,
427 518 603 571 πάντα
663 518 753 570 τὸν
805 517 1010 587 κόσμον
1065 516 1157 568 τοῦ
1211 517 1470 587 ούρανοῦ,
1529 518 1822 589 πλανηθεὶς

215 606 641 681 προσκυνήσεις
673 608 854 669 αὐτοῖς
889 608 983 658 καί¹
1022 605 1336 676 λατρεύσεις
1383 608 1582 671 αὐτοῖς’
1619 608 1654 661 ἂ
1687 609 1821 661 ἀπέ-

215 714 318 750 νει
329 715 396 769 με
459 696 661 768 Κύριος
687 698 715 748 ὁ
747 696 880 758 Θεός
915 711 1006 747 σου
1042 695 1182 748 αὐτὰ
1215 697 1349 748 πᾶσι
1375 699 1488 758 τοῖς
1520 697 1748 752 ἔθνεσιν.
1789 713 1809 747 ι

327 789 486 842 Ἀλλὰ
546 788 639 841 καὶ
703 785 879 856 ἑαυτῷ
900 785 1098 849 λαϐὼν,
1141 786 1215 849 ὡς
1242 785 1349 857 ἄρα
1381 786 1510 838 Θεὸν
1545 787 1819 857 νομίζουσι

214 880 331 933 τὸν
373 879 598 952 οὐρανὸν
656 878 917 941 Ἰουδαῖοι,
968 876 1127 930 τοῦτο
1170 878 1247 940 ὡς
1286 877 1484 931 ἄτοπον
1535 879 1815 948 ἐπιφέρει,

212 969 484 1038 ἐγκαλῶν
531 971 640 1030 τοῖς
683 964 1045 1037 προσκυνοῦσι
1079 966 1177 1034 μὲν
1210 965 1299 1018 τὸν
1333 966 1580 1036 οὐρανὸν,
1615 969 1734 1037 ούχί
1762 967 1819 1020 δὲ

216 1061 333 1114 καὶ
358 1061 451 1113 τὸν
481 1060 649 1129 ἣλιον,
687 1058 782 1112 καί
820 1057 917 1128 τὴν
970 1056 1218 1126 σελήνην,
1267 1057 1358 1109 καὶ
1403 1059 1531 1120 τοὺς
1563 1059 1815 1128 ἀστέρας,

210 1152 314 1206 ὅτι
351 1151 508 1205 τοῦτο
542 1149 780 1204 ποιοῦσιν
825 1148 1086 1212 Ἰουδαῖοι,
1123 1149 1199 1211 ὡς
1236 1148 1600 1219 ἐνδεχόμενον,
1622 1149 1682 1200 τὸ
1718 1150 1815 1218 μὲν

212 1245 356 1298 ὅλον
392 1243 528 1298 εἶναι
558 1245 709 1306 Θεὸν,
737 1242 805 1297 τὰ
837 1243 975 1314 μέρη
1009 1241 1054 1294 δ’
1089 1241 1253 1297 αὐτοῦ
1290 1241 1362 1311 μὴ
1405 1241 1542 1294 Θεῖα“
1579 1242 1670 1294 καὶ
1699 1242 1818 1293 ὅλον

222 1337 342 1408 μὲν
377 1337 517 1388 ἔοικε
561 1335 738 1403 λέγειν
768 1335 857 1387 τὸν
889 1334 1137 1404 οὐρανὸν,
1189 1334 1329 1404 μέρη
1373 1333 1416 1385 δ’
1449 1331 1612 1385 αὑτοῦ
1647 1331 1817 1401 ἥλιον,

217 1429 332 1481 καὶ
364 1428 611 1498 σελήνην,
663 1427 756 1480 καὶ
797 1423 1048 1493 ἀστέρας.
1083 1425 1156 1477 Ού
1201 1424 1414 1492 λέγουσι
1453 1425 1550 1493 μὲν
1585 1419 1676 1477 οὖν
1715 1441 1816 1477 σο.-

217 1519 355 1589 φῶς
386 1519 496 1572 οὔτ’
531 1519 774 1571 Ἰουδαῖοι
807 1517 928 1571 οὔτε
957 1515 1270 1588 Χριστιανοὶ
1292 1516 1382 1568 τὸν
1416 1515 1643 1586 οὐρανὸν
1667 1515 1815 1567 Θεόν.

232 1611 411 1664 Ἀλλὰ
454 1611 683 1663 δεδόσθω
728 1610 847 1663 κατ’
882 1609 1043 1662 αὐτὸν
1085 1607 1334 1675 λέγεσθαι
1387 1606 1491 1660 ὑπὸ
1553 1605 1818 1659 Ἰουδαίων

217 1705 370 1758 Θεὸν
398 1700 534 1756 εἷναι
573 1703 662 1756 τὸν
691 1703 934 1774 οὐρανόν·
970 1703 1109 1755 ἔστω
1141 1703 1197 1756 δὲ
1238 1703 1327 1755 καὶ
1353 1701 1490 1774 μέρη
1531 1701 1620 1755 τοῦ
1657 1703 1819 1774 οὐρα-

1928 523 2073 588 ceeli,
2125 531 2177 576 et
2232 534 2427 575 errore
2461 522 2719 590 deceptus
2751 522 2946 576 adores
2975 537 3036 577 ea
3070 533 3123 578 et
3164 527 3333 591 colas,
3382 541 3506 594 quae

1926 613 2132 668 creavit
2161 611 2423 666 Dominus
2460 611 2602 667 Deus
2635 621 2757 668 tuus
2802 613 2856 667 in
2901 614 3258 670 ministerium
3289 618 3504 674 cunctis

1927 705 2178 774 gentibus
2194 705 2257 756 ⁷³.
2285 723 2304 756 ι

1999 793 2050 846 7.
2088 794 2382 862 Postquam
2425 806 2560 846 vero
2611 793 2712 848 sibi
2752 793 2985 862 sumpsit
3017 794 3208 850 Celsus
3239 796 3436 850 cmlnm
3473 814 3504 852 a

1907 885 2125 957 'Judaris
2165 900 2263 954 pro
2316 886 2425 939 Deo
2459 885 2670 950 haberi,
2723 885 2850 939 hinc
2882 895 2938 938 ut
2969 888 3264 942 absurdum
3299 889 3507 960 colligit

1926 975 2166 1044 vitioque
2197 975 2306 1029 illis
2339 976 2510 1040 ducit,
2541 974 2726 1044 Tquod,
2766 976 2977 1030 tametsi
3021 978 3215 1032 coelum
3249 979 3502 1044 adorant,

1926 1081 2025 1121 nec
2069 1066 2236 1121 solem
2291 1074 2494 1132 tamen,
2533 1081 2632 1122 nec
2685 1066 2890 1132 lunam,
2933 1084 3034 1124 nec
3077 1071 3264 1124 stellas
3309 1077 3504 1126 eodem

1926 1157 2071 1211 cultu
2107 1159 2428 1228 dignentur;
2463 1158 2619 1228 quasi
2653 1157 2768 1211 ﬁeri
2801 1167 2986 1226 posset
3015 1171 3072 1213 ut
3104 1171 3290 1230 partes
3317 1163 3502 1229 totius,

1926 1248 2066 1316 quod
2100 1249 2241 1303 Dens
2269 1257 2375 1312 est,
2414 1263 2521 1302 non
2562 1255 2746 1302 essent
2776 1249 2994 1301 divinae.
3024 1249 3175 1314 Quod
3212 1251 3301 1304 hic
3331 1260 3502 1304 totum

1927 1337 2178 1406 appellat,
2209 1339 2262 1392 id
2289 1339 2506 1393 videtur
2529 1353 2652 1394 esse
2683 1337 2881 1392 malum
2906 1356 2918 1401 ;
2947 1338 3068 1392 cmli
3089 1348 3271 1394 autem
3295 1352 3502 1408 partes,

1926 1431 1977 1482 ni
2012 1429 2190 1494 fallor,
2219 1430 2385 1484 solem
2419 1439 2476 1485 et
2511 1430 2694 1483 lunam
2722 1438 2777 1484 et
2808 1440 2956 1483 astra
2988 1429 3258 1498 intelligit.
3285 1433 3353 1484 At
3385 1446 3505 1485 cer-

1927 1531 2039 1576 tum
2097 1531 2183 1577 est
2239 1521 2438 1576 malum
2502 1535 2604 1576 nec
2652 1536 2682 1574 a
2731 1519 2931 1574 Judaeis
2965 1535 3065 1574 nec
3096 1535 3126 1573 a
3178 1520 3504 1577 Christianis

1925 1614 2096 1668 Deum
2143 1615 2269 1669 dici.
2307 1613 2412 1668 Sed
2463 1623 2582 1667 esto
2633 1611 2800 1666 Judaei
2857 1613 3101 1667 dixerint
3152 1612 3350 1668 coalum
3382 1630 3504 1668 esse

1927 1701 2113 1756 Deum.
2142 1700 2370 1770 Largior
2418 1701 2470 1754 id
2516 1715 2737 1768 quoque
2779 1700 2969 1764 solem,
3011 1701 3196 1755 lunam
3228 1712 3284 1756 et
3316 1703 3503 1759 stellas

218 1795 330 1848 νοῦ
363 1795 533 1865 ἥλιος,
566 1795 660 1847 καὶ
691 1793 907 1865 σελήνη,
931 1794 1024 1845 καὶ
1050 1793 1292 1864 ἀστέρες·
1331 1792 1486 1862 (ὅπερ
1515 1792 1575 1845 οὐ
1601 1793 1810 1857 πάντως

1923 1807 2041 1845 esse
2075 1791 2198 1845 ραδιί
2237 1800 2451 1859 partes;
2485 1791 2629 1859 quod
2666 1800 2846 1843 tamen
2884 1808 2987 1846 non
3022 1801 3106 1846 est
3142 1795 3502 1863 undecunque

219 1886 386 1938 ἐστὶν
429 1883 645 1954 ἀληθές·
690 1883 810 1934 οὐδὲ
855 1883 962 1952 γὰρ
1013 1881 1081 1934 τὰ
1136 1884 1226 1935 ἐπὶ
1260 1883 1362 1953 γῆς
1397 1883 1510 1945 ζῶα
1543 1884 1637 1937 καὶ
1681 1885 1821 1952 φυτὰ

225 1977 383 2048 μέρη
415 1977 560 2047 γῆς’)
592 1973 752 2027 πόθεν
790 1975 854 2044 δὴ
893 1976 984 2028 καὶ
1018 1974 1137 2028 καθ’
1169 1975 1434 2045 ’Έλληνας
1470 1975 1686 2045 ἀληθὲς,
1713 1976 1816 2036 ὅτι,

221 2068 334 2121 ὲὰν
376 2067 495 2120 ὅλον
533 2084 584 2118 τι
630 2065 762 2128 Θεὸς
807 2061 862 2138 ᾖ,
914 2066 1014 2135 ἤδη
1065 2065 1261 2118 καὶτὰ
1299 2066 1437 2137 μέρη
1489 2064 1652 2118 αὐτοῦ
1703 2067 1818 2119 ἐστι

220 2157 391 2222 θεῖα;
420 2155 614 2224 Σαφῶς
643 2155 704 2226 δὴ
739 2154 827 2208 τὸν
856 2155 974 2208 ὅλον
1001 2156 1202 2226 κόσμον
1228 2156 1474 2224 λέγουσιν
1505 2153 1642 2208 εἶναι
1665 2157 1815 2209 Θεόν·

226 2249 467 2302 Στωϊκοὶ
487 2248 595 2318 (15)
618 2249 714 2318 μὲν
746 2248 835 2300 τὸν
867 2247 1100 2318 πρῶτον,
1127 2250 1174 2300 οἰ
1203 2247 1245 2300 δ’
1268 2248 1375 2301 ἀπὸ
1408 2247 1818 2321 Πλάτωνος<16)

221 2341 328 2392 τὸν
366 2340 635 2411 δεύτερον,
687 2339 831 2402 τινὲς
863 2339 906 2391 δ’
951 2338 1127 2392 αὐτῶν
1179 2339 1269 2390 τὸν
1301 2339 1481 2410 τρίτον
1522 2339 1652 2409 (17).
1693 2331 1818 2410 Ἆρ’

217 2426 324 2484 οὖν
357 2430 494 2483 κατὰ
522 2433 646 2493 τοὺς
671 2430 964 2492 τοιούτους,
1001 2431 1123 2483 ἐπεὶ
1154 2430 1213 2482 τὸ
1245 2431 1363 2483 ὅλον
1390 2433 1418 2482 ὀ
1451 2431 1652 2500 κόσμος
1688 2432 1820 2494 Θεὸς

216 2524 398 2585 ἐστιν,
433 2523 531 2593 ’ήδη
559 2523 653 2574 καὶ
688 2521 755 2573 τὰ
792 2523 932 2591 μέρη
967 2521 1129 2573 αὐτοῦ
1150 2521 1304 2584 θεῖα,
1339 2522 1413 2584 ὡς
1442 2517 1581 2574 εἶναι
1613 2521 1728 2574 θεῖα
1757 2524 1818 2574 οὑ

221 2615 392 2686 μόνον
439 2613 779 2683 ἀνθρώπους,
822 2612 954 2665 ἀλλὰ
1008 2612 1102 2663 καὶ
1143 2613 1323 2664 πάντα
1367 2611 1436 2664 τὰ
1479 2613 1648 2680 ἄλογα
1683 2613 1816 2677 ζῶα,

224 2705 377 2775 μέρη
408 2703 534 2757 ὄντα
567 2703 657 2755 τοῦ
687 2703 913 2772 κόσμου,
946 2703 1081 2770 πρὸς
1106 2701 1162 2754 δὲ
1187 2703 1395 2766 τούτοις
1428 2705 1521 2756 καὶ
1551 2704 1620 2757 τὰ
1645 2705 1816 2774 (puri;

222 2796 294 2849 Εἰ
331 2796 386 2848 δὲ
420 2795 557 2866 μέρη
595 2795 688 2848 τοῦ
719 2796 922 2864 κόσμου
953 2795 1045 2848 καὶ
1073 2798 1120 2847 οἰ
1159 2796 1414 2865 ποταμοὶ,
1473 2797 1567 2849 καὶ
1597 2797 1665 2850 τὰ
1694 2797 1815 2868 ὅρη,

222 2888 326 2941 καὶ
355 2889 409 2938 αἰ
444 2886 729 2949 θάλασσαι,
761 2882 849 2956 ἆρ’
881 2887 1002 2937 ἐπεὶ
1031 2886 1150 2947 ὅλος
1181 2889 1209 2938 ό
1249 2887 1452 2955 κόσμος
1484 2888 1615 2950 Θεός
1644 2889 1812 2953 ἐστιν,

221 2978 330 3048 ἤδη
364 2978 454 3030 καὶ
488 2979 535 3029 οἰ
568 2977 805 3046 ποταμοὶ
839 2977 936 3029 καὶ
962 2978 1016 3029 αἱ
1042 2975 1305 3030 Θάλασσαι
1333 2977 1442 3029 0εοί
1475 2979 1640 3043 εἰσιν;
1681 2979 1819 3031 Ἀλλ’

222 3069 352 3122 οὐδὲ
402 3069 555 3122 τοῦτο
590 3070 851 3138 φήσουσιν
910 3068 1187 3138 ’Έλληνεςι
1224 3070 1349 3130 τοὺς
1385 3069 1428 3121 δ’
1464 3069 1816 3122 ἐπιστατοῦν-

219 3177 326 3222 τας
360 3159 413 3229 (ἢ
449 3161 556 3229 ἄρα
590 3159 699 3230 (18)
739 3159 1017 3230 δαίμονας,
1059 3159 1090 3229 ἢ
1132 3159 1306 3222 Οεοὺς,
1354 3158 1429 3222 ὡς
1461 3161 1659 3212 ἐκεῖνοι
1696 3160 1812 3211 ὀνο-

228 3251 482 3321 μάζουσι)
532 3254 791 3320 ποταμοῖς
833 3252 925 3304 καὶ
973 3251 1288 3313 θαλάσσαις,
1339 3248 1562 3314 τούτους
1608 3251 1674 3303 ἂν
1725 3250 1812 3302 λέ-

223 3355 378 3409 γοιεν
413 3340 584 3403 οεούς’
622 3341 740 3393 ὅθεν
783 3342 876 3395 καί⁵
913 3342 973 3394 τὸ
1020 3342 1305 3394 καθολικὸν
1354 3342 1559 3395 Κέλσου
1602 3343 1812 3410 γίνεται

226 3435 326 3488 καὶ
367 3433 488 3485 καθ’
532 3434 817 3504 Ἕλληνας,
866 3434 991 3496 τοὺς
1031 3435 1128 3502 τὴν
1163 3434 1428 3505 Πρόνοιαν
1471 3434 1810 3502 εἰσάγοντας,

224 3526 446 3595 ψεῦδος,
471 3527 576 3587 ὅτι,
601 3527 694 3578 ἐάν
729 3543 780 3576 τι
820 3524 937 3576 ὅλον
1029 3524 1181 3587 Θεὸς,
1217 3523 1557 3592 πάντωςβθ)
1571 3523 1637 3577 τὰ
1675 3523 1814 3595 μέρη

224 3618 420 3671 τούτου
456 3618 574 3670 ἐστὶ
605 3617 744 3670 θεῖα·
782 3616 1062 3669 ἀκολουθεῖ
1093 3617 1148 3668 δὲ
1178 3615 1255 3685 τῷ
1289 3616 1495 3668 Κέλσου
1527 3615 1687 3686 λόγῳ,
1719 3616 1815 3670 ἐὰν

225 3711 362 3773 Θεὸς
457 3712 485 3762 ὁ
516 3710 738 3780 κόσμος,
772 3709 948 3762 πάντα
976 3707 1044 3761 τὰ
1067 3711 1123 3761 έν
1151 3707 1301 3778 αὐτῷ
1326 3705 1462 3761 εἶναι
1498 3707 1637 3770 θεῖα,
1670 3709 1810 3781 μέρη

225 3803 364 3856 ὄντα
404 3801 497 3854 τοῦ
540 3802 764 3872 κόσμου’
816 3803 909 3855 καί⁹
959 3800 1101 3855 κατὰ
1145 3799 1303 3854 τοῦτο
1343 3799 1462 3853 Θεῖα
1505 3799 1656 3854 ἔσται
1697 3799 1810 3864 ζῶα

329 3961 376 3992 ⁷³
402 3959 554 4014 Deut.
597 3975 670 4022 tv,
704 3959 790 4014 l9.

305 4105 419 4179 (15)
445 4103 712 4179 Στωϊκοί.
739 4101 1024 4179 Ριιιίη-ἰὶἰ).
1056 4119 1096 4179 ξ,
1123 4117 1245 4170 cap.
1276 4101 1433 4179 7,_De
1459 4100 1804 4179 placitis-pm-

231 4170 436 4243 losbph.
457 4191 472 4226 .-
491 4174 622 4226 Θεὸν
655 4173 732 4243 δὲ,
759 4171 860 4243 ,καὶ
892 4173 980 4223 τὸν
998 4171 1232 4243 ,κόσμοξθτ
1269 4171 1362 4222 καὶ
1395 4171 1518 4243 τὲὺς
1532 4241 1539 4243 .
1555 4170 1808 4243 ἀστέρᾲῇ

234 4246 334 4300 καὶ
350 4239 454 4314 ’τὴν
483 4242 725 4314 γῆνητὸν
752 4241 806 4292 δὲ
836 4241 1095 4294 ἀνωτάτω
1116 4239 1340 4296 ’πάντων
1370 4240 1492 4314 νοβν
1527 4241 1582 4291 ἐν
1611 4239 1810 4310 αἰθέρι.

234 4319 262 4368 ἐ
293 4316 374 4368 Ad
413 4310 554 4375 haec,
612 4312 779 4366 Deum
821 4326 941 4364 esse
990 4315 1269 4371 mundum,
1321 4310 1528 4372 stellas,
1578 4320 1808 4373 terram;

235 4399 400 4454 supra
421 4391 596 4436 autem
625 4381 809 4454 omnia
833 4394 951 4454 esse
973 4391 1356 4454 mentenrqtta;
1378 4387 1460 4432 est
1478 4384 1528 4454 in
1553 4387 1769 4454 aethere.
1787 4397 1805 4429 ι

240 4446 372 4507 Vide
397 4467 515 4520 quae
543 4451 751 4520 profert
778 4466 843 4520 ex
878 4449 1180 4520 Chrysippo
1217 4446 1268 4501 in
1299 4448 1435 4520 libro
1485 4450 1557 4501 De
1589 4446 1810 4520 Stoico-

235 4540 351 4577 rum
386 4517 765 4590 repugnantia.
799 4517 1074 4574 LaertJin
1111 4519 1267 4583 Zen.;
1301 4517 1552 4582 Lactant,
1589 4517 1684 4570 lib.
1708 4533 1806 4582 vn,

237 4608 354 4660 cap.
393 4593 445 4646 5.
477 4596 739 4646 SPENCER.

336 4663 421 4728 16)
449 4662 786 4726 Πλάτωνος.
821 4660 983 4721 Plat,
1022 4659 1096 4713 De
1119 4659 1294 4712 anima
1320 4658 1522 4728 mundi,
1552 4671 1676 4725 pag.
1708 4656 1807 4728 94:

241 4726 570 4802 ᾼηλούμενος
589 4728 662 4784 ὧν
682 4733 898 4801 ἄριστον
927 4732 1167 4802 γένναμα
1199 4731 1389 4802 ποιεῖν,
1427 4726 1609 4802 τού-εον
1640 4727 1810 4802 ὲττοζει

239 4796 370 4871 Θεὸν
399 4796 669 4868 Ῠεννατὸν,
687 4796 895 4854 οὕποκα
924 4796 1334 4871 φθαρησόμενόν
1358 4799 1448 4849 ὑπ’
1479 4796 1620 4871 ἄλλω
1654 4796 1810 4871 αἰτίω

240 4869 343 4935 ἔξω
366 4866 446 4940 ,τῶ
476 4873 631 4924 αὑτὸν
663 4866 1076 4940 συντεταγμένω
1094 4866 1254 4940 Θεῷ,
1280 4868 1474 4920 εἴποκα
1502 4866 1688 4940 δήλετο
1713 4867 1810 4940 αὐτ

237 4941 327 5011 τὸν
356 4939 764 5011 διαλύεν.γἈλλ’
798 4942 856 4992 οὐ
882 4936 1004 5011 ,γάρ
1051 4938 1268 5011 τάγαθῷ
1312 4940 1458 5011 ἐστιν
1499 4936 1672 5011 ὁρμᾶν
1716 4936 1808 5011 έπί

239 5010 443 5081 φθορὰν
460 5010 790 5081 γεννάματος
806 5006 1092 5081 καλλίστω·
1106 5009 1342 5081 διαμένει
1358 5007 1693 5081 ἄρα,τοιόσδε
1709 5006 1802 5081 ὢν,

239 5076 511 5150 ἄφθαρτος
537 5076 638 5132 καί
653 5079 954 5166 ἀνώλεθρος
992 5081 1085 5132 καὶ
1126 5076 1408 5150 μα’κάριοςέ
1443 5077 1729 5185 κράτιστος
1759 5076 1803 5128 δ’

241 5151 347 5185 ιιι-τρὶ
376 5149 646 5185 νευυηφιτιυ
701 5151 813 5185 ξιτ-μβῖ
847 5151 950 5185 nar"
978 5149 1056 5185 θοτι
1088 5149 1360 5185 vnum-{mnu
1384 5149 1472 5185 ηιατ-
1493 5164 1539 5185 ιιι
1569 5147 1782 5185 ἓνέυσηη

239 5147 352 5203 ἐστί
376 5147 667 5219 Ῡεννατῶν,
700 5151 818 5202 ἐπεὶ
847 5147 950 5201 ὑπὸ
978 5149 1056 5201 τῶ
1088 5147 1360 5220 κρατίστω
1384 5147 1539 5220 αἰτίω
1569 5147 1800 5213 ἐγένετο.

248 5239 264 5270 ι
293 5217 427 5274 Cum
461 5221 627 5289 igitur
657 5220 798 5289 Deus
831 5220 992 5289 vellet
1027 5217 1448 5286 pulcherrimum
1485 5217 1654 5268 letum
1684 5231 1804 5282 pro-

242 5290 459 5352 ducere,
488 5287 638 5343 hunc
669 5287 846 5343 eﬂ‘ecit
879 5287 1046 5341 Deum
1089 5289 1350 5353 genitum,
1384 5299 1655 5353 nunquam
1681 5299 1802 5337 cor-

245 5361 597 5427 rumpendum
647 5361 716 5413 ab
748 5360 850 5411 alia
893 5352 1476 5427 causa,pr:cterqnam
1509 5372 1536 5405 a
1574 5352 1680 5427 Deo
1712 5354 1802 5427 qui

246 5423 417 5495 ipsum
452 5429 778 5497 composuit,
813 5428 855 5482 si
886 5423 1362 5496 quandovolnerit
1401 5426 1574 5497 ipsum
1610 5423 1803 5476 dissol-

245 5494 388 5553 vere.
425 5494 620 5552 Αιηυῖι
658 5509 744 5554 est
787 5494 916 5551 boni
970 5498 1252 5563 genitoris,
1300 5497 1364 5547 ad
1403 5494 1486 5547 sui
1539 5495 1698 5556 fetus,
1749 5501 1804 5546 et

243 5569 582 5634 pulcherrimi
618 5570 832 5637 quidem
879 5567 1045 5627 illius,
1097 5563 1642 5637 pernicicmimpelli.
1672 5564 1800 5616 Per-

249 5633 422 5690 manet
468 5633 648 5706 igitut"
681 5640 912 5693 mundus
959 5647 1274 5689 constanter
1317 5634 1457 5706 talis
1490 5633 1664 5706 qualis
1718 5641 1798 5686 est

247 5717 455 5761 creatus
490 5705 528 5761 7a
566 5710 697 5771 Deo,
739 5711 805 5762 ab
835 5709 981 5762 omni
1029 5707 1376 5774 corruptione
1407 5705 1543 5757 liber
1573 5714 1625 5757 et
1656 5705 1794 5757 inte-

253 5786 372 5842 ritu,
421 5781 631 5849 beatus,
665 5782 898 5850 optimus
947 5793 1129 5834 rerum
1171 5776 1408 5833 omnium
1451 5776 1784 5856 genitarum;

1925 1897 2108 1936 verum
2139 1902 2153 1938 :
2183 1898 2286 1937 nec
2328 1883 2471 1936 enim
2521 1883 2722 1952 planta:
2779 1892 2836 1936 et
2885 1883 3142 1938 animalia
3198 1897 3500 1941 censentur

1925 1983 2080 2028 terrae
2130 1982 2335 2043 partes,
2371 1973 2621 2041 quamvis
2660 1974 2714 2028 in
2765 1982 2906 2027 terra
2943 1975 3071 2029 sint.
3108 1976 3213 2030 Sed
3248 1977 3291 2030 si
3329 1986 3498 2030 totum

1923 2066 1992 2118 sit
2025 2066 2185 2128 Dens,
2223 2065 2424 2118 idcirco
2472 2073 2659 2132 partes
2711 2066 2830 2134 ejus
2871 2080 2995 2120 esse
3040 2065 3275 2131 divinas,
3307 2069 3494 2137 ecquis

1924 2157 2006 2210 vel
2033 2155 2344 2211 Grmcorum
2369 2157 2749 2211 concesserit?
2775 2155 2958 2210 Palam
2985 2158 3204 2226 quidem
3235 2158 3311 2212 illi
3340 2174 3499 2214 mun~

1923 2248 2046 2301 dum
2085 2247 2395 2302 universum
2449 2262 2569 2302 esse
2609 2248 2780 2302 Deum
2828 2248 3155 2316 profitentur
3185 2265 3200 2302 :
3233 2263 3357 2302 eum
3399 2263 3498 2317 pro

1921 2339 2097 2406 primo
2148 2339 2257 2393 Deo
2306 2338 2468 2408 582
2523 2338 2719 2402 Stoici,
2771 2354 2870 2408 pro
2917 2339 3160 2392 secundo
3213 2338 3496 2404 Platonici,

1921 2429 2140 2498 quidam
2175 2444 2271 2498 pro
2319 2431 2482 2484 tertio
2530 2429 2754 2483 habent.
2808 2429 3019 2498 Ergone
3065 2444 3133 2482 ex
3187 2429 3312 2495 illis,
3365 2435 3496 2497 quia

1922 2521 2151 2574 mundus
2181 2529 2324 2574 totus
2355 2531 2436 2574 est
2471 2521 2633 2583 Deus.
2660 2520 2917 2574 continue
2941 2531 3124 2588 partes
3156 2521 3271 2590 ejus
3303 2521 3498 2574 divinae

1921 2620 2069 2674 sunt,
2109 2611 2181 2664 ita
2213 2619 2272 2664 ut
2307 2627 2412 2665 non
2451 2609 2626 2665 solum
2681 2611 2953 2675 homines,
2993 2615 3085 2666 sed
3123 2596 3295 2665 brutae
3329 2613 3494 2665 etiam

1921 2703 2227 2756 animantes
2247 2717 2547 2771 omnesque
2571 2703 2766 2772 plantae
2791 2718 2908 2770 qua:
2933 2713 3114 2772 partes
3137 2703 3320 2756 mundi
3343 2713 3497 2768 sunt,

1919 2794 2219 2848 divinitatis
2249 2793 2360 2850 sint.
2390 2795 2721 2873 participes?
2754 2794 2810 2848 Si
2847 2804 3027 2848 autem
3065 2795 3311 2860 ﬂumina,
3344 2811 3502 2849 mon-

1922 2892 2022 2951 tes,
2077 2885 2251 2938 maria
2300 2887 2488 2940 mundi
2543 2896 2670 2940 sunt
2704 2893 2907 2953 partes,
2944 2900 3012 2938 an
3066 2885 3191 2956 quia
3243 2886 3383 2940 Deus
3417 2895 3499 2939 est

1920 2976 2154 3030 mundus
2191 2985 2352 3042 lotus,
2387 2992 2504 3030 eam
2550 2976 2619 3031 ob
2673 2993 2788 3032 rem
2837 2978 2954 3031 haec
2999 2976 3180 3034 omnia
3218 2976 3291 3030 dii
3335 2975 3501 3030 sunt?

1919 3067 2079 3122 Certe
2109 3069 2160 3122 id
2195 3082 2352 3122 nemo
2397 3069 2707 3123 Grtccorum
2753 3069 2953 3122 dixerit
2985 3089 2995 3122 :
3029 3069 3124 3123 sed
3159 3068 3341 3137 potius
3375 3083 3494 3134 eos,

1918 3161 2007 3228 qui
2042 3161 2177 3229 (sive
2224 3161 2501 3215 daemones
2545 3163 2672 3227 sint,
2730 3161 2845 3215 sive
2888 3160 2984 3224 dii,
3027 3169 3085 3212 ut
3134 3159 3208 3212 illi
3259 3161 3494 3228 vocant)

1919 3251 2228 3308 ﬂuminibus
2259 3262 2315 3307 et
2350 3257 2598 3310 maribus
2633 3267 2891 3325 praesunt,
2941 3270 3038 3324 pro
3081 3254 3186 3308 diis
3220 3255 3498 3310 habendos

1919 3357 2058 3399 esse.
2095 3343 2308 3398 Falsum
2344 3345 2512 3421 igitur
2542 3357 2645 3412 est,
2678 3346 2846 3400 etiam
2880 3359 2944 3398 ex
2995 3345 3199 3400 Graecis
3234 3346 3327 3414 qui
3357 3344 3498 3400 Pro-

1919 3437 2214 3491 videntiam
2253 3437 2568 3503 admittunt,
2604 3439 2656 3491 id
2691 3438 2834 3505 quod
2870 3436 3058 3490 Celsus
3091 3437 3143 3490 in
3177 3436 3495 3494 universum

1920 3527 2139 3588 asserit,
2188 3526 2231 3580 si
2277 3536 2446 3581 totum
2496 3528 2626 3596 quid
2679 3537 2764 3581 est
2813 3527 2976 3592 Deus,
3026 3540 3249 3581 necesse
3280 3541 3400 3581 esse
3439 3535 3498 3582 ut

1917 3627 2099 3688 partes
2142 3618 2258 3685 ejus
2301 3619 2498 3672 divinae
2542 3619 2673 3674 sint.
2718 3618 2978 3686 Sequitur
3010 3627 3194 3673 autem
3239 3631 3306 3672 ex
3348 3617 3496 3672 illius

1917 3711 2210 3774 sententia,
2242 3711 2284 3765 si
2332 3711 2566 3766 mundus
2607 3719 2694 3766 est
2735 3711 2894 3777 Deus,
2943 3710 3124 3764 omnia
3161 3725 3280 3780 quae
3321 3710 3376 3764 in
3403 3709 3496 3764 illo

1917 3810 2063 3868 sunt,
2094 3810 2279 3871 utpote
2324 3809 2506 3870 partes
2556 3801 2694 3870 ejus,
2726 3801 2830 3856 diis
2873 3815 2994 3857 esse
3036 3801 3493 3857 adnumeranda:

1911 4102 2352 4170 quandoquidem
2391 4103 2457 4156 ah
2485 4101 2686 4170 Optima
2727 4115 2890 4154 causa
2937 4098 3164 4154 exstitit.
3190 4116 3210 4150 ι
3247 4097 3388 4170 Plat.
3435 4099 3488 4152 in

1919 4169 2283 4240 Tinm'o,pag.
2318 4174 2410 4234 40,
2467 4169 2590 4225 cum
2639 4170 2802 4240 multa
2853 4171 3079 4240 dixerat
3105 4171 3170 4240 de
3214 4169 3494 4240 creatione

1915 4241 2126 4305 mundi,
2150 4236 2420 4308 adjnngit:
2450 4240 2609 4293 Ἀλλὰ
2624 4239 2798 4309 ταῦτά
2823 4256 2882 4291 τε
2923 4238 3267 4309 ἱκανῶς-ἡμῖν
3290 4236 3489 4309 ταύτῃ,

1914 4311 2008 4381 καὶ
2037 4309 2104 4362 τὰ
2147 4306 2271 4380 περὶ
2318 4306 2456 4381 θεῶν
2503 4308 2715 4381 ὁρατῶν
2761 4310 2855 4381 καί
2907 4306 3177 4381 γεννητῶν
3223 4306 3488 4381 εἰρημένα

1916 4378 2150 4446 φύσεως,
2181 4377 2350 4448 ἐχέτω
2378 4377 2546 4442 τέλος.
2582 4397 2599 4428 ι
2631 4380 2804 4444 Atque
2831 4379 2945 4448 huic
2972 4378 3186 4443 quidem
3223 4377 3489 4448 hactenus

1916 4449 1982 4501 de
2010 4446 2416 4517 aspectabilium
2445 4459 2498 4503 et
2530 4448 2829 4517 genitorinn
2863 4447 3088 4499 deorum
3122 4455 3314 4517 natura
3348 4446 3488 4499 dicta

1920 4513 2112 4570 sunto:
2131 4519 2329 4585 istique
2351 4513 2584 4571 sermoni
2608 4517 2698 4569 hic
2724 4515 2845 4569 linis
2870 4516 3192 4584 imponatur.
3230 4513 3308 4585 In.

1991 4588 2100 4656 (l7)
2143 4583 2365 4654 Τρίτον.
2401 4587 2595 4640 Plotin.
2635 4586 2728 4638 lil).
2768 4601 2820 4648 ν,
2858 4583 3142 4656 enneados
3183 4585 3216 4637 5
3244 4602 3256 4636 :
3283 4583 3359 4656 ’Ἡ
3381 4586 3488 4656 εἰσι

1916 4653 2009 4709 καί.
2035 4656 2267 4709 ἐνταῦθα
2299 4656 2534 4720 θεοί,κα“ι
2566 4659 2593 4709 ὁ
2613 4656 2816 4724 κόσμος
2845 4654 2998 4725 Θεὸς,
3037 4654 3224 4725 ὥσπερ
3252 4653 3483 4725 σύνηθες

1915 4726 2111 4798 λέχειν,
2146 4727 2348 4798 τρίτος,
2389 4729 2480 4780 καὶ
2511 4729 2560 4779 εἰ
2598 4723 2756 4796 μέχρι
2791 4723 3032 4798 σελήνης
3068 4723 3294 4798 ἕκαστος
3331 4723 3483 4798 Θεός.

1918 4815 1936 4848 t
1969 4794 2384 4863 Forsan'potius
2415 4799 2501 4852 hic
2533 4794 2749 4863 quoque
2772 4795 2842 4847 dli
2870 4794 3015 4853 sunt,
3053 4804 3114 4866 et
3135 4795 3367 4847 tn‘nndus
3402 4794 3484 4866 (ut.

1911 4867 2015 4920 dici
2044 4866 2199 4936 solet)
2231 4867 2368 4920 Deus
2395 4876 2478 4921 est
2503 4867 2694 4936 tertius
2715 4881 2728 4917 :
2749 4873 2803 4917 ct
2829 4879 3000 4932 usque
3017 4863 3284 4917 adlunam
3315 4863 3482 4919 unus-

1907 4937 2136 5006 quisque
2171 4933 2255 4990 est
2295 4937 2452 4991 Deus.
2477 4956 2497 4987 ι
2532 4933 2608 4988 lu.
2656 4953 2677 4985 ι

1985 5002 2111 5077 (18)“
2127 5006 2225 5077 Sic
2263 5021 2393 5077 mss.
2437 5006 2592 5077 Libri
2617 5013 2802 5077 autem
2826 5002 2972 5077 “editi
3006 5041 3020 5066 ,
3051 5003 3106 5077 et
3139 5003 3267 5074 ἄρα.
3310 5002 3484 5057 Paulo

1908 5071 2050 5144 post,
2077 5071 2203 5129 ’ὅθεν
2229 5076 2321 5128 καὶ
2354 5076 2413 5129 τὸ
2447 5073 2730 5144 καθολικὸν
2757 5071 2987 5144 Κέλσου,
3019 5073 3097 5126 sic
3119 5071 3188 5144 ad
3211 5088 3484 5144 erantco-

1910 5141 2048 5200 ilicis
2085 5145 2283 5200 Joliani
2333 5146 2550 5217 legitur.
2598 5145 2656 5198 ιιι
2678 5141 2802 5198 aliis
2851 5158 2982 5198 mss.
3026 5152 3081 5196 ct
3127 5142 3262 5197 libb.
3315 5142 3482 5194 editis

1908 5216 2079 5269 deest.
2105 5215 2245 5269 ὅθεν.

1945 5225 2079 5279 eest,
2105 5216 2245 5269 ὅθεν.

1980 5275 2090 5352 (19⁷)
2120 5285 2386 5351 Πάντως.
2428 5282 2596 5338 Codd.
2647 5282 2849 5353 Regius
2894 5290 2949 5336 et
3004 5277 3352 5353 Basileensis,
3416 5275 3479 5328 οὐ

1907 5351 2144 5419 πάντως,
2177 5371 2294 5423 quae
2330 5353 2560 5422 negandi
2608 5351 2871 5420 particula
2903 5353 2946 5406 si
2974 5351 3317 5423 admittitur,
3351 5356 3480 5399 tunc

1906 5439 2023 5493 poSt
2052 5420 2423 5494 ψεῦδοςηιιοιῑ
2460 5424 2738 5492 praecedit,
2778 5423 2895 5494 loco
2935 5420 3159 5494 virgula}
3203 5429 3478 5494 apponet:-

1904 5481 2026 5546 Zlnm
2060 5481 2164 5549 erit
2188 5481 2545 5563 punctum,ut
2569 5481 2859 5564 sequentia
2883 5504 2984 5541 non
3018 5481 3082 5564 ad
3107 5487 3167 5564 τὸ
3191 5481 3480 5564 καθολικὸν

1901 5564 2111 5617 Κέλσου
2164 5557 2488 5628 referantur,
2525 5564 2617 5616 sed
2649 5557 2730 5614 'ah
2769 5557 3242 5628 Origone_inl'erri
3280 5557 3476 5628 existi-

1903 5646 2113 5689 mentur
2155 5637 2256 5688 hoc
2301 5634 2457 5685 modo
2475 5621 2498 5686 ἐ
2524 5634 2603 5684 ὅτι
2646 5631 2740 5700 έάν
2772 5647 2823 5681 τι
2856 5621 2976 5680 ὅλον
3070 5625 3223 5693 Θεὸς,
3253 5628 3314 5679 ού
3341 5621 3481 5681 πάν·

1897 5722 2002 5769 τως
2017 5706 2083 5758 τὰ
2113 5705 2250 5776 μέρη
2268 5702 2453 5756 τούτου
2491 5703 2604 5754 ἐστὶ
2640 5699 2776 5753 Oeta.
