3986 6164
416 223 553 280 1195
1826 221 2168 280 οιιιςΕΝιε
3545 232 3569 285 ί
3590 235 3617 285 1
3631 231 3718 288 96

413 342 508 410 qui
559 339 626 397 ad
676 339 943 410 justitiam
996 343 1250 398 erudiunt
1307 341 1542 407 multos,
1600 342 1985 411 quasi‘stellau

2099 361 2228 414 ματι
2273 343 2724 417 ἐξεγερθήσονται
2749 384 2764 410 ,
2817 339 2963 401 οὗτοι
2993 347 3073 411 είς
3102 345 3248 419 ζωὴν
3276 346 3498 402 αἰώνιον
3517 387 3531 412 ,
3598 347 3718 402 καὶ

415 434 470 488 in
503 435 838 491 zeteruitates
873 445 926 490 et
959 434 1097 489 ultra
1130 435 1196 488 ⁸⁸.
1241 451 1260 485 ι
1309 433 1438 489 Inde
1464 433 1666 490 Paulus
1697 446 1985 504 acceperat

2099 429 2244 490 οὗτοι
2274 438 2353 500 είς
2383 437 2684 509 ὀνειδισμὸν
2724 439 2819 492 καὶ
2860 440 3120 510 αἰσχύνην
3172 435 3411 493 αἰώνιον.
3473 437 3590 492 Καὶ
3653 441 3716 493 οῖ

412 528 470 582 id
497 527 638 598 quod
665 526 802 582 dixit
831 527 900 581 de
926 527 1331 582 resurrectione
1361 541 1529 596 agens
1560 545 1574 581 :
1608 543 1628 578 ι
1665 526 1732 582 Ει
1759 542 1985 597 corpora

2104 528 2377 591 συνιέντες
2401 528 2770 600 ἐκλάμψουσιν
2798 531 2874 594 ὡς
2901 534 2935 602 ἡ
2966 531 3288 603 λαμπρότης
3319 530 3416 585 τοῦ
3447 530 3715 604 στερεώ-

414 618 660 675 εαειθεῠίι
688 627 743 672 et
770 631 995 687 corpora
1023 618 1302 673 terrestria
1329 635 1344 683 ;
1370 619 1464 672 sed
1494 617 1600 674 alia
1627 619 1848 688 quidem
1881 632 1985 675 ete-

2103 635 2298 689 ματοςο
2331 620 2424 673 καὶ
2449 619 2558 672 ἀπὸ
2584 619 2693 674 τῶν
2722 620 2942 675 δικαίων
2968 623 3078 677 τῶν
3118 623 3326 677 πολλῶν
3349 625 3425 687 ὡς
3448 624 3499 676 οἱ
3532 623 3715 676 ἀστέ-

414 708 632 766 lestium
669 706 978 778 gloria,alia
1000 718 1177 762 autem
1213 710 1574 765 terrestrium.
1612 711 1731 765 Alia
1765 710 1985 767 claritas

2103 728 2194 782 ρες
2236 713 2318 776 είς
2342 712 2468 774 τοὺς
2498 712 2720 776 αἰῶνας,
2753 712 2848 766 καὶ
2878 713 2979 766 ἑτι.
3027 733 3046 767 ι
3083 714 3245 768 Ὅθεν
3289 716 3382 768 καὶ
3411 718 3440 768 6
3471 714 3710 776 Παῦλος

411 801 684 866 solis,alia
716 799 938 855 claritas
976 801 1135 876 lunae,
1181 811 1236 856 et
1267 801 1368 857 alia
1415 803 1635 857 claritas
1683 803 1985 859 stellarum.

2097 802 2276 855 λαϐὼν
2304 803 2359 856 ἐν
2383 805 2495 867 τοῖς
2529 804 2657 875 περὶ
2683 804 3034 869 ἀναστάσεώς
3057 823 3217 877 φησιο
3258 825 3276 858 ι
3314 808 3425 861 Καὶ
3456 809 3708 874 σώματα

413 896 578 953 Stella
595 896 736 950 enim
770 895 971 950 astella
1002 896 1181 953 diﬂ‘ert
1213 899 1265 952 in
1296 899 1568 955 claritate.
1605 900 1697 956 Sic
1722 911 1776 956 et
1799 915 1985 956 resur-

2099 894 2424 964 ἐπουράνια,
2474 897 2568 948 καὶ
2614 896 2842 967 σώματα
2893 897 3148 966 ἐπίγειαο
3200 897 3316 951 ἀλλ’
3363 897 3528 969 ἑτέρα
3583 900 3705 968 μὲν

412 989 585 1046 rectio
602 989 1020 1044 mortuorum”.
1045 1009 1062 1041 ι
1083 989 1239 1044 Nulla
1268 990 1432 1059 igitur
1464 991 1564 1046 fuit
1584 993 1740 1058 ratio,
1756 1008 1874 1059 cur,
1895 995 1986 1063 qui

410 1087 594 1134 creata
619 1078 800 1133 omnia
835 1094 1099 1149 generose
1131 1079 1360 1148 pedibus
1395 1081 1712 1148 proculcare
1735 1092 1786 1136 et
1817 1098 1846 1136 a
1876 1083 1989 1138 Deo

408 1167 858 1237 prarstantissima
896 1166 1017 1222 vita:
1071 1169 1208 1223 bene
1232 1177 1369 1223 actae
1422 1171 1641 1239 pmntia
1673 1181 1987 1238 exspectare

409 1260 736 1323 didit-crant,
767 1258 859 1327 qui
885 1258 1168 1313 audierant
1197 1276 1248 1310 ει
1291 1256 1399 1314 Vos
1422 1261 1552 1316 estis
1583 1260 1670 1312 lux
1701 1260 1918 1324 mundi;
1955 1278 1981 1311 -ι

406 1359 506 1404 et:
547 1366 565 1400 ι
603 1349 808 1404 Luceat
852 1350 947 1405 lux
978 1357 1162 1404 vestra
1208 1364 1395 1404 coram
1443 1351 1774 1415 hominibus,
1822 1358 1880 1404 ut
1907 1351 1986 1404 vi-

404 1441 570 1496 deant
620 1455 786 1511 opera
831 1451 1015 1497 vestra
1069 1444 1252 1508 bona,
1307 1452 1362 1498 ct
1412 1443 1719 1512 gloriﬁcent
1765 1441 1983 1498 Patrem

405 1545 649 1589 vestrum
685 1536 774 1604 qui
830 1535 883 1590 in
934 1537 1086 1592 cmlis
1116 1545 1201 1592 est
1233 1537 1316 1602 9°;
1371 1555 1389 1590 ι
1441 1537 1533 1605 qui
1567 1551 1778 1591 summo
1805 1536 1986 1592 studio

405 1627 472 1681 ad
507 1626 848 1697 splendidam
875 1627 1023 1682 illam
1048 1638 1102 1683 ct
1123 1629 1608 1684 incontaminatam
1632 1629 1982 1698 sapientiam,

2097 990 2130 1057 ή
2163 988 2270 1040 τῶν
2315 989 2654 1058 ἐπουρανίων
2697 989 2846 1054 δόξα,
2877 990 3038 1062 ἑτέρα
3079 991 3137 1044 δὲ
3183 991 3216 1061 ἠ
3264 991 3373 1044 τῶν
3404 992 3699 1060 ἐπιγείων.

2100 1079 2266 1144 Ἀλλη
2303 1078 2428 1143 δόξα
2460 1080 2634 1150 ἡλίου,
2667 1083 2761 1134 καὶ
2800 1071 2951 1152 ἄλλη’
2968 1082 3093 1146 δόξα
3123 1081 3370 1154 σελήνης,
3414 1082 3508 1134 καὶ
3549 1069 3702 1151 Elin

2094 1168 2221 1233 δόξα
2249 1171 2494 1242 ἀστέρων
2513 1189 2524 1200 ·
2564 1171 2740 1243 ἀστὴρ
2769 1173 2879 1244 γὰρ
2910 1174 3140 1246 ἀστέρος
3169 1174 3416 1246 διαφέρει
3450 1176 3507 1228 ἐν
3533 1173 3694 1246 δόξῃ.

2096 1262 2253 1316 Οὕτω
2293 1262 2386 1315 καὶ
2414 1266 2446 1333 ἡ
2478 1262 2773 1328 ἀνάστασις
2810 1264 2919 1317 τῶν
2955 1265 3181 1336 νεκρῶν.
3239 1285 3256 1318 ι
3302 1266 3376 1320 Οὐ
3409 1266 3589 1319 τοίνυν
3619 1261 3698 1337 ἦν

2095 1352 2315 1422 εὔλογον
2363 1354 2496 1424 (50),
2551 1355 2676 1419 τοὺς
2727 1355 3074 1426 διδαχθέντας
3137 1357 3492 1428 μεγαλοφυῶς
3513 1357 3698 1428 ὑπερ-

2095 1445 2406 1499 αναϐαίνειν
2441 1446 2618 1500 πάντα
2660 1446 2728 1500 τὰ
2770 1447 3250 1519 δημιουργήματα,
3300 1449 3397 1505 καὶ
3443 1450 3694 1514 ἐλπίζειν

2092 1539 2162 1592 τὰ
2189 1540 2384 1610 ἄριστα
2399 1539 2526 1608 περὶ
2553 1539 2732 1592 αὐτῶν
2750 1539 2902 1612 παρὰ
2931 1540 3010 1610 τῷ
3033 1541 3153 1613 Θεῷ
3182 1543 3274 1595 ἐπὶ
3301 1541 3381 1614 τῷ
3407 1543 3691 1612 καλλίστῳ

2096 1631 2215 1702 βίῳ,
2256 1631 2350 1684 καὶ
2393 1631 2732 1695 ἀκούσαντας
2777 1631 2861 1696 τὸ,
2900 1653 2918 1686 ι
2967 1634 3154 1706 Ὑμεῖς
3196 1635 3320 1687 ἐστε
3345 1635 3406 1688 τὸ
3435 1635 3553 1704 φῶς
3586 1635 3688 1688 τοῦ

405 1721 582 1788 ipsum
635 1718 772 1774 lucis
821 1728 1038 1774 aeterna:
1065 1720 1410 1790 splendorem
1443 1723 1861 1787 contendebant,
1896 1732 1985 1778 aut

2093 1719 2336 1788 κόσμου·
2401 1739 2419 1772 ι
2473 1721 2564 1772 καὶ
2602 1720 2683 1782 τὸ,
2739 1738 2757 1772 ι
2801 1722 3086 1792 Λαμψάτω
3117 1724 3179 1776 τὸ
3222 1725 3338 1793 φῶς
3381 1725 3535 1796 ὑμῶν
3585 1725 3689 1796 ἒμ-

396 1809 510 1876 jam
539 1817 698 1864 erant
725 1813 1042 1877 consecuti;
1085 1813 1158 1866 illi
1189 1814 1261 1868 ita
1306 1813 1553 1869 sensibili
1585 1814 1720 1870 solis
1748 1823 1802 1869 et
1843 1815 1986 1871 lunae

403 1913 461 1958 et
503 1905 786 1960 stellarum
818 1905 1020 1958 lumine
1065 1905 1512 1974 percellerentur,
1548 1913 1627 1971 ut,
1659 1906 1784 1961 licet
1829 1907 1988 1962 intel-

402 1995 664 2066 ligibilem
724 1994 990 2048 haberent
1042 1995 1254 2060 lucem,
1309 1995 1482 2050 lucem
1544 2010 1752 2060 veram,
1806 1995 1984 2051 lucem

400 2088 620 2154 mundi,
669 2085 848 2140 lucem
901 2087 1207 2153 hominum,
1241 2101 1302 2142 se
1349 2097 1527 2143 tamen
1581 2086 1720 2142 inira
1750 2088 1986 2144 sensibi‘

401 2181 510 2236 lem
533 2179 682 2234 illam
711 2178 883 2233 lucem
909 2192 1030 2234 esse
1047 2178 1448 2233 arbitrarentur
1470 2194 1665 2249 resque
1688 2179 1777 2232 illa
1803 2181 1987 2249 prmdi-

402 2282 489 2328 tas
502 2272 793 2327 adorarent
811 2288 823 2324 :
841 2285 974 2342 quas
992 2270 1206 2340 quidem
1222 2269 1265 2325 si
1287 2271 1498 2325 adorari
1515 2273 1862 2339 Oportuisset,
1881 2285 1984 2323 non

403 2365 572 2438 585
618 2365 860 2436 proiecto
893 2374 1112 2434 propter
1141 2363 1271 2418 illud
1324 2363 1503 2418 lumen
1542 2364 1798 2417 sensibile
1841 2363 1983 2432 quod

400 2461 586 2515 multis
614 2460 922 2546 adorationi
956 2466 1078 2522 est;
1110 2457 1202 2511 sed
1245 2456 1432 2525 potius
1462 2464 1684 2524 prepter
1728 2456 1984 2524 intelligi-

406 2550 516 2606 bile
568 2550 700 2604 illud
731 2543 788 2606 et
820 2563 1006 2605 verum
1041 2548 1223 2599 lumen
1268 2544 1481 2600 adorari
1529 2543 1900 2614 oportuisset:
1935 2543 1982 2596 si

401 2643 621 2712 quidem
651 2650 799 2697 astra
838 2639 962 2695 coeli
993 2647 1121 2693 sunt
1167 2635 1418 2691 animalia
1457 2637 1667 2690 ratione
1695 2645 1750 2688 et
1784 2637 1986 2690 virtute

403 2734 650 2804 praedita,
689 2743 850 2802 atque
887 2733 954 2785 ab
984 2730 1076 2784 illa
1103 2727 1372 2797 sapientia
1397 2765 1412 2790 ,
1448 2741 1570 2794 quae
1601 2725 1740 2780 lucis
1769 2735 1987 2779 aeternae

406 2825 662 2896 splendor
689 2834 796 2889 est,
821 2821 1156 2891 cognitionis
1185 2819 1393 2873 lumine
1428 2816 1649 2873 fuerunt
1688 2817 1983 2872 illustrata.

399 2917 536 2974 Nam
588 2917 716 2972 illud
766 2930 956 2970 eorum
1005 2913 1188 2966 lumen
1232 2908 1490 2964 sensibile
1541 2908 1660 2975 ejus
1719 2917 1804 2962 est
1849 2920 1987 2974 opus

401 3010 496 3080 qui
539 3008 745 3063 creavit
794 3005 1023 3060 omnia:
1068 3001 1211 3068 quod
1261 3009 1441 3054 autem
1493 2998 1838 3066 intelligibile
1885 2997 1988 3051 for-

2089 1808 2324 1879 προσθεν
2365 1809 2474 1862 τῶν
2507 1807 2830 1879 ἀνθρώπων,
2863 1813 3011 1875 ὅπως
3039 1813 3189 1868 ἴδωσι
3234 1814 3303 1867 τὰ
3337 1813 3480 1868 καλά
3524 1814 3686 1884 ὑμῶν

2087 1900 2245 1971 ἔργα,
2289 1904 2385 1956 καὶ
2436 1901 2699 1967 δοξάσωσι
2741 1904 2835 1957 τὸν
2863 1905 3084 1976 Πατέρα
3130 1906 3306 1976 ὑμῶν,
3350 1908 3443 1961 τὸν
3477 1910 3535 1960 ἐν
3566 1911 3685 1971 τοῖς

2088 1994 2332 2062 οὐρανοῖς
2357 2011 2368 2022 ο
2413 2013 2432 2047 ι
2469 1995 2770 2061 ἀσκοῦντας
2797 1997 2943 2067 ἔχειν
2981 2001 3080 2070 τὴν
3113 1999 3372 2068 λαμπρὰν
3418 2002 3512 2053 καὶ
3544 2001 3685 2070 ἀμά-

2091 2097 2284 2151 ραντον
2325 2082 2539 2150 σοφίαν,
2570 2084 2602 2154 ἢ
2646 2087 2740 2138 καὶ
2768 2087 2880 2158 (51)
2907 2088 3264 2158 ἀνειληφότας
3298 2089 3469 2161 αὐτὴν
3511 2088 3681 2144 οὖσαν

2090 2174 2430 2244 ἀπαύγασμα
2487 2177 2662 2244 φωτὸς
2722 2178 2935 2242 ἀϊδίου,
2989 2181 3411 2251 καταπλαγῆναι
3475 2181 3536 2234 τὸ
3591 2186 3680 2236 αἱ-

2091 2265 2285 2336 σθητὸν
2324 2266 2500 2336 ἡλίου,
2535 2271 2629 2322 καὶ
2668 2273 2916 2342 σελήνης,
2954 2272 3050 2325 καὶ
3086 2273 3299 2343 ἄστρων
3329 2272 3446 2343 φῶς
3479 2273 3572 2327 ἐπὶ
3593 2291 3680 2328 το-

2092 2356 2298 2420 σοῦτον,
2333 2357 2472 2411 ὥστε
2511 2359 2598 2412 διὰ
2648 2362 2708 2414 τὸ
2749 2363 3004 2433 αἰσθητὸν
3043 2363 3157 2432 φῶς
3199 2364 3424 2417 ἐκείνων
3463 2364 3678 2434 νομίσαι

2089 2449 2316 2512 ἑαυτοὺς
2345 2451 2495 2504 κάτω
2527 2470 2628 2506 που
2671 2450 2834 2520 εἶναι,
2875 2455 3097 2524 ἔχοντας
3135 2455 3451 2526 τηλικοῦτον
3487 2457 3677 2526 νοητὸν

2089 2540 2342 2608 γνώσεως
2365 2544 2608 2611 φῶς,καὶ
2638 2545 2754 2614 φῶς
2773 2545 3048 2616 ἀληθινὸν,
3074 2548 3166 2600 καὶ
3189 2547 3302 2616 φῶς
3329 2546 3422 2600 τοῦ
3450 2549 3670 2616 κόσμου,

2089 2635 2183 2686 καὶ
2201 2634 2316 2701 φῶς
2337 2635 2442 2688 τῶν
2459 2635 2556 2688 ἀνθ
2564 2637 2782 2708 ρώπων,
2804 2637 3076 2701 κάκείνοις
3095 2639 3467 2709 προσκυνῆσαι
3483 2655 3495 2668 ·
3511 2637 3603 2702 οὓς
3625 2639 3673 2693 εί

2088 2726 2196 2796 ἄρα
2230 2729 2647 2796 προσκυνεῖσθαι
2677 2731 2844 2802 ἐχρῆν
2867 2771 2882 2796 ,
2937 2730 2998 2782 οὐ
3032 2730 3122 2786 διὰ
3156 2729 3217 2783 τὸ
3260 2730 3670 2801 θαυμαζόμενον

2090 2817 2192 2868 ὑπὸ
2223 2818 2328 2870 τῶν
2363 2819 2571 2873 πολλῶν
2603 2822 2860 2891 αἰσθητὸν
2888 2822 3004 2891 φῶς
3034 2823 3200 2893 ἐχρῆν
3229 2823 3667 2893 προσκυνεῖσθαι,

2088 2909 2225 2962 ἀλλά
2268 2911 2358 2964 διὰ
2404 2913 2468 2965 τὸ
2519 2915 2701 2983 νοητὸν
2732 2914 2845 2983 (5‘2)
2874 2916 2970 2970 καὶ
3001 2914 3253 2984 ἀληθινόν
3275 2930 3289 2944 ·
3321 2914 3481 2984 εἴπερ
3506 2914 3597 2966 καὶ
3622 2916 3671 2965 οί

2091 3004 2148 3055 ἐν
2174 3003 2389 3074 οὐρανῷ
2435 3004 2667 3077 ἀστέρες
2711 3005 2828 3069 ζῶἁ
2883 3007 2989 3059 είσι
3041 3004 3233 3073 λογικὰ
3267 3006 3361 3058 καὶ
3392 3004 3669 3067 σπουδαῖα,

406 3062 552 3156 ιάεεο
587 3100 812 3163 habent,
859 3098 910 3152 id
945 3109 1010 3151 ex
1043 3106 1232 3148 eorum
1279 3091 1449 3146 libera
1483 3089 1761 3145 voluntate
1816 3089 1983 3159 proli—

2093 3094 2187 3146 καὶ
2216 3095 2593 3167 ἐφωτίσθησαν
2623 3097 2702 3167 τῷ
2736 3098 2874 3167 φωτὶ
2911 3099 3012 3168 τῆς
3038 3098 3292 3167 γνώσεως
3323 3096 3432 3150 ὑπὸ
3458 3097 3559 3168 τῆς
3584 3114 3667 3151 σο·

402 3193 651 3250 ciseitur.

2094 3187 2252 3253 φίας,
2284 3189 2406 3258 ﬁet;
2441 3189 2588 3244 ἐστὶν
2633 3190 2974 3285 ἀπαύγασμα
3004 3189 3178 3258 φωτὸς
3210 3189 3404 3243 ἀῖδίου.
3429 3191 3540 3244 Καὶ
3569 3189 3674 3260 γὰρ

398 3287 461 3341 τὸ
495 3287 594 3358 μὲν
628 3281 880 3352 αἰσθητὸν
908 3281 1024 3351 φῶς
1051 3281 1227 3335 αὐτῶν
1255 3281 1416 3352 ἔργον
1443 3281 1560 3334 ἐστὶ
1585 3278 1678 3332 τοῦ
1711 3278 1818 3333 τῶν
1846 3278 1984 3332 ὅλων
2010 3280 2371 3354 δημιουργοῦ,
2403 3286 2464 3338 τὸ
2493 3286 2550 3339 δὲ
2581 3287 2770 3357 νοητὸν
2797 3278 3062 3357 τάχα’καὶ
3112 3285 3291 3341 αὐτῶν
3321 3286 3417 3339 καὶ
3466 3285 3531 3339 ἐκ
3581 3284 3671 3338 τοῦ

401 3378 461 3431 ἐν
487 3374 673 3436 αὐτοῖς
705 3370 1050 3435 αὐτεξουσίου
1077 3370 1356 3441 ἐληλυθός.

475 3471 562 3524 ll.
584 3471 654 3524 At
682 3481 860 3538 neque
891 3467 994 3523 hoc
1023 3467 1199 3537 ipsum
1224 3467 1404 3522 colere
1435 3465 1764 3534 debent,qui
1797 3466 1978 3522 lumen

398 3577 615 3628 verum,
640 3561 782 3618 unde
811 3559 943 3616 illud
988 3558 1290 3624 derivatur,
1325 3565 1420 3612 aut
1449 3556 1620 3612 Deum
1648 3557 1834 3613 vident
1861 3559 1979 3614 veri

399 3654 619 3711 luminis
643 3662 876 3723 patrem,
895 3650 962 3706 de
987 3665 1096 3720 quo
1125 3650 1352 3720 pulchre
1380 3649 1585 3706 dictum
1617 3659 1701 3704 est
1730 3667 1743 3703 :
1777 3666 1798 3701 ι
1835 3649 1983 3706 Deus

399 3745 493 3798 lux
526 3752 632 3809 est,
670 3751 726 3798 et
755 3740 994 3797 tenebra:
1029 3741 1082 3794 in
1139 3755 1206 3796 eo
1233 3756 1336 3797 non
1366 3739 1642 3812 sunt.ullae
1669 3740 1736 3794 9‘.
1775 3757 1794 3792 ι
1828 3739 1985 3796 Sicut

399 3839 547 3893 enim
592 3837 683 3906 qui
735 3845 956 3906 propter
1005 3833 1267 3890 sensibile
1311 3835 1417 3890 hoc
1456 3843 1514 3888 et
1544 3833 1767 3889 cteleste
1796 3833 1979 3888 lumen

399 3928 574 3984 solem
600 3963 617 3992 ,
648 3927 832 3980 lunam
881 3933 936 3980 et
978 3924 1164 3979 stellas
1207 3922 1481 3988 adorant,
1533 3937 1642 3977 nou
1685 3922 1983 3978 adorarent

291 4065 302 4076 .
400 4016 696 4075 scintillam
741 4019 913 4074 nostri
959 4016 1120 4084 hujus
1165 4014 1306 4081 ignis
1349 4023 1446 4068 aut
1495 4013 1798 4080 lucernam,
1836 4014 1982 4081 quod

399 4113 653 4168 viderent
700 4109 1000 4166 scintillam
1040 4116 1135 4163 aut
1167 4109 1406 4163 lucernae
1435 4106 1619 4162 lumen
1654 4121 1722 4162 ne
1763 4119 1983 4176 compa,

402 4207 574 4261 randa
614 4204 833 4274 quidem
887 4217 1010 4258 esse
1054 4216 1178 4257 cum
1229 4198 1621 4257 excellentibus
1669 4197 1774 4254 illis
1818 4197 1983 4253 astris

2162 3468 2237 3521 Οὐ
2269 3468 2374 3540 χρὴ
2418 3467 2461 3520 δ’
2489 3465 2598 3519 οὐδ’
2647 3464 2777 3518 αὐτὸ
2817 3464 3236 3536 προσκυνεῖσθαι
3275 3462 3379 3516 ὑπὸ
3423 3462 3518 3516 τοῦ
3553 3460 3668 3531 βλέ-

2092 3576 2285 3622 ποντος
2315 3558 2410 3612 καὶ
2441 3559 2712 3621 συνιέντος
2743 3557 2802 3610 τὸ
2828 3555 3082 3626 ἀληθινὸν
3107 3555 3243 3625 φῶς,
3261 3551 3322 3610 οὗ
3353 3556 3556 3626 μετοχῇ
3582 3554 3668 3607 καὶ

2091 3651 2247 3703 ταυτὶ
2279 3649 2386 3719 ἄρα
2416 3646 2752 3716 πεφώτισται
2785 3648 2895 3718 (53)
2921 3687 2935 3711 ,
2967 3647 3076 3700 οὐδ’
3111 3647 3215 3700 ὑπὸ
3257 3646 3350 3699 τοῦ
3389 3645 3665 3716 βλέποντος

2091 3741 2182 3792 τὸν
2207 3741 2428 3811 Πατέρα
2460 3738 2554 3791 τοῦ
2589 3739 2844 3808 ἀληθινοῦ
2871 3740 3046 3808 φωτὸς
3069 3738 3220 3803 Θεὸν,
3256 3738 3384 3810 περὶ
3411 3731 3472 3792 οὗ
3497 3737 3665 3799 καλῶς

2089 3823 2338 3886 λέλεκται
2364 3835 2446 3894 τὸ,
2481 3849 2497 3882 ι
2547 3831 2606 3884 '0
2634 3831 2767 3894 Θεὸς
2797 3831 2910 3899 φῶς
2937 3833 3073 3894 ἐστι,
3103 3831 3196 3884 καὶ
3227 3829 3414 3883 σκοτία
3439 3831 3496 3883 ἐν
3525 3828 3664 3901 αὐτῷ

2089 3926 2188 3978 οὐκ
2229 3923 2373 3976 ἔστιν
2400 3923 2643 3992 οὐδεμία.
2684 3941 2702 3973 ι
2737 3924 2846 3975 Καὶ
2879 3923 3068 3994 ὥσπερ
3111 3925 3195 3988 οἱ,
3227 3922 3314 3976 διὰ
3348 3924 3409 3976 τὸ
3440 3922 3554 3992 φῶς
3587 3923 3665 3974 al-

2091 4017 2285 4086 σθητὸν
2316 4017 2406 4069 καὶ
2436 4015 2684 4086 οὐράνιον
2734 4011 2871 4067 εἶναι
2896 4055 2909 4078 ,
2942 4014 3373 4085 προσκυνοῦντες
3403 4015 3550 4085 ἣλιον
3577 4013 3665 4068 καὶ

2090 4108 2318 4178 σελήνην
2349 4109 2440 4160 καὶ
2484 4108 2658 4178 ἄστρα
2685 4108 2786 4159 οὐκ
2819 4106 2884 4159 ἂν
2929 4107 3367 4176 προσκυνήσαιεν
3401 4105 3664 4175 σπινθῆρα

2088 4197 2260 4268 πυρὸς
2313 4197 2344 4267 ἢ
2389 4196 2580 4267 λύχνον
2623 4197 2715 4249 ἐπὶ
2759 4198 2894 4267 γῆς,
2930 4197 3165 4267 ὁρῶντες
3194 4197 3294 4265 τὴν
3341 4193 3661 4267 ἀσύγκριτον

470 4344 518 4376 ⁸η
544 4343 680 4401 Dan.
709 4319 984 4411 xu,t,a,
1009 4343 1062 4396 5.
1138 4339 1388 4395 8°ttzor.
1427 4339 1638 4406 xv,40,
1680 4337 1881 4402 41.1.2.
1959 4339 1985 4369 τ

2092 4338 2218 4390 ιῑιιι.
2253 4353 2305 4396 v.
2337 4335 2419 4401 Μ,
2451 4335 2532 4387 l6.
2605 4333 2648 4364 ⁹¹
2691 4313 2889 4386 Ιξῐυςιιι.
2935 4347 2972 4394 l,
2998 4331 3050 4386 5.

473 4505 588 4578 (‘50)
631 4506 722 4562 Sic
773 4513 921 4561 recte
955 4519 1162 4578 _omu_es
1206 4505 1366 4558 codd.
1419 4518 1552 4559 mss.
1604 4501 1753 4558 Libri
1799 4510 1979 4556 autem
2015 4501 2059 4556 ι)
2090 4498 2164 4552 lib
2193 4513 2232 4578 n_
2289 4498 2366 4578 De
2397 4507 2588 4578 natura
2617 4495 2870 4578 deorum;
2913 4492 3081 4578 Stoici
3111 4493 3251 4578 apud
3283 4491 3545 4578 Tullium,
3570 4493 3656 4578 lib.

402 4569 671 4640 editi,'00
716 4577 895 4628 τοίνυν
925 4569 1016 4628 οὖν
1047 4574 1285 4641 εὔλογον.

475 4647 590 4768 (5-1)E
633 4648 708 4767 ’⁸Ιέ
742 4647 878 4712 και,
923 4656 1028 4700 etc.
1076 4645 1148 4699 Ita
1200 4645 1368 4700 codex
1415 4643 1636 4712 Regius.
1684 4641 1788 4696 Alii
1824 4656 1982 4708 vero,

497 4733 570 4768 κα
597 4755 613 4768 .
643 4731 673 4768 e
704 4732 753 4768 e.

403 4719 454 4770 εἰ
497 4719 613 4781 καί,
643 4725 753 4770 etc.

477 4785 592 4857 (52)
623 4784 726 4857 Διά
748 4784 820 4857 ἐς)⁸
839 4787 1080 4851 νοητόν.
1109 4782 1283 4854 0rig.,
1302 4783 1395 4837 lib.
1434 4795 1620 4857 l,_cap.
1649 4783 1702 4844 7,
1742 4782 1816 4834 Dc
1839 4781 1987 4849 prin-

407 4851 607 4926 cipiis:
637 4873 656 4906 ι
689 4853 874 4908 Stella:
909 4869 1037 4908 vero
1065 4869 1190 4926 cum
1213 4851 1375 4926 :tganto
1404 4851 1593 4906 ordine
1619 4868 1684 4905 ac
1707 4861 1859 4904 tanta
1897 4863 1987 4902 ra-

407 4922 560 4982 tione
582 4931 929 4989 moveantur,
971 4933 1032 4978 ut
1062 4924 1113 4978 in
1141 4922 1285 4977 nulla
1315 4937 1538 4991 prorsus
1567 4937 1760 4976 cursus
1796 4933 1984 4975 earum

408 4996 706 5066 aliquando
748 4995 897 5048 visus
934 4994 1020 5066 sit
1062 4993 1351 5061 impeditus
1377 5032 1393 5057 ,
1426 4992 1699 5066 quomodo
1753 5006 1859 5045 non
1908 4997 1991 5043 est

411 5062 552 5123 ultra
589 5078 808 5119 omnem
841 5062 1196 5118 stoliditatem
1231 5071 1442 5116 tantum
1477 5063 1722 5115 ordinem
1757 5070 1990 5114 tantam-

407 5153 516 5209 que
545 5134 852 5209 disciplinaa
890 5133 1138 5209 rationis
1152 5132 1554 5209 observantiam
1604 5131 1788 5209 dicere
1820 5131 1887 5185 ab
1913 5129 1992 5209 ir—

409 5200 836 5264 r'ationabiIibus
874 5204 1016 5272 exigi
1050 5203 1138 5258 vel
1188 5202 1394 5270 expleri
1419 5201 1461 5272 ἲν
1491 5222 1507 5253 ι
1536 5209 1647 5272 etc.
1683 5200 1896 5272 Verum
1934 5201 1989 5254 in

405 5277 678 5351 prooemio
725 5276 851 5351 libri
897 5271 1061 5351 primi
1110 5273 1189 5326 De
1241 5271 1512 5351 principiis
1564 5271 1779 5351 videtur
1827 5271 1990 5325 aliter

407 5341 634 5406 sentire.
669 5364 692 5401 ι
736 5347 812 5402 De
849 5341 964 5400 sole
995 5353 1198 5408 autem,
1222 5352 1274 5397 et
1299 5342 1446 5406 luna,
1476 5351 1531 5395 et
1561 5341 1730 5395 stellis
1755 5383 1770 5407 ,
1809 5353 1987 5394 utrum

408 5418 708 5474 animantia
769 5417 879 5471 sint
903 5457 919 5482 ,
954 5430 1022 5468 an
1072 5415 1320 5468 exanima
1349 5452 1364 5478 ,
1402 5411 1693 5466 manifeste
1739 5429 1843 5466 nun
1881 5421 1990 5463 tra-

406 5492 574 5546 ditur.
619 5507 637 5539 ι
681 5488 814 5542 Vide
865 5489 1031 5542 etiam
1081 5484 1352 5553 Pamphili
1413 5482 1672 5552 martyris
1715 5483 1986 5553 Apologet.

403 5577 499 5628 pro
527 5555 944 5628 Origeneslluic
973 5550 1436 5628 dogmati—favent
1481 5550 1606 5628 cuin
1641 5550 1825 5628 multis
1867 5550 1990 5628 aliis

405 5622 666 5686 Bodinus.
688 5629 747 5680 in
774 5626 999 5680 Theatra
1033 5622 1274 5689 italum,-
1302 5623 1508 5685 liicius,
1538 5623 1610 5676 De
1633 5623 1811 5676 anima
1835 5622 1949 5676 cali
1967 5663 1983 5686 ,

407 5698 772 5767 Pythagoras,
798 5695 980 5754 Laert.
1014 5697 1068 5752 in
1111 5695 1366 5766 I’ytliay.,
1402 5694 1633 5763 Tutilius,
1678 5694 1729 5759 in
1764 5691 1984 5762 Timiro,

2087 4583 2142 4622 tv
2201 4571 2367 4622 Acad.
2391 4577 2602 4637 quwst.,
2633 4565 2809 4637 Plato,
2839 4565 2892 4618 in
2931 4561 3204 4637 Epinonin
3233 4577 3360 4637 pag.
3391 4561 3498 4618 982
3526 4581 3540 4630 ;
3567 4563 3660 4637 Lu-

2087 4639 2246 4694 cilius
2276 4634 2492 4693 Stoicus
2519 4637 2662 4704 apud
2693 4634 3038 4696 Ciceronem,
3074 4634 3242 4704 Iib._tt
3301 4634 3377 4686 De
3401 4645 3518 4690 nat.
3541 4635 3653 4689 dea-

2086 4726 2204 4762 rum
2229 4726 2247 4773 ;
2278 4709 2454 4771 Plato,
2491 4701 2583 4762 lib.
2616 4722 2645 4758 ιι
2677 4704 2754 4758 De
2782 4705 2981 4774 legibus
3008 4720 3026 4769 ;
3054 4704 3106 4774 in
3131 4701 3359 4774 ‘Tima’o
3378 4717 3551 4774 ,_pag.
3571 4704 3655 4774 7'56.

2088 4771 2236 4833 Vide
2265 4777 2630 4839 Aristotelem,
2666 4775 2760 4828 lib.
2796 4771 2856 4838 ιι,
2886 4789 3005 4842 cap.
3039 4773 3093 4836 2,
3121 4772 3197 4826 De
3225 4775 3381 4842 caelo.
3406 4771 3652 4830 Eamdem

2085 4849 2401 4918 opinionem
2445 4849 2494 4903 ei
2517 4917 2520 4918 ν
2541 4845 2862 4918 Plutarchus
2914 4841 3180 4918 ascribit,
3211 4841 3316 4918 _lib.
3346 4857 3382 4896 ll
3407 4881 3422 4908 ,
3453 4857 3574 4913 cap.
3608 4845 3654 4910 ὅ,

2091 4913 2167 4973 De
2209 4919 2422 4987 placitis
2467 4915 2921 4987 ρΙιὶίοεομΙιονιιηι.
2973 4913 3351 4987 Q0n_trarium_
3384 4921 3654 4987 statuunt,

2090 4981 2324 5059 Cyrillus
2353 4981 2512 5042 Alei.
2549 4986 2645 5059 l_i_l_).
2677 5000 2716 5038 ιι
2757 4993 2943 5037 contra
2984 4983 3288 5059 inlicitum;
3331 4981 3653 5059 Lactantius,

2089 5052 2182 5113 lib.
2215 5075 2276 5122 ll,
2307 5074 2426 5130 cap.
2451 5059 2522 5130 ὅς
2557 5054 2923 5130 Hieronymus
2951 5055 3015 5106 ad
3049 5054 3295 5130 initum,
3329 5052 3456 5119 quid
3483 5070 3657 5130 caven-

2089 5132 2215 5182 dum
2237 5133 2306 5182 sit
2339 5123 2394 5182 ἱή
2417 5129 2566 5182 libris
2597 5123 2736 5191 Περὶ
2764 5123 2972 5192 ἀρχῶν
3000 5145 3018 5180 :
3041 5123 3217 5178 Solem
3245 5138 3450 5191 quoque
3470 5163 3485 5185 ,
3511 5134 3557 5177 et
3583 5124 3652 5176 lu-

2089 5215 2233 5264 nam,
2267 5209 2315 5255 et
2343 5207 2489 5252 astra
2521 5204 2712 5250 cwtera
2740 5210 2849 5248 esse
2879 5195 3198 5249 animantia.
3237 5192 3518 5264 διίεκοειιζ
3532 5192 3652 5264 Vide

2091 5260 2314 5350 insuper
2353 5269 2534 5324 lluetii
2569 5266 2925 5336 quaestionem
2959 5275 3210 5319 octavam
3249 5263 3345 5319 lib.
3391 5278 3429 5318 tt
3479 5260 3654 5332 Orige-

2091 5356 2401 5396 manorum.

2162 5411 2275 5483 (55)
2305 5407 2645 5483 llmschelius
2663 5407 2716 5483 in
2751 5416 2918 5483 textu,
2944 5403 3054 5476 [οὐ]
3081 5396 3140 5457 οὗ
3169 5402 3369 5474 μετοχὴ
3394 5401 3640 5483 καὶταζιτ

2089 5481 2137 5534 εἰ
2167 5473 2274 5552 ἄρα
2300 5481 2653 5552 πεφώτισται.
2692 5477 2774 5532 Ad
2794 5473 3272 5552 inargtnéttrvero
3305 5473 3538 5552 'conj-icit
3583 5474 3650 5526 le-

2089 5543 2360 5620 gendum,
2384 5543 2492 5605 'vel
2521 5543 2581 5603 οὗ
2619 5547 2823 5620 μετοχὴ
2861 5549 2963 5620 καὶ.
2986 5547 3144 5598 ταυτὶ
3174 5544 3281 5620 ἀρα
3314 5543 3649 5611 πεφώτισται,

2091 5614 2174 5680 ξεί
2202 5619 2263 5679 οὗ
2301 5614 2515 5694 μετέχει
2551 5614 2645 5675 καὶ
2675 5614 2828 5673 ταῦτ’
2854 5621 2900 5670 εἰ
2935 5617 3043 5689 ἄρα
3068 5614 3420 5684 πεφώτισται.
