3986 6164
422 229 559 285 H99
1266 278 1271 281 ς
1844 232 2163 290 ORIGENIS
3548 239 3712 296 £200

420 346 499 399 rei
531 357 852 417 argumento
878 358 962 405 est
988 349 1039 404 id
1075 352 1217 418 quod
1254 351 1305 404 in
1338 349 1563 407 Joannis
1595 353 1891 423 Evangelio
1920 356 1967 409 ai

2099 355 2154 407 δὲ
2196 354 2288 406 καὶ
2322 354 2459 424 μετὰ
2506 354 2612 408 τῶν
2647 356 2747 409 ούκ
2778 356 2993 408 εἰδότων
3028 353 3187 408 αὑτὸν
3223 354 3497 423 πανταχοῦ
3550 356 3706 409 ἐστι.

415 432 661 495 Joannes
689 436 930 509 Baptista
974 457 986 494 :
1031 460 1047 491 ι
1092 440 1296 496 Medius
1327 454 1566 497 vestrum
1610 445 1781 511 Slelil,
1831 458 1971 513 qnen

2100 447 2207 499 Καὶ
2250 446 2407 500 τοῦτό
2454 464 2516 515 γε
2565 449 2592 499 ὁ
2637 449 2698 501 τὸ
2731 448 3063 517 Εὐαγγέλιον
3094 447 3307 518 γράψας
3350 448 3610 519 Ἰωάννης
3640 451 3713 504 ἐκ

418 542 517 584 vos
547 531 790 587 nescitis.
822 530 939 601 Ipse
962 540 1046 587 est
1088 532 1183 602 qui
1218 544 1341 601 post
1369 549 1453 587 me
1491 546 1750 589 venturus
1785 547 1869 591 est
1891 538 1930 591 ¹.
1970 558 1973 587 :

2097 539 2390 607 προσώπου
2418 538 2510 590 τοῦ
2542 538 2839 607 βαπτιστοῦ
2890 540 3136 593 Ἰωάννου
3170 538 3355 609 δηλοῖ,
3393 538 3661 606 λέγοντος
3689 556 3707 572 ·

414 618 537 679 Iam
563 636 698 676 vero
725 622 1019 677 absurdum
1048 631 1163 691 est,
1193 625 1321 678 dum
1352 624 1497 679 illum
1527 665 1541 691 ,
1575 628 1667 696 qui
1711 629 1908 682 coelum
1940 643 1969 683 e

2103 646 2121 679 ι
2160 630 2341 693 Μέσος
2376 631 2530 700 ὑμῶν
2557 631 2806 703 ἕστηκεν,
2847 630 2906 684 ὃν
2944 632 3101 701 ὑμεῖς
3135 632 3236 683 οὐκ
3276 631 3454 684 οἴδατε
3480 647 3495 661 ·
3526 632 3711 695 αὐτός

415 722 621 771 terram
658 715 876 785 implet,
907 724 963 769 ut
992 717 1106 784 ipse
1140 715 1313 772 dicit:
1353 738 1370 769 ι
1406 717 1659 787 Nunquid
1700 721 1897 774 cretum
1937 735 1967 775 e

2095 722 2243 773 ἐστιν
2274 723 2301 774 ὁ
2329 722 2502 775 όπίσω
2536 741 2635 792 μου
2666 724 2979 793 ἐρχόμενος.
3024 742 3041 773 ι
3080 722 3316 775 Ἀτοπον
3346 723 3389 775 δ’
3418 722 3554 786 ἐστὶ,
3594 725 3712 777 τοῦ

416 816 621 862 terram
650 822 751 877 ego
804 807 1049 877 impleo?
1080 807 1212 862 dicit
1254 806 1515 863 Dominus
1539 811 1584 872 ²,
1622 828 1640 860 ι
1705 809 1973 864 nobiscun

2094 812 2482 885 ⁸πληρώσαντος
2514 814 2604 867 τὸν
2629 815 2880 885 οὐρανὸν,
2908 814 3001 866 καὶ
3025 813 3121 883 τὴν
3144 814 3269 883 γῆν,
3304 814 3397 866 καὶ
3417 814 3708 877 εἰπόντος.

411 899 676 955 habemus
721 907 775 953 et
819 913 987 968 prope
1035 913 1132 953 nos
1180 898 1326 968 (ejus
1370 900 1517 952 enim
1549 902 1733 955 verbis
1776 903 1973 957 credo:

2099 925 2117 956 ι
2152 905 2288 974 Οὐχὶ
2328 906 2421 958 τὸν
2466 906 2695 976 οὐρανὸν
2724 906 2818 958 καὶ
2849 905 2946 975 τὴν
2975 906 3077 976 γῆν
3109 904 3219 973 ἐγὼ
3257 905 3453 977 πληρῶ
3480 923 3495 971 ;
3538 906 3705 973 λέγεν

418 1008 437 1041 ι
476 990 619 1045 Deus
651 1004 681 1043 ο
703 988 885 1043 vicino
918 1003 1016 1059 ego
1045 1003 1162 1041 sum
1196 1001 1251 1043 et
1276 1003 1381 1043 non
1424 990 1563 1045 Deus
1596 991 1661 1045 de
1700 990 1882 1059 longe,
1905 990 1973 1046 di-

2094 997 2317 1066 Κύριος,
2358 1014 2378 1048 ι
2416 997 2567 1059 ὄντος
2602 998 2721 1067 μεθ’
2771 997 2950 1069 ἡμῶν,
2984 998 3079 1050 καὶ
3110 996 3337 1067 πλησίον
3366 998 3526 1068 ἡμῶν
3554 1016 3703 1067 τυγ-

410 1085 485 1137 cit
514 1081 776 1137 Dominus
798 1081 818 1112 ³
852 1084 922 1148 ι),
955 1081 1253 1135 absurdum
1285 1090 1391 1145 est,
1421 1082 1662 1150 inquam,
1690 1082 1827 1139 velle
1860 1097 1973 1152 pre-

2092 1088 2347 1157 χάνοντος
2367 1126 2379 1150 ,
2418 1086 2682 1156 (πιστεύω
2709 1087 2818 1159 γὰρ
2850 1088 3000 1158 αὐτῷ
3034 1088 3248 1157 λέγοντι
3272 1105 3285 1119 °
3326 1108 3343 1139 ι
3377 1090 3511 1155 Θεὸς
3536 1093 3707 1159 ﬁnio

410 1174 565 1230 cibus
596 1187 795 1235 vocare
825 1173 996 1229 solem
1024 1173 1117 1243 qui
1146 1175 1213 1227 ad
1240 1174 1422 1228 omnia
1456 1189 1563 1229 non
1597 1175 1866 1245 pervadit,
1897 1191 1973 1231 aut

2116 1169 2224 1231 ζων
2249 1169 2358 1235 ἐγώ
2384 1171 2516 1240 εἰμι,
2543 1171 2635 1224 καὶ
2654 1173 2715 1224 ού
2737 1172 2867 1236 Θεὸς
2888 1174 3187 1245 πόρρωθεν,
3219 1174 3367 1244 λέγει
3392 1176 3598 1247 Κύριος
3621 1182 3701 1245 ι),

408 1268 625 1332 lunam,
652 1275 748 1321 aut
774 1264 919 1320 aliud
947 1280 1013 1321 ex
1045 1266 1225 1321 astris.
1259 1267 1335 1321 Do
1363 1280 1493 1321 vero
1524 1285 1542 1317 ι
1570 1283 1599 1321 a
1628 1267 1762 1332 sole,
1788 1268 1915 1322 luna
1933 1282 1973 1324 et

2116 1255 2299 1323 ζητεῖν
2336 1258 2588 1327 εὔχεσθαι
2625 1261 2703 1330 τῷ
2744 1261 2818 1332 μὴ
2859 1263 3113 1331 φθάνοντι
3160 1267 3254 1318 ἐπὶ
3288 1264 3358 1318 τά
3397 1266 3701 1335 σύμπαντα

406 1359 580 1416 stellis
610 1356 753 1431 (ipsa
798 1365 926 1413 sunt
970 1355 1111 1411 Celsi
1148 1356 1336 1424 verba)
1366 1357 1582 1425 pluvias
1603 1399 1617 1423 ,
1646 1366 1811 1414 aestus
1840 1398 1852 1425 ,
1888 1373 1985 1414 ne-

404 1450 581 1515 bulas,
616 1450 859 1505 tonitrua
898 1447 1251 1516 praenuntiari
1280 1463 1296 1514 ;
1328 1467 1345 1498 ι
1375 1458 1435 1501 ιιι
1469 1463 1557 1505 res
1584 1449 1657 1504 ita
1688 1451 1781 1516 sit,
1808 1466 1987 1505 nonne

406 1552 587 1600 tamen
620 1545 794 1599 satius
827 1552 911 1597 est
950 1540 1185 1595 adorare
1227 1551 1281 1593 ct
1315 1544 1562 1597 venerari
1611 1544 1799 1608 Deum,
1833 1542 1985 1611 cujus

402 1636 557 1707 jussu
604 1634 941 1705 prtedicunt,
980 1645 1141 1701 quam
1188 1632 1581 1689 vaticinatores
1621 1634 1814 1702 ipsos?
1848 1633 1985 1689 Volo

2115 1344 2266 1415 ἡλίῳ,
2300 1346 2333 1414 ἢ
2365 1348 2588 1419 σελήνῃ,
2622 1351 2655 1419 ἦ
2684 1367 2788 1404 τινι
2823 1352 2929 1405 τῶν
2964 1353 3226 1424 ἀστέρων.
3268 1357 3449 1409 Ἔστω
3478 1356 3565 1420 δὲ,
3600 1359 3698 1411 ἵνα

2089 1451 2281 1514 αὑταῖς
2318 1454 2438 1515 ταῖς
2466 1452 2648 1518 λέξεσι
2678 1453 2885 1506 Κέλσου
2912 1455 3223 1525 χρήσωμαι,
3257 1476 3273 1506 ι
3309 1458 3689 1528 προφητεύειν-ί

2088 1559 2185 1605 τας
2218 1539 2357 1597 εἷναι
2391 1544 2600 1610 ὑετοὺς,
2632 1543 2727 1597 καὶ
2756 1544 2954 1615 θάλπη,
2984 1546 3077 1598 καὶ
3112 1546 3269 1616 νέφη,
3303 1548 3398 1601 καὶ
3424 1548 3683 1621 βροντὰς,

2088 1634 2271 1705 ἥλιον,
2297 1635 2391 1688 καὶ
2422 1635 2668 1706 σελήνην,
2703 1637 2795 1688 καὶ
2826 1636 3064 1707 ἀστέρας
3090 1653 3102 1667 ⁸
3142 1654 3160 1689 ι
3192 1634 3281 1709 ἆρ’
3311 1634 3404 1693 οὖν
3424 1679 3439 1703 ,
3471 1642 3519 1694 εἰ
3544 1658 3685 1710 προ-

405 1730 569 1785 Ctiam
600 1729 665 1782 ab
708 1726 835 1798 ipsis
865 1725 1272 1795 praesigniﬁcari
1322 1725 1557 1796 fulgura,
1602 1727 1831 1793 fructus,
1865 1744 1973 1799 pro

2100 1725 2419 1797 (θητεύουσιν
2441 1720 2583 1781 οῦτοι
2605 1724 2673 1778 τὰ
2701 1726 3023 1796 τηλικαῦτα,
3057 1727 3177 1798 οὐχὶ
3209 1730 3410 1799 μᾶλλον
3436 1730 3513 1801 τῷ
3538 1730 3681 1801 Θεῷ,

405 1828 605 1875 ventus
646 1831 837 1873 omnes
882 1834 896 1883 ;
942 1826 996 1872 et
1031 1819 1212 1871 omnia
1244 1817 1333 1872 illa
1365 1819 1434 1874 ab
1464 1817 1531 1873 iis
1571 1818 1985 1887 administrari,

406 1915 460 1963 at
487 1922 595 1963 non
632 1906 835 1963 idcirco
866 1908 1215 1962 adorabimus
1246 1922 1332 1963 res
1356 1951 1370 1972 ,
1401 1924 1522 1978 qua:
1552 1911 1681 1979 ipsae
1707 1910 1942 1965 adorant
1968 1930 1985 1980 ;

404 2014 507 2055 nec
536 2000 682 2056 enim
711 2003 1004 2057 adoramus
1035 1998 1276 2071 Moysem
1306 2012 1358 2054 ct
1406 2001 1525 2071 ejus
1561 2003 1613 2059 in
1644 2004 1982 2062 vaticinandi

406 2106 632 2149 munere
656 2108 1032 2160 successores,
1051 2094 1302 2164 quamvis
1320 2095 1427 2162 isti,
1449 2096 1557 2151 Deo
1574 2097 1807 2163 alliante,
1829 2097 1985 2169 longe

404 2186 629 2240 meliora
655 2185 872 2255 pluviis,
904 2185 1147 2250 testibus,
1178 2185 1408 2252 nebulis,
1437 2187 1714 2253 tonitruis,
1753 2186 1985 2259 fulguri-

402 2278 527 2344 bus,
586 2276 875 2342 fructibus,
936 2276 1397 2345 proventibusque
1448 2278 1532 2331 his
1569 2280 1771 2335 nostris
1809 2281 1987 2337 omni-

404 2371 507 2426 bus
526 2368 687 2441 587
706 2370 1070 2441 praadixerint.
1090 2369 1144 2425 ld
1162 2385 1374 2440 quoque
1390 2371 1581 2427 damus
1602 2374 1787 2438 solem,
1806 2372 1987 2430 lunam

406 2474 461 2518 et
479 2463 669 2519 stellas
685 2475 842 2533 posse
866 2476 953 2517 res
972 2461 1166 2529 pluviis
1188 2462 1804 2533 potiorcsprznnuntiare
1834 2483 1849 2521 :
1880 2482 1986 2522 non

404 2554 530 2612 ideo
561 2563 737 2609 tamen
788 2562 937 2609 astra
1000 2553 1086 2607 illa
1142 2553 1514 2621 adorabimus,
1556 2555 1650 2608 sed
1702 2564 1978 2609 auctorem

401 2646 839 2717 prazdictionum,
862 2655 917 2701 et
942 2645 1034 2699 Dei
1069 2645 1317 2709 Verbum,
1354 2644 1497 2713 quod
1537 2660 1724 2701 earum
1757 2653 1842 2701 est
1872 2648 1977 2701 mi-

402 2738 591 2795 nister.
627 2737 771 2794 Sane
824 2738 933 2793 sint
980 2737 1073 2791 Dei
1133 2750 1410 2805 praecones
1445 2745 1500 2790 et
1553 2751 1683 2791 vere
1730 2735 1977 2793 caelestes

401 2827 615 2899 angeli;
646 2836 703 2884 at
729 2842 829 2885 cur
855 2844 965 2883 non
990 2828 1167 2896 potius
1191 2827 1448 2882 colendus
1479 2826 1570 2881 ille
1599 2827 1745 2883 solus
1772 2838 1857 2883 est
1884 2829 1976 2897 qui

400 2918 730 2988 praedicatur
759 2927 817 2975 et
849 2920 1226 2982 annuntiatur,
1256 2931 1417 2987 quam
1448 2916 1628 3007 angeli
1663 2928 1718 2975 et
1765 2934 1975 2990 praeco-

402 3022 496 3065 nes
522 3008 547 3065 ?

2094 1811 2139 1887 ᾧ
2167 1819 2566 1891 ὑπουργοῦντες
2590 1819 3018 1891 προφητεύουσι,
3044 1824 3469 1893 προσκυνητέον,
3501 1826 3686 1878 κάκεῖ-

2095 1928 2183 1965 νον
2216 1910 2440 1965 σεπτέον
2470 1910 2580 1983 (41)
2602 1951 2617 1975 ,
2647 1913 2791 1983 ἤπερ
2824 1914 2937 1975 τοῖς
2972 1915 3277 1984 προφήταις
3307 1915 3505 1979 aurei;
3540 1916 3683 1987 Προ-

2093 2002 2479 2074 φητευέτωσαν
2544 2000 2638 2057 οὖν
2703 2004 2798 2056 καὶ
2854 2005 3183 2075 ἀστραπὰς,
3245 2005 3340 2059 καὶ
3394 2009 3675 2078 καρποὺς,

2093 2096 2184 2149 καὶ
2234 2093 2397 2164 γονάς
2452 2095 2701 2159 ἁπάσας,
2742 2096 2835 2149 καὶ
2880 2096 3060 2149 πάντα
3107 2097 3552 2168 ταμιευέσθωσαν
3605 2100 3678 2151 τὰ

2091 2186 2346 2241 τοιαῦτα·
2403 2186 2517 2240 ἀλλ’
2569 2187 2628 2240 ού
2689 2186 2779 2240 διὰ
2835 2188 2995 2240 τοῦτο
3048 2191 3495 2261 προσκυνήσομεν
3548 2191 3677 2253 τοὺς

2088 2279 2564 2351 προσκυνοῦντας,
2622 2279 2697 2342 ὡς
2748 2278 2867 2332 οὐδὲ
2926 2280 3167 2333 Μωῦσέα
3220 2282 3314 2335 καὶ
3369 2284 3495 2346 τοὺς
3556 2284 3674 2352 μετ’

2084 2370 2246 2424 αὑτὸν
2302 2372 2369 2424 ἐκ
2420 2370 2558 2424 Θεοῦ
2612 2374 3097 2443 προφητεύσαντας
3134 2372 3205 2425 τὰ
3253 2373 3539 2444 κρείττονα
3586 2374 3673 2427 ὐε-

2082 2460 2191 2513 τῶν
2226 2477 2287 2512 τε
2323 2460 2418 2513 καὶ
2458 2460 2726 2525 θάλπους,
2765 2463 2857 2515 καὶ
2897 2462 3101 2530 νεφῶν,
3142 2463 3237 2516 καὶ
3274 2462 3532 2534 βροντῶν,
3575 2464 3670 2517 καὶ

2083 2552 2398 2624 ἀστραπῶν,
2425 2554 2517 2607 καὶ
2551 2554 2801 2623 καρπῶν,
2832 2554 2925 2608 καὶ
2948 2555 3141 2608 πασῶν
3165 2555 3339 2623 γονῶν
3370 2555 3663 2627 αἰσθητῶν.

2096 2641 2256 2695 Ἀλλά
2283 2642 2384 2697 κᾶν
2408 2643 2601 2713 ἔχωσιν
2631 2644 2781 2713 ἥλιος
2811 2643 2904 2696 καὶ
2935 2642 3129 2714 σελήνη
3155 2644 3249 2696 καὶ
3272 2643 3501 2714 ἀστέρες
3528 2661 3658 2715 προ-

2086 2735 2341 2804 φητεύειν
2390 2736 2729 2807 προφητείας
2775 2735 3086 2807 κρείττονας
3115 2735 3316 2801 ὑετῶν,
3352 2735 3459 2789 οὐδ’
3494 2736 3666 2802 οὕτως

2084 2828 2301 2894 αὐτοὺς,
2330 2829 2467 2883 ἀλλά
2496 2828 2587 2882 τὸν
2620 2828 2837 2899 Πατέρα
2870 2828 2980 2882 τῶν
3013 2828 3071 2881 ὲν
3104 2828 3284 2890 αὐτοῖς
3300 2830 3662 2899 προφητειῶν,

2084 2920 2178 2973 καὶ
2204 2921 2297 2973 τὸν
2329 2920 2574 2974 διάκονον
2608 2919 2721 2990 (42)
2753 2919 2929 2973 αὐτῶν
2950 2920 3123 2987 Λόγον
3159 2918 3252 2971 τοῦ
3299 2919 3435 2972 Θεοῦ
3501 2937 3670 2991 προσ-’-

2005 3004 2046 3061 C
2082 3012 2411 3082 κυνήσομεν.
2451 3011 2587 3065 Ἀλλ’
2621 3011 2763 3065 ἔστω
2797 3010 2891 3064 καὶ
2919 3013 3167 3082 κήρυκας
3199 3010 3362 3064 αὐτοῦ
3394 3007 3532 3064 εἶναι
3573 3010 3663 3064 καὶ

398 3100 615 3172 ἀληθῶς
641 3101 926 3172 οὐρανίους
985 3100 1271 3168 ἀγγέλουςο
1300 3099 1417 3163 πῶς
1450 3094 1541 3153 οῦν
1572 3100 1693 3170 οὐχὶ
1728 3102 1821 3154 καὶ
1860 3102 2001 3155 οὕτω
2033 3102 2125 3155 τὸν
2182 3105 2589 3175 κηρυσσόμενον
2622 3104 2713 3157 ὑπ’
2772 3094 2951 3157 αὐτῶν
2992 3102 3124 3155 Θεὸν
3157 3104 3252 3156 καὶ
3292 3101 3382 3158 τὸν
3416 3100 3663 3170 ἀγγελλό-

403 3210 563 3264 μενρν
592 3192 751 3263 μόνον
784 3192 980 3263 μᾶλλον
1038 3192 1441 3263 προσκυνητέον
1475 3192 1507 3261 ἢ
1539 3193 1665 3255 τοὺς
1706 3194 1953 3264 κήρυκας
2000 3196 2092 3248 καὶ
2121 3195 2245 3259 τοὺς
2266 3195 2530 3263 ἀγγέλους
2551 3195 2750 3259 αὑτοῦ;

473 3286 557 3341 15.
594 3286 800 3355 Arripit
829 3286 933 3340 hoc
966 3286 1129 3339 etiam
1162 3283 1264 3338 sibi
1312 3282 1523 3351 Celsus,
1574 3282 1766 3349 solem,
1795 3285 1977 3338 lunam

402 3377 697 3446 stellasque
743 3390 773 3429 a
814 3375 971 3431 nobis
1006 3390 1103 3444 pro
1138 3372 1307 3429 nihilo
1362 3374 1572 3429 haberi.
1618 3370 1755 3427 Nam
1796 3381 1847 3429 et
1886 3372 1978 3428 illa

402 3469 635 3525 ﬁliorum
666 3466 760 3524 Dei
804 3466 1185 3522 revelationem
1222 3474 1540 3536 exspectare
1584 3465 1909 3519 conﬁtentur
1935 3465 1977 3531 ’⁵,

402 3570 593 3631 utpote
621 3572 743 3628 quae
798 3560 1064 3614 hactenus
1097 3572 1279 3613 rerum
1326 3572 1716 3629 corporearum
1752 3556 1977 3611 vanitati

399 3651 643 3723 subjecta
680 3661 809 3707 sunt
861 3658 1081 3718 preptcr
1112 3649 1259 3703 illum
1285 3647 1377 3718 qui
1417 3647 1647 3716 subjecit
1684 3650 1737 3703 in
1773 3663 1887 3718 spe.
1918 3648 1976 3704 Si

400 3758 638 3814 unquam
672 3742 889 3811 legisset
916 3742 1004 3796 ille
1045 3750 1303 3796 sexcenta
1332 3740 1462 3806 alia,
1493 3755 1613 3810 qum
1658 3743 1723 3795 de
1771 3740 1888 3797 sole
1921 3748 1979 3795 et

398 3835 525 3889 luna
555 3844 610 3888 ct
640 3834 812 3889 stellis
842 3835 983 3903 apud
1006 3842 1226 3888 nostros
1248 3844 1502 3888 auctores
1537 3834 1739 3901 passim
1779 3848 1973 3889 occur-

401 3934 545 3989 runt,
580 3926 720 3981 istud
777 3926 921 3980 inter
972 3934 1164 3981 caetera
1202 3939 1216 3976 :
1277 3941 1298 3976 ι
1332 3925 1575 3979 Laudate
1610 3939 1757 3989 cum,
1784 3937 1976 3981 omnes

398 4016 567 4072 stella:
601 4024 656 4071 et
679 4016 896 4082 lumen;
934 4036 952 4069 ι
995 4026 1048 4071 et
1075 4016 1181 4071 hoc
1226 4015 1415 4071 aliud:
1469 4034 1488 4067 ι
1522 4014 1763 4070 Laudato
1824 4028 1971 4079 eum,

396 4108 805 4165 cmlicmlorum
838 4108 881 4173 ³,
934 4126 954 4160 ι
1015 4105 1170 4161 nobis
1232 4121 1340 4160 non
1397 4106 1784 4175 exprobrasset
1825 4104 1973 4175 quod

398 4202 510 4265 illa,
548 4216 670 4271 qua:
708 4199 997 4270 magniﬁce
1025 4197 1459 4265 laudantDeum,
1490 4196 1645 4252 nihili
1684 4196 1972 4253 faciamus.

396 4291 581 4362 Neque
630 4292 745 4348 ha°c
802 4291 989 4348 Celsus
1036 4298 1265 4346 noverat
1316 4311 1328 4346 :
1382 4308 1403 4341 ι
1466 4288 1603 4343 Nam
1632 4288 1972 4357 exspectatio

397 4391 662 4435 creatura:
684 4380 1070 4435 revelationem
1096 4379 1329 4435 ﬁliorum
1360 4378 1453 4436 Dei
1482 4388 1790 4449 exspectat.
1818 4377 1975 4433 Vani-‘

396 4473 489 4526 tati
518 4473 664 4528 enim
718 4481 968 4527 creatura
1014 4470 1261 4540 subjecta
1312 4479 1396 4526 est
1447 4486 1552 4526 non
1608 4470 1830 4533 volens,
1874 4472 1968 4527 sed

2171 3283 2379 3354 Ἐαυτῴ
2407 3284 2462 3336 δὲ
2504 3283 2771 3354 λαμϐάνει
2800 3282 3027 3346 Κέλσος,
3062 3284 3143 3336 ὅτι
3198 3282 3348 3351 ἥλιον
3378 3280 3472 3336 καὶ
3505 3282 3653 3351 esid)"

2081 3395 2182 3449 νην
2230 3376 2324 3431 καὶ
2379 3376 2616 3449 ἀστέρας
2662 3375 2939 3447 ἡγούμεθα
2991 3372 3127 3429 εἶναι
3175 3373 3237 3428 τὸ
3292 3374 3481 3445 μηδέν.
3528 3374 3654 3446 Περὶ

2080 3461 2154 3522 ὧν
2177 3467 2287 3538 (45)
2324 3467 2711 3537 ὁμολογοῦμεν,
2742 3467 2827 3519 ὅτι
2852 3467 2946 3519 καὶ
2980 3466 3135 3518 αὐτοὶ
3166 3466 3264 3533 τὴν
3320 3464 3652 3534 ἀποκάλυψιν

2078 3559 2187 3613 τῶν
2219 3558 2348 3612 υἱῶν
2392 3556 2486 3610 τοῦ
2536 3556 2670 3610 Θεοῦ
2719 3556 3142 3627 ἀπεκδέχονται,
3201 3558 3267 3627 τῇ
3300 3557 3409 3609 τῶν
3461 3555 3650 3609 ύλικῶν

2082 3652 2347 3719 σωμάτων
2383 3649 2704 3718 ματαιότητι
2734 3647 2827 3700 ἐπὶ
2861 3648 2952 3700 τοῦ
2990 3648 3255 3718 παρόντος
3287 3648 3649 3717 ὑποτεταγμέ-

2079 3760 2157 3795 νοι
2186 3741 2274 3794 διὰ
2298 3741 2389 3793 τὸν
2414 3741 2500 3793 ἐπ’
2530 3740 2703 3792 ἐλπίδι
2738 3739 3102 3805 ὑποτάξαντα.
3134 3740 3197 3793 Εἰ
3237 3740 3280 3791 δ’
3310 3738 3648 3807 ἀνεγνώκειό

2077 3833 2280 3897 Κέλσος
2315 3834 2408 3887 καὶ⁴
2432 3832 2567 3887 ἄλλα
2604 3832 2700 3901 μὲν
2742 3830 2930 3902 μυρία,
2987 3832 3087 3885 ὅσα
3148 3831 3276 3903 περὶ
3331 3830 3507 3900 ἡλίου,
3561 3830 3647 3883 καὶ

2078 3925 2305 3995 σελήνης
2337 3924 2428 3975 καὶ
2462 3922 2678 3991 ἄστρων
2705 3920 2905 3990 φαμὲν,
2942 3922 3037 3975 καὶ
3064 3919 3146 3986 τὸ,
3193 3938 3211 3971 ι
3239 3921 3447 3974 Αἰνεῖτε
3495 3919 3647 3975 αὐτὸν

2076 4015 2253 4068 πάντα
2273 4014 2382 4084 (44)
2408 4013 2478 4066 τὰ
2506 4013 2681 4083 ἄστρα
2715 4011 2811 4065 καὶ
2838 4010 2898 4063 τὸ
2926 4011 3061 4080 φῶς,
3101 4030 3119 4064 ι
3159 4012 3252 4065 καὶ
3283 4009 3367 4077 τὸ,
3393 4031 3412 4064 ι
3445 4011 3645 4064 Αἰνεῖτε

2074 4107 2233 4159 αὑτὸν
2253 4108 2300 4160 οἱ
2334 4107 2555 4177 οὐρανοὶ
2582 4108 2689 4161 τῶν
2711 4105 2954 4178 οὐρανῶν
2977 4122 2989 4134 ’
3032 4123 3049 4157 ›
3089 4105 3187 4157 οὐκ
3224 4105 3290 4158 ἂν
3335 4104 3466 4177 περὶ
3498 4104 3646 4175 ἡμῶν

2073 4195 2389 4267 ἀπεφήνατο
2424 4236 2437 4262 ,
2490 4198 2573 4250 ὅτι
2621 4198 2851 4269 λέγομεν
2896 4198 2966 4251 τὰ
3004 4194 3304 4266 τηλικαῦτα
3334 4236 3349 4260 ,
3401 4194 3644 4249 αἰνοῦντα

2075 4284 2324 4353 μεγάλως
2375 4284 2467 4338 τὸν
2513 4287 2662 4350 Θεὸν,
2716 4282 2853 4340 εἶναι
2903 4284 2970 4338 τὸ
3019 4285 3203 4355 μηδέν.
3256 4284 3371 4337 Οὐκ
3396 4280 3505 4337 οἶδε
3543 4283 3644 4338 δὲὸ

2070 4377 2275 4443 Κέλσος
2326 4380 2447 4432 οὐδὲ
2484 4379 2563 4447 τό,
2595 4397 2612 4430 ι
2636 4380 2700 4432 Ἣ
2720 4379 2825 4451 γὰρ
2853 4376 3262 4448 ἀποκαραδοκία
3286 4377 3384 4446 τῆς
3421 4376 3641 4437 κτίσεως,

2068 4470 2169 4540 τὴν
2190 4470 2531 4541 ἀποκάλυψιν
2553 4472 2661 4524 τῶν
2687 4471 2817 4524 υἱῶν
2852 4470 2945 4524 τοῦ
2983 4470 3117 4522 Θεοῦ
3160 4468 3546 4539 ἀπεκδέχεται·
3579 4470 3641 4538 τῇ

395 4575 618 4635 propter
637 4579 784 4630 eum,
815 4565 906 4634 qui
930 4561 1163 4631 subjecit
1193 4578 1313 4619 eam
1342 4563 1397 4615 in
1426 4576 1557 4631 spe;
1592 4562 1716 4631 quia
1741 4569 1797 4617 et
1848 4562 1962 4630 ipsa

2082 4560 2177 4632 γὰρ
2202 4562 2520 4632 ματαιότητι
2550 4564 2584 4631 ἡ
2615 4562 2792 4625 κτίσις
2826 4559 3072 4630 ὑπετάγη
3112 4562 3209 4629 οὐχ
3241 4559 3464 4626 ἑκοῦσα,
3516 4557 3644 4615 ἀλλὰ

464 4754 481 4782 ⁸
506 4750 662 4805 Joan.
696 4765 735 4811 I,
765 4748 857 4810 ‘26,
890 4748 981 4801 27.
1059 4749 1079 4779 ’
1107 4746 1220 4803 Jer.
1248 4760 1409 4809 XXIII,
1430 4744 1520 4798 24.
1598 4742 1617 4773 ³
1643 4743 1795 4806 lbid.,
1827 4738 1919 4797 23.
1994 4745 2014 4774 ⁸
2040 4744 2195 4800 Rom.
2222 4762 2339 4813 vm,
2369 4746 2453 4811 l9,
2484 4746 2574 4813 20,
2614 4746 2706 4801 2|.

469 4938 577 5023 (tt)
628 4936 911 5023 Σεπτέρνο
954 4934 1012 5023 '9
1036 4935 1580 5023 emitteres-3‘.
1614 4932 1964 5023 lili'fiesditfs

392 5002 613 5080 legitur,
642 5006 929 5080 σκεπτέον,
959 5007 1050 5059 sed
1077 5006 1129 5058 in
1158 5006 1341 5080 codice
1371 5003 1584 5080 doliano
1614 5002 1828 5080 punctis
1862 5018 1960 5080 no—

394 5071 544 5135 tatur
573 5078 753 5134 littera
811 5077 879 5139 K,
912 5087 1162 5142 tanquam
1191 5073 1446 5143 delenda,
1485 5088 1582 5126 nec
1616 5071 1803 5143 dubito
1828 5074 1959 5143 quin

393 5147 739 5205 scribendum
797 5147 868 5199 sit
922 5140 1142 5198 σεπὲέον
1192 5158 1222 5198 ιι
1277 5142 1528 5213 σέϐομαι.
1577 5142 1712 5199 Vide
1739 5140 1959 5213 Henrici

395 5218 658 5288 Stephani
690 5216 1018 5288 Thesaurum
1051 5214 1248 5288 (inpure
1287 5210 1485 5288 (ﬁrmem
1516 5214 1565 5266 in
1606 5211 1819 5288 σεπτός,
1850 5212 1953 5268 Co-

394 5280 507 5344 dcx'
532 5290 754 5359 Regius,
786 5286 902 5341 loco
942 5280 1196 5359 σεπτέον,
1229 5283 1394 5359 habet
1419 5280 1705 5359 ύμνητέον.

467 5360 579 5427 (42)
602 5350 907 5427 Enixa-or,
939 5367 1046 5411 etc.
1070 5355 1153 5408 An
1187 5350 1673 5427 scribendum,
1710 5350 1817 5427 τὸν⁵
1851 5350 1961 5406 διὰ·

393 5421 571 5484 κονον
601 5425 766 5483 αὑτοῦ
799 5426 969 5495 Λόγον
1023 5422 1510 5496 προσκυνήσομενς
1555 5422 1759 5496 gitieto
1804 5421 1958 5496 locus

396 5502 751 5567 interpolatus
779 5491 949 5567 fuisse
976 5491 1199 5567 videtur:
1214 5491 1674 5567 apostetjoribus
1723 5491 1957 5562 Origene

394 5562 741 5630 Christianis,
768 5567 855 5635 qui
904 5565 985 5628 τὸ,
1038 5562 1851 5635 αὑτοῦηίιιῌαύτῶνὲιηιι-ιιιιιιιιιῑ,
1904 5569 1959 5616 et

393 5651 515 5704 post
550 5629 738 5703 Λόγον,
785 5629 1262 5704 ιιὼιίύετυιιιντοῦ
1307 5631 1461 5687 Θεοῦ.
1507 5629 1815 5704 Quidquid
1850 5639 1953 5704 est.

393 5700 525 5759 voce
560 5700 800 5757 διάκονον
825 5704 1084 5760 oilenaum
1121 5703 1286 5759 fuisse
1319 5702 1676 5772 posteriorum
1693 5700 1954 5757 Christia-

2782 4747 2803 4777 ⁸
2831 4744 2972 4801 Psal.
3009 4760 3231 4810 CXLVIII,
3263 4746 3317 4811 5,
3342 4743 3396 4799 4.

2074 4946 2268 4986 norum
2311 4932 2507 5000 vulgus
2561 4932 2762 4986 indicat
2812 4931 3051 4986 scholion
3115 4930 3259 4999 quod
3300 4929 3366 5000 in
3394 4929 3638 4999 margine

2072 5002 2204 5057 libb.
2233 4999 2503 5055 editorum
2534 5011 2591 5055 et
2641 5000 2846 5056 codicis
2889 5000 3172 5068 Anglicani
3214 4999 3370 5066 primi
3402 5000 3635 5068 legitur:

2069 5071 2161 5153 Νξῂ
2192 5070 2317 5159 λέγε
2348 5070 2614 5159 διήκονον·
2631 5071 2793 5159 ὁὶγάρ
2818 5069 3155 5159 τρῦθῐξατρὸς
3174 5068 3362 5159 ΔΛόέοςΔ
3374 5067 3637 5159 μύθέντης

2068 5137 2177 5214 τῶν
2204 5137 2635 5214 ἐαυτοῦ-ἔργων,
2659 5137 2775 5214 ἀλλ’
2808 5141 2875 5214 ού.
2895 5137 3155 5214 -ᾃιάκονος
3174 5154 3199 5214 ‘_
3218 5139 3279 5214 Δἠ
3327 5137 3436 5214 γὰρ
3470 5154 3636 5214 σημα-

2072 5211 2161 5264 σία
2186 5209 2325 5281 αῦτη
2354 5205 2779 5281 τάξὶςδουλικὴ,
2827 5209 2941 5281 ἀλλ’
2987 5209 3088 5281 οὐκ
3142 5205 3451 5277 αὐθεντική.
3504 5205 3631 5260 Vide

2066 5278 2425 5349 quaestionem
2457 5278 2750 5336 secundani
2783 5280 2879 5336 lib.
2907 5296 2943 5334 II
2974 5278 3454 5348 Origenianorum,
3490 5290 3631 5331 nunt.

2067 5351 2253 5490 ὤμω
2284 5419 2425 5488 Περὶ
2448 5410 2556 5485 ὧν,
2582 5430 2687 5474 etc.
2724 5418 2858 5474 Vide
2886 5420 3106 5490 insuper
3127 5414 3418 5472 clarissimi
3461 5413 3629 5471 lluetii

2064 5489 2696 5560 qua‘stioncnoctavarn
2727 5489 2821 5545 lib.
2860 5505 2895 5560 II
2925 5489 3389 5560 Origepianorutn.

2135 5557 2250 5630 (44)
2279 5558 2506 5630 Αἰνεῖτε
2554 5560 2743 5630 αὐτόν
2793 5550 3435 5630 πάντα.’διψρίειιιιιιιιι
3478 5550 3628 5630 ⁸(ιιιοιι
3720 5606 3723 5609 .

2065 5624 2190 5683 ante
2218 5624 2334 5684 hate
2365 5629 2528 5685 verba
2567 5629 2739 5700 deest,
2766 5630 2964 5684 αἰνεῖτε
3011 5624 3196 5683 αὐτὸν
3218 5627 3367 5697 ἥλιος
3407 5624 3502 5679 καί
3548 5638 3627 5675 σε·

2061 5700 2218 5770 λήνη.
