3986 6164
357 311 499 367 1201
1547 305 1826 367 CONTRA
1858 307 1899 363 C

2013 304 2131 363 SUM
2153 304 2294 360 (LIB.
2326 301 2394 360 ν.
3283 303 3290 306 ”
3472 308 3609 366 1202

350 430 448 485 aut
473 429 565 484 τὸν
591 428 937 496 ὑποτάξαντα
969 429 1053 482 ἐπ’
1087 428 1261 484 ἐλπίδι
1281 445 1294 459 ·
1333 428 1413 482 ὅτι
1456 429 1549 489 καὶ
1590 429 1727 500 αὐτὴ
1756 429 1790 499 ἡ
1816 428 1900 481 κτί

2039 433 2290 480 creatura
2353 421 2670 478 liberabitur
2715 436 2745 476 a
2795 423 3058 478 servitute
3117 425 3483 494 corruptionis
3550 427 3601 480 iu
3689 434 3692 436 ·

353 531 447 580 σις
476 517 968 590 ἐλευθερωθήσεται
988 519 1206 589 ἀπὸτῆς
1221 518 1464 582 δουλείας
1490 520 1590 589 τῆς
1621 517 1827 589 φθορᾶς
1854 518 1900 570 εί

2041 514 2346 570 libertatem
2371 513 2555 583 gloriae
2585 512 2817 568 ﬁliorum
2852 512 2948 568 Dei
2969 514 3043 567 ⁸.»
3081 513 3350 570 Hactenus
3383 529 3476 571 cur
3502 531 3602 572 nec

348 591 458 677 τὴν
490 608 800 681 ἐλευθερίαν
828 611 929 682 τῆς
951 610 1107 681 δόξης
1137 611 1249 666 τῶν
1277 611 1481 665 τέκνων
1500 610 1591 665 τοῦ
1614 610 1803 665 Θεοῦ.»
1822 613 1900 664 Κα

2037 608 2232 676 solem,
2263 619 2367 662 nec
2413 605 2619 671 lunam,
2671 620 2773 660 nec
2818 605 3002 662 stellas
3051 620 3402 671 veneremur;
3459 621 3600 662 nunc
3673 680 3677 684 ν

348 703 416 754 ἐν
435 699 645 765 τούτοις
669 701 732 773 δὴ
763 701 915 766 τέλος
937 703 1108 772 ἐχέτω
1134 704 1167 773 ἠ
1193 702 1321 775 περὶ
1349 701 1442 754 τοῦ
1478 701 1552 772 μὴ
1585 700 1762 755 σέϐειν
1786 701 1900 770 ήμᾶ

2038 697 2322 768 sequentia
2360 697 2480 766 ejus
2504 697 2669 753 verba
2706 696 3027 763 referamus,
3055 698 3312 768 adversus
3340 699 3451 767 illa,
3491 698 3604 756 Deo

345 791 507 862 ἥλιον
527 791 622 845 ml
644 790 869 863 σελήνην
897 792 991 846 καὶ
1015 792 1254 863 ἀστέρας
1292 791 1573 869 ἀπολογία.
1615 789 1900 860 Ἐκθὼμεθι

2041 791 2225 852 dante,
2246 789 2446 844 dicturi
2473 802 2597 858 quae
2624 801 2724 844 nos
2747 789 2927 844 lumen
2957 788 3201 845 veritatis
3231 790 3464 846 docebit.

344 885 536 940 δὲκαὶ
572 886 670 957 τὴν
694 886 820 957 ἑξῆς
841 886 1006 954 λέξιν,
1062 886 1152 942 ἵνα
1204 885 1343 958 μετά
1384 887 1541 941 τοῦτο
1599 883 1735 958 πρὸς
1794 884 1974 968 αὐτὸν,
2039 883 2174 960 Θεοῦ
2225 883 2456 947 διδόντος
2480 922 2496 949 ,
2547 883 2788 952 εἴπωμεν
2815 882 2886 936 τά
2932 883 3042 940 ἀπὸ
3069 882 3162 939 τοῦ
3205 883 3303 955 τῆς
3349 884 3600 954 ἀληθείας

347 976 536 1047 φωτὸς
565 975 899 1048 δοθησόμενα
931 979 1084 1050 ἡμῖν.

421 1065 586 1134 Λέγει
615 1061 708 1122 οὗν
743 1067 948 1122 ταῦτα’
995 1089 1014 1122 ι
1058 1069 1292 1129 Ἦλίθιον
1327 1070 1370 1122 δ’
1395 1070 1573 1125 αὐτῶν
1602 1070 1698 1124 ml
1726 1069 1788 1124 τὸ
1832 1085 1922 1123 νο-

350 1155 552 1227 μίζειν,
586 1157 805 1214 ἐπειδὰν
829 1162 859 1214 ὀ
886 1160 1022 1225 Θεὸς
1047 1160 1238 1233 ὥσπερ
1274 1162 1534 1232 μάγειρος
1559 1163 1830 1232 ἐπενέγκῃ
1860 1160 1922 1214 τὸ

347 1247 486 1318 πῦρ,
517 1248 579 1302 τὸ
613 1251 709 1320 μὲν
730 1251 859 1305 ἄλλο
897 1253 1006 1306 πᾶν
1037 1252 1496 1322 ἐξοπτηοήσεσθαι
1527 1252 1704 1320 γένος,
1729 1252 1925 1314 αὐτοὺς

344 1335 406 1388 δέ
439 1337 633 1408 μόνους
665 1339 964 1410 διαμενεῖν,
995 1341 1056 1393 οὐ
1113 1342 1270 1411 μόνον
1326 1342 1453 1405 τοὺς
1497 1340 1727 1406 ζῶντας,
1788 1339 1923 1393 ἀλλὰ

343 1429 445 1480 καὶ
501 1428 629 1493 τοὺς
678 1430 845 1485 πάλαι
900 1431 1030 1484 ποτὲ
1083 1431 1451 1495 ἀποθανόντας
1496 1434 1684 1497 αὑταῖς
1733 1432 1921 1503 σαρξὶν

343 1517 586 1580 ἐκείναις
606 1517 713 1570 ἀπὸ
746 1519 848 1588 τῆς
872 1520 975 1589 γῆς
1003 1521 1319 1586 ἀναδύντας,
1353 1521 1592 1591 ἀτεχνῶς
1623 1523 1921 1592 σκωλήκων

344 1607 380 1678 ή
425 1607 597 1672 ἐλπίς.
631 1610 768 1663 Ποία
815 1609 924 1681 γὰρ
975 1611 1263 1683 ἀνθρώπου
1315 1614 1458 1684 ψυχὴ
1511 1613 1797 1684 ποθήσειεν
1840 1612 1920 1666 ἔτι

2099 1066 2186 1121 ιι.
2213 1082 2233 1117 ι
2259 1060 2433 1118 Stulta
2459 1069 2516 1116 et
2545 1059 2659 1116 haec
2673 1072 2860 1114 eorum
2878 1059 3080 1127 opinio,
3105 1058 3298 1128 inquit,
3320 1071 3596 1131 postquam

2027 1158 2170 1214 Deus
2226 1167 2485 1225 tanquam
2541 1165 2747 1223 coquus
2791 1152 2971 1221 ignem
3020 1153 3356 1218 immiserit,
3401 1162 3596 1210 caetera

2030 1248 2247 1319 quidem
2266 1255 2465 1303 tostum
2486 1244 2576 1310 iri;
2598 1248 2694 1300 sed
2717 1257 2778 1299 se
2799 1244 2945 1298 solos
2975 1258 3238 1300 evasuros
3261 1245 3591 1310 incolumes;

2030 1353 2130 1394 nec
2184 1352 2281 1394 eos
2339 1338 2498 1393 modo
2540 1338 2631 1405 qui
2685 1347 2797 1391 tum
2831 1338 2882 1391 in
2933 1338 3071 1393 vivis
3097 1345 3274 1401 erunt,
3302 1337 3395 1392 sed
3424 1345 3478 1392 et
3500 1338 3590 1407 qui

2022 1428 2351 1500 jampridem
2378 1428 2616 1482 obierint
2665 1436 2896 1483 mortem
2930 1435 2986 1480 et
3012 1427 3198 1482 cadem
3222 1440 3384 1481 carne
3420 1427 3589 1482 induti

2027 1535 2058 1576 e
2086 1528 2230 1574 terra
2264 1517 2604 1572 emerserint.
2655 1518 2783 1585 Quae
2811 1531 2954 1589 spes,
2993 1516 3152 1586 plane
3183 1518 3379 1582 dicam,
3432 1518 3590 1588 digna

2025 1607 2302 1662 vermibus
2331 1616 2434 1662 est.
2471 1606 2668 1677 Ecqua:
2701 1609 2842 1661 enim
2879 1610 3112 1662 humana
3155 1608 3332 1662 anima
3366 1610 3420 1664 in
3473 1624 3592 1664 cor-

349 1697 514 1769 σῶμα
542 1701 795 1771 σεσηπός;
813 1701 976 1755 ὁπότε
1009 1703 1130 1772 μηδ’
1149 1703 1303 1774 ὑμῶν
1331 1704 1442 1773 (45)
1476 1704 1632 1757 τοῦτο
1661 1703 1720 1757 τὸ
1749 1704 1900 1774 δόγμι

2022 1714 2121 1769 pus
2155 1697 2516 1764 putrefactum
2548 1713 2792 1762 remeare
2821 1700 3168 1768 concupiscat
3188 1699 3211 1751 ?
3235 1700 3410 1768 Atque
3425 1700 3590 1756 etiam

340 1787 440 1844 καὶ
481 1789 591 1843 τῶν
641 1791 980 1861 Χριστιανῶν
1010 1791 1174 1854 ἐνίοις
1201 1793 1376 1847 κοινόν
1410 1796 1543 1845 ἐστι·
1585 1793 1677 1846 καὶ
1705 1793 1765 1845 τὸ
1795 1792 1919 1860 aged.-

339 1880 443 1949 δρα
469 1881 663 1953 μιαρὸν
692 1882 856 1936 αὐτοῦ
890 1884 985 1935 καὶ
1022 1882 1368 1937 ἀπόπτυστον
1400 1884 1516 1953 ἅμα
1542 1885 1635 1944 ml
1663 1883 1919 1938 ἀδύνατον

341 1971 698 2040 ἀποφαίνουσι
729 1969 859 2043 (46)’
896 1977 1045 2027 ποῖον
1073 1974 1183 2045 γὰρ
1225 1974 1384 2044 σῶμα
1416 1973 1590 2044 πάντη
1623 1973 1919 2044 διαφθαρὲν

340 2054 454 2116 οἷόν
482 2078 543 2114 τε
565 2061 877 2116 ἐπανελθεῖν
899 2067 978 2127 είς
1005 2064 1102 2135 τὴν
1119 2065 1175 2130 ἐξ
1205 2065 1380 2136 ἀρχῆς
1412 2064 1593 2135 φύσιν,
1628 2066 1720 2118 ml
1749 2065 1918 2137 αὐτὴν

336 2152 556 2225 ἐκείνην
588 2153 648 2218 ἐξ
677 2149 747 2226 ἦς
791 2153 954 2225 ἐλύθη
987 2155 1085 2227 τὴν
1130 2156 1351 2228 πρώτην
1401 2156 1689 2222 σύστασιν;
1753 2159 1916 2212 Οὐδὲν

335 2245 552 2314 ἔχοντες
581 2245 994 2316 ἀποκρίνασθαι,
1047 2246 1481 2315 καταφεύγουσιν
1529 2249 1608 2309 είς
1629 2247 1912 2310 ἀτοπωτά-

331 2352 436 2407 την
467 2334 834 2406 ἀναχώρησιν,
863 2337 946 2390 ὅτι
975 2340 1080 2391 πᾶν
1108 2336 1330 2391 δυνατὸν
1353 2336 1429 2406 τῷ
1454 2335 1590 2406 Θεῷ.
1629 2335 1766 2388 Ἀλλ’
1796 2335 1912 2389 οΰτι

330 2444 398 2496 γε
430 2427 500 2482 τά
523 2428 726 2500 αἰσχρὰ
754 2431 782 2482 ὁ
826 2429 957 2492 Θεὸς
985 2429 1228 2493 δύναται,
1285 2428 1406 2482 οὐδὲ
1451 2429 1520 2483 τὰ
1550 2427 1700 2499 παρά
1751 2428 1911 2496 φύσιν

334 2517 604 2589 βούλεται·
627 2519 757 2583 οὐδ’,
783 2519 849 2573 ἂν
880 2519 943 2572 σύ
977 2536 1030 2572 τι
1052 2519 1394 2591 ἐπιθυμήσῃς
1417 2518 1557 2571 κατά
1589 2519 1686 2588 τὴν
1711 2518 1908 2570 σαυτοῦ

338 2607 643 2678 μοχθηρίαν
679 2608 954 2683 βδελυρὸν,
982 2609 1011 2660 ὁ
1063 2609 1194 2672 Θεὸς
1239 2609 1397 2661 τοῦτο
1458 2609 1762 2680 δυνήσεται,
1816 2609 1909 2663 ml.

332 2698 439 2770 χρὴ
472 2699 748 2754 πιστεύειν
775 2699 954 2763 εὐθὺς,
988 2701 1068 2754 ὅτι
1099 2700 1270 2754 ἔσται.
1313 2702 1389 2754 Ob
1422 2700 1532 2777 γὰρ
1584 2700 1684 2768 τῆς
1727 2699 1906 2770 πλημ-

335 2788 531 2858 μελοῦς
559 2791 812 2861 ὀρέξεως,
847 2792 968 2845 οὐδὲ
1010 2793 1110 2862 τῆς
1156 2791 1578 2862 πεπλανημένης
1614 2791 1902 2860 ἀκοσμίας,

328 2878 467 2933 ἀλλά
481 2880 580 2950 τῆς
606 2879 773 2952 ὀρθῆς
797 2883 892 2934 καὶ
919 2882 1132 2945 δικαίας
1159 2881 1372 2951 φύσεως
1397 2881 1530 2945 Θεός
1559 2883 1704 2935 ἐστιν
1730 2881 1904 2954 ἀρχη-

327 2972 510 3044 γέτης.
548 2973 658 3027 Καὶ
688 2973 866 3044 ψυχῆς
897 2974 1006 3044 (47)
1065 2974 1164 3044 μὲν
1219 2973 1433 3028 αἰώνιον
1485 2974 1662 3044 βιοτὴν
1702 2973 1902 3028 δύναιτ’

329 3063 394 3120 ἂν
427 3066 748 3136 παρασχεῖν,
780 3067 967 3130 νέκυες
1011 3066 1088 3130 δὲ,
1151 3067 1316 3138 φησὶν
1358 3067 1705 3138 Ἡράκλειτος
1766 3068 1896 3138 (48),

328 3155 570 3225 κοπρίων
601 3155 996 3229 ἐκϐλητότεροι.
1051 3157 1238 3228 Σάρκα
1285 3157 1368 3228 δὴ,
1401 3158 1599 3228 μεστὴν
1648 3152 1724 3212 ὧν
1781 3159 1902 3216 οὐδὲ

328 3247 498 3320 είπεῖν
543 3245 727 3309 καλὸν,
785 3247 999 3301 αἰώνιον
1061 3249 1332 3318 ἀποφῆναι
1389 3251 1536 3320 παρά
1567 3249 1744 3318 λόγον,
1779 3251 1901 3305 οὔτε

333 3333 649 3403 βουλήσεται
677 3334 869 3397 όΘεὸς,
905 3335 1028 3388 οὔτε
1063 3338 1369 3407 δυνήσεται.
1397 3339 1569 3402 Αὐτὸς
1603 3341 1711 3410 γάρ
1753 3342 1902 3394 ἐστιν

326 3425 356 3477 ό
381 3421 599 3476 πάντων
630 3422 737 3474 τῶν
769 3421 938 3475 ὄντων
973 3422 1146 3489 λόγος,
1189 3423 1342 3477 οὐδὲν
1374 3420 1465 3477 οὗν
1500 3419 1609 3488 οἷός
1637 3442 1696 3478 τε
1750 3425 1903 3498 παρά

325 3510 481 3582 λόγον
503 3512 634 3585 (49),
672 3513 794 3568 οὐδὲ
817 3516 946 3586 παρ’
977 3514 1162 3568 ἑαυτὸν
1191 3515 1548 3586 ἐργάσασθαι.
1583 3535 1600 3567 ι

392 3693 532 3765 Ὅρα
561 3693 624 3765 δή
649 3692 896 3748 ἐντεῦθεν
925 3695 1020 3748 ἀπ’
1069 3693 1247 3766 ἀρχῆς
1278 3695 1416 3758 πῶς,
1467 3695 1566 3766 τήν
1617 3697 1710 3749 ml.
1768 3699 1896 3767 παρ’

334 3783 597 3855 Ἑλλήνων
625 3786 765 3838 τισὶν
812 3785 911 3839 οὐκ
949 3786 1436 3857 εὐκαταφρονήτως
1479 3785 1898 3858 φιλοσοφήσασιν

325 3875 678 3947 εἰσαγομένην
732 3875 827 3929 τοῦ
877 3876 1082 3946 κόσμου
1145 3875 1456 3946 ἐκπύρωσιν
1511 3877 1647 3946 μετά
1701 3877 1896 3948 χλεύης

323 3966 634 4032 διαϐάλλων,
659 3967 799 4020 θέλει
831 3968 996 4038 ἡμᾶς,
1033 3968 1272 4038 ὡσπερεὶ
1307 3967 1563 4037 μάγειρον
1612 3970 1897 4032 ποιοῦντας

324 4057 413 4111 τὸν
466 4057 619 4121 Θεὸν,
649 4059 886 4126 είσάγειν
947 4059 1015 4112 τά
1070 4062 1198 4129 περὶ
1256 4059 1356 4128 τῆς
1407 4060 1790 4130 ἐκπυρώσεως·
1833 4063 1893 4114 ού

327 4151 565 4215 συνιδὼν,
592 4150 694 4216 ὅτι,
725 4151 911 4222 ὥσπερ
945 4153 1208 4222 Ἑλλήνων
1234 4155 1375 4208 τισὶν
1405 4152 1547 4217 ἔδοξε
1568 4153 1725 4223 (τάχα
1745 4153 1893 4224 παρὰ

324 4240 412 4292 τοῦ
439 4240 795 4312 ἀρχαιοτάτου
851 4243 1034 4306 ἔθνους
1067 4243 1332 4315 Ἐϐραίων
1377 4243 1620 4312 λαϐοῦσι)
1673 4244 1734 4296 τὸ
1783 4243 1892 4316 πῦρ

2025 1791 2164 1845 inter
2198 1804 2293 1845 vos
2324 1790 2664 1845 Christianos
2703 1804 2807 1844 non
2833 1791 3050 1852 desunt,
3103 1790 3191 1859 qui
3224 1799 3397 1856 turpe,
3454 1792 3588 1846 abo-

2019 1882 2337 1936 minandum
2375 1919 2391 1945 ,
2448 1873 2782 1949 impossibile
2840 1881 2981 1936 istud
3033 1879 3274 1952 judicent
3308 1922 3324 1948 ,
3389 1880 3585 1936 nedum

2020 1973 2338 2041 approbent.
2364 1972 2429 2024 Et
2450 1985 2578 2026 vero
2611 1985 2880 2040 corpusne
2901 1981 3000 2038 est,
3034 1971 3175 2039 quod
3201 1971 3422 2026 omnino
3461 1984 3586 2027 cor-

2021 2071 2234 2130 ruptum
2261 2061 2313 2114 in
2357 2061 2592 2132 priorem
2624 2071 2874 2115 naturam
2903 2062 3111 2117 restitui
3140 2071 3195 2116 et
3219 2063 3383 2117 semel
3418 2060 3584 2116 amis-

2015 2169 2131 2210 sam
2165 2155 2608 2210 constitutionem
2639 2168 2956 2226 recuperarc
2989 2157 3198 2225 possit?
3226 2158 3305 2212 Ad
3327 2158 3441 2212 haec
3461 2171 3583 2212 cum

2015 2245 2150 2300 nihil
2194 2244 2267 2300 sit
2313 2245 2456 2314 quod
2493 2247 2874 2314 respondeant,
2912 2245 2964 2301 in
2995 2247 3098 2302 hoc
3131 2247 3581 2304 absurdissimum

2012 2339 2323 2409 prmsidium
2374 2338 2714 2410 confugiunt,
2753 2339 2863 2394 Deo
2921 2338 3056 2393 nihil
3118 2354 3224 2394 non
3261 2339 3426 2410 588
3464 2339 3582 2395 esse

2010 2430 2285 2503 possibile.
2327 2430 2494 2498 Quasi
2529 2444 2664 2486 vero
2693 2431 2870 2500 turpia
2899 2431 3041 2486 Deus
3071 2437 3277 2500 posset,
3307 2440 3398 2484 aut
3421 2431 3581 2502 quid—

2011 2523 2154 2590 piam
2207 2531 2395 2578 contra
2439 2530 2688 2576 naturam
2733 2520 2917 2577 vellet.
2964 2520 3111 2586 Non,
3139 2522 3183 2576 si
3216 2520 3343 2589 quid
3376 2521 3579 2592 impro-

2010 2613 2136 2666 bum
2169 2628 2268 2682 pro
2299 2621 2387 2666 tua
2438 2611 2648 2668 malitia
2681 2612 3030 2682 eXpetiveris,
3064 2613 3116 2667 id
3146 2613 3405 2668 continuo
3437 2612 3578 2670 Deus

2008 2703 2229 2772 poterit,
2261 2713 2354 2758 aut
2403 2703 2520 2760 fore
2571 2706 2903 2760 credendum
2933 2715 3036 2759 est.
3069 2702 3178 2760 Nec
3227 2705 3370 2759 enim
3431 2703 3577 2758 Deus

2007 2797 2127 2852 orbi
2177 2805 2404 2864 prmcst,
2445 2805 2505 2850 ut
2535 2797 2728 2852 vitiosa
2758 2797 3030 2853 desideria
3064 2797 3312 2865 expleat,
3348 2806 3442 2850 aut
3495 2796 3579 2852 in-

2005 2887 2269 2942 ordinatis
2291 2886 2606 2942 libidinibus
2631 2888 2980 2956 obsequatur;
3009 2889 3178 2943 sedut
3207 2897 3366 2944 rectae
3389 2889 3577 2958 justae-

2007 2991 2110 3045 quc
2142 2985 2347 3032 naturae
2377 2978 2692 3048 prospiciat.
2722 2977 2985 3047 Equidem
3029 2979 3173 3033 haud
3217 2978 3370 3034 illum
3413 2993 3577 3051 nega-

2005 3068 2178 3122 verim
2233 3069 2427 3121 animae
2482 3068 2646 3122 vitam
2696 3067 2884 3136 largiri
2946 3081 3105 3135 posse
3141 3069 3572 3138 sempiternam:

2005 3155 2268 3210 cadavera
2292 3165 2492 3221 autem,
2522 3157 2697 3226 inquit
2732 3155 3069 3222 Ileraclitus,
3091 3160 3099 3165 ’
3121 3156 3205 3213 vel
3243 3159 3574 3214 stercoribus

2003 3247 2192 3302 viliora
2243 3256 2389 3303 sunt.
2447 3247 2598 3304 Unde
2638 3249 2786 3304 carui
2815 3248 2880 3304 iis
2903 3248 3162 3304 sordibus
3195 3246 3413 3304 refertae
3437 3263 3573 3318 quas

2005 3341 2279 3410 appellare
2308 3341 2505 3410 pudet,
2544 3341 2710 3396 vitam
2757 3349 3013 3396 aeternam
3066 3329 3254 3396 contra
3305 3341 3570 3397 rationem

2004 3431 2263 3498 tribuere,
2293 3431 2434 3488 Deus
2465 3447 2562 3487 nec
2591 3432 2757 3496 volet,
2790 3447 2892 3487 nec
2949 3433 3167 3500 poterit.
3211 3433 3422 3490 Etenim
3487 3443 3570 3490 est

2002 3522 2115 3586 ipse
2141 3523 2382 3577 omnium
2421 3538 2542 3591 qum
2565 3533 2711 3589 sunt,
2756 3525 2930 3590 ratio;
2988 3524 3120 3580 nihil
3162 3525 3326 3593 igitur
3379 3536 3569 3582 contra

2001 3611 2271 3664 rationem
2293 3649 2307 3674 ,
2335 3611 2466 3664 nihil
2502 3620 2691 3666 contra
2726 3613 2964 3681 scipsum
2995 3613 3210 3668 efficere
3240 3622 3436 3683 potest.
3472 3634 3496 3668 ι

2069 3696 2156 3752 i5.
2213 3696 2350 3751 lline
2395 3697 2634 3766 primum
2674 3700 2796 3754 vide
2836 3702 3105 3769 quomodo
3139 3703 3324 3757 mundi
3365 3700 3567 3759 conﬂa-

1999 3787 2324 3854 grationcm,
2360 3793 2524 3842 etiam
2567 3803 2596 3843 a
2623 3789 2959 3859 philosophis
2993 3790 3132 3846 inter
3158 3789 3375 3848 Graecos
3401 3792 3564 3848 mini-

1998 3893 2085 3932 me
2107 3879 2514 3934 contemnendis
2544 3881 2832 3948 creditam,
2863 3881 2967 3938 sibi
3007 3896 3107 3953 pro
3150 3882 3381 3938 ridiculo
3418 3890 3568 3952 putet

1995 3978 2050 4025 et
2069 3969 2451 4024 calumnietur.
2486 3970 2567 4025 Ex
2601 3972 2716 4038 illo,
2747 3987 2870 4027 cum
2906 3973 3214 4029 inducimus
3266 3974 3565 4045 conﬂagra—

1997 4062 2235 4128 tiouem,
2295 4061 2461 4116 Deum
2508 4076 2684 4132 coquo
2745 4063 2979 4118 similem
3041 4064 3291 4119 facimus.
3323 4063 3563 4134 ignorat,

1995 4158 2138 4224 quod
2162 4155 2330 4210 etiam
2361 4153 2684 4223 quibusdam
2703 4153 3012 4209 Graecorum
3035 4153 3209 4208 visum
3241 4164 3324 4208 est
3344 4159 3398 4208 et
3421 4153 3563 4222 quod

1996 4245 2226 4302 fortasse
2258 4246 2326 4299 ab
2361 4246 2740 4315 antiquissima
2773 4245 3123 4299 llebrmorum
3157 4252 3314 4313 gente
3341 4256 3567 4312 accepe-

325 4329 614 4402 καθάρσιον
649 4331 756 4402 (50)
789 4333 1052 4401 ἐπάγεται
1081 4332 1158 4402 τῷ
1186 4333 1375 4403 κόσμῳ
1393 4351 1406 4363 ·
1444 4335 1589 4396 εἰκὸς
1615 4333 1658 4385 δ’
1687 4334 1768 4386 ὅτι
1798 4337 1893 4387 καὶ

2013 4346 2142 4401 rant,
2172 4337 2354 4404 ignem
2400 4334 2597 4389 mundo
2631 4334 2820 4389 inferri
2869 4335 3171 4400 lustralem,
3209 4342 3298 4388 aut
3330 4332 3564 4390 fortasse

323 4421 533 4494 ἑκάστῳ
562 4423 670 4476 τῶν
701 4424 967 4495 δεομένων
993 4426 1088 4496 τῆς
1115 4425 1203 4478 διὰ
1233 4423 1327 4476 τοῦ
1371 4423 1541 4494 πυρὸς
1593 4425 1749 4495 δίκης
1774 4425 1890 4496 ἅμα

323 4513 409 4566 καὶ
437 4513 676 4585 ἰατρείας
708 4517 952 4579 καίοντος
981 4517 1077 4586 μὲν
1107 4516 1201 4570 ml.
1232 4515 1292 4567 οὐ
1326 4515 1716 4579 κατακαίοντος
1764 4518 1888 4579 τοὺς

327 4607 394 4676 μὴ
426 4605 644 4676 ἔχοντας
684 4607 815 4677 ὓλην
857 4607 1114 4677 δεομένην
1159 4606 1484 4660 ἀναλοῦσθαι
1533 4609 1623 4660 ὑπ’
1677 4609 1884 4662 ἐκείνου

325 4695 408 4747 τοῦ
435 4697 606 4768 πυρός
628 4714 641 4728 ·
685 4699 932 4761 καίοντος
962 4698 1017 4750 δὲ
1042 4700 1134 4752 ml
1164 4698 1550 4762 κατακαίοντος
1570 4700 1696 4763 τοὺς
1727 4702 1784 4752 ἐν
1817 4703 1882 4770 τῇ

324 4784 404 4836 διὰ
421 4786 530 4840 τῶν
550 4789 820 4860 πράξεων,
854 4791 946 4842 καὶ
973 4789 1163 4857 λόγων,
1190 4791 1282 4843 καὶ
1304 4789 1588 4860 νοημάτων
1609 4790 1878 4862 τροπικῶς

327 4871 578 4948 λεγομένη
601 4880 849 4952 οἰκοδομῇ
882 4880 1030 4945 ξύλα,
1063 4881 1332 4952 χόρτον,ἧ
1381 4882 1632 4953 καλάμην
1684 4882 1879 4934 οἰκοδο-

391 5018 410 5048 °
440 5015 596 5072 Rom.
629 5031 744 5083 vm,
783 5021 868 5082 if),
909 5020 998 5087 9.0,
1022 5021 1110 5075 ει.

387 5168 867 5244 (_4_5)_ll(escltelius
922 5173 973 5244 in
1012 5183 1157 5244 textu
1195 5174 1400 5238 habet,
1465 5174 1642 5244 ἡμῶν,
1685 5175 1875 5243 sicque

324 5241 470 5309 codd.
501 5238 702 5306 Regius
732 5253 786 5293 et
814 5241 1336 5296 Basilccusisfmxlo
1367 5238 1516 5309 post,
1549 5245 1664 5297 loco
1691 5238 1800 5296 καῖ’
1815 5244 1876 5294 τὸ

327 5307 518 5396 σφόδρα
551 5309 765 5382 μιαρόν,
799 5310 1112 5366 Boltct'cllus
1146 5312 1303 5381 legit,
1330 5311 1377 5364 οἳ
1415 5313 1473 5364 τὸ
1498 5307 1698 5382 σφόδρα
1749 5330 1878 5382 μια-

329 5396 426 5450 ρον.

387 5447 519 5520 (λεδ)Δ
540 5449 982 5520 Ἀποραίνουσι.
1011 5449 1180 5505 Codd.
1213 5450 1412 5520 Regius
1440 5459 1492 5501 et
1519 5447 1871 5520 Basileensis,

326 5517 624 5588 ἀποφαίνει.
671 5519 1006 5573 Hmschelius
1060 5521 1112 5573 in
1148 5517 1340 5584 textu',
1372 5519 1708 5586 ἀποφαίνεις.
1738 5520 1875 5573 Sunt

329 5587 536 5660 quihoc
563 5589 679 5643 loco
710 5591 860 5660 sequi
895 5589 1086 5660 malint
1126 5590 1410 5643 lectionem
1454 5589 1611 5642 codd.
1642 5587 1792 5660 Regii
1823 5599 1873 5660 et

329 5655 657 5726 Basilecusis.
686 5656 756 5712 it'a
791 5655 848 5714 ut
891 5659 1004 5713 hanc
1052 5675 1154 5714 nou
1208 5670 1400 5726 putent
1428 5674 1545 5712 csse
1578 5655 1748 5712 Celso'
1777 5659 1873 5712 tri-

330 5725 658 5803 buenda,sed
686 5730 752 5785 ab
781 5730 896 5800 ipso
919 5730 1152 5802 Origene
1185 5725 1323 5788 Celsi
1355 5730 1532 5785 verbis
1569 5727 1868 5799 interjecta.

1996 4439 2170 4492 poena:
2199 4425 2437 4480 simulet
2483 4425 2708 4480 remedii
2743 4426 2860 4480 loco
2888 4425 3150 4489 futurum,
3179 4433 3341 4494 prout
3366 4425 3564 4494 cuique

1994 4531 2130 4583 opus
2156 4515 2298 4582 erit;
2335 4517 2536 4585 ignem,
2569 4515 2659 4584 qui
2715 4523 2835 4568 uret
2863 4513 3101 4584 quidem,
3133 4530 3239 4570 non
3265 4528 3398 4570 vero
3427 4529 3561 4570 con-

1995 4616 2174 4661 sumet
2196 4622 2288 4662 cos
2342 4609 2397 4662 in
2429 4607 2628 4677 quibus
2664 4621 2770 4661 non
2804 4607 2910 4661 erit
2956 4607 3181 4661 materia
3213 4621 3332 4676 quae
3364 4605 3558 4663 confici

1993 4699 2218 4764 debeat;
2249 4708 2371 4752 uret
2411 4707 2588 4753 autem
2618 4707 2673 4754 et
2715 4707 2997 4755 consumet
3047 4713 3141 4754 cos
3193 4700 3284 4769 qui
3333 4700 3388 4753 in
3437 4713 3561 4754 con-

1987 4790 2250 4844 struendo
2279 4791 2575 4856 actionum,
2611 4804 2922 4846 sermonum
2943 4789 3462 4861 cogitationumque,
3501 4798 3561 4846 ut

1985 4880 2056 4934 ita
2087 4881 2287 4944 dicam,
2347 4880 2572 4936 aedificio
2607 4879 2748 4948 ligna
2769 4920 2784 4948 ,
2823 4880 3004 4935 fenum
3036 4888 3088 4934 et
3128 4877 3378 4947 stipulam
3406 4877 3558 4933 adhi-

1983 5175 2343 5238 Quamobrem
2403 5189 2562 5240 supra
2613 5188 2708 5242 pro
2763 5173 2926 5226 ὁπότε
2987 5171 3112 5242 μηδ’
3169 5169 3324 5240 ὑμῶν
3371 5170 3553 5238 legunt

1981 5243 2289 5322 δπέξεμηδ
2320 5243 2492 5322 i953!-

2049 5307 2182 5383 (4-7)~
2209 5307 2436 5383 Ψυχῆς.
2464 5312 2670 5383 Mavult
2689 5311 3027 5383 Bolterellus,
3061 5307 3230 5383 ψυχῇ.
3388 5373 3452 5383 ___
3506 5371 3521 5383 .
3637 5345 3641 5348 .

2053 5371 2165 5448 HS)
2207 5371 2598 5450 Ἡρξῖέᾶειτος.
2637 5382 2767 5435 Vide
2827 5371 3048 5434 Suidattl
3076 5371 3348 5429 'in"'voce
3388 5371 3552 5443 Ἡρά·

1977 5456 2230 5522 κλείτος,
2264 5453 2430 5522 ὄνομα
2461 5452 2526 5503 κύ
2537 5468 2651 5522 ptati
2655 5490 2666 5503 .

2050 5513 2368 5592 (49)’Πιιρᾰ
2389 5513 2590 5590 λόγοὶπ
2631 5519 2785 5576 Libb.
2835 5516 2962 5572 editi
2995 5529 3101 5568 una
3159 5526 3316 5579 voce,
3364 5513 3541 5586 ποιρά-

1976 5591 2152 5644 λογον.

2194 5661 2318 5724 Πῦρ
2346 5657 2696 5724 καθάρσιον.
2735 5655 2870 5710 Vide
2920 5653 3293 5710 adnotationes
3336 5654 3402 5707 ad
3443 5653 3541 5709 lib.

1979 5747 2054 5803 ιγ,
2081 5747 2230 5785 nunt.
2255 5731 2324 5784 12’.
2352 5740 2398 5782 et
2441 5730 2527 5782 15.
