3986 6164
469 295 612 354 1205

1895 279 2216 356 OI'ZIGENIS

3638 293 3756 351 ΕΜ

463 416 684 472 huerint
702 418 744 472 '.
773 418 976 474 Docent
1008 419 1171 474 etiam
1195 419 1388 475 divina-
1417 421 1714 491 Scriptura:
1748 421 2034 476 Dominum

2145 424 2444 492 μήσαντας.
2466 421 2601 474 Φασὶ
2625 419 2669 474 δ’
2698 421 2746 474 οἱ
2778 419 2911 473 θεῖοι
2942 418 3087 487 λόγοι
3115 416 3222 470 τὸν
3258 413 3513 486 Κύριον,
3533 413 3639 478 ιὼς
3659 415 3754 488 πῦρ

467 526 488 560 ι
519 517 579 563 ιιι
628 509 807 580 ignem
862 510 1165 566 conflatorii
1201 521 1256 566 ct
1286 513 1512 568 herbam
1569 513 1831 568 fullonum
1857 514 1879 544 ⁸
1907 531 1926 565 ι
1969 514 2037 567 ad

409 615 560 659 .eos
637 616 986 660 accessurum
1034 619 1190 670 esse,
1247 606 1339 675 qui
1415 615 1638 675 propter
1693 606 2035 662 commistam

461 697 757 762 quamdam
791 709 862 752 ex
887 698 1096 752 malitia
1147 698 1432 752 materiam
1481 699 1604 768 igne
1637 699 1898 768 indigent,
1929 713 2040 768 quo

463 784 554 839 illa
580 786 732 854 atris,
764 789 944 842 stanni
977 786 1290 856 plumbique
1328 789 1612 856 permistio
1655 790 1808 858 quasi
1841 787 2040 845 confie-

463 883 571 929 tur.
605 873 719 931 Hoc
742 875 885 931 idem
917 877 1102 932 videre
1126 887 1209 932 est
1250 880 1390 948 apud
1418 879 1778 942 Ezechielem,
1832 880 1876 934 si
1915 879 2038 949 quis
2071 899 2074 902 ·

463 965 672 1020 discere
721 964 1027 1024 voluerit’.
1106 967 1284 1022 Testis
1340 984 1556 1040 quoque
1613 971 1717 1025 erit
1771 969 2036 1040 propheta

460 1055 631 1113 Isaias
665 1066 905 1113 nostram
940 1074 1048 1114 non
1077 1076 1194 1116 esse
1225 1062 1572 1124 sententiam,
1613 1061 1782 1116 Deum
1836 1072 1894 1116 ιιι
1945 1076 2037 1117 co-

460 1166 627 1222 quum
679 1150 884 1209 inferre
915 1153 1114 1224 ignem,
1153 1156 1245 1210 sed
1281 1165 1338 1210 ut
1368 1156 1420 1210 in
1463 1169 1554 1211 eos
1593 1155 1914 1221 beneficum,
1943 1154 2038 1225 qui

461 1244 656 1300 labore
677 1253 730 1300 et
764 1245 896 1316 igne
923 1261 1058 1316 opus
1093 1249 1317 1302 habent.
1353 1247 1446 1303 Sic
1489 1248 1636 1305 enim
1685 1249 1826 1319 apud
1886 1248 2035 1302 illum

456 1349 595 1406 gens
623 1337 1176 1408 quaedamfpeccatrix
1204 1340 1476 1396 admonita
1516 1340 1760 1396 dicitur:
1800 1359 1817 1391 ι
1857 1339 2036 1395 [labes

461 1427 729 1486 carbones
754 1430 929 1499 ignis,
955 1431 1084 1485 sede
1117 1446 1276 1500 super
1301 1447 1424 1498 eos;
1459 1432 1512 1486 hi
1550 1432 1643 1488 tibi
1684 1439 1846 1486 erunt
1883 1430 2038 1484 anxi-

462 1516 535 1572 lio
564 1519 631 1574 ¹⁰.
669 1536 688 1572 t
723 1517 799 1576 Ita
840 1519 1123 1591 Scriptura
1152 1523 1312 1589 vulgo
1349 1522 1613 1578 lectorum
1659 1523 2038 1579 convenientia

460 1607 727 1674 tribuens,
749 1609 928 1664 tristia
963 1610 1308 1666 obscuritate
1335 1614 1610 1680 sapienter
1660 1612 1905 1675 involvit,
1929 1624 2037 1680 quo

459 1705 728 1753 terrorem
758 1699 825 1754 iis
849 1698 1080 1756 incutiat
1133 1702 1223 1770 qui
1252 1718 1280 1756 a
1329 1703 1550 1773 profusa
1579 1704 1834 1772 peccandi
1871 1703 2036 1759 licen-

2147 511 2512 584 χωνευτηρίου
2541 513 2633 566 καὶ
2663 513 2738 576 ὡς
2759 513 2896 566 πόαν
2926 509 3249 564 πλυνόντων
3268 545 3286 571 ,
3328 526 3348 558 t
3408 505 3632 574 ἑκάστῳ
3662 507 3754 560 τῶν

2146 606 2415 675 δεομένων
2471 605 2850 675 ἐπιδημήσειν,
2905 603 2994 656 διὰ
3035 602 3096 654 τὸ
3150 597 3568 670 ἀναμεμίχθαι
3613 600 3752 652 οἱονεὶ

2147 697 2359 768 φαύλην
2377 697 2543 769 χυτὴν
2567 697 2705 769 ὖλην-
2728 697 2827 767 τὴν
2858 697 2966 749 ἀπὸ
2992 696 3092 765 τῆς
3119 692 3375 754 κακίας,
3403 690 3676 760 δεομένων
3706 691 3751 744 δὲ

2145 787 2287 856 λέγω
2309 789 2420 860 (51)
2453 789 2654 858 πυρὸς,
2691 789 2852 842 οἱονεὶ
2881 787 3220 858 χωνεύοντος
3270 783 3415 845 ’τοὺς
3461 783 3750 851 ἀναμεμιγο

2149 880 2342 948 μένους
2371 879 2589 950 χαλκῷ,
2620 881 2715 933 καὶ
2767 878 3096 950 κασσιτέρῳ,
3164 876 3274 930 καὶ
3341 873 3611 944 μολίϐδῳ.
3659 874 3750 926 Καὶ

2147 971 2317 1025 ταῦτα
2341 972 2434 1024 τὸν
2467 971 2783 1042 βουλόμενόν
2816 973 2962 1024 ἐστιν
2984 970 3093 1023 ἀπὸ
3119 967 3226 1022 τοῦ
3264 967 3572 1037 προφήτου
3613 965 3748 1028 Ἰεζε-

2147 1063 2270 1133 κιὴλ
2301 1064 2511 1134 μαθεῖν.
2562 1065 2684 1117 Ὅτι
2719 1063 2776 1118 δὲ
2815 1062 2962 1133 (52),
2989 1063 3086 1132 οὐχ
3117 1062 3202 1124 ὡς
3241 1060 3554 1131 μάγειρον,
3589 1059 3746 1127 φαμὲν

2145 1155 2206 1206 τὸ
2237 1155 2349 1225 πῦρ
2381 1155 2664 1226 ἐπιφέρειν
2702 1155 2792 1208 τὸν
2822 1155 2974 1218 Θεὸν,
3007 1153 3120 1206 ἀλλ’
3157 1153 3246 1215 ὡς
3273 1151 3422 1204 Θεὸν
3469 1149 3745 1218 εὐεργέτην

2145 1248 2251 1302 τῶν
2280 1248 2591 1320 χρῃζόντων
2625 1248 2786 1300 πόνου
2817 1249 2910 1300 καὶ
2939 1247 3131 1318 πυρὸς,
3176 1243 3562 1315 μαρτυρήσει
3596 1241 3682 1293 καὶ
3721 1242 3744 1293 6

2147 1342 2432 1412 προφήτης
2462 1339 2708 1402 Ἥσαῖας,
2734 1341 2790 1392 ἐν
2813 1333 2858 1406 ᾧ
2880 1338 3194 1409 γέγραπται
3227 1334 3504 1404 λελέχθαι
3535 1331 3666 1404 πρός
3698 1347 3742 1384 τι

2146 1432 2296 1495 ἔθνος
2324 1432 2666 1503 ἁμαρτωλὸν,
2695 1433 2774 1485 ὅτι
2813 1432 3028 1501 (Ἔχεις
3056 1429 3357 1499 ἄνθρακας
3386 1425 3586 1495 πυρὸς,
3612 1422 3740 1477 καθὶο

2150 1539 2242 1576 σαι
2271 1523 2358 1574 ἐπ’
2395 1522 2598 1584 αὐτοῖς⁸
2633 1517 2779 1576 οὗτοι
2820 1519 3032 1573 ἔσονταί
3057 1535 3138 1570 σοι
3162 1516 3438 1587 βοήθεια.
3470 1533 3492 1567 ι
3541 1515 3737 1568 Οἰκονο-

2150 1614 2416 1686 μούμενος
2447 1615 2493 1667 δ’
2523 1615 2551 1666 6
2578 1613 2732 1680 λόγος
2762 1612 3106 1684 ἁρμοζόντως
3131 1609 3254 1678 (53)
3276 1608 3562 1678 πλήθεσιν
3583 1607 3739 1659 ἐντευ-

2149 1705 2392 1775 ξομένοις
2421 1707 2486 1776 τῇ
2533 1706 2743 1776 Γραφῇ,
2798 1701 3310 1773 ἐπικεκρυμμένως
3366 1699 3514 1770 μετὰ
3568 1697 3735 1765 σοφίας

457 1787 534 1844 tia
568 1800 846 1858 nequeunt
865 1790 1024 1846 aliter
1052 1793 1286 1846 avocari.
1323 1792 1453 1858 Qua:
1499 1803 1678 1848 tamen
1736 1793 2040 1848 obscuritas

2145 1795 2288 1864 λέγει
2314 1796 2383 1850 τὰ
2433 1795 2733 1866 σκυθρωπὰ
2773 1797 2852 1858 εἰς
2897 1793 3059 1864 φόϐον
3108 1791 3227 1845 τῶν
3296 1789 3379 1861 μὴ
3442 1787 3738 1858 δυναμένων

462 1894 526 1934 ea
568 1894 675 1936 non
723 1888 831 1947 est,
864 1882 1020 1952 quin,
1049 1883 1140 1952 qui
1193 1883 1386 1939 sedulo
1407 1884 1776 1954 perpenderit,
1806 1883 1964 1939 facile
1993 1885 2042 1940 is

463 1970 752 2044 intelligat,
774 1987 883 2043 quo
923 1974 1032 2030 fine
1085 1975 1347 2030 molestiis
1393 1985 1447 2030 et
1487 1975 1763 2030 laboribus
1792 1976 2040 2034 homines

461 2063 592 2117 mali
644 2065 922 2122 crueiandi
953 2067 1087 2123 sint.
1134 2068 1315 2136 Quare
1343 2069 1396 2122 in
1429 2069 1715 2138 przesentia
1756 2069 1887 2124 satis
1919 2069 2037 2123 fne-

457 2157 536 2211 rit
585 2158 692 2212 huc
732 2157 1003 2214 adducere
1053 2159 1180 2213 illud
1236 2160 1437 2216 Isaiae:
1497 2177 1516 2212 ι
1548 2160 1776 2231 Propter
1841 2175 2036 2215 nomen

459 2263 643 2304 meum
667 2250 947 2306 ostendam
975 2250 1068 2305 tibi
1105 2251 1338 2306 furorem
1367 2261 1633 2316 meum,et
1656 2251 1892 2322 gloriosa
1917 2265 2034 2305 mea

461 2339 714 2396 inducam
741 2341 796 2396 in
822 2349 892 2406 te,
931 2355 997 2397 ne
1029 2344 1250 2412 perdam
1298 2342 1463 2413 539
1495 2351 1548 2397 te
1571 2344 1633 2396 ιι.
1670 2363 1687 2393 ι
1714 2343 1890 2412 Atque
1922 2343 2039 2398 haec

459 2431 640 2487 minus
657 2433 1064 2488 accommodata
1095 2431 1389 2502 simplicius
1415 2432 1763 2488 credentibus
1792 2434 2036 2503 adeoque

459 2523 786 2592 simpliciori
847 2525 1060 2580 ratione
1105 2525 1420 2581 erudiendis
1466 2524 1813 2579 subindicare
1858 2525 2034 2579 coacti

460 2627 673 2680 sumus,
706 2621 766 2668 ut
789 2628 859 2669 ne
893 2615 1221 2683 ineastigata
1249 2615 1426 2670 abiret
1469 2615 1584 2669 haec
1608 2613 1749 2670 Celsi
1779 2614 2038 2669 crimina-

460 2704 540 2759 tio
592 2722 610 2758 :
670 2721 694 2756 ι·
749 2702 1038 2775 Postquam
1111 2704 1252 2760 Deus
1307 2705 1488 2776 ignem
1546 2704 1790 2775 inj-ccerit
1847 2711 1906 2758 ut
1946 2719 2040 2760 co-

463 2809 626 2864 quus.
661 2815 684 2850 ι

535 2980 625 3037 16.
657 2978 739 3034 Ex
778 2970 942 3038 dictis
984 2987 1134 3048 patet
1182 2977 1716 3049 intelligentioribus,
1767 2979 2044 3049 quomodo-

459 3069 816 3125 refellendum
877 3070 952 3126 sit
994 3081 1050 3126 et
1103 3073 1298 3127 istud:
1345 3090 1363 3123 ι
1402 3071 1539 3125 Tum
1573 3081 1770 3126 caetera
1821 3069 2036 3139 quidem

457 3167 662 3216 tostum
689 3161 775 3227 iri,
803 3161 900 3216 sed
922 3175 979 3216 se
1003 3162 1150 3217 solus
1180 3177 1441 3218 evasuros
1499 3162 1821 3217 incolumes.
1859 3179 1878 3214 ι
1923 3153 2034 3216 Nec

459 3252 660 3307 mirum
688 3251 740 3306 in
767 3252 870 3308 hac
897 3252 1152 3322 opinione
1178 3252 1385 3307 versari
1411 3266 1505 3308 eos
1543 3267 1574 3307 e
1614 3252 1837 3318 nostris,
1896 3267 2035 3322 quos

463 3338 738 3408 appellant
765 3339 1060 3411 Scriptura:
1100 3359 1119 3394 ι
1154 3341 1318 3396 stulta
1359 3342 1564 3409 mutuli,
1596 3341 1869 3411 ignobilia,
1900 3357 2035 3398 con-

465 3429 809 3497 temptibilia,
846 3440 900 3486 et
943 3445 1006 3485 ca
1038 3446 1159 3502 quae
1211 3447 1315 3485 non
1362 3440 1488 3484 sunt
1519 3431 1586 3485 ¹².
1611 3450 1632 3485 ι
1654 3430 1862 3502 Quippe
1893 3451 1912 3484 ι
1940 3446 2037 3504 per

463 3520 749 3576 stultitiam
783 3522 1193 3593 praedicationis
1229 3522 1433 3593 placuit
1483 3523 1593 3579 Deo
1629 3524 1810 3582 salvos
1856 3527 2038 3583 facere

459 3613 746 3670 credentes
779 3614 903 3684 ipsi,
927 3615 1055 3685 quia
1091 3615 1142 3670 in
1171 3615 1262 3670 Dei
1295 3615 1562 3684 sapientia
1617 3633 1721 3672 non
1781 3620 2039 3691 cognovit

465 3705 702 3760 mundus
748 3719 848 3774 per
889 3701 1214 3775 sapientiam
1269 3706 1440 3764 Deum
1472 3709 1536 3764 ¹³.
1575 3727 1594 3760 ι
1625 3710 1704 3766 llli
1744 3713 1887 3766 enim
1930 3729 2036 3770 non

462 3804 689 3864 possunt
714 3797 927 3868 singula
961 3799 1077 3854 loca
1100 3803 1455 3869 perscrutari,
1507 3816 1607 3858 nec
1649 3803 2040 3874 investigandis

464 3885 766 3956 Scripturis
796 3887 1111 3943 incumbere
1142 3889 1352 3956 volunt,
1383 3893 1631 3957 quamvis
1661 3893 1820 3949 Jcsus
1848 3914 1864 3946 ι
1891 3911 2042 3951 scru-

463 3979 567 4033 tari
611 3978 923 4048 Scripturas
978 3979 1022 4012 ³⁸
1074 3999 1094 4034 ι
1151 3982 1393 4044 iusserit.
1449 3983 1587 4039 llinc
1631 3996 1735 4053 est,
1783 3989 1924 4058 quod
1960 3989 2042 4045 sic

463 4074 740 4130 senserint
765 4074 833 4130 de
871 4073 1000 4144 igne
1025 4087 1184 4144 quem
1210 4076 1352 4130 Deus
1386 4074 1573 4143 infert,
1621 4088 1676 4133 et
1719 4079 1786 4134 de
1813 4080 1879 4135 iis
1922 4095 2043 4151 quae

464 4165 846 4235 peccatoribus
871 4175 1130 4222 eventura
1168 4175 1317 4223 sunt.
1357 4167 1502 4223 Fieri
1547 4177 1726 4225 tamen
1757 4180 1953 4241 potest,
1985 4178 2045 4227 ut

465 4257 919 4327 quemadmodum
978 4257 1214 4328 pueriles
1245 4258 1455 4315 animos
1507 4259 1576 4315 ad
1641 4261 1867 4318 meliora
1922 4277 2045 4333 pro-

463 4349 665 4405 vehere
705 4348 907 4405 volenti
949 4351 1224 4417 convenit,
1260 4360 1319 4406 ut
1354 4354 1421 4408 ad
1467 4369 1654 4410 eorttm
1710 4369 1770 4410 se
1828 4369 2043 4410 mensu-

2142 1887 2316 1950 ἄλλως
2347 1886 2691 1958 ἐπιστρέψειν
2719 1885 2828 1939 ἀπὸ
2857 1885 2958 1956 τῆς
2991 1883 3209 1954 χύσεως
3243 1881 3364 1952 (54)
3416 1880 3529 1934 τῶν
3577 1881 3734 1949 ἀμαρ-

2138 1979 2399 2050 τημάτων
2421 1995 2436 2008 ο
2467 1978 2604 2049 πλὴν
2630 1978 2725 2032 καὶ
2753 1977 2924 2040 οὕτως
2946 1979 2975 2029 6
3003 1975 3190 2047 τηρῶν
3217 1975 3464 2045 εὑρήσει
3492 1971 3731 2043 ἐμφαινό-

2143 2085 2302 2141 μενον
2335 2068 2396 2121 τὸ
2427 2067 2536 2120 ἀπὸ
2566 2066 2672 2122 τῶν
2708 2066 3047 2138 σκυθρωπῶν
3083 2065 3184 2119 καὶ
3217 2067 3516 2119 ἐπιπόνων
3553 2063 3730 2130 ἐπαγόο

2143 2178 2300 2234 μενον
2323 2163 2437 2222 τοῖς
2469 2158 2690 2227 ἀλγοῦσι
2715 2161 2887 2223 τέλος.
2924 2159 3109 2230 Ἀρκεῖ
3139 2157 3187 2210 δ’
3224 2157 3329 2211 ἐπὶ
3359 2155 3459 2210 τοῦ
3486 2155 3728 2225 παρόντος

2140 2252 2478 2324 παραθέσθαι
2511 2249 2618 2304 ἀπὸ
2646 2249 2740 2303 τοῦ
2789 2250 3008 2304 Ἡσαΐου
3042 2251 3130 2313 τὸ,
3162 2249 3446 2301 «Ἕνεκεν
3488 2245 3581 2298 τοῦ
3610 2242 3722 2315 ἐμοῦ

2138 2345 2400 2416 ὀνόματος
2435 2342 2592 2409 δείξω
2624 2359 2706 2395 σοι
2746 2341 2914 2411 θυμόν
2957 2357 3081 2413 μου,
3121 2339 3224 2394 καὶ
3276 2339 3354 2392 τὰ
3403 2336 3593 2400 ἔνδοξα
3637 2349 3721 2404 μου

2143 2437 2328 2503 ἐπάξω
2353 2436 2444 2488 ἐπὶ
2476 2437 2553 2499 σὲ,
2585 2435 2673 2488 ἵνα
2705 2434 2777 2506 μὴ
2816 2430 3192 2503 ἐξολοθρεύσω
3258 2448 3345 2484 σε.
3392 2449 3413 2483 ι
3474 2423 3720 2493 Ίιναγκά-

2146 2531 2350 2601 σθημεν
2369 2529 2432 2599 δὴ
2447 2527 2513 2582 τὰ
2547 2527 2621 2598 μὴ
2649 2525 2956 2598 ἁρμόζοντα
2975 2527 3088 2588 τοῖς
3109 2523 3504 2592 ἁπλούστερον
3532 2513 3722 2570 πιστεύ-

2137 2641 2256 2678 ουσι
2282 2623 2376 2676 καὶ
2396 2622 2665 2693 δεομένοις
2685 2621 2783 2690 τῆς
2805 2618 3182 2690 ἁπλουστέρας
3209 2619 3274 2670 ἐν
3306 2615 3496 2684 λόγοις
3548 2613 3718 2664 οἰκονο-

2141 2715 2270 2786 μίας
2301 2713 2603 2778 αἰνίξασθαι
2637 2711 2768 2783 (55),
2802 2712 2888 2765 ἵνα
2918 2711 2992 2782 μὴ
3045 2710 3309 2776 δοκῶμεν
3357 2706 3716 2773 ἀνεξέλεγκτον

2141 2808 2236 2876 ἐᾷν
2265 2807 2364 2876 τὴν
2389 2805 2482 2858 τοῦ
2505 2805 2716 2859 Κέλσου
2762 2803 3120 2874 κατηγορίαν,
3163 2800 3435 2870 λέγοντος
3461 2815 3474 2828 ·
3517 2817 3536 2849 ι
3559 2798 3715 2850 Ἐπει-

2139 2898 2234 2952 ὅὰν
2261 2901 2289 2952 6
2327 2899 2457 2962 Θεὸς
2485 2899 2674 2968 ὥσπερ
2706 2897 2966 2968 μάγειρος
2993 2895 3276 2968 ἐπενέγκῃ
3311 2891 3376 2946 τὸ
3407 2891 3570 2961 πῦρ.»

2224 2991 2318 3043 Ἐκ
2341 2989 2396 3042 δὲ
2427 2988 2534 3042 τῶν
2575 2988 2879 3060 εἰρημένων
2911 2989 3024 3048 τοῖς
3070 2985 3453 3056 συνετώτερον
3484 2978 3711 3036 ἀκούουσι

2140 3082 2318 3152 δῆλον,
2353 3081 2471 3145 πῶς
2501 3079 2836 3153 ἀπαντητέον
2873 3078 2967 3132 καὶ
3001 3078 3137 3149 πρὸς
3168 3082 3273 3143 τὸ,
3304 3096 3324 3129 ι
3362 3075 3437 3130 Τὸ
3479 3073 3572 3144 μὲν
3607 3068 3712 3124 ἄλλο

2140 3172 2249 3225 πᾶν
2280 3169 2745 3242 ἐξοπτηθήσεσθαι
2774 3170 2950 3237 γένος,
2975 3167 3173 3231 αὐτοὺς
3209 3168 3271 3220 δὲ
3318 3167 3515 3238 μόνους
3545 3162 3710 3230 διαμεν

2139 3266 2270 3320 νεῖν.
2308 3280 2326 3315 t
2365 3263 2438 3315 Ού
2473 3261 2783 3332 θαυμαστὸν
2805 3259 2872 3327 δ’,
2903 3261 2951 3313 εἰ
2982 3257 3158 3314 ταῦτα
3195 3260 3316 3330 (56)
3344 3257 3565 3326 νενόηκε
3583 3252 3642 3305 τὰ
3661 3251 3708 3302 ἐν

2139 3355 2272 3424 ἡμῖν
2305 3352 2408 3405 ὑπὸ
2433 3351 2525 3404 τοῦ
2559 3351 2714 3419 λόγου
2743 3368 2763 3402 ι
2799 3351 2957 3421 μωρὰ
2977 3349 3071 3404 τοῦ
3099 3349 3313 3420 κόσμου
3339 3345 3704 3418 ὀνομαζόμενα,

2141 3445 2236 3498 καὶ
2267 3443 2486 3512 ἀγεννῆ,
2521 3443 2616 3496 καὶ
2655 3441 3073 3513 ἐξουδενημένα,
3119 3445 3221 3494 καὶ
3264 3441 3342 3512 μὴ
3383 3440 3531 3492 ὄντα·
3575 3453 3590 3486 ι
3625 3432 3707 3486 ἅτε-

2141 3533 2230 3588 διά
2257 3533 2355 3604 τῆς
2395 3531 2608 3603 μωρίας
2649 3530 2744 3584 τοῦ
2792 3529 3146 3602 κηρύγματος
3189 3529 3494 3597 εὐδόκησεν
3530 3527 3557 3577 6
3591 3519 3701 3580 Θεδς

2145 3623 2320 3676 σῶσαι
2351 3622 2480 3685 τοὺς
2512 3619 2866 3681 πιστεύοντας
2899 3618 3068 3690 αὐτῷ,
3117 3619 3246 3672 ἐπεὶ
3282 3619 3358 3690 μὴ
3388 3618 3445 3668 ἐν
3469 3617 3531 3684 τῇ
3569 3606 3703 3677 σοφίᾳ

2143 3715 2236 3768 τοῦ
2269 3712 2405 3766 Θεοῦ
2435 3713 2573 3781 ἔγνω
2604 3712 2633 3761 ὁ
2659 3711 2860 3781 κόσμος
2883 3711 2971 3764 διὰ
2999 3712 3103 3780 τῆς
3143 3711 3343 3780 σοφίας
3365 3708 3458 3760 τὸν
3483 3703 3620 3757 Θεόν⁸
3649 3697 3697 3752 οὗ

2143 3808 2413 3879 δυνάμενα
2441 3804 2771 3875 διαρθρῶσαι
2801 3803 2870 3855 τὰ
2903 3801 3044 3855 κατὰ
3070 3803 3193 3865 τοὺς
3212 3803 3441 3864 τόπους,
3468 3795 3580 3849 ούδέ
3602 3791 3701 3863 βου-

2143 3899 2376 3971 ληθέντα
2409 3897 2666 3968 σχολάσαι
2715 3895 2780 3964 τῇ
2831 3893 3027 3964 ἐρεύνῃ
3071 3892 3172 3962 τῆς
3196 3891 3449 3965 Γραφῆς,
3491 3884 3696 3945 καίτοιγε

2143 3989 2240 4044 τοῦ
2284 3988 2460 4061 Ἰησοῦ
2489 3987 2759 4057 λέγοντος,
2789 4005 2807 4037 ι
2832 3986 3120 4054 Ἐρευνᾶτε
3144 3985 3249 4049 τὰς
3283 3981 3524 4056 Γραφάς.
3567 3996 3583 4028 ι
3607 3971 3696 4026 Καὶ

2144 4081 2366 4135 τοιαῦτα
2409 4078 2673 4151 ὑπείληφε
2723 4078 2852 4148 περὶ
2888 4075 2983 4130 τοῦ
3021 4077 3364 4148 ἐπαγομένου
3412 4070 3571 4142 πυρὸς
3611 4061 3694 4116 ὑπδ

2146 4172 2238 4226 τοῦ
2264 4171 2398 4224 Θεοῦ
2434 4172 2528 4224 καὶ
2559 4171 2685 4242 περὶ
2712 4169 2822 4222 τῶν
2865 4168 3301 4239 συμϐησομένων
3332 4168 3447 4228 τοῖς
3480 4153 3693 4230 ἁμαρτή-

2150 4283 2274 4319 σασι
2303 4265 2436 4336 (57).
2470 4264 2577 4316 Καὶ
2609 4264 2748 4333 τάχα
2778 4262 2966 4333 ὥσπερ
3000 4263 3112 4324 τοῖς
3143 4261 3334 4314 παισὶν
3361 4244 3691 4336 ἁρμόζειτινὰ

2147 4354 2398 4423 λέγεσθαι
2437 4352 2747 4423 κατάλληλα
2792 4353 2858 4422 τῇ
2919 4351 3206 4422 νηπιότητι
3250 4348 3432 4404 αὐτῶν
3467 4340 3590 4412 πρὸς
3626 4333 3689 4423 τὸ,

464 4455 582 4495 ram
607 4440 921 4508 submittat;
960 4441 1031 4495 ita
1061 4441 1152 4508 iis,
1177 4458 1316 4512 quos
1348 4447 1633 4501 nominaut
1663 4445 1966 4516 Scriptura:
1995 4448 2039 4478 ⁸³

2149 4447 2224 4510 ὡς
2272 4446 2466 4508 παῖδας
2506 4444 2706 4514 κομιδῆ
2751 4441 3000 4512 νηπίους,
3031 4441 3378 4510 ἐπιστρέφειν
3412 4431 3592 4491 αὐτοὺς
3616 4422 3689 4519 ἐπὶ

465 4533 664 4588 stultos
713 4532 923 4598 mundi,
979 4533 1244 4603 ignobiles
1301 4539 1869 4608 contempti‘hilesque,
1909 4555 2042 4595 con-

463 4625 690 4683 veniens
717 4623 881 4682 fuerit
925 4627 1082 4681 obvia
1107 4627 1222 4680 haec
1249 4629 1801 4698 poenasintelligeudi
1861 4631 2038 4699 ratio;

464 4719 655 4780 utpote
688 4715 780 4783 qui
806 4731 913 4771 non
938 4716 1096 4770 aliter
1127 4730 1289 4786 quam
1323 4726 1532 4772 terrore
1561 4727 1615 4773 et
1648 4719 2042 4789 suppliciorum

467 4803 800 4874 cogitatione
830 4806 1074 4862 converti
1125 4816 1180 4862 et
1221 4823 1252 4861 a
1287 4808 1436 4864 vitiis
1487 4810 1736 4865 revocari
1792 4820 2042 4880 possunt.

468 4891 583 4949 Hoc
613 4893 778 4966 igitur
805 4896 1086 4968 Scriptura
1130 4899 1426 4969 significat,
1465 4902 1560 4970 qui
1605 4901 1911 4956 doctrinam
1970 4903 2046 4957 iu-

469 4994 804 5057 corruptam,
827 4987 1066 5059 integros
1097 5005 1300 5056 mores,
1340 5001 1576 5047 mentem
1600 4993 1821 5048 omnino
1851 5008 2042 5064 puram

536 5121 602 5183 'l
639 5125 769 5184 Cor.
807 5144 889 5195 ιιι,
917 5128 1005 5184 12.
1114 5129 1135 5162 ⁸
1163 5128 1287 5186 Mal.
1315 5146 1398 5194 ιιι,
1422 5131 1478 5186 2.

472 5195 516 5230 η
563 5197 581 5250 1
627 5197 758 5255 Cor.
794 5215 834 5266 ι,
865 5200 958 5262 27,
985 5198 1080 5254 28.

541 5285 992 5359 (5i)_430yérwr
1027 5287 1096 5341 δὲ
1120 5289 1278 5359 λέγω

471 5427 797 5501 Speneerus,
827 5429 1088 5501 δεομένην
1118 5427 1175 5482 δὲ
1207 5428 1370 5501 λόγῳ.

541 5497 656 5564 (52)
689 5497 848 5555 Libb.
877 5497 1012 5554 editi
1042 5497 1111 5555 ad
1135 5497 1481 5564 οταηὶίοῦτω
1509 5501 1587 5556 δέ.

546 5567 662 5646 (55)
689 5566 763 5646 ita
798 5570 956 5646 codd.
990 5569 1193 5646 Regius
1225 5580 1279 5626 et
1319 5571 1668 5646 Basileensis,
1715 5584 1766 5629 at
1815 5573 2054 5646 Spence-

475 5653 590 5719 riis,
695 5637 854 5719 λόγος
890 5637 1222 5719 ἁρμόζοντα,
1254 5658 1360 5719 no_n
1425 5644 1597 5719 uitale;
1655 5637 1891 5714 pessime
1924 5660 2052 5702 vero

474 5705 816 5783 lle-fcitclitts
843 5711 892 5762 in
925 5705 1104 5783 testu,
1135 5711 1270 5774 ὅλως
1305 5705 1634 5783 ἁρμόζοντα,

547 5775 659 5845 (5.4)
690 5775 844 5831 Libb.
880 5778 1007 5833 editi
1041 5775 1108 5836 ad
1135 5797 1309 5850 oram,
1339 5775 1671 5856 συγχύσεως.

1191 5130 1495 5232 istius.
1603 5130 2400 5232 :.:naw..m29-.
2460 5130 2534 5232 .1:
2562 5130 2728 5232 liti-4

1276 5201 1409 5256 Ibid.
1435 5203 1525 5258 21.
1603 5201 1648 5234 ¹δ
1675 5203 1831 5258 Joan.
1861 5221 1914 5268 ν,
1943 5205 2034 5263 59.
2114 5208 2158 5239 ’⁵
2186 5201 2351 5272 I‘Cor.
2385 5217 2425 5266 ι,
2460 5199 2550 5262 27,
2575 5198 2665 5253 98.

1286 5328 1299 5342 .
1326 5288 1405 5344 Ita
1448 5291 1646 5345 habent
1669 5291 1825 5346 codd.
1856 5292 2056 5360 Regius

471 5364 527 5435 et
561 5356 908 5435 Basileensjs.
948 5356 1289 5435 limschelius
1315 5369 1524 5426 autem,
1541 5361 1782 5434 δεομένῳ
1805 5363 1863 5416 δὲ
1888 5356 2051 5435 λόγῳ.

2146 4536 2209 4588 τὸ
2243 4535 2467 4606 βέλτιοψ
2499 4534 2671 4596 οὕτως
2699 4527 2778 4595 οἷς
2811 4531 3097 4602 ὠνόμασεν
3131 4532 3158 4583 6
3200 4530 3358 4598 λόγος
3403 4521 3589 4596 μωροῖς
3613 4529 3688 4566 του

2150 4629 2357 4699 κόσμου
2401 4627 2493 4680 καὶ
2530 4626 2781 4694 ἀγεννέσι
2811 4625 2903 4677 καὶ
2933 4623 3398 4693 ἐξουδενωμένοις,
3431 4619 3463 4688 ή
3502 4610 3686 4708 πρόίεμ

2154 4737 2246 4793 ρος
2275 4718 2506 4790 ἁρμόζει
2541 4718 2670 4788 περὶ
2694 4715 2802 4769 τῶν
2827 4715 3102 4769 κολάσεων
3127 4714 3341 4784 ἐκδοχὴ,
3368 4711 3427 4763 οὑ
3460 4709 3688 4777 χωρουσιν

2152 4813 2320 4883 ἄλλην
2339 4812 2374 4884 ἣ
2404 4811 2501 4882 τὴν
2533 4809 2622 4864 διὰ
2643 4809 2807 4879 φόϐου
2844 4809 2936 4861 καὶ
2965 4807 3266 4877 φαντασίας
3302 4804 3408 4858 τῶν
3449 4793 3685 4884 κολάσεῖν

2151 4872 2504 4975 ἐπιστρύφὴζθ,
2544 4872 2782 4956 καὶ-τῶν
2809 4872 3016 4952 πολλῶν
3058 4899 3243 4952 κακῶν
3275 4893 3496 4963 ἀποχήν·
3537 4883 3593 4976 ,Ὁ
3621 4872 3686 4976 ξό-

2150 5015 2247 5068 γος
2275 4973 2368 5052 ούν
2409 4973 2602 5068 μόνους
2647 4995 2745 5066 μὲν
2791 4992 3086 5062 ἀγεύστους
3130 4990 3223 5044 τοῦ
3265 4985 3427 5057 πυρὸς
3471 4973 3555 5032 καὶ
3594 4973 3683 5020 τῶν

2490 5129 2534 5161 ¹⁰
2562 5127 2887 5193 1ςτιί.,τι.νιι,
2913 5125 3000 5192 14,
3035 5125 3123 5179 15.
3251 5122 3290 5154 ⁸⁸
3316 5118 3415 5173 lsa.
3446 5118 3610 5166 nvm,
3637 5096 3679 5148 9-

2228 5290 2341 5365 (55)
2384 5259 2558 5344 Codd.
2617 5287 2854 5355 Regius,
2910 5286 3234 5342 Basileensis
3277 5291 3332 5339 et
3367 5278 3469 5332 duo
3521 5259 3678 5330 Angli-

2228 5363 2275 5386 ,ε
2351 5358 2651 5386 ..ι..ιε..-ο-.
2729 5357 2751 5386 ι
2778 5358 2865 5386 :m.
2945 5359 3190 5386 :.............:
3225 5358 3275 5386 ς..
3309 5357 3445 5386 imm
3489 5333 3675 5386 habent.

2153 5341 2888 5426 ειιῆἶξάίνίξίασθαι.νιῑῦθ.
2945 5341 3191 5428 imprCSSi
3225 5358 3276 5412 in
3309 5357 3447 5407 textu
3489 5341 3675 5395 habent.

2152 5432 2573 5516 ἐνῆείέεετεὲειεο.
2857 5500 2912 5516 ί.
3053 5515 3080 5516 κέ
3417 5468 3689 5516 nan...»

2224 5475 2526 5574 ξέἰῖῑίἶῦὖ.
2559 5499 2813 5569 impressi
2848 5500 2913 5555 ad
2937 5515 3110 5563 oram,
3139 5496 3295 5553 τοιαῦ
3311 5507 3394 5544 τα.
3417 5475 3680 5596 Panthl

2224 5574 2492 5596 ..-Αιαιιεηι-
2523 5572 2575 5596 2...
2606 5580 2756 5596 Its-Ian
2834 5569 3238 5596 ιε-..β-...ο...-....
3310 5571 3358 5596 nl
3395 5565 3522 5596 mnx.
3591 5569 3603 5590 ι’

2156 5565 2496 5627 Ηώεοὶιειίιιε
2523 5572 2576 5640 in
2606 5565 2776 5631 téxtu,
2832 5569 3262 5640 ἐξουδενὼμενα,
3307 5571 3361 5617 ει
3393 5565 3673 5640 matrix:

2149 5615 3290 5723 έῑῖτξήξῖίέῖυξξαξῖ·ςξιαῇῖῇςέξέῑιιῑι
3317 5615 3648 5686 -ηιοηυςςηριο

2151 5729 2291 5769 rum.
2327 5705 2466 5778 Quid
2501 5705 2545 5765 si
2566 5705 2794 5778 legatur,
2812 5705 2894 5774 οἷς
2913 5711 3001 5764 διὰ
3023 5705 3122 5781 τῆς
3152 5705 3367 5781 μιιιρίας.
3491 5752 3502 5764 ,

2229 5781 2337 5854 (57)
2368 5781 2526 5838 Libb.
2563 5783 2693 5837 editi
2728 5782 2782 5836 in
2817 5779 3087 5850 margine,
3108 5779 3464 5851 ἁμαρτήμασι.
