3986 6164
350 313 382 367 1
395 313 502 367 205

1530 308 1811 366 CONTRA
1844 305 2121 365 CELSUM
2153 305 2286 360 LIB.
2327 303 2390 358 V.

3472 308 3610 366 1206

352 419 634 478 κολάσεων
681 437 813 492 φησι
854 421 1151 492 διαμενεῖν,
1180 423 1306 488 τοὺς
1345 423 1416 476 τὰ
1451 424 1696 494 δόγματα
1737 424 1832 477 καὶ
1875 421 1944 476 τὰ

2054 419 2506 486 conservaverint,
2558 433 2652 474 eos
2701 419 2768 472 ab
2819 421 2942 490 igne
2993 421 3283 492 poenisque
3346 423 3614 482 immunes

348 513 466 584 ἤθη
499 512 593 564 καὶ
634 510 696 564 τὸ
730 511 1053 582 ἡγεμονικὸν
1094 513 1280 582 ἄκρως
1321 513 1782 584 κεκαθαρμένους’
1817 513 1944 576 τοὺς

347 603 414 656 δὲ
458 601 534 673 μὴ
560 600 836 664 τοιούτους
880 601 1021 655 κατά
1046 601 1144 674 τὴν
1176 601 1333 668 ἀξίαν
1370 601 1672 674 χρῄζοντας
1712 601 1813 672 τῆς
1856 600 1944 656 διὰ

347 695 532 766 πυρὸς
564 693 838 758 κολάσεως
878 695 1190 765 οἰκονομίας
1234 694 1294 749 ὲν
1331 694 1544 757 τούτοις
1590 694 1683 747 ἐπί
1714 711 1820 747 τινι
1863 695 1944 747 τέ-

345 788 439 841 λει
481 787 595 861 (58)
643 788 810 858 φησιν
847 787 1052 853 ἔσεθαι,
1095 788 1124 842 ὃ
1164 786 1244 860 τῷ
1282 787 1400 860 Θεῷ
1433 787 1662 859 ἁρμόζει
1714 787 1944 854 ἐπάγειν

345 883 472 944 τοῖς
503 881 624 936 κατῖ
655 880 840 934 εἰκόνα
876 879 1040 934 αὐτοῦ
1087 879 1497 950 πεποιημένοις,
1541 879 1635 932 καὶ
1690 876 1843 949 παρά
1881 875 1943 929 τὸ

356 972 612 1044 βούλημα
656 971 758 1043 τῆς
800 971 919 1026 κατ’
973 971 1160 1026 εἰκόνα
1210 972 1426 1041 φύσεως
1478 969 1785 1042 βεϐιωκόσι.
1833 968 1945 1022 Καὶ

351 1065 537 1121 ταῦτα
579 1065 635 1119 δὲ
687 1065 824 1138 πρὸς
862 1065 950 1132 τὸ,
987 1084 1006 1116 ι
1057 1066 1131 1119 Ἰῖὸ
1179 1064 1279 1136 μὲν
1315 1062 1444 1118 ἄλλο
1491 1063 1601 1117 πᾶν
1636 1059 1941 1132 ὲξοπτηθή-

353 1155 550 1208 σεσθαι
582 1155 757 1224 γένος,
781 1155 977 1221 αὐτοὺς
999 1155 1057 1210 δὲ
1086 1153 1280 1225 μόνους
1309 1153 1599 1223 διαμενεῖν.
1636 1169 1656 1203 ι

429 1243 564 1300 Εἶτα
608 1246 821 1311 τούτοις
858 1246 1006 1316 ἑξῆς,
1059 1244 1414 1318 παρακούσας
1451 1245 1573 1316 ἦτοι
1617 1242 1728 1298 τῶν
1781 1241 1945 1316 ίερῶν

350 1335 704 1410 γραμμάτων
745 1337 781 1407 ἡ
825 1335 936 1392 τῶν
971 1336 1046 1408 μὴ
1084 1336 1418 1407 νενοηκότων
1470 1334 1542 1390 τὰ
1592 1333 1718 1406 ίερά
1758 1335 1943 1406 γράμ-

357 1445 530 1499 ματα,
580 1427 768 1498 φησὶν,
822 1446 842 1480 ι
893 1427 982 1498 ὑφ’
1025 1427 1184 1501 ἡμῶν
1215 1426 1469 1498 λέγεσθαι
1518 1426 1712 1498 μόνους
1747 1425 1942 1497 διαμε-

354 1537 472 1572 νεςν
501 1519 643 1573 κατὰ
664 1519 756 1573 τὸν
782 1520 974 1591 καιρὸν
1009 1518 1104 1574 τοῦ
1142 1517 1587 1590 ἐπαχθησομένου
1633 1515 1713 1588 τῷ
1754 1516 1945 1588 κόσμῳ

353 1609 449 1663 διὰ
488 1605 659 1681 πυρὸς
695 1609 1024 1682 καθαρσίου,
1073 1609 1133 1663 οὐ
1184 1611 1343 1680 μόνον
1372 1610 1500 1673 τοὺς
1548 1606 1756 1673 ζῶντας
1785 1606 1942 1672 τότε,

355 1700 497 1755 ἀλλά
528 1700 622 1756 καὶ
664 1701 793 1767 τοὺς
829 1701 996 1756 πάλαι
1034 1700 1166 1754 ποτὲ
1203 1699 1592 1764 ἀποθανόντας.
1636 1717 1656 1751 ι
1689 1698 1788 1768 οὐχ
1813 1697 1944 1751 ὑπο-

356 1752 1413 1864 magestlss‘."asseasse
1456 1752 1651 1861 ea...
1689 1752 1939 1859 λεῐέχοαι
1976 1752 2019 1810 Β

356 1883 515 1956 παρὰ
567 1884 646 1954 τῷ
703 1884 1007 1954 Ἀποστόλῳ
1044 1882 1142 1937 τοῦ
1201 1881 1376 1955 Ἰησοῦ
1415 1882 1498 1948 τό,
1549 1901 1568 1934 ι
1619 1881 1695 1936 Ού
1741 1879 1942 1944 πάντες

358 1974 833 2046 κοιμηθησόμεθα,
869 1975 1072 2038 πάντες
1101 1974 1158 2028 δὲ
1191 1974 1608 2047 ἀλλαγησόμεθα
1639 1973 1699 2027 ὲν
1730 1973 1939 2046 ἀτόμῳ,

355 2066 420 2120 ὲν
454 2069 588 2138 ῥιπῇ
627 2066 928 2138 ὀφθαλμοῦ,
963 2068 1022 2122 ἐν
1057 2069 1124 2140 τῇ
1150 2065 1352 2139 ἐσχάτῃ
1401 2065 1663 2136 σάλπιγγι
1691 2064 1941 2120 σαλπίσει

355 2155 489 2228 γὰρ,
522 2156 618 2209 καὶ
639 2157 688 2210 οῖ
721 2157 906 2229 νεκροὶ
929 2155 1313 2229 ἐγερθήσονται
1343 2155 1631 2226 ἄφθαρτοι,
1660 2152 1756 2208 καὶ
1780 2155 1944 2227 ἡμεῖς

355 2247 795 2320 ἀλλαγησόμεθα.
851 2267 871 2300 ι
939 2247 1154 2319 Ἐχρῆν
1185 2247 1232 2303 δ’
1292 2248 1457 2302 αὑτὸν
1507 2246 1837 2317 ἐπιστῆσαι,
1889 2245 1945 2299 τί

356 2339 558 2410 νοήσας
593 2339 622 2391 ό
643 2337 816 2407 λέγων
844 2337 1148 2404 ταῦτα,νὼς
1181 2337 1432 2410 οὐδαμῶς
1462 2339 1654 2410 νεκρὸς
1693 2336 1770 2392 ὢν
1807 2336 1942 2408 (60),

358 2431 603 2503 χωρίσας
626 2432 815 2487 ἑαυτὸν
847 2432 942 2488 ἀπ’
977 2432 1222 2495 ἐκείνων,
1250 2431 1496 2496 καὶτοὺς
1529 2429 1945 2502 παραπλησίους

359 2522 560 2593 ἐαυτῷ,
586 2523 738 2592 ἔλεγε
770 2523 911 2594 μετά
939 2523 1030 2591 τὸ,
1059 2541 1079 2575 ι
1119 2524 1229 2576 Καὶ
1257 2523 1308 2576 οἱ
1339 2521 1524 2593 νεκροὶ
1555 2521 1945 2594 ἐγερθήσονται

361 2614 650 2686 ἄφθαρτοι,
703 2614 798 2668 καὶ
855 2615 1018 2686 ἡμεῖς
1064 2613 1500 2686 ἀλλαγησόμεθα.
1556 2633 1575 2666 ι
1619 2614 1714 2677 Είς
1755 2613 1813 2667 δὲ
1857 2613 1945 2683 βε-

364 2702 593 2758 ϐαίωσιν
613 2703 709 2758 τοῦ
740 2703 964 2758 τοιαῦτά
994 2721 1118 2758 τινα
1163 2703 1452 2774 νενοηκότα
1486 2704 1580 2757 τὸν
1619 2701 1945 2756 Ἀπόστολον

363 2793 769 2866 γεγραφέναιᾶ
822 2795 1139 2867 παρεθέμην
1185 2795 1250 2849 ὲκ
1301 2795 1404 2866 τῆς
1443 2795 1578 2866 πρὸς
1625 2793 1947 2867 Κορινθίους

363 2884 658 2956 προτέρας,
694 2886 1088 2958 παραθήσομαι
1121 2884 1218 2940 καὶ
1246 2885 1317 2939 τά
1343 2885 1409 2939 ὲκ
1433 2885 1535 2955 τῆς
1565 2885 1701 2956 πρὸς
1738 2884 1946 2938 Θεσσα-

361 2976 592 3042 λονικεῖς
632 2977 924 3051 προτέρας,
963 2977 1021 3031 ὲν
1149 2993 1314 3049 φησιν
1348 2977 1377 3028 ό
1416 2975 1646 3042 Παῦλος,
1695 2977 1773 3040 ὡς
1812 2976 1942 3041 ζῶν,

364 3071 458 3122 καὶ
512 3069 851 3140 ἐγρηγορὼς,
899 3071 994 3122 καὶ
1037 3067 1225 3140 ἕτερος
1269 3067 1344 3122 ὢν
1391 3069 1501 3122 τῶν
1549 3068 1942 3140 κοιμηθέντων,
1976 3106 2019 3168 C

363 3159 606 3214 τοιαῦταο
645 3177 664 3211 ι
692 3158 864 3213 Τοῦτο
903 3158 1012 3231 γὰρ
1039 3159 1169 3230 ὑμῖν
1204 3158 1436 3228 λέγομεν
1467 3158 1525 3210 ὲν
1555 3158 1697 3228 λόγῳ
1717 3159 1944 3229 Κυρίου,

367 3249 448 3304 ὅτι
474 3253 658 3321 ἡμεῖς,
688 3251 738 3304 οἱ
769 3251 992 3316 ζῶντες,
1031 3252 1082 3305 oi
1119 3251 1563 3324 περιλειπόμενοι
1593 3253 1672 3315 είς
1703 3251 1802 3322 τὴν
1840 3269 1947 3304 πα-

372 3343 591 3412 ρουσίαν
641 3341 738 3397 τοῦ
789 3343 1019 3414 Κυρίου,
1051 3343 1113 3396 οὐ
1149 3343 1224 3414 μὴ
1270 3342 1564 3413 φθάσωμεν
1596 3343 1724 3405 τοὺς
1755 3360 1950 3413 κοιμη-

371 3435 581 3500 θέντας·
607 3435 690 3489 ὄτι
719 3435 880 3498 αὐτὸς
910 3436 938 3489 ό
969 3434 1174 3506 Κύριος
1207 3435 1264 3488 ἐν
1307 3434 1657 3506 κελεύσματι,
1698 3436 1757 3487 ὲν
1795 3439 1946 3508 φωνῇ

367 3526 732 3598 ἀρχαγγέλου,
763 3511 871 3581 καῖ’
894 3527 951 3580 ὲν
979 3525 1241 3594 σάλπιγγι
1279 3525 1414 3580 Θεοῦ
1447 3527 1817 3598 καταϐήσεται
1850 3529 1946 3583 ἀπ’

367 3617 616 3690 οὐρανοῦ.
659 3637 678 3670 ι
711 3613 843 3672 Εἶτα
874 3618 1037 3672 πάλιν
1070 3617 1200 3688 ἑξῆς
1248 3617 1477 3684 τούτοις,
1497 3618 1688 3682 ἄλλους
1717 3621 1946 3675 ἐπιστά-

371 3726 530 3781 μενος
555 3711 682 3774 τοὺς
710 3711 769 3764 ὲν
793 3710 1015 3781 Χριστῷ
1044 3710 1270 3782 νεκροὺς
1300 3709 1432 3781 παρ’
1472 3711 1663 3765 ἑαυτὸν
1694 3711 1788 3767 καὶ
1821 3715 1947 3777 τοὺς

369 3799 782 3873 παραπλησίους
809 3801 977 3872 αὐτῷ,
1011 3801 1262 3872 ἐπιφέρει
1291 3800 1484 3870 λέγων·
1521 3820 1540 3853 ι
1580 3803 1645 3856 Ol
1677 3803 1861 3874 νεκροὶ
1889 3805 1946 3858 ἐν

349 3889 590 3963 ’Χριστῷ
625 3891 1020 3962 ἀναστήσονται
1044 3891 1282 3960 πρῶτονο
1317 3890 1507 3945 ἔπειτα
1549 3893 1708 3963 ἡμεῖς
1735 3896 1784 3948 οἱ
1809 3895 1948 3960 ζῶν-

2044 510 2193 580 fore;
2223 515 2414 570 horum
2441 527 2575 570 vero
2598 513 2912 581 dissimiles,
2940 525 2996 572 et
3033 515 3086 570 in
3114 529 3246 583 quos
3279 516 3417 588 ignis
3450 521 3615 573 casti-

2043 605 2260 675 gatione
2283 619 2380 676 pro
2410 605 2621 663 meritis
2654 606 3021 676 dispensanda
3078 609 3431 666 animadverti
3481 627 3616 682 opus

2045 700 2173 767 erit,
2208 713 2304 756 eos
2355 701 2533 770 poenis
2595 710 2746 755 certo
2797 702 3031 770 quodam
3083 703 3317 760 consilio
3360 703 3614 761 all‘ectum

2043 799 2112 858 iri
2144 814 2278 871 quas
2303 800 2472 856 Deum
2495 801 2654 857 decet
2680 801 2746 857 iis
2775 801 3042 873 inﬂigere,
3070 802 3161 872 qui
3185 803 3250 857 ad
3280 801 3450 873 ipsius
3479 804 3617 859 ima-

2035 899 2212 954 ginem
2241 887 2366 940 facti
2395 895 2558 941 vitam
2599 889 2951 946 traduxerunt
2972 899 3180 948 naturae
3209 893 3278 948 ad
3308 893 3595 966 imaginem

2031 981 2225 1026 creatae
2252 972 2473 1029 minimc
2499 985 2937 1034 consentaneam.
2969 980 3144 1051 Atque
3183 981 3300 1038 haec
3338 985 3595 1042 adversus

2032 1061 2162 1117 illud
2208 1061 2392 1119 Celsi:
2430 1083 2449 1117 ι
2481 1063 2686 1120 Caetera
2732 1066 2950 1136 quidem
2990 1078 3187 1127 tostum
3223 1071 3316 1139 iri,
3363 1088 3422 1129 se
3463 1091 3594 1131 vero

2034 1153 2177 1208 solos
2213 1170 2469 1211 evasuros
2501 1157 2818 1214 incolumes.
2852 1178 2871 1211 ι
3183 1157 3186 1161 ’

2116 1245 2207 1299 17.
2236 1245 2389 1312 Quod
2420 1258 2605 1316 postea
2641 1247 2796 1300 nobis
2848 1247 2989 1302 hanc
3043 1251 3362 1305 sententiam
3407 1253 3616 1319 tribuit,

2046 1349 2156 1406 quo
2190 1344 2430 1405 tempore
2458 1336 2688 1391 mundus
2742 1337 2864 1406 igne
2909 1340 3251 1410 purgabitur,
3287 1360 3304 1394 ι
3341 1358 3438 1398 nos
3470 1345 3618 1398 solos

2047 1425 2350 1482 incolumes
2377 1441 2790 1496 permansuros,
2819 1445 2918 1484 nec
2951 1432 3125 1484 solum
3157 1447 3251 1489 eos
3280 1435 3370 1504 qui
3406 1436 3459 1489 in
3483 1437 3619 1490 vivis

2046 1525 2224 1581 erunt,
2253 1516 2349 1572 sed
2377 1518 2544 1572 etiam
2574 1517 3009 1588 quijampridem
3039 1518 3278 1578 defuncti
3316 1523 3552 1589 fuerint;
3591 1543 3613 1578 ι

2043 1617 2263 1682 oportet
2290 1621 2384 1666 aut
2405 1610 2545 1666 male
2567 1626 2754 1668 sacras
2783 1612 2995 1668 litteras
3044 1614 3396 1681 intellexerit,
3424 1628 3518 1672 aut
3541 1619 3618 1671 is-

2046 1700 2140 1755 tud
2164 1714 2194 1754 a
2222 1713 2332 1754 non
2365 1699 2798 1770 intclligentibus
2849 1701 3108 1757 audierit.
3141 1701 3261 1757 Non
3321 1705 3466 1759 enim
3505 1705 3620 1758 ani-

2047 1791 2346 1848 madvertit
2389 1805 2591 1847 arcana
2631 1793 2866 1863 quadam
2937 1795 3207 1863 sapientia
3279 1794 3480 1850 dictum
3553 1796 3620 1849 ab

2045 1884 2295 1955 apostolo
2339 1881 2469 1939 Jesu
2522 1880 2695 1939 fuisse
2734 1898 2749 1935 :
2798 1900 2818 1936 ι
2857 1881 2974 1939 Non
3027 1899 3219 1941 omnes
3268 1884 3621 1962 dormiem‘us,

2046 1990 2240 2034 omnes
2270 1986 2450 2034 autem
2488 1976 2922 2044 itnmutabimur,
2975 1977 3029 2034 in
3069 1986 3364 2046 momento,
3398 1979 3453 2033 in
3510 1978 3621 2033 ictu

2046 2069 2217 2137 oculi,
2245 2070 2301 2126 in
2323 2070 2622 2126 novissima
2655 2069 2820 2137 tuba;
2852 2079 3012 2125 canet
3054 2071 3199 2127 enim
3247 2071 3373 2126 tuba
3399 2078 3453 2125 et
3481 2085 3624 2126 mor-

2048 2163 2128 2216 tui
2165 2171 2458 2231 resurgent
2487 2160 2810 2231 incorrupti,
2843 2169 2898 2216 et
2925 2175 3024 2217 nos
3069 2162 3480 2217 immutabimur
3504 2162 3568 2218 '°.
3596 2179 3617 2214 ι

2050 2252 2207 2308 Scire
2231 2262 2411 2309 tamen
2445 2251 2597 2307 illum
2652 2251 2895 2322 Oportuit
2945 2252 3074 2322 quid
3131 2252 3184 2306 in
3240 2252 3425 2308 animo
3458 2252 3626 2309 babe-

2049 2343 2203 2400 retis
2229 2343 2320 2413 qui
2347 2343 2428 2398 sic
2454 2343 2695 2414 loquitur
2744 2339 2804 2397 iit
2831 2342 2946 2413 ipse
2974 2357 3080 2398 non
3115 2353 3394 2408 mortuus;
3437 2345 3530 2414 qui
3564 2359 3626 2400 se

2049 2433 2244 2505 suique
2269 2433 2474 2492 similes
2495 2449 2526 2490 a
2557 2434 2786 2491 mortuis
2817 2445 3094 2504 segregat;
3138 2435 3255 2505 qui,
3285 2433 3450 2505 59o
3469 2444 3624 2506 post-

2048 2539 2212 2596 quam
2258 2525 2420 2590 dixit,
2466 2543 2486 2576 ‹
2535 2533 2594 2581 et
2635 2525 2831 2581 mortui
2895 2533 3183 2596 resurgent
3228 2523 3559 2596 incorrupti,
3600 2545 3620 2580 ι

2049 2615 2220 2681 addit,
2256 2632 2276 2667 ι
2317 2624 2372 2671 et
2396 2630 2495 2672 nos
2539 2615 2969 2671 immutabimur.
3009 2635 3028 2671 ι
3059 2614 3241 2686 Atque
3281 2617 3428 2674 hunc
3469 2616 3627 2672 intel—

2052 2704 2249 2761 lectum
2283 2708 2468 2762 eorum
2506 2721 2652 2774 esse,
2695 2722 2816 2779 quae
2863 2722 2928 2765 ex
2985 2707 3170 2780 priore
3191 2708 3258 2764 ad
3309 2707 3626 2766 Corinthios

2051 2796 2290 2868 Epistola
2315 2797 2661 2867 protulimus,
2684 2797 3015 2853 continuant
3060 2811 3126 2854 ea
3173 2813 3297 2868 quae
3342 2800 3397 2854 in
3443 2799 3627 2870 priore

2050 2889 2120 2943 ad
2146 2888 2662 2946 Thessalonicenses
2695 2888 2986 2946 habentur.
3029 2889 3084 2945 in
3112 2890 3216 2946 hac
3255 2891 3398 2947 enim
3427 2890 3626 2946 Paulus

2051 2987 2112 3034 ut
2137 2979 2295 3035 vivus
2327 2989 2384 3036 et
2405 2979 2638 3049 vigilans
2678 2989 2733 3037 et
2765 2984 2988 3037 omnino
3035 2998 3066 3036 a
3101 2985 3330 3040 mortuis
3376 2984 3626 3039 diversus

2049 3071 2164 3124 ait:
2192 3086 2211 3121 ι
2240 3067 2353 3125 lloc
2376 3069 2519 3125 enim
2536 3067 2691 3125 vobis
2713 3069 2945 3126 dicimus
2971 3071 3023 3126 in
3043 3071 3210 3128 verbo
3239 3070 3476 3138 Domini,
3498 3073 3624 3142 quia

2052 3176 2154 3218 nos
2186 3164 2278 3231 qui
2309 3161 2564 3228 vivimus,
2613 3163 2706 3232 qui
2766 3161 2968 3218 residui
3003 3177 3193 3218 sumus
3231 3163 3285 3220 in
3331 3166 3623 3220 adventum

2051 3252 2290 3322 Domini,
2336 3269 2442 3310 non
2494 3255 2890 3324 praevenicmus
2953 3268 3051 3312 eos
3109 3256 3201 3327 qui
3260 3256 3620 3313 dormierunt.

2050 3346 2318 3414 Quoniam
2347 3345 2464 3416 ipse
2505 3345 2768 3401 Dominus
2812 3347 2866 3402 in
2899 3345 3076 3419 jussu,
3123 3347 3176 3402 in
3209 3362 3340 3404 voce
3387 3348 3626 3405 archan—

2051 3439 2178 3512 geli,
2209 3447 2268 3495 ct
2296 3439 2349 3494 in
2379 3441 2513 3494 tuba
2537 3438 2631 3495 Dei
2657 3438 2958 3495 descendet
2988 3441 3055 3495 de
3084 3441 3226 3496 ccelo
3259 3443 3324 3498 ιτ.
3368 3460 3387 3494 ι
3421 3443 3626 3499 Deinde

2053 3545 2178 3586 cum
2205 3529 2391 3594 sciret,
2413 3537 2613 3600 praeter
2634 3541 2694 3586 se
2719 3529 2915 3598 suique
2932 3529 3159 3596 similes,
3189 3530 3325 3586 alios
3346 3530 3463 3588 fore
3479 3546 3628 3589 mor-

2057 3627 2178 3674 tuos
2227 3617 2280 3672 in
2333 3616 2595 3685 Christo,
2674 3615 3004 3688 subjuugit:
3071 3636 3092 3668 ι
3162 3617 3356 3674 Mortui
3424 3621 3517 3691 qui
3571 3621 3627 3676 in

2054 3710 2273 3766 Christo
2293 3716 2444 3773 sunt,
2479 3714 2765 3777 resurgent
2797 3707 2997 3777 primi;
3027 3707 3226 3765 deinde
3259 3723 3360 3765 nos
3399 3711 3492 3780 qui
3544 3712 3626 3766 vi-

2054 3803 2258 3868 vimus,
2302 3802 2396 3872 qui
2430 3799 2813 3870 relinquimur,
2853 3799 3018 3856 simul
3054 3802 3330 3873 rapiemur
3363 3818 3485 3860 cum
3521 3804 3628 3860 illis

2055 3897 2111 3952 in
2141 3894 2374 3951 nubibus
2405 3891 2621 3949 obviam
2655 3890 2876 3949 Christo
2912 3893 2966 3948 in
2992 3907 3142 3950 aera.
3183 3912 3203 3947 ι

372 3999 480 4047 τες,
542 3982 592 4035 οἱ
659 3981 1120 4054 περιλειπόμενοι,
1181 3984 1298 4053 ἅμα
1361 3983 1459 4038 σὺν
1517 3984 1701 4048 αὐτοῖς
1773 3987 2206 4061 ἁρπαγησόμεθα
2253 3988 2311 4042 έν
2359 3985 2609 4056 νεφέλαις
2663 3986 2745 4049 είς
2800 3985 3102 4056 ἀπάντησιν
3155 3987 3247 4039 τοῦ
3297 3986 3504 4060 Κυρίου
3547 3989 3626 4052 είς

371 4077 526 4148 ἀέρα.
566 4095 585 4128 ι

452 4170 606 4223 Ἐπεὶ
641 4169 686 4223 δ’
719 4170 814 4223 ἐπὶ
855 4167 1018 4224 πλέον
1065 4169 1434 4241 κεκωμῴδηκε
1475 4171 1573 4242 τὴν
1608 4176 1952 4245 κεκηρυγμέ-

375 4279 469 4333 νην
500 4261 598 4331 μὲν
629 4260 728 4331 τῆς
756 4261 958 4332 σαρκὸς
1001 4263 1296 4316 ἀνάστασιν
1328 4263 1385 4315 ἐν
1420 4263 1538 4326 ταῖς
1583 4262 1950 4333 Ἐκκλησίαις,

376 4351 478 4405 ὑπὸ
509 4351 566 4405 δὲ
589 4351 699 4406 τῶν
721 4353 1098 4423 συνετωτέρων
1126 4354 1449 4424 τρανότερον
1481 4352 1831 4425 νενοημένην,
1856 4355 1952 4409 καὶ

377 4446 434 4496 οὐ
457 4442 562 4514 χρὴ
591 4438 747 4508 αὖθις
775 4443 1082 4498 ἐκτίθεσθαι
1105 4446 1205 4515 τὴν
1226 4444 1370 4508 λέξιν
1401 4444 1568 4498 αὐτοῦ
1601 4444 1750 4511 ἅπαξ
1774 4465 1953 4519 προει-

2133 4175 2224 4231 18.
2252 4171 2386 4228 Cum
2430 4177 2615 4225 autem
2637 4168 2797 4240 plura
2831 4167 3034 4224 fuerint
3058 4169 3126 4223 ab
3157 4181 3223 4224 eo
3247 4166 3390 4223 dicta
3425 4168 3629 4225 scurri-

2060 4267 2183 4321 liter
2204 4265 2464 4320 adversus
2486 4261 2666 4318 carnis
2698 4259 3189 4328 resurrectionem,
3221 4273 3341 4329 quae
3361 4259 3414 4315 in
3435 4258 3626 4317 Eccle-

2055 4357 2155 4412 siis
2187 4354 2507 4425 praedicata,
2547 4350 2857 4407 distinctius
2890 4364 2920 4404 a
2957 4349 3399 4420 prudentioribus
3457 4351 3632 4422 perci-

2056 4449 2232 4519 pitur;
2265 4459 2366 4499 nec
2395 4455 2620 4498 necesse
2649 4441 2721 4496 sit
2745 4441 2976 4497 adducta
3013 4439 3270 4509 superius
3309 4441 3427 4511 ejus
3464 4443 3628 4496 verba

379 4535 635 4607 ρημένηψ
676 4535 829 4608 φέρε,
879 4537 974 4589 καὶ
1018 4535 1271 4608 περὶτοῦ
1307 4536 1692 4610 προϐλήματος
1731 4537 1946 4603 τούτου,

2057 4549 2246 4593 rursus
2275 4533 2365 4588 hic
2391 4533 2744 4601 exscribere;
2782 4545 2904 4602 age,
2955 4545 3056 4601 pro
3099 4529 3407 4587 viribuset
3445 4532 3630 4587 habita

373 4627 444 4688 ὡς
473 4628 532 4680 ἐν
559 4628 626 4697 τῇ
657 4626 793 4698 πρὸς
818 4623 1102 4697 ἀλλότριον
1134 4628 1234 4698 τῆς
1259 4627 1496 4691 πίστεως
1526 4628 1796 4700 ἀπολογίᾳ
1825 4645 1957 4701 γρα-

378 4717 600 4788 φομένῃ,
621 4717 712 4770 διὰ
740 4719 867 4782 τοὺς
895 4717 974 4771 ἔτι
1011 4736 1029 4769 ι
1064 4717 1310 4789 νηπίους,
1333 4718 1427 4774 xal.
1444 4719 1952 4791 κλυδωνιζομένους,

328 4805 332 4811 ’
379 4807 466 4859 καὶ
496 4810 957 4882 περιφερομένους
982 4809 1151 4864 παντὶ·
1177 4809 1363 4882 ἀνέμῳ
1394 4810 1766 4876 διδασκαλίας,
1797 4812 1855 4865 ἐν
1886 4815 1953 4884 τῇ

381 4895 570 4968 κυϐείᾳ
594 4898 701 4952 τῶν
723 4901 1049 4973 ἀνθρώπων,
1082 4903 1140 4955 ὲν
1179 4902 1486 4974 πανουργίᾳ
1527 4902 1636 4972 (61)
1679 4902 1820 4975 πρὸς
1858 4903 1959 4974 τὴν

383 4986 624 5057 μεθοδίαν
661 4990 759 5059 τῆς
810 4991 1051 5063 πλάνης,
1115 5010 1137 5045 ι
1186 4991 1343 5062 ὀλίγα
1390 4993 1802 5064 ἐστοχασμένως
1843 4994 1952 5048 τῶν

379 5079 793 5150 ἐντευξομένων,
826 5083 968 5137 κατὰ
990 5084 1052 5138 τὸ
1077 5084 1299 5138 δυνατὸν
1345 5086 1496 5155 ἡμῖν,
1530 5085 1818 5156 ἐκθὼμεθα
1855 5085 1954 5140 καὶ⁸

381 5170 836 5241 παραστήσωμεν.
872 5171 1011 5225 υῦτε
1057 5172 1158 5243 μὲν
1203 5167 1298 5227 οῦν
1339 5175 1535 5244 ἡμεῖς,
1575 5173 1701 5228 οὔτε
1729 5174 1800 5228 τὰ
1830 5174 1952 5229 θεῖα

377 5260 677 5333 γράμματα
732 5280 752 5313 ι
791 5262 978 5326 αὐταῖς
1017 5281 1152 5333 φησι
1189 5264 1369 5335 σαρξὶ,
1411 5281 1431 5317 ι
1465 5264 1737 5336 μηδεμίαν
1785 5282 1952 5336 μετα·-

447 5375 533 5431 ¹⁶Ῑ
563 5375 690 5433 Cor.
723 5391 814 5444 xv,
843 5375 933 5442 51,
957 5376 1048 5433 52.

379 5493 584 5621 nu(‘38)i
597 5493 735 5619 gde
764 5510 883 5550 τινι
913 5493 1092 5550 τέλει.
1120 5491 1259 5551 Vide
1273 5493 1653 5551 adnotationes
1679 5495 1744 5552 ad
1762 5495 1858 5553 lib.
1881 5510 1955 5566 tv,

444 5634 554 5707 (59)
583 5634 743 5707 Libb.
773 5633 926 5701 editi,
970 5633 1112 5706 μετά
1153 5650 1300 5699 τινος
1339 5635 1593 5707 ἀπορίας,
1639 5637 1733 5707 sed
1785 5635 1948 5707 lectio

379 5704 543 5774 quam
569 5704 850 5779 sequimur
874 5704 1240 5779 reperitnr_in_
1264 5708 1422 5779 codd.
1455 5704 1587 5779 Reg.
1622 5719 1674 5763 et
1707 5706 1869 5765 Basil.
1893 5716 1950 5764 et

384 5773 690 5844 agnoscitur
720 5775 785 5831 ab
822 5773 1118 5846 interprete
1147 5773 1389 5832 Gelenio.

1873 5857 1974 5868 αις-,ιο

1153 5377 1197 5410 ’⁷
1228 5376 1461 5433 lThess.
1489 5392 1568 5444 tv,
1596 5378 1681 5444 M,
1713 5377 1802 5443 15,
1829 5377 1917 5449 l6,
1947 5379 2036 5436 l7.

2055 4626 2316 4697 cujusque
2337 4623 2556 4680 lectoris
2592 4623 2832 4688 ratione;
2879 4621 3215 4678 disseramus
3258 4623 3326 4679 de
3378 4623 3480 4679 isto
3513 4637 3633 4692 pro-

2055 4717 2316 4782 blematc,
2337 4722 2603 4785 quantum
2644 4728 2786 4785 opus
2821 4722 2907 4770 est
2939 4715 2994 4771 in
3022 4713 3271 4788 apologia
3309 4725 3498 4772 contra
3533 4716 3632 4772 ho-

2057 4811 2257 4866 minem
2310 4823 2341 4862 a
2394 4806 2500 4863 [ide
2563 4805 2799 4863 alienum
2852 4808 3056 4878 scripta
3103 4818 3330 4880 propter
3385 4824 3482 4867 eos
3533 4813 3630 4881 qui

2057 4900 2236 4957 adhuc
2296 4916 2316 4953 ι
2368 4895 2580 4969 parvuli
2632 4903 2688 4953 et
2741 4896 3112 4966 ﬂuctuantes,
3165 4897 3632 4956 circumferuntur

2057 4993 2208 5048 omni
2234 5000 2394 5047 vento
2419 4988 2683 5046 doctrinae
2715 4987 2770 5044 in
2799 4991 3042 5061 nequitia
3078 4991 3383 5058 hominum,
3411 4993 3464 5048 in
3489 4999 3634 5047 astu-

2063 5082 2133 5136 tia
2171 5083 2240 5137 ad
2287 5083 2808 5139 circumventiouem
2854 5083 3067 5140 erroris
3104 5082 3168 5140 ³⁸.
3218 5101 3238 5136 ι
3279 5083 3421 5153 Ergo
3452 5097 3632 5152 neque

2059 5187 2181 5240 nos,
2230 5188 2408 5244 neque
2447 5175 2644 5232 divina:
2677 5175 2876 5231 litterae
2917 5175 3071 5230 aiunt
3101 5192 3121 5228 ι
3158 5187 3254 5231 eos
3304 5173 3396 5244 qui
3416 5173 3631 5242 jamdu-

2058 5265 2185 5321 dum
2225 5268 2464 5325 obierint
2493 5279 2752 5336 mortem,
2779 5285 2813 5326 e
2841 5277 2987 5326 terra
3009 5281 3259 5338 egressos
3277 5265 3482 5330 eisdem
3506 5281 3630 5323 car-

2131 5379 2177 5413 "
2200 5381 2399 5450 Ephes.
2431 5397 2508 5450 tv,
2543 5383 2632 5439 14.

2137 5499 2249 5572 (60)
2287 5500 2489 5557 Vocula
2536 5499 2633 5570 ὢν,
2663 5515 2799 5572 quae
2823 5505 3005 5556 exstat
3023 5498 3079 5554 in
3107 5497 3267 5555 codd.
3285 5496 3420 5571 Reg.
3444 5508 3501 5556 et
3527 5499 3630 5558 Ba-

2064 5569 2179 5634 sili,
2211 5571 2552 5625 desideratur
2580 5569 2630 5626 in
2659 5569 2822 5638 impr.

2133 5640 2245 5712 (61)
2287 5642 2390 5695 Ἐν
2417 5637 2768 5712 πανουργίᾳ.
2802 5639 2877 5712 ld
2908 5637 3248 5712 desideratur
3280 5638 3334 5712 in
3378 5640 3633 5698 omnibus

2057 5709 2232 5778 mss,
2250 5719 2304 5766 et
2330 5709 2602 5766 unciuulis
2634 5709 2932 5767 includitur
2959 5711 3016 5767 in
3045 5710 3175 5768 libb.
3211 5711 3391 5770 editis.
