  <div class='ocr_page' id='page_1' title='image "/cluster/home/n/w/nwhite01/storage/ocr_20150623/11/mdp.39015013266690/622.png"; bbox 0 0 3990 6158; ppageno 0'>
   <div class='ocr_carea' id='block_1_1' title="bbox 201 226 1810 293">
    <p class='ocr_par' dir='ltr' id='par_1_1' title="bbox 201 232 1810 293">
     <span class='ocr_line' id='line_1_1' title="bbox 201 232 1810 293; baseline 0.002 -6"><span class='ocrx_word' id='word_1_1' title='bbox 201 232 386 288; x_wconf 75' lang='grc'><strong>121⁵1</strong></span> <span class='ocrx_word' id='word_1_2' title='bbox 1484 236 1761 293; x_wconf 77' lang='lat' dir='ltr'><strong>CONTRA</strong></span> <span class='ocrx_word' id='word_1_3' title='bbox 1793 239 1810 290; x_wconf 82' lang='lat' dir='ltr'><strong>l</strong></span> 
     </span>
    </p>
   </div>
   <div class='ocr_carea' id='block_1_2' title="bbox 1917 226 3502 293">
    <p class='ocr_par' dir='ltr' id='par_1_2' title="bbox 1917 226 3502 290">
     <span class='ocr_line' id='line_1_2' title="bbox 1917 226 3502 290; baseline -0.005 0"><span class='ocrx_word' id='word_1_4' title='bbox 1917 233 2069 290; x_wconf 77' lang='lat' dir='ltr'><strong>.SUM</strong></span> <span class='ocrx_word' id='word_1_5' title='bbox 2107 231 2234 284; x_wconf 88' lang='lat' dir='ltr'><strong>LIB.</strong></span> <span class='ocrx_word' id='word_1_6' title='bbox 2269 232 2335 284; x_wconf 90' lang='lat' dir='ltr'><strong>V.</strong></span> <span class='ocrx_word' id='word_1_7' title='bbox 3365 226 3502 283; x_wconf 65' lang='grc'><strong>1213</strong></span> 
     </span>
    </p>
   </div>
   <div class='ocr_carea' id='block_1_3' title="bbox 204 338 1810 421">
    <p class='ocr_par' dir='ltr' id='par_1_3' title="bbox 204 348 1810 421">
     <span class='ocr_line' id='line_1_3' title="bbox 204 348 1810 421; baseline -0.001 -18"><span class='ocrx_word' id='word_1_8' title='bbox 204 349 501 421; x_wconf 81' lang='grc' dir='ltr'>βούλησιν</span> <span class='ocrx_word' id='word_1_9' title='bbox 528 349 691 404; x_wconf 82' lang='grc' dir='ltr'>αὐτοῦ</span> <span class='ocrx_word' id='word_1_10' title='bbox 719 348 976 418; x_wconf 78' lang='grc' dir='ltr'>γινόμενα</span> <span class='ocrx_word' id='word_1_11' title='bbox 1005 350 1317 418; x_wconf 81' lang='grc' dir='ltr'><strong>ἀναγκαίως</strong></span> <span class='ocrx_word' id='word_1_12' title='bbox 1350 351 1559 413; x_wconf 79' lang='grc' dir='ltr'>εὐθέως</span> <span class='ocrx_word' id='word_1_13' title='bbox 1586 348 1725 404; x_wconf 78' lang='grc' dir='ltr'>εἶναι</span> <span class='ocrx_word' id='word_1_14' title='bbox 1757 351 1810 420; x_wconf 64' lang='grc' dir='ltr'>μὶ</span> 
     </span>
    </p>
   </div>
   <div class='ocr_carea' id='block_1_4' title="bbox 1917 338 3502 421">
    <p class='ocr_par' dir='ltr' id='par_1_4' title="bbox 1936 338 3502 406">
     <span class='ocr_line' id='line_1_4' title="bbox 1936 338 3502 406; baseline -0.006 -2"><span class='ocrx_word' id='word_1_15' title='bbox 1936 347 2160 404; x_wconf 89' lang='lat' dir='ltr'><strong>consilio</strong></span> <span class='ocrx_word' id='word_1_16' title='bbox 2183 345 2277 397; x_wconf 89' lang='lat' dir='ltr'><strong>Dei</strong></span> <span class='ocrx_word' id='word_1_17' title='bbox 2310 351 2364 397; x_wconf 90' lang='lat' dir='ltr'><strong>et</strong></span> <span class='ocrx_word' id='word_1_18' title='bbox 2387 340 2665 397; x_wconf 89' lang='lat' dir='ltr'><strong>voluntate</strong></span> <span class='ocrx_word' id='word_1_19' title='bbox 2707 341 2783 406; x_wconf 87' lang='lat' dir='ltr'><strong>lit,</strong></span> <span class='ocrx_word' id='word_1_20' title='bbox 2816 339 2867 392; x_wconf 85' lang='lat' dir='ltr'><strong>id</strong></span> <span class='ocrx_word' id='word_1_21' title='bbox 2895 338 3200 395; x_wconf 88' lang='lat' dir='ltr'><strong>necessario</strong></span> <span class='ocrx_word' id='word_1_22' title='bbox 3234 342 3502 394; x_wconf 76' lang='lat' dir='ltr'><strong>confitcn-</strong></span> 
     </span>
    </p>
   </div>
   <div class='ocr_carea' id='block_1_5' title="bbox 201 433 1810 512">
    <p class='ocr_par' dir='ltr' id='par_1_5' title="bbox 201 438 1810 512">
     <span class='ocr_line' id='line_1_5' title="bbox 201 438 1810 512; baseline 0.001 -20"><span class='ocrx_word' id='word_1_23' title='bbox 201 440 395 512; x_wconf 46' lang='grc' dir='ltr'>τιναρά</span> <span class='ocrx_word' id='word_1_24' title='bbox 421 439 600 510; x_wconf 79' lang='grc' dir='ltr'>φύσιν,</span> <span class='ocrx_word' id='word_1_25' title='bbox 629 440 689 493; x_wconf 86' lang='grc' dir='ltr'><strong>οὐ</strong></span> <span class='ocrx_word' id='word_1_26' title='bbox 725 438 876 509; x_wconf 85' lang='grc' dir='ltr'>παρὰ</span> <span class='ocrx_word' id='word_1_27' title='bbox 908 439 1067 508; x_wconf 82' lang='grc' dir='ltr'>φύσιν</span> <span class='ocrx_word' id='word_1_28' title='bbox 1099 439 1166 494; x_wconf 77' lang='grc' dir='ltr'>τὰ</span> <span class='ocrx_word' id='word_1_29' title='bbox 1213 441 1562 510; x_wconf 85' lang='grc' dir='ltr'>πραττόμενα</span> <span class='ocrx_word' id='word_1_30' title='bbox 1593 441 1696 493; x_wconf 79' lang='grc' dir='ltr'><strong>ὑπὸ</strong></span> <span class='ocrx_word' id='word_1_31' title='bbox 1730 443 1810 494; x_wconf 74' lang='grc' dir='ltr'><strong>τοί</strong></span> 
     </span>
    </p>
   </div>
   <div class='ocr_carea' id='block_1_6' title="bbox 1917 433 3501 512">
    <p class='ocr_par' dir='ltr' id='par_1_6' title="bbox 1934 433 3501 500">
     <span class='ocr_line' id='line_1_6' title="bbox 1934 433 3501 500; baseline -0.006 -5"><span class='ocrx_word' id='word_1_32' title='bbox 1934 443 2059 495; x_wconf 89' lang='lat' dir='ltr'><strong>dum</strong></span> <span class='ocrx_word' id='word_1_33' title='bbox 2085 447 2168 494; x_wconf 89' lang='lat' dir='ltr'><strong>est</strong></span> <span class='ocrx_word' id='word_1_34' title='bbox 2195 452 2299 490; x_wconf 89' lang='lat' dir='ltr'><strong>non</strong></span> <span class='ocrx_word' id='word_1_35' title='bbox 2325 433 2441 487; x_wconf 87' lang='lat' dir='ltr'><strong>lieri</strong></span> <span class='ocrx_word' id='word_1_36' title='bbox 2471 440 2656 487; x_wconf 86' lang='lat' dir='ltr'><strong>contra</strong></span> <span class='ocrx_word' id='word_1_37' title='bbox 2680 442 2808 486; x_wconf 89' lang='lat' dir='ltr'><strong>natu</strong></span> <span class='ocrx_word' id='word_1_38' title='bbox 2821 443 2932 484; x_wconf 88' lang='lat' dir='ltr'><strong>ram</strong></span> <span class='ocrx_word' id='word_1_39' title='bbox 2954 471 2968 496; x_wconf 94' lang='lat'><strong>,</strong></span> <span class='ocrx_word' id='word_1_40' title='bbox 2998 445 3330 500; x_wconf 75' lang='lat' dir='ltr'><strong>quaecunque</strong></span> <span class='ocrx_word' id='word_1_41' title='bbox 3361 433 3501 486; x_wconf 82' lang='lat' dir='ltr'><strong>Deus</strong></span> 
     </span>
    </p>
   </div>
   <div class='ocr_carea' id='block_1_7' title="bbox 202 522 1810 603">
    <p class='ocr_par' dir='ltr' id='par_1_7' title="bbox 202 522 1810 603">
     <span class='ocr_line' id='line_1_7' title="bbox 202 522 1810 603; baseline -0.001 -20"><span class='ocrx_word' id='word_1_42' title='bbox 202 522 400 596; x_wconf 62' lang='grc' dir='ltr'>Θεοῦ,</span> <span class='ocrx_word' id='word_1_43' title='bbox 443 532 546 585; x_wconf 85' lang='grc' dir='ltr'><strong>κᾶν</strong></span> <span class='ocrx_word' id='word_1_44' title='bbox 583 530 864 601; x_wconf 81' lang='grc' dir='ltr'>παράδοξα</span> <span class='ocrx_word' id='word_1_45' title='bbox 893 527 949 603; x_wconf 82' lang='grc' dir='ltr'>ᾖ,</span> <span class='ocrx_word' id='word_1_46' title='bbox 996 531 1030 601; x_wconf 81' lang='grc' dir='ltr'>ἢ</span> <span class='ocrx_word' id='word_1_47' title='bbox 1065 531 1324 584; x_wconf 82' lang='grc' dir='ltr'>δοκοῦντὰ</span> <span class='ocrx_word' id='word_1_48' title='bbox 1371 549 1479 584; x_wconf 89' lang='grc' dir='ltr'>τισι</span> <span class='ocrx_word' id='word_1_49' title='bbox 1525 533 1810 602; x_wconf 38' lang='grc' dir='ltr'>παράδοξα.</span> 
     </span>
    </p>
   </div>
   <div class='ocr_carea' id='block_1_8' title="bbox 1917 522 3497 603">
    <p class='ocr_par' dir='ltr' id='par_1_8' title="bbox 1936 522 3497 596">
     <span class='ocr_line' id='line_1_8' title="bbox 1936 522 3497 596; baseline -0.008 -11"><span class='ocrx_word' id='word_1_50' title='bbox 1936 531 2080 596; x_wconf 80' lang='lat' dir='ltr'><strong>facil,</strong></span> <span class='ocrx_word' id='word_1_51' title='bbox 2115 530 2229 583; x_wconf 56' lang='lat' dir='ltr'><strong>hinc</strong></span> <span class='ocrx_word' id='word_1_52' title='bbox 2255 529 2384 580; x_wconf 88' lang='lat' dir='ltr'><strong>licet</strong></span> <span class='ocrx_word' id='word_1_53' title='bbox 2414 523 2754 578; x_wconf 76' lang='lat' dir='ltr'><strong>incredibilia</strong></span> <span class='ocrx_word' id='word_1_54' title='bbox 2789 522 2899 575; x_wconf 88' lang='lat' dir='ltr'><strong>sint</strong></span> <span class='ocrx_word' id='word_1_55' title='bbox 2938 529 3029 575; x_wconf 84' lang='lat' dir='ltr'><strong>aut</strong></span> <span class='ocrx_word' id='word_1_56' title='bbox 3060 522 3383 592; x_wconf 84' lang='lat' dir='ltr'><strong>quibusdam</strong></span> <span class='ocrx_word' id='word_1_57' title='bbox 3412 523 3497 574; x_wconf 86' lang='lat' dir='ltr'><strong>in-</strong></span> 
     </span>
    </p>
   </div>
   <div class='ocr_carea' id='block_1_9' title="bbox 200 617 1810 693">
    <p class='ocr_par' dir='ltr' id='par_1_9' title="bbox 200 619 1810 693">
     <span class='ocr_line' id='line_1_9' title="bbox 200 619 1810 693; baseline 0 -18"><span class='ocrx_word' id='word_1_58' title='bbox 200 619 294 675; x_wconf 77' lang='grc' dir='ltr'><strong>Εῑ</strong></span> <span class='ocrx_word' id='word_1_59' title='bbox 340 622 400 675; x_wconf 84' lang='grc' dir='ltr'><strong>δὲ</strong></span> <span class='ocrx_word' id='word_1_60' title='bbox 432 621 538 692; x_wconf 78' lang='grc' dir='ltr'><strong>χρὴ</strong></span> <span class='ocrx_word' id='word_1_61' title='bbox 591 621 963 692; x_wconf 75' lang='grc' dir='ltr'>βεϐιασμένως</span> <span class='ocrx_word' id='word_1_62' title='bbox 999 622 1285 692; x_wconf 79' lang='grc' dir='ltr'>ὀνομάσαι,</span> <span class='ocrx_word' id='word_1_63' title='bbox 1323 622 1573 693; x_wconf 73' lang='grc' dir='ltr'>ἐροῦμεν,</span> <span class='ocrx_word' id='word_1_64' title='bbox 1625 625 1706 676; x_wconf 81' lang='grc' dir='ltr'>ὅτι</span> <span class='ocrx_word' id='word_1_65' title='bbox 1752 625 1810 686; x_wconf 73' lang='grc' dir='ltr'><strong>ὡς</strong></span> 
     </span>
    </p>
   </div>
   <div class='ocr_carea' id='block_1_10' title="bbox 1917 617 3503 693">
    <p class='ocr_par' dir='ltr' id='par_1_10' title="bbox 1933 617 3503 681">
     <span class='ocr_line' id='line_1_10' title="bbox 1933 617 3503 681; baseline -0.006 -6"><span class='ocrx_word' id='word_1_66' title='bbox 1933 619 2211 676; x_wconf 81' lang='lat' dir='ltr'><strong>credibilia</strong></span> <span class='ocrx_word' id='word_1_67' title='bbox 2253 617 2559 681; x_wconf 85' lang='lat' dir='ltr'><strong>videantur,</strong></span> <span class='ocrx_word' id='word_1_68' title='bbox 2592 629 2696 667; x_wconf 80' lang='lat' dir='ltr'><strong>non</strong></span> <span class='ocrx_word' id='word_1_69' title='bbox 2728 621 2854 668; x_wconf 90' lang='lat' dir='ltr'><strong>sunt</strong></span> <span class='ocrx_word' id='word_1_70' title='bbox 2889 622 3070 668; x_wconf 87' lang='lat' dir='ltr'><strong>tamen</strong></span> <span class='ocrx_word' id='word_1_71' title='bbox 3111 624 3296 667; x_wconf 88' lang='lat' dir='ltr'><strong>contra</strong></span> <span class='ocrx_word' id='word_1_72' title='bbox 3341 623 3503 666; x_wconf 87' lang='lat' dir='ltr'><strong>natu-</strong></span> 
     </span>
    </p>
   </div>
   <div class='ocr_carea' id='block_1_11' title="bbox 204 702 1810 786">
    <p class='ocr_par' dir='ltr' id='par_1_11' title="bbox 204 712 1810 786">
     <span class='ocr_line' id='line_1_11' title="bbox 204 712 1810 786; baseline -0.001 -19"><span class='ocrx_word' id='word_1_73' title='bbox 204 713 383 786; x_wconf 82' lang='grc' dir='ltr'>πρὸς</span> <span class='ocrx_word' id='word_1_74' title='bbox 414 712 512 784; x_wconf 79' lang='grc' dir='ltr'>τὴν</span> <span class='ocrx_word' id='word_1_75' title='bbox 539 715 848 785; x_wconf 81' lang='grc' dir='ltr'>κοινοτέραν</span> <span class='ocrx_word' id='word_1_76' title='bbox 879 715 1175 784; x_wconf 81' lang='grc' dir='ltr'>νοουμένην</span> <span class='ocrx_word' id='word_1_77' title='bbox 1206 715 1364 784; x_wconf 80' lang='grc' dir='ltr'>φύσιν</span> <span class='ocrx_word' id='word_1_78' title='bbox 1391 715 1506 766; x_wconf 76' lang='grc' dir='ltr'>ἐστί</span> <span class='ocrx_word' id='word_1_79' title='bbox 1529 732 1652 768; x_wconf 85' lang='grc' dir='ltr'>τινα</span> <span class='ocrx_word' id='word_1_80' title='bbox 1683 716 1810 786; x_wconf 61' lang='grc' dir='ltr'>ὑπὲξ</span> 
     </span>
    </p>
   </div>
   <div class='ocr_carea' id='block_1_12' title="bbox 1917 702 3507 786">
    <p class='ocr_par' dir='ltr' id='par_1_12' title="bbox 1936 702 3507 774">
     <span class='ocr_line' id='line_1_12' title="bbox 1936 702 3507 774; baseline -0.003 -10"><span class='ocrx_word' id='word_1_81' title='bbox 1936 725 2070 764; x_wconf 88' lang='lat' dir='ltr'><strong>ram.</strong></span> <span class='ocrx_word' id='word_1_82' title='bbox 2107 707 2257 774; x_wconf 86' lang='lat' dir='ltr'><strong>Quod</strong></span> <span class='ocrx_word' id='word_1_83' title='bbox 2286 707 2334 760; x_wconf 83' lang='lat' dir='ltr'><strong>si</strong></span> <span class='ocrx_word' id='word_1_84' title='bbox 2389 703 2548 758; x_wconf 87' lang='lat' dir='ltr'><strong>verba</strong></span> <span class='ocrx_word' id='word_1_85' title='bbox 2576 718 2768 774; x_wconf 83' lang='lat' dir='ltr'><strong>urgere</strong></span> <span class='ocrx_word' id='word_1_86' title='bbox 2799 712 3036 768; x_wconf 85' lang='lat' dir='ltr'><strong>Oportet,</strong></span> <span class='ocrx_word' id='word_1_87' title='bbox 3091 702 3334 757; x_wconf 86' lang='lat' dir='ltr'><strong>dicemus</strong></span> <span class='ocrx_word' id='word_1_88' title='bbox 3364 720 3507 772; x_wconf 70' lang='lat' dir='ltr'><strong>qua:-</strong></span> 
     </span>
    </p>
   </div>
   <div class='ocr_carea' id='block_1_13' title="bbox 201 793 1810 878">
    <p class='ocr_par' dir='ltr' id='par_1_13' title="bbox 201 805 1810 878">
     <span class='ocr_line' id='line_1_13' title="bbox 201 805 1810 878; baseline 0.001 -20"><span class='ocrx_word' id='word_1_89' title='bbox 201 806 338 877; x_wconf 81' lang='grc' dir='ltr'>τὴν</span> <span class='ocrx_word' id='word_1_90' title='bbox 369 805 531 876; x_wconf 84' lang='grc' dir='ltr'>φύσιν</span> <span class='ocrx_word' id='word_1_91' title='bbox 554 805 590 858; x_wconf 80' lang='grc' dir='ltr'><strong>ἃ</strong></span> <span class='ocrx_word' id='word_1_92' title='bbox 618 808 840 876; x_wconf 81' lang='grc' dir='ltr'>ποιήσαι</span> <span class='ocrx_word' id='word_1_93' title='bbox 863 805 929 859; x_wconf 83' lang='grc' dir='ltr'>ἄν</span> <span class='ocrx_word' id='word_1_94' title='bbox 960 823 1088 858; x_wconf 89' lang='grc' dir='ltr'>ποτε</span> <span class='ocrx_word' id='word_1_95' title='bbox 1126 806 1278 872; x_wconf 79' lang='grc' dir='ltr'>Θεὸς,</span> <span class='ocrx_word' id='word_1_96' title='bbox 1318 806 1457 878; x_wconf 79' lang='grc' dir='ltr'>ὑπὲρ</span> <span class='ocrx_word' id='word_1_97' title='bbox 1484 807 1593 877; x_wconf 80' lang='grc' dir='ltr'>τὴν.</span> <span class='ocrx_word' id='word_1_98' title='bbox 1617 805 1810 876; x_wconf 86' lang='grc' dir='ltr'>ἀνθρω-</span> 
     </span>
    </p>
   </div>
   <div class='ocr_carea' id='block_1_14' title="bbox 1917 793 3507 878">
    <p class='ocr_par' dir='ltr' id='par_1_14' title="bbox 1933 793 3507 862">
     <span class='ocr_line' id='line_1_14' title="bbox 1933 793 3507 862; baseline -0.004 -11"><span class='ocrx_word' id='word_1_99' title='bbox 1933 798 2053 851; x_wconf 85' lang='lat' dir='ltr'><strong>dam</strong></span> <span class='ocrx_word' id='word_1_100' title='bbox 2081 810 2200 850; x_wconf 89' lang='lat' dir='ltr'><strong>esse</strong></span> <span class='ocrx_word' id='word_1_101' title='bbox 2220 807 2382 862; x_wconf 81' lang='lat' dir='ltr'><strong>supra</strong></span> <span class='ocrx_word' id='word_1_102' title='bbox 2407 802 2678 854; x_wconf 86' lang='lat' dir='ltr'><strong>naturam,</strong></span> <span class='ocrx_word' id='word_1_103' title='bbox 2708 803 2863 860; x_wconf 89' lang='lat' dir='ltr'><strong>prout</strong></span> <span class='ocrx_word' id='word_1_104' title='bbox 2888 795 3026 847; x_wconf 89' lang='lat' dir='ltr'><strong>hanc</strong></span> <span class='ocrx_word' id='word_1_105' title='bbox 3050 806 3233 847; x_wconf 89' lang='lat' dir='ltr'><strong>vocem</strong></span> <span class='ocrx_word' id='word_1_106' title='bbox 3263 793 3507 860; x_wconf 77' lang='lat' dir='ltr'><strong>plerique</strong></span> 
     </span>
    </p>
   </div>
   <div class='ocr_carea' id='block_1_15' title="bbox 207 880 1810 969">
    <p class='ocr_par' dir='ltr' id='par_1_15' title="bbox 207 897 1810 969">
     <span class='ocr_line' id='line_1_15' title="bbox 207 897 1810 969; baseline 0 -20"><span class='ocrx_word' id='word_1_107' title='bbox 207 898 406 969; x_wconf 82' lang='grc' dir='ltr'>πίνην</span> <span class='ocrx_word' id='word_1_108' title='bbox 450 898 610 968; x_wconf 83' lang='grc' dir='ltr'>φύσιν</span> <span class='ocrx_word' id='word_1_109' title='bbox 656 897 997 962; x_wconf 73' lang='grc' dir='ltr'>ἀναϐιϐάζων</span> <span class='ocrx_word' id='word_1_110' title='bbox 1044 898 1137 950; x_wconf 78' lang='grc' dir='ltr'><strong>τὸν</strong></span> <span class='ocrx_word' id='word_1_111' title='bbox 1179 897 1493 967; x_wconf 78' lang='grc' dir='ltr'>ἄνθρωπον,</span> <span class='ocrx_word' id='word_1_112' title='bbox 1529 899 1623 950; x_wconf 73' lang='grc' dir='ltr'><strong>καὶ</strong></span> <span class='ocrx_word' id='word_1_113' title='bbox 1655 897 1810 949; x_wconf 57' lang='lat' dir='ltr'><strong>nostin</strong></span> 
     </span>
    </p>
   </div>
   <div class='ocr_carea' id='block_1_16' title="bbox 1917 880 3503 969">
    <p class='ocr_par' dir='ltr' id='par_1_16' title="bbox 1933 880 3503 952">
     <span class='ocr_line' id='line_1_16' title="bbox 1933 880 3503 952; baseline -0.004 -13"><span class='ocrx_word' id='word_1_114' title='bbox 1933 883 2261 952; x_wconf 86' lang='lat' dir='ltr'><strong>intelligunt,</strong></span> <span class='ocrx_word' id='word_1_115' title='bbox 2309 895 2428 948; x_wconf 84' lang='lat' dir='ltr'><strong>quae</strong></span> <span class='ocrx_word' id='word_1_116' title='bbox 2461 880 2603 933; x_wconf 85' lang='lat' dir='ltr'><strong>Deus</strong></span> <span class='ocrx_word' id='word_1_117' title='bbox 2647 881 2864 934; x_wconf 87' lang='lat' dir='ltr'><strong>cllicere</strong></span> <span class='ocrx_word' id='word_1_118' title='bbox 2904 881 3078 949; x_wconf 88' lang='lat' dir='ltr'><strong>possit</strong></span> <span class='ocrx_word' id='word_1_119' title='bbox 3115 898 3128 934; x_wconf 85' lang='lat'><strong>:</strong></span> <span class='ocrx_word' id='word_1_120' title='bbox 3168 891 3223 934; x_wconf 92' lang='lat' dir='ltr'><strong>ut</strong></span> <span class='ocrx_word' id='word_1_121' title='bbox 3255 896 3374 935; x_wconf 91' lang='lat' dir='ltr'><strong>cum</strong></span> <span class='ocrx_word' id='word_1_122' title='bbox 3411 883 3503 932; x_wconf 81' lang='lat' dir='ltr'><strong>lm-</strong></span> 
     </span>
    </p>
   </div>
   <div class='ocr_carea' id='block_1_17' title="bbox 204 970 1810 1062">
    <p class='ocr_par' dir='ltr' id='par_1_17' title="bbox 204 987 1810 1062">
     <span class='ocr_line' id='line_1_17' title="bbox 204 987 1810 1062; baseline -0.001 -20"><span class='ocrx_word' id='word_1_123' title='bbox 204 990 408 1044; x_wconf 77' lang='grc' dir='ltr'>αὑτὸν</span> <span class='ocrx_word' id='word_1_124' title='bbox 444 989 792 1062; x_wconf 76' lang='grc' dir='ltr'>μεταϐάλλειν</span> <span class='ocrx_word' id='word_1_125' title='bbox 826 989 919 1041; x_wconf 66' lang='grc' dir='ltr'><strong>ἐπὶ</strong></span> <span class='ocrx_word' id='word_1_126' title='bbox 962 989 1120 1058; x_wconf 80' lang='grc' dir='ltr'>φύσιν</span> <span class='ocrx_word' id='word_1_127' title='bbox 1169 987 1450 1060; x_wconf 83' lang='grc' dir='ltr'>κρείττονα</span> <span class='ocrx_word' id='word_1_128' title='bbox 1491 989 1586 1040; x_wconf 78' lang='grc' dir='ltr'><strong>καὶ</strong></span> <span class='ocrx_word' id='word_1_129' title='bbox 1620 989 1810 1040; x_wconf 85' lang='grc' dir='ltr'>θειοτέ-</span> 
     </span>
    </p>
   </div>
   <div class='ocr_carea' id='block_1_18' title="bbox 1917 970 3507 1062">
    <p class='ocr_par' dir='ltr' id='par_1_18' title="bbox 1931 970 3507 1040">
     <span class='ocr_line' id='line_1_18' title="bbox 1931 970 3507 1040; baseline -0.004 -11"><span class='ocrx_word' id='word_1_130' title='bbox 1931 976 2131 1029; x_wconf 89' lang='lat' dir='ltr'><strong>minem</strong></span> <span class='ocrx_word' id='word_1_131' title='bbox 2163 987 2324 1040; x_wconf 80' lang='lat' dir='ltr'><strong>supra</strong></span> <span class='ocrx_word' id='word_1_132' title='bbox 2359 982 2607 1027; x_wconf 85' lang='lat' dir='ltr'><strong>naturam</strong></span> <span class='ocrx_word' id='word_1_133' title='bbox 2640 973 2935 1025; x_wconf 79' lang='lat' dir='ltr'><strong>humanam</strong></span> <span class='ocrx_word' id='word_1_134' title='bbox 2978 970 3233 1035; x_wconf 85' lang='lat' dir='ltr'><strong>ell&#39;erens,</strong></span> <span class='ocrx_word' id='word_1_135' title='bbox 3283 972 3507 1039; x_wconf 84' lang='lat' dir='ltr'><strong>partici-</strong></span> 
     </span>
    </p>
   </div>
   <div class='ocr_carea' id='block_1_19' title="bbox 213 1060 1810 1154">
    <p class='ocr_par' dir='ltr' id='par_1_19' title="bbox 213 1078 1810 1154">
     <span class='ocr_line' id='line_1_19' title="bbox 213 1078 1810 1154; baseline -0.003 -19"><span class='ocrx_word' id='word_1_136' title='bbox 213 1099 364 1154; x_wconf 77' lang='grc' dir='ltr'>ρανο</span> <span class='ocrx_word' id='word_1_137' title='bbox 391 1083 483 1136; x_wconf 78' lang='grc' dir='ltr'>καὶ</span> <span class='ocrx_word' id='word_1_138' title='bbox 504 1082 686 1152; x_wconf 80' lang='grc' dir='ltr'>τηρῶν</span> <span class='ocrx_word' id='word_1_139' title='bbox 722 1079 985 1144; x_wconf 80' lang='grc' dir='ltr'>τοιοῦτον,</span> <span class='ocrx_word' id='word_1_140' title='bbox 1013 1082 1135 1133; x_wconf 75' lang='grc' dir='ltr'>ὅσον</span> <span class='ocrx_word' id='word_1_141' title='bbox 1170 1079 1280 1150; x_wconf 74' lang='lat'><strong>(82)</strong></span> <span class='ocrx_word' id='word_1_142' title='bbox 1315 1079 1406 1131; x_wconf 80' lang='grc' dir='ltr'><strong>καὶ</strong></span> <span class='ocrx_word' id='word_1_143' title='bbox 1434 1081 1462 1130; x_wconf 95' lang='lat'><strong>6</strong></span> <span class='ocrx_word' id='word_1_144' title='bbox 1494 1078 1810 1148; x_wconf 81' lang='grc' dir='ltr'>τηρούμενος</span> 
     </span>
    </p>
   </div>
   <div class='ocr_carea' id='block_1_20' title="bbox 1917 1060 3506 1154">
    <p class='ocr_par' dir='ltr' id='par_1_20' title="bbox 1932 1060 3506 1134">
     <span class='ocr_line' id='line_1_20' title="bbox 1932 1060 3506 1134; baseline -0.002 -14"><span class='ocrx_word' id='word_1_145' title='bbox 1932 1081 2050 1134; x_wconf 85' lang='lat' dir='ltr'><strong>pem</strong></span> <span class='ocrx_word' id='word_1_146' title='bbox 2100 1063 2229 1119; x_wconf 79' lang='lat' dir='ltr'><strong>facit</strong></span> <span class='ocrx_word' id='word_1_147' title='bbox 2274 1063 2514 1120; x_wconf 86' lang='lat' dir='ltr'><strong>melioris</strong></span> <span class='ocrx_word' id='word_1_148' title='bbox 2562 1060 2956 1129; x_wconf 77' lang='lat' dir='ltr'><strong>diviniorisque</strong></span> <span class='ocrx_word' id='word_1_149' title='bbox 3012 1075 3240 1127; x_wconf 71' lang='lat' dir='ltr'><strong>natur-3:,</strong></span> <span class='ocrx_word' id='word_1_150' title='bbox 3273 1076 3506 1132; x_wconf 86' lang='lat' dir='ltr'><strong>eumque</strong></span> 
     </span>
    </p>
   </div>
   <div class='ocr_carea' id='block_1_21' title="bbox 208 1168 1473 1247">
    <p class='ocr_par' dir='ltr' id='par_1_21' title="bbox 208 1168 1473 1247">
     <span class='ocr_line' id='line_1_21' title="bbox 208 1168 1473 1247; baseline -0.003 -21"><span class='ocrx_word' id='word_1_151' title='bbox 208 1173 300 1227; x_wconf 81' lang='grc' dir='ltr'><strong>δι’</strong></span> <span class='ocrx_word' id='word_1_152' title='bbox 337 1168 417 1231; x_wconf 82' lang='grc' dir='ltr'>ὧν</span> <span class='ocrx_word' id='word_1_153' title='bbox 450 1175 680 1247; x_wconf 80' lang='grc' dir='ltr'>πράττει</span> <span class='ocrx_word' id='word_1_154' title='bbox 713 1173 1062 1244; x_wconf 78' lang='grc' dir='ltr'>παρίστησιν,</span> <span class='ocrx_word' id='word_1_155' title='bbox 1094 1173 1175 1224; x_wconf 85' lang='grc' dir='ltr'><strong>ὃτι</strong></span> <span class='ocrx_word' id='word_1_156' title='bbox 1204 1171 1473 1241; x_wconf 81' lang='grc' dir='ltr'>βούλεται.</span> 
     </span>
    </p>
   </div>
   <div class='ocr_carea' id='block_1_22' title="bbox 307 1345 1825 1419">
    <p class='ocr_par' dir='ltr' id='par_1_22' title="bbox 307 1345 1825 1419">
     <span class='ocr_line' id='line_1_22' title="bbox 307 1345 1825 1419; baseline -0.008 -11"><span class='ocrx_word' id='word_1_157' title='bbox 307 1353 500 1419; x_wconf 76' lang='grc' dir='ltr'>Ἀπαξ</span> <span class='ocrx_word' id='word_1_158' title='bbox 529 1353 573 1405; x_wconf 83' lang='grc' dir='ltr'><strong>δ’</strong></span> <span class='ocrx_word' id='word_1_159' title='bbox 615 1351 880 1414; x_wconf 76' lang='grc' dir='ltr'>εἰπόντες,</span> <span class='ocrx_word' id='word_1_160' title='bbox 915 1351 995 1403; x_wconf 82' lang='grc' dir='ltr'><strong>ὅτι</strong></span> <span class='ocrx_word' id='word_1_161' title='bbox 1036 1348 1188 1402; x_wconf 83' lang='grc' dir='ltr'>οὐδὲν</span> <span class='ocrx_word' id='word_1_162' title='bbox 1236 1348 1309 1417; x_wconf 85' lang='grc' dir='ltr'>μὴ</span> <span class='ocrx_word' id='word_1_163' title='bbox 1341 1345 1547 1416; x_wconf 79' lang='grc' dir='ltr'>πρέπον</span> <span class='ocrx_word' id='word_1_164' title='bbox 1589 1345 1764 1416; x_wconf 76' lang='grc' dir='ltr'>ἑαυτῷ</span> <span class='ocrx_word' id='word_1_165' title='bbox 1796 1347 1825 1398; x_wconf 90' lang='lat'><strong>6</strong></span> 
     </span>
    </p>
   </div>
   <div class='ocr_carea' id='block_1_23' title="bbox 212 1429 1825 1514">
    <p class='ocr_par' dir='ltr' id='par_1_23' title="bbox 212 1429 1825 1514">
     <span class='ocr_line' id='line_1_23' title="bbox 212 1429 1825 1514; baseline -0.007 -17"><span class='ocrx_word' id='word_1_166' title='bbox 212 1444 375 1508; x_wconf 81' lang='grc' dir='ltr'>Θεὸς</span> <span class='ocrx_word' id='word_1_167' title='bbox 398 1443 666 1514; x_wconf 79' lang='grc' dir='ltr'>βούλεται,</span> <span class='ocrx_word' id='word_1_168' title='bbox 709 1438 1050 1510; x_wconf 73' lang='grc' dir='ltr'>ἀναιρετικὸν</span> <span class='ocrx_word' id='word_1_169' title='bbox 1079 1438 1342 1506; x_wconf 80' lang='grc' dir='ltr'>τυγχάνον</span> <span class='ocrx_word' id='word_1_170' title='bbox 1377 1434 1470 1487; x_wconf 83' lang='grc' dir='ltr'>τοῦ</span> <span class='ocrx_word' id='word_1_171' title='bbox 1497 1429 1635 1487; x_wconf 84' lang='grc' dir='ltr'>εἶναι</span> <span class='ocrx_word' id='word_1_172' title='bbox 1662 1434 1825 1487; x_wconf 81' lang='grc' dir='ltr'>αὐτὸν</span> 
     </span>
    </p>
   </div>
   <div class='ocr_carea' id='block_1_24' title="bbox 214 1529 1825 1607">
    <p class='ocr_par' dir='ltr' id='par_1_24' title="bbox 214 1529 1825 1607">
     <span class='ocr_line' id='line_1_24' title="bbox 214 1529 1825 1607; baseline -0.007 -16"><span class='ocrx_word' id='word_1_173' title='bbox 214 1537 399 1600; x_wconf 81' lang='grc' dir='ltr'>Θεὸν,</span> <span class='ocrx_word' id='word_1_174' title='bbox 423 1538 690 1607; x_wconf 81' lang='grc' dir='ltr'>φήσομεν,</span> <span class='ocrx_word' id='word_1_175' title='bbox 724 1537 826 1600; x_wconf 83' lang='grc' dir='ltr'>ὅτι,</span> <span class='ocrx_word' id='word_1_176' title='bbox 858 1533 952 1587; x_wconf 83' lang='grc' dir='ltr'><strong>ὲάν</strong></span> <span class='ocrx_word' id='word_1_177' title='bbox 984 1550 1034 1584; x_wconf 87' lang='grc' dir='ltr'><strong>τι</strong></span> <span class='ocrx_word' id='word_1_178' title='bbox 1067 1533 1207 1586; x_wconf 83' lang='grc' dir='ltr'><strong>κατά</strong></span> <span class='ocrx_word' id='word_1_179' title='bbox 1233 1532 1332 1602; x_wconf 82' lang='grc' dir='ltr'><strong>τὴν</strong></span> <span class='ocrx_word' id='word_1_180' title='bbox 1367 1529 1666 1602; x_wconf 80' lang='grc' dir='ltr'>μοχθηρίαν</span> <span class='ocrx_word' id='word_1_181' title='bbox 1699 1530 1825 1581; x_wconf 80' lang='grc' dir='ltr'>ἐαυ-</span> 
     </span>
    </p>
   </div>
   <div class='ocr_carea' id='block_1_25' title="bbox 218 1622 1824 1699">
    <p class='ocr_par' dir='ltr' id='par_1_25' title="bbox 218 1622 1824 1699">
     <span class='ocr_line' id='line_1_25' title="bbox 218 1622 1824 1699; baseline -0.006 -17"><span class='ocrx_word' id='word_1_182' title='bbox 218 1629 335 1682; x_wconf 75' lang='grc' dir='ltr'>τοῦ</span> <span class='ocrx_word' id='word_1_183' title='bbox 365 1628 649 1699; x_wconf 80' lang='grc' dir='ltr'>ἄνθρωπος</span> <span class='ocrx_word' id='word_1_184' title='bbox 679 1627 930 1697; x_wconf 81' lang='grc' dir='ltr'>βδελυρὸν</span> <span class='ocrx_word' id='word_1_185' title='bbox 971 1625 1244 1696; x_wconf 78' lang='grc' dir='ltr'>βούληται,</span> <span class='ocrx_word' id='word_1_186' title='bbox 1273 1623 1418 1678; x_wconf 81' lang='grc' dir='ltr'>τοῦτ’</span> <span class='ocrx_word' id='word_1_187' title='bbox 1446 1623 1507 1676; x_wconf 84' lang='grc' dir='ltr'><strong>οὐ</strong></span> <span class='ocrx_word' id='word_1_188' title='bbox 1539 1622 1824 1693; x_wconf 83' lang='grc' dir='ltr'>δυνήσεται</span> 
     </span>
    </p>
   </div>
   <div class='ocr_carea' id='block_1_26' title="bbox 1933 1149 3501 1223">
    <p class='ocr_par' dir='ltr' id='par_1_26' title="bbox 1933 1149 3501 1223">
     <span class='ocr_line' id='line_1_26' title="bbox 1933 1149 3501 1223; baseline -0.002 -14"><span class='ocrx_word' id='word_1_189' title='bbox 1933 1157 2005 1209; x_wconf 87' lang='lat' dir='ltr'><strong>ita</strong></span> <span class='ocrx_word' id='word_1_190' title='bbox 2039 1163 2350 1217; x_wconf 87' lang='lat' dir='ltr'><strong>conservat,</strong></span> <span class='ocrx_word' id='word_1_191' title='bbox 2393 1153 2627 1223; x_wconf 83' lang='lat' dir='ltr'><strong>quandiu</strong></span> <span class='ocrx_word' id='word_1_192' title='bbox 2671 1151 2738 1215; x_wconf 91' lang='lat' dir='ltr'><strong>is,</strong></span> <span class='ocrx_word' id='word_1_193' title='bbox 2780 1149 2872 1219; x_wconf 88' lang='lat' dir='ltr'><strong>qui</strong></span> <span class='ocrx_word' id='word_1_194' title='bbox 2907 1160 3280 1217; x_wconf 88' lang='lat' dir='ltr'><strong>conservatur,</strong></span> <span class='ocrx_word' id='word_1_195' title='bbox 3313 1165 3410 1220; x_wconf 88' lang='lat' dir='ltr'><strong>per</strong></span> <span class='ocrx_word' id='word_1_196' title='bbox 3439 1166 3501 1208; x_wconf 83' lang='lat' dir='ltr'><strong>ea</strong></span> 
     </span>
    </p>
   </div>
   <div class='ocr_carea' id='block_1_27' title="bbox 1933 1242 2846 1315">
    <p class='ocr_par' dir='ltr' id='par_1_27' title="bbox 1933 1242 2846 1315">
     <span class='ocr_line' id='line_1_27' title="bbox 1933 1242 2846 1315; baseline -0.003 -17"><span class='ocrx_word' id='word_1_197' title='bbox 1933 1263 2052 1315; x_wconf 75' lang='lat' dir='ltr'><strong>qua:</strong></span> <span class='ocrx_word' id='word_1_198' title='bbox 2088 1246 2239 1310; x_wconf 90' lang='lat' dir='ltr'><strong>l&#39;acit,</strong></span> <span class='ocrx_word' id='word_1_199' title='bbox 2268 1247 2336 1300; x_wconf 89' lang='lat' dir='ltr'><strong>ita</strong></span> <span class='ocrx_word' id='word_1_200' title='bbox 2370 1259 2428 1298; x_wconf 91' lang='lat' dir='ltr'><strong>se</strong></span> <span class='ocrx_word' id='word_1_201' title='bbox 2457 1242 2594 1299; x_wconf 86' lang='lat' dir='ltr'><strong>velle</strong></span> <span class='ocrx_word' id='word_1_202' title='bbox 2628 1242 2846 1311; x_wconf 85' lang='lat' dir='ltr'><strong>probat.</strong></span> 
     </span>
    </p>
   </div>
   <div class='ocr_carea' id='block_1_28' title="bbox 1999 1331 3506 1390">
    <p class='ocr_par' dir='ltr' id='par_1_28' title="bbox 1999 1331 3506 1390">
     <span class='ocr_line' id='line_1_28' title="bbox 1999 1331 3506 1390; baseline -0.001 -1"><span class='ocrx_word' id='word_1_203' title='bbox 1999 1336 2092 1389; x_wconf 68' lang='lat'><strong>‘24.</strong></span> <span class='ocrx_word' id='word_1_204' title='bbox 2121 1334 2237 1389; x_wconf 88' lang='lat' dir='ltr'><strong>Jam</strong></span> <span class='ocrx_word' id='word_1_205' title='bbox 2270 1350 2392 1389; x_wconf 91' lang='lat' dir='ltr'><strong>cum</strong></span> <span class='ocrx_word' id='word_1_206' title='bbox 2418 1331 2853 1387; x_wconf 81' lang='lat' dir='ltr'><strong>concesserimus</strong></span> <span class='ocrx_word' id='word_1_207' title='bbox 2882 1333 3046 1386; x_wconf 87' lang='lat' dir='ltr'><strong>Deum</strong></span> <span class='ocrx_word' id='word_1_208' title='bbox 3078 1333 3210 1388; x_wconf 89' lang='lat' dir='ltr'><strong>nihil</strong></span> <span class='ocrx_word' id='word_1_209' title='bbox 3252 1335 3390 1390; x_wconf 86' lang='lat' dir='ltr'><strong>velle</strong></span> <span class='ocrx_word' id='word_1_210' title='bbox 3423 1336 3506 1388; x_wconf 91' lang='lat' dir='ltr'><strong>in-</strong></span> 
     </span>
    </p>
   </div>
   <div class='ocr_carea' id='block_1_29' title="bbox 1933 1422 3504 1493">
    <p class='ocr_par' dir='ltr' id='par_1_29' title="bbox 1933 1422 3504 1493">
     <span class='ocr_line' id='line_1_29' title="bbox 1933 1422 3504 1493; baseline -0.002 -10"><span class='ocrx_word' id='word_1_211' title='bbox 1933 1429 2189 1484; x_wconf 80' lang='lat' dir='ltr'><strong>decorum</strong></span> <span class='ocrx_word' id='word_1_212' title='bbox 2221 1426 2343 1492; x_wconf 86' lang='lat' dir='ltr'><strong>sibi,</strong></span> <span class='ocrx_word' id='word_1_213' title='bbox 2383 1432 2570 1493; x_wconf 85' lang='lat' dir='ltr'><strong>utpote</strong></span> <span class='ocrx_word' id='word_1_214' title='bbox 2594 1437 2701 1492; x_wconf 91' lang='lat' dir='ltr'><strong>quo</strong></span> <span class='ocrx_word' id='word_1_215' title='bbox 2723 1422 2906 1477; x_wconf 87' lang='lat' dir='ltr'><strong>divina</strong></span> <span class='ocrx_word' id='word_1_216' title='bbox 2943 1438 3040 1478; x_wconf 89' lang='lat' dir='ltr'><strong>sua</strong></span> <span class='ocrx_word' id='word_1_217' title='bbox 3071 1434 3258 1479; x_wconf 88' lang='lat' dir='ltr'><strong>natura</strong></span> <span class='ocrx_word' id='word_1_218' title='bbox 3289 1427 3504 1481; x_wconf 85' lang='lat' dir='ltr'><strong>tollere-</strong></span> 
     </span>
    </p>
   </div>
   <div class='ocr_carea' id='block_1_30' title="bbox 1934 1515 3502 1586">
    <p class='ocr_par' dir='ltr' id='par_1_30' title="bbox 1934 1515 3502 1586">
     <span class='ocr_line' id='line_1_30' title="bbox 1934 1515 3502 1586; baseline 0.001 -15"><span class='ocrx_word' id='word_1_219' title='bbox 1934 1529 2043 1583; x_wconf 89' lang='lat' dir='ltr'><strong>tur,</strong></span> <span class='ocrx_word' id='word_1_220' title='bbox 2074 1535 2180 1574; x_wconf 91' lang='lat' dir='ltr'><strong>non</strong></span> <span class='ocrx_word' id='word_1_221' title='bbox 2213 1519 2562 1585; x_wconf 81' lang='lat' dir='ltr'><strong>gravabimur</strong></span> <span class='ocrx_word' id='word_1_222' title='bbox 2598 1515 2778 1580; x_wconf 84' lang='lat' dir='ltr'><strong>fateri,</strong></span> <span class='ocrx_word' id='word_1_223' title='bbox 2818 1517 2994 1584; x_wconf 85' lang='lat' dir='ltr'><strong>siquid</strong></span> <span class='ocrx_word' id='word_1_224' title='bbox 3024 1525 3178 1585; x_wconf 87' lang='lat' dir='ltr'><strong>turpe</strong></span> <span class='ocrx_word' id='word_1_225' title='bbox 3205 1516 3367 1573; x_wconf 90' lang='lat' dir='ltr'><strong>homo</strong></span> <span class='ocrx_word' id='word_1_226' title='bbox 3403 1533 3502 1586; x_wconf 89' lang='lat' dir='ltr'><strong>pro</strong></span> 
     </span>
    </p>
   </div>
   <div class='ocr_carea' id='block_1_31' title="bbox 1931 1604 3498 1677">
    <p class='ocr_par' dir='ltr' id='par_1_31' title="bbox 1931 1604 3498 1677">
     <span class='ocr_line' id='line_1_31' title="bbox 1931 1604 3498 1677; baseline 0.003 -15"><span class='ocrx_word' id='word_1_227' title='bbox 1931 1622 2027 1662; x_wconf 87' lang='lat' dir='ltr'><strong>sua</strong></span> <span class='ocrx_word' id='word_1_228' title='bbox 2055 1606 2325 1677; x_wconf 81' lang='lat' dir='ltr'><strong>pravitate</strong></span> <span class='ocrx_word' id='word_1_229' title='bbox 2359 1604 2610 1671; x_wconf 89' lang='lat' dir='ltr'><strong>voluerit,</strong></span> <span class='ocrx_word' id='word_1_230' title='bbox 2659 1606 2824 1659; x_wconf 90' lang='lat' dir='ltr'><strong>Deum</strong></span> <span class='ocrx_word' id='word_1_231' title='bbox 2871 1605 2923 1658; x_wconf 92' lang='lat' dir='ltr'><strong>id</strong></span> <span class='ocrx_word' id='word_1_232' title='bbox 2961 1604 3141 1660; x_wconf 83' lang='lat' dir='ltr'><strong>facere</strong></span> <span class='ocrx_word' id='word_1_233' title='bbox 3173 1622 3278 1661; x_wconf 93' lang='lat' dir='ltr'><strong>non</strong></span> <span class='ocrx_word' id='word_1_234' title='bbox 3321 1622 3498 1676; x_wconf 87' lang='lat' dir='ltr'><strong>posse.</strong></span> 
     </span>
    </p>
   </div>
   <div class='ocr_carea' id='block_1_32' title="bbox 219 1696 1810 1788">
    <p class='ocr_par' dir='ltr' id='par_1_32' title="bbox 219 1710 1810 1788">
     <span class='ocr_line' id='line_1_32' title="bbox 219 1710 1810 1788; baseline -0.008 -14"><span class='ocrx_word' id='word_1_235' title='bbox 219 1722 257 1774; x_wconf 85' lang='lat'><strong>6</strong></span> <span class='ocrx_word' id='word_1_236' title='bbox 303 1720 460 1782; x_wconf 85' lang='grc' dir='ltr'>Θεός.</span> <span class='ocrx_word' id='word_1_237' title='bbox 496 1717 651 1773; x_wconf 74' lang='grc' dir='ltr'>Οὕτω</span> <span class='ocrx_word' id='word_1_238' title='bbox 680 1718 737 1771; x_wconf 78' lang='grc' dir='ltr'><strong>δὲ</strong></span> <span class='ocrx_word' id='word_1_239' title='bbox 769 1717 868 1771; x_wconf 77' lang='grc' dir='ltr'><strong>οὒκ</strong></span> <span class='ocrx_word' id='word_1_240' title='bbox 917 1719 1082 1788; x_wconf 80' lang='grc' dir='ltr'>ἐσμεν</span> <span class='ocrx_word' id='word_1_241' title='bbox 1116 1715 1408 1786; x_wconf 72' lang='grc' dir='ltr'>φιλόνεικοι</span> <span class='ocrx_word' id='word_1_242' title='bbox 1434 1714 1568 1784; x_wconf 79' lang='grc' dir='ltr'>πρὸς</span> <span class='ocrx_word' id='word_1_243' title='bbox 1612 1713 1681 1766; x_wconf 84' lang='grc' dir='ltr'>τὰ</span> <span class='ocrx_word' id='word_1_244' title='bbox 1721 1710 1810 1763; x_wconf 82' lang='grc' dir='ltr'><strong>ὑπὲ</strong></span> 
     </span>
    </p>
   </div>
   <div class='ocr_carea' id='block_1_33' title="bbox 1917 1696 3504 1788">
    <p class='ocr_par' dir='ltr' id='par_1_33' title="bbox 1931 1696 3504 1768">
     <span class='ocr_line' id='line_1_33' title="bbox 1931 1696 3504 1768; baseline 0.001 -15"><span class='ocrx_word' id='word_1_245' title='bbox 1931 1699 2040 1754; x_wconf 72' lang='lat' dir='ltr'><strong>Nec</strong></span> <span class='ocrx_word' id='word_1_246' title='bbox 2069 1713 2198 1754; x_wconf 87' lang='lat' dir='ltr'><strong>vero</strong></span> <span class='ocrx_word' id='word_1_247' title='bbox 2228 1713 2344 1762; x_wconf 90' lang='lat' dir='ltr'><strong>nos,</strong></span> <span class='ocrx_word' id='word_1_248' title='bbox 2381 1697 2474 1766; x_wconf 90' lang='lat' dir='ltr'><strong>qui</strong></span> <span class='ocrx_word' id='word_1_249' title='bbox 2499 1697 2747 1750; x_wconf 76' lang='lat' dir='ltr'><strong>veritatis</strong></span> <span class='ocrx_word' id='word_1_250' title='bbox 2777 1710 2960 1750; x_wconf 88' lang='lat' dir='ltr'><strong>amore</strong></span> <span class='ocrx_word' id='word_1_251' title='bbox 2990 1696 3128 1753; x_wconf 87' lang='lat' dir='ltr'><strong>Celsi</strong></span> <span class='ocrx_word' id='word_1_252' title='bbox 3154 1699 3348 1766; x_wconf 85' lang='lat' dir='ltr'><strong>placita</strong></span> <span class='ocrx_word' id='word_1_253' title='bbox 3381 1715 3504 1768; x_wconf 83' lang='lat' dir='ltr'><strong>pcr-</strong></span> 
     </span>
    </p>
   </div>
   <div class='ocr_carea' id='block_1_34' title="bbox 219 1803 1819 1883">
    <p class='ocr_par' dir='ltr' id='par_1_34' title="bbox 219 1803 1819 1883">
     <span class='ocr_line' id='line_1_34' title="bbox 219 1803 1819 1883; baseline -0.008 -16"><span class='ocrx_word' id='word_1_254' title='bbox 219 1813 454 1867; x_wconf 77' lang='grc' dir='ltr'>Κέλσου</span> <span class='ocrx_word' id='word_1_255' title='bbox 481 1812 746 1882; x_wconf 87' lang='grc' dir='ltr'>λεγόμενα</span> <span class='ocrx_word' id='word_1_256' title='bbox 763 1827 776 1840; x_wconf 89' lang='grc'><strong>·</strong></span> <span class='ocrx_word' id='word_1_257' title='bbox 799 1809 934 1863; x_wconf 82' lang='grc' dir='ltr'><strong>ἀλλά</strong></span> <span class='ocrx_word' id='word_1_258' title='bbox 960 1808 1267 1883; x_wconf 81' lang='grc' dir='ltr'>φιλαλήθως</span> <span class='ocrx_word' id='word_1_259' title='bbox 1291 1807 1430 1860; x_wconf 76' lang='grc' dir='ltr'>αὐτὰ</span> <span class='ocrx_word' id='word_1_260' title='bbox 1451 1803 1819 1873; x_wconf 75' lang='grc' dir='ltr'>ἐξετάζοντες,</span> 
     </span>
    </p>
   </div>
   <div class='ocr_carea' id='block_1_35' title="bbox 224 1896 1822 1976">
    <p class='ocr_par' dir='ltr' id='par_1_35' title="bbox 224 1896 1822 1976">
     <span class='ocr_line' id='line_1_35' title="bbox 224 1896 1822 1976; baseline -0.006 -18"><span class='ocrx_word' id='word_1_261' title='bbox 224 1905 622 1976; x_wconf 81' lang='grc' dir='ltr'>συμφήσομεν,</span> <span class='ocrx_word' id='word_1_262' title='bbox 655 1903 737 1956; x_wconf 82' lang='grc' dir='ltr'><strong>ὅτι</strong></span> <span class='ocrx_word' id='word_1_263' title='bbox 783 1902 883 1953; x_wconf 83' lang='grc' dir='ltr'><strong>οὐκ</strong></span> <span class='ocrx_word' id='word_1_264' title='bbox 919 1900 1031 1953; x_wconf 79' lang='grc' dir='ltr'>ἔστι</span> <span class='ocrx_word' id='word_1_265' title='bbox 1063 1900 1164 1970; x_wconf 79' lang='grc' dir='ltr'>τῆς</span> <span class='ocrx_word' id='word_1_266' title='bbox 1210 1896 1562 1969; x_wconf 83' lang='grc' dir='ltr'>πλημμελοῦς</span> <span class='ocrx_word' id='word_1_267' title='bbox 1595 1896 1822 1968; x_wconf 82' lang='grc' dir='ltr'>ὀρέξεως</span> 
     </span>
    </p>
   </div>
   <div class='ocr_carea' id='block_1_36' title="bbox 221 1987 1822 2065">
    <p class='ocr_par' dir='ltr' id='par_1_36' title="bbox 221 1987 1822 2065">
     <span class='ocr_line' id='line_1_36' title="bbox 221 1987 1822 2065; baseline -0.005 -17"><span class='ocrx_word' id='word_1_268' title='bbox 221 1995 363 2049; x_wconf 82' lang='grc' dir='ltr'>οὐδὲ</span> <span class='ocrx_word' id='word_1_269' title='bbox 399 1995 497 2065; x_wconf 82' lang='grc' dir='ltr'>τῆς</span> <span class='ocrx_word' id='word_1_270' title='bbox 543 1992 963 2062; x_wconf 84' lang='grc' dir='ltr'>πεπλανημένης</span> <span class='ocrx_word' id='word_1_271' title='bbox 1004 1990 1293 2060; x_wconf 74' lang='grc' dir='ltr'>ἀκοσμίας,</span> <span class='ocrx_word' id='word_1_272' title='bbox 1335 1988 1470 2042; x_wconf 81' lang='grc' dir='ltr'>ἀλλὰ</span> <span class='ocrx_word' id='word_1_273' title='bbox 1511 1988 1613 2057; x_wconf 79' lang='grc' dir='ltr'>τῆς</span> <span class='ocrx_word' id='word_1_274' title='bbox 1655 1987 1822 2059; x_wconf 81' lang='grc' dir='ltr'>ὀρθῆς</span> 
     </span>
    </p>
   </div>
   <div class='ocr_carea' id='block_1_37' title="bbox 224 2078 1824 2150">
    <p class='ocr_par' dir='ltr' id='par_1_37' title="bbox 224 2078 1824 2150">
     <span class='ocr_line' id='line_1_37' title="bbox 224 2078 1824 2150; baseline -0.005 -13"><span class='ocrx_word' id='word_1_275' title='bbox 224 2086 337 2138; x_wconf 76' lang='grc' dir='ltr'><strong>καὶ</strong></span> <span class='ocrx_word' id='word_1_276' title='bbox 355 2083 567 2146; x_wconf 87' lang='grc' dir='ltr'>δικαίας</span> <span class='ocrx_word' id='word_1_277' title='bbox 599 2082 812 2150; x_wconf 82' lang='grc' dir='ltr'>φύσεως</span> <span class='ocrx_word' id='word_1_278' title='bbox 841 2081 951 2149; x_wconf 81' lang='lat'>(8&#39;6)</span> <span class='ocrx_word' id='word_1_279' title='bbox 983 2083 1010 2133; x_wconf 97' lang='lat'><strong>6</strong></span> <span class='ocrx_word' id='word_1_280' title='bbox 1041 2079 1192 2143; x_wconf 86' lang='grc' dir='ltr'>Θεὸς,</span> <span class='ocrx_word' id='word_1_281' title='bbox 1237 2080 1332 2133; x_wconf 76' lang='grc' dir='ltr'><strong>ἅτε</strong></span> <span class='ocrx_word' id='word_1_282' title='bbox 1365 2078 1674 2149; x_wconf 78' lang='grc' dir='ltr'>ἀρχηγέτης</span> <span class='ocrx_word' id='word_1_283' title='bbox 1699 2092 1824 2144; x_wconf 89' lang='grc' dir='ltr'>τυγ-</span> 
     </span>
    </p>
   </div>
   <div class='ocr_carea' id='block_1_38' title="bbox 226 2167 1821 2243">
    <p class='ocr_par' dir='ltr' id='par_1_38' title="bbox 226 2167 1821 2243">
     <span class='ocr_line' id='line_1_38' title="bbox 226 2167 1821 2243; baseline -0.004 -17"><span class='ocrx_word' id='word_1_284' title='bbox 226 2173 421 2243; x_wconf 80' lang='grc' dir='ltr'>χάνων</span> <span class='ocrx_word' id='word_1_285' title='bbox 455 2170 663 2232; x_wconf 88' lang='grc' dir='ltr'>παντὸς</span> <span class='ocrx_word' id='word_1_286' title='bbox 694 2170 882 2225; x_wconf 84' lang='grc' dir='ltr'>καλοῦ.</span> <span class='ocrx_word' id='word_1_287' title='bbox 917 2170 1026 2223; x_wconf 86' lang='grc' dir='ltr'><strong>Καί</strong></span> <span class='ocrx_word' id='word_1_288' title='bbox 1053 2170 1134 2222; x_wconf 78' lang='grc' dir='ltr'><strong>ὅτι</strong></span> <span class='ocrx_word' id='word_1_289' title='bbox 1174 2169 1352 2240; x_wconf 68' lang='grc' dir='ltr'>ψυχῆς</span> <span class='ocrx_word' id='word_1_290' title='bbox 1387 2170 1606 2222; x_wconf 75' lang='grc' dir='ltr'>αἰώνιον</span> <span class='ocrx_word' id='word_1_291' title='bbox 1638 2167 1821 2239; x_wconf 81' lang='grc' dir='ltr'>βιοτὴν</span> 
     </span>
    </p>
   </div>
   <div class='ocr_carea' id='block_1_39' title="bbox 222 2257 1821 2332">
    <p class='ocr_par' dir='ltr' id='par_1_39' title="bbox 222 2257 1821 2332">
     <span class='ocr_line' id='line_1_39' title="bbox 222 2257 1821 2332; baseline -0.002 -18"><span class='ocrx_word' id='word_1_292' title='bbox 222 2262 460 2316; x_wconf 82' lang='grc' dir='ltr'>δύναται</span> <span class='ocrx_word' id='word_1_293' title='bbox 491 2263 816 2332; x_wconf 85' lang='grc' dir='ltr'>παρασχεῖν,</span> <span class='ocrx_word' id='word_1_294' title='bbox 862 2258 1231 2331; x_wconf 77' lang='grc' dir='ltr'>ὁμολογοῦμεν</span> <span class='ocrx_word' id='word_1_295' title='bbox 1257 2277 1270 2290; x_wconf 89' lang='grc'><strong>·</strong></span> <span class='ocrx_word' id='word_1_296' title='bbox 1309 2261 1402 2313; x_wconf 79' lang='grc' dir='ltr'>καὶ</span> <span class='ocrx_word' id='word_1_297' title='bbox 1439 2261 1500 2314; x_wconf 77' lang='grc' dir='ltr'>οὐ</span> <span class='ocrx_word' id='word_1_298' title='bbox 1541 2260 1698 2330; x_wconf 85' lang='grc' dir='ltr'>μόνον</span> <span class='ocrx_word' id='word_1_299' title='bbox 1731 2257 1821 2312; x_wconf 80' lang='grc' dir='ltr'><strong>δύ·-</strong></span> 
     </span>
    </p>
   </div>
   <div class='ocr_carea' id='block_1_40' title="bbox 221 2345 1819 2419">
    <p class='ocr_par' dir='ltr' id='par_1_40' title="bbox 221 2345 1819 2419">
     <span class='ocr_line' id='line_1_40' title="bbox 221 2345 1819 2419; baseline 0.002 -19"><span class='ocrx_word' id='word_1_300' title='bbox 221 2364 414 2413; x_wconf 87' lang='grc' dir='ltr'>ναται,</span> <span class='ocrx_word' id='word_1_301' title='bbox 453 2345 587 2401; x_wconf 79' lang='grc' dir='ltr'>ἀλλὰ</span> <span class='ocrx_word' id='word_1_302' title='bbox 619 2349 713 2400; x_wconf 56' lang='grc' dir='ltr'><strong>καὶ¹</strong></span> <span class='ocrx_word' id='word_1_303' title='bbox 751 2347 1000 2419; x_wconf 86' lang='grc' dir='ltr'>παρέχει.</span> <span class='ocrx_word' id='word_1_304' title='bbox 1041 2348 1206 2402; x_wconf 78' lang='grc' dir='ltr'>Οὐδὲν</span> <span class='ocrx_word' id='word_1_305' title='bbox 1248 2347 1304 2402; x_wconf 78' lang='grc' dir='ltr'><strong>δὲ</strong></span> <span class='ocrx_word' id='word_1_306' title='bbox 1351 2349 1584 2418; x_wconf 83' lang='grc' dir='ltr'>μάλιστα</span> <span class='ocrx_word' id='word_1_307' title='bbox 1624 2348 1712 2402; x_wconf 74' lang='grc' dir='ltr'><strong>διὰ</strong></span> <span class='ocrx_word' id='word_1_308' title='bbox 1750 2350 1819 2403; x_wconf 75' lang='grc' dir='ltr'>τὰ</span> 
     </span>
    </p>
   </div>
   <div class='ocr_carea' id='block_1_41' title="bbox 222 2435 1818 2508">
    <p class='ocr_par' dir='ltr' id='par_1_41' title="bbox 222 2435 1818 2508">
     <span class='ocr_line' id='line_1_41' title="bbox 222 2435 1818 2508; baseline 0.001 -20"><span class='ocrx_word' id='word_1_309' title='bbox 222 2435 611 2508; x_wconf 81' lang='grc' dir='ltr'>προειρημένα</span> <span class='ocrx_word' id='word_1_310' title='bbox 644 2435 802 2488; x_wconf 83' lang='grc' dir='ltr'>λυπεῖ</span> <span class='ocrx_word' id='word_1_311' title='bbox 847 2437 994 2506; x_wconf 79' lang='grc' dir='ltr'>ἡμᾶς</span> <span class='ocrx_word' id='word_1_312' title='bbox 1042 2435 1163 2489; x_wconf 77' lang='grc' dir='ltr'>οὐδὲ</span> <span class='ocrx_word' id='word_1_313' title='bbox 1207 2435 1270 2488; x_wconf 86' lang='grc' dir='ltr'><strong>τὸ</strong></span> <span class='ocrx_word' id='word_1_314' title='bbox 1307 2435 1414 2489; x_wconf 77' lang='grc' dir='ltr'><strong>ὑπὸ</strong></span> <span class='ocrx_word' id='word_1_315' title='bbox 1463 2435 1818 2508; x_wconf 77' lang='grc' dir='ltr'>Ἡρακλείτου</span> 
     </span>
    </p>
   </div>
   <div class='ocr_carea' id='block_1_42' title="bbox 223 2527 1818 2600">
    <p class='ocr_par' dir='ltr' id='par_1_42' title="bbox 223 2527 1818 2600">
     <span class='ocr_line' id='line_1_42' title="bbox 223 2527 1818 2600; baseline 0 -18"><span class='ocrx_word' id='word_1_316' title='bbox 223 2527 549 2600; x_wconf 82' lang='grc' dir='ltr'>λεγόμενον,</span> <span class='ocrx_word' id='word_1_317' title='bbox 600 2528 736 2598; x_wconf 83' lang='grc' dir='ltr'>ὅπερ</span> <span class='ocrx_word' id='word_1_318' title='bbox 776 2529 982 2591; x_wconf 81' lang='grc' dir='ltr'>Κέλσος</span> <span class='ocrx_word' id='word_1_319' title='bbox 1019 2527 1381 2599; x_wconf 76' lang='grc' dir='ltr'>παρείληφεν,</span> <span class='ocrx_word' id='word_1_320' title='bbox 1423 2529 1504 2582; x_wconf 76' lang='grc' dir='ltr'>ὅτι</span> <span class='ocrx_word' id='word_1_321' title='bbox 1553 2547 1572 2581; x_wconf 79' lang='grc' dir='ltr'><strong>ι</strong></span> <span class='ocrx_word' id='word_1_322' title='bbox 1629 2529 1818 2593; x_wconf 85' lang='grc' dir='ltr'>νέκυές</span> 
     </span>
    </p>
   </div>
   <div class='ocr_carea' id='block_1_43' title="bbox 227 2619 1850 2692">
    <p class='ocr_par' dir='ltr' id='par_1_43' title="bbox 227 2619 1850 2692">
     <span class='ocr_line' id='line_1_43' title="bbox 227 2619 1850 2692; baseline 0.002 -19"><span class='ocrx_word' id='word_1_323' title='bbox 227 2622 346 2674; x_wconf 85' lang='grc' dir='ltr'>εἰσι</span> <span class='ocrx_word' id='word_1_324' title='bbox 384 2620 626 2692; x_wconf 83' lang='grc' dir='ltr'>κοπρίων</span> <span class='ocrx_word' id='word_1_325' title='bbox 668 2619 1078 2691; x_wconf 74' lang='grc' dir='ltr'>ἐκϐλητότεροι·</span> <span class='ocrx_word' id='word_1_326' title='bbox 1124 2638 1144 2671; x_wconf 72' lang='grc' dir='ltr'><strong>ι</strong></span> <span class='ocrx_word' id='word_1_327' title='bbox 1181 2620 1424 2688; x_wconf 84' lang='grc' dir='ltr'>καίτοιγε</span> <span class='ocrx_word' id='word_1_328' title='bbox 1458 2619 1601 2673; x_wconf 76' lang='grc' dir='ltr'>εἴποι</span> <span class='ocrx_word' id='word_1_329' title='bbox 1633 2638 1718 2684; x_wconf 89' lang='grc' dir='ltr'><strong>τις</strong></span> <span class='ocrx_word' id='word_1_330' title='bbox 1752 2621 1850 2677; x_wconf 66' lang='grc' dir='ltr'><strong>ἄν’</strong></span> 
     </span>
    </p>
   </div>
   <div class='ocr_carea' id='block_1_44' title="bbox 229 2709 1817 2782">
    <p class='ocr_par' dir='ltr' id='par_1_44' title="bbox 229 2709 1817 2782">
     <span class='ocr_line' id='line_1_44' title="bbox 229 2709 1817 2782; baseline 0.001 -19"><span class='ocrx_word' id='word_1_331' title='bbox 229 2711 335 2763; x_wconf 76' lang='grc' dir='ltr'>καὶ</span> <span class='ocrx_word' id='word_1_332' title='bbox 368 2711 498 2782; x_wconf 71' lang='grc' dir='ltr'>περὶ</span> <span class='ocrx_word' id='word_1_333' title='bbox 522 2710 733 2773; x_wconf 83' lang='grc' dir='ltr'>τούτου,</span> <span class='ocrx_word' id='word_1_334' title='bbox 759 2711 842 2764; x_wconf 80' lang='grc' dir='ltr'><strong>ὅτι</strong></span> <span class='ocrx_word' id='word_1_335' title='bbox 862 2709 932 2763; x_wconf 87' lang='grc' dir='ltr'>τὰ</span> <span class='ocrx_word' id='word_1_336' title='bbox 953 2710 1052 2780; x_wconf 80' lang='grc' dir='ltr'><strong>μὲν</strong></span> <span class='ocrx_word' id='word_1_337' title='bbox 1080 2709 1287 2780; x_wconf 87' lang='grc' dir='ltr'>κόπρια</span> <span class='ocrx_word' id='word_1_338' title='bbox 1311 2710 1548 2780; x_wconf 72' lang='grc' dir='ltr'>ἐκϐλητά</span> <span class='ocrx_word' id='word_1_339' title='bbox 1576 2713 1744 2776; x_wconf 72' lang='grc' dir='ltr'>ἐστιν,</span> <span class='ocrx_word' id='word_1_340' title='bbox 1766 2713 1817 2765; x_wconf 78' lang='grc' dir='ltr'>οἱ</span> 
     </span>
    </p>
   </div>
   <div class='ocr_carea' id='block_1_45' title="bbox 228 2799 1815 2872">
    <p class='ocr_par' dir='ltr' id='par_1_45' title="bbox 228 2799 1815 2872">
     <span class='ocr_line' id='line_1_45' title="bbox 228 2799 1815 2872; baseline 0.001 -19"><span class='ocrx_word' id='word_1_341' title='bbox 228 2801 280 2853; x_wconf 78' lang='grc' dir='ltr'>δ’</span> <span class='ocrx_word' id='word_1_342' title='bbox 315 2800 375 2866; x_wconf 79' lang='grc' dir='ltr'><strong>ἐξ</strong></span> <span class='ocrx_word' id='word_1_343' title='bbox 406 2799 694 2872; x_wconf 87' lang='grc' dir='ltr'>ἀνθρώπου</span> <span class='ocrx_word' id='word_1_344' title='bbox 735 2801 925 2864; x_wconf 82' lang='grc' dir='ltr'>νέκυες</span> <span class='ocrx_word' id='word_1_345' title='bbox 967 2799 1053 2852; x_wconf 73' lang='grc' dir='ltr'>διὰ</span> <span class='ocrx_word' id='word_1_346' title='bbox 1088 2800 1186 2871; x_wconf 82' lang='grc' dir='ltr'>τὴν</span> <span class='ocrx_word' id='word_1_347' title='bbox 1225 2801 1585 2872; x_wconf 82' lang='grc' dir='ltr'>ὲνοικήσασαν</span> <span class='ocrx_word' id='word_1_348' title='bbox 1617 2801 1815 2872; x_wconf 77' lang='grc' dir='ltr'>ψυχὴν,</span> 
     </span>
    </p>
   </div>
   <div class='ocr_carea' id='block_1_46' title="bbox 231 2888 1817 2963">
    <p class='ocr_par' dir='ltr' id='par_1_46' title="bbox 231 2888 1817 2963">
     <span class='ocr_line' id='line_1_46' title="bbox 231 2888 1817 2963; baseline 0.001 -18"><span class='ocrx_word' id='word_1_349' title='bbox 231 2892 336 2945; x_wconf 78' lang='grc' dir='ltr'>καὶ</span> <span class='ocrx_word' id='word_1_350' title='bbox 379 2891 615 2948; x_wconf 75' lang='grc' dir='ltr'>μάλιστα</span> <span class='ocrx_word' id='word_1_351' title='bbox 646 2891 741 2944; x_wconf 74' lang='grc' dir='ltr'>ἐὰν</span> <span class='ocrx_word' id='word_1_352' title='bbox 849 2891 1189 2960; x_wconf 84' lang='grc' dir='ltr'>ἀστειοτέρα,</span> <span class='ocrx_word' id='word_1_353' title='bbox 1223 2894 1324 2945; x_wconf 81' lang='grc' dir='ltr'><strong>οὐκ</strong></span> <span class='ocrx_word' id='word_1_354' title='bbox 1355 2891 1623 2962; x_wconf 82' lang='grc' dir='ltr'>ὲκϐλητοί.</span> <span class='ocrx_word' id='word_1_355' title='bbox 1659 2893 1817 2947; x_wconf 85' lang='grc' dir='ltr'><strong>Κατά</strong></span> 
     </span>
    </p>
   </div>
   <div class='ocr_carea' id='block_1_47' title="bbox 230 2980 1817 3054">
    <p class='ocr_par' dir='ltr' id='par_1_47' title="bbox 230 2980 1817 3054">
     <span class='ocr_line' id='line_1_47' title="bbox 230 2980 1817 3054; baseline 0 -18"><span class='ocrx_word' id='word_1_356' title='bbox 230 2982 347 3052; x_wconf 86' lang='grc' dir='ltr'>γὰρ</span> <span class='ocrx_word' id='word_1_357' title='bbox 372 2983 498 3046; x_wconf 83' lang='grc' dir='ltr'>τοὺς</span> <span class='ocrx_word' id='word_1_358' title='bbox 526 2981 900 3054; x_wconf 86' lang='grc' dir='ltr'>ἀστειοτέρους</span> <span class='ocrx_word' id='word_1_359' title='bbox 927 2980 1036 3034; x_wconf 85' lang='grc' dir='ltr'>τῶν</span> <span class='ocrx_word' id='word_1_360' title='bbox 1067 2981 1265 3051; x_wconf 87' lang='grc' dir='ltr'>νόμων,</span> <span class='ocrx_word' id='word_1_361' title='bbox 1302 2983 1438 3052; x_wconf 87' lang='grc' dir='ltr'><strong>μετά</strong></span> <span class='ocrx_word' id='word_1_362' title='bbox 1467 2984 1566 3053; x_wconf 85' lang='grc' dir='ltr'><strong>τῆς</strong></span> <span class='ocrx_word' id='word_1_363' title='bbox 1610 2984 1817 3054; x_wconf 82' lang='grc' dir='ltr'>ἐνδεχο-</span> 
     </span>
    </p>
   </div>
   <div class='ocr_carea' id='block_1_48' title="bbox 1930 1786 3496 1861">
    <p class='ocr_par' dir='ltr' id='par_1_48' title="bbox 1930 1786 3496 1861">
     <span class='ocr_line' id='line_1_48' title="bbox 1930 1786 3496 1861; baseline -0.001 -16"><span class='ocrx_word' id='word_1_364' title='bbox 1930 1790 2234 1861; x_wconf 87' lang='lat' dir='ltr'><strong>pendimus,</strong></span> <span class='ocrx_word' id='word_1_365' title='bbox 2261 1789 2335 1842; x_wconf 92' lang='lat' dir='ltr'><strong>ita</strong></span> <span class='ocrx_word' id='word_1_366' title='bbox 2354 1788 2692 1842; x_wconf 89' lang='lat' dir='ltr'><strong>contentiose</strong></span> <span class='ocrx_word' id='word_1_367' title='bbox 2723 1787 2839 1854; x_wconf 87' lang='lat' dir='ltr'><strong>ejus</strong></span> <span class='ocrx_word' id='word_1_368' title='bbox 2870 1786 3027 1841; x_wconf 91' lang='lat' dir='ltr'><strong>dictis</strong></span> <span class='ocrx_word' id='word_1_369' title='bbox 3052 1790 3496 1858; x_wconf 88' lang='lat' dir='ltr'><strong>repugnabimus,</strong></span> 
     </span>
    </p>
   </div>
   <div class='ocr_carea' id='block_1_49' title="bbox 1931 1878 3473 1937">
    <p class='ocr_par' dir='ltr' id='par_1_49' title="bbox 1931 1878 3473 1937">
     <span class='ocr_line' id='line_1_49' title="bbox 1931 1878 3473 1937; baseline 0.001 -1"><span class='ocrx_word' id='word_1_370' title='bbox 1931 1892 1988 1937; x_wconf 66' lang='lat' dir='ltr'><strong>ul</strong></span> <span class='ocrx_word' id='word_1_371' title='bbox 2022 1881 2096 1936; x_wconf 90' lang='lat' dir='ltr'><strong>illi</strong></span> <span class='ocrx_word' id='word_1_372' title='bbox 2128 1898 2232 1936; x_wconf 89' lang='lat' dir='ltr'><strong>non</strong></span> <span class='ocrx_word' id='word_1_373' title='bbox 2271 1881 2630 1936; x_wconf 85' lang='lat' dir='ltr'><strong>assentiamur</strong></span> <span class='ocrx_word' id='word_1_374' title='bbox 2659 1878 2920 1934; x_wconf 88' lang='lat' dir='ltr'><strong>asserenti</strong></span> <span class='ocrx_word' id='word_1_375' title='bbox 2954 1879 3119 1933; x_wconf 88' lang='lat' dir='ltr'><strong>Deum</strong></span> <span class='ocrx_word' id='word_1_376' title='bbox 3147 1896 3247 1935; x_wconf 87' lang='lat' dir='ltr'><strong>nec</strong></span> <span class='ocrx_word' id='word_1_377' title='bbox 3272 1881 3473 1937; x_wconf 88' lang='lat' dir='ltr'><strong>vitioso</strong></span> 
     </span>
    </p>
   </div>
   <div class='ocr_carea' id='block_1_50' title="bbox 1930 1971 3500 2038">
    <p class='ocr_par' dir='ltr' id='par_1_50' title="bbox 1930 1971 3500 2038">
     <span class='ocr_line' id='line_1_50' title="bbox 1930 1971 3500 2038; baseline -0.003 -8"><span class='ocrx_word' id='word_1_378' title='bbox 1930 1990 2047 2030; x_wconf 89' lang='lat' dir='ltr'><strong>rum</strong></span> <span class='ocrx_word' id='word_1_379' title='bbox 2079 1973 2467 2029; x_wconf 83' lang='lat' dir='ltr'><strong>desideriorum</strong></span> <span class='ocrx_word' id='word_1_380' title='bbox 2498 1988 2598 2028; x_wconf 90' lang='lat' dir='ltr'><strong>nec</strong></span> <span class='ocrx_word' id='word_1_381' title='bbox 2627 1973 3051 2026; x_wconf 83' lang='lat' dir='ltr'><strong>inordinatarum</strong></span> <span class='ocrx_word' id='word_1_382' title='bbox 3071 1971 3374 2038; x_wconf 85' lang='lat' dir='ltr'><strong>libidinum,</strong></span> <span class='ocrx_word' id='word_1_383' title='bbox 3405 1975 3500 2029; x_wconf 87' lang='lat' dir='ltr'><strong>sed</strong></span> 
     </span>
    </p>
   </div>
   <div class='ocr_carea' id='block_1_51' title="bbox 1929 2064 3494 2137">
    <p class='ocr_par' dir='ltr' id='par_1_51' title="bbox 1929 2064 3494 2137">
     <span class='ocr_line' id='line_1_51' title="bbox 1929 2064 3494 2137; baseline -0.001 -16"><span class='ocrx_word' id='word_1_384' title='bbox 1929 2067 2584 2137; x_wconf 68' lang='lat' dir='ltr'><strong>rectazjustzequenaturae</strong></span> <span class='ocrx_word' id='word_1_385' title='bbox 2610 2065 2779 2118; x_wconf 84' lang='lat' dir='ltr'><strong>Deum</strong></span> <span class='ocrx_word' id='word_1_386' title='bbox 2808 2078 2950 2127; x_wconf 88' lang='lat' dir='ltr'><strong>esse,</strong></span> <span class='ocrx_word' id='word_1_387' title='bbox 2991 2065 3189 2133; x_wconf 86' lang='lat' dir='ltr'><strong>quippe</strong></span> <span class='ocrx_word' id='word_1_388' title='bbox 3208 2065 3298 2133; x_wconf 88' lang='lat' dir='ltr'><strong>qui</strong></span> <span class='ocrx_word' id='word_1_389' title='bbox 3317 2064 3494 2120; x_wconf 88' lang='lat' dir='ltr'><strong>omnis</strong></span> 
     </span>
    </p>
   </div>
   <div class='ocr_carea' id='block_1_52' title="bbox 1928 2156 3494 2226">
    <p class='ocr_par' dir='ltr' id='par_1_52' title="bbox 1928 2156 3494 2226">
     <span class='ocr_line' id='line_1_52' title="bbox 1928 2156 3494 2226; baseline -0.001 -13"><span class='ocrx_word' id='word_1_390' title='bbox 1928 2159 2143 2213; x_wconf 86' lang='lat' dir='ltr'><strong>honesti</strong></span> <span class='ocrx_word' id='word_1_391' title='bbox 2165 2157 2284 2213; x_wconf 84' lang='lat' dir='ltr'><strong>fons</strong></span> <span class='ocrx_word' id='word_1_392' title='bbox 2301 2165 2450 2213; x_wconf 86' lang='lat' dir='ltr'><strong>estet</strong></span> <span class='ocrx_word' id='word_1_393' title='bbox 2467 2156 2814 2226; x_wconf 86' lang='lat' dir='ltr'><strong>principium.</strong></span> <span class='ocrx_word' id='word_1_394' title='bbox 2829 2156 3314 2225; x_wconf 86' lang='lat' dir='ltr'><strong>Fatemurquoqne</strong></span> <span class='ocrx_word' id='word_1_395' title='bbox 3330 2158 3494 2212; x_wconf 88' lang='lat' dir='ltr'><strong>Deum</strong></span> 
     </span>
    </p>
   </div>
   <div class='ocr_carea' id='block_1_53' title="bbox 1925 2246 3493 2318">
    <p class='ocr_par' dir='ltr' id='par_1_53' title="bbox 1925 2246 3493 2318">
     <span class='ocr_line' id='line_1_53' title="bbox 1925 2246 3493 2318; baseline 0.001 -16"><span class='ocrx_word' id='word_1_396' title='bbox 1925 2263 2086 2318; x_wconf 85' lang='lat' dir='ltr'><strong>posse</strong></span> <span class='ocrx_word' id='word_1_397' title='bbox 2118 2248 2282 2302; x_wconf 83' lang='lat' dir='ltr'><strong>vitam</strong></span> <span class='ocrx_word' id='word_1_398' title='bbox 2312 2249 2508 2302; x_wconf 83' lang='lat' dir='ltr'><strong>animae</strong></span> <span class='ocrx_word' id='word_1_399' title='bbox 2542 2246 2729 2316; x_wconf 88' lang='lat' dir='ltr'><strong>largiri</strong></span> <span class='ocrx_word' id='word_1_400' title='bbox 2757 2247 3164 2316; x_wconf 85' lang='lat' dir='ltr'><strong>sempiternam,</strong></span> <span class='ocrx_word' id='word_1_401' title='bbox 3189 2263 3288 2304; x_wconf 88' lang='lat' dir='ltr'><strong>nec</strong></span> <span class='ocrx_word' id='word_1_402' title='bbox 3319 2251 3493 2304; x_wconf 91' lang='lat' dir='ltr'><strong>solum</strong></span> 
     </span>
    </p>
   </div>
   <div class='ocr_carea' id='block_1_54' title="bbox 1925 2338 3494 2409">
    <p class='ocr_par' dir='ltr' id='par_1_54' title="bbox 1925 2338 3494 2409">
     <span class='ocr_line' id='line_1_54' title="bbox 1925 2338 3494 2409; baseline 0 -15"><span class='ocrx_word' id='word_1_403' title='bbox 1925 2354 2104 2408; x_wconf 74' lang='lat' dir='ltr'><strong>posse,</strong></span> <span class='ocrx_word' id='word_1_404' title='bbox 2137 2339 2230 2393; x_wconf 90' lang='lat' dir='ltr'><strong>sed</strong></span> <span class='ocrx_word' id='word_1_405' title='bbox 2241 2340 2403 2394; x_wconf 87' lang='lat' dir='ltr'><strong>etiam</strong></span> <span class='ocrx_word' id='word_1_406' title='bbox 2422 2340 2598 2408; x_wconf 89' lang='lat' dir='ltr'><strong>reipsa</strong></span> <span class='ocrx_word' id='word_1_407' title='bbox 2613 2338 2824 2407; x_wconf 87' lang='lat' dir='ltr'><strong>largiri.</strong></span> <span class='ocrx_word' id='word_1_408' title='bbox 2841 2340 3016 2407; x_wconf 85' lang='lat' dir='ltr'><strong>Atque</strong></span> <span class='ocrx_word' id='word_1_409' title='bbox 3035 2352 3097 2392; x_wconf 83' lang='lat' dir='ltr'><strong>ex</strong></span> <span class='ocrx_word' id='word_1_410' title='bbox 3118 2340 3201 2392; x_wconf 87' lang='lat' dir='ltr'><strong>his</strong></span> <span class='ocrx_word' id='word_1_411' title='bbox 3214 2355 3334 2409; x_wconf 74' lang='lat' dir='ltr'><strong>qua:</strong></span> <span class='ocrx_word' id='word_1_412' title='bbox 3351 2341 3494 2394; x_wconf 87' lang='lat' dir='ltr'><strong>dicta</strong></span> 
     </span>
    </p>
   </div>
   <div class='ocr_carea' id='block_1_55' title="bbox 1927 2427 3494 2498">
    <p class='ocr_par' dir='ltr' id='par_1_55' title="bbox 1927 2427 3494 2498">
     <span class='ocr_line' id='line_1_55' title="bbox 1927 2427 3494 2498; baseline -0.002 -13"><span class='ocrx_word' id='word_1_413' title='bbox 1927 2431 2361 2491; x_wconf 80' lang='lat' dir='ltr'><strong>sunthactenus,</strong></span> <span class='ocrx_word' id='word_1_414' title='bbox 2388 2429 2695 2498; x_wconf 76' lang='lat' dir='ltr'><strong>intelligere</strong></span> <span class='ocrx_word' id='word_1_415' title='bbox 2731 2427 2857 2482; x_wconf 88' lang='lat' dir='ltr'><strong>licet</strong></span> <span class='ocrx_word' id='word_1_416' title='bbox 2884 2427 3040 2483; x_wconf 90' lang='lat' dir='ltr'><strong>nobis</strong></span> <span class='ocrx_word' id='word_1_417' title='bbox 3065 2429 3353 2483; x_wconf 90' lang='lat' dir='ltr'><strong>molestum</strong></span> <span class='ocrx_word' id='word_1_418' title='bbox 3383 2445 3494 2484; x_wconf 91' lang='lat' dir='ltr'><strong>non</strong></span> 
     </span>
    </p>
   </div>
   <div class='ocr_carea' id='block_1_56' title="bbox 1924 2519 3492 2592">
    <p class='ocr_par' dir='ltr' id='par_1_56' title="bbox 1924 2519 3492 2592">
     <span class='ocr_line' id='line_1_56' title="bbox 1924 2519 3492 2592; baseline -0.002 -15"><span class='ocrx_word' id='word_1_419' title='bbox 1924 2535 2047 2578; x_wconf 88' lang='lat' dir='ltr'><strong>esse</strong></span> <span class='ocrx_word' id='word_1_420' title='bbox 2073 2523 2125 2577; x_wconf 91' lang='lat' dir='ltr'><strong>id</strong></span> <span class='ocrx_word' id='word_1_421' title='bbox 2154 2522 2298 2592; x_wconf 88' lang='lat' dir='ltr'><strong>quod</strong></span> <span class='ocrx_word' id='word_1_422' title='bbox 2325 2522 2514 2577; x_wconf 87' lang='lat' dir='ltr'><strong>Celsus</strong></span> <span class='ocrx_word' id='word_1_423' title='bbox 2541 2519 2728 2587; x_wconf 83' lang='lat' dir='ltr'><strong>objicit</strong></span> <span class='ocrx_word' id='word_1_424' title='bbox 2765 2535 2833 2576; x_wconf 74' lang='lat' dir='ltr'><strong>ex</strong></span> <span class='ocrx_word' id='word_1_425' title='bbox 2862 2520 3156 2586; x_wconf 83' lang='lat' dir='ltr'><strong>Heraclito,</strong></span> <span class='ocrx_word' id='word_1_426' title='bbox 3188 2538 3206 2572; x_wconf 75' lang='grc' dir='ltr'>σ</span> <span class='ocrx_word' id='word_1_427' title='bbox 3228 2520 3492 2575; x_wconf 82' lang='lat' dir='ltr'><strong>cadavera</strong></span> 
     </span>
    </p>
   </div>
   <div class='ocr_carea' id='block_1_57' title="bbox 1922 2609 3495 2678">
    <p class='ocr_par' dir='ltr' id='par_1_57' title="bbox 1922 2609 3495 2678">
     <span class='ocr_line' id='line_1_57' title="bbox 1922 2609 3495 2678; baseline -0.003 -11"><span class='ocrx_word' id='word_1_428' title='bbox 1922 2612 2008 2667; x_wconf 76' lang='lat' dir='ltr'><strong>vel</strong></span> <span class='ocrx_word' id='word_1_429' title='bbox 2040 2610 2368 2667; x_wconf 89' lang='lat' dir='ltr'><strong>stercoribus</strong></span> <span class='ocrx_word' id='word_1_430' title='bbox 2389 2625 2510 2666; x_wconf 90' lang='lat' dir='ltr'><strong>esse</strong></span> <span class='ocrx_word' id='word_1_431' title='bbox 2541 2609 2761 2673; x_wconf 80' lang='lat' dir='ltr'><strong>viliora;</strong></span> <span class='ocrx_word' id='word_1_432' title='bbox 2800 2626 2818 2660; x_wconf 72' lang='grc' dir='ltr'><strong>ι</strong></span> <span class='ocrx_word' id='word_1_433' title='bbox 2849 2623 3159 2678; x_wconf 85' lang='lat' dir='ltr'><strong>quanquam</strong></span> <span class='ocrx_word' id='word_1_434' title='bbox 3197 2609 3297 2663; x_wconf 86' lang='lat' dir='ltr'><strong>hac</strong></span> <span class='ocrx_word' id='word_1_435' title='bbox 3323 2609 3390 2663; x_wconf 89' lang='lat' dir='ltr'><strong>de</strong></span> <span class='ocrx_word' id='word_1_436' title='bbox 3436 2623 3495 2663; x_wconf 90' lang='lat' dir='ltr'><strong>re</strong></span> 
     </span>
    </p>
   </div>
   <div class='ocr_carea' id='block_1_58' title="bbox 1923 2701 3493 2772">
    <p class='ocr_par' dir='ltr' id='par_1_58' title="bbox 1923 2701 3493 2772">
     <span class='ocr_line' id='line_1_58' title="bbox 1923 2701 3493 2772; baseline -0.002 -13"><span class='ocrx_word' id='word_1_437' title='bbox 1923 2704 2105 2759; x_wconf 87' lang='lat' dir='ltr'><strong>dicere</strong></span> <span class='ocrx_word' id='word_1_438' title='bbox 2135 2706 2257 2772; x_wconf 87' lang='lat' dir='ltr'><strong>quis</strong></span> <span class='ocrx_word' id='word_1_439' title='bbox 2282 2712 2462 2770; x_wconf 86' lang='lat' dir='ltr'><strong>potest</strong></span> <span class='ocrx_word' id='word_1_440' title='bbox 2489 2701 2617 2756; x_wconf 82' lang='lat' dir='ltr'><strong>vilia</strong></span> <span class='ocrx_word' id='word_1_441' title='bbox 2653 2703 2868 2771; x_wconf 85' lang='lat' dir='ltr'><strong>quidem</strong></span> <span class='ocrx_word' id='word_1_442' title='bbox 2907 2715 3030 2757; x_wconf 87' lang='lat' dir='ltr'><strong>esse</strong></span> <span class='ocrx_word' id='word_1_443' title='bbox 3055 2710 3330 2768; x_wconf 88' lang='lat' dir='ltr'><strong>stercora,</strong></span> <span class='ocrx_word' id='word_1_444' title='bbox 3384 2715 3493 2757; x_wconf 88' lang='lat' dir='ltr'><strong>non</strong></span> 
     </span>
    </p>
   </div>
   <div class='ocr_carea' id='block_1_59' title="bbox 1924 2791 3494 2862">
    <p class='ocr_par' dir='ltr' id='par_1_59' title="bbox 1924 2791 3494 2862">
     <span class='ocr_line' id='line_1_59' title="bbox 1924 2791 3494 2862; baseline 0 -15"><span class='ocrx_word' id='word_1_445' title='bbox 1924 2804 2104 2849; x_wconf 82' lang='lat' dir='ltr'><strong>autem</strong></span> <span class='ocrx_word' id='word_1_446' title='bbox 2134 2793 2428 2847; x_wconf 88' lang='lat' dir='ltr'><strong>lmmatnun</strong></span> <span class='ocrx_word' id='word_1_447' title='bbox 2457 2792 2713 2857; x_wconf 86' lang='lat' dir='ltr'><strong>cadaver,</strong></span> <span class='ocrx_word' id='word_1_448' title='bbox 2756 2791 2900 2862; x_wconf 87' lang='lat' dir='ltr'><strong>quod</strong></span> <span class='ocrx_word' id='word_1_449' title='bbox 2951 2792 3131 2846; x_wconf 88' lang='lat' dir='ltr'><strong>anima</strong></span> <span class='ocrx_word' id='word_1_450' title='bbox 3159 2791 3403 2856; x_wconf 88' lang='lat' dir='ltr'><strong>incoluit,</strong></span> <span class='ocrx_word' id='word_1_451' title='bbox 3438 2800 3494 2847; x_wconf 81' lang='lat' dir='ltr'><strong>et</strong></span> 
     </span>
    </p>
   </div>
   <div class='ocr_carea' id='block_1_60' title="bbox 1924 2881 3490 2957">
    <p class='ocr_par' dir='ltr' id='par_1_60' title="bbox 1924 2881 3490 2957">
     <span class='ocr_line' id='line_1_60' title="bbox 1924 2881 3490 2957; baseline -0.002 -17"><span class='ocrx_word' id='word_1_452' title='bbox 1924 2887 2223 2957; x_wconf 67' lang='lat' dir='ltr'><strong>praesertim</strong></span> <span class='ocrx_word' id='word_1_453' title='bbox 2284 2885 2329 2940; x_wconf 91' lang='lat' dir='ltr'><strong>si</strong></span> <span class='ocrx_word' id='word_1_454' title='bbox 2394 2885 2559 2939; x_wconf 78' lang='lat' dir='ltr'><strong>fuerit</strong></span> <span class='ocrx_word' id='word_1_455' title='bbox 2606 2885 2852 2940; x_wconf 89' lang='lat' dir='ltr'><strong>studiosa</strong></span> <span class='ocrx_word' id='word_1_456' title='bbox 2900 2884 3138 2939; x_wconf 79' lang='lat' dir='ltr'><strong>virtutis.</strong></span> <span class='ocrx_word' id='word_1_457' title='bbox 3200 2881 3310 2939; x_wconf 79' lang='lat' dir='ltr'><strong>[loc</strong></span> <span class='ocrx_word' id='word_1_458' title='bbox 3344 2883 3490 2940; x_wconf 87' lang='lat' dir='ltr'><strong>enim</strong></span> 
     </span>
    </p>
   </div>
   <div class='ocr_carea' id='block_1_61' title="bbox 1925 2974 3491 3047">
    <p class='ocr_par' dir='ltr' id='par_1_61' title="bbox 1925 2974 3491 3047">
     <span class='ocr_line' id='line_1_61' title="bbox 1925 2974 3491 3047; baseline 0 -18"><span class='ocrx_word' id='word_1_459' title='bbox 1925 2978 2194 3044; x_wconf 67' lang='lat' dir='ltr'><strong>aequiores</strong></span> <span class='ocrx_word' id='word_1_460' title='bbox 2223 2976 2369 3045; x_wconf 82' lang='lat' dir='ltr'><strong>leges</strong></span> <span class='ocrx_word' id='word_1_461' title='bbox 2399 2975 2588 3031; x_wconf 89' lang='lat' dir='ltr'><strong>donari</strong></span> <span class='ocrx_word' id='word_1_462' title='bbox 2618 2974 2896 3044; x_wconf 87' lang='lat' dir='ltr'><strong>sepultura</strong></span> <span class='ocrx_word' id='word_1_463' title='bbox 2937 2975 3142 3047; x_wconf 77' lang='lat' dir='ltr'><strong>volunt,</strong></span> <span class='ocrx_word' id='word_1_464' title='bbox 3189 2975 3350 3044; x_wconf 87' lang='lat' dir='ltr'><strong>idque</strong></span> <span class='ocrx_word' id='word_1_465' title='bbox 3391 2976 3491 3032; x_wconf 89' lang='lat' dir='ltr'><strong>ho-</strong></span> 
     </span>
    </p>
   </div>
   <div class='ocr_carea' id='block_1_62' title="bbox 237 3053 1810 3148">
    <p class='ocr_par' dir='ltr' id='par_1_62' title="bbox 237 3053 1808 3146">
     <span class='ocr_line' id='line_1_62' title="bbox 237 3053 1808 3146; baseline 0.002 -21"><span class='ocrx_word' id='word_1_466' title='bbox 237 3073 407 3144; x_wconf 82' lang='grc' dir='ltr'>μένης</span> <span class='ocrx_word' id='word_1_467' title='bbox 426 3072 502 3137; x_wconf 89' lang='grc' dir='ltr'>ὡς</span> <span class='ocrx_word' id='word_1_468' title='bbox 525 3073 662 3144; x_wconf 87' lang='grc' dir='ltr'>πρὸς</span> <span class='ocrx_word' id='word_1_469' title='bbox 676 3053 979 3127; x_wconf 77' lang='grc' dir='ltr'>τὰτοιαῦτα</span> <span class='ocrx_word' id='word_1_470' title='bbox 997 3073 1171 3146; x_wconf 38' lang='grc' dir='ltr'>τιμῆς.</span> <span class='ocrx_word' id='word_1_471' title='bbox 1187 3073 1365 3144; x_wconf 81' lang='grc' dir='ltr'>ταφῆς</span> <span class='ocrx_word' id='word_1_472' title='bbox 1382 3073 1655 3138; x_wconf 79' lang='grc' dir='ltr'>ἀξιοῦνται</span> <span class='ocrx_word' id='word_1_473' title='bbox 1677 3053 1808 3146; x_wconf 61' lang='grc'><strong>(84)·</strong></span> 
     </span>
    </p>
   </div>
   <div class='ocr_carea' id='block_1_63' title="bbox 1917 3053 3489 3148">
    <p class='ocr_par' dir='ltr' id='par_1_63' title="bbox 1919 3066 3489 3138">
     <span class='ocr_line' id='line_1_63' title="bbox 1919 3066 3489 3138; baseline -0.001 -14"><span class='ocrx_word' id='word_1_474' title='bbox 1919 3067 2150 3124; x_wconf 77' lang='lat' dir='ltr'><strong>noriﬁco</strong></span> <span class='ocrx_word' id='word_1_475' title='bbox 2179 3071 2287 3123; x_wconf 89' lang='lat' dir='ltr'><strong>ritu</strong></span> <span class='ocrx_word' id='word_1_476' title='bbox 2315 3068 2408 3138; x_wconf 89' lang='lat' dir='ltr'><strong>qui</strong></span> <span class='ocrx_word' id='word_1_477' title='bbox 2453 3078 2564 3123; x_wconf 92' lang='lat' dir='ltr'><strong>tum</strong></span> <span class='ocrx_word' id='word_1_478' title='bbox 2611 3066 2858 3122; x_wconf 83' lang='lat' dir='ltr'><strong>adhiberi</strong></span> <span class='ocrx_word' id='word_1_479' title='bbox 2903 3068 3043 3123; x_wconf 88' lang='lat' dir='ltr'><strong>solet</strong></span> <span class='ocrx_word' id='word_1_480' title='bbox 3076 3087 3090 3122; x_wconf 88' lang='lat'><strong>:</strong></span> <span class='ocrx_word' id='word_1_481' title='bbox 3129 3083 3200 3123; x_wconf 90' lang='lat' dir='ltr'><strong>ne</strong></span> <span class='ocrx_word' id='word_1_482' title='bbox 3236 3068 3489 3124; x_wconf 83' lang='lat' dir='ltr'><strong>videlicet</strong></span> 
     </span>
    </p>
   </div>
   <div class='ocr_carea' id='block_1_64' title="bbox 233 3162 1813 3236">
    <p class='ocr_par' dir='ltr' id='par_1_64' title="bbox 233 3162 1813 3236">
     <span class='ocr_line' id='line_1_64' title="bbox 233 3162 1813 3236; baseline 0.003 -20"><span class='ocrx_word' id='word_1_483' title='bbox 233 3165 326 3217; x_wconf 82' lang='grc' dir='ltr'>ἵνα</span> <span class='ocrx_word' id='word_1_484' title='bbox 364 3162 436 3235; x_wconf 82' lang='grc' dir='ltr'>μὴ</span> <span class='ocrx_word' id='word_1_485' title='bbox 478 3163 786 3234; x_wconf 80' lang='grc' dir='ltr'>ὑϐρίζωμεν</span> <span class='ocrx_word' id='word_1_486' title='bbox 811 3166 878 3235; x_wconf 81' lang='grc' dir='ltr'>τῇ</span> <span class='ocrx_word' id='word_1_487' title='bbox 923 3164 1148 3234; x_wconf 86' lang='grc' dir='ltr'>δυνάμει</span> <span class='ocrx_word' id='word_1_488' title='bbox 1176 3163 1274 3235; x_wconf 85' lang='grc' dir='ltr'>τὴν</span> <span class='ocrx_word' id='word_1_489' title='bbox 1311 3165 1672 3236; x_wconf 83' lang='grc' dir='ltr'>ένοικὴσασαν</span> <span class='ocrx_word' id='word_1_490' title='bbox 1711 3167 1813 3236; x_wconf 78' lang='grc' dir='ltr'><strong>ψυ-</strong></span> 
     </span>
    </p>
   </div>
   <div class='ocr_carea' id='block_1_65' title="bbox 234 3252 1812 3324">
    <p class='ocr_par' dir='ltr' id='par_1_65' title="bbox 234 3252 1812 3324">
     <span class='ocr_line' id='line_1_65' title="bbox 234 3252 1812 3324; baseline 0.002 -19"><span class='ocrx_word' id='word_1_491' title='bbox 234 3253 361 3323; x_wconf 79' lang='grc' dir='ltr'>χὴν,</span> <span class='ocrx_word' id='word_1_492' title='bbox 405 3252 867 3324; x_wconf 76' lang='grc' dir='ltr'>ἀπορριπτοῦντες</span> <span class='ocrx_word' id='word_1_493' title='bbox 920 3253 1058 3323; x_wconf 86' lang='grc' dir='ltr'><strong>μετά</strong></span> <span class='ocrx_word' id='word_1_494' title='bbox 1107 3253 1167 3306; x_wconf 83' lang='grc' dir='ltr'><strong>τὸ</strong></span> <span class='ocrx_word' id='word_1_495' title='bbox 1215 3252 1448 3318; x_wconf 73' lang='grc' dir='ltr'>ἐξελθεῖν</span> <span class='ocrx_word' id='word_1_496' title='bbox 1487 3256 1701 3324; x_wconf 78' lang='grc' dir='ltr'>ἐκείνην</span> <span class='ocrx_word' id='word_1_497' title='bbox 1749 3255 1812 3308; x_wconf 86' lang='grc' dir='ltr'><strong>τὸ</strong></span> 
     </span>
    </p>
   </div>
   <div class='ocr_carea' id='block_1_66' title="bbox 239 3341 1810 3415">
    <p class='ocr_par' dir='ltr' id='par_1_66' title="bbox 239 3341 1810 3415">
     <span class='ocr_line' id='line_1_66' title="bbox 239 3341 1810 3415; baseline 0.001 -18"><span class='ocrx_word' id='word_1_498' title='bbox 239 3343 419 3414; x_wconf 82' lang='grc' dir='ltr'>σῶμα,</span> <span class='ocrx_word' id='word_1_499' title='bbox 445 3343 520 3407; x_wconf 87' lang='grc' dir='ltr'>ὼς</span> <span class='ocrx_word' id='word_1_500' title='bbox 549 3343 641 3396; x_wconf 72' lang='grc' dir='ltr'><strong>καὶ</strong></span> <span class='ocrx_word' id='word_1_501' title='bbox 672 3341 739 3395; x_wconf 83' lang='grc' dir='ltr'><strong>τὰ</strong></span> <span class='ocrx_word' id='word_1_502' title='bbox 769 3343 878 3395; x_wconf 82' lang='grc' dir='ltr'><strong>τῶν</strong></span> <span class='ocrx_word' id='word_1_503' title='bbox 905 3343 1118 3414; x_wconf 84' lang='grc' dir='ltr'>κτηνῶν</span> <span class='ocrx_word' id='word_1_504' title='bbox 1148 3344 1390 3415; x_wconf 80' lang='grc' dir='ltr'>σώματα.</span> <span class='ocrx_word' id='word_1_505' title='bbox 1420 3345 1512 3401; x_wconf 68' lang='grc' dir='ltr'><strong>Μὴ</strong></span> <span class='ocrx_word' id='word_1_506' title='bbox 1541 3343 1810 3415; x_wconf 82' lang='grc' dir='ltr'>βουλέσθω</span> 
     </span>
    </p>
   </div>
   <div class='ocr_carea' id='block_1_67' title="bbox 234 3431 1808 3505">
    <p class='ocr_par' dir='ltr' id='par_1_67' title="bbox 234 3431 1808 3505">
     <span class='ocr_line' id='line_1_67' title="bbox 234 3431 1808 3505; baseline 0 -17"><span class='ocrx_word' id='word_1_507' title='bbox 234 3431 330 3488; x_wconf 79' lang='grc' dir='ltr'><strong>οὖν</strong></span> <span class='ocrx_word' id='word_1_508' title='bbox 373 3435 403 3487; x_wconf 97' lang='lat'><strong>6</strong></span> <span class='ocrx_word' id='word_1_509' title='bbox 433 3433 568 3498; x_wconf 80' lang='grc' dir='ltr'>Θεὸς</span> <span class='ocrx_word' id='word_1_510' title='bbox 606 3433 931 3503; x_wconf 83' lang='grc' dir='ltr'>παραλόγως</span> <span class='ocrx_word' id='word_1_511' title='bbox 970 3435 1185 3488; x_wconf 73' lang='grc' dir='ltr'>αἰώνιον</span> <span class='ocrx_word' id='word_1_512' title='bbox 1226 3437 1497 3505; x_wconf 82' lang='grc' dir='ltr'>ἀποφῆναι</span> <span class='ocrx_word' id='word_1_513' title='bbox 1541 3436 1677 3505; x_wconf 85' lang='grc' dir='ltr'>μήτε</span> <span class='ocrx_word' id='word_1_514' title='bbox 1719 3436 1808 3488; x_wconf 86' lang='grc' dir='ltr'><strong>τὸν</strong></span> 
     </span>
    </p>
   </div>
   <div class='ocr_carea' id='block_1_68' title="bbox 233 3522 1810 3595">
    <p class='ocr_par' dir='ltr' id='par_1_68' title="bbox 233 3522 1810 3595">
     <span class='ocr_line' id='line_1_68' title="bbox 233 3522 1810 3595; baseline 0 -19"><span class='ocrx_word' id='word_1_515' title='bbox 233 3522 332 3576; x_wconf 77' lang='grc' dir='ltr'>τοῦ</span> <span class='ocrx_word' id='word_1_516' title='bbox 365 3522 510 3577; x_wconf 88' lang='grc' dir='ltr'>σίτου</span> <span class='ocrx_word' id='word_1_517' title='bbox 540 3524 760 3588; x_wconf 87' lang='grc' dir='ltr'>κόκκον,</span> <span class='ocrx_word' id='word_1_518' title='bbox 790 3523 903 3578; x_wconf 79' lang='grc' dir='ltr'>ἀλλ’</span> <span class='ocrx_word' id='word_1_519' title='bbox 940 3524 973 3594; x_wconf 82' lang='grc' dir='ltr'><strong>ἢ</strong></span> <span class='ocrx_word' id='word_1_520' title='bbox 1011 3525 1119 3595; x_wconf 86' lang='grc' dir='ltr'>ἄρα</span> <span class='ocrx_word' id='word_1_521' title='bbox 1147 3524 1257 3594; x_wconf 81' lang='grc'>(85)</span> <span class='ocrx_word' id='word_1_522' title='bbox 1284 3525 1375 3576; x_wconf 81' lang='grc' dir='ltr'><strong>τὸν</strong></span> <span class='ocrx_word' id='word_1_523' title='bbox 1403 3524 1461 3590; x_wconf 81' lang='grc' dir='ltr'><strong>ἐξ</strong></span> <span class='ocrx_word' id='word_1_524' title='bbox 1489 3523 1652 3578; x_wconf 80' lang='grc' dir='ltr'>αὐτοῦ</span> <span class='ocrx_word' id='word_1_525' title='bbox 1685 3525 1810 3577; x_wconf 83' lang='grc' dir='ltr'><strong>στὰ-</strong></span> 
     </span>
    </p>
   </div>
   <div class='ocr_carea' id='block_1_69' title="bbox 235 3613 1809 3688">
    <p class='ocr_par' dir='ltr' id='par_1_69' title="bbox 235 3613 1809 3688">
     <span class='ocr_line' id='line_1_69' title="bbox 235 3613 1809 3688; baseline -0.001 -20"><span class='ocrx_word' id='word_1_526' title='bbox 235 3633 355 3688; x_wconf 84' lang='grc' dir='ltr'>χυν,</span> <span class='ocrx_word' id='word_1_527' title='bbox 393 3614 529 3687; x_wconf 86' lang='grc' dir='ltr'>μηδὲ</span> <span class='ocrx_word' id='word_1_528' title='bbox 559 3614 621 3667; x_wconf 88' lang='grc' dir='ltr'><strong>τὸ</strong></span> <span class='ocrx_word' id='word_1_529' title='bbox 655 3615 1008 3685; x_wconf 80' lang='grc' dir='ltr'>σπειρόμενον</span> <span class='ocrx_word' id='word_1_530' title='bbox 1043 3615 1099 3667; x_wconf 85' lang='grc' dir='ltr'><strong>ὲν</strong></span> <span class='ocrx_word' id='word_1_531' title='bbox 1132 3614 1308 3685; x_wconf 77' lang='grc' dir='ltr'>φθορᾷ</span> <span class='ocrx_word' id='word_1_532' title='bbox 1329 3614 1466 3669; x_wconf 87' lang='grc' dir='ltr'><strong>ἀλλά</strong></span> <span class='ocrx_word' id='word_1_533' title='bbox 1491 3614 1551 3667; x_wconf 85' lang='grc' dir='ltr'><strong>τὸ</strong></span> <span class='ocrx_word' id='word_1_534' title='bbox 1577 3614 1673 3668; x_wconf 82' lang='grc' dir='ltr'>ἀπ’</span> <span class='ocrx_word' id='word_1_535' title='bbox 1709 3613 1809 3666; x_wconf 87' lang='grc' dir='ltr'>αὑ-</span> 
     </span>
    </p>
   </div>
   <div class='ocr_carea' id='block_1_70' title="bbox 233 3704 1809 3778">
    <p class='ocr_par' dir='ltr' id='par_1_70' title="bbox 233 3704 1809 3778">
     <span class='ocr_line' id='line_1_70' title="bbox 233 3704 1809 3778; baseline -0.003 -18"><span class='ocrx_word' id='word_1_536' title='bbox 233 3706 330 3760; x_wconf 79' lang='grc' dir='ltr'>τοῦ</span> <span class='ocrx_word' id='word_1_537' title='bbox 363 3705 705 3776; x_wconf 79' lang='grc' dir='ltr'>ἐγειρόμενον</span> <span class='ocrx_word' id='word_1_538' title='bbox 733 3707 792 3760; x_wconf 79' lang='grc' dir='ltr'>ἐν</span> <span class='ocrx_word' id='word_1_539' title='bbox 822 3705 1117 3778; x_wconf 77' lang='grc' dir='ltr'>ἀφθαρσίᾳ.</span> <span class='ocrx_word' id='word_1_540' title='bbox 1158 3706 1316 3759; x_wconf 86' lang='grc' dir='ltr'>Ἀλλὰ</span> <span class='ocrx_word' id='word_1_541' title='bbox 1351 3709 1445 3760; x_wconf 72' lang='grc' dir='ltr'><strong>καὶ</strong></span> <span class='ocrx_word' id='word_1_542' title='bbox 1475 3707 1504 3759; x_wconf 91' lang='lat'><strong>6</strong></span> <span class='ocrx_word' id='word_1_543' title='bbox 1533 3704 1640 3758; x_wconf 84' lang='grc' dir='ltr'><strong>τῶν</strong></span> <span class='ocrx_word' id='word_1_544' title='bbox 1673 3705 1809 3758; x_wconf 65' lang='grc' dir='ltr'>πάνυ</span> 
     </span>
    </p>
   </div>
   <div class='ocr_carea' id='block_1_71' title="bbox 233 3793 1808 3868">
    <p class='ocr_par' dir='ltr' id='par_1_71' title="bbox 233 3793 1808 3868">
     <span class='ocr_line' id='line_1_71' title="bbox 233 3793 1808 3868; baseline -0.003 -17"><span class='ocrx_word' id='word_1_545' title='bbox 233 3815 341 3851; x_wconf 85' lang='grc' dir='ltr'><strong>των</strong></span> <span class='ocrx_word' id='word_1_546' title='bbox 363 3797 516 3866; x_wconf 89' lang='grc' dir='ltr'>λόγος</span> <span class='ocrx_word' id='word_1_547' title='bbox 548 3798 666 3850; x_wconf 71' lang='grc' dir='ltr'>ἐστὶ</span> <span class='ocrx_word' id='word_1_548' title='bbox 701 3796 841 3852; x_wconf 84' lang='grc' dir='ltr'>κατὰ</span> <span class='ocrx_word' id='word_1_549' title='bbox 877 3798 973 3868; x_wconf 82' lang='grc' dir='ltr'><strong>μὲν</strong></span> <span class='ocrx_word' id='word_1_550' title='bbox 1001 3798 1208 3851; x_wconf 85' lang='grc' dir='ltr'>Κέλσον</span> <span class='ocrx_word' id='word_1_551' title='bbox 1233 3796 1397 3861; x_wconf 82' lang='grc' dir='ltr'>αὐτὸς</span> <span class='ocrx_word' id='word_1_552' title='bbox 1426 3799 1453 3850; x_wconf 93' lang='lat'><strong>6</strong></span> <span class='ocrx_word' id='word_1_553' title='bbox 1481 3797 1632 3863; x_wconf 85' lang='grc' dir='ltr'>Θεὸς,</span> <span class='ocrx_word' id='word_1_554' title='bbox 1667 3793 1808 3850; x_wconf 81' lang='grc' dir='ltr'><strong>κατά</strong></span> 
     </span>
    </p>
   </div>
   <div class='ocr_carea' id='block_1_72' title="bbox 233 3881 1806 3962">
    <p class='ocr_par' dir='ltr' id='par_1_72' title="bbox 233 3881 1806 3962">
     <span class='ocr_line' id='line_1_72' title="bbox 233 3881 1806 3962; baseline 0.003 -22"><span class='ocrx_word' id='word_1_555' title='bbox 233 3886 290 3940; x_wconf 81' lang='grc' dir='ltr'><strong>δὲ</strong></span> <span class='ocrx_word' id='word_1_556' title='bbox 319 3887 464 3957; x_wconf 79' lang='grc' dir='ltr'>ἡμᾶς</span> <span class='ocrx_word' id='word_1_557' title='bbox 489 3887 517 3940; x_wconf 88' lang='lat'><strong>6</strong></span> <span class='ocrx_word' id='word_1_558' title='bbox 549 3885 677 3951; x_wconf 83' lang='grc' dir='ltr'>Υίὸς</span> <span class='ocrx_word' id='word_1_559' title='bbox 714 3885 878 3940; x_wconf 85' lang='grc' dir='ltr'>αὐτοῦ</span> <span class='ocrx_word' id='word_1_560' title='bbox 898 3903 911 3917; x_wconf 74' lang='grc' dir='ltr'><strong>ο</strong></span> <span class='ocrx_word' id='word_1_561' title='bbox 951 3885 1081 3958; x_wconf 80' lang='grc' dir='ltr'>περὶ</span> <span class='ocrx_word' id='word_1_562' title='bbox 1112 3881 1177 3941; x_wconf 74' lang='grc' dir='ltr'><strong>οὗ</strong></span> <span class='ocrx_word' id='word_1_563' title='bbox 1205 3887 1619 3962; x_wconf 79' lang='grc' dir='ltr'>φιλοσοφοῦντες</span> <span class='ocrx_word' id='word_1_564' title='bbox 1654 3888 1806 3959; x_wconf 81' lang='grc' dir='ltr'>λέγο-</span> 
     </span>
    </p>
   </div>
   <div class='ocr_carea' id='block_1_73' title="bbox 238 3973 1804 4059">
    <p class='ocr_par' dir='ltr' id='par_1_73' title="bbox 238 3973 1804 4059">
     <span class='ocr_line' id='line_1_73' title="bbox 238 3973 1804 4059; baseline 0.008 -30"><span class='ocrx_word' id='word_1_565' title='bbox 238 3995 336 4048; x_wconf 83' lang='grc' dir='ltr'><strong>μεν</strong></span> <span class='ocrx_word' id='word_1_566' title='bbox 363 3978 443 4032; x_wconf 87' lang='grc' dir='ltr'>τό·</span> <span class='ocrx_word' id='word_1_567' title='bbox 479 3995 499 4030; x_wconf 72' lang='grc' dir='ltr'><strong>ι</strong></span> <span class='ocrx_word' id='word_1_568' title='bbox 556 3977 645 4032; x_wconf 87' lang='grc' dir='ltr'>Ἐν</span> <span class='ocrx_word' id='word_1_569' title='bbox 672 3979 812 4049; x_wconf 84' lang='grc' dir='ltr'>ἀρχῇ</span> <span class='ocrx_word' id='word_1_570' title='bbox 837 3973 904 4048; x_wconf 82' lang='grc' dir='ltr'>ἦν</span> <span class='ocrx_word' id='word_1_571' title='bbox 928 3977 956 4030; x_wconf 88' lang='grc' dir='ltr'><strong>ὀ</strong></span> <span class='ocrx_word' id='word_1_572' title='bbox 981 3977 1170 4046; x_wconf 88' lang='grc' dir='ltr'>Λόγος,</span> <span class='ocrx_word' id='word_1_573' title='bbox 1199 3979 1291 4030; x_wconf 73' lang='grc' dir='ltr'><strong>καὶ</strong></span> <span class='ocrx_word' id='word_1_574' title='bbox 1317 3985 1345 4034; x_wconf 84' lang='grc' dir='ltr'><em>ὸ</em></span> <span class='ocrx_word' id='word_1_575' title='bbox 1375 3979 1545 4047; x_wconf 80' lang='grc' dir='ltr'>Λόγος</span> <span class='ocrx_word' id='word_1_576' title='bbox 1567 3978 1633 4052; x_wconf 83' lang='grc' dir='ltr'>ἦν</span> <span class='ocrx_word' id='word_1_577' title='bbox 1668 3988 1804 4059; x_wconf 89' lang='grc' dir='ltr'>πρὸς</span> 
     </span>
    </p>
   </div>
   <div class='ocr_carea' id='block_1_74' title="bbox 233 4063 1802 4140">
    <p class='ocr_par' dir='ltr' id='par_1_74' title="bbox 233 4063 1802 4140">
     <span class='ocr_line' id='line_1_74' title="bbox 233 4063 1802 4140; baseline 0.005 -16"><span class='ocrx_word' id='word_1_578' title='bbox 233 4071 322 4124; x_wconf 83' lang='grc' dir='ltr'><strong>τὸν</strong></span> <span class='ocrx_word' id='word_1_579' title='bbox 365 4070 514 4132; x_wconf 85' lang='grc' dir='ltr'>Θεὸν,</span> <span class='ocrx_word' id='word_1_580' title='bbox 558 4069 652 4123; x_wconf 80' lang='grc' dir='ltr'><strong>καὶ</strong></span> <span class='ocrx_word' id='word_1_581' title='bbox 701 4069 836 4132; x_wconf 86' lang='grc' dir='ltr'>Θεὸς</span> <span class='ocrx_word' id='word_1_582' title='bbox 871 4063 938 4140; x_wconf 81' lang='grc' dir='ltr'>ἦν</span> <span class='ocrx_word' id='word_1_583' title='bbox 973 4071 1004 4121; x_wconf 88' lang='grc' dir='ltr'>ὁ</span> <span class='ocrx_word' id='word_1_584' title='bbox 1047 4069 1234 4136; x_wconf 84' lang='grc' dir='ltr'>Λόγος.</span> <span class='ocrx_word' id='word_1_585' title='bbox 1276 4089 1294 4120; x_wconf 73' lang='grc' dir='ltr'><strong>ι</strong></span> <span class='ocrx_word' id='word_1_586' title='bbox 1345 4070 1503 4124; x_wconf 87' lang='grc' dir='ltr'>Ἀλλά</span> <span class='ocrx_word' id='word_1_587' title='bbox 1547 4075 1641 4127; x_wconf 79' lang='grc' dir='ltr'><strong>καὶ</strong></span> <span class='ocrx_word' id='word_1_588' title='bbox 1685 4079 1802 4132; x_wconf 87' lang='grc' dir='ltr'>καθ’</span> 
     </span>
    </p>
   </div>
   <div class='ocr_carea' id='block_1_75' title="bbox 231 4151 1804 4233">
    <p class='ocr_par' dir='ltr' id='par_1_75' title="bbox 231 4151 1804 4233">
     <span class='ocr_line' id='line_1_75' title="bbox 231 4151 1804 4233; baseline 0.007 -26"><span class='ocrx_word' id='word_1_589' title='bbox 231 4159 377 4228; x_wconf 81' lang='grc' dir='ltr'>ἡμᾶς</span> <span class='ocrx_word' id='word_1_590' title='bbox 398 4155 549 4209; x_wconf 76' lang='grc' dir='ltr'>οὐδὲν</span> <span class='ocrx_word' id='word_1_591' title='bbox 572 4151 682 4219; x_wconf 74' lang='grc' dir='ltr'>οἷός</span> <span class='ocrx_word' id='word_1_592' title='bbox 701 4173 762 4209; x_wconf 83' lang='grc' dir='ltr'><strong>τε</strong></span> <span class='ocrx_word' id='word_1_593' title='bbox 789 4157 1095 4228; x_wconf 79' lang='grc' dir='ltr'>παράλογον</span> <span class='ocrx_word' id='word_1_594' title='bbox 1123 4155 1244 4210; x_wconf 76' lang='grc' dir='ltr'>οὔτε</span> <span class='ocrx_word' id='word_1_595' title='bbox 1272 4161 1400 4228; x_wconf 82' lang='grc' dir='ltr'>παρ’</span> <span class='ocrx_word' id='word_1_596' title='bbox 1429 4160 1617 4214; x_wconf 79' lang='grc' dir='ltr'>ἑαυτὸν</span> <span class='ocrx_word' id='word_1_597' title='bbox 1641 4163 1804 4233; x_wconf 80' lang='grc' dir='ltr'>ἐργά-</span> 
     </span>
    </p>
   </div>
   <div class='ocr_carea' id='block_1_76' title="bbox 235 4245 854 4310">
    <p class='ocr_par' dir='ltr' id='par_1_76' title="bbox 235 4245 854 4310">
     <span class='ocr_line' id='line_1_76' title="bbox 235 4245 854 4310; baseline -0.002 -9"><span class='ocrx_word' id='word_1_598' title='bbox 235 4245 428 4301; x_wconf 87' lang='grc' dir='ltr'>σασθαί</span> <span class='ocrx_word' id='word_1_599' title='bbox 460 4247 607 4300; x_wconf 73' lang='grc' dir='ltr'>ἐστιν</span> <span class='ocrx_word' id='word_1_600' title='bbox 638 4248 666 4300; x_wconf 91' lang='lat'><strong>6</strong></span> <span class='ocrx_word' id='word_1_601' title='bbox 699 4246 854 4310; x_wconf 69' lang='grc' dir='ltr'>Θεόςε</span> 
     </span>
    </p>
   </div>
   <div class='ocr_carea' id='block_1_77' title="bbox 306 4336 1802 4409">
    <p class='ocr_par' dir='ltr' id='par_1_77' title="bbox 306 4336 1802 4409">
     <span class='ocr_line' id='line_1_77' title="bbox 306 4336 1802 4409; baseline 0.005 -19"><span class='ocrx_word' id='word_1_602' title='bbox 306 4337 531 4408; x_wconf 87' lang='grc' dir='ltr'>Ἴδωμεν</span> <span class='ocrx_word' id='word_1_603' title='bbox 568 4337 624 4391; x_wconf 82' lang='grc' dir='ltr'><strong>δὲ</strong></span> <span class='ocrx_word' id='word_1_604' title='bbox 667 4339 762 4391; x_wconf 77' lang='grc' dir='ltr'>καὶ</span> <span class='ocrx_word' id='word_1_605' title='bbox 791 4336 892 4409; x_wconf 79' lang='grc' dir='ltr'>τὴν</span> <span class='ocrx_word' id='word_1_606' title='bbox 927 4337 1056 4408; x_wconf 81' lang='grc' dir='ltr'>ἑξῆς</span> <span class='ocrx_word' id='word_1_607' title='bbox 1092 4339 1187 4392; x_wconf 86' lang='grc' dir='ltr'>τοῦ</span> <span class='ocrx_word' id='word_1_608' title='bbox 1214 4340 1420 4394; x_wconf 86' lang='grc' dir='ltr'>Κέλσου</span> <span class='ocrx_word' id='word_1_609' title='bbox 1442 4341 1606 4409; x_wconf 82' lang='grc' dir='ltr'>λέξιν,</span> <span class='ocrx_word' id='word_1_610' title='bbox 1629 4342 1802 4408; x_wconf 77' lang='grc' dir='ltr'>οὕτως</span> 
     </span>
    </p>
   </div>
   <div class='ocr_carea' id='block_1_78' title="bbox 233 4426 1803 4506">
    <p class='ocr_par' dir='ltr' id='par_1_78' title="bbox 233 4426 1803 4506">
     <span class='ocr_line' id='line_1_78' title="bbox 233 4426 1803 4506; baseline 0.004 -24"><span class='ocrx_word' id='word_1_611' title='bbox 233 4427 484 4500; x_wconf 78' lang='grc' dir='ltr'>ἔχουσαν·</span> <span class='ocrx_word' id='word_1_612' title='bbox 526 4448 545 4482; x_wconf 81' lang='grc' dir='ltr'><strong>ι</strong></span> <span class='ocrx_word' id='word_1_613' title='bbox 597 4431 834 4485; x_wconf 85' lang='grc' dir='ltr'>Ἰουδαῖοι</span> <span class='ocrx_word' id='word_1_614' title='bbox 867 4429 968 4500; x_wconf 84' lang='grc' dir='ltr'>μὲν</span> <span class='ocrx_word' id='word_1_615' title='bbox 999 4426 1112 4497; x_wconf 80' lang='grc' dir='ltr'>οὖν,</span> <span class='ocrx_word' id='word_1_616' title='bbox 1150 4432 1300 4496; x_wconf 81' lang='grc' dir='ltr'>ἔθνος</span> <span class='ocrx_word' id='word_1_617' title='bbox 1329 4433 1457 4487; x_wconf 76' lang='grc' dir='ltr'>ἴδιον</span> <span class='ocrx_word' id='word_1_618' title='bbox 1503 4434 1803 4506; x_wconf 86' lang='grc' dir='ltr'>γενόμενοι,</span> 
     </span>
    </p>
   </div>
   <div class='ocr_carea' id='block_1_79' title="bbox 169 4519 1808 4596">
    <p class='ocr_par' dir='ltr' id='par_1_79' title="bbox 169 4519 1808 4596">
     <span class='ocr_line' id='line_1_79' title="bbox 169 4519 1808 4596; baseline 0.002 -20"><span class='ocrx_word' id='word_1_619' title='bbox 169 4541 174 4552; x_wconf 91' lang='grc'>·</span> <span class='ocrx_word' id='word_1_620' title='bbox 234 4521 324 4576; x_wconf 79' lang='grc' dir='ltr'><strong>καὶ</strong></span> <span class='ocrx_word' id='word_1_621' title='bbox 357 4521 498 4576; x_wconf 87' lang='grc' dir='ltr'><strong>κατά</strong></span> <span class='ocrx_word' id='word_1_622' title='bbox 527 4522 587 4574; x_wconf 87' lang='grc' dir='ltr'><strong>τὸ</strong></span> <span class='ocrx_word' id='word_1_623' title='bbox 624 4519 916 4592; x_wconf 80' lang='grc' dir='ltr'>ἐπιχώριον</span> <span class='ocrx_word' id='word_1_624' title='bbox 951 4522 1150 4593; x_wconf 86' lang='grc' dir='ltr'>νόμους</span> <span class='ocrx_word' id='word_1_625' title='bbox 1192 4523 1426 4596; x_wconf 79' lang='grc' dir='ltr'>θέμενοι,</span> <span class='ocrx_word' id='word_1_626' title='bbox 1462 4525 1556 4579; x_wconf 86' lang='grc' dir='ltr'><strong>καὶ</strong></span> <span class='ocrx_word' id='word_1_627' title='bbox 1585 4524 1808 4589; x_wconf 83' lang='grc' dir='ltr'>τούτους</span> 
     </span>
    </p>
   </div>
   <div class='ocr_carea' id='block_1_80' title="bbox 235 4612 1806 4688">
    <p class='ocr_par' dir='ltr' id='par_1_80' title="bbox 235 4612 1806 4688">
     <span class='ocr_line' id='line_1_80' title="bbox 235 4612 1806 4688; baseline 0.003 -24"><span class='ocrx_word' id='word_1_628' title='bbox 235 4613 291 4665; x_wconf 74' lang='grc' dir='ltr'>ὲν</span> <span class='ocrx_word' id='word_1_629' title='bbox 338 4613 519 4681; x_wconf 86' lang='grc' dir='ltr'>σφίσιν</span> <span class='ocrx_word' id='word_1_630' title='bbox 566 4613 646 4667; x_wconf 73' lang='grc' dir='ltr'>ἔτι</span> <span class='ocrx_word' id='word_1_631' title='bbox 701 4612 798 4669; x_wconf 81' lang='grc' dir='ltr'>νῦν</span> <span class='ocrx_word' id='word_1_632' title='bbox 848 4612 1308 4686; x_wconf 74' lang='grc' dir='ltr'>περιστέλλοντες,</span> <span class='ocrx_word' id='word_1_633' title='bbox 1365 4616 1459 4669; x_wconf 69' lang='grc' dir='ltr'>καὶ</span> <span class='ocrx_word' id='word_1_634' title='bbox 1508 4615 1806 4688; x_wconf 83' lang='grc' dir='ltr'>θρησκείαν</span> 
     </span>
    </p>
   </div>
   <div class='ocr_carea' id='block_1_81' title="bbox 235 4698 1804 4778">
    <p class='ocr_par' dir='ltr' id='par_1_81' title="bbox 235 4698 1804 4778">
     <span class='ocr_line' id='line_1_81' title="bbox 235 4698 1804 4778; baseline 0.006 -28"><span class='ocrx_word' id='word_1_635' title='bbox 235 4699 414 4756; x_wconf 76' lang='grc' dir='ltr'>ὁποίαν</span> <span class='ocrx_word' id='word_1_636' title='bbox 451 4701 537 4774; x_wconf 82' lang='grc' dir='ltr'><strong>δὴ,</strong></span> <span class='ocrx_word' id='word_1_637' title='bbox 570 4702 800 4774; x_wconf 84' lang='grc' dir='ltr'>πάτριον</span> <span class='ocrx_word' id='word_1_638' title='bbox 833 4703 877 4756; x_wconf 87' lang='grc' dir='ltr'><strong>δ’</strong></span> <span class='ocrx_word' id='word_1_639' title='bbox 917 4698 1032 4768; x_wconf 82' lang='grc' dir='ltr'>οὖν,</span> <span class='ocrx_word' id='word_1_640' title='bbox 1067 4704 1450 4774; x_wconf 83' lang='grc' dir='ltr'>φυλάσσοντες,</span> <span class='ocrx_word' id='word_1_641' title='bbox 1492 4707 1652 4778; x_wconf 84' lang='grc' dir='ltr'>ὃμοια</span> <span class='ocrx_word' id='word_1_642' title='bbox 1690 4707 1804 4771; x_wconf 85' lang='grc' dir='ltr'>τοῖς</span> 
     </span>
    </p>
   </div>
   <div class='ocr_carea' id='block_1_82' title="bbox 237 4788 1803 4869">
    <p class='ocr_par' dir='ltr' id='par_1_82' title="bbox 237 4788 1803 4869">
     <span class='ocr_line' id='line_1_82' title="bbox 237 4788 1803 4869; baseline 0.004 -25"><span class='ocrx_word' id='word_1_643' title='bbox 237 4788 403 4854; x_wconf 77' lang='grc' dir='ltr'>ἄλλοις</span> <span class='ocrx_word' id='word_1_644' title='bbox 447 4793 752 4865; x_wconf 85' lang='grc' dir='ltr'>ἀνθρώποις</span> <span class='ocrx_word' id='word_1_645' title='bbox 796 4794 1028 4867; x_wconf 70' lang='grc' dir='ltr'>δρῶσινο</span> <span class='ocrx_word' id='word_1_646' title='bbox 1075 4796 1156 4850; x_wconf 82' lang='grc' dir='ltr'><strong>ὅτι</strong></span> <span class='ocrx_word' id='word_1_647' title='bbox 1196 4796 1415 4850; x_wconf 76' lang='grc' dir='ltr'>ἕκαστοι</span> <span class='ocrx_word' id='word_1_648' title='bbox 1456 4797 1523 4851; x_wconf 84' lang='grc' dir='ltr'>τὰ</span> <span class='ocrx_word' id='word_1_649' title='bbox 1574 4797 1803 4869; x_wconf 67' lang='grc' dir='ltr'>πάτρια,</span> 
     </span>
    </p>
   </div>
   <div class='ocr_carea' id='block_1_83' title="bbox 234 4880 1802 4962">
    <p class='ocr_par' dir='ltr' id='par_1_83' title="bbox 234 4880 1802 4962">
     <span class='ocr_line' id='line_1_83' title="bbox 234 4880 1802 4962; baseline 0.006 -28"><span class='ocrx_word' id='word_1_650' title='bbox 234 4880 383 4936; x_wconf 80' lang='grc' dir='ltr'>ὀποῖά</span> <span class='ocrx_word' id='word_1_651' title='bbox 413 4884 532 4937; x_wconf 86' lang='grc' dir='ltr'>ποτ’</span> <span class='ocrx_word' id='word_1_652' title='bbox 556 4883 622 4937; x_wconf 79' lang='grc' dir='ltr'>ἂν</span> <span class='ocrx_word' id='word_1_653' title='bbox 644 4885 783 4958; x_wconf 80' lang='grc' dir='ltr'><strong>τύχῃ</strong></span> <span class='ocrx_word' id='word_1_654' title='bbox 802 4886 1179 4958; x_wconf 59' lang='grc' dir='ltr'>καθεστηκότα·</span> <span class='ocrx_word' id='word_1_655' title='bbox 1193 4889 1512 4960; x_wconf 82' lang='grc' dir='ltr'>περιέπουσι</span> <span class='ocrx_word' id='word_1_656' title='bbox 1541 4888 1674 4962; x_wconf 83' lang='grc'>(86).</span> <span class='ocrx_word' id='word_1_657' title='bbox 1702 4892 1802 4944; x_wconf 70' lang='grc' dir='ltr'><strong>Δοο</strong></span> 
     </span>
    </p>
   </div>
   <div class='ocr_carea' id='block_1_84' title="bbox 302 4972 718 5042">
    <p class='ocr_par' dir='ltr' id='par_1_84' title="bbox 302 4972 718 5042">
     <span class='ocr_line' id='line_1_84' title="bbox 302 4972 718 5042; baseline 0.002 -13"><span class='ocrx_word' id='word_1_658' title='bbox 302 4972 344 5005; x_wconf 81' lang='grc'><strong>⁸³</strong></span> <span class='ocrx_word' id='word_1_659' title='bbox 373 4973 530 5030; x_wconf 75' lang='lat' dir='ltr'><strong>Joan.</strong></span> <span class='ocrx_word' id='word_1_660' title='bbox 583 4991 623 5042; x_wconf 85' lang='grc' dir='ltr'><strong>ι,</strong></span> <span class='ocrx_word' id='word_1_661' title='bbox 664 4977 718 5030; x_wconf 85' lang='grc'>1.</span> 
     </span>
    </p>
   </div>
   <div class='ocr_carea' id='block_1_85' title="bbox 299 5063 1785 5144">
    <p class='ocr_par' dir='ltr' id='par_1_85' title="bbox 299 5063 1785 5144">
     <span class='ocr_line' id='line_1_85' title="bbox 299 5063 1785 5144; baseline 0.009 -28"><span class='ocrx_word' id='word_1_662' title='bbox 299 5063 407 5144; x_wconf 60' lang='lat'><strong>(8})</strong></span> <span class='ocrx_word' id='word_1_663' title='bbox 449 5063 743 5144; x_wconf 64' lang='grc' dir='ltr'>Τοιοζὶτρν,</span> <span class='ocrx_word' id='word_1_664' title='bbox 770 5067 938 5144; x_wconf 69' lang='grc' dir='ltr'>ὅσον.</span> <span class='ocrx_word' id='word_1_665' title='bbox 959 5071 1066 5144; x_wconf 80' lang='lat' dir='ltr'><strong>Sic</strong></span> <span class='ocrx_word' id='word_1_666' title='bbox 1093 5086 1222 5144; x_wconf 81' lang='lat' dir='ltr'><strong>mss.</strong></span> <span class='ocrx_word' id='word_1_667' title='bbox 1251 5071 1389 5140; x_wconf 80' lang='lat' dir='ltr'><strong>Quid</strong></span> <span class='ocrx_word' id='word_1_668' title='bbox 1414 5076 1457 5128; x_wconf 89' lang='lat' dir='ltr'><strong>si</strong></span> <span class='ocrx_word' id='word_1_669' title='bbox 1488 5074 1785 5142; x_wconf 80' lang='lat' dir='ltr'><strong>scribatur,-</strong></span> 
     </span>
    </p>
   </div>
   <div class='ocr_carea' id='block_1_86' title="bbox 231 5135 1786 5214">
    <p class='ocr_par' dir='ltr' id='par_1_86' title="bbox 231 5135 1786 5214">
     <span class='ocr_line' id='line_1_86' title="bbox 231 5135 1786 5214; baseline 0.005 -25"><span class='ocrx_word' id='word_1_670' title='bbox 231 5135 502 5214; x_wconf 51' lang='grc' dir='ltr'>τοιοῦτοῆ.</span> <span class='ocrx_word' id='word_1_671' title='bbox 520 5135 604 5205; x_wconf 77' lang='grc' dir='ltr'><strong>ἐφ’</strong></span> <span class='ocrx_word' id='word_1_672' title='bbox 646 5136 768 5214; x_wconf 55' lang='grc' dir='ltr'>ὅσον</span> <span class='ocrx_word' id='word_1_673' title='bbox 812 5141 908 5214; x_wconf 61' lang='grc' dir='ltr'><strong>και</strong></span> <span class='ocrx_word' id='word_1_674' title='bbox 946 5141 977 5193; x_wconf 89' lang='lat'><strong>6</strong></span> <span class='ocrx_word' id='word_1_675' title='bbox 1018 5135 1388 5214; x_wconf 72' lang='grc' dir='ltr'>τηρούμενοςῖ</span> <span class='ocrx_word' id='word_1_676' title='bbox 1420 5145 1591 5214; x_wconf 81' lang='lat' dir='ltr'><strong>Libb.</strong></span> <span class='ocrx_word' id='word_1_677' title='bbox 1620 5135 1786 5209; x_wconf 73' lang='lat' dir='ltr'><strong>editi,</strong></span> 
     </span>
    </p>
   </div>
   <div class='ocr_carea' id='block_1_87' title="bbox 233 5203 1788 5284">
    <p class='ocr_par' dir='ltr' id='par_1_87' title="bbox 233 5203 1788 5284">
     <span class='ocr_line' id='line_1_87' title="bbox 233 5203 1788 5284; baseline 0.007 -28"><span class='ocrx_word' id='word_1_678' title='bbox 233 5203 441 5270; x_wconf 82' lang='grc' dir='ltr'>τοῦτον,</span> <span class='ocrx_word' id='word_1_679' title='bbox 468 5203 619 5284; x_wconf 64' lang='grc' dir='ltr'>βσόν.</span> <span class='ocrx_word' id='word_1_680' title='bbox 664 5203 784 5261; x_wconf 78' lang='lat' dir='ltr'><strong>Mox</strong></span> <span class='ocrx_word' id='word_1_681' title='bbox 834 5209 998 5265; x_wconf 86' lang='lat' dir='ltr'><strong>iidem</strong></span> <span class='ocrx_word' id='word_1_682' title='bbox 1041 5203 1106 5268; x_wconf 66' lang='lat' dir='ltr'><strong>at</strong></span> <span class='ocrx_word' id='word_1_683' title='bbox 1129 5203 1406 5282; x_wconf 74' lang='lat' dir='ltr'><strong>margine,</strong></span> <span class='ocrx_word' id='word_1_684' title='bbox 1446 5203 1788 5284; x_wconf 82' lang='grc' dir='ltr'>περιίστησιν</span> 
     </span>
    </p>
   </div>
   <div class='ocr_carea' id='block_1_88' title="bbox 234 5277 690 5349">
    <p class='ocr_par' dir='ltr' id='par_1_88' title="bbox 234 5277 690 5349">
     <span class='ocr_line' id='line_1_88' title="bbox 234 5277 690 5349; baseline 0.007 -20"><span class='ocrx_word' id='word_1_685' title='bbox 234 5277 690 5349; x_wconf 26' lang='grc' dir='ltr'>ριόλπαρίστησιν.</span> 
     </span>
    </p>
   </div>
   <div class='ocr_carea' id='block_1_89' title="bbox 297 5346 1787 5424">
    <p class='ocr_par' dir='ltr' id='par_1_89' title="bbox 297 5346 1787 5424">
     <span class='ocr_line' id='line_1_89' title="bbox 297 5346 1787 5424; baseline 0.003 -22"><span class='ocrx_word' id='word_1_686' title='bbox 297 5346 403 5424; x_wconf 77' lang='lat'><strong>(83)</strong></span> <span class='ocrx_word' id='word_1_687' title='bbox 427 5346 600 5424; x_wconf 69' lang='lat' dir='ltr'><strong>Libh.</strong></span> <span class='ocrx_word' id='word_1_688' title='bbox 642 5346 804 5424; x_wconf 63' lang='lat' dir='ltr'><strong>editi,</strong></span> <span class='ocrx_word' id='word_1_689' title='bbox 841 5351 1072 5424; x_wconf 79' lang='grc' dir='ltr'>φύσεως.</span> <span class='ocrx_word' id='word_1_690' title='bbox 1105 5351 1273 5424; x_wconf 83' lang='lat' dir='ltr'><strong>Codd.</strong></span> <span class='ocrx_word' id='word_1_691' title='bbox 1313 5352 1513 5424; x_wconf 79' lang='lat' dir='ltr'><strong>Regius</strong></span> <span class='ocrx_word' id='word_1_692' title='bbox 1551 5365 1606 5424; x_wconf 85' lang='lat' dir='ltr'><strong>et</strong></span> <span class='ocrx_word' id='word_1_693' title='bbox 1636 5353 1787 5424; x_wconf 51' lang='lat' dir='ltr'><strong>Basij-</strong></span> 
     </span>
    </p>
   </div>
   <div class='ocr_carea' id='block_1_90' title="bbox 235 5414 1784 5489">
    <p class='ocr_par' dir='ltr' id='par_1_90' title="bbox 235 5414 1784 5489">
     <span class='ocr_line' id='line_1_90' title="bbox 235 5414 1784 5489; baseline 0.006 -21"><span class='ocrx_word' id='word_1_694' title='bbox 235 5414 437 5489; x_wconf 76' lang='lat' dir='ltr'><strong>ieensis,</strong></span> <span class='ocrx_word' id='word_1_695' title='bbox 469 5418 724 5489; x_wconf 76' lang='grc' dir='ltr'>κρίσεως.</span> <span class='ocrx_word' id='word_1_696' title='bbox 762 5414 930 5477; x_wconf 79' lang='lat' dir='ltr'><strong>Paulo</strong></span> <span class='ocrx_word' id='word_1_697' title='bbox 958 5414 1081 5489; x_wconf 80' lang='lat' dir='ltr'><strong>post</strong></span> <span class='ocrx_word' id='word_1_698' title='bbox 1122 5423 1284 5477; x_wconf 90' lang='lat' dir='ltr'><strong>iidem</strong></span> <span class='ocrx_word' id='word_1_699' title='bbox 1316 5414 1444 5477; x_wconf 61' lang='lat' dir='ltr'><strong>libb.</strong></span> <span class='ocrx_word' id='word_1_700' title='bbox 1471 5423 1634 5489; x_wconf 87' lang='lat' dir='ltr'><strong>editi,</strong></span> <span class='ocrx_word' id='word_1_701' title='bbox 1673 5422 1784 5477; x_wconf 74' lang='grc' dir='ltr'>Καὶ</span> 
     </span>
    </p>
   </div>
   <div class='ocr_carea' id='block_1_91' title="bbox 235 5439 1776 5566">
    <p class='ocr_par' dir='ltr' id='par_1_91' title="bbox 235 5439 1776 5566">
     <span class='ocr_line' id='line_1_91' title="bbox 235 5439 1776 5489; baseline 0.006 -21"><span class='ocrx_word' id='word_1_702' title='bbox 235 5439 437 5484; x_wconf 76' lang='lat' dir='ltr'><strong>mensis,</strong></span> <span class='ocrx_word' id='word_1_703' title='bbox 469 5439 724 5489; x_wconf 83' lang='grc' dir='ltr'>κρισεως.</span> <span class='ocrx_word' id='word_1_704' title='bbox 763 5439 930 5477; x_wconf 79' lang='lat' dir='ltr'><strong>ramo</strong></span> <span class='ocrx_word' id='word_1_705' title='bbox 975 5439 1081 5476; x_wconf 83' lang='lat' dir='ltr'><strong>‘ost</strong></span> <span class='ocrx_word' id='word_1_706' title='bbox 1122 5439 1284 5477; x_wconf 87' lang='lat' dir='ltr'><strong>ttaem</strong></span> <span class='ocrx_word' id='word_1_707' title='bbox 1316 5439 1444 5477; x_wconf 81' lang='lat' dir='ltr'><strong>non.</strong></span> <span class='ocrx_word' id='word_1_708' title='bbox 1471 5439 1634 5489; x_wconf 83' lang='lat' dir='ltr'><strong>eum,</strong></span> <span class='ocrx_word' id='word_1_709' title='bbox 1673 5439 1776 5477; x_wconf 67' lang='lat' dir='ltr'><strong>nat</strong></span> 
     </span>
     <span class='ocr_line' id='line_1_92' title="bbox 235 5439 1776 5566; baseline 0.006 -29"><span class='ocrx_word' id='word_1_710' title='bbox 235 5485 347 5566; x_wconf 58' lang='grc' dir='ltr'>ἀλλο</span> <span class='ocrx_word' id='word_1_711' title='bbox 375 5504 426 5540; x_wconf 88' lang='grc' dir='ltr'><strong>τι</strong></span> <span class='ocrx_word' id='word_1_712' title='bbox 470 5487 668 5566; x_wconf 68' lang='grc' dir='ltr'><strong>ψυχῆς⁵</strong></span> <span class='ocrx_word' id='word_1_713' title='bbox 699 5439 1132 5566; x_wconf 17' lang='grc' dir='ltr'>αἰώνιονᾲδιοτὴν</span> <span class='ocrx_word' id='word_1_714' title='bbox 1161 5490 1458 5566; x_wconf 65' lang='grc' dir='ltr'>δύνασθαι,</span> <span class='ocrx_word' id='word_1_715' title='bbox 1495 5496 1587 5547; x_wconf 86' lang='lat' dir='ltr'><strong>sed</strong></span> <span class='ocrx_word' id='word_1_716' title='bbox 1602 5496 1776 5566; x_wconf 36' lang='lat' dir='ltr'><strong>Acodd.</strong></span> 
     </span>
    </p>
   </div>
   <div class='ocr_carea' id='block_1_92' title="bbox 239 5556 1777 5632">
    <p class='ocr_par' dir='ltr' id='par_1_92' title="bbox 239 5556 1777 5632">
     <span class='ocr_line' id='line_1_93' title="bbox 239 5556 1777 5632; baseline 0.007 -27"><span class='ocrx_word' id='word_1_717' title='bbox 239 5556 417 5632; x_wconf 73' lang='lat' dir='ltr'><strong>llegius</strong></span> <span class='ocrx_word' id='word_1_718' title='bbox 440 5570 495 5612; x_wconf 88' lang='lat' dir='ltr'><strong>et</strong></span> <span class='ocrx_word' id='word_1_719' title='bbox 526 5556 872 5632; x_wconf 59' lang='lat' dir='ltr'><strong>Basileensis,</strong></span> <span class='ocrx_word' id='word_1_720' title='bbox 900 5556 1009 5616; x_wconf 71' lang='lat' dir='ltr'><strong>Kal.</strong></span> <span class='ocrx_word' id='word_1_721' title='bbox 1040 5556 1119 5614; x_wconf 79' lang='grc' dir='ltr'>ὅτι</span> <span class='ocrx_word' id='word_1_722' title='bbox 1143 5562 1321 5632; x_wconf 77' lang='grc' dir='ltr'>ψυχῆς</span> <span class='ocrx_word' id='word_1_723' title='bbox 1350 5561 1565 5618; x_wconf 75' lang='grc' dir='ltr'>αἰώνιον</span> <span class='ocrx_word' id='word_1_724' title='bbox 1596 5561 1777 5632; x_wconf 78' lang='grc' dir='ltr'>βιοτὴν</span> 
     </span>
    </p>
   </div>
   <div class='ocr_carea' id='block_1_93' title="bbox 235 5623 1385 5708">
    <p class='ocr_par' dir='ltr' id='par_1_93' title="bbox 235 5623 1385 5708">
     <span class='ocr_line' id='line_1_94' title="bbox 235 5623 1385 5708; baseline 0.016 -41"><span class='ocrx_word' id='word_1_725' title='bbox 235 5623 574 5708; x_wconf 39' lang='grc' dir='ltr'><strong>δύυὲῖᾳι,υιιέ)ἰ</strong></span> <span class='ocrx_word' id='word_1_726' title='bbox 611 5643 709 5708; x_wconf 75' lang='lat' dir='ltr'><strong>pro</strong></span> <span class='ocrx_word' id='word_1_727' title='bbox 737 5623 934 5708; x_wconf 71' lang='grc' dir='ltr'>ψυχῆς,</span> <span class='ocrx_word' id='word_1_728' title='bbox 973 5623 1385 5708; x_wconf 80' lang='lat' dir='ltr'><strong>mallem</strong></span> 
     </span>
    </p>
   </div>
   <div class='ocr_carea' id='block_1_94' title="bbox 297 5695 1774 5772">
    <p class='ocr_par' dir='ltr' id='par_1_94' title="bbox 297 5695 1774 5772">
     <span class='ocr_line' id='line_1_95' title="bbox 297 5695 1774 5772; baseline 0.005 -24"><span class='ocrx_word' id='word_1_729' title='bbox 297 5695 398 5768; x_wconf 61' lang='grc'><strong>(84)</strong></span> <span class='ocrx_word' id='word_1_730' title='bbox 451 5695 790 5762; x_wconf 70' lang='grc' dir='ltr'><strong>Ἀξιοῦνταὶ.</strong></span> <span class='ocrx_word' id='word_1_731' title='bbox 813 5695 988 5757; x_wconf 61' lang='lat' dir='ltr'><strong>licuit:</strong></span> <span class='ocrx_word' id='word_1_732' title='bbox 1020 5703 1174 5758; x_wconf 74' lang='lat' dir='ltr'><strong>codd.</strong></span> <span class='ocrx_word' id='word_1_733' title='bbox 1205 5695 1403 5772; x_wconf 42' lang='lat' dir='ltr'><strong>lieg&#39;t&#39;t&#39;ts</strong></span> <span class='ocrx_word' id='word_1_734' title='bbox 1429 5711 1480 5758; x_wconf 90' lang='lat' dir='ltr'><strong>et</strong></span> <span class='ocrx_word' id='word_1_735' title='bbox 1512 5700 1774 5756; x_wconf 72' lang='lat' dir='ltr'><strong>Basilecn-</strong></span> 
     </span>
    </p>
   </div>
   <div class='ocr_carea' id='block_1_95' title="bbox 1921 3159 3487 3230">
    <p class='ocr_par' dir='ltr' id='par_1_95' title="bbox 1921 3159 3487 3230">
     <span class='ocr_line' id='line_1_96' title="bbox 1921 3159 3487 3230; baseline 0 -16"><span class='ocrx_word' id='word_1_736' title='bbox 1921 3164 2215 3214; x_wconf 85' lang='lat' dir='ltr'><strong>humanum</strong></span> <span class='ocrx_word' id='word_1_737' title='bbox 2244 3173 2464 3224; x_wconf 87' lang='lat' dir='ltr'><strong>corpus,</strong></span> <span class='ocrx_word' id='word_1_738' title='bbox 2508 3167 2568 3212; x_wconf 88' lang='lat' dir='ltr'><strong>ut</strong></span> <span class='ocrx_word' id='word_1_739' title='bbox 2591 3169 2787 3213; x_wconf 63' lang='lat' dir='ltr'><strong>caetera</strong></span> <span class='ocrx_word' id='word_1_740' title='bbox 2825 3160 3150 3224; x_wconf 88' lang='lat' dir='ltr'><strong>bestiarum,</strong></span> <span class='ocrx_word' id='word_1_741' title='bbox 3199 3159 3487 3230; x_wconf 86' lang='lat' dir='ltr'><strong>projicien-</strong></span> 
     </span>
    </p>
   </div>
   <div class='ocr_carea' id='block_1_96' title="bbox 1920 3236 3487 3321">
    <p class='ocr_par' dir='ltr' id='par_1_96' title="bbox 1920 3236 3487 3321">
     <span class='ocr_line' id='line_1_97' title="bbox 1920 3236 3487 3321; baseline 0.002 -17"><span class='ocrx_word' id='word_1_742' title='bbox 1920 3259 2022 3317; x_wconf 87' lang='lat' dir='ltr'><strong>tes,</strong></span> <span class='ocrx_word' id='word_1_743' title='bbox 2053 3236 2291 3303; x_wconf 84' lang='lat' dir='ltr'><strong>animam</strong></span> <span class='ocrx_word' id='word_1_744' title='bbox 2321 3262 2352 3304; x_wconf 90' lang='lat' dir='ltr'><strong>e</strong></span> <span class='ocrx_word' id='word_1_745' title='bbox 2373 3263 2600 3320; x_wconf 90' lang='lat' dir='ltr'><strong>corpore</strong></span> <span class='ocrx_word' id='word_1_746' title='bbox 2631 3264 2905 3321; x_wconf 87' lang='lat' dir='ltr'><strong>egressam</strong></span> <span class='ocrx_word' id='word_1_747' title='bbox 2938 3259 3196 3320; x_wconf 88' lang='lat' dir='ltr'><strong>quantum</strong></span> <span class='ocrx_word' id='word_1_748' title='bbox 3228 3252 3281 3305; x_wconf 92' lang='lat' dir='ltr'><strong>in</strong></span> <span class='ocrx_word' id='word_1_749' title='bbox 3329 3250 3487 3307; x_wconf 88' lang='lat' dir='ltr'><strong>nobis</strong></span> 
     </span>
    </p>
   </div>
   <div class='ocr_carea' id='block_1_97' title="bbox 1916 3340 3466 3411">
    <p class='ocr_par' dir='ltr' id='par_1_97' title="bbox 1916 3340 3466 3411">
     <span class='ocr_line' id='line_1_98' title="bbox 1916 3340 3466 3411; baseline 0.001 -14"><span class='ocrx_word' id='word_1_750' title='bbox 1916 3351 2002 3398; x_wconf 87' lang='lat' dir='ltr'><strong>est</strong></span> <span class='ocrx_word' id='word_1_751' title='bbox 2039 3341 2333 3396; x_wconf 73' lang='lat' dir='ltr'><strong>adiciamus</strong></span> <span class='ocrx_word' id='word_1_752' title='bbox 2357 3341 2710 3396; x_wconf 88' lang='lat' dir='ltr'><strong>contumelia.</strong></span> <span class='ocrx_word' id='word_1_753' title='bbox 2762 3340 2846 3396; x_wconf 92' lang='lat' dir='ltr'><strong>Sit</strong></span> <span class='ocrx_word' id='word_1_754' title='bbox 2877 3341 3039 3411; x_wconf 86' lang='lat' dir='ltr'><strong>igitur</strong></span> <span class='ocrx_word' id='word_1_755' title='bbox 3070 3342 3362 3398; x_wconf 87' lang='lat' dir='ltr'><strong>absurdum</strong></span> <span class='ocrx_word' id='word_1_756' title='bbox 3390 3343 3466 3398; x_wconf 84' lang='lat' dir='ltr'><strong>im</strong></span> 
     </span>
    </p>
   </div>
   <div class='ocr_carea' id='block_1_98' title="bbox 1916 3431 3485 3504">
    <p class='ocr_par' dir='ltr' id='par_1_98' title="bbox 1916 3431 3485 3504">
     <span class='ocr_line' id='line_1_99' title="bbox 1916 3431 3485 3504; baseline 0.003 -19"><span class='ocrx_word' id='word_1_757' title='bbox 1916 3432 2302 3487; x_wconf 88' lang='lat' dir='ltr'><strong>mortalitatem</strong></span> <span class='ocrx_word' id='word_1_758' title='bbox 2334 3447 2364 3486; x_wconf 92' lang='lat' dir='ltr'><strong>a</strong></span> <span class='ocrx_word' id='word_1_759' title='bbox 2393 3431 2503 3488; x_wconf 86' lang='lat' dir='ltr'><strong>Deo</strong></span> <span class='ocrx_word' id='word_1_760' title='bbox 2555 3432 2670 3488; x_wconf 80' lang='lat' dir='ltr'><strong>dari</strong></span> <span class='ocrx_word' id='word_1_761' title='bbox 2716 3447 2888 3504; x_wconf 85' lang='lat' dir='ltr'><strong>grano</strong></span> <span class='ocrx_word' id='word_1_762' title='bbox 2921 3431 3108 3496; x_wconf 89' lang='lat' dir='ltr'><strong>tritici,</strong></span> <span class='ocrx_word' id='word_1_763' title='bbox 3140 3445 3234 3487; x_wconf 90' lang='lat' dir='ltr'><strong>aut</strong></span> <span class='ocrx_word' id='word_1_764' title='bbox 3263 3433 3342 3488; x_wconf 88' lang='lat' dir='ltr'><strong>rei</strong></span> <span class='ocrx_word' id='word_1_765' title='bbox 3365 3448 3485 3504; x_wconf 80' lang='lat' dir='ltr'><strong>qua:</strong></span> 
     </span>
    </p>
   </div>
   <div class='ocr_carea' id='block_1_99' title="bbox 1915 3523 3485 3594">
    <p class='ocr_par' dir='ltr' id='par_1_99' title="bbox 1915 3523 3485 3594">
     <span class='ocr_line' id='line_1_100' title="bbox 1915 3523 3485 3594; baseline -0.001 -14"><span class='ocrx_word' id='word_1_766' title='bbox 1915 3525 2217 3580; x_wconf 86' lang='lat' dir='ltr'><strong>seminatur</strong></span> <span class='ocrx_word' id='word_1_767' title='bbox 2247 3523 2300 3577; x_wconf 90' lang='lat' dir='ltr'><strong>in</strong></span> <span class='ocrx_word' id='word_1_768' title='bbox 2335 3525 2835 3594; x_wconf 88' lang='lat' dir='ltr'><strong>corruptione;sed</strong></span> <span class='ocrx_word' id='word_1_769' title='bbox 2864 3525 3068 3594; x_wconf 85' lang='lat' dir='ltr'><strong>spicam</strong></span> <span class='ocrx_word' id='word_1_770' title='bbox 3094 3540 3158 3579; x_wconf 77' lang='lat' dir='ltr'><strong>ex</strong></span> <span class='ocrx_word' id='word_1_771' title='bbox 3187 3540 3356 3592; x_wconf 82' lang='lat' dir='ltr'><strong>grano</strong></span> <span class='ocrx_word' id='word_1_772' title='bbox 3387 3539 3485 3578; x_wconf 87' lang='lat' dir='ltr'><strong>na-</strong></span> 
     </span>
    </p>
   </div>
   <div class='ocr_carea' id='block_1_100' title="bbox 1919 3615 3486 3686">
    <p class='ocr_par' dir='ltr' id='par_1_100' title="bbox 1919 3615 3486 3686">
     <span class='ocr_line' id='line_1_101' title="bbox 1919 3615 3486 3686; baseline 0 -16"><span class='ocrx_word' id='word_1_773' title='bbox 1919 3625 2027 3671; x_wconf 83' lang='lat' dir='ltr'><strong>tam</strong></span> <span class='ocrx_word' id='word_1_774' title='bbox 2063 3631 2158 3671; x_wconf 82' lang='lat' dir='ltr'><strong>seu</strong></span> <span class='ocrx_word' id='word_1_775' title='bbox 2188 3617 2239 3671; x_wconf 87' lang='lat' dir='ltr'><strong>id</strong></span> <span class='ocrx_word' id='word_1_776' title='bbox 2273 3617 2416 3684; x_wconf 87' lang='lat' dir='ltr'><strong>quod</strong></span> <span class='ocrx_word' id='word_1_777' title='bbox 2444 3616 2617 3686; x_wconf 78' lang='lat' dir='ltr'><strong>surgit</strong></span> <span class='ocrx_word' id='word_1_778' title='bbox 2639 3615 2692 3668; x_wconf 89' lang='lat' dir='ltr'><strong>in</strong></span> <span class='ocrx_word' id='word_1_779' title='bbox 2721 3615 3146 3685; x_wconf 87' lang='lat' dir='ltr'><strong>incorruptione,</strong></span> <span class='ocrx_word' id='word_1_780' title='bbox 3181 3615 3486 3670; x_wconf 83' lang='lat' dir='ltr'><strong>immortale</strong></span> 
     </span>
    </p>
   </div>
   <div class='ocr_carea' id='block_1_101' title="bbox 1917 3705 3483 3778">
    <p class='ocr_par' dir='ltr' id='par_1_101' title="bbox 1917 3705 3483 3778">
     <span class='ocr_line' id='line_1_102' title="bbox 1917 3705 3483 3778; baseline -0.003 -16"><span class='ocrx_word' id='word_1_781' title='bbox 1917 3707 2035 3763; x_wconf 84' lang='lat' dir='ltr'><strong>ﬁeri</strong></span> <span class='ocrx_word' id='word_1_782' title='bbox 2072 3723 2176 3763; x_wconf 92' lang='lat' dir='ltr'><strong>non</strong></span> <span class='ocrx_word' id='word_1_783' title='bbox 2213 3717 2296 3762; x_wconf 84' lang='lat' dir='ltr'><strong>est</strong></span> <span class='ocrx_word' id='word_1_784' title='bbox 2321 3708 2636 3762; x_wconf 87' lang='lat' dir='ltr'><strong>absurdum.</strong></span> <span class='ocrx_word' id='word_1_785' title='bbox 2675 3705 2938 3776; x_wconf 89' lang='lat' dir='ltr'><strong>Denique,</strong></span> <span class='ocrx_word' id='word_1_786' title='bbox 2973 3706 3138 3778; x_wconf 79' lang='lat'><strong>596</strong></span> <span class='ocrx_word' id='word_1_787' title='bbox 3173 3707 3219 3762; x_wconf 87' lang='lat' dir='ltr'><strong>si</strong></span> <span class='ocrx_word' id='word_1_788' title='bbox 3266 3705 3483 3762; x_wconf 81' lang='lat' dir='ltr'><strong>Celsum</strong></span> 
     </span>
    </p>
   </div>
   <div class='ocr_carea' id='block_1_102' title="bbox 1915 3797 3480 3869">
    <p class='ocr_par' dir='ltr' id='par_1_102' title="bbox 1915 3797 3480 3869">
     <span class='ocr_line' id='line_1_103' title="bbox 1915 3797 3480 3869; baseline -0.002 -15"><span class='ocrx_word' id='word_1_789' title='bbox 1915 3799 2129 3868; x_wconf 82' lang='lat' dir='ltr'><strong>audias,</strong></span> <span class='ocrx_word' id='word_1_790' title='bbox 2157 3799 2298 3854; x_wconf 87' lang='lat' dir='ltr'><strong>Deus</strong></span> <span class='ocrx_word' id='word_1_791' title='bbox 2327 3801 2440 3869; x_wconf 89' lang='lat' dir='ltr'><strong>ipse</strong></span> <span class='ocrx_word' id='word_1_792' title='bbox 2466 3814 2653 3855; x_wconf 88' lang='lat' dir='ltr'><strong>rerum</strong></span> <span class='ocrx_word' id='word_1_793' title='bbox 2689 3800 2930 3855; x_wconf 90' lang='lat' dir='ltr'><strong>omnium</strong></span> <span class='ocrx_word' id='word_1_794' title='bbox 2965 3799 3101 3854; x_wconf 89' lang='lat' dir='ltr'><strong>ratio</strong></span> <span class='ocrx_word' id='word_1_795' title='bbox 3129 3809 3243 3864; x_wconf 85' lang='lat' dir='ltr'><strong>est;</strong></span> <span class='ocrx_word' id='word_1_796' title='bbox 3288 3797 3382 3852; x_wconf 88' lang='lat' dir='ltr'><strong>sed</strong></span> <span class='ocrx_word' id='word_1_797' title='bbox 3413 3811 3480 3852; x_wconf 82' lang='lat' dir='ltr'><strong>ex</strong></span> 
     </span>
    </p>
   </div>
   <div class='ocr_carea' id='block_1_103' title="bbox 1915 3888 3478 3961">
    <p class='ocr_par' dir='ltr' id='par_1_103' title="bbox 1915 3888 3478 3961">
     <span class='ocr_line' id='line_1_104' title="bbox 1915 3888 3478 3961; baseline -0.003 -15"><span class='ocrx_word' id='word_1_798' title='bbox 1915 3892 2091 3957; x_wconf 90' lang='lat' dir='ltr'><strong>nobis,</strong></span> <span class='ocrx_word' id='word_1_799' title='bbox 2127 3890 2246 3959; x_wconf 89' lang='lat' dir='ltr'><strong>ejus</strong></span> <span class='ocrx_word' id='word_1_800' title='bbox 2274 3900 2360 3946; x_wconf 89' lang='lat' dir='ltr'><strong>est</strong></span> <span class='ocrx_word' id='word_1_801' title='bbox 2390 3889 2600 3956; x_wconf 85' lang='lat' dir='ltr'><strong>Filius;</strong></span> <span class='ocrx_word' id='word_1_802' title='bbox 2637 3892 2704 3947; x_wconf 90' lang='lat' dir='ltr'><strong>de</strong></span> <span class='ocrx_word' id='word_1_803' title='bbox 2733 3904 2843 3960; x_wconf 91' lang='lat' dir='ltr'><strong>quo</strong></span> <span class='ocrx_word' id='word_1_804' title='bbox 2867 3890 3314 3961; x_wconf 85' lang='lat' dir='ltr'><strong>philosophantes</strong></span> <span class='ocrx_word' id='word_1_805' title='bbox 3336 3888 3478 3944; x_wconf 84' lang='lat' dir='ltr'><strong>dici-</strong></span> 
     </span>
    </p>
   </div>
   <div class='ocr_carea' id='block_1_104' title="bbox 1913 3978 3480 4052">
    <p class='ocr_par' dir='ltr' id='par_1_104' title="bbox 1913 3978 3480 4052">
     <span class='ocr_line' id='line_1_105' title="bbox 1913 3978 3480 4052; baseline -0.004 -14"><span class='ocrx_word' id='word_1_806' title='bbox 1913 3998 2034 4038; x_wconf 89' lang='lat' dir='ltr'><strong>mus</strong></span> <span class='ocrx_word' id='word_1_807' title='bbox 2066 4000 2080 4038; x_wconf 92' lang='lat'><strong>:</strong></span> <span class='ocrx_word' id='word_1_808' title='bbox 2113 4000 2132 4035; x_wconf 84' lang='grc'><strong>‹</strong></span> <span class='ocrx_word' id='word_1_809' title='bbox 2169 3980 2228 4035; x_wconf 81' lang='lat' dir='ltr'><strong>In</strong></span> <span class='ocrx_word' id='word_1_810' title='bbox 2263 3982 2532 4052; x_wconf 87' lang='lat' dir='ltr'><strong>principio</strong></span> <span class='ocrx_word' id='word_1_811' title='bbox 2559 3992 2677 4038; x_wconf 90' lang='lat' dir='ltr'><strong>erat</strong></span> <span class='ocrx_word' id='word_1_812' title='bbox 2701 3982 2936 4038; x_wconf 88' lang='lat' dir='ltr'><strong>Verlmm</strong></span> <span class='ocrx_word' id='word_1_813' title='bbox 2957 4021 2971 4047; x_wconf 91' lang='lat'><strong>,</strong></span> <span class='ocrx_word' id='word_1_814' title='bbox 3016 3989 3072 4035; x_wconf 90' lang='lat' dir='ltr'><strong>et</strong></span> <span class='ocrx_word' id='word_1_815' title='bbox 3097 3978 3335 4035; x_wconf 81' lang='lat' dir='ltr'><strong>Verbum</strong></span> <span class='ocrx_word' id='word_1_816' title='bbox 3363 3987 3480 4034; x_wconf 77' lang='lat' dir='ltr'><strong>erat</strong></span> 
     </span>
    </p>
   </div>
   <div class='ocr_carea' id='block_1_105' title="bbox 1911 4066 3478 4144">
    <p class='ocr_par' dir='ltr' id='par_1_105' title="bbox 1911 4066 3478 4144">
     <span class='ocr_line' id='line_1_106' title="bbox 1911 4066 3478 4144; baseline -0.002 -18"><span class='ocrx_word' id='word_1_817' title='bbox 1911 4071 2050 4144; x_wconf 87' lang='lat' dir='ltr'><strong>apud</strong></span> <span class='ocrx_word' id='word_1_818' title='bbox 2082 4072 2275 4140; x_wconf 90' lang='lat' dir='ltr'><strong>Deum,</strong></span> <span class='ocrx_word' id='word_1_819' title='bbox 2321 4082 2378 4128; x_wconf 89' lang='lat' dir='ltr'><strong>et</strong></span> <span class='ocrx_word' id='word_1_820' title='bbox 2407 4072 2550 4128; x_wconf 90' lang='lat' dir='ltr'><strong>Deus</strong></span> <span class='ocrx_word' id='word_1_821' title='bbox 2596 4082 2714 4127; x_wconf 85' lang='lat' dir='ltr'><strong>erat</strong></span> <span class='ocrx_word' id='word_1_822' title='bbox 2743 4071 2978 4127; x_wconf 86' lang='lat' dir='ltr'><strong>Verbum</strong></span> <span class='ocrx_word' id='word_1_823' title='bbox 3010 4071 3077 4125; x_wconf 81' lang='grc'><strong>³³.</strong></span> <span class='ocrx_word' id='word_1_824' title='bbox 3118 4089 3139 4124; x_wconf 73' lang='grc' dir='ltr'><strong>ι</strong></span> <span class='ocrx_word' id='word_1_825' title='bbox 3176 4068 3282 4124; x_wconf 89' lang='lat' dir='ltr'><strong>Sed</strong></span> <span class='ocrx_word' id='word_1_826' title='bbox 3310 4076 3365 4123; x_wconf 90' lang='lat' dir='ltr'><strong>et</strong></span> <span class='ocrx_word' id='word_1_827' title='bbox 3397 4066 3478 4123; x_wconf 81' lang='lat' dir='ltr'><strong>l&#39;a—</strong></span> 
     </span>
    </p>
   </div>
   <div class='ocr_carea' id='block_1_106' title="bbox 1913 4160 3478 4228">
    <p class='ocr_par' dir='ltr' id='par_1_106' title="bbox 1913 4160 3478 4228">
     <span class='ocr_line' id='line_1_107' title="bbox 1913 4160 3478 4228; baseline -0.003 -10"><span class='ocrx_word' id='word_1_828' title='bbox 1913 4173 2090 4219; x_wconf 88' lang='lat' dir='ltr'><strong>temur</strong></span> <span class='ocrx_word' id='word_1_829' title='bbox 2119 4166 2287 4220; x_wconf 90' lang='lat' dir='ltr'><strong>Deum</strong></span> <span class='ocrx_word' id='word_1_830' title='bbox 2339 4165 2475 4220; x_wconf 90' lang='lat' dir='ltr'><strong>nihil</strong></span> <span class='ocrx_word' id='word_1_831' title='bbox 2525 4173 2716 4220; x_wconf 86' lang='lat' dir='ltr'><strong>contra</strong></span> <span class='ocrx_word' id='word_1_832' title='bbox 2764 4165 3060 4228; x_wconf 75' lang='lat' dir='ltr'><strong>rationem,</strong></span> <span class='ocrx_word' id='word_1_833' title='bbox 3104 4160 3240 4216; x_wconf 88' lang='lat' dir='ltr'><strong>nihil</strong></span> <span class='ocrx_word' id='word_1_834' title='bbox 3287 4165 3478 4215; x_wconf 84' lang='lat' dir='ltr'><strong>contra</strong></span> 
     </span>
    </p>
   </div>
   <div class='ocr_carea' id='block_1_107' title="bbox 1908 4256 2982 4325">
    <p class='ocr_par' dir='ltr' id='par_1_107' title="bbox 1908 4256 2982 4325">
     <span class='ocr_line' id='line_1_108' title="bbox 1908 4256 2982 4325; baseline -0.002 -16"><span class='ocrx_word' id='word_1_835' title='bbox 1908 4256 2144 4321; x_wconf 88' lang='lat' dir='ltr'><strong>seipsum</strong></span> <span class='ocrx_word' id='word_1_836' title='bbox 2177 4272 2336 4325; x_wconf 90' lang='lat' dir='ltr'><strong>posse</strong></span> <span class='ocrx_word' id='word_1_837' title='bbox 2362 4257 2562 4311; x_wconf 81' lang='lat' dir='ltr'><strong>facere.</strong></span> <span class='ocrx_word' id='word_1_838' title='bbox 2979 4297 2982 4300; x_wconf 94' lang='lat'><strong>.</strong></span> 
     </span>
    </p>
   </div>
   <div class='ocr_carea' id='block_1_108' title="bbox 1979 4339 3475 4416">
    <p class='ocr_par' dir='ltr' id='par_1_108' title="bbox 1979 4339 3475 4416">
     <span class='ocr_line' id='line_1_109' title="bbox 1979 4339 3475 4416; baseline 0.001 -18"><span class='ocrx_word' id='word_1_839' title='bbox 1979 4344 2071 4400; x_wconf 74' lang='grc'><strong>25.</strong></span> <span class='ocrx_word' id='word_1_840' title='bbox 2096 4345 2216 4400; x_wconf 86' lang='lat' dir='ltr'><strong>Jam</strong></span> <span class='ocrx_word' id='word_1_841' title='bbox 2246 4347 2527 4402; x_wconf 81' lang='lat' dir='ltr'><strong>videamus</strong></span> <span class='ocrx_word' id='word_1_842' title='bbox 2557 4360 2678 4416; x_wconf 72' lang='lat' dir='ltr'><strong>qua:</strong></span> <span class='ocrx_word' id='word_1_843' title='bbox 2718 4351 3022 4415; x_wconf 88' lang='lat' dir='ltr'><strong>sequuntur</strong></span> <span class='ocrx_word' id='word_1_844' title='bbox 3051 4341 3193 4412; x_wconf 88' lang='lat' dir='ltr'><strong>apud</strong></span> <span class='ocrx_word' id='word_1_845' title='bbox 3236 4339 3475 4399; x_wconf 90' lang='lat' dir='ltr'><strong>Celsum.</strong></span> 
     </span>
    </p>
   </div>
   <div class='ocr_carea' id='block_1_109' title="bbox 1910 4430 3472 4507">
    <p class='ocr_par' dir='ltr' id='par_1_109' title="bbox 1910 4430 3472 4507">
     <span class='ocr_line' id='line_1_110' title="bbox 1910 4430 3472 4507; baseline -0.004 -15"><span class='ocrx_word' id='word_1_846' title='bbox 1910 4434 2003 4492; x_wconf 88' lang='lat' dir='ltr'><strong>Sic</strong></span> <span class='ocrx_word' id='word_1_847' title='bbox 2047 4437 2184 4492; x_wconf 87' lang='lat' dir='ltr'><strong>ille:</strong></span> <span class='ocrx_word' id='word_1_848' title='bbox 2222 4454 2241 4488; x_wconf 78' lang='grc' dir='ltr'><strong>ι</strong></span> <span class='ocrx_word' id='word_1_849' title='bbox 2290 4436 2425 4492; x_wconf 88' lang='lat' dir='ltr'><strong>Cum</strong></span> <span class='ocrx_word' id='word_1_850' title='bbox 2478 4436 2640 4507; x_wconf 90' lang='lat' dir='ltr'><strong>igitur</strong></span> <span class='ocrx_word' id='word_1_851' title='bbox 2695 4435 2864 4491; x_wconf 78' lang='lat' dir='ltr'><strong>Judaei</strong></span> <span class='ocrx_word' id='word_1_852' title='bbox 2920 4431 3178 4505; x_wconf 87' lang='lat' dir='ltr'><strong>peculiari</strong></span> <span class='ocrx_word' id='word_1_853' title='bbox 3236 4430 3472 4502; x_wconf 85' lang='lat' dir='ltr'><strong>quadam</strong></span> 
     </span>
    </p>
   </div>
   <div class='ocr_carea' id='block_1_110' title="bbox 1905 4521 3470 4599">
    <p class='ocr_par' dir='ltr' id='par_1_110' title="bbox 1905 4521 3470 4599">
     <span class='ocr_line' id='line_1_111' title="bbox 1905 4521 3470 4599; baseline -0.003 -17"><span class='ocrx_word' id='word_1_854' title='bbox 1905 4538 2065 4598; x_wconf 81' lang='lat' dir='ltr'><strong>gente</strong></span> <span class='ocrx_word' id='word_1_855' title='bbox 2109 4528 2403 4583; x_wconf 87' lang='lat' dir='ltr'><strong>constituta</strong></span> <span class='ocrx_word' id='word_1_856' title='bbox 2430 4526 2568 4583; x_wconf 87' lang='lat' dir='ltr'><strong>latas</strong></span> <span class='ocrx_word' id='word_1_857' title='bbox 2601 4542 2700 4599; x_wconf 87' lang='lat' dir='ltr'><strong>pro</strong></span> <span class='ocrx_word' id='word_1_858' title='bbox 2744 4541 2842 4582; x_wconf 91' lang='lat' dir='ltr'><strong>suo</strong></span> <span class='ocrx_word' id='word_1_859' title='bbox 2888 4524 3104 4596; x_wconf 84' lang='lat' dir='ltr'><strong>ingenio</strong></span> <span class='ocrx_word' id='word_1_860' title='bbox 3135 4522 3280 4594; x_wconf 83' lang='lat' dir='ltr'><strong>leges</strong></span> <span class='ocrx_word' id='word_1_861' title='bbox 3305 4521 3470 4578; x_wconf 87' lang='lat' dir='ltr'><strong>etiam</strong></span> 
     </span>
    </p>
   </div>
   <div class='ocr_carea' id='block_1_111' title="bbox 1902 4615 3460 4690">
    <p class='ocr_par' dir='ltr' id='par_1_111' title="bbox 1902 4615 3460 4690">
     <span class='ocr_line' id='line_1_112' title="bbox 1902 4615 3460 4690; baseline -0.003 -16"><span class='ocrx_word' id='word_1_862' title='bbox 1902 4634 2047 4674; x_wconf 89' lang='lat' dir='ltr'><strong>nunc</strong></span> <span class='ocrx_word' id='word_1_863' title='bbox 2092 4619 2413 4685; x_wconf 81' lang='lat' dir='ltr'><strong>observant,</strong></span> <span class='ocrx_word' id='word_1_864' title='bbox 2444 4628 2501 4676; x_wconf 88' lang='lat' dir='ltr'><strong>et</strong></span> <span class='ocrx_word' id='word_1_865' title='bbox 2531 4619 2848 4690; x_wconf 85' lang='lat' dir='ltr'><strong>religionem</strong></span> <span class='ocrx_word' id='word_1_866' title='bbox 2899 4632 3020 4688; x_wconf 74' lang='lat' dir='ltr'><strong>qua:</strong></span> <span class='ocrx_word' id='word_1_867' title='bbox 3067 4615 3460 4684; x_wconf 87' lang='lat' dir='ltr'><strong>qualiscunque</strong></span> 
     </span>
    </p>
   </div>
   <div class='ocr_carea' id='block_1_112' title="bbox 1899 4705 3468 4779">
    <p class='ocr_par' dir='ltr' id='par_1_112' title="bbox 1899 4705 3468 4779">
     <span class='ocr_line' id='line_1_113' title="bbox 1899 4705 3468 4779; baseline -0.002 -15"><span class='ocrx_word' id='word_1_868' title='bbox 1899 4709 1990 4773; x_wconf 87' lang='lat' dir='ltr'><strong>sit,</strong></span> <span class='ocrx_word' id='word_1_869' title='bbox 2025 4711 2199 4779; x_wconf 85' lang='lat' dir='ltr'><strong>patria</strong></span> <span class='ocrx_word' id='word_1_870' title='bbox 2232 4721 2312 4766; x_wconf 90' lang='lat' dir='ltr'><strong>est</strong></span> <span class='ocrx_word' id='word_1_871' title='bbox 2343 4720 2548 4776; x_wconf 88' lang='lat' dir='ltr'><strong>tamen,</strong></span> <span class='ocrx_word' id='word_1_872' title='bbox 2579 4719 2941 4772; x_wconf 87' lang='lat' dir='ltr'><strong>conservant;</strong></span> <span class='ocrx_word' id='word_1_873' title='bbox 3001 4706 3208 4761; x_wconf 79' lang='lat' dir='ltr'><strong>faciunt</strong></span> <span class='ocrx_word' id='word_1_874' title='bbox 3237 4705 3468 4776; x_wconf 85' lang='lat' dir='ltr'><strong>perinde</strong></span> 
     </span>
    </p>
   </div>
   <div class='ocr_carea' id='block_1_113' title="bbox 1901 4799 3466 4872">
    <p class='ocr_par' dir='ltr' id='par_1_113' title="bbox 1901 4799 3466 4872">
     <span class='ocr_line' id='line_1_114' title="bbox 1901 4799 3466 4872; baseline -0.003 -17"><span class='ocrx_word' id='word_1_875' title='bbox 1901 4816 1967 4856; x_wconf 91' lang='lat' dir='ltr'><strong>ac</strong></span> <span class='ocrx_word' id='word_1_876' title='bbox 1993 4801 2177 4857; x_wconf 59' lang='lat' dir='ltr'><strong>ca‘teri</strong></span> <span class='ocrx_word' id='word_1_877' title='bbox 2205 4802 2472 4872; x_wconf 87' lang='lat' dir='ltr'><strong>homines,</strong></span> <span class='ocrx_word' id='word_1_878' title='bbox 2505 4802 2598 4872; x_wconf 92' lang='lat' dir='ltr'><strong>qui</strong></span> <span class='ocrx_word' id='word_1_879' title='bbox 2633 4800 2811 4871; x_wconf 86' lang='lat' dir='ltr'><strong>patria</strong></span> <span class='ocrx_word' id='word_1_880' title='bbox 2843 4799 3092 4855; x_wconf 86' lang='lat' dir='ltr'><strong>instituta</strong></span> <span class='ocrx_word' id='word_1_881' title='bbox 3142 4809 3466 4869; x_wconf 89' lang='lat' dir='ltr'><strong>sequuntur,</strong></span> 
     </span>
    </p>
   </div>
   <div class='ocr_carea' id='block_1_114' title="bbox 1899 4889 3470 4964">
    <p class='ocr_par' dir='ltr' id='par_1_114' title="bbox 1899 4889 3470 4964">
     <span class='ocr_line' id='line_1_115' title="bbox 1899 4889 3470 4964; baseline -0.003 -18"><span class='ocrx_word' id='word_1_882' title='bbox 1899 4891 2301 4964; x_wconf 84' lang='lat' dir='ltr'><strong>qualiacunque</strong></span> <span class='ocrx_word' id='word_1_883' title='bbox 2327 4893 2456 4951; x_wconf 90' lang='lat' dir='ltr'><strong>sint.</strong></span> <span class='ocrx_word' id='word_1_884' title='bbox 2484 4893 2661 4964; x_wconf 82' lang='lat' dir='ltr'><strong>Atque</strong></span> <span class='ocrx_word' id='word_1_885' title='bbox 2688 4893 2762 4948; x_wconf 89' lang='lat' dir='ltr'><strong>ita</strong></span> <span class='ocrx_word' id='word_1_886' title='bbox 2807 4891 2925 4948; x_wconf 79' lang='lat' dir='ltr'><strong>ﬁeri</strong></span> <span class='ocrx_word' id='word_1_887' title='bbox 2957 4889 3296 4947; x_wconf 88' lang='lat' dir='ltr'><strong>conducibile</strong></span> <span class='ocrx_word' id='word_1_888' title='bbox 3323 4889 3470 4943; x_wconf 85' lang='lat' dir='ltr'><strong>vide-</strong></span> 
     </span>
    </p>
   </div>
   <div class='ocr_carea' id='block_1_115' title="bbox 1896 5067 3458 5142">
    <p class='ocr_par' dir='ltr' id='par_1_115' title="bbox 1896 5067 3458 5142">
     <span class='ocr_line' id='line_1_116' title="bbox 1896 5067 3458 5142; baseline -0.005 -11"><span class='ocrx_word' id='word_1_889' title='bbox 1896 5077 1994 5138; x_wconf 88' lang='lat' dir='ltr'><strong>sis,</strong></span> <span class='ocrx_word' id='word_1_890' title='bbox 2020 5074 2250 5129; x_wconf 82' lang='lat' dir='ltr'><strong>refertur</strong></span> <span class='ocrx_word' id='word_1_891' title='bbox 2295 5075 2441 5129; x_wconf 88' lang='lat' dir='ltr'><strong>enim</strong></span> <span class='ocrx_word' id='word_1_892' title='bbox 2485 5075 2550 5128; x_wconf 88' lang='lat' dir='ltr'><strong>ad</strong></span> <span class='ocrx_word' id='word_1_893' title='bbox 2588 5074 2858 5141; x_wconf 87' lang='lat' dir='ltr'><strong>superius,</strong></span> <span class='ocrx_word' id='word_1_894' title='bbox 2902 5075 2954 5126; x_wconf 81' lang='lat' dir='ltr'><strong>oi</strong></span> <span class='ocrx_word' id='word_1_895' title='bbox 2989 5073 3032 5127; x_wconf 79' lang='grc' dir='ltr'><strong>δ’</strong></span> <span class='ocrx_word' id='word_1_896' title='bbox 3065 5071 3127 5138; x_wconf 76' lang='grc' dir='ltr'>ἐξ</span> <span class='ocrx_word' id='word_1_897' title='bbox 3168 5067 3458 5142; x_wconf 82' lang='grc' dir='ltr'>ἀνθρώπου</span> 
     </span>
    </p>
   </div>
   <div class='ocr_carea' id='block_1_116' title="bbox 1893 5143 2756 5208">
    <p class='ocr_par' dir='ltr' id='par_1_116' title="bbox 1893 5143 2756 5208">
     <span class='ocr_line' id='line_1_117' title="bbox 1893 5143 2756 5208; baseline -0.005 -8"><span class='ocrx_word' id='word_1_898' title='bbox 1893 5145 2102 5208; x_wconf 85' lang='grc' dir='ltr'>νέκυες.</span> <span class='ocrx_word' id='word_1_899' title='bbox 2136 5144 2290 5199; x_wconf 88' lang='lat' dir='ltr'><strong>Lihb.</strong></span> <span class='ocrx_word' id='word_1_900' title='bbox 2318 5145 2467 5208; x_wconf 87' lang='lat' dir='ltr'><strong>editi,</strong></span> <span class='ocrx_word' id='word_1_901' title='bbox 2491 5143 2756 5208; x_wconf 83' lang='grc' dir='ltr'>ἀξιοῦται.</span> 
     </span>
    </p>
   </div>
   <div class='ocr_carea' id='block_1_117' title="bbox 1889 5209 3452 5337">
    <p class='ocr_par' dir='ltr' id='par_1_117' title="bbox 1889 5209 3452 5337">
     <span class='ocr_line' id='line_1_118' title="bbox 1963 5209 3452 5285; baseline -0.005 -16"><span class='ocrx_word' id='word_1_902' title='bbox 1963 5213 2078 5283; x_wconf 82' lang='lat'><strong>(85)</strong></span> <span class='ocrx_word' id='word_1_903' title='bbox 2130 5215 2281 5268; x_wconf 73' lang='grc' dir='ltr'>Ἀλλ’</span> <span class='ocrx_word' id='word_1_904' title='bbox 2313 5214 2352 5285; x_wconf 80' lang='grc' dir='ltr'><em>ἢ</em></span> <span class='ocrx_word' id='word_1_905' title='bbox 2389 5213 2521 5282; x_wconf 82' lang='grc' dir='ltr'>ἄρα.</span> <span class='ocrx_word' id='word_1_906' title='bbox 2571 5216 2662 5270; x_wconf 75' lang='lat' dir='ltr'><strong>Sic</strong></span> <span class='ocrx_word' id='word_1_907' title='bbox 2707 5230 2838 5270; x_wconf 88' lang='lat' dir='ltr'><strong>mss.</strong></span> <span class='ocrx_word' id='word_1_908' title='bbox 2872 5213 3025 5268; x_wconf 76' lang='lat' dir='ltr'><strong>Lilib.</strong></span> <span class='ocrx_word' id='word_1_909' title='bbox 3073 5221 3253 5266; x_wconf 88' lang='lat' dir='ltr'><strong>autem</strong></span> <span class='ocrx_word' id='word_1_910' title='bbox 3288 5209 3452 5276; x_wconf 88' lang='lat' dir='ltr'><strong>editi,</strong></span> 
     </span>
     <span class='ocr_line' id='line_1_119' title="bbox 1889 5283 2242 5337; baseline 0 0"><span class='ocrx_word' id='word_1_911' title='bbox 1889 5283 2002 5337; x_wconf 88' lang='grc' dir='ltr'>ἀλλ’</span> <span class='ocrx_word' id='word_1_912' title='bbox 2034 5286 2082 5337; x_wconf 80' lang='grc' dir='ltr'><strong>εί</strong></span> <span class='ocrx_word' id='word_1_913' title='bbox 2114 5285 2242 5337; x_wconf 72' lang='grc' dir='ltr'>ἄρα.</span> 
     </span>
    </p>
   </div>
   <div class='ocr_carea' id='block_1_118' title="bbox 2034 5302 2242 5337">
    <p class='ocr_par' dir='ltr' id='par_1_118' title="bbox 2034 5302 2242 5337">
     <span class='ocr_line' id='line_1_120' title="bbox 2034 5302 2242 5337; baseline 0.005 -1"><span class='ocrx_word' id='word_1_914' title='bbox 2034 5302 2082 5337; x_wconf 91' lang='grc' dir='ltr'><strong>ει</strong></span> <span class='ocrx_word' id='word_1_915' title='bbox 2114 5302 2242 5337; x_wconf 74' lang='lat' dir='ltr'><strong>ana.</strong></span> 
     </span>
    </p>
   </div>
   <div class='ocr_carea' id='block_1_119' title="bbox 1961 5347 3450 5424">
    <p class='ocr_par' dir='ltr' id='par_1_119' title="bbox 1961 5347 3450 5424">
     <span class='ocr_line' id='line_1_121' title="bbox 1961 5347 3450 5424; baseline 0.003 -16"><span class='ocrx_word' id='word_1_916' title='bbox 1961 5354 2074 5424; x_wconf 80' lang='grc'><strong>(86)</strong></span> <span class='ocrx_word' id='word_1_917' title='bbox 2114 5347 2450 5424; x_wconf 71' lang='lat' dir='ltr'><strong>llmschelius</strong></span> <span class='ocrx_word' id='word_1_918' title='bbox 2472 5365 2526 5408; x_wconf 90' lang='lat' dir='ltr'><strong>et</strong></span> <span class='ocrx_word' id='word_1_919' title='bbox 2557 5353 2882 5424; x_wconf 87' lang='lat' dir='ltr'><strong>Spencerus,</strong></span> <span class='ocrx_word' id='word_1_920' title='bbox 2914 5352 3020 5419; x_wconf 84' lang='grc' dir='ltr'>ὅπη</span> <span class='ocrx_word' id='word_1_921' title='bbox 3055 5349 3174 5401; x_wconf 79' lang='grc' dir='ltr'>ποτ’</span> <span class='ocrx_word' id='word_1_922' title='bbox 3197 5348 3263 5401; x_wconf 84' lang='grc' dir='ltr'><strong>ἂν</strong></span> <span class='ocrx_word' id='word_1_923' title='bbox 3286 5347 3450 5424; x_wconf 61' lang='grc' dir='ltr'><strong>τύχῃ,</strong></span> 
     </span>
    </p>
   </div>
   <div class='ocr_carea' id='block_1_120' title="bbox 1887 5417 3454 5496">
    <p class='ocr_par' dir='ltr' id='par_1_120' title="bbox 1887 5417 3454 5496">
     <span class='ocr_line' id='line_1_122' title="bbox 1887 5417 3454 5496; baseline -0.005 -18"><span class='ocrx_word' id='word_1_924' title='bbox 1887 5417 2228 5496; x_wconf 73' lang='grc' dir='ltr'>περιέπουσι,</span> <span class='ocrx_word' id='word_1_925' title='bbox 2254 5425 2344 5496; x_wconf 85' lang='lat' dir='ltr'><strong>sed</strong></span> <span class='ocrx_word' id='word_1_926' title='bbox 2367 5417 2669 5496; x_wconf 10' lang='lat' dir='ltr'><strong>il’hilocalia</strong></span> <span class='ocrx_word' id='word_1_927' title='bbox 2695 5433 2762 5496; x_wconf 74' lang='lat' dir='ltr'><strong>ut</strong></span> <span class='ocrx_word' id='word_1_928' title='bbox 2784 5423 2836 5496; x_wconf 82' lang='lat' dir='ltr'><strong>in</strong></span> <span class='ocrx_word' id='word_1_929' title='bbox 2870 5417 3053 5496; x_wconf 63' lang='lat' dir='ltr'><strong>nostro</strong></span> <span class='ocrx_word' id='word_1_930' title='bbox 3085 5427 3254 5496; x_wconf 64' lang='lat' dir='ltr'><strong>textu.</strong></span> <span class='ocrx_word' id='word_1_931' title='bbox 3286 5417 3454 5496; x_wconf 64' lang='lat' dir='ltr'><strong>Paulo</strong></span> 
     </span>
    </p>
   </div>
   <div class='ocr_carea' id='block_1_121' title="bbox 1889 5487 3451 5557">
    <p class='ocr_par' dir='ltr' id='par_1_121' title="bbox 1889 5487 3451 5557">
     <span class='ocr_line' id='line_1_123' title="bbox 1889 5487 3451 5557; baseline -0.006 -7"><span class='ocrx_word' id='word_1_932' title='bbox 1889 5487 2030 5550; x_wconf 48' lang='lat' dir='ltr'><strong>iul‘ra</strong></span> <span class='ocrx_word' id='word_1_933' title='bbox 2063 5487 2251 5551; x_wconf 86' lang='lat' dir='ltr'><strong>eadem</strong></span> <span class='ocrx_word' id='word_1_934' title='bbox 2283 5495 2596 5556; x_wconf 80' lang='lat' dir='ltr'><strong>l’ltilocalia,</strong></span> <span class='ocrx_word' id='word_1_935' title='bbox 2629 5494 2721 5545; x_wconf 63' lang='grc' dir='ltr'><strong>καὶ</strong></span> <span class='ocrx_word' id='word_1_936' title='bbox 2743 5492 2823 5544; x_wconf 86' lang='grc' dir='ltr'>δεῖ</span> <span class='ocrx_word' id='word_1_937' title='bbox 2853 5488 3158 5557; x_wconf 80' lang='grc' dir='ltr'>φυλάττειν.</span> <span class='ocrx_word' id='word_1_938' title='bbox 3195 5487 3451 5542; x_wconf 78' lang='lat' dir='ltr'><strong>litesche-</strong></span> 
     </span>
    </p>
   </div>
   <div class='ocr_carea' id='block_1_122' title="bbox 1887 5558 3450 5633">
    <p class='ocr_par' dir='ltr' id='par_1_122' title="bbox 1887 5558 3450 5633">
     <span class='ocr_line' id='line_1_124' title="bbox 1887 5558 3450 5633; baseline -0.004 -17"><span class='ocrx_word' id='word_1_939' title='bbox 1887 5565 1987 5620; x_wconf 82' lang='lat' dir='ltr'><strong>lius</strong></span> <span class='ocrx_word' id='word_1_940' title='bbox 2027 5576 2082 5618; x_wconf 73' lang='lat' dir='ltr'><strong>at</strong></span> <span class='ocrx_word' id='word_1_941' title='bbox 2131 5566 2458 5633; x_wconf 79' lang='lat' dir='ltr'><strong>Spencerus,</strong></span> <span class='ocrx_word' id='word_1_942' title='bbox 2505 5563 2600 5615; x_wconf 76' lang='grc' dir='ltr'><strong>καὶ</strong></span> <span class='ocrx_word' id='word_1_943' title='bbox 2627 5559 3074 5633; x_wconf 32' lang='grc' dir='ltr'>δεῖν-φυλάττειν.</span> <span class='ocrx_word' id='word_1_944' title='bbox 3115 5559 3178 5612; x_wconf 89' lang='grc' dir='ltr'><strong>Εῑ</strong></span> <span class='ocrx_word' id='word_1_945' title='bbox 3227 5574 3352 5611; x_wconf 79' lang='lat' dir='ltr'><strong>mox</strong></span> <span class='ocrx_word' id='word_1_946' title='bbox 3397 5558 3450 5610; x_wconf 91' lang='lat' dir='ltr'><strong>in</strong></span> 
     </span>
    </p>
   </div>
   <div class='ocr_carea' id='block_1_123' title="bbox 1885 5631 2809 5704">
    <p class='ocr_par' dir='ltr' id='par_1_123' title="bbox 1885 5631 2809 5704">
     <span class='ocr_line' id='line_1_125' title="bbox 1885 5631 2809 5704; baseline -0.005 -16"><span class='ocrx_word' id='word_1_947' title='bbox 1885 5638 2151 5704; x_wconf 78' lang='lat' dir='ltr'><strong>margine,</strong></span> <span class='ocrx_word' id='word_1_948' title='bbox 2175 5631 2308 5686; x_wconf 78' lang='grc' dir='ltr'><strong>ἀλλά</strong></span> <span class='ocrx_word' id='word_1_949' title='bbox 2341 5632 2434 5686; x_wconf 78' lang='grc' dir='ltr'>καὶ</span> <span class='ocrx_word' id='word_1_950' title='bbox 2467 5633 2615 5692; x_wconf 80' lang='grc' dir='ltr'>ὅπως</span> <span class='ocrx_word' id='word_1_951' title='bbox 2641 5631 2809 5693; x_wconf 79' lang='grc' dir='ltr'>εἰκός.</span> 
     </span>
    </p>
   </div>
  </div>
