3990 6158
439 251 578 309 1219

437 381 526 427 tur
557 386 570 422 :
601 375 714 422 tum
745 363 875 435 quia
919 360 1039 416 aliae
1083 355 1205 412 aliis
1236 353 1386 423 leges
1420 350 1476 406 in
1511 354 1752 404 mentem
1787 359 2009 409 venere,
2040 351 2087 402 Α

441 473 494 521 et
513 456 718 517 servari
753 460 971 523 oportet
1000 463 1064 505 ea
1096 461 1218 518 quae
1261 442 1477 515 publice
1509 439 1811 495 conStituta
1841 443 2012 502 sunt;

442 563 556 609 tum
576 547 717 621 quod
739 540 1021 617 probabile
1042 536 1386 595 estdiversas
1403 541 1561 587 terrm
1583 537 1769 600 partes
1788 523 2018 581 diversis

442 616 821 719 potestatibus,
853 630 1012 707 quasi
1048 629 1314 702 quasdam
1345 624 1738 695 praefecturas,
1765 616 2020 674 commis-

445 706 532 792 sas
561 734 629 788 ab
681 729 859 792 initio,
881 706 887 707 ί
909 723 1099 780 eodem
1149 734 1296 775 nunc
1326 716 1485 771 modo
1519 707 1917 768 administrari.
1950 706 2022 762 Et

445 833 593 881 recte
618 835 741 876 cum
763 814 992 886 singulis
1023 810 1224 880 agitur,
1255 821 1376 863 cum
1403 812 1670 874 reguntur
1697 815 1761 857 ea
1785 797 2021 861 ratione,

445 929 566 974 uuae
599 913 706 968 illis
728 904 1091 979 potestatibus
1120 903 1336 974 placet;
1369 913 1473 954 nec
1505 897 1588 952 las
1611 904 1696 950 est
1725 891 2026 947 dissolvere

447 1023 567 1080 quze
594 1020 691 1076 pro
718 1003 832 1058 suis
865 1009 1091 1068 quaeque
1125 995 1258 1050 locis
1302 994 1410 1060 jam
1441 1001 1556 1044 tum
1578 989 1648 1043 ab
1675 985 1830 1042 initio
1866 981 2028 1038 insti-

453 1073 563 1156 t-uta
589 1073 734 1153 sunt.
769 1116 789 1148 ο
833 1092 932 1147 llic
952 1088 1140 1145 Celsus
1171 1085 1376 1141 indicat
1405 1080 1624 1138 Iudaeos
1657 1079 1724 1133 ab
1757 1073 2029 1146 Egyptiis

451 1191 711 1249 oriundos
737 1185 1068 1256 peculiarem
1100 1188 1284 1252 postea
1313 1173 1660 1231 constituisse
1681 1179 1918 1240 gentem,
1951 1165 2031 1222 lc-

431 1289 550 1356 ‘ges
588 1282 802 1344 tulisse,
829 1290 1031 1346 easque
1072 1273 1389 1328 observare.
1434 1267 1634 1335 Atque,
1679 1270 1738 1315 ut
1767 1274 1834 1316 ne
1865 1258 2032 1315 verba

455 1376 573 1444 eius
607 1377 887 1436 iteremus,
917 1365 1190 1436 signiﬁcat
1212 1378 1244 1418 e
1277 1374 1337 1416 re
1366 1359 1566 1423 fuisse,
1596 1364 1656 1409 ut
1680 1352 1914 1423 patriam
1948 1363 2036 1405 re-

455 1469 709 1539 ligionem
743 1469 1056 1523 tuerentur,
1105 1451 1558 1526 quemadmodum
1587 1455 1796 1502 caetera:
1847 1447 2034 1512 gentes

457 1557 678 1630 propria
710 1570 807 1610 sua
837 1552 1083 1607 instituta
1123 1549 1376 1603 retinent.
1405 1542 1545 1609 Quin
1592 1547 1648 1594 et
1676 1534 2038 1598 areaniorem,

461 1665 558 1707 cur
599 1649 650 1704 id
682 1645 815 1701 utile
847 1643 1014 1697 fuerit
1038 1680 1051 1705 ,
1091 1651 1311 1694 causam
1347 1633 1530 1695 all‘ert,
1575 1642 1700 1683 cum
1736 1622 2042 1681 subindicat

464 1754 580 1803 eos,
616 1734 817 1807 quibus
849 1699 1048 1789 sortito
1073 1724 1269 1793 obtigit
1300 1718 1631 1792 quibusdam
1667 1724 1830 1769 terras
1868 1708 2039 1781 parti-
2074 1699 2115 1754 Β

465 1834 568 1888 bus
597 1842 861 1900 praeesse,
903 1839 1057 1880 suam
1086 1821 1156 1874 ad
1185 1813 1502 1873 condendas
1533 1810 1680 1876 leges
1715 1819 1938 1874 operam
1968 1801 2046 1857 le-

467 1921 819 1995 gislatoribus
847 1911 1256 1971 commodasse.
1310 1903 1513 1960 Statuit
1535 1901 1700 1971 igitur
1733 1893 2047 1952 Judaeorum

469 1986 675 2082 regioni
699 2009 952 2080 gentique
985 2003 1133 2059 illam
1167 1995 1424 2056 incolenti
1460 1992 1694 2062 aliquem
1713 1997 1809 2043 aut
1838 1986 2051 2055 aliquos

471 2106 808 2174 invigilasse,
845 2115 956 2171 quo
991 2095 1074 2151 vel
1099 2095 1296 2166 quibus
1339 2086 1720 2145 collaborante
1760 2080 1846 2136 vel
1884 2078 2054 2135 colla-

470 2191 790 2249 borantibus
827 2187 996 2258 Moysi
1028 2186 1177 2256 leges
1205 2179 1447 2238 Judaieae
1475 2175 1700 2232 saucitae
1733 2179 1883 2228 sunt.

551 2473 643 2529 26.
679 2491 700 2527 ι
735 2472 914 2544 Atque
942 2475 1176 2540 oportet,
1210 2464 1408 2536 inquit,
1459 2475 1684 2517 servare
1732 2458 1904 2530 leges,
1944 2465 2055 2511 tum

483 2569 607 2638 quia
635 2565 772 2622 alias
793 2564 917 2620 aliis
951 2561 1289 2618 constituere
1328 2557 1477 2626 leges
1507 2552 1732 2625 placuit,
1765 2563 1821 2606 et
1846 2547 2056 2603 servari

479 2667 698 2729 oportet
721 2671 784 2711 ea
819 2670 942 2727 quae
987 2652 1205 2724 publice
1239 2648 1534 2704 constituta
1583 2653 1752 2710 sunt;
1789 2651 1901 2696 tum
1935 2638 2059 2710 quia

483 2748 778 2824 probabile
836 2755 924 2801 est
969 2745 1214 2799 diversas
1237 2747 1400 2795 teri-ae
1423 2748 1608 2808 partes
1639 2733 1871 2790 diversis
1907 2740 2060 2800 pote-

485 2837 917 2910 statibus,quasi
943 2837 1207 2907 quasdam
1236 2831 1620 2903 prazl‘ecturas,
1650 2826 1972 2884 commissas
1997 2821 2065 2876 ab

486 2937 663 3001 initio,
714 2932 909 2988 eodvm
963 2943 1110 2983 nunc
1156 2923 1316 2979 modo
1366 2919 1764 2975 administrari.
1810 2935 1830 2970 ι
1859 2915 2066 2971 Deinde

487 3029 680 3085 Celsus
700 3025 854 3094 quasi
875 3036 1063 3078 eorum
1094 3017 1428 3086 oblitusquac
1453 3022 1646 3070 contra
1663 3011 1879 3067 Iudaeos
1905 3007 2065 3073 dixit,
2093 3039 2136 3096 Ο

489 3133 634 3174 nunc
671 3117 819 3184 ipsos
851 3109 1089 3183 generali
1114 3106 1294 3171 laude,
1319 3119 1482 3176 quam
1513 3102 1818 3174 patriorum
1844 3097 2066 3153 institu—

494 3219 669 3264 tormn
696 3201 1056 3261 retinentibus
1081 3197 1346 3268 impertit,
1368 3193 1772 3265 complectitur,
1797 3205 1922 3245 cum
1947 3189 2020 3243 ait
2050 3206 2063 3244 :

498 3317 518 3350 ι
557 3293 821 3352 Praeclare
853 3305 976 3346 cum
1008 3289 1243 3353 singulis
1272 3287 1483 3357 agitur,
1508 3285 1552 3340 si
1591 3291 1855 3353 reguntur
1883 3296 1947 3337 ea
1981 3295 2068 3334 ra-

496 3389 667 3451 tione,
689 3399 808 3455 quze
832 3380 1188 3453 poteStatibus
1215 3377 1322 3432 illis
1345 3374 1544 3446 placet.
1574 3392 1595 3428 ι
1618 3373 1698 3427 Ac
1723 3371 1845 3427 vide
1867 3383 2066 3436 annon,

493 3488 760 3551 quantum
791 3475 844 3530 in
875 3487 934 3531 se
956 3481 1066 3539 est,
1101 3470 1347 3528 Judaeum
1393 3467 1527 3523 velit
1558 3467 1616 3521 iu
1644 3478 1866 3520 suarum
1895 3462 2071 3534 legum

439 3560 442 3567 ’
497 3569 888 3630 observatione
921 3577 1306 3638 perseverare,
1343 3561 1501 3632 quasi
1549 3559 1777 3627 impium
1828 3555 2072 3610 futurum

500 3659 548 3717 si
577 3661 644 3714 ab
675 3657 782 3714 illis
810 3655 1153 3712 abscederet.
1185 3650 1275 3705 Ait
1303 3653 1449 3706 enim
1485 3667 1502 3706 :
1533 3667 1551 3701 ι
1587 3645 1700 3702 Nec
1735 3646 1819 3702 l‘as
1849 3653 1934 3699 est
1964 3643 2076 3698 dis-

502 3755 713 3810 solvere
736 3767 855 3822 quae
878 3765 978 3822 pro
1002 3749 1119 3806 suis
1141 3759 1371 3819 quaeque
1399 3744 1534 3798 locis
1554 3741 1668 3813 jam
1693 3749 1804 3794 tum
1827 3739 1894 3793 ab
1921 3735 2077 3791 initio

503 3844 664 3914 597
691 3843 940 3898 instituta
965 3847 1113 3895 sunt.
1143 3855 1162 3889 ι
1195 3836 1298 3892 llic
1319 3835 1469 3890 illum
1493 3831 1801 3901 eademque
1827 3842 1948 3882 cum
1985 3825 2078 3881 illo

505 3935 804 3991 sentientes
850 3928 1304 4002 interrogaverim
1333 3927 1569 3982 lubens:
1605 3923 1798 3992 ecquis
1828 3919 1920 3976 ille
1956 3918 2078 3983 fuit,

505 4026 597 4098 qui
629 4034 786 4080 terrae
811 4032 998 4094 partes
1024 4023 1093 4078 ab
1125 4020 1282 4076 initio
1306 4017 1444 4073 alias
1475 4015 1597 4071 aliis
1621 4010 1963 4070 disuibuerit
1990 4011 2077 4065 in-

505 4111 1107 4188 spectoribus?Ecquis
1139 4110 1450 4165 Judazorum
1473 4105 1748 4174 regionem
1776 4111 1833 4159 et
1865 4100 2081 4157 Judaeos

508 4208 654 4281 ipsos
685 4207 965 4265 commisit
999 4203 1077 4258 illi
1132 4200 1222 4256 vel
1269 4197 1378 4255 illis
1433 4194 1757 4268 prazsidibus
1791 4191 1886 4262 qui
1933 4190 2080 4244 illam

509 4301 690 4359 sortiti
717 4297 879 4356 sunt?
910 4297 991 4352 An
1014 4293 1248 4365 Jupiter,
1291 4299 1352 4346 ut
1380 4287 1531 4359 loqui
1567 4294 1716 4341 amat
1743 4282 1956 4347 Celsus,
1993 4281 2086 4335 .lu-

1872 223 2196 287 ORIGENIS

3556 192 3711 249 1220

2116 339 2202 391 κεῖ
2230 335 2274 388 δ’
2295 331 2439 386 οὕτω
2465 329 2562 384 καὶ⁵
2593 324 2916 398 συμφέρειν,
2946 321 3007 374 οὐ
3041 318 3200 390 μόνον
3227 311 3416 369 καθότι
3449 308 3544 364 ἐπὶ
3584 308 3714 362 νοῦν

2117 423 2282 498 ἦλθεν
2311 421 2490 484 ἄλλοις
2519 417 2695 481 ἄλλως
2722 414 2965 485 νομίσαι,
2990 411 3086 463 καὶ
3119 408 3200 461 δεῖ
3228 402 3515 474 φυλάττειν
3539 399 3607 454 τὰ
3648 401 3718 464 ἐς

2120 490 2298 572 κοινὸν
2329 509 2706 582 κεκυρωμένα,
2739 503 2876 560 ἀλλὰ
2910 503 3004 556 καὶ
3027 500 3129 563 ὅτι,
3150 496 3239 582 ὡς
3261 493 3428 558 είκὸς,
3461 491 3531 545 τὰ.
3561 490 3716 563 μέρη

2118 608 2216 678 τῆς
2248 605 2350 676 γῆς
2376 602 2435 667 ἐξ
2463 580 2640 671 όιρχῆς
2667 597 2802 651 ἄλλα
2825 594 3006 655 ἄλλοις
3043 580 3307 651 ἐπόπταις
3333 582 3716 654 νενεμημένα,

2122 673 2218 752 καὶ
2246 673 2388 749 κατά
2418 708 2569 754 τινας
2598 684 2953 760 ἐπικρατείας
2991 678 3375 750 διειλημμένα,
3407 673 3582 746 ταύτῃ
3614 673 3720 726 καὶ

2122 789 2423 844 διοικεῖται.
2456 783 2566 836 Kal
2598 781 2661 850 δὴ
2689 777 2759 832 τὰ
2791 777 2920 845 παρ’
2947 772 3196 831 ἑκάστοις
3224 767 3400 838 ὀρθῶς
3436 764 3502 818 ἂν
3535 762 3722 833 πράτ-

2123 895 2268 931 τοιτο
2293 873 2467 945 ταύτῃ
2496 869 2773 942 δρώμενα,
2805 867 2912 936 ὅπη
2940 861 3168 922 ἐκείνοις
3193 857 3371 926 φίλον·
3412 852 3720 925 παραλύειν

2125 969 2184 1022 δὲ
2208 967 2303 1036 οὐχ
2337 965 2483 1017 ὅσιον
2520 957 2659 1014 εἷναι
2705 957 2776 1010 τὰ
2829 955 2888 1018 ἑξ
2930 953 3105 1024 ἀρχῆς
3142 949 3284 1002 κατὰ
3329 946 3527 1008 τόπους
3566 961 3722 996 νενο-

2134 1056 2407 1127 μισμένα·
2452 1071 2469 1104 ι
2515 1053 2573 1106 ἑν
2596 1048 2806 1111 τούτοις
2837 1046 2902 1115 δὴ
2939 1045 2968 1096 6
3000 1041 3207 1102 Κέλσος
3241 1037 3517 1110 ἐμφαίνει,
3560 1035 3642 1087 δτι
3665 1035 3722 1086 οἱ

2130 1148 2299 1203 πάλαι
2331 1144 2619 1214 Αἰγύπτιοι
2651 1140 2890 1194 Ἰουδαῖοι
2914 1136 3138 1205 ὕστερον
3158 1133 3306 1196 ἔθνος
3328 1131 3578 1199 ἐγένοντο
3601 1129 3721 1199 (87)

2132 1238 2285 1302 ἴδιον,
2333 1235 2428 1291 καὶ⁵
2468 1234 2666 1304 νόμους
2707 1232 2960 1302 θέμενοι,
3007 1227 3230 1287 τούτους
3280 1221 3720 1293 περιστέλλουσι.

2133 1332 2245 1386 Καὶ
2274 1330 2362 1384 ἵνα
2405 1326 2481 1400 μὴ
2510 1322 2938 1392 ἑπαναλάϐωμεν
2968 1318 3068 1381 τὰς
3090 1313 3412 1384 ἑκκειμένας
3451 1311 3547 1364 τοῦ
3579 1311 3728 1364 Κέλ-

2138 1435 2231 1471 σου
2274 1398 2473 1480 λέξεις,
2508 1413 2642 1484 φησὶ
2670 1409 2764 1464 καὶ
2803 1406 3100 1478 συμφέρειν
3136 1402 3243 1474 (88)
3274 1400 3479 1462 τούτοις
3519 1398 3586 1451 τὰ
3616 1399 3729 1451 πά-

2137 1523 2268 1580 τρια
2305 1504 2650 1578 θρησκεύειν,
2693 1499 2892 1572 ὁμοίως
2935 1499 3046 1560 τοῖς
3085 1494 3263 1556 ἄλλοις
3305 1491 3484 1544 ἔθνεσι
3510 1489 3582 1542 τὰ
3614 1490 3727 1543 ίδια

2143 1599 2490 1671 περιέπουσι.
2519 1596 2632 1649 Καὶ
2664 1593 2965 1666 βαθυτέραν
2996 1589 3117 1642 τινὰ
3148 1586 3420 1641 ἐκτίθεται
3467 1583 3594 1654 περὶ
3627 1581 3723 1634 τοῦ

2146 1690 2444 1762 συμιρέρειν
2498 1686 2769 1749 Ἰουδαίοις
2820 1682 3103 1754 περιέπειν
3151 1677 3221 1732 τὰ
3261 1675 3468 1746 πάτρια
3523 1672 3724 1736 αἰτίαν,

2147 1783 2542 1852 αἰνισσόμενος,
2584 1778 2665 1830 ὅτι
2696 1777 2824 1838 τοὺς
2867 1773 3112 1827 ἑκάστων
3143 1769 3342 1838 νόμους
3378 1768 3429 1818 οἱ
3469 1765 3727 1835 λαχόντες

2149 1873 2384 1928 ἑπόπται
2422 1866 2560 1925 εἶναι
2601 1869 2700 1939 τῆς
2741 1866 2843 1936 γῆς
2871 1864 2977 1917 τῶν
3010 1859 3502 1931 νομοθετουμένων,
3535 1872 3728 1926 συνερ-

2149 1964 2368 2034 γοῦντες
2395 1965 2508 2028 τοῖς
2536 1958 2853 2031 νομοθέταις
2884 1954 2994 2026 (89)
3031 1953 3231 2008 ἔθεντο.
3268 1951 3484 2004 Ἔοικεν
3515 1943 3608 2000 οὖν
3637 1946 3732 2017 δη-

2149 2057 2296 2120 λοῦν,
2329 2057 2410 2110 ὅτι
2450 2053 2545 2109 καί⁹
2575 2050 2674 2123 τὴν
2719 2046 2984 2104 Ἰουδαίων
3015 2043 3198 2116 χώραν
3227 2042 3320 2096 καὶ
3347 2040 3408 2093 τὸ
3441 2040 3526 2092 ἐπ’
3561 2037 3735 2107 αὐτῆς

2151 2147 2303 2212 ἔθνος
2330 2141 2621 2198 ἐποπτεύει
2647 2157 2731 2204 τις
2761 2141 2796 2210 ἦ
2825 2154 2987 2201 τινες,
3022 2130 3111 2204 ὕφ’
3139 2125 3200 2187 οὗ
3225 2133 3259 2202 ἢ
3291 2129 3378 2199 ὑφ’
3412 2122 3486 2184 ὧν
3511 2130 3560 2183 oi
3601 2129 3734 2182 Ἰου-

2153 2237 2316 2292 δαίων
2364 2235 2516 2306 νόμοι
2564 2229 2948 2303 συνεργοῦντος
2994 2227 3028 2298 ἦ
3076 2221 3478 2295 συνεργούντων
3509 2217 3736 2274 Μωῡσεῖ

2155 2330 2437 2398 ἐτέθησαν.

2233 2462 2252 2494 ι
2291 2440 2401 2495 Kal.
2436 2439 2564 2511 χρὴ,
2616 2436 2769 2508 φησὶ,
2802 2433 2928 2498 τοὺς
2965 2431 3164 2502 νόμους
3209 2427 3431 2499 τηρεῖν,
3467 2424 3528 2478 οὺ
3577 2421 3737 2494 μόνον

2159 2535 2349 2591 καθότι
2377 2535 2469 2588 ἐπὶ
2501 2531 2624 2585 νοῦν
2653 2527 2816 2600 ἦλθεν
2847 2526 3025 2589 ἄλλοις
3054 2521 3227 2585 ἄλλως
3251 2520 3493 2589 νομίσαι,
3527 2514 3622 2570 καὶ
3655 2515 3737 2566 ὅτι

2160 2628 2243 2682 δεῖ
2281 2624 2573 2696 φυλάσσειν
2610 2620 2682 2674 τὰ
2719 2621 2779 2682 ἐς
2820 2615 2999 2672 κοινὸν
3042 2611 3424 2684 κεκυρωμένα,
3462 2606 3597 2662 ἀλλὰ
3646 2605 3744 2658 καὶ

2162 2721 2265 2785 ὅτι,
2297 2717 2373 2782 ὡς
2420 2700 2585 2782 είκὸς,
2625 2713 2695 2768 τὰ
2729 2713 2869 2784 μέρη
2905 2709 3008 2778 τῆς
3039 2707 3142 2776 γῆς
3179 2705 3239 2771 ἑξ
3271 2705 3444 2774 ἀρχῆς
3472 2700 3605 2755 ἄλλα
3643 2697 3740 2754 ἄλ-

2163 2811 2276 2873 λος
2306 2807 2570 2871 ἐπόπταις
2599 2802 2973 2875 νενεμημένα,
3008 2798 3103 2851 καὶ
3145 2795 3286 2848 κατὰ
3315 2811 3465 2856 τινας
3507 2793 3740 2860 ἐπικρα-

2164 2902 2314 2963 τείας
2353 2896 2746 2967 διειλημμένα,
2777 2891 2950 2960 ταύτῃ
2977 2889 3071 2942 καὶ
3093 2886 3389 2938 διοικεῖται.
3429 2901 3446 2934 ι
3476 2879 3612 2944 Εἶθ’,
3639 2880 3748 2932 ὼσ-

2168 2991 2324 3062 περεὶ
2343 2987 2727 3055 ἐπιλαθόμενος
2749 2984 2776 3036 6
2801 2981 3004 3042 Κέλσος
3033 2971 3107 3031 ὧν
3127 2972 3249 3029 εἷπε
3273 2973 3414 3028 κατὰ
3452 2969 3743 3033 Ἰουδαίων,

2169 3082 2263 3136 νῦν
2297 3081 2354 3133 ἑν
2381 3078 2459 3149 τῷ
2489 3073 2760 3144 καθολικῷ
2790 3071 2919 3142 περὶ
2952 3069 3169 3123 πάντων
3197 3065 3304 3118 τῶν
3335 3062 3408 3117 τὰ
3430 3062 3635 3133 πάτρια
3660 3077 3748 3130 τη-

2175 3172 2410 3247 ρούντων
2455 3168 2662 3238 ἐπαίνῳ
2701 3166 2799 3220 καὶ
2838 3162 3063 3225 τούτους
3107 3156 3500 3232 περιλαμϐάνει
3542 3155 3743 3222 λέγων’

2178 3245 2198 3315 ι
2259 3263 2370 3315 Καὶ
2421 3259 2485 3330 δὴ
2538 3257 2607 3311 τὰ
2657 3256 2786 3327 παρ’
2847 3254 3096 3316 ἑκάστοις
3135 3249 3310 3321 ὀρθῶς
3355 3248 3420 3302 ἂν
3462 3245 3750 3316 πράττοιτο

2173 3353 2346 3424 ταύτῃ
2376 3349 2651 3421 δρώμενα,
2685 3347 2792 3416 ὅπη
2825 3345 3054 3406 ἐκείνοις
3085 3340 3256 3410 φίλον.
3295 3355 3314 3389 ι
3343 3337 3453 3390 Καὶ
3472 3338 3573 3407 ὅρα
3600 3334 3647 3388 εί
3675 3333 3747 3406 μὴ

2177 3445 2457 3516 ἄντικρυς,
2493 3441 2556 3494 τὸ
2587 3441 2712 3494 ὅσον
2748 3439 2834 3507 ἐφ’
2869 3434 3067 3505 ἑαυτῷ,
3114 3433 3207 3486 τὸν
3258 3429 3508 3485 Ἰουδαῖον
3538 3430 3595 3482 ἑν
3638 3429 3749 3490 τοῖς

2182 3540 2330 3601 ἰδίοις
2375 3536 2560 3606 νόμοις
2611 3531 2858 3603 βούλεται
2907 3526 3126 3599 βιοῦντα
3170 3522 3242 3594 μὴ
3288 3519 3610 3591 ἀφίστασθαι
3657 3519 3750 3574 αύ-

2178 3633 2287 3686 τῶν
2321 3629 2453 3702 (90),
2482 3627 2557 3691 ὼς
2591 3626 2689 3696 οὐχ
2719 3625 2864 3677 ὅσιον
2903 3619 3231 3690 πράττοντα,
3263 3613 3357 3668 ἑὰν
3389 3613 3597 3684 ἀποστῇ
3618 3628 3632 3642 ο
3667 3610 3754 3664 λέ-

2180 3741 2269 3793 γει
2304 3700 2434 3792 γὰρ,
2465 3719 2546 3773 ὅτι
2583 3737 2602 3769 ι
2650 3711 2948 3787 παραλύειν
2997 3710 3096 3780 οὐχ
3132 3709 3278 3761 ὅσιον
3312 3700 3448 3759 εἶναι
3478 3703 3545 3756 τὰ
3571 3701 3632 3767 ἑξ
3660 3702 3754 3774 ἁρ-

2183 3817 2283 3887 χῆς
2312 3811 2454 3866 κατὰ
2481 3809 2676 3870 τόπους
2699 3803 3081 3876 νενομισμένα.
3123 3819 3141 3852 ι
3189 3794 3516 3866 Ἐϐουλόμην
3539 3794 3594 3847 δὲ
3622 3793 3753 3864 πρὸς

2183 3907 2355 3961 ταῦτα
2387 3900 2552 3959 αὐτοῦ
2586 3899 2621 3970 ἢ
2654 3898 2765 3952 τῶν
2794 3892 3246 3968 συμφρονούντων
3279 3887 3427 3958 αύτῷ
3472 3885 3752 3946 πυθέσθαι,

2184 3998 2267 4062 τίς
2291 3999 2400 4067 ἄρα
2426 3995 2512 4065 είη
2539 3994 2568 4047 ό
2598 3991 2668 4045 τὰ
2702 3989 2844 4062 μέρη
2870 3987 2971 4056 τῆς
2996 3985 3100 4054 γῆς
3125 3981 3186 4048 ἑξ
3210 3981 3385 4053 ἀρχῆς
3417 3979 3550 4034 ἄλλα
3582 3976 3756 4039 ἄλλοις

2188 4090 2450 4151 ἐπόπταις
2481 4084 2791 4154 διανείμας;
2823 4077 2934 4133 Καὶ
2963 4074 3203 4146 δηλονότι
3235 4071 3345 4144 (91)
3367 4069 3464 4142 τὴν
3497 4068 3755 4122 Ἰουδαίων

2187 4182 2372 4254 χώραν
2403 4179 2497 4232 καὶ
2526 4177 2652 4239 τοὺς
2691 4170 2976 4234 Ἰουδαίους
3007 4167 3084 4239 τῷ
3114 4164 3332 4235 λαχόντι
3364 4164 3398 4234 ἢ
3429 4164 3541 4224 τοῖς
3569 4157 3756 4229 λαχοῦ-

2191 4251 2282 4328 σιν.
2319 4272 2522 4342 αὐτήν;
2554 4263 2702 4336 Ἀρα
2739 4264 2868 4335 γὰρ,
2900 4261 2976 4326 ὡς
3009 4258 3272 4330 ὀνομάσαι
3303 4256 3370 4311 ἂν
3407 4257 3436 4309 ὁ
3474 4253 3699 4316 Κέλσος,
3731 4251 3757 4302 ὁ

511 4341 690 4359 πη...
717 4341 874 4356 ειη...
910 4341 991 4352 .-..
1014 4341 1248 4365 -_,..---_,
1296 4341 1352 4346 __
1381 4341 1424 4344 __
1447 4341 1472 4359 ν,
1518 4341 1530 4343 ,
1941 4341 1952 4347 ,

511 4394 750 4449 timorum
783 4397 1000 4461 gentem
1049 4385 1440 4455 regionemque
1477 4377 1696 4434 cuidam
1731 4382 1825 4429 aut
1862 4372 2063 4442 quibus

2191 4365 2326 4428 Ζεὺς
2353 4363 2460 4417 τίνι
2486 4361 2520 4432 ἢ
2553 4361 2664 4412 τίσι
2698 4356 2929 4425 διένειμε
2958 4351 3020 4406 τὸ
3067 4349 3333 4404 Ἰουδαίων
3366 4346 3516 4408 ἔθνος
3547 4342 3639 4396 καὶ
3667 4341 3757 4409 τὴν

2245 4457 2255 4461 -
2439 4455 2452 4461 -
2505 4453 2530 4461 ,ι
2698 4450 2710 4461 ι
2749 4448 2807 4461 .ι,
2855 4446 2893 4461 η
3051 4441 3067 4461 \
3100 4440 3354 4461 _\s_,,)..__
3381 4437 3477 4461 _:...
3511 4433 3756 4461 τιμᾶ-1....

511 4486 637 4542 dam
669 4483 920 4546 credidit,
948 4478 1226 4547 voluitque
1263 4484 1344 4538 ut,
1377 4472 1464 4528 cui
1500 4469 1834 4537 obtingeret,
1871 4465 1917 4520 is
1951 4462 2086 4519 tales

511 4577 714 4636 Judazis
755 4574 902 4644 leges
949 4566 1289 4639 imponeret?
1324 4565 1410 4619 An
1444 4563 1495 4617 id
1527 4563 1730 4615 factum
1775 4563 1858 4612 est
1885 4562 2087 4626 praeter

512 4671 662 4727 Jovis
690 4662 1061 4723 voluntatem?
1116 4657 1398 4715 Utrumvis
1437 4652 1780 4722 respondeat,
1809 4648 1962 4703 vides
1989 4661 2088 4700 an-

518 4759 728 4830 gustias
740 4770 882 4811 esse.
904 4754 1016 4808 Nisi
1036 4760 1216 4806 autem
1238 4749 1306 4805 ab
1325 4760 1431 4802 uno
1448 4744 1701 4815 quopiam
1726 4747 1908 4809 partes
1930 4745 2092 4791 terra:

519 4829 840 4920 prtesidibus
889 4847 1192 4901 distributa:
1221 4840 1423 4895 iuerint
1445 4879 1460 4904 ,
1509 4850 1638 4904 ergo
1665 4829 1860 4901 singuli
1889 4829 2092 4898 quique

522 4943 745 4998 fortuito
770 4948 825 4995 et
855 4939 970 4992 sine
986 4934 1282 5006 superioris
1309 4940 1448 4985 nutu
1479 4937 1679 4984 terram
1713 4921 1898 4994 partiti
1927 4918 2089 4976 suntl:

596 5190 706 5261 (87)
745 5175 1267 5249 Ρίιὶιοιξ.,“εγένοντο.
1305 5169 1644 5228 11ωεοὶ.ρὶίυε
1673 5175 1727 5222 et
1765 5166 2090 5234 Speztcerus,

525 5262 818 5332 ἐγίγνοντο.

2190 4457 2372 4529 χώραν
2394 4453 2603 4516 αὐτῶν;
2629 4450 2721 4505 καὶ
2747 4446 2996 4500 ἐϐούλετο
3015 4441 3108 4497 τὸν
3129 4440 3358 4512 λαχόντα
3379 4437 3477 4508 τὴν
3511 4433 3756 4488 Ἰουδαίαν

2189 4547 2466 4609 τοιούτους
2500 4543 2688 4596 θέσθαι
2735 4541 2793 4594 ὲν
2833 4534 3105 4596 Ἰουδαίοις
3149 4533 3384 4601 νόμους;
3425 4528 3459 4598 ἢ
3510 4524 3657 4597 παρὰ
3702 4521 3757 4572 τὸ

2195 4638 2441 4710 βούλημα
2465 4632 2628 4688 αὐτοῦ
2657 4629 2814 4684 τοῦτο
2845 4627 2954 4698 (92)
2985 4625 3307 4694 γεγένηται;
3349 4618 3436 4682 Ὠς
3465 4617 3509 4670 δ’
3545 4615 3610 4668 ἂν
3636 4613 3758 4666 ἀπο-

2195 4699 2464 4801 κρίνηται,
2495 4725 2647 4795 ὁρᾷς,
2681 4720 2762 4774 ὅτι
2794 4721 2822 4772 ὁ
2849 4717 3004 4785 λόγος
3044 4707 3594 4780 στενοχωρηθήσεται.
3629 4701 3687 4754 Εἰ
3709 4699 3760 4750 δὲ

2205 4823 2279 4894 μὴ
2301 4819 2407 4873 ἀπό
2429 4833 2572 4878 τινος
2595 4813 2712 4877 ἑνὸς
2742 4807 3120 4877 διανενέμηται
3149 4802 3215 4854 τὰ
3243 4801 3382 4871 μέρη
3409 4796 3508 4866 τῆς
3537 4793 3638 4863 γῆς
3660 4792 3759 4853 τοῖς

2200 4882 2463 4974 ἑπόπταις
2487 4907 2683 4970 αὐτῶν,
2719 4904 2827 4976 ἄρα
2856 4900 2966 4986 (9'5)
2995 4892 3456 4964 ἁποκληρωτικῶς
3487 4888 3580 4941 καὶ
3611 4882 3761 4956 χωρὶς

2270 5153 2381 5227 (90)
2422 5148 2653 5227 ᾼὺτων.
2696 5144 2863 5227 Recte
2902 5134 3251 5227 'Pltiloealia;
3290 5130 3760 5216 llmsclteliusuau-

2201 5198 2306 5282 terit
2335 5198 2387 5277 Cll
2420 5198 2968 5289 Speuceruis,i:at516v.
3003 5207 3168 5289 γιιιιὶυ
3196 5198 3318 5289 post
3338 5245 3352 5268 ,
3385 5219 3480 5270 pro
3509 5201 3606 5267 οὐχ
3632 5198 3761 5252 ὅσιον

599 5275 1091 5402 (ξὲῗνἨίηεοίιειίιιε
1128 5320 1182 5374 in
1215 5327 1386 5380 textu,
1430 5307 1753 5384 θρησκεύειν
1790 5302 2000 5363 τούτοις
2028 5317 2058 5353 τ

2200 5295 2360 5358 εἶναι,
2395 5275 2678 5360 legendum
2711 5275 2945 5343 videtur,
2972 5279 3069 5348 ούχ
3099 5275 3240 5328 ὅσιόν
3273 5277 3406 5326 ἐστι.

2275 5366 2388 5402 run
2432 5356 2770 5402 Ilmqr-helills
2796 5363 2850 5402 et
2882 5354 3209 5402 Sueneerus.
3239 5344 3396 5402 δῆλον

527 5393 731 5473 πάτρια
757 5393 1040 5474 συμφέρει.

757 5441 1626 5541 νὶςιῂιρτηῑιι,..νόμοις-,ΙΡιιιιμ)
1645 5454 1778 5541 lpost
1809 5453 1957 5541 regie
1982 5441 2101 5495 Plii-

530 5513 720 5597 lodalia
741 5580 754 5603 ,
782 5538 844 5590 τὸ
872 5534 957 5586 ἐπ’
988 5513 1743 5603 (16:63-60on’llteselielius
1853 5513 2101 5603 §pettre-

536 5627 647 5673 rus,
679 5582 754 5662 τὸ,
791 5606 874 5660 ἐπ’
910 5605 1092 5665 αὐτοῖς
1117 5582 1297 5663 Ιἔθνος.
1332 5582 1546 5651 ἰ’δυιοι
1575 5590 1715 5645 infra
1769 5582 2062 5640 l’ltilocalia
2083 5618 2098 5646 ,

533 5681 738 5749 Μωῢσῇ
769 5676 1048 5746 ἐτέθησαν.

2275 5341 2850 5438 ὦί)ηιῖῷεέιιειίυεηοι
2882 5341 3220 5438 strenueque,
3239 5344 3396 5438 δῆλον
3424 5341 3528 5438 ὅὲι.

2278 5411 2676 5512 (θέ’)ξιῖῦίιοο.,
2715 5423 2894 5477 τοῦτο.
2925 5411 3304 5474 ἰὶωεοιιειίυε
3330 5422 3386 5468 et
3448 5411 3763 5481 Spencerus,

2205 5509 2266 5561 τὸ
2299 5509 2556 5558 τοιοῦτον.

2285 5547 2768 5648 ὡὲΓιίᾦέειιειίυε
2797 5565 2851 5618 in
2880 5567 3054 5623 textu,
3077 5553 3307 5616 ἑαυτῶν,
3336 5547 3464 5622 ἆρα.
