3990 6158
256 249 400 306 1221

1467 252 1746 308 CONTRA
1781 253 2054 310 CELSUM
2085 254 2211 309 LIB.
2241 252 2304 307 V.

3389 261 3528 316 ιεειι

251 365 554 419 ιπιστάτου
590 364 839 428 ἕκαστος,
887 363 962 428 ὡς
1004 365 1182 436 ἔτυχε,
1215 366 1521 437 διενείματο
1567 370 1665 440 τὴν
1700 371 1800 440 γῆν
1825 387 1836 399 ·

1946 369 2087 438 quod
2146 367 2598 423 absurdissimum
2649 376 2732 424 est
2763 377 2819 425 et
2851 370 3047 426 summi
3089 370 3182 426 Dei
3229 373 3522 440 providen—

252 455 399 511 ἀλλὰ
421 457 516 510 καὶ
540 455 684 510 τοῦτ’
709 457 930 522 ἄτοπον,
962 458 1057 510 καὶ
1092 457 1326 528 μετρίως
1361 457 1470 529 (94)
1496 459 1595 530 τῆς
1626 460 1721 512 τοῦ
1755 460 1846 513 ἐπὶ

253 548 397 600 πᾶσι
439 546 572 600 Θεοῦ
615 547 871 618 προνοίας
909 547 1251 618 ἀναιρετικόν
1282 550 1419 600 ἐστι.

328 636 460 702 Πῶς
479 638 534 690 δὲ
553 637 804 690 καὶκατὰ.
835 655 985 700 τινας
1020 638 1368 708 ἐπικρατείας
1407 637 1758 708 διειλημμένα
1780 639 1849 692 τὰ

245 731 410 799 μέρη
428 728 526 798 τῆς
557 728 659 799 γῆς
675 729 950 782 διοικεῖται
986 729 1088 782 ὑπὸ
1114 728 1220 782 τῶν
1248 727 1652 781 ἐποπτευόντων
1684 729 1845 790 αὐτὰ,

251 819 283 870 ὁ
312 817 641 890 βουλόμενος
672 819 1046 890 διηγησάσθω·
1087 817 1474 886 ἀπαγγειλάτω
1500 818 1608 888 (95)
1630 818 1684 870 δὲ
1714 820 1846 887 ἡμῖν

253 911 357 964 καὶ
401 911 522 972 πῶς
563 911 738 982 ὀρθῶς
780 911 1080 981 πράττεται
1123 911 1189 962 τὰ.
1237 909 1365 981 παρ’
1416 910 1662 972 ἑκάστοις
1709 906 1847 978 δρώ-

257 1013 428 1065 μενα,
468 999 576 1069 ὅπη
614 1001 724 1062 τοῖς
759 999 1024 1062 ἐπόπταις
1072 1000 1188 1051 ἐστὶ
1230 999 1412 1067 φίλον·
1452 1000 1544 1051 καὶ
1578 999 1625 1050 εί
1669 997 1847 1068 ὀρθῶς

254 1085 471 1154 ἔχουσι,
505 1087 627 1158 φέρ’
657 1088 848 1152 εἰπεῖν,
882 1088 931 1139 οἱ
963 1087 1182 1140 Σκυθῶν
1209 1089 1337 1159 περὶ
1372 1089 1706 1158 ἀναιρέσεως
1739 1103 1845 1138 πα-

253 1176 438 1247 τέρων
471 1176 656 1247 νόμοι·
703 1178 736 1246 ἢ
787 1179 834 1229 oi
870 1177 1094 1248 Περσῶν
1129 1176 1259 1247 (96),
1295 1177 1370 1248 μὴ
1416 1177 1715 1239 κωλύοντες
1748 1194 1847 1245 γα-

258 1266 489 1336 μεῖσθαι
510 1269 622 1329 τοίς
648 1267 804 1319 παισὶ
828 1267 926 1330 τάς
962 1268 1224 1338 μητέρας,
1260 1267 1393 1338 μηδὲ
1423 1269 1524 1320 ὑπὸ
1547 1267 1653 1320 τῶν
1685 1269 1847 1321 πατέ-

257 1376 372 1428 ρων
409 1358 510 1420 τὰς
537 1358 742 1411 ἑαυτῶν
780 1357 1108 1429 θυγατέρας.
1143 1359 1251 1411 Καὶ
1279 1361 1330 1411 τί
1373 1377 1439 1429 με
1469 1360 1568 1422 δεῖ,
1599 1362 1845 1431 ἐπιλεγό-

259 1468 430 1520 μενον
462 1449 572 1503 ἀπὸ
602 1451 710 1504 τῶν
737 1451 1314 1522 πραγματευσαμένων
1351 1453 1476 1521 περὶ
1508 1452 1615 1504 τῶν
1645 1456 1702 1506 έν
1735 1458 1848 1517 τοῖς

251 1540 544 1612 διαφόροις
570 1542 743 1595 ἔθνεσι
765 1543 962 1611 νόμων,
995 1546 1381 1615 προσαπορεῖν,
1418 1545 1534 1606 πῶς
1564 1545 1691 1615 παρ’
1720 1545 1848 1598 ἑκά-

258 1647 414 1696 στοις
458 1632 632 1703 ὀρθῶς
677 1632 1025 1702 πράττονται,
1071 1633 1252 1696 καθὼς
1293 1636 1404 1696 τοῖς
1442 1636 1708 1699 ἐπόπταις
1759 1637 1847 1704 φί-

1954 461 2082 512 tiam
2117 459 2274 514 tollit.

2018 633 2108 686 27.
2133 633 2233 699 Qui
2261 647 2387 689 vero
2411 643 2595 702 partes
2620 642 2778 689 terrae
2805 635 2858 688 in
2883 635 3145 704 quasdam
3171 635 3525 705 prrefecturas

1958 722 2145 777 divisa:
2174 723 2241 777 ab
2278 723 2386 777 illis
2419 725 2740 793 prazsidibus
2786 726 3255 791 administrentur,
3287 727 3524 798 explicet

1959 815 2052 885 qui
2079 816 2336 869 voluerit.
2368 816 2568 871 Doceat
2597 818 2736 872 idem
2761 819 2850 872 ille
2879 819 3155 888 quomodo
3186 820 3522 890 singulorum

1953 914 2103 958 recte
2128 919 2185 959 se
2210 920 2295 958 res
2331 907 2586 974 habeant,
2613 921 2735 960 cum
2759 923 2826 962 ex
2858 909 3076 964 illorum
3108 910 3395 977 praesidum
3426 924 3522 965 vo-

1951 994 2160 1048 luntate
2197 1001 2456 1063 reguntur
2492 1015 2502 1050 :
2531 1011 2596 1048 an
2630 997 2861 1066 exempli
2889 1014 3048 1054 causa
3076 1000 3400 1072 Scytharum
3429 1002 3515 1054 le-

1951 1100 2046 1156 ges
2078 1095 2238 1140 rectae
2267 1087 2394 1148 sint,
2421 1101 2544 1155 quae
2566 1094 2748 1156 patres
2790 1089 3021 1145 interﬁci
3059 1069 3420 1160 permittunt;
3452 1069 3554 1162 an,

1951 1178 2263 1242 Persarum,
2296 1193 2416 1245 quae
2466 1186 2670 1231 matres
2709 1177 2833 1233 ﬁliis
2864 1181 3085 1244 nubere,
3119 1180 3259 1235 ﬁlias
3286 1198 3314 1235 a
3353 1184 3523 1250 patri--

1953 1270 2059 1325 bus
2089 1270 2213 1324 duci
2245 1284 2442 1323 uxores
2480 1283 2586 1323 non
2621 1271 2934 1339 probi-bent.
2975 1271 3081 1325 Sed
3123 1274 3252 1342 quid
3281 1289 3416 1342 Opus
3441 1284 3524 1330 est

1950 1377 2057 1426 me,
2083 1361 2323 1416 collectis
2345 1376 2374 1416 e
2404 1362 2764 1432 scriptoribus
2788 1364 3065 1418 variarum
3097 1367 3342 1433 gentium
3381 1366 3523 1437 legi-

1950 1453 2072 1517 bus,
2128 1453 2408 1521 inquirere
2433 1493 2449 1518 ,
2498 1469 2622 1508 num
2661 1466 2813 1508 recte
2854 1465 3137 1510 serventur
3183 1457 3349 1526 leges,
3386 1473 3523 1527 quas

1951 1542 2056 1596 illis
2083 1543 2399 1612 praesidibus
2427 1543 2571 1598 ferre
2603 1545 2811 1598 libitum
2844 1546 2973 1600 est?
3027 1544 3216 1600 Celsus
3258 1549 3417 1602 nobis
3441 1547 3525 1601 di-

1953 1643 2041 1687 cat
2062 1633 2334 1700 quomodo
2359 1633 2628 1687 nefarium
2659 1635 2729 1690 sit
2754 1636 2957 1690 violare
2984 1638 3191 1706 patrias
3230 1635 3373 1704 leges
3401 1651 3523 1705 qum

254 1717 351 1772 λον
390 1699 526 1792 (97),
571 1722 619 1773 οἱ
663 1699 851 1792 νόμοι;
895 1722 1112 1789 Λεγέτω
1150 1722 1192 1774 δ’
1226 1725 1358 1793 ἡμῖν
1389 1725 1416 1775 ό
1448 1725 1675 1789 Κέλσος,
1730 1699 1837 1789 πῶς

1954 1733 2156 1775 matres
2183 1732 2237 1776 et
2266 1721 2403 1787 ﬁlias
2441 1722 2559 1775 duci
2591 1722 2774 1777 sinunt
2799 1741 2814 1788 ;
2844 1739 2964 1793 qua:
2993 1725 3209 1780 beatam
3235 1741 3357 1780 esse
3379 1740 3525 1780 rnor-

255 1812 361 1882 οὐχ
388 1813 535 1866 ὅσιον
562 1812 857 1885 παραλύειν
883 1813 1078 1881 νόμους
1105 1814 1364 1885 πατρίους
1391 1815 1624 1886 περὶτοῦ
1649 1819 1844 1886 γαμεῖν

259 1905 513 1974 μητέρας
546 1903 639 1958 καὶ
678 1903 1010 1972 θυγατέρας·
1048 1903 1079 1973 ἦ
1116 1905 1243 1974 περὶ
1276 1904 1367 1958 τοῦ
1405 1908 1673 1977 μακάριον
1706 1902 1842 1960 εἶναι

255 1997 472 2068 ἀγχόνῃ
497 1998 586 2050 τὸν
615 1998 726 2067 βίον
753 1999 983 2062 ἐξελθεῖν
1006 2001 1115 2072 (98)
1139 2019 1151 2029 ’
1180 2000 1212 2070 ἢ
1244 2003 1458 2064 πάντως
1490 2001 1844 2074 καθαίρεσθαι

255 2088 391 2150 τοὺς
429 2089 657 2151 ἑαυτοὺς
698 2090 1088 2161 παραδιδόντας
1117 2092 1195 2162 τῷ
1229 2093 1361 2163 πυρὶ
1396 2094 1489 2145 καὶ
1521 2097 1584 2165 τῇ
1624 2095 1710 2146 διὰ
1746 2112 1845 2148 πυ-

261 2183 358 2254 ρὸς
394 2184 682 2256 ἀπαλλαγῇ
719 2187 783 2256 τῇ
818 2186 924 2238 ἀπὸ
953 2186 1044 2238 τοῦ
1093 2186 1206 2256 βίου
1228 2203 1241 2217 ·
1277 2188 1370 2240 καὶ
1414 2187 1532 2250 πῶς
1571 2189 1668 2258 οὐχ
1701 2190 1845 2242 ὅσιον

257 2274 566 2345 παραλύειν
606 2277 802 2345 νόμους
841 2279 987 2342 τοὺς,
1036 2278 1156 2347 φέρ’
1192 2278 1393 2341 εἰπεῖν,
1429 2278 1581 2346 παρά
1613 2279 1844 2348 Ταύροις

259 2365 397 2436 περὶ
422 2366 515 2420 τοῦ
551 2367 724 2438 ἱερεῖα
751 2367 875 2432 τοὺς
911 2367 1095 2434 ξένους
1127 2367 1501 2439 προσάγεσθαι
1540 2371 1606 2438 τῇ
1665 2369 1846 2439 Ἀρτέ-

261 2457 411 2526 μιδι·
455 2457 489 2528 ἦ
539 2459 690 2528 παρὰ
732 2458 946 2511 Λιϐύων
985 2461 1094 2512 τισὶ
1146 2460 1273 2531 περὶ
1315 2459 1409 2512 τοῦ
1455 2459 1740 2512 καταθύειν
1779 2460 1846 2512 τὰ.

257 2548 435 2601 τέκνα
465 2547 542 2618 τῷ
587 2549 799 2618 Κρόνῳ.
834 2549 981 2618 Πλὴν
1013 2550 1293 2602 ἀκολουθεῖ
1324 2549 1400 2618 τῷ
1437 2551 1629 2620 Κέλσῳ
1667 2550 1728 2602 τὸ
1771 2550 1842 2619 μὴ

259 2639 414 2691 ὅσιον
428 2631 566 2690 εἶναι
604 2637 877 2700 Ἰουδαίοις
900 2637 1198 2707 παραλύειν
1216 2638 1410 2708 νόμους
1429 2639 1691 2710 πατρίους
1709 2639 1842 2708 (99),

259 2730 394 2792 τοὺς
427 2729 552 2799 περὶ
579 2727 674 2780 τοῦ
710 2729 782 2800 μὴ
822 2729 930 2780 δεῖν
964 2728 1120 2780 ἄλλον
1153 2728 1274 2781 τινὰ
1313 2729 1489 2780 σέϐειν
1521 2730 1653 2782 Θεὸν
1696 2731 1844 2801 παρὰ

258 2818 360 2872 τὸν
395 2818 502 2872 τῶν
535 2818 671 2871 ὅλων
710 2819 1059 2889 δημιουργόν.
1100 2821 1206 2872 Καὶ
1245 2821 1394 2873 ἔσται
1429 2823 1547 2873 κατ’
1581 2821 1741 2873 αὑτὸν
1782 2824 1844 2875 οὐ

261 2912 427 2981 φύσει
459 2912 520 2965 τὺ
556 2914 721 2976 ὅσιον,
771 2913 910 2965 ἀλλά
950 2931 1052 2967 τινι
1102 2914 1251 2966 θέσει
1294 2914 1388 2966 καὶ
1420 2914 1628 2982 νομίσει
1663 2914 1803 2966 θεῖον
1827 2930 1841 2944 ·

259 3003 412 3056 ὅσιον
445 3003 552 3074 γὰρ
592 3004 744 3073 παρὰ
783 3005 956 3056 τοῖσδε
1002 3003 1101 3074 μὲν
1145 3004 1319 3057 σέϐειν
1357 3004 1716 3075 κροκόδειλον,
1752 3004 1845 3056 καὶ

260 3095 466 3148 ἐσθίειν
495 3111 548 3148 τι
578 3095 686 3148 τῶν
719 3097 847 3166 παρ’
873 3095 1053 3159 ἄλλοις
1086 3097 1576 3166 προσκυνουμένων
1611 3094 1718 3164 (1)·
1753 3095 1846 3147 κα)⁵

262 3185 414 3238 ὅσιον
443 3186 648 3258 ἑτέροις
673 3187 731 3238 τὸ
760 3186 938 3239 σέϐειν
972 3187 1062 3240 τὸν
1099 3187 1298 3258 μόσχον
1319 3205 1330 3217 σ
1365 3189 1456 3240 καὶ
1485 3187 1612 3258 παρ’
1641 3185 1841 3250 ἄλλοις,

262 3275 358 3329 τὸν
383 3277 581 3347 τράγον
607 3277 845 3347 νομίζειν
883 3279 1018 3331 θεόν.
1053 3279 1207 3332 Οὕτω
1229 3279 1272 3332 δ’
1303 3279 1453 3333 ἔσται
1479 3281 1506 3331 ό
1536 3279 1697 3340 αὐτὸς
1721 3279 1843 3331 ὅσια

267 3367 372 3422 ut?
405 3368 572 3422 ποιῶν
603 3369 677 3434 ὡς
711 3370 844 3441 πρὸς
879 3371 1066 3423 τούσδε
1106 3371 1232 3433 τοὺς
1275 3372 1492 3441 νόμους,
1534 3370 1723 3423 ἀνόσια
1761 3369 1840 3434 δὲ,

261 3457 342 3523 ὡς
385 3459 523 3531 πρὸς
567 3461 817 3530 ἐτέρους·
854 3462 989 3531 ὅπερ
1041 3461 1160 3513 ἐστὶ
1207 3461 1420 3514 πάντων
1476 3461 1840 3516 ἀτοπώτατον.

350 3551 490 3604 Ἀλλ’
518 3553 662 3615 εἰκὸς
688 3553 769 3606 ὅτι
798 3554 1031 3623 φήσουσι
1061 3553 1196 3624 πρὸς
1218 3553 1390 3606 ταῦτα
1415 3553 1560 3605 ὅσιον
1587 3549 1726 3606 εῖναι
1752 3553 1845 3606 τὸν

259 3641 332 3694 τὰ
381 3643 586 3713 πάτρια
629 3643 704 3714 (2)
751 3644 1107 3712 φυλάττοντα,
1157 3644 1250 3696 καὶ
1303 3642 1566 3713 μηδαμῶς
1610 3641 1845 3705 ἀνόσιον,

261 3733 386 3787 ἐπεὶ
436 3735 534 3804 μὲν
572 3735 666 3790 καὶ¹
696 3734 762 3788 τὰ
804 3736 1003 3807 ἐτέρων
1037 3737 1097 3788 οὐ
1137 3738 1324 3806 τηρεῖ·
1369 3734 1530 3788 πάλιν
1562 3751 1620 3787 τε
1658 3728 1723 3786 αὖ
1755 3731 1846 3785 τὸν

336 3953 448 4026 (94)
490 3953 768 4026 Bolierello
799 3955 1142 4026 scribendum
1175 3955 1407 4020 videtur,
1440 3954 1583 4008 τοῦτ’
1633 3955 1834 4010 ἄτοπον

261 4027 325 4080 οὺ
349 4024 623 4094 μετρίως.
654 4024 888 4094 καὶτῆς.

335 4091 944 4164 (95)’ᾎπαγτειλάτω.
995 4093 1086 4164 Sic
1116 4091 1402 4164 legendum
1437 4109 1468 4147 e
1511 4093 1832 4164 Philocalia.

259 4161 605 4220 Ilaéschelius
629 4161 682 4215 et
711 4161 1011 4230 Spencerus
1041 4161 1261 4227 habent,
1291 4163 1689 4230 ἐπαγγειλάτω.

337 4231 779 4301 (96)-Περσῶν.
817 4230 993 4301 Locus
1043 4231 1262 4300 elegans
1314 4234 1454 4301 apud
1509 4232 1826 4301 Philonem,

261 4299 408 4385 libro
438 4299 530 4385 ἠε
584 4299 1165 4385 specialibuslegi‘bus,’
1187 4300 1441 4385 pag.u778
1472 4316 1486 4352 :
1573 4299 1832 4385 Μητέρας

259 4371 374 4454 γᾴρ
403 4370 454 4422 οἱ
480 4370 536 4460 ἐν
567 4369 708 4452 τέλει
734 4369 958 4456 Περσῶν
985 4369 1084 4432 τὰς
1104 4369 1284 4454 αὐτῶν
1308 4371 1550 4460 ἄγονται,
1584 4369 1829 4460 καὶὶτξὺς
1864 4407 1906 4460 D

265 4436 470 4510 φύντας
508 4440 572 4510 ἐκ
599 4436 801 4510 τούτων
818 4436 1249 4510 ἐὐγενεστάτους
1275 4436 1572 4510 νομίξουσι,
1607 4438 1701 4510 καὶ
1724 4439 1831 4510 ,βα-

264 4505 468 4571 σιλείας
494 4509 593 4579 τῆς
640 4508 922 4579 μεγίστης,
948 4507 1025 4570 ὡς
1055 4508 1242 4577 λόγος,
1279 4505 1546 4574 ἀξιοῦσιν·
1581 4505 1643 4579 οὗ
1682 4505 1744 4559 τί
1765 4506 1830 4579 ἂν

261 4581 471 4658 γένοιτο
509 4577 926 4658 δυσσεϐέστερος)
987 4580 1396 4658 ἁνοσιούργημα
1436 4578 1638 4658 πατρὸς
1670 4577 1829 4658 εύνιὴν

259 4649 726 4718 τετελευτηκότος,
755 4649 820 4718 ἢν
841 4647 1138 4716 ἄψαυστον,
1155 4647 1231 4710 ὡς
1255 4647 1422 4758 ἱερὰν,
1442 4647 1606 4758 ἐχρῆν
1640 4647 1831 4715 φυλάτ-

259 4719 441 4758 orca-nn"
498 4717 906 4758 νητηιιτνιῖυςιυο
940 4720 1124 4758 vim»!
1152 4718 1206 4758 δὲ
1237 4735 1303 4758 νη
1367 4735 1507 4758 nmen
1545 4736 1568 4758 ς·
1596 4715 1725 4758 ηἵδὼ
1756 4716 1826 4758 αξη

259 4719 465 4780 τεσθαι,
498 4715 906 4788 καταισχύνεινδ
940 4720 1124 4788 γήρως
1152 4718 1208 4770 δὲ
1237 4715 1328 4770 καὶ
1366 4715 1573 4788 μητρὸς
1596 4715 1725 4769 αἱδὼ
1754 4716 1827 4836 μ.ὶέ

259 4786 575 4836 λαμϐάνειν.
600 4789 689 4836 τὸν
721 4787 880 4836 αὐτὸν
907 4789 1004 4836 τῆς
1033 4788 1201 4836 αὐτῆς
1224 4788 1333 4836 υἱὸν
1366 4788 1460 4836 καὶ
1504 4786 1672 4836 ἄνδρα
1703 4803 1796 4836 γεν

259 4786 575 4858 λαμϐάνειν,
600 4786 702 4858 τὸν
721 4786 880 4858 αὐτὸν
907 4786 1201 4858 τῆςαὺτῆς
1224 4788 1333 4840 υἱὸν
1366 4786 1460 4839 καὶ
1479 4786 1486 4788 ⁷
1504 4786 1672 4857 ἄνδρα
1703 4803 1796 4852 γεν

262 4855 407 4928 σθαι,
444 4856 553 4928 καὶΔ
572 4857 732 4908 πάλιν
759 4855 1045 4928 ’τὴ-καύτὴν
1066 4855 1165 4909 νῦν
1194 4859 1422 4928 μητέρα,
1450 4855 1824 4928 καὶ-γυναῖκα,

261 4924 356 4976 καὶ
382 4925 731 4996 τοὺςλάμφοῖν
762 4924 973 4989 παῖδας,
1003 4924 1134 4990 τοὺς
1170 4924 1267 4996 μὲν
1313 4924 1520 4996 πατρὸς
1544 4925 1823 4993 ἀδελφοὺς,

260 4995 486 5067 υἱωνούς
509 4991 685 5067 δέ’τῆς
725 4997 952 5067 μητρός·
983 4998 1078 5067 καὶ
1108 4991 1207 5067 τῆν
1239 4997 1336 5067 μὲν
1368 4991 1588 5067 ᾦίὲτεκε
1617 4991 1826 5067 μητέρα

260 5016 486 5056 υιωνους
509 5016 565 5045 οε
587 5016 685 5064 της
725 5016 952 5066 μητρος’
983 5016 1078 5049 X20.
1108 5016 1138 5048 τ
1180 5016 1207 5049 ν
1239 5016 1336 5067 μεν
1368 5016 1409 5064 ῳ
1434 5016 1584 5047 ετεκε
1617 5016 1825 5065 μητερα

258 5081 340 5136 τε,
375 5065 466 5116 καὶ
496 5063 746 5136 μάμμην,
777 5065 950 5136 τὸνδὲ
980 5060 1054 5119 ὧν
1079 5016 1381 5136 ὲγὲννησεν,
1419 5066 1479 5136 ἐν
1501 5065 1681 5134 ταύτῷ
1720 5080 1825 5116 πα-

257 5133 394 5203 τέρα
438 5151 521 5204 ire,
568 5133 1042 5204 καὶόμομήτριον
1094 5133 1351 5204 ἀδελφ’όν;
1392 5154 1409 5186 ι
1439 5133 1825 5204 Honoratiores

257 5202 403 5257 enim
435 5203 617 5257 Persae
643 5217 763 5256 cum
801 5202 1066 5258 matribus
1097 5202 1420 5258 contrahunt
1456 5202 1823 5266 matrimonia,

261 5282 316 5326 et
359 5282 519 5327 natos
566 5272 691 5326 inde
737 5272 1072 5326 arbitrantur
1116 5274 1502 5336 nobilissimos,
1543 5273 1819 5340 regioque,

261 5350 319 5394 ut
358 5341 567 5408 ferunt,
611 5343 918 5412 dignantur
969 5343 1144 5406 solio;
1194 5357 1301 5410 quo
1339 5341 1473 5412 nihil
1525 5341 1822 5412 excogitari

258 5421 435 5477 potest
477 5411 653 5482 magis
697 5411 943 5479 impium,
986 5413 1330 5480 conspureari
1375 5411 1617 5482 defuncti
1654 5411 1822 5480 patris

260 5481 592 5545 thalamum,
637 5482 722 5536 cui
778 5483 1013 5535 maxima
1068 5482 1363 5536 debebatur
1403 5481 1630 5550 religion
1660 5483 1821 5534 matri

259 5552 500 5606 exhiberi
544 5540 748 5605 nullam
801 5552 1202 5615 reverentiam,
1240 5550 1409 5604 lilium
1464 5540 1711 5604 enuntiem
1766 5558 1824 5604 et

261 5623 512 5675 maritum
560 5621 708 5686 ﬁeri,
755 5633 984 5676 matrem
1019 5621 1252 5675 vicissim
1288 5622 1471 5675 uxoris
1503 5635 1696 5674 nomen
1727 5635 1820 5674 as-

259 5701 491 5757 sumere,
533 5707 845 5747 communes
883 5691 1080 5747 liberos
1119 5692 1288 5761 patris
1336 5693 1556 5760 quidem
1591 5691 1816 5756 fratres,

1956 1822 2060 1868 tem
2092 1815 2344 1879 suadent,
2376 1829 2500 1869 cum
2539 1815 2830 1883 suspendio
2883 1815 3215 1882 accersitur;
3248 1832 3367 1886 quae
3394 1831 3524 1885 pur-

1951 1904 2357 1974 gariaﬂirmant
2383 1920 2475 1961 eos
2502 1905 2592 1975 qui
2621 1907 2752 1961 sein
2776 1907 2954 1977 ignem
2986 1909 3234 1978 injiciunt
3265 1925 3521 1965 consum-

1951 1999 2138 2066 ptique
2163 2012 2228 2051 ex
2261 1998 2364 2051 bac
2400 1997 2509 2051 vita
2547 2005 2786 2063 exeunt;
2826 1998 2954 2053 item
2985 2015 3085 2054 cur
3113 2000 3267 2055 nefas
3308 2001 3378 2056 sit
3404 2001 3521 2056 vio-

1953 2088 2066 2144 lare
2084 2089 2226 2158 leges
2244 2088 2326 2142 vel
2349 2088 2672 2154 Taurorum,
2701 2104 2819 2159 quae
2848 2090 3032 2145 Diana:
3056 2092 3250 2160 jubent
3281 2093 3522 2163 hospites

1954 2179 2257 2246 immolari,
2309 2179 2395 2233 vel
2436 2180 2794 2248 quorumdam
2838 2181 2890 2235 in
2937 2181 3106 2252 Libya
3158 2183 3516 2252 populorum,

1955 2271 2094 2339 apud
2126 2285 2263 2339 quos
2313 2268 2470 2324 liberi
2501 2269 2739 2324 Saturno
2784 2279 3112 2325 mactantur.
3167 2271 3436 2328 Czeterum
3486 2289 3518 2328 e

1953 2361 2094 2415 Celsi
2116 2359 2382 2415 sententia
2409 2373 2745 2428 consequens
2775 2370 2876 2425 est,
2907 2359 3123 2417 Judzeos
3143 2377 3246 2415 non
3273 2363 3391 2418 sine
3415 2365 3524 2418 cri-

1954 2453 2100 2507 mine
2129 2452 2428 2506 violaturos
2458 2467 2577 2505 esse
2595 2452 2798 2520 patrias
2826 2456 2989 2522 leges,
3019 2469 3136 2524 quae
3152 2455 3520 2510 vetantalium

1952 2555 1982 2596 a
2015 2557 2196 2596 rerum
2223 2541 2468 2596 omnium
2508 2541 2791 2595 conditore
2821 2542 2988 2597 Deum
3034 2545 3274 2598 adorari.
3313 2546 3520 2602 Conse-

1954 2644 2130 2700 quens
2157 2640 2239 2685 est
2268 2632 2431 2686 etiam
2455 2632 2712 2700 pietatem
2736 2647 2841 2689 non
2877 2648 2975 2688 sua
3011 2644 3228 2702 natura,
3260 2637 3355 2691 sed
3389 2653 3522 2692 con-

1953 2741 2118 2782 sensu
2167 2733 2220 2780 et
2267 2727 2522 2795 opinione
2572 2726 2811 2781 divinam
2868 2742 2990 2784 esse
3039 2729 3316 2785 virtutem.
3363 2731 3519 2800 Apud

1952 2819 2211 2888 quosdam
2241 2820 2385 2873 enim
2412 2819 2560 2890 pium
2588 2828 2670 2874 est
2709 2820 2886 2876 colere
2919 2823 3276 2889 crocodilum,
3317 2823 3442 2877 dum
3467 2824 3518 2878 id

1952 2910 2095 2981 quod
2119 2912 2186 2965 ab
2234 2909 2359 2965 aliis
2411 2909 2610 2964 colitur
2659 2912 2987 2966 manducant
3013 2931 3028 2980 ;
3054 2915 3193 2982 apud
3227 2914 3364 2968 alios
3391 2929 3519 2968 vero

1951 3000 2134 3055 cultus
2180 2999 2332 3053 vituli
2377 3000 2564 3068 pietati
2601 3001 2855 3066 ducitur;
2886 3013 2938 3058 et
2988 3019 3175 3059 rursus
3204 3004 3369 3076 593
3421 3006 3514 3060 alii

1897 3087 1917 3108 ‘
1951 3093 2095 3163 pium
2129 3105 2250 3146 esse
2291 3091 2541 3160 judicant
2575 3091 2784 3147 hircum
2822 3093 2874 3146 in
2916 3093 3046 3150 deos
3073 3095 3316 3160 referre;
3347 3097 3420 3150 ita
3461 3105 3520 3150 ut

1952 3184 2096 3237 idem
2121 3183 2305 3247 homo,
2343 3182 2434 3250 qui
2477 3182 2600 3250 pius
2637 3189 2785 3236 esset
2819 3197 2885 3238 ex
2923 3185 3245 3254 quihusdam
3284 3186 3515 3255 legibus,

1949 3287 2016 3327 ex
2053 3273 2173 3326 aliis
2207 3272 2408 3342 impius
2449 3285 2574 3348 esse
2616 3283 2794 3342 posset
2831 3289 2981 3345 :quo
3018 3277 3236 3344 quidem
3264 3276 3397 3332 nihil
3421 3275 3518 3331 ab-

1949 3363 2187 3420 surdius.

2017 3539 2108 3595 28.
2137 3542 2378 3597 Dixerint
2408 3541 2640 3600 fortasse
2671 3543 2819 3612 pium
2862 3555 2982 3596 esse
3013 3542 3104 3611 qui
3156 3541 3327 3610 patria
3355 3541 3515 3596 insti-

1952 3641 2068 3686 tuta
2117 3635 2380 3700 sequitur,
2418 3635 2643 3688 minime
2674 3647 2804 3688 vero
2857 3633 3109 3701 impium,
3145 3631 3237 3699 qui
3284 3631 3512 3685 aliorum

1954 3738 2060 3778 non
2107 3725 2361 3780 observat
2395 3725 2670 3793 instituta;
2725 3739 2917 3780 rursus
2952 3737 3058 3778 non
3087 3736 3208 3778 esse
3255 3721 3514 3791 impium,

1945 3952 2134 4007 matris
2163 3964 2290 4006 vero
2336 3961 2556 4019 nepotes
2591 3951 2832 4017 censeri;
2870 3952 3007 4006 hanc
3042 3948 3214 4019 prolis
3246 3963 3358 4004 sum
3392 3963 3512 4005 ma-

1943 4030 2080 4076 trem
2109 4022 2272 4076 simul
2298 4035 2418 4076 esse
2444 4037 2507 4077 ac
2538 4021 2736 4087 aviam,
2773 4022 2920 4076 illum
2959 4020 3193 4076 ﬁliorum
3221 4028 3428 4090 patrem
3457 4029 3512 4077 ct

1940 4105 2256 4160 germanum
2286 4091 2608 4145 ulerinum.)
2645 4092 2908 4148 SPENCER.

2007 4161 2120 4229 (97)
2174 4161 2512 4215 Hmschclius
2539 4163 2590 4215 in
2627 4171 2794 4227 textu,
2823 4160 3003 4230 δῆλον.

2008 4231 2122 4297 (98)
2160 4230 2392 4295 Philoc.,
2421 4230 2732 4295 διεξελθεῖν.

2030 4298 2389 4377 99)_I_’hi_loc.,
2425 4298 2731 4377 πατρῴους.

2032 4367 2393 4437 1)“Ἐσθίειν
2429 4385 2485 4421 τι
2538 4367 2656 4421 τῶν
2697 4367 2834 4436 παρ’
2872 4367 3084 4432 ἄλλοις
3126 4380 3505 4434 προσκυνου-

1930 4436 2150 4506 μένων.
2197 4437 2277 4506 lla
2309 4436 2590 4504 legendum
2628 4453 2658 4492 e
2680 4438 2838 4493 codd.
2886 4438 3065 4506 [legio
3088 4447 3144 4489 et
3179 4437 3503 4506 Basileensi,

1933 4505 2142 4562 necnon
2191 4519 2221 4559 e
2265 4505 2559 4576 Philocalia
2613 4505 3015 4576 manuscripta.
3060 4505 3400 4576 llmschelius
3449 4515 3505 4560 et

1935 4577 2243 4647 Spencerns
2273 4575 2491 4642 habent,
2519 4575 2720 4630 ἐσθίειν
2753 4575 2860 4629 τῶν
2891 4575 3018 4646 παρ’
3044 4575 3223 4638 ἄλλοις
3250 4592 3304 4627 τι
3335 4592 3504 4647 προσ-

1931 4644 2091 4699 κυνού
2101 4661 2278 4714 μενον.

2002 4711 2201 4784 (2)’Τὰ
2248 4711 2481 4784 πάτρια.
2512 4712 2789 4784 Χοιιοριι.,
2837 4713 2933 4784 lib.
2976 4726 3054 4774 Iv,
3094 4728 3214 4782 pag.
3257 4712 3478 4784 805,Me

1930 4783 2174 4838 morabil.
2199 4799 2218 4837 :
2251 4783 2414 4854 Ὁρᾷς
2463 4783 2570 4854 γὰρ
2597 4784 2677 4854 ὅτι
2705 4786 2734 4836 ὁ
2762 4786 2820 4835 ἐν
2846 4783 3070 4850 Δελφοῖς
3099 4784 3238 4846 θεὸς,
3265 4783 3393 4854 ὅταν
3419 4800 3504 4846 τις

1930 4855 2092 4907 αὐτὸν
2121 4839 2408 4924 ἐπερωτᾷ,⁷
2587 4852 2654 4905 ἂν
2691 4855 2804 4924 τοῖς
2841 4839 2984 4924 θεοῖς
3032 4839 3325 4924 έαρίζοιτο,
3363 4839 3506 4924 ἀποί

1928 4925 2199 4995 κρίνεταιο
2227 4921 2402 4992 Νόμῳ
2437 4922 2661 4984 πόλεως.
2710 4942 2726 4974 ι
2752 4923 2914 4977 Vides
2943 4921 3139 4995 etenim
3190 4923 3500 4995 Qelpliicuin

1929 4990 2083 5047 (leum
2115 4990 2524 5060 interrogatum,
2565 5008 2671 5060 quo
2701 5005 2869 5062 paetor
2900 4992 3021 5060 quis
3064 4991 3356 5061 gratiﬁcari
3401 4990 3504 5045 diis

1929 5063 2122 5128 possit,
2151 5063 2518 5128 respondere:
2553 5063 2630 5114 Ex
2667 5061 2905 5117 civitatis
2937 5063 3179 5116 instituto
3202 5074 3264 5116 ac
3291 5073 3494 5128 more.)

1929 5127 2214 5195 Herodot.,
2240 5127 2340 5182 lib.
2376 5146 2462 5200 in,
2507 5145 2629 5198 pag.
2673 5133 2825 5185 153:
2868 5130 3053 5184 Ταῦτα
3097 5131 3195 5200 μὲν
3239 5129 3389 5200 παρά
3431 5127 3502 5180 τὰ

1929 5200 2210 5272 συμπόσια
2235 5199 2485 5272 ποιεῦσι·
2531 5202 2806 5272 πατρίοισι
2838 5200 2894 5253 δὲ
2925 5199 3224 5272 χρεώμενοι
3263 5199 3496 5272 νόμοισι,

1927 5267 2082 5324 ἄλλον
2126 5269 2316 5322 οὐδένα
2367 5267 2745 5324 ὲπικτέωνται.
2785 5267 3044 5326 Seminis.
3070 5267 3139 5308 3-—
3170 5267 3334 5321 Paulo
3378 5276 3500 5333 post

1927 5338 2266 5408 Hceschelius
2309 5349 2363 5394 et
2397 5339 2733 5408 Spencerus,
2779 5342 2899 5392 ἐπεὶ
2949 5341 3024 5408 μὴ
3070 5338 3147 5408 ,τα
3187 5337 3386 5408 έτέρων
3435 5333 3498 5388 οὐ

1923 5412 2111 5480 τηρεῖο
2156 5407 2316 5462 πάλιν
2340 5427 2400 5461 τε
2426 5404 2587 5480 αὐτὸν
2620 5404 2963 5480 νομισθέντα,
2994 5404 3084 5480 sed
3117 5404 3408 5480 Philo‘calia
3440 5413 3498 5480 ut

1927 5471 2201 5536 inunostro
2235 5487 2402 5551 textu.
2426 5479 2602 5551 infra,
2631 5471 2755 5551 post
2787 5480 2900 5531 htcc
2934 5477 3134 5551 verba,
3161 5473 3230 5526 τὰ
3257 5473 3332 5551 δὲ⁸
3347 5471 3498 5551 παρὰ

1922 5554 2035 5621 τοῖς
2089 5548 2371 5621 ἐναντίους.
2407 5543 3233 5621 Exouct_'_vopou§_,_addendum
3286 5543 3497 5621 videtur

1924 5612 2204 5675 Boherello
2253 5612 2537 5688 σεϐόμένα.
2576 5612 2781 5674 Ibidem
2817 5614 2944 5670 libb.
2991 5612 3121 5666 editi
3157 5613 3211 5669 in
3248 5612 3494 5680 margine

1923 5692 1989 5748 ha
2000 5695 2124 5747 bent
2174 5689 2579 5758 καταθοινῆται.
