3990 6158
374 299 513 355 ιὲἓὸ

1565 298 1844 356 CONTRA
1882 300 2159 356 CELSUM
2194 299 2321 353 LIB.
2360 300 2425 354 ν.

3494 313 3635 372 1225

374 430 493 466 νετο
520 413 577 464 ὲν
608 410 685 481 τῷ
714 410 936 480 κινῆσαι
967 410 1164 474 αὐτοὺς
1192 410 1300 464 ἀπὸ
1326 410 1630 480 ἀνατολῶν,
1673 410 1826 488 εὖρον
1854 433 1952 469 πε-

2059 418 2296 486 Cumqne
2346 416 2825 485 proficiscerentur
2870 421 2935 475 de
2985 421 3243 492 Oriente,
3301 424 3633 487 invenerant

368 505 483 559 δίον
513 505 569 558 ὲν
598 505 668 573 γῇ
700 502 962 573 Σενναὰρ,
998 502 1091 556 καὶ
1118 500 1444 573 κατῴκησαν
1471 504 1603 557 ἐκεῖ.
1646 523 1665 555 ›
1697 506 1802 559 Καὶ
1834 508 1949 575 μετ’

370 596 549 664 ὀλίγα,
589 612 608 645 ι
651 592 898 664 Κατέὅη,
942 596 1097 664 φησὶ,
1130 592 1331 665 Κύριος
1369 593 1443 664 (8)
1488 594 1613 649 ίδεῖν
1641 599 1737 666 τὴν
1778 600 1947 661 πόλιν,

371 687 467 739 καὶ
506 685 597 739 τὸν
634 683 864 755 πύργον,
897 682 957 735 ὃν
997 683 1350 753 ᾠκοδόμησαν
1383 684 1431 734 oi
1466 684 1571 735 υἱοὶ
1601 682 1707 736 τῶν
1744 684 1951 755 ἀνθρώ-

372 793 517 829 πων·
554 777 645 829 καὶ
674 771 795 827 εἷπε
823 773 1026 845 Κύριος
1049 790 1062 803 °
1118 773 1249 825 Ἰδοὺ
1279 772 1434 841 γένος
1466 773 1544 837 ἒν,
1575 773 1669 827 καὶ
1693 774 1870 844 χεῖλος
1896 774 1951 827 ἓν

373 869 607 923 πάντων·
632 867 896 921 καὶτοῦτο
919 867 1150 937 ἤρξαντο
1172 866 1411 935 ποιῆσαι,
1436 866 1528 919 καὶ
1550 866 1644 920 νῦν
1665 868 1763 920 οὐκ
1789 867 1954 921 ἐκλεί-

370 961 463 1030 ψει
489 961 581 1014 ἀπ’
603 960 779 1013 αὐτῶν
798 959 997 1019 πάντα,
1017 958 1115 1010 ὅσα
1129 944 1194 1009 ἂν
1218 956 1511 1011 ἐπιθῶνται
1537 960 1708 1010 ποιεῖν
1735 975 1747 988 ο
1776 957 1949 1021 δεῦτε,

373 1052 468 1106 καὶ
500 1052 835 1114 καταϐάντες
862 1049 1178 1120 ωγχέωμεν
1208 1051 1322 1103 ἐκεῖ
1348 1049 1445 1121 τὴν
1468 1049 1717 1118 γλῶσσαν
1752 1050 1947 1111 αὐτῶν,

375 1143 461 1195 ἴνα
494 1142 568 1213 μὴ
609 1142 913 1195 ἀκούσωσιν
962 1142 1034 1211 (9)
1066 1141 1295 1204 ἕκαστος
1339 1140 1432 1210 τὴν
1468 1141 1649 1210 φωνὴν
1678 1142 1772 1193 τοῦ
1813 1140 1949 1210 πλη-

374 1216 487 1288 σίον
519 1234 703 1289 αὑτοῦ.
759 1236 871 1287 Καὶ
910 1234 1213 1303 διέσπειρεν
1257 1233 1450 1296 αὐτοὺς
1495 1232 1695 1304 Κύριος
1744 1232 1952 1285 ἐκεῖθεν

373 1327 467 1378 ἐπὶ
489 1326 551 1379 τὸ
573 1326 859 1396 πρόσωπον
881 1326 1061 1395 πάσης
1085 1325 1185 1394 τῆς
1208 1322 1332 1393 γῆς,
1351 1325 1445 1376 καὶ
1475 1322 1783 1376 ἐπαύσαντο
1811 1326 1953 1375 οἰκο-

370 1416 664 1489 δομοῦντες
711 1418 809 1488 τὴν
860 1416 1031 1479 πόλιν,
1078 1416 1171 1469 καὶ
1222 1417 1310 1469 τὸν
1363 1416 1590 1488 πύργον.
1647 1416 1745 1468 Διὰ
1796 1415 1953 1467 τοῦτο

373 1507 577 1578 ἐκλήθη
606 1508 666 1560 τὸ
700 1508 870 1579 ὄνομα
905 1510 1073 1579 αὐτῆς
1108 1509 1218 1579 (IO)
1248 1508 1527 1579 σύγχυσις,
1562 1509 1642 1561 ὃτι
1673 1510 1790 1560 ἐκεῖ
1832 1524 1953 1560 συν-

374 1599 496 1669 έχεε
521 1599 721 1670 Κύριος
745 1602 772 1652 ὁ
798 1600 929 1663 Θεὸς
952 1600 1019 1652 τὰ
1044 1600 1196 1670 χείλη
1225 1601 1403 1670 πάσης
1431 1600 1529 1671 τῆς
1548 1598 1672 1669 γῆς,
1701 1599 1951 1652 κάκεῖθεν

371 1692 678 1762 διέσπειρεν
705 1692 901 1754 αὐτοὺς
922 1692 1124 1763 Κύριος
1145 1694 1172 1745 6
1194 1692 1325 1756 Θεὸς
1347 1693 1439 1745 ἐπὶ
1461 1692 1750 1761 πρόσωπον
1774 1692 1952 1761 πάσης

2058 524 2306 580 campum
2338 510 2389 564 in
2425 520 2571 566 terra
2596 511 2847 566 Sennaar
2873 523 2925 566 rt
2953 514 3333 572 habitaverunt
3358 519 3409 572 in
3442 536 3507 575 eo
3527 521 3630 575 ³⁵.»

2061 602 2126 656 Ει
2158 604 2319 671 paulo
2347 610 2472 671 post
2499 620 2511 654 :
2555 621 2573 653 ι
2607 603 2911 664 Descendit,
2945 604 3140 670 inquit,
3175 608 3436 665 Dominus
3463 621 3520 665 ut
3551 615 3635 665 vi-

2060 692 2211 746 deret
2238 693 2517 747 civitatem
2560 702 2610 747 et
2646 695 2860 759 turrim,
2896 709 3059 762 quam
3092 697 3495 755 aediﬁcaverant
3536 705 3631 758 lilii

2063 784 2362 849 hominum,
2388 794 2440 838 et
2469 786 2606 837 dixit
2637 784 2899 840 Dominus
2938 802 2949 837 :
2983 787 3122 842 Ecce
3159 806 3298 846 unus
3332 802 3415 847 est
3466 810 3634 863 popu-

2060 874 2143 928 lus
2175 884 2227 929 et
2257 891 2421 929 unum
2447 876 2645 935 labium
2681 878 2934 932 omnibus
2964 897 2976 931 :
3010 892 3403 953 coeperuntque
3433 885 3534 942 hoc
3555 886 3635 941 fa-

2061 980 2206 1029 cere,
2244 980 2343 1019 nec
2379 967 2643 1020 desistent
2671 982 2699 1021 a
2730 972 3148 1038 cogitationibus
3183 976 3316 1040 suis,
3345 977 3519 1032 donec
3540 996 3634 1035 eas

2059 1073 2223 1128 opere
2248 1060 2588 1129 compleant;
2646 1060 2825 1114 venite
2857 1061 3019 1129 igitur
3041 1075 3095 1117 et
3128 1067 3546 1135 descendamus,
3577 1080 3633 1125 et

2060 1152 2455 1209 confundamus
2521 1150 2593 1205 ibi
2647 1151 2886 1221 linguam
2933 1167 3146 1219 eorum,
3193 1166 3247 1211 et
3302 1175 3409 1213 non
3446 1163 3635 1217 audiat

2062 1243 2434 1312 unusquisque
2466 1258 2648 1298 vocem
2683 1244 2914 1312 proximi
2959 1247 3063 1300 sui.
3115 1250 3291 1318 Atque
3336 1252 3411 1305 ita
3448 1254 3635 1309 divisit

2058 1349 2156 1388 eos
2197 1334 2460 1388 Dominus
2487 1350 2551 1389 ex
2579 1334 2671 1389 illo
2702 1334 2818 1389 loco
2841 1350 3003 1404 super
3029 1336 3217 1392 faciem
3245 1343 3423 1397 omnis
3452 1352 3631 1409 teme,

2060 1435 2114 1480 et
2148 1436 2498 1483 cessaverunt
2529 1425 2800 1480 azdifreare
2823 1425 3096 1480 civitatem
3128 1436 3183 1481 et
3208 1431 3423 1485 turrim.
3455 1433 3520 1486 Et
3547 1435 3632 1488 id-

2061 1516 2210 1571 circo
2256 1527 2505 1570 vocatum
2533 1529 2616 1570 est
2671 1532 2863 1571 nomen
2916 1517 3031 1585 cjus
3076 1518 3354 1589 Confusio,
3393 1525 3521 1592 quia
3558 1528 3632 1582 ibi

2059 1601 2303 1656 confudit
2342 1602 2644 1658 Deuslabia
2677 1606 2942 1660 universze
2964 1616 3142 1673 terrae,
3176 1620 3227 1663 et
3258 1610 3380 1667 inde
3427 1616 3634 1685 disper-

2061 1692 2133 1746 sit
2157 1705 2251 1746 cos
2287 1693 2541 1747 Dominus
2572 1708 2738 1762 super
2781 1694 2977 1749 faciem
3016 1697 3182 1751 totius
3218 1708 3382 1754 terra:
3405 1701 3469 1757 ³⁵.
3506 1723 3524 1754 ι
3566 1705 3632 1759 Et

371 1782 474 1853 τῆς
505 1784 627 1853 γῆς.
674 1802 692 1833 ι
726 1782 834 1835 Καὶ
867 1785 923 1849 ὲν
953 1784 1019 1854 τῇ
1055 1784 1507 1855 ἐπιγεγραμμένη
1535 1784 1592 1837 δὲ
1620 1782 1953 1854 Σολομῶντος

2066 1782 2120 1838 ἰιι
2152 1783 2293 1838 libro
2338 1784 2430 1852 qui
2468 1783 2745 1853 Sapientia
2775 1787 3083 1843 Salomonis
3141 1803 3390 1857 vocatur,
3428 1800 3631 1852 mentio

372 1874 543 1944 Σοφίᾳ
576 1872 702 1943 περὶ
737 1873 836 1943 τῆς
869 1870 1091 1942 σοφίας,
1127 1874 1219 1927 καὶ
1250 1874 1357 1927 τῶν
1394 1874 1534 1927 κατὰ
1560 1874 1661 1946 τὴν
1696 1872 1956 1944 σύγχυσιν

370 1965 481 2017 τῶν
515 1965 830 2029 διαλέκτων,
858 1967 914 2018 ὲν
1026 1966 1315 2034 γεγένηται
1352 1967 1381 2018 6
1415 1965 1680 2037 μερισμὸς
1721 1966 1830 2019 τῶν
1863 1966 1957 2019 ἐπὶ

371 2056 471 2128 τῆς
495 2056 617 2127 γῆς,
638 2055 861 2110 τοιαῦτα
886 2059 1014 2125 περὶ
1040 2058 1137 2126 τῆς
1154 2055 1602 2126 Σοφίαςεῖρηταιο
1639 2075 1657 2108 ‹
1678 2055 1828 2127 Αὕτη
1863 2057 1957 2111 καὶ

372 2148 430 2202 ἐν
462 2148 683 2219 ὁμονοίᾳ
723 2147 987 2217 πονηρίας
1027 2147 1195 2201 ἐθνῶν
1253 2147 1627 2218 συγχυθέντων
1669 2146 1812 2217 ἔγνω
1861 2148 1955 2201 τὸν

370 2239 599 2303 δίκαιον,
640 2238 735 2291 καὶ
767 2238 1030 2307 ἐφύλαξεν
1064 2238 1226 2292 αὑτὸν
1263 2239 1549 2310 ἄμεμπτον
1577 2237 1656 2309 τῷ
1690 2238 1829 2309 Θεῷ,
1860 2240 1956 2293 καὶ

373 2331 469 2383 ἐπὶ
501 2331 691 2383 τέκνου
733 2332 1060 2401 σπλάγχνοις
1092 2331 1309 2402 ίσχυρδν
1342 2330 1595 2400 ἐφύλαξε.
1639 2350 1658 2382 ι
1708 2331 1880 2393 Πολὺς
1910 2332 1953 2385 δ’

372 2423 401 2476 6
429 2422 587 2491 λόγος
627 2423 722 2476 καὶ
757 2424 1016 2494 μυστικὸς
1047 2426 1075 2477 6
1122 2425 1249 2495 περὶ
1279 2423 1506 2486 τούτων,
1535 2417 1578 2493 ᾧ
1611 2422 1840 2493 ἁρμόζει
1871 2423 1952 2489 τὸ,

379 2532 397 2565 ι
440 2515 757 2585 Μυστήριον
799 2514 1063 2583 βασιλέως
1097 2514 1358 2584 κρύπτειν
1384 2514 1568 2578 καλόν,
1604 2533 1623 2565 ›
1660 2514 1747 2567 ἵνα
1780 2513 1853 2584 μὴ
1877 2515 1956 2576 εἰς

373 2604 472 2668 τὰς
498 2605 765 2675 τυχούσας
794 2605 963 2668 ἀκοάς
983 2607 1010 2657 6
1041 2607 1169 2675 περὶ
1189 2605 1376 2675 ψυχῶν
1403 2604 1514 2675 (ll)
1543 2605 1644 2659 οὐκ
1678 2606 1742 2656 ἐκ
1772 2619 1955 2673 μετεν-

376 2695 753 2766 σωματὼσεως
780 2698 859 2760 είς
894 2696 1052 2766 σῶμα
1079 2695 1412 2764 ὲνδυομένων
1445 2696 1557 2766 (12)
1584 2695 1739 2763 λόγος
1765 2693 1957 2766 ριπτῆ-

374 2806 484 2853 ται,
522 2788 655 2859 μηδὲ
674 2789 741 2842 τὰ
764 2789 893 2857 ἅγια
920 2788 1135 2841 διδῶται
1160 2790 1271 2850 τοῖς
1295 2788 1443 2851 κυσὶ,
1473 2787 1595 2857 μηδ’
1617 2788 1667 2839 ol
1693 2788 1956 2859 μαργαρῖ-

374 2894 459 2930 ται
486 2876 939 2948 παραϐάλλωνται
963 2878 1181 2948 χοίροις.
1227 2878 1444 2940 Ἀσεὸὲς
1468 2878 1575 2947 γὰρ
1609 2878 1669 2930 τὸ
1694 2878 1951 2942 τοιοῦτον,

375 2969 663 3040 προδοσίαν
690 2968 940 3039 περιέχον
966 2967 1075 3020 τῶν
1102 2968 1428 3038 ἀπορρήτων
1453 2969 1552 3037 τῆς
1578 2967 1671 3021 τοῦ
1701 2968 1837 3021 Θεοῦ
1869 2985 1955 3020 σο-

374 3059 500 3127 φίας
523 3059 737 3128 λογίων,
771 3060 898 3130 περὶ
930 3055 998 3131 ἧς
1030 3058 1211 3123 καλῶς
1238 3059 1575 3130 γέγραπταν
1611 3060 1650 3110 «⁷
1672 3059 1767 3122 Εἰς
1798 3058 1957 3112 κακό-

374 3166 561 3220 τεχνον
601 3150 779 3221 ψυχὴν
818 3151 918 3203 οὐκ
960 3150 1325 3203 εἰσελεύσεται
1376 3152 1566 3221 σοφία,
1606 3151 1726 3204 οὐδὲ
1769 3168 1950 3204 κατοι-

375 3241 535 3309 κήσει
567 3243 625 3292 ὲν
661 3239 869 3310 σώματι
896 3240 1185 3311 κατάχρεῳ
1213 3242 1507 3313 ἁμαρτίας.
1540 3260 1558 3293 ι
1602 3244 1787 3314 Ἀρκεῖ
1810 3243 1950 3297 δὲτὰ

374 3332 771 3401 κεκρυμμένως
814 3330 889 3393 ὡς
913 3334 969 3383 ὲν
1006 3333 1247 3402 ἱστορίας
1286 3335 1470 3405 τρόπῳ
1504 3333 1769 3405 είρημένα
1809 3335 1951 3388 κατὰ

374 3421 465 3474 τὸν
489 3421 589 3492 τῆς
625 3423 863 3492 ἱστορίας
890 3426 1233 3494 παραστῆσαι
1259 3424 1461 3494 τρόπον
1495 3424 1559 3477 ἵν’
1587 3426 1637 3477 οί
1665 3424 1949 3496 δυνάμενοι

372 3514 586 3575 ἑαυτοῖς
619 3512 1090 3585 ὲπεξεργάσωνται
1118 3515 1186 3567 τὰ
1211 3514 1351 3568 κατὰ
1373 3516 1464 3568 τὸν
1492 3516 1677 3571 τόπον.

443 3604 789 3657 Νοείσθωσαν
837 3606 1015 3658 τοίνυν
1059 3605 1258 3667 πάντες
1303 3607 1352 3658 οἱ
1402 3605 1495 3657 ἐπὶ
1535 3606 1640 3675 γῆς
1699 3608 1796 3677 μιᾷ
1850 3622 1950 3658 τινι

371 3694 633 3766 διαλέκτῳ
685 3695 805 3768 θείᾳ
861 3696 1155 3767 χρώμενοι,
1219 3698 1313 3749 καὶ
1364 3697 1553 3765 ὄσονγε
1601 3696 1951 3767 συμφωνοῦσι

372 3786 508 3858 πρὸς
548 3786 827 3858 ἀλλήλους,
881 3788 1254 3859 τηρείσθωσαν
1292 3790 1349 3841 ὲν
1392 3791 1459 3859 τῇ
1495 3788 1615 3859 θείᾳ
1651 3788 1946 3859 διαλέκτῳ”

374 3879 467 3930 καὶ
500 3878 743 3932 ἔστωσαν
768 3879 1013 3949 ἀκίνητοι
1044 3880 1153 3935 τῶν
1184 3880 1475 3947 ἀνατολῶν,
1511 3882 1568 3945 ἐς
1596 3882 1718 3936 ὅσον
1749 3883 1855 3936 είσὶ
1886 3883 1953 3935 τὰ

371 3966 468 4022 τοῦ
500 3970 677 4037 φωτὸς
710 3971 803 4022 καὶ
833 3969 928 4023 τοῦ
962 3970 1071 4026 ἀπὸ
1105 3972 1282 4039 φωτὸς
1315 3973 1488 4025 ἀϊδίου
1522 3973 1955 4043 ἅπαυγάσματος

375 4059 716 4131 φρονοῦντες.
746 4062 856 4114 Καὶ
887 4055 1051 4126 οὗτοι,
1081 4063 1218 4116 ἐπὰν
1242 4066 1537 4135 κινήσωσιν
1559 4066 1666 4118 ἀπὸ
1692 4065 1801 4119 τῶν
1825 4068 1951 4119 ἀνα-

372 4150 541 4205 τολῶν
572 4153 819 4215 ἑαυτοὺς,
867 4152 1120 4224 ἀλλότρια
1166 4154 1438 4209 ἀνατολῶν
1483 4156 1837 4226 φρονοῦντες,
1874 4158 1953 4209 εύ-

377 4243 711 4312 ρισκὲτωσαν
733 4244 913 4297 πεδίον
944 4246 1001 4298 ἐν
1030 4247 1100 4316 γῇ
1130 4245 1367 4316 Σενναὰρ
1408 4247 1567 4317 (ὅπερ
1596 4247 1957 4317 ἑρμηνεύεται

376 4332 637 4387 ὀδόντων
659 4334 1032 4405 ἐκτιναγμὸς,
1067 4336 1206 4389 κατὰ
1232 4336 1497 4407 σύμϐολον
1534 4336 1628 4391 τοῦ
1661 4337 1953 4392 ἀπολλύναι

375 4425 573 4489 αὐτοὺς
614 4426 684 4478 τὰ
734 4426 802 4478 δι’
850 4422 926 4479 ὧν
981 4427 1327 4497 τρέφονται),
1390 4429 1485 4481 καὶ
1534 4428 1956 4483 κατοικείτωσαν

375 4518 509 4571 ἐκεῖ.
565 4514 699 4571 Εἶτα
739 4519 807 4571 τὰ
850 4518 952 4589 τῆς
998 4518 1131 4591 ὖλης
1178 4524 1501 4588 συναγαγεῖν
1545 4520 1808 4585 θέλοντες,
1858 4523 1953 4573 καὶ

378 4609 570 4663 κολλᾶν
601 4609 670 4663 τὰ
711 4611 786 4681 μὴ
832 4611 1112 4681 πεφυκότα
1144 4611 1434 4665 κολλᾶσθαι
1462 4602 1695 4683 οὐρανῷ,
1724 4613 1827 4683 ¹ἵνα
1866 4612 1955 4665 διὰ

377 4701 484 4755 τῶν
514 4701 714 4756 ύλικῶν
755 4702 1183 4757 ἐπιϐουλεύσωσι
1221 4707 1332 4767 τοῖς
1365 4704 1567 4770 ὰΰλοις,
1616 4704 1947 4773 λεγέτωσαν·

385 4810 403 4841 ι
441 4792 624 4857 Δεῦτε,
656 4793 1063 4867 πλινθεύσωμεν
1091 4794 1362 4860 πλίνθους,
1393 4796 1488 4847 καὶ
1510 4796 1837 4868 ὀπτήσωμεν
1865 4797 1958 4848 αύ-

379 4878 475 4941 τὰς
503 4880 615 4950 (13)
649 4882 800 4953 πυρί.
839 4902 857 4933 ι
903 4884 988 4947 Ὠς
1010 4878 1103 4937 οῦν
1136 4883 1495 4954 κρατύνοντες
1526 4887 1618 4938 καὶ
1651 4902 1957 4956 πηγνύντες

380 4969 451 5023 τὰ
498 4970 695 5041 πήλινα
726 4976 819 5027 καὶ⁹
864 4975 1044 5040 ύλικὰ,
1079 4976 1171 5029 καὶ
1205 4976 1305 5047 τὴν
1342 4976 1558 5030 πλίνθον
1604 4976 1750 5030 λίθον
1785 4978 1958 5030 ποιεῖν

452 5084 497 5159 ³2
532 5084 668 5140 Gen.
706 5102 783 5159 ιιι,
832 5089 884 5154 l,
914 5091 971 5144 2.
1061 5090 1108 5123 ⁸³
1150 5092 1320 5159 lbid.,
1366 5090 1487 5146 5-9.

384 5154 429 5187 ⁸ο
457 5154 590 5211 Gen.
622 5172 701 5219 ιι,
723 5157 776 5211 5.

456 5246 552 5324 (8)
607 5246 905 5303 Philocalia
966 5261 1087 5319 post
1147 5266 1374 5318 vocem,
1429 5252 1668 5324 Κύριος,
1729 5251 1879 5306 addit
1925 5254 1953 5303 ὁ

573 5386 887 5460 ῙἾΙῙΙοοίιΙίθ,
918 5389 1233 5460 συγχὲωμεν
1263 5390 1548 5455 αὑτῶντὰς
1577 5390 1846 5459 γλώσσας,
1865 5390 1952 5443 ἵνα

387 5457 461 5528 μὴ
493 5456 785 5528 ἀκούωσιν.

456 5527 571 5600 (10),
612 5527 948 5600 ljaaschelius
995 5537 1049 5583 et
1100 5530 1427 5600 Spencerus,
1467 5528 1656 5594 αὐτοῦ,
1700 5529 1953 5600 Philoca-

384 5596 474 5666 lia,
518 5596 709 5666 αὐτῆς.
746 5598 909 5651 Paulo
942 5608 1065 5665 post
1105 5596 1291 5654 eadem
1332 5600 1657 5663 Philocalia,
1703 5598 1973 5652 κάκεῖθεν,

382 5665 706 5740 διέσπειρεν.
750 5668 1090 5725 stchelius
1131 5679 1187 5726 et
1238 5668 1573 5741 Spencerus,
1621 5670 1781 5723 κάκεῖ
1842 5668 1953 5721 διέ-

388 5751 620 5809 σπειρεν.

703 5834 977 5894 Parnm.
1015 5832 1132 5895 Gn.
1174 5832 1286 5893 X1.

1590 5092 1635 5122 ³ο
1685 5091 1810 5161 Sap.
1856 5106 1909 5155 χ,
1961 5089 2016 5142 5.

2062 1884 2283 1939 quoque
2330 1870 2389 1925 fit
2415 1874 2482 1927 de
2511 1872 2600 1926 illa
2636 1873 2945 1944 linguarum
2997 1878 3322 1936 confusione
3349 1898 3512 1952 quam
3544 1902 3632 1940 se-

2058 1971 2180 2015 cuta
2217 1972 2299 2017 est
2328 1963 2567 2031 gentium
2602 1965 2815 2020 divisio.
2870 1968 2962 2021 Sic
2996 1969 3142 2023 enim
3178 1972 3248 2026 ibi
3278 1974 3344 2029 de
3396 1974 3630 2045 Sapien-

2060 2052 2131 2105 tia
2164 2070 2178 2105 :
2215 2070 2234 2104 ι
2273 2052 2398 2108 llaec
2431 2062 2485 2108 ct
2530 2055 2581 2109 in
2632 2071 2901 2112 consensu
2954 2063 3207 2131 nequitiae
3260 2082 3381 2121 cum
3444 2079 3633 2137 gentes

2059 2141 2297 2197 cenfusa:
2318 2142 2566 2209 fuissent,
2603 2146 2761 2202 scivit
2791 2148 3017 2216 justum,
3048 2162 3103 2208 et
3129 2161 3469 2213 conservavit
3512 2163 3632 2217 sine

2056 2234 2275 2302 querela
2301 2234 2435 2301 Deo,
2474 2246 2529 2291 et
2578 2238 2629 2290 in
2668 2239 2760 2293 lilii
2806 2241 3179 2299 misericordia
3218 2248 3418 2303 fortem
3448 2264 3627 2307 custo-

2057 2324 2194 2378 divit
2223 2325 2287 2378 ³⁸.
2318 2344 2337 2377 ι
2382 2326 2458 2381 De
2493 2329 2692 2398 quibus
2733 2330 2896 2403 longa
2933 2342 2986 2388 et
3020 2349 3215 2392 arcana
3245 2339 3413 2396 fuerit
3444 2344 3628 2411 dispu-

2056 2416 2211 2470 tatio.
2242 2414 2348 2471 Sed
2375 2431 2459 2471 me
2486 2418 2732 2474 deterret
2765 2420 2941 2475 istud:
2981 2441 3000 2473 ι
3036 2421 3450 2483 Sacramentnm
3483 2433 3629 2499 regis

2057 2505 2391 2563 abscondere
2404 2509 2604 2563 bonum
2633 2511 2829 2577 est",)
2854 2529 2918 2567 ne
2943 2514 3244 2569 doctrinam
3261 2519 3324 2572 de
3344 2520 3629 2576 animabus

2057 2612 2180 2664 quae
2232 2598 2286 2651 in
2335 2614 2585 2668 corpora,
2624 2602 2719 2657 sed
2754 2618 2856 2656 non
2889 2619 2955 2658 ex
3001 2607 3320 2674 corporibus
3367 2611 3627 2680 migrant,

2024 2748 2025 2751 η
2057 2687 2301 2755 profanis
2323 2692 2545 2746 auribus
2578 2692 2913 2762 instillando,
2940 2707 3125 2751 sancta
3158 2699 3381 2754 canibus
3411 2703 3540 2757 dare
3574 2714 3627 2757 et

2059 2781 2384 2850 margaritas
2410 2791 2537 2836 ante
2561 2798 2754 2851 porcos
2778 2787 3041 2856 projicere
3082 2789 3273 2845 videar
3296 2791 3362 2844 ³³.
3399 2791 3624 2861 impium

2057 2873 2201 2929 enim
2231 2872 2302 2927 sit
2331 2875 2562 2942 prodere
2601 2891 2801 2931 arcana
2843 2880 3040 2933 divinae
3091 2882 3393 2953 sapientiae,
3427 2886 3491 2941 de
3519 2901 3626 2958 qua

2057 2965 2281 3032 pulchre
2317 2967 2576 3034 scriptum
2609 2979 2731 3023 est:
2769 2988 2786 3019 ‹
2816 2969 2870 3023 ln
2899 2970 3217 3027 malevolam
3247 2975 3483 3031 animam
3518 2994 3625 3032 non

2058 3057 2302 3112 introibit
2335 3058 2622 3127 sapientia,
2649 3076 2746 3115 nec
2780 3062 3045 3117 habitabit
3070 3064 3123 3117 in
3157 3079 3388 3136 corpore
3412 3069 3627 3123 subdito

2058 3151 2292 3219 peccatis
2329 3151 2394 3203 ‘9.
2426 3170 2444 3203 ›
2487 3149 2631 3206 Satis
2662 3167 2792 3221 ergo
2834 3152 2997 3208 fuerit
3041 3155 3305 3212 historico
3345 3173 3495 3214 more
3528 3176 3623 3214 ex-

2060 3242 2245 3296 hibere
2283 3248 2403 3311 qua:
2443 3244 2656 3297 occulte
2684 3247 2837 3312 quasi
2868 3245 3092 3301 historia
3129 3249 3325 3303 tradita
3367 3259 3519 3316 sunt,
3570 3261 3628 3305 ut

2057 3334 2146 3403 qui
2181 3345 2426 3402 possunt,
2460 3335 2562 3389 sibi
2612 3335 2713 3403 ipsi
2763 3335 2861 3389 loci
2914 3337 3071 3407 hujus
3106 3339 3441 3396 intellectum
3476 3359 3624 3412 quae-

2060 3435 2198 3479 rant.

2131 3604 2220 3658 30.
2257 3603 2346 3657 Sic
2371 3604 2535 3667 igitur
2563 3603 2909 3673 intelligenda
2940 3620 3026 3658 res
3056 3615 3136 3659 est
3174 3622 3186 3659 :
3223 3606 3323 3671 Qui
3352 3624 3543 3661 omnes
3573 3609 3627 3663 in

2063 3702 2205 3747 terra
2233 3694 2522 3747 utebantur
2549 3708 2651 3745 una
2682 3693 2915 3761 quadam
2962 3694 3141 3746 divina
3191 3695 3369 3764 lingua
3390 3737 3404 3759 ,
3456 3697 3507 3749 in
3534 3696 3627 3750 illa

2062 3784 2260 3837 utenda
2292 3784 2603 3853 perstitere,
2637 3783 2877 3852 quandiu
2915 3783 3057 3838 inter
3088 3799 3148 3838 se
3190 3796 3625 3854 consenserunt;

2063 3890 2162 3931 nec
2189 3892 2248 3932 se
2281 3876 2558 3930 dimovent
2587 3877 2655 3929 ab
2686 3875 2907 3931 Oriente
2934 3915 2948 3942 ,
2991 3878 3161 3933 donec
3215 3878 3320 3932 illis
3365 3878 3544 3933 lumen
3574 3890 3629 3934 ct

2062 3965 2284 4020 luminis
2312 3965 2504 4019 aeterni
2538 3965 2795 4034 splendor
2817 3967 2981 4035 sapit.
3009 3966 3169 4023 Iidem
3206 3967 3285 4022 illi
3307 3955 3374 4023 ab
3407 3968 3629 4024 Oriente

2065 4059 2347 4123 recedunt,
2399 4058 2564 4128 600
2612 4072 2735 4113 cum
2768 4074 2853 4114 res
2906 4059 3012 4115 illis
3063 4062 3130 4115 ab
3164 4060 3385 4115 Oriente
3436 4062 3627 4116 aliena:

2061 4150 2313 4219 placent;
2361 4159 2586 4218 tumque
2612 4164 2864 4218 campum
2898 4150 3176 4206 inveniunt
3220 4153 3271 4205 in
3312 4163 3457 4207 terra
3493 4152 3629 4207 Sen-

2062 4258 2195 4296 naar
2224 4244 2366 4312 (quae
2389 4257 2491 4295 vox
2519 4242 2659 4295 idem
2684 4252 2841 4295 sonat
2858 4257 2923 4295 ac
2951 4244 3187 4296 dentium
3208 4249 3469 4306 excussio,
3494 4260 3631 4313 quaa-

2062 4348 2168 4401 que
2198 4333 2536 4401 signiﬁcatur
2566 4346 2658 4387 eos
2702 4333 2956 4388 amisisse
3006 4349 3068 4388 ea
3130 4336 3326 4404 quibus
3366 4337 3626 4409 aluntur),

1990 4464 2033 4517 Β
2064 4424 2243 4493 ibique
2271 4424 2541 4478 habitant.
2579 4422 2713 4477 Cum
2743 4432 2926 4477 autem
2959 4425 3215 4494 colligere
3246 4428 3505 4483 materias
3526 4443 3629 4481 vo-

2060 4518 2196 4582 lunt,
2229 4528 2283 4571 et
2305 4516 2445 4572 coelo
2469 4531 2554 4570 res
2579 4516 2912 4586 conjungere
2941 4531 3061 4588 quae
3090 4517 3342 4591 conjungi
3372 4535 3478 4575 non
3503 4530 3631 4576 sunt

2062 4604 2292 4668 idoneae,
2320 4612 2378 4659 ut
2401 4616 2499 4672 per
2523 4618 2609 4658 res
2631 4605 2860 4659 materia
2885 4614 3169 4660 concretas
3192 4608 3259 4660 ad
3292 4622 3379 4664 res
3400 4612 3631 4666 materia

2066 4696 2274 4750 solutas
2300 4691 2556 4748 affectent
2580 4694 2759 4757 viam;
2796 4701 2909 4747 tum
2945 4694 3131 4748 dicunt
3161 4713 3173 4748 :
3209 4713 3228 4747 ι
3262 4694 3457 4752 Venite
3480 4739 3494 4763 ,
3542 4699 3628 4752 fa-

2064 4788 2271 4841 ciamus
2292 4784 2494 4839 lateres
2525 4793 2581 4840 et
2610 4798 2907 4853 coquamus
2931 4799 3023 4839 eos
3052 4785 3170 4854 igne
3189 4786 3255 4839 ιο.
3298 4805 3317 4839 ι
3354 4787 3462 4844 Sed
3490 4800 3637 4859 post-

2064 4891 2263 4947 quam,
2310 4875 2540 4930 ﬁrmatis
2567 4875 2970 4945 compactisque
3004 4875 3113 4929 luto
3143 4886 3195 4930 et
3243 4882 3483 4935 materiis
3506 4921 3521 4946 ,
3566 4899 3632 4938 ex

2066 4967 2332 5024 lateribus
2356 4965 2562 5035 lapides
2591 4972 2649 5019 et
2672 4978 2739 5019 ex
2768 4963 2882 5017 luto
2910 4963 3153 5019 bitumen
3194 4964 3418 5023 efficere
3446 4982 3632 5025 tenta-

2120 5084 2163 5116 ³⁷
2194 5083 2328 5138 Τοι).
2354 5097 2452 5146 xn,
2483 5080 2533 5131 7.
2643 5078 2687 5109 ³⁸
2739 5078 2926 5132 Matth.
2970 5094 3067 5144 vn,
3104 5077 3157 5132 6.
3254 5080 3299 5113 ³⁹
3328 5084 3453 5154 sap,
3499 5100 3536 5149 ι,
3571 5084 3630 5139 4,

2139 5245 2257 5317 (ll),
2292 5244 2431 5317 nep}
2472 5240 2711 5312 ψυχῶν.
2757 5242 2890 5298 Vide
2931 5243 3309 5297 adnomlioncs
3352 5244 3417 5296 ad
3455 5245 3548 5299 lib.
3582 5265 3629 5310 ι,

2060 5314 2463 5455 ηυῖῗέ)52ιὶἔ’ἕῖὲ
2512 5381 2847 5446 Philocalia,
2896 5379 3250 5500 6v8uo%éuwv.
3297 5380 3629 5439 Hmschelins

2060 5468 2112 5500 ρι
2155 5456 2479 5500 Snmmerns.
2523 5451 2875 5500 ὲνδουιιένων.
2911 5451 3030 5500 Mox
3105 5449 3347 5500 lttlocal..
3387 5450 3455 5500 τὰ
3500 5451 3629 5500 ἆγια

2056 5468 2112 5511 et
2155 5449 2480 5523 Sp'encerus,
2523 5451 2875 5523 évboupévwv:
2911 5451 3030 5503 Mox
3060 5449 3347 5523 Philoeal.,
3372 5450 3455 5523 ,τὰ
3500 5451 3629 5518 ἅγια

2057 5519 2292 5608 διδῶται.
2342 5519 2690 5577 Hmschelius
2729 5531 2784 5575 et
2842 5521 3188 5589 Spenccrus,
3242 5519 3309 5571 τὰ
3366 5521 3496 5588 ama
3548 5523 3627 5575 δι-

2059 5596 2529 5749 δωῖἷὲ)ι’ῐδ1ιὶιυο.,
2578 5660 2780 5722 αὑτάς,
2842 5657 3113 5715 Hoeschel.
3163 5670 3215 5715 et
3265 5661 3485 5731 Spenc.,
3534 5660 3631 5713 αὑη

2061 5754 2206 5799 τους.

3277 5823 3355 5883 39
