3990 6158
418 286 557 342 12Ξ7

1850 286 2166 346 ORIGENIS

3516 294 3661 353 1228

410 394 571 450 runt,
606 385 905 454 urbemque
934 399 998 439 ex
1052 382 1120 437 iis
1152 392 1203 438 et
1240 383 1430 437 turrim
1484 382 1777 451 aedificare,
1818 387 1963 454 cujus

2080 386 2342 451 θέλοντες,
2380 388 2469 440 καὶ
2503 388 2591 440 τὸν
2636 388 2801 459 πηλὸν
2848 387 3138 457 ἄσφαλτον,
3189 389 3280 441 καὶ
3314 388 3401 442 διὰ
3449 389 3665 445 τούτων

407 477 623 533 culmen
654 478 940 546 putabant,
972 489 1090 544 qua:
1117 488 1211 527 sua
1238 485 1355 528 erat
1380 475 1604 531 altitudo
1629 476 1892 530 extollens
1917 492 1975 532 se

406 570 669 625 adversus
700 568 1061 636 cognitionem
1103 566 1233 630 Dei,
1287 565 1352 620 ad
1403 564 1602 619 crelum
1652 580 1813 635 posse
1854 580 1975 635 per-

408 662 656 731 tingere;
692 668 837 722 tunc,
867 664 1026 725 prout
1056 657 1228 723 magis
1259 663 1355 708 aut
1392 656 1584 731 ~minus
1634 658 1701 711 ab
1754 657 1975 713 Oriente

406 752 792 810 discesserunt,
840 748 1165 816 rationeque
1215 747 1399 802 habita
1434 748 1808 803 conversionis
1836 748 1973 803 late-

406 854 523 895 rum
556 839 608 893 in
642 839 849 906 lapides
879 846 933 892 et
963 839 1060 892 luti
1097 839 1148 891 in
1179 838 1423 893 bitumen
1454 838 1729 907 totiusque
1773 854 1840 894 ex
1866 839 1974 895 illis

405 932 568 988 rebus
621 930 919 985 constructi
970 930 1211 996 aediﬁcii,
1274 930 1565 985 traduntur
1619 932 1821 1002 angelis
1852 933 1972 1001 plus

403 1024 651 1078 minusve
686 1022 950 1087 molestis,
982 1023 1067 1077 his
1098 1032 1189 1076 aut
1226 1022 1329 1076 illis
1355 1061 1369 1087 ,
1404 1024 1576 1077 donec
1608 1038 1829 1077 suorum
1859 1038 1972 1078 sce-

404 1116 574 1170 lerum
631 1129 817 1182 pmnas
868 1112 1229 1183 persolverint
1281 1125 1295 1164 :
1347 1111 1414 1165 ab
1464 1111 1584 1165 istis
1636 1112 1845 1175 angelis
1880 1110 1971 1179 qui

401 1221 552 1262 suam
596 1206 888 1273 unicuique
924 1218 1113 1260 eorum
1141 1202 1389 1271 linguam
1428 1202 1767 1265 indiderunt,
1807 1201 1861 1254 in
1894 1201 1973 1255 di-

402 1310 591 1353 versas
630 1310 731 1364 pro
763 1295 874 1350 suis
916 1294 1127 1347 meritis
1163 1302 1323 1346 terra:
1373 1302 1554 1360 partes
1593 1290 1970 1358 abducuntur;

403 1389 477 1444 ita
524 1398 582 1442 ut
628 1388 684 1442 hi
749 1387 967 1456 quidem
1022 1387 1072 1439 in
1134 1373 1405 1454 regionem
1440 1394 1748 1448 :estuosam,
1803 1383 1876 1437 illi
1919 1384 1971 1437 in

404 1483 565 1537 aliam
594 1496 723 1537 suos
751 1480 953 1549 frigore
977 1480 1186 1535 incolas
1211 1479 1544 1533 cruciantem
1571 1495 1585 1543 ;
1612 1478 1703 1531 alii
1738 1478 1788 1531 in
1823 1478 1969 1531 cultu

400 1574 673 1630 dimcilem
696 1613 709 1635 ,
742 1572 831 1626 alii
861 1574 913 1628 in
946 1570 1091 1626 cultu
1123 1570 1462 1635 faciliorem;
1514 1569 1603 1623 alii
1641 1569 1692 1623 in
1733 1568 1857 1623 ieris
1888 1583 1974 1623 re-

401 1664 722 1728 fertam,alii
753 1664 804 1717 in
836 1663 1014 1717 minus
1039 1662 1280 1717 ferarum
1305 1663 1592 1716 habentem
1614 1662 1965 1717 deducantur.

2080 480 2376 549 οἰκοδομεῖν
2404 481 2554 534 πόλιν
2588 483 2680 534 καὶ
2717 482 2941 553 πύργον,
2978 479 3208 551 οῦ,ῥσον
3240 485 3329 535 ἐπὶ
3356 487 3420 553 τῇ
3455 485 3664 552 ὑπολή-

2077 572 2166 642 ψει
2205 572 2405 637 αὐτῶν,
2449 572 2599 625 ἔσται
2634 576 2665 643 ἡ
2700 572 2907 644 κεφαλὴ
2955 574 3057 635 ἕως
3102 575 3195 625 τοῦ
3236 575 3465 644 οὐρανοῦ
3516 574 3661 632 κατὰ

2078 663 2142 713 τὰ
2189 663 2595 733 ὑπεραιρόμενα
2642 663 2906 733 ὑψώματα
2942 663 3082 715 κατά
3120 665 3220 733 τῆς
3266 664 3518 733 γνώσεως
3560 665 3655 718 τοῦ

2077 754 2209 807 Θεοῦ
2238 755 2345 826 (14)
2366 772 2378 784 ο
2414 755 2887 826 παραδιδόσθωσαν
2927 755 3154 818 ἕκαστος
3195 756 3365 824 (κατά
3398 757 3496 827 τὴν
3526 758 3657 809 ἀνα-

2076 844 2259 914 λογίαν
2286 847 2384 916 τῆς
2411 845 2517 899 ἀπὺ
2549 847 2823 899 ἀνατολῶν
2855 849 3143 917 κινήσεως,
3195 848 3226 918 ἢ
3275 849 3366 900 ἐπὶ
3409 848 3589 901 πλεῖον
3616 848 3651 919 ἢ

2076 937 2165 988 ἐπ’
2201 936 2419 989 ἔλαττον
2454 938 2635 1000 αὐτοῖς
2667 939 3059 1009 γεγενημένης,
3096 941 3190 992 καὶ
3220 940 3357 992 κατά
3398 941 3497 1009 τὴν
3527 942 3655 993 ἁνα-

2075 1026 2260 1093 λογίαν
2290 1026 2389 1094 τῆς
2419 1027 2762 1096 κατασκευῆς
2795 1026 2901 1078 τῶν
2944 1027 3177 1080 πλίνθων
3206 1030 3283 1089 είς
3326 1027 3524 1090 λίθους,
3559 1028 3655 1083 καὶ

2074 1117 2168 1170 τοῦ
2214 1117 2386 1188 πηλοῦ
2423 1119 2502 1181 εἰς
2536 1119 2837 1186 ἄσφαλτον,
2871 1120 2964 1171 καὶ
2996 1121 3093 1189 τῆς
3128 1122 3191 1173 ἐκ
3221 1121 3421 1173 τούτων
3453 1121 3649 1173 οἰκοδο-

2078 1208 2240 1277 μῆς,)
2268 1208 2519 1275 ἀγγέλοις
2550 1209 2643 1260 ἐπὶ
2678 1210 2857 1261 πλεῖον
2888 1210 2918 1280 ἢ
2962 1211 3046 1262 ἐπ’
3083 1210 3299 1263 ἔλαττον
3339 1212 3647 1281 χαλεπωτέ-

2080 1316 2210 1367 ροις,
2247 1300 2339 1351 καὶ
2379 1299 2602 1351 τοιοῖσδε
2638 1301 2669 1371 ἢ
2712 1301 2957 1362 τοιοῖσδε,
2991 1302 3095 1364 ἓως
3133 1303 3323 1355 τίσωσι
3498 1303 3647 1361 δίκας

2077 1389 2159 1458 ἐφ’
2196 1384 2276 1451 οἷς
2302 1390 2665 1458 τετολμήκασι
2686 1408 2698 1418 ·
2736 1393 2829 1444 καὶ
2858 1393 2961 1445 ὑπὸ
2991 1392 3100 1444 τῶν
3130 1394 3374 1460 ἀγγέλων
3408 1394 3649 1461 ἀγέσθω-

2078 1498 2175 1535 σαν
2220 1480 2445 1543 ἕκαστος
2484 1482 2590 1533 τῶν
2621 1483 3038 1553 ἐμποιησάντων
3073 1485 3171 1555 τὴν
3204 1486 3407 1538 οἰκείαέ
3441 1487 3645 1548 ἑαυτοῖς

2074 1571 2349 1625 διάλεκτον
2403 1574 2492 1624 ἐπὶ
2540 1572 2607 1625 τά
2657 1574 2797 1645 μέρη
2831 1576 2927 1645 τῆς
2976 1576 3076 1645 γῆς
3124 1577 3263 1630 κατὰ
3308 1578 3404 1646 τὴν
3439 1579 3645 1634 ἑαυτῶν

2074 1662 2250 1729 ἀξίαν,
2285 1664 2390 1717 οἵδε
2429 1665 2527 1736 μὲν
2570 1668 2662 1719 ἐπὶ
2698 1667 2816 1737 τὴν,
2854 1668 2974 1740 φέρ’
3003 1669 3196 1730 εἰπεῖν,
3244 1670 3493 1741 καυσώδη
3542 1671 3647 1742 χώ-

404 1776 521 1831 ραν,
551 1756 699 1811 ἀλλοι
730 1755 773 1808 δ’
802 1755 893 1807 ἐπὶ
921 1755 1017 1825 τὴν
1040 1752 1127 1806 διὰ
1159 1752 1218 1804 τὸ
1249 1751 1584 1823 κατεψύχθαι
1618 1752 1947 1817 κολάζουσαν
1976 1754 2102 1815 τοὺς
2153 1754 2522 1821 ἐνοικοῦντας·
2558 1760 2652 1812 καὶ
2677 1759 2725 1811 οἱ
2761 1759 2859 1829 μὲν
2907 1760 2997 1811 ἐπὶ
3037 1758 3131 1829 τὴν
3182 1760 3645 1833 δυσγεωργητοτέ-

401 1872 519 1925 ραν,
562 1852 709 1909 ἄλλοι
738 1851 794 1904 δὲ
831 1850 923 1903 ἐπὶ
948 1849 1044 1937 τὴν
1079 1847 1296 1902 ἔλαττον
1339 1846 1626 1918 τοιαύτην’
1675 1848 1847 1901 κα.ὶοὶ
1896 1848 1994 1919 μὲν
2037 1851 2129 1904 ἐπὶ
2176 1851 2273 1922 τὴν
2331 1853 2763 1925 πεπληρωμένην
2811 1852 3033 1924 Θηρίων,
3068 1855 3115 1905 οἱ
3176 1853 3233 1906 δὲ
3284 1855 3377 1906 ἐπὶ
3419 1856 3519 1927 τὴν
3559 1855 3642 1907 ἐπ’

398 1947 614 2000 ἔλαττον
641 1945 869 2016 ἔχουσαν
893 1944 1049 1997 αὐτά.

469 2040 559 2095 51.
598 2038 907 2095 Observent
933 2035 1130 2092 deinde
1169 2037 1465 2102 acutiores,
1489 2036 1582 2105 qui
1624 2036 1677 2091 in
1710 2038 1963 2105 historia,

2143 2031 2277 2090 Εἶτα
2305 2034 2359 2087 εί
2387 2053 2470 2098 τις
2501 2035 2721 2089 δύναται
2749 2035 2823 2099 ὡς
2848 2036 2904 2088 ὲν
2934 2034 3172 2106 ἱστορίας
3204 2036 3461 2106 σχήματι,
3493 2035 3645 2105 ἐχού-

402 2140 605 2203 praater
627 2146 689 2185 ea
718 2144 838 2199 qua:
868 2142 997 2184 vere
1025 2136 1173 2199 gesta
1220 2137 1441 2192 narrat,
1479 2128 1684 2198 aliquid
1717 2131 1965 2185 recondi-

397 2223 511 2277 tius
558 2228 759 2277 norunt
816 2217 1150 2288 perspicere,
1183 2216 1492 2285 observent,
1552 2218 1805 2288 inquam,
1869 2235 1965 2275 eos

394 2312 487 2381 qui
553 2310 784 2380 primam
851 2308 1093 2380 linguam
1124 2322 1412 2364 servavere
1464 2322 1566 2363 nec
1620 2324 1686 2363 ex
1740 2310 1965 2366 Oriente

395 2402 599 2472 egressi
634 2408 781 2465 sunt,
834 2397 887 2454 in
915 2398 1135 2455 Oriente
1164 2400 1494 2456 remansisse
1530 2400 1965 2472 orientalemque

395 2495 634 2567 linguam
689 2492 1018 2557 retinuisse;
1080 2506 1174 2547 eos
1224 2500 1487 2561 praeterea
1540 2492 1686 2548 solos
1755 2505 1962 2562 partem

394 2587 566 2643 fuisse
589 2585 839 2651 Domini,
877 2584 1130 2654 populum
1162 2581 1277 2649 ejus
1313 2583 1516 2637 dictum
1557 2583 1761 2651 Jacob,
1799 2586 1962 2642 Israel

392 2677 563 2732 fuisse
577 2676 871 2731 funiculum
893 2674 1230 2729 haereditatis
1247 2672 1383 2741 ejus;
1398 2686 1599 2743 eosque
1619 2675 1765 2730 solos
1779 2676 1962 2747 subje-

394 2778 510 2823 ctos
527 2767 691 2821 fuisse
708 2765 946 2835 prmsidi,
964 2764 1055 2836 qui
1074 2779 1179 2817 non
1205 2764 1326 2819 illos
1343 2766 1605 2833 regendos
1625 2768 1886 2838 suscepit,
1906 2777 1965 2821 ut

395 2860 642 2928 puniret;
676 2858 818 2925 quod
858 2857 948 2910 alii
990 2856 1221 2910 aliarum
1268 2855 1549 2909 nationum
1596 2858 1853 2925 praesides
1887 2858 1967 2912 fe-

394 2956 607 3001 cerunt.
645 2946 1098 2999 Animadvertant
1132 2943 1385 3011 insuper,
1434 2946 1616 3013 quoad
1651 2946 1963 3002 hominibus

396 3035 546 3100 licet,
578 3035 631 3089 in
659 3035 751 3089 illa
777 3034 1040 3089 societate
1087 3050 1249 3105 quam
1298 3032 1558 3091 Dominus
1599 3044 1656 3089 ut
1698 3046 1962 3104 praestan-

392 3126 587 3179 tiorem
618 3132 825 3194 partem
852 3123 954 3177 sibi
982 3125 1382 3194 aesiguaverat,
1414 3124 1680 3180 committi
1712 3135 1958 3192 peccata,

391 3215 625 3285 pimum
658 3210 985 3275 tolerabilia,
1046 3226 1145 3266 nec
1200 3212 1509 3281 hujustnodi
1569 3218 1627 3263 ut
1677 3219 1960 3278 propterea

392 3286 626 3371 relinqui
662 3303 954 3368 deberent;
985 3302 1182 3356 deinde
1207 3302 1481 3369 graviora,
1511 3301 1605 3356 sed
1632 3316 1752 3370 quae
1780 3310 1959 3354 tamen

2070 2147 2169 2200 σης
2205 2127 2304 2197 μέν
2332 2144 2383 2178 τι
2416 2127 2509 2180 καὶ
2544 2127 2665 2180 καθ’
2702 2128 2871 2198 αὐτὴν
2914 2127 3130 2197 ἀληθὲς,
3173 2128 3540 2197 ὲμιραινοὺσης
3586 2127 3643 2181 δέ

2066 2237 2119 2271 τι
2149 2222 2240 2271 καὶ
2281 2219 2608 2287 ἀπόρρητον,
2641 2219 2793 2271 ἰδέτω
2825 2220 2917 2271 καὶ
2948 2220 3073 2280 τους
3109 2220 3208 2289 τὴν
3242 2219 3299 2285 ἐξ
3333 2219 3508 2289 ἀρχῆς
3540 2219 3646 2273 διά-

2068 2315 2255 2366 λεκτον
2284 2313 2673 2383 τετηρηκότας,
2709 2312 2785 2382 τῷ
2835 2313 2907 2382 μὴ
2944 2312 3289 2383 κεκινηκέναι
3329 2313 3422 2365 ἀπ’
3450 2314 3642 2365 ἀνατο-

2066 2404 2194 2468 λῶν,
2242 2403 2499 2474 μένοντας
2533 2405 2590 2456 ἐν
2624 2405 2688 2473 τῇ
2724 2402 2952 2471 ἀνατολῇ
2986 2404 3079 2456 καὶ
3111 2406 3175 2473 τῇ
3212 2403 3501 2473 ἀνατολικῇ
3532 2402 3644 2456 δια-

2067 2492 2271 2561 λέκτῳ·
2318 2492 2411 2544 καὶ
2436 2492 2620 2544 νοείτω
2646 2491 2866 2556 τούτους
2902 2492 3092 2561 μόνους
3126 2492 3407 2560 γεγονέναι
3452 2492 3642 2563 μερίδα

2068 2584 2293 2655 Κυρίου,
2334 2584 2428 2637 καὶ
2457 2583 2584 2635 λαὸν
2616 2582 2779 2636 αὑτοῦ
2820 2584 2909 2635 τὸν
2944 2583 3270 2653 καλούμενον
3320 2583 3529 2647 Ἰακὼϐ,
3560 2601 3644 2652 γε·

2068 2674 2280 2742 γονέναι
2320 2674 2375 2726 δὲ
2430 2673 2541 2743 (16)
2583 2673 2677 2726 καὶ
2737 2674 3023 2743 σχοίνισμα
3073 2673 3437 2744 κληρονομίας
3476 2673 3640 2727 αὑτοῦ

2080 2766 2327 2839 Ἰσραήλ·
2368 2768 2460 2820 καὶ
2493 2760 2636 2819 οὗτοι
2669 2766 2818 2836 μόνοι
2862 2768 3358 2820 ὲπιστατείσθωσαν
3405 2769 3509 2821 ὑπὸ
3540 2769 3639 2838 ἄρ-

2068 2875 2273 2927 χοντος,
2304 2859 2403 2910 οὐκ
2426 2857 2517 2909 ἐπὶ
2546 2856 2759 2909 κολάσει
2792 2858 3189 2927 παρειληφότος
3209 2859 3334 2921 τοὺς
3360 2858 3449 2910 ὑπ’
3469 2857 3641 2927 αὐτῷ,

2066 2950 2254 3021 ὥσπερ
2286 2952 2334 3001 οἱ
2368 2948 2535 3002 ἄλλοι.
2573 2948 2826 3000 Βλεπέτω
2865 2948 2908 3000 δ’
2941 2949 2969 2999 ὁ
3017 2949 3310 3019 δυνάμενος
3340 2949 3415 3011 ὡς
3451 2950 3508 3001 ἐν
3541 2950 3642 3001 ἀν·-

2068 3041 2305 3114 θρώποις
2329 3044 2386 3095 ὲν
2414 3044 2477 3112 τῇ
2504 3041 2708 3094 τούτων
2727 3040 2986 3112 πολιτείᾳ,
3007 3041 3115 3094 τῶν
3136 3042 3476 3111 τεταγμένων
3499 3041 3643 3095 κατὰ

2066 3131 2163 3202 τὴν
2203 3131 2561 3200 διαφέρουσαν
2611 3131 2802 3202 μερίδα
2838 3131 2914 3201 τῷ
2964 3132 3152 3202 Κυρίῳ
3196 3133 3489 3203 γενομένας
3530 3132 3641 3203 (17)

2068 3219 2360 3291 ἁμαρτίας,
2398 3220 2656 3290 πρότερον
2694 3219 2792 3289 μὲν
2836 3221 3085 3283 ἀνεκτάς,
3125 3222 3216 3273 καὶ
3260 3221 3530 3286 τοιαύτας,
3565 3223 3642 3284 ὡς

2071 3311 2144 3381 μὴ
2178 3310 2352 3380 πάντη
2388 3310 2570 3375 ἀξίους
2603 3310 2740 3364 εἶναι
2773 3311 2967 3374 αὐτοὺς
2992 3312 3084 3363 τοῦ
3118 3312 3639 3379 ἐγκαταλείπεσθαι·

393 3395 524 3451 ferri
556 3404 776 3463 possent
802 3410 816 3460 ;
844 3394 895 3447 id
925 3393 1176 3448 accidere
1207 3393 1445 3460 diutius;
1481 3392 1719 3449 remedia
1750 3406 1963 3463 semper

2071 3380 2195 3456 ῦστε
2207 3420 2293 3473 ρον
2320 3402 2375 3455 δὲ
2409 3402 2657 3465 πλείονας
2685 3403 2802 3473 μὲν,
2833 3403 2945 3456 ἀλλ’
2979 3403 3058 3455 ἔτι
3084 3404 3333 3467 ἀνεκτάς.
3364 3406 3474 3458 Καὶ
3499 3406 3643 3458 τοῦτ’

390 3487 666 3551 adhibita;
694 3486 810 3542 illos
836 3486 902 3541 ad
934 3486 1099 3539 Deum
1130 3501 1194 3542 ex
1219 3485 1523 3542 intervallis
1547 3500 1795 3540 reversos
1820 3501 1960 3550 esse;

399 3581 690 3634 advertant
723 3592 939 3648 quoque
977 3578 1099 3633 illos
1146 3593 1244 3649 pro
1278 3579 1392 3633 suis
1444 3579 1684 3647 peccatis
1734 3578 1963 3631 traditos

391 3669 563 3725 fuisse
616 3668 849 3723 aliarum
901 3666 1181 3735 regionum
1212 3666 1535 3739 praesidibus
1560 3706 1575 3732 ,
1616 3679 1681 3720 ac
1720 3666 1956 3735 primum

388 3762 567 3817 lenius
596 3762 814 3831 punitos
836 3758 996 3830 601
1030 3757 1341 3826 inﬂictaque
1364 3770 1522 3827 poena
1547 3759 1699 3827 quasi
1719 3756 1963 3813 eruditos

392 3852 444 3904 in
496 3849 716 3920 propria
770 3849 1031 3914 rediisse;
1085 3856 1275 3917 postea
1334 3846 1698 3916 potestatibus
1731 3845 1963 3900 traditos

386 3940 561 3996 fuisse
600 3938 994 4004 acerbioribus,
1023 3936 1270 4007 Assyriis
1304 3950 1502 4008 nempe
1540 3945 1597 3991 et
1622 3935 1959 4007 Babyloniis,

389 4043 448 4087 ut
478 4029 761 4100 Scriptura
800 4038 992 4093 vocat;
1017 4037 1318 4098 postremo,
1351 4041 1474 4081 cum
1516 4026 1760 4081 adhibita
1789 4040 1964 4080 reme-

388 4126 475 4180 dia
536 4123 805 4179 malitiam
855 4133 1071 4189 semper
1111 4127 1457 4175 crescentem
1508 4132 1613 4172 non
1647 4130 1963 4186 compesce-

388 4227 532 4284 rent,
567 4217 844 4287 dispersos
896 4214 947 4269 in
998 4214 1135 4270 alias
1167 4222 1351 4284 partes
1410 4210 1580 4266 fuisse
1628 4210 1697 4265 ab
1730 4210 1958 4265 aliarum

388 4311 669 4381 regionum
711 4306 1076 4378 prmsidibus;
1111 4304 1497 4360 dissimulante
1524 4302 1744 4357 interim
1784 4312 1839 4357 et
1869 4318 1962 4359 ne-

387 4401 624 4472 gligente
654 4416 756 4457 suo
787 4399 1053 4471 praeside,
1085 4406 1145 4453 ut
1202 4398 1317 4467 ipse
1363 4396 1639 4460 vicissim,
1683 4394 1842 4463 quasi
1880 4409 1958 4458 se,

387 4495 529 4562 quod
559 4509 768 4563 aequum
798 4500 937 4558 erat,
974 4490 1267 4555 ulciscens,
1297 4496 1571 4558 potestate
1602 4496 1849 4556 accepta,
1889 4499 1956 4540 ex

388 4585 514 4640 aliis
541 4584 798 4655 gentibus
836 4598 973 4652 quos
1028 4590 1211 4650 posset
1264 4581 1604 4646 adduceret,
1657 4579 1801 4649 leges
1852 4577 1959 4631 illis

388 4678 565 4741 daret,
599 4674 816 4728 vivendi
848 4688 1094 4727 normam
1142 4671 1558 4740 praescriberet,
1611 4669 1959 4737 perduceret-

388 4781 494 4835 que
524 4766 591 4819 ad
631 4765 816 4826 linem,
856 4764 921 4816 ad
955 4777 1115 4831 quem
1152 4761 1405 4829 perduxit
1434 4773 1530 4814 eos
1561 4773 1628 4813 ex
1659 4763 1834 4828 prima
1866 4773 1955 4812 na-

388 4858 557 4919 tione,
592 4855 684 4924 qui
722 4870 828 4908 non
857 4862 1240 4922 peccaverant.

2067 3494 2159 3547 ἐπὶ
2200 3494 2421 3547 πλείονα
2467 3494 2657 3565 χρόνον
2710 3494 2844 3547 νοῶν
2886 3494 3184 3563 γινόμενον,
3220 3498 3315 3548 καὶ
3360 3496 3642 3565 ἀεὶοοερα-

2068 3585 2227 3639 πείαν
2268 3584 2703 3655 προσαγομένην,
2739 3580 2831 3637 καλ
2880 3586 2943 3636 ὲκ
2983 3583 3388 3655 διαλειμμάτων
3421 3586 3641 3650 τούτους

2066 3674 2508 3743 ἐπιστρέφοντας,
2542 3672 2722 3742 ὁράτω
2753 3673 2948 3735 αὐτοὺς
2980 3673 3473 3744 καταλειπομένους
3501 3677 3640 3727 κατὰ

2064 3766 2162 3835 τὴν
2195 3764 2483 3831 ἀναλογίαν
2510 3763 2617 3816 τῶν
2649 3764 3112 3834 ἁμαρτανομένων
3144 3768 3255 3827 τοῖς
3286 3764 3509 3835 λαχοῦσι
3541 3765 3638 3828 τὰς

2064 3853 2229 3914 ἄλλας
2267 3852 2470 3923 χώρας,
2512 3851 2773 3922 πρότερον
2807 3852 2904 3921 μὲν
2952 3854 3044 3905 ἐπὶ
3076 3853 3135 3905 τὸ
3177 3853 3395 3907 ἔλαττον
3443 3855 3638 3917 αὐτοὺς

2065 3942 2425 4004 κολασθέντας
2460 3936 2590 4011 (18),
2626 3941 2719 3993 καὶ
2751 3940 3003 4004 τίσαντας
3030 3942 3213 4013 δίκην,
3244 3943 3485 4012 ὡσπερεὶ
3510 3960 3637 3997 παι-

2063 4031 2369 4094 δευθέντας,
2400 4029 2712 4083 ἐπανελθεῖν
2739 4031 2818 4094 είς
2848 4030 2915 4083 τὰ
2947 4032 3147 4083 οἰκεῖα·
3182 4030 3406 4102 ὕστερον
3438 4032 3494 4084 δὲ
3522 4032 3638 4101 βλε-

2065 4120 2212 4171 πέτω
2236 4118 2430 4181 αὐτοὺς
2447 4118 2915 4189 παραδεδομένους
2937 4118 3335 4190 χαλεπωτέροις
3355 4121 3635 4192 ἄρχουσιν,

2062 4210 2137 4273 ὡς
2167 4209 2233 4263 ἂν
2256 4209 2576 4280 όνομὰσαιεν
2603 4212 2657 4262 αἱ
2687 4211 2921 4281 Γραφαὶ,
2967 4209 3287 4281 Ἀσσυρίοις,
3323 4206 3441 4264 εἶτα
3468 4211 3641 4265 Βαϐυ-

2063 4300 2274 4364 λωνίοις
2296 4318 2310 4332 ν
2344 4297 2482 4365 εἶτα,
2517 4301 2942 4373 προσαγομένων
2969 4300 3292 4371 θεραπειῶν,
3316 4300 3495 4372 ὁράτω
3517 4301 3639 4354 τοῦ⁹

2062 4411 2185 4457 τους
2208 4393 2358 4446 οὐδὲν
2382 4389 2541 4465 ἦττον
2576 4392 2835 4459 αὔξοντας
2867 4394 2934 4446 τά
2964 4394 3409 4463 ἁμαρτανόμενα,
3434 4396 3527 4447 καὶ
3551 4395 3637 4448 διά

2062 4484 2204 4537 τοῦτ’
2234 4485 2722 4556 ὲπισπειρομένους
2753 4485 2855 4538 ὑπὸ
2877 4486 2983 4538 τῶν
3009 4485 3411 4555 διαρπαζόντων
3443 4486 3636 4550 αὐτοὺς

2062 4577 2336 4649 ἀρχόντων
2358 4576 2464 4630 τῶν
2495 4577 2692 4630 λοιπῶν
2726 4576 2893 4629 ἐθνῶν
2915 4580 3034 4639 ταῖς
3068 4578 3252 4640 ἄλλαις
3291 4579 3527 4649 μερίσιν.
3580 4580 3637 4632 '0

2062 4668 2106 4720 δ’
2140 4670 2322 4738 ἄρχων
2354 4667 2532 4721 αὐτῶν
2561 4667 2813 4738 ἐπίτηδες
2850 4668 3145 4740 παροράτω
3180 4669 3638 4740 διαρπαζομένους

2062 4759 2256 4821 αὐτοὺς
2285 4759 2388 4810 ὑπὸ
2413 4758 2519 4812 τῶν
2546 4762 2603 4813 ὲν
2628 4762 2736 4821 τοῖς
2760 4758 2963 4821 λοιποῖς
2994 4758 3200 4811 ἔθνεσιν
3224 4759 3518 4830 ἀρχόντων,
3551 4760 3635 4810 ἵνα

2065 4851 2159 4904 καὶ
2190 4850 2350 4912 αὐτὸς
2383 4848 2638 4917 εὐλόγως,
2679 4848 2919 4919 ὡσπερεὶ
2952 4849 3141 4901 ἑαυτὸν
3175 4850 3422 4911 ἐκδικῶν,
3458 4850 3634 4902 λαϐὼν

386 4949 633 5018 ἐξουσίαν
664 4948 976 5002 ἀποσπάσαι
1006 4948 1113 5000 τῶν
1147 4947 1345 5000 λοιπῶν
1382 4946 1550 5001 ἐθνῶν
1581 4943 1674 5007 οὓς
1707 4943 1772 4997 ἂν
1797 4942 2037 5014 δύνηται,
2078 4945 2138 4998 τὸ
2169 4944 2379 4998 τοιοῦτο
2430 4945 2652 5016 ποιήσῃ,
2687 4942 2778 4995 καὶ
2808 4944 3003 5012 νόμους
3041 4959 3101 4994 τε
3143 4944 3324 5007 αὐτοῖς
3352 4944 3512 5016 θῆται
3545 4942 3634 4999 καὶ

387 5044 502 5116 βίον
534 5040 787 5114 ὑποδείξῃ
818 5042 939 5095 καθ’
967 5041 1026 5093 ὃν
1063 5041 1284 5111 βιωτέον
1303 5082 1319 5108 ,
1359 5040 1447 5093 ἵνα
1478 5039 1673 5101 αὐτοὺς
1709 5037 1959 5108 ἀναγάγῃ
1990 5039 2083 5092 ἐπὶ
2118 5039 2287 5103 τέλος,
2311 5039 2394 5106 ἐφ’
2421 5039 2556 5107 ὅπερ
2579 5039 2821 5107 ἀνήγαγε
2845 5038 2951 5107 (i9)
2974 5038 3098 5099 τοὺς
3126 5039 3198 5110 μὴ
3228 5038 3636 5110 ἁμαρτάνοντας

385 5142 451 5193 ὲκ
478 5135 572 5193 τοῦ
603 5135 868 5206 προτέρου
899 5133 1108 5196 ἔθνους.

456 5256 569 5327 (14)
608 5249 1334 5327 Κατειῑάεὺπεραίρόμενα
1354 5246 1643 5327 Mevia?“
1673 5241 1957 5327 κφτᾲῖῆς

385 5316 658 5399 γνῶσὲως
710 5322 828 5399 τοῦ.
871 5316 1038 5399 Θεοῦ.
1090 5316 1234 5399 Haec
1264 5333 1382 5385 quae
1442 5320 1496 5369 in
1560 5316 1849 5399 llceseltelii
1904 5323 1957 5366 et

385 5385 649 5478 Spenceri
699 5392 1034 5447 editionibus
1087 5388 1499 5451 desiderantur,
1552 5385 1871 5453 supplentur
1924 5398 1954 5435 e

383 5466 704 5523 Philocalia.

453 5537 564 5603 (15)
604 5536 755 5600 ’Έως
786 5535 1017 5603 τίσωσι.
1050 5528 1182 5603 Vide
1217 5527 1310 5603 lii),
1339 5541 1418 5603 tv,
1447 5539 1601 5603 num.
1631 5523 1719 5603 l9,
1740 5524 1842 5603 .H.

480 5537 564 5603 15)
604 5537 755 5600 Ἕως
786 5537 1015 5588 τίσωσι.
1053 5537 1182 5583 Vide
1217 5537 1310 5580 Ill).
1342 5541 1418 5590 tv,
1447 5539 1601 5579 num.
1631 5537 1719 5587 tu,
1756 5537 1842 5578 ιι.

453 5537 564 5678 illi)
605 5605 925 5673 Γεγονιέναι
953 5600 1041 5654 δέ.
1078 5600 1131 5652 ld
1164 5600 1217 5653 in
1255 5596 1548 5652 Pliilocalia
1578 5595 1868 5661 omittitur,
1896 5602 1950 5648 et

381 5677 570 5728 abesse
598 5684 791 5742 potest.

452 5744 567 5813 (t7)
601 5733 916 5800 Philocalia.
944 5740 1259 5811 γενομένας.
1300 5737 1640 5795 lloeschelius
1674 5742 1727 5791 et
1773 5733 1944 5805 Spen-

2062 5253 2241 5301 cerus,
2269 5237 2587 5308 γινομένας.

2132 5308 2243 5379 (l8)
2288 5307 2630 5379 HmSchclius
2666 5308 2715 5360 in
2746 5316 2894 5361 textu
2933 5307 3126 5373 habet,
3172 5310 3265 5362 ἐπὶ
3299 5308 3377 5379 τῷ
3414 5308 3634 5363 ἔλαττον

2061 5378 2167 5433 ἀπὸ
2192 5380 2283 5431 τοῦ
2316 5380 2439 5441 τοὺς
2474 5378 2858 5441 κολασθέντας.

2134 5450 2245 5520 (19)
2293 5449 2526 5512 Philuc.,
2569 5449 2834 5520 ἀνήγαγε.
2876 5447 3057 5501 Hoesc.
3082 5458 3143 5520 et
3185 5450 3405 5520 Spenlc.,
3437 5448 3633 5517 ἀνῆγε.

2060 5518 2180 5573 Μυκ
2212 5520 2457 5589 ;ΡΙιί1‹ις.,
2496 5520 2571 5589 ᾼέκ
2616 5519 2710 5570 τοῦ
2752 5520 3017 5589 προτέρου
3066 5518 3264 5581 ἔθνους.
3315 5518 3531 5589 litesclt.
3578 5528 3635 5571 et

2060 5594 2278 5658 Spcnc.,
2306 5587 2520 5660 anu—ais
2542 5587 2807 5660 προτέρου
2829 5587 3034 5651 ἔθνους.
3059 5589 3221 5660 Paulo
3254 5599 3371 5660 post
3399 5587 3630 5649 Pniloc.,

2055 5657 2121 5712 τά
2154 5660 2381 5711 τοιαῦτα
2406 5657 2647 5727 βλέπειν.
2689 5657 2827 5713 Infra
2853 5659 3062 5724 eadem,
3088 5659 3178 5710 ἐπὶ
3203 5657 3419 5711 κολάσει
3447 5672 3631 5728 προει-

2057 5730 2317 5799 ληφότων.
