3990 6158
409 258 550 319 ιεεθ

1599 259 1878 317 CONTRA
1909 256 2184 314 CELSUM
2218 259 2347 315 LIB.
2384 260 2450 316 Υ.

3521 260 3664 317 1250

482 377 592 431 Καὶ
622 376 709 431 διὰ
734 376 925 431 τούτου
961 378 1385 449 μανθανέτωσαν
1411 381 1459 432 οί
1486 379 1771 450 δυνάμενοι
1797 379 1867 433 τά
1884 395 1974 448 τη-

2154 379 2244 433 52.
2275 377 2394 434 Jam
2422 377 2548 431 hinc
2574 376 2787 432 discant
2816 376 3005 431 bamm
3037 389 3220 431 rerum
3268 375 3659 446 intelligentes,

408 468 637 522 λικαῦτα
679 469 929 540 βλέπειν,
974 470 1052 523 ὅτι
1090 469 1267 539 πολλῷ
1315 470 1680 543 δυνατώτερος
1727 474 1755 524 ὁ
1803 469 1984 540 λαχὼν

407 560 536 622 τοὺς
573 559 840 629 πρότερον
882 558 956 629 μὴ
989 560 1376 630 ἡμαρτηκότας
1410 559 1516 612 τῶν
1553 558 1756 612 λοιπῶν
1797 560 1943 611 ἐστιν
1966 575 1979 587 ’

408 649 532 701 ἐπεὶ
562 647 865 719 δεδύνηται,
894 649 997 702 ἀπὸ
1028 651 1126 719 τῆς
1157 650 1370 703 πάντων
1417 650 1631 719 μερίδος
1671 649 1985 710 ἐπιλέκτους

408 739 611 803 λαϐὼν,
633 741 942 810 ἀποστῆσαι
970 740 1067 810 μὲν
1090 740 1283 803 αὐτοὺς
1303 740 1409 792 τῶν
1436 740 1527 792 ἐπὶ
1552 739 1767 792 κολάσει
1798 755 1987 808 παρει-

409 832 679 903 ληφότων,
714 835 1084 903 προσαγαγεῖν
1117 832 1172 885 δὲ
1204 832 1389 903 νόμοις
1423 833 1515 886 καὶ
1551 833 1649 903 βίῳ
1681 832 1984 902 συμϐαλλο-

412 923 557 994 μένῳ
596 924 706 995 (20)
740 925 819 987 εἰς
851 923 1155 995 ἀμνηστίαν
1191 924 1299 976 τῶν
1344 924 1852 995 προημαρτημένων
1887 923 1975 975 αὺ-

406 1015 539 1077 τοῖς.
588 1015 747 1078 Ἀλλ’,
781 1014 858 1079 ὡς
898 1016 1247 1086 προείπομεν,
1284 1013 1456 1067 ταῦτα
1487 1016 1615 1083 ἡμῖν
1645 1016 1982 1086 ἐπικεκρυμ-

410 1104 586 1175 μένως
619 1103 887 1173 λελέχθω,
933 1106 1258 1174 παριστᾶσιν
1299 1095 1372 1155 ὧν
1406 1104 1763 1173 παρήκουσαν
1794 1103 1845 1153 oi
1885 1103 1985 1171 φή-

408 1211 627 1259 σαντες,
660 1213 678 1246 ι
712 1194 781 1247 τὰ
829 1195 969 1267 μέρη
1011 1195 1114 1264 τῆς
1153 1194 1258 1263 γῆς
1302 1193 1361 1258 ἐξ
1420 1194 1597 1265 ἀρχῆς
1629 1194 1762 1247 ἄλλα
1806 1193 1983 1255 ἄλλοις

405 1284 671 1349 ἐπόπταις
703 1286 1065 1357 νενεμημένα,
1102 1285 1245 1338 κατά
1274 1302 1425 1347 τινας
1455 1284 1807 1354 ἐπικρατείας
1854 1284 1984 1336 διει-

404 1371 678 1444 λημμένα,
701 1373 869 1443 ταύτῃ
908 1372 1258 1426 διοικεῖσθαι·
1300 1393 1318 1425 ι
1356 1374 1448 1442 ἀφ’
1481 1367 1558 1427 ὧν
1592 1375 1685 1426 καὶ
1716 1374 1744 1424 ό
1778 1373 1983 1435 Κέλσος

404 1464 585 1519 λαϐὼν
624 1464 723 1528 τὰς
750 1464 1072 1535 ἐγκειμένας
1105 1463 1216 1535 (:21)
1249 1460 1368 1517 εἷπε
1412 1463 1585 1529 λέξεις
1607 1504 1620 1515 .
1677 1464 1826 1517 Ἐπεὶ
1858 1464 1903 1516 δ’
1933 1464 1981 1515 οἱ

405 1558 725 1627 κινήσαντες
772 1556 880 1609 ἀπὸ
924 1556 1197 1609 ἀνατολῶν
1217 1594 1231 1620 ,
1263 1556 1331 1609 δι’
1365 1555 1401 1609 δι
1432 1557 1700 1627 ἦμαρτον,
1747 1556 1980 1625 παρεδό-

2088 471 2258 523 multo
2291 468 2505 524 caneris
2536 469 2891 524 valentiorem
2927 484 3046 525 esse
3066 509 3080 532 ,
3105 468 3194 523 cui
3229 468 3473 537 obtigere
3500 468 3660 536 primi

2090 562 2165 615 illi
2220 544 2475 614 homines
2514 559 2606 628 qui
2662 574 2768 612 non
2826 568 3186 628 peccaverunt
3217 576 3232 612 :
3268 556 3533 627 siquidem
3563 571 3663 628 po-

2088 653 2249 706 tuerit
2282 652 2643 720 undecunque
2671 651 2870 719 eligere
2908 666 3044 721 quos
3073 651 3261 715 voluit,
3295 652 3414 705 illos
3448 651 3515 704 iis
3544 653 3657 704 eri-

2088 758 2216 810 pere
2260 742 2459 810 quibus
2500 740 2553 794 in
2604 755 2819 808 poenam
2870 742 3054 796 traditi
3106 740 3342 804 fuerant,
3379 741 3525 811 leges
3560 740 3665 794 illis

2088 835 2361 902 imponere
2374 847 2601 901 eamque
2615 834 2733 886 vitm
2750 848 2993 886 normam
3012 834 3159 896 dare,
3178 848 3297 902 qua:
3321 833 3384 885 ad
3402 832 3666 887 inducen-

2086 926 2206 977 dam
2246 924 2595 992 pristinorum
2639 923 2970 977 oblivionem
2995 924 3258 978 scelerum
3295 924 3651 979 conduceret.

2087 1016 2283 1069 Verum
2307 1012 2420 1069 haec
2449 1013 2632 1067 omnia
2657 1014 2888 1080 occulte,
2915 1024 2967 1067 ut
2995 1014 3311 1082 prazmonui,
3338 1018 3509 1083 e'aque
3544 1024 3666 1068 tan-

2088 1114 2197 1160 tum
2227 1114 2403 1159 mente
2442 1105 2583 1159 dicta
2626 1105 2754 1169 sint,
2779 1113 2836 1157 ut
2872 1105 3104 1160 indicem
3133 1106 3273 1160 unde
3299 1104 3526 1160 confuse
3558 1122 3659 1159 au—

2086 1197 2286 1250 dierint
2320 1197 2354 1250 ii
2408 1212 2435 1249 a
2469 1196 2668 1265 quibus
2687 1206 2986 1250 memorata
3018 1195 3208 1251 Celsus
3234 1199 3437 1266 accepit
3472 1198 3660 1263 verba,

2091 1306 2109 1336 ‹
2137 1287 2382 1341 diversas
2411 1296 2572 1340 terra:
2600 1295 2784 1355 partes
2814 1285 3046 1339 diversis
3073 1287 3467 1353 potestatibus,
3501 1291 3661 1357 quasi

2084 1378 2348 1445 quasdam
2376 1375 2761 1445 praefecturas,
2793 1376 3115 1430 commissas
3141 1377 3211 1431 ab
3242 1376 3421 1441 initio,
3466 1380 3662 1432 eodem

2090 1482 2237 1521 nunc
2285 1468 2447 1521 modo
2491 1467 2889 1519 adminiStrari.
2923 1484 2941 1517 ι
2974 1466 3245 1531 Quoniam
3290 1482 3419 1522 vero
3440 1468 3663 1539 quisuis

2085 1555 2321 1624 peccantis
2354 1557 2420 1609 ab
2444 1554 2663 1609 Oriente
2688 1563 3043 1619 recesserunt,
3078 1555 3261 1609 traditi
3290 1566 3415 1609 sunt
3442 1576 3459 1608 ι
3485 1558 3538 1611 in
3573 1572 3662 1611 re-

404 1648 576 1721 θησαν
606 1669 624 1701 ι
665 1651 744 1713 είς
774 1649 1025 1720 ἀδόκιμον
1056 1648 1201 1711 νοῦν,
1231 1648 1325 1702 καὶ
1350 1650 1428 1713 εἰς
1445 1649 1588 1719 πάθη
1624 1648 1974 1719 άτιμίας,καὶ

2083 1645 2309 1716 probum
2326 1660 2544 1699 sensum
2558 1655 2611 1700 et
2626 1648 2675 1699 in
2693 1650 2971 1712 passiones
2988 1646 3312 1715 ignominiaa,
3333 1646 3383 1700 in
3399 1648 3663 1703 desideria

403 1740 463 1792 ὲν
499 1742 620 1803 ταῖς
654 1738 971 1810 ἐπιθυμίαις
1003 1740 1109 1792 τῶν
1142 1740 1379 1811 καρδιῶν
1408 1740 1586 1793 αὐτῶν
1620 1742 1699 1803 είς
1731 1740 1972 1812 ἀκαθαρ-

405 1831 548 1895 σίαν,
578 1849 597 1882 ι
626 1833 711 1884 ἵνα
744 1831 1092 1902 κορεσθέντες
1124 1834 1222 1902 τῆς
1248 1831 1520 1903 ἁμαρτίας
1556 1832 1858 1902 μισήσωσιν
1877 1832 1973 1884 αὐ-

400 1924 518 1994 τήν’
551 1923 647 1993 οὐχ
670 1922 1070 1993 ὑποκεισόμεθα
1089 1922 1166 1993 τῷ
1199 1924 1404 1975 Κέλσου
1427 1922 1713 1993 ἀρέσκοντι
1740 1921 1974 1991 φάσκον-

397 2011 737 2081 1a;(‘32)6t&
776 2012 903 2074 τοὺς
935 2012 1333 2083 νενεμημένους
1368 2012 1609 2075 ἐπόπτας
1637 2014 1748 2075 τοῖς
1780 2012 1972 2083 μέρεσι

399 2096 499 2166 τῆς
528 2097 632 2167 γῆς
668 2099 737 2150 τὰ
775 2101 904 2169 παρ’
947 2099 1194 2162 ἑκάστοις
1224 2100 1399 2170 ὀρθῶς
1431 2100 1794 2171 πράττεσθαι·
1840 2101 1974 2153 ἀλλὰ

400 2188 495 2241 καὶ
539 2188 854 2261 βουλόμεθα,
888 2192 988 2261 οὐχ
1016 2192 1120 2263 ὅπη
1222 2192 1448 2255 ἐκείνοις
1478 2192 1663 2261 φίλον,
1705 2194 1875 2246 ποιεῖν
1906 2193 1974 2246 τὰ

400 2279 644 2333 ἐκείνων.
692 2282 937 2352 Ὀρῶμεν
977 2282 1108 2354 γάρ,
1154 2286 1237 2336 ὅτι
1282 2284 1425 2337 ὅσιον
1477 2284 1575 2354 μὲν
1615 2284 1683 2337 τὰ
1715 2282 1773 2348 ἐξ
1800 2283 1976 2355 ἀρχῆς

398 2369 543 2421 κατὰ
568 2369 764 2432 τόπους
798 2372 1158 2441 νενομισμένα
1184 2371 1329 2424 λύειν
1363 2373 1478 2424 ἐστὶ
1501 2371 1682 2442 νόμοις
1705 2372 1995 2443 κρείττοσιη

398 2462 494 2515 καὶ
518 2460 825 2532 θειοτέροις,
847 2458 928 2526 οἷς
951 2463 1027 2525 ὡς
1050 2464 1415 2526 δυνατώτατος
1443 2464 1592 2516 ἔθετο
1614 2462 1868 2533 Ἰησυῦς,‹
1894 2462 1978 2525 ἐξ·

399 2552 651 2623 ελόμενος
683 2555 828 2621 ἡμᾶς
866 2554 972 2605 ἀπὸ
1002 2554 1095 2605 τοῦ
1131 2554 1323 2616 αἰῶνος
1364 2552 1458 2606 τοῦ
1501 2554 1787 2617 ἐνεστῶτος
1816 2570 1979 2625 πονη-

409 2642 539 2712 ροῦ,
586 2660 605 2693 ι
632 2642 725 2694 καὶ
752 2660 771 2691 ι
809 2640 918 2693 τῶν
962 2639 1236 2711 ἀρχόντων
1280 2640 1372 2692 τοῦ
1416 2641 1609 2702 αίῶνος
1654 2639 1845 2692 τούτου
1867 2644 1977 2694 τῶν

406 2733 896 2804 καταργουμένωνο
938 2751 958 2784 ι
997 2732 1209 2785 ἀνόσιον
1248 2732 1305 2785 δὲ
1330 2731 1390 2783 τὸ
1427 2730 1501 2802 μὴ
1535 2732 1819 2802 ἐπιρῤίψαι
1850 2733 1977 2786 ἐαυ-

405 2821 496 2874 τὸν
541 2822 653 2891 (ἓὸ)
680 2822 758 2892 τῷ
804 2820 1021 2874 πάντων
1052 2821 1327 2891 ἀρχόντων
1362 2821 1582 2890 φανέντι
1625 2823 1718 2875 καὶ
1762 2822 1978 2875 ἀποδει-

404 2911 591 2982 χθέντι
624 2912 994 2983 καθαρωτέρῳ
1021 2912 1117 2965 καὶ
1154 2910 1506 2982 δυνατωτέρῳ
1525 2952 1537 2976 ,
1573 2912 1708 2983 πρὸς
1738 2911 1797 2965 ὃν
1824 2907 1976 2966 εἶπεν

403 3006 431 3057 ό
462 3005 622 3071 Θεὸς,
666 3005 741 3069 ὡς
785 3005 834 3058 οἱ
881 3004 1155 3076 προφῆται
1188 3005 1294 3073 πρὸ
1336 3003 1545 3058 πολλῶν
1588 3006 1847 3076 προεῖπον
1880 3021 1976 3074 γε-

404 3096 561 3151 νεῶψ
596 3113 615 3147 ι
654 3096 882 3166 Αἴτησαι
922 3096 1051 3166 παρ’
1082 3094 1236 3165 ἐμοῦ,
1272 3096 1366 3148 καὶ
1406 3094 1561 3149 δώσω
1606 3113 1687 3149 σοι
1725 3095 1851 3166 ἔθνη
1881 3095 1979 3166 τὴν

406 3185 776 3255 κληρονομίαν
808 3204 923 3249 σου,
947 3188 1041 3240 καὶ
1067 3188 1165 3256 τὴν
1199 3186 1526 3258 κατάσχεσιν
1561 3205 1654 3241 σου
1678 3188 1745 3241 τὰ
1764 3187 1977 3260 πέρατα

403 3275 503 3344 τῆς
525 3276 647 3345 γῆς.
682 3295 699 3327 ι
732 3277 842 3329 Καὶ
878 3276 988 3347 γὰρ
1030 3278 1191 3340 αὐτὸς
1221 3278 1515 3348 προσδοκία
1540 3279 1759 3347 γέγονεν
1793 3280 1972 3349 ἡμῶν,

403 3364 512 3417 τῶν
545 3365 655 3418 άπὸ
689 3364 857 3418 ἐθνῶν
883 3368 1288 3420 πιστευσάντων
1324 3369 1402 3430 είς
1431 3368 1611 3434 αὐτόν,
1644 3368 1850 3422 καὶτὸν
1884 3371 1975 3422 ἐπὶ

403 3456 537 3509 πᾶσι
576 3456 707 3509 Θεὸν
735 3457 952 3529 Πατέρα
982 3457 1166 3512 αὐτοῦ.

473 3546 658 3599 Ταῦτα
692 3547 751 3599 δὲ
787 3547 849 3600 οὐ
890 3548 1050 3619 μόνον
1087 3547 1227 3620 πρὸς
1262 3548 1331 3603 τὰ
1363 3550 1656 3621 ἐγκείμενα
1694 3552 1823 3623 περὶ
1858 3555 1967 3608 τῶν

402 3640 653 3694 ἐποπτῶν
673 3642 803 3710 ἡμῖν
824 3640 1091 3709 λέλεκται,
1116 3641 1252 3694 ἀλλὰ
1273 3643 1367 3696 καὶ
1389 3644 1624 3714 μετρίως
1653 3643 1969 3715 προλαμϐά-

400 3748 548 3785 νουσι
569 3731 638 3784 τά
665 3732 766 3785 ὑπὸ
789 3732 880 3786 τοῦ
919 3733 1127 3788 Κέλσου
1163 3734 1299 3805 πρὸς
1318 3736 1465 3806 ἡμᾶς
1484 3735 1769 3806 λεγόμενα,
1797 3738 1855 3790 ἐν
1887 3734 1968 3801 οἷς

400 3838 582 3893 φησιν’
615 3842 633 3874 ι
669 3824 793 3878 Ἰτω
824 3826 882 3878 δέ
905 3827 933 3878 ὁ
955 3825 1223 3897 δεύτερος·
1250 3828 1517 3901 ἐρήσομαι
1534 3830 1592 3883 δέ
1615 3830 1832 3895 αὐτοὺς,
1868 3832 1967 3885 πό-

401 3910 490 3965 θεν
510 3911 736 3981 ἦκουσιν
753 3951 768 3977 ,
791 3912 823 3984 ἢ
845 3913 966 3967 τίνα
995 3914 1107 3984 (24)
1138 3914 1355 3986 ἔχουσιν
1382 3918 1696 3990 ἀρχηγέτην
1728 3920 1971 3991 πατρίων

399 4003 601 4073 νόμων.
627 4004 828 4057 Οὐδένα
852 4005 1137 4073 φήσουσιν,
1163 4007 1217 4059 οἵ
1232 4024 1296 4076 γε
1329 4009 1537 4063 ἐκεῖθεν
1561 4010 1661 4080 μὲν
1688 4012 1968 4083 ῶρμηνται

400 4093 497 4146 καὶ
520 4093 694 4158 αὐτοὶ,
722 4093 817 4147 καὶ
843 4095 934 4148 τὸν
960 4096 1277 4152 διδάσκαλόν
1298 4115 1359 4152 τε
1382 4102 1477 4154 καὶ
1500 4104 1835 4173 χοροστάτην
1869 4105 1971 4159 οὐκ

400 4180 621 4234 ἄλλοθέν
658 4181 821 4235 ποθεν
853 4183 1140 4255 φέρουσινν
1176 4186 1325 4257 ὅμως
1355 4188 1401 4241 δ’
1428 4189 1797 4261 ἀφεστήκασιν
1838 4195 1969 4248 Ἰου-

400 4271 582 4324 δαίων.
615 4290 633 4323 ι
666 4273 908 4344 Ἦκομεν
946 4271 1038 4329 οὖν
1066 4276 1226 4346 ἡμεῖς
1252 4278 1483 4345 ἕκαστος
1512 4281 1570 4335 ἐν
1602 4284 1723 4346 ταῖς
1752 4302 1771 4334 ι
1806 4284 1969 4356 ἐσχά-

2076 1737 2475 1802 cordiseorum,
2495 1738 2546 1791 in
2567 1737 2958 1791 immunditiam
2977 1738 3066 1801 δοί,
3084 1755 3101 1785 ι
3128 1747 3180 1789 ιιι
3195 1746 3419 1806 peccato
3434 1744 3663 1796 saturati

2079 1830 2207 1883 illud
2226 1830 2351 1886 odio
2366 1830 2579 1884 tandem
2598 1829 2879 1897 haberent,
2898 1830 3056 1886 Celso
3086 1847 3192 1884 non
3218 1833 3555 1888 assentimur
3570 1852 3661 1891 as-

2074 1922 2300 1984 serenti,
2320 1919 2386 1973 iis
2406 1920 2802 1988 inspectoribus
2840 1920 3069 1975 diversis
3088 1928 3245 1976 terra:
3261 1922 3506 1991 partibus
3522 1938 3662 1993 pras-

2076 2012 2266 2080 positis
2292 2010 2499 2071 deberi,
2516 2011 2661 2079 quod
2684 2021 2829 2067 recte
2853 2028 2911 2068 se
2930 2027 3015 2066 res
3037 2012 3371 2083 singulorum
3397 2013 3659 2072 habeant.

2075 2102 2259 2172 Neque
2276 2103 2438 2158 etiam
2457 2117 2578 2158 eam
2596 2106 2789 2174 agendi
2813 2104 3076 2160 rationem
3100 2106 3252 2176 sequi
3272 2106 3664 2179 volumus,quai

2078 2190 2183 2249 illis
2209 2195 2405 2264 placet.
2453 2193 2668 2248 Scimus
2697 2195 2839 2249 enim
2862 2195 2942 2251 fas
2964 2211 3082 2253 esse
3108 2198 3251 2268 leges
3281 2199 3561 2269 regionum
3596 2204 3665 2254 ab

2078 2286 2231 2340 initio
2258 2286 2582 2341 constitutas
2609 2283 2834 2353 violare,
2861 2286 3032 2355 iisque
3056 2286 3201 2356 leges
3230 2288 3505 2343 anteferre
3526 2304 3663 2358 prae-

2079 2378 2373 2433 stantiores
2399 2393 2463 2433 ac
2493 2378 2811 2443 diviniores,
2830 2392 2966 2448 quas
2985 2378 3143 2434 Jesus
3167 2388 3220 2432 ut
3245 2380 3518 2448 potentior
3536 2395 3664 2433 san-

2079 2471 2232 2538 civit,
2266 2490 2285 2524 ι
2317 2472 2555 2539 eripiens
2582 2487 2679 2527 nos
2702 2471 2768 2526 de
2791 2470 3041 2541 prmsenti
3064 2470 3259 2524 saeculo
3286 2484 3519 2539 nequam
3539 2473 3607 2535 δι,
3636 2490 3657 2524 ο

2079 2569 2132 2615 et
2159 2578 2177 2611 ι
2197 2559 2267 2614 de
2283 2560 2621 2631 principibus
2646 2558 2806 2626 bujus
2822 2556 3006 2613 saeculi
3025 2555 3115 2627 qui
3134 2556 3487 2612 destruuntur
3502 2556 3607 2623 u‘;
3637 2575 3659 2608 ι

2080 2660 2273 2706 contra
2336 2664 2462 2706 vero
2526 2650 2748 2719 impium
2798 2664 2918 2705 esse
2965 2664 3071 2704 non
3122 2662 3181 2703 se
3240 2646 3313 2701 illi
3367 2646 3662 2717 subjicere,

2084 2743 2176 2811 qui
2209 2741 2453 2797 sanctior
2478 2741 2777 2811 fortiorque
2805 2739 3148 2810 principibus
3178 2739 3431 2794 omnibus
3472 2748 3662 2809 aperte

2080 2834 2230 2889 visus
2255 2842 2362 2901 est,
2392 2843 2447 2887 et
2479 2833 2565 2889 eui
2608 2834 2769 2898 Deus,
2794 2841 2851 2886 ιιι
2878 2833 3154 2903 propbctte
3186 2841 3315 2887 ante
3350 2832 3521 2888 multa
3550 2846 3657 2886 saa-

2084 2925 2225 2991 cula,
2254 2925 2390 2979 dixit
2416 2940 2429 2976 :
2469 2942 2488 2977 ι
2527 2924 2745 2980 Postuia
2776 2940 2807 2979 a
2831 2938 2917 2980 me
2949 2932 3006 2980 et
3037 2923 3181 2980 dabo
3217 2925 3313 2980 tibi
3339 2936 3527 2996 gentes
3555 2928 3660 2982 hae-

2003 3035 2047 3094 c
2087 3015 2372 3070 reditatem
2431 3025 2608 3080 tuam,
2653 3023 2709 3069 et
2762 3014 3158 3086 possessionem
3206 3026 3352 3071 tuam
3396 3018 3658 3073 terminos

2080 3119 2239 3162 teme
2255 3105 2323 3161 δ’.
2347 3126 2365 3157 ι
2388 3106 2456 3161 Ει
2494 3120 2642 3161 certe
2664 3105 2839 3161 factus
2862 3105 2950 3160 ille
2974 3116 3059 3161 est
3078 3107 3415 3177 exspectatio
3446 3115 3655 3174 nostra,

2074 3202 2167 3270 qui
2203 3214 2233 3254 e
2259 3200 2511 3268 gentibus
2542 3198 2709 3269 602
2746 3198 3080 3253 credidimus
3110 3198 3163 3253 in
3187 3212 3312 3253 eum
3341 3208 3396 3254 et
3421 3199 3476 3255 in
3505 3213 3656 3255 sum-

2077 3306 2222 3345 mum
2253 3289 2423 3345 Deum
2451 3290 2567 3359 ejus
2596 3290 2839 3344 Patrem.

2146 3556 2237 3611 35.
2276 3555 2543 3610 Caeterum
2591 3555 2704 3610 hazc
2745 3569 2851 3611 non
2894 3556 3069 3610 solum
3100 3556 3433 3624 propositam
3473 3557 3538 3612 de
3573 3557 3655 3612 in—

2073 3648 2414 3720 spectoribus
2436 3646 2746 3717 opinionem
2775 3644 3048 3712 refutant,
3074 3644 3169 3700 sed
3205 3644 3369 3700 etiam
3393 3647 3653 3714 quodam-

2072 3740 2234 3796 modo
2261 3742 2533 3807 occupant
2558 3751 2620 3790 ea
2652 3749 2774 3805 quae
2811 3734 3000 3791 Celsus
3028 3742 3219 3790 contra
3247 3748 3348 3791 nos
3378 3734 3519 3790 infra
3535 3736 3649 3791 dis-

2071 3831 2206 3886 serit
2235 3846 2248 3882 :
2288 3846 2307 3881 ι
2342 3827 2604 3895 Accedat,
2636 3827 2834 3897 inquit,
2863 3826 3137 3883 secundus
3176 3846 3189 3881 :
3221 3833 3277 3881 et
3306 3826 3652 3897 interrogabo

2072 3934 2168 3977 eos
2196 3918 2341 3975 unde
2366 3917 2620 3981 veniant;
2650 3929 2939 3985 quemnam
2966 3915 3205 3972 habeant
3247 3924 3529 3971 auctorem
3556 3928 3652 3985 pa-

2070 4013 2297 4066 triarum
2326 4009 2526 4080 legum.
2570 4007 2789 4063 Nullum
2836 4004 3112 4063 atlerent:
3152 4006 3352 4077 quippe
3392 4007 3489 4077 qui
3522 4007 3652 4064 inde

2072 4099 2288 4158 oriundi
2324 4107 2472 4165 sunt,
2506 4111 2610 4153 nec
2660 4095 2878 4153 aliunde
2927 4097 3132 4151 habent
3159 4098 3438 4152 doctorem
3467 4106 3521 4152 et
3550 4098 3652 4152 du-

2066 4205 2206 4247 cem.
2235 4190 2491 4246 Attamen
2520 4184 3126 4243 defeceruntaJudaeis.
3152 4203 3173 4238 ι
3199 4186 3461 4244 Venimus
3482 4186 3650 4257 igitur

2066 4299 2166 4341 nos
2188 4287 2242 4339 in
2279 4299 2299 4335 ι
2331 4280 2645 4337 novissimis
2669 4298 2687 4331 ι
2712 4278 2866 4336 hisce
2886 4297 2907 4331 ι
2940 4278 3153 4347 diebus,
3181 4297 3202 4333 ι
3235 4293 3361 4335 cum
3390 4278 3552 4335 Jesus
3581 4282 3648 4335 ad

398 4380 517 4425 ταις
540 4364 795 4434 ἡμέραις,
834 4384 852 4416 ι
879 4366 967 4419 ὅτε
993 4368 1022 4420 ό
1042 4366 1250 4439 Ἰησοῦς
1270 4370 1427 4440 ἡμῶν
1448 4373 1862 4445 ἐπιδεδήμηκεν,
1888 4379 1967 4440 είς

2078 4389 2171 4433 nos
2199 4374 2436 4439 advenit,
2460 4371 2527 4427 ad
2554 4389 2574 4425 ι
2598 4369 2945 4427 manifestum
2968 4380 3207 4427 montem
3224 4368 3462 4438 Domini,
3493 4389 3513 4425 ι
3552 4372 3645 4441 qui

386 4451 450 4505 τὸ
485 4472 503 4504 ι
538 4456 777 4526 ἐμφανὲς
800 4455 924 4528 ὄρος
944 4456 1173 4530 Κυρίου,
1212 4478 1233 4512 ›
1264 4459 1357 4514 τὸν
1383 4460 1641 4534 ὑπεράνω
1665 4463 1863 4529 παντὸς
1883 4464 1968 4519 λό-

387 4562 486 4614 γου
518 4548 687 4616 Λόγον
707 4586 722 4610 ,
758 4549 853 4602 καὶ
884 4567 902 4600 ι
944 4550 1023 4613 εἰς
1054 4549 1147 4604 τὸν
1174 4544 1320 4603 οἶκον
1359 4551 1453 4606 τοῦ
1502 4552 1658 4619 Θεοῦ,
1693 4573 1711 4605 ι
1736 4555 1794 4618 ὃς
1819 4557 1967 4612 ἐστιν

400 4638 696 4712 Ἐκκλησία
720 4640 857 4694 Θεοῦ
887 4639 1108 4707 ζῶντος,
1141 4660 1160 4694 ι
1199 4642 1390 4706 στῦλος
1421 4645 1515 4699 καὶ
1539 4645 1816 4717 ἑδραίωμα
1866 4648 1968 4720 τῆς

389 4732 663 4804 ἀληθείαςυ
706 4754 724 4787 ι
754 4735 847 4789 καὶ
873 4735 1107 4807 ὁρῶμεν,
1133 4735 1252 4790 τίνα
1283 4737 1486 4809 τρόπον
1517 4738 1628 4810 (25)
1649 4734 1800 4805 οὗτος
1819 4741 1964 4796 οἰκο-

386 4822 630 4895 δομεῖται
662 4829 755 4881 ἐπὶ
786 4828 971 4901 ἄκρων
1000 4827 1110 4882 τῶν
1134 4828 1328 4900 ὀρέων,
1364 4829 1582 4886 πάντων
1612 4832 1720 4886 τῶν
1748 4850 1963 4905 προφη-

458 5033 529 5067 ⁴⁵⁰⁶
556 5033 712 5089 Rom.
745 5052 785 5099 ι,
828 5037 917 5101 ‘28,
951 5036 1040 5101 26,
1080 5040 1170 5096 24.

1276 5040 1320 5073 ιι
1340 5039 1516 5096 Galat.
1536 5056 1577 5111 ι,
1609 5042 1665 5095 ι.

385 5120 448 5171 ιι,
475 5106 531 5161 2.
610 5106 677 5137 ¹⁴³¹
701 5106 898 5176 Eplies.
925 5125 985 5173 ιι,
1013 5108 1105 5164 20.

454 5281 589 5360 (ΞΟ)Δ
620 5282 854 5360 Philop”
900 5285 1346 5360 συμϐαλλομένῳ.
1392 5290 1611 5348 lioeseb.
1644 5300 1698 5348 et
1725 5290 1949 5360 Spenc.,

384 5354 894 5425 συνεμϐαλλομένῳ.

453 5422 566 5499 (gi)
601 5422 813 5479 Λαϐὼν
836 5422 944 5499 τὰς
983 5426 1343 5499 ἐγκειμένης.
1374 5422 1546 5499 Αριιᾶ
1581 5428 1949 5486 ῐιωςεὴειίιιηι

378 5497 805 5568 etSpeIteerum
834 5498 987 5552 deest
1014 5498 1213 5561 λαϐών,
1240 5498 1386 5567 quod
1411 5497 1691 5568 suppletur
1717 5513 1747 5553 e
1766 5501 1950 5555 Philo-

382 5567 519 5641 ealia
546 5585 560 5631 ;
586 5565 784 5641 Guieto
801 5576 991 5641 autem
1021 5582 1120 5639 pro
1136 5565 1850 5641 ἐγκέιμέναςίέοῑὶὶιειιάυηι
1874 5573 1952 5625 vi-

381 5638 557 5698 detur,
591 5637 932 5708 ἐκκειμένας.

454 5708 571 5782 (22)
607 5709 698 5763 Sic
738 5707 1051 5764 Pbiloealia.
1087 5707 1428 5768 Hoeschelius
1472 5717 1653 5767 autem
1694 5710 1749 5767 in
1798 5718 1945 5766 textu

1763 5041 1832 5074 “‘
1855 5041 1871 5096 l
1897 5042 2024 5098 Cor.
2056 5057 2119 5111 ιι,
2143 5044 2195 5098 6.

2077 4468 2319 4524 Verbum
2344 4475 2427 4521 est
2451 4464 2600 4520 omni
2627 4461 3177 4519 verbo’excellentius
3198 4500 3218 4528 ,
3264 4479 3285 4513 ι
3322 4460 3393 4517 ad
3424 4461 3520 4517 Dei
3545 4462 3646 4517 do-

2072 4573 2250 4621 mum,
2295 4573 2315 4608 ι
2356 4569 2477 4627 quae
2501 4563 2584 4610 est
2612 4552 2862 4610 Ecclesia
2899 4552 2995 4609 Dei
3036 4552 3303 4618 viventis,
3341 4568 3363 4605 ι
3392 4551 3644 4609 columna

2071 4658 2125 4704 et
2147 4649 2543 4703 firmamentum
2567 4644 2815 4699 veritatis
2832 4644 2939 4710 W;
2970 4661 2990 4695 ι
3023 4650 3081 4698 et
3104 4642 3352 4699 videmus
3375 4645 3645 4713 quomodo

2072 4741 2125 4797 in
2158 4740 2385 4798 summis
2432 4737 2708 4793 montibus
2740 4735 3044 4791 aedificetur
3070 4734 3139 4801 ”,
3186 4734 3291 4789 hoc
3320 4745 3407 4790 est
3436 4734 3647 4805 inpro-

2071 4832 2300 4905 phetieis
2323 4830 2688 4897 sermonibus,
2715 4827 2807 4897 qui
2830 4828 3240 4884 fundamentum
3264 4826 3380 4897 ejus
3409 4826 3643 4883 sunt‘”.

2298 5042 2345 5075 "
2382 5039 2525 5096 Psal.
2561 5054 2623 5108 ιι,
2657 5040 2711 5095 8.
2826 5037 2894 5070 δ”
2920 5035 2942 5090 Ι
2970 5036 3109 5093 Tim.
3145 5051 3229 5103 ιιι,
3268 5035 3355 5090 i5.
3454 5032 3503 5066 ⁸³
3537 5030 3643 5087 lsa.

2058 5289 2243 5349 habet,
2271 5286 2350 5357 τῷ
2381 5284 2576 5357 Κέλσῳ
2599 5282 2885 5357 ἀρέσκον-τι
2912 5281 3195 5357 φάσκοντι.

2129 5344 2242 5429 (23)
2282 5344 2767 5429 l’lriloc:,:eau16v,
2806 5344 3163 5429 Λιιωὲυιιυιίιιε
3195 5344 3637 5429 et.Spencerus,

2056 5412 2241 5485 αὐτόνί
2296 5427 2417 5480 Mox
2458 5412 2692 5489 Pbiloc.,
2726 5412 3097 5488 καθαρωτέρῳ
3138 5418 3230 5489 καὶ
3258 5412 3633 5489 δυνατωτέρῳ.

2056 5481 2624 5565 ᾹριιόἨαιεοιιοιίιιιιι
2665 5481 2719 5546 et
2779 5481 3115 5559 Spenceruin
3178 5487 3331 5540 deest
3385 5481 3631 5557 καθαρῶν

2056 5569 2218 5622 τέοω.

2121 5589 2243 5709 ἵξξοέ)
2284 5631 2634 5709 ίιιαιεειιριῐιιε
2664 5632 2717 5684 in
2745 5636 2893 5709 textu
2924 5626 3116 5709 liabet,
3156 5625 3248 5709 καὶ
3279 5625 3419 5682 τίνα.

2129 5696 2241 5779 ((25)
2283 5708 2427 5761 Idem
2455 5707 2507 5757 iu
2531 5712 2701 5770 textu,
2729 5700 2849 5753 τίνα
2878 5696 3065 5764 τόπον,
3102 5700 3261 5752 male.
