3990 6158
371 282 505 340 ί2ῗ51

1814 272 2138 330 ORIGENIS

3495 273 3643 326 1232

372 396 664 454 Exaltatur
692 405 872 450 autem
909 394 1022 450 hinc
1053 395 1242 448 domus
1273 407 1434 462 super
1461 406 1651 446 omnes
1678 391 1866 458 colles,
1900 391 1949 442 id

2059 387 2222 441 τικῶν
2249 387 2442 454 λόγων.
2470 387 2666 450 οἵτινες
2702 383 2865 438 αὑτοῦ
2893 381 3142 453 θεμέλιός
3168 384 3337 436 εἰσιν.
3375 379 3640 449 ’Υιῷοῦται

368 503 454 550 est
485 505 646 561 super
669 504 763 544 eos
789 488 879 556 qui
937 486 1192 539 videntur
1226 485 1366 553 apud
1420 483 1669 537 homines
1717 482 1950 536 sublime

371 583 650 652 quidpiam
682 579 734 632 in
762 576 1038 644 sapientiae
1071 583 1125 628 et
1167 574 1414 628 veritatis
1454 574 1637 627 studio
1678 573 1945 642 polliceri.

372 676 483 732 Nos
529 684 718 746 gentes
747 685 940 726 omnes
967 671 1034 723 ad
1072 668 1221 721 illum
1253 668 1567 724 accedimus
1593 679 1858 734 montem,
1885 672 1948 722 :nl

375 769 522 822 illum
561 762 875 835 agminatim
908 761 1178 822 venimus,
1207 768 1263 814 et
1306 775 1406 814 nos
1452 759 1689 814 invicem
1725 760 1791 814 ad
1823 761 1948 813 rrli-

369 860 581 930 gionem
627 855 679 908 in
726 852 1014 922 postremis
1057 851 1247 905 diebus
1275 865 1303 903 a
1340 848 1464 905 Jesu
1487 851 1832 905 constitutam
1865 867 1951 905 co-

372 950 655 1002 hortamur
680 945 766 998 llis
800 944 980 997 verbis
1005 956 1019 995 :
1043 960 1062 992 ι
1098 940 1287 994 Venite
1312 941 1675 995 ascendamus
1705 942 1772 996 ad
1805 958 1949 994 mon-

375 1050 481 1095 tem
515 1037 727 1092 Domini
761 1048 814 1090 et
839 1037 906 1090 ad
930 1036 1145 1089 domum
1178 1035 1266 1089 Dei
1291 1034 1458 1090 Jacob
1481 1075 1494 1099 ,
1522 1041 1576 1088 et
1601 1035 1947 1088 annuntiahit

373 1131 531 1186 nobis
591 1131 735 1182 viam
786 1143 962 1194 suam,
992 1136 1048 1182 et
1090 1127 1493 1182 ambulabimus
1534 1125 1589 1180 in
1635 1140 1718 1180 ea.
1770 1125 1947 1178 Exivit

375 1222 520 1276 enim
561 1219 628 1273 dc
671 1218 799 1272 Sion
833 1217 918 1273 lex
962 1236 982 1270 ι
1016 1227 1069 1272 et
1094 1219 1234 1272 inter
1262 1232 1361 1272 nos
1401 1217 1694 1271 constituta
1725 1225 1806 1271 est
1835 1218 1944 1285 spi-

376 1311 574 1366 ritalis.
626 1309 734 1364 Sed
778 1318 833 1365 et
865 1327 886 1360 ι
914 1309 1086 1364 exivit
1131 1312 1358 1366 verbum
1411 1311 1627 1363 Domini
1683 1312 1750 1364 de
1789 1309 1950 1363 Jeru-

373 1405 545 1459 salem
564 1403 632 1468 “,
675 1422 694 1454 ι
727 1410 785 1455 ut
807 1415 1130 1471 quocunque
1147 1401 1490 1470 dispergatur
1511 1411 1563 1455 et
1592 1402 1734 1455 inter
1759 1411 1948 1470 gentes

378 1495 609 1564 judicet,
635 1492 845 1562 eligens
876 1506 1012 1560 quos
1047 1492 1250 1548 dociles
1293 1492 1460 1553 videt,
1500 1491 1758 1546 indociles
1796 1505 1945 1555 vero,

372 1587 460 1654 qui
490 1598 684 1654 magno
709 1596 934 1637 numero
959 1593 1107 1646 sunt,
1141 1584 1494 1654 redarguens.
1521 1581 1946 1636 Sciscitantibus

371 1687 554 1734 autem
586 1676 729 1730 unde
769 1677 1058 1731 veniamus
1085 1685 1139 1731 et
1183 1677 1439 1746 quisnam
1473 1675 1545 1729 sit
1572 1674 1680 1728 dux
1719 1683 1904 1729 noster
1928 1712 1942 1737 ,

2052 477 2096 530 δ’
2123 468 2278 540 οὗτος
2310 477 2337 528 ὁ
2360 471 2506 540 οἶκος
2540 475 2794 546 ὑπεράνω
2819 475 2927 528 τῶν
2953 473 3174 543 βουνῶν,
3201 472 3310 524 τῶν
3335 470 3640 524 δοκούντων

2051 585 2104 619 τι
2152 566 2429 638 ἐξαίρετον
2459 567 2607 638 παρά
2641 566 2946 638 ἀνθρώποις
2978 567 3035 616 ἐν
3071 565 3232 634 σοφίᾳ
3269 563 3364 617 καὶ
3409 561 3640 635 ἀληθείᾳ

2051 657 2497 726 ἐπαγγέλλεσθαι.
2531 660 2640 710 Καὶ
2663 657 2932 729 ἐρχόμεθα
2960 657 3136 709 πάντα
3156 656 3222 708 τὰ
3245 655 3372 724 ἕθνη
3392 655 3503 724 (ﬁli)
3550 657 3632 707 ἐπ’

2051 749 2180 801 αὐτὸ
2202 789 2216 812 ,
2260 750 2352 802 καὶ
2390 749 2740 820 πορευόμεθα
2773 749 2841 802 τὰ
2880 747 3047 800 πολλὰ
3081 747 3239 816 ἔθνη,
3276 747 3370 800 καὶ
3405 747 3635 816 λέγομεν

2051 841 2319 910 ἀλλήλοις,
2349 841 2751 912 προτρέποντες
2782 841 2872 893 ἐπὶ
2897 840 2995 908 τὴν
3018 841 3074 890 ἐν
3109 840 3364 909 ἐσχάταις
3400 838 3636 908 ἡμέραις

2051 932 2444 1002 ἀναλάμψασαν
2476 931 2566 985 διὰ
2603 931 2777 1002 Ἰησοῦ
2811 930 3049 1002 Χριστοῦ
3080 929 3410 982 θεοσέϐειαν·
3443 947 3459 978 ι
3496 930 3630 981 Δεῦ-

2049 1041 2128 1088 τε,
2157 1024 2251 1077 καὶ
2277 1023 2568 1094 ἀναδῶμεν
2589 1025 2669 1086 εἰς
2703 1024 2762 1075 τὸ
2789 1023 2914 1094 ὅρος
2935 1024 3028 1075 τοῦ
3063 1025 3291 1092 Κυρίου,
3315 1021 3410 1075 καὶ
3443 1023 3520 1083 εἰς
3543 1021 3635 1073 τὸν

2048 1113 2196 1169 οἷκον
2228 1116 2323 1168 τοῦ
2356 1116 2490 1168 Θεοῦ
2538 1114 2752 1168 Ἰακώϐ·
2789 1116 2881 1167 καὶ
2914 1115 3202 1182 ἀναγγελεῖ
3235 1116 3364 1182 ἡμῖν
3397 1113 3494 1179 τὴν
3517 1112 3635 1166 ὁδὸν

2048 1207 2232 1271 αὑτοῦ,
2267 1207 2360 1260 καὶ
2386 1205 2761 1277 πορευσόμεθα
2786 1206 2841 1257 ἐν
2858 1207 3013 1276 αὐτῇ.
3037 1205 3258 1274 Ἑξῆλθε
3277 1205 3382 1275 γὰρ
3404 1204 3509 1256 ἀπδ
3528 1202 3636 1254 τῶν

2049 1301 2106 1351 ἐν
2135 1298 2270 1350 Σιὼν
2297 1298 2480 1368 νόμος.
2525 1318 2541 1348 ι
2576 1298 2668 1350 καὶ
2688 1297 2918 1366 μετέστη
2952 1299 3033 1364 ἐφ’
3065 1298 3216 1366 ἡμᾶς
3243 1293 3630 1364 πνευματικός.

2062 1387 2220 1439 Ἀλλά
2248 1389 2340 1440 κα)¹
2379 1405 2398 1438 ι
2433 1389 2462 1439 ό
2484 1386 2639 1454 λόγος
2674 1385 2875 1454 Κυρίου
2911 1385 3132 1456 ἐξῆλθεν
3166 1386 3260 1437 ἀπ’
3289 1383 3504 1453 ἐκείνης
3532 1383 3634 1452 τῆς

2061 1475 2434 1547 Ἰερουσαλὴμ,
2471 1496 2488 1526 ι
2528 1476 2621 1529 ἵνα
2653 1474 2922 1543 πανταχοῦ
2962 1475 3193 1544 νεμηθῇ,
3221 1474 3315 1527 καὶ
3347 1473 3506 1544 κρίνῃ
3533 1474 3636 1526 ἀνὰ

2051 1567 2213 1636 μέσον
2241 1567 2350 1619 τῶν
2376 1565 2564 1627 ἐθνῶν,
2595 1565 2951 1635 ἐκλεγόμενος
2984 1567 3081 1635 μὲν
3100 1565 3192 1628 οὓς
3214 1567 3318 1635 ὁρᾷ
3341 1563 3632 1627 εὐπειθεῖς,

2047 1660 2243 1728 ἐλέγχῃ
2263 1658 2320 1710 δέ
2348 1658 2474 1711 λαὸν
2501 1657 2668 1710 πολὺν
2701 1658 2790 1710 τὸν
2818 1658 3035 1729 ἀπειθῆ.
3073 1657 3179 1709 Καί
3210 1657 3389 1727 φαμέν
3415 1673 3481 1724 γε
3502 1658 3636 1731 πρὸς

373 1767 764 1838 respondemus
805 1780 904 1822 nos
950 1767 1082 1822 Jesu
1127 1766 1371 1836 imperiis
1408 1766 1710 1820 accersitos
1760 1764 1946 1819 venire

2059 1753 2171 1814 τοὺς
2220 1751 2513 1821 ἐρομένους
2547 1751 2718 1819 ἡμᾶς,
2751 1749 2914 1802 πόθεν
2953 1750 3183 1818 ἥκομεν,
3212 1748 3245 1818 ἢ
3286 1747 3410 1802 τίνα
3443 1747 3634 1818 ἔχομεν

377 1881 396 1914 ι
433 1860 726 1916 conﬂatum
760 1859 813 1913 in
841 1873 1094 1914 vomeres
1135 1859 1344 1929 gladios
1373 1857 1440 1921 ⁸⁸,
1483 1877 1500 1908 ι
1537 1858 1738 1927 quibus
1775 1857 1942 1910 animi

372 1955 546 2009 nostri
581 1962 740 2006 antea
772 1951 839 2006 ad
863 1951 1004 2006 bella
1034 1950 1312 2005 inferenda
1351 1950 1784 2018 ingerendasque
1816 1964 1943 2002 con-

373 2044 625 2100 tumelias
643 2041 1427 2107 utebantur;etconvertimus
1456 2040 1508 2092 in
1528 2038 1693 2094 falces
1727 2040 1946 2094 lanceas

372 2138 576 2206 quibus
603 2135 731 2191 olim
757 2133 883 2188 irati
913 2133 1269 2189 feriebamus.
1302 2132 1410 2186 Nec
1430 2132 1574 2185 enim
1605 2129 1717 2197 jam
1759 2141 1944 2185 contra

369 2237 586 2298 gentem
637 2227 804 2280 ullam
851 2239 1002 2278 arma
1046 2224 1322 2292 capimus,
1373 2236 1473 2278 nec
1519 2221 1715 2276 bellum
1760 2236 1946 2292 gerere

371 2318 659 2382 discimus,
708 2316 836 2371 facti
877 2314 1028 2386 pacis
1056 2315 1150 2369 lilii
1180 2329 1276 2384 per
1322 2313 1542 2378 Jcsum,
1574 2327 1732 2382 quem
1765 2315 1946 2382 sequi-

371 2427 494 2467 mur
518 2413 732 2477 duccm,
762 2409 973 2464 relictis
1001 2407 1110 2461 illis
1141 2409 1340 2476 quibus
1383 2407 1730 2461 adhaeserunt
1766 2415 1947 2475 patres

372 2503 568 2569 nostri,
599 2513 656 2558 et
689 2503 792 2557 sub
833 2501 1030 2569 quibus
1058 2517 1077 2550 ι
1116 2499 1358 2568 hOSpites
1402 2497 1880 2552 Testamentorum
1921 2516 1939 2548 ι

369 2610 590 2651 eramus
613 2593 681 2650 “.
715 2593 799 2647 Ab
830 2591 920 2647 illo
961 2593 1132 2662 legem
1164 2591 1474 2660 accepimus
1502 2631 1518 2655 ,
1555 2606 1662 2659 qua
1694 2604 1818 2645 cum
1849 2605 1948 2644 nos

379 2689 447 2745 ab
469 2700 656 2743 errore
679 2683 1017 2746 liberaverit,
1047 2682 1250 2737 idcirco
1279 2681 1484 2751 gratias
1510 2681 1586 2736 illi
1619 2690 1846 2752 agentes
1867 2682 1949 2737 di-

371 2779 591 2833 cimus:
631 2793 651 2828 ι
691 2775 841 2830 Vana
883 2781 1067 2844 patres
1108 2772 1280 2828 nostri
1320 2771 1610 2827 simulacra
1651 2771 1946 2838 habebant,

375 2881 476 2924 nec
496 2868 665 2923 ullum
698 2875 781 2923 est
806 2866 948 2920 inter
977 2865 1064 2918 illa
1097 2862 1240 2926 quod
1274 2862 1426 2932 pluat
1453 2862 1524 2917 ⁸⁷.
1557 2881 1576 2914 ι
1613 2862 1820 2923 Ριζαξεεε
1845 2862 1949 2934 isi.

378 2970 468 3014 tur
497 2967 687 3014 uoster
711 2965 768 3012 et
789 2958 984 3011 doctor
1021 2970 1052 3008 e
1093 2953 1254 3024 603
1287 2953 1480 3008 mediis
1530 2952 1732 3008 Judreis
1767 2968 1948 3022 egres-

376 3066 471 3108 sus
497 3051 666 3106 verbo
712 3065 823 3105 suae
849 3047 1112 3103 doctrina:
1157 3047 1332 3117 pascit
1373 3046 1686 3102 universum
1736 3048 1947 3102 orbem.

375 3145 554 3214 Atque
580 3141 668 3197 his
699 3142 753 3194 in
780 3151 1124 3196 antecessum
1149 3139 1313 3196 dictis
1335 3151 1433 3208 pro
1462 3138 1669 3192 viribus
1707 3153 1770 3192 ea
1804 3137 1950 3192 refu-

378 3234 612 3292 tavimus
632 3246 752 3302 qua:
773 3230 1002 3286 verbose
1025 3229 1180 3284 nobis
1203 3227 1400 3284 aCelso
1417 3228 1625 3297 objecta
1652 3241 1796 3296 sunt,
1819 3245 1951 3284 con—

371 3325 660 3395 jungentes
686 3321 805 3390 ejus
845 3320 1009 3376 dictis
1035 3335 1103 3375 ea
1133 3334 1254 3389 quae
1303 3320 1463 3376 nobis
1495 3331 1685 3376 contra
1719 3321 1947 3376 dicenda

378 3425 556 3472 erant.

446 3506 538 3562 ει.
568 3504 646 3559 Ne
676 3513 852 3560 tamen
889 3518 1012 3574 quae
1057 3501 1252 3558 Celsus
1289 3504 1520 3558 inseruit
1563 3503 1947 3571 prmtermitta-

382 3612 533 3665 mus,
557 3597 646 3652 illa
668 3596 900 3652 recitare
924 3595 1110 3664 juvat:
1135 3613 1152 3646 ι
1179 3592 1414 3664 Hujusce
1449 3595 1525 3648 rei
1553 3595 1702 3650 testis
1740 3603 1844 3660 est,
1869 3595 1948 3648 in-

384 3692 526 3763 quit,
552 3691 858 3746 Herodoms
883 3727 898 3752 ,
933 3687 1086 3758 cujus
1117 3689 1232 3743 haec
1279 3695 1402 3742 sunt
1443 3705 1457 3742 :
1499 3686 1600 3752 Qui
1632 3687 1870 3742 Marcum
1899 3697 1948 3740 et

379 3782 532 3850 Apim
560 3780 799 3834 habitant
838 3779 891 3829 in
918 3774 1096 3846 Libym
1126 3777 1369 3841 conﬁniis
1401 3785 1448 3829 et
1479 3774 1702 3844 [Ἐρυμιί
1729 3815 1743 3839 ,
1771 3776 1809 3828 ii
1831 3791 1948 3828 cum

376 3875 480 3930 cibi
503 3873 804 3927 viderentur
839 3869 908 3920 ad
938 3866 1156 3937 Libyam
1189 3869 1354 3936 magis
1374 3883 1531 3935 quam
1562 3869 1630 3920 ad
1659 3866 1948 3936 AEgyplum

375 3965 658 4035 pertinere,
694 3969 743 4014 ct
771 3975 907 4029 (egre
958 3959 1155 4026 [errent
1205 3973 1259 4010 se
1305 3957 1694 4023 sacriﬁciorum
1751 3958 1950 4026 legibus

379 4056 644 4128 prohiberi
679 4070 711 4107 a
745 4055 935 4113 vaccis,
968 4049 1217 4102 miserunt
1251 4049 1320 4100 ad
1354 4049 1658 4102 Armnonem
1689 4050 1779 4118 qui
1810 4050 1953 4103 dice-

380 4159 494 4204 reut
527 4149 626 4203 sibi
661 4147 794 4201 nihil
821 4160 931 4198 esse
954 4159 1226 4196 commune
1253 4159 1370 4195 cum
1403 4141 1694 4211 ngyptiis,
1727 4158 1781 4195 se
1803 4154 1951 4196 extra

385 4242 537 4296 Delta
571 4240 715 4294 sedes
746 4237 934 4290 habere
959 4275 974 4301 ,
1013 4250 1115 4286 non
1147 4233 1378 4304 ejusdem
1419 4249 1528 4287 esse
1555 4249 1673 4287 cum
1695 4233 1803 4287 illis
1835 4249 1954 4286 seu-

451 4356 495 4388 “
525 4353 628 4412 lsa.
660 4369 720 4419 ιι,
757 4353 813 4419 2,
854 4351 908 4404 ’5.

2049 1841 2380 1912 ἀρχηγέτην·
2417 1840 2498 1891 ὅτι
2549 1837 2802 1909 ἡλθομεν,
2840 1838 2981 1891 κατὰ
3007 1838 3103 1902 τὰς
3136 1836 3307 1908 Ἰησοῦ
3333 1837 3632 1909 ὑποθήκας,

2051 1930 2320 1998 συγκόψαι
2360 1929 2460 1992 τὰς
2501 1928 2802 1999 πολεμικὰς
2835 1928 2996 2000 ἡμῶν
3040 1928 3264 1996 λογικὰς
3300 1946 3319 1980 ι
3365 1927 3635 1999 μαχαίρας

2049 2023 2142 2074 καὶ
2166 2020 2486 2090 ὑόριστικάς
2509 2022 2588 2082 εἰς
2615 2020 2842 2089 ἄροτρα,
2881 2038 2897 2070 ι
2931 2020 3024 2072 καὶ
3044 2019 3142 2081 τὰς
3179 2018 3317 2072 κατά
3347 2019 3410 2071 τὸ
3441 2019 3620 2087 πρότε-

2051 2129 2141 2182 ρον
2165 2111 2319 2180 ἡμῶν
2365 2111 2603 2180 μάχιμον
2631 2109 2849 2174 ζιεύνας
2872 2113 2950 2172 εἰς
2974 2110 3214 2178 δρέπανα
3243 2109 3612 2180 μετασκευάζο

2051 2221 2168 2273 μεν.
2227 2204 2420 2255 Οὐκέτι
2473 2204 2580 2274 γὰρ
2613 2203 2961 2272 λαμϐάνομεν
3003 2204 3089 2254 ἐπ’
3142 2202 3289 2265 ἔθνος
3339 2203 3632 2273 μάχαιραν,

2048 2293 2165 2345 οὐδὲ
2217 2292 2554 2362 μανθάνομεν
2605 2291 2684 2343 ἔτι
2736 2289 2988 2360 πολεμεῖν
3032 2289 3175 2358 (27),
3235 2289 3516 2357 πενόμενοι
3551 2287 3636 2340 διὰ

2050 2381 2141 2432 τὸν
2179 2379 2388 2451 Ἰησοῦν
2418 2380 2523 2432 υἱοὶ
2544 2380 2640 2450 τῆς
2674 2381 2912 2450 εἰρήνης·
2942 2379 3000 2440 ὃς
3022 2380 3168 2430 ἐστιν
3198 2377 3352 2448 ἡμῶν
3373 2377 3632 2449 ἀρχηγὸς,

2050 2471 2169 2523 ἀντὶ
2201 2469 2308 2521 τῶν
2359 2468 2624 2538 πατρίων,
2685 2470 2740 2520 ἐν
2772 2460 2852 2529 οἷς
2909 2484 2927 2516 ι
2971 2465 3112 2530 ξένοι
3145 2464 3254 2518 τῶν
3299 2464 3572 2536 διαθηκῶν
3613 2484 3630 2515 ι

2051 2560 2438 2630 ἐτυγχάνομεν,
2475 2557 2842 2627 λαμόἁνοντες
2867 2556 3051 2626 νόμον,
3081 2556 3164 2624 ἐφ’
3191 2548 3236 2624 ᾧ
3267 2553 3496 2626 χάριτας
3512 2558 3637 2625 ὁμο-

2051 2650 2333 2720 λογοῦντες
2365 2650 2442 2720 τῷ
2469 2654 2500 2719 ἡ
2512 2651 2616 2719 μᾶς
2646 2648 2936 2720 ῥυσαμένῳ
2968 2647 3076 2700 ἀπὸ
3105 2648 3200 2718 τῆς
3223 2647 3451 2718 πλάνης,
3484 2647 3637 2713 λέγο-

2055 2760 2172 2813 μεν,
2204 2742 2278 2804 ῶς
2309 2761 2325 2792 ι
2364 2742 2530 2812 ψευδῆ
2569 2741 2866 2810 ἐκτήσαντο
2888 2741 2935 2792 οἱ
2969 2739 3203 2808 πατέρες
3238 2739 3395 2808 ἡμῶν
3426 2738 3637 2800 εἴδωλα,

2053 2835 2146 2886 ml.
2168 2834 2268 2884 οὐκ
2298 2831 2442 2884 ἐστιν
2464 2833 2521 2882 ἐν
2543 2831 2726 2893 αὐτοῖς
2753 2830 2998 2892 ὑετίζων.
3033 2847 3050 2879 ι
3097 2828 3154 2880 '0
3187 2827 3518 2898 χοροστὰτης
3546 2822 3639 2879 οὖν

2053 2923 2210 2994 ἡμῶν
2269 2923 2360 2975 καὶ
2410 2920 2746 2984 διδάσκαλος,
2787 2919 2894 2973 ἀπὸ
2927 2919 3195 2973 Ἰουδαίων
3233 2917 3478 2984 ἐξελθὼν,
3508 2917 3639 2987 ὅλην

2054 3014 2274 3084 νέμεται
2311 3012 2388 3082 τῷ
2435 3013 2578 3081 λόγῳ
2637 3012 2736 3082 τῆς
2766 3010 3116 3074 διδασκαλίας
3165 3008 3359 3063 ἑαυτοῦ
3409 3008 3507 3079 τὴν
3558 3010 3640 3061 oi-

1976 3113 2016 3168 C
2053 3105 2343 3175 κουμένην.
2397 3105 2508 3156 Καὶ
2560 3104 2730 3156 ταῦτα
2797 3103 2895 3172 μὲν
2963 3103 3349 3173 προλαϐόντες,
3426 3100 3642 3164 πολλοῖς

2057 3195 2453 3265 ἐπιφερομένην
2496 3193 2587 3246 τοῦ
2636 3193 2843 3246 Κέλσου
2886 3193 3052 3257 λέξιν,
3096 3194 3194 3263 ὅση
3241 3193 3489 3262 δύναμις,
3523 3193 3642 3246 ἀνεο

2058 3284 2333 3354 τρέτᾲαμεν
2368 3284 2502 3351 (28),
2550 3283 2917 3344 συνάπτοντες
2971 3285 3082 3345 τοῖς
3116 3283 3452 3354 ἐγκειμένοις
3477 3280 3641 3336 αὑτοῦ

2065 3378 2269 3446 ῥητοῖς.

2127 3510 2239 3562 Ἵνα
2273 3509 2329 3561 δέ
2367 3510 2439 3579 μὴ
2482 3508 2837 3580 παρέλθωμεν
2881 3509 2947 3563 τὰ
3002 3511 3060 3564 ἐν
3105 3513 3217 3575 τοῖς
3261 3511 3462 3580 μεταξὺ
3497 3510 3645 3566 λελε-

2053 3601 2228 3670 γμένα
2250 3600 2328 3670 τῷ
2358 3602 2574 3670 Κέλσῳ,
2605 3601 2745 3672 φέρ’,
2770 3601 3056 3671 ἐκθὼμεθα
3091 3603 3374 3656 καὶταῦτα
3395 3619 3409 3634 ·
3441 3622 3460 3654 ι
3495 3603 3646 3674 Χρη-

2057 3709 2206 3746 σαιτο
2247 3694 2292 3746 δ’
2340 3694 2403 3747 ἄν
2436 3711 2517 3756 τις
2568 3695 2660 3746 καὶ
2705 3695 2972 3765 Ἡροδότῳ
3001 3695 3111 3765 (29)
3141 3695 3277 3767 πρὸς
3328 3695 3448 3749 τόδε
3500 3696 3640 3765 μάρ-

2053 3801 2198 3853 τυρι,
2233 3783 2441 3851 λέγοντι
2471 3776 2573 3836 ὧδε
2594 3801 2605 3812 ·
2643 3787 2706 3836 Ol
2733 3785 2844 3852 γὰρ
2872 3783 2948 3851 δὴ
2979 3785 3046 3838 ἐκ
3077 3786 3314 3854 Μαρέης
3346 3803 3408 3839 τε
3433 3787 3642 3850 πόλιος

2057 3875 2156 3928 καὶ
2189 3877 2389 3939 Ἄπιος
2424 3874 2718 3940 οἰκέοντες
2746 3877 3047 3946 Αἰγύπτου
3091 3878 3165 3931 τὰ
3206 3879 3513 3945 πρόσουρα
3539 3881 3638 3932 Λι-

2054 3970 2189 4034 ϐύῃ,
2237 3967 2409 4020 αὐτοί
2455 3984 2520 4020 τε
2568 3967 2878 4032 δοκέοντες
2919 3968 3071 4021 εἶναι
3114 3969 3348 4032 Λίϐυες,
3395 3968 3491 4020 καὶ
3532 3969 3640 4022 οὐκ

2052 4059 2380 4128 Αἰγύπτιοι,
2415 4057 2513 4112 καὶ
2555 4059 2871 4126 ἀχθόμενοι
2919 4058 2996 4126 τῇ
3048 4059 3177 4124 περὶ
3223 4059 3293 4112 τὰ
3331 4058 3460 4126 ἱερὰ
3502 4061 3638 4126 θρη-

2054 4147 2249 4216 σκείῃ,
2268 4147 2632 4215 ,βουλόμενοι
2656 4146 3159 4215 θηλέωνβοῶνμὶι
3187 4148 3463 4214 ἔργεσθαι
3501 4147 3636 4217 (50),

2055 4237 2334 4306 ἔπεμψαν
2392 4241 2478 4303 εὶς
2527 4240 2799 4306 Ἄμμωνα
2842 4237 3089 4307 φάμενοι
3133 4237 3313 4292 οὐδὲν
3357 4240 3534 4307 σφίσι
3582 4257 3641 4292 τε

982 4349 1026 4382 ⁸⁸
1054 4348 1211 4413 lbid.,
1250 4348 1304 4404 Ιι.
1382 4347 1428 4379 ⁸⁸
1458 4347 1652 4416 Epltes.
1694 4362 1755 4408 tt,
1789 4348 1872 4402 12.
1945 4357 1949 4375 ¹

2059 4368 2221 4407 crem.
2257 4369 2369 4418 xw,
2416 4352 2503 4419 l9,
2535 4362 2590 4406 et
2635 4369 2748 4418 xw,
2794 4353 2884 4408 22.

452 4451 565 4520 (26)
604 4448 772 4521 Codd.
832 4447 964 4521 Reg.
991 4457 1058 4521 et
1120 4445 1484 4521 Basileensis,
1531 4444 1638 4521 uari.
1688 4445 1960 4521 ἐρχόμεθα
1995 4452 2036 4505 D
2069 4448 2206 4521 bella
2244 4449 2480 4521 gerenda
2511 4449 2641 4513 sint,
2675 4450 2720 4521 si
2755 4448 3115 4521 quandogcri
3146 4464 3282 4520 opus
3325 4460 3428 4505 est.
3465 4471 3484 4504 ι
3516 4451 3644 4517 Quze

380 4515 557 4574 πάντα
593 4519 662 4572 τὰ
691 4519 817 4588 ἔθνη
858 4520 951 4570 καὶ
991 4517 1241 4588 λέγομεν,
1278 4515 1497 4570 omissis
1530 4515 1670 4580 istis,
1705 4516 1793 4567 ἐπ’
1823 4515 1956 4570 αὐτὸ

382 4592 476 4644 καὶ
508 4586 854 4660 πορευόμεθα
881 4586 1149 4660 τὰπολλὰ
1181 4586 1331 4660 έθνη,

452 4661 567 4732 (27)
583 4654 753 4712 Ὀὐδὲ
773 4657 1153 4732 μανθάνομεν
1177 4654 1622 4732 ἐτέέπολξμεῖις..
1641 4654 1784 4708 Idem
1803 4656 1964 4711 docet

383 4724 480 4784 lib'.
522 4724 620 4783 vin
665 4724 852 4781 contra
883 4724 1112 4790 Cels-uin,
1154 4741 1207 4778 ιι.
1240 4726 1308 4778 75
1349 4735 1400 4778 et
1434 4725 1522 4776 ⁸74.
1571 4724 1714 4776 Idem
1744 4739 1962 4793 quoque

385 4799 552 4853 tradit
577 4799 673 4851 lib.
707 4811 805 4860 vit,
838 4813 889 4848 ιι.
919 4797 1009 4851 26.
1034 4799 1104 4849 At
1132 4796 1232 4848 sibi
1264 4795 1396 4848 satis
1428 4810 1532 4848 non
1565 4803 1801 4856 constat,
1833 4811 1958 4848 nam

383 4870 483 4923 lib.
526 4883 568 4931 ι,
599 4883 653 4920 ιι.
679 4867 733 4931 1,
768 4864 964 4919 bellum
1004 4864 1521 4931 aliquandojustum
1564 4877 1686 4918 esse
1713 4865 1960 4930 agnoscit

385 4950 440 5016 et
463 4935 911 5016 .rebel’les.recte
949 4933 1442 5016 oppr‘irnli'scribi‘t:
1476 4934 1685 5016 ίΩσπερ
1715 4933 1853 5016 γὰρ,
1905 4935 1954 4987 ει

383 5007 524 5081 ὑπὲρ
555 5004 648 5059 τοῦ
670 5003 942 5081 Δτύραννον
964 5002 1308 5081 mensem
1333 5002 1411 5081 ,τὰ
1451 5003 1548 5081 τῇς
1584 5002 1813 5081 πόλεως·
1827 5004 1950 5081 ἀνε-

383 5072 528 5142 λεῖν’,
566 5072 839 5144 συνθήκας
875 5072 1024 5136 τινὲς
1052 5072 1308 5144 κρύϐδην
1328 5072 1638 5136 ἐποιοῦντο,
1675 5073 1853 5135 καλῶς
1885 5073 1952 5127 ἂν

385 5141 624 5211 ἐποίουν,
658 5141 820 5209 οὕτω,
855 5152 958 5198 etc.
995 5162 1013 5193 ι
1044 5141 1199 5196 Sicut
1225 5141 1370 5196 enim
1411 5144 1502 5210 qui
1547 5144 1708 5196 simul
1754 5158 1954 5198 conve-

389 5220 547 5274 niunt
584 5225 643 5271 ut
670 5215 886 5285 tyranni
911 5214 1100 5285 urbem
1138 5212 1441 5285 invadentis
1472 5213 1756 5285 occidendi
1787 5214 1954 5285 ratio-

329 5319 332 5322 -
389 5303 515 5343 nem
544 5281 746 5350 ineant,
777 5285 849 5338 illi
881 5292 1027 5339 recte
1054 5281 1291 5344 faciunt,
1331 5282 1452 5346 sic;
1473 5300 1492 5332 ι
1523 5291 1630 5334 etc.
1659 5282 1790 5334 ltcm
1814 5281 1952 5337 libro

391 5378 465 5429 ιν,
489 5377 544 5415 ιι.
569 5360 658 5424 82,
686 5366 973 5429 postquam
1009 5353 1146 5429 bella
1184 5368 1348 5429 apum
1380 5363 1440 5429 ct
1468 5352 1713 5429 I'ucor_um
1742 5354 1948 5429 descri-

427 5421 516 5496 sit,
541 5421 718 5483 addit':
743 5421 893 5496 Τάῇία
907 5426 962 5478 δέ
979 5425 1131 5478 καὶοί
1151 5423 1310 5496 οἱονεὶ
1325 5422 1450 5496 πόλε
1459 5421 1665 5496 μοι-τῶν
1685 5422 1950 5496 μελισσῶν

422 5492 700 5553 ιδασκαλία
717 5492 954 5563 ἔγκειται
971 5496 1106 5567 πρὸς
1123 5495 1182 5546 τὸ
1199 5493 1448 5567 δικαίους-
1477 5493 1566 5567 καὶ
1588 5492 1950 5567 τεταγμένους

392 5570 682 5640 πολέμους,
701 5569 881 5640 εἴποτε
900 5563 1025 5632 δέοι,
1043 5565 1322 5640 γίγνεσθαι
1347 5568 1403 5619 ἐν
1431 5563 1754 5635 ἀνθρώποις.
1781 5564 1957 5640 «Ἐοι-

392 5635 541 5694 tasse
569 5641 732 5694 etiam
776 5639 888 5693 liazc
921 5654 1016 5692 ceu
1051 5639 1188 5692 bella
1228 5652 1346 5706 quae
1380 5645 1576 5705 gerunt
1605 5648 1756 5704 apes,
1788 5635 1957 5706 doc'u-

396 5717 578 5762 mento
607 5719 751 5774 sunt,
781 5709 1052 5776 quomodo
1088 5705 1323 5777 justc’ct
1359 5707 1610 5762 ordinate
1644 5705 1960 5760 hominibus

2067 4519 2147 4573 sic
2171 4517 2450 4574 conciliari
2479 4534 2638 4586 posse
2669 4517 2878 4586 judicat
2924 4517 3324 4583 wetstlieiiius,
3355 4521 3641 4588 Origenem

2067 4587 2122 4660 in
2154 4589 2307 4660 tlicsi
2327 4605 2434 4642 non
2467 4588 2828 4660 improbaSSe,
2858 4589 3036 4660 sedin
3064 4590 3348 4660 liypothesi
3381 4587 3647 4644 Christia-

2069 4657 2156 4728 nis
2201 4657 2343 4712 bella
2387 4667 2440 4712 et
2466 4657 2719 4728 capitalia
2746 4659 3011 4726 supplicia
3053 4657 3160 4712 non
3205 4660 3559 4727 permisisse:
3593 4662 3643 4713 in

2067 4727 2210 4798 line,
2264 4728 2410 4782 velut
2443 4727 2730 4798 Lin’aliis,
2778 4728 3039 4796 singulari
3092 4730 3310 4782 ductum
3362 4731 3642 4798 opinione.

2070 4797 2205 4920 I\llilde
2435 4795 2747 4866 Spencerus
2801 4795 3112 4852 obServavit
3164 4799 3227 4853 ad
3287 4795 3414 4854 libii
3465 4801 3643 4854 octavi

2085 4883 2214 4920 im.
2319 4907 2332 4920 .

2067 4881 2214 4920 Ilum.
2247 4881 2332 4920 '10.

2131 4935 2249 5006 (98)
2294 4938 2736 5004 Ὰνετρέψαμεν.
2785 4935 2875 5006 Sic
2925 4935 3237 5004 inmargine
3264 4935 3461 4991 habent
3488 4937 3645 4991 Haas-

2059 5004 2264 5059 clielius
2281 5017 2336 5058 et
2351 5008 2688 5074 Spencerus;
2713 5021 2831 5072 (luat
2856 5005 3018 5058 lectio
3046 5008 3224 5073 potior
3241 5007 3452 5061 videtur
3475 5009 3645 5061 altera

2061 5074 2452 5146 ἀνατρέψωμεν
2470 5089 2628 5146 quam
2659 5079 2708 5128 in
2729 5083 2874 5146 textu
2894 5085 3212 5140 sequuntur.
3234 5076 3432 5130 Ibidem
3457 5077 3647 5146 Guieto

2059 5144 2400 5217 scribendum
2450 5145 2696 5217 vtt_lctur_,
2741 5144 3103 5217 συνάπτοντες
3146 5146 3259 5209 τοῖς
3305 5145 3649 5217 ἐκκειμένοις

2059 5213 2224 5269 αὐτοῦ
2256 5215 2456 5285 ῥητοῖς.
2486 5214 2601 5285 Μοιι
2636 5213 2978 5285 [imm-hellus
3009 5226 3059 5268 et
3083 5216 3390 5284 Spencerus
3414 5213 3479 5268 in'
3498 5226 3645 5270 textu

2063 5282 2376 5355 power-unt,
2410 5285 2496 5338 ἵνα
2540 5282 2614 5354 μὴ
2643 5282 2698 5335 δὲ
2725 5282 3102 5355 παρέλθωμεν,
3127 5282 3242 5339 εει]
3292 5295 3516 5355 priest-at
3559 5303 3651 5339 eo-

2064 5370 2182 5406 rum
2221 5354 2378 5407 lcctio
2414 5356 2734 5422 marginalis
2763 5370 2923 5421 quam
2958 5354 3257 5422 sequimur.

2129 5422 2240 5488 (29)
2281 5424 2577 5494 Ἡροδότῳ.
2615 5422 2867 5478 Het'odol.
2905 5425 2990 5477 lib.
3028 5443 3082 5490 ιι,
3113 5445 3164 5494 ιι.
3193 5426 3313 5479 108.

2129 5493 2240 5562 (-50)
2283 5493 2614 5547 Ilwsdielius
2674 5497 2725 5548 in
2767 5507 2938 5559 textu,
2987 5493 3186 5566 βωμῶν
3232 5495 3308 5566 μὴ
3349 5495 3650 5566 εἴργεσθαι.

2061 5575 2114 5621 ct
2141 5567 2299 5636 paulo
2330 5577 2475 5634 post.
2513 5568 2591 5629 είς
2628 5567 2898 5636 Ἄμμωνα
2951 5564 3254 5636 εἰργόμενοι
3296 5564 3450 5619 οὐδέν
3482 5564 3650 5635 σφίσι,

2066 5637 2229 5690 male.
2257 5635 2428 5689 Paulo
2454 5636 2594 5688 infra
2627 5635 2772 5689 recte
2797 5639 2964 5689 codex
2995 5635 3192 5697 Regius
3221 5649 3273 5688 et
3303 5637 3654 5696 Basileensis,

2069 5707 2283 5759 πάντων
2312 5706 2492 5775 σφίσιν
2519 5705 2715 5772 ἐξεῖναι
2740 5705 3012 5775 γεύεσθαι.
3051 5705 3413 5772 llwseltelius,
3440 5706 3656 5758 πάντως
