  <div class='ocr_page' id='page_1' title='image "/cluster/home/n/w/nwhite01/storage/ocr_20150623/11/mdp.39015013266690/631.png"; bbox 0 0 3990 6158; ppageno 0'>
   <div class='ocr_carea' id='block_1_1' title="bbox 421 367 562 424">
    <p class='ocr_par' dir='ltr' id='par_1_1' title="bbox 421 367 562 424">
     <span class='ocr_line' id='line_1_1' title="bbox 421 367 562 424; baseline -0.014 0"><span class='ocrx_word' id='word_1_1' title='bbox 421 367 562 424; x_wconf 71' lang='lat' dir='ltr'><strong>i255</strong></span> 
     </span>
    </p>
   </div>
   <div class='ocr_carea' id='block_1_2' title="bbox 1873 339 2195 428">
    <p class='ocr_par' dir='ltr' id='par_1_2' title="bbox 1873 339 2195 428">
     <span class='ocr_line' id='line_1_2' title="bbox 1873 339 2195 428; baseline -0.019 -28"><span class='ocrx_word' id='word_1_2' title='bbox 1873 339 2195 428; x_wconf 73' lang='lat' dir='ltr'><strong>ontcsNts</strong></span> 
     </span>
    </p>
   </div>
   <div class='ocr_carea' id='block_1_3' title="bbox 3543 323 3684 377">
    <p class='ocr_par' dir='ltr' id='par_1_3' title="bbox 3543 323 3684 377">
     <span class='ocr_line' id='line_1_3' title="bbox 3543 323 3684 377; baseline 0 0"><span class='ocrx_word' id='word_1_3' title='bbox 3543 323 3684 377; x_wconf 71' lang='grc'><strong>1256</strong></span> 
     </span>
    </p>
   </div>
   <div class='ocr_carea' id='block_1_4' title="bbox 423 438 1999 553">
    <p class='ocr_par' dir='ltr' id='par_1_4' title="bbox 423 472 1999 553">
     <span class='ocr_line' id='line_1_4' title="bbox 423 472 1999 553; baseline -0.016 -13"><span class='ocrx_word' id='word_1_4' title='bbox 423 485 503 548; x_wconf 88' lang='lat' dir='ltr'><strong>hi,</strong></span> <span class='ocrx_word' id='word_1_5' title='bbox 535 482 629 553; x_wconf 87' lang='lat' dir='ltr'><strong>qui</strong></span> <span class='ocrx_word' id='word_1_6' title='bbox 666 476 1018 550; x_wconf 77' lang='lat' dir='ltr'><strong>philoSOphiae</strong></span> <span class='ocrx_word' id='word_1_7' title='bbox 1045 474 1239 528; x_wconf 77' lang='lat' dir='ltr'><strong>dantes</strong></span> <span class='ocrx_word' id='word_1_8' title='bbox 1261 483 1485 541; x_wconf 90' lang='lat' dir='ltr'><strong>operam</strong></span> <span class='ocrx_word' id='word_1_9' title='bbox 1513 472 1880 522; x_wconf 82' lang='lat' dir='ltr'><strong>excusserunt</strong></span> <span class='ocrx_word' id='word_1_10' title='bbox 1909 476 1999 517; x_wconf 93' lang='lat' dir='ltr'><strong>su-</strong></span> 
     </span>
    </p>
   </div>
   <div class='ocr_carea' id='block_1_5' title="bbox 2105 438 3689 553">
    <p class='ocr_par' dir='ltr' id='par_1_5' title="bbox 2105 438 3689 525">
     <span class='ocr_line' id='line_1_5' title="bbox 2105 438 3689 525; baseline -0.011 -15"><span class='ocrx_word' id='word_1_11' title='bbox 2105 459 2149 511; x_wconf 86' lang='grc' dir='ltr'>οἱ</span> <span class='ocrx_word' id='word_1_12' title='bbox 2206 451 2639 525; x_wconf 89' lang='grc' dir='ltr'>φιλοσοφοῦντες,</span> <span class='ocrx_word' id='word_1_13' title='bbox 2690 447 2785 502; x_wconf 79' lang='grc' dir='ltr'>καὶ</span> <span class='ocrx_word' id='word_1_14' title='bbox 2828 443 3200 514; x_wconf 80' lang='grc' dir='ltr'><strong>διδασκόμενοι</strong></span> <span class='ocrx_word' id='word_1_15' title='bbox 3248 440 3324 512; x_wconf 81' lang='grc' dir='ltr'><strong>μή</strong></span> <span class='ocrx_word' id='word_1_16' title='bbox 3357 438 3689 510; x_wconf 87' lang='grc' dir='ltr'>δεισιδαιμο-</span> 
     </span>
    </p>
   </div>
   <div class='ocr_carea' id='block_1_6' title="bbox 425 552 1994 642">
    <p class='ocr_par' dir='ltr' id='par_1_6' title="bbox 425 552 1994 642">
     <span class='ocr_line' id='line_1_6' title="bbox 425 552 1994 642; baseline -0.015 -13"><span class='ocrx_word' id='word_1_17' title='bbox 425 572 826 642; x_wconf 88' lang='lat' dir='ltr'><strong>perstitionem,</strong></span> <span class='ocrx_word' id='word_1_18' title='bbox 851 576 905 619; x_wconf 90' lang='lat' dir='ltr'><strong>et</strong></span> <span class='ocrx_word' id='word_1_19' title='bbox 935 566 1008 620; x_wconf 90' lang='lat' dir='ltr'><strong>ita</strong></span> <span class='ocrx_word' id='word_1_20' title='bbox 1042 562 1218 632; x_wconf 87' lang='lat' dir='ltr'><strong>patria</strong></span> <span class='ocrx_word' id='word_1_21' title='bbox 1250 561 1501 615; x_wconf 89' lang='lat' dir='ltr'><strong>instituta</strong></span> <span class='ocrx_word' id='word_1_22' title='bbox 1539 558 1796 613; x_wconf 89' lang='lat' dir='ltr'><strong>deserunt</strong></span> <span class='ocrx_word' id='word_1_23' title='bbox 1824 562 1883 608; x_wconf 88' lang='lat' dir='ltr'><strong>ut</strong></span> <span class='ocrx_word' id='word_1_24' title='bbox 1914 552 1994 606; x_wconf 88' lang='lat' dir='ltr'><strong>ci-</strong></span> 
     </span>
    </p>
   </div>
   <div class='ocr_carea' id='block_1_7' title="bbox 425 646 1997 723">
    <p class='ocr_par' dir='ltr' id='par_1_7' title="bbox 425 646 1997 723">
     <span class='ocr_line' id='line_1_7' title="bbox 425 646 1997 723; baseline -0.013 -4"><span class='ocrx_word' id='word_1_25' title='bbox 425 664 515 719; x_wconf 88' lang='lat' dir='ltr'><strong>bis</strong></span> <span class='ocrx_word' id='word_1_26' title='bbox 548 668 839 715; x_wconf 86' lang='lat' dir='ltr'><strong>vescantur</strong></span> <span class='ocrx_word' id='word_1_27' title='bbox 865 655 917 710; x_wconf 89' lang='lat' dir='ltr'><strong>in</strong></span> <span class='ocrx_word' id='word_1_28' title='bbox 943 654 1119 723; x_wconf 88' lang='lat' dir='ltr'><strong>patria</strong></span> <span class='ocrx_word' id='word_1_29' title='bbox 1154 650 1357 717; x_wconf 86' lang='lat' dir='ltr'><strong>vetitis,</strong></span> <span class='ocrx_word' id='word_1_30' title='bbox 1388 664 1455 705; x_wconf 79' lang='lat' dir='ltr'><strong>ex</strong></span> <span class='ocrx_word' id='word_1_31' title='bbox 1484 648 1671 705; x_wconf 82' lang='lat' dir='ltr'><strong>ofﬁcio</strong></span> <span class='ocrx_word' id='word_1_32' title='bbox 1697 646 1902 702; x_wconf 76' lang='lat' dir='ltr'><strong>faciant</strong></span> <span class='ocrx_word' id='word_1_33' title='bbox 1928 660 1997 700; x_wconf 92' lang='lat' dir='ltr'><strong>an</strong></span> 
     </span>
    </p>
   </div>
   <div class='ocr_carea' id='block_1_8' title="bbox 423 736 1998 824">
    <p class='ocr_par' dir='ltr' id='par_1_8' title="bbox 423 736 1998 824">
     <span class='ocr_line' id='line_1_8' title="bbox 423 736 1998 824; baseline -0.012 -16"><span class='ocrx_word' id='word_1_34' title='bbox 423 761 623 824; x_wconf 80' lang='lat' dir='ltr'><strong>praeter</strong></span> <span class='ocrx_word' id='word_1_35' title='bbox 642 746 927 803; x_wconf 76' lang='lat' dir='ltr'><strong>officium?</strong></span> <span class='ocrx_word' id='word_1_36' title='bbox 957 742 1092 798; x_wconf 83' lang='lat' dir='ltr'><strong>Nam</strong></span> <span class='ocrx_word' id='word_1_37' title='bbox 1134 742 1180 798; x_wconf 87' lang='lat' dir='ltr'>si</span> <span class='ocrx_word' id='word_1_38' title='bbox 1230 740 1611 812; x_wconf 79' lang='lat' dir='ltr'><strong>philosophia,</strong></span> <span class='ocrx_word' id='word_1_39' title='bbox 1648 738 1694 794; x_wconf 91' lang='lat' dir='ltr'><strong>si</strong></span> <span class='ocrx_word' id='word_1_40' title='bbox 1744 736 1998 793; x_wconf 87' lang='lat' dir='ltr'><strong>doctrina</strong></span> 
     </span>
    </p>
   </div>
   <div class='ocr_carea' id='block_1_9' title="bbox 424 830 1996 908">
    <p class='ocr_par' dir='ltr' id='par_1_9' title="bbox 424 830 1996 908">
     <span class='ocr_line' id='line_1_9' title="bbox 424 830 1996 908; baseline -0.011 -9"><span class='ocrx_word' id='word_1_41' title='bbox 424 851 616 900; x_wconf 89' lang='lat' dir='ltr'><strong>contra</strong></span> <span class='ocrx_word' id='word_1_42' title='bbox 674 835 1120 908; x_wconf 86' lang='lat' dir='ltr'><strong>superstitionem</strong></span> <span class='ocrx_word' id='word_1_43' title='bbox 1172 834 1298 887; x_wconf 87' lang='lat' dir='ltr'><strong>data</strong></span> <span class='ocrx_word' id='word_1_44' title='bbox 1353 830 1576 886; x_wconf 80' lang='lat' dir='ltr'><strong>efﬁcere</strong></span> <span class='ocrx_word' id='word_1_45' title='bbox 1632 837 1851 899; x_wconf 82' lang='lat' dir='ltr'><strong>potest,</strong></span> <span class='ocrx_word' id='word_1_46' title='bbox 1900 834 1996 894; x_wconf 90' lang='lat' dir='ltr'><strong>ut,</strong></span> 
     </span>
    </p>
   </div>
   <div class='ocr_carea' id='block_1_10' title="bbox 422 917 2000 998">
    <p class='ocr_par' dir='ltr' id='par_1_10' title="bbox 422 917 2000 998">
     <span class='ocr_line' id='line_1_10' title="bbox 422 917 2000 998; baseline -0.008 -13"><span class='ocrx_word' id='word_1_47' title='bbox 422 928 625 998; x_wconf 85' lang='lat' dir='ltr'><strong>spretis</strong></span> <span class='ocrx_word' id='word_1_48' title='bbox 648 925 841 996; x_wconf 86' lang='lat' dir='ltr'><strong>patriis</strong></span> <span class='ocrx_word' id='word_1_49' title='bbox 872 923 1109 994; x_wconf 82' lang='lat' dir='ltr'><strong>legibus,</strong></span> <span class='ocrx_word' id='word_1_50' title='bbox 1134 921 1289 976; x_wconf 87' lang='lat' dir='ltr'><strong>cibos</strong></span> <span class='ocrx_word' id='word_1_51' title='bbox 1314 935 1343 975; x_wconf 88' lang='lat' dir='ltr'><strong>a</strong></span> <span class='ocrx_word' id='word_1_52' title='bbox 1372 918 1671 989; x_wconf 82' lang='lat' dir='ltr'><strong>majoribus</strong></span> <span class='ocrx_word' id='word_1_53' title='bbox 1694 917 2000 987; x_wconf 78' lang='lat' dir='ltr'><strong>prohibitos</strong></span> 
     </span>
    </p>
   </div>
   <div class='ocr_carea' id='block_1_11' title="bbox 422 1014 2001 1086">
    <p class='ocr_par' dir='ltr' id='par_1_11' title="bbox 422 1014 2001 1086">
     <span class='ocr_line' id='line_1_11' title="bbox 422 1014 2001 1086; baseline -0.006 -7"><span class='ocrx_word' id='word_1_54' title='bbox 422 1023 708 1080; x_wconf 86' lang='lat' dir='ltr'><strong>comedere</strong></span> <span class='ocrx_word' id='word_1_55' title='bbox 741 1021 941 1086; x_wconf 88' lang='lat' dir='ltr'><strong>liceat;</strong></span> <span class='ocrx_word' id='word_1_56' title='bbox 989 1032 1089 1074; x_wconf 92' lang='lat' dir='ltr'><strong>cur</strong></span> <span class='ocrx_word' id='word_1_57' title='bbox 1121 1033 1227 1071; x_wconf 88' lang='lat' dir='ltr'><strong>non</strong></span> <span class='ocrx_word' id='word_1_58' title='bbox 1296 1014 1598 1070; x_wconf 79' lang='lat' dir='ltr'><strong>Christiani</strong></span> <span class='ocrx_word' id='word_1_59' title='bbox 1653 1014 1793 1069; x_wconf 90' lang='lat' dir='ltr'><strong>idem</strong></span> <span class='ocrx_word' id='word_1_60' title='bbox 1835 1022 2001 1083; x_wconf 88' lang='lat' dir='ltr'><strong>atque</strong></span> 
     </span>
    </p>
   </div>
   <div class='ocr_carea' id='block_1_12' title="bbox 423 1106 1998 1186">
    <p class='ocr_par' dir='ltr' id='par_1_12' title="bbox 423 1106 1998 1186">
     <span class='ocr_line' id='line_1_12' title="bbox 423 1106 1998 1186; baseline -0.004 -19"><span class='ocrx_word' id='word_1_61' title='bbox 423 1113 729 1186; x_wconf 77' lang='lat' dir='ltr'><strong>philosophi</strong></span> <span class='ocrx_word' id='word_1_62' title='bbox 783 1112 967 1167; x_wconf 77' lang='lat' dir='ltr'><strong>facere</strong></span> <span class='ocrx_word' id='word_1_63' title='bbox 989 1110 1111 1165; x_wconf 89' lang='lat' dir='ltr'><strong>sine</strong></span> <span class='ocrx_word' id='word_1_64' title='bbox 1143 1107 1376 1163; x_wconf 90' lang='lat' dir='ltr'><strong>crimine</strong></span> <span class='ocrx_word' id='word_1_65' title='bbox 1404 1106 1671 1177; x_wconf 82' lang='lat' dir='ltr'><strong>possent?</strong></span> <span class='ocrx_word' id='word_1_66' title='bbox 1693 1106 1998 1177; x_wconf 63' lang='lat' dir='ltr'><strong>praesertim</strong></span> 
     </span>
    </p>
   </div>
   <div class='ocr_carea' id='block_1_13' title="bbox 421 1198 1999 1270">
    <p class='ocr_par' dir='ltr' id='par_1_13' title="bbox 421 1198 1999 1270">
     <span class='ocr_line' id='line_1_13' title="bbox 421 1198 1999 1270; baseline -0.006 -9"><span class='ocrx_word' id='word_1_67' title='bbox 421 1223 546 1261; x_wconf 90' lang='lat' dir='ltr'><strong>cum</strong></span> <span class='ocrx_word' id='word_1_68' title='bbox 579 1219 768 1263; x_wconf 89' lang='lat' dir='ltr'><strong>eorum</strong></span> <span class='ocrx_word' id='word_1_69' title='bbox 796 1202 1044 1259; x_wconf 85' lang='lat' dir='ltr'><strong>doctrina</strong></span> <span class='ocrx_word' id='word_1_70' title='bbox 1076 1209 1225 1255; x_wconf 82' lang='lat' dir='ltr'><strong>vetet</strong></span> <span class='ocrx_word' id='word_1_71' title='bbox 1258 1207 1562 1256; x_wconf 86' lang='lat' dir='ltr'><strong>statuarum</strong></span> <span class='ocrx_word' id='word_1_72' title='bbox 1586 1208 1753 1270; x_wconf 88' lang='lat' dir='ltr'><strong>atque</strong></span> <span class='ocrx_word' id='word_1_73' title='bbox 1780 1198 1999 1255; x_wconf 89' lang='lat' dir='ltr'><strong>simula-</strong></span> 
     </span>
    </p>
   </div>
   <div class='ocr_carea' id='block_1_14' title="bbox 422 1290 2000 1352">
    <p class='ocr_par' dir='ltr' id='par_1_14' title="bbox 422 1290 2000 1352">
     <span class='ocr_line' id='line_1_14' title="bbox 422 1290 2000 1352; baseline -0.006 0"><span class='ocrx_word' id='word_1_74' title='bbox 422 1310 639 1352; x_wconf 88' lang='lat' dir='ltr'><strong>crorum</strong></span> <span class='ocrx_word' id='word_1_75' title='bbox 670 1296 940 1350; x_wconf 85' lang='lat' dir='ltr'><strong>rationem</strong></span> <span class='ocrx_word' id='word_1_76' title='bbox 972 1292 1179 1347; x_wconf 90' lang='lat' dir='ltr'><strong>habere</strong></span> <span class='ocrx_word' id='word_1_77' title='bbox 1203 1299 1258 1346; x_wconf 87' lang='lat' dir='ltr'><strong>et</strong></span> <span class='ocrx_word' id='word_1_78' title='bbox 1295 1291 1508 1346; x_wconf 64' lang='lat' dir='ltr'><strong>haerere</strong></span> <span class='ocrx_word' id='word_1_79' title='bbox 1546 1290 1600 1345; x_wconf 91' lang='lat' dir='ltr'><strong>in</strong></span> <span class='ocrx_word' id='word_1_80' title='bbox 1630 1290 1794 1345; x_wconf 88' lang='lat' dir='ltr'><strong>rebus</strong></span> <span class='ocrx_word' id='word_1_81' title='bbox 1827 1303 1858 1343; x_wconf 89' lang='lat' dir='ltr'><strong>a</strong></span> <span class='ocrx_word' id='word_1_82' title='bbox 1889 1291 2000 1344; x_wconf 82' lang='lat' dir='ltr'><strong>Deo</strong></span> 
     </span>
    </p>
   </div>
   <div class='ocr_carea' id='block_1_15' title="bbox 423 1380 1998 1454">
    <p class='ocr_par' dir='ltr' id='par_1_15' title="bbox 423 1380 1998 1454">
     <span class='ocr_line' id='line_1_15' title="bbox 423 1380 1998 1454; baseline -0.005 -12"><span class='ocrx_word' id='word_1_83' title='bbox 423 1389 645 1454; x_wconf 87' lang='lat' dir='ltr'><strong>creatis,</strong></span> <span class='ocrx_word' id='word_1_84' title='bbox 683 1386 781 1440; x_wconf 83' lang='lat' dir='ltr'><strong>sed</strong></span> <span class='ocrx_word' id='word_1_85' title='bbox 810 1385 894 1439; x_wconf 89' lang='lat' dir='ltr'><strong>his</strong></span> <span class='ocrx_word' id='word_1_86' title='bbox 920 1381 1254 1438; x_wconf 82' lang='lat' dir='ltr'><strong>transcensis</strong></span> <span class='ocrx_word' id='word_1_87' title='bbox 1278 1382 1346 1436; x_wconf 87' lang='lat' dir='ltr'><strong>ad</strong></span> <span class='ocrx_word' id='word_1_88' title='bbox 1381 1380 1730 1437; x_wconf 85' lang='lat' dir='ltr'><strong>Conditorem</strong></span> <span class='ocrx_word' id='word_1_89' title='bbox 1760 1380 1998 1435; x_wconf 87' lang='lat' dir='ltr'><strong>animam</strong></span> 
     </span>
    </p>
   </div>
   <div class='ocr_carea' id='block_1_16' title="bbox 425 1471 1995 1547">
    <p class='ocr_par' dir='ltr' id='par_1_16' title="bbox 425 1471 1995 1547">
     <span class='ocr_line' id='line_1_16' title="bbox 425 1471 1995 1547; baseline -0.003 -16"><span class='ocrx_word' id='word_1_90' title='bbox 425 1477 678 1533; x_wconf 83' lang='lat' dir='ltr'><strong>attollere</strong></span> <span class='ocrx_word' id='word_1_91' title='bbox 703 1475 917 1547; x_wconf 87' lang='lat' dir='ltr'><strong>jubeat.</strong></span> <span class='ocrx_word' id='word_1_92' title='bbox 945 1473 1100 1541; x_wconf 86' lang='lat' dir='ltr'><strong>Quod</strong></span> <span class='ocrx_word' id='word_1_93' title='bbox 1122 1474 1167 1528; x_wconf 87' lang='lat' dir='ltr'><strong>si</strong></span> <span class='ocrx_word' id='word_1_94' title='bbox 1193 1473 1383 1529; x_wconf 88' lang='lat' dir='ltr'><strong>Celsus</strong></span> <span class='ocrx_word' id='word_1_95' title='bbox 1412 1471 1577 1528; x_wconf 82' lang='lat' dir='ltr'><strong>aliive</strong></span> <span class='ocrx_word' id='word_1_96' title='bbox 1604 1472 1722 1540; x_wconf 81' lang='lat' dir='ltr'><strong>ejus</strong></span> <span class='ocrx_word' id='word_1_97' title='bbox 1753 1471 1995 1539; x_wconf 74' lang='lat' dir='ltr'><strong>asseclze,</strong></span> 
     </span>
    </p>
   </div>
   <div class='ocr_carea' id='block_1_17' title="bbox 424 1562 1997 1640">
    <p class='ocr_par' dir='ltr' id='par_1_17' title="bbox 424 1562 1997 1640">
     <span class='ocr_line' id='line_1_17' title="bbox 424 1562 1997 1640; baseline -0.006 -15"><span class='ocrx_word' id='word_1_98' title='bbox 424 1580 483 1625; x_wconf 90' lang='lat' dir='ltr'><strong>ut</strong></span> <span class='ocrx_word' id='word_1_99' title='bbox 518 1584 614 1625; x_wconf 88' lang='lat' dir='ltr'><strong>sua</strong></span> <span class='ocrx_word' id='word_1_100' title='bbox 648 1567 918 1640; x_wconf 87' lang='lat' dir='ltr'><strong>principia</strong></span> <span class='ocrx_word' id='word_1_101' title='bbox 944 1574 1267 1621; x_wconf 87' lang='lat' dir='ltr'><strong>constanter</strong></span> <span class='ocrx_word' id='word_1_102' title='bbox 1311 1571 1573 1630; x_wconf 89' lang='lat' dir='ltr'><strong>teneant,</strong></span> <span class='ocrx_word' id='word_1_103' title='bbox 1622 1562 1863 1618; x_wconf 81' lang='lat' dir='ltr'><strong>dixerint</strong></span> <span class='ocrx_word' id='word_1_104' title='bbox 1900 1576 1997 1629; x_wconf 83' lang='lat' dir='ltr'><strong>pa-</strong></span> 
     </span>
    </p>
   </div>
   <div class='ocr_carea' id='block_1_18' title="bbox 423 1652 1994 1731">
    <p class='ocr_par' dir='ltr' id='par_1_18' title="bbox 423 1652 1994 1731">
     <span class='ocr_line' id='line_1_18' title="bbox 423 1652 1994 1731; baseline -0.005 -17"><span class='ocrx_word' id='word_1_105' title='bbox 423 1663 556 1717; x_wconf 86' lang='lat' dir='ltr'><strong>trias</strong></span> <span class='ocrx_word' id='word_1_106' title='bbox 582 1660 729 1731; x_wconf 83' lang='lat' dir='ltr'><strong>leges</strong></span> <span class='ocrx_word' id='word_1_107' title='bbox 757 1659 837 1713; x_wconf 85' lang='lat' dir='ltr'><strong>vel</strong></span> <span class='ocrx_word' id='word_1_108' title='bbox 867 1656 1186 1727; x_wconf 88' lang='lat' dir='ltr'><strong>philosopho</strong></span> <span class='ocrx_word' id='word_1_109' title='bbox 1216 1670 1340 1712; x_wconf 89' lang='lat' dir='ltr'><strong>esse</strong></span> <span class='ocrx_word' id='word_1_110' title='bbox 1373 1652 1759 1709; x_wconf 86' lang='lat' dir='ltr'><strong>custodiendas</strong></span> <span class='ocrx_word' id='word_1_111' title='bbox 1785 1690 1804 1719; x_wconf 89' lang='lat'><strong>,</strong></span> <span class='ocrx_word' id='word_1_112' title='bbox 1841 1652 1994 1708; x_wconf 89' lang='lat' dir='ltr'><strong>acci-</strong></span> 
     </span>
    </p>
   </div>
   <div class='ocr_carea' id='block_1_19' title="bbox 422 1742 1996 1820">
    <p class='ocr_par' dir='ltr' id='par_1_19' title="bbox 422 1742 1996 1820">
     <span class='ocr_line' id='line_1_19' title="bbox 422 1742 1996 1820; baseline -0.006 -16"><span class='ocrx_word' id='word_1_113' title='bbox 422 1755 515 1806; x_wconf 92' lang='lat' dir='ltr'><strong>dct</strong></span> <span class='ocrx_word' id='word_1_114' title='bbox 544 1760 623 1815; x_wconf 88' lang='lat' dir='ltr'><strong>ut,</strong></span> <span class='ocrx_word' id='word_1_115' title='bbox 660 1750 753 1820; x_wconf 92' lang='lat' dir='ltr'><strong>qui</strong></span> <span class='ocrx_word' id='word_1_116' title='bbox 779 1747 1088 1816; x_wconf 82' lang='lat' dir='ltr'><strong>philosophi</strong></span> <span class='ocrx_word' id='word_1_117' title='bbox 1121 1748 1266 1802; x_wconf 91' lang='lat' dir='ltr'><strong>inter</strong></span> <span class='ocrx_word' id='word_1_118' title='bbox 1295 1744 1585 1818; x_wconf 72' lang='lat' dir='ltr'><strong>ngyptios</strong></span> <span class='ocrx_word' id='word_1_119' title='bbox 1618 1742 1837 1815; x_wconf 83' lang='lat' dir='ltr'><strong>degent,</strong></span> <span class='ocrx_word' id='word_1_120' title='bbox 1869 1756 1996 1812; x_wconf 89' lang='lat' dir='ltr'><strong>per-</strong></span> 
     </span>
    </p>
   </div>
   <div class='ocr_carea' id='block_1_20' title="bbox 423 1835 1997 1910">
    <p class='ocr_par' dir='ltr' id='par_1_20' title="bbox 423 1835 1997 1910">
     <span class='ocr_line' id='line_1_20' title="bbox 423 1835 1997 1910; baseline -0.003 -15"><span class='ocrx_word' id='word_1_121' title='bbox 423 1840 652 1896; x_wconf 83' lang='lat' dir='ltr'><strong>ridicule</strong></span> <span class='ocrx_word' id='word_1_122' title='bbox 678 1840 831 1910; x_wconf 82' lang='lat' dir='ltr'><strong>cepis</strong></span> <span class='ocrx_word' id='word_1_123' title='bbox 857 1839 1205 1905; x_wconf 85' lang='lat' dir='ltr'><strong>abstineant,</strong></span> <span class='ocrx_word' id='word_1_124' title='bbox 1252 1848 1310 1893; x_wconf 91' lang='lat' dir='ltr'><strong>ut</strong></span> <span class='ocrx_word' id='word_1_125' title='bbox 1364 1838 1537 1907; x_wconf 86' lang='lat' dir='ltr'><strong>patria</strong></span> <span class='ocrx_word' id='word_1_126' title='bbox 1587 1846 1808 1892; x_wconf 90' lang='lat' dir='ltr'><strong>servent</strong></span> <span class='ocrx_word' id='word_1_127' title='bbox 1841 1835 1997 1891; x_wconf 84' lang='lat' dir='ltr'><strong>insti-</strong></span> 
     </span>
    </p>
   </div>
   <div class='ocr_carea' id='block_1_21' title="bbox 425 1928 1998 2002">
    <p class='ocr_par' dir='ltr' id='par_1_21' title="bbox 425 1928 1998 2002">
     <span class='ocr_line' id='line_1_21' title="bbox 425 1928 1998 2002; baseline -0.004 -13"><span class='ocrx_word' id='word_1_128' title='bbox 425 1943 538 1989; x_wconf 89' lang='lat' dir='ltr'><strong>tuta</strong></span> <span class='ocrx_word' id='word_1_129' title='bbox 562 1950 578 1999; x_wconf 87' lang='lat'><strong>;</strong></span> <span class='ocrx_word' id='word_1_130' title='bbox 622 1942 718 1987; x_wconf 87' lang='lat' dir='ltr'><strong>aut</strong></span> <span class='ocrx_word' id='word_1_131' title='bbox 747 1931 1070 2002; x_wconf 87' lang='lat' dir='ltr'><strong>quibusdam</strong></span> <span class='ocrx_word' id='word_1_132' title='bbox 1095 1932 1340 1999; x_wconf 86' lang='lat' dir='ltr'><strong>corporis</strong></span> <span class='ocrx_word' id='word_1_133' title='bbox 1372 1929 1641 1999; x_wconf 86' lang='lat' dir='ltr'><strong>partibus,</strong></span> <span class='ocrx_word' id='word_1_134' title='bbox 1664 1937 1792 1997; x_wconf 91' lang='lat' dir='ltr'><strong>puta</strong></span> <span class='ocrx_word' id='word_1_135' title='bbox 1819 1928 1998 1997; x_wconf 86' lang='lat' dir='ltr'><strong>capite</strong></span> 
     </span>
    </p>
   </div>
   <div class='ocr_carea' id='block_1_22' title="bbox 423 2018 1998 2090">
    <p class='ocr_par' dir='ltr' id='par_1_22' title="bbox 423 2018 1998 2090">
     <span class='ocr_line' id='line_1_22' title="bbox 423 2018 1998 2090; baseline -0.003 -12"><span class='ocrx_word' id='word_1_136' title='bbox 423 2025 507 2080; x_wconf 85' lang='lat' dir='ltr'><strong>vel</strong></span> <span class='ocrx_word' id='word_1_137' title='bbox 532 2026 869 2090; x_wconf 82' lang='lat' dir='ltr'><strong>hutnero,ut</strong></span> <span class='ocrx_word' id='word_1_138' title='bbox 899 2036 968 2078; x_wconf 89' lang='lat' dir='ltr'><strong>ne</strong></span> <span class='ocrx_word' id='word_1_139' title='bbox 999 2022 1134 2078; x_wconf 82' lang='lat' dir='ltr'><strong>ritus</strong></span> <span class='ocrx_word' id='word_1_140' title='bbox 1185 2036 1215 2075; x_wconf 93' lang='lat' dir='ltr'><strong>a</strong></span> <span class='ocrx_word' id='word_1_141' title='bbox 1261 2019 1563 2088; x_wconf 82' lang='lat' dir='ltr'><strong>majoribus</strong></span> <span class='ocrx_word' id='word_1_142' title='bbox 1616 2021 1722 2076; x_wconf 89' lang='lat' dir='ltr'><strong>sibi</strong></span> <span class='ocrx_word' id='word_1_143' title='bbox 1771 2018 1998 2074; x_wconf 87' lang='lat' dir='ltr'><strong>traditos</strong></span> 
     </span>
    </p>
   </div>
   <div class='ocr_carea' id='block_1_23' title="bbox 424 2111 1999 2181">
    <p class='ocr_par' dir='ltr' id='par_1_23' title="bbox 424 2111 1999 2181">
     <span class='ocr_line' id='line_1_23' title="bbox 424 2111 1999 2181; baseline -0.002 -12"><span class='ocrx_word' id='word_1_144' title='bbox 424 2117 648 2172; x_wconf 89' lang='lat' dir='ltr'><strong>violent.</strong></span> <span class='ocrx_word' id='word_1_145' title='bbox 669 2114 849 2170; x_wconf 80' lang='lat' dir='ltr'><strong>Taceo</strong></span> <span class='ocrx_word' id='word_1_146' title='bbox 876 2129 1018 2169; x_wconf 90' lang='lat' dir='ltr'><strong>nunc</strong></span> <span class='ocrx_word' id='word_1_147' title='bbox 1043 2127 1141 2168; x_wconf 90' lang='lat' dir='ltr'><strong>eos</strong></span> <span class='ocrx_word' id='word_1_148' title='bbox 1170 2111 1452 2181; x_wconf 69' lang='lat' dir='ltr'><strong>AEgyptios</strong></span> <span class='ocrx_word' id='word_1_149' title='bbox 1476 2111 1567 2180; x_wconf 85' lang='lat' dir='ltr'><strong>qui</strong></span> <span class='ocrx_word' id='word_1_150' title='bbox 1595 2112 1837 2181; x_wconf 87' lang='lat' dir='ltr'><strong>crepitus</strong></span> <span class='ocrx_word' id='word_1_151' title='bbox 1867 2128 1999 2167; x_wconf 89' lang='lat' dir='ltr'><strong>ven-</strong></span> 
     </span>
    </p>
   </div>
   <div class='ocr_carea' id='block_1_24' title="bbox 421 2200 1996 2271">
    <p class='ocr_par' dir='ltr' id='par_1_24' title="bbox 421 2200 1996 2271">
     <span class='ocr_line' id='line_1_24' title="bbox 421 2200 1996 2271; baseline -0.002 -11"><span class='ocrx_word' id='word_1_152' title='bbox 421 2207 517 2262; x_wconf 86' lang='lat' dir='ltr'><strong>tris</strong></span> <span class='ocrx_word' id='word_1_153' title='bbox 564 2206 616 2260; x_wconf 93' lang='lat' dir='ltr'><strong>iu</strong></span> <span class='ocrx_word' id='word_1_154' title='bbox 643 2204 847 2260; x_wconf 87' lang='lat' dir='ltr'><strong>honore</strong></span> <span class='ocrx_word' id='word_1_155' title='bbox 871 2202 1097 2258; x_wconf 85' lang='lat' dir='ltr'><strong>habent.</strong></span> <span class='ocrx_word' id='word_1_156' title='bbox 1123 2200 1262 2256; x_wconf 85' lang='lat' dir='ltr'><strong>Nam</strong></span> <span class='ocrx_word' id='word_1_157' title='bbox 1307 2201 1353 2256; x_wconf 90' lang='lat' dir='ltr'><strong>si</strong></span> <span class='ocrx_word' id='word_1_158' title='bbox 1385 2202 1506 2269; x_wconf 86' lang='lat' dir='ltr'><strong>quis</strong></span> <span class='ocrx_word' id='word_1_159' title='bbox 1536 2216 1721 2257; x_wconf 88' lang='lat' dir='ltr'><strong>eorum</strong></span> <span class='ocrx_word' id='word_1_160' title='bbox 1755 2203 1996 2271; x_wconf 80' lang='lat' dir='ltr'><strong>philoso-</strong></span> 
     </span>
    </p>
   </div>
   <div class='ocr_carea' id='block_1_25' title="bbox 420 2291 1995 2363">
    <p class='ocr_par' dir='ltr' id='par_1_25' title="bbox 420 2291 1995 2363">
     <span class='ocr_line' id='line_1_25' title="bbox 420 2291 1995 2363; baseline -0.001 -14"><span class='ocrx_word' id='word_1_161' title='bbox 420 2296 564 2363; x_wconf 83' lang='lat' dir='ltr'><strong>phiae</strong></span> <span class='ocrx_word' id='word_1_162' title='bbox 594 2294 821 2350; x_wconf 90' lang='lat' dir='ltr'><strong>studens</strong></span> <span class='ocrx_word' id='word_1_163' title='bbox 851 2294 951 2349; x_wconf 83' lang='lat' dir='ltr'><strong>hos</strong></span> <span class='ocrx_word' id='word_1_164' title='bbox 993 2293 1199 2362; x_wconf 89' lang='lat' dir='ltr'><strong>patrios</strong></span> <span class='ocrx_word' id='word_1_165' title='bbox 1224 2291 1361 2347; x_wconf 89' lang='lat' dir='ltr'><strong>ritus</strong></span> <span class='ocrx_word' id='word_1_166' title='bbox 1386 2292 1668 2356; x_wconf 88' lang='lat' dir='ltr'><strong>observet,</strong></span> <span class='ocrx_word' id='word_1_167' title='bbox 1699 2307 1877 2347; x_wconf 88' lang='lat' dir='ltr'><strong>nonne</strong></span> <span class='ocrx_word' id='word_1_168' title='bbox 1919 2293 1995 2348; x_wconf 85' lang='lat' dir='ltr'><strong>ri-</strong></span> 
     </span>
    </p>
   </div>
   <div class='ocr_carea' id='block_1_26' title="bbox 422 2381 1999 2452">
    <p class='ocr_par' dir='ltr' id='par_1_26' title="bbox 422 2381 1999 2452">
     <span class='ocr_line' id='line_1_26' title="bbox 422 2381 1999 2452; baseline -0.001 -12"><span class='ocrx_word' id='word_1_169' title='bbox 422 2385 635 2440; x_wconf 87' lang='lat' dir='ltr'><strong>diculus</strong></span> <span class='ocrx_word' id='word_1_170' title='bbox 664 2384 831 2440; x_wconf 80' lang='lat' dir='ltr'><strong>fuerit</strong></span> <span class='ocrx_word' id='word_1_171' title='bbox 889 2392 944 2439; x_wconf 90' lang='lat' dir='ltr'><strong>et</strong></span> <span class='ocrx_word' id='word_1_172' title='bbox 974 2382 1195 2452; x_wconf 82' lang='lat' dir='ltr'><strong>indigna</strong></span> <span class='ocrx_word' id='word_1_173' title='bbox 1226 2381 1550 2452; x_wconf 83' lang='lat' dir='ltr'><strong>philosOpho</strong></span> <span class='ocrx_word' id='word_1_174' title='bbox 1585 2382 1776 2437; x_wconf 80' lang='lat' dir='ltr'><strong>fecerit</strong></span> <span class='ocrx_word' id='word_1_175' title='bbox 1796 2384 1820 2437; x_wconf 67' lang='grc' dir='ltr'><em>ἲ</em></span> <span class='ocrx_word' id='word_1_176' title='bbox 1843 2383 1999 2449; x_wconf 84' lang='lat' dir='ltr'><strong>Quis-</strong></span> 
     </span>
    </p>
   </div>
   <div class='ocr_carea' id='block_1_27' title="bbox 356 2471 1995 2548">
    <p class='ocr_par' dir='ltr' id='par_1_27' title="bbox 356 2471 1995 2548">
     <span class='ocr_line' id='line_1_27' title="bbox 356 2471 1995 2548; baseline -0.001 -18"><span class='ocrx_word' id='word_1_177' title='bbox 356 2514 365 2527; x_wconf 49' lang='grc' dir='ltr'>-η</span> <span class='ocrx_word' id='word_1_178' title='bbox 421 2477 542 2547; x_wconf 86' lang='lat' dir='ltr'><strong>quis</strong></span> <span class='ocrx_word' id='word_1_179' title='bbox 574 2492 706 2548; x_wconf 83' lang='lat' dir='ltr'><strong>ergo</strong></span> <span class='ocrx_word' id='word_1_180' title='bbox 758 2491 790 2532; x_wconf 87' lang='lat' dir='ltr'><strong>a</strong></span> <span class='ocrx_word' id='word_1_181' title='bbox 816 2475 1128 2532; x_wconf 81' lang='lat' dir='ltr'><strong>Christiana</strong></span> <span class='ocrx_word' id='word_1_182' title='bbox 1175 2473 1426 2528; x_wconf 84' lang='lat' dir='ltr'><strong>doctrina</strong></span> <span class='ocrx_word' id='word_1_183' title='bbox 1460 2471 1630 2527; x_wconf 90' lang='lat' dir='ltr'><strong>Deum</strong></span> <span class='ocrx_word' id='word_1_184' title='bbox 1670 2488 1846 2528; x_wconf 83' lang='lat' dir='ltr'><strong>rerum</strong></span> <span class='ocrx_word' id='word_1_185' title='bbox 1877 2490 1995 2529; x_wconf 88' lang='lat' dir='ltr'><strong>om-</strong></span> 
     </span>
    </p>
   </div>
   <div class='ocr_carea' id='block_1_28' title="bbox 426 2564 1997 2636">
    <p class='ocr_par' dir='ltr' id='par_1_28' title="bbox 426 2564 1997 2636">
     <span class='ocr_line' id='line_1_28' title="bbox 426 2564 1997 2636; baseline 0 -13"><span class='ocrx_word' id='word_1_186' title='bbox 426 2570 580 2623; x_wconf 87' lang='lat' dir='ltr'><strong>nium</strong></span> <span class='ocrx_word' id='word_1_187' title='bbox 613 2568 963 2625; x_wconf 88' lang='lat' dir='ltr'><strong>Conditorem</strong></span> <span class='ocrx_word' id='word_1_188' title='bbox 999 2566 1233 2620; x_wconf 88' lang='lat' dir='ltr'><strong>adorare</strong></span> <span class='ocrx_word' id='word_1_189' title='bbox 1262 2564 1472 2628; x_wconf 88' lang='lat' dir='ltr'><strong>didicit,</strong></span> <span class='ocrx_word' id='word_1_190' title='bbox 1517 2572 1572 2619; x_wconf 89' lang='lat' dir='ltr'><strong>et</strong></span> <span class='ocrx_word' id='word_1_191' title='bbox 1606 2575 1826 2635; x_wconf 88' lang='lat' dir='ltr'><strong>propter</strong></span> <span class='ocrx_word' id='word_1_192' title='bbox 1853 2566 1997 2636; x_wconf 78' lang='lat' dir='ltr'><strong>leges</strong></span> 
     </span>
    </p>
   </div>
   <div class='ocr_carea' id='block_1_29' title="bbox 420 2652 1998 2727">
    <p class='ocr_par' dir='ltr' id='par_1_29' title="bbox 420 2652 1998 2727">
     <span class='ocr_line' id='line_1_29' title="bbox 420 2652 1998 2727; baseline -0.001 -16"><span class='ocrx_word' id='word_1_193' title='bbox 420 2657 631 2727; x_wconf 88' lang='lat' dir='ltr'><strong>patrias</strong></span> <span class='ocrx_word' id='word_1_194' title='bbox 669 2657 720 2711; x_wconf 90' lang='lat' dir='ltr'><strong>itt</strong></span> <span class='ocrx_word' id='word_1_195' title='bbox 758 2656 954 2712; x_wconf 88' lang='lat' dir='ltr'><strong>statuis</strong></span> <span class='ocrx_word' id='word_1_196' title='bbox 1003 2665 1058 2710; x_wconf 91' lang='lat' dir='ltr'><strong>et</strong></span> <span class='ocrx_word' id='word_1_197' title='bbox 1104 2652 1416 2717; x_wconf 75' lang='lat' dir='ltr'><strong>simulacris</strong></span> <span class='ocrx_word' id='word_1_198' title='bbox 1470 2656 1675 2717; x_wconf 80' lang='lat' dir='ltr'><strong>haeret,</strong></span> <span class='ocrx_word' id='word_1_199' title='bbox 1736 2670 1837 2711; x_wconf 89' lang='lat' dir='ltr'><strong>nec</strong></span> <span class='ocrx_word' id='word_1_200' title='bbox 1885 2657 1998 2710; x_wconf 90' lang='lat' dir='ltr'><strong>vult</strong></span> 
     </span>
    </p>
   </div>
   <div class='ocr_carea' id='block_1_30' title="bbox 421 2744 1995 2814">
    <p class='ocr_par' dir='ltr' id='par_1_30' title="bbox 421 2744 1995 2814">
     <span class='ocr_line' id='line_1_30' title="bbox 421 2744 1995 2814; baseline 0.003 -15"><span class='ocrx_word' id='word_1_201' title='bbox 421 2746 605 2802; x_wconf 89' lang='lat' dir='ltr'><strong>animo</strong></span> <span class='ocrx_word' id='word_1_202' title='bbox 633 2745 701 2800; x_wconf 91' lang='lat' dir='ltr'><strong>ad</strong></span> <span class='ocrx_word' id='word_1_203' title='bbox 731 2744 1087 2800; x_wconf 90' lang='lat' dir='ltr'><strong>Conditorem</strong></span> <span class='ocrx_word' id='word_1_204' title='bbox 1119 2760 1408 2814; x_wconf 82' lang='lat' dir='ltr'><strong>assurgere</strong></span> <span class='ocrx_word' id='word_1_205' title='bbox 1434 2787 1449 2813; x_wconf 92' lang='lat'><strong>,</strong></span> <span class='ocrx_word' id='word_1_206' title='bbox 1478 2749 1523 2803; x_wconf 90' lang='lat' dir='ltr'><strong>is</strong></span> <span class='ocrx_word' id='word_1_207' title='bbox 1551 2746 1681 2801; x_wconf 92' lang='lat' dir='ltr'><strong>nihil</strong></span> <span class='ocrx_word' id='word_1_208' title='bbox 1712 2745 1893 2802; x_wconf 69' lang='lat' dir='ltr'><strong>diﬂert</strong></span> <span class='ocrx_word' id='word_1_209' title='bbox 1926 2747 1995 2803; x_wconf 87' lang='lat' dir='ltr'><strong>ab</strong></span> 
     </span>
    </p>
   </div>
   <div class='ocr_carea' id='block_1_31' title="bbox 420 2834 1995 2909">
    <p class='ocr_par' dir='ltr' id='par_1_31' title="bbox 420 2834 1995 2909">
     <span class='ocr_line' id='line_1_31' title="bbox 420 2834 1995 2909; baseline 0.001 -17"><span class='ocrx_word' id='word_1_210' title='bbox 420 2836 503 2892; x_wconf 85' lang='lat' dir='ltr'><strong>eis</strong></span> <span class='ocrx_word' id='word_1_211' title='bbox 558 2834 676 2905; x_wconf 87' lang='lat' dir='ltr'><strong>qui,</strong></span> <span class='ocrx_word' id='word_1_212' title='bbox 704 2835 838 2891; x_wconf 88' lang='lat' dir='ltr'><strong>licet</strong></span> <span class='ocrx_word' id='word_1_213' title='bbox 866 2835 1224 2907; x_wconf 75' lang='lat' dir='ltr'><strong>philosophia:</strong></span> <span class='ocrx_word' id='word_1_214' title='bbox 1267 2845 1597 2894; x_wconf 87' lang='lat' dir='ltr'><strong>documenta</strong></span> <span class='ocrx_word' id='word_1_215' title='bbox 1633 2840 1995 2909; x_wconf 85' lang='lat' dir='ltr'><strong>acceperint,</strong></span> 
     </span>
    </p>
   </div>
   <div class='ocr_carea' id='block_1_32' title="bbox 422 2927 1994 2999">
    <p class='ocr_par' dir='ltr' id='par_1_32' title="bbox 422 2927 1994 2999">
     <span class='ocr_line' id='line_1_32' title="bbox 422 2927 1994 2999; baseline 0.003 -20"><span class='ocrx_word' id='word_1_216' title='bbox 422 2927 619 2982; x_wconf 80' lang='lat' dir='ltr'><strong>timent</strong></span> <span class='ocrx_word' id='word_1_217' title='bbox 651 2933 831 2982; x_wconf 89' lang='lat' dir='ltr'><strong>tamen</strong></span> <span class='ocrx_word' id='word_1_218' title='bbox 856 2941 978 2997; x_wconf 84' lang='lat' dir='ltr'><strong>quae</strong></span> <span class='ocrx_word' id='word_1_219' title='bbox 1001 2942 1108 2983; x_wconf 90' lang='lat' dir='ltr'><strong>non</strong></span> <span class='ocrx_word' id='word_1_220' title='bbox 1139 2928 1378 2984; x_wconf 88' lang='lat' dir='ltr'><strong>timenda</strong></span> <span class='ocrx_word' id='word_1_221' title='bbox 1406 2928 1568 2999; x_wconf 81' lang='lat'><strong>605</strong></span> <span class='ocrx_word' id='word_1_222' title='bbox 1609 2937 1774 2995; x_wconf 86' lang='lat' dir='ltr'><strong>sunt,</strong></span> <span class='ocrx_word' id='word_1_223' title='bbox 1803 2939 1858 2986; x_wconf 90' lang='lat' dir='ltr'><strong>et</strong></span> <span class='ocrx_word' id='word_1_224' title='bbox 1888 2931 1994 2986; x_wconf 91' lang='lat' dir='ltr'><strong>im-</strong></span> 
     </span>
    </p>
   </div>
   <div class='ocr_carea' id='block_1_33' title="bbox 420 3017 1794 3087">
    <p class='ocr_par' dir='ltr' id='par_1_33' title="bbox 420 3017 1794 3087">
     <span class='ocr_line' id='line_1_33' title="bbox 420 3017 1794 3087; baseline 0.004 -18"><span class='ocrx_word' id='word_1_225' title='bbox 420 3017 570 3086; x_wconf 83' lang='lat' dir='ltr'><strong>pium</strong></span> <span class='ocrx_word' id='word_1_226' title='bbox 596 3030 721 3073; x_wconf 85' lang='lat' dir='ltr'><strong>esse</strong></span> <span class='ocrx_word' id='word_1_227' title='bbox 750 3018 955 3072; x_wconf 91' lang='lat' dir='ltr'><strong>ducunt</strong></span> <span class='ocrx_word' id='word_1_228' title='bbox 978 3017 1304 3087; x_wconf 87' lang='lat' dir='ltr'><strong>quibusdam</strong></span> <span class='ocrx_word' id='word_1_229' title='bbox 1339 3019 1601 3075; x_wconf 84' lang='lat' dir='ltr'><strong>cantibus</strong></span> <span class='ocrx_word' id='word_1_230' title='bbox 1626 3020 1794 3074; x_wconf 83' lang='lat' dir='ltr'><strong>vesci.</strong></span> 
     </span>
    </p>
   </div>
   <div class='ocr_carea' id='block_1_34' title="bbox 495 3259 1996 3330">
    <p class='ocr_par' dir='ltr' id='par_1_34' title="bbox 495 3259 1996 3330">
     <span class='ocr_line' id='line_1_34' title="bbox 495 3259 1996 3330; baseline -0.002 -11"><span class='ocrx_word' id='word_1_231' title='bbox 495 3264 585 3320; x_wconf 78' lang='grc'><strong>56.</strong></span> <span class='ocrx_word' id='word_1_232' title='bbox 618 3262 806 3330; x_wconf 82' lang='lat' dir='ltr'><strong>Qualis</strong></span> <span class='ocrx_word' id='word_1_233' title='bbox 839 3271 921 3316; x_wconf 86' lang='lat' dir='ltr'><strong>est</strong></span> <span class='ocrx_word' id='word_1_234' title='bbox 946 3262 1034 3316; x_wconf 91' lang='lat' dir='ltr'><strong>ille</strong></span> <span class='ocrx_word' id='word_1_235' title='bbox 1064 3261 1319 3316; x_wconf 83' lang='lat' dir='ltr'><strong>ilcrodoti</strong></span> <span class='ocrx_word' id='word_1_236' title='bbox 1357 3263 1616 3325; x_wconf 88' lang='lat' dir='ltr'><strong>Ammon,</strong></span> <span class='ocrx_word' id='word_1_237' title='bbox 1649 3259 1803 3329; x_wconf 88' lang='lat' dir='ltr'><strong>cujus</strong></span> <span class='ocrx_word' id='word_1_238' title='bbox 1831 3262 1996 3317; x_wconf 86' lang='lat' dir='ltr'><strong>verba</strong></span> 
     </span>
    </p>
   </div>
   <div class='ocr_carea' id='block_1_35' title="bbox 422 3353 1999 3425">
    <p class='ocr_par' dir='ltr' id='par_1_35' title="bbox 422 3353 1999 3425">
     <span class='ocr_line' id='line_1_35' title="bbox 422 3353 1999 3425; baseline -0.003 -12"><span class='ocrx_word' id='word_1_239' title='bbox 422 3356 616 3413; x_wconf 84' lang='lat' dir='ltr'><strong>Celsus</strong></span> <span class='ocrx_word' id='word_1_240' title='bbox 639 3355 945 3425; x_wconf 86' lang='lat' dir='ltr'><strong>usurpavit,</strong></span> <span class='ocrx_word' id='word_1_241' title='bbox 979 3362 1038 3407; x_wconf 92' lang='lat' dir='ltr'><strong>ut</strong></span> <span class='ocrx_word' id='word_1_242' title='bbox 1064 3353 1318 3422; x_wconf 88' lang='lat' dir='ltr'><strong>probaret</strong></span> <span class='ocrx_word' id='word_1_243' title='bbox 1343 3361 1600 3422; x_wconf 81' lang='lat' dir='ltr'><strong>Oportere</strong></span> <span class='ocrx_word' id='word_1_244' title='bbox 1623 3353 1868 3423; x_wconf 82' lang='lat' dir='ltr'><strong>singulos</strong></span> <span class='ocrx_word' id='word_1_245' title='bbox 1903 3369 1999 3425; x_wconf 79' lang='lat' dir='ltr'><strong>pa-</strong></span> 
     </span>
    </p>
   </div>
   <div class='ocr_carea' id='block_1_36' title="bbox 426 3444 2002 3517">
    <p class='ocr_par' dir='ltr' id='par_1_36' title="bbox 426 3444 2002 3517">
     <span class='ocr_line' id='line_1_36' title="bbox 426 3444 2002 3517; baseline 0.001 -15"><span class='ocrx_word' id='word_1_246' title='bbox 426 3449 530 3504; x_wconf 86' lang='lat' dir='ltr'><strong>tria</strong></span> <span class='ocrx_word' id='word_1_247' title='bbox 569 3447 818 3505; x_wconf 89' lang='lat' dir='ltr'><strong>instituta</strong></span> <span class='ocrx_word' id='word_1_248' title='bbox 856 3445 1053 3517; x_wconf 87' lang='lat' dir='ltr'><strong>sequi?</strong></span> <span class='ocrx_word' id='word_1_249' title='bbox 1109 3444 1215 3499; x_wconf 85' lang='lat' dir='ltr'><strong>Per</strong></span> <span class='ocrx_word' id='word_1_250' title='bbox 1247 3459 1371 3501; x_wconf 90' lang='lat' dir='ltr'><strong>eum</strong></span> <span class='ocrx_word' id='word_1_251' title='bbox 1400 3446 1548 3502; x_wconf 86' lang='lat' dir='ltr'><strong>enim</strong></span> <span class='ocrx_word' id='word_1_252' title='bbox 1600 3460 1708 3501; x_wconf 86' lang='lat' dir='ltr'><strong>non</strong></span> <span class='ocrx_word' id='word_1_253' title='bbox 1748 3446 1873 3503; x_wconf 90' lang='lat' dir='ltr'><strong>licet</strong></span> <span class='ocrx_word' id='word_1_254' title='bbox 1931 3447 2002 3503; x_wconf 89' lang='lat' dir='ltr'><strong>iis</strong></span> 
     </span>
    </p>
   </div>
   <div class='ocr_carea' id='block_1_37' title="bbox 423 3540 2000 3615">
    <p class='ocr_par' dir='ltr' id='par_1_37' title="bbox 423 3540 2000 3615">
     <span class='ocr_line' id='line_1_37' title="bbox 423 3540 2000 3615; baseline 0.002 -21"><span class='ocrx_word' id='word_1_255' title='bbox 423 3540 518 3610; x_wconf 90' lang='lat' dir='ltr'><strong>qui</strong></span> <span class='ocrx_word' id='word_1_256' title='bbox 553 3540 793 3597; x_wconf 73' lang='lat' dir='ltr'><strong>Maream</strong></span> <span class='ocrx_word' id='word_1_257' title='bbox 824 3552 879 3599; x_wconf 94' lang='lat' dir='ltr'><strong>et</strong></span> <span class='ocrx_word' id='word_1_258' title='bbox 907 3543 1065 3613; x_wconf 86' lang='lat' dir='ltr'><strong>Apim</strong></span> <span class='ocrx_word' id='word_1_259' title='bbox 1110 3543 1162 3599; x_wconf 92' lang='lat' dir='ltr'><strong>in</strong></span> <span class='ocrx_word' id='word_1_260' title='bbox 1208 3542 1393 3615; x_wconf 75' lang='lat' dir='ltr'><strong>Libya:</strong></span> <span class='ocrx_word' id='word_1_261' title='bbox 1426 3542 1683 3600; x_wconf 90' lang='lat' dir='ltr'><strong>c0nliniis</strong></span> <span class='ocrx_word' id='word_1_262' title='bbox 1733 3543 2000 3612; x_wconf 89' lang='lat' dir='ltr'><strong>habitant,</strong></span> 
     </span>
    </p>
   </div>
   <div class='ocr_carea' id='block_1_38' title="bbox 424 3633 2002 3707">
    <p class='ocr_par' dir='ltr' id='par_1_38' title="bbox 424 3633 2002 3707">
     <span class='ocr_line' id='line_1_38' title="bbox 424 3633 2002 3707; baseline 0.003 -20"><span class='ocrx_word' id='word_1_263' title='bbox 424 3634 607 3690; x_wconf 84' lang='lat' dir='ltr'><strong>vaccis</strong></span> <span class='ocrx_word' id='word_1_264' title='bbox 640 3633 813 3691; x_wconf 88' lang='lat' dir='ltr'><strong>libere</strong></span> <span class='ocrx_word' id='word_1_265' title='bbox 842 3636 986 3691; x_wconf 89' lang='lat' dir='ltr'><strong>vesci</strong></span> <span class='ocrx_word' id='word_1_266' title='bbox 1021 3650 1037 3690; x_wconf 91' lang='lat'><strong>:</strong></span> <span class='ocrx_word' id='word_1_267' title='bbox 1068 3650 1189 3707; x_wconf 69' lang='lat' dir='ltr'><strong>qua:</strong></span> <span class='ocrx_word' id='word_1_268' title='bbox 1222 3651 1313 3693; x_wconf 90' lang='lat' dir='ltr'><strong>res</strong></span> <span class='ocrx_word' id='word_1_269' title='bbox 1353 3646 1531 3691; x_wconf 86' lang='lat' dir='ltr'><strong>tamen</strong></span> <span class='ocrx_word' id='word_1_270' title='bbox 1571 3644 1655 3691; x_wconf 85' lang='lat' dir='ltr'><strong>est</strong></span> <span class='ocrx_word' id='word_1_271' title='bbox 1704 3652 1809 3692; x_wconf 92' lang='lat' dir='ltr'><strong>non</strong></span> <span class='ocrx_word' id='word_1_272' title='bbox 1843 3636 2002 3692; x_wconf 89' lang='lat' dir='ltr'><strong>modo</strong></span> 
     </span>
    </p>
   </div>
   <div class='ocr_carea' id='block_1_39' title="bbox 423 3724 2003 3797">
    <p class='ocr_par' dir='ltr' id='par_1_39' title="bbox 423 3724 2003 3797">
     <span class='ocr_line' id='line_1_39' title="bbox 423 3724 2003 3797; baseline 0.001 -18"><span class='ocrx_word' id='word_1_273' title='bbox 423 3739 605 3794; x_wconf 86' lang='lat' dir='ltr'><strong>perse</strong></span> <span class='ocrx_word' id='word_1_274' title='bbox 659 3724 1001 3793; x_wconf 82' lang='lat' dir='ltr'><strong>indiﬂ&#39;erens,</strong></span> <span class='ocrx_word' id='word_1_275' title='bbox 1032 3727 1129 3783; x_wconf 88' lang='lat' dir='ltr'><strong>sed</strong></span> <span class='ocrx_word' id='word_1_276' title='bbox 1187 3741 1286 3783; x_wconf 89' lang='lat' dir='ltr'><strong>nec</strong></span> <span class='ocrx_word' id='word_1_277' title='bbox 1346 3727 1572 3797; x_wconf 86' lang='lat' dir='ltr'><strong>impedit</strong></span> <span class='ocrx_word' id='word_1_278' title='bbox 1624 3728 1754 3797; x_wconf 90' lang='lat' dir='ltr'><strong>quin</strong></span> <span class='ocrx_word' id='word_1_279' title='bbox 1803 3728 2003 3797; x_wconf 82' lang='lat' dir='ltr'><strong>probus</strong></span> 
     </span>
    </p>
   </div>
   <div class='ocr_carea' id='block_1_40' title="bbox 426 3815 2004 3883">
    <p class='ocr_par' dir='ltr' id='par_1_40' title="bbox 426 3815 2004 3883">
     <span class='ocr_line' id='line_1_40' title="bbox 426 3815 2004 3883; baseline 0.003 -14"><span class='ocrx_word' id='word_1_280' title='bbox 426 3815 553 3883; x_wconf 86' lang='lat' dir='ltr'><strong>quis</strong></span> <span class='ocrx_word' id='word_1_281' title='bbox 584 3822 639 3870; x_wconf 92' lang='lat' dir='ltr'><strong>et</strong></span> <span class='ocrx_word' id='word_1_282' title='bbox 670 3816 843 3873; x_wconf 89' lang='lat' dir='ltr'><strong>bonus</strong></span> <span class='ocrx_word' id='word_1_283' title='bbox 893 3816 982 3872; x_wconf 88' lang='lat' dir='ltr'><strong>sit.</strong></span> <span class='ocrx_word' id='word_1_284' title='bbox 1024 3817 1104 3871; x_wconf 81' lang='lat' dir='ltr'><strong>Ae</strong></span> <span class='ocrx_word' id='word_1_285' title='bbox 1149 3817 1196 3872; x_wconf 94' lang='lat' dir='ltr'><strong>si</strong></span> <span class='ocrx_word' id='word_1_286' title='bbox 1226 3817 1457 3871; x_wconf 82' lang='lat' dir='ltr'><strong>Ammon</strong></span> <span class='ocrx_word' id='word_1_287' title='bbox 1501 3816 1590 3871; x_wconf 90' lang='lat' dir='ltr'><strong>ille</strong></span> <span class='ocrx_word' id='word_1_288' title='bbox 1644 3818 1851 3872; x_wconf 88' lang='lat' dir='ltr'><strong>ideirco</strong></span> <span class='ocrx_word' id='word_1_289' title='bbox 1898 3816 2004 3874; x_wconf 82' lang='lat' dir='ltr'><strong>illis</strong></span> 
     </span>
    </p>
   </div>
   <div class='ocr_carea' id='block_1_41' title="bbox 423 3906 2001 3976">
    <p class='ocr_par' dir='ltr' id='par_1_41' title="bbox 423 3906 2001 3976">
     <span class='ocr_line' id='line_1_41' title="bbox 423 3906 2001 3976; baseline 0.003 -17"><span class='ocrx_word' id='word_1_290' title='bbox 423 3920 715 3961; x_wconf 88' lang='lat' dir='ltr'><strong>vaccarum</strong></span> <span class='ocrx_word' id='word_1_291' title='bbox 751 3920 847 3961; x_wconf 89' lang='lat' dir='ltr'><strong>esu</strong></span> <span class='ocrx_word' id='word_1_292' title='bbox 882 3906 1281 3974; x_wconf 78' lang='lat' dir='ltr'><strong>interdixisset,</strong></span> <span class='ocrx_word' id='word_1_293' title='bbox 1308 3906 1453 3976; x_wconf 90' lang='lat' dir='ltr'><strong>quod</strong></span> <span class='ocrx_word' id='word_1_294' title='bbox 1492 3908 1634 3962; x_wconf 86' lang='lat' dir='ltr'><strong>istud</strong></span> <span class='ocrx_word' id='word_1_295' title='bbox 1682 3908 2001 3964; x_wconf 86' lang='lat' dir='ltr'><strong>animalium</strong></span> 
     </span>
    </p>
   </div>
   <div class='ocr_carea' id='block_1_42' title="bbox 424 3997 2003 4070">
    <p class='ocr_par' dir='ltr' id='par_1_42' title="bbox 424 3997 2003 4070">
     <span class='ocr_line' id='line_1_42' title="bbox 424 3997 2003 4070; baseline -0.003 -15"><span class='ocrx_word' id='word_1_296' title='bbox 424 4012 597 4070; x_wconf 86' lang='lat' dir='ltr'><strong>genus</strong></span> <span class='ocrx_word' id='word_1_297' title='bbox 628 3999 695 4053; x_wconf 88' lang='lat' dir='ltr'><strong>ad</strong></span> <span class='ocrx_word' id='word_1_298' title='bbox 737 3998 1131 4070; x_wconf 77' lang='lat' dir='ltr'><strong>agriculturam</strong></span> <span class='ocrx_word' id='word_1_299' title='bbox 1176 3997 1309 4054; x_wconf 90' lang='lat' dir='ltr'><strong>utile</strong></span> <span class='ocrx_word' id='word_1_300' title='bbox 1331 4007 1434 4063; x_wconf 81' lang='lat' dir='ltr'><strong>est,</strong></span> <span class='ocrx_word' id='word_1_301' title='bbox 1464 3999 1715 4069; x_wconf 90' lang='lat' dir='ltr'><strong>quodque</strong></span> <span class='ocrx_word' id='word_1_302' title='bbox 1741 4009 2003 4069; x_wconf 60' lang='lat' dir='ltr'><strong>praeterea</strong></span> 
     </span>
    </p>
   </div>
   <div class='ocr_carea' id='block_1_43' title="bbox 426 4087 2003 4159">
    <p class='ocr_par' dir='ltr' id='par_1_43' title="bbox 426 4087 2003 4159">
     <span class='ocr_line' id='line_1_43' title="bbox 426 4087 2003 4159; baseline 0.001 -18"><span class='ocrx_word' id='word_1_303' title='bbox 426 4104 523 4158; x_wconf 84' lang='lat' dir='ltr'><strong>per</strong></span> <span class='ocrx_word' id='word_1_304' title='bbox 565 4103 766 4145; x_wconf 89' lang='lat' dir='ltr'><strong>vaccas</strong></span> <span class='ocrx_word' id='word_1_305' title='bbox 817 4088 879 4142; x_wconf 83' lang='lat' dir='ltr'><strong>iit</strong></span> <span class='ocrx_word' id='word_1_306' title='bbox 914 4087 1134 4159; x_wconf 80' lang='lat' dir='ltr'><strong>generis</strong></span> <span class='ocrx_word' id='word_1_307' title='bbox 1173 4089 1516 4157; x_wconf 85' lang='lat' dir='ltr'><strong>propagatio,</strong></span> <span class='ocrx_word' id='word_1_308' title='bbox 1548 4102 1655 4143; x_wconf 90' lang='lat' dir='ltr'><strong>non</strong></span> <span class='ocrx_word' id='word_1_309' title='bbox 1686 4089 1807 4144; x_wconf 90' lang='lat' dir='ltr'><strong>sine</strong></span> <span class='ocrx_word' id='word_1_310' title='bbox 1835 4103 2003 4144; x_wconf 84' lang='lat' dir='ltr'><strong>causa</strong></span> 
     </span>
    </p>
   </div>
   <div class='ocr_carea' id='block_1_44' title="bbox 2097 530 3691 614">
    <p class='ocr_par' dir='ltr' id='par_1_44' title="bbox 2097 530 3691 614">
     <span class='ocr_line' id='line_1_44' title="bbox 2097 530 3691 614; baseline -0.013 -12"><span class='ocrx_word' id='word_1_311' title='bbox 2097 551 2231 613; x_wconf 82' lang='grc' dir='ltr'>νεῖν,</span> <span class='ocrx_word' id='word_1_312' title='bbox 2281 544 2663 614; x_wconf 74' lang='grc' dir='ltr'><strong>καταλείψουσι</strong></span> <span class='ocrx_word' id='word_1_313' title='bbox 2709 539 2781 595; x_wconf 79' lang='grc' dir='ltr'>τὰ</span> <span class='ocrx_word' id='word_1_314' title='bbox 2830 540 3053 610; x_wconf 81' lang='grc' dir='ltr'>πάτρια,</span> <span class='ocrx_word' id='word_1_315' title='bbox 3095 535 3171 599; x_wconf 87' lang='grc' dir='ltr'>ὡς</span> <span class='ocrx_word' id='word_1_316' title='bbox 3202 533 3296 587; x_wconf 75' lang='grc' dir='ltr'><strong>καὶ</strong></span> <span class='ocrx_word' id='word_1_317' title='bbox 3342 533 3536 601; x_wconf 85' lang='grc' dir='ltr'>φαγεῖν</span> <span class='ocrx_word' id='word_1_318' title='bbox 3576 530 3691 584; x_wconf 74' lang='grc' dir='ltr'><strong>τῶν</strong></span> 
     </span>
    </p>
   </div>
   <div class='ocr_carea' id='block_1_45' title="bbox 2098 620 3689 711">
    <p class='ocr_par' dir='ltr' id='par_1_45' title="bbox 2098 620 3689 711">
     <span class='ocr_line' id='line_1_45' title="bbox 2098 620 3689 711; baseline -0.014 -17"><span class='ocrx_word' id='word_1_319' title='bbox 2098 634 2560 711; x_wconf 81' lang='grc' dir='ltr'><strong>ἀπηγορευμένων</strong></span> <span class='ocrx_word' id='word_1_320' title='bbox 2591 633 2701 705; x_wconf 75' lang='grc'>(59)</span> <span class='ocrx_word' id='word_1_321' title='bbox 2728 633 2787 685; x_wconf 82' lang='grc' dir='ltr'><strong>έν</strong></span> <span class='ocrx_word' id='word_1_322' title='bbox 2811 632 2931 693; x_wconf 87' lang='grc' dir='ltr'>ταῖς</span> <span class='ocrx_word' id='word_1_323' title='bbox 2957 628 3213 698; x_wconf 82' lang='grc' dir='ltr'><strong>πατρίσιν</strong></span> <span class='ocrx_word' id='word_1_324' title='bbox 3243 622 3445 686; x_wconf 84' lang='grc' dir='ltr'>αὐτῶν,</span> <span class='ocrx_word' id='word_1_325' title='bbox 3469 623 3505 693; x_wconf 81' lang='grc' dir='ltr'>ἢ</span> <span class='ocrx_word' id='word_1_326' title='bbox 3536 620 3689 693; x_wconf 78' lang='grc' dir='ltr'>παρὰ</span> 
     </span>
    </p>
   </div>
   <div class='ocr_carea' id='block_1_46' title="bbox 2096 711 3687 801">
    <p class='ocr_par' dir='ltr' id='par_1_46' title="bbox 2096 711 3687 801">
     <span class='ocr_line' id='line_1_46' title="bbox 2096 711 3687 801; baseline -0.016 -13"><span class='ocrx_word' id='word_1_327' title='bbox 2096 733 2159 787; x_wconf 82' lang='grc' dir='ltr'><strong>τὸ</strong></span> <span class='ocrx_word' id='word_1_328' title='bbox 2189 730 2428 801; x_wconf 84' lang='grc' dir='ltr'>καθῆκον</span> <span class='ocrx_word' id='word_1_329' title='bbox 2457 724 2617 780; x_wconf 91' lang='grc' dir='ltr'>τοῦτο</span> <span class='ocrx_word' id='word_1_330' title='bbox 2641 722 2966 796; x_wconf 84' lang='grc' dir='ltr'>πράξουσιν;</span> <span class='ocrx_word' id='word_1_331' title='bbox 3011 718 3076 772; x_wconf 79' lang='lat' dir='ltr'><strong>El</strong></span> <span class='ocrx_word' id='word_1_332' title='bbox 3128 716 3223 787; x_wconf 81' lang='grc' dir='ltr'>μὲν</span> <span class='ocrx_word' id='word_1_333' title='bbox 3260 714 3369 786; x_wconf 85' lang='grc' dir='ltr'>γὰρ</span> <span class='ocrx_word' id='word_1_334' title='bbox 3415 712 3503 766; x_wconf 82' lang='grc' dir='ltr'>διὰ</span> <span class='ocrx_word' id='word_1_335' title='bbox 3534 711 3687 781; x_wconf 87' lang='grc' dir='ltr'>φιλο-</span> 
     </span>
    </p>
   </div>
   <div class='ocr_carea' id='block_1_47' title="bbox 2100 803 3711 892">
    <p class='ocr_par' dir='ltr' id='par_1_47' title="bbox 2100 803 3711 892">
     <span class='ocr_line' id='line_1_47' title="bbox 2100 803 3711 892; baseline -0.013 -15"><span class='ocrx_word' id='word_1_336' title='bbox 2100 822 2293 892; x_wconf 83' lang='grc' dir='ltr'>σοφίαν</span> <span class='ocrx_word' id='word_1_337' title='bbox 2345 819 2443 874; x_wconf 73' lang='grc' dir='ltr'><strong>καὶ</strong></span> <span class='ocrx_word' id='word_1_338' title='bbox 2495 817 2565 871; x_wconf 77' lang='grc' dir='ltr'>τὰ</span> <span class='ocrx_word' id='word_1_339' title='bbox 2614 813 2757 869; x_wconf 79' lang='grc' dir='ltr'>κατὰ</span> <span class='ocrx_word' id='word_1_340' title='bbox 2797 807 3215 880; x_wconf 83' lang='grc' dir='ltr'>δεισιδαιμονίας</span> <span class='ocrx_word' id='word_1_341' title='bbox 3262 805 3579 877; x_wconf 87' lang='grc' dir='ltr'>μαθήματα,</span> <span class='ocrx_word' id='word_1_342' title='bbox 3620 803 3711 892; x_wconf 50' lang='lat' dir='ltr'><strong>ob;</strong></span> 
     </span>
    </p>
   </div>
   <div class='ocr_carea' id='block_1_48' title="bbox 2097 855 3714 982">
    <p class='ocr_par' dir='ltr' id='par_1_48' title="bbox 2097 855 3714 982">
     <span class='ocr_line' id='line_1_48' title="bbox 2097 855 3714 982; baseline -0.014 -14"><span class='ocrx_word' id='word_1_343' title='bbox 2599 855 2803 977; x_wconf 61' lang='grc' dir='ltr'>πάτρια</span> <span class='ocrx_word' id='word_1_344' title='bbox 2854 902 2947 955; x_wconf 75' lang='grc' dir='ltr'><strong>καὶ</strong></span> <span class='ocrx_word' id='word_1_345' title='bbox 2974 855 3212 970; x_wconf 39' lang='grc' dir='ltr'>φόιῆγοιενῖ</span> <span class='ocrx_word' id='word_1_346' title='bbox 3224 855 3289 950; x_wconf 67' lang='grc' dir='ltr'><strong>ἂν</strong></span> <span class='ocrx_word' id='word_1_347' title='bbox 3332 855 3714 982; x_wconf 28' lang='grc' dir='ltr'><strong>’πιέν-ἀπηγο-ε</strong></span> 
     </span>
    </p>
   </div>
   <div class='ocr_carea' id='block_1_49' title="bbox 2101 979 3689 1075">
    <p class='ocr_par' dir='ltr' id='par_1_49' title="bbox 2101 979 3689 1075">
     <span class='ocr_line' id='line_1_49' title="bbox 2101 979 3689 1075; baseline -0.013 -18"><span class='ocrx_word' id='word_1_348' title='bbox 2101 979 2378 1075; x_wconf 84' lang='grc' dir='ltr'>ρευμένων</span> <span class='ocrx_word' id='word_1_349' title='bbox 2409 1003 2476 1055; x_wconf 83' lang='grc' dir='ltr'>ὲκ</span> <span class='ocrx_word' id='word_1_350' title='bbox 2507 997 2757 1070; x_wconf 81' lang='grc' dir='ltr'>πατέρων</span> <span class='ocrx_word' id='word_1_351' title='bbox 2801 995 2914 1065; x_wconf 73' lang='grc'>(40)</span> <span class='ocrx_word' id='word_1_352' title='bbox 2946 992 3160 1055; x_wconf 84' lang='grc' dir='ltr'>αὐτοῖς·</span> <span class='ocrx_word' id='word_1_353' title='bbox 3204 987 3292 1043; x_wconf 71' lang='grc' dir='ltr'><strong>διὰ</strong></span> <span class='ocrx_word' id='word_1_354' title='bbox 3333 987 3386 1040; x_wconf 89' lang='grc' dir='ltr'><strong>τί</strong></span> <span class='ocrx_word' id='word_1_355' title='bbox 3424 979 3548 1057; x_wconf 70' lang='grc' dir='ltr'>ούχὶ</span> <span class='ocrx_word' id='word_1_356' title='bbox 3592 984 3689 1038; x_wconf 76' lang='grc' dir='ltr'>καὶ</span> 
     </span>
    </p>
   </div>
   <div class='ocr_carea' id='block_1_50' title="bbox 2099 1075 3692 1167">
    <p class='ocr_par' dir='ltr' id='par_1_50' title="bbox 2099 1075 3692 1167">
     <span class='ocr_line' id='line_1_50' title="bbox 2099 1075 3692 1167; baseline -0.011 -19"><span class='ocrx_word' id='word_1_357' title='bbox 2099 1092 2416 1167; x_wconf 74' lang='grc' dir='ltr'>Χριστιανοὶ</span> <span class='ocrx_word' id='word_1_358' title='bbox 2441 1088 2620 1162; x_wconf 91' lang='grc' dir='ltr'>(λόγου</span> <span class='ocrx_word' id='word_1_359' title='bbox 2667 1084 2945 1158; x_wconf 79' lang='grc' dir='ltr'>αἱροῦντος</span> <span class='ocrx_word' id='word_1_360' title='bbox 2996 1083 3071 1154; x_wconf 76' lang='grc' dir='ltr'>μὴ</span> <span class='ocrx_word' id='word_1_361' title='bbox 3117 1079 3396 1144; x_wconf 79' lang='grc' dir='ltr'>τευτάζειν</span> <span class='ocrx_word' id='word_1_362' title='bbox 3445 1077 3575 1148; x_wconf 78' lang='grc' dir='ltr'>περὶ</span> <span class='ocrx_word' id='word_1_363' title='bbox 3618 1075 3692 1130; x_wconf 80' lang='grc' dir='ltr'>τὰ</span> 
     </span>
    </p>
   </div>
   <div class='ocr_carea' id='block_1_51' title="bbox 2098 1167 3687 1255">
    <p class='ocr_par' dir='ltr' id='par_1_51' title="bbox 2098 1167 3687 1255">
     <span class='ocr_line' id='line_1_51' title="bbox 2098 1167 3687 1255; baseline -0.015 -14"><span class='ocrx_word' id='word_1_364' title='bbox 2098 1184 2391 1255; x_wconf 80' lang='grc' dir='ltr'>ἀγάλματα</span> <span class='ocrx_word' id='word_1_365' title='bbox 2412 1182 2505 1235; x_wconf 73' lang='grc' dir='ltr'>καὶ</span> <span class='ocrx_word' id='word_1_366' title='bbox 2531 1179 2602 1234; x_wconf 78' lang='grc' dir='ltr'>τὰ</span> <span class='ocrx_word' id='word_1_367' title='bbox 2636 1179 2926 1250; x_wconf 78' lang='grc' dir='ltr'>ἱδρύματα,</span> <span class='ocrx_word' id='word_1_368' title='bbox 2956 1175 2991 1246; x_wconf 82' lang='grc' dir='ltr'>ἢ</span> <span class='ocrx_word' id='word_1_369' title='bbox 3027 1172 3121 1227; x_wconf 79' lang='grc' dir='ltr'><strong>καὶ</strong></span> <span class='ocrx_word' id='word_1_370' title='bbox 3150 1170 3282 1243; x_wconf 73' lang='grc' dir='ltr'>περὶ</span> <span class='ocrx_word' id='word_1_371' title='bbox 3317 1169 3388 1223; x_wconf 81' lang='grc' dir='ltr'>τὰ</span> <span class='ocrx_word' id='word_1_372' title='bbox 3422 1167 3687 1238; x_wconf 81' lang='grc' dir='ltr'>δημιουρ-</span> 
     </span>
    </p>
   </div>
   <div class='ocr_carea' id='block_1_52' title="bbox 2098 1257 3690 1348">
    <p class='ocr_par' dir='ltr' id='par_1_52' title="bbox 2098 1257 3690 1348">
     <span class='ocr_line' id='line_1_52' title="bbox 2098 1257 3690 1348; baseline -0.013 -18"><span class='ocrx_word' id='word_1_373' title='bbox 2098 1277 2325 1348; x_wconf 88' lang='grc' dir='ltr'>γήματα</span> <span class='ocrx_word' id='word_1_374' title='bbox 2351 1273 2445 1327; x_wconf 89' lang='grc' dir='ltr'><strong>τοῦ</strong></span> <span class='ocrx_word' id='word_1_375' title='bbox 2477 1269 2634 1336; x_wconf 84' lang='grc' dir='ltr'>Θεοῦ,</span> <span class='ocrx_word' id='word_1_376' title='bbox 2664 1269 2776 1325; x_wconf 81' lang='grc' dir='ltr'>ἄλλ’</span> <span class='ocrx_word' id='word_1_377' title='bbox 2812 1262 3284 1337; x_wconf 86' lang='grc' dir='ltr'>ὑπεραναϐαίνειν,</span> <span class='ocrx_word' id='word_1_378' title='bbox 3316 1258 3410 1313; x_wconf 74' lang='grc' dir='ltr'><strong>καὶ</strong></span> <span class='ocrx_word' id='word_1_379' title='bbox 3450 1257 3549 1328; x_wconf 80' lang='grc' dir='ltr'>τὴν</span> <span class='ocrx_word' id='word_1_380' title='bbox 3583 1257 3690 1327; x_wconf 65' lang='grc' dir='ltr'><strong>ψυτ-</strong></span> 
     </span>
    </p>
   </div>
   <div class='ocr_carea' id='block_1_53' title="bbox 2100 1348 3691 1440">
    <p class='ocr_par' dir='ltr' id='par_1_53' title="bbox 2100 1348 3691 1440">
     <span class='ocr_line' id='line_1_53' title="bbox 2100 1348 3691 1440; baseline -0.013 -17"><span class='ocrx_word' id='word_1_381' title='bbox 2100 1367 2200 1440; x_wconf 83' lang='grc' dir='ltr'>χὴν</span> <span class='ocrx_word' id='word_1_382' title='bbox 2230 1364 2578 1437; x_wconf 78' lang='grc' dir='ltr'>παριστάνειν</span> <span class='ocrx_word' id='word_1_383' title='bbox 2603 1360 2680 1433; x_wconf 84' lang='grc' dir='ltr'>τῷ</span> <span class='ocrx_word' id='word_1_384' title='bbox 2708 1354 3156 1432; x_wconf 82' lang='grc' dir='ltr'>Δημιουργῷ),τὸ</span> <span class='ocrx_word' id='word_1_385' title='bbox 3186 1348 3691 1440; x_wconf 85' lang='grc' dir='ltr'>ἀνάλογονποιοῦν-</span> 
     </span>
    </p>
   </div>
   <div class='ocr_carea' id='block_1_54' title="bbox 2099 1439 3684 1526">
    <p class='ocr_par' dir='ltr' id='par_1_54' title="bbox 2099 1439 3684 1526">
     <span class='ocr_line' id='line_1_54' title="bbox 2099 1439 3684 1526; baseline -0.015 -14"><span class='ocrx_word' id='word_1_386' title='bbox 2099 1439 2191 1522; x_wconf 86' lang='grc' dir='ltr'><strong>τες</strong></span> <span class='ocrx_word' id='word_1_387' title='bbox 2214 1459 2329 1521; x_wconf 90' lang='grc' dir='ltr'>τοῖς</span> <span class='ocrx_word' id='word_1_388' title='bbox 2360 1451 2759 1526; x_wconf 75' lang='grc' dir='ltr'>φιλοσοφοῦσιν,</span> <span class='ocrx_word' id='word_1_389' title='bbox 2790 1446 3136 1516; x_wconf 80' lang='grc' dir='ltr'><strong>ἀνεγκλήτως</strong></span> <span class='ocrx_word' id='word_1_390' title='bbox 3175 1441 3335 1496; x_wconf 85' lang='grc' dir='ltr'>τοῦτο</span> <span class='ocrx_word' id='word_1_391' title='bbox 3366 1439 3684 1511; x_wconf 73' lang='grc' dir='ltr'>πράττοιενς</span> 
     </span>
    </p>
   </div>
   <div class='ocr_carea' id='block_1_55' title="bbox 2100 1530 3688 1619">
    <p class='ocr_par' dir='ltr' id='par_1_55' title="bbox 2100 1530 3688 1619">
     <span class='ocr_line' id='line_1_55' title="bbox 2100 1530 3688 1619; baseline -0.013 -16"><span class='ocrx_word' id='word_1_392' title='bbox 2100 1552 2150 1603; x_wconf 75' lang='grc' dir='ltr'>εἰ</span> <span class='ocrx_word' id='word_1_393' title='bbox 2177 1549 2222 1602; x_wconf 85' lang='grc' dir='ltr'>δ’</span> <span class='ocrx_word' id='word_1_394' title='bbox 2258 1546 2398 1619; x_wconf 83' lang='grc' dir='ltr'>ὑπὲρ</span> <span class='ocrx_word' id='word_1_395' title='bbox 2429 1544 2523 1600; x_wconf 90' lang='grc' dir='ltr'><strong>τοῦ</strong></span> <span class='ocrx_word' id='word_1_396' title='bbox 2550 1542 2779 1616; x_wconf 78' lang='grc' dir='ltr'>φυλάξαι</span> <span class='ocrx_word' id='word_1_397' title='bbox 2804 1539 2903 1611; x_wconf 74' lang='grc' dir='ltr'><strong>τήν</strong></span> <span class='ocrx_word' id='word_1_398' title='bbox 2930 1534 3297 1609; x_wconf 80' lang='grc' dir='ltr'>προκειμένην</span> <span class='ocrx_word' id='word_1_399' title='bbox 3326 1530 3501 1602; x_wconf 86' lang='grc' dir='ltr'>έαυτῷ</span> <span class='ocrx_word' id='word_1_400' title='bbox 3538 1530 3688 1585; x_wconf 83' lang='grc' dir='ltr'>θέσιν</span> 
     </span>
    </p>
   </div>
   <div class='ocr_carea' id='block_1_56' title="bbox 2100 1620 3685 1711">
    <p class='ocr_par' dir='ltr' id='par_1_56' title="bbox 2100 1620 3685 1711">
     <span class='ocr_line' id='line_1_56' title="bbox 2100 1620 3685 1711; baseline -0.015 -15"><span class='ocrx_word' id='word_1_401' title='bbox 2100 1645 2129 1696; x_wconf 88' lang='grc' dir='ltr'>ὁ</span> <span class='ocrx_word' id='word_1_402' title='bbox 2153 1640 2358 1704; x_wconf 80' lang='grc' dir='ltr'>Κέλσος</span> <span class='ocrx_word' id='word_1_403' title='bbox 2384 1636 2580 1711; x_wconf 81' lang='grc' dir='ltr'>ὲρεῖ,ἢ</span> <span class='ocrx_word' id='word_1_404' title='bbox 2620 1637 2670 1690; x_wconf 92' lang='grc' dir='ltr'>οἱ</span> <span class='ocrx_word' id='word_1_405' title='bbox 2711 1630 3054 1692; x_wconf 82' lang='grc' dir='ltr'>εύδοκοῦντες</span> <span class='ocrx_word' id='word_1_406' title='bbox 3093 1628 3207 1690; x_wconf 84' lang='grc' dir='ltr'>τοῖς</span> <span class='ocrx_word' id='word_1_407' title='bbox 3242 1623 3429 1686; x_wconf 80' lang='grc' dir='ltr'>αὐτοῦ,</span> <span class='ocrx_word' id='word_1_408' title='bbox 3470 1624 3552 1676; x_wconf 82' lang='grc' dir='ltr'>ὅτι</span> <span class='ocrx_word' id='word_1_409' title='bbox 3592 1620 3685 1675; x_wconf 79' lang='grc' dir='ltr'><strong>καὶ</strong></span> 
     </span>
    </p>
   </div>
   <div class='ocr_carea' id='block_1_57' title="bbox 2103 1713 3685 1803">
    <p class='ocr_par' dir='ltr' id='par_1_57' title="bbox 2103 1713 3685 1803">
     <span class='ocr_line' id='line_1_57' title="bbox 2103 1713 3685 1803; baseline -0.015 -16"><span class='ocrx_word' id='word_1_410' title='bbox 2103 1732 2471 1803; x_wconf 78' lang='grc' dir='ltr'>φιλοσοφήσας</span> <span class='ocrx_word' id='word_1_411' title='bbox 2495 1746 2577 1792; x_wconf 87' lang='grc' dir='ltr'><strong>τις</strong></span> <span class='ocrx_word' id='word_1_412' title='bbox 2602 1726 2834 1798; x_wconf 82' lang='grc' dir='ltr'>τηρήσει</span> <span class='ocrx_word' id='word_1_413' title='bbox 2854 1720 2926 1775; x_wconf 81' lang='grc' dir='ltr'><strong>τὰ</strong></span> <span class='ocrx_word' id='word_1_414' title='bbox 2957 1720 3192 1789; x_wconf 81' lang='grc' dir='ltr'>πάτρια⁶</span> <span class='ocrx_word' id='word_1_415' title='bbox 3215 1715 3334 1787; x_wconf 86' lang='grc' dir='ltr'>ὥρα</span> <span class='ocrx_word' id='word_1_416' title='bbox 3363 1713 3685 1784; x_wconf 82' lang='grc' dir='ltr'>φιλοσόφους</span> 
     </span>
    </p>
   </div>
   <div class='ocr_carea' id='block_1_58' title="bbox 2098 1804 3684 1894">
    <p class='ocr_par' dir='ltr' id='par_1_58' title="bbox 2098 1804 3684 1894">
     <span class='ocr_line' id='line_1_58' title="bbox 2098 1804 3684 1894; baseline -0.015 -15"><span class='ocrx_word' id='word_1_417' title='bbox 2098 1823 2411 1894; x_wconf 82' lang='grc' dir='ltr'>γελοιότατα</span> <span class='ocrx_word' id='word_1_418' title='bbox 2442 1821 2579 1891; x_wconf 78' lang='lat' dir='ltr'><strong>(4i),</strong></span> <span class='ocrx_word' id='word_1_419' title='bbox 2613 1819 2733 1888; x_wconf 77' lang='grc' dir='ltr'>φέρ’</span> <span class='ocrx_word' id='word_1_420' title='bbox 2775 1817 2968 1881; x_wconf 76' lang='grc' dir='ltr'>εἰπεῖν,</span> <span class='ocrx_word' id='word_1_421' title='bbox 2998 1812 3056 1866; x_wconf 85' lang='grc' dir='ltr'>ὲν</span> <span class='ocrx_word' id='word_1_422' title='bbox 3086 1808 3402 1879; x_wconf 78' lang='grc' dir='ltr'>Αἰγυπτίοις</span> <span class='ocrx_word' id='word_1_423' title='bbox 3430 1804 3684 1874; x_wconf 82' lang='grc' dir='ltr'>γενέσθαι</span> 
     </span>
    </p>
   </div>
   <div class='ocr_carea' id='block_1_59' title="bbox 2096 1895 3685 1985">
    <p class='ocr_par' dir='ltr' id='par_1_59' title="bbox 2096 1895 3685 1985">
     <span class='ocr_line' id='line_1_59' title="bbox 2096 1895 3685 1985; baseline -0.014 -16"><span class='ocrx_word' id='word_1_424' title='bbox 2096 1911 2524 1985; x_wconf 83' lang='grc' dir='ltr'>φυλαττομένους</span> <span class='ocrx_word' id='word_1_425' title='bbox 2551 1907 2817 1979; x_wconf 81' lang='grc' dir='ltr'>ἐμφαγεῖν</span> <span class='ocrx_word' id='word_1_426' title='bbox 2859 1900 3194 1975; x_wconf 79' lang='grc' dir='ltr'>κρομμύων,</span> <span class='ocrx_word' id='word_1_427' title='bbox 3234 1896 3437 1985; x_wconf 44' lang='grc' dir='ltr'>ἴναῌτὰ</span> <span class='ocrx_word' id='word_1_428' title='bbox 3482 1895 3685 1965; x_wconf 81' lang='grc' dir='ltr'>πάτρια</span> 
     </span>
    </p>
   </div>
   <div class='ocr_carea' id='block_1_60' title="bbox 2095 1980 3685 2075">
    <p class='ocr_par' dir='ltr' id='par_1_60' title="bbox 2095 1980 3685 2075">
     <span class='ocr_line' id='line_1_60' title="bbox 2095 1980 3685 2075; baseline -0.013 -19"><span class='ocrx_word' id='word_1_429' title='bbox 2095 2001 2356 2075; x_wconf 83' lang='grc' dir='ltr'>τηρῶσιν,</span> <span class='ocrx_word' id='word_1_430' title='bbox 2390 1999 2423 2070; x_wconf 82' lang='grc' dir='ltr'>ἢ</span> <span class='ocrx_word' id='word_1_431' title='bbox 2458 1996 2659 2070; x_wconf 90' lang='grc' dir='ltr'>μορίων</span> <span class='ocrx_word' id='word_1_432' title='bbox 2684 1993 2849 2049; x_wconf 88' lang='grc' dir='ltr'>τινῶν</span> <span class='ocrx_word' id='word_1_433' title='bbox 2874 1992 2968 2045; x_wconf 89' lang='grc' dir='ltr'><strong>τοῦ</strong></span> <span class='ocrx_word' id='word_1_434' title='bbox 2998 1990 3269 2060; x_wconf 86' lang='grc' dir='ltr'>σώματος,</span> <span class='ocrx_word' id='word_1_435' title='bbox 3301 1980 3411 2040; x_wconf 76' lang='grc' dir='ltr'>οἷον</span> <span class='ocrx_word' id='word_1_436' title='bbox 3445 1985 3685 2054; x_wconf 79' lang='grc' dir='ltr'>κεφαλῆς</span> 
     </span>
    </p>
   </div>
   <div class='ocr_carea' id='block_1_61' title="bbox 2096 2075 3686 2164">
    <p class='ocr_par' dir='ltr' id='par_1_61' title="bbox 2096 2075 3686 2164">
     <span class='ocr_line' id='line_1_61' title="bbox 2096 2075 3686 2164; baseline -0.012 -16"><span class='ocrx_word' id='word_1_437' title='bbox 2096 2095 2190 2148; x_wconf 72' lang='grc' dir='ltr'><strong>καὶ</strong></span> <span class='ocrx_word' id='word_1_438' title='bbox 2220 2092 2398 2164; x_wconf 77' lang='grc' dir='ltr'>ὤμου,</span> <span class='ocrx_word' id='word_1_439' title='bbox 2431 2090 2518 2144; x_wconf 85' lang='grc' dir='ltr'>ἵνα</span> <span class='ocrx_word' id='word_1_440' title='bbox 2550 2088 2624 2160; x_wconf 84' lang='grc' dir='ltr'>μὴ</span> <span class='ocrx_word' id='word_1_441' title='bbox 2662 2084 3041 2156; x_wconf 87' lang='grc' dir='ltr'>παραϐαίνωσι</span> <span class='ocrx_word' id='word_1_442' title='bbox 3070 2083 3138 2137; x_wconf 84' lang='grc' dir='ltr'>τὰ</span> <span class='ocrx_word' id='word_1_443' title='bbox 3172 2080 3277 2134; x_wconf 82' lang='grc' dir='ltr'>ὑπὸ</span> <span class='ocrx_word' id='word_1_444' title='bbox 3308 2078 3561 2148; x_wconf 80' lang='grc' dir='ltr'>πατέρων</span> <span class='ocrx_word' id='word_1_445' title='bbox 3592 2075 3686 2131; x_wconf 86' lang='grc' dir='ltr'>αύ-</span> 
     </span>
    </p>
   </div>
   <div class='ocr_carea' id='block_1_62' title="bbox 2094 2167 3685 2255">
    <p class='ocr_par' dir='ltr' id='par_1_62' title="bbox 2094 2167 3685 2255">
     <span class='ocr_line' id='line_1_62' title="bbox 2094 2167 3685 2255; baseline -0.011 -17"><span class='ocrx_word' id='word_1_446' title='bbox 2094 2188 2208 2249; x_wconf 82' lang='grc' dir='ltr'>τοῖς</span> <span class='ocrx_word' id='word_1_447' title='bbox 2238 2181 2631 2255; x_wconf 83' lang='grc' dir='ltr'>παραδοθέντα.</span> <span class='ocrx_word' id='word_1_448' title='bbox 2660 2180 2771 2234; x_wconf 74' lang='grc' dir='ltr'><strong>Καὶ</strong></span> <span class='ocrx_word' id='word_1_449' title='bbox 2801 2177 2953 2232; x_wconf 80' lang='grc' dir='ltr'>οῦπω</span> <span class='ocrx_word' id='word_1_450' title='bbox 2978 2176 3121 2244; x_wconf 87' lang='grc' dir='ltr'>λέγω</span> <span class='ocrx_word' id='word_1_451' title='bbox 3151 2172 3263 2244; x_wconf 69' lang='grc' dir='ltr'>(ιε)</span> <span class='ocrx_word' id='word_1_452' title='bbox 3295 2172 3424 2243; x_wconf 79' lang='grc' dir='ltr'>περὶ</span> <span class='ocrx_word' id='word_1_453' title='bbox 3456 2169 3564 2223; x_wconf 86' lang='grc' dir='ltr'><strong>τῶν</strong></span> <span class='ocrx_word' id='word_1_454' title='bbox 3589 2167 3685 2232; x_wconf 82' lang='grc' dir='ltr'>τὰς</span> 
     </span>
    </p>
   </div>
   <div class='ocr_carea' id='block_1_63' title="bbox 2095 2260 3683 2345">
    <p class='ocr_par' dir='ltr' id='par_1_63' title="bbox 2095 2260 3683 2345">
     <span class='ocr_line' id='line_1_63' title="bbox 2095 2260 3683 2345; baseline -0.008 -17"><span class='ocrx_word' id='word_1_455' title='bbox 2095 2274 2187 2328; x_wconf 88' lang='grc' dir='ltr'><strong>τοῦ</strong></span> <span class='ocrx_word' id='word_1_456' title='bbox 2220 2273 2471 2345; x_wconf 85' lang='grc' dir='ltr'>σώματος</span> <span class='ocrx_word' id='word_1_457' title='bbox 2499 2270 2766 2341; x_wconf 81' lang='grc' dir='ltr'>φλυαρίας</span> <span class='ocrx_word' id='word_1_458' title='bbox 2798 2270 2855 2324; x_wconf 88' lang='grc' dir='ltr'>ὲν</span> <span class='ocrx_word' id='word_1_459' title='bbox 2882 2267 3078 2337; x_wconf 89' lang='grc' dir='ltr'>φύσαις</span> <span class='ocrx_word' id='word_1_460' title='bbox 3103 2264 3433 2336; x_wconf 84' lang='grc' dir='ltr'>φριττόντων</span> <span class='ocrx_word' id='word_1_461' title='bbox 3458 2260 3568 2315; x_wconf 85' lang='grc' dir='ltr'><strong>τῶν</strong></span> <span class='ocrx_word' id='word_1_462' title='bbox 3590 2261 3683 2316; x_wconf 78' lang='grc' dir='ltr'><strong>ΑΞ·</strong></span> 
     </span>
    </p>
   </div>
   <div class='ocr_carea' id='block_1_64' title="bbox 2095 2353 3765 2435">
    <p class='ocr_par' dir='ltr' id='par_1_64' title="bbox 2095 2353 3765 2435">
     <span class='ocr_line' id='line_1_64' title="bbox 2095 2353 3765 2435; baseline -0.008 -17"><span class='ocrx_word' id='word_1_463' title='bbox 2095 2367 2358 2435; x_wconf 89' lang='grc' dir='ltr'>γυπτίων,</span> <span class='ocrx_word' id='word_1_464' title='bbox 2390 2366 2494 2429; x_wconf 79' lang='grc' dir='ltr'>ὅτι,</span> <span class='ocrx_word' id='word_1_465' title='bbox 2526 2362 2622 2416; x_wconf 76' lang='grc' dir='ltr'>ἐὰν</span> <span class='ocrx_word' id='word_1_466' title='bbox 2652 2360 2760 2415; x_wconf 81' lang='grc' dir='ltr'><strong>ἀπὸ</strong></span> <span class='ocrx_word' id='word_1_467' title='bbox 2798 2359 2906 2415; x_wconf 85' lang='grc' dir='ltr'><strong>τῶν</strong></span> <span class='ocrx_word' id='word_1_468' title='bbox 2931 2358 3184 2411; x_wconf 89' lang='grc' dir='ltr'>τοιούτων</span> <span class='ocrx_word' id='word_1_469' title='bbox 3212 2373 3297 2419; x_wconf 89' lang='grc' dir='ltr'><strong>τις</strong></span> <span class='ocrx_word' id='word_1_470' title='bbox 3325 2353 3681 2426; x_wconf 79' lang='grc' dir='ltr'>φιλοσοφήσῃ,</span> <span class='ocrx_word' id='word_1_471' title='bbox 3762 2376 3765 2377; x_wconf 51' lang='grc' dir='ltr'><em>ν</em></span> 
     </span>
    </p>
   </div>
   <div class='ocr_carea' id='block_1_65' title="bbox 2096 2443 3685 2527">
    <p class='ocr_par' dir='ltr' id='par_1_65' title="bbox 2096 2443 3685 2527">
     <span class='ocr_line' id='line_1_65' title="bbox 2096 2443 3685 2527; baseline -0.008 -18"><span class='ocrx_word' id='word_1_472' title='bbox 2096 2456 2190 2510; x_wconf 74' lang='grc' dir='ltr'><strong>καὶ</strong></span> <span class='ocrx_word' id='word_1_473' title='bbox 2242 2456 2460 2527; x_wconf 83' lang='grc' dir='ltr'>τηρήσῃ</span> <span class='ocrx_word' id='word_1_474' title='bbox 2502 2453 2573 2507; x_wconf 80' lang='grc' dir='ltr'>τὰ</span> <span class='ocrx_word' id='word_1_475' title='bbox 2618 2450 2844 2523; x_wconf 75' lang='grc' dir='ltr'>πάτρια,</span> <span class='ocrx_word' id='word_1_476' title='bbox 2893 2448 3100 2520; x_wconf 90' lang='grc' dir='ltr'>γελοῖος</span> <span class='ocrx_word' id='word_1_477' title='bbox 3149 2447 3216 2502; x_wconf 87' lang='grc' dir='ltr'><strong>ἂν</strong></span> <span class='ocrx_word' id='word_1_478' title='bbox 3269 2444 3355 2516; x_wconf 85' lang='grc' dir='ltr'><strong>εἴη</strong></span> <span class='ocrx_word' id='word_1_479' title='bbox 3400 2443 3685 2514; x_wconf 71' lang='grc' dir='ltr'>φιλόσοφος</span> 
     </span>
    </p>
   </div>
   <div class='ocr_carea' id='block_1_66' title="bbox 2095 2533 3682 2620">
    <p class='ocr_par' dir='ltr' id='par_1_66' title="bbox 2095 2533 3682 2620">
     <span class='ocr_line' id='line_1_66' title="bbox 2095 2533 3682 2620; baseline -0.011 -17"><span class='ocrx_word' id='word_1_480' title='bbox 2095 2548 2398 2620; x_wconf 83' lang='grc' dir='ltr'>ἁφιλόσοφα</span> <span class='ocrx_word' id='word_1_481' title='bbox 2424 2546 2700 2618; x_wconf 83' lang='grc' dir='ltr'>πράττων.</span> <span class='ocrx_word' id='word_1_482' title='bbox 2731 2542 2917 2607; x_wconf 78' lang='grc' dir='ltr'>Οὕτως</span> <span class='ocrx_word' id='word_1_483' title='bbox 2945 2535 3037 2595; x_wconf 83' lang='grc' dir='ltr'><strong>οῦν</strong></span> <span class='ocrx_word' id='word_1_484' title='bbox 3068 2540 3162 2594; x_wconf 77' lang='grc' dir='ltr'><strong>καὶ</strong></span> <span class='ocrx_word' id='word_1_485' title='bbox 3196 2536 3227 2591; x_wconf 86' lang='grc' dir='ltr'><strong>ό</strong></span> <span class='ocrx_word' id='word_1_486' title='bbox 3254 2537 3359 2591; x_wconf 81' lang='grc' dir='ltr'><strong>ὑπὸ</strong></span> <span class='ocrx_word' id='word_1_487' title='bbox 3397 2533 3492 2590; x_wconf 90' lang='grc' dir='ltr'><strong>τοῦ</strong></span> <span class='ocrx_word' id='word_1_488' title='bbox 3524 2533 3682 2602; x_wconf 84' lang='grc' dir='ltr'>λόγου</span> 
     </span>
    </p>
   </div>
   <div class='ocr_carea' id='block_1_67' title="bbox 2097 2624 3683 2714">
    <p class='ocr_par' dir='ltr' id='par_1_67' title="bbox 2097 2624 3683 2714">
     <span class='ocr_line' id='line_1_67' title="bbox 2097 2624 3683 2714; baseline -0.011 -18"><span class='ocrx_word' id='word_1_489' title='bbox 2097 2642 2425 2714; x_wconf 81' lang='grc' dir='ltr'>προσαχθεὶς</span> <span class='ocrx_word' id='word_1_490' title='bbox 2454 2641 2549 2695; x_wconf 73' lang='grc' dir='ltr'>ἐπὶ</span> <span class='ocrx_word' id='word_1_491' title='bbox 2577 2639 2638 2693; x_wconf 87' lang='grc' dir='ltr'><strong>τὸ</strong></span> <span class='ocrx_word' id='word_1_492' title='bbox 2674 2637 2851 2691; x_wconf 89' lang='grc' dir='ltr'>σέϐειν</span> <span class='ocrx_word' id='word_1_493' title='bbox 2875 2635 2966 2690; x_wconf 79' lang='grc' dir='ltr'><strong>τὸν</strong></span> <span class='ocrx_word' id='word_1_494' title='bbox 2992 2633 3100 2687; x_wconf 81' lang='grc' dir='ltr'><strong>τῶν</strong></span> <span class='ocrx_word' id='word_1_495' title='bbox 3127 2632 3263 2685; x_wconf 83' lang='grc' dir='ltr'>ὅλων</span> <span class='ocrx_word' id='word_1_496' title='bbox 3290 2629 3442 2695; x_wconf 73' lang='grc' dir='ltr'>Θεὸν,</span> <span class='ocrx_word' id='word_1_497' title='bbox 3468 2626 3564 2682; x_wconf 79' lang='grc' dir='ltr'><strong>καὶ</strong></span> <span class='ocrx_word' id='word_1_498' title='bbox 3597 2624 3683 2679; x_wconf 77' lang='grc' dir='ltr'>διὰ</span> 
     </span>
    </p>
   </div>
   <div class='ocr_carea' id='block_1_68' title="bbox 2095 2716 3683 2805">
    <p class='ocr_par' dir='ltr' id='par_1_68' title="bbox 2095 2716 3683 2805">
     <span class='ocr_line' id='line_1_68' title="bbox 2095 2716 3683 2805; baseline -0.011 -18"><span class='ocrx_word' id='word_1_499' title='bbox 2095 2733 2165 2787; x_wconf 78' lang='grc' dir='ltr'><strong>τὰ</strong></span> <span class='ocrx_word' id='word_1_500' title='bbox 2192 2735 2397 2805; x_wconf 80' lang='grc' dir='ltr'>πάτρια</span> <span class='ocrx_word' id='word_1_501' title='bbox 2425 2732 2578 2786; x_wconf 86' lang='grc' dir='ltr'>κάτω</span> <span class='ocrx_word' id='word_1_502' title='bbox 2609 2746 2712 2784; x_wconf 89' lang='grc' dir='ltr'><strong>που</strong></span> <span class='ocrx_word' id='word_1_503' title='bbox 2751 2727 2924 2800; x_wconf 87' lang='grc' dir='ltr'>μένων</span> <span class='ocrx_word' id='word_1_504' title='bbox 2955 2724 3107 2795; x_wconf 81' lang='grc' dir='ltr'>παρὰ</span> <span class='ocrx_word' id='word_1_505' title='bbox 3133 2724 3243 2786; x_wconf 88' lang='grc' dir='ltr'>τοῖς</span> <span class='ocrx_word' id='word_1_506' title='bbox 3270 2719 3548 2791; x_wconf 80' lang='grc' dir='ltr'>ἀγάλμασι</span> <span class='ocrx_word' id='word_1_507' title='bbox 3592 2716 3683 2773; x_wconf 78' lang='grc' dir='ltr'>καὶ</span> 
     </span>
    </p>
   </div>
   <div class='ocr_carea' id='block_1_69' title="bbox 2093 2811 3686 2897">
    <p class='ocr_par' dir='ltr' id='par_1_69' title="bbox 2093 2811 3686 2897">
     <span class='ocr_line' id='line_1_69' title="bbox 2093 2811 3686 2897; baseline -0.009 -19"><span class='ocrx_word' id='word_1_508' title='bbox 2093 2827 2207 2888; x_wconf 87' lang='grc' dir='ltr'>τοῖς</span> <span class='ocrx_word' id='word_1_509' title='bbox 2234 2825 2592 2897; x_wconf 86' lang='grc' dir='ltr'>ἀνθρωπίνοις</span> <span class='ocrx_word' id='word_1_510' title='bbox 2634 2820 2925 2894; x_wconf 85' lang='grc' dir='ltr'>ίδρύμασι,</span> <span class='ocrx_word' id='word_1_511' title='bbox 2958 2818 3053 2872; x_wconf 83' lang='grc' dir='ltr'><strong>καὶ</strong></span> <span class='ocrx_word' id='word_1_512' title='bbox 3085 2815 3160 2888; x_wconf 83' lang='grc' dir='ltr'><strong>μὴ</strong></span> <span class='ocrx_word' id='word_1_513' title='bbox 3197 2814 3515 2886; x_wconf 85' lang='grc' dir='ltr'>βουλόμενος</span> <span class='ocrx_word' id='word_1_514' title='bbox 3551 2811 3686 2865; x_wconf 85' lang='grc' dir='ltr'>ἀνα-</span> 
     </span>
    </p>
   </div>
   <div class='ocr_carea' id='block_1_70' title="bbox 2096 2905 3687 2989">
    <p class='ocr_par' dir='ltr' id='par_1_70' title="bbox 2096 2905 3687 2989">
     <span class='ocr_line' id='line_1_70' title="bbox 2096 2905 3687 2989; baseline -0.013 -17"><span class='ocrx_word' id='word_1_515' title='bbox 2096 2918 2255 2988; x_wconf 81' lang='grc' dir='ltr'>ϐῆναι</span> <span class='ocrx_word' id='word_1_516' title='bbox 2296 2920 2364 2988; x_wconf 81' lang='grc' dir='ltr'>τῇ</span> <span class='ocrx_word' id='word_1_517' title='bbox 2401 2915 2722 2989; x_wconf 87' lang='grc' dir='ltr'>προαιρέσει</span> <span class='ocrx_word' id='word_1_518' title='bbox 2769 2913 2905 2984; x_wconf 85' lang='grc' dir='ltr'>πρὸς</span> <span class='ocrx_word' id='word_1_519' title='bbox 2947 2910 3041 2965; x_wconf 81' lang='grc' dir='ltr'><strong>τὸν</strong></span> <span class='ocrx_word' id='word_1_520' title='bbox 3083 2905 3457 2980; x_wconf 84' lang='grc' dir='ltr'>Δημιουργὸν,</span> <span class='ocrx_word' id='word_1_521' title='bbox 3505 2917 3687 2971; x_wconf 87' lang='grc' dir='ltr'>παρα-</span> 
     </span>
    </p>
   </div>
   <div class='ocr_carea' id='block_1_71' title="bbox 2096 2992 3683 3081">
    <p class='ocr_par' dir='ltr' id='par_1_71' title="bbox 2096 2992 3683 3081">
     <span class='ocr_line' id='line_1_71' title="bbox 2096 2992 3683 3081; baseline -0.014 -16"><span class='ocrx_word' id='word_1_522' title='bbox 2096 3011 2324 3081; x_wconf 86' lang='grc' dir='ltr'>πλήσιος</span> <span class='ocrx_word' id='word_1_523' title='bbox 2352 3008 2418 3063; x_wconf 85' lang='grc' dir='ltr'>ἃν</span> <span class='ocrx_word' id='word_1_524' title='bbox 2452 3007 2661 3077; x_wconf 91' lang='grc' dir='ltr'>γένοιτο</span> <span class='ocrx_word' id='word_1_525' title='bbox 2694 3006 2805 3070; x_wconf 87' lang='grc' dir='ltr'>τοῖς</span> <span class='ocrx_word' id='word_1_526' title='bbox 2849 3002 3078 3076; x_wconf 82' lang='grc' dir='ltr'>μαθοῦσι</span> <span class='ocrx_word' id='word_1_527' title='bbox 3121 3000 3219 3071; x_wconf 82' lang='grc' dir='ltr'><strong>μὲν</strong></span> <span class='ocrx_word' id='word_1_528' title='bbox 3249 2996 3319 3051; x_wconf 83' lang='grc' dir='ltr'>τὰ</span> <span class='ocrx_word' id='word_1_529' title='bbox 3346 2992 3683 3066; x_wconf 82' lang='grc' dir='ltr'>φιλοσοφίας,</span> 
     </span>
    </p>
   </div>
   <div class='ocr_carea' id='block_1_72' title="bbox 2101 3084 3687 3170">
    <p class='ocr_par' dir='ltr' id='par_1_72' title="bbox 2101 3084 3687 3170">
     <span class='ocr_line' id='line_1_72' title="bbox 2101 3084 3687 3170; baseline -0.01 -16"><span class='ocrx_word' id='word_1_530' title='bbox 2101 3101 2453 3170; x_wconf 86' lang='grc' dir='ltr'>φοϐουμένοις</span> <span class='ocrx_word' id='word_1_531' title='bbox 2489 3097 2547 3152; x_wconf 85' lang='grc' dir='ltr'>δὲ</span> <span class='ocrx_word' id='word_1_532' title='bbox 2585 3096 2655 3151; x_wconf 86' lang='grc' dir='ltr'>τὰ</span> <span class='ocrx_word' id='word_1_533' title='bbox 2702 3096 2776 3167; x_wconf 87' lang='grc' dir='ltr'>μὴ</span> <span class='ocrx_word' id='word_1_534' title='bbox 2812 3094 3038 3167; x_wconf 80' lang='grc' dir='ltr'>φοϐερὰ,</span> <span class='ocrx_word' id='word_1_535' title='bbox 3080 3094 3174 3147; x_wconf 78' lang='grc' dir='ltr'><strong>καὶ</strong></span> <span class='ocrx_word' id='word_1_536' title='bbox 3209 3089 3518 3163; x_wconf 71' lang='grc' dir='ltr'>νομίζουσιν</span> <span class='ocrx_word' id='word_1_537' title='bbox 3555 3084 3687 3141; x_wconf 84' lang='grc' dir='ltr'>ἀσέ-</span> 
     </span>
    </p>
   </div>
   <div class='ocr_carea' id='block_1_73' title="bbox 2099 3186 3082 3257">
    <p class='ocr_par' dir='ltr' id='par_1_73' title="bbox 2099 3186 3082 3257">
     <span class='ocr_line' id='line_1_73' title="bbox 2099 3186 3082 3257; baseline -0.008 -12"><span class='ocrx_word' id='word_1_538' title='bbox 2099 3191 2251 3246; x_wconf 86' lang='grc' dir='ltr'>ϐειαν</span> <span class='ocrx_word' id='word_1_539' title='bbox 2278 3186 2417 3243; x_wconf 76' lang='grc' dir='ltr'>εἶναι</span> <span class='ocrx_word' id='word_1_540' title='bbox 2446 3188 2509 3243; x_wconf 75' lang='grc' dir='ltr'>τὸ</span> <span class='ocrx_word' id='word_1_541' title='bbox 2540 3187 2757 3241; x_wconf 82' lang='grc' dir='ltr'>τοιῶνδε</span> <span class='ocrx_word' id='word_1_542' title='bbox 2792 3188 3082 3257; x_wconf 79' lang='grc' dir='ltr'>ἐμφαγεῖν.</span> 
     </span>
    </p>
   </div>
   <div class='ocr_carea' id='block_1_74' title="bbox 2170 3261 3683 3349">
    <p class='ocr_par' dir='ltr' id='par_1_74' title="bbox 2170 3261 3683 3349">
     <span class='ocr_line' id='line_1_74' title="bbox 2170 3261 3683 3349; baseline -0.007 -14"><span class='ocrx_word' id='word_1_543' title='bbox 2170 3276 2296 3345; x_wconf 73' lang='grc' dir='ltr'>Οἶος</span> <span class='ocrx_word' id='word_1_544' title='bbox 2330 3280 2387 3334; x_wconf 86' lang='grc' dir='ltr'>δὲ</span> <span class='ocrx_word' id='word_1_545' title='bbox 2410 3280 2503 3334; x_wconf 76' lang='grc' dir='ltr'><strong>καὶ</strong></span> <span class='ocrx_word' id='word_1_546' title='bbox 2533 3280 2561 3333; x_wconf 98' lang='lat'><strong>6</strong></span> <span class='ocrx_word' id='word_1_547' title='bbox 2591 3277 2685 3332; x_wconf 90' lang='grc' dir='ltr'><strong>τοῦ</strong></span> <span class='ocrx_word' id='word_1_548' title='bbox 2713 3277 2995 3349; x_wconf 83' lang='grc' dir='ltr'>Ἡροδότου</span> <span class='ocrx_word' id='word_1_549' title='bbox 3023 3276 3169 3329; x_wconf 73' lang='grc' dir='ltr'>ἐστὶν</span> <span class='ocrx_word' id='word_1_550' title='bbox 3201 3274 3454 3344; x_wconf 76' lang='grc' dir='ltr'>Ἀμμων,</span> <span class='ocrx_word' id='word_1_551' title='bbox 3487 3261 3550 3326; x_wconf 74' lang='grc' dir='ltr'>οὗ</span> <span class='ocrx_word' id='word_1_552' title='bbox 3582 3269 3683 3333; x_wconf 81' lang='grc' dir='ltr'>τὰς</span> 
     </span>
    </p>
   </div>
   <div class='ocr_carea' id='block_1_75' title="bbox 2100 3361 3686 3441">
    <p class='ocr_par' dir='ltr' id='par_1_75' title="bbox 2100 3361 3686 3441">
     <span class='ocr_line' id='line_1_75' title="bbox 2100 3361 3686 3441; baseline -0.008 -16"><span class='ocrx_word' id='word_1_553' title='bbox 2100 3372 2272 3439; x_wconf 78' lang='grc' dir='ltr'>λέξεις</span> <span class='ocrx_word' id='word_1_554' title='bbox 2297 3372 2325 3424; x_wconf 89' lang='lat'><strong>6</strong></span> <span class='ocrx_word' id='word_1_555' title='bbox 2352 3371 2558 3434; x_wconf 82' lang='grc' dir='ltr'>Κέλσος</span> <span class='ocrx_word' id='word_1_556' title='bbox 2590 3370 2948 3441; x_wconf 84' lang='grc' dir='ltr'>παρείληφεν,</span> <span class='ocrx_word' id='word_1_557' title='bbox 2983 3368 3059 3430; x_wconf 85' lang='grc' dir='ltr'>ὡς</span> <span class='ocrx_word' id='word_1_558' title='bbox 3102 3369 3180 3429; x_wconf 82' lang='grc' dir='ltr'><strong>είς</strong></span> <span class='ocrx_word' id='word_1_559' title='bbox 3229 3363 3504 3428; x_wconf 81' lang='grc' dir='ltr'>ἀπόδειξιν</span> <span class='ocrx_word' id='word_1_560' title='bbox 3558 3361 3686 3433; x_wconf 70' lang='grc' dir='ltr'>περὶ</span> 
     </span>
    </p>
   </div>
   <div class='ocr_carea' id='block_1_76' title="bbox 2100 3455 3688 3530">
    <p class='ocr_par' dir='ltr' id='par_1_76' title="bbox 2100 3455 3688 3530">
     <span class='ocr_line' id='line_1_76' title="bbox 2100 3455 3688 3530; baseline -0.006 -14"><span class='ocrx_word' id='word_1_561' title='bbox 2100 3464 2194 3517; x_wconf 84' lang='grc' dir='ltr'><strong>τοῦ</strong></span> <span class='ocrx_word' id='word_1_562' title='bbox 2217 3463 2325 3517; x_wconf 85' lang='grc' dir='ltr'>δεῖν</span> <span class='ocrx_word' id='word_1_563' title='bbox 2349 3462 2577 3516; x_wconf 71' lang='grc' dir='ltr'>ἕκαστον</span> <span class='ocrx_word' id='word_1_564' title='bbox 2607 3461 2676 3515; x_wconf 83' lang='grc' dir='ltr'>τὰ</span> <span class='ocrx_word' id='word_1_565' title='bbox 2709 3461 2912 3530; x_wconf 87' lang='grc' dir='ltr'>πάτρια</span> <span class='ocrx_word' id='word_1_566' title='bbox 2943 3460 3127 3529; x_wconf 85' lang='grc' dir='ltr'>τηρεῖν</span> <span class='ocrx_word' id='word_1_567' title='bbox 3148 3457 3281 3528; x_wconf 69' lang='grc'>(45);</span> <span class='ocrx_word' id='word_1_568' title='bbox 3331 3457 3388 3509; x_wconf 87' lang='lat'><strong>&#39;0</strong></span> <span class='ocrx_word' id='word_1_569' title='bbox 3414 3455 3523 3527; x_wconf 86' lang='grc' dir='ltr'><strong>γὰρ</strong></span> <span class='ocrx_word' id='word_1_570' title='bbox 3547 3455 3688 3524; x_wconf 76' lang='grc' dir='ltr'><strong>’Δμ-</strong></span> 
     </span>
    </p>
   </div>
   <div class='ocr_carea' id='block_1_77' title="bbox 2107 3545 3685 3627">
    <p class='ocr_par' dir='ltr' id='par_1_77' title="bbox 2107 3545 3685 3627">
     <span class='ocr_line' id='line_1_77' title="bbox 2107 3545 3685 3627; baseline -0.007 -20"><span class='ocrx_word' id='word_1_571' title='bbox 2107 3572 2225 3627; x_wconf 89' lang='grc' dir='ltr'><strong>μων</strong></span> <span class='ocrx_word' id='word_1_572' title='bbox 2256 3553 2435 3610; x_wconf 73' lang='grc' dir='ltr'>αὐτῶν</span> <span class='ocrx_word' id='word_1_573' title='bbox 2464 3556 2579 3617; x_wconf 89' lang='grc' dir='ltr'>τοῖς</span> <span class='ocrx_word' id='word_1_574' title='bbox 2612 3552 2722 3606; x_wconf 83' lang='grc' dir='ltr'>ἀπὸ</span> <span class='ocrx_word' id='word_1_575' title='bbox 2757 3550 2982 3621; x_wconf 88' lang='grc' dir='ltr'>Μαρέης</span> <span class='ocrx_word' id='word_1_576' title='bbox 3012 3548 3218 3612; x_wconf 84' lang='grc' dir='ltr'>πόλεως</span> <span class='ocrx_word' id='word_1_577' title='bbox 3254 3548 3350 3601; x_wconf 85' lang='grc' dir='ltr'>καὶ</span> <span class='ocrx_word' id='word_1_578' title='bbox 3381 3547 3574 3609; x_wconf 69' lang='lat' dir='ltr'><strong>&quot;Amor;</strong></span> <span class='ocrx_word' id='word_1_579' title='bbox 3602 3545 3685 3597; x_wconf 87' lang='grc' dir='ltr'>οί-</span> 
     </span>
    </p>
   </div>
   <div class='ocr_carea' id='block_1_78' title="bbox 2102 3632 3689 3716">
    <p class='ocr_par' dir='ltr' id='par_1_78' title="bbox 2102 3632 3689 3716">
     <span class='ocr_line' id='line_1_78' title="bbox 2102 3632 3689 3716; baseline -0.008 -17"><span class='ocrx_word' id='word_1_580' title='bbox 2102 3644 2258 3699; x_wconf 81' lang='grc' dir='ltr'>χοῦσι</span> <span class='ocrx_word' id='word_1_581' title='bbox 2288 3645 2357 3699; x_wconf 73' lang='grc' dir='ltr'>τὰ</span> <span class='ocrx_word' id='word_1_582' title='bbox 2385 3644 2661 3716; x_wconf 85' lang='grc' dir='ltr'>πρόσουρα</span> <span class='ocrx_word' id='word_1_583' title='bbox 2689 3645 2755 3713; x_wconf 84' lang='grc' dir='ltr'>τῇ</span> <span class='ocrx_word' id='word_1_584' title='bbox 2778 3640 2954 3712; x_wconf 80' lang='grc' dir='ltr'>Λιϐύῃ</span> <span class='ocrx_word' id='word_1_585' title='bbox 2978 3640 3078 3693; x_wconf 86' lang='grc' dir='ltr'><strong>οὑκ</strong></span> <span class='ocrx_word' id='word_1_586' title='bbox 3109 3639 3175 3709; x_wconf 79' lang='grc' dir='ltr'><strong>ἐᾷ</strong></span> <span class='ocrx_word' id='word_1_587' title='bbox 3197 3638 3509 3707; x_wconf 87' lang='grc' dir='ltr'>ἀδιαφορεῖν</span> <span class='ocrx_word' id='word_1_588' title='bbox 3552 3632 3689 3704; x_wconf 77' lang='grc' dir='ltr'>πρὸς</span> 
     </span>
    </p>
   </div>
   <div class='ocr_carea' id='block_1_79' title="bbox 2099 3729 3689 3810">
    <p class='ocr_par' dir='ltr' id='par_1_79' title="bbox 2099 3729 3689 3810">
     <span class='ocr_line' id='line_1_79' title="bbox 2099 3729 3689 3810; baseline -0.008 -17"><span class='ocrx_word' id='word_1_589' title='bbox 2099 3739 2200 3810; x_wconf 84' lang='grc' dir='ltr'>τὴν</span> <span class='ocrx_word' id='word_1_590' title='bbox 2229 3739 2422 3809; x_wconf 76' lang='grc' dir='ltr'>χρῆσιν</span> <span class='ocrx_word' id='word_1_591' title='bbox 2447 3736 2557 3791; x_wconf 80' lang='grc' dir='ltr'><strong>τῶν</strong></span> <span class='ocrx_word' id='word_1_592' title='bbox 2579 3735 2786 3807; x_wconf 87' lang='grc' dir='ltr'>θηλέων</span> <span class='ocrx_word' id='word_1_593' title='bbox 2808 3733 2946 3805; x_wconf 83' lang='grc' dir='ltr'>βοῶν</span> <span class='ocrx_word' id='word_1_594' title='bbox 2968 3751 2981 3764; x_wconf 71' lang='grc' dir='ltr'><strong>ο</strong></span> <span class='ocrx_word' id='word_1_595' title='bbox 3017 3734 3152 3803; x_wconf 84' lang='grc' dir='ltr'>ὅπερ</span> <span class='ocrx_word' id='word_1_596' title='bbox 3178 3733 3409 3801; x_wconf 77' lang='grc' dir='ltr'>πρᾶγμα</span> <span class='ocrx_word' id='word_1_597' title='bbox 3438 3729 3498 3782; x_wconf 75' lang='grc' dir='ltr'>οὗ</span> <span class='ocrx_word' id='word_1_598' title='bbox 3528 3729 3689 3799; x_wconf 87' lang='grc' dir='ltr'>μόνον</span> 
     </span>
    </p>
   </div>
   <div class='ocr_carea' id='block_1_80' title="bbox 2101 3820 3689 3902">
    <p class='ocr_par' dir='ltr' id='par_1_80' title="bbox 2101 3820 3689 3902">
     <span class='ocr_line' id='line_1_80' title="bbox 2101 3820 3689 3902; baseline -0.008 -18"><span class='ocrx_word' id='word_1_599' title='bbox 2101 3832 2170 3902; x_wconf 84' lang='grc' dir='ltr'>τῇ</span> <span class='ocrx_word' id='word_1_600' title='bbox 2218 3829 2375 3900; x_wconf 87' lang='grc' dir='ltr'>φύσει</span> <span class='ocrx_word' id='word_1_601' title='bbox 2400 3826 2592 3883; x_wconf 81' lang='grc' dir='ltr'>ἑαυτοῦ</span> <span class='ocrx_word' id='word_1_602' title='bbox 2623 3826 2912 3897; x_wconf 81' lang='grc' dir='ltr'>ἀδιάφορόν</span> <span class='ocrx_word' id='word_1_603' title='bbox 2965 3827 3132 3887; x_wconf 75' lang='grc' dir='ltr'>ἐστιν,</span> <span class='ocrx_word' id='word_1_604' title='bbox 3168 3821 3306 3876; x_wconf 82' lang='grc' dir='ltr'>ἀλλὰ</span> <span class='ocrx_word' id='word_1_605' title='bbox 3358 3820 3452 3874; x_wconf 71' lang='grc' dir='ltr'>καὶ</span> <span class='ocrx_word' id='word_1_606' title='bbox 3491 3820 3550 3872; x_wconf 86' lang='grc' dir='ltr'><strong>ού</strong></span> <span class='ocrx_word' id='word_1_607' title='bbox 3580 3836 3689 3872; x_wconf 89' lang='grc' dir='ltr'>κω-</span> 
     </span>
    </p>
   </div>
   <div class='ocr_carea' id='block_1_81' title="bbox 2103 3910 3690 3988">
    <p class='ocr_par' dir='ltr' id='par_1_81' title="bbox 2103 3910 3690 3988">
     <span class='ocr_line' id='line_1_81' title="bbox 2103 3910 3690 3988; baseline -0.009 -12"><span class='ocrx_word' id='word_1_608' title='bbox 2103 3921 2220 3976; x_wconf 88' lang='grc' dir='ltr'>λύει</span> <span class='ocrx_word' id='word_1_609' title='bbox 2248 3920 2410 3975; x_wconf 81' lang='grc' dir='ltr'>καλὸν</span> <span class='ocrx_word' id='word_1_610' title='bbox 2441 3919 2534 3975; x_wconf 76' lang='grc' dir='ltr'>καὶ</span> <span class='ocrx_word' id='word_1_611' title='bbox 2563 3917 2766 3988; x_wconf 83' lang='grc' dir='ltr'>ἀγαθὸν</span> <span class='ocrx_word' id='word_1_612' title='bbox 2794 3914 2932 3971; x_wconf 83' lang='grc' dir='ltr'>εἶναί</span> <span class='ocrx_word' id='word_1_613' title='bbox 2957 3932 3095 3970; x_wconf 88' lang='grc' dir='ltr'>τινα.</span> <span class='ocrx_word' id='word_1_614' title='bbox 3137 3914 3244 3967; x_wconf 76' lang='grc' dir='ltr'><strong>Καὶ</strong></span> <span class='ocrx_word' id='word_1_615' title='bbox 3282 3914 3330 3965; x_wconf 85' lang='grc' dir='ltr'>εἰ</span> <span class='ocrx_word' id='word_1_616' title='bbox 3367 3913 3465 3983; x_wconf 81' lang='grc' dir='ltr'><strong>μὲν</strong></span> <span class='ocrx_word' id='word_1_617' title='bbox 3493 3913 3521 3966; x_wconf 89' lang='grc' dir='ltr'><strong>ό</strong></span> <span class='ocrx_word' id='word_1_618' title='bbox 3548 3910 3690 3980; x_wconf 79' lang='grc' dir='ltr'><strong>’Δμ-</strong></span> 
     </span>
    </p>
   </div>
   <div class='ocr_carea' id='block_1_82' title="bbox 2110 3998 3684 4085">
    <p class='ocr_par' dir='ltr' id='par_1_82' title="bbox 2110 3998 3684 4085">
     <span class='ocr_line' id='line_1_82' title="bbox 2110 3998 3684 4085; baseline -0.01 -17"><span class='ocrx_word' id='word_1_619' title='bbox 2110 4031 2225 4085; x_wconf 91' lang='grc' dir='ltr'><strong>μων</strong></span> <span class='ocrx_word' id='word_1_620' title='bbox 2273 4011 2453 4066; x_wconf 83' lang='grc' dir='ltr'>αὐτῶν</span> <span class='ocrx_word' id='word_1_621' title='bbox 2513 4008 2824 4079; x_wconf 86' lang='grc' dir='ltr'>ἀπηγόρευε</span> <span class='ocrx_word' id='word_1_622' title='bbox 2880 4007 2979 4079; x_wconf 86' lang='grc' dir='ltr'><strong>τήν</strong></span> <span class='ocrx_word' id='word_1_623' title='bbox 3035 4005 3232 4077; x_wconf 77' lang='grc' dir='ltr'>χρῆσιν</span> <span class='ocrx_word' id='word_1_624' title='bbox 3282 4003 3391 4056; x_wconf 86' lang='grc' dir='ltr'><strong>τῶν</strong></span> <span class='ocrx_word' id='word_1_625' title='bbox 3454 3998 3684 4073; x_wconf 85' lang='grc' dir='ltr'>θηλειῶν</span> 
     </span>
    </p>
   </div>
   <div class='ocr_carea' id='block_1_83' title="bbox 2108 4092 3687 4176">
    <p class='ocr_par' dir='ltr' id='par_1_83' title="bbox 2108 4092 3687 4176">
     <span class='ocr_line' id='line_1_83' title="bbox 2108 4092 3687 4176; baseline -0.009 -17"><span class='ocrx_word' id='word_1_626' title='bbox 2108 4104 2247 4176; x_wconf 83' lang='grc' dir='ltr'>βοῶν</span> <span class='ocrx_word' id='word_1_627' title='bbox 2276 4103 2363 4158; x_wconf 75' lang='grc' dir='ltr'>διὰ</span> <span class='ocrx_word' id='word_1_628' title='bbox 2390 4102 2451 4155; x_wconf 82' lang='grc' dir='ltr'><strong>τὸ</strong></span> <span class='ocrx_word' id='word_1_629' title='bbox 2494 4104 2574 4164; x_wconf 77' lang='grc' dir='ltr'><strong>εἰς</strong></span> <span class='ocrx_word' id='word_1_630' title='bbox 2604 4101 2876 4172; x_wconf 88' lang='grc' dir='ltr'>γεωργίαν</span> <span class='ocrx_word' id='word_1_631' title='bbox 2923 4100 3016 4153; x_wconf 83' lang='grc' dir='ltr'><strong>τοῦ</strong></span> <span class='ocrx_word' id='word_1_632' title='bbox 3059 4099 3198 4164; x_wconf 78' lang='grc' dir='ltr'>ζώου</span> <span class='ocrx_word' id='word_1_633' title='bbox 3247 4100 3538 4169; x_wconf 84' lang='grc' dir='ltr'>χρήσιμον,</span> <span class='ocrx_word' id='word_1_634' title='bbox 3590 4092 3687 4147; x_wconf 77' lang='grc' dir='ltr'><strong>καὶ</strong></span> 
     </span>
    </p>
   </div>
   <div class='ocr_carea' id='block_1_84' title="bbox 424 4176 1999 4268">
    <p class='ocr_par' dir='ltr' id='par_1_84' title="bbox 424 4176 1999 4244">
     <span class='ocr_line' id='line_1_84' title="bbox 424 4176 1999 4244; baseline -0.003 -8"><span class='ocrx_word' id='word_1_635' title='bbox 424 4179 777 4237; x_wconf 85' lang='lat' dir='ltr'><strong>interdixisse</strong></span> <span class='ocrx_word' id='word_1_636' title='bbox 802 4178 1112 4244; x_wconf 84' lang='lat' dir='ltr'><strong>videretur;</strong></span> <span class='ocrx_word' id='word_1_637' title='bbox 1157 4178 1251 4234; x_wconf 90' lang='lat' dir='ltr'><strong>sed</strong></span> <span class='ocrx_word' id='word_1_638' title='bbox 1297 4194 1361 4235; x_wconf 90' lang='lat' dir='ltr'><strong>ea</strong></span> <span class='ocrx_word' id='word_1_639' title='bbox 1410 4190 1619 4235; x_wconf 90' lang='lat' dir='ltr'><strong>tantum</strong></span> <span class='ocrx_word' id='word_1_640' title='bbox 1654 4178 1866 4235; x_wconf 88' lang='lat' dir='ltr'><strong>ratione</strong></span> <span class='ocrx_word' id='word_1_641' title='bbox 1892 4176 1999 4234; x_wconf 90' lang='lat' dir='ltr'><strong>vult</strong></span> 
     </span>
    </p>
   </div>
   <div class='ocr_carea' id='block_1_85' title="bbox 2105 4176 3687 4268">
    <p class='ocr_par' dir='ltr' id='par_1_85' title="bbox 2107 4184 3687 4268">
     <span class='ocr_line' id='line_1_85' title="bbox 2107 4184 3687 4268; baseline -0.009 -17"><span class='ocrx_word' id='word_1_642' title='bbox 2107 4196 2246 4268; x_wconf 81' lang='grc' dir='ltr'>πρὸς</span> <span class='ocrx_word' id='word_1_643' title='bbox 2273 4198 2447 4265; x_wconf 89' lang='grc' dir='ltr'>τούτῳ</span> <span class='ocrx_word' id='word_1_644' title='bbox 2492 4192 2579 4247; x_wconf 70' lang='grc' dir='ltr'><strong>διὰ</strong></span> <span class='ocrx_word' id='word_1_645' title='bbox 2623 4192 2682 4245; x_wconf 77' lang='grc' dir='ltr'>τὸ</span> <span class='ocrx_word' id='word_1_646' title='bbox 2717 4191 2806 4245; x_wconf 71' lang='grc' dir='ltr'>διὰ</span> <span class='ocrx_word' id='word_1_647' title='bbox 2837 4190 2944 4244; x_wconf 83' lang='grc' dir='ltr'><strong>τῶν</strong></span> <span class='ocrx_word' id='word_1_648' title='bbox 2981 4191 3186 4262; x_wconf 88' lang='grc' dir='ltr'>θηλέων</span> <span class='ocrx_word' id='word_1_649' title='bbox 3230 4189 3466 4261; x_wconf 88' lang='grc' dir='ltr'>μάλιστα</span> <span class='ocrx_word' id='word_1_650' title='bbox 3498 4184 3687 4250; x_wconf 77' lang='grc' dir='ltr'>αὔξειν</span> 
     </span>
    </p>
   </div>
   <div class='ocr_carea' id='block_1_86' title="bbox 425 4268 2003 4343">
    <p class='ocr_par' dir='ltr' id='par_1_86' title="bbox 425 4268 2003 4343">
     <span class='ocr_line' id='line_1_86' title="bbox 425 4268 2003 4343; baseline -0.002 -19"><span class='ocrx_word' id='word_1_651' title='bbox 425 4271 495 4327; x_wconf 88' lang='lat' dir='ltr'><strong>ab</strong></span> <span class='ocrx_word' id='word_1_652' title='bbox 521 4270 627 4328; x_wconf 90' lang='lat' dir='ltr'><strong>illis</strong></span> <span class='ocrx_word' id='word_1_653' title='bbox 650 4269 1033 4343; x_wconf 63' lang='lat' dir='ltr'><strong>Egyptiorum</strong></span> <span class='ocrx_word' id='word_1_654' title='bbox 1070 4268 1215 4339; x_wconf 85' lang='lat' dir='ltr'><strong>leges</strong></span> <span class='ocrx_word' id='word_1_655' title='bbox 1237 4270 1304 4325; x_wconf 92' lang='lat' dir='ltr'><strong>de</strong></span> <span class='ocrx_word' id='word_1_656' title='bbox 1333 4269 1515 4325; x_wconf 91' lang='lat' dir='ltr'><strong>vaccis</strong></span> <span class='ocrx_word' id='word_1_657' title='bbox 1543 4269 1851 4335; x_wconf 87' lang='lat' dir='ltr'><strong>observari,</strong></span> <span class='ocrx_word' id='word_1_658' title='bbox 1876 4270 2003 4339; x_wconf 86' lang='lat' dir='ltr'><strong>quia</strong></span> 
     </span>
    </p>
   </div>
   <div class='ocr_carea' id='block_1_87' title="bbox 423 4361 2003 4434">
    <p class='ocr_par' dir='ltr' id='par_1_87' title="bbox 423 4361 2003 4434">
     <span class='ocr_line' id='line_1_87' title="bbox 423 4361 2003 4434; baseline 0 -15"><span class='ocrx_word' id='word_1_659' title='bbox 423 4363 532 4420; x_wconf 84' lang='lat' dir='ltr'><strong>Nili</strong></span> <span class='ocrx_word' id='word_1_660' title='bbox 562 4378 758 4434; x_wconf 88' lang='lat' dir='ltr'><strong>aquam</strong></span> <span class='ocrx_word' id='word_1_661' title='bbox 791 4362 1003 4419; x_wconf 88' lang='lat' dir='ltr'><strong>bibunt.</strong></span> <span class='ocrx_word' id='word_1_662' title='bbox 1033 4362 1187 4429; x_wconf 84' lang='lat' dir='ltr'><strong>Quod</strong></span> <span class='ocrx_word' id='word_1_663' title='bbox 1223 4362 1374 4417; x_wconf 86' lang='lat' dir='ltr'><strong>addit</strong></span> <span class='ocrx_word' id='word_1_664' title='bbox 1412 4380 1430 4413; x_wconf 74' lang='grc' dir='ltr'><strong>ι</strong></span> <span class='ocrx_word' id='word_1_665' title='bbox 1460 4361 1780 4417; x_wconf 88' lang='lat' dir='ltr'><strong>Annnonem</strong></span> <span class='ocrx_word' id='word_1_666' title='bbox 1807 4362 1875 4419; x_wconf 89' lang='lat' dir='ltr'><strong>de</strong></span> <span class='ocrx_word' id='word_1_667' title='bbox 1915 4379 2003 4419; x_wconf 83' lang='lat' dir='ltr'><strong>re-</strong></span> 
     </span>
    </p>
   </div>
   <div class='ocr_carea' id='block_1_88' title="bbox 2105 4278 3685 4357">
    <p class='ocr_par' dir='ltr' id='par_1_88' title="bbox 2105 4278 3685 4357">
     <span class='ocr_line' id='line_1_88' title="bbox 2105 4278 3685 4357; baseline -0.011 -13"><span class='ocrx_word' id='word_1_668' title='bbox 2105 4290 2167 4344; x_wconf 82' lang='grc' dir='ltr'>τὸ</span> <span class='ocrx_word' id='word_1_669' title='bbox 2199 4287 2352 4357; x_wconf 86' lang='grc' dir='ltr'>γένος</span> <span class='ocrx_word' id='word_1_670' title='bbox 2379 4286 2581 4346; x_wconf 74' lang='grc' dir='ltr'>αὐτῶν,</span> <span class='ocrx_word' id='word_1_671' title='bbox 2613 4285 2753 4353; x_wconf 81' lang='grc' dir='ltr'>τάχα</span> <span class='ocrx_word' id='word_1_672' title='bbox 2790 4282 2856 4337; x_wconf 88' lang='grc' dir='ltr'>ἂν</span> <span class='ocrx_word' id='word_1_673' title='bbox 2900 4279 3011 4352; x_wconf 77' lang='grc' dir='ltr'>εἶχε</span> <span class='ocrx_word' id='word_1_674' title='bbox 3045 4281 3374 4351; x_wconf 83' lang='grc' dir='ltr'>πιθανότητα</span> <span class='ocrx_word' id='word_1_675' title='bbox 3416 4282 3446 4333; x_wconf 88' lang='lat'><strong>6</strong></span> <span class='ocrx_word' id='word_1_676' title='bbox 3489 4278 3644 4345; x_wconf 90' lang='grc' dir='ltr'>λόγος</span> <span class='ocrx_word' id='word_1_677' title='bbox 3667 4291 3685 4307; x_wconf 77' lang='grc' dir='ltr'><strong><em>ο</em></strong></span> 
     </span>
    </p>
   </div>
   <div class='ocr_carea' id='block_1_89' title="bbox 2109 4366 3685 4445">
    <p class='ocr_par' dir='ltr' id='par_1_89' title="bbox 2109 4366 3685 4445">
     <span class='ocr_line' id='line_1_89' title="bbox 2109 4366 3685 4445; baseline -0.009 -12"><span class='ocrx_word' id='word_1_678' title='bbox 2109 4381 2227 4434; x_wconf 73' lang='grc' dir='ltr'>νυνὶ</span> <span class='ocrx_word' id='word_1_679' title='bbox 2257 4378 2313 4432; x_wconf 88' lang='grc' dir='ltr'>δὲ</span> <span class='ocrx_word' id='word_1_680' title='bbox 2356 4376 2504 4440; x_wconf 76' lang='grc' dir='ltr'>ἅπαξ</span> <span class='ocrx_word' id='word_1_681' title='bbox 2552 4375 2798 4445; x_wconf 88' lang='grc' dir='ltr'>βούλεται</span> <span class='ocrx_word' id='word_1_682' title='bbox 2828 4375 3045 4439; x_wconf 81' lang='grc' dir='ltr'>αὐτοὺς,</span> <span class='ocrx_word' id='word_1_683' title='bbox 3072 4373 3401 4443; x_wconf 84' lang='grc' dir='ltr'>ὲμπίνοντας</span> <span class='ocrx_word' id='word_1_684' title='bbox 3429 4368 3523 4422; x_wconf 89' lang='grc' dir='ltr'><strong>τοῦ</strong></span> <span class='ocrx_word' id='word_1_685' title='bbox 3554 4366 3685 4421; x_wconf 81' lang='grc' dir='ltr'>Νεί-</span> 
     </span>
    </p>
   </div>
   <div class='ocr_carea' id='block_1_90' title="bbox 424 4452 1999 4538">
    <p class='ocr_par' dir='ltr' id='par_1_90' title="bbox 424 4452 1999 4513">
     <span class='ocr_line' id='line_1_90' title="bbox 424 4452 1999 4513; baseline -0.003 0"><span class='ocrx_word' id='word_1_686' title='bbox 424 4458 529 4513; x_wconf 90' lang='lat' dir='ltr'><strong>bus</strong></span> <span class='ocrx_word' id='word_1_687' title='bbox 557 4453 759 4511; x_wconf 90' lang='lat' dir='ltr'><strong>divinis</strong></span> <span class='ocrx_word' id='word_1_688' title='bbox 786 4453 1177 4509; x_wconf 88' lang='lat' dir='ltr'><strong>annuntiandis</strong></span> <span class='ocrx_word' id='word_1_689' title='bbox 1208 4453 1382 4511; x_wconf 88' lang='lat' dir='ltr'><strong>nihilo</strong></span> <span class='ocrx_word' id='word_1_690' title='bbox 1409 4468 1533 4508; x_wconf 90' lang='lat' dir='ltr'><strong>esse</strong></span> <span class='ocrx_word' id='word_1_691' title='bbox 1555 4452 1866 4511; x_wconf 65' lang='lat' dir='ltr'><strong>Iudaeorum</strong></span> <span class='ocrx_word' id='word_1_692' title='bbox 1916 4471 1999 4510; x_wconf 82' lang='lat' dir='ltr'><strong>an-</strong></span> 
     </span>
    </p>
   </div>
   <div class='ocr_carea' id='block_1_91' title="bbox 2105 4452 3687 4538">
    <p class='ocr_par' dir='ltr' id='par_1_91' title="bbox 2107 4456 3687 4538">
     <span class='ocr_line' id='line_1_91' title="bbox 2107 4456 3687 4538; baseline -0.008 -16"><span class='ocrx_word' id='word_1_693' title='bbox 2107 4472 2220 4533; x_wconf 83' lang='grc' dir='ltr'>λου,</span> <span class='ocrx_word' id='word_1_694' title='bbox 2249 4468 2357 4522; x_wconf 87' lang='grc' dir='ltr'>δεῖν</span> <span class='ocrx_word' id='word_1_695' title='bbox 2385 4468 2571 4538; x_wconf 87' lang='grc' dir='ltr'>τηρεῖν</span> <span class='ocrx_word' id='word_1_696' title='bbox 2594 4466 2718 4527; x_wconf 80' lang='grc' dir='ltr'>τοὺς</span> <span class='ocrx_word' id='word_1_697' title='bbox 2746 4463 3062 4532; x_wconf 81' lang='grc' dir='ltr'>Αἰγυπτίων</span> <span class='ocrx_word' id='word_1_698' title='bbox 3108 4462 3239 4534; x_wconf 68' lang='grc' dir='ltr'>περὶ</span> <span class='ocrx_word' id='word_1_699' title='bbox 3284 4459 3517 4533; x_wconf 76' lang='grc' dir='ltr'>θηλειῶν</span> <span class='ocrx_word' id='word_1_700' title='bbox 3549 4456 3687 4529; x_wconf 85' lang='grc' dir='ltr'>βοῶν</span> 
     </span>
    </p>
   </div>
   <div class='ocr_carea' id='block_1_92' title="bbox 424 4544 1999 4618">
    <p class='ocr_par' dir='ltr' id='par_1_92' title="bbox 424 4544 1999 4618">
     <span class='ocr_line' id='line_1_92' title="bbox 424 4544 1999 4618; baseline 0.001 -16"><span class='ocrx_word' id='word_1_701' title='bbox 424 4546 561 4616; x_wconf 87' lang='lat' dir='ltr'><strong>gelis</strong></span> <span class='ocrx_word' id='word_1_702' title='bbox 592 4545 944 4613; x_wconf 89' lang='lat' dir='ltr'><strong>deteriorem,</strong></span> <span class='ocrx_word' id='word_1_703' title='bbox 976 4562 996 4597; x_wconf 83' lang='grc'><strong>›</strong></span> <span class='ocrx_word' id='word_1_704' title='bbox 1024 4546 1127 4601; x_wconf 89' lang='lat' dir='ltr'><strong>hoc</strong></span> <span class='ocrx_word' id='word_1_705' title='bbox 1155 4544 1299 4602; x_wconf 89' lang='lat' dir='ltr'><strong>dicto</strong></span> <span class='ocrx_word' id='word_1_706' title='bbox 1326 4546 1546 4618; x_wconf 82' lang='lat' dir='ltr'><strong>angelos</strong></span> <span class='ocrx_word' id='word_1_707' title='bbox 1568 4548 1793 4603; x_wconf 91' lang='lat' dir='ltr'><strong>incessit</strong></span> <span class='ocrx_word' id='word_1_708' title='bbox 1818 4564 1999 4604; x_wconf 89' lang='lat' dir='ltr'><strong>rerum</strong></span> 
     </span>
    </p>
   </div>
   <div class='ocr_carea' id='block_1_93' title="bbox 426 4634 2000 4708">
    <p class='ocr_par' dir='ltr' id='par_1_93' title="bbox 426 4634 2000 4708">
     <span class='ocr_line' id='line_1_93' title="bbox 426 4634 2000 4708; baseline 0.003 -16"><span class='ocrx_word' id='word_1_709' title='bbox 426 4638 733 4694; x_wconf 87' lang='lat' dir='ltr'><strong>divinarum</strong></span> <span class='ocrx_word' id='word_1_710' title='bbox 763 4638 905 4707; x_wconf 89' lang='lat' dir='ltr'><strong>apud</strong></span> <span class='ocrx_word' id='word_1_711' title='bbox 954 4634 1173 4693; x_wconf 73' lang='lat' dir='ltr'><strong>Judteos</strong></span> <span class='ocrx_word' id='word_1_712' title='bbox 1213 4650 1513 4707; x_wconf 67' lang='lat' dir='ltr'><strong>praecones.</strong></span> <span class='ocrx_word' id='word_1_713' title='bbox 1547 4640 1617 4692; x_wconf 81' lang='lat' dir='ltr'><strong>At</strong></span> <span class='ocrx_word' id='word_1_714' title='bbox 1647 4640 1775 4708; x_wconf 85' lang='lat' dir='ltr'><strong>quid</strong></span> <span class='ocrx_word' id='word_1_715' title='bbox 1810 4638 1888 4695; x_wconf 88' lang='lat' dir='ltr'><strong>illi</strong></span> <span class='ocrx_word' id='word_1_716' title='bbox 1916 4640 2000 4696; x_wconf 87' lang='lat' dir='ltr'><strong>di-</strong></span> 
     </span>
    </p>
   </div>
   <div class='ocr_carea' id='block_1_94' title="bbox 427 4728 1999 4799">
    <p class='ocr_par' dir='ltr' id='par_1_94' title="bbox 427 4728 1999 4799">
     <span class='ocr_line' id='line_1_94' title="bbox 427 4728 1999 4799; baseline 0.003 -16"><span class='ocrx_word' id='word_1_717' title='bbox 427 4736 575 4795; x_wconf 89' lang='lat' dir='ltr'><strong>cant,</strong></span> <span class='ocrx_word' id='word_1_718' title='bbox 602 4737 695 4783; x_wconf 88' lang='lat' dir='ltr'><strong>aut</strong></span> <span class='ocrx_word' id='word_1_719' title='bbox 738 4744 839 4783; x_wconf 90' lang='lat' dir='ltr'><strong>cur</strong></span> <span class='ocrx_word' id='word_1_720' title='bbox 867 4728 1246 4799; x_wconf 85' lang='lat' dir='ltr'><strong>apparuerint,</strong></span> <span class='ocrx_word' id='word_1_721' title='bbox 1284 4744 1387 4784; x_wconf 91' lang='lat' dir='ltr'><strong>non</strong></span> <span class='ocrx_word' id='word_1_722' title='bbox 1425 4728 1712 4784; x_wconf 82' lang='lat' dir='ltr'><strong>intellexit.</strong></span> <span class='ocrx_word' id='word_1_723' title='bbox 1761 4728 1999 4787; x_wconf 84' lang='lat' dir='ltr'><strong>Vidisset</strong></span> 
     </span>
    </p>
   </div>
   <div class='ocr_carea' id='block_1_95' title="bbox 426 4819 2001 4886">
    <p class='ocr_par' dir='ltr' id='par_1_95' title="bbox 426 4819 2001 4886">
     <span class='ocr_line' id='line_1_95' title="bbox 426 4819 2001 4886; baseline 0.003 -12"><span class='ocrx_word' id='word_1_724' title='bbox 426 4820 573 4876; x_wconf 87' lang='lat' dir='ltr'><strong>enim</strong></span> <span class='ocrx_word' id='word_1_725' title='bbox 596 4819 663 4876; x_wconf 88' lang='lat' dir='ltr'><strong>de</strong></span> <span class='ocrx_word' id='word_1_726' title='bbox 690 4819 867 4878; x_wconf 89' lang='lat' dir='ltr'><strong>bobus</strong></span> <span class='ocrx_word' id='word_1_727' title='bbox 909 4820 1021 4877; x_wconf 88' lang='lat' dir='ltr'><strong>Deo</strong></span> <span class='ocrx_word' id='word_1_728' title='bbox 1053 4837 1161 4876; x_wconf 91' lang='lat' dir='ltr'><strong>non</strong></span> <span class='ocrx_word' id='word_1_729' title='bbox 1190 4836 1312 4877; x_wconf 88' lang='lat' dir='ltr'><strong>esse</strong></span> <span class='ocrx_word' id='word_1_730' title='bbox 1336 4836 1523 4878; x_wconf 87' lang='lat' dir='ltr'><strong>curam</strong></span> <span class='ocrx_word' id='word_1_731' title='bbox 1553 4822 1623 4886; x_wconf 82' lang='grc' dir='ltr'>⁸ο,</span> <span class='ocrx_word' id='word_1_732' title='bbox 1652 4821 1735 4876; x_wconf 78' lang='lat' dir='ltr'><strong>vel</strong></span> <span class='ocrx_word' id='word_1_733' title='bbox 1768 4838 1891 4878; x_wconf 76' lang='lat' dir='ltr'><strong>tum</strong></span> <span class='ocrx_word' id='word_1_734' title='bbox 1932 4822 2001 4879; x_wconf 88' lang='lat' dir='ltr'><strong>de</strong></span> 
     </span>
    </p>
   </div>
   <div class='ocr_carea' id='block_1_96' title="bbox 427 4912 1996 4984">
    <p class='ocr_par' dir='ltr' id='par_1_96' title="bbox 427 4912 1996 4984">
     <span class='ocr_line' id='line_1_96' title="bbox 427 4912 1996 4984; baseline 0 -16"><span class='ocrx_word' id='word_1_735' title='bbox 427 4913 535 4970; x_wconf 89' lang='lat' dir='ltr'><strong>illis</strong></span> <span class='ocrx_word' id='word_1_736' title='bbox 570 4912 761 4969; x_wconf 85' lang='lat' dir='ltr'><strong>aliisve</strong></span> <span class='ocrx_word' id='word_1_737' title='bbox 783 4914 959 4970; x_wconf 90' lang='lat' dir='ltr'><strong>brutis</strong></span> <span class='ocrx_word' id='word_1_738' title='bbox 981 4912 1353 4969; x_wconf 87' lang='lat' dir='ltr'><strong>animantibus</strong></span> <span class='ocrx_word' id='word_1_739' title='bbox 1376 4913 1522 4984; x_wconf 87' lang='lat' dir='ltr'><strong>leges</strong></span> <span class='ocrx_word' id='word_1_740' title='bbox 1552 4913 1873 4977; x_wconf 86' lang='lat' dir='ltr'><strong>constituit;</strong></span> <span class='ocrx_word' id='word_1_741' title='bbox 1903 4914 1996 4969; x_wconf 89' lang='lat' dir='ltr'><strong>sed</strong></span> 
     </span>
    </p>
   </div>
   <div class='ocr_carea' id='block_1_97' title="bbox 428 5003 1999 5077">
    <p class='ocr_par' dir='ltr' id='par_1_97' title="bbox 428 5003 1999 5077">
     <span class='ocr_line' id='line_1_97' title="bbox 428 5003 1999 5077; baseline 0.001 -16"><span class='ocrx_word' id='word_1_742' title='bbox 428 5005 545 5061; x_wconf 81' lang='lat' dir='ltr'><strong>haec</strong></span> <span class='ocrx_word' id='word_1_743' title='bbox 581 5013 805 5077; x_wconf 90' lang='lat' dir='ltr'><strong>propter</strong></span> <span class='ocrx_word' id='word_1_744' title='bbox 833 5003 1078 5061; x_wconf 88' lang='lat' dir='ltr'><strong>homines</strong></span> <span class='ocrx_word' id='word_1_745' title='bbox 1123 5005 1329 5073; x_wconf 89' lang='lat' dir='ltr'><strong>scripta</strong></span> <span class='ocrx_word' id='word_1_746' title='bbox 1370 5017 1495 5060; x_wconf 89' lang='lat' dir='ltr'><strong>esse</strong></span> <span class='ocrx_word' id='word_1_747' title='bbox 1519 5004 1719 5074; x_wconf 89' lang='lat' dir='ltr'><strong>quibus</strong></span> <span class='ocrx_word' id='word_1_748' title='bbox 1761 5005 1862 5061; x_wconf 88' lang='lat' dir='ltr'><strong>sub</strong></span> <span class='ocrx_word' id='word_1_749' title='bbox 1894 5005 1999 5063; x_wconf 89' lang='lat' dir='ltr'><strong>hoc</strong></span> 
     </span>
    </p>
   </div>
   <div class='ocr_carea' id='block_1_98' title="bbox 497 5096 947 5162">
    <p class='ocr_par' dir='ltr' id='par_1_98' title="bbox 497 5096 947 5162">
     <span class='ocr_line' id='line_1_98' title="bbox 497 5096 947 5162; baseline -0.009 -8"><span class='ocrx_word' id='word_1_750' title='bbox 497 5096 589 5153; x_wconf 73' lang='lat'><strong>“1</strong></span> <span class='ocrx_word' id='word_1_751' title='bbox 616 5097 741 5155; x_wconf 88' lang='lat' dir='ltr'><strong>Cor.</strong></span> <span class='ocrx_word' id='word_1_752' title='bbox 784 5112 859 5162; x_wconf 69' lang='grc' dir='ltr'><strong>ιι,</strong></span> <span class='ocrx_word' id='word_1_753' title='bbox 891 5097 947 5153; x_wconf 83' lang='grc'>9.</span> 
     </span>
    </p>
   </div>
   <div class='ocr_carea' id='block_1_99' title="bbox 495 5186 2005 5260">
    <p class='ocr_par' dir='ltr' id='par_1_99' title="bbox 495 5186 2005 5260">
     <span class='ocr_line' id='line_1_99' title="bbox 495 5186 2005 5260; baseline -0.001 -14"><span class='ocrx_word' id='word_1_754' title='bbox 495 5189 608 5259; x_wconf 76' lang='lat'><strong>(59)</strong></span> <span class='ocrx_word' id='word_1_755' title='bbox 635 5187 866 5260; x_wconf 80' lang='lat' dir='ltr'><strong>Philoc..</strong></span> <span class='ocrx_word' id='word_1_756' title='bbox 892 5186 1352 5260; x_wconf 78' lang='grc' dir='ltr'>ἀπηγορευμένων</span> <span class='ocrx_word' id='word_1_757' title='bbox 1397 5188 1732 5260; x_wconf 75' lang='lat' dir='ltr'><strong>Hteschelius</strong></span> <span class='ocrx_word' id='word_1_758' title='bbox 1754 5198 1809 5246; x_wconf 90' lang='lat' dir='ltr'><strong>et</strong></span> <span class='ocrx_word' id='word_1_759' title='bbox 1829 5189 2005 5260; x_wconf 78' lang='lat' dir='ltr'><strong>Spen-</strong></span> 
     </span>
    </p>
   </div>
   <div class='ocr_carea' id='block_1_100' title="bbox 426 5258 2006 5332">
    <p class='ocr_par' dir='ltr' id='par_1_100' title="bbox 426 5258 2006 5332">
     <span class='ocr_line' id='line_1_100' title="bbox 426 5258 2006 5332; baseline 0.002 -15"><span class='ocrx_word' id='word_1_760' title='bbox 426 5258 606 5326; x_wconf 85' lang='lat' dir='ltr'><strong>cerus,</strong></span> <span class='ocrx_word' id='word_1_761' title='bbox 631 5258 1137 5332; x_wconf 75' lang='grc' dir='ltr'>ᾁπηγορευομένων.</span> <span class='ocrx_word' id='word_1_762' title='bbox 1163 5258 1329 5332; x_wconf 62' lang='lat' dir='ltr'><strong>Paulo</strong></span> <span class='ocrx_word' id='word_1_763' title='bbox 1351 5270 1470 5326; x_wconf 90' lang='lat' dir='ltr'><strong>post</strong></span> <span class='ocrx_word' id='word_1_764' title='bbox 1494 5260 1652 5315; x_wconf 85' lang='lat' dir='ltr'><strong>iidetu</strong></span> <span class='ocrx_word' id='word_1_765' title='bbox 1674 5258 1731 5316; x_wconf 83' lang='lat' dir='ltr'><strong>iu</strong></span> <span class='ocrx_word' id='word_1_766' title='bbox 1760 5258 2006 5332; x_wconf 71' lang='lat' dir='ltr'><strong>margine</strong></span> 
     </span>
    </p>
   </div>
   <div class='ocr_carea' id='block_1_101' title="bbox 428 5326 1399 5401">
    <p class='ocr_par' dir='ltr' id='par_1_101' title="bbox 428 5326 1399 5401">
     <span class='ocr_line' id='line_1_101' title="bbox 428 5326 1399 5401; baseline -0.005 -15"><span class='ocrx_word' id='word_1_767' title='bbox 428 5347 527 5401; x_wconf 88' lang='lat' dir='ltr'><strong>pro</strong></span> <span class='ocrx_word' id='word_1_768' title='bbox 559 5326 855 5401; x_wconf 61' lang='grc' dir='ltr'>πράξουσιν</span> <span class='ocrx_word' id='word_1_769' title='bbox 876 5326 1079 5401; x_wconf 74' lang='lat' dir='ltr'><strong>habent</strong></span> <span class='ocrx_word' id='word_1_770' title='bbox 1104 5326 1399 5401; x_wconf 66' lang='grc' dir='ltr'>πράξομεν.</span> 
     </span>
    </p>
   </div>
   <div class='ocr_carea' id='block_1_102' title="bbox 2106 4550 3687 4631">
    <p class='ocr_par' dir='ltr' id='par_1_102' title="bbox 2106 4550 3687 4631">
     <span class='ocr_line' id='line_1_102' title="bbox 2106 4550 3687 4631; baseline -0.007 -18"><span class='ocrx_word' id='word_1_771' title='bbox 2106 4561 2322 4631; x_wconf 88' lang='grc' dir='ltr'>νόμους.</span> <span class='ocrx_word' id='word_1_772' title='bbox 2358 4558 2471 4612; x_wconf 75' lang='grc' dir='ltr'><strong>Καὶ</strong></span> <span class='ocrx_word' id='word_1_773' title='bbox 2501 4556 2595 4609; x_wconf 66' lang='grc' dir='ltr'>ἐπὶ</span> <span class='ocrx_word' id='word_1_774' title='bbox 2646 4554 2821 4625; x_wconf 85' lang='grc' dir='ltr'>τούτῳ</span> <span class='ocrx_word' id='word_1_775' title='bbox 2849 4571 2914 4622; x_wconf 91' lang='grc' dir='ltr'><strong>γε</strong></span> <span class='ocrx_word' id='word_1_776' title='bbox 2938 4553 3198 4617; x_wconf 78' lang='grc' dir='ltr'>τωθάζων</span> <span class='ocrx_word' id='word_1_777' title='bbox 3239 4554 3268 4607; x_wconf 86' lang='lat'><strong>6</strong></span> <span class='ocrx_word' id='word_1_778' title='bbox 3314 4552 3519 4614; x_wconf 84' lang='grc' dir='ltr'>Κέλσος</span> <span class='ocrx_word' id='word_1_779' title='bbox 3560 4550 3687 4610; x_wconf 85' lang='grc' dir='ltr'>τοὺς</span> 
     </span>
    </p>
   </div>
   <div class='ocr_carea' id='block_1_103' title="bbox 2108 4637 3689 4720">
    <p class='ocr_par' dir='ltr' id='par_1_103' title="bbox 2108 4637 3689 4720">
     <span class='ocr_line' id='line_1_103' title="bbox 2108 4637 3689 4720; baseline -0.009 -15"><span class='ocrx_word' id='word_1_780' title='bbox 2108 4649 2260 4720; x_wconf 76' lang='grc' dir='ltr'>παρὰ</span> <span class='ocrx_word' id='word_1_781' title='bbox 2296 4647 2570 4711; x_wconf 80' lang='grc' dir='ltr'>Ἰουδαίοις</span> <span class='ocrx_word' id='word_1_782' title='bbox 2606 4646 2869 4715; x_wconf 83' lang='grc' dir='ltr'>ἀγγέλους</span> <span class='ocrx_word' id='word_1_783' title='bbox 2894 4643 3289 4715; x_wconf 86' lang='grc' dir='ltr'>πρεσϐεύοντας</span> <span class='ocrx_word' id='word_1_784' title='bbox 3314 4641 3383 4696; x_wconf 76' lang='grc' dir='ltr'>τὰ</span> <span class='ocrx_word' id='word_1_785' title='bbox 3412 4641 3505 4693; x_wconf 88' lang='grc' dir='ltr'><strong>τοῦ</strong></span> <span class='ocrx_word' id='word_1_786' title='bbox 3530 4637 3689 4703; x_wconf 83' lang='grc' dir='ltr'>Θεοῦ,</span> 
     </span>
    </p>
   </div>
   <div class='ocr_carea' id='block_1_104' title="bbox 2112 4730 3689 4807">
    <p class='ocr_par' dir='ltr' id='par_1_104' title="bbox 2112 4730 3689 4807">
     <span class='ocr_line' id='line_1_104' title="bbox 2112 4730 3689 4807; baseline -0.008 -14"><span class='ocrx_word' id='word_1_787' title='bbox 2112 4760 2132 4792; x_wconf 67' lang='grc' dir='ltr'><strong>ι</strong></span> <span class='ocrx_word' id='word_1_788' title='bbox 2160 4739 2221 4793; x_wconf 86' lang='grc' dir='ltr'><strong>ού</strong></span> <span class='ocrx_word' id='word_1_789' title='bbox 2249 4737 2478 4791; x_wconf 86' lang='grc' dir='ltr'>κακίονα</span> <span class='ocrx_word' id='word_1_790' title='bbox 2497 4736 2607 4807; x_wconf 69' lang='grc'>(44)</span> <span class='ocrx_word' id='word_1_791' title='bbox 2633 4755 2651 4787; x_wconf 74' lang='grc' dir='ltr'><strong>ι</strong></span> <span class='ocrx_word' id='word_1_792' title='bbox 2687 4735 2887 4807; x_wconf 80' lang='grc' dir='ltr'>ἔφησεν</span> <span class='ocrx_word' id='word_1_793' title='bbox 2916 4752 2935 4784; x_wconf 71' lang='grc' dir='ltr'><strong>ι</strong></span> <span class='ocrx_word' id='word_1_794' title='bbox 2964 4732 3099 4787; x_wconf 72' lang='grc' dir='ltr'>εἶναι</span> <span class='ocrx_word' id='word_1_795' title='bbox 3128 4735 3219 4788; x_wconf 84' lang='grc' dir='ltr'><strong>τὸν</strong></span> <span class='ocrx_word' id='word_1_796' title='bbox 3250 4735 3520 4802; x_wconf 81' lang='grc' dir='ltr'>Ἀμμωνα</span> <span class='ocrx_word' id='word_1_797' title='bbox 3552 4730 3689 4799; x_wconf 74' lang='grc' dir='ltr'>πρὸς</span> 
     </span>
    </p>
   </div>
   <div class='ocr_carea' id='block_1_105' title="bbox 2103 4820 3688 4898">
    <p class='ocr_par' dir='ltr' id='par_1_105' title="bbox 2103 4820 3688 4898">
     <span class='ocr_line' id='line_1_105' title="bbox 2103 4820 3688 4898; baseline -0.008 -16"><span class='ocrx_word' id='word_1_798' title='bbox 2103 4830 2165 4882; x_wconf 83' lang='grc' dir='ltr'><strong>τὸ</strong></span> <span class='ocrx_word' id='word_1_799' title='bbox 2193 4825 2619 4898; x_wconf 80' lang='grc' dir='ltr'>διαπρεσϐεῦσαι</span> <span class='ocrx_word' id='word_1_800' title='bbox 2654 4826 2723 4880; x_wconf 80' lang='grc' dir='ltr'>τὰ</span> <span class='ocrx_word' id='word_1_801' title='bbox 2754 4825 3008 4895; x_wconf 88' lang='grc' dir='ltr'>δαιμόνια</span> <span class='ocrx_word' id='word_1_802' title='bbox 3043 4825 3077 4894; x_wconf 79' lang='grc' dir='ltr'>ἢ</span> <span class='ocrx_word' id='word_1_803' title='bbox 3125 4824 3175 4876; x_wconf 78' lang='grc' dir='ltr'><strong>οἱ</strong></span> <span class='ocrx_word' id='word_1_804' title='bbox 3220 4821 3483 4875; x_wconf 85' lang='grc' dir='ltr'>Ἰουδαίων</span> <span class='ocrx_word' id='word_1_805' title='bbox 3522 4820 3688 4886; x_wconf 77' lang='grc' dir='ltr'>ἄγγε-</span> 
     </span>
    </p>
   </div>
   <div class='ocr_carea' id='block_1_106' title="bbox 2104 4910 3683 4988">
    <p class='ocr_par' dir='ltr' id='par_1_106' title="bbox 2104 4910 3683 4988">
     <span class='ocr_line' id='line_1_106' title="bbox 2104 4910 3683 4988; baseline -0.008 -14"><span class='ocrx_word' id='word_1_806' title='bbox 2104 4921 2206 4974; x_wconf 93' lang='grc' dir='ltr'>λοι·</span> <span class='ocrx_word' id='word_1_807' title='bbox 2238 4940 2256 4971; x_wconf 76' lang='grc' dir='ltr'><strong>ι</strong></span> <span class='ocrx_word' id='word_1_808' title='bbox 2277 4912 2353 4973; x_wconf 84' lang='grc' dir='ltr'>ὧν</span> <span class='ocrx_word' id='word_1_809' title='bbox 2377 4920 2477 4971; x_wconf 83' lang='grc' dir='ltr'><strong>οὑκ</strong></span> <span class='ocrx_word' id='word_1_810' title='bbox 2498 4918 2728 4988; x_wconf 78' lang='grc' dir='ltr'>ἐξήτασε</span> <span class='ocrx_word' id='word_1_811' title='bbox 2742 4918 2869 4980; x_wconf 83' lang='grc' dir='ltr'>τοὺς</span> <span class='ocrx_word' id='word_1_812' title='bbox 2889 4917 3080 4984; x_wconf 88' lang='grc' dir='ltr'>λόγους</span> <span class='ocrx_word' id='word_1_813' title='bbox 3104 4916 3199 4969; x_wconf 75' lang='grc' dir='ltr'><strong>καὶ</strong></span> <span class='ocrx_word' id='word_1_814' title='bbox 3220 4914 3317 4977; x_wconf 81' lang='grc' dir='ltr'><strong>τὰς</strong></span> <span class='ocrx_word' id='word_1_815' title='bbox 3344 4910 3683 4982; x_wconf 77' lang='grc' dir='ltr'>ἐπιφανείας,</span> 
     </span>
    </p>
   </div>
   <div class='ocr_carea' id='block_1_107' title="bbox 2104 5000 3688 5082">
    <p class='ocr_par' dir='ltr' id='par_1_107' title="bbox 2104 5000 3688 5082">
     <span class='ocr_line' id='line_1_107' title="bbox 2104 5000 3688 5082; baseline -0.006 -17"><span class='ocrx_word' id='word_1_816' title='bbox 2104 5012 2158 5065; x_wconf 90' lang='grc' dir='ltr'><strong>τί</strong></span> <span class='ocrx_word' id='word_1_817' title='bbox 2187 5010 2489 5082; x_wconf 86' lang='grc' dir='ltr'>βούλονται.</span> <span class='ocrx_word' id='word_1_818' title='bbox 2528 5008 2796 5081; x_wconf 81' lang='grc' dir='ltr'>Ἐωράκει</span> <span class='ocrx_word' id='word_1_819' title='bbox 2826 5007 2935 5078; x_wconf 79' lang='grc' dir='ltr'>γὰρ</span> <span class='ocrx_word' id='word_1_820' title='bbox 2973 5007 3061 5073; x_wconf 80' lang='grc' dir='ltr'>ἂν,</span> <span class='ocrx_word' id='word_1_821' title='bbox 3095 5008 3178 5060; x_wconf 84' lang='grc' dir='ltr'>ὅτι</span> <span class='ocrx_word' id='word_1_822' title='bbox 3205 5007 3268 5060; x_wconf 84' lang='grc' dir='ltr'><strong>ού</strong></span> <span class='ocrx_word' id='word_1_823' title='bbox 3293 5005 3401 5058; x_wconf 83' lang='grc' dir='ltr'>τῶν</span> <span class='ocrx_word' id='word_1_824' title='bbox 3429 5002 3567 5074; x_wconf 83' lang='grc' dir='ltr'>βοῶν</span> <span class='ocrx_word' id='word_1_825' title='bbox 3592 5000 3688 5073; x_wconf 75' lang='grc' dir='ltr'>μί.-</span> 
     </span>
    </p>
   </div>
   <div class='ocr_carea' id='block_1_108' title="bbox 2178 5184 3683 5316">
    <p class='ocr_par' dir='ltr' id='par_1_108' title="bbox 2178 5184 3683 5316">
     <span class='ocr_line' id='line_1_108' title="bbox 2178 5184 3683 5316; baseline -0.008 -67"><span class='ocrx_word' id='word_1_826' title='bbox 2178 5191 2292 5264; x_wconf 66' lang='grc'>(42)</span> <span class='ocrx_word' id='word_1_827' title='bbox 2319 5192 2428 5249; x_wconf 78' lang='grc' dir='ltr'>Καὶ</span> <span class='ocrx_word' id='word_1_828' title='bbox 2459 5193 2611 5246; x_wconf 86' lang='grc' dir='ltr'>οὕτω</span> <span class='ocrx_word' id='word_1_829' title='bbox 2631 5189 2805 5316; x_wconf 56' lang='lat'><strong>.1210,</strong></span> <span class='ocrx_word' id='word_1_830' title='bbox 2831 5207 2885 5244; x_wconf 92' lang='grc' dir='ltr'><strong>κ.</strong></span> <span class='ocrx_word' id='word_1_831' title='bbox 2916 5209 2971 5246; x_wconf 84' lang='grc' dir='ltr'><strong>τ.</strong></span> <span class='ocrx_word' id='word_1_832' title='bbox 2994 5189 3044 5244; x_wconf 94' lang='grc' dir='ltr'><strong>λ.</strong></span> <span class='ocrx_word' id='word_1_833' title='bbox 3071 5188 3350 5250; x_wconf 79' lang='lat' dir='ltr'><strong>Minatius,</strong></span> <span class='ocrx_word' id='word_1_834' title='bbox 3375 5186 3425 5241; x_wconf 89' lang='lat' dir='ltr'><strong>in</strong></span> <span class='ocrx_word' id='word_1_835' title='bbox 3451 5184 3683 5247; x_wconf 81' lang='lat' dir='ltr'><strong>Octavio,</strong></span> 
     </span>
     <span class='ocr_line' id='line_1_109' title="bbox 2182 5256 3681 5316; baseline -0.007 0"><span class='ocrx_word' id='word_1_836' title='bbox 2182 5281 2236 5316; x_wconf 80' lang='lat' dir='ltr'><strong>tr.</strong></span> <span class='ocrx_word' id='word_1_837' title='bbox 2262 5265 2370 5316; x_wconf 60' lang='grc' dir='ltr'><strong>διε</strong></span> <span class='ocrx_word' id='word_1_838' title='bbox 2401 5280 2424 5315; x_wconf 68' lang='grc' dir='ltr'><em>ς</em></span> <span class='ocrx_word' id='word_1_839' title='bbox 2454 5262 2619 5316; x_wconf 85' lang='lat' dir='ltr'><strong>Iidem</strong></span> <span class='ocrx_word' id='word_1_840' title='bbox 2658 5280 2659 5283; x_wconf 67' lang='lat'>‘</span> <span class='ocrx_word' id='word_1_841' title='bbox 2719 5261 2901 5316; x_wconf 74' lang='lat' dir='ltr'><strong>&#39;uvnlii</strong></span> <span class='ocrx_word' id='word_1_842' title='bbox 2936 5276 3056 5315; x_wconf 88' lang='lat' dir='ltr'><strong>cum</strong></span> <span class='ocrx_word' id='word_1_843' title='bbox 3100 5259 3375 5316; x_wconf 76' lang='lat' dir='ltr'><strong>plerisque</strong></span> <span class='ocrx_word' id='word_1_844' title='bbox 3408 5256 3681 5311; x_wconf 78' lang='lat' dir='ltr'><strong>vobiscum</strong></span> 
     </span>
    </p>
   </div>
   <div class='ocr_carea' id='block_1_109' title="bbox 2110 5256 3681 5336">
    <p class='ocr_par' dir='ltr' id='par_1_109' title="bbox 2110 5256 3681 5336">
     <span class='ocr_line' id='line_1_110' title="bbox 2110 5256 3681 5336; baseline -0.009 -17"><span class='ocrx_word' id='word_1_845' title='bbox 2110 5256 2236 5336; x_wconf 73' lang='lat' dir='ltr'><strong>pag.</strong></span> <span class='ocrx_word' id='word_1_846' title='bbox 2262 5256 2370 5321; x_wconf 64' lang='grc' dir='ltr'>διε</span> <span class='ocrx_word' id='word_1_847' title='bbox 2401 5280 2424 5315; x_wconf 68' lang='grc' dir='ltr'><em>ς</em></span> <span class='ocrx_word' id='word_1_848' title='bbox 2454 5262 2619 5336; x_wconf 82' lang='lat' dir='ltr'><strong>Iidem</strong></span> <span class='ocrx_word' id='word_1_849' title='bbox 2658 5256 2901 5330; x_wconf 59' lang='lat' dir='ltr'><strong>‘IEgyplii</strong></span> <span class='ocrx_word' id='word_1_850' title='bbox 2936 5276 3056 5315; x_wconf 90' lang='lat' dir='ltr'><strong>cum</strong></span> <span class='ocrx_word' id='word_1_851' title='bbox 3100 5259 3375 5336; x_wconf 76' lang='lat' dir='ltr'><strong>plerisque</strong></span> <span class='ocrx_word' id='word_1_852' title='bbox 3408 5256 3681 5336; x_wconf 79' lang='lat' dir='ltr'><strong>vobiscum</strong></span> 
     </span>
    </p>
   </div>
   <div class='ocr_carea' id='block_1_110' title="bbox 2110 5326 3683 5403">
    <p class='ocr_par' dir='ltr' id='par_1_110' title="bbox 2110 5326 3683 5403">
     <span class='ocr_line' id='line_1_111' title="bbox 2110 5326 3683 5403; baseline -0.008 -14"><span class='ocrx_word' id='word_1_853' title='bbox 2110 5326 2216 5390; x_wconf 68' lang='lat' dir='ltr'><strong>non</strong></span> <span class='ocrx_word' id='word_1_854' title='bbox 2259 5336 2431 5403; x_wconf 85' lang='lat' dir='ltr'><strong>magis</strong></span> <span class='ocrx_word' id='word_1_855' title='bbox 2473 5326 2855 5403; x_wconf 15' lang='lat' dir='ltr'><strong>lsitlemiquat&#39;n</strong></span> <span class='ocrx_word' id='word_1_856' title='bbox 2908 5326 3164 5403; x_wconf 80' lang='lat' dir='ltr'><strong>ceparum</strong></span> <span class='ocrx_word' id='word_1_857' title='bbox 3211 5326 3535 5403; x_wconf 81' lang='lat' dir='ltr'><strong>acrimonias</strong></span> <span class='ocrx_word' id='word_1_858' title='bbox 3574 5339 3683 5377; x_wconf 91' lang='lat' dir='ltr'><strong>tne-</strong></span> 
     </span>
    </p>
   </div>
   <div class='ocr_carea' id='block_1_111' title="bbox 500 5396 3685 5470">
    <p class='ocr_par' dir='ltr' id='par_1_111' title="bbox 500 5396 3685 5470">
     <span class='ocr_line' id='line_1_112' title="bbox 500 5396 3685 5470; baseline -0.007 -3"><span class='ocrx_word' id='word_1_859' title='bbox 500 5396 617 5468; x_wconf 67' lang='grc' dir='ltr'><strong>(4οῘ</strong></span> <span class='ocrx_word' id='word_1_860' title='bbox 650 5401 741 5456; x_wconf 73' lang='grc' dir='ltr'><strong>δίο</strong></span> <span class='ocrx_word' id='word_1_861' title='bbox 771 5397 1062 5470; x_wconf 56' lang='grc' dir='ltr'><strong>Ρίιίίοοθξίίι</strong></span> <span class='ocrx_word' id='word_1_862' title='bbox 1091 5396 1293 5453; x_wconf 56' lang='lat' dir='ltr'><strong>leuius</strong></span> <span class='ocrx_word' id='word_1_863' title='bbox 1322 5412 1453 5452; x_wconf 70' lang='lat' dir='ltr'><strong>sane</strong></span> <span class='ocrx_word' id='word_1_864' title='bbox 1477 5412 1643 5466; x_wconf 80' lang='lat' dir='ltr'><strong>quam</strong></span> <span class='ocrx_word' id='word_1_865' title='bbox 1670 5396 2008 5456; x_wconf 73' lang='lat' dir='ltr'><strong>Hmschelius</strong></span> <span class='ocrx_word' id='word_1_866' title='bbox 2114 5411 2303 5470; x_wconf 82' lang='lat' dir='ltr'><strong>luunt;</strong></span> <span class='ocrx_word' id='word_1_867' title='bbox 2335 5396 2433 5458; x_wconf 63' lang='lat' dir='ltr'><strong>nec</strong></span> <span class='ocrx_word' id='word_1_868' title='bbox 2460 5396 2779 5470; x_wconf 76' lang='lat' dir='ltr'><strong>Serapidem</strong></span> <span class='ocrx_word' id='word_1_869' title='bbox 2807 5396 3160 5470; x_wconf 80' lang='lat' dir='ltr'><strong>magisquam</strong></span> <span class='ocrx_word' id='word_1_870' title='bbox 3183 5397 3448 5470; x_wconf 64' lang='lat' dir='ltr'><strong>strepitus</strong></span> <span class='ocrx_word' id='word_1_871' title='bbox 3468 5409 3561 5463; x_wconf 86' lang='lat' dir='ltr'><strong>per</strong></span> <span class='ocrx_word' id='word_1_872' title='bbox 3587 5408 3685 5460; x_wconf 88' lang='lat' dir='ltr'><strong>pu-</strong></span> 
     </span>
    </p>
   </div>
   <div class='ocr_carea' id='block_1_112' title="bbox 428 5463 1999 5547">
    <p class='ocr_par' dir='ltr' id='par_1_112' title="bbox 428 5463 1999 5547">
     <span class='ocr_line' id='line_1_113' title="bbox 428 5463 1999 5547; baseline 0 -22"><span class='ocrx_word' id='word_1_873' title='bbox 428 5482 484 5547; x_wconf 75' lang='lat' dir='ltr'><strong>et</strong></span> <span class='ocrx_word' id='word_1_874' title='bbox 509 5463 817 5547; x_wconf 68' lang='lat' dir='ltr'><strong>Spencerus</strong></span> <span class='ocrx_word' id='word_1_875' title='bbox 860 5469 952 5541; x_wconf 91' lang='lat' dir='ltr'><strong>qui</strong></span> <span class='ocrx_word' id='word_1_876' title='bbox 999 5467 1269 5541; x_wconf 80' lang='lat' dir='ltr'><strong>legerunt,</strong></span> <span class='ocrx_word' id='word_1_877' title='bbox 1300 5463 1793 5540; x_wconf 75' lang='grc' dir='ltr'>ὰπηγορευομένων</span> <span class='ocrx_word' id='word_1_878' title='bbox 1825 5472 1999 5547; x_wconf 70' lang='grc' dir='ltr'>αὐτοῖς</span> 
     </span>
    </p>
   </div>
   <div class='ocr_carea' id='block_1_113' title="bbox 2105 5463 3684 5547">
    <p class='ocr_par' dir='ltr' id='par_1_113' title="bbox 2116 5463 3684 5541">
     <span class='ocr_line' id='line_1_114' title="bbox 2116 5463 3684 5541; baseline -0.008 -12"><span class='ocrx_word' id='word_1_879' title='bbox 2116 5463 2553 5541; x_wconf 55' lang='grc' dir='ltr'>ἀοηόέοοιιροῆε</span> <span class='ocrx_word' id='word_1_880' title='bbox 2576 5463 2865 5541; x_wconf 47' lang='lat' dir='ltr'><strong>cupressos</strong></span> <span class='ocrx_word' id='word_1_881' title='bbox 2887 5463 3328 5525; x_wconf 71' lang='lat' dir='ltr'><strong>Eontretniscunt.</strong></span> <span class='ocrx_word' id='word_1_882' title='bbox 3363 5485 3381 5518; x_wconf 86' lang='grc'><strong>›</strong></span> <span class='ocrx_word' id='word_1_883' title='bbox 3417 5463 3684 5519; x_wconf 71' lang='lat' dir='ltr'><strong>Spssces.</strong></span> 
     </span>
    </p>
   </div>
   <div class='ocr_carea' id='block_1_114' title="bbox 428 5540 725 5610">
    <p class='ocr_par' dir='ltr' id='par_1_114' title="bbox 428 5540 725 5610">
     <span class='ocr_line' id='line_1_115' title="bbox 428 5540 725 5610; baseline 0.007 -18"><span class='ocrx_word' id='word_1_884' title='bbox 428 5540 725 5610; x_wconf 80' lang='grc' dir='ltr'>ἑκατέρων.</span> 
     </span>
    </p>
   </div>
   <div class='ocr_carea' id='block_1_115' title="bbox 501 5608 2008 5680">
    <p class='ocr_par' dir='ltr' id='par_1_115' title="bbox 501 5608 2008 5680">
     <span class='ocr_line' id='line_1_116' title="bbox 501 5608 2008 5680; baseline -0.001 -15"><span class='ocrx_word' id='word_1_885' title='bbox 501 5608 616 5679; x_wconf 73' lang='grc'>(41)</span> <span class='ocrx_word' id='word_1_886' title='bbox 646 5609 938 5666; x_wconf 85' lang='lat' dir='ltr'><strong>Philocalia</strong></span> <span class='ocrx_word' id='word_1_887' title='bbox 969 5608 1149 5669; x_wconf 86' lang='lat' dir='ltr'><strong>habet.</strong></span> <span class='ocrx_word' id='word_1_888' title='bbox 1186 5610 1286 5680; x_wconf 84' lang='grc' dir='ltr'><strong>ὅρα</strong></span> <span class='ocrx_word' id='word_1_889' title='bbox 1314 5608 1633 5679; x_wconf 82' lang='grc' dir='ltr'>φιλοσόφους</span> <span class='ocrx_word' id='word_1_890' title='bbox 1674 5610 2008 5678; x_wconf 86' lang='grc' dir='ltr'>γελοιότατα.</span> 
     </span>
    </p>
   </div>
   <div class='ocr_carea' id='block_1_116' title="bbox 430 5678 2012 5763">
    <p class='ocr_par' dir='ltr' id='par_1_116' title="bbox 430 5678 2012 5763">
     <span class='ocr_line' id='line_1_117' title="bbox 430 5678 2012 5763; baseline 0.003 -32"><span class='ocrx_word' id='word_1_891' title='bbox 430 5678 599 5763; x_wconf 63' lang='lat' dir='ltr'><strong>Paulo</strong></span> <span class='ocrx_word' id='word_1_892' title='bbox 628 5690 746 5748; x_wconf 89' lang='lat' dir='ltr'><strong>post</strong></span> <span class='ocrx_word' id='word_1_893' title='bbox 777 5681 987 5763; x_wconf 70' lang='lat' dir='ltr'><strong>eadem,</strong></span> <span class='ocrx_word' id='word_1_894' title='bbox 1029 5678 1295 5763; x_wconf 57' lang='grc' dir='ltr'>ἐμφαγεῖν</span> <span class='ocrx_word' id='word_1_895' title='bbox 1340 5680 1616 5763; x_wconf 88' lang='grc' dir='ltr'>κρομύων.</span> <span class='ocrx_word' id='word_1_896' title='bbox 1674 5681 2012 5738; x_wconf 77' lang='lat' dir='ltr'><strong>liceschelius</strong></span> 
     </span>
    </p>
   </div>
   <div class='ocr_carea' id='block_1_117' title="bbox 432 5748 1477 5821">
    <p class='ocr_par' dir='ltr' id='par_1_117' title="bbox 432 5748 1477 5821">
     <span class='ocr_line' id='line_1_118' title="bbox 432 5748 1477 5821; baseline 0.006 -22"><span class='ocrx_word' id='word_1_897' title='bbox 432 5756 483 5800; x_wconf 74' lang='lat' dir='ltr'><strong>tt</strong></span> <span class='ocrx_word' id='word_1_898' title='bbox 512 5748 839 5817; x_wconf 77' lang='lat' dir='ltr'><strong>Spencet‘us,</strong></span> <span class='ocrx_word' id='word_1_899' title='bbox 871 5751 1138 5818; x_wconf 78' lang='grc' dir='ltr'>ἐμφαγεῖν</span> <span class='ocrx_word' id='word_1_900' title='bbox 1175 5748 1477 5821; x_wconf 75' lang='grc' dir='ltr'>κρομμύου.</span> 
     </span>
    </p>
   </div>
   <div class='ocr_carea' id='block_1_118' title="bbox 2185 5555 3686 5635">
    <p class='ocr_par' dir='ltr' id='par_1_118' title="bbox 2185 5555 3686 5635">
     <span class='ocr_line' id='line_1_119' title="bbox 2185 5555 3686 5635; baseline -0.007 -16"><span class='ocrx_word' id='word_1_901' title='bbox 2185 5564 2299 5635; x_wconf 66' lang='grc'>(4⁸5)</span> <span class='ocrx_word' id='word_1_902' title='bbox 2361 5563 2696 5635; x_wconf 68' lang='grc' dir='ltr'>Ηωεςιιοιίυξ</span> <span class='ocrx_word' id='word_1_903' title='bbox 2742 5562 2803 5635; x_wconf 83' lang='lat' dir='ltr'><strong>in</strong></span> <span class='ocrx_word' id='word_1_904' title='bbox 2857 5572 3025 5635; x_wconf 71' lang='lat' dir='ltr'><strong>textu,</strong></span> <span class='ocrx_word' id='word_1_905' title='bbox 3074 5560 3145 5615; x_wconf 75' lang='grc' dir='ltr'>τὰ</span> <span class='ocrx_word' id='word_1_906' title='bbox 3174 5555 3686 5635; x_wconf 27' lang='grc' dir='ltr'>,τοιαῦτα-..τηρξξι</span> 
     </span>
    </p>
   </div>
   <div class='ocr_carea' id='block_1_119' title="bbox 2120 5624 3686 5703">
    <p class='ocr_par' dir='ltr' id='par_1_119' title="bbox 2120 5624 3686 5703">
     <span class='ocr_line' id='line_1_120' title="bbox 2120 5624 3686 5703; baseline -0.008 -12"><span class='ocrx_word' id='word_1_907' title='bbox 2120 5624 2291 5691; x_wconf 67' lang='grc' dir='ltr'>Ρίιῖιιό</span> <span class='ocrx_word' id='word_1_908' title='bbox 2313 5644 2435 5703; x_wconf 88' lang='lat' dir='ltr'><strong>post</strong></span> <span class='ocrx_word' id='word_1_909' title='bbox 2464 5636 2633 5689; x_wconf 75' lang='lat' dir='ltr'><strong>codex</strong></span> <span class='ocrx_word' id='word_1_910' title='bbox 2670 5632 2917 5688; x_wconf 82' lang='lat' dir='ltr'><strong>Julianus</strong></span> <span class='ocrx_word' id='word_1_911' title='bbox 2942 5632 3123 5695; x_wconf 81' lang='lat' dir='ltr'><strong>habet,</strong></span> <span class='ocrx_word' id='word_1_912' title='bbox 3158 5628 3353 5698; x_wconf 83' lang='grc' dir='ltr'>Λιϐύῃ,</span> <span class='ocrx_word' id='word_1_913' title='bbox 3386 5628 3479 5682; x_wconf 83' lang='lat' dir='ltr'><strong>alii</strong></span> <span class='ocrx_word' id='word_1_914' title='bbox 3503 5624 3686 5680; x_wconf 78' lang='grc' dir='ltr'>Λιϐΰι.</span> 
     </span>
    </p>
   </div>
   <div class='ocr_carea' id='block_1_120' title="bbox 2188 5718 3543 5797">
    <p class='ocr_par' dir='ltr' id='par_1_120' title="bbox 2188 5718 3543 5797">
     <span class='ocr_line' id='line_1_121' title="bbox 2188 5718 3543 5797; baseline -0.007 -17"><span class='ocrx_word' id='word_1_915' title='bbox 2188 5724 2299 5797; x_wconf 75' lang='grc'>(44)</span> <span class='ocrx_word' id='word_1_916' title='bbox 2330 5724 2673 5782; x_wconf 86' lang='lat' dir='ltr'><strong>lloescbelius</strong></span> <span class='ocrx_word' id='word_1_917' title='bbox 2705 5726 2764 5782; x_wconf 51' lang='lat' dir='ltr'><strong>in,</strong></span> <span class='ocrx_word' id='word_1_918' title='bbox 2786 5732 2957 5790; x_wconf 79' lang='lat' dir='ltr'><strong>textu,</strong></span> <span class='ocrx_word' id='word_1_919' title='bbox 2992 5723 3082 5777; x_wconf 75' lang='grc' dir='ltr'><strong>καὶ</strong></span> <span class='ocrx_word' id='word_1_920' title='bbox 3108 5719 3353 5784; x_wconf 85' lang='grc' dir='ltr'>κακίονα,</span> <span class='ocrx_word' id='word_1_921' title='bbox 3382 5718 3543 5772; x_wconf 86' lang='lat' dir='ltr'><strong>male.</strong></span> 
     </span>
    </p>
   </div>
  </div>
