3990 6158
327 313 464 369 1237

1519 309 1799 368 CONTRA
1837 311 2110 372 CELSUM
2149 309 2275 369 LIB.
2318 308 2382 365 γ.

3422 304 3561 360 1238

320 432 408 487 λει
458 429 537 501 τῷ
588 430 726 502 Θεῷ,
781 428 905 483 ἔνθα
938 429 1031 483 καὶ
1077 425 1220 481 δοκεῖ
1254 426 1380 498 περὶ
1431 427 1566 497 βοῶν
1613 430 1645 499 ἢ
1691 430 1894 499 ἀλόγων

2004 428 2273 483 velamine
2301 424 2575 480 naturales
2602 419 2845 491 quaedam
2880 419 3139 475 veritates
3181 420 3563 490 investiganda:

322 521 481 587 ζώων
509 520 846 591 νομοθετεῖν·
893 520 1028 576 ἀλλὰ
1054 520 1121 572 τὰ
1166 518 1232 571 δι’
1269 518 1585 589 ἀνθρώπους
1624 521 1898 590 γραφέντα

323 617 385 669 ἐν
427 614 771 685 προσχήματι
825 612 901 683 τῷ
947 612 1075 682 περὶ
1113 611 1320 678 ἀλόγων
1355 609 1509 674 ζώων
1556 610 1897 679 φυσιολογίαν

324 705 448 759 τινὰ
494 704 753 775 περιέχει.
789 703 996 765 Κέλσος
1050 702 1145 772 μὲν
1190 696 1284 754 οὖν
1338 700 1489 753 οὐδὲν
1540 699 1721 754 ἄδικόν
1766 717 1897 769 φησι

324 796 499 847 ποιεῖν
526 794 775 855 ἕκαστον,
818 791 887 844 τὰ
923 791 1157 861 σφέτερα
1187 789 1392 859 νόμιμα
1427 786 1744 859 θρησκεύειν
1784 787 1898 838 aec—

324 885 488 939 λοντα
506 901 519 915 ·
554 883 648 936 καὶ
678 882 955 937 ἀκολουθεῖ
981 883 1098 936 κατ’
1129 880 1289 934 αύτὺν
1320 879 1483 951 μηδὲν
1514 878 1696 932 ἄδικον
1730 880 1900 931 ποιεῖν

323 975 559 1037 Σκύθας,
591 975 712 1027 ἐπεὶ
736 973 878 1026 κατὰ
907 972 974 1026 τὰ
1000 972 1203 1042 πάτρια
1241 971 1513 1022 δαίνυνται
1547 967 1864 1039 ἀνθρώπους
1883 985 1896 999 ο

323 1065 422 1117 καὶ
459 1063 634 1117 Ἰνδῶν
679 1063 735 1115 δὲ
776 1063 825 1114 οί
867 1063 993 1124 τοὺς
1026 1060 1267 1130 πατέρας
1311 1060 1576 1122 ἐσθίοντες
1608 1060 1729 1112 ὅσια
1765 1061 1900 1130 δρᾷν

320 1154 599 1223 νομίζουσι
626 1154 721 1206 καὶ
750 1153 861 1223 (45)
891 1150 1031 1204 κατὰ
1058 1151 1149 1204 τὸν
1180 1150 1404 1215 Κέλσον,
1435 1151 1468 1220 ἢ
1501 1152 1600 1203 ούκ
1631 1151 1790 1204 ἀδικὰ
1814 1168 1896 1219 γε.

333 1242 638 1297 Ἐκτίθεται
689 1243 818 1312 γοῦν
887 1241 1169 1315 Ἡροδότου
1233 1242 1376 1305 λέξιν
1432 1243 1894 1314 συναγορεύουσαν

316 1331 401 1402 τῷ
427 1331 657 1385 ἕκαστον
696 1335 808 1395 τοῖς
857 1332 1105 1403 πατρίοις
1140 1330 1323 1401 νόμοις
1365 1331 1712 1402 καθηκόντως
1761 1330 1898 1401 χρῆ-

319 1422 478 1474 σθαι·
512 1422 604 1477 καὶ
631 1420 808 1474 ἔοικεν
831 1421 1208 1492 ἀποδεχομένῳ
1232 1421 1355 1484 τοὺς
1386 1422 1478 1475 ἐπὶ
1501 1421 1723 1493 Δαρείου
1752 1421 1896 1474 Καλ-

316 1512 510 1575 λατίας
553 1510 919 1582 καλουμένους
956 1512 1168 1575 Ἰνδοὺς,
1200 1513 1326 1576 τοὺς
1372 1514 1548 1581 γονεῖς
1590 1510 1897 1564 κατεσθίον-

2004 527 2411 590 preponuntur.
2449 516 2538 569 Ait
2570 516 2735 586 igitur
2761 514 2947 569 Celsus
2998 512 3130 567 nihil
3178 512 3436 581 injustum
3487 513 3564 565 fa-

2003 626 2147 675 cere,
2187 611 2278 679 qui
2313 609 2563 678 proprios
2594 623 2723 663 suos
2772 607 2906 662 ritus
2940 609 3192 661 observat
3223 622 3236 662 :
3267 606 3405 660 unde
3434 619 3563 661 cono

2004 716 2239 769 sequens
2275 713 2357 754 est
2388 699 2614 766 injustos
2638 715 2741 753 non
2777 713 2899 753 esse
2936 697 3186 767 Scythas,
3216 711 3338 752 cum
3370 709 3436 752 ex
3469 712 3563 767 pa-

2005 790 2123 844 triis
2152 790 2415 843 institutis
2446 790 2693 843 homines
2715 789 3014 853 devorant;
3046 786 3279 841 etludos
3306 784 3446 849 illos,
3472 787 3559 855 qui

2000 882 2218 952 pietatis
2258 896 2379 936 esse
2428 891 2619 950 putant
2654 888 2906 950 parentes
2947 881 3259 941 comedere,
3296 886 3443 931 recte
3485 876 3564 930 fa-

2001 984 2144 1033 cere,
2180 978 2272 1021 aut
2302 968 2494 1021 saltem
2542 982 2645 1020 non
2695 967 2909 1035 injuste.
2956 965 3258 1033 thuidem
3305 963 3561 1019 Herodoti

2004 1050 2589 1121 testimonium'aﬂ'crt,
2633 1058 2777 1124 quod
2822 1056 2949 1109 huic
2996 1055 3235 1123 opinioni
3272 1054 3432 1119 favet,
3466 1056 3562 1107 de-

2002 1149 2132 1203 bere
2164 1163 2436 1217 quemque
2478 1148 2669 1215 patriis
2703 1148 2909 1217 legibus
2950 1148 3211 1216 obsequi;
3265 1155 3318 1201 et
3348 1147 3562 1215 probari

2004 1240 2106 1306 ipsi
2140 1240 2394 1301 videntur
2418 1238 2529 1292 ludi
2557 1239 2628 1292 illi
2658 1238 2895 1293 Callatize
2927 1239 3016 1306 qui
3048 1255 3175 1293 suos
3197 1250 3445 1305 parentes
3472 1240 3565 1292 de-

2002 1338 2222 1393 vorant,
2249 1331 2451 1397 quique
2474 1331 2648 1400 rogati
2683 1346 2708 1383 a
2736 1330 2895 1383 Dario
2921 1344 3022 1397 qua
3050 1331 3297 1383 mercede
3320 1330 3458 1383 hanc
3485 1330 3563 1383 le-

2001 1435 2119 1489 gem
2151 1422 2501 1489 abrogarent,
2530 1422 2739 1492 magnis
2760 1420 3091 1477 clamoribus
3119 1423 3394 1492 jusserunt
3423 1421 3560 1477 bona

2000 1511 2163 1567 verba
2194 1513 2392 1567 dicere.

314 1624 420 1670 τας
441 1623 454 1637 °
486 1606 607 1659 ἐπεὶ
639 1605 775 1677 πρὸς
804 1607 895 1660 τὸν
923 1608 1147 1678 Δαρεῖον
1176 1607 1574 1677 πυνθανόμενον
1607 1607 1702 1659 ἐπὶ
1727 1606 1876 1676 πόσῳ
1902 1607 2141 1679 χρήματι
2174 1607 2469 1661 ἀποθέσθαι
2501 1606 2686 1661 τοῦτον
2706 1608 2796 1661 τὸν
2820 1608 2980 1678 νόμον
3011 1606 3303 1677 βούλονται,
3339 1604 3567 1675 ἀναϐοή-

317 1717 519 1764 σαντες
548 1701 712 1772 μέγα,
744 1703 1008 1773 εὐφημεῖν
1038 1704 1198 1756 αὐτὺν
1224 1703 1490 1757 ἐκέλευον.

394 1796 498 1848 Δύο
540 1795 717 1849 τοίνυν
762 1797 939 1866 νόμων
971 1797 1342 1871 προκειμένων
1389 1797 1639 1864 γενικῶς,
1675 1795 1891 1851 καὶτοῦ

2066 1793 2154 1847 57.
2183 1792 2366 1860 Itaque
2413 1805 2533 1845 cum
2565 1793 2682 1847 dure
2704 1792 3001 1862 generatim
3032 1792 3140 1848 sint
3175 1794 3338 1866 leges,
3358 1804 3565 1852 naturae

321 1888 425 1957 μὲν
449 1888 601 1951 ὄντος
626 1890 719 1959 τῆς
753 1887 962 1957 φύσεως
995 1890 1180 1959 νόμου,
1202 1890 1260 1943 ὃν
1286 1890 1415 1953 Θεὸς
1436 1890 1500 1943 ἂν
1519 1891 1895 1961 νομοθετῆσαι,

318 1979 507 2050 ἑτέρου
537 1979 593 2033 δὲ
621 1980 715 2033 τοῦ
746 1983 865 2042 ταῖς
889 1980 1077 2033 πόλεσι
1105 1980 1378 2052 γραπτοῦ·
1412 1983 1595 2046 καλὸν,
1637 1984 1769 2035 ὅπου
1799 1984 1897 2053 μὲν

323 2070 401 2141 μὴ
444 2071 776 2123 ἐναντιοῦται
827 2072 854 2122 6
886 2070 1129 2142 γραπτὸς
1154 2072 1351 2143 νόμους
1378 2072 1455 2143 τῷ
1482 2072 1575 2125 τοῦ
1616 2074 1771 2138 Θεοῦ,
1824 2074 1898 2145 μὴ

318 2160 499 2212 λιπεῖν
546 2159 655 2229 (46)
706 2160 833 2222 τοὺς
870 2160 1092 2225 πολίτας
1147 2162 1415 2232 προφάσει
1465 2163 1633 2228 ξένων
1678 2163 1892 2234 νόμων’

322 2247 453 2301 ἔνθα
483 2248 539 2300 δὲ
578 2247 647 2301 τά
688 2248 902 2301 ἐναντία
929 2248 1008 2319 τῷ
1036 2250 1267 2322 γραπτῷ
1312 2253 1461 2322 νόμῳ
1508 2254 1839 2323 προστάσσει
1868 2255 1897 2306 6

319 2337 423 2405 τῆς
453 2337 685 2407 φύσεως,
731 2338 979 2393 τουτέστι
1017 2340 1112 2393 τοῦ
1152 2340 1309 2405 Θεοῦ,
1347 2344 1450 2413 ὅρα
1483 2345 1530 2395 εἰ
1582 2344 1655 2414 μὴ
1688 2346 1715 2396 6
1742 2344 1897 2412 λόγος

323 2431 441 2499 ἐρεῖ
469 2430 603 2501 (47),
641 2432 858 2502 μακρὰν
890 2433 985 2499 μὲν
1012 2432 1221 2504 χαίρειν
1252 2436 1427 2487 εἰπεῖν
1448 2439 1557 2498 τοῖς
1588 2437 1896 2505 γεγραμμέ-

322 2538 436 2584 νοις
487 2524 584 2575 uati.
630 2524 706 2594 τῷ
743 2525 1042 2594 βουλήματι
1086 2525 1194 2578 τῶν
1227 2524 1556 2594 νομοθετῶν,
1607 2526 1896 2580 ἐπιδιδόναι

323 2610 380 2661 δὲ
401 2612 563 2663 αὑτὸν
594 2612 670 2682 τῷ
704 2613 823 2683 Θεῷ
848 2615 1130 2687 νομοθέτῃ,
1162 2616 1253 2668 καὶ
1282 2614 1420 2668 κατὰ
1457 2615 1549 2670 τὸν
1577 2616 1765 2670 τούτου
1810 2617 1896 2670 λό-

325 2712 421 2763 γον
449 2699 717 2768 αἱρεῖσθαι
751 2699 917 2769 βιοῦν,
951 2702 1053 2756 κᾶν
1086 2702 1221 2773 μετὰ
1252 2702 1529 2768 κινδύνων,
1557 2706 1648 2757 καὶ
1690 2707 1894 2776 μυρίων

327 2785 527 2851 πόνων,
582 2786 677 2840 καὶ
727 2787 991 2854 θανάτων,
1022 2792 1115 2843 καὶ
1144 2791 1359 2855 ἀδοξίας
1390 2792 1546 2846 τοῦτο
1579 2794 1670 2865 δέῃ
1702 2780 1891 2849 ποιεῖν.

326 2875 435 2927 Καὶ
474 2874 583 2946 γὰρ
627 2878 846 2944 ἄτοπον,
894 2880 1002 2933 τῶν
1051 2882 1392 2952 ἀρεσκόντων
1423 2884 1500 2953 τῷ
1531 2884 1648 2955 Θεῷ
1695 2886 1894 2956 ἐτέρων

325 2965 491 3019 ὄντων
518 2966 669 3037 παρά
694 2967 761 3020 τὰ
787 2968 1087 3040 ἀρέσκοντά
1104 2988 1214 3024 τισι
1240 2972 1346 3026 τῶν
1371 2975 1430 3026 ἐν
1454 2976 1575 3036 ταῖς
1596 2975 1779 3029 πόλεσι
1810 2978 1896 3030 νύ·-

328 3072 464 3125 μων,
509 3057 602 3110 καὶ
633 3059 914 3128 ἀμηχάνου
959 3061 1315 3131 τυγχάνοντος
1346 3064 1602 3135 ἀρέσκειν
1636 3066 1755 3138 Θεῷ
1800 3070 1893 3122 καὶ

2000 1885 2171 1939 altera
2218 1885 2376 1953 cujus
2433 1884 2574 1939 Deus
2632 1895 2848 1948 auctor,
2881 1885 3048 1939 altera
3091 1888 3311 1941 urbibus
3363 1890 3566 1955 scripto

2000 1976 2161 2037 data;
2192 1975 2281 2028 ubi
2314 1978 2511 2044 scripta
2547 1976 2743 2030 divinae
2774 1993 2879 2030 non
2911 1979 3247 2042 adversatur,
3280 1978 3426 2034 illam
3472 1982 3565 2035 de-

1999 2073 2086 2119 cet
2117 2079 2144 2117 a
2177 2064 2385 2118 civibus
2408 2065 2776 2130 observari,et
2810 2066 3019 2134 legibus
3046 2067 3248 2121 exteris
3269 2070 3562 2137 anteponi;

1998 2158 2093 2211 sed
2132 2157 2219 2210 ubi
2260 2156 2480 2223 scriptae
2528 2155 2631 2225 legi
2664 2156 2746 2211 lex
2780 2168 3007 2222 naturae,
3040 2159 3140 2213 hoc
3161 2168 3245 2213 est
3290 2160 3406 2230 Dei,
3438 2176 3566 2217 con—

2001 2247 2165 2301 traria
2199 2246 2465 2317 praecipit,
2499 2246 2621 2301 vide
2654 2261 2835 2302 annon
2882 2248 3023 2303 ratio
3052 2249 3200 2315 velit,
3241 2258 3301 2304 ut
3339 2253 3565 2321 scriptis

1997 2336 2209 2406 legibus
2247 2338 2427 2391 valere
2457 2335 2647 2405 jussis,
2681 2340 3348 2409 spretaqnelegislatorum
3379 2343 3566 2397 volun-

2001 2435 2125 2488 tate,
2162 2426 2260 2479 soli
2291 2427 2400 2480 Deo
2429 2426 2726 2496 legislatori
2760 2438 3041 2496 pareatur,
3076 2438 3130 2482 et
3175 2445 3242 2483 ex
3274 2432 3390 2499 ejus
3429 2446 3567 2500 pra:-

1997 2517 2204 2585 scripto
2238 2518 2345 2569 vita
2379 2529 2759 2587 componatur,
2785 2519 2995 2573 etiamsi
3026 2520 3077 2575 id
3109 2522 3393 2577 facientem
3423 2525 3568 2592 peri-

1998 2606 2140 2671 cula,
2177 2606 2385 2663 labores
2419 2609 2711 2675 innumeri,
2742 2624 2908 2677 mors,
2939 2611 3233 2681 ignominia
3263 2626 3565 2668 manerent.

1996 2694 2128 2751 Cum
2158 2697 2297 2749 enim
2323 2712 2408 2761 ea,
2444 2713 2563 2766 quae
2596 2698 2703 2752 Deo
2726 2700 2959 2768 placent,
3012 2717 3154 2771 saepe
3190 2703 3402 2759 diversa
3456 2705 3566 2760 sint

1998 2797 2026 2837 a
2052 2785 2380 2854 quibusdam
2428 2788 2639 2857 legibus
2670 2804 2769 2858 pro
2799 2790 3057 2847 societate
3099 2793 3263 2865 606
3298 2796 3566 2853 couStitu-

2000 2875 2089 2939 tis,
2119 2884 2173 2929 et
2214 2876 2550 2945 impossibile
2586 2879 2653 2933 sit
2688 2880 2796 2934 Deo
2824 2881 2986 2936 simul
3018 2892 3075 2937 et
3099 2885 3454 2952 quarumdam
3488 2888 3565 2942 le-

1997 2982 2121 3035 gum
2168 2968 2431 3023 latoribus
2466 2969 2720 3039 placere;
2759 2974 3058 3028 absurdum
3111 2974 3274 3031 fuerit
3322 2978 3562 3034 actiones

1999 3057 2117 3111 illas
2145 3068 2502 3115 contemnere
2546 3063 2742 3133 quibus
2795 3079 2975 3119 rerum
3012 3068 3252 3120 omnium
3284 3069 3563 3126 Conditori

323 3148 435 3208 τοῖς
462 3148 823 3217 πρεσϐεύουσι
860 3149 987 3214 τοὺς
1018 3151 1255 3205 τοιούσδε
1284 3153 1499 3223 νόμους,
1531 3160 1887 3229 καταφρονεῖν

1999 3147 2193 3215 placcri
2225 3159 2428 3218 potest;
2461 3152 2584 3207 illas
2613 3162 2789 3208 autem
2809 3155 3025 3224 eligere,
3049 3157 3267 3227 quibus,
3298 3161 3562 3229 placendo

328 3236 427 3304 μὲν
468 3238 738 3308 πράξεων,
789 3240 854 3293 δι’
885 3234 959 3296 ὧν
992 3243 1176 3313 ἀρέσει
1211 3261 1295 3307 τις
1349 3243 1426 3315 τῷ
1458 3245 1565 3299 τῶν
1611 3247 1746 3300 ὅλων
1790 3248 1895 3319 Δη-

330 3326 593 3396 μιουργῷ,
621 3328 895 3398 αἱρεῖσθαι
921 3330 976 3382 δὲ
1004 3332 1234 3398 ἐκείνας,
1267 3333 1326 3397 ἐξ
1347 3328 1420 3387 ὧν
1449 3336 1760 3406 ἀπάρεστος
1797 3337 1895 3407 μέν

325 3434 409 3481 τις
438 3418 587 3472 ἔσται
616 3421 693 3491 τῷ
725 3421 864 3491 Θεῷ,
900 3423 1129 3495 ἀρεστὸς
1160 3426 1215 3478 δὲ
1254 3428 1365 3489 τοῖς
1394 3427 1612 3498 ἀνόμοις
1661 3429 1771 3499 (48)
1811 3430 1896 3483 νό-

328 3528 449 3581 μοις
502 3514 595 3565 καὶ
633 3516 748 3577 τοῖς
798 3515 1003 3569 τούτων
1035 3516 1226 3585 φίλοις.
1266 3518 1438 3589 Εἴπερ
1465 3520 1520 3572 δέ
1554 3520 1775 3589 εὔλογον
1804 3521 1897 3575 ἐπὶ

323 3601 431 3653 τῶν
465 3601 656 3668 ἄλλων,
707 3604 799 3657 τὸν
844 3606 943 3675 τῆς
985 3606 1197 3674 φύσεως
1226 3611 1499 3679 προτιμᾷν
1538 3609 1721 3678 νόμον,
1767 3612 1896 3666 ὄντα

323 3694 484 3763 νόμον
515 3694 608 3748 τοῦ
632 3695 788 3760 Θεοῦ,
820 3696 971 3768 παρὰ
998 3698 1087 3751 τὸν
1115 3701 1496 3769 γεγραμμένον
1522 3701 1614 3754 καὶ
1646 3702 1750 3755 ὑπὸ
1787 3702 1895 3757 τῶν

325 3786 625 3856 ἀνθρώπων
659 3789 915 3851 ἐναντίως
960 3789 1035 3859 τῷ
1063 3790 1212 3860 νόμῳ
1244 3790 1339 3843 τοῦ
1382 3791 1517 3846 Θεοῦ
1546 3794 1896 3865 νενομοθετη-

327 3874 484 3944 μένον
511 3876 619 3946 (49)
640 3892 652 3906 ⁸
698 3877 815 3939 πῶς
838 3877 958 3947 ούχὶ
979 3879 1135 3931 τοῦτο
1172 3880 1369 3949 μᾶλλον
1399 3880 1456 3934 ἐν
1484 3884 1595 3945 τοῖς
1621 3884 1746 3954 περὶ
1760 3884 1894 3938 Θεοῦ

322 3965 507 4034 νόμοις
539 3967 816 4037 ποιητέον;
853 3968 946 4020 καὶ
998 3967 1119 4020 οὔτε
1159 3968 1234 4031 ὡς
1262 3969 1531 4035 Αἰθίοπες,
1572 3976 1621 4026 oi.
1657 3972 1724 4026 τὰ
1767 3975 1896 4046 περὶ

322 4056 422 4123 τὴν
444 4056 661 4127 Μερόην
686 4056 977 4121 οἰκοῦντες,
1001 4059 1099 4111 Δία
1130 4060 1222 4112 καὶ
1247 4060 1498 4116 Διόνυσον
1533 4062 1627 4133 (ὡς
1670 4066 1896 4129 ἐκείνοις

322 4147 589 4217 ἀρέσκει),
620 4147 812 4216 μόνους
842 4151 1314 4220 προσκυνήσομεν·
1355 4152 1469 4204 ἀλλ’
1502 4154 1610 4205 οὐδ’
1646 4156 1781 4220 ὅλως
1803 4160 1895 4211 Λί-

323 4237 602 4297 θιοπικοὺς
643 4235 795 4298 θεοὺς
840 4236 1175 4301 Αἰθιοπικῶς
1210 4240 1542 4310 τιμήσομεν
1582 4240 1714 4306 οὗθ’,
1744 4241 1818 4307 ώς
1847 4246 1894 4298 οἱ

336 4322 595 4393 Ἀράϐιοι,
620 4325 717 4395 τὴν
738 4324 1006 4395 Οὐρανίαν
1038 4325 1129 4378 καὶ
1153 4325 1243 4379 τὸν
1267 4328 1516 4382 Διόνυσον
1540 4330 1731 4399 μόνους
1760 4333 1897 4402 ἡγη-

323 4415 529 4484 σόμεθα
562 4413 717 4478 θεούς
741 4432 753 4445 ·
799 4416 913 4469 ἀλλ’
956 4415 1065 4468 οὐδ’
1093 4416 1226 4480 ὅλως
1261 4417 1436 4481 θεοὺς,
1469 4417 1527 4471 ἐν
1556 4416 1635 4482 οἷς
1667 4419 1726 4472 τὸ
1758 4421 1891 4491 θῆλυ

321 4506 416 4561 καὶ
450 4507 509 4559 τὸ
554 4505 721 4577 ἄρρεν
760 4505 1068 4572 δεδόξασται
1102 4504 1197 4577 (ὡς
1245 4508 1461 4579 θήλειαν
1502 4508 1610 4581 γὰρ
1651 4510 1890 4580 Ἀράϐιοι

318 4599 417 4670 τὴν
446 4601 712 4670 Οὐρανίαν
734 4600 1114 4669 προσκυνοῦσι,
1144 4601 1237 4654 καὶ
1265 4602 1338 4664 ὡς
1364 4603 1569 4674 ἄρρενα
1596 4603 1686 4657 τὸν
1710 4605 1889 4657 Διόνυ-

322 4692 431 4760 σον)
452 4708 465 4721 ⁸
497 4690 611 4743 ἀλλ’
642 4692 773 4755 οὐδ’,
806 4692 880 4754 ὡς
908 4691 1108 4755 πάντες
1143 4692 1452 4761 Αἰγύπτιοι,
1483 4692 1637 4760 θεοὺς
1673 4697 1889 4766 νομίσο-

323 4799 422 4851 μεν
450 4784 659 4852 Ὄσιριν
684 4783 776 4836 καὶ
809 4785 943 4837 Ἶσιν
963 4801 974 4813 ·
1008 4784 1128 4837 οὐδὲ
1158 4787 1366 4849 τούτοις
1388 4787 1885 4859 συγκατατάξομεν,

322 4872 462 4924 κατὰ
491 4873 559 4924 τὰ
601 4878 713 4937 τοῖς
746 4876 965 4937 Σαΐταις
1001 4875 1279 4941 δοκοῦντα,
1315 4876 1412 4948 τὴν
1449 4878 1695 4950 Ἀθηνᾶν.
1731 4881 1793 4931 Ei
1831 4882 1885 4934 δὲ

322 4961 415 5014 καὶ
435 4960 833 5032 Ναυκρατίταις
858 4965 990 5018 ἀλλα
1020 4965 1116 5036 μὲν
1142 4966 1284 5031 ἔδοξε
1313 4966 1487 5020 σέϐειν
1513 4972 1623 5032 τοῖς
1656 4971 1892 5040 πρεσϐυ-

321 5052 518 5122 τέροις,
548 5052 636 5105 τὸν
665 5053 904 5126 Σάραπιν
939 5057 994 5110 δὲ
1022 5060 1132 5121 τοῖς
1160 5058 1284 5136 χθὲς
1313 5059 1407 5113 καὶ
1436 5059 1624 5133 πρώην
1650 5060 1890 5133 ἀρξαμέ-

390 5285 501 5359 (ίξ)
534 5283 853 5359 Νομίζόυσι
884 5289 1002 5340 καί.
1057 5288 1209 5356 Legit
1256 5289 1589 5348 Bolterellus,
1631 5291 1879 5359 νομίζον-

314 5373 427 5429 ται,
456 5356 627 5429 Putth
681 5367 799 5422 post
842 5371 982 5429 mss._
1018 5359 1486 5429 συναγορεύουσαν
1524 5358 1601 5429 τῷ
1630 5356 1878 5415 ἕκαστον.

317 5425 470 5496 Libb.
501 5426 651 5489 editi,
691 5426 1154 5496 συναγορεύουσαν
1177 5425 1237 5479 τό
1267 5428 1511 5479 ἕκαστον.

391 5495 502 5562 (46)
536 5495 975 5565 Amsi'rtlte’cte
1020 5497 1125 5550 duo
1172 5497 1327 5565 codd.
1388 5497 1692 5565 Anglicani.
1747 5497 1883 5554 Male

316 5562 655 5619 llmschclins
692 5574 746 5620 et
777 5564 1100 5633 Spencerus,
1128 5563 1318 5618 λιπών.

388 5633 894 5753 ἓέἔίὶιιωεςιιειίυδ
927 5635 977 5689 in
1024 5645 1169 5689 textu
1210 5635 1392 5702 habet,
1423 5636 1509 5688 ἀεὶ
1540 5636 1754 5708 μακρὰν
1786 5640 1883 5708 μὲν

316 5720 543 5773 χαιρεινι

1995 3238 2173 3308 impiis
2222 3241 2432 3308 legibus
2457 3257 2756 3314 earumque
2797 3245 3129 3314 fautoribus,
3164 3249 3275 3307 Deo
3305 3252 3546 3323 displice-

1996 3344 2196 3387 remus.
2228 3330 2345 3386 Jam
2378 3333 2422 3386 si
2454 3335 2648 3389 rationi
2674 3346 3100 3401 consentaneum
3133 3351 3215 3398 est
3250 3343 3302 3398 in
3326 3344 3449 3402 aliis
3481 3362 3565 3402 re—

1993 3419 2093 3475 bus
2128 3430 2334 3476 natura:
2355 3423 2550 3493 legem,
2586 3441 2707 3495 qua:
2739 3429 2829 3483 Dei
2862 3429 2946 3483 lex
2977 3441 3080 3495 est,
3116 3432 3218 3502 legi
3248 3434 3470 3505 scripta:
3507 3447 3563 3491 et

1995 3510 2064 3564 ab
2114 3511 2422 3568 hominibus
2480 3525 2672 3569 contra
2724 3517 2817 3572 Dei
2871 3518 3043 3587 legem
3101 3521 3223 3576 lata:
3263 3523 3561 3590 anteferri;

1994 3612 2198 3670 quanto
2239 3604 2410 3673 magis
2451 3605 2500 3659 id
2561 3605 2613 3658 in
2670 3607 2762 3661 Dei
2815 3608 3025 3676 legibus
3078 3610 3383 3669 faciendum
3447 3618 3563 3670 est?

1995 3689 2110 3744 Non
2145 3691 2328 3760 igitur,
2362 3699 2419 3747 ut
2450 3691 2755 3762 Ethiopes,
2785 3698 2879 3766 qui
2936 3698 3082 3753 circa
3136 3700 3354 3757 Meroen
3410 3704 3563 3760 babi-

1999 3789 2135 3846 tant,
2161 3779 2345 3837 Jovem
2382 3791 2436 3836 et
2458 3781 2738 3851 Liberum,
2772 3802 2909 3858 quos
2931 3788 3075 3846 solus
3103 3791 3232 3848 deos
3261 3792 3368 3849 illis
3394 3807 3562 3865 agno-

1996 3886 2148 3928 scere
2172 3874 2346 3929 visum
2376 3884 2477 3941 est,
2528 3876 2911 3946 adorabimus;
2965 3895 3140 3952 neque
3185 3886 3407 3944 omnino
3431 3889 3562 3945 deos

1997 3961 2340 4035 AEtbiopicos
2370 3966 2687 4039 {Ethiopum
2735 3972 2840 4026 ritu
2896 3976 3313 4046 venerabimur;
3361 3994 3564 4049 neque.

1998 4063 2057 4109 ut
2082 4056 2313 4125 Arabes,
2346 4058 2603 4116 Uraniam
2637 4072 2691 4117 et
2722 4064 2995 4121 Bacchum
3024 4067 3172 4123 solos
3198 4084 3296 4138 pro
3324 4072 3425 4129 diis
3472 4074 3565 4127 ba-

1995 4148 2276 4216 bebimus;
2311 4166 2485 4222 neque
2504 4154 2661 4209 nobis
2694 4156 2914 4211 deorum
2951 4158 3066 4213 loco
3091 4174 3250 4217 erunt
3274 4163 3333 4228 ii,
3366 4164 3417 4218 in
3446 4166 3564 4234 qui-

1995 4240 2097 4297 bus
2126 4258 2291 4300 sexus
2331 4247 2684 4316 distinguitur
2716 4248 2946 4316 (Arabes
2980 4251 3125 4305 enim
3177 4251 3432 4310 Uraniam
3463 4270 3561 4325 pro

1997 4342 2198 4398 femina
2228 4353 2285 4400 et
2316 4345 2586 4401 Bacchum
2615 4362 2714 4416 pro
2736 4363 2887 4403 mare
2910 4349 3134 4419 colunt);
3161 4365 3356 4422 neque,
3384 4364 3442 4408 ut
3466 4354 3563 4410 Αἵ.-

1998 4431 2168 4501 gyptii
2188 4447 2397 4500 omnes,
2417 4435 2546 4491 deos
2568 4437 2936 4507 reputabitnus
2958 4440 3221 4498 Osiridem
3252 4453 3306 4499 et
3329 4444 3558 4515 Isidem;

1999 4542 2175 4599 neque
2201 4529 2305 4608 diis
2343 4532 2781 4599 accenscbimus,
2812 4543 2873 4588 ut
2906 4535 3073 4594 Saitis
3112 4539 3307 4608 placet,
3359 4539 3559 4598 Miner-

2000 4632 2143 4673 vam.
2184 4604 2250 4674 Et
2282 4623 2325 4673 si
2354 4622 2549 4689 priscis
2575 4624 2790 4693 quidem
2823 4626 3154 4685 Naucratitis
3187 4632 3288 4684 alia
3317 4632 3557 4698 numina,

1999 4707 2400 4764 recentioribus
2450 4720 2631 4768 autem
2688 4714 2917 4787 Serapin
2975 4721 3065 4791 qui
3115 4736 3389 4791 nunquam
3427 4722 3560 4781 deus

1998 4796 2195 4866 fuerat,
2223 4802 2404 4872 colere
2448 4805 2621 4861 visum
2648 4818 2771 4875 est;
2802 4827 2903 4865 nos
2932 4825 3081 4869 certe
3118 4815 3170 4870 in
3200 4816 3423 4873 deorum
3458 4833 3558 4873 nu-

1996 4906 2201 4945 merum
2241 4909 2345 4948 non
2380 4895 2683 4954 referemus
2726 4901 2889 4956 deum
2932 4915 3230 4972 recentem,
3266 4908 3359 4977 qui
3395 4922 3558 4968 antea

1995 4994 2099 5033 non
2133 4991 2278 5047 erat,
2323 4985 2415 5054 qui
2456 4994 2615 5041 notus
2654 4990 2885 5045 antehac
2934 4991 3246 5049 lmminibus
3291 5011 3394 5050 non
3435 4996 3555 5053 fuit.

1994 5066 2177 5138 Neque
2207 5072 2350 5126 enim
2388 5074 2481 5130 Dei
2514 5075 2679 5134 Filius
2710 5081 2802 5151 qui
2837 5100 2859 5135 ι
2892 5084 3288 5155 primogenitus
3324 5095 3407 5143 est
3435 5101 3555 5141 om-

2053 5299 2163 5377 (αξξί)
2204 5304 2465 5377 Ἁνόμοις
2512 5308 2738 5375 νόμοις.
2784 5306 2874 5362 Sic
2915 5308 3020 5361 duo
3052 5308 3210 5363 codd.
3254 5308 3452 5377 Regius
3498 5319 3554 5366 et

1979 5364 2409 5448 .Basiléen_sis,'et
2440 5364 2537 5448 est
2559 5364 2891 5433 v'era'lectio.
2920 5376 3262 5433 litesclielius
3286 5364 3362 5432 et"
3377 5364 3553 5448 Spen-l

1981 5452 2160 5516 certis,
2186 5443 2246 5516 ού
2274 5442 2457 5516 νόμοις
2482 5446 2685 5516 νόμοις.

2050 5506 2162 5578 (49)
2192 5506 2526 5568 llmscltelius
2547 5506 2819 5587 intextu,
2846 5516 3221 5587 τετιμημένον..
3270 5514 3396 5587 Eost
3423 5532 3554 5587 pauo

1980 5577 2144 5661 lulum
2186 5594 2349 5661 recte
2376 5578 2764 5661 mss._habent,
2790 5577 2864 5661 ’ἐν
2887 5577 3156 5661 cpi-grano:
3181 5585 3316 5640 Θεοῦ
3342 5577 3553 5661 νόμοις,

1984 5650 2120 5704 male
2148 5652 2304 5705 codd.
2337 5653 2491 5721 itnp.,
2517 5656 2573 5705 ἐν
2604 5657 2713 5716 τοῖς
2744 5655 2870 5724 περὶ
2898 5654 3032 5707 Θεοῦ
3063 5650 3246 5730 νόμον.
