3990 6158
420 253 562 309 4259
1869 247 2011 305 ORIC

2123 250 2189 305 lSt
3517 251 3661 307 i240

418 366 508 423 nis
543 375 809 423 creaturae
836 367 904 431 ιι,
940 385 958 418 ι
1005 365 1208 421 idcirco
1244 378 1430 420 recens
1464 374 1567 433 est,
1607 367 1735 434 quia
1791 381 1981 421 recens

2117 386 2213 432 οις,
2244 367 2335 421 τὸν
2365 369 2427 420 οὐ
2456 365 2671 421 πώποτε
2699 365 2986 435 γενόμενον
3009 363 3276 436 (50)θεδν,
3310 370 3660 437 προσκυνεῖνο

419 457 573 511 visus
613 465 698 512 est
734 459 897 512 homo
930 455 1046 511 ﬁeri
1082 463 1097 508 :
1130 464 1342 509 constat
1374 457 1518 509 enim
1551 458 1797 511 edivinis
1832 454 1979 511 Scri-

2117 456 2144 507 ὐ
2171 455 2318 525 παρὰ
2349 455 2507 509 τοῦτο
2547 455 2640 507 καί
2667 456 2828 525 ἡμεῖς
2852 454 2990 516 νέον,
3016 454 3108 506 τδν
3130 455 3190 506 οὐ
3223 455 3489 525 πρότερον
3529 456 3661 511 ὄντα

421 528 596 614 ptur'is
616 559 738 601 eum
764 558 885 600 csse
907 545 1067 599 rebus
1082 545 1286 599 creatis
1306 544 1555 598 omnibus
1586 547 1982 616 antiquiorem;

2117 546 2223 610 εὺν,
2279 546 2400 599 οὐδὲ
2437 544 2748 613 γνωσθέντα
2798 546 2911 608 τοῖς
2937 542 3267 613 ἀνθρώποις,
3301 547 3546 615 φήσομεν
3592 543 3665 600 εἷ-

424 636 691 703 siquidem
727 634 782 689 in
819 634 1003 689 mundi
1037 635 1313 689 creatione
1361 634 1527 688 fuerit
1558 636 1669 701 ille,
1708 638 1796 690 cui
1842 637 1984 692 Deus

2117 654 2188 691 αι.
2230 638 2291 690 Ὁ
2318 637 2426 707 γὰρ
2470 635 2561 688 τοῦ
2610 634 2745 688 Θεοῦ
2783 634 2931 697 Υἱὸς,
2968 654 2986 685 ι
3028 637 3056 687 ὁ
3088 636 3432 704 πρωτότοκος
3481 636 3665 707 πάσης

423 725 561 779 dixit
589 740 603 776 :
641 741 662 775 ι
697 723 986 779 Faciamus
1006 725 1280 779 hominem
1305 725 1371 779 ad
1399 727 1686 793 imaginem
1715 738 1767 781 et
1794 729 1987 782 simili-

2117 726 2341 791 ιτίσεως,
2386 746 2403 779 ι
2444 729 2490 780 εἰ
2541 725 2635 778 καὶ
2683 725 2879 779 νεωστὶ
2924 724 3405 795 ἐνηνθρωπηκὲναι
3463 724 3664 791 ἔδοξεν,

425 815 664 868 tudinem
693 822 935 868 nostram
954 814 1023 867 ⁸³.
1051 832 1071 865 ι

2117 816 2206 869 me
2239 816 2356 870 οὔτι
2400 834 2462 886 γε
2500 817 2586 869 διὰ
2612 815 2771 869 τοῦτο
2799 816 2917 880 νέος
2950 815 3097 868 ἐστί·
3138 814 3513 886 πρεσϐύτατον
3553 817 3666 888 γὰρ

419 905 583 958 αὐτὸν
638 903 854 958 πάντων
903 904 1013 960 τῶν
1044 904 1539 975 δημιουργημάτων
1600 905 1778 958 ἰσασιν
1822 904 1872 957 οἱ
1903 905 2034 959 θεῖοι
2064 907 2260 975 Λόγοιο
2310 909 2405 960 καὶ
2450 905 2597 977 αὐτῷ
2626 905 2716 957 τὸν
2745 904 2874 957 Θεὸν
2920 906 3048 975 περὶ
3086 904 3187 976 τῆς
3238 905 3330 961 τοῦ
3376 906 3668 979 ἀνθρώπου

420 995 777 1066 δημιουργίας
799 995 1102 1066 εἰρηκέναι·
1156 1013 1175 1046 ι
1216 997 1534 1067 Ποιήσωμεν
1579 996 1861 1065 ἄνθρωπον
1905 997 2025 1049 κατ’
2055 997 2237 1051 εἰκόνα
2263 999 2356 1051 καὶ
2378 998 2635 1069 ὁμοίωσιν
2661 997 2954 1068 ἡμετέραν.
2986 1015 3007 1048 ι

494 1089 585 1145 58.
620 1087 822 1143 Verum
859 1088 1146 1143 ostendere
1169 1088 1324 1156 juvat
1353 1088 1558 1155 justam
1590 1088 1749 1144 Celso
1775 1104 1991 1145 causam

426 1195 536 1235 non
557 1180 727 1234 fuisse
756 1194 856 1233 cur
901 1179 1105 1235 diceret
1136 1179 1430 1234 domestica
1472 1180 1672 1249 cuique
1712 1189 1769 1235 et
1816 1180 1992 1250 patria

2096 1105 2100 1108 ‘
2164 1091 2433 1161 Βούλομαι
2454 1091 2510 1144 δὲ
2537 1089 2885 1161 παραστῆσαι
2907 1090 3030 1143 τίνα
3056 1091 3255 1161 τρόπον
3287 1092 3316 1144 ὁ
3344 1091 3549 1154 Κέλσος
3566 1092 3669 1145 οὐκ

2094 1182 2332 1251 εὐλόγως
2363 1182 2788 1252 φησὶν,ἓκαστον
2818 1180 2889 1234 τὰ
2918 1182 3094 1235 οἰκεῖα
3111 1182 3205 1235 καὶ
3233 1181 3439 1253 πάτρια
3466 1181 3668 1236 σέϐειν.

426 1271 695 1326 servanda
752 1285 876 1326 esse
932 1271 1201 1325 instituta.
1238 1272 1330 1326 Ait
1372 1272 1515 1326 enim
1552 1273 1619 1326 ab
1650 1270 1997 1342 IElltiopibus

2117 1273 2230 1343 μησὶ
2259 1272 2368 1343 γὰρ
2399 1266 2553 1335 οὗτος
2582 1272 2696 1343 (51)
2728 1272 2854 1335 τοὺς
2880 1270 3159 1336 οἰκοῦντας
3192 1272 3290 1343 τὴν
3319 1274 3539 1344 Μερόην
3573 1274 3674 1327 Δί-

424 1362 517 1431 qui
548 1361 762 1416 Meroen
796 1361 1206 1416 habitantduos
1243 1361 1507 1415 duntaxat
1549 1361 1682 1416 deos
1731 1362 1858 1424 coli,
1904 1360 1995 1415 Jo-

427 1467 547 1508 vem
579 1460 634 1507 et
659 1449 951 1518 Liberum;
988 1452 1119 1507 item
1152 1453 1284 1508 «litos
1310 1453 1376 1506 ab
1403 1450 1690 1515 Arabibus,
1714 1450 1994 1519 Liberum,

426 1557 588 1611 quem
623 1540 807 1596 colunt
842 1538 1151 1611 Ethiopcs,
1179 1548 1233 1595 et
1263 1539 1522 1594 Uraniam
1558 1555 1679 1609 quas
1713 1540 1842 1611 ipsis
1870 1556 1991 1611 pro-

2088 1362 2285 1426 θίοπας
2335 1362 2427 1415 δύο
2475 1364 2669 1432 μόνους
2693 1362 2888 1416 εἰδέναι
2916 1361 3090 1426 θεοὺς,
3116 1364 3215 1417 Δία
3252 1363 3345 1418 καὶ
3393 1365 3669 1428 Διόνυσον,

2103 1456 2196 1508 καὶ
2220 1455 2417 1518 αὐτοὺς
2450 1455 2639 1525 μόνους
2664 1453 2842 1509 σέϐειν
2863 1471 2877 1484 ο
2908 1456 3033 1518 τοὺς
3055 1454 3099 1507 δ’
3148 1454 3430 1524 Ἀραϐίους
3456 1456 3549 1509 καὶ
3566 1457 3670 1510 αὐ-

2102 1547 2227 1611 τοὺς
2272 1546 2367 1599 δύο
2422 1546 2632 1616 μόνους,
2675 1546 2927 1600 Διόνυσον
2979 1547 3098 1617 μὲν,
3132 1546 3207 1609 ὼς
3248 1547 3344 1599 καὶ
3390 1547 3669 1613 Αἰθίοπες,

426 1636 549 1703 pria
587 1640 673 1687 est
696 1648 710 1696 ;
736 1631 878 1686 unde
908 1645 1007 1686 nec
1038 1630 1324 1702 )Ethiopcs
1364 1630 1645 1695 Uraniam,
1668 1644 1769 1684 nec
1792 1631 1997 1686 Arabes

2117 1636 2369 1707 ὶύρανίαν
2390 1637 2445 1689 δὲ
2481 1636 2636 1689 ἰδίαν.
2671 1636 2826 1691 Κατὰ
2850 1637 2948 1707 τὴν
2979 1636 3216 1707 ἱστορίαν
3241 1636 3403 1689 αὐτοῦ
3437 1636 3548 1690 οὔτ’
3576 1639 3671 1692 Δί-

429 1725 618 1779 Jovem
669 1738 769 1791 pro
819 1723 920 1777 deo
964 1721 1183 1775 habent.
1214 1724 1284 1775 At
1329 1736 1481 1791 rogo,
1517 1720 1562 1775 si
1597 1721 1721 1791 quis
1756 1720 2005 1789 Ethiops

429 1814 612 1881 aliquo
643 1826 772 1866 casu
812 1812 956 1879 apud
1012 1812 1222 1867 Arabes
1264 1812 1466 1880 degens
1506 1810 1803 1878 impietatis
1846 1827 2008 1867 accu-

430 1909 648 1957 saretur
678 1901 821 1971 quod
868 1898 1129 1955 Uraniam
1164 1914 1268 1953 non
1303 1902 1587 1964 adoraret,
1628 1913 1799 1969 eaque
1843 1914 2005 1954 causa

432 1991 485 2046 in
532 1992 722 2047 mortis
774 1991 1072 2060 periculum
1120 1991 1460 2057 incurreret,
1506 2000 1685 2045 utrum
1725 1990 1812 2045 ille
1848 1990 2007 2046 malle

430 2086 653 2141 deberet
690 2086 863 2148 mori,
917 2100 983 2140 an
1036 2086 1237 2156 patrios
1271 2084 1475 2140 violare
1510 2085 1685 2140 ritus?
1723 2085 1781 2142 Si
1820 2097 2004 2142 contra

436 2176 643 2245 patrios
674 2175 814 2230 ritus
850 2175 1029 2231 facere
1054 2176 1237 2240 debet,
1271 2176 1467 2246 impius
1489 2174 1595 2230 erit
1616 2175 1755 2232 Celsi
1774 2175 2005 2244 judicio;

434 2269 518 2321 sin
562 2268 629 2323 ad
676 2268 1002 2337 Supplicium
1050 2268 1192 2323 trahi
1235 2282 1294 2323 se
1334 2269 1594 2337 patiatur,
1643 2269 1784 2324 dicat
1823 2268 2010 2323 Celsus

433 2375 538 2428 qua
596 2358 809 2414 ratiOuc
862 2359 1116 2431 Ethiops
1169 2359 1256 2415 ille
1300 2362 1436 2414 mOri
1482 2370 1784 2432 praecptet:
1827 2360 2008 2415 nescio

434 2467 502 2505 an
572 2450 717 2505 illam
771 2450 895 2506 inde
948 2451 1145 2507 ducere
1202 2461 1423 2523 posset,
1483 2455 1627 2524 quod
1689 2452 2006 2522 Ethiopum

433 2541 774 2611 philosOphia
802 2541 993 2598 doceat
1015 2543 1380 2599 immortalem
1412 2559 1537 2599 esse
1565 2544 1801 2599 animam
1838 2543 2003 2616 607

434 2632 735 2701 donarique
802 2633 1052 2688 mercede
1100 2634 1353 2703 pietatem
1416 2650 1600 2690 eorum
1660 2637 1750 2704 qui
1791 2650 1857 2690 ex
1907 2649 2007 2703 pa-

437 2722 556 2778 triis
605 2722 816 2795 legibus
860 2738 958 2794 pro
1005 2723 1110 2780 diis
1153 2726 1366 2781 habitos
1423 2737 1770 2782 venerantur.
1824 2728 2008 2795 Atque

436 2814 577 2868 idem
631 2814 811 2869 dicere
853 2813 1015 2870 liceat
1061 2815 1130 2869 de
1177 2815 1481 2881 Arabibus,
1532 2816 1623 2884 qui
1679 2815 1902 2870 fortuito
1939 2816 2006 2870 ad

434 2904 717 2974 Aithiopes
758 2904 966 2961 Meroes
1002 2905 1207 2962 incolas
1254 2905 1547 2961 venissent.
1594 2903 1633 2961 li
1672 2906 1849 2969 enim',
1883 2920 2002 2961 cum

2106 1727 2289 1793 θίοπες
2336 1729 2605 1800 Οὐρανίαν
2654 1729 2899 1783 σέϐουσιν
2937 1729 3060 1782 οὕτε
3109 1729 3348 1799 ’Λράϐιοι
3390 1731 3509 1783 Δία.
3543 1725 3671 1801 Ἆρ’

2104 1814 2195 1872 οὖν
2227 1819 2321 1873 ὲάν
2350 1838 2430 1884 τις
2449 1820 2741 1882 Αἰθιόπων,
2775 1821 2839 1874 ἔκ
2865 1838 3006 1883 τινος
3048 1822 3420 1891 περιστάσεως
3445 1820 3673 1889 γενόμε-

2105 1929 2194 1974 νος
2223 1913 2373 1983 παρὰ
2398 1913 2510 1975 τοῖς
2563 1912 2853 1983 Ἀραϐίοις,
2887 1911 3089 1982 ἀσεϐὴς
3124 1909 3263 1965 εἶναι
3310 1911 3562 1982 νομισθῇ,
3594 1911 3673 1976 ὡς

2104 2002 2200 2072 τὴν
2221 2002 2489 2073 Οὐρανίαν
2521 2004 2581 2054 οὐ
2613 2003 2803 2065 σέϐων,
2833 2004 2925 2056 καὶ
2956 2003 3107 2074 παρὰ
3128 2002 3287 2056 τοῦτο
3310 2002 3419 2073 (52)
3452 2001 3550 2073 τὴν
3577 2001 3672 2054 ἐττί

2107 2093 2318 2164 θανάτῳ
2342 2094 2622 2165 κινδυνεύῃ
2642 2111 2657 2122 ·
2684 2094 2908 2164 καθήξει
2935 2092 3014 2164 τῷ
3042 2093 3258 2147 Αἰθίοπι
3285 2092 3598 2156 ἀποθανεῖν,
3629 2092 3665 2163 ἢ

2106 2182 2257 2253 παρὰ
2280 2181 2347 2235 τὰ
2378 2183 2578 2254 πάτρια
2596 2185 2764 2235 ποιεῖν
2791 2182 2883 2234 καὶ
2911 2181 3340 2252 προσκυνεῖντὴν
3363 2180 3630 2251 Οὐρανίαν
3650 2195 3670 2248 ;

2104 2275 2167 2326 Εἰ
2192 2277 2289 2343 μὲν
2310 2276 2418 2344 γὰρ
2440 2275 2591 2343 παρὰ
2614 2273 2683 2325 τὰ
2703 2274 2906 2343 πάτρια
2929 2274 3101 2324 ποιεῖν
3122 2270 3283 2324 αὐτὸν
3303 2270 3547 2340 καθήξει,
3574 2269 3670 2336 οὐχ

2107 2365 2253 2417 ὅσιον
2282 2365 2519 2434 ποιήσει,
2541 2363 2663 2415 ὅσον
2689 2363 2780 2414 ἐπὶ
2802 2364 2911 2424 τοῖς
2944 2360 3037 2414 τοῦ
3070 2360 3276 2412 Κέλσου
3313 2358 3512 2427 λόγοις·
3538 2360 3586 2410 εἰ
3613 2357 3669 2410 δὲ

2106 2452 2205 2521 τὴν
2228 2453 2320 2505 ἐπὶ
2363 2450 2577 2518 θανάτῳ
2612 2447 2905 2518 ἀπαχθείη,
2930 2446 3334 2517 παραστησάτω
3360 2445 3423 2497 τὸ
3454 2442 3672 2509 εὐλογον

2107 2542 2200 2597 τοῦ
2228 2540 2497 2610 αἱρεῖσθαι
2529 2539 2776 2593 θάνατον.
2800 2539 2912 2591 Οὐκ
2945 2534 3061 2591 οἶδα
3086 2539 3157 2601 εἰ,
3177 2536 3271 2589 τοῦ
3294 2535 3564 2589 Αἰθιόπων
3587 2534 3667 2587 λὸ‹

2109 2649 2207 2701 γου
2226 2633 2335 2703 (55)
2351 2630 2655 2700 φιλοσοφεῖν
2672 2628 3009 2690 διδάσκοντος
3029 2629 3156 2698 περὶ
3169 2626 3346 2698 ψυχῆς
3357 2623 3668 2686 ἀθανασίας,

2108 2727 2199 2778 καὶ
2216 2725 2380 2795 τιμῆς
2407 2724 2504 2794 τῆς
2524 2724 2615 2776 ἐπὶ
2630 2723 2897 2792 εὐσεϐείᾳ,
2923 2724 2971 2774 εἰ
2992 2722 3132 2775 κατὰ
3146 2722 3270 2785 τούς
3286 2720 3396 2792 (54)
3415 2719 3671 2792 πατρίους

2107 2817 2301 2886 νόμους
2318 2814 2522 2868 σέϐοιεν
2541 2813 2924 2885 νομιζομένους
2955 2811 3128 2875 θεούς.
3152 2810 3223 2865 Τὸ
3251 2809 3295 2863 δ’
3320 2812 3501 2882 ὅμοιόν
3524 2813 3673 2865 ἐστιν

2108 2909 2277 2962 εἰπεῖν
2307 2906 2544 2978 καὶπερὶ
2579 2904 2863 2976 Ἀραϐίων,
2893 2904 2955 2957 ἔκ
2982 2920 3125 2967 τινος
3150 2901 3516 2974 περιστάσεως
3552 2903 3674 2954 ἐπι-

444 2995 701 3049 Uraniam
731 3004 788 3051 et
815 2995 1065 3051 Liberum
1094 2997 1237 3051 solos
1268 2996 1447 3052 colere
1477 2996 1791 3061 didicerint,
1818 2995 2003 3051 Jovem

2117 2998 2458 3069 Ξημησὰντων
2493 2975 2723 3064 *Αἰθίοιίιι
2771 2996 2884 3058 τοῖς
2921 2994 3049 3066 περὶ
3100 2994 3337 3065 Μερόην.
3383 2992 3489 3047 Καὶ
3528 2986 3675 3046 οὗτοι

440 3102 561 3142 cum
596 3086 940 3155 Ethiopibus
974 3103 1082 3142 non
1124 3087 1453 3155 adorarent;
1499 3088 1709 3156 hacque
1752 3087 1820 3141 de
1862 3100 1921 3140 re
1955 3085 2001 3141 si

441 3176 591 3247 impii
624 3177 876 3233 audirent
906 3187 961 3233 et
985 3179 1052 3233 ad
1087 3189 1313 3233 mortem
1347 3180 1699 3245 ducerentur,
1728 3178 1861 3249 quid
1909 3192 2005 3234 eos

442 3268 625 3322 facere
646 3268 865 3336 iuberet
899 3268 1070 3334 ratio,
1103 3270 1249 3324 dicat
1282 3270 1492 3325 Celsus.
1525 3269 1673 3338 Quas
1721 3278 1901 3324 autem
1938 3269 2004 3324 de

442 3358 658 3415 Osiride
700 3366 756 3412 et
786 3356 928 3413 lside
973 3358 1359 3429 pervulgarunt
1392 3360 1611 3415 fabulas
1637 3398 1652 3423 ,
1688 3373 1781 3415 eas
1812 3372 2004 3413 recen-

443 3460 567 3501 sere
599 3459 998 3515 supervacuum
1046 3457 1127 3503 est
1166 3463 1265 3504 nec
1311 3447 1472 3520 hujus
1503 3450 1781 3520 temporis.
1817 3446 2004 3516 Quan-

447 3537 645 3593 tumvis
676 3537 780 3594 illae
810 3552 973 3594 sensu
1004 3538 1296 3609 allegorico
1335 3539 1709 3608 explicentur,
1742 3538 2013 3595 docebunt

449 3646 549 3686 nos
583 3630 636 3685 id
661 3645 829 3685 unum
853 3672 868 3696 ,
901 3631 1051 3688 cultu
1099 3645 1293 3700 aquam
1331 3631 1582 3701 prosequi
1614 3670 1628 3696 ,
1663 3646 1782 3699 quae
1816 3646 1901 3685 res
1931 3640 2014 3686 est

448 3722 643 3777 anima:
673 3737 869 3791 expers
889 3763 906 3789 ,
936 3730 993 3779 et
1049 3731 1273 3787 terram,
1300 3736 1462 3792 quam
1496 3721 1721 3793 pedibus
1770 3722 2014 3776 homines

450 3824 507 3868 et
543 3824 756 3868 cmterae
793 3813 1103 3869 animantes
1133 3813 1368 3869 calcant.
1418 3812 1509 3867 Sic
1551 3813 1694 3868 enim
1718 3853 1734 3880 ,
1784 3812 1975 3881 opinor
1998 3848 2013 3876 ,

454 3913 740 3971 utrumque
761 3902 1171 3967 transformant,
1191 3902 1456 3959 Osiridem
1478 3903 1690 3971 quidem
1722 3903 1773 3956 in
1798 3918 2012 3972 aquam,

454 3991 649 4045 Isidem
678 4005 808 4046 vero
833 3991 886 4045 in
916 3999 1137 4051 terram.
1174 3991 1248 4046 Ad
1279 3990 1595 4059 Serapidem
1624 3993 1765 4061 quod
1798 3993 2009 4056 attinet,

526 4083 569 4117 ⁸¹
595 4082 803 4139 Coloss.
834 4097 876 4149 ι,
910 4081 1000 4139 15.
1071 4082 1118 4116 ⁸¹
1148 4081 1283 4139 Gen.
1324 4097 1366 4147 ι,
1394 4081 1484 4135 26.

548 4196 638 4268 50)
667 4196 848 4268 Co_dex
881 4196 1102 4268 Regius,
1127 4198 1508 4268 γεγενημένον.

550 4262 640 4333 51)
670 4262 878 4333 Οὗτος.
915 4262 1230 4323 Boherellus
1252 4262 1474 4330 mavult,
1502 4265 1691 4331 οὕτως,

524 4335 1017 4417 (53)“llteschelius
1057 4346 1111 4417 et
1160 4337 1487 4417 Spencerust
1515 4337 1665 4417 παρὰ
1696 4335 1893 4417 τούτῳ,
1928 4336 2020 4391 scd

455 4406 629 4477 codd.
649 4408 941 4477 Regius‘et
972 4406 1325 4477 Basileensis,
1349 4406 1500 4477 παρὰ
1526 4406 1705 4470 τοῦτο,
1732 4406 1953 4462 rectius.

528 4476 642 4548 (53)
821 4471 952 4548 οἶδα
981 4477 1031 4529 εἰ
1062 4475 1172 4548 τοῦ
1200 4471 1722 4548 Αἰθιόπώνᾲλόγου,
1774 4487 1887 4548 etc.
1915 4475 2025 4548 ,Hic

457 4544 852 4603 locusGuicto
895 4544 1381 4614 depravatissimus
1429 4544 1661 4611 videtur,
1699 4557 1753 4599 et
1783 4546 2028 4600 reciden-

460 4620 560 4673 dus
591 4624 846 4683 tanquam
874 4613 1084 4667 alienus
1113 4622 1167 4683 et
1204 4613 1488 4683 insititius.

531 4682 743 4757 (54)λεὶ
787 4683 935 4757 κατὰ
964 4683 1125 4757 τούς.
1155 4682 1198 4737 Ε
1237 4698 1367 4757 mss.
1394 4682 1544 4736 abest
1586 4682 1747 4736 κατά.
1774 4682 2027 4738 Boherel-

461 4752 550 4808 lus
574 4752 722 4822 legit,
754 4754 803 4805 εἰ
828 4754 953 4822 τοὺς
977 4752 1118 4805 κατὰ
1142 4754 1419 4822 πατρίους.

533 4821 646 4890 (55)
674 4821 840 4876 Codd.
869 4821 1087 4891 Regius,
1114 4821 1440 4877 Basileensis
1474 4821 1870 4889 et‘Vaticanus,
1898 4822 2028 4876 ὲπά-

498 4907 660 4945 οιντο.

463 4911 660 5028 T025160).
676 4957 815 5026 Περὶ
864 4957 932 5011 δὲ
971 4959 1321 5027 Σαράπιδος,
1360 4958 1561 5025 Tacit.,
1590 4960 1682 5015 lib.
1736 4976 1787 5014 tv
1835 4958 1979 5013 Hist.
2010 4974 2028 5011 :

472 5050 491 5083 ι
531 5030 635 5084 Per
670 5043 764 5082 eos
796 5042 1029 5099 menses,
1066 5030 1259 5097 quibus
1294 5030 1647 5099 Vespasianus
1689 5030 2032 5085 Alexandriae

468 5110 637 5155 Statos
664 5098 865 5169 :estivis
912 5096 1125 5169 ﬂatibus
1152 5099 1290 5161 dies,
1324 5109 1378 5153 et
1397 5096 1546 5154 certa
1590 5100 1760 5154 maris
1791 5100 2032 5169 opperie-

469 5171 650 5235 batur,
681 5166 849 5221 niulta
891 5167 1152 5221 miracula
1181 5182 1431 5231 evenere,
1456 5169 1654 5236 quibus
1682 5166 1914 5224 caelestis
1952 5167 2031 5221 fa-

466 5256 589 5307 \‘0t‘,
622 5246 677 5293 ct
705 5236 950 5306 qutcdam
976 5235 1432 5307 iuVespasianun:
1453 5235 1731 5293 inclinatio
1748 5238 2029 5293 nttminum

467 5310 863 5365 ostenderetur.
889 5308 964 5361 Ex
996 5306 1148 5376 plebe
1179 5307 1536 5361 Alexandrina
1572 5309 1811 5376 quidam,
1851 5308 2035 5362 oculo.

466 5396 585 5435 rum
618 5382 742 5432 tabe
791 5386 971 5443 notus,
1004 5392 1177 5446 genua
1221 5376 1337 5447 ejus
1370 5377 1694 5442 advolvitur,
1738 5378 2033 5447 remedium

468 5448 729 5504 caecitatis
754 5462 1056 5515 exposcens
1082 5446 1305 5513 genuitu,
1350 5447 1553 5499 monitu
1596 5446 1878 5514 Serapidis
1923 5447 2032 5511 dei,

466 5534 626 5587 quem
653 5518 827 5572 dedita
862 5516 1335 5587 superstitionibus
1374 5531 1507 5585 gens
1550 5527 1673 5571 ante
1695 5517 1832 5587 alios
1870 5515 2031 5569 colit:

468 5585 899 5657 precabaturque
926 5585 1247 5656 principem,
1281 5597 1337 5641 ut
1367 5600 1531 5657 genas
1557 5598 1609 5640 et
1637 5585 1914 5657 oculorum
1936 5600 2035 5657 Aor-

470 5659 563 5710 bes
606 5656 926 5725 dignaretur
980 5655 1297 5727 respergere
1337 5655 1449 5713 oris
1483 5664 1852 5711 excremento.
1887 5655 2037 5711 Alius

2105 3089 2231 3159 γὰρ.
2265 3087 2457 3157 μόνους
2470 3084 2802 3156 διδαχθέντες
2820 3085 2997 3139 σέϐειν
3016 3084 3284 3155 Οὐρανίαν
3300 3084 3394 3137 καὶ
3407 3082 3673 3145 Διόνυσον,

2104 3180 2165 3233 οὐ
2196 3179 2633 3249 προσκυνήσουσι
2674 3178 2767 3231 τὸν
2812 3176 2911 3230 Δία
2941 3176 3078 3246 μετὰ
3130 3175 3237 3230 τῶν
3265 3173 3552 3228 Αἰθιόπων*
3586 3173 3675 3226 καὶ

2105 3270 2321 3323 ἀσεϐεῖν
2363 3268 2726 3339 νομισθέντες,
2779 3268 2828 3319 εἰ
2875 3267 2976 3337 τὴν
3021 3266 3113 3319 ἐπὶ
3172 3264 3387 3336 θανάτῳ
3423 3265 3491 3318 ἂν
3537 3263 3675 3318 ἀπά-

2105 3377 2285 3431 γοιντο
2323 3360 2459 3430 (55),
2484 3358 2534 3413 τί
2560 3358 2624 3411 ἂν
2652 3358 2885 3427 εὐλόγως
2915 3359 3218 3428 ποιήσαιεν,
3254 3357 3459 3425 λεγέτω
3482 3358 3512 3410 ὁ
3544 3356 3676 3409 Κέλ-

2110 3469 2221 3516 σος.
2256 3451 2393 3514 Τούς
2421 3449 2477 3502 δὲ
2506 3449 2633 3521 περὶ
2656 3450 2867 3521 Ὄσιριν
2892 3450 2986 3502 καὶ
3008 3450 3144 3502 "low
3194 3447 3395 3519 μύθους
3425 3445 3677 3518 περισσόν

2110 3546 2257 3596 ἐστιν
2300 3543 2431 3613 ἡμῖν
2472 3540 2565 3593 νῦν
2604 3538 2943 3607 καταλέγειν,
2975 3538 3067 3593 καὶ
3097 3540 3197 3591 οὐκ
3242 3537 3517 3609 εὐκαιρον.
3562 3536 3677 3589 Κᾶν

2111 3632 2540 3704 τροπολογῶνται
2569 3630 2624 3683 δὲ
2651 3631 2700 3682 οἰ
2733 3629 2911 3701 μῦθοι,
2933 3629 2994 3683 τὸ
3021 3628 3222 3698 ἄύωχον
3249 3628 3398 3698 ἡμᾶς
3433 3626 3574 3698 ὕδωρ
3597 3625 3678 3680 σέ-

2114 3722 2228 3775 ϐειν
2261 3722 2550 3788 διδάξουσι,
2592 3720 2686 3773 καί
2713 3719 2811 3790 τὴν
2844 3719 3210 3789 ὑποκειμένην
3256 3717 3561 3790 ἀνθρώποις
3591 3716 3678 3770 καὶ

2122 3817 2254 3867 πᾶσι
2308 3812 2464 3878 ζώοις
2496 3814 2618 3883 γῆν.
2657 3809 2814 3865 Οὕτω
2845 3811 2953 3881 γὰρ
2979 3805 3156 3880 οἶμαι,
3192 3808 3674 3880 μεταλαμϐάνουσι,

2120 3893 2210 3957 τὸν
2245 3905 2342 3974 μὲν
2365 3905 2578 3974 Ὀσιριν
2609 3904 2688 3966 εἰς
2719 3900 2884 3973 ὕδωρ,
2916 3902 3013 3972 τὴν
3042 3901 3098 3954 δὲ
3130 3902 3263 3953 Ἶσιν
3292 3901 3371 3963 εἰς
3394 3900 3514 3969 γῆν.
3551 3898 3677 3969 Περί

2119 3994 2176 4048 δὲ
2199 3995 2499 4066 Σαράπιδος
2540 3994 2651 4065 (56)
2680 3991 2847 4064 πολλὴ
2877 3993 2971 4045 καὶ
3001 3993 3265 4057 διάφωνος
3298 3991 3527 4062 ἱστορία,
3559 3989 3678 4061 χθὲς

2134 4216 2295 4269 manu
2330 4210 2493 4269 agger,
2528 4195 2716 4251 eodem
2755 4197 2857 4269 deo
2878 4203 3117 4269 auctore,
3142 4202 3198 4269 ut
3226 4191 3360 4263 pede
3380 4190 3677 4269 aevestigio

2126 4267 2352 4322 Caesaris
2380 4261 2705 4331 calearetur,
2733 4268 2939 4322 orabat.
2973 4261 3335 4333 Vespasianus
3361 4262 3544 4333 primo
3563 4261 3677 4333 irri-

2127 4337 2274 4398 dere,
2309 4336 2628 4405 aspernari;
2676 4329 2836 4404 atque
2882 4334 2987 4405 illis
3020 4329 3371 4405 instantibus,
3423 4331 3582 4405 modo
3606 4329 3679 4383 fa-

2129 4423 2271 4460 mam
2301 4399 2554 4459 vanitatis
2571 4399 2831 4464 metuere,
2861 4403 3018 4457 modo
3035 4401 3406 4455 obsecratione
3449 4399 3677 4466 ipsorum

2128 4486 2181 4528 et
2226 4474 2449 4529 vocibus
2485 4473 2815 4527 adulantium
2847 4473 2899 4527 in
2942 4485 3087 4539 spem
3129 4470 3341 4533 induci;
3408 4477 3681 4539 postremo

2126 4544 2381 4599 aestimari
2414 4560 2442 4597 a
2482 4542 2705 4598 medicis
2729 4541 2899 4609 jubet,
2927 4537 2993 4591 an
3037 4539 3157 4609 talis
3187 4537 3499 4609 cazcitas'ae
3529 4537 3678 4609 debi-

2130 4614 2253 4666 litas
2294 4626 2396 4682 ope
2444 4614 2675 4666 humana
2717 4604 3046 4677 superabiles
3082 4604 3500 4682 forent._Medici
3542 4604 3682 4682 uarie

2128 4674 2430 4736 disserere:
2464 4682 2589 4734 huic
2611 4695 2713 4733 non
2738 4674 2954 4733 eiesam
2991 4681 3097 4729 vim
3128 4677 3367 4739 luminis,
3399 4686 3453 4727 et
3482 4674 3679 4728 reditu-

2129 4766 2268 4815 ram,
2297 4751 2340 4803 si
2373 4750 2695 4818 pellerentur
2714 4749 3014 4814 obstantia;
3044 4747 3117 4800 illi
3140 4746 3352 4814 elapsos
3381 4747 3430 4818 in
3466 4757 3681 4818 pravum

2130 4811 2302 4879 artus,
2347 4811 2390 4872 si
2422 4819 2655 4873 salubris
2678 4818 2756 4871 vis
2801 4811 3142 4879 adhibeatur,
3177 4811 3336 4885 posse
3381 4811 3635 4885 integrari
3667 4827 3680 4863 :

2132 4889 2181 4941 id
2207 4889 2432 4942 fortasse
2461 4889 2606 4940 cordi
2635 4888 2757 4950 diis,
2777 4898 2833 4939 et
2860 4887 3040 4939 divino
3062 4882 3359 4939 ministerio
3388 4882 3682 4951 principem

2131 4960 2384 5011 eli-ctum.
2440 4959 2676 5024 Denique
2723 4956 2917 5022 patrati
2974 4954 3193 5008 remedii
3245 4952 3472 5024 gloriam
3529 4964 3685 5024 penes

2132 5028 2417 5092 Caesarem,
2454 5020 2602 5079 irriti
2621 5020 3092 5093 lmlibriutn-penes
3122 5020 3345 5077 miseros
3372 5022 3505 5093 fore.
3528 5020 3687 5087 Igitur

2134 5097 2489 5162 Vespasianus
2516 5104 2704 5149 cuncta
2739 5097 2966 5150 fortunze
3002 5107 3111 5145 sua:
3146 5102 3328 5160 patere
3350 5101 3537 5162 ratus,
3595 5102 3687 5142 nec

2133 5160 2425 5234 quidquam
2452 5165 2592 5217 ultra
2613 5165 2946 5227 incredibile,
2988 5164 3109 5215 lwto
3140 5164 3251 5228 ipse
3275 5160 3445 5234 vultu,
3484 5166 3685 5234 eﬁrecta,

2135 5225 2512 5306 quzeéstabat,
2538 5235 2901 5297 multitudine,
2930 5225 3081 5299 jussu
3129 5225 3685 5306 esseqttitur._St:_t_tint

2137 5296 2399 5358 conversa
2450 5304 2516 5357 ad
2553 5319 2706 5357 usum
2750 5296 2959 5370 manus,
3016 5316 3079 5354 ac
3119 5296 3287 5355 cast-0'
3312 5298 3510 5355 reluxit
3550 5296 3685 5350 dies.

2140 5375 2460 5442 Utrumque,
2490 5374 2579 5442 qui
2608 5372 2919 5432 interfuere,
2957 5385 3099 5425 nunc
3126 5385 3340 5442 quoque
3368 5375 3689 5442 memorant,

2136 5433 2419 5514 postquam
2446 5433 2655 5514 "nullum
2689 5442 2968 5514 mendacio
3000 5433 3266 5514 pretium;
3282 5438 3457 5492 Altior
3501 5437 3556 5491 in
3587 5433 3687 5489 Ve-

2138 5510 2397 5585 spasiano
2436 5513 2626 5585 cupido
2657 5510 2887 5585 adeundi
2932 5524 3143 5585 sacram
3172 5511 3375 5585 sedem,
3422 5516 3481 5562 ut
3532 5518 3691 5585 super

2141 5577 2302 5639 rclms
2334 5577 2543 5653 imperii
2571 5584 2897 5653 consuleret.
2917 5579 3107 5633 Arceri
3133 5577 3343 5653 templo
3360 5585 3584 5653 cunctos
3605 5577 3690 5653 ju:

2143 5657 2247 5715 Let,
2281 5647 2443 5723 atque
2489 5652 2781 5720 ingressus,
2810 5650 3154 5716 intentusque
3200 5647 3426 5711 numiui,
3460 5647 3690 5713 respexit
