3990 6158
429 257 568 314 1245

1906 252 2228 316 ORIGENIS

3538 254 3674 312 1244

431 383 571 439 ranis
619 383 812 440 ritibus
863 383 1258 457 praastigiisque
1301 383 1570 440 daemones
1612 381 1981 439 advocantibu:

2107 377 2239 440 κῶν,
2290 375 2384 431 καὶ
2435 375 2542 430 τῶν
2595 375 2827 447 ἐπῳδαῖς
2872 375 3050 429 αὐτῶν
3099 373 3446 444 κηλουμένων
3491 374 3678 447 δαιμό-

431 473 596 529 Deum
625 475 918 532 elIicerent.

499 569 590 622 59.
630 567 989 634 Quaerendum
1029 567 1193 636 igitur
1219 567 1457 635 estquid
1491 566 1719 620 rationis
1753 577 1994 632 compos,

430 667 774 712 mansuetum
827 660 1120 727 onmiaque
1152 658 1362 712 ratione
1391 660 1526 712 duce
1556 657 1760 711 iaciens
1799 656 1996 710 animal

429 749 752 803 manducare
782 749 1069 827 conveniat
1100 757 1155 803 et
1186 763 1289 804 non
1326 749 1694 811 manducare;
1731 761 1834 800 non
1870 761 1997 800 vero

427 839 579 908 quasi
613 849 764 895 sorte
792 841 1027 910 quadam
1068 841 1311 898 colenda:
1343 855 1472 896 oves
1495 881 1510 907 ,
1543 851 1635 897 aut
1663 855 1874 910 caprzn,
1907 849 1997 894 aut

427 945 643 999 vaccae;
691 947 1002 1002 quanquam
1074 935 1157 988 his
1212 933 1490 988 abstinere
1547 933 1828 990 ferendum
1874 941 1993 998 est,

424 1020 624 1090 quippe
656 1037 722 1076 ex
754 1023 950 1092 quibus
985 1023 1214 1078 multum
1253 1024 1505 1080 utilitatis
1535 1025 1780 1081 homines
1815 1026 1994 1094 perci-

425 1112 602 1180 piunt;
633 1114 729 1169 sed
757 1115 1052 1171 crocodilis
1086 1129 1312 1183 parcere
1343 1130 1548 1186 eosque
1580 1117 1762 1170 nescio
1793 1115 1877 1170 cui
1910 1114 1994 1167 fa-

424 1202 621 1258 buloso
652 1203 860 1258 numini
893 1215 1243 1259 consecratos
1267 1206 1550 1276 judicare,
1591 1221 1675 1260 res
1705 1215 1790 1261 est
1835 1205 1995 1276 longe

423 1293 767 1350 stultissima.
802 1293 936 1348 Nam
970 1294 1096 1363 quid
1137 1293 1384 1350 insanius
1409 1311 1572 1366 quam
1605 1295 1736 1350 feris
1772 1310 1996 1365 parcere

424 1386 548 1453 quae
592 1385 752 1441 nobis
793 1401 898 1442 non
935 1395 1185 1455 parcunt,
1220 1394 1274 1440 et
1309 1386 1635 1442 animalibus
1665 1388 1866 1442 cultum
1898 1389 1996 1442 tri-

423 1475 622 1542 buere,
652 1490 774 1544 quae
804 1490 904 1530 nos
935 1475 1233 1529 devorant?
1270 1476 1652 1532 Verumtamen
1684 1476 1874 1532 Celsus
1901 1492 1994 1531 eos

421 1567 612 1635 prohat
670 1566 760 1635 qui
794 1567 860 1621 de
898 1566 1220 1621 venerandis
1251 1567 1544 1622 crocodilis
1574 1551 1784 1638 patrias
1805 1569 1994 1621 obser—

424 1666 555 1712 vant
585 1657 733 1728 leges
754 1698 769 1723 ,
801 1673 902 1712 nec
933 1658 1041 1712 ullo
1066 1672 1159 1713 eos
1185 1660 1392 1726 scripto
1424 1659 1623 1714 refellit
1651 1676 1666 1725 ;
1695 1661 1989 1714 Christiani

421 1764 550 1804 vero
578 1749 654 1804 illi
685 1749 937 1802 videntur
969 1749 1346 1818 redarguendi,
1375 1751 1466 1820 qui
1495 1751 1792 1819 nequitiam
1825 1765 1988 1804 exsc-
2019 1731 2061 1784 Β

419 1841 564 1894 crari
590 1880 606 1907 ,
651 1839 843 1895 vitiosa
891 1838 1032 1895 facta
1072 1839 1260 1911 fugere
1294 1841 1437 1895 docti
1471 1850 1686 1904 sunt,et
1733 1841 1985 1894 virtutem

420 1929 600 1987 colere
633 1932 941 2000 honoreque
968 1933 1220 2002 prosequi
1248 1939 1304 1986 ul
1333 1948 1360 1985 a
1393 1931 1500 1984 Deo
1524 1933 1761 1999 genitam
1789 1931 1989 1999 Deique

420 2019 634 2076 Filium.
654 2017 838 2092 Neque
869 2023 1012 2076 enim
1042 2021 1466 2077 existimandum
1498 2031 1599 2084 est,
1628 2021 1750 2089 quia
1783 2022 1990 2090 sapien-

420 2108 506 2161 tiae
533 2107 836 2175 etjuslitia:
882 2111 1102 2164 nomina
1145 2111 1402 2165 feminina
1445 2119 1606 2174 sunt,
1652 2125 1745 2164 eas
1785 2111 1988 2165 idcirco

417 2208 540 2249 esse
591 2195 842 2251 feminas.
888 2197 1023 2251 Nam
1071 2199 1394 2267 sapientiam
1441 2199 1714 2254 credimus
1759 2216 1858 2255 nos
1895 2201 1984 2254 Dei

417 2298 538 2338 esse
561 2283 778 2350 Filium,
809 2295 1039 2342 testante
1063 2302 1188 2342 vero
1213 2288 1329 2358 eius
1356 2288 1623 2356 discipulo
1653 2290 1735 2343 his
1764 2293 1942 2345 verbis
1969 2311 1980 2345 :

421 2391 442 2425 ‹
468 2375 572 2442 Qui
602 2376 781 2434 factus
809 2386 892 2433 est
919 2379 1078 2434 nobis
1111 2383 1376 2447 sapientia
1421 2395 1452 2435 a
1492 2381 1630 2446 Deo,
1661 2391 1713 2434 et
1736 2381 1982 2449 iustitia,

416 2478 472 2524 et
501 2469 856 2525 sanctificatio
887 2479 941 2526 et
979 2471 1280 2541 redemptio
1297 2473 1382 2527 “z
1415 2490 1435 2525 ι
1469 2481 1522 2528 et
1557 2474 1800 2542 quamvis
1835 2474 1984 2527 illum

415 2561 747 2630 appellemus
796 2565 1081 2617 secundum
1133 2563 1341 2628 Deum,
1395 2564 1572 2618 sciant
1619 2565 1842 2620 secundi
1887 2565 1980 2619 Dei

415 2650 632 2706 nomine
673 2650 804 2706 nihil
838 2668 934 2707 nos
977 2651 1282 2722 intelligere
1306 2641 1450 2708 aliud
1501 2670 1663 2723 quam
1730 2657 1982 2710 virtutem

412 2742 644 2797 virtutes
680 2756 868 2798 omnes
902 2743 1354 2812 complectentem
1384 2785 1400 2811 ,
1443 2755 1496 2800 et
1539 2738 1802 2801 raiionem
1835 2747 1888 2801 in
1925 2763 1985 2805 se

413 2835 778 2888 continentem
823 2835 1080 2904 quidquid
1121 2836 1350 2892 rationis
1393 2845 1478 2892 est
1523 2837 1577 2890 in
1619 2838 1783 2894 rebus
1865 2839 1984 2908 quae

409 2925 563 2994 juxta
599 2937 848 2982 naturam
878 2940 930 2983 et
957 2931 1228 3000 praecipue
1261 2941 1313 2985 et
1341 2932 1408 2986 ad
1440 2933 1812 2990 universitatis
1846 2937 1984 2989 utili-

2099 486 2205 523 νων
2224 469 2356 540 (57).

2166 561 2285 631 Χρὴ
2309 554 2402 613 οῦν
2433 557 2612 630 ζητεῖν
2641 560 2702 612 τὸ
2723 557 3070 630 ἁρμοζόντως
3098 556 3174 628 τῷ
3199 557 3402 629 λογικῷ
3427 558 3522 613 καὶ
3547 560 3677 630 ήμέ-

2101 664 2177 719 ρῳ
2209 648 2351 719 ζῴῳ,
2379 649 2473 702 καὶ
2501 648 2894 719 λελογισμένως
2923 649 3100 701 πάντα
3125 648 3434 718 πράττοντι,
3468 646 3672 720 βρωτὸν

2099 741 2192 794 καὶ
2211 742 2270 794 οὐ
2307 741 2529 810 βρωτόν
2562 743 2656 794 καὶ
2686 741 2758 810 μὴ
2785 739 2928 793 κατὰ
2951 740 3333 812 ἀποκλήρωσιν
3361 740 3540 793 σέϐειν
3569 741 3670 805 δῖς,

2095 832 2128 901 ἢ
2182 828 2362 900 αἶγας,
2397 832 2430 903 ἦ
2474 831 2573 896 τὰς
2601 831 2817 902 θηλείας
2848 831 2990 901 βοῦς·
3028 834 3121 885 καὶ
3151 831 3352 886 τούτων
3398 833 3498 902 μὲν
3538 833 3672 885 ἁπέ-

2096 923 2286 992 χεσθαι
2319 925 2556 994 μέτριον,
2584 922 2718 976 πολὺ
2745 923 2853 995 γὰρ
2890 925 3156 995 χρήσιμον
3193 923 3299 976 ἀπὸ
3323 922 3526 986 τούτων
3561 923 3666 978 τῶν

2097 1015 2250 1079 ζώων
2280 1014 2586 1085 ἀνθρώποις
2613 1015 2841 1081 γίνεται⁹
2876 1015 2936 1066 τὸ
2961 1014 3017 1067 δὲ
3052 1015 3146 1066 καὶ
3179 1014 3533 1085 κροκοδείλων
3553 1014 3669 1083 φεί-

2095 1105 2297 1170 δεσθαι,
2327 1105 2421 1158 καὶ
2451 1098 2588 1158 εἶναι
2631 1107 2806 1176 ἱεροὺς
2835 1107 3030 1169 αὐτοὺς
3065 1107 3164 1158 οὐκ
3191 1102 3308 1158 οῖδα
3333 1107 3477 1170 τίνος
3509 1107 3670 1177 μυθο-

2095 1195 2421 1267 λογουμένου
2455 1195 2599 1260 θεοῦ,
2635 1197 2752 1260 πῶς
2775 1199 2876 1250 οὐκ
2903 1198 3018 1251 ἐστι
3049 1199 3266 1251 πάντων
3289 1197 3670 1267 ἠλιθιώτατον;

2095 1287 2304 1358 Σφόδρα
2333 1287 2441 1358 γὰρ
2464 1288 2842 1358 ὲμὸροντήτων
2875 1287 2992 1341 ἐστὶ
3012 1287 3072 1340 τὸ
3105 1288 3380 1356 φείδεσθαι
3411 1287 3561 1352 ζώων
3607 1290 3671 1342 οὐ

2096 1379 2446 1450 φειδομένων,
2491 1381 2584 1434 καὶ
2627 1381 2908 1452 περιέπειν
2934 1378 3048 1443 ζῶα
3081 1379 3398 1451 ἀνθρώπους
3421 1380 3675 1436 καταθοι-

2095 1470 2310 1542 νώμενα
2340 1470 2471 1542 (58).
2511 1470 2669 1522 Ἀλλὰ
2697 1471 2889 1541 Κέλσῳ
2911 1471 3203 1543 ἀρέσκουσι
3230 1471 3326 1542 μὲν
3349 1474 3398 1525 οἱ
3425 1473 3565 1527 κατὰ
3589 1491 3674 1526 τι-

2093 1579 2160 1616 να
2181 1563 2381 1633 πάτρια
2401 1561 2769 1633 κροκοδείλους
2791 1563 3038 1628 σέϐοντες
3061 1563 3155 1617 καὶ
3177 1562 3556 1636 περιέποντες,
3578 1565 3675 1618 καὶΙ

2091 1651 2266 1714 οὐδεὶς
2301 1653 2456 1721 λόγος
2482 1653 2601 1706 κατ’
2625 1653 2849 1706 ἐκείνων
2884 1653 3033 1725 αὐτῷ
3059 1654 3389 1723 γέγραπταν
3416 1654 3605 1723 ψεκτοὶ
3627 1656 3673 1708 δ’

2090 1742 2228 1799 εῖναι
2259 1747 2537 1815 φαίνονται
2569 1747 2904 1817 Χριστιανοὶ,
2933 1747 3032 1817 τὴν
3058 1748 3257 1801 κακίαν
3288 1747 3674 1816 βδελύσσεσθαι

2087 1837 2478 1908 διδασκόμενοι,
2521 1839 2615 1891 καὶ
2663 1838 2730 1890 τὰ
2761 1838 2868 1892 ἀπὸ
2896 1837 3092 1901 κακίας
3117 1838 3254 1909 ἔργα
3283 1839 3670 1909 ἐκτρέπεσθαι,

2087 1930 2186 2001 τὴν
2215 1931 2259 1982 δ’
2291 1930 2490 2002 ἀρετὴν
2515 1929 2692 1982 σέϐειν
2727 1930 2821 1982 καὶ
2845 1931 3035 2000 τιμᾷν,
3067 1928 3141 1992 ὡς
3165 1930 3268 1982 ὑπὸ
3289 1929 3384 1982 τοῦ
3417 1930 3548 1982 Θεοῦ
3580 1948 3670 1998 γε·

2086 2037 2216 2090 γενη
2228 2021 2412 2092 μένην,
2437 2022 2530 2073 καὶ
2555 2017 2719 2074 οὖσαν
2742 2021 2868 2073 Υἱὸν
2895 2020 3050 2073 Θεοῦ.
3077 2021 3285 2091 Οὑλγὰρ
3315 2020 3466 2090 παρὰ
3493 2022 3551 2074 τὸ
3575 2022 3670 2092 θηο

2088 2110 2246 2163 λυκὺν
2275 2109 2446 2180 ὄνομα
2475 2110 2568 2163 καὶ
2593 2113 2661 2181 τῇ
2693 2111 2850 2181 οὐσίᾳ
2865 2110 3083 2181 θήλειαν
3106 2113 3387 2182 νομιστέον
3413 2108 3549 2164 εἶναι
3575 2112 3671 2182 τὴν

2091 2202 2276 2269 σοφίαν
2305 2203 2398 2255 καὶ
2430 2203 2525 2273 τὴν
2555 2202 2921 2274 δικαιοσύνηνο
2951 2204 3093 2274 ἅπερ
3137 2202 3258 2256 καθ’
3295 2205 3442 2273 ἡμᾶς
3476 2205 3620 2255 εστιν
3641 2207 3669 2256 ό

2090 2294 2214 2356 Υἱὸς
2243 2295 2334 2346 τοῦ
2366 2294 2522 2356 Θεοῦ,
2553 2295 2627 2356 ὡς
2648 2297 2675 2347 ὁ
2702 2295 2920 2366 γνήσιος
2944 2294 3107 2348 αὑτοῦ
3130 2294 3375 2367 μαθητὴς
3403 2299 3671 2369 παρέστη-

2089 2405 2168 2448 σε,
2203 2388 2375 2455 λέγων
2403 2389 2531 2459 περὶ
2555 2388 2739 2440 αὑτοῦ·
2775 2407 2792 2438 ί
2834 2391 2932 2450 Ὃς
2965 2390 3193 2460 ἐγενήθη
3219 2390 3380 2459 σοφία
3411 2390 3541 2459 ἡμῖν
3564 2391 3669 2444 ἀπὸ

2086 2480 2254 2542 Θεοῦ,
2317 2480 2627 2551 δικαιοσύνη
2680 2498 2760 2542 τε,
2819 2482 2912 2533 καὶ¹
2965 2481 3253 2552 ἁγιασμὸς,
3305 2483 3400 2536 καὶ
3463 2482 3666 2536 ἀπολῦ-

2085 2589 2304 2643 τρωσις.
2347 2592 2363 2623 ι
2399 2573 2516 2626 Κᾶν
2564 2573 2842 2639 δεύτερον
2893 2569 2986 2626 οῦν
3025 2574 3269 2645 λέγωμεν
3310 2576 3479 2639 Θεὸν,
3506 2578 3662 2630 ἴστω-

2088 2683 2204 2730 σαν,
2249 2666 2330 2718 δτι
2376 2665 2490 2736 τὸν,
2521 2665 2767 2735 δεύτερον
2815 2666 2947 2718 Θεὸν
2981 2666 3081 2719 οὐκ
3137 2666 3265 2721 ἄλλο
3324 2686 3377 2720 τι
3439 2669 3661 2739 λέγομεν

2084 2757 2118 2827 ἦ
2151 2757 2248 2828 τὴν
2298 2757 2650 2828 περιεκτικὴν
2697 2755 2885 2809 πασῶν
2931 2756 3140 2826 ἀρετῶν
3190 2758 3410 2831 ἀρετὴν,
3452 2761 3546 2814 καὶ
3574 2760 3664 2814 τὸν

2085 2848 2428 2920 περιεκτικδν
2467 2847 2664 2910 παντὸς
2689 2846 2994 2901 οὑτινοσοῦν
3015 2847 3172 2915 λόγου
3194 2847 3302 2902 τῶν
3329 2849 3469 2902 κατᾶ
3502 2851 3661 2918 φύσιν

2083 2941 2177 2991 καὶ
2206 2937 2628 3010 προηγουμένως
2662 2936 3040 3006 γεγενημένων
3062 2938 3154 2990 καὶ
3173 2938 3252 3000 είς
3284 2939 3542 3008 χρήσιμον
3562 2938 3658 2993 τοῦ

419 3026 584 3072 tatem
629 3020 782 3074 facta:
825 3031 975 3075 sunt.
1029 3022 1175 3077 llanc
1210 3025 1475 3079 rationem
1515 3026 1747 3082 dicimus
1791 3028 1981 3084 anima:

2086 3029 2284 3092 παντὸς
2327 3028 2500 3097 λόγον’
2535 3029 2714 3080 ὅντινα
2740 3030 2804 3097 τῇ
2835 3027 3008 3098 Ἰησοῦ
3039 3026 3276 3098 μάλιστα
3299 3028 3446 3099 παρὰ
3482 3033 3660 3083 πᾶσαν

414 3108 560 3169 Jesu,
589 3125 700 3179 pra:
726 3114 936 3167 ueteris
963 3115 1267 3179 animabus,
1289 3118 1656 3171 consociatam
1681 3128 1734 3173 et
1759 3119 1981 3189 conjun-

413 3206 557 3250 ctam
590 3199 788 3265 fuisse;
822 3209 1003 3268 utpote
1045 3204 1133 3270 qui
1167 3205 1316 3259 solus
1357 3205 1617 3258 rationem
1653 3209 1846 3278 ipsam,
1884 3225 1975 3264 sa-

412 3291 671 3358 pientiam
699 3293 888 3360 ipsam,
915 3292 1180 3362 justitiam
1208 3295 1378 3366 ipsam
1408 3313 1624 3354 summe
1649 3301 1979 3372 participare

410 3381 665 3448 potuerit.

481 3473 646 3544 609
674 3472 760 3530 40.
804 3472 1067 3540 Quoniam
1095 3494 1224 3533 vero
1253 3491 1436 3548 postea
1475 3481 1664 3537 Celsus
1693 3485 1760 3539 de
1799 3486 1978 3542 diver-

402 3567 481 3625 sis
542 3569 750 3641 legibus
794 3571 976 3638 addit,
1025 3581 1171 3628 recte
1219 3575 1509 3632 Pindarum
1557 3581 1757 3636 dixisse
1806 3583 1975 3652 legero

399 3661 648 3714 ontninm
685 3675 806 3717 esse
837 3676 1048 3733 regem,
1087 3681 1183 3720 nos
1217 3669 1377 3720 etiam
1424 3671 1522 3723 hac
1555 3671 1622 3725 de
1655 3689 1711 3726 re
1739 3673 1978 3726 dissera-

401 3768 549 3812 mus.
587 3753 730 3809 lleus
758 3764 812 3807 tu
840 3795 854 3819 ,
906 3771 1131 3825 ecquam
1174 3757 1344 3827 legem
1388 3761 1523 3818 dicis
1571 3764 1812 3820 omnium
1859 3781 1982 3822 csse

480 3845 526 3876 ⁵³
557 3844 576 3896 l
605 3846 730 3898 Cor.
764 3860 804 3908 Ι,
845 3846 932 3900 50.

409 3936 645 4011 primum
676 3937 1064 4011 Alexandriam
1099 3940 1363 4011 perferre.
1396 3941 1668 4011 lgnoranti
1712 3951 1893 3997 autem
1927 3951 1984 3998 et

406 4007 571 4061 anxie
609 4006 898 4075 inquirenti
931 4006 1150 4060 ubinam
1187 4006 1444 4064 locornnf
1465 4013 1603 4063 situs
1641 4023 1807 4074 esset,
1846 4013 1982 4066 ami-

408 4085 596 4149 cisque
627 4091 738 4129 rem
787 4078 1053 4149 narranti,
1090 4078 1304 4149 oblatus
1340 4090 1422 4134 est
1469 4080 1715 4135 Sosibius
1760 4083 1981 4149 quidam

409 4147 515 4218 late
549 4156 769 4218 vagatus
810 4147 992 4212 homo,
1025 4149 1114 4210 qui
1161 4148 1378 4218 Sittopzu
1417 4165 1445 4202 a
1490 4165 1546 4204 se
1597 4147 1790 4202 visunr
1817 4149 1978 4205 taletn

405 4215 680 4288 eolossntn
715 4217 951 4288 diceret,
985 4217 1198 4285 qualem
1249 4215 1344 4273 rex
1399 4220 1726 4288 imaginatus
1775 4221 1974 4274 fuerat.

406 4283 553 4340 Missi
598 4288 777 4354 itaque
805 4283 1020 4360 Spteles
1051 4301 1120 4360 et
1140 4288 1424 4360 Dionysius
1453 4283 1614 4360 lotng
1647 4299 1976 4360 lentporeret

405 4370 571 4426 πνεῖ-ε,
615 4371 789 4423 neque
817 4357 936 4410 sine
970 4357 1308 4426 providentia
1343 4361 1546 4426 divina,
1592 4357 1774 4414 furtim
1823 4359 1972 4414 abla-

408 4433 518 4480 tum
549 4426 816 4498 uolnssmn
837 4429 926 4498 3d
963 4442 1142 4492 regem
1179 4430 1536 4498 pertulerunt.
1566 4429 1668 4495 Qui
1713 4431 1802 4484 ubi
1835 4446 1972 4483 con-

373 4502 622 4566 'spectns
665 4495 787 4559 fuit,
835 4496 1151 4551 Timotheus
1183 4495 1471 4566 interpres,
1502 4509 1558 4554 et
1588 4498 1837 4554 Manelho
1873 4501 1971 4553 Se—

407 4562 623 4638 bennita
674 4582 703 4617 a
748 4566 987 4638 Cet'bero
1036 4582 1066 4620 e
1141 4562 1378 4623 dracone
1413 4562 1741 4638 cimjeeturis
1797 4571 1972 4624 ductis

407 4633 736 4702 collegerunt
767 4635 1006 4688 Plutonis
1034 4651 1153 4690 esse
1180 4633 1550 4701 simulacruni,
1581 4639 1972 4706 Ptolemmuque

409 4714 1114 4776 persuaserunt_noniesse
1161 4707 1298 4760 alius
1329 4709 1434 4769 dei,
1471 4725 1632 4776 quam
1673 4709 1970 4776 Serapidis.

406 4770 522 4844 Non
555 4774 695 4844 enim
737 4773 932 4826 isthine
962 4775 1063 4828 hoc
1091 4790 1294 4844 nomen
1331 4770 1524 4844 gerens
1563 4770 1833 4832 venerat}
1877 4778 1970 4830 sed

406 4840 599 4925 allatus
629 4841 1040 4925 Alexandriam,
1083 4840 1360 4925 Serapidis
1407 4863 1623 4925 nomen.
1673 4846 1971 4925 quo-(Egy-

406 4909 500 4978 plii
537 4908 816 4978 Plutonem
857 4912 1124 4976 alliciunt,
1161 4908 1381 4967 invenit.
1409 4937 1426 4968 ι
1471 4908 1725 4970 liumdetit
1760 4908 1968 4968 videvin

405 4977 512 5032 iine
560 4977 680 5031 libri
739 4979 811 5033 De
868 4983 1080 5034 solertia
1137 4987 1483 5049 animalium;
1549 4987 1870 5039 Pansaniam
1917 4987 1969 5039 in

388 5052 426 5101 Α
453 5049 613 5109 uicis,
665 5065 784 5116 pag.
813 5050 912 5111 5i;
964 5051 1285 5109 Eusebium.
1329 5057 1522 5108 (.‘Iu-on.
1555 5071 1830 5119 stuccvxx;
1869 5057 1972 5108 Ett-

389 5120 685 5193 sta‘tli‘iuni.
713 5121 783 5193 in
811 5120 1047 5193 Dionysii
1097 5122 1480 5190 Περιήγησιν,
1517 5143 1632 5193 pag.
1662 5127 1749 5178 57.
1782 5125 1971 5179 Nonne

388 5205 458 5261 πο
475 5187 572 5261 λλὴ
594 5190 686 5261 καὶ
706 5187 969 5261 διάφωνος
994 5192 1198 5261 ἱστορία
1212 5193 1234 5243 ?
1280 5187 1540 5248 Sin-Lacus.
1557 5187 1626 5236 Σ-
1642 5196 1769 5251 Vide
1808 5196 1968 5250 etiant

391 5258 466 5334 Do
484 5258 660 5314 charli
709 5259 1088 5334 Hiet'ozoicon,
1114 5258 1234 5330 pag.
1265 5263 1364 5315 557
1392 5274 1442 5316 et
1479 5281 1594 5333 seq.
1624 5267 1811 5334 prima:
1849 5281 1970 5332 par-

396 5330 462 5381 tis
492 5347 512 5403 ;_
539 5337 591 5403 et
619 5331 842 5403 consule
884 5345 1018 5403 quos
1046 5333 1178 5386 citat
1219 5345 1492 5403 auctores,
1537 5330 1586 5388 in
1623 5330 1808 5403 primis
1849 5330 1968 5387 Ma-

395 5399 647 5452 Crobium
684 5399 987 5461 Suturnal.,
1023 5403 1114 5454 lili.
1145 5419 1180 5466 t,
1213 5420 1330 5470 cap.
1355 5402 1445 5467 ‘20,
1485 5405 1550 5458 de
1586 5399 1860 5469 Serapidis
1909 5406 1970 5456 li-

403 5483 557 5541 gura.
599 5469 698 5522 Adi
747 5471 965 5537 insuper
1007 5469 1366 5541 Scaligerum,
1407 5475 1472 5526 ad
1506 5491 1701 5527 annum
1754 5475 1966 5528 Eusebii

407 5539 647 5612 i'i50,_et
679 5555 800 5609 pag.
841 5542 908 5595 '58
949 5539 1196 5612 notarum
1233 5545 1284 5597 in
1322 5543 1620 5612 fragmenta
1655 5544 1966 5599 Graecorum

407 5608 705 5685 adcalcetn
759 5608 940 5685 Operis
977 5611 1050 5664 De
1099 5622 1388 5685 temporum
1410 5608 1816 5668 'emendatione.
1871 5613 1966 5670 llic

403 5679 580 5730 obiter
609 5679 931 5747 observabo,
977 5697 1044 5735 ne
1096 5684 1232 5737 tanti
1279 5685 1511 5740 nominis
1554 5686 1849 5739 auctoritas
1883 5686 1968 5739 in-

2084 3119 2259 3190 ψυχὴν
2302 3119 2445 3189 ψυχῇ
2497 3118 2803 3187 ᾠκειῶσθαι
2850 3118 2944 3170 καὶ
2988 3117 3226 3189 ἡνῶσθαί
3272 3137 3470 3190 φαμεν,
3505 3121 3659 3190 μόνου

2083 3211 2302 3275 τελείως
2345 3212 2588 3282 χωρῆσαι
2633 3210 2990 3279 δεδυνημένου
3047 3212 3144 3281 τὴν
3193 3211 3367 3282 ἄκραν
3431 3213 3659 3283 μετοχὴν

2084 3304 2176 3356 τοῦ
2217 3303 2502 3370 αὑτολόγου
2525 3343 2539 3368 ,
2573 3303 2666 3355 καὶ
2697 3301 2796 3371 τῆς
2837 3303 3180 3372 αὑτοσοφίας,
3228 3303 3320 3355 καὶ
3367 3303 3466 3373 τῆς
3500 3303 3656 3356 αὑτο-

2085 3394 2448 3465 δικαιοσύνης.

2171 3487 2319 3539 Ἐπεὶ
2351 3487 2406 3538 δὲ
2434 3484 2656 3539 τοιαῦτα
2685 3485 2851 3537 εἰπὼν
2880 3486 2908 3536 ό
2939 3482 3143 3545 Κέλσος
3184 3483 3310 3554 περὶ
3337 3481 3445 3535 τῶν
3475 3483 3655 3552 διαφό-

2092 3597 2196 3651 ρων
2227 3579 2404 3649 νόμων
2439 3577 2707 3648 ἐπιφέρει,
2737 3577 2820 3628 ὅτι
2849 3593 2868 3627 ι
2901 3574 3077 3646 ὀρθῶς
3117 3574 3364 3643 μοιδοκεῖ
3397 3574 3657 3643 Πίνδαρος

2089 3672 2332 3740 ποιῆσαι,
2357 3670 2517 3738 νόμον
2545 3668 2760 3721 πάντων
2801 3664 3022 3735 βασιλέα
3075 3666 3254 3734 φήσας
3300 3659 3460 3716 εἶναι.
3497 3665 3653 3735 Φέρε,

2091 3766 2183 3819 καὶ
2227 3763 2354 3833 περὶ
2393 3759 2581 3814 τούτου
2625 3755 3010 3827 διαλεχθῶμεν.
3056 3755 3189 3809 Τίνα
3223 3756 3349 3826 φῂς,
3394 3750 3440 3810 ὦ
3476 3751 3651 3825 οὗτος,

2091 3942 2268 3998 cautis
2303 3941 2566 4008 imponat,
2594 3953 2622 3991 a
2649 3939 3095 4006 prmstantissimo
3122 3939 3388 3995 Bocharto
3409 3943 3650 4000 Tacitum

2091 4012 2363 4066 immerito
2389 4008 2728 4077 reprehendi,
2749 4019 3012 4077 tanquam
3039 4012 3269 4064 absurda
3295 4022 3347 4064 et
3381 4012 3510 4066 falsa
3537 4031 3653 4068 nar-

2091 4089 2343 4150 rantem,
2369 4076 2513 4150 quod
2548 4093 2669 4131 cum
2708 4076 2934 4150 disisset
2967 4079 3225 4150 Sarapin,
3259 4082 3371 4137 sive
3402 4083 3645 4150 Serapin.

2087 4151 2245 4204 deum
2281 4148 2549 4219 Egyptiis
2599 4147 3046 4219 ante_ignotmn,
3087 4165 3150 4202 ex
3197 4149 3368 4206 Ponto
3416 4147 3648 4207 Alexan-

2086 4219 2301 4282 driam,
2357 4216 2688 4288 precurante
2739 4216 3060 4288 Ptolemaeo,
3113 4221 3392 4288 advectum
3449 4221 3646 4288 luisse,

2083 4289 2314 4342 subinde
2350 4284 2512 4358 addat
2543 4307 2554 4340 :
2593 4304 2610 4334 ι
2639 4284 2918 4358 Templum
2963 4301 3059 4358 pro
3095 4287 3466 4358 magnitudine
3501 4284 3648 4348 urbis

2081 4369 2412 4415 exstructum
2451 4356 2568 4411 loco
2617 4356 2702 4408 cui
2751 4371 2940 4408 nomen
2985 4355 3285 4412 Rhacotis:
3331 4357 3506 4412 fmierat
3539 4362 3648 4417 illic

2003 4417 2048 4470 Β
2077 4430 2336 4484 sacellum
2362 4426 2610 4496 Serapidi
2645 4435 2807 4496 atque
2833 4425 2952 4478 Isidi
2983 4427 3285 4494 antiquitus
3316 4439 3642 4485 sacratum.»

2075 4499 2262 4568 Neque
2307 4498 2454 4568 enim
2502 4493 2640 4568 dicit
2696 4493 3206 4568 'l‘acitus_Serapin
3265 4497 3435 4552 fuisse
3490 4500 3647 4556 deum

2076 4563 2347 4638 Aig'yptiis
2369 4576 2504 4638 ante
2544 4567 2818 4638 ignotum;
2862 4563 2956 4618 sed
3001 4567 3124 4618 novi
3171 4574 3226 4619 et
3278 4567 3443 4638 ignoti
3479 4569 3587 4635 dei,
3616 4587 3650 4626 e

2076 4633 2247 4691 Ροῖιίὁ
2293 4637 2502 4690 advecti
2555 4633 2941 4704 simulacrum,
2987 4649 3053 4687 ex
3101 4633 3364 4704 appositis
3416 4633 3644 4703 insigni-

2076 4707 2199 4772 bus,
2230 4706 2529 4772 Serapidis,
2556 4702 2699 4772 quod
2725 4703 2838 4769 jam
2873 4704 3000 4776 olim
3033 4702 3186 4776 apud
3212 4705 3497 4776 [Egyptios
3526 4702 3646 4762 Plu.

2077 4778 2217 4831 tonis
2253 4790 2446 4829 nomen
2480 4785 2617 4835 erat,
2639 4776 2911 4842 proprium
2933 4775 3097 4828 fuisse
3121 4774 3445 4842 judicatum,
3469 4791 3500 4830 e
3528 4777 3646 4832 Plu-

2078 4848 2265 4899 lurcho
2302 4845 2486 4910 liquet.
2525 4844 2600 4896 Οὐ
2639 4843 2749 4914 γὰρ
2799 4842 3248 4914 έκεῖθενπίιιιμιίι
3281 4845 3370 4898 ille
3403 4846 3527 4900 libr.
3568 4847 3645 4899 De

2073 4915 2218 4986 [side
2246 4925 2298 4986 et
2324 4913 2564 4986 Osiride,
2592 4912 2769 4986 pirro;
2808 4912 2967 4982 (lege,
3003 4912 3211 4986 οὕτως)
3248 4914 3644 4986 ὀνομαζόμενος

2071 4982 2234 5056 ἧκεν,
2255 4984 2367 5056 ἀλλέ
2409 4982 2496 5046 εις
2531 4983 2936 5056 Ἀλεξᾴνδρειαν
2975 4983 3256 5054 κομισθεὶς
3293 4982 3354 5056 τδ
3378 4982 3512 5056 παρ’
3543 4986 3638 5038 Αί-

2109 5055 2316 5117 υπτίοις
2336 5054 2504 5124 ὄνομα
2524 5055 2619 5106 τοῦ
2638 5054 2947 5116 Πλούτωνος
2963 5056 3248 5125 ἐκτήσατο,
3271 5054 3361 5108 τὸν
3375 5054 3636 5125 Σάραπιν.

2071 5073 2316 5178 Eanum;
2336 5073 2444 5124 ovat

2120 5141 2444 5178 (lllElu-ZLLUS.

2143 5196 2253 5265 (5⁷)
2298 5195 2633 5250 Ιίοεεριιειὶυε
2675 5203 2728 5247 et
2761 5191 2928 5246 codex
2952 5192 3180 5265 Regius,
3208 5193 3400 5265 αὐταῖς
3441 5195 3635 5264 κηλ⁰⁰’

2074 5263 2249 5336 μένων
2275 5265 2560 5334 δαιμόνων.
2598 5265 2905 5336 Spenecrus
2949 5264 2998 5336 in
3035 5273 3213 5336 textu,
3239 5263 3418 5336 αὐτῶν
3449 5263 3638 5317 καλου-

2074 5332 2249 5406 μένων
2282 5332 2560 5406 δαίμονας.
2595 5332 2936 5406 llwseltelitts
2962 5333 3014 5385 in
3048 5335 3310 5406 margine,
3337 5335 3636 5406 comicoru-

2071 5399 2343 5488 λουμέχων
2375 5399 2694 5488 ’δαιμόνωνΣή
2709 5400 2867 5488 δέοις,
2909 5399 3231 5488 ρι’(ξιζητενῖν
3265 5403 3324 5488 τό
3371 5403 3634 5488 ἁρμοζόν-

2069 5465 2194 5538 τωέ,
2228 5465 2539 5529 Boherellits
2567 5483 2621 5527 et
2655 5465 2880 5527 Guietus
2906 5465 3126 5543 inalleni
3161 5473 3341 5542 ζητεῖν
3374 5465 3428 5524 τί
3449 5465 3630 5543 ’ἁρμο-

2071 5547 2290 5610 ζόντως,
2324 5547 2506 5613 sit-que
2539 5544 2749 5613 legebat
2778 5544 3042 5613 interpres
3071 5541 3341 5613 Gelenats.

2143 5615 2254 5685 (58)
2298 5609 2804 5681 Κατὲῑθοινώμενα,
2834 5609 2996 5685 Recte
3029 5626 3158 5685 mss.
3185 5611 3320 5668 Male
3350 5627 3478 5668 vero
3508 5609 3636 5666 ιιωο

2071 5679 2307 5740 schelius
2333 5697 2388 5740 et
2415 5679 2740 5754 Speucerus,
2775 5679 3227 5751 καταθοινούμενα
