3990 6158
398 256 403 263 ’
455 277 593 334 1247

1932 273 2255 331 ORIGENIS

3563 274 3707 332 i218

452 392 693 457 tionem;
726 399 781 447 et
806 391 924 447 illos
954 392 1161 447 incusat
1184 392 1531 464 arrogantiae,
1557 394 1700 461 quod
1728 390 1822 447 Dei
1847 405 2005 461 magn

2132 389 2339 453 ζονείας
2377 388 2509 459 γοῦν
2549 364 2727 446 αύτῶν
2772 391 3088 462 κατηγορεῖ,
3133 389 3209 453 ὡς
3248 387 3559 459 αὐχούντων
3607 393 3709 462 μὲν

454 483 861 554 cOgnitionem,
913 498 1075 551 quam
1116 497 1223 537 non
1272 484 1473 538 habent
1516 484 1851 553 glorientur;
1899 499 2021 540 cum

456 586 647 630 contra
676 572 928 628 fasciuati
950 592 975 625 a
1010 572 1188 644 Moyse
1216 584 1269 630 et
1299 576 1507 645 decepti
1534 590 1632 629 suo
1658 592 1854 645 magno
1886 576 2025 629 malo

455 679 515 719 se
543 666 594 719 in
620 663 737 730 ejus
765 664 1112 733 disciplinam
1148 665 1495 720 tradiderint.
1530 665 1634 721 Sed
1670 683 1696 720 a
1738 664 2023 734 nobisjam

454 769 616 823 Supra
660 755 851 809 saltem
884 769 951 808 ex
991 764 1143 824 parte
1178 756 1380 811 dictum
1441 767 1524 812 est
1573 774 1735 829 quam
1771 768 2022 829 augusta,

453 859 613 914 quam
659 844 860 899 eximia
897 845 1062 900 fuerit
1093 847 1373 901 societatis
1418 846 1659 902 Judaica:
1695 850 1867 912 ratio,
1897 850 2022 904 dum

452 944 636 991 essent
665 935 805 1007 apud
848 950 964 1001 eos,
999 939 1156 1007 quasi
1191 939 1413 993 totidem
1448 938 1691 1007 syntbola
1713 978 1727 1003 ,
1770 938 1860 995 Dei
1894 939 2024 993 urbs

450 1037 505 1082 et
532 1029 789 1098 templum
811 1043 1089 1098 sacraeque
1116 1028 1318 1083 ibidem
1343 1039 1395 1083 et
1426 1032 1477 1084 in
1508 1030 1664 1084 altari
1688 1032 2024 1085 cmremonia:

450 1120 632 1189 peragi
664 1120 858 1174 solitae.
888 1120 1040 1185 Quod
1064 1120 1107 1173 si
1131 1122 1253 1189 quis
1280 1122 1461 1175 animo
1493 1122 1776 1175 consilium
1811 1122 2023 1192 legisla-

452 1210 588 1262 tm-is
625 1210 1022 1280 contemplatus
1053 1248 1068 1273 ,
1100 1221 1156 1264 et
1196 1211 1259 1264 ad
1316 1212 1432 1280 ejus
1470 1214 1873 1267 ordinationem
1928 1214 2024 1268 Ju—

449 1300 637 1354 daicos
668 1316 846 1356 mores
900 1302 1148 1372 exigens,
1185 1302 1302 1356 illos
1328 1314 1606 1372 comparet
1646 1320 1768 1358 cum
1800 1315 2024 1360 cmtcra-

449 1406 569 1444 rum
610 1393 850 1461 gentium
884 1393 1074 1461 agendi
1122 1394 1366 1457 ratione;
1410 1394 1550 1447 nulla
1592 1410 1723 1464 gens
1758 1405 1870 1458 est,
1904 1410 2023 1464 qua:

450 1482 620 1550 magis
652 1483 723 1535 illi
754 1483 1117 1537 admiratione
1148 1483 1307 1548 digna
1343 1485 1611 1538 videatur.
1645 1485 1795 1540 Illinc
1830 1487 1971 1539 enim
2006 1525 2022 1550 ,

449 1584 712 1641 quantum
736 1574 877 1628 inter
909 1574 1155 1629 homines
1182 1575 1297 1628 fieri
1327 1584 1526 1643 potest,
1554 1576 1773 1644 expulsa
1810 1576 2023 1631 fuerant

449 1680 786 1735 quascunque
816 1666 999 1736 generi
1051 1667 1292 1721 humano
1350 1668 1563 1721 inutilia
1597 1671 1761 1730 sunt},
1812 1678 2019 1722 retenta

449 1756 540 1810 illa
571 1755 683 1811 sola
718 1770 783 1810 ex
808 1757 1005 1826 quibus
1039 1759 1156 1826 capi
1193 1758 1400 1813 fruetus
1431 1769 1661 1829 poterat.
1699 1759 1853 1814 Unde
1876 1761 2018 1829 apud

446 1863 540 1901 eos
569 1863 670 1904 nec
709 1852 1038 1904 athletarum
1066 1892 1082 1918 ,
1128 1866 1226 1906 nec
1261 1853 1636 1916 scenicorum,
1679 1834 1780 1906 nec
1809 1853 2020 1909 circen-

446 1941 585 1994 sium
610 1952 771 1996 erant
797 1944 1121 2008 certamina;
1150 1958 1257 1997 non
1288 1942 1521 2007 feminm,
1549 1959 1671 2013 qua:
1706 1960 1857 1998 suam
1888 1961 2020 2001 ven-

446 2034 634 2087 derent
678 2032 908 2089 formam
942 2034 1169 2089 cuilibet
1225 2037 1440 2089 inanem
1493 2034 1822 2104 voluptatem
1867 2053 2018 2107 qua:-

446 2126 587 2179 renti
620 2134 779 2194 atque
808 2126 943 2181 adeo
979 2126 1287 2181 constitutis
1314 2128 1721 2195 propagationis
1767 2129 2018 2183 humanae

446 2216 653 2283 legibus
688 2216 937 2283 injuriam
981 2217 1264 2271 inferenti.
1301 2217 1369 2271 Et
1407 2217 1532 2270 illud
1565 2219 1706 2287 apud
1737 2234 1832 2273 eos
1857 2219 2017 2288 quale

445 2305 565 2371 fuit,
600 2307 915 2374 docerijam
963 2318 1076 2361 tum
1106 2322 1134 2361 a
1186 2307 1392 2361 teneris
1420 2308 1729 2378 unguiculis
1764 2326 1885 2365 sese
1920 2327 2014 2365 su-

444 2413 535 2465 pra
575 2408 826 2452 naturam
856 2414 1071 2454 omnem
1110 2400 1424 2455 scnsibilem
1455 2402 1709 2464 evehere,
1743 2402 2011 2458 inclusum

443 2490 582 2543 inea
616 2488 784 2543 Deum
816 2504 921 2544 non
955 2490 1296 2555 existimare,
1328 2506 1540 2545 sursum
1574 2491 1721 2546 illum
1755 2503 1809 2547 et
1852 2509 2011 2564 supra

440 2595 668 2649 corpora
717 2582 1009 2649 quaerere?
1052 2581 1186 2635 Tum
1222 2582 1416 2650 quanti
1466 2582 1598 2649 fuit,
1631 2584 1721 2638 vix
1772 2594 1927 2639 natos
1960 2595 2015 2640 et

440 2668 616 2724 adhuc
637 2667 1000 2724 balbutientcs
1026 2670 1278 2726 didicisse
1306 2673 1501 2728 anima:
1525 2672 2010 2742 immortalitatem,

440 2761 800 2816 subterranea
835 2762 1153 2828 tribunalia,
1192 2764 1501 2818 mercedem
1530 2773 1677 2819 recte
1706 2767 2014 2823 viventibus

440 2849 769 2904 destinatam
796 2850 819 2904 ἲ
851 2851 980 2917 Quae
1012 2852 1231 2921 quidem
1264 2852 1445 2906 omnia
1475 2855 1660 2923 pueris
1693 2863 1748 2909 et
1781 2856 2012 2925 puerilia

435 2941 772 3011 sapientibus
814 2943 984 2996 veluti
1018 2944 1118 2997 sub
1149 2944 1454 2999 fabularum
1489 2946 1771 3003 involucro
1815 2963 2009 3013 narra-

2126 482 2218 534 τὸν
2246 482 2423 552 μέγαν
2447 482 2598 548 Θεὸν,
2632 484 2732 538 οὐκ
2765 484 2979 537 εἰδότων
3012 483 3058 536 δ’
3084 483 3268 546 αὑτὸν,
3295 481 3408 535 ἀλλ’
3437 481 3708 553 ὑπαχθέν-

2125 590 2233 626 των
2256 576 2321 645 τῇ
2352 575 2626 640 Μωῦσέως
2652 576 2875 646 γοητείᾳ
2900 577 2995 629 καὶ
3025 574 3368 645 ψευσθέντων
3389 575 3480 628 ὑπ’
3513 576 3700 642 αὐτοῦ,

2124 665 2224 718 οὐκ
2248 665 2334 718 ἐπ’
2369 666 2557 737 ἀγαθῴ
2577 668 2721 720 τέλει
2747 666 3191 738 μαθητευθέντων
3220 665 3388 738 αὐτῷ.
3432 667 3567 721 Ἀπὸ
3603 669 3701 738 μέ-

2128 772 2255 825 ρους
2295 756 2393 827 μὲν
2425 753 2517 811 οῦν
2556 758 2685 827 ἡμῖν
2734 758 2793 810 ἐν
2824 760 2936 820 τοῖς
2968 756 3072 829 πρὸ
3108 756 3314 810 τούτων
3345 756 3593 810 λέλεκται
3634 758 3702 810 τὰ

2124 844 2225 914 τῆς
2248 846 2453 917 σεμνῆς
2486 848 2578 900 καὶ
2612 845 2888 917 ἐξαιρέτου
2927 848 3194 903 Ἰουδαίων
3220 848 3512 913 πολιτείας,
3543 850 3700 919 ἡνίκα

2125 939 2308 1003 αὐτοῖς
2333 941 2670 1011 συνειστήκει
2695 942 2755 993 τὸ
2782 939 3047 1011 σύμϐολον
3068 942 3167 1011 τῆς
3188 941 3282 994 τοῦ
3310 941 3445 994 Θεοῦ
3472 943 3696 1007 πόλεως,

2126 1030 2219 1081 καὶ
2253 1029 2345 1082 τοῦ
2380 1030 2506 1085 ναοῦ
2547 1033 2731 1095 αὑτοῦ,
2768 1033 2859 1084 καὶ
2888 1032 2986 1101 τῆς
3019 1033 3149 1103 παρ’
3188 1032 3337 1103 αὐτῷ
3371 1034 3465 1087 καὶ
3496 1033 3572 1103 τῷ
3606 1034 3698 1086 θυο

2127 1120 2425 1190 σιαστηρίῳ
2462 1122 2743 1191 ἱερατικῆς
2774 1120 3056 1193 λατρείας·
3106 1124 3153 1175 εἰ
3185 1123 3241 1174 δέ
3273 1141 3377 1186 τις,
3410 1123 3699 1193 ἐπερείσας

2123 1209 2220 1279 τὴν
2263 1210 2500 1264 διάνοιαν
2532 1210 2608 1280 τῷ
2646 1213 2737 1263 τοῦ
2783 1211 3070 1282 νομοθέτου
3122 1211 3444 1280 βουλήματι,
3493 1210 3586 1262 καὶ
3631 1213 3699 1284 τῇ

2126 1303 2243 1353 κατ’
2288 1303 2451 1355 αὐτὸν
2485 1303 2727 1374 πολιτείᾳ.
2758 1303 3025 1369 ἐξετάζων
3058 1303 3123 1355 τὰ
3160 1303 3280 1354 κατ’
3312 1303 3528 1365 αὐτοὺς,
3566 1319 3698 1369 συγ-

2127 1390 2296 1460 κρίνοι
2343 1394 2406 1461 τῇ
2449 1391 2544 1445 νῦν
2594 1393 2783 1463 ἀγωγῇ
2838 1393 2944 1444 τῶν
2990 1391 3190 1444 λοιπῶν
3232 1390 3432 1443 ἐθνῶν’
3479 1391 3698 1455 οὐδένας

2128 1483 2325 1552 μᾶλλον
2352 1482 2417 1535 ἂν
2447 1482 2721 1553 θαυμάσαι
2745 1501 2757 1512 ·
2787 1484 2861 1547 ὡς
2887 1486 2942 1537 ἐν
2973 1482 3268 1553 ἀνθρώποις
3295 1482 3473 1535 πάντα
3500 1483 3598 1552 μέν
3630 1484 3700 1537 τὰ

2128 1575 2201 1644 μὴ
2234 1575 2479 1645 χρήσιμα
2505 1574 2581 1644 τῷ
2608 1575 2752 1641 γένει
2782 1573 2887 1625 τῶν
2913 1572 3211 1643 ἀνθρώπων
3239 1574 3693 1644 περιῃρημένους,

2127 1668 2263 1737 μόνα
2312 1667 2371 1720 δὲ
2426 1668 2496 1720 τὰ
2555 1666 2830 1737 εῦχρηστα
2886 1666 3381 1735 παραδεξαμένους.
3437 1666 3529 1719 Διὸ
3588 1665 3695 1717 οὐδ’

2122 1756 2333 1826 ἀγῶνες
2370 1752 2511 1829 ἦσαν
2542 1757 2819 1827 γυμνικοὶ,
2855 1756 2887 1825 ἢ
2924 1756 3221 1826 θυμελικοὶ,
3250 1756 3282 1826 ἢ
3320 1757 3532 1810 ἱππικοὶ
3568 1758 3695 1827 παρ’

2120 1848 2333 1910 αὐτοῖς’
2361 1848 2481 1902 οὐδέ
2510 1846 2771 1915 γυναῖκες
2796 1847 3204 1916 πιπράσκουσαι
3231 1847 3330 1916 τὴν
3354 1846 3503 1918 ὥραν
3534 1850 3698 1901 παντὶ

2118 1940 2197 2010 τῷ
2244 1938 2551 2010 βουλομένῳ
2600 1940 2843 2009 σπείρειν
2890 1938 3082 2001 κενῶς,
3129 1937 3227 1990 καὶ
3277 1937 3581 2007 ἐνυϐρίζειν
3629 1943 3693 2009 τῇ

2119 2034 2280 2102 φύσει
2324 2032 2435 2085 τῶν
2476 2030 2830 2103 ἀνθρωπίνων
2877 2030 3228 2100 σπερμάτων.
3279 2029 3490 2083 Ὀποῖον
3537 2030 3585 2083 δ’
3627 2027 3694 2101 ’ἦν

2120 2124 2253 2195 παρ’
2295 2122 2480 2187 αὐτοῖς
2524 2122 2587 2175 τὸ
2621 2123 2680 2189 ἐξ
2723 2121 2801 2173 ἐτι
2836 2120 3057 2174 ἁπαλῶν
3104 2121 3309 2190 ὀνύχων
3349 2120 3693 2175 διδάσκεσθαι

2118 2214 2573 2287 ύπεραναϐαίνειν
2611 2216 2709 2285 μὲν
2742 2215 2923 2267 πᾶσαν
2960 2214 3059 2284 τὴν
3091 2213 3352 2283 αἰσθητὴν
3384 2212 3566 2281 φύσιν,
3602 2214 3691 2267 καὶ

2120 2304 2369 2378 μηδαμοῦ
2402 2304 2571 2374 αὐτῆς
2610 2302 2851 2374 νομίζειν
2895 2303 3137 2374 ίδρύσθαι
3172 2301 3261 2354 τὸν
3293 2302 3445 2365 Θεὸν,
3481 2304 3592 2357 ἂνω
3635 2303 3691 2356 δὲ

2118 2397 2211 2451 καὶ
2243 2397 2382 2467 ὑπὲρ
2426 2396 2495 2450 τὰ
2543 2394 2771 2466 σώματα
2809 2394 2988 2465 ζητεῖν
3033 2394 3227 2459 αύτόν;
3274 2394 3509 2464 Πηλίκον
3544 2395 3601 2448 δὲ
3630 2394 3689 2447 τὸ

2118 2488 2303 2559 σχεδὸν
2349 2488 2466 2559 ἅμα
2500 2485 2710 2555 γενέσει
2744 2488 2838 2539 καὶ
2872 2484 3261 2555 συμπληρώσει
3298 2484 3393 2538 τοῦ
3428 2485 3586 2554 λόγου
3613 2486 3687 2539 δι-

2114 2578 2412 2633 δάσκεσθαι
2446 2578 2643 2640 αὐτοὺς
2671 2577 2770 2647 τὴν
2807 2576 2907 2646 τῆς
2947 2575 3122 2645 ψυχῆς
3156 2574 3472 2640 ἀθανασίαν,
3504 2576 3597 2629 καὶ
3620 2575 3684 2628 τά

2116 2671 2221 2725 ὑπὸ
2254 2670 2354 2741 γῆν
2386 2670 2764 2739 δικαιωτήρια,
2799 2668 2894 2720 καὶ
2926 2668 3022 2730 τὰς
3049 2667 3210 2736 τιμὰς
3245 2664 3353 2718 τῶν
3396 2666 3574 2728 καλῶς
3600 2665 3684 2734 βε-

2116 2762 2424 2824 ϐιωκότων;
2462 2761 2649 2828 ’Ἂπερ
2693 2758 2771 2809 ἐτι
2808 2756 2913 2827 (66)
2959 2755 3327 2827 μυθικώτερον
3372 2755 3469 2825 μὲν
3508 2755 3683 2818 παισὶ,

2113 2852 2297 2906 καὶτὰ
2336 2850 2539 2903 παίδων
2574 2846 2858 2919 φρονοῦσιν
2882 2850 3085 2910 αὐτοῖς,
3111 2844 3438 2917 ἐκηρύσσετο
3456 2861 3469 2874 ·
3501 2844 3597 2913 ἤδη
3629 2844 3684 2897 δὲ

2116 2941 2338 3014 ζητοῦσι
2376 2943 2466 2996 τὸν
2499 2942 2677 3008 λόγον,
2714 2939 2808 2993 καὶ
2842 2939 3183 3009 βουλομένοις
3219 2938 3275 2989 ἐν
3308 2934 3449 3004 αύτῷ
3491 2934 3684 3005 προκό-

437 3030 656 3098 bantur;
693 3033 786 3087 sed
822 3046 947 3101 erga
971 3046 1087 3099 eos,
1121 3034 1211 3103 qui
1248 3035 1560 3105 diligentius
1588 3037 1856 3106 inspicere
1892 3039 2005 3093 ltan

2115 3050 2288 3097 πτειν,
2323 3035 2371 3085 οἱ
2406 3034 2541 3095 τέως
2594 3030 2752 3101 μῦθοι
2785 3030 2874 3101 (ἵν’
2915 3030 3086 3092 οὕτως
3120 3026 3384 3098 ὀνομάσω)
3416 3042 3681 3096 μετεμορ-

437 3135 635 3177 arcana
673 3131 729 3175 et
771 3121 825 3175 in
868 3122 970 3174 hac
1016 3122 1373 3191 inquisitione
1413 3125 1680 3193 proficere
1708 3126 2005 3195 volebant,

438 3213 554 3275 hae,
580 3221 640 3266 ut
670 3212 747 3266 ita
774 3212 1005 3283 .loquar,
1040 3214 1235 3269 fabula:
1277 3215 1807 3271 transformabantur
1836 3220 1887 3274 in
1919 3235 2010 3276 vc-

437 3304 650 3358 ritatem
715 3319 835 3373 qua)
876 3306 943 3361 iis
974 3306 1211 3360 involuta
1250 3316 1388 3362 erat.
1430 3307 1651 3362 Certum
1680 3325 1900 3381 quoque
1924 3323 2011 3369 est

434 3409 550 3461 eos,
578 3403 637 3449 ut
664 3395 921 3465 p0pulum
952 3396 1184 3452 decebat
1215 3398 1309 3467 qui
1346 3399 1438 3453 Dei
1473 3401 1648 3468 portio
1687 3405 2005 3470 vocabatur,

434 3486 745 3555 despicatos
769 3502 890 3543 esse
912 3503 1076 3543 omne
1098 3489 1449 3545 divinationis
1473 3505 1662 3560 genus,
1687 3502 1875 3562 utpote
1901 3512 2005 3562 qua

435 3578 611 3648 decipi
646 3579 895 3635 homines
933 3578 1155 3645 solent,
1199 3594 1429 3648 qumque
1467 3596 1493 3632 a
1530 3582 1684 3635 malis
1727 3585 2009 3640 dzemoniis

433 3672 617 3740 potius
660 3687 822 3741 quam
852 3686 881 3726 a
922 3670 1300 3740 pratstantiore
1357 3671 1589 3739 quadam
1628 3682 1819 3726 natura
1847 3676 2009 3741 proli-

434 3765 690 3830 ciscitnr;
722 3776 778 3819 et
807 3778 991 3819 rerum
1040 3762 1348 3819 futurarum
1386 3762 1635 3818 notitiam
1686 3764 1754 3819 ab
1783 3765 1850 3821 iis
1878 3768 2008 3823 viris

2118 3125 2314 3196 φοῦντο
2358 3127 2437 3189 εἰς
2478 3125 2577 3194 τὴν
2617 3120 3171 3192 ἐναποκεκρυμμένην
3214 3120 3272 3171 ἐν
3321 3118 3502 3179 αὐτοῖς
3550 3115 3680 3185 ἀλή-

2115 3217 2279 3271 θειαν.
2321 3214 2462 3284 Ἐγὼ
2487 3214 2543 3266 δέ
2568 3213 2771 3281 νομίζω
2798 3200 2961 3275 ἀξίως
2987 3209 3081 3263 τοῦ
3108 3206 3466 3281 χρηματίζειν
3490 3206 3683 3268 αὐτοὺς

2114 3308 2309 3381 μερίδα
2358 3305 2515 3370 Θεοῦ,
2568 3304 2748 3375 πάσης
2791 3320 2853 3373 γε
2889 3302 2999 3374 (67)
3052 3302 3330 3373 μαντείας,
3385 3301 3461 3363 ὡς
3513 3298 3681 3369 μάτην

2110 3401 2382 3473 κηλούσης
2427 3401 2555 3465 τοὺς
2597 3399 2937 3470 ἀνθρώπους,
2977 3392 3553 3464 καταπεφρονηκέναιο
3591 3388 3681 3443 καὶ

2112 3493 2222 3547 ἀπὸ
2252 3492 2520 3562 δαιμόνων
2556 3488 2844 3562 μοχθηρῶν
2880 3488 3076 3558 μᾶλλον
3107 3486 3140 3556 ἢ
3175 3485 3281 3538 ἀπό
3327 3499 3469 3545 τινος
3502 3481 3681 3551 κρείτ-

2111 3601 2265 3647 τονος
2290 3581 2505 3652 φύσεως
2528 3580 2828 3651 ἐρχομένης
2849 3595 2862 3609 ο
2897 3578 3078 3647 ζητεῖν
3108 3575 3164 3628 δὲ
3192 3574 3289 3645 τὴν
3318 3573 3429 3626 τῶν
3463 3572 3679 3643 μελλόν-

2112 3693 2221 3729 των
2252 3675 2453 3743 γνῶσιν
2492 3674 2549 3725 ἐν
2582 3672 2779 3742 ψυχαῖς
2813 3670 2881 3722 δι’
2915 3670 3090 3739 ἄκραν
3122 3666 3466 3736 καθαρότητα
3510 3680 3681 3737 παρα-

2114 3766 2434 3836 δεξαμέναις
2465 3762 2689 3834 Πνεῦμα
2720 3760 2812 3814 τοῦ
2848 3760 2939 3813 ἐπὶ
2970 3760 3104 3813 πᾶσι
3136 3757 3291 3812 Θεοῦ.

435 3870 559 3911 esse
623 3858 966 3924 sciscitatos,
1006 3871 1239 3925 quorum
1290 3859 1487 3912 anima:
1532 3868 1756 3928 propter
1809 3874 2078 3917 summam
2143 3877 2297 3919 suam
2354 3857 2722 3929 integritatem
2776 3855 3017 3926 supremi
3080 3855 3174 3909 Dei
3226 3852 3477 3923 spiritum
3520 3863 3675 3907 acce-

432 3960 651 4017 perant.

502 4046 596 4104 45.
655 4046 793 4103 Tum
850 4047 1041 4110 istud,
1095 4047 1370 4102 neminem
1430 4047 1671 4116 ejusdem
1728 4051 2008 4122 religionis

432 4153 592 4206 posse
622 4137 826 4194 diutius
850 4138 1110 4192 sexennio
1137 4137 1538 4206 servire,quam
1558 4139 1751 4193 rationi
1781 4156 2009 4195 consen-

2186 4047 2260 4101 Τὸ
2286 4046 2344 4100 δέ
2381 4046 2455 4117 μὴ
2486 4044 2681 4111 ἐξεῖναι
2709 4042 2977 4097 δουλεύειν
3007 4041 3098 4094 τὸν
3126 4039 3233 4093 ἀπὸ
3255 4038 3362 4092 τῶν
3392 4039 3569 4093 αὐτῶν
3592 4039 3679 4111 op-

2119 4138 2366 4210 μώμενον
2392 4136 2678 4206 δογμάτων
2705 4135 2885 4187 πλεῖον
2917 4133 3054 4185 ἐτῶν
3086 4132 3145 4197 ἐξ
3176 4132 3293 4195 πῶς
3322 4133 3440 4184 ἐστι
3474 4130 3675 4200 λελογι-

433 4240 685 4299 taneum,
716 4246 876 4301 quam
912 4246 1038 4300 erga
1078 4230 1269 4284 herum
1304 4239 1359 4283 et
1382 4244 1600 4284 servum
1633 4231 1778 4299 juste
1803 4233 2005 4286 consti-

2115 4228 2330 4299 σμένον,
2356 4226 2452 4280 καὶ
2491 4225 2614 4277 οὔτε
2654 4224 2744 4277 τὸν
2776 4223 3043 4293 δεσπότην
3080 4222 3200 4275 οὕτε
3236 4222 3329 4301 τὸν
3356 4220 3541 4274 δοῦλον
3571 4221 3678 4273 ἁδι-

431 4334 608 4381 ιυιιιιη
650 4326 722 4382 sit
746 4367 760 4390 ,
789 4326 921 4396 quid
965 4326 1163 4381 attinet
1198 4324 1417 4380 dicere?
1448 4324 1564 4379 Non
1613 4324 1780 4393 igitur
1808 4323 2006 4379 .ludaeis

432 4420 620 4474 eadem
655 4429 739 4475 est
784 4434 847 4475 ac
880 4420 1090 4475 ctcteris
1120 4419 1371 4490 gentibus
1395 4420 1538 4472 ratio
1575 4433 1703 4472 suas
1739 4419 1894 4472 firme
1920 4434 2007 4473 re-

432 4511 637 4565 tinendi
667 4512 813 4582 leges
839 4530 852 4578 ;
888 4512 997 4567 into
1021 4514 1310 4567 damnandi
1340 4521 1556 4573 essent,
1592 4513 1634 4565 si
1674 4526 1896 4565 suarum
1927 4510 2005 4563 le-

431 4616 555 4668 gum
590 4601 968 4656 excellentiam
1024 4617 1131 4655 non
1166 4605 1431 4656 sentirent
1467 4643 1482 4663 ,
1529 4602 1573 4655 si
1620 4603 1805 4654 eodem
1843 4602 2003 4656 modo

431 4704 594 4760 atque
624 4694 955 4763 reliquarum
1001 4694 1242 4763 gentium
1273 4694 1440 4765 leges,
1490 4694 1589 4749 sibi
1627 4694 1858 4760 scriptas
1887 4691 2004 4745 illas

429 4798 552 4835 csse
571 4784 1160 4855 cxistimarentJtaque
1176 4787 1302 4840 velit
1322 4785 1455 4840 nolit
1471 4784 1680 4850 Celsus,
1699 4783 1864 4838 Juda-i
1880 4791 2006 4836 sunt

434 4872 641 4939 majore
678 4875 946 4944 sapientia
983 4877 1227 4944 prmditi,
1262 4891 1369 4932 non
1404 4877 1576 4931 solum
1612 4889 1775 4945 quam
1808 4873 2001 4941 vulgus

434 4964 714 5021 hominum
739 5004 753 5027 ,
797 4966 890 5019 sed
921 4967 1084 5021 etiam
1121 4982 1281 5035 quam
1322 4969 1375 5023 hi
1409 4968 1498 5036 qui
1535 4981 1635 5035 pro
1665 4962 2002 5034 philoSOphis

432 5056 721 5110 habentur.
772 5053 836 5108 lli
868 5055 1010 5108 enim
1052 5055 1183 5110 licet
1206 5057 1463 5125 przeclara
1499 5057 1656 5128 611
1692 5055 1857 5108 multa
1888 5052 2000 5106 dis-

430 5154 645 5215 putent,
683 5145 747 5198 ad
782 5143 1196 5199 simulacrorum
1231 5153 1406 5198 tamen
1441 5146 1849 5213 dat'utouumquc
1888 5142 2002 5197 Cul-

434 5247 548 5292 tum
601 5237 1001 5306 prolabuntur;
1038 5234 1346 5291 Judmorum
1398 5252 1526 5291 vero
1576 5236 1659 5291 vel
1708 5236 2002 5289 vilissimus

430 5328 485 5383 in
531 5327 647 5381 solo
696 5326 808 5382 Deo
856 5326 1056 5383 mentis
1109 5326 1278 5381 aciem
1324 5325 1541 5394 deﬁgit;
1595 5335 1760 5393 atque
1806 5323 1906 5377 hac
1936 5322 2002 5376 de

428 5432 595 5472 causa
628 5418 819 5473 merito
847 5434 902 5473 se
922 5418 1167 5488 efferunt,
1200 5427 1248 5471 et
1282 5415 1509 5469 aliorum
1540 5426 1593 5469 ιιι
1625 5416 1911 5482 impiorttm
1947 5421 2002 5466 et

428 5511 785 5581 profanorum
829 5512 1126 5565 societafem
1179 5518 1507 5563 aversantur.
1552 5506 1769 5561 Utinam
1806 5512 1997 5558 contra

502 5626 626 5689 (Cm
668 5627 848 5694 Ἀπερ
918 5630 999 5680 ἔτι
1012 5669 1022 5679 .

430 5699 575 5765 άπερ
608 5698 723 5766 ἔθη.

1092 5628 1287 5682 Guicto
1343 5625 1686 5680 scribrndum
1762 5623 1995 5687 videtur,

2108 4317 2258 4381 κοῦν,
2305 4315 2358 4368 τί
2405 4314 2513 4385 χρὴ
2556 4313 2769 4381 λέγειν;
2823 4312 2897 4365 Οὐ
2954 4311 3091 4364 κατὰ
3132 4310 3200 4362 τὰ
3243 4300 3382 4363 αὐτὰ
3431 4305 3526 4362 οὖν
3570 4309 3678 4371 τοῖς

2104 4409 2313 4472 λοιποῖς
2360 4407 2537 4460 ἔθνεσι
2586 4403 2982 4478 περιστέλλοιεν
3016 4404 3083 4456 ἂν
3135 4402 3376 4455 Ἰουδαῖοι
3416 4400 3507 4454 τὸν
3555 4399 3677 4452 ἴδιον

2104 4502 2299 4571 νόμον·
2348 4498 2597 4569 μεμπτὸν
2629 4498 2737 4567 γάρ
2780 4498 2928 4548 ἐστιν
2961 4497 3161 4557 αὐτοῖς,
3196 4492 3291 4547 καὶ
3328 4492 3675 4564 ἀναισθησίας

2104 4591 2353 4662 ἔγκλημα
2392 4589 2502 4660 (68)
2540 4587 2745 4655 ἐπάγον
2777 4589 2872 4657 τῆς
2910 4587 3035 4657 περὶ
3067 4586 3165 4656 τῆς
3197 4583 3304 4637 τῶν
3336 4585 3514 4653 νόμων
3546 4583 3675 4635 ὑπε-

2109 4681 2293 4751 ροχῆς,
2335 4681 2384 4731 εί
2418 4679 2687 4750 νομίζοιεν
2727 4677 2923 4739 αὐτοὺς
2966 4676 3165 4746 ὁμοίως
3210 4678 3319 4737 τοῖς
3365 4674 3543 4736 ἄλλοις
3583 4691 3674 4742 γε·

2103 4771 2346 4843 γράφθαι
2398 4773 2512 4834 τοῖς
2568 4770 2708 4823 κατὰ
2753 4769 2818 4821 τά
2866 4768 3013 4837 ἔθνη.
3062 4768 3180 4820 Κᾶν
3222 4768 3297 4838 μὴ
3338 4766 3591 4837 βούληται
3622 4768 3674 4819 δὲ

2103 4865 2327 4928 Κέλσος,
2357 4863 2663 4933 σοφώτερόν
2687 4879 2737 4913 τι
2766 4863 2902 4914 εἰσιν
2929 4862 3126 4923 εἰδότες
3168 4860 3408 4913 Ἰουδαῖοι
3435 4860 3493 4913 οὐ
3521 4859 3675 4930 μόνον

2102 4953 2211 5007 τῶν
2238 4953 2466 5017 πολλῶν,
2500 4951 2634 5005 ἀλλὰ
2660 4952 2753 5004 καὶ
2778 4951 2885 5004 τῶν
2909 4952 3213 5019 φιλοσοφεῖν
3234 4950 3531 5004 δοκούντων
3549 4967 3562 4980 ·
3594 4950 3675 5003 ὅτι

2102 5046 2151 5099 οἱ
2190 5046 2286 5115 μὲν
2312 5043 2721 5114 φιλοσοφοῦντες
2747 5043 2883 5113 μετὰ
2916 5044 3040 5106 τοὺς
3066 5042 3296 5112 σεμνοὺς
3316 5044 3373 5094 ἐν
3391 5040 3674 5112 φιλοσοφίᾳ

2102 5137 2294 5205 λόγους
2319 5137 2750 5190 καταπίπτουσιν
2776 5138 2866 5192 ἐπὶ
2894 5136 2959 5189 τὰ
2994 5135 3184 5188 εἴδωλα
3216 5137 3309 5188 κα)⁸
3339 5136 3466 5199 τοὺς
3490 5134 3675 5206 δαίμο-

2102 5244 2227 5290 νας·
2277 5227 2546 5280 Ἰουδαίων
2573 5227 2629 5280 δὲ
2661 5229 2755 5281 καὶ
2800 5230 2826 5279 ό
2861 5227 3083 5296 ἔσχατος
3122 5226 3264 5297 μόνῳ
3291 5226 3448 5298 ἐνορᾷ
3476 5226 3552 5296 τῷ
3582 5223 3674 5279 ἐπὶ

2104 5318 2234 5370 πᾶσι
2246 5317 2382 5387 Θεῷ·
2405 5318 2496 5371 καὶ
2515 5317 2691 5381 καλῶς
2704 5335 2786 5385 γε,
2803 5318 2924 5369 ὅσον
2937 5317 3027 5368 ἐπὶ
3046 5316 3236 5387 τούτῳ,
3252 5316 3669 5384 σεινινύνονται.

2105 5408 2201 5461 καὶ
2234 5408 2346 5475 τὴν
2368 5408 2484 5461 τῶν
2505 5407 2730 5473 ἄλλων,
2764 5410 2837 5470 ὡς
2861 5408 3066 5477 ἐναγῶν
3093 5411 3185 5461 καὶ
3211 5408 3442 5472 ἀσεϐῶν,
3472 5404 3670 5474 ἐκτρέ-

2103 5516 2315 5554 πονται
2363 5501 2700 5555 κοινωνίαν.
2751 5500 2860 5552 Καὶ
2910 5499 3020 5552 εἴθε
3054 5499 3233 5561 αὐτοῖς
3279 5497 3352 5569 μὴ
3391 5496 3675 5569 ἡμάρτητο

2180 5618 2291 5688 (67)
2332 5618 2485 5674 Liltlt.
2513 5619 2637 5672 editi
2678 5620 2727 5671 in
2764 5619 3024 5685 m'rgitte,
3064 5617 3179 5688 μέν.

2188 5686 2295 5761 (σε)
2337 5691 2501 5741 (Judd.
2537 5690 2733 5766 ltcgiu‘s
2759 5702 2808 5743 et
2837 5686 3182 5754 Basilecnsis,
3209 5686 3396 5757 ὄνομα.
