3990 6158
312 286 447 339 19.ιῦ

1502 280 1779 337 CONTRA
1818 280 2093 337 CELSUM
2134 282 2260 337 LlB.
2305 281 2367 335 V.

3408 287 3548 341 1250

306 395 749 469 παρανομήσασι,
813 394 903 447 καὶ
957 395 1221 465 πρότερον
1267 393 1364 463 μὲν
1414 394 1540 456 τούς
1596 395 1861 465 προφήτας

1985 394 2156 467 legem
2190 409 2293 448 non
2322 400 2700 463 peccassent,
2732 392 2925 447 occisis
2955 393 3189 461 primum
3228 397 3543 467 prophetis,

305 488 704 549 ἀποκτείνασιν,
739 485 961 556 ὕστερον
1003 484 1057 536 δὲ
1102 484 1197 537 καὶ
1227 482 1304 553 τῷ
1353 484 1527 553 Ἰησοῦ
1561 485 1875 537 ἐπιϐουλεύ-

308 585 491 633 σασινῑ
530 578 594 631 ἵν’
629 577 839 647 ἔχωμεν
880 575 1225 644 παράδειγμα
1259 574 1463 637 πόλεως
1497 576 1771 645 οὐρανίας,
1809 577 1873 645 ῆν

306 670 537 739 ἐζήτησε
579 669 674 737 μὲν
721 666 1014 735 διαγράψαι
1048 666 1141 718 καὶ
1184 664 1406 717 Πλάτων
1453 664 1584 735 (69),
1624 667 1723 718 οὐκ
1760 662 1875 718 οἶδα

303 762 361 813 δὲ
382 761 432 814 εἰ
458 760 706 812 τοσοῦτον
730 757 1030 827 δεδύνηται,
1060 756 1182 808 ὅσον
1199 757 1435 825 Μωύσῆς
1469 756 1674 826 ἴσχυσε,
1698 756 1793 811 καὶ
1825 758 1872 808 οἱ

307 849 425 916 μετ’
461 847 641 911 αὐτὸν,
669 847 821 914 γένος
866 862 918 897 τι
952 845 1226 910 ἐκλεκτὸν,
1262 847 1356 898 καὶ
1384 845 1533 909 ἔθνος
1564 847 1737 913 ἅγιον,
1780 845 1874 897 καὶ

302 940 422 1009 Θεῷ
466 940 835 1007 ἀνακείμενον,
871 938 1217 1009 ὲντρέφοντες
1263 936 1443 1007 λόγοις
1474 936 1735 1008 καθαροῖς
1768 938 1874 990 ἀπὸ

306 1032 486 1099 πάσης
512 1028 948 1097 δεισιδαιμονίας.

386 1117 536 1170 Ἐπεὶ
580 1117 636 1169 δὲ
685 1116 933 1187 βούλεται
978 1117 1182 1180 Κέλσος
1228 1119 1550 1169 καινοποιεῖν
1588 1116 1656 1168 τὰ
1701 1115 1875 1185 σεμνὰ

314 1206 579 1260 Ἰουδαίων
608 1207 775 1260 ἐθνῶν
805 1225 965 1259 τινων
997 1208 1200 1278 νόμοις,
1239 1209 1388 1279 φέρε,
1426 1206 1708 1260 καὶταῦτα.
1741 1206 1874 1258 θεω-

300 1300 575 1369 ρήσωμεν.
611 1298 837 1369 Νομίςει
863 1299 1041 1351 τοίνυν
1064 1300 1125 1351 τὸ
1157 1299 1283 1369 περὶ
1304 1298 1532 1370 οὐρανοῦ
1565 1298 1737 1367 δόγμα
1772 1314 1874 1367 μη-

295 1392 387 1444 δὲν
412 1392 686 1462 διαφέρειν
708 1391 800 1443 τοῦ
833 1391 958 1460 περὶ
991 1388 1083 1442 τοῦ
1118 1390 1275 1452 Θεοῦ,
1304 1390 1396 1441 καί
1426 1406 1559 1459 φησι
1586 1386 1875 1459 παραπλη-

299 1482 431 1543 σίως
462 1483 573 1542 τοῖς
623 1480 894 1543 Ἰουδαίοις
920 1482 1045 1542 τούς
1073 1481 1285 1550 Πέρσας
1316 1480 1393 1550 τῷ
1427 1481 1508 1531 Διὶ
1534 1479 1721 1541 θυσίὰς
1756 1480 1873 1531 ἐπι-

293 1572 472 1623 τελεῖν
522 1572 613 1623 ἐπὶ
664 1570 731 1623 τα
785 1570 1093 1640 ὑψηλότατα
1140 1570 1249 1622 τῶν
1298 1569 1502 1639 ὀρέων·
1555 1570 1653 1638 οὐχ
1704 1568 1868 1639 ὀρῶν,

294 1662 660 1726 ὅτιἸουδαῖοι,
693 1662 767 1724 ὡς
802 1661 899 1714 ἕνα
941 1661 1071 1713 Θεὸν
1104 1662 1419 1730 ἠπίσταντο,
1458 1659 1627 1723 οὕτως
1660 1660 1753 1712 ἕνα
1780 1660 1870 1711 τὸν

1977 487 2099 543 dein
2138 483 2265 541 Jesu
2320 500 2415 555 per
2470 484 2695 539 insidias
2743 486 2991 539 sublato:
3050 500 3192 541 nunc
3221 486 3550 543 haberemus

1976 578 2212 634 ctelestis
2248 577 2390 633 illius
2423 577 2658 632 civitatis
2691 577 3015 645 exemplum,
3051 592 3210 647 quam
3248 578 3401 634 Plato
3435 594 3547 634 mc-

1975 669 2177 724 ditatus
2203 669 2416 737 quidem
2458 677 2542 723 est
2566 709 2580 733 ,
2608 668 2700 722 sed
2734 668 2916 723 nescio
2948 682 3016 721 an
3049 677 3255 722 tantum
3284 671 3544 738 potuerit,

1974 769 2233 827 quantum
2286 759 2498 829 Moyses
2552 759 2777 828 ejusque
2834 774 3194 823 successores,
3250 763 3340 829 qui
3376 776 3547 831 genus

1974 849 2203 904 electum
2235 888 2250 915 ,
2296 860 2509 918 gentem
2564 860 2809 905 sanctam
2851 849 3067 919 Deoque
3122 851 3354 903 dicatam
3408 866 3543 919 pura

1973 941 2215 995 doctrina
2294 940 2609 994 imbuerunt
2670 950 2723 994 et
2800 942 2869 994 ab
2941 942 3088 996 omni
3157 943 3545 1011 superstitione

1974 1043 2290 1086 aVOCaruttt.

2041 1122 2131 1175 44.
2166 1123 2301 1187 Quia
2339 1137 2465 1175 vero
2501 1121 2778 1174 conlcndit
2822 1122 3011 1176 Celsus
3041 1123 3362 1189 quibusdam
3412 1137 3545 1192 gen-

1976 1210 2114 1265 tibus
2140 1212 2443 1265 communia
2493 1225 2611 1265 esse
2637 1225 2759 1265 cum
2792 1210 2991 1265 .ludmis
3016 1250 3029 1273 ,
3066 1226 3405 1279 quarcunque
3455 1213 3542 1266 isti

1974 1303 2282 1371 augustiora
2318 1303 2539 1369 habent,
2574 1316 2689 1370 age,
2726 1301 2836 1353 haec
2861 1315 3076 1369 quoque
3108 1303 3540 1358 consideremus.

1972 1390 2134 1447 Putat
2166 1393 2326 1461 igitur
2359 1409 2521 1446 unum
2552 1404 2606 1447 et
2648 1394 2788 1446 idem
2824 1408 2945 1446 esse
2968 1432 2981 1454 ,
3017 1393 3210 1446 cwlum
3239 1403 3331 1447 ant
3375 1394 3541 1449 Deum

1974 1483 2171 1547 colere,
2203 1484 2388 1551 aitque
2419 1484 2613 1538 Persas
2635 1523 2649 1547 ,
2680 1484 2770 1552 qui
2812 1482 2928 1537 Jovi
2966 1483 3016 1534 in
3051 1483 3362 1539 celsissimis
3388 1500 3543 1539 mon-

1975 1576 2118 1630 tibus
2152 1577 2400 1629 victimas
2431 1585 2691 1641 mactant,
2736 1576 2873 1629 idem
2920 1574 3097 1628 facere
3132 1589 3195 1628 ac
3230 1573 3422 1630 Judaei.
3470 1578 3540 1629 At

1974 1683 2076 1722 non
2104 1669 2254 1722 videt
2282 1684 2312 1721 a
2347 1667 2570 1732 Judacis,
2606 1675 2665 1720 ut
2694 1681 2859 1720 unum
2892 1666 3080 1729 Deum,
3117 1665 3197 1719 sic
3236 1680 3397 1719 unam
3422 1680 3543 1719 ora-

293 1752 399 1819 τῆς
441 1752 744 1822 προσευχῆς
780 1753 933 1819 ἆγιον
978 1748 1143 1815 οἶκον,
1185 1752 1277 1804 καὶ
1310 1750 1365 1802 ἓν
1397 1750 1457 1802 τὸ
1500 1750 1607 1805 τῶν
1644 1751 1861 1821 όλοκαρ·

1974 1758 2133 1812 tionis
2160 1758 2398 1823 domum,
2422 1773 2586 1811 unum
2615 1757 3049 1812 holocaustormn
3088 1756 3275 1821 altare,
3303 1763 3355 1809 et
3381 1771 3541 1810 unam

295 1842 573 1911 πωμάτων
593 1842 705 1912 (7‘))
724 1842 1125 1913 θυσιαστήριον,
1140 1842 1232 1893 καὶ
1246 1841 1301 1892 ἓν
1322 1840 1381 1893 τὸ
1397 1840 1502 1893 τῶν
1514 1840 1868 1911 θυμιαμάτων

294 1930 673 2002 θυμιατήριον,
710 1933 803 1984 καὶ
839 1933 934 1986 ἕνα
960 1933 1053 1984 τὸν
1086 1932 1179 1984 τοῦ
1213 1930 1347 1984 Θεοῦ
1384 1931 1661 2002 ἀρχιερέα.
1705 1931 1867 1984 Οὐδὲν

291 2015 388 2072 οὖν
425 2023 599 2073 κοινδν
640 2022 773 2091 πρὸς
800 2021 1011 2091 Πέρσας
1050 2016 1116 2091 ἧν
1164 2020 1457 2084 Ἰουδαίοις,
1500 2021 1591 2072 ἐπὶ
1631 2020 1697 2073 τὰ
1732 2022 1868 2091 ὑψη-

292 2113 494 2166 λότατα
536 2115 644 2167 τῶν
686 2115 875 2185 ὀρέων,
925 2114 1185 2167 πλειόνων
1227 2112 1415 2179 ὄντων,
1458 2113 1863 2176 ἀναϐαίνοντας,

292 2207 391 2258 καὶ
412 2205 596 2269 θυσίας
618 2207 995 2269 ἐπιτελοῦντας
1013 2247 1027 2271 ,
1053 2206 1201 2259 οὐδὲν
1226 2207 1607 2278 παραπλήσιον
1630 2208 1866 2276 ἐχούσας

293 2296 416 2359 ταῖς
441 2297 578 2349 κατὰ
606 2297 694 2349 τὸν
723 2297 997 2358 Μωύσέως
1032 2298 1191 2367 νόμον
1212 2315 1224 2326 ·
1257 2297 1375 2349 καθ’
1409 2298 1467 2350 ὂν
1507 2299 1865 2368 ὑποδείγματι

294 2387 389 2439 καὶ
419 2390 546 2457 σκιᾷ
576 2386 859 2458 ὲλάτρευον
890 2386 998 2438 τῶν
1039 2388 1373 2458 ἐπουρανίων
1410 2389 1458 2439 oi
1486 2389 1762 2442 Ἰουδαίων
1793 2391 1866 2442 ἱε-

298 2481 431 2547 ρεῖς,
454 2476 509 2529 ὲν
536 2479 829 2548 ἀπορρήτῳ
846 2478 956 2547 (71)
983 2477 1326 2547 διηγούμενοι
1348 2477 1405 2529 τὸ
1436 2478 1528 2529 τοῦ
1552 2479 1714 2547 νόμου
1738 2480 1867 2550 περὶ

296 2570 403 2622 τῶν
446 2567 642 2621 θυσιῶν
677 2568 940 2638 βούλημα,
976 2569 1069 2620 καὶ
1113 2562 1187 2621 ὧν
1234 2568 1474 2638 σύμϐολα
1514 2565 1653 2639 ἦσαν
1686 2563 1862 2623 αὗται.

294 2658 503 2726 Πέρσαι
526 2658 702 2710 τοίνυν
736 2659 909 2712 πάντα
928 2660 1016 2711 τὸν
1045 2657 1139 2711 τοῦ
1170 2659 1398 2730 οὐρανοῦ
1426 2661 1621 2713 κύκλον
1655 2662 1752 2715 Δία
1772 2679 1869 2715 κα-

294 2749 573 2812 λείτωσαν,
592 2751 748 2819 ἡμεῖς
763 2750 817 2802 δὲ
836 2748 955 2802 οὔτε
988 2751 1085 2803 ,Δία
1113 2749 1235 2803 οὔτε
1254 2752 1343 2803 τὸν
1365 2752 1496 2805 Θεόν
1519 2770 1698 2822 φαμεν
1727 2750 1865 2807 εἶναι

292 2840 385 2892 τὸν
413 2841 638 2911 οὐρανόν
697 2841 749 2892 οἵ
773 2857 834 2908 γε
870 2842 1208 2911 ἐπιστάμεθα
1234 2842 1323 2895 καί
1356 2860 1473 2895 τινα
1496 2843 1602 2895 τῶν
1633 2844 1866 2913 ἡττόνων

291 2930 384 2983 τοῦ
413 2930 545 2983 Θεοῦ
572 2930 1105 3001 ὐπεραναϐεδηκέναι
1129 2932 1255 2995 τοὺς
1280 2932 1539 3002 οὐρανοὺς
1568 2933 1658 2985 καὶ
1688 2935 1865 2987 πᾶσαν

292 3019 553 3092 αἰσθητὴν
588 3021 767 3089 φύσιν.
804 3022 909 3074 Καὶ
935 3021 1075 3074 οὕτω
1100 3039 1162 3089 γε
1195 3022 1447 3092 συνίεμεν
1478 3023 1568 3075 τοῦ
1606 3044 1622 3073 ι
1657 3026 1863 3077 Αἰνεῖτε

291 3112 382 3163 τὸν
405 3111 559 3173 Θεὸν,
606 3112 653 3163 οἱ
695 3112 912 3180 οὐρανοὶ
952 3112 1060 3165 τῶν
1092 3113 1355 3181 οὐρανῶν,
1399 3113 1493 3165 καὶ
1517 3112 1577 3165 τὸ
1619 3114 1762 3185 ὕδωρ
1799 3117 1859 3168 τὸ

294 3201 548 3272 ὑπεράνω
588 3203 696 3254 τῶν
743 3203 981 3273 οὐρανῶν
1020 3204 1388 3259 αἰνεσάτωσαν
1434 3206 1494 3259 τὸ
1535 3206 1706 3277 ὄνομα.
1749 3210 1859 3261 Κυ-

299 3309 435 3362 ριου.
468 3311 487 3342 ι

377 3382 533 3445 Ἀλλ’,
585 3384 704 3435 ἐπεὶ
751 3384 958 3447 Κέλσος
1000 3384 1169 3437 οῖεται
1219 3385 1384 3455 μηδὲν
1432 3385 1707 3456 διαφέρειν
1762 3387 1860 3442 Δία

294 3471 557 3541 ’Ὕψιστον
585 3474 792 3537 καλεῖν,
835 3475 867 3544 ἢ
904 3475 1067 3543 Ζῆνα,
1109 3475 1142 3544 ἢ
1191 3475 1493 3538 Ἀδωναῖον,
1538 3476 1569 3546 ἢ
1609 3476 1856 3541 Σαϐαὼθ,

290 3568 321 3637 ἢ
363 3565 437 3628 ὡς
478 3565 763 3633 Αἰγύπτιοι
808 3566 1132 3636 Ἀμμοῦν,ἣ
1175 3566 1249 3629 ὼς
1296 3566 1498 3621 Σκῦοαι
1538 3568 1857 3620 Παππαῖον·

289 3658 443 3726 φέρε,
485 3656 579 3708 καὶ
626 3658 753 3726 περὶ
790 3656 994 3709 τούτων
1035 3658 1189 3724 ὀλίγα
1232 3656 1618 3727 διαλεχθῶμεν,
1662 3657 1861 3727 ὑπομι-

291 3745 625 3815 μνήσκοντες
669 3746 713 3797 δ’
747 3745 859 3815 ἅμα
889 3746 978 3797 τὸν
1017 3746 1408 3814 ἐντυγχάνοντα
1445 3745 1539 3800 καὶ
1574 3746 1683 3800 τῶν
1721 3748 1861 3799 ἀνω·-

287 3835 433 3907 τέρω
460 3837 537 3899 εἰς
567 3835 802 3889 τοιοῦτον
828 3836 1118 3907 πρόϐλημα
1141 3837 1467 3907 εἰρημένων,
1498 3837 1573 3889 ὅτ’
1602 3838 1861 3891 ἐκάλεσεν

286 3927 434 3997 ἡμᾶς
463 3927 498 3995 ἡ
538 3927 745 3979 Κέλσου
778 3926 920 3990 λέξις
950 3928 1043 3980 ἐπὶ
1086 3927 1154 3978 τὰ
1198 3926 1439 3981 τοιαῦτα.
1477 3928 1585 3980 Καὶ
1624 3928 1718 3980 νῦν
1765 3927 1860 3982 οὖν

286 4035 489 4089 φαμεν,
518 4019 601 4071 ὅτι
633 4019 666 4088 ὴ
702 4017 812 4070 τῶν
845 4018 1123 4087 ὀνομάτων
1156 4017 1318 4085 φύσις
1350 4018 1411 4070 οὐ
1462 4018 1707 4088 θεμένων
1750 4022 1859 4073 elo).

286 4110 463 4178 νόμοι,
505 4108 581 4171 ὡς
631 4110 1003 4179 Ἀριστοτέλης
1045 4109 1156 4179 (72)
1200 4109 1389 4161 οἴεται.
1424 4109 1555 4161 Οὐδὲ
1600 4110 1705 4181 γὰρ
1753 4113 1859 4165 ἀπὸ

286 4199 589 4269 ἀνθρώπων
619 4199 718 4268 τὴν
755 4199 927 4268 ἀρχὴν
957 4198 1171 4267 ἔχουσιν
1211 4200 1266 4249 ai
1299 4198 1357 4248 ἐν
1400 4197 1708 4267 ἀνθρώποις
1741 4199 1857 4251 διὰ-

286 4290 486 4352 λεκτοι,
508 4288 582 4350 ὼς
602 4287 756 4357 δῆλον
780 4289 889 4347 τοῖς
910 4286 1212 4354 ὲφιστάνειν
1235 4286 1345 4354 (75)
1363 4284 1678 4353 δυναμένοις
1704 4285 1860 4351 φύσει

1968 1849 2111 1903 sacri
2160 1847 2370 1904 sullitns
2401 1863 2549 1902 aram
2576 1888 2591 1912 ,
2637 1857 2692 1902 et
2728 1864 2887 1902 unum
2921 1848 3013 1902 Dei
3053 1864 3319 1901 summum
3351 1862 3538 1901 sacer-

1968 1938 2147 1993 dotem
2174 1940 2415 2010 agnitum
2445 1939 2632 1995 l'uisse.
2664 1938 2803 1993 Nihil
2840 1941 3002 2009 igitur
3027 1938 3227 1993 Judazis
3250 1954 3535 1992 commune

1967 2036 2049 2081 est
2097 2043 2218 2083 cum
2271 2029 2452 2083 Persis
2502 2031 2554 2083 in
2590 2030 2920 2084 celsissimos
2954 2040 3198 2095 montes,
3249 2032 3340 2098 qui
3382 2030 3539 2084 mnhi

1967 2129 2123 2185 sunt,
2159 2120 2580 2174 ascendentibus
2602 2160 2616 2184 ,
2653 2120 2835 2191 ibique
2864 2135 3015 2175 sacra
3049 2120 3378 2174 facientibus
3406 2119 3543 2189 legis

1968 2209 2219 2263 Mosaicae
2274 2209 2446 2262 sacris
2495 2210 2716 2265 omnino
2755 2210 3064 2265 dissimilia.
3112 2208 3322 2276 Quippe
3368 2209 3540 2278 ﬁgura

1970 2316 2145 2355 rerum
2176 2300 2477 2354 caalcstium
2501 2308 2551 2354 et
2575 2303 2762 2354 umbra
2790 2310 2945 2353 erant
2970 2300 3057 2353 illa
3088 2316 3240 2354 sacra
3270 2314 3387 2368 qua:
3415 2314 3541 2368 per-

1969 2390 2200 2458 agebant
2243 2388 2552 2442 Judazorum
2592 2389 2904 2441 sacerdotes
2932 2402 2996 2441 ex
3037 2388 3172 2456 legis
3202 2389 3538 2456 praescripto,

1967 2480 2060 2532 sed
2107 2478 2245 2530 clam
2298 2487 2351 2531 et
2375 2478 2589 2531 occulte
2633 2478 2976 2547 explicabant
3026 2492 3143 2545 quae
3193 2493 3346 2531 mens
3390 2487 3539 2533 esset

1968 2568 2379 2633 saenliciorum,
2405 2578 2453 2621 cl
2478 2583 2707 2637 quarum
2734 2583 2913 2622 rerum
2946 2570 3095 2640 signa
3128 2578 3328 2623 essent.
3356 2566 3541 2625 Persae

1968 2658 2132 2724 igitur
2172 2668 2339 2710 totum
2379 2658 2481 2711 hoc
2516 2656 2636 2712 ραιΙὶ
2677 2648 2973 2713 Convexnm
3008 2658 3277 2727 appellent
3305 2657 3534 2720 Jovem,

1968 2764 2068 2801 nos
2117 2762 2245 2800 vero
2289 2762 2463 2817 neque
2495 2747 2681 2803 Jovem
2721 2764 2894 2818 neque
2943 2749 3107 2803 Deum
3151 2749 3379 2803 dicimus
3419 2760 3539 2800 esse

1966 2839 2206 2904 etelum;
2244 2851 2302 2892 ut
2342 2842 2429 2907 qui
2466 2842 2670 2895 scimus
2712 2851 2932 2893 naturas
2962 2839 3220 2908 quasdam
3256 2839 3361 2894 Deo
3398 2838 3533 2895 infe-

1970 2932 2139 2985 riores
2192 2945 2354 2998 supra
2423 2932 2588 2985 cmlos
2643 2940 2803 3001 atque
2852 2935 2986 2986 adeo
3046 2946 3209 2999 supra
3280 2940 3535 2986 naturam

1966 3036 2177 3075 onmem
2205 3021 2513 3075 sensibilem
2536 3023 2710 3075 elatas
2742 3022 2941 3076 fuisse:
2975 3021 3039 3076 de
3064 3035 3172 3091 quo
3202 3021 3344 3075 istud
3374 3022 3537 3076 intel-

1965 3114 2212 3182 ligimus:
2254 3132 2272 3165 ι
2309 3113 2548 3166 Laudate
2584 3114 2771 3175 Deum,
2807 3113 2929 3168 caeli
2954 3112 3239 3172 caelorum,
3270 3121 3325 3165 et
3359 3126 3533 3182 aqum,

1958 3222 2077 3273 qua:
2109 3223 2274 3273 super
2307 3206 2476 3261 cwlos
2513 3215 2667 3269 sunt,
2704 3205 2921 3258 laudent
2952 3218 3150 3259 nomen
3185 3203 3392 3257 Doniini
3414 3203 3481 3257 “.
3512 3223 3531 3255 ι

2027 3386 2116 3439 45.
2162 3383 2339 3439 Pauca
2383 3384 2545 3437 etiam
2585 3382 2651 3437 de
2685 3396 2747 3438 eo
2780 3382 3132 3447 disseramus,
3161 3381 3303 3450 quod
3340 3382 3533 3437 existi-

1960 3487 2073 3533 mat
2122 3477 2333 3543 Celsus,
2387 3474 2521 3529 nihil
2570 3475 2833 3527 interesse
2881 3469 3068 3526 Jovem
3120 3471 3381 3540 appellari
3432 3483 3531 3526 aut

1960 3568 2244 3622 Excelsum
2278 3607 2294 3631 ,
2326 3575 2420 3619 aut
2464 3566 2660 3618 Zenem
2683 3602 2698 3627 ,
2737 3573 2827 3614 aut
2858 3562 3098 3625 Adonai,
3130 3571 3223 3614 aut
3251 3562 3531 3626 Sabaoth,

1959 3670 2049 3715 aut
2076 3661 2417 3722 Ammonem,
2461 3666 2519 3709 ut
2549 3654 2806 3725 IEgyptii,
2837 3663 2931 3706 aut
2980 3652 3287 3723 l‘appzeum,
3314 3663 3372 3707 ut
3400 3652 3533 3725 Scy-

1964 3751 2105 3816 thas;
2142 3748 2351 3803 monito
2386 3756 2567 3800 tamen
2615 3745 2823 3799 lectore
2872 3744 3055 3798 redeat
3110 3744 3160 3797 in
3214 3746 3531 3798 memoriam

1958 3856 2146 3898 eorum
2194 3854 2313 3908 quae
2378 3838 2446 3892 de
2476 3836 2565 3890 illa
2602 3837 2902 3904 quaestione
2931 3849 3090 3903 supra
3120 3834 3373 3896 diximus,
3406 3849 3529 3887 cum

1960 3928 2026 3983 de
2054 3924 2313 3995 ejusmodi
2358 3925 2519 3978 rebus
2554 3923 2743 3977 Celsus
2777 3938 2873 3976 nos
2921 3937 3082 3990 agere
3122 3922 3400 3992 compulit.
3434 3921 3532 3977 Hic

1960 4031 2179 4089 quoque
2213 4018 2427 4087 disputo
2460 4016 2735 4069 nominum
2766 4026 3016 4066 naturam
3044 4015 3109 4067 ab
3141 4014 3411 4068 hominum
3438 4030 3529 4068 ar—

1959 4110 2121 4164 bitrio
2173 4117 2227 4161 et
2268 4107 2472 4175 legibus
2507 4120 2613 4159 non
2648 4106 2882 4174 pendere
2910 4145 2925 4167 ,
2962 4113 3017 4155 ut
3049 4103 3288 4157 animum
3320 4103 3533 4157 induxit

1959 4199 2300 4253 Aristoteles.
2334 4199 2444 4253 Nec
2479 4201 2621 4252 enim
2661 4196 2857 4263 linguis
2886 4195 3080 4261 quibus
3110 4204 3336 4246 utuntur
3365 4193 3533 4263 612

1961 4290 2227 4355 homines,
2253 4289 2515 4343 dederunt
2551 4287 2793 4339 homines
2818 4284 3120 4352 originem;
3154 4283 3205 4336 id
3232 4282 3533 4351 intelligen-

286 4378 511 4449 ἐπῳδῶν
555 4377 956 4447 οἰκειουμένων,
1008 4376 1146 4429 κατὰ
1186 4377 1285 4439 τὰς
1333 4374 1622 4444 διαφόρους
1676 4376 1856 4427 διαλέ-

1971 4381 2109 4433 libus
2148 4378 2491 4432 manifestum
2521 4376 2725 4430 faciunt
2756 4376 3154 4430 incantationes
3201 4388 3338 4443 quas
3367 4374 3527 4443 primi

288 4487 467 4534 κτους,
504 4473 598 4523 καὶ
637 4470 759 4532 τοὺς
794 4469 1083 4539 διαφόρους
1128 4467 1398 4537 φθόγγους
1442 4466 1549 4517 τῶν
1581 4466 1859 4536 ὀνομάτων

287 4566 397 4624 τλῖς
428 4563 666 4633 πατράσι
692 4563 799 4614 τῶν
831 4560 1156 4615 διαλέκτων
1194 4561 1320 4629 περὶ
1359 4553 1433 4610 ὧν
1469 4559 1527 4609 ὲν
1575 4559 1685 4621 τοῖς
1718 4560 1857 4611 ἀνωε

358 4654 403 4685 ⁸⁷⁵
428 4653 565 4708 Psal.
591 4668 812 4713 csum,
838 4655 890 4708 ι.

361 4746 472 4815 (69)
508 4743 772 4815 Πλάτων.
802 4743 1097 4815 ΡΙιιιειΓςΙιη
1114 4753 1289 4815 νονςιιᾼι
1310 4742 1393 4815 ίῦε
1417 4744 1539 4815 [an
1560 4744 1848 4815 Alexanll._:

293 4811 513 4869 Πλάτων
556 4816 652 4901 μὲν
684 4813 791 4894 γὰρ
822 4814 973 4901 μίαν.
987 4811 1510 4901 γραξιαςιηολιῖείαν
1543 4814 1729 4901 οὐδένα
1759 4813 1855 4894 πέ-

293 4900 482 4938 πεικεν
510 4882 646 4952 αὐτῇ
679 4882 909 4953 χρῆσθαι
946 4883 1033 4935 δια
1063 4884 1122 4934 τὸ
1158 4883 1446 4952 αὐστηρόν.
1498 4902 1515 4934 ι
1545 4882 1696 4937 Plato
1730 4886 1851 4936 uni-

295 4970 414 5010 cam
455 4950 778 5022 reipubliee
810 4950 1035 5005 formam
1078 4953 1289 5022 SCl‘lpSil
1314 4950 1349 5015 ,“
1377 4967 1551 5022 neque
1600 4954 1849 5022 cuiquam

294 5021 563 5095 persuasit
588 5031 644 5072 ut
674 5035 734 5095 ea
766 5030 1030 5095 uteretur,
1058 5019 1349 5095 quodcrat
1372 5019 1644 5095 austera»
1673 5019 1851 5095 Theo-

292 5088 488 5155 iloret.,
517 5104 677 5143 scrin.
704 5088 736 5141 5
759 5088 831 5140 De
864 5105 1051 5141 natura
1076 5088 1302 5143 hominis
1325 5104 1343 5141 :
1372 5091 1526 5154 Τίνες
1560 5090 1699 5144 κατὰ
1722 5092 1848 5151 τούς

292 5163 574 5222 Πλάτωνος
608 5157 970 5231 πολιτεύονται
1004 5157 1240 5231 Νόμουςς
1269 5159 1412 5231 τίνες
1458 5162 1556 5231 τὴν
1594 5161 1684 5231 ὐπ’
1715 5161 1857 5211 ὲκεί-

290 5250 384 5286 νου
415 5230 818 5300 ξυγγραφεῖσαν
846 5227 1122 5300 Πολιτείαν
1159 5227 1523 5300 ὴσπᾴσαντο;”
1547 5249 1565 5280 ι
1597 5229 1694 5283 Ubi
1726 5237 1853 5282 Sunt

293 5303 380 5370 qui
419 5296 665 5367 ad’legcs
688 5296 1201 5370 Platoniscivitates
1231 5299 1554 5370 gubernent,
1592 5300 1688 5370 qui
1721 5314 1856 5370 con-

291 5366 549 5439 scriptam
580 5366 657 5439 ab
686 5382 752 5419 eo
790 5366 1094 5439 reipublica:
1135 5368 1358 5439 formam
1380 5366 1622 5439 ampler
1649 5368 1796 5419 sint?
1828 5382 1845 5415 ι

291 5431 471 5495 Laeit.
508 5440 559 5491 in
597 5436 737 5487 Plut.
768 5450 786 5487 :
819 5434 1095 5506 ΔεύτερονΔ
1122 5434 1257 5506 πρὸς
1298 5431 1559 5505 νεώτερον
1591 5431 1693 5506 ἧκε
1730 5440 1849 5488 Διο-

292 5511 489 5573 νύσιον,
525 5507 690 5560 αίτῶν
738 5505 839 5575 γῆν
884 5502 1331 5575 καὶίάνθρώπους
1373 5502 1498 5575 τοὺς
1555 5502 1696 5556 κατὰ
1753 5506 1850 5575 τὴν

293 5572 569 5633 Πολιτείαν
606 5577 770 5631 αὐτοῦ
797 5572 1166 5646 ζησομένους·
1203 5574 1260 5627 '0
1293 5574 1374 5646 δὲ,
1397 5572 1596 5646 καίπερ
1624 5572 1852 5643 ὑποσχό-

296 5666 480 5719 μενος,
527 5644 894 5719 οὐκᾼὲποίησε.
938 5664 957 5694 ι
986 5645 1237 5719 Secundo
1267 5645 1330 5696 ad
1361 5644 1627 5719 juniorelu
1667 5651 1849 5719 pt'ult’-

297 5714 415 5772 ctus
459 5729 543 5771 est
594 5714 928 5781 Dionvsium,
985 5716 1157 5768 locum
1201 5727 1362 5782 atque
1397 5714 1639 5769 homines
1670 5714 1739 5767 ab
1785 5730 1848 5769 eo

1966 4470 2273 4540 linguarum
2329 4477 2582 4523 auctores
2636 4476 2967 4535 Usurparnnt
3012 4480 3109 4535 pro
3154 4480 3253 4520 sua
3303 4465 3531 4534 quisque

1965 4561 2147 4633 lingua
2201 4576 2408 4633 proque
2472 4561 2685 4615 diversa
2743 4559 3020 4613 nominum
3071 4556 3527 4626 pronuntiatione.

1959 4738 2234 4811 postulans
2260 4738 2311 4811 in
2345 4735 2613 4811 republica
2644 4750 2671 4789 a
2700 4749 2758 4789 sn
2786 4735 3027 4788 instituta
3062 4733 3320 4811 victuros.
3370 4733 3528 4811 Quod

1963 4802 2050 4864 ille
2086 4808 2338 4878 quamvis
2387 4802 2656 4878 pollicitus
2680 4816 3012 4878 _uon_ta_t_ucu
3052 4807 3232 4878 punisti
3266 4804 3327 4858 it.
3353 4820 3390 4878 ιΔ
3424 4802 3528 4878 La-

1960 4872 2156 4943 ctantl,
2208 4878 2300 4930 lib.
2333 4872 2425 4938 ιη’,
2469 4892 2591 4943 cap.
2632 4875 2722 4938 ‘Zl,
2754 4874 2843 4930 9.2.
2883 4874 2936 4926 Si
2983 4885 3170 4931 vacat.
3206 4872 3322 4942 lege
3357 4875 3529 4943 Albe-

1960 4941 2154 5012 meum,
2198 4947 2405 4999 Platoni
2442 4941 2890 5005 infensissituum,
2925 4943 3018 4996 lib.
3043 4958 3119 5012 χι,
3150 4941 3389 5009 (δηρξ15.
3422 4942 3529 5012 lle-

1958 5022 2105 5072 ctins
2138 5010 2408 5075 Clemens,
2440 5014 2634 5068 Slrom.
2681 5028 2732 5065 IV
2764 5029 2777 5066 :
2816 5015 3004 5082 ἰσμεν
3033 5011 3089 5064 δὲ
3122 5013 3214 5064 καὶ
3250 5012 3350 5080 τὴν
3385 5010 3530 5082 Πλά-

1959 5103 2125 5148 τωνος
2150 5084 2301 5137 πόλιν
2344 5084 2690 5154 παρᾴδειγμα
2721 5083 2779 5134 ἐν
2807 5081 3020 5154 οὐρανῷ
3054 5081 3331 5150 κειμένην.
3369 5098 3389 5131 ι
3413 5081 3530 5154 Sci-

1959 5172 2074 5211 mus
2123 5167 2301 5208 aulem
2350 5150 2688 5209 et‘Platonis
2736 5150 2926 5207 urbem
2960 5150 3237 5218 exemplar
3283 5154 3335 5204 in
3386 5150 3529 5203 cmlo

1956 5240 2097 5279 esse.
2123 5242 2140 5275 ι
2174 5225 2433 5279 Speucen.

2029 5293 2152 5415 (70)
2190 5292 2744 5361 Ὁλοκαρπωμάτων.
2772 5291 2968 5346 Guiclo
2997 5285 3342 5341 scribendum
3374 5284 3532 5337 vide-

2029 5380 2062 5415 π.
2094 5367 2121 5415 ὁ
2154 5365 2579 5415 οκαυτωιιάτων.

1955 5374 2062 5427 tur,
2094 5365 2579 5432 ὁλοκαυτωμάτων.

2028 5422 2142 5499 (71)
2180 5422 2543 5494 (ἐοιιεχίιιεεη
2568 5431 2885 5501 ἀπορρήτῳ.
2911 5424 3066 5478 Libb.
3092 5422 3221 5477 editi
3255 5423 3308 5477 in
3345 5430 3526 5475 textu.

1956 5504 2209 5575 ἀρῤήτῳο,
2474 5569 2521 5575 __
2890 5565 2899 5575 .

2033 5560 2165 5642 (7'2).
2199 5569 2623 5638 Ἀριστοτέλης.
2665 5566 2798 5621 Vide
2836 5561 3210 5619 adnotationes
3248 5561 3313 5617 ad
3356 5560 3452 5617 lib.
3486 5575 3524 5618 t.

1960 5659 2106 5695 num.
2130 5643 2217 5693 Ἡ.

1948 5703 1953 5708 ’
2030 5713 2138 5781 (73)
2190 5709 2577 5779 Ἰῗφιστάιτεεικ
2619 5704 2844 5771 l‘hlluc.,
2872 5699 3175 5771 ἐφιστάναι.
