3990 6158
494 248 626 307 1251

1975 237 2295 295 ORIGENIS

3594 237 3617 292 l
3628 236 3749 293 252

494 361 652 427 Nam,
682 359 866 430 utjam
896 374 1057 430 supra
1085 356 1275 429 paucis
1299 354 1657 417 ostendimus,
1687 367 1805 422 qum
1836 351 1885 405 in
1908 360 2051 405 certa

2160 351 2302 421 τέρω
2338 350 2425 402 ἐπ’
2465 350 2642 417 ὀλίγον
2674 347 2786 417 (74)
2821 345 3194 417 διειλήφαμεν,
3231 342 3500 409 λέγοντες,
3531 343 3614 396 ὅτι
3642 344 3747 398 καὶ

497 453 676 523 lingua
710 454 816 507 vim
850 453 1137 515 habebant,
1170 465 1254 514 ea,
1287 449 1329 502 si
1368 448 1419 501 in
1454 446 1615 499 aliam
1640 452 2057 507 convertuntur,

496 544 808 611 neutiquam
850 542 1084 597 efﬁcient
1121 540 1173 594 id
1207 539 1352 608 quod
1380 535 1686 591 efﬁciebant
1718 537 1770 587 in
1819 537 2056 603 propria.

496 635 647 702 Quod
671 633 808 687 idem
833 633 992 685 etiam
1027 644 1153 698 erga
1180 630 1424 682 homines
1447 627 1881 681 animadvertere
1912 626 2056 680 licet.

494 724 628 778 Nam
658 724 700 777 si
734 722 817 776 cui
858 719 1104 776 Grzecum
1160 734 1351 772 nomen
1390 718 1459 771 ab
1506 729 1627 771 ortu
1680 718 1904 771 inditum
1955 725 2057 780 est,

504 816 647 868 hunc
678 812 897 867 nomine
927 811 1007 864 vel
1036 810 1103 863 ab
1141 808 1484 879 Egyptiaca,
1512 809 1596 864 vel
1625 825 1653 862 a
1680 808 1942 873 Romana,
1976 808 2060 863 vel

494 908 562 961 ab
584 906 685 960 alia
715 904 905 974 quavis
928 903 1107 971 lingua
1133 903 1293 956 ducto
1318 902 1709 968 incantaveris,
1738 916 1840 955 non
1870 901 2057 955 eodem

493 998 641 1052 illum
687 994 887 1049 afﬁcias
918 997 1078 1048 modo
1132 1009 1240 1063 quo
1302 992 1529 1048 affectus
1566 1003 1729 1057 esset,
1771 993 1814 1047 si
1846 994 2059 1047 nomine

493 1089 725 1158 primum
749 1086 998 1154 imposito
1025 1085 1214 1140 fuisset
1243 1086 1579 1148 incantatus;
1609 1099 1708 1136 nec
1736 1084 1787 1136 in
1813 1083 2059 1137 Romano

492 1187 737 1234 vocatum
768 1175 1004 1239 nomine,
1035 1175 1077 1228 si
1108 1174 1158 1226 in
1181 1173 1424 1229 Graecum
1452 1172 1812 1227 transferatur
1840 1186 2057 1234 nomen,

495 1269 635 1323 idem
665 1267 863 1320 valebit
890 1264 1215 1328 ineantatio,
1253 1277 1316 1317 ac
1344 1264 1387 1316 si
1432 1259 1575 1315 facta
1612 1260 1803 1314 fuisset
1845 1268 2059 1314 servato

495 1359 666 1428 primo
697 1358 932 1412 nomine.
983 1355 1102 1411 Jam
1151 1357 1193 1410 si
1230 1356 1345 1409 ιιωο
1378 1353 1443 1408 de
1475 1352 1727 1406 humanis
1756 1351 2060 1405 nominibus

494 1465 620 1507 vera
661 1460 789 1505 sunt
816 1466 831 1512 ;
861 1450 989 1518 quid
1024 1463 1124 1503 nos
1155 1447 1223 1501 de
1273 1444 1579 1500 nominibus
1626 1445 1871 1513 cogitare
1899 1456 2059 1510 opor—

495 1552 621 1603 teat,
650 1558 770 1611 (ιιιω
799 1541 1161 1611 qualicunque
1194 1537 1263 1593 de
1291 1551 1457 1591 causa
1500 1534 1772 1589 Divinitati
1808 1533 2049 1587 tribuun-

493 1634 619 1689 tur?
649 1633 905 1700 Exempla
936 1630 1301 1685 conferamus.
1333 1626 1563 1682 Nomina
1588 1625 1884 1688 Abraham,
1909 1622 2057 1677 Isaac

2167 440 2681 512 μεταλαμϐανόμενα
2714 441 2791 501 είς
2834 438 2999 508 ἄλλην
3035 436 3309 489 διάλεκτον
3343 433 3410 487 τὰ
3453 435 3745 501 πεφυκότα

2159 531 2414 586 δύνασθαι
2444 534 2501 585 ἐν
2532 533 2597 600 τῇ
2636 530 2764 582 δεῖνι
2806 527 3088 596 διαλέκτῳ,
3119 524 3300 578 οὐκέτι
3347 522 3498 576 ἀνύει
3540 542 3613 588 τι,
3662 526 3744 588 ὡς

2160 625 2354 695 ἤνυσεν
2388 626 2444 676 ἐν
2469 625 2589 686 ταῖς
2627 620 2851 682 οἰκείαις
2884 621 3104 687 φωναῖς.
3143 616 3279 685 ’Ἤδη
3310 616 3366 669 δὲ
3396 617 3489 668 καὶ
3520 617 3609 667 ἐπ’
3643 616 3739 667 ἀν-

2160 714 2392 786 θρώπιον
2418 713 2480 766 τὸ
2520 710 2757 765 τοιοῦτον
2789 709 3135 781 εὑρίσκεται·
3176 706 3269 760 τὸν
3302 706 3410 775 γὰρ
3440 706 3549 759 ἀπὸ
3579 706 3736 775 γενέ-

2162 822 2297 868 σεως
2338 803 2544 857 Ἐλλάδι
2571 802 2833 871 διαλέκτῳ
2861 799 3189 869 καλούμενον
3219 798 3309 851 τὸν
3344 798 3491 850 δεῖνα
3521 798 3622 849 οὐκ
3668 795 3737 850 ἂν

2163 895 2555 965 μεταλαϐόντες
2586 893 2698 963 (75)
2740 894 2819 955 είς
2850 891 3125 944 διάλεκτον
3155 890 3491 957 Αἰγυπτίων,
3521 889 3555 958 ἢ
3602 888 3735 940 Ῥω-

2161 988 2354 1057 μαίων,
2389 988 2422 1058 ἦ
2454 1002 2595 1048 τινος
2639 983 2819 1047 ἄλλου,
2855 983 3185 1052 ποιήσαιμεν
3226 981 3417 1032 παθεῖν
3457 980 3489 1051 ἦ
3537 979 3735 1050 δρᾶσαι

2159 1079 2301 1149 ἆπερ
2336 1077 2494 1131 πάθοι
2522 1077 2554 1146 ἢ
2593 1075 2784 1146 δράσαι
2818 1074 2883 1126 ἂν
2905 1072 3235 1141 καλούμενος
3266 1073 3331 1141 τῇ
3365 1068 3556 1141 πρώτῃ
3586 1070 3735 1127 Θέσει

2158 1168 2249 1220 τοῦ
2279 1168 2541 1237 ὀνόματος
2583 1165 2766 1218 αὑτοῦ.
2824 1163 2958 1216 Ἀλλ’
2989 1162 3108 1215 οὐδὲ
3146 1162 3236 1214 τὸν
3276 1162 3333 1226 ἐξ
3370 1160 3546 1232 ἀρχῆς
3600 1161 3734 1212 Ῥω-

2162 1259 2333 1329 μαίων
2364 1256 2630 1326 κληθέντα
2667 1257 2816 1325 φωνῇ
2850 1255 2898 1306 εί
2931 1253 3326 1325 μεταλάϐωμεν
3356 1253 3446 1304 ἐπὶ
3478 1252 3575 1321 τὴν
3610 1251 3731 1303 Έλ-

2157 1349 2292 1402 λάδα
2319 1348 2613 1412 διάλεκτον,
2646 1349 2974 1418 ποιήσαιμεν
3006 1346 3093 1407 ἂν,
3118 1346 3253 1415 ὅπερ
3280 1346 3452 1395 ποιεῖν
3472 1344 3732 1411 ἐπαγγέλ-

2156 1440 2305 1493 λεται
2320 1440 2353 1508 ἡ
2367 1440 2568 1510 ἐπῳδὴ,
2584 1438 2825 1510 τηροῦσα
2840 1438 2901 1489 τὸ
2918 1452 3111 1490 κατονο
3118 1454 3191 1505 μα
3200 1435 3321 1487 σθὲν
3353 1433 3504 1503 αὑτῷ
3519 1434 3732 1504 πρῶτον

2156 1530 2345 1601 ὅνομα.
2390 1532 2452 1582 Εἰ
2482 1531 2538 1582 δὲ
2570 1530 2741 1582 ταῦτα
2778 1528 2904 1598 περὶ
2936 1526 3291 1597 ἀνθρωπίνων
3330 1526 3613 1595 ὀνομάτων
3649 1524 3734 1576 λε-

2157 1622 2361 1692 γόμενά
2402 1624 2548 1675 ἐστιν
2591 1619 2787 1691 ἀληθῆ,
2817 1620 2868 1672 τί
2900 1619 3005 1689 χρὴ
3034 1619 3271 1688 νομίζειν
3314 1618 3405 1670 ἐπὶ
3433 1617 3541 1669 τῶν
3567 1617 3635 1669 δι’
3668 1617 3733 1686 ἦν

492 1736 548 1781 et
576 1724 764 1788 Jacob,
802 1724 854 1778 in
884 1723 1129 1779 Graecum
1166 1733 1460 1783 conversa,
1494 1714 1695 1783 aliquid
1727 1713 2051 1782 significant;

2157 1713 2355 1783 δήποτε
2383 1713 2560 1766 αἰτίαν
2590 1712 3008 1782 ἀναφερομένων
3037 1711 3129 1762 ἐπὶ
3150 1710 3210 1762 τὸ
3238 1709 3390 1761 Θεῖον
3415 1708 3727 1779 ὀνομάτων;

491 1826 547 1871 et
572 1814 661 1885 qui
692 1823 781 1868 aut
806 1811 1204 1869 inincantando
1234 1820 1329 1862 aut
1355 1808 1406 1860 in
1433 1807 1667 1876 jurando
1701 1802 2059 1857 nominaverit

494 1907 660 1961 Deum
697 1904 971 1960 Abraham
997 1942 1015 1969 ,
1045 1911 1098 1956 et
1129 1903 1294 1956 Deum
1328 1898 1479 1953 lsaac
1506 1934 1521 1960 ,
1555 1904 1611 1949 et
1652 1896 1817 1947 Deum
1845 1890 2015 1946 Jacob
2038 1930 2055 1958 ,

490 1997 734 2067 quaedam
776 2010 869 2064 per
899 2002 1143 2048 naturam
1169 1991 1251 2045 vel
1279 1995 1603 2058 potestatem
1633 1985 1847 2039 illorum
1879 1983 2057 2037 nomi-

494 2102 619 2141 num
658 2084 882 2149 efﬁcict,
923 2083 1057 2138 adeo
1100 2091 1158 2135 ut
1205 2082 1367 2135 etiam
1418 2077 1690 2133 daemones
1734 2076 1860 2129 victi
1892 2074 2056 2144 ipsius

487 2176 652 2243 jussis
684 2176 1080 2244 obtemperent.
1109 2172 1204 2226 Sin
1242 2178 1419 2224 autem
1456 2168 1694 2222 dixeris:
1736 2184 1754 2217 ι
1787 2165 1929 2219 Deus
1957 2178 2053 2233 pa-

496 2274 594 2323 tris
610 2270 767 2325 electi
787 2268 927 2335 soni,
948 2276 1000 2321 et
1019 2266 1156 2319 Deus
1172 2264 1330 2326 risus,
1345 2272 1395 2317 et
1414 2261 1555 2314 Deus
1572 2258 2015 2327 supplantatoris,
2031 2276 2048 2308 ι

493 2359 664 2413 nihilo
709 2356 878 2427 magis
910 2354 1104 2409 efficies
1141 2354 1225 2409 liis
1257 2350 1560 2406 nominibus
1581 2389 1596 2414 ,
1625 2362 1688 2402 ac
1724 2348 1766 2401 si
1802 2346 1891 2400 illa
1922 2359 2053 2416 pro-

492 2449 771 2502 nuntiares
828 2462 945 2515 qua:
994 2445 1132 2498 nulla
1167 2450 1429 2512 potestate
1473 2446 1623 2502 sunt.
1673 2438 1801 2490 ltem
1855 2449 2050 2489 nomen

488 2538 656 2595 lsrael
684 2538 729 2593 si
762 2538 814 2592 in
842 2538 1085 2591 Graecam
1115 2534 1345 2588 aliamve
1379 2531 1618 2600 linguam
1651 2536 2007 2581 convertatur
2033 2565 2050 2590 ,

489 2631 689 2686 nullius
739 2629 948 2684 roboris
993 2628 1141 2682 erit:
1198 2634 1469 2680 servatum
1530 2634 1658 2675 vero
1707 2627 1761 2673 et
1821 2618 2050 2688 conjun-

488 2732 633 2778 ctum
689 2737 810 2777 cum
866 2721 931 2775 iis
981 2720 1303 2789 quibuscum
1357 2712 1514 2784 periti
1579 2710 1908 2781 conjungere
1966 2725 2053 2764 so-

488 2813 635 2879 lent,
686 2809 883 2867 efﬁciet
928 2810 977 2863 id
1009 2808 1152 2878 quod
1182 2808 1549 2861 incantatores
1588 2817 1653 2858 ex
1696 2802 2051 2871 quarumdam

488 2917 677 2957 vocum
715 2898 1152 2969 pronuntiatione
1183 2896 1505 2965 sperandum
1540 2890 1842 2961 esseel3
1862 2891 2053 2959 praedi-

489 3001 635 3044 eant.
674 2989 817 3043 ldein
844 2988 1130 3041 dicendurm
1162 2993 1219 3039 et
1247 2983 1313 3038 de
1343 2997 1471 3037 voce
1500 2981 1739 3036 Sabaoth
1772 2983 1822 3034 in
1857 2982 2046 3033 incan-

493 3079 785 3133 tationibus
846 3078 1162 3145 frequenter
1211 3082 1486 3141 usurpata.
1549 3071 1683 3125 Nam
1733 3072 1775 3125 si
1836 3086 1933 3139 pro
1982 3086 2046 3126 ea

489 3169 731 3230 dicatur,
779 3163 1030 3218 Dominus
1061 3162 1318 3216 virtutum
1346 3200 1361 3227 ,
1400 3170 1493 3215 aut
1535 3159 1795 3215 Dominus
1842 3161 2053 3215 exerci-

558 3281 671 3348 (74)
724 3279 847 3333 Ἐπ’
874 3277 1099 3348 ὀλίγον.
1124 3277 1352 3348 Pliiloc.,
1376 3275 1461 3329 ἐπ’
1489 3275 1692 3345 ὀλίγου.

560 3345 672 3421 (75)
713 3352 874 3421 Recte
896 3345 1048 3411 ".59.,
1074 3347 1487 3421 μεταλαϐόντες,
1503 3357 1567 3421 ut
1594 3345 1871 3421 Stiprajib.
1892 3348 2043 3421 editi,

492 3414 1026 3493 μεταλαμϐανόμενα,
1048 3414 1101 3493 et
1130 3420 1289 3481 infra,
1320 3414 1730 3493 μεταλάϐωμεν.
1750 3416 2045 3493 _Pliilocalia

492 3487 667 3544 i:nnen
699 3487 806 3542 hoc
847 3487 965 3542 luco
1008 3489 1187 3553 habet,
1218 3487 1631 3559 μεταϐαλόντες,
1659 3494 1713 3543 οι
1749 3487 1909 3555 infra,
1951 3505 2048 3558 με-

492 3559 860 3612 ταϐάλλοιιιεν.

486 3574 860 3613 ταοαλλοιιιεν.

558 3576 860 3629 οαλΑοιμεν.

555 3631 666 3700 (76)
706 3633 731 3682 1
742 3628 830 3696 ’ἀρ
852 3644 927 3684 τι.
951 3625 1042 3683 Sic
1064 3625 1273 3681 Philoc.
1295 3627 1447 3695 Apud
1477 3624 1743 3682 ilmscliel.
1766 3634 1814 3682 et
1849 3626 2045 3696 Spenc.

486 3702 639 3755 det-st
667 3703 876 3763 vocula,
906 3715 979 3751 τι.

558 3769 667 3839 (77)
718 3768 960 3839 Pliiloc.,
1002 3768 1121 3839 τόδε
1160 3785 1213 3821 τι
1266 3766 1487 3838 ποιήσαι
1531 3765 1597 3821 ἂν
1647 3765 1766 3839 ἦτοι
1809 3765 1898 3820 διὰ
1953 3767 2051 3837 τὴν

486 3836 767 3961 ἒέσμάτων
800 3836 978 3906 φύσιν.
1011 3836 1146 3892 Vide
1189 3836 1567 3892 adnotatiunes
1601 3836 1679 3892 ad
1702 3837 1797 3893 lib.
1824 3851 1864 3902 ι,
1895 3836 2046 3891 nuni.

558 3976 668 4049 (78)
707 3976 846 4030 Ἐὰν
864 3975 1129 4049 δὲ-λέγη.
1146 3973 1340 4049 Jatn‘bl.
1365 3973 1500 4029 libro
1524 3973 1600 4049 De
1618 3977 1900 4044 mysteriis,
1923 3992 2044 4046 cap.

487 4041 887 4102 De'na'mim'bus
920 4041 1110 4099 divinis
1142 4060 1161 4099 :
1204 4063 1221 4096 ι
1253 4041 1435 4113 Neque
1472 4046 1616 4099 enim
1651 4041 2046 4113 prorsuseatii-

484 4118 605 4171 dem
638 4127 867 4170 mentem
896 4122 1117 4170 servant
1145 4115 1365 4185 nomina
1401 4114 1455 4185 in
1485 4114 1645 4185 aliam
1680 4114 1923 4185 linguam
1967 4118 2048 4169 in-

488 4194 824 4256 terpretata;
852 4188 945 4240 sed
978 4194 1105 4239 sunt
1135 4184 1384 4256 gentibus
1414 4183 1648 4256 singulis
1664 4183 1879 4256 propria
1901 4199 2053 4255 quaa-

485 4253 629 4321 tlam,
662 4272 782 4327 qu:e
822 4256 1073 4324 gentibus
1103 4253 1222 4327 aliis
1252 4267 1349 4323 per
1385 4268 1571 4327 vocem
1605 4253 2047 4327 significat-einen

486 4324 710 4395 possint.
756 4328 974 4381 Accedit
1019 4327 1086 4381 ad
1133 4325 1269 4387 haec,
1308 4324 1451 4393 quod
1486 4324 1541 4395 Asi
1593 4324 2049 4395 significationum

2159 1801 2659 1873 Μεταλαμϐάνεται
2693 1802 2801 1873 γάρ
2842 1820 2894 1854 τι
2928 1802 3061 1872 (76),
3099 1800 3219 1872 φέρ’
3259 1802 3449 1864 εἰπεῖν,
3497 1803 3578 1863 είς
3617 1800 3729 1853 Ἑλ-

2157 1893 2290 1946 λάδα
2321 1893 2504 1961 φωνὴν
2537 1894 2643 1945 ἀπὸ
2672 1893 2764 1945 τοῦ
2809 1892 3057 1962 Ἀϐραὰμ
3084 1892 3363 1961 ὀνόματος,
3396 1892 3489 1944 καὶ
3532 1892 3729 1961 σημαί-

2156 1982 2304 2036 νεταί
2331 2001 2382 2036 τι
2413 1982 2520 2036 ἀπὸ
2546 1982 2647 2051 τῆς
2681 1981 2869 2035 Ἰσαὰκ
2912 1980 3299 2052 προσηγορίας,
3337 1980 3431 2033 καὶ
3473 1979 3728 2050 δηλοῦταί

2155 2092 2208 2128 τι
2236 2076 2342 2128 ἀπὸ
2378 2076 2479 2146 τῆς
2520 2074 2712 2128 Ἰακὼϐ
2747 2075 2964 2144 φωνῆς·
3002 2075 3095 2127 καὶ
3143 2074 3239 2126 ἐὰν
3270 2075 3366 2141 μὲν
3410 2075 3439 2126 ὀ
3477 2073 3658 2126 καλῶν
3694 2073 3725 2143 ἦ

2156 2168 2185 2220 ὀ
2211 2166 2391 2238 ὀρκῶν
2435 2167 2676 2239 ὀνομάζῃ
2716 2166 2849 2220 Θεὸν
2885 2165 3153 2237 Ἁϐραάμ,
3190 2166 3283 2217 καὶ
3328 2165 3460 2217 Θεὸν
3521 2164 3726 2226 Ἰσαάκ,

2156 2257 2249 2310 καὶ
2277 2258 2408 2311 Θεὸν
2449 2258 2661 2323 Ἰακὼϐ,
2693 2258 2820 2311 τάδε
2861 2258 2981 2311 τινὰ
3013 2258 3231 2328 ποιήσαι
3265 2258 3331 2312 ἂν
3364 2257 3483 2327 ἦτοι
3514 2258 3603 2311 διὰ
3629 2260 3726 2328 τὴν

2154 2349 2355 2402 τούτων
2384 2349 2543 2419 φύσιν
2577 2350 2712 2419 (77),
2738 2349 2770 2420 ἢ
2813 2349 2907 2403 καὶ
2936 2349 3162 2420 δύναμιν
3188 2348 3387 2417 αὐτῶν,
3416 2351 3511 2402 καὶ
3544 2350 3731 2420 δαιμό-

2154 2456 2259 2491 νων
2283 2440 2596 2508 νικωμένων
2618 2441 2709 2493 κα“ι
2737 2440 3183 2511 ὑποταττομένων
3207 2439 3283 2509 τῷ
3299 2440 3508 2507 λέγοντι
3523 2441 3689 2494 ταῦτα
3705 2458 3717 2472 ·

2154 2530 2249 2585 ἐὰν
2296 2532 2354 2584 δὲ
2406 2533 2540 2604 λέγῃ
2593 2532 2727 2604 (78),
2783 2550 2801 2584 t
2839 2534 2868 2586 ὀ
2900 2532 3032 2595 Θεὸς
3084 2531 3288 2603 πατρὸς
3318 2532 3574 2587 ἐκλεκτοῦ
3630 2535 3724 2604 τῆς

2154 2623 2322 2696 ἠχοῦς
2353 2622 2487 2694 (79),
2527 2624 2621 2675 καὶ
2645 2624 2672 2675 ὀ
2701 2622 2832 2684 Θεὸς
2859 2622 2951 2675 τοῦ
2984 2623 3240 2691 γέλωτος,
3276 2623 3369 2675 καὶ
3396 2622 3425 2675 ὀ
3467 2623 3598 2686 Θεὸς
3634 2623 3724 2675 τοῦ

2155 2715 2474 2787 πτερνιστοῦ
2495 2732 2508 2744 ·
2550 2734 2568 2765 ι
2592 2715 2762 2778 οὕτως
2791 2715 2942 2767 οὐδὲν
2972 2717 3113 2768 ποιεῖ
3132 2716 3190 2767 τὸ
3215 2714 3627 2786 ὀνομαζόμενον,
3652 2715 3725 2777 ὼς

2153 2806 2260 2857 οὐδ’
2306 2806 2434 2859 ἄλλο
2465 2823 2517 2858 τι
2549 2804 2657 2858 τῶν
2692 2805 2960 2876 μηδεμίαν
2990 2804 3215 2876 δύναμιν
3277 2806 3526 2877 ἑχόντων.
3572 2804 3726 2859 Οὕτω

2152 2896 2209 2948 δὲ
2238 2896 2339 2949 κᾶν
2373 2897 2469 2965 μὲν
2501 2896 2892 2966 μεταλάϐωμεν
2934 2897 2994 2949 τὸ
3036 2894 3253 2967 Ἰσραὴλ
3281 2897 3445 2965 ὄνομα
3479 2895 3568 2958 είς
3607 2896 3725 2947 Ἐλ-

2153 2986 2286 3038 λάδα
2311 2986 2343 3056 ἢ
2386 2986 2551 3056 ἄλλην
2577 2986 2875 3048 διάλεκτον,
2904 2986 3055 3039 οὐδὲν
3076 2988 3394 3057 ποιήσομεν·
3428 2983 3521 3036 ἐὰν
3546 2984 3604 3036 δὲ
3630 3000 3723 3054 τηε

2161 3077 2413 3147 ρήσωμεν
2443 3077 2595 3140 αὐτὸ,
2628 3075 3035 3147 προσάπτοντες
3069 3075 3150 3140 οἷς
3182 3079 3230 3129 οῖ
3270 3076 3396 3147 περ).
3422 3072 3595 3128 ταῦτα
3622 3075 3729 3127 δειο

2158 3166 2238 3218 νο).
2270 3166 2600 3236 συμπλέκειν
2647 3165 2775 3218 αὐτὸ
2810 3167 3065 3239 ᾠήθησαν
3095 3167 3241 3239 (80)(⁸
3282 3168 3403 3221 τότε
3434 3166 3629 3234 γένοιτ’
3664 3165 3725 3218 ἄν

2146 3283 2208 3357 τὸ
2250 3282 2445 3357 σεμνὸν
2484 3282 2577 3357 κα).
2624 3282 2898 3357 στιϐαρὸν,
2940 3285 3034 3338 κα)⁹
3058 3285 3170 3357 ᾲτὴν
3200 3284 3573 3357 ξένεργητικὴν
3617 3284 3723 3357 τῷν

2148 3354 2427 3425 ὀνομάτων
2462 3352 2676 3423 φράσιν.
2697 3352 2909 3425 ΫΟΓγὰρ
2932 3352 3168 3425 ,τοιοῦτοι
3199 3352 3366 3423 λόγοι,
3397 3352 3724 3425 τῇλπατρῴᾳ

2147 3423 2411 3493 διαλέκτῳ
2440 3423 2888 3546 ἑρμηνευόμενος
2916 3424 3099 3494 ἔχουσι
3130 3426 3275 3494 σαφῆ
3304 3426 3395 3477 τὸν
3424 3423 3531 3477 τῶν
3556 3423 3725 3492 λόγων

2150 3493 2272 3546 νοῦν
2293 3509 2305 3521 ⁸
2339 3495 2432 3545 καὶ
2472 3495 2579 3546 γὰο
2611 3494 2711 3545 αὐτ
2772 3493 2833 3545 τὸ
2861 3495 2958 3546 τῆς
3000 3494 3181 3546 φωνῆς
3212 3495 3362 3546 ποιὸν
3392 3494 3487 3546 καὶ
3533 3497 3565 3546 ἠ
3620 3494 3725 3546 τῶν

2150 3493 2272 3546 νοῦν
2293 3509 2305 3521 ⁸
2339 3495 2432 3565 καὶ
2472 3495 2579 3565 γάρ
2611 3493 2741 3546 αὐτὸ
2772 3493 2974 3565 τὸτῆς
3000 3494 3181 3565 φωνῆς
3212 3493 3362 3565 ποιὸν
3392 3494 3504 3565 καὶ-
3533 3497 3583 3565 ἡ,
3620 3494 3725 3546 τῶν

2152 3563 2463 3634 Αἰγυπτίων
2492 3563 2768 3634 ὀνομάτων
2792 3563 3020 3633 δύναμις
3046 3565 3101 3625 ὲν
3133 3563 3282 3633 αὐτῷ
3312 3564 3409 3634 τὴν
3439 3563 3725 3631 τῶνλεγο-

2155 3634 2330 3707 μένων
2364 3632 2640 3707 ἐνέργειαν
2670 3633 2850 3707 έχουσι
2870 3650 2883 3663 ο
2916 3632 3467 3707 διαστρε-φόμενοιὸὲ,
3497 3634 3723 3702 ἀσαφεῖς

2149 3702 2209 3755 τε
2260 3702 2496 3770 γίνονται
2531 3703 2622 3755 καὶ
2664 3703 3033 3773 ὰνενέργητοι.
3074 3702 3235 3757 ἰηιιιιιι
3272 3719 3401 3757 vero
3440 3706 3506 3757 tle
3554 3707 3723 3758 nomi-

2153 3774 2312 3826 nibus
2362 3788 2480 3838 qute
2521 3783 2781 3839 usurpant
2814 3775 3131 3840 prteeipiunt
3178 3774 3281 3826 hac
3322 3774 3579 3836 formula,
3612 3774 3719 3826 No-

2154 3844 2297 3895 mina
2333 3840 2561 3894 barbara
2591 3842 2905 3910 neutiquam
2940 3842 3258 3898 mutaveris.
3288 3841 3430 3895 Sunt
3459 3847 3602 3899 enim
3631 3858 3721 3895 no-

2154 3912 2296 3963 mina
2337 3911 2564 3978 singulis
2594 3911 2853 3964 divinitus
2889 3913 3169 3980 imposita,
3202 3927 3323 3980 qua:
3355 3913 3460 3966 vim
3502 3922 3560 3966 et
3607 3912 3719 3967 efﬁ-

2151 3980 2355 4034 caciam
2392 3980 2767 4035 incredibilem
2811 3985 2865 4035 in
2910 3984 3082 4037 sacris
3127 3982 3371 4038 habent:
3409 3982 3576 4037 veluti
3622 3982 3718 4036 Sa-

2150 4048 2640 4122 baotb,_Adonai,
2691 4051 2973 4122 cherubim
2997 4091 3013 4116 ,
3064 4052 3376 4122 serapliim,
3411 4052 3716 4122 Abraham,

2150 4120 2326 4183 Isaac,
2362 4117 2556 4189 Iacob,
2593 4130 2649 4175 et
2680 4130 2873 4175 castera
2911 4117 3208 4187 ejusmodi,
3244 4135 3473 4189 quorum
3512 4118 3621 4189 vim
3659 4127 3718 4189 et

2148 4190 2402 4245 effectum
2454 4188 2804 4255 obscurares,
2859 4186 3198 4258 ut’sapienti
3249 4186 3463 4258 quoque
3499 4186 3711 4258 Origeni

2150 4262 2324 4315 visum
2362 4268 2485 4325 est,
2525 4259 2569 4313 si
2607 4273 2671 4314 ea
2722 4259 2905 4315 Graeca
2962 4255 3190 4314 dialecto
3240 4255 3710 4328 e_xprimeres.'_Ai‘

2150 4344 2310 4400 porro
2351 4329 2692 4400 Esculapius
2735 4328 2990 4400 Μαι-οι]τῇ
3028 4325 3367 4400 ter_maximi
3402 4325 3710 4400 discipulus,

486 4393 840 4464 proprietates
871 4412 965 4465 per
997 4395 1158 4449 aliam
1198 4395 1432 4463 linguatn
1484 4393 1829 4462 interpretari
1877 4394 2049 4461 possi-
2081 4403 2123 4458 ι)
2153 4393 2205 4467 in
2242 4412 2304 4449 ea
2349 4393 2597 4467 oratione
2629 4411 2794 4466 quam
2825 4398 2892 4451 ad
2924 4395 3238 4467 Egyptium
3277 4410 3454 4463 regem
3507 4393 3721 4459 li’abuitv

486 4483 626 4530 inus,
654 4483 758 4520 non
791 4475 966 4520 tamen
993 4467 1233 4519 eamdem
1269 4473 1596 4519 conservant
1624 4474 1928 4532 permutata
1963 4479 2053 4532 po-

487 4538 762 4590 tentiam.»
793 4535 1013 4605 Niceph.
1037 4534 1490 4605 Gregaiurscbol.
1517 4535 1582 4605 ad
1614 4534 1823 4605 Synesii
1852 4533 2049 4605 librqu

485 4607 573 4682 De.
589 4607 879 4682 insomniis,
911 4602 963 4674 p.
989 4605 1094 4682 ἔξθῖ
1122 4604 1309 4682 εΗΠερὶ
1334 4602 1390 4656 δὲ
1417 4603 1524 4656 τῶν
1552 4602 1862 4682 ὀνομάτων,
1881 4602 1918 4656 ἃ.
1947 4620 2052 4672 φω-

484 4674 635 4726 νοῦσι
670 4675 973 4742 (ΟΙιειΙιΙιιιοε
1013 4674 1249 4737 intelligo
1284 4688 1511 4742 quorum
1543 4688 1573 4724 e
1606 4674 1818 4739 Scriptis
1850 4674 1965 4725 lizee
1993 4687 2051 4726 se

488 4740 766 4814 etillegiSSe
796 4744 946 4814 dicit)
985 4740 1417 4814 παραγγέλλουσι
1456 4740 1732 4814 λέγοντες-⁸
1782 4742 2048 4810 Ὀνόματα

488 4810 733 4884 βάρϐαρα
765 4810 966 4884 ,μήποτ’
1012 4810 1266 4884 ἀλλάςῃς.
1303 4813 1451 4884 Εἰσὶ-
1472 4812 1586 4884 γὰρ
1634 4810 1872 4884 ὀνόματα
1906 4814 2047 4884 Δπαρ’

486 4879 729 4943 ἑκάστοις
757 4879 1024 4943 θεόσδοτα,
1045 4879 1269 4951 δύναμιν
1301 4883 1356 4951 ὲν
1379 4879 1616 4951 τελεταῖς
1640 4880 1874 4951 ἄρρητον
1903 4879 2052 4951 ἔχοντ-

482 4968 569 5021 τα,
602 4950 787 5021 ὥσπερ
816 4951 876 5002 τὸ
901 4950 1146 5021 Σαϐαὼθ,
1168 4948 1230 5021 τὸ
1268 4948 1515 5021 Ἀδωναῒ,
1546 4949 1609 5021 τὸ
1640 4948 1923 5021 χερουϐιμ,
1956 4950 2050 5021 καὶ

484 5020 544 5072 τὸ
581 5018 818 5090 σεραφῖμ
842 5020 952 5090 ,μτὸ
992 5019 1266 5090 Ἀϐραὰμ,
1311 5019 1405 5090 καὶ
1438 5018 1657 5090 Ἰσαὰκ,
1708 5019 1804 5090 κοζιμ
1827 5018 2047 5090 Ἰακὼϐ,

485 5091 578 5143 καὶ
614 5087 967 5142 ὅσατοιαῦτα
1026 5087 1099 5153 ἃ,
1122 5087 1307 5159 φησὶν,
1337 5088 1429 5159 ἐὰν
1472 5090 1553 5151 είς
1592 5088 2049 5159 τὴν-Ἑλληνικὴν

486 5161 723 5231 μεταθῇς
748 5157 1360 5231 διάλεκτον,ῗᾲφανίζεις
1380 5158 1477 5228 τὴν
1505 5157 1682 5231 aegrae
1706 5157 2049 5231 δυναμινκαξι

483 5227 781 5301 ἐνέργειαν,
810 5230 885 5293 ὼς
924 5229 1023 5301 καὶ
1052 5227 1311 5301 Ὠριγένει
1340 5227 1595 5301 δοκεῖγτῷ
1626 5229 1791 5301 σοφῷ,
1826 5227 1961 5301 Φησὶ
1991 5229 2047 5301 δὲ

496 5297 845 5370 Ἀσκληπιὸς,
873 5303 900 5354 ὁ
931 5299 1025 5352 τοῦ
1053 5297 1651 5419 τρισμεγίστουἙρὲιοῦ
1688 5297 1953 5368 μαθητὴς,
1992 5300 2048 5351 ὲν

496 5370 560 5419 τῶ
609 5372 743 5419 πρὸς
778 5371 869 5419 τὸν
910 5369 1202 5419 Αἰγύπτιον
1253 5367 1471 5419 βασιλέα
1571 5385 1670 5419 γω.
1720 5369 1801 5419 ὅτι
1840 5387 1857 5417 t
1886 5369 2047 5419 Ὅσον

483 5370 560 5441 τῷ
609 5367 743 5491 πρὸς
778 5371 869 5422 τὸν
910 5367 1202 5437 Αἰγύπτιον
1252 5367 1471 5438 βασιλέα
1510 5367 1670 5438 λόγῳ,
1720 5367 1857 5421 ὅτι(
1886 5369 2047 5421 Ὅσον

420 5440 421 5443 “
480 5440 642 5493 δυνατ
674 5458 702 5492 ν
735 5441 847 5492 ἐστί
885 5457 992 5503 σοι,
1036 5438 1273 5509 βασιλεῦ,
1307 5439 1399 5509 τὸν
1429 5440 1516 5507 ὑφ’
1557 5438 1712 5508 ἡμῶν
1753 5437 2048 5509 παραδεδο-

529 5509 646 5581 ένον
686 5510 953 5581 σοιᾲλόγον
996 5508 1342 5581 διατήρησον,
1381 5508 1467 5560 ἵνα
1498 5510 1748 5581 μήτε-είς
1780 5508 2049 5581 Ἕλληνας

480 5527 646 5627 ἔιενον
686 5527 769 5562 σοι
799 5527 953 5578 Αογον
996 5527 1342 5581 οιατηρησον,
1384 5527 1467 5560 ινα
1502 5527 1637 5579 μῃτε
1667 5527 1748 5571 εις
1808 5527 2048 5575 naM-qva;

496 5578 609 5651 Δλθῃ
644 5579 866 5651 τοιαῦτα
902 5582 1189 5649 μυστήρια,
1230 5587 1365 5651 μήτε
1391 5581 1423 5649 ἡ
1452 5580 1559 5631 τῶν
1592 5578 1853 5651 Ἑλλήνων
1881 5578 2048 5651 ὑπερ-

481 5648 682 5714 ήφανος
742 5648 938 5718 φράσις
1018 5648 1499 5720 κεκαλλωπισμένη
1558 5648 1798 5718 ἐξίτηλον
1847 5650 2046 5720 ποιήσῃ

2156 4466 2240 4519 his
2280 4468 2502 4519 verbis:
2530 4466 2800 4532 Quantum
2843 4467 2895 4520 in
2926 4477 2977 4519 te
3008 4470 3170 4520 situm
3215 4475 3322 4530 est,
3370 4479 3487 4526 rex,
3520 4478 3710 4531 prazee-

2153 4536 2367 4605 ptiones
2417 4537 2512 4591 tibi
2557 4551 2585 4589 a
2639 4538 2792 4591 nobis
2843 4537 3069 4590 traditas
3102 4536 3356 4596 observa,
3403 4549 3472 4588 ne
3518 4534 3600 4605 vel
3649 4534 3713 4585 ad

2150 4602 2368 4659 Graecos
2413 4607 2735 4675 perveniant
2780 4616 2887 4659 tam
2924 4620 3121 4659 arcana
3157 4604 3439 4673 mysteria,
3479 4602 3560 4654 vel
3603 4619 3713 4655 aiu-

2152 4674 2355 4745 pullata
2402 4691 2590 4730 eorum
2648 4677 2824 4729 oratio
2881 4684 2935 4729 et
2981 4685 3226 4745 compta,
3297 4678 3617 4745 gravitatem
3653 4681 3718 4745 et

2152 4741 2363 4812 pondus
2398 4761 2577 4799 rerum
2610 4747 2929 4814 comprimat
2954 4754 3008 4798 et
3035 4741 3295 4808 debilitet,
3320 4753 3382 4814 et
3405 4741 3718 4814 minusefli-

2152 4811 2333 4883 cacem
2395 4815 2670 4868 nominum
2732 4811 3231 4883 pronuntiationem
3295 4812 3511 4883 reddat.
3580 4811 3713 4864 Nam

2153 4882 2411 4948 ejusmodi
2443 4898 2743 4945 sermones,
2775 4884 2947 4951 patria
2978 4894 3031 4938 et
3067 4883 3355 4937 vernacula
3395 4882 3576 4951 lingua
3622 4896 3716 4933 ex-

2152 4954 2333 5021 plicati
2383 4954 2722 5021 perspicuam
2774 4956 3039 5007 dictorum
3081 4951 3490 5020 intelligentiam
3544 4954 3715 5005 conti-

2153 5032 2321 5093 nent:
2360 5024 2624 5093 siquidem
2676 5023 2789 5093 ipsa
2840 5025 2989 5077 vocis
3039 5024 3293 5093 qualitas,
3335 5022 3711 5093 etinominum

2151 5090 2523 5161 Aigyptiorum
2561 5091 2663 5156 vis,
2698 5090 2953 5146 effectum
2986 5090 3174 5147 eorum
3209 5107 3327 5160 qua:
3360 5092 3614 5145 dicuntur
3661 5093 3714 5144 in

2150 5176 2209 5215 se
2256 5162 2754 5230 comprehendunt;
2804 5164 3086 5229 permutati
3141 5174 3323 5215 autem
3369 5172 3424 5216 et
3464 5170 3709 5230 convers'

2151 5233 2204 5354 iSn
2252 5229 2407 5284 aliam
2458 5232 2731 5300 linguam,
2786 5233 3001 5287 obscuri
3054 5245 3110 5287 et
3160 5231 3463 5288 inefﬁcaces
3505 5229 3662 5284 fiunt.
3693 5248 3710 5283 ο

2193 5315 2409 5354 esseea.

2193 5315 2409 5354 PENCER.

2222 5371 2335 5442 (79)
2361 5368 2628 5442 _’Hzoﬁc.
2662 5368 2752 5423 Sic
2782 5368 3097 5442 Pliilocalia,
3131 5386 3231 5425 nec
3260 5370 3418 5442 aliter
3446 5368 3601 5442 Philo
3626 5382 3693 5423 ex

2151 5440 2322 5512 tremo
2351 5440 2421 5512 De
2446 5442 2758 5512 Gigantibus
2790 5441 3102 5512 libr0.ltetn
3131 5442 3268 5494 libro
3294 5440 3369 5512 De
3390 5440 3695 5512 Abraltamc

2150 5520 2203 5564 et
2228 5511 2364 5564 libro
2383 5510 2460 5565 De
2486 5509 2752 5565 nominum
2777 5511 3081 5565 mutatione.
3112 5510 3449 5565 stdtelius
3470 5519 3525 5563 et
3545 5509 3694 5578 Spen

2151 5595 2307 5634 (erus
2335 5582 2419 5651 hic
2451 5583 2669 5651 liabent,
2690 5580 2947 5651 ἡκούσης,
3006 5623 3011 5627 .

2221 5651 2331 5721 (80)
2384 5647 2901 5720 ’ῼήθησαν.”ἱε“οι·ιὸ
2925 5651 3227 5721 legendum.
3252 5647 3497 5704 εἰώθασι.
