3990 6158
338 268 483 326 {235

1542 267 1818 326 CONTRA
1851 268 2127 327 CELSUM
2159 269 2283 324 LIB.
2329 271 2388 324 V.

3456 280 3591 338 1254

335 403 391 438 τι
422 385 562 440 κατά
595 373 690 458 τὴν
729 386 1062 455 ἐπαγγελίαν
1093 385 1203 441 τῶν
1229 385 1442 440 τοιωνδὶ
1475 384 1817 456 ὲπικλήσεων
1848 388 1906 440 ὲκ

2019 395 2193 453 tuum,
2220 397 2308 441 aut
2339 385 2683 457 omnipotens
2714 388 2960 459 (diverse
2982 390 3124 445 enim
3154 390 3296 446 illam
3325 393 3594 464 interpre-

335 478 442 549 τῆς
478 479 684 533 τοιασδὶ
715 478 920 549 φωνῆς.
963 479 1038 531 Τὸ
1075 479 1119 531 δ’
1163 477 1346 549 ὅμοιον
1376 477 1610 549 ἐροῦμεν
1655 478 1749 530 καὶ
1791 477 1921 548 περὶ

337 569 443 639 τῆς
465 569 691 624 Σαϐαὼθ
716 569 919 640 φωνῆς,
948 569 1218 640 πολλαχοῦ
1249 567 1356 622 τῶν
1384 569 1609 640 ἐπῳδῶν
1627 568 1920 639 παραλαμ-

339 659 661 730 ϐανομένης,
701 663 806 727 ὅτι,
840 664 888 715 εί
934 659 1419 732 μεταλαμϐάνομεν
1445 660 1505 712 τὸ
1533 660 1702 730 ὄνομα
1725 659 1805 722 εἰς
1836 658 1916 724 τὸ,

339 751 545 823 Κύριος
572 753 682 806 τῶν
707 752 1010 823 δυνάμεων,
1051 753 1084 822 ἢ
1125 753 1331 823 Κύριος
1375 751 1664 824 στρατιῶν,
1699 750 1734 821 ἦ
1781 768 1917 804 παν-

341 844 628 919 τοκράτωρ
661 843 967 916 (διαφόρως
1004 844 1114 915 γὰρ
1154 843 1286 898 αὐτὸ
1330 843 1636 910 ἐξεδέξαντο
1674 845 1722 897 οἱ
1749 843 1921 914 ἑρμη-

340 934 586 997 νεύοντες
614 934 964 1005 αύτόο),οὐδὲν
1005 935 1334 1006 ποιήσομεψ
1380 935 1671 1007 τηροῦντες
1713 935 1756 986 δ’
1790 932 1922 987 αὐτὸ

338 1024 400 1076 ἐν
438 1025 548 1088 τοῖς
589 1024 736 1088 ἰδίοις
770 1025 1046 1095 φθόγγοις,
1096 1025 1397 1097 ποιήσομέν
1447 1043 1520 1091 τι,
1555 1024 1632 1088 ὥς
1673 1041 1836 1094 φασιν
1870 1023 1920 1076 οἱ

340 1116 472 1186 περὶ
501 1114 674 1168 ταῦτα
695 1117 874 1170 δεινοί.
910 1116 983 1169 Τὸ
1010 1117 1066 1171 δὲ
1088 1116 1270 1187 ὅμοιον
1297 1114 1530 1189 ἐροῦμεν
1556 1116 1652 1170 καὶ
1674 1116 1801 1186 περὶ
1821 1113 1918 1167 τοῦ

341 1201 590 1261 Ἀδωναΐ.
613 1205 785 1278 Εἴπερ
807 1202 901 1261 οὖν
928 1207 1051 1261 οὔτε
1077 1207 1136 1260 τὸ
1160 1207 1388 1260 Σαϐαὼθ
1419 1207 1543 1261 οὗτε
1568 1207 1629 1260 τὸ
1671 1205 1918 1271 Ἀδωναῒ,

2021 490 2101 535 tes
2126 479 2401 547 explicant
2425 477 2466 547 ),
2499 479 2630 533 nihil
2659 478 2970 548 proﬁcitur:
3003 481 3143 550 quod
3169 497 3328 538 secus
3355 485 3588 554 accidet,

2018 581 2076 625 ut
2120 569 2394 624 aﬁirmant
2428 571 2620 624 barum
2650 573 2847 626 artium
2879 573 3132 638 consulti,
3167 575 3210 628 si
3241 577 3457 645 propria
3491 592 3590 632 sua

2017 660 2197 732 lingua
2223 663 2631 730 pronuntietur.
2663 662 2738 716 De
2755 663 2962 718 Adonai
2998 654 3136 718 idem
3169 680 3384 734 quoque
3406 667 3590 722 dicere

2019 749 2164 804 licet.
2189 749 2308 803 Jam
2334 752 2378 805 si
2401 767 2576 820 neque
2603 752 2873 819 Sabaoth,
2903 769 3075 824 neque
3098 756 3303 810 Adonai
3333 759 3589 814 translata

2018 840 2072 896 in
2108 855 2230 895 eam
2261 841 2731 911 signiﬁcationem,
2766 859 2928 914 quam
2955 846 3142 900 Graece
3173 848 3373 902 habere
3403 849 3590 903 viden-

2019 941 2124 995 tur,
2156 932 2289 987 nihil
2316 932 2559 987 elﬁciunt
2587 975 2602 1002 ,
2643 945 2847 1002 quanto
2886 937 3062 992 minus
3089 937 3340 1002 eﬁicient,
3384 951 3592 1010 quanto

2017 1024 2213 1079 minori
2273 1025 2476 1079 virtute
2521 1035 2683 1079 erunt
2719 1027 2858 1095 apud
2891 1043 2983 1082 eos
3021 1031 3112 1098 qui
3150 1032 3284 1085 nihil
3327 1033 3591 1089 interesse

2017 1121 2327 1178 autumant,
2361 1113 2550 1168 Jovem
2600 1124 2696 1168 aut
2744 1115 3051 1178 Excelsum,
3106 1131 3197 1174 aut
3231 1123 3466 1192 Zenem,
3497 1136 3592 1179 aut

2015 1204 2331 1271 Adonaeum,
2359 1213 2451 1258 aut
2483 1204 2724 1260 Sabaoth
2767 1207 3073 1275 appellari?

341 1301 862 1374 μεταλαμϐανόμενα
893 1306 974 1368 εις
1016 1303 1052 1357 δι
1081 1304 1228 1357 δοκεῖ
1267 1305 1551 1376 σημαίνειν
1598 1305 1655 1356 ὲν
1701 1302 1907 1356 Ἐλλάδι
1939 1301 2110 1370 φωνῇ,
2146 1299 2296 1354 ἀνύει
2329 1317 2401 1352 τι·
2433 1301 2584 1372 πόσῳ
2611 1301 2771 1355 πλέον
2803 1303 2956 1357 οὐδὲν
2981 1303 3046 1358 ἂν
3074 1307 3314 1377 ποιήσαι,
3348 1311 3469 1365 οὐδὲ
3501 1313 3592 1365 δυ-

339 1393 531 1464 νηθείη
559 1395 709 1466 παρὰ
739 1399 852 1460 τοῖς
901 1397 1068 1468 μηδὲν
1099 1398 1374 1470 διαφέρειν
1403 1399 1669 1469 οἰομένοις
1701 1397 1798 1451 Δία
1830 1395 2092 1466 ’Ὕψιστον
2119 1394 2323 1460 καλεῖν,
2353 1393 2385 1466 ἢ
2413 1397 2574 1466 Ζῆνα,
2606 1397 2640 1468 ἢ
2686 1398 2990 1463 Ἀδωναῖον,
3023 1400 3057 1472 ἦ
3087 1399 3346 1470 Σαϐαώθ;

413 1488 599 1543 Ταῦτα
659 1490 722 1561 δὴ
779 1493 873 1545 καὶ
915 1492 984 1545 τὰ
1021 1494 1230 1557 τούτοις
1278 1495 1539 1563 ἀνάλογον
1589 1495 1696 1566 (81)
1752 1493 1906 1565 ἀπόρ-

2092 1490 2182 1545 46.
2224 1490 2400 1560 Atque
2431 1491 2548 1547 brec
2580 1493 2797 1563 aliaque
2828 1496 2878 1550 id
2912 1512 3081 1565 genus
3113 1513 3308 1554 arcana
3341 1502 3397 1557 in
3427 1519 3589 1561 causa

340 1575 482 1644 ρητα
508 1576 857 1648 ἐπιστάμενοι
902 1582 1141 1651 Μωῦσῆς
1183 1584 1276 1636 καὶ
1308 1584 1358 1635 οἱ
1386 1585 1681 1654 προφῆται,
1713 1585 1922 1652 ἀπαγο-

340 1665 588 1734 ρεύουσιν
608 1668 776 1739 ὄνομα
792 1669 926 1723 θεῶν
947 1674 1146 1744 ἐτέρων
1161 1674 1444 1744 ὀνομάζειν
1465 1677 1521 1728 ἐν
1541 1677 1765 1747 στόματι
1785 1676 1916 1748 (82),

339 1757 696 1829 μελετήσαντι
719 1760 794 1831 τῷ
810 1763 901 1815 ἐπὶ
923 1765 1053 1817 πᾶσι
1080 1767 1222 1836 μόνῳ
1248 1766 1500 1836 εὔχεσθαι
1524 1768 1660 1838 Θεῷ,
1685 1769 1776 1822 καὶ
1799 1770 1920 1823 ἀνα-

339 1848 697 1921 μνημονεύειν
737 1854 796 1907 ὲν
834 1856 1029 1928 καρδίᾳ
1063 1856 1418 1932 διδασκομένη
1461 1860 1780 1931 καθαρεύειν
1811 1864 1918 1918 ἀπὸ

335 1941 519 2014 πάσης
543 1947 898 2015 ματαιότητος
924 1948 1207 2018 νοημάτων
1235 1949 1324 2002 καὶ
1343 1950 1556 2015 λέξεων.
1579 1955 1688 2007 Καὶ
1706 1954 1792 2008 διὰ
1811 1973 1918 2008 τοι-

335 2031 475 2086 αῦτα
505 2035 682 2087 πᾶσαν
710 2037 890 2089 αίκίαν
921 2037 1034 2110 (85)
1066 2039 1357 2111 ὑπομένειν
1389 2043 1587 2115 μᾶλλον
1618 2047 1916 2118 αἱρούμεθα

336 2123 370 2192 ἢ
399 2122 489 2176 τὸν
519 2125 617 2178 Δία
653 2127 978 2198 ὁμολογῆσαι
1011 2129 1160 2184 Θεόν.
1194 2133 1268 2185 υύ
1299 2133 1406 2206 γὰρ
1446 2136 1538 2190 τὸν
1581 2139 1741 2192 αὐτὸν
1779 2136 1915 2196 εἶναι

337 2214 793 2289 ὑπολαμϐάνομεν
827 2219 942 2290 (84)
975 2221 1072 2275 Δία
1095 2225 1189 2276 καὶ
1222 2226 1448 2281 Σαϐαώθ
1469 2245 1483 2260 ο
1503 2229 1621 2283 ἄλλ’
1643 2233 1751 2286 οὐδ’
1783 2235 1916 2300 ὅλως

334 2308 476 2362 θεῖόν
507 2327 558 2363 τι
576 2311 666 2365 τὸν
693 2314 809 2366 Δία·
840 2313 1065 2385 δαίμονα
1104 2317 1161 2369 δέ
1202 2335 1322 2372 τινα
1364 2321 1574 2392 χαίρειν
1601 2323 1770 2391 οὕτως
1803 2328 1917 2380 ὀνο-

336 2399 670 2471 μαζόμενον,
714 2405 774 2457 οὐ
820 2406 970 2475 φίλον
1026 2409 1333 2481 ἀνθρώποις
1383 2414 1503 2467 οὐδὲ
1544 2417 1622 2488 τῷ
1679 2418 1916 2492 ἀληθινῷ

331 2490 468 2561 Θεῷ.
497 2493 613 2547 Κᾶν
633 2495 917 2562 Αἰγύπτιοι
941 2497 996 2549 δὲ
1019 2499 1110 2551 τὸν
1153 2501 1392 2572 Ἀμμοῦν
1413 2506 1444 2575 ἡ
1455 2508 1545 2575 μίν
1572 2490 1912 2577 προτείνωσι,

332 2582 559 2638 θάνατον
727 2587 1093 2656 ἀπειλοῦντες,
1137 2591 1501 2664 τεθνηξόμεθα
1537 2599 1732 2667 μᾶλλον
1766 2601 1796 2672 ἦ
1825 2605 1915 2658 τὸν

345 2675 589 2746 Ἀμμοῦν
641 2678 1108 2750 ἁναγορεύσαιμεν
1153 2682 1294 2748 θεὸν,
1336 2687 1911 2762 παραλαμϐανόμενον,

327 2765 406 2828 ὡς
431 2767 597 2830 εἰκὸς,
641 2767 696 2820 ἓν
721 2786 860 2822 τισιν
888 2772 1214 2839 Αἰγυπτίαις
1248 2775 1537 2841 καλούσαις
1565 2781 1654 2834 τὸν
1686 2783 1914 2854 δαίμονα

327 2855 516 2909 τοῦτον
554 2858 810 2927 ἐπῳδαῖς.
847 2862 1168 2929 Λεγέτωσαν
1199 2863 1255 2916 δὲ
1289 2867 1379 2918 καὶ
1405 2868 1606 2924 Σκῦθαι
1635 2872 1726 2926 τὸν
1761 2876 1914 2930 Παπ-

327 2949 484 3000 παίον
512 2948 643 3002 Θεὸν
676 2945 814 3005 εἶναι
855 2952 944 3006 τὸν
983 2953 1074 3006 ἐπὶ
1122 2957 1286 3008 πᾶσιν
1307 2973 1319 2986 ·
1365 2957 1482 3011 ἁλλ¹
1510 2962 1670 3032 ἡμεῖς
1699 2963 1759 3017 οὐ
1789 2985 1910 3020 πει-

329 3038 554 3108 σόμεθα,
582 3040 822 3104 τιθέντες
857 3043 955 3114 μὲν
986 3045 1079 3097 τὸν
1105 3046 1196 3098 ἐπὶ
1223 3048 1356 3101 πᾶσι
1381 3048 1534 3115 Θεὸν,
1566 3051 1641 3116 ὡς
1670 3053 1726 3107 δὲ
1760 3056 1911 3125 φίλον

325 3129 405 3199 τῷ
436 3129 649 3198 λαχόντι
676 3133 773 3202 τὴν
801 3133 1022 3188 Σκυθῶν
1051 3135 1306 3206 ἐρημίαν,
1341 3141 1518 3195 καὶτὸ
1552 3143 1701 3208 ἔθνος
1733 3147 1910 3200 αὐτῶν

327 3217 424 3270 καὶ
455 3219 553 3290 τὴν
580 3219 874 3286 διάλεκτον,
905 3224 1003 3276 οὐκ
1037 3225 1389 3295 ὀνομάζοντες
1420 3229 1511 3283 τὸν
1549 3231 1681 3285 Θεὸν
1708 3235 1784 3298 ὡς
1815 3253 1910 3289 κυ-

330 3305 431 3378 ρίῳ
469 3307 689 3378 ὀνόματι
720 3309 796 3380 τῷ
841 3313 1146 3371 Παππαῖον.
1182 3318 1436 3373 Σκυθιστὶ
1481 3321 1589 3393 γὰρ
1631 3324 1693 3376 τὸ
1737 3343 1906 3398 προσ-

322 3397 584 3467 ηγορικὸν
609 3399 700 3453 τὸν
732 3400 883 3465 Θεὸν,
915 3404 1007 3456 καὶ
1048 3406 1392 3475 Αἰγυπτιστὶ,
1429 3414 1522 3465 καὶ
1561 3416 1706 3487 πάσῃ
1732 3397 1906 3473 διαλέ-

325 3503 461 3557 κτῳ,
551 3489 776 3556 ἕκαστος
815 3491 1192 3566 ἐντέθραπται,
1219 3501 1515 3572 ὀνομάζων,
1541 3505 1636 3576 οὐχ
1665 3483 1908 3584 άνμαρτή-

328 3595 501 3636 σεται.

393 3845 466 3900 Τὸ
500 3848 545 3901 δ’
595 3848 764 3906 αἴτιον
782 3854 882 3924 τῆς
942 3856 1208 3914 Ἰουδαίων
1245 3867 1545 3938 περιτομῆς
1591 3869 1652 3922 οὐ
1705 3876 1901 3931 ταυτόν

319 3939 434 3991 ἐστι
456 3937 533 4008 τῷ
562 3941 717 4012 αἰτίῳ
744 3943 845 4013 τῆς
875 3947 1184 4015 Αἰγυπτίων
1218 3951 1326 4024 (86)
1358 3937 1661 4030 περιτομῆς
1693 3961 1725 4034 ἢ
1759 3965 1899 4019 Κόλ-

315 4045 456 4099 χων*
501 4030 580 4082 διὸ
617 4032 716 4101 οὐχ
753 4035 786 4103 ή
830 4035 967 4107 αὐτὴ
1010 4041 1287 4114 νομισθείη
1341 4045 1408 4099 ἂν
1448 4030 1738 4124 περιτομή..
1787 4057 1899 4109 Kal.

2020 1580 2266 1646 fuerunt,
2325 1596 2422 1635 cur
2468 1580 2680 1655 Moyses
2726 1595 2779 1639 ct
2829 1590 3110 1656 propheta:
3154 1597 3486 1662 vetarent”,
3525 1615 3594 1654 ne

2019 1670 2248 1726 aliorum
2281 1673 2506 1727 deorum
2558 1690 2753 1730 nomen
2785 1678 3127 1746 proferretur
3153 1697 3274 1749 ore,
3307 1688 3448 1754 quod
3485 1691 3587 1744 soli

2019 1761 2129 1816 Deo
2157 1777 2349 1832 preces
2384 1764 2610 1821 fundere
2639 1769 3020 1836 proﬁtebatur,
3049 1781 3104 1827 ct
3151 1787 3339 1830 eorum
3385 1792 3595 1835 memo—

2016 1854 2095 1908 ria
2133 1855 2185 1908 in
2218 1857 2386 1910 corde
2416 1870 2758 1926 servaretur,
2806 1864 2949 1931 quod
2981 1880 3008 1917 a
3055 1867 3212 1922 vanis
3247 1869 3591 1940 cogitationi-

2016 1947 2118 2002 bus
2151 1948 2414 2017 vanisque
2450 1951 2612 2006 dictis
2660 1967 2859 2022 purum
2895 1970 2954 2011 se
3006 1969 3269 2027 prmstare
3300 1963 3588 2022 didicerat.

2016 2037 2140 2092 llazc
2185 2040 2348 2093 etiam
2403 2041 2632 2108 faciunt,
2663 2053 2720 2098 ut
2771 2048 2977 2116 qumvis
3033 2059 3302 2107 tormenta
3346 2055 3590 2124 perferre

2017 2131 2301 2194 malimus,
2362 2147 2527 2202 quam
2576 2135 2762 2191 Jovem
2824 2140 3074 2196 conﬁteri
3145 2145 3338 2200 Deum.
3398 2147 3592 2220 Neque

2015 2223 2162 2278 enim
2212 2233 2470 2294 putamus
2526 2232 2777 2286 eumdem
2827 2233 3012 2289 Jovem
3056 2252 3176 2293 esse
3213 2255 3277 2296 ac
3305 2240 3586 2312 Sabaoth;

2017 2315 2128 2370 imo
2167 2332 2235 2372 ne
2261 2317 2390 2387 quid
2422 2319 2664 2374 divinum
2705 2325 2922 2392 quidem
2949 2342 3070 2383 esse
3099 2329 3311 2398 Jovem,
3344 2337 3441 2390 sed
3482 2338 3590 2392 da}.-

2017 2421 2228 2461 monem
2262 2411 2573 2479 quempiam
2607 2421 2661 2467 et
2694 2416 3005 2472 hominibus
3063 2428 3118 2474 et
3161 2437 3295 2478 vero
3351 2426 3464 2482 Deo
3505 2427 3590 2483 in-

2015 2493 2251 2562 fensum,
2303 2501 2393 2566 qui
2444 2514 2504 2555 se
2555 2503 2657 2556 hoc
2707 2504 2927 2560 nomine
2985 2508 3233 2565 decorari
3268 2515 3488 2582 gaudet.
3522 2518 3589 2572 Et

2013 2587 2336 2644 Ammonem
2398 2590 2526 2647 licet
2575 2589 2814 2664 Egyptii
2887 2599 3043 2656 nobis
3095 2602 3361 2661 intentata
3409 2619 3587 2666 morte

2015 2679 2348 2735 adorandum
2427 2696 2832 2753 pr0ponerent,
2901 2691 3038 2744 mori
3112 2698 3586 2767 praeoptabimus,

2015 2784 2177 2837 quam
2208 2771 2374 2826 Deum
2398 2775 2670 2854 appellare
2697 2777 2994 2834 dzemonem
3035 2781 3206 2849 illum,
3231 2787 3323 2855 qui
3349 2789 3456 2844 hoc
3485 2806 3588 2847 no-

2017 2859 2159 2914 mine
2192 2863 2380 2931 procul
2413 2847 2577 2920 dubio
2605 2866 2943 2939 Egyptiacis
2980 2847 3302 2941 quibusdam
3337 2879 3586 2938 incanta-

2014 2951 2254 3008 tionibus
2307 2955 2615 3012 invocatur.
2663 2960 2858 3015 Dicant
2918 2973 2973 3018 ct
3025 2965 3243 3037 Scythae
3291 2970 3582 3042 Pappmum

1995 3057 2132 3118 esse
2167 3058 2440 3100 summum
2467 3047 2678 3104 Deum:
2706 3066 2806 3106 nos
2856 3052 2964 3110 illis
2997 3057 3155 3112 ﬁdem
3201 3075 3307 3116 non
3362 3063 3586 3121 habebi-

2010 3149 2153 3186 mus.
2217 3133 2354 3188 Nam
2406 3138 2658 3206 ponimus
2717 3143 2938 3210 quidem
3019 3161 3138 3204 esse
3210 3152 3584 3216 universitatis

2010 3225 2203 3294 Deum,
2234 3231 2326 3286 sed
2387 3246 2648 3301 negamus
2701 3237 2979 3304 proprium
3033 3239 3149 3308 ejus
3198 3257 3323 3301 esse
3383 3263 3580 3306 nomen

2008 3319 2317 3389 Pappteum,
2351 3338 2459 3391 quo
2485 3326 2712 3381 nomine
2754 3327 3057 3386 delectatur
3087 3333 3197 3400 ille,
3234 3339 3324 3406 qui
3351 3339 3582 3412 Scytha-

2011 3424 2130 3462 rum
2161 3411 2502 3479 solitudines,
2530 3417 2806 3472 nationem
2866 3429 2922 3474 et
2969 3423 3210 3494 linguam
3243 3411 3442 3487 sortito
3483 3433 3583 3489 ob-

2011 3499 2190 3554 tinuit.
2218 3500 2488 3556 Caeterum
2513 3506 2656 3574 quod
2693 3523 2886 3563 nomen
2922 3511 2974 3564 in
3004 3513 3260 3584 Scythica
3291 3520 3376 3576 vel
3404 3522 3575 3597 Egy-

2005 3589 2182 3657 ptiaca
2207 3591 2292 3644 vel
2340 3592 2394 3646 in
2422 3595 2612 3661 quavis
2651 3595 2755 3649 alia
2795 3600 3023 3669 quisque
3053 3605 3315 3664 educatus
3350 3623 3435 3666 est
3474 3589 3577 3670 lin-

2006 3695 2108 3748 gua
2142 3680 2308 3736 Deum
2338 3683 2632 3754 signiﬁcat,
2664 3686 2794 3742 illud
2831 3688 2941 3745 Deo
2989 3694 3152 3749 tribui
3207 3698 3329 3756 sine
3354 3716 3576 3770 peccato

2003 3781 2200 3838 potest.

2073 3863 2162 3918 47.
2201 3865 2280 3919 Ad
2312 3865 2789 3926 circumcisionem
2849 3877 2993 3945 quod
3050 3890 3287 3950 spectat,
3328 3901 3436 3942 non
3480 3903 3576 3946 ea-

2001 3954 2122 4009 dem
2167 3955 2282 4025 ejus
2301 3961 2642 4029 usurpandae
2685 3977 2850 4020 causa
2875 3977 2959 4023 cst
2985 3972 3130 4039 apud
3183 3973 3422 4049 Iudaeos,
3451 3995 3574 4052 qua

2001 4045 2141 4116 apud
2168 4046 2457 4120 Egyptios
2491 4062 2586 4106 aut
2618 4053 2874 4112 Colchos.
2928 4058 3006 4115 Ex
3038 4077 3144 4132 quo
3188 4045 3424 4126 elﬁcitur
3462 4045 3572 4130 non

313 4117 506 4189 ὥσπερ
532 4121 559 4172 ὁ
589 4119 731 4176 θύων
758 4125 818 4176 οὐ
846 4125 923 4196 τῷ
950 4129 1098 4199 αὐτῷ
1139 4132 1276 4199 θύει,
1320 4137 1368 4190 εἰ
1403 4139 1499 4192 καὶ
1523 4117 1724 4210 δμοίως
1751 4144 1898 4201 θύειν

2012 4140 2246 4196 eamdem
2333 4157 2454 4200 esse
2529 4149 3023 4212 circumcisionem.
3108 4155 3570 4223 Quemadmodum

313 4208 478 4272 δοκεῖ,
506 4212 599 4264 καὶ
630 4213 659 4264 ὁ
689 4214 978 4285 εὐχόμενος
1009 4219 1070 4272 οὐ
1119 4221 1198 4293 τῷ
1238 4225 1385 4298 αὐτῷ
1421 4229 1657 4302 εὔχεται,
1710 4238 1760 4289 εί
1801 4241 1896 4294 καὶ

313 4297 380 4324 ρλ.
411 4298 544 4324 ...9.-.ι
580 4299 637 4324 ι-.
663 4306 779 4324 ..-Αι,
821 4307 861 4324 ,I
945 4309 967 4324 φ
1034 4309 1088 4324 ιι-
1140 4314 1163 4324 .-
1260 4315 1284 4324 ..ι
1460 4321 1527 4324 ---
1611 4323 1615 4324 ,

2012 4231 2147 4286 enim
2183 4247 2248 4288 ex
2279 4249 2345 4290 eo
2384 4239 2527 4306 quod
2558 4240 2682 4304 quis
2711 4241 2899 4297 eadem
2947 4247 3161 4304 ratione
3211 4266 3370 4307 sacra
3421 4255 3569 4324 facit,

311 4297 381 4353 τὰ
408 4298 546 4354 αὐτὰ
578 4299 637 4354 ὲν
661 4306 781 4368 ταῖς
811 4307 996 4376 εὐχαῖς
1021 4309 1192 4375 ἀξιοῖ·
1227 4297 1398 4382 οὕτως
1421 4297 1529 4374 οὐδ’
1561 4323 1617 4376 εί
1643 4297 1726 4391 τις
1748 4346 1896 4402 περι-

308 4388 586 4460 τέμνεται,
619 4393 900 4470 ἀδιαφορεί
926 4400 1143 4468 πάντως
1171 4407 1270 4477 τῆς
1296 4409 1432 4480 πρὸς
1463 4412 1649 4488 ἕτερον
1682 4388 1898 4493 περιτο-

312 4481 421 4584 μῆς
451 4482 540 4554 (87
546 4501 584 4553 ).
622 4487 685 4539 Ἦ
714 4489 823 4560 γὰρ
857 4493 1130 4561 πρόθεσις,
1165 4499 1259 4552 καὶ
1290 4502 1319 4553 ὁ
1351 4503 1533 4575 νόμος,
1557 4481 1663 4563 ’καὶ
1688 4481 1920 4584 τὸ1βούν

308 4571 457 4644 λημα
471 4576 563 4629 τοῦ
589 4581 1024 4652 περιτέμνοντος,
1048 4588 1252 4645 ἀλλοῖον
1271 4571 1488 4652 ποιεῖ-τὸ
1510 4603 1756 4674 πρᾶγμα.
1778 4571 1896 4662 λινα

306 4665 352 4720 δ’
381 4667 461 4721 ἔτι
492 4670 690 4740 μᾶλλον
717 4675 879 4747 νοηθῇ
913 4679 974 4732 τὸ
1009 4681 1116 4734 πᾶν
1145 4684 1288 4738 κατὰ
1317 4687 1408 4742 τὸν
1439 4665 1889 4767 τόποι-λεκτέον,

306 4758 391 4810 ὃτι
421 4759 482 4811 τὸ
513 4763 611 4831 τῆς
638 4763 981 4840 δικαιοσύνης
1021 4771 1189 4845 ὄνομα
1229 4779 1423 4834 ταυτὸν
1457 4784 1557 4853 μέν
1595 4758 1710 4841 ἐστι
1741 4758 1893 4863 παρά

307 4849 786 4956 πᾶσινΣΕλλησ-ιν·
851 4861 951 4932 ἤδη
991 4863 1048 4917 δὲ
1090 4849 1474 4928 ἀποδείκνυται
1518 4877 1650 4951 ἄλλη
1706 4849 1889 4956 μέν’ίι

305 4939 426 4993 κατ’
467 4941 783 5018 Ἐπίκουρον
828 4951 1138 5030 δικαιοσύνη
1186 4959 1320 5030 (88),
1361 4963 1494 5039 άλλη
1544 4969 1602 5022 δὲ
1639 4939 1718 5044 ’ἠ-
1753 4939 1892 5030 κατά

377 5036 424 5068 ⁵⁵
463 5038 632 5094 Exod.
672 5058 828 5109 xxm,
869 5051 971 5116 l5;
1005 5052 1149 5108 Psal.
1185 5072 1280 5121 xv,
1321 5060 1376 5114 4.

531 5135 866 5222 ξιξῖιμογῖον.
893 5142 1212 5222 Ρίιροριιηῖι,
1239 5153 1380 5207 κατὰ
1401 5154 1460 5207 τὸ
1481 5154 1763 5222 ἀνάλογον.

397 5131 489 5201 81)
531 5135 866 5206 Ἆνάλογον.
893 5142 1212 5212 Philocalia,
1239 5153 1380 5207 κατὰ
1401 5154 1460 5207 τὸ
1481 5154 1763 5222 ἀνάλογον.

369 5130 490 5324 382)
530 5201 868 5265 Hmschelius
896 5220 952 5265 et
977 5214 1284 5282 Spencerus
1317 5223 1368 5273 in
1412 5234 1582 5287 textu,
1633 5226 1692 5277 έν
1741 5223 1871 5298 [ἐνὶ]

302 5287 367 5324 στ
404 5289 550 5324 ματι.
583 5273 704 5324 M0!
762 5293 860 5324 “r0
913 5283 1264 5324 Ιιβλβτδιηηυηο
1349 5291 1603 5324 nolani“...
1656 5295 1871 5324 ιιῖιΙΛιιι-

402 5289 550 5341 ματι.
583 5273 718 5356 ῌοί.
762 5293 860 5345 pro
911 5273 1290 5356 μελετήσαντι,
1349 5273 1606 5349 Gelenius
1656 5273 1872 5351 νὶιίέιιυιἐ

298 5341 497 5417 legisse
522 5343 724 5417 μελετή
733 5341 940 5412 σαντες.

372 5411 724 5500 (βὶᾒζζᾷσακ
750 5411 971 5500 ξζκίιζν.
1002 5421 1086 5477 Jo.
1122 5423 1337 5500 Selden.
1378 5440 1644 5500 syntagm.
1681 5435 1737 5500 2,
1799 5436 1874 5492 De

299 5481 583 5569 iiis__.$gris
617 5499 637 5538 :
691 5501 726 5569 ι.
748 5486 842 5544 Pie
897 5481 1871 5569 fateor_0‘rigenes,'quivi-ioti'vult

300 5548 673 5641 Pctnn'verum
697 5552 883 5640 Jovem
916 5548 1247 5641 _vocar_i.',_'i_da
1260 5548 1380 5641 est:
1591 5548 1869 5630 obl-lubt;

301 5617 472 5673 larum
505 5623 571 5677 de
605 5638 670 5678 eo
702 5629 1040 5750 simrcitiem.
1081 5617 1682 5710 V'itleasv‘iejtis'liwbrui'n

301 5695 409 5742 tum
445 5695 688 5748 adversus
746 5695 944 5750 'elsum.
985 5720 1004 5750 ι
1042 5701 1302 5750 Sin-mann-

300 5695 409 5742 tum
445 5695 688 5748 adversus
716 5695 944 5756 Celsum.
985 5720 1004 5755 ι
1042 5701 1303 5762 SPENCER.

2003 4348 2109 4386 non
2141 4348 2263 4389 eum
2311 4336 2561 4408 sequitur
2591 4340 2768 4394 eidem
2822 4357 2980 4399 sacra
3014 4345 3219 4413 facere,
3249 4361 3346 4406 aut
3389 4354 3566 4412 eidem

1995 4423 2193 4480 olferre
2225 4442 2434 4496 preces,
2469 4429 2561 4498 qui
2616 4431 2804 4487 eadem
2862 4433 2914 4488 in
2971 4439 3225 4506 precibus
3280 4445 3565 4514 postulat:

1996 4517 2098 4586 sic,
2133 4520 2352 4575 etiamsi
2416 4521 2539 4591 quis
2595 4523 3046 4596 circumcidatur,
3103 4531 3328 4590 minime
3374 4551 3569 4598 conse-

1993 4623 2166 4678 quens
2194 4619 2280 4666 est
2314 4610 2434 4680 ejus
2459 4613 2938 4672 circumcisionem
2969 4621 3036 4676 ab
3072 4621 3299 4679 alterius
3327 4626 3566 4686 circum-

1993 4701 2204 4756 cisione
2262 4717 2370 4757 non
2425 4703 2758 4776 discrepare.
2791 4709 3076 4766 Diversum
3123 4717 3267 4770 enim
3314 4723 3566 4792 proposi-

1995 4802 2129 4858 tmn,
2163 4793 2377 4850 diversa
2435 4795 2543 4858 lex,
2577 4799 2850 4854 diversum
2883 4803 3330 4863 circumcidentis
3386 4815 3566 4870 consi-

1993 4883 2126 4938 lium
2159 4884 2390 4952 faciunt,
2418 4895 2475 4941 ut
2511 4887 2677 4960 614
2719 4891 2935 4947 diversa
2995 4893 3067 4949 sit
3114 4897 3278 4952 etiam
3322 4899 3564 4958 circum-

1993 4978 2148 5033 cisio.
2183 4977 2337 5045 Quod
2363 4980 2580 5050 quidem
2614 4991 2671 5036 ut
2713 4984 2954 5053 penitius
2984 4987 3341 5062 intelligatur,
3374 4992 3562 5052 dicen-

2055 5160 2168 5232 (84)
2207 5162 2746 5236 Ὑπολαμϐάνομεν.
2818 5170 2910 5226 Sic
2948 5172 3266 5232 Pliilocalia.
3300 5176 3563 5236 Hmsche-

1982 5228 2290 5314 littsngttt'em
2327 5243 2382 5314 et.
2410 5228 2738 5314 Spence'rus,
2771 5228 3308 5314 ὑπολαμϐανόμενονέ

2049 5299 2531 5388 idmst-hellus
2698 5299 3154 5388 ιεχιιιηκόλασιιξ.
3197 5299 3380 5388 _Pat_t_lo
3437 5328 3560 5388 post

1980 5371 2069 5452 tibi
2106 5371 2397 5452 Philqcalia
2434 5377 2615 5452 habet,
2631 5379 3099 5452 ἀναγορεύσαιμεν
3119 5382 3262 5452 θεόν,
3297 5371 3559 5443 “ascite;

1979 5440 2086 5524 liuﬂs
2119 5449 2203 5524 et“
2229 5443 2544 5524 'S_pen_t_:et'tt.s
2602 5440 2817 5524 habeht'
2839 5489 2852 5512 ,
2879 5440 3351 5524 Δᾁνιὶγορε;ύοόμιιν
3409 5440 3551 5513 θεόν.

1979 5468 2086 5494 ηυξ)
2119 5468 2174 5493 σι
2235 5468 2544 5526 ομυιιιξεϊυδ
2602 5468 2802 5502 nauem
2839 5489 2852 5512 ,
2909 5468 3100 5572 αναζοε

1977 5510 2470 5590 Ιιιίξιξει-ρίιίίυοιιίιιι,
2498 5516 2659 5590 ἡμεῖς
2688 5517 2749 5570 οὐ
2777 5519 3007 5590 πειθόμε
3047 5539 3100 5577 α.

2193 5580 2613 5657 ῇῳξοιιοιίιιξίη
2657 5596 2824 5648 textu,
2857 5580 3176 5657 Αἰγυπτίου.

2197 5653 2374 5739 al‘allet
2403 5652 2647 5739 Gttielus,
2686 5658 2752 5739 τῆ
2788 5650 3143 5739 πρὸζὲτερον
3169 5667 3460 5739 περιτομῇ.

2050 5720 2163 5796 (88)
2203 5723 2386 5789 Ἄλλη
2409 5723 2526 5793 μὲν
2556 5725 2596 5794 ἡ
2627 5720 2752 5779 καθ
2796 5720 3151 5800 Ἐπίκουρον
3174 5720 3551 5809 διὶιαιόσίῧνη.
