3990 6158
444 278 583 335 49.55

440 397 567 447 dum
594 390 734 446 idem
762 406 883 446 esse
906 392 1045 460 apud
1072 389 1287 444 Graecos
1313 404 1506 445 omnes
1530 390 1753 460 iustitiae
1777 403 1995 444 nomen.
2032 396 2075 450 Α

439 484 602 551 Atqui
641 492 818 537 tamen
859 489 1073 535 constat
1109 480 1271 533 aliam
1316 494 1439 535 esse
1483 496 1551 535 ex
1583 480 1817 550 Epicuro
1845 481 2005 547 justi-

443 576 611 638 tiam;
642 572 801 625 aliam
830 589 861 623 e
889 565 1087 623 Stoicis
1124 571 1365 623 animam
1396 570 1723 639 tripartitam
1754 582 1877 622 esse
1912 581 2004 621 ne-

442 664 727 730 gantibus;
781 661 944 714 aliam
986 677 1051 715 ex
1112 660 1406 715 Platonicis
1456 661 1551 729 qui
1593 658 1857 727 justitiam
1887 672 2006 711 esse

442 753 650 815 volunt,
698 766 824 805 cum
868 749 1097 820 singulae
1150 758 1333 817 partes
1384 748 1576 803 animat
1617 747 1733 802 suis
1780 761 2007 814 quicque

443 841 634 897 oﬂiciis
668 840 933 912 fungitur.
988 839 1118 894 Item
1171 839 1433 894 fortitudo
1490 839 1593 893 alia
1648 849 1732 891 est
1784 837 2004 905 Epicuri

447 933 659 988 labores
704 930 931 988 ferentis
979 941 1037 984 ut
1088 929 1327 999 majores
1376 926 1635 998 ell‘ngiat;
1690 928 1796 981 alia
1834 927 2003 981 Stoici

446 1024 699 1077 virtutem
750 1033 975 1092 propter
1027 1023 1198 1090 ipsam
1251 1019 1660 1089 amplecteutis;
1693 1019 1797 1073 alia
1828 1017 2008 1070 Plato-

447 1111 551 1166 nici
590 1111 789 1167 aientis
829 1110 1203 1166 fortitudinem
1236 1109 1304 1163 ab
1334 1107 1597 1163 irascibili
1631 1108 1826 1162 animae
1854 1117 2008 1176 parte

444 1202 736 1270 proﬁcisci,
758 1209 923 1270 atque
951 1200 1028 1254 illi
1054 1199 1235 1255 locum
1260 1198 1406 1253 circa
1434 1208 1627 1268 pectus
1653 1197 2005 1266 assignantis.

446 1292 539 1347 Sic
572 1292 754 1362 itaque
798 1290 1008 1345 diversa
1053 1290 1161 1343 erit
1209 1287 1558 1343 circumcisio
1623 1302 1724 1356 pro
1792 1288 2005 1341 diversa

447 1397 633 1438 eorum
658 1380 750 1449 qui
773 1379 1241 1435 circumciduntur
1276 1378 1541 1433 doctrina.
1574 1376 1773 1431 Verum
1808 1380 1872 1431 de
1900 1378 2008 1429 cir-

448 1473 776 1529 cumcisione
804 1469 937 1525 nihil
970 1485 1190 1525 necesse
1220 1480 1306 1526 est
1334 1486 1435 1525 nos
1461 1471 1548 1524 hic
1584 1470 1874 1524 disserere.
1904 1468 2005 1535 Qui

447 1566 593 1620 scire
640 1563 826 1618 volent
873 1578 994 1631 quae
1024 1573 1207 1618 nostra
1254 1565 1326 1617 sit
1374 1563 1443 1617 de
1478 1562 1567 1617 illa
1591 1562 1795 1630 opinio.
1833 1561 2009 1630 legant

448 1669 634 1711 nostra
689 1654 743 1709 in
793 1652 945 1708 Pauli
975 1654 1043 1707 ad
1081 1653 1344 1708 Romanos
1402 1650 1699 1722 Epistolam
1726 1651 2008 1707 Commen-

448 1746 603 1799 taria.

517 1835 609 1893 48.
638 1835 706 1891 Ut
735 1837 900 1909 igitur
923 1835 1091 1891 ,111αωί
1126 1836 1191 1889 de
1229 1835 1650 1891 circumcisione
1678 1837 2005 1906 glorientur,

445 1938 598 1984 certe
628 1929 773 1984 illam
801 1930 1090 1984 ostendent
1147 1929 1310 1981 aliam
1341 1943 1463 1982 esse
1492 1944 1596 1982 non
1622 1929 1798 1984 solum
1826 1945 1855 1982 a
1883 1928 2007 1981 Col-

447 2024 673 2076 chorum
715 2030 771 2074 et
817 2019 1220 2088 Egyptiorum,
1250 2020 1342 2074 sed
1374 2021 1538 2075 etiam
1590 2021 1657 2078 ab
1707 2019 2009 2074 lsmacllta-

448 2129 571 2167 rum
622 2113 864 2166 Arabum
914 2112 1352 2177 circumcisione,
1397 2110 1646 2183 quamvis
1690 2108 1884 2164 lsmael
1940 2109 2008 2163 ab

450 2204 691 2272 ipsorum
733 2203 1041 2274 patriarcha
1088 2203 1399 2258 Abrahamo
1440 2211 1619 2258 ortum
1654 2200 1903 2264 duxerit,
1953 2208 2009 2254 et

448 2310 572 2350 cum
623 2297 715 2351 illo
748 2295 1105 2350 circumcisus
1164 2292 1409 2349 fuerit".
1471 2292 1634 2348 Aiunt
1690 2290 1861 2347 Judaei
1906 2291 2009 2346 cir-

454 2385 843 2440 eumcisionem
866 2395 1074 2440 octava:
1092 2384 1194 2441 diei
1225 2386 1549 2454 prrccipuam
1565 2398 1684 2439 esse
1708 2400 1723 2449 ;
1744 2397 1863 2452 qua:
1879 2395 2009 2437 vero

450 2490 559 2529 non
590 2475 648 2528 ﬁt
674 2484 868 2530 octava
894 2475 999 2540 die,
1029 2490 1132 2530 non
1167 2474 1281 2529 ticri
1311 2474 1412 2529 nisi
1438 2489 1536 2543 pro
1580 2473 2007 2529 circumstantia.

447 2565 526 2619 Ae
549 2563 690 2619 forte
740 2573 1000 2632 usurpata
1051 2573 1133 2619 est
1177 2573 1398 2634 propter
1424 2562 1672 2633 angelum
1720 2564 2007 2632 quemdam

447 2657 593 2726 genti
618 2655 854 2711 Judaicaa
875 2656 1152 2723 infestum,
1169 2657 1261 2726 qui
1283 2654 1692 2710 incit'cumcisos
1708 2652 1899 2709 laedere
1917 2669 2009 2723 po-

449 2756 613 2814 terat,
631 2749 763 2803 nihil
787 2757 997 2818 poterat
1013 2763 1141 2803 vero
1158 2748 1210 2801 in
1230 2747 1604 2803 circutucisos.
1622 2746 1773 2813 Quod
1792 2747 2007 2816 quidem

448 2840 593 2894 dicet
613 2839 811 2908 aliquis
839 2841 1064 2895 indicari
1090 2854 1154 2894 ex
1182 2839 1248 2893 iis
1266 2853 1385 2908 quae
1408 2838 1609 2907 scripta
1638 2846 1763 2893 sunt
1790 2837 1841 2889 iu
1872 2837 2011 2891 Exo-

448 2931 542 2996 do,
567 2932 654 2985 ubi
678 2932 922 2999 angelus,
943 2941 1230 2998 antequam
1252 2930 1478 2984 Eleazar
1502 2930 2008 2993 circumcideretur,

452 3024 556 3075 vim
576 3022 774 3076 inferre
794 3022 956 3093 Moysi
972 3024 1440 3092 legiturpotuisse.
1461 3022 1732 3075 nihilvero
1747 3021 2009 3089 potuisse,

453 3112 541 3165 illo
566 3114 965 3167 circumciso".
986 3113 1116 3179 Quae
1154 3127 1239 3167 res
1261 3128 1381 3165 eum
1406 3111 1703 3180 Sephoram
1737 3127 1842 3165 non
1864 3112 2013 3179 tnge-

453 3212 554 3265 ret,
589 3212 812 3269 accepto
845 3203 1020 3272 lapide
1051 3203 1221 3256 lilium
1257 3218 1411 3256 suum
1440 3201 1807 3266 circumcidit,
1841 3201 2008 3255 dixit-

452 3307 556 3361 que
577 3294 868 3347 sccuudum
888 3293 1103 3365 vulgata
1119 3293 1333 3363 quidem
1350 3292 1681 3363 exeutplaria
1707 3310 1756 3348 τε
1778 3291 2010 3363 Sanguis

531 3384 579 3415 "
621 3384 817 3441 Gencs.
848 3401 978 3453 xvu,
1008 3387 1097 3441 26.
1177 3387 1223 3420 δ’
1262 3386 1433 3442 Exod.
1463 3401 1534 3451 tv,
1565 3387 1659 3455 24,
1684 3386 1774 3442 25.

455 3476 756 3539 Plutarcb.,
800 3477 893 3531 lib.
921 3494 996 3538 tv,
1033 3493 1154 3546 cap.
1190 3478 1249 3544 4,
1300 3477 1374 3533 De
1409 3478 1617 3546 placitis
1662 3476 1957 3545 philosoph.
1996 3496 2013 3533 :

465 3547 783 3630 Ἐπίξιουρος
812 3547 1010 3631 διμερῆ
1039 3547 1352 3671 τᾘνῆψυχὶὲν,
1374 3547 1435 3600 τὸ
1466 3548 1563 3618 μὲν
1601 3547 1816 3614 λογικὸν
1866 3548 2020 3619 ἐχουα

465 3633 556 3669 σαν
586 3632 644 3669 εν
664 3634 743 3671 τω
770 3617 977 3671 θωρακι
1008 3635 1078 3671 κα
1117 3635 1277 3671 ιοουυ.
1308 3635 1417 3671 νον.
1458 3617 1519 3671 τὸ
1558 3617 1615 3670 δὲ
1658 3616 1849 3671 ἄλογον
1896 3619 2019 3671 καθ’

456 3633 556 3689 σαν
586 3619 644 3669 ἐν
664 3616 743 3689 τῷ
770 3616 977 3689 θῴρακι
1000 3616 1417 3689 καθιδρυμένον,
1458 3616 1519 3671 τὸ
1558 3617 1617 3689 δε
1658 3616 1849 3684 άλογον
1890 3616 2019 3689 ῥέαίν

452 3686 604 3758 ὅλην
630 3686 729 3757 τὴν
785 3686 1067 3758 σύγκρισιν
1116 3686 1211 3742 τοῦ
1240 3686 1250 3689 ⁷
1280 3686 1528 3758 σώματος
1598 3687 2015 3758 διεσπαρμένον.

460 3775 481 3805 ς
511 3756 775 3826 Epicurus
816 3756 1169 3813 bitttetttbt‘em
1220 3756 1621 3812 facitrattitttatn
1650 3794 1666 3820 ,
1697 3756 1852 3823 cujus
1891 3772 2018 3826 pars

457 3825 687 3884 rationis
724 3840 947 3894 compos
1002 3828 1053 3879 in
1090 3835 1315 3892 pectore
1350 3827 1455 3879 sita
1485 3827 1574 3893 sit,
1609 3827 1763 3880 bruta
1802 3825 1899 3892 per
1930 3834 2015 3883 to-

461 3902 569 3946 tam
600 3893 863 3959 corporis
879 3895 1277 3949 concretionem
1312 3894 1525 3949 diﬂ‘usa.
1574 3911 1596 3947 ι
1623 3896 1886 3950 SPERCER.

529 3961 643 4031 (89)
672 3962 818 4027 Τοὺς
843 3962 961 4017 ἀπὸ
984 3963 1094 4031 τῆς
1127 3960 1334 4029 Στοᾶς.
1382 3963 1632 4027 Tertull.,
1680 3978 1798 4032 cap.
1835 3963 1902 4019 l4
1941 3963 2022 4020 De

456 4037 636 4087 animo
666 4047 684 4085 :
718 4049 737 4082 ι
781 4033 1044 4086 Dividitur
1074 4043 1249 4101 autem
1284 4035 1335 4085 in
1366 4042 1545 4101 partes
1571 4046 1714 4087 nunc
1744 4034 1795 4085 in
1824 4035 1958 4089 duas
1987 4050 2019 4087 a

461 4102 720 4169 Platone;
747 4116 888 4155 nunc
916 4102 966 4154 in
994 4111 1101 4155 tres
1136 4116 1163 4152 a
1200 4100 1447 4164 Zenone;
1486 4116 1627 4171 nunc
1674 4102 1725 4155 iu
1760 4102 2017 4171 quinque,

457 4184 513 4227 et
536 4174 588 4224 in
610 4187 705 4225 sex
738 4189 765 4223 ιι
798 4172 1071 4236 Panzntio;
1097 4171 1149 4223 itt
1180 4181 1384 4238 septem
1421 4186 1449 4222 a
1499 4170 1742 4235 Sorano;
1769 4170 1934 4225 etiam
1968 4172 2020 4226 in

458 4252 789 4313 octohpenes
829 4241 1232 4313 Chrysippum;
1282 4240 1447 4313 etiam
1500 4240 1557 4294 itt
1610 4255 1801 4313 novem
1854 4254 2022 4313 penes

459 4310 1078 4380 Apollophancmfsed
1125 4310 1271 4365 etin
1318 4310 1512 4380 decem
1554 4310 1708 4380 apud
1762 4310 2021 4380 quosdam

460 4379 769 4436 Stoicorum
792 4422 805 4443 ,
836 4384 965 4435 etin
1007 4382 1139 4437 duas
1165 4379 1397 4449 amplius
1427 4379 1566 4449 apud
1622 4379 2023 4443 Possidonium,

460 4397 769 4436 atotcorum
792 4422 805 4443 ,
836 4397 892 4435 et
915 4397 965 4434 tn
1007 4397 1139 4437 uuzis
1165 4397 1248 4434 am
1293 4397 1397 4434 ttus
1427 4397 1566 4449 apud
1622 4397 2023 4443 rosstaontum,

460 4452 552 4519 qui
583 4468 610 4503 ιι
644 4452 856 4505 duobus
883 4464 1107 4505 exorsus
1155 4397 1344 4511 tituiis.
1375 4449 1849 4519 principaliquod
1873 4449 2025 4501 aiunt

460 4516 807 4591 ἡγεμονικόν,
835 4532 889 4591 et
918 4537 957 4591 a7
981 4521 1251 4585 rationali,
1278 4516 1628 4591 quodniunt
1670 4516 1909 4591 λογιπον,
1968 4519 2021 4571 in

462 4587 744 4659 duodecim
795 4589 993 4659 exinde
1041 4587 1333 4659 prosecuit.
1372 4607 1392 4641 ι
1445 4588 1746 4659 Plutarch.,
1796 4587 1889 4659 lib.
1944 4602 2021 4649 ιν,

463 4672 584 4724 Cap.
611 4658 664 4722 4,
697 4658 771 4713 De
797 4658 1000 4726 placitis
1042 4656 1228 4726 philos.
1269 4657 1532 4712 SPENCER.
1583 4656 1783 4726 ibidem
1833 4656 2027 4726 ἀρνου-

468 4727 743 4795 μένους,ει
771 4725 930 4795 paulo
960 4725 1079 4797 post
1102 4769 1119 4794 ,
1145 4727 1452 4797 φάσκοντας
1486 4735 1635 4797 recte
1666 4725 2022 4797 habeteodex

464 4793 704 4849 Julianus
748 4793 815 4850 ex
849 4793 1204 4854 correctione.
1235 4796 1362 4853 Haec
1395 4796 1553 4866 apud
1577 4793 1939 4866 liteschclium
1971 4802 2026 4847 cl

468 4865 802 4933 Spcncerum
834 4867 1005 4933 posita
1040 4866 1254 4922 fuerant
1285 4869 1337 4920 in
1391 4862 1649 4933 genitivo,
1681 4862 2027 4933 ἀρνουμένων

467 4931 522 5004 et
579 4931 934 5004 φασκόντων,
992 4946 1208 5003 propter
1254 4931 1586 5004 sequentia,
1630 4931 2021 5004 ὑπομένοντος,

467 5002 810 5072 αἱρουμένου,
850 5002 1167 5069 φάσκοντος,
1198 5002 1453 5065 θῑο.,“εοι1
1487 5002 1645 5064 male,
1676 5017 1819 5072 naut
1843 5002 2027 5072 dispar

468 5068 550 5125 est
578 5068 734 5155 t'a;t_i't)..
767 5068 889 5155 ιιιρρ
912 5071 1279 5155 τρητριμερές.
1311 5072 1484 5155 Plato,
1515 5072 1553 5126 Ι.
1584 5085 1636 5125 ιν
1686 5068 2024 5155 galliam-lib,

469 5156 593 5210 pag.
616 5140 743 5203 456,
777 5140 917 5208 459;
953 5140 1045 5195 lib;
1075 5140 1128 5195 ix
1167 5140 1263 5197 'De
1292 5144 1516 5212 republ.,
1561 5154 1682 5211 pag.
1715 5140 1840 5205 580,
1889 5140 2023 5205 581;

471 5211 524 5281 in
551 5210 945 5281 l’ltwdro.ipag.
972 5212 1115 5278 246;
1171 5211 1476 5281 Plutarchi"
1505 5213 1558 5264 itt
1600 5208 1802 5272 Qua’sl.
1853 5207 2022 5281 Plat._.

468 5280 740 5351 Clemens,
778 5279 973 5351 Strom.
1013 5294 1063 5347 ν,
1097 5297 1217 5351 pag.
1259 5280 1390 5351 572;
1421 5280 1774 5351 'llteodoret.,
1801 5279 2027 5351 scrtu.5,

471 5350 547 5402 De
587 5361 776 5403 natura
825 5347 1265 5414 Itumint'sfl’ltilo
1325 5350 1463 5405 ιιι)το
1517 5348 1595 5401 De
1659 5347 2024 5414 agricullutu;

472 5417 726 5483 Tertull.,
760 5434 880 5487 cap.
920 5421 983 5473 leti
1014 5421 1088 5474 De
1123 5423 1320 5473 anima.

541 5489 653 5557 (90)
693 5484 841 5552 Τοὺς(
865 5489 980 5542 ἀπὸ
1019 5490 1354 5554 Πλάτωνος.
1387 5486 1522 5543 Vide
1551 5486 1828 5543 Platonem
1860 5484 1951 5538 lib.
1974 5498 2025 5537 tv

470 5556 549 5610 De
578 5562 798 5626 republ.,
823 5574 945 5627 pag.
974 5559 1098 5621 440,
1121 5563 1246 5624 ιιι,
1282 5560 1408 5615 442.
1444 5557 1571 5613 445.

543 5628 1021 5696 (91)Ἐπι)ιούρου
1042 5630 1302 5697 ἀνδρεία.
1326 5629 1488 5693 'l‘nll.,
1510 5627 1772 5682 'l'usculan
1835 5632 2021 5697 quast.

475 5692 572 5749 lib.
608 5692 677 5750 v':
719 5717 735 5747 ι
770 5692 1080 5767 fletumque
1126 5692 1224 5755 hoc
1259 5704 1322 5755 de
1356 5701 1629 5769 Voluptate
1679 5698 1755 5753 sic
1805 5692 1894 5751 ille
1946 5692 2022 5764 (td

2040 3081 2082 3140 C

1914 271 2237 328 ORIGENIS

3546 276 3707 333 1⁸256

2103 388 2229 452 τοὺς
2270 389 2377 443 ἀπὸ
2423 389 2522 459 τῆς
2562 391 2727 453 Στοᾶς
2761 390 2895 461 (89).
2942 391 3301 460 ἀρνουμένους
3345 389 3408 442 τὸ
3434 392 3705 460 τριμερὲς

2104 479 2204 549 τῆς
2242 479 2437 550 ψυχῆς,
2486 479 2618 549 άλλη
2659 480 2715 533 δὲ
2757 480 2897 532 κατά
2939 482 3065 543 τοὺς
3108 481 3216 533 ἀπὸ
3257 480 3542 544 Πλάτωνος
3577 482 3702 558 (90)

2109 570 2448 640 ἰδιοπραγίαν
2472 570 2580 623 τῶν
2615 570 2795 641 μερῶν
2842 570 2943 641 τῆς
2986 572 3166 640 ψυχῆς
3210 572 3517 640 φάσκοντας
3548 569 3697 629 εἶναι

2104 662 2205 731 τὴν
2231 662 2593 732 δικαιοσύνην.
2622 660 2779 714 Οὕτω
2808 660 2865 713 δὲ
2894 662 2987 715 καὶ
3018 662 3150 733 ἄλλη
3181 663 3276 731 μὲν
3300 666 3333 734 ἡ
3367 662 3695 735 Ἐπικούρου

2106 750 2321 821 ἀνδρεία
2356 751 2488 822 (9t),
2515 752 2875 822 ὑπομένοντος
2922 752 3114 816 πόνους
3151 752 3242 807 διά
3287 755 3465 825 φυγὴν
3514 757 3696 809 πόνων

2108 841 2364 897 πλειόνων
2381 860 2394 874 '
2424 843 2557 915 ἄλλη
2583 844 2628 897 δ’
2652 846 2685 912 ἡ
2708 842 2801 896 τοῦ
2831 844 2937 896 ἀπὸ
2960 842 3060 912 τῆς
3089 844 3274 908 Στοᾶς,
3298 844 3362 897 δι’
3386 846 3555 915 αὐτὴν
3578 847 3693 918 (99.)

2106 933 2427 1004 αἱρουμένου
2471 935 2650 987 πᾶσαν
2683 934 2918 1005 ἀρετήν·
2971 934 3104 1005 άλλη
3136 935 3195 988 δὲ
3234 937 3268 1005 ὴ
3310 936 3419 988 ἀπὸ
3466 937 3696 989 Πλάτω-

2106 1042 2195 1089 νος
2222 1027 2355 1093 (95),
2396 1026 2490 1080 τοῦ
2528 1026 2758 1096 Ουμικοῦ
2810 1026 3007 1098 μέρους
3044 1027 3146 1097 τῆς
3190 1028 3365 1099 ψυχῆς
3390 1028 3693 1097 φάσκοντος

2107 1116 2237 1169 αὐτὸ
2269 1116 2377 1186 (94)
2410 1111 2548 1169 εἶναι
2598 1116 2819 1188 ἀρετὴν,
2851 1119 2944 1170 καὶ
2985 1120 3382 1182 ἀποτάσσοντος
3429 1123 3566 1192 αὐτῇ
3605 1124 3692 1175 τό·

2109 1223 2208 1258 πον
2236 1206 2327 1259 τον
2360 1208 2489 1277 περὶ
2533 1205 2625 1260 τὸν
2668 1205 2910 1278 θώρακα.
2944 1207 3100 1261 Οὕτω
3136 1208 3184 1261 δ’
3223 1211 3311 1277 εἴη
3349 1210 3414 1263 ἂν
3444 1213 3584 1265 κατά
3624 1214 3693 1266 τὰ

2106 1296 2337 1368 διάφορα
2386 1298 2493 1351 τῶν
2546 1299 3018 1369 περιτεμνομένων
3070 1300 3312 1370 δόγματα
3355 1302 3606 1372 διάφορος
3655 1308 3689 1374 ἡ

2109 1390 2408 1460 περιτομή·
2469 1390 2598 1459 περὶ
2654 1386 2724 1461 ἧς
2772 1390 2830 1441 ὲν
2878 1390 3100 1462 τοιούτῳ
3145 1391 3534 1467 συγγράμματι
3586 1397 3689 1447 οὐκ

2108 1479 2402 1548 ἀναγκαῖον
2431 1479 2523 1532 νῦν
2551 1479 2746 1547 λέγειν.
2780 1482 2925 1551 Ὅτῳ
2957 1481 3065 1552 γὰρ
3096 1481 3245 1548 φίλον
3279 1483 3403 1536 ἰδεῖν
3438 1484 3506 1537 τὰ
3538 1487 3688 1555 κινή-

2112 1587 2276 1623 σαντα
2306 1571 2452 1641 ἡμᾶς
2480 1572 2560 1634 είς
2590 1572 2682 1624 τὸν
2713 1572 2897 1634 τόπον,
2942 1573 3235 1641 ἀναγνώτω
3266 1591 3330 1625 πε
3341 1576 3393 1644 pi.
3425 1576 3587 1628 αὐτοῦ
3629 1578 3689 1628 ἐν

2111 1664 2220 1725 τοῖς
2254 1664 2335 1724 είς
2364 1662 2466 1732 τὴν
2511 1661 2662 1729 πρὸς
2701 1663 3024 1731 Ῥωμαίους
3067 1664 3434 1733 Ἐπιστολὴν
3472 1666 3688 1719 Παύλου

2049 1739 2091 1794 Β
2121 1752 2619 1824 πραγματευθεῖσιν
2647 1754 2797 1823 ἡμῖν.

2184 1845 2302 1898 Κᾶν
2352 1845 2719 1916 σεμνύνωνται
2760 1844 2939 1898 τοίνυν
3001 1844 3240 1898 Ἰουδαῖοι
3288 1848 3353 1916 τῇ
3401 1848 3689 1917 περιτομῇ,

2113 1935 2434 2006 χωρίσουσιν
2471 1935 2639 2006 αὐτὴν
2666 1935 2727 1988 οὐ
2762 1936 2919 2005 μόνον
2949 1934 3049 2004 τῆς
3075 1934 3188 1988 τῶν
3223 1936 3444 2006 Κόλχων
3479 1938 3572 1990 καὶ
3598 1940 3689 1989 Λί-

2112 2025 2353 2093 γυπτίων
2375 2024 2694 2095 περιτομῆς,
2722 2023 2857 2079 ἀλλά
2887 2024 3100 2093 καὶτῆς
3138 2025 3491 2095 Ἰσμαηλιτῶν
3530 2026 3686 2096 Ἀρά-

2112 2113 2241 2179 ϐων,
2272 2113 2515 2183 καίτοιγε
2560 2112 2666 2167 ἀπὸ
2724 2113 2818 2167 τοῦ
2863 2114 3175 2186 προπάτρος
3226 2115 3400 2169 αὐτῶν
3442 2116 3690 2186 Ἀϐρααμ

2111 2205 2203 2258 τοῦ
2244 2203 2465 2276 ’ῐσμαὴλ
2485 2204 2870 2274 γεγενημένου,
2900 2207 2991 2257 καὶ
3014 2207 3109 2259 σὺν
3153 2205 3343 2277 ἐκείνῳ
3375 2223 3689 2277 περιτεμνο-

2116 2297 2296 2369 μένου.
2324 2296 2555 2365 Λέγουσι
2583 2295 2640 2348 δὲ
2676 2295 2914 2348 Ἰουδαῖοι
2935 2296 3035 2366 τὴν
3061 2296 3159 2366 μὲν
3180 2298 3516 2367 ὀκταήμερον
3538 2315 3688 2369 περι-

2111 2389 2282 2460 τομὴν
2304 2382 2441 2441 εἶναι
2470 2388 2571 2457 τὴν
2597 2386 3031 2458 προηγουμένην,
3050 2385 3148 2457 τὴν
3172 2388 3229 2440 δὲ
3250 2388 3325 2457 μὴ
3342 2388 3596 2459 τοιαύτην
3625 2392 3689 2443 ὲκ

2114 2480 2501 2550 περιστάσεως·
2527 2478 2620 2531 καὶ
2638 2477 2777 2547 τάχα
2797 2476 2887 2530 διά
2904 2493 3025 2529 τινα
3051 2476 3307 2547 πολέμιον
3327 2478 3403 2548 τῷ
3428 2479 3686 2533 Ἰουδαίων

2116 2568 2259 2622 ἔθνει
2288 2568 2516 2638 ἄγγελον
2547 2568 2683 2639 αὑτὴ
2708 2567 2959 2633 ἐτελεῖτο,
2994 2568 3287 2639 δυνάμενον
3329 2572 3426 2641 μὲν
3455 2572 3687 2626 σίνεσθαι

2114 2662 2238 2724 τοὺς
2262 2660 2335 2731 μὴ
2364 2657 2854 2731 περι-τεμνομένους
2883 2660 3083 2724 αὐτῶν,
3110 2661 3401 2715 ἀτονοῦντα
3430 2662 3487 2717 δὲ
3507 2664 3563 2716 ὲν
3580 2665 3685 2726 τοῖς

2116 2750 2607 2823 περιτεμνομένοις.
2634 2750 2810 2820 Ὅπερ
2833 2752 2994 2819 φήσει
3039 2768 3123 2815 τις
3162 2750 3448 2822 δηλοῦσθαι
3486 2756 3548 2807 ἐκ
3582 2755 3686 2807 τῶν

2117 2843 2174 2894 ὲν
2202 2844 2269 2912 τῇ
2303 2839 2497 2911 Ἐξὸδῳ
2523 2840 2949 2911 γεγραμμένωνο
2974 2843 3030 2894 ἐν
3052 2836 3130 2905 οἷς
3157 2844 3185 2895 ὁ
3211 2842 3438 2911 ἄγγελος
3460 2845 3562 2914 πρὸ
3589 2845 3685 2913 μὲν

2115 2933 2215 3003 τῆς
2258 2933 2558 3003 περιτομῆς
2598 2932 2693 2986 τοῦ
2735 2930 2987 3003 Ἐλιάζαρ
3022 2933 3155 3003 (95),
3190 2934 3424 3004 ἐνεργεῖν
3470 2933 3685 2987 ἐδύνατο

2116 3025 2257 3078 κατᾶ
2274 3025 2568 3088 Μωΰσέως,
2590 3023 3015 3095 περιτμηοέντος
3040 3025 3084 3077 δ’
3105 3024 3290 3099 αὐτοῦ,
3308 3025 3454 3077 οὐδὲν
3477 3024 3682 3093 ἴσχυσε.

2116 3117 2224 3170 Καὶ
2251 3114 2475 3168 τοιαῦτά
2498 3132 2563 3183 γε
2602 3115 2847 3186 μαθοῦσα
2876 3116 2909 3184 ἡ
2939 3114 3208 3185 Σεπφώρα
3242 3115 3481 3169 λαϐοῦσα
3493 3114 3684 3185 ψῆφον,

2114 3206 2406 3277 περιέτεμε
2426 3204 2485 3257 τὸ
2501 3206 2705 3259 παιδίον
2734 3206 2949 3276 ἑαυτῆς·
2981 3207 3121 3259 κατὰ
3150 3208 3249 3277 μὲν
3287 3208 3356 3261 τά
3393 3208 3545 3262 κοινά
3584 3210 3687 3261 τῶν

2115 3295 2460 3367 ἀντιγράφων
2479 3297 2653 3366 λέγειν
2673 3300 3134 3370 ἀναγεγραμμένη
3151 3299 3232 3363 τὸ,
3252 3319 3270 3351 ι
3294 3302 3462 3371 Ἐστη
3482 3300 3542 3353 τὸ
3557 3294 3687 3369 αἷμα

2124 3492 2200 3534 est
2228 3480 2520 3551 Epicurus)
2549 3482 2830 3551 praecepit,
2849 3488 2907 3535 ut
2934 3482 3260 3550 voluptatem
3290 3482 3459 3551 ipsam
3493 3497 3589 3551 per
3608 3499 3686 3545 se,

2123 3551 2249 3618 quia
2280 3550 2524 3621 voluptas
2546 3550 2635 3611 sit,
2660 3565 2880 3618 semper
2902 3556 3191 3617 optandam
3225 3550 3686 3621 expeteudamque

2125 3629 2299 3689 putet,
2335 3637 2355 3689 :_
2406 3620 2706 3686 eademque
2762 3620 2974 3674 ratione
3003 3621 3254 3689 dolorem
3306 3622 3375 3674 ob
3403 3622 3453 3673 id
3493 3620 3682 3689 ipsum,

2119 3690 2249 3755 quia
2272 3686 2426 3742 dolor
2453 3691 2545 3752 sit,
2587 3703 2802 3757 semper
2839 3702 2959 3742 esse
2993 3686 3326 3757 fugiendum.
3373 3686 3559 3756 Itaque
3590 3692 3686 3744 bac

2123 3772 2346 3827 usurum
2378 3760 2825 3827 compensatione
2879 3757 3215 3827 sapientein,
3253 3768 3309 3811 ut
3359 3759 3677 3827 voluptatem

2122 3825 2317 3895 fugiat,
2349 3825 2396 3879 si
2423 3839 2487 3879 ea
2512 3825 2780 3895 majorem
2807 3827 3045 3895 dolorem
3082 3825 3337 3880 elfectura
3368 3825 3565 3889 sit,‘et
3594 3831 3684 3883 do-

2122 3896 2288 4020 ἕποιο
2324 3894 2585 3964 suspiciat
2632 3894 2889 3963 majorem
2916 3894 3235 3951 eﬂicientetu
3265 3896 3617 3966 voluptatem.
3660 3917 3679 3950 ι

2164 3980 2382 4020 rescae.

2164 3980 2382 4020 PENCEB.

2190 4033 2304 4105 (99.)
2332 4033 2410 4105 Δι’
2435 4032 2648 4105 αὐτήν.
2680 4033 2901 4105 Dubitat
2942 4031 3179 4105 _Gu_ietus
3228 4046 3403 4105 annon
3434 4033 3687 4105 scriben-

2127 4101 2254 4174 dum
2286 4101 2393 4174 'sit
2432 4103 2499 4156 δι’
2542 4105 2730 4174 αρτῆς.
2782 4102 2980 4174 Mavult
3016 4101 3331 4174 Bolnft'ellus
3379 4102 3447 4155 δι’
3496 4103 3679 4174 αὐτὴν.

2131 4173 2360 4237 Seneca,
2386 4173 2529 4227 libro
2560 4173 2636 4227 De
2662 4171 2763 4226 uita
2796 4173 2968 4236 beata,
2996 4186 3116 4239 cap.
3142 4172 3174 4226 9
3203 4190 3218 4227 :
3249 4192 3267 4222 c
3304 4171 3486 4240 Itaque
3513 4171 3680 4237 erras,

2129 4257 2253 4296 cum
2282 4242 2585 4311 interrogas
2613 4262 2625 4296 :
2659 4242 2793 4307 Quid
2828 4246 2897 4295 sit
2924 4241 3072 4304 illud,
3102 4253 3318 4311 propter
3350 4242 3493 4309 quod
3520 4243 3683 4294 Virtu-

2130 4322 2237 4366 tem
2274 4311 2487 4380 petant?
2519 4314 2727 4377 Quaeris
2778 4312 2921 4363 enim
2964 4311 3164 4378 aliquid
3212 4326 3371 4377 supra
3395 4326 3681 4380 summum.

2130 4378 2495 4461 Interrogas;
2531 4382 2667 4461 Quid
2704 4391 2881 4461 petam
2914 4389 3066 4460 extra
3120 4378 3418 4461 virtutem?
3460 4380 3636 4461 ipsam
3665 4399 3678 4433 :

2131 4449 2429 4504 nihilenim
2462 4450 2621 4504 habet
2656 4450 2878 4512 melius;
2926 4451 3037 4516 ipsa
3090 4449 3471 4517 pretiutnisui
3518 4457 3620 4503 est.
3658 4468 3676 4501 ι

2125 4518 2292 4582 Τυιι.,
2328 4520 2419 4572 lib.
2458 4533 2487 4571 ν
2512 4519 2588 4572 De
2617 4518 2807 4586 ﬁnibus
2833 4534 2852 4570 :
2907 4536 2925 4568 ι
2961 4516 3103 4582 Quia
3123 4532 3245 4571 cum
3277 4534 3306 4570 a
3335 4516 3569 4579 Zenone,
3607 4519 3682 4570 in-

2124 4603 2308 4657 quam,
2343 4589 2445 4642 hoc
2473 4589 2755 4656 magniﬁce
2786 4597 3037 4656 tauquam
3070 4603 3133 4657 ex
3182 4586 3409 4641 oraculo
3456 4586 3635 4641 editur
3666 4602 3680 4640 :

2136 4656 2352 4711 tVirtus
2376 4658 2445 4713 ad
2490 4659 2645 4712 beate
2676 4658 2961 4710 vivendum
3005 4656 3181 4725 seipsa
3236 4665 3487 4711 contenta
3521 4665 3625 4710 est.
3660 4674 3678 4707 ι

2126 4729 2388 4779 bpsucsn.

2196 4796 2307 4862 (95)
2348 4796 2407 4850 Ἡ
2428 4795 2547 4849 ἀπὸ
2572 4792 2891 4862 Πλάτωνος
2933 4792 3066 4848 Vide
3084 4793 3362 4849 Platonem
3386 4793 3437 4846 in
3469 4792 3679 4857 Timmo,

2126 4861 2248 4932 pag.
2272 4863 2361 4926 69,
2390 4864 2477 4918 70.
2506 4863 2672 4927 TulL,
2710 4861 2997 4917 Tusculan.
3022 4871 3210 4932 quwst.
3241 4863 3338 4917 lib.
3368 4876 3385 4915 ι
3419 4880 3437 4932 :_
3503 4881 3521 4914 ι
3556 4864 3680 4928 Ejus

2124 4930 2314 4986 doctor
2341 4934 2495 4988 Plato
2528 4933 2794 4999 triplicem
2836 4933 2993 4987 ﬁnxit
3035 4930 3323 5001 animam;
3355 4930 3508 4998 cujus
3538 4934 3681 5001 prin-

2127 5003 2389 5069 cipatum,
2423 5003 2475 5057 id
2512 5010 2597 5056 est
2626 5001 2912 5064 rationem,
2948 5001 3001 5055 in
3036 4999 3250 5068 capite,
3272 5001 3423 5069 ,sicut
3456 5001 3509 5053 in
3537 4999 3676 5058 arce.

2130 5068 2337 5140 posuit;
2377 5081 2433 5125 et
2478 5076 2614 5125 duas
2658 5080 2841 5140 partes
2874 5084 3149 5140 (separare
3199 5068 3387 5140 voluit,
3443 5070 3602 5129 iram,
3635 5078 3683 5120 ct

2124 5138 2500 5209 cupiditatem;
2529 5138 2669 5209 quas
2694 5139 2825 5192 locis
2854 5138 3104 5209 disclusit
3141 5156 3155 5192 :
3191 5140 3326 5192 iratn
3361 5139 3414 5209 in
3448 5147 3680 5205 pectore,

2125 5207 2471 5277 cupiditatem
2509 5207 2697 5261 subter
2727 5209 3017 5277 praecordia
3047 5208 3264 5262 locavit.
3297 5225 3316 5258 ι
3358 5207 3621 5262 διιειιςιειι.

2196 5274 2853 5347 ιθιωοταιιυιωωιηω
2890 5278 3038 5347 legit,
3094 5278 3284 5347 αὐτήν,
3340 5292 3531 5346 nempe
3591 5274 3682 5346 τὴν

2125 5346 2401 5417 ἀνδρείαν,
2436 5358 2551 5417 uti!
2576 5364 2645 5400 οι
2682 5346 2910 5417 habetur
2941 5349 2992 5400 in
3020 5346 3149 5417 libb.
3184 5346 3370 5417 editis.

2197 5413 2311 5487 (95)
2346 5415 2634 5487 Ἔλιάζαρ.
2695 5416 2857 5487 Cave,
2884 5416 3076 5487 inquit
3102 5413 3684 5487 BOIICI‘CUUSLCOQTUIP

2127 5485 2221 5541 das
2246 5485 2367 5539 com
2387 5486 2648 5539 Eleazare
2700 5486 2789 5553 qui
2818 5486 2958 5541 ﬁlius
2990 5485 3091 5538 fuit
3115 5486 3348 5540 Aaronis
3367 5524 3382 5547 .
3414 5485 3585 5540 Exod.
3610 5498 3680 5553 vt,

2126 5555 2216 5609 95.
2276 5555 2374 5608 llic
2425 5554 2624 5624 Moysis
2669 5550 2813 5611 ﬁlius
2860 5564 3000 5624 erat,
3052 5553 3224 5610 Exod.
3276 5569 3433 5622 xv'ttt,
3468 5554 3525 5623 4,
3581 5550 3681 5609 etl

2127 5626 2323 5680 Chron.
2351 5640 2506 5690 χχιιι,
2546 5624 2627 5679 15.
