3990 6158
266 291 404 347 1257

1472 291 1752 347 CONTRA
1786 291 2062 350 CELSUM
2103 293 2230 348 LIB.
2274 293 2334 346 ν.

3411 299 3544 355 1238

261 411 364 481 τῆς
384 412 686 484 περιτομῆς
710 410 805 466 τοῦ
827 410 1037 465 παιδίου
1064 426 1188 482 μουο
1217 429 1234 462 ι
1257 408 1399 464 κατὰ
1417 410 1474 462 δὲ
1499 411 1561 464 τὸ
1589 412 1845 484 Ἑϐραῖκὺ

1980 415 2412 471 circumcisionis
2441 415 2534 470 ﬁlii
2567 415 2670 470 mei
2707 416 2891 485 stetit;
2930 437 2949 471 ι
2982 419 3278 473 secundum
3313 417 3546 473 llebrai-

261 503 591 582 6616(95‘)‘
638 521 656 556 ‹
683 502 939 574 Νυμφίος
974 502 1220 573 αἱμάτων
1255 501 1318 555 σύ
1362 520 1469 572 μοι.
1515 522 1532 555 ι
1567 503 1719 575 ᾜδει
1754 504 1861 574 γὰρ

264 599 358 650 τὸν
389 595 521 667 περὶ
550 598 644 652 τοῦ
670 594 868 648 τοιουδί
912 594 1146 663 ἀγγέλου
1183 592 1341 662 λόγον
1367 631 1379 657 ,
1420 593 1722 664 δυναμένου
1757 595 1869 667 πρὸ

262 687 360 740 τοῦ
397 687 622 757 αἵματος
643 727 660 752 ,
701 687 798 741 καὶ
837 686 1148 757 παυομένου
1199 685 1288 740 διά
1319 685 1378 738 τὸ
1425 686 1524 756 τῆς
1557 685 1860 757 περιτομῆς

261 774 428 848 αἷμαο
448 780 534 848 ἐφ’
545 771 589 846 ᾧ
602 777 698 831 καὶ
716 776 910 848 ἐλέχθη
931 776 1081 847 αὐτῷ
1097 776 1207 848 (96)
1222 777 1336 831 τὸοι
1347 778 1427 830 Νυ
1437 777 1596 848 μφίος
1611 775 1859 847 αἱμάτων

266 869 332 922 σύ
372 887 485 941 μοι.
517 889 536 922 ι
593 870 754 923 Ἀλλά
785 869 958 924 ταῦτα
1002 871 1101 940 μὲν
1134 870 1532 942 περιεργότερά
1567 887 1685 932 πως
1720 865 1858 922 εῖναι

257 961 549 1027 δοκοῦντα,
585 963 680 1016 καὶ
699 963 761 1015 ού
787 962 928 1016 κατὰ
952 960 1050 1032 τὴν
1079 961 1188 1015 τῶν
1240 961 1450 1016 πολλῶν
1502 961 1672 1032 ἀκοὴν
1698 1001 1711 1025 ,
1753 979 1858 1014 πα-

264 1054 838 1125 ρακεκινδυνευμένως
899 1054 994 1107 ἐπὶ
1036 1052 1293 1108 τοσοῦτον
1344 1053 1597 1124 λελέχθω’
1649 1048 1730 1116 οἷς
1777 1052 1857 1106 ἔτι

262 1144 347 1209 ἓν,
369 1145 444 1209 ὡς
463 1146 771 1218 Χριστιανῷ
802 1147 1030 1219 πρέπον,
1057 1146 1336 1218 προσθεὶς,
1356 1147 1531 1201 ἐπὶτά
1547 1145 1671 1217 ἑξῆς
1695 1162 1858 1216 μετα-

259 1235 525 1307 ϐήσομαι.
567 1224 964 1308 Ἐδύνατο’γὰρ
986 1232 1161 1303 οὗτος,
1190 1233 1364 1307 οἶμαι,
1390 1238 1418 1290 6
1455 1236 1688 1305 ἄγγελος
1716 1235 1858 1290 κατὰ

257 1331 372 1383 τῶν
401 1329 475 1401 μὴ
510 1330 988 1402 περιτεμνομένων
1004 1329 1111 1383 ἀπὸ
1135 1327 1228 1382 τοῦ
1247 1327 1378 1384 λαοῦ
1397 1327 1664 1398 (96⁵),καὶ
1688 1326 1858 1392 ἀπαξ-

257 1421 459 1484 απλῶς
490 1421 707 1475 πάντων
737 1421 845 1474 τῶν
874 1420 1142 1474 σεϐόντων
1173 1419 1333 1490 μόνον
1373 1418 1463 1472 τὸν
1488 1418 1851 1490 Δημιουργόνο

254 1511 360 1564 καὶ
407 1511 500 1564 ἐπὶ
555 1509 810 1565 τοσοῦτόν
855 1528 920 1580 γε
965 1511 1223 1575 ἐδύνατο,
1259 1512 1383 1565 ὅσον
1431 1510 1532 1564 ούκ
1575 1511 1854 1582 ἀνειλήφει

255 1600 472 1672 σῶμαό
509 1599 739 1674 Ἰησοῦς·
828 1603 916 1656 ὅτε
951 1602 996 1655 δ’
1027 1602 1307 1674 ἀνείληφε,
1341 1603 1435 1655 καὶ
1464 1601 1852 1673 περιετέμνετο

249 1692 325 1746 τὸ
356 1693 564 1747 ἐκείνου
599 1693 778 1763 σῶμα,
809 1692 1093 1765 καθῃρέθη
1115 1695 1267 1747 πᾶσα.
1303 1696 1336 1765 ή
1371 1693 1515 1746 κατὰ
1555 1691 1662 1746 τῶν
1695 1695 1754 1746 ὲν
1783 1695 1848 1764 τῇ

1969 521 2094 561 cum
2121 521 2251 563 vero
2277 528 2288 562 :
2313 526 2331 558 ι
2364 505 2609 576 Sponsus
2636 508 2962 578 sanguinum
2992 509 3156 580 615
3187 519 3240 564 tu
3271 511 3402 565 mihi
3425 527 3559 567 es...

1969 597 2210 654 Noverat
2240 599 2387 656 enim
2433 599 2743 670 hujusmodi
2787 600 2937 654 iilum
2969 615 3089 656 esse
3127 602 3376 671 angelum
3401 643 3414 668 ,
3451 605 3542 672 qui

1967 690 2146 759 aliqua
2191 700 2375 760 posset
2417 699 2546 746 ante
2574 690 2801 747 eﬂ‘usum
2844 693 3198 762 sanguinem,
3256 694 3354 748 sed
3388 695 3546 763 cujus

1967 789 2215 850 potestas
2244 780 2685 836 circumcisionis
2711 780 2979 851 sanguine
3013 790 3390 837 coerceretur.
3424 784 3541 850 Qua

1967 871 2033 924 de
2055 885 2218 926 causa
2242 871 2384 924 dixit
2412 889 2426 925 :
2461 888 2481 921 ι
2514 869 2763 938 Sponsus
2785 872 3112 940 sanguinnm
3147 881 3202 926 tu
3234 875 3364 928 mihi
3403 889 3486 930 es.
3517 894 3538 928 ι

1967 957 2074 1014 Sed
2121 960 2234 1014 haec
2283 975 2404 1029 quae
2448 969 2503 1014 et
2548 959 2714 1029 paulo
2749 963 3052 1017 curiosiora
3102 963 3389 1029 videntur,
3445 982 3544 1023 nec

1966 1051 2108 1121 vulgi
2131 1052 2362 1107 auribus
2388 1052 2819 1114 accommodata,
2848 1055 3110 1110 hactenus
3133 1054 3319 1111 dicere
3353 1071 3540 1124 ausus,

1965 1157 2132 1197 unum
2166 1143 2435 1197 duntaxat
2465 1143 2682 1207 addam,
2716 1144 2864 1213 quod
2893 1143 3260 1200 Christianum
3287 1148 3463 1215 decet,
3486 1160 3544 1204 et

1963 1242 2154 1303 postea
2184 1233 2252 1288 ad
2287 1233 2497 1303 reliqua
2528 1249 2776 1304 pergam.
2827 1233 2956 1289 Mihi
3004 1236 3220 1291 videtur
3253 1239 3432 1308 aliqua
3475 1243 3545 1297 ii-

1965 1323 2072 1378 lius
2103 1323 2277 1394 angeli
2306 1322 2478 1379 fuisse
2497 1332 2740 1392 potestas
2771 1323 2822 1377 in
2851 1338 2947 1378 eos
2979 1337 3010 1378 e
3058 1322 3266 1381 Jndzeis
3305 1329 3397 1396 qui
3424 1330 3541 1383 cir-

1958 1417 2195 1472 cumcisi
2250 1431 2356 1472 non
2391 1415 2635 1482 fuerant,
2670 1424 2727 1470 et
2758 1416 2811 1470 in
2843 1430 3035 1471 omnes
3071 1419 3415 1488 generatim,
3445 1421 3539 1489 qui

1961 1509 2278 1565 Creatorem
2307 1510 2483 1566 solum
2511 1510 2860 1576 adorabant,
2909 1511 3086 1565 donec
3131 1508 3296 1567 Iesus
3341 1527 3541 1582 corpus

1960 1617 2070 1659 non
2101 1603 2428 1673 assumpsit;
2453 1603 2549 1658 sed
2576 1610 2863 1673 postquam
2912 1617 3116 1672 corpus
3159 1607 3434 1674 suscepit,
3463 1607 3542 1662 is-

1963 1695 2163 1765 tudque
2191 1709 2392 1764 corpus
2425 1695 2815 1750 circumcisum
2847 1702 2956 1761 est,
2995 1695 3154 1750 irrita
3182 1697 3330 1751 illius
3354 1699 3534 1767 angeli

252 1782 547 1854 θεοσεϐείᾳ
570 1783 744 1857 ταύτῃ
773 1801 841 1837 πε
852 1784 1256 1856 ριτεμνομένων
1279 1783 1389 1855 (97)
1415 1783 1645 1854 δύναμις
1671 1783 1845 1836 αὑτοῦ¹

1968 1785 2108 1840 facta
2137 1795 2221 1842 est
2270 1786 2512 1855 potentia
2549 1786 2602 1840 in
2648 1799 2742 1840 eos
2768 1786 2860 1855 qui
2904 1785 3149 1856 ejusdem
3198 1786 3296 1842 Dei
3329 1788 3538 1843 Cttltttm

253 1879 459 1949 ἀφάτῳ
486 1878 593 1950 γὰρ
628 1878 842 1949 θεότητι
887 1877 1136 1932 καθεῖλεν
1176 1880 1385 1932 ἐκεῖνον
1421 1878 1449 1930 6
1486 1874 1714 1949 Ἰησοῦς.
1757 1875 1852 1929 Διὸ

255 1973 378 2032 τοῖς
418 1969 686 2039 μαθηταῖς
732 1966 902 2023 αὐτοῦ
933 1970 1231 2041 ἀπείρηται.
1261 1967 1687 2041 περιτέμνεσθαι
1710 2007 1724 2033 ,
1758 1969 1852 2021 καὶ

254 2057 484 2126 λέγεται
513 2057 696 2121 αὐτοῖς
717 2097 734 2123 ,
767 2058 850 2111 ὅτι
872 2099 886 2122 ,
924 2075 942 2109 ι
989 2058 1113 2113 Ἐὰν
1151 2057 1552 2129 περιτέμνησθε
1575 2097 1589 2123 ,
1618 2057 1851 2127 Χριστὸς

255 2148 416 2201 οὐδὲν
438 2149 582 2219 ὑμᾶς
604 2147 897 2220 ὠφελήσει.
935 2165 953 2200 ι

345 2349 484 2405 Ἀλλ’
535 2349 655 2404 οὐδὲ
705 2349 798 2404 ἐπὶ
840 2349 919 2421 τῷ
965 2349 1106 2405 συῶν
1153 2348 1488 2421 ἀπέχεσθαι,
1524 2351 1600 2415 ὡς
1629 2349 1846 2421 μεγάλῳ

253 2443 387 2507 τινὶ,
433 2443 674 2495 Ἰουδαῖοι
711 2441 1086 2512 σεμνύνονται’
1123 2443 1214 2494 ἐπὶ
1253 2441 1310 2494 δὲ
1344 2440 1420 2512 τῷ
1454 2441 1552 2512 τὴν
1588 2440 1847 2513 καθαρῶν

255 2535 356 2589 καὶ
382 2533 705 2605 ἀκαθάρτων
745 2531 899 2596 ζώων
933 2531 1093 2599 φύσιν
1131 2531 1510 2602 μεμαθηκότες
1543 2531 1678 2602 (97‘)
1699 2571 1713 2595 ,
1755 2531 1849 2586 καὶ

252 2626 359 2695 τὴν
385 2625 575 2678 τούτου
609 2624 788 2678 αἰτίαν
819 2623 1136 2692 ἐγνωκέναι,
1164 2621 1369 2676 καὶτὸν
1397 2620 1494 2674 σῦν
1522 2624 1578 2674 ὲν
1605 2621 1850 2692 ἀκαθάρ-

252 2734 373 2781 τοις
405 2715 684 2786 τετάχθαι.
720 2717 829 2770 Καὶ
851 2715 1025 2770 ταῦτα
1047 2716 1104 2770 δὲ
1129 2715 1376 2785 σύμϐολά
1398 2731 1557 2768 τινων
1585 2709 1653 2784 ἦν
1687 2713 1848 2785 μέχρι

255 2809 361 2879 τῆς
395 2807 569 2879 Ἰησοῦ
595 2807 907 2878 ἐπιδημίας·
946 2807 1064 2878 μεθ’
1099 2805 1158 2860 δν
1194 2806 1306 2877 (98)
1329 2805 1408 2876 τῷ
1441 2805 1658 2878 μαθητῇ
1683 2805 1847 2860 αὐτοῦ

254 2901 530 2966 λέλεκται,
566 2901 790 2972 μηδέπω
824 2900 1033 2953 νοοῦντι
1058 2899 1150 2952 τὸν
1172 2899 1300 2969 περὶ
1319 2898 1525 2951 τούτων
1548 2898 1725 2966 λόγον,
1755 2899 1850 2951 καὶ

254 2992 542 3061 φάσκοντι,
580 3009 598 3043 ‹
633 2989 801 3044 Οὐδὲν
833 2990 1011 3044 κοινὸν
1051 2990 1084 3061 ἢ
1117 2989 1428 3062 ἀκάθαρτον
1475 2989 1724 3060 εἰσῆλθεν
1770 2993 1850 3053 είς

256 3085 320 3138 τὸ
352 3085 528 3154 στόμα
554 3101 677 3154 μου,
720 3102 739 3136 ι
778 3082 858 3147 τό,
888 3098 909 3133 ι
942 3082 1009 3133 Ἀ
1035 3081 1063 3134 6
1097 3081 1230 3145 Θεὸς
1263 3080 1559 3152 ἐκαθάρισε
1588 3079 1749 3149 (98“),
1783 3081 1846 3133 σὺ

261 3177 339 3248 μὴ
368 3177 569 3230 κοίνου.
595 3176 752 3230 »Ούτ⁹
772 3171 862 3230 οὖν
877 3174 1012 3245 πρὸς
1055 3173 1345 3237 Ἰουδαίους
1369 3171 1493 3226 οὔτε
1528 3172 1665 3243 πρὸς
1697 3173 1844 3242 ἡμᾶς

256 3271 375 3321 ἐστι
407 3267 470 3319 τὸ
494 3268 554 3319 οὐ
585 3268 740 3337 μόνον
769 3266 931 3328 συῶν,
957 3264 1092 3319 ἀλλά
1121 3264 1342 3336 προσέτι
1363 3264 1555 3333 αίγῶν,
1575 3263 1669 3317 καὶ
1693 3261 1840 3325 οἰῶν,

261 3358 357 3411 καὶ
386 3357 546 3427 βοῶν,
579 3358 672 3410 καὶ
703 3356 901 3426 ἰχθύων
927 3355 1222 3425 ἀπέχεσθαι
1253 3356 1379 3430 τοὺς
1419 3355 1730 3423 Αἰγυπτίων
1765 3354 1843 3405 ἱε-

257 3450 400 3519 ρεῖς.
430 3448 568 3501 Ἀλλ’
592 3448 712 3500 ἐπεὶ
736 3448 795 3500 οὐ
821 3447 886 3500 τὰ
903 3446 1260 3517 εἰσερχόμενα
1283 3448 1362 3508 είς
1395 3446 1455 3498 τὸ
1479 3446 1651 3516 στόμα
1675 3447 1847 3498 κοινοί

253 3539 351 3592 τὸν
379 3539 697 3612 ἄνθρωπον,
737 3541 832 3614 καὶ
867 3538 1060 3610 βρῶμα
1098 3541 1245 3610 ἡμᾶς
1277 3539 1336 3590 ού
1380 3540 1722 3608 παραστήσει
1768 3537 1845 3607 τῷ

254 3629 398 3700 Θεῷ·
432 3630 492 3683 ού
528 3629 669 3700 μέγα
710 3628 1014 3700 φρονοῦμεν
1045 3627 1118 3698 μὴ
1148 3626 1442 3688 ἐσθίοντες,
1471 3625 1580 3677 οὐδ’
1611 3623 1718 3676 ἀπὸ
1743 3640 1844 3692 γα-

257 3720 628 3792 στριμαργίας
657 3720 864 3791 ἥκομεν
898 3719 988 3771 ἐπὶ
1027 3717 1087 3770 τὸ
1117 3715 1336 3770 ἐσθίειν,
1372 3716 1604 3785 Διόπερ,
1641 3713 1701 3767 τὸ
1723 3714 1845 3766 ὅσον

255 3814 344 3881 ἐφ’
365 3815 518 3883 ἡμῖν,
543 3813 592 3866 οἱ
617 3811 727 3865 ἀπὸ
752 3809 1072 3881 Πυθαγόρου
1094 3849 1108 3876 ,
1147 3807 1405 3880 ἐμψύχων
1440 3807 1548 3874 (99)
1577 3806 1846 3876 ἀπεχόμε-

254 3924 364 3969 νοι,
395 3907 717 3978 χαιρόντων.
758 3905 900 3976 Ὅρα
931 3903 987 3956 δὲ
1009 3903 1103 3956 καὶ
1123 3901 1220 3971 τὴν
1247 3899 1509 3971 διαφορὰν
1540 3898 1632 3952 τοῦ
1664 3898 1836 3951 αἰτίου

254 3997 358 4068 τῆς
379 3997 486 4052 τῶν
503 3997 763 4068 ἐμψύχων
779 3996 992 4066 ἀποχῆς
1016 3995 1124 4048 τῶν
1144 3995 1252 4047 ἀπὸ
1280 3992 1372 4046 τοῦ
1399 3992 1717 4062 Πυθαγόρου
1745 3990 1840 4044 καὶ

251 4091 365 4147 τῶν
413 4092 469 4144 ἐν
501 4092 632 4161 ἡμῖν
661 4087 916 4160 ἀσκητῶν
948 4087 1046 4158 (1).
1089 4087 1316 4138 Ἐκεῖνοι
1350 4086 1447 4155 μὲν
1488 4084 1596 4155 γὰρ
1635 4081 1722 4134 διὰ
1749 4083 1842 4135 τὸν

251 4183 387 4253 περὶ
429 4181 608 4251 ψυχῆς
669 4177 1261 4252 μετενσωματουμένης
1327 4175 1494 4245 μῦθον
1584 4171 1842 4244 ἐμψύχων

247 4271 571 4343 ἀπέχονται.

615 4361 726 4416 Καί
743 4377 833 4427 τις
863 4360 1048 4429 φίλον
1082 4357 1155 4430 (2)
1184 4357 1320 4430 υἱὸν
1348 4357 1570 4430 ἀείρας,

467 4431 692 4502 Σράξει
713 4427 1116 4501 ἐπευχόμενος
1137 4427 1291 4500 μέγα
1317 4427 1554 4497 νήπιος.

1953 1877 2192 1948 amplexi
2229 1893 2335 1931 non
2372 1878 2871 1936 circumciduntur.
2907 1877 3062 1934 Hanc
3092 1880 3237 1934 enim
3269 1881 3541 1934 exstinxit.

1951 1967 2108 2025 Jesus
2131 1968 2393 2024 ineffabili
2421 1984 2518 2024 sua
2556 1970 2864 2030 divinitate.
2915 1971 3192 2038 Quocirca
3219 1972 3342 2042 ejus
3370 1973 3539 2028 disci-

1954 2058 2096 2128 pulis
2124 2059 2356 2113 vetitum
2384 2068 2468 2114 est
2497 2074 2565 2114 ne
2589 2059 3074 2116 circumcisionem
3113 2062 3424 2132 accipiant,
3461 2066 3530 2118 il-

1951 2149 2132 2220 lisque
2161 2150 2364 2204 dictum
2404 2159 2491 2204 est
2521 2166 2536 2204 :
2575 2169 2595 2202 (
2637 2151 2693 2206 Si
2731 2153 3207 2214 circumcidamini
3237 2193 3252 2220 ,
3282 2154 3536 2212 Christus

1952 2241 2108 2296 vobis
2135 2241 2269 2296 nihil
2299 2241 2544 2310 proderit
2566 2243 2633 2296 ⁸⁸.
2672 2261 2690 2295 ι

1949 2339 1981 2403 ἦ,
2021 2333 2114 2390 49.
2145 2333 2335 2404 Neque
2367 2349 2499 2390 vero
2544 2349 2604 2391 se
2636 2335 2866 2392 efferunt
2907 2337 3080 2393 Judaei
3127 2338 3195 2394 de
3245 2354 3533 2407 porcorum

1953 2426 2282 2482 abstinentia
2336 2427 2492 2496 quasi
2524 2441 2612 2483 res
2647 2437 2794 2484 esset
2843 2431 3024 2498 magni
3077 2431 3382 2496 momenti;
3437 2431 3532 2485 sed

1953 2517 2098 2587 quod
2147 2518 2475 2573 mundorum
2512 2519 3032 2590 immundorumque
3088 2521 3405 2576 animalium
3437 2538 3532 2576 na-

1957 2617 2130 2661 turam
2162 2608 2328 2672 docti,
2359 2622 2582 2663 causam
2628 2610 2786 2678 hujus
2821 2611 3156 2666 discriminis
3185 2622 3531 2682 perspectam

1954 2698 2215 2766 habeant,
2249 2709 2304 2754 et
2333 2715 2510 2769 quare
2546 2716 2640 2756 sus
2665 2701 2718 2756 in
2751 2702 3048 2757 immundis
3090 2713 3401 2759 censeatur.
3437 2703 3535 2758 At-

1955 2806 2061 2861 que
2094 2791 2210 2846 ham
2236 2794 2599 2862 quarumdam
2653 2807 2854 2858 rerum.
2884 2794 3110 2849 fuerunt
3158 2796 3311 2864 signa
3362 2808 3534 2864 usque

1953 2882 2020 2934 ad
2048 2878 2178 2936 Jesu
2211 2883 2504 2936 adventum
2537 2900 2550 2934 :
2597 2893 2720 2951 post
2753 2897 2938 2953 quem,
2971 2898 3094 2939 cum
3132 2883 3250 2954 eius
3292 2886 3536 2954 discipu-

1954 2970 2041 3025 lus
2067 2972 2303 3027 nondum
2332 2987 2593 3027 arcanam
2646 2988 2838 3028 eorum
2884 2975 3152 3032 rationem
3179 2985 3534 3045 cognosceret

1954 3061 2311 3130 diceretque:
2347 3082 2365 3114 ι
2400 3064 2689 3133 Nunquam
2715 3067 3038 3121 manducavi
3063 3082 3224 3122 omne
3247 3083 3535 3124 commune

1948 3163 2004 3210 et
2035 3157 2398 3220 immundum,
2437 3176 2456 3208 ι
2498 3159 2672 3212 audiit
2711 3175 2724 3212 :
2764 3176 2781 3208 ι
2815 3158 2970 3224 Quod
3007 3159 3147 3214 Deus
3191 3161 3523 3230 puriﬁcavit,

1954 3259 2007 3304 tu
2035 3264 2326 3305 commune
2354 3266 2422 3306 ne
2445 3252 2737 3308 dixeris”.
2770 3272 2788 3304 ›
2818 3253 2929 3308 Nec
2964 3253 3135 3322 igitur
3155 3253 3392 3320 Judmos,
3431 3273 3531 3312 nec

1952 3357 2051 3398 nos
2075 3341 2206 3398 ferit
2235 3345 2378 3410 quod
2404 3343 2597 3400 Celsus
2621 3347 2688 3400 de
2717 3345 3103 3413 sacerdotibus
3135 3344 3411 3416 Egyptiis
3440 3361 3528 3401 re-

1955 3432 2081 3500 fert,
2121 3449 2216 3489 eos
2241 3449 2350 3488 non
2389 3435 2550 3489 modo
2585 3436 2806 3503 suibus,
2833 3438 2927 3490 sed
2959 3437 3130 3490 etiam
3167 3439 3379 3506 capris,
3415 3438 3532 3492 ovi-

1950 3526 2073 3589 bus,
2117 3525 2290 3580 bobus
2325 3535 2380 3580 ct
2410 3527 2653 3594 piscibus
2682 3528 2987 3582 abstinere.
3017 3527 3152 3580 Cum
3187 3528 3259 3592 id,
3290 3529 3436 3591 quod
3474 3531 3528 3583 in

1952 3629 2014 3670 os
2044 3615 2235 3682 intrat,
2267 3631 2371 3669 non
2404 3617 2727 3686 coinquinet
2753 3617 3054 3681 hominem,
3109 3631 3211 3671 nec
3259 3633 3382 3673 esca
3430 3634 3530 3672 nos

1948 3708 2289 3761 commendet
2324 3707 2432 3763 Deo
2451 3708 2530 3771 6";
2562 3707 2950 3762 abStincnti-am
2989 3721 3098 3762 non
3141 3708 3330 3777 gloria:
3364 3710 3527 3763 duci-

1951 3814 2094 3864 mus,
2133 3813 2310 3868 neqnc
2345 3797 2468 3868 gula
2497 3800 2563 3853 ad
2599 3799 2994 3854 comedendum
3044 3800 3390 3854 adducimur.
3422 3799 3530 3854 [ta-

1951 3905 2057 3960 que
2082 3891 2302 3944 valeant
2327 3905 2426 3959 per
2454 3905 2554 3945 nos
2589 3890 2715 3946 licet
2756 3890 3109 3962 Pythagorici
3146 3889 3239 3959 qui
3267 3893 3528 3947 animatis

1951 3983 2249 4037 abstinent.
2290 3981 2425 4038 Vide
2455 3991 2639 4038 autem
2674 3998 2836 4053 quam
2867 3983 3054 4055 dispar
3091 3983 3165 4036 sit
3188 3983 3520 4055 Pythagori—

1950 4087 2140 4131 corum
2167 4075 2424 4130 animatis
2455 4075 2846 4131 abstinentium
2880 4086 2935 4131 et
2960 4085 3271 4132 nostrorum
3314 4087 3528 4131 asceta-

1951 4184 2071 4224 rum
2103 4170 2264 4225 ratio.
2296 4171 2374 4224 illi
2404 4171 2551 4226 enim
2576 4169 2843 4224 animatis
2873 4170 3155 4225 abstinent
3185 4177 3411 4240 propter
3444 4169 3530 4223 fa-

1950 4260 2132 4315 bulam
2160 4262 2226 4316 de
2255 4261 2577 4332 migratione
2597 4262 2792 4316 animae
2819 4263 2871 4314 in
2893 4263 3040 4314 varia
3065 4275 3320 4330 corpora.

2027 4390 2138 4422 ...η
2172 4357 2340 4422 Atque
2374 4352 2567 4421 aliquis
2602 4362 2709 4405 tant
2741 4353 2933 4405 stultus
2965 4363 3011 4404 et
3041 4367 3238 4422 amens,

2026 4421 2095 4476 Ut
2123 4421 2291 4477 sacris
2320 4438 2545 4475 ouerans
2578 4439 2673 4474 sua
2699 4423 2920 4491 pignora
2943 4428 3135 4474 mactet
3163 4421 3231 4473 ad
3260 4438 3406 4476 aras.

339 4600 385 4633 "'
409 4597 586 4656 Galat.
617 4613 668 4664 ν,
833 4597 881 4630 ⁶⁹
911 4597 1037 4651 Act.
1071 4609 1128 4658 χ,
1155 4592 1360 4660 14,15.
1433 4591 1478 4623 °°
1508 4589 1700 4646 Matth.
1732 4603 1826 4653 xv,
1857 4588 1928 4655 2;
1959 4585 1978 4640 l
2009 4583 2136 4640 Cor.
2171 4597 2294 4650 vm,
2331 4583 2388 4638 8.

325 4693 459 4764 (95‘)
489 4693 665 4748 Αὐτό.
695 4691 860 4764 Forte
891 4688 1238 4764 scribendum
1270 4683 1338 4764 αὖ
1367 4687 1449 4740 τό.

331 4754 453 4834 (96)
475 4763 817 4834 Hmscheiins
843 4760 1239 4834 etASpencerus
1268 4760 1322 4812 in
1363 4754 1830 4834 ιιιιιιοςίιιιεκαύτῇ,Σ

331 4824 465 4903 (96³)
496 4833 653 4887 Κατὰ
696 4832 815 4884 τῶν
855 4830 940 4900 μὴ
969 4824 1512 4903 ξπεριτεμτξομέῖῳῦ
1537 4825 1669 4903 μπὸ
1687 4895 1698 4903 _
1727 4824 1834 4903 τορ

252 4893 523 4961 λαὸῦ.ὐξ
570 4903 645 4972 μὴ
689 4893 1136 4972 περιτεμνόμενοι
1169 4893 1276 4952 ἀπὸ
1302 4893 1711 4972 τού-λαούλκαξ.
1746 4893 1835 4972 σέ-

254 4975 442 5046 ϐοντες
477 4964 645 5042 μόνον’
668 4964 1136 5046 θεόν’δημιουργον,
1182 4979 1331 5046 sunt"
1364 4969 1440 5046 i_|li
1472 4967 1564 5046 qui
1591 4967 1644 5019 in
1680 4964 1834 5046 iactis

255 5039 780 5112 smpius'vocantnr,
831 5039 1109 5112 σεϐόμενοι
1154 5040 1246 5112 τὸν
1296 5039 1471 5112 Θεόν,⁵
1510 5039 1570 5112 in
1598 5039 1834 5112 antiqua

253 5106 512 5170 versione
559 5111 830 5173 cwlicolw,
883 5112 935 5162 in
963 5106 1208 5178 'scriptis
1255 5124 1386 5164 vero
1437 5106 1833 5169 Rabbinorum,

178 5240 189 5244 μ
255 5197 504 5268 proselyti
530 5194 794 5263 inquilini,
812 5202 965 5253 Σιωπῇ
992 5203 1104 5254 τευ.

328 5279 444 5347 (97)
473 5273 1008 5347 Περιτεμνομένωνο.
1046 5270 1540 5347 Iiohereiiusiegit,
1577 5268 1651 5339 μὴ
1678 5273 1837 5347 περιζ-

253 5337 630 5421 τεμνομένων,
657 5337 712 5399 et
739 5337 962 5409 ibidem,
996 5341 1242 5396 καθεῖλεν
1278 5337 1493 5409 εκείνην
1524 5337 1620 5409 pro
1640 5337 1838 5390 καθεῖ-

256 5421 348 5473 λεν
382 5421 608 5472 ἐκεῖνον.

321 5438 348 5472 ν
382 5434 472 5472 εκε
479 5434 586 5471 ινον
594 5455 608 5468 ο

292 5437 934 5559 ειίθὲίξῗιίίῖἔὶιαθηκότες.
965 5481 1162 5538 Cuieto
1191 5479 1543 5536 scribendum
1597 5477 1832 5540 videtur,

261 5560 658 5633 μεμαθηκέναι.

332 5632 442 5697 (98)
473 5628 610 5685 Μεθ’
646 5627 739 5681 ὅν.
770 5624 951 5697 Codex
982 5622 1205 5694 Regius,
1232 5621 1352 5697 μεθ’
1380 5622 1468 5693 ἦν,
1497 5635 1603 5676 non
1636 5616 1796 5672 male.

354 5694 842 5776 9§i)_l_iaasc_helius
878 5696 930 5776 in
970 5703 1142 5776 textu,
1169 5694 1424 5776 ἐκάθηρε.
1513 5762 1525 5776 ο
1671 5760 1684 5773 .

354 5765 819 5842 99)’Ὲμψύχων.
881 5765 958 5820 ita
1011 5767 1182 5821 codex
1235 5765 1579 5829 Basilcensis,
1641 5765 1830 5828 sicque

581 5865 852 5924 PATROL.
898 5861 1018 5924 Gn.
1064 5860 1175 5920 XI.

1763 4711 1766 4714 ~
1866 4687 1913 4742 ι)
1943 4679 2104 4752 paulo
2139 4687 2260 4752 post
2299 4675 2518 4752 ipsimet
2565 4673 2698 4729 libb.
2756 4674 3021 4744 impressi,
3056 4676 3149 4746 qui
3186 4683 3368 4730 tamen
3420 4677 3526 4732 hoc

1942 4744 2060 4806 ioco
2081 4744 2284 4802 habent
2312 4744 2577 4816 ἐμψύχου.

2013 4839 2092 4910 (1)
2126 4836 2251 4891 Τῶν
2276 4833 2837 4910 ἐνᾲήμλῖν-ἀσκητῷν.
2863 4834 3057 4910 Longe
3078 4845 3204 4889 ante
3227 4837 3530 4910 monacho-

1944 4905 2063 4964 rum
2093 4919 2296 4970 ortum,
2329 4905 2628 4962 Christiani
2651 4909 2743 4975 qui
2778 4907 3148 4961 sevcrioribus
3186 4907 3407 4975 pietatis
3439 4909 3528 4960 of-

1939 4980 2082 5034 ﬁciis
2132 4978 2338 5032 dabant
2383 4991 2634 5046 operam,
2683 4977 2732 5027 οἱ
2770 4976 3006 5046 ἀσκηταί
3055 4977 3395 5030 dicebantur.
3433 4976 3527 5046 Sic

1941 5051 2084 5119 apud
2124 5045 2464 5119 Clementem
2523 5045 2955 5119 Alexandrinum
3003 5046 3206 5119 Stromt
3237 5063 3314 5113 tv,
3351 5045 3527 5119 ταῦτα

1941 5116 2246 5190 γνωστικῆς
2298 5117 2592 5190 ἀσκήσεως
2605 5116 3130 5190 ηπρογυμνάσματα.
3174 5117 3524 5190 Cpnsulenda

1950 5185 2113 5244 etiam
2167 5185 2916 5257 Origenis'homilia'decima
2950 5185 3087 5241 nona
3119 5188 3172 5239 in
3201 5185 3520 5257 Jeremiam.

1946 5259 2038 5315 Sic
2088 5253 2618 5328 lliero§olymitanns
2686 5257 2943 5328 Cyrillns
2979 5255 3249 5328 catechesi
3309 5253 3520 5328 decima

1942 5332 2155 5383 Annam
2217 5323 2616 5397 prophetissam
2675 5323 2842 5380 iiliam
2889 5325 3186 5397 Phanuelis
3216 5323 3522 5397 ἀσκήτριαν

1943 5408 2125 5456 vocat.
2178 5392 2267 5453 Sic
2309 5392 2476 5453 etiam
2525 5398 2756 5467 populus
2799 5396 3200 5467 Alexandrinus
3245 5392 3519 5467 referente

1944 5469 2312 5524 Alexandrina
2350 5458 2556 5538 synodo
2586 5458 3032 5538 Atlianasiutujn
3076 5464 3388 5538 episcopum
3420 5458 3519 5512 ila-

1940 5542 2139 5610 gitans,
2179 5533 2602 5610 appellabatévot
2631 5536 2738 5590 τῶν
2765 5533 3038 5604 ἀσκητῶν,
3065 5536 3184 5593 etin
3207 5535 3516 5602 Synopseos

1936 5609 2320 5665 Atlianasianm
2347 5609 2453 5661 line
2479 5609 2750 5661 anianus
2791 5614 2998 5674 martyr
3029 5614 3254 5658 vocatur
3284 5615 3514 5670 magnus

1936 5681 2161 5740 Asceta,
2185 5689 2239 5734 et
2273 5680 2353 5734 sic
2375 5677 2557 5731 C‘Onst.
2593 5675 2820 5743 apostol.
2851 5676 2949 5728 lib.
2975 5690 3093 5728 vui.

2011 5752 2089 5821 (εὶ)
2117 5738 2228 5806 Καί
2265 5765 2356 5814 τις
2382 5747 2585 5816 φίλον.
2619 5738 2822 5803 Versus
2851 5743 3192 5816 Empedoclis
3218 5741 3357 5812 apud
3387 5738 3516 5794 Plu--

3125 5835 3203 5896 Ιιθ
