3990 6158
449 265 589 322 £259

1942 263 2262 323 ORIGENIS

3585 265 3606 319 l
3621 263 3728 318 εεο

450 384 619 456 616
641 383 748 438 Nos
779 397 930 448 vero,
964 385 1006 440 si
1035 384 1254 454 quando
1278 383 1635 448 abstinemus,
1663 383 1714 437 id
1741 399 1768 437 a
1803 385 1960 438 nobis
1985 386 2042 441 lit

2155 388 2306 456 ἡμεῖς
2337 385 2411 447 δὲ,
2449 385 2549 438 κᾶν
2583 385 2644 438 τὸ
2668 384 2874 438 τοιοῦτο
2903 381 3252 453 πράττωμεν,
3280 377 3541 450 ποιοῦμεν
3569 379 3727 445 αὐτὸ,

455 488 516 529 ιιι
568 478 874 547 castigetur
919 492 1121 545 corpus
1149 488 1203 530 et
1259 477 1313 529 in
1363 477 1680 530 servitutem
1728 477 2025 546 redigatur.

454 569 664 638 Quippe
694 567 940 622 volumus
997 585 1015 616 ι
1065 565 1399 619 rnortilicare
1446 567 1687 620 membra
1731 582 1855 636 qua:
1907 577 2034 622 sunt

455 673 619 728 super
661 667 881 722 terram,
915 655 1359 722 fornicationem,
1398 657 1824 725 immunditiam,
1858 639 2034 713 libidi-

457 764 602 814 nem,
636 747 886 813 all'ectus,
917 748 1424 817 concupiscentiam
1459 749 1723 802 malum“1
1751 766 1766 814 ;
1807 769 1826 801 ι
1861 759 1916 803 et
1950 750 2033 802 ni—

456 837 529 890 hil
559 852 666 892 non
713 838 1050 908 experimur,
1090 849 1149 893 ut
1201 858 1220 890 ι
1269 839 1415 895 facta
1451 840 1638 895 carnis
1675 860 1692 891 ι
1733 841 2032 896 mortiliee-

455 941 578 980 mus
594 927 659 983 “.
1232 945 1238 952 '

523 1017 615 1073 50.
647 1018 829 1087 Pergit
853 1019 1077 1076 Celsus:
1105 1040 1123 1073 ι
1150 1019 1262 1076 Nec
1285 1035 1380 1076 eos
1402 1021 1514 1077 Deo
1542 1020 1760 1091 probari
1779 1021 2040 1091 cordique

459 1124 580 1164 esse
610 1125 720 1181 pra:
743 1112 958 1166 caeteris
991 1114 1325 1168 credendum
1357 1123 1462 1179 est,
1508 1123 1602 1167 aut
1652 1113 1718 1167 ad
1748 1112 1866 1166 illos
1892 1111 2039 1166 solos

461 1198 604 1252 mitti
632 1199 875 1269 angelos,
901 1202 1055 1269 quasi
1083 1200 1416 1256 fortunatam
1442 1203 1732 1273 quamdam
1764 1203 2034 1273 regionem

456 1290 842 1346 obtinuissent.
873 1292 996 1347 Illos
1023 1295 1170 1349 enim
1193 1303 1248 1349 et
1271 1309 1461 1348 eorum
1497 1294 1771 1363 regionem
1795 1294 2038 1347 videmus

455 1381 585 1450 quid
639 1383 829 1451 gratim
878 1386 1210 1454 acceperint.
1250 1405 1268 1437 ι
1308 1384 1416 1440 Sed
1471 1387 1613 1438 hanc
1655 1396 1875 1453 gentem
1929 1384 2039 1437 Deo

453 1474 740 1543 probatam
787 1474 957 1531 fuisse
988 1477 1109 1532 inde
1137 1477 1410 1547 arguitur,
1443 1479 1587 1545 quod
1634 1478 1796 1531 etiam
1846 1477 1905 1540 ii,
1946 1476 2036 1544 qui

452 1575 583 1620 sunt
612 1581 640 1619 a
678 1576 861 1622 nostra
896 1567 1000 1624 fide
1031 1569 1217 1633 alieni,
1249 1585 1524 1625 summum
1557 1571 1726 1623 Deum
1765 1569 2041 1640 appellent

455 1656 810 1712 Hebraeorum
865 1661 1070 1724 Deum;
1122 1661 1400 1728 quodque,
1441 1663 1692 1731 quamvis
1739 1678 1910 1731 parvo
1942 1677 2041 1714 uu-

2137 476 2258 527 ἐπεὶ
2293 475 2686 544 ύπωπιάζομεν
2723 474 2797 544 (5)
2837 473 2897 525 τὸ
2934 471 3093 542 σῶμα
3123 472 3218 524 καὶ
3251 469 3723 539 ὣυλαγωγοῦμενσ

2140 569 2229 622 καὶ
2259 567 2558 637 βουλόμεθα
2585 566 2840 640 «νεκροῦν
2859 568 2926 620 τὰ
2946 563 3079 634 μέλη
3106 561 3174 615 τά
3196 563 3290 614 ἐπὶ
3304 562 3404 632 τῆς
3432 562 3556 631 γῆς,
3593 579 3732 632 πορ-

2137 659 2304 717 νείαν.
2337 658 2700 730 ἀκαθαρσίαν,
2738 657 3046 724 ἀσέλγειαν,
3069 654 3262 718 πάθος,
3296 653 3593 724 ἐπιθυμίαν
3625 672 3727 707 κα-

2138 751 2255 822 κήν·
2275 751 2394 804 »καὶ
2413 750 2585 804 πάντα
2614 767 2676 817 γε
2699 751 3032 820 πράττομεν,
3056 749 3142 800 ἵνα
3177 767 3196 799 ι
3229 747 3329 810 τὰς
3368 744 3598 818 πράξεις
3629 746 3726 798 τού

2141 838 2389 909 σώματος
2416 859 2433 891 ι
2471 836 2894 909 θανατώσωμεν.

2213 1021 2335 1074 Ἔτι
2381 1020 2436 1072 δέ
2488 1019 2616 1089 περὶ
2673 1018 2942 1072 Ἰουδαίων
2990 1016 3425 1084 ἀποφαινόμενος
3463 1015 3493 1068 ὁ
3520 1013 3730 1078 Κέλσος

2141 1114 2324 1184 φησίν·
2352 1112 2503 1164 «Οὐδ’
2530 1111 2840 1180 εὐδοκιμεῖν
2859 1110 3010 1182 παρά
3035 1110 3111 1180 τῷ
3131 1109 3270 1179 Θεῷ,
3294 1109 3388 1161 καὶ
3403 1109 3732 1180 στέργεσθαι

2139 1208 2414 1277 διαφόρως
2456 1222 2508 1256 τι
2543 1203 2652 1256 τῶν
2683 1202 2857 1256 ἄλλων
2891 1203 3135 1266 τούτους,
3165 1203 3331 1264 εἰκός·
3372 1203 3466 1255 καὶ
3505 1202 3729 1272 πέμπε-

2144 1296 2266 1350 σθαι
2313 1295 2492 1366 μόνοις
2532 1294 2712 1354 αὐτοῖς
2762 1291 2972 1345 ἐκεῖθεν
3018 1291 3322 1360 ἀγγέλους,
3352 1287 3463 1344 οἷον
3503 1292 3568 1362 δή
3609 1309 3737 1345 τινα

2146 1387 2415 1458 μακάρων
2451 1386 2634 1457 χώραν
2660 1386 2939 1457 λαχοῦσιν.
2975 1383 3222 1455 Ὀρῶμεν
3263 1384 3372 1454 γάρ
3403 1385 3603 1447 αὐτοὺς
3638 1385 3734 1438 καὶ

2141 1479 2236 1550 τὴν
2266 1478 2484 1550 χώραν,
2531 1478 2688 1532 τίνων
2725 1477 3006 1547 ἠξίωνται.
3058 1495 3076 1527 ι
3134 1474 3456 1544 Ἑλέγξομεν
3491 1471 3585 1528 οὖν
3637 1477 3732 1528 καὶ

2140 1570 2316 1634 τοῦτο,
2347 1570 2615 1638 λέγοντες,
2647 1570 2729 1622 ὅτι
2757 1569 2819 1621 τὸ
2849 1567 3273 1637 εὐδοκιμηκέναι
3305 1565 3366 1618 τὸ
3392 1564 3540 1628 ἔθνος
3572 1565 3735 1619 τοῦτο

2145 1662 2296 1734 παρὰ
2323 1661 2442 1731 Θεῷ
2471 1661 2722 1732 δηλοῦται
2765 1662 2859 1714 καὶ
2903 1663 2968 1713 ἐκ
3005 1658 3100 1712 τοῦ
3136 1658 3228 1710 τὸν
3275 1659 3369 1710 ἐπὶ
3411 1659 3544 1710 πᾶσι
3575 1657 3730 1722 Θεὸν,

454 1765 610 1805 mero
649 1751 1041 1819 superfuerint,
1072 1751 1313 1821 reliquiae
1345 1763 1522 1808 tamen
1565 1754 1748 1807 divina
1773 1762 2036 1822 potestate

2155 1758 2234 1810 ιιαὶ
2277 1757 2382 1808 ὑπὸ
2441 1754 2554 1807 τῶν
2606 1754 2900 1825 ἀλλοτρίων
2958 1754 3056 1824 τῆς
3119 1751 3395 1821 ἡμετέρας
3463 1750 3729 1815 πίστεως,

453 1851 685 1896 servata:
718 1840 921 1896 fuerint
947 1843 1286 1908 incolumes;
1320 1843 1393 1898 ita
1443 1855 1500 1898 ut
1529 1843 1664 1897 nihil
1695 1843 1764 1896 ab
1795 1843 2034 1896 Alexan-

455 1935 554 1987 dro
580 1931 874 1988 Macedone
905 1934 1052 2002 passi
1086 1932 1289 1989 fuerint
1313 1937 1381 2000 ⁸³,
1409 1938 1625 1990 tametsi
1675 1946 1899 2005 propter
1937 1936 2037 1989 fa:-

456 2026 582 2079 dera
611 2027 857 2094 quaedam
900 2035 956 2081 et
998 2028 1310 2096 iuramenta
1359 2039 1548 2084 contra
1611 2027 1834 2082 Darium
1886 2044 2032 2082 arma

455 2131 658 2188 capere
689 2118 1082 2172 recusaverint.
1117 2119 1256 2186 Quin
1303 2120 1458 2173 aiunt
1504 2135 1775 2174 summum
1824 2119 2039 2173 .ludreo-

456 2223 578 2262 rum
605 2210 912 2279 pontiliccm
958 2211 1284 2265 sacerdotali
1327 2223 1482 2266 veste
1532 2213 1782 2265 indutum
1827 2213 1894 2265 ab
1945 2210 2039 2264 illo

456 2299 770 2353 Alexandro
798 2301 1082 2354 adoratum
1106 2300 1299 2368 fuisse,
1323 2301 1638 2370 dixisseque
1667 2302 2035 2356 Alexandrum

455 2391 558 2445 sibi
584 2405 677 2461 per
706 2404 957 2445 somnum
988 2393 1163 2446 visum
1205 2407 1325 2448 esse
1360 2393 1674 2462 quempiam
1723 2395 1912 2446 eadem
1950 2394 2036 2447 illa

459 2491 609 2537 veste
633 2491 913 2546 ornatum,
941 2484 1032 2552 qui
1073 2484 1172 2553 ipsi
1207 2484 1535 2553 praedixerat
1572 2498 1630 2538 se
1657 2493 1822 2538 totam
1852 2486 2037 2539 Asiam

459 2575 628 2630 armis
651 2589 774 2630 esse
806 2575 1185 2633 subacturum.
1229 2575 1336 2630 Nos
1367 2577 1532 2646 igitur
1562 2575 1860 2630 Christiani
1891 2575 2040 2630 alIir-

462 2681 672 2721 mamus
699 2665 915 2720 Iudaeos
945 2682 1054 2736 prae
1082 2667 1296 2722 caeteris
1344 2666 1451 2720 Deo
1477 2666 1750 2736 placuisse
1786 2675 1839 2719 et
1875 2665 2040 2721 fuisse

461 2758 759 2828 probatos;
811 2758 953 2811 hanc
995 2768 1176 2812 autem
1209 2760 1433 2813 tutelam
1469 2758 1813 2828 gratiamque
1839 2759 1906 2813 ad
1939 2774 2042 2813 nos

462 2850 764 2920 migrasse,
804 2857 1090 2918 postquam
1137 2849 1295 2903 Jcsus
1345 2851 1396 2902 iu
1429 2864 1524 2903 eos
1567 2850 1658 2919 qui
1710 2865 1740 2904 e
1791 2850 2043 2918 gentibus

461 2941 831 3004 crediderant,
860 2941 1116 2995 virtutem
1144 2940 1425 2994 transtulit
1457 2955 1579 3008 quae
1604 2940 1755 3008 prius
1781 2941 1922 3008 apud
1949 2938 2043 2993 Ju-

459 3031 602 3084 daeos
637 3038 775 3084 erat.
812 3030 948 3084 Hinc
973 3039 1058 3085 est
1089 3030 1258 3099 quod,
1282 3029 1410 3086 licet
1441 3031 1605 3083 nmlta
1645 3031 1904 3084 tentarint
1929 3030 2040 3085 Ro-

460 3119 608 3173 mani
636 3129 694 3172 ut
715 3121 1058 3174 Christianos
1080 3124 1497 3190 pessundarent,
1531 3121 1818 3175 consilium
1850 3133 2030 3177 tamen

463 3212 530 3264 ad
555 3210 763 3264 exitum
796 3211 1096 3278 perducere
1137 3225 1244 3266 non
1272 3221 1584 3280 potuerunt.
1620 3211 1724 3268 Pro
1752 3213 1860 3269 illis
1897 3216 2044 3270 enim

460 3302 735 3372 pugnabat
763 3303 854 3355 Dei
887 3318 1100 3368 manus,
1127 3305 1368 3384 volentis
1395 3315 1453 3360 ut
1483 3321 1550 3362 ex
1582 3320 1689 3360 uno
1713 3305 1919 3363 Iudaeae
1949 3323 2048 3362 an-

541 3441 583 3471 "
620 3440 636 3493 l
673 3440 797 3497 Cor.
836 3455 910 3504 Ix,
936 3439 1040 3505 27;
1073 3439 1285 3495 Coloss.
1325 3457 1404 3509 ιιι,
1437 3441 1492 3496 5.

465 3560 722 3632 tarchum
755 3561 810 3632 in
853 3559 992 3632 libro
1035 3559 1109 3632 De
1137 3561 1522 3632 superstitione,
1561 3577 1682 3632 pag.
1716 3563 1808 3618 171
1848 3565 1952 3617 :Tl
1985 3566 2042 3620 δὲ

459 3631 854 3706 Καρχηδονίοις
893 3630 1002 3706 ρύκ
1055 3630 1373 3706 ἐλυσιτέλει,
1423 3630 1653 3706 Κριτίαν
1691 3633 1954 3706 ’λαϐοῦσιν
2009 3636 2042 3706 ἢ

461 3649 854 3754 Καρχηοονιοις
902 3649 1002 3682 ουκ
1055 3649 1373 3712 ελυσιτελει,
1423 3649 1652 3702 Κριτίαν
1702 3649 1954 3687 Ααοονσιν
2009 3649 2042 3706 η

460 3706 728 3776 ᾼιαγ-ραν
754 3699 1050 3776 νομοθέτην
1073 3701 1174 3776 ἀπ’
1203 3703 1565 3776 ἀρχηςημήτε
1595 3701 1716 3776 τινὰ
1743 3703 1879 3776 θεῶν
1910 3706 2046 3776 μήτε

457 3768 1029 3846 δαιμόνωνλνομίζεινξ
1066 3768 1364 3846 ᾓητοιαςῧτα
1379 3768 1570 3846 ἓθύείν,
1602 3768 1688 3826 οἷα
1724 3773 1814 3846 μτῷ
1855 3768 2048 3846 Κρόνῳ

463 3840 653 3912 ἔθυον·
703 3840 1033 3912 ούχᾼῶσπερ
1072 3840 1440 3912 Ἐμπεδοκλῆς
1483 3859 1636 3912 φησι,
1681 3840 1795 3897 τῶν
1829 3840 2050 3908 τὰ’ζῶα

465 3911 702 3962 θυόντων
731 3909 1147 3979 καθαπτόμενος
1164 3928 1176 3940 ·

529 4000 783 4072 Μῳρφὴν
811 4000 860 4052 δ’
884 4000 1236 4063 ἀλλάξαντα
1254 4001 1460 4072 πατὴρ
1481 4002 1662 4069 φίλον
1679 4003 1814 4056 υἱὸν
1826 4005 2049 4072 ἀείρας,

515 4069 724 4140 Σῷάζέι
755 4070 1160 4140 ἐπευχόμενος
1187 4071 1340 4140 μέγα
1362 4071 1598 4140 νήπιος.

479 4163 618 4216 Ἀλλ’
649 4162 975 4228 είδότες,καὶ
1003 4163 1380 4232 γινώσκοντες,
1408 4164 1563 4216 αὐτοὶ
1587 4163 1653 4216 τὰ
1679 4163 1860 4217 αὐτῶν
1889 4165 2054 4218 τέκνα

467 4233 808 4302 καθιέρευον.
841 4253 860 4285 ι
911 4233 1098 4287 Nonne
1144 4235 1332 4288 utilius
1362 4242 1482 4288 erat
1530 4235 2056 4300 Carthagineusibus

473 4308 582 4374 iam
605 4304 731 4360 inde
748 4307 816 4358 ab
865 4305 1021 4358 initio
1063 4305 1232 4358 Critia
1277 4305 1358 4357 vel
1390 4307 1618 4374 Diagora
1649 4304 1718 4357 ad
1747 4305 2056 4357 comlendas

495 4323 582 4360 am
605 4323 731 4360 mue
748 4323 816 4358 an
865 4323 1021 4358 ιιιιιιο
1063 4323 1232 4358 ωἰιιιι
1277 4323 1358 4357 vet
1390 4323 1618 4374 magora
1649 4323 1718 4357 au
1747 4323 2054 4357 conuenth

467 4323 617 4443 leges
644 4375 897 4429 adhibito
925 4376 1223 4429 decernere
1249 4374 1450 4428 nullum
1484 4390 1606 4428 esse
1631 4375 1820 4434 Deuu‘l,
1848 4374 2054 4426 nullum

472 4429 713 4512 genium,
749 4459 912 4513 quam
958 4445 1084 4498 talia
1117 4460 1272 4498 sacra
1314 4444 1516 4508 facere,
1553 4429 1819 4510 qualibus
1853 4443 1925 4496 illi
1957 4443 2059 4496 Sa-
2092 4429 2138 4486 Ι)

469 4523 636 4566 turno
685 4513 1095 4583 operabantur?
1144 4514 1232 4566 ubi
1286 4529 1415 4577 non,
1459 4524 1517 4568 ut
1568 4513 1922 4583 Empedocles
1956 4515 2054 4578 ait,

469 4583 884 4652 reprehendens
908 4598 1001 4636 eos
1028 4583 1120 4651 qui
1153 4583 1408 4636 animalia
1448 4585 1787 4646 sacrilicant,

579 4675 792 4744 Mutata
820 4676 1024 4742 genitor
1045 4675 1304 4744 jugulans
1333 4691 1430 4726 sua
1462 4677 1680 4743 pignora
1715 4678 1886 4742 [arma

577 4743 848 4804 Immolet,
893 4755 938 4796 et
975 4743 1122 4797 vanis
1160 4743 1356 4797 stultus
1405 4745 1527 4812 ferit
1563 4760 1687 4796 aera
1721 4744 1876 4806 cotis,

470 4837 564 4890 sed
598 4837 833 4905 scientes
861 4837 1265 4905 prudentesque
1297 4851 1427 4890 suos
1466 4837 1569 4905 ipsi
1617 4837 1820 4889 liberos
1849 4835 2058 4888 sacriﬁ-

470 4912 690 4958 cabant.
732 4924 750 4955 ι
781 4904 995 4958 Omissa
1027 4904 1208 4975 itaque
1246 4904 1699 4974 interrogatione,
1725 4907 1839 4972 lege
1866 4924 1879 4956 :

749 4995 917 5060 Atque
948 4995 1140 5064 aliquis
1174 5013 1269 5049 sua
1300 4999 1519 5066 pignora
1547 4998 1708 5050 chara

657 5063 911 5117 Mactabit
940 5063 1150 5118 demens
1182 5063 1620 5134 sacris'operatus
1656 5067 1724 5120 ad
1751 5084 1896 5120 aras.

477 5153 1040 5238 Sextth-lslttipjriqus,
1072 5154 1167 5238 lib.
1207 5171 1303 5208 vtn
1336 5157 1597 5238 diluerat?”
1637 5157 2055 5238 mathematicos,

473 5241 598 5295 pag.
631 5224 730 5280 3'5l
787 5223 1024 5278 είἜνθεν
1065 5226 1160 5277 καὶ
1207 5225 1483 5305 παρῄνουν
1511 5223 1654 5278 οὗτοι
1699 5228 1748 5278 οἱ
1781 5227 2058 5296 φιλόσοφοι

476 5293 862 5363 (Pgtltagortei)
896 5294 1199 5363 ἀπέχεσθαι
1244 5313 1353 5347 των
1386 5294 1665 5363 ἐμψύχων,
1708 5297 1801 5348 καὶ
1845 5297 2058 5349 ἀσεϐεῖν

473 5293 862 5418 ἓΡῂιΙιιιςοναξί)
896 5294 1199 5381 ἀπέχεσθαι
1244 5293 1353 5347 τῶν
1386 5294 1665 5366 ἐμψύχων,
1708 5293 1801 5348 καὶ
1845 5293 2058 5349 ἀσεϐεῖν

508 5385 712 5435 φασκον
745 5368 869 5429 τοὺς
899 5365 1238 5438 ἀνθρωπους,

547 5461 758 5529 Βῶμον
781 5460 1134 5528 ἐρεύθοντας
1153 5458 1440 5528 μακάρων
1479 5459 1743 5527 θερμοῖσι
1771 5459 2029 5526 φόνοισι.

549 5553 659 5605 Καὶ
700 5552 1070 5623 Ἐμπεδοκλῆς
1095 5553 1196 5605 πού
1223 5569 1384 5623 φησιν
1405 5569 1418 5582 ⁸

553 5645 633 5712 QE)
661 5646 969 5697 παύσεσθε
989 5647 1196 5712 φόνοιο
1228 5645 1534 5712 δυσηχέος
1557 5661 1574 5706 ;
1601 5646 1710 5697 οὐκ
1739 5643 1987 5712 ἐσορᾶτε

563 5710 892 5778 Ἀλλήλους
917 5710 1246 5780 δάπτοντες
1271 5710 1586 5787 ἀκηδείῃσι
1612 5716 1809 5778 νόοιοὶ

1573 3443 1616 3474 θ’
1647 3443 1811 3501 Rom.
1843 3461 1966 3510 vm,
1993 3447 2080 3500 l5.

2151 1844 2417 1915 Ἐϐραίων
2449 1845 2728 1898 καλεῖσθαι
2759 1844 2911 1896 Θεόν.
2950 1843 3060 1896 Καὶ⁹
3093 1843 3168 1905 ὼς
3206 1841 3624 1910 εύδοκιμοῦντές
3666 1859 3730 1910 γε

2137 1939 2259 1991 ὅσον
2293 1939 2392 1990 οὐκ
2423 1937 2874 2004 ἐγκατελείποντο
2898 1936 3005 2007 (4),
3042 1937 3288 2004 καίτοιγε
3329 1936 3502 2004 ὀλίγοι
3532 1938 3734 2007 τυγχά-

2141 2047 2322 2093 νοντες
2348 2031 2438 2082 τὸν
2473 2029 2705 2101 ἀριθμὸν
2729 2029 2999 2082 διετέλουν
3024 2027 3426 2098 φρουρούμενοι
3449 2029 3554 2081 ὑπὸ
3582 2028 3731 2092 θείας

2138 2120 2438 2189 δυνάμεως*
2477 2119 2551 2182 ὡς
2585 2119 2713 2190 μηδ’
2755 2121 2848 2172 ἐπὶ
2894 2119 3244 2188 Ἀλεξάνδρου
3279 2118 3372 2172 τοῦ
3415 2121 3732 2185 Μακεδόνος

2140 2209 2429 2278 παθεῖν
2457 2227 2512 2262 τι
2576 2209 2774 2271 αὐτοὺς
2809 2210 2901 2260 ὑπ’
2929 2207 3117 2271 αὐτοῦ,
3153 2209 3397 2276 καίτοιγε
3431 2209 3509 2280 μὴ
3543 2208 3735 2280 βουλη-

2141 2299 2333 2363 θέντας
2366 2300 2455 2353 διά
2494 2316 2646 2362 τινας
2680 2299 2958 2370 συνθήκας
2983 2300 3076 2352 καὶ
3105 2300 3303 2370 ὅρκους
3331 2299 3734 2370 ἀναλαμϐάνειν

2139 2393 2280 2446 ὅπλα
2309 2391 2448 2444 κατὰ
2475 2391 2567 2443 τοῦ
2598 2391 2845 2461 Δαρείου.
2880 2389 3012 2443 Τότε
3045 2392 3178 2459 φασὶ
3205 2391 3298 2444 καὶ
3329 2392 3420 2443 τὸν
3469 2391 3734 2443 Ἰουδαίων

2141 2486 2420 2558 ἀρχιερέα,
2457 2485 2680 2538 ἐνδύντα
2731 2483 2828 2555 τὴν
2866 2484 3147 2555 ἱερατικὴν
3183 2483 3397 2552 στολὴν,
3427 2500 3731 2556 προσκεκυο

2141 2578 2335 2649 νῆσθαι
2363 2579 2468 2631 ὑπὸ
2503 2576 2596 2629 τοῦ
2638 2575 3008 2648 Ἀλεξάνδρου,
3047 2576 3349 2644 φάσκοντος
3385 2573 3535 2644 αὐτῷ
3565 2571 3734 2643 τούτῳ

2140 2670 2218 2740 τῷ
2266 2671 2503 2739 σχήματι
2552 2667 2855 2738 ἑωρακέναι
2899 2666 3040 2729 τινὰ,
3091 2665 3555 2735 ἐπαγγελλόμενον
3592 2664 3734 2735 αὐτῷ

2143 2760 2286 2814 κατὰ
2316 2763 2440 2823 τοὺς
2468 2761 2669 2823 ὕπνους
2698 2758 2988 2825 ὑποτάξειν
3015 2759 3111 2826 τὴν
3138 2759 3324 2810 Ἀσίαν
3356 2758 3504 2828 ὅλην.
3547 2759 3735 2826 Ἡμεῖς

2141 2849 2234 2906 οὖν
2267 2855 2316 2904 οί
2352 2852 2669 2922 Χριστιανοί
2698 2868 2877 2920 φαμεν
2904 2851 2964 2903 τὸ
2997 2851 3095 2921 μὲν
3133 2850 3439 2919 εὐδοκιμεῖν
3474 2849 3623 2918 παρά
3658 2847 3736 2917 τῷ

2143 2942 2281 3014 Θεῷ,
2311 2944 2405 2996 καὶ
2445 2941 2770 3015 στέργεσθαι
2818 2941 3092 3012 διαφόρως
3142 2959 3192 2992 τι
3226 2939 3333 2992 τῶν
3371 2939 3562 3001 ἄλλων,
3594 2939 3738 2992 πάνυ

2146 3033 2376 3096 ἐκείνοις
2405 3031 2843 3104 συμϐεϐηκέναι·
2876 3031 3079 3102 ταύτην
3111 3031 3167 3084 δὲ
3199 3032 3297 3102 τὴν
3319 3030 3625 3102 οἰκονομίαν
3653 3047 3739 3101 με.

2147 3127 2511 3196 ταϐεϐηκέναι
2544 3127 2638 3178 καὶ
2663 3125 2760 3196 τὴν
2794 3125 2951 3196 χάριν
2984 3127 3067 3193 ἐφ’
3099 3125 3268 3194 ἡμᾶς,
3305 3125 3737 3196 μεταστήσαντος

2148 3219 2244 3290 τὴν
2277 3221 2334 3270 ἐν
2375 3219 2653 3281 Ἰουδαίοις
2679 3217 2907 3288 δύναμιν
2929 3218 3021 3270 ἐπὶ
3040 3219 3164 3281 τοὺς
3190 3217 3299 3271 ἀπὸ
3321 3217 3428 3270 τῶν
3453 3217 3623 3270 ἐθνῶν
3649 3234 3734 3270 πισ

2151 3311 2480 3374 στεύσαντας
2528 3310 2606 3380 τῷ
2643 3307 2818 3380 Ἰησοῦ
2872 3308 2970 3381 (6).
3025 3311 3114 3362 Διὸ
3165 3308 3336 3362 πολλά
3389 3306 3736 3380 βουληθέντες

2158 3451 2203 3482 ⁸³
2241 3451 2390 3507 Flav.
2423 3450 2645 3521 Joscph.
2682 3451 2782 3507 lib.
2825 3467 2886 3518 ιι,
2913 3467 2965 3507 c.
2991 3451 3045 3518 8,
3073 3452 3257 3519 Antiq.
3288 3447 3414 3504 Juzl.

2151 3572 2265 3625 καί⁸

2154 3664 2404 3732 Μορφὴν
2435 3664 2488 3716 δ’
2520 3663 2873 3729 ἀλλάξαντα
2908 3663 3105 3730 πατὴρ
3125 3663 3304 3731 εέίλον
3339 3661 3474 3732 avida-
3501 3661 3734 3732 ἀείρας.

2154 3729 2368 3802 Σεράζει
2390 3735 2794 3805 ἐπευχόμενος
2815 3735 2969 3805 μέγα
2994 3729 3228 3805 θ’ήπὶος·
3261 3735 3312 3785 οἱ
3331 3730 3398 3783 δὲ
3415 3729 3734 3805 “opai???”

2155 3799 2515 3873 Λὶσσόμενοι
2541 3799 2790 3870 Duorum}
2808 3799 2831 3872 ,⁷
2853 3809 2883 3858 ὀ
2902 3799 2962 3857 ⁷δ’
3007 3803 3387 3868 ἁνήκουστος
3414 3799 3734 3873 δρομέων.

2157 3870 2512 3947 Σνφάξάςνὲν
2527 3870 2838 3947 μεγάροισι.
2859 3874 3423 3947 καλὴνάλεγύνατο-
3441 3870 3639 3947 δαῖταΣ

2171 3936 2263 4008 Ὡς
2288 3944 2337 3996 δ’
2367 3936 2558 4011 αὔτως
2588 3936 2786 4013 ςὶαξέρ’
2831 3946 2959 4010 υἱὸς
2983 3936 3138 3998 ἐλὼν
3155 3936 3250 4013 καὶ
3274 3941 3499 4013 μητέρα
3517 3936 3732 4013 παῖδες

2164 4014 2366 4082 Θιινμὸν
2393 4009 2842 4084 άπορρίιίσίιντα
2867 4009 3049 4083 φίλας
3075 4012 3223 4069 κατὰ
3251 4009 3482 4080 σάρκας
3506 4009 3728 4062 ἔδουσι.

2169 4122 2187 4154 ι
2230 4104 2364 4160 llinc
2401 4109 2775 4161 suadebanthi
2811 4106 3113 4175 philosophi
3143 4105 3418 4175 abstinere
3454 4101 3520 4155 ab
3537 4103 3731 4154 anima-

2169 4175 2344 4246 tis,_et
2378 4176 2573 4246 impios
2607 4192 2728 4232 esse
2761 4174 3018 4229 dicebant
3047 4174 3296 4246 homines
3327 4175 3420 4240 qui

2275 4243 2646 4300 Rubra'Dcum
2679 4247 2853 4301 calida
2884 4246 3084 4312 faciunt
3108 4245 3302 4296 altaria
3331 4245 3494 4296 ccede.

2168 4313 2234 4368 Et
2257 4315 2456 4385 alicubi
2487 4319 2620 4371 dicit
2647 4315 2995 4385 Empedocles
3026 4333 3037 4366 :

2277 4383 2398 4437 Non
2423 4387 2681 4440 desistctis
2721 4383 2985 4439 crudelem
3018 4384 3295 4437 admittere
3325 4383 3562 4435 cccdem'l

2269 4453 2629 4526 Pulchrunme
2659 4457 2847 4526 nﬂlicta
2880 4456 2953 4506 sic
2976 4470 3065 4506 vos
3092 4455 3385 4520 discerpere
3419 4461 3582 4503 mente

2276 4524 2424 4577 Inter
2447 4543 2535 4578 vos
2557 4527 2580 4578 ?
2621 4524 2789 4593 [orma
2817 4533 3021 4576 mutata
3047 4539 3272 4591 namque
3291 4531 3530 4593 parentes

2273 4593 2472 4646 (jltaros
2503 4592 2744 4647 occidunt
2781 4605 2952 4656 natos,
2982 4593 3266 4660 permulta
3301 4592 3498 4658 precati

2274 4662 2453 4715 Stulti.
2495 4665 2698 4733 Aliique
2723 4663 2843 4716 «Ιουὶ
2871 4663 3117 4730 facientes
3145 4675 3296 4715 sacra
3323 4669 3622 4728 precantur.

2273 4733 2364 4784 Ast
2388 4733 2525 4785 alius
2551 4735 2950 4787 noncxauditus
2983 4733 3037 4784 in
3066 4734 3268 4786 antibus
3307 4733 3464 4784 istum

2278 4800 2482 4854 Occidit
2515 4803 2776 4867 clamans,
2801 4803 3019 4854 miseras
3043 4802 3325 4870 epulasque
3349 4801 3574 4866 paravit.

2276 4874 2443 4938 Atque
2467 4883 2614 4936 pater
2645 4874 2754 4924 nati
2787 4872 2987 4925 crudeli
3011 4872 3153 4922 ccede
3183 4870 3460 4938 perempti,

2277 4940 2345 4993 Et
2378 4951 2607 4994 matrum
2641 4943 2749 4994 nati
2774 4957 2956 4994 carnes
2988 4943 3042 4992 in
3072 4942 3272 4994 viscera
3303 4940 3585 4992 condunt.»

3482 5008 3735 5062 Spes-csa.

2233 5083 2310 5152 (3)
2355 5082 2797 5151 Ὑπωπιάζομεν.
2845 5078 3184 5135 Ηωδριιεὶὶυε
3221 5080 3274 5133 in
3310 5089 3480 5146 textu,
3510 5077 3734 5133 ύποπιά·

2168 5152 2350 5215 ζομεν.

2233 5169 2524 5294 ῗίῖλοσον
2561 5225 2669 5276 οὐκ
2712 5220 3226 5294 ἐγνςᾳτελείᾷοντο.
3273 5219 3544 5294 ξιιτιίευιε
3582 5228 3739 5294 negat

2175 5287 2416 5346 tiv'a'obx
2453 5295 2605 5348 deest
2637 5287 2775 5362 apud
2803 5291 3164 5362 Hoeschelium
3190 5301 3243 5344 et
3275 5289 3630 5362 Spencerum,
3649 5287 3736 5337 sed

2169 5365 2440 5430 reperitur
2489 5366 2538 5416 in
2576 5357 2733 5417 codd.
2789 5361 2976 5427 Regio,
3019 5357 3328 5414 Basileensi
3369 5369 3424 5430 et
3463 5357 3736 5430 Vaticano,

2169 5427 2398 5503 eamque
2431 5434 2679 5503 agnoscit
2705 5433 2986 5495 Gelenius,
3031 5439 3088 5482 et
3126 5431 3356 5498 requirit
3390 5429 3620 5483 Guietns
3651 5427 3736 5495 qui

2170 5502 2311 5556 delet
2344 5502 2486 5556 650v.

2170 5643 2204 5694 ά
2247 5571 2322 5652 ςὸ)
2350 5573 2590 5628 Παϐεἷν.
2627 5573 2706 5627 Fl.
2738 5571 2959 5642 Ioseph.
2992 5573 3084 5627 lib.
3110 5587 3172 5636 ιι,
3201 5585 3320 5639 cap.
3350 5569 3404 5633 8,
3432 5567 3614 5637 Antiq.
3642 5563 3742 5618 Ju-

2209 5658 2313 5694 mc.

2209 5658 2313 5695 αις.

2243 5711 2318 5790 86)
2359 5714 2440 5778 Τῷ
2473 5713 2689 5774 Ἰησοῦ.
2717 5714 2897 5771 Codex
2930 5709 3255 5768 Basileensis
3291 5710 3341 5761 in
3373 5717 3525 5764 tcxtu
3559 5706 3740 5774 habet,
