3990 6158
340 290 476 348 19261

1509 298 1787 353 CONTRA
1826 297 2102 355 CELSUM
2158 297 2283 353 LIB.
2323 297 2388 352 ν.

3465 300 3607 357 1261

349 405 617 475 Ῥωμαῖοι
649 404 790 457 κατά
817 403 1161 476 Χριστιανῶν
1202 409 1294 460 ἐπὶ
1329 408 1406 478 τῷ
1453 410 1694 464 κωλῦσαι
1737 413 1923 474 αὐτοὺς

2039 410 2164 480 gqu
2188 411 2412 467 verbum
2451 423 2607 464 suum
2641 409 2695 463 in
2735 417 2903 464 totum
2944 425 3118 482 genus
3163 411 3442 467 hominum
3477 431 3606 485 pro-

337 493 420 548 ἔτι
450 492 612 560 εἶναι,
638 496 698 548 οὐ
732 495 1047 566 δεδύνηνται
1065 514 1079 526 ·
1105 493 1172 567 ἦν
1201 499 1309 566 γὰρ
1339 499 1734 570 ὑπερμαχοῦσα
1757 501 1936 554 αὐτῶν

2049 512 2358 571 pagaretur.

341 588 462 642 θεία
525 592 669 661 χεὶρ,
720 587 814 642 καὶ
859 589 1158 663 βουλομένη
1209 593 1300 644 τὸν
1340 592 1434 645 τοῦ
1482 593 1616 647 Θεοῦ
1665 596 1821 664 λόγον
1873 596 1980 648 ἀπὸ
2033 599 2161 666 μιᾶς
2193 598 2291 668 τῆς
2318 597 2458 649 κατὰ
2491 597 2588 668 τὴν
2629 597 2884 651 Ἰουδαίαν
2911 600 3012 669 γῆν
3056 599 3254 667 γωνίας
3290 601 3609 676 ἑπισπεῖραι

338 685 448 756 ὅλῳ
472 685 550 755 τῷ
574 685 724 753 γένει
753 684 861 738 τῶν
892 686 988 739 ἀνθ
998 685 1214 757 ρώπων.

424 777 562 829 Ἀλλ’
581 779 703 830 ἐπεὶ
730 777 870 832 κατά
899 779 960 831 τὸ
982 779 1204 833 δυνατὸν
1237 783 1368 852 ἡμῖν
1395 783 1642 836 λέλεκται
1677 785 1811 854 πρὸς
1839 786 1928 838 τὸν

338 868 572 933 Κέλσον,
611 871 1022 942 κατηγοροῦντα
1064 875 1330 928 Ἰουδαίων
1363 875 1456 929 καὶ
1502 876 1594 929 τοῦ
1637 877 1795 945 λόγου
1829 880 1930 931 αὐ-

337 961 469 1027 τῶν,
498 963 568 1016 τά
594 964 886 1033 ἐγκείμενα
923 965 1020 1035 (7),
1053 965 1212 1036 Φέρε,
1251 967 1319 1020 τά
1347 967 1475 1037 ἐξῆς
1503 968 1787 1039 ὲκθέμενοι
1822 988 1930 1024 πα-

343 1057 723 1126 ραστήσωμεν,
756 1057 837 1108 ὅτι
861 1055 985 1109 οὔτε
1011 1056 1443 1129 ἀλαζονευόμεθα
1467 1061 1928 1132 ἐπαγγελλόμενοι

339 1147 534 1200 εἰδέναι
579 1147 671 1200 τὸν
721 1148 890 1218 μέγαν
934 1149 1066 1202 Θεόν
1091 1167 1103 1179 ο
1156 1148 1279 1202 οὔτε
1323 1153 1567 1223 γοητείᾳ,
1609 1153 1684 1215 ὡς
1721 1153 1927 1216 Κέλσος

339 1239 527 1301 οἴεται,
567 1239 892 1311 ὑπήχθημεν
921 1243 1218 1306 Μωῦσέως,
1263 1243 1295 1313 ἣ
1339 1245 1432 1296 καὶ
1483 1245 1644 1297 αὐτοῦ
1690 1246 1781 1298 τοῦ
1816 1247 1927 1298 Σω-

337 1333 504 1404 τῆρος
539 1333 693 1403 ἡμῶν
735 1332 906 1403 Ἰησοῦ
928 1351 941 1363 ο
971 1333 1085 1386 ἀλλ’
1121 1336 1209 1387 ἐπ’
1231 1333 1421 1404 ἀγα.θῷ
1448 1336 1589 1388 τέλει
1617 1338 1710 1389 καὶ
1741 1338 1832 1391 τοῦ
1869 1342 1926 1392 ἐν

341 1425 550 1493 Μωῦσῇ
585 1421 720 1474 Θεοῦ
765 1423 1056 1493 ἀκούομεν,
1106 1424 1196 1477 καὶ
1230 1425 1320 1476 τὸν
1363 1427 1806 1498 μαρτυρούμενον
1833 1431 1926 1482 ὑπ’

338 1512 504 1564 αὑτοῦ
535 1511 666 1565 Θεὸν
707 1511 912 1582 Ἰησοῦν
939 1512 1014 1574 ὡς
1040 1513 1170 1565 Υίὸν
1214 1513 1349 1566 Θεοῦ
1380 1515 1814 1588 παρεδεξάμεθα,
1858 1521 1926 1572 τά

338 1604 539 1673 ἄριστα
568 1601 900 1666 ἐλπίζοντες,
937 1602 1076 1655 ἐπὰν
1106 1604 1247 1658 κατά
1283 1605 1375 1657 τὸν
1412 1606 1568 1674 λόγον
1609 1609 1774 1662 αὑτοῦ
1809 1609 1930 1679 βιώ-

2103 786 2192 839 5-1.
2225 785 2331 839 Sed
2387 789 2644 853 quoniam
2701 801 2798 855 pro
2850 788 3057 842 viribus
3088 789 3156 842 ad
3195 786 3337 843 Celsi
3388 788 3608 846 Judazos

2031 889 2325 943 eorumque
2397 878 2650 945 dogmata
2744 878 3070 932 inseetantis
3140 878 3442 934 calumnias
3522 897 3609 938 re-

2029 965 2376 1034 spondimus,
2408 981 2539 1036 age,
2593 969 2934 1035 sequentium
2981 968 3232 1024 examine
3257 974 3610 1028 ostendamus

2029 1057 2356 1127 arrogantiae
2406 1060 2542 1112 verti
2575 1075 2682 1112 non
2715 1061 2947 1126 debere,
3011 1063 3154 1129 quod
3216 1064 3371 1118 nobis
3427 1067 3607 1135 magni

2031 1149 2194 1218 617
2232 1148 2323 1202 Dei
2353 1149 2598 1202 notitiam
2628 1150 3002 1216 vindicamus;
3033 1167 3132 1206 nos
3156 1153 3357 1224 Moysis
3385 1166 3479 1208 aut
3529 1158 3609 1226 ip—

2036 1239 2148 1292 sius
2189 1237 2315 1292 Jesn
2367 1240 2537 1293 nostri
2589 1240 2889 1296 Salvatoris
2908 1245 3228 1312 \prmstigiis
3277 1261 3380 1300 non
3443 1246 3609 1303 fuisse

2034 1332 2466 1395 circumventos;
2497 1331 2626 1399 quin
2664 1332 2842 1400 potius
2877 1348 2977 1386 nos
3013 1350 3208 1403 magno
3239 1349 3427 1393 nostro
3459 1355 3608 1394 com-

2036 1418 2198 1475 modo
2225 1422 2392 1476 Deum
2423 1422 2477 1476 in
2508 1422 2693 1492 Moyse
2739 1423 3048 1491 loquentem
3082 1430 3288 1495 audire,
3319 1443 3373 1485 et
3395 1431 3608 1499 Jesum,

2033 1529 2195 1582 quem
2233 1512 2375 1568 Deus
2399 1515 2512 1583 ipse
2552 1514 2720 1569 Demn
2753 1530 2875 1570 esse
2907 1525 3154 1583 testatur,
3192 1531 3250 1574 ut
3289 1522 3379 1577 Dei
3410 1525 3606 1580 Filium

2038 1606 2300 1674 recipere.
2335 1623 2457 1660 cum
2488 1623 2583 1676 spe
2607 1606 2743 1672 fore,
2779 1619 2856 1672 ut,
2899 1609 2943 1664 si
2970 1608 3085 1677 ejus
3119 1617 3404 1682 praeceptis
3441 1619 3606 1673 vitam

340 1711 543 1764 σωμεν.
585 1693 832 1756 Ἑκόντες
864 1693 908 1745 δ’
937 1695 1363 1765 ὑπερϐησόμεθα
1393 1697 1566 1750 εἰπεῖν
1607 1701 1686 1760 εἰς
1733 1699 1768 1752 ἀ
1798 1718 1923 1771 προ-

2037 1698 2427 1765 componimus,
2501 1699 2740 1753 maxima
2789 1701 2931 1756 bona
2980 1717 3400 1773 consequamur.
3480 1710 3609 1776 Quae

338 1783 598 1848 λαϐόντες
651 1779 978 1855 ἐξεοέμεθα,
1033 1785 1379 1850 διδάσκοντες
1443 1808 1461 1838 ι
1490 1788 1652 1842 πόθεν
1698 1789 1926 1862 ἥκομεν,

338 1875 434 1928 καὶ
466 1876 586 1927 τίνα
636 1875 876 1945 ἀρχηγὸν
923 1875 1139 1946 ἔχομεν,
1186 1877 1280 1929 καὶ
1309 1876 1394 1939 τίς
1424 1878 1454 1928 ὁ
1480 1878 1588 1930 ἀπὸ
1635 1878 1822 1932 τούτου
1852 1881 1930 1934 νό-

340 1983 458 2036 μος.
488 1985 504 2016 ι
545 1966 666 2019 Κᾶν
713 1967 968 2036 βούληταί
1019 1985 1081 2035 γε
1128 1969 1275 2038 ἡμᾶς
1308 1968 1474 2039 μηδὲν
1519 1969 1796 2042 διαφέρειν
1819 1973 1929 2027 τῶν

335 2060 427 2113 τὸν
449 2062 672 2132 τράγον,
699 2060 731 2131 ἢ
758 2061 1036 2133 τὸνκριὸν,
1107 2063 1198 2114 τὸν
1225 2061 1583 2132 κροκόδειλον,
1610 2063 1642 2133 ἢ
1667 2053 1758 2118 τδν
1777 2065 1925 2136 βοῦν,

337 2154 370 2225 ἢ
406 2154 498 2206 τὸν
531 2155 695 2207 ἵππον
721 2154 810 2206 τὸν
838 2155 1104 2224 ποτάμιον
1133 2153 1230 2224 (8),
1279 2153 1312 2224 ἢ
1345 2154 1436 2207 τὸν
1473 2157 1856 2226 κυνοκέφαλον,
1893 2160 1924 2231 ἢ

337 2245 588 2318 αἴλουρον
641 2247 906 2300 σεϐόντων
959 2247 1292 2315 Αἰγυπτίων,
1344 2249 1372 2300 ὁ
1409 2247 1615 2311 Κέλσος
1669 2249 1830 2312 αὐτὸς
1863 2250 1928 2304 ἂν

337 2339 526 2410 εξδείη,
556 2339 650 2391 καὶ
671 2343 731 2394 εἴ
760 2355 843 2401 τις
878 2337 1026 2408 αὐτῷ
1061 2338 1190 2408 περὶ
1223 2337 1413 2390 τούτου
1453 2338 1730 2407 ὁμοδοξεῖ·
1767 2343 1927 2412 ἡμεῖς

334 2428 414 2493 δὲ,
472 2431 569 2501 ὅση
620 2429 868 2498 δύναμις,
920 2426 1009 2480 διὰ
1059 2427 1266 2481 πολλῶν
1316 2429 1374 2481 ἐν
1425 2432 1536 2493 τοῖς
1573 2432 1679 2501 πρὸ
1722 2432 1928 2487 τούτων

338 2521 468 2590 περὶ
522 2521 624 2589 τῆς
675 2523 754 2582 είς
807 2520 899 2572 τὸν
937 2518 1144 2590 Ἰησοῦν
1195 2518 1350 2590 ἡμῶν
1384 2522 1548 2591 τιμῆς
1583 2523 1927 2594 ἀπελογησά-

341 2614 504 2685 μεθα,
553 2613 878 2677 δεικνύντες,
935 2614 1014 2665 ὄτι
1052 2615 1297 2684 κρεῖττον
1332 2615 1595 2684 εὕρομεν·
1650 2617 1741 2668 καὶ
1781 2618 1928 2686 μόνοι

337 2707 520 2775 ἡμεῖς,
571 2704 632 2756 τὸ
681 2701 939 2774 καθαρῶς
975 2702 1068 2754 καὶ
1115 2702 1310 2770 ἀμιγὲς
1347 2702 1422 2773 (9)
1458 2702 1593 2772 πρὸς
1637 2703 1698 2755 τὸ
1735 2703 1927 2772 ψεῦδος

338 2794 536 2864 ἀληθὲς
584 2795 642 2845 ἐν
686 2795 752 2863 τῇ
799 2791 974 2863 Ἰησοῦ
1005 2791 1241 2863 Χριστοῦ
1285 2792 1603 2864 διδασκαλίᾳ
1635 2795 1929 2862 ἀποφαινό-

340 2903 492 2957 μενοι
528 2878 688 2948 εἴναι,
725 2885 822 2953 οὐχ
869 2885 1116 2948 ἑαυτοὺς,
1147 2882 1280 2936 ἀλλὰ
1325 2884 1418 2936 τὸν
1450 2885 1766 2939 διδάσκαλον
1801 2905 1927 2940 συν-

339 2979 586 3050 ίσταμεν,
638 2976 742 3029 ὑπὸ
773 2975 866 3028 τοῦ
903 2976 995 3028 ἐπὶ
1025 2977 1156 3028 πᾶσι
1191 2974 1326 3027 Θεοῦ
1365 2975 1453 3028 διὰ
1486 2976 1744 3031 πλειόνων
1781 2997 1924 3050 μαρ-

2034 1802 2160 1841 vero
2210 1803 2308 1841 nos
2350 1788 2440 1843 hic
2489 1789 2809 1861 interrogat,
2859 1796 3045 1850 «unde
3078 1798 3396 1856 veniamus?
3442 1818 3606 1870 quem

2032 1873 2330 1930 habeamus
2362 1878 2595 1933 ducem?
2642 1896 2890 1950 quaenam
2944 1885 3017 1938 sit
3048 1884 3164 1952 ej-us
3194 1886 3319 1942 lex?
3343 1909 3362 1942 ›
3419 1905 3480 1946 ca
3526 1893 3610 1948 lu-

2030 1965 2166 2019 bens
2198 1977 2484 2034 praetereo.
2521 1970 2647 2025 flare
2678 1973 2823 2026 enim
2859 1978 3037 2028 omnia
3060 1978 3175 2045 jam
3200 1983 3606 2050 occupavimus.

2032 2055 2185 2122 Quod
2235 2058 2311 2110 ait
2347 2060 2479 2112 nihil
2515 2077 2615 2116 nos
2667 2063 2885 2120 dilferre
2936 2066 3004 2120 ab
3032 2067 3317 2139 Egyptiis,
3379 2075 3471 2143 qui
3517 2087 3610 2132 aut

2032 2146 2269 2212 hircum,
2325 2161 2419 2202 aut
2468 2151 2715 2220 arietem,
2752 2165 2845 2209 aut
2889 2159 3240 2228 crocodilum,
3271 2175 3365 2219 aut
3391 2166 3606 2235 bovem,

2034 2249 2127 2292 aut
2157 2241 2626 2310 bippopotamum,
2682 2257 2775 2298 aut
2812 2253 3262 2321 cynocephalum,
3309 2267 3404 2310 aut
3449 2259 3606 2315 felem

2030 2330 2237 2394 colunt,
2276 2335 2391 2402 ipse
2418 2334 2616 2388 viderit
2651 2346 2706 2390 et
2745 2338 2788 2390 si
2831 2340 2922 2407 qui
2955 2340 3008 2394 in
3043 2347 3230 2398 eadem
3263 2360 3327 2401 ac
3365 2347 3454 2402 illc
3485 2363 3610 2403 sen-

2033 2425 2198 2478 tentia
2226 2438 2497 2479 versatur.
2558 2425 2668 2480 Nos
2712 2444 2809 2496 pro
2848 2431 2985 2483 virili
3022 2433 3268 2500 pluribus
3301 2453 3462 2505 supra
3503 2443 3607 2494 cul-

2035 2524 2119 2569 tus
2140 2514 2266 2570 Jesu
2295 2533 2322 2569 a
2353 2517 2512 2572 nobis
2536 2519 2724 2573 tributi
2776 2523 3042 2576 rationem
3085 2526 3441 2596 reddidimus,
3478 2546 3606 2599 pro-

2031 2608 2387 2675 bavimusqne
2421 2624 2528 2662 non
2560 2609 2732 2665 fuisse
2779 2612 3060 2668 meliorem
3095 2626 3304 2684 partem
3349 2621 3417 2673 ad
3446 2633 3604 2689 quam

2034 2713 2132 2753 nos
2182 2698 2603 2766 applicaremus.
2666 2700 2799 2755 Cum
2850 2711 3028 2756 autem
3092 2707 3142 2757 in
3183 2705 3309 2760 Jcsu
3358 2708 3605 2764 dor-trina

2032 2789 2413 2844 contendimus
2457 2789 2685 2844 inveniri
2723 2806 2914 2860 puram
2964 2805 3016 2847 et
3047 2795 3115 2848 ab
3149 2797 3293 2850 omni
3326 2801 3607 2856 mendacio

2032 2894 2258 2933 vacuam
2283 2881 2568 2934 veritatem
2590 2919 2604 2942 ,
2637 2896 2741 2934 non
2791 2898 2890 2937 nos
2922 2883 3049 2952 ipsi,
3075 2887 3172 2940 sed
3203 2888 3478 2945 doctorem
3512 2907 3610 2946 no-

2033 2981 2205 3025 strum
2234 2971 2699 3034 commendamus,
2732 2973 2818 3025 cui
2867 2973 3049 3029 multis
3095 2979 3427 3044 argumentis
3462 2995 3610 3035 sum-

336 3070 660 3141 τυρηοέντα,
689 3069 783 3122 καὶ
814 3067 922 3121 τῶν
960 3066 1311 3140 προφητικῶν
1340 3068 1398 3119 ἐν
1437 3068 1701 3132 Ἰουδαίοις
1730 3069 1922 3139 λόγων,

2037 3076 2157 3115 rnns
2200 3061 2364 3125 Dens,
2413 3063 2732 3130 prophetica
2773 3061 3082 3117 Judacorum
3115 3041 3336 3136 scripta.
3380 3069 3608 3137 ipsamet

337 3164 434 3216 καὶ
469 3163 638 3232 αὐτῆς
688 3163 789 3232 τῆς
821 3162 1106 3232 ἐναργείας
1131 3179 1142 3191 ·
1179 3160 1446 3214 δείκνυται
1481 3161 1589 3233 γὰρ
1638 3163 1739 3215 οὐκ
1776 3164 1927 3218 ἀθεεὶ

339 3251 410 3304 τὰ
437 3251 736 3324 τηλικαῦτα
761 3253 946 3323 δεδυνη
957 3254 1135 3322 μένος.

419 3432 520 3483 Ἦν
545 3430 600 3482 δὲ
628 3429 926 3500 βουλόμεθα
957 3430 1209 3494 ἐξετάσαι
1238 3431 1332 3484 νῦν
1388 3433 1480 3484 τοῦ
1513 3432 1719 3485 Κέλσου
1751 3432 1922 3498 λέξιν,

339 3523 514 3586 οῦτως
547 3521 691 3592 ἔχει’
752 3541 769 3571 ι
798 3523 907 3574 Καὶ
938 3521 1000 3592 δὴ
1036 3522 1462 3594 παραλείπωμεν
1498 3522 1516 3586 (
1524 3523 1605 3590 ’10)
1659 3524 1756 3575 ὅσα
1799 3527 1926 3594 περὶ

337 3614 432 3668 τοῦ
479 3614 800 3668 διδασκάλου
865 3613 1252 3682 διελέγχονται,
1311 3615 1405 3667 καὶ
1442 3615 1666 3668 δοκείτω
1721 3633 1804 3679 τις
1851 3617 1926 3680 ὡς

338 3707 553 3779 ἀληθῶς
580 3705 827 3776 ἄγγελος.
857 3698 1000 3758 τΗπιιε
1046 3704 1102 3758 δὲ
1138 3705 1361 3776 πότερον
1407 3700 1558 3768 οὗτος
1592 3706 1807 3777 πρῶτος
1832 3709 1926 3760 καὶ

342 3801 521 3873 μόνος,
558 3801 590 3870 ἢ
637 3802 731 3852 καὶ
764 3799 910 3852 ἄλλοι
936 3798 1231 3869 πρότερον;
1270 3799 1331 3849 Εἰ
1370 3797 1466 3867 μὲν
1506 3802 1682 3867 φαῖεν,
1713 3800 1792 3852 ὅτι
1832 3800 1926 3870 μό-

338 3908 446 3954 νος,
503 3889 806 3959 ἐλέγχοιντο
856 3887 921 3940 ἂν
968 3886 1183 3939 ἐναντία
1231 3888 1380 3955 σφίσι
1424 3886 1758 3958 ψευδόμενοι.
1811 3886 1923 3940 Ἐλ-

338 3981 450 4033 θεῖν
484 3979 591 4049 γάρ
635 3980 729 4031 καὶ⁴
759 3977 950 4040 ἄλλους
995 3976 1212 4044 λέγουσι
1247 3977 1523 4040 πολλάκις,
1573 3979 1665 4029 καὶ
1692 3977 1826 4046 ὁμοῦ
1861 3994 1923 4045 γε

337 4071 666 4144 ἐξήκονταῆ
711 4070 1098 4140 ἐϐδομήκοντα,
1155 4069 1248 4131 οὓς
1287 4069 1350 4138 δὴ
1395 4070 1645 4136 γενέσθαι
1699 4072 1921 4133 κακοὺς,

337 4163 434 4216 καὶ
467 4159 789 4225 κολάζεσθαι
823 4160 1040 4229 δεσμοῖς
1091 4158 1504 4227 ,ὑποϐληθέντας
1540 4161 1596 4210 ἐν
1658 4162 1762 4229 γῇο
1802 4159 1924 4212 ὅθεν

336 4256 430 4307 καὶ¹
462 4251 559 4316 τὰς
585 4251 791 4323 θερμὰς
825 4249 1008 4322 πηγὰς
1034 4249 1170 4302 εἶναι
1201 4249 1269 4302 τά
1304 4250 1525 4301 ἐκείνων
1549 4249 1776 4319 δάκρυα.
1816 4252 1925 4302 Καὶ

339 4345 446 4417 μὴν
480 4345 571 4398 καὶ
605 4344 740 4414 πρὸς
773 4342 863 4395 τὸν
886 4341 1050 4394 αὑτοῦ
1085 4340 1236 4394 τοῦδε
1263 4342 1434 4409 τάφον
1470 4339 1642 4394 ἐλθεῖν
1671 4341 1919 4409 ἄγγελον,

334 4440 384 4491 οἱ
420 4438 519 4508 μὲν
551 4436 666 4502 ἕνα,
702 4437 748 4488 oi
781 4436 835 4488 δὲ
872 4435 984 4495 δύο,
1018 4435 1143 4498 τοὺς
1178 4433 1642 4504 ἀποκρινομένους
1675 4435 1794 4495 ταῖς
1821 4449 1920 4500 γυ-

335 4527 528 4592 ναιξὶν,
557 4528 640 4581 ὅτι
675 4527 894 4596 ἀνέστη.
940 4526 996 4577 Ὀ
1050 4523 1158 4595 γὰρ
1187 4523 1281 4576 τοῦ
1331 4522 1466 4576 Θεοῦ
1504 4524 1660 4586 Παῖς,
1710 4523 1784 4586 ὡς
1819 4521 1924 4574 ἔοι-

334 4637 450 4683 κεν,
483 4621 582 4672 οῦκ
611 4618 834 4672 ἐδύνατο
877 4617 1080 4680 ἀνοῖξαι
1109 4618 1198 4669 τὸν
1229 4617 1418 4686 τάφον,
1455 4613 1566 4668 ἀλλ’
1603 4612 1792 4684 ἐδεήθη
1832 4611 1924 4664 ἄλ-

333 4713 428 4767 λου
475 4713 896 4782 ἀποκινήσοντος
943 4710 1051 4780 (Η)
1087 4709 1185 4780 τὴν
1237 4709 1460 4780 πέτραν.
1517 4708 1637 4760 Ἔτι
1677 4705 1776 4776 μὲν
1828 4704 1922 4757 καὶ

337 4803 477 4873 ὑπὲρ
524 4804 624 4874 τῆς
671 4803 890 4874 Μαρίας
937 4799 1175 4872 κυούσης
1212 4801 1350 4875 πρὸς
1393 4800 1485 4852 τὸν
1528 4798 1755 4850 τέκτονα
1787 4791 1921 4868 ἧκεν

334 5056 413 5127 τῷ
441 5055 659 5127 Θεῳ,οι
681 5054 749 5109 ad
771 5070 919 5110 oram
941 5055 1018 5124 τῷ
1058 5054 1254 5127 Ἰησοῦ.
1277 5053 1428 5127 ρυῙά
1441 5051 1660 5127 si_vgrq_
1683 5059 1914 5127 utraque

336 5119 502 5181 lectio
531 5119 821 5180 coalescat
867 5127 920 5179 in
955 5119 1131 5180 u'natn'
1171 5125 1330 5177 istam
1361 5121 1439 5191 τῷ
1467 5119 1586 5190 Θεῷ
1624 5119 1821 5191 Ἰησοῦ,
1855 5130 1915 5172 ut

333 5197 607 5272 referatur
633 5193 805 5272 Ἰησοῦ
832 5196 882 5272 in
913 5194 1150 5272 genitivo
1180 5195 1245 5246 ad
1277 5189 1741 5272 μεταστήσαντος
1777 5189 1914 5272 [οι-ιε

333 5269 496 5321 etiam
549 5266 652 5335 legi
695 5257 874 5331 possit.
902 5257 1297 5335 πιστεύσαντας
1331 5257 1731 5335 αὐτῷίςῐησοῦ.
1784 5257 1916 5313 Utut

332 5348 438 5403 est,
469 5327 782 5390 Bohérellns
805 5343 858 5389 et
877 5334 1107 5389 Gnietus
1137 5333 1339 5400 legunt,
1373 5327 1470 5383 τοῦ
1510 5327 1707 5399 Ἰησοῦ,
1732 5337 1786 5381 et
1822 5343 1909 5382 re-

330 5408 516 5464 ferunt
539 5407 604 5460 ad
633 5405 946 5474 pra-cedens
971 5403 1426 5474 μεταστήσαντος.

403 5478 480 5548 (7)
515 5477 587 5530 Τὰ
606 5468 939 5545 ἐγκείμεγα.
969 5468 1166 5527 Guielo
1194 5468 1544 5525 Scribetttium
1593 5469 1808 5523 videtur
1843 5468 1911 5520 τά

330 5551 730 5688 ὲκῗὲζξξῖτῗτον
758 5612 1201 5688 τόνγπστὰμιοφρ.
1238 5611 1316 5665 lta
1342 5611 1681 5688 rectc__codd.
1712 5609 1912 5688 ﬁegins

333 5679 786 5744 et'Basileensis.
845 5679 1055 5756 sirqne’
1096 5681 1417 5756 Aristoteles
1473 5680 1567 5734 lib.
1608 5679 1906 5756 n___Histor.

335 5760 578 5826 animal.,
611 5775 730 5827 cap.
759 5759 812 5826 7,
853 5759 880 5811 ὁ
912 5751 968 5811 δέ
1003 5757 1168 5819 ἵππος
1200 5756 1229 5806 ὁ
1255 5751 1542 5823 ποτάμιος,
1579 5760 1634 5806 et
1662 5751 1756 5806 lib.
1784 5766 1903 5814 vm,

2035 3164 2213 3224 rerum
2246 3149 2517 3203 evidentia
2565 3150 2932 3204 testimonium
2963 3153 3272 3219 perhibent.
3315 3156 3416 3210 Tot
3463 3161 3606 3216 enim

2031 3241 2100 3296 ab
2131 3242 2223 3296 illo
2250 3227 2367 3295 lieri
2399 3258 2502 3295 non
2537 3241 2781 3312 petnisse
2809 3243 2927 3298 sine
2959 3243 3068 3300 Deo
3102 3248 3386 3316 miracula,
3437 3255 3610 3307 mani-

2030 3332 2229 3388 festum
2261 3342 2360 3388 est.

2235 3424 2365 3491 Quae
2394 3442 2538 3480 nunc
2566 3427 2710 3483 Celsi
2763 3430 2924 3484 verba
2959 3430 3171 3486 animus
3212 3442 3296 3486 est
3330 3441 3603 3497 excutere.

2031 3519 2146 3572 bare
2176 3530 2301 3573 sunt
2335 3540 2349 3574 :
2389 3541 2408 3572 ι
2432 3522 2574 3577 Sane
2619 3521 2994 3590 relinquamus
3029 3537 3113 3581 ea,
3150 3538 3270 3590 quae
3319 3534 3504 3578 contra
3541 3527 3606 3579 il-

2031 3610 2116 3667 los
2147 3612 2213 3666 dc
2249 3628 2346 3666 suo
2385 3613 2645 3682 magistro
2679 3611 2862 3666 aﬂ‘erri
2917 3621 3166 3680 possunt.
3218 3611 3414 3667 Demus
3459 3614 3606 3670 illum

2032 3717 2157 3757 vere
2211 3717 2332 3757 esse
2366 3701 2655 3771 quemdam
2699 3700 2970 3769 angelum.
3034 3701 3102 3755 At
3130 3703 3349 3757 venitne
3382 3703 3470 3757 ille
3499 3706 3610 3773 pri-

2029 3811 2151 3850 mus
2189 3810 2254 3847 ac
2283 3794 2466 3849 solus?
2526 3793 2608 3847 An
2643 3793 2732 3848 alii
2766 3794 2918 3862 prius
2944 3794 3244 3848 venerunt?
3295 3791 3351 3847 Si
3384 3809 3609 3864 respon-

2029 3885 2209 3938 derint
2261 3883 2436 3939 solnm
2491 3885 2726 3948 venisse,
2787 3884 3006 3938 mentiri
3059 3899 3242 3939 secum
3312 3889 3606 3954 pugnantia

2028 3985 2346 4046 argnentur.
2390 3977 2545 4045 Saepe
2591 3976 2816 4030 enimet
2870 3975 3006 4029 alios
3039 3977 3250 4030 venisse
3284 3977 3606 4044 praedicant,

2028 4084 2221 4138 nempe
2249 4069 2530 4139 sexaginta
2567 4067 2750 4130 simul,
2804 4077 2896 4120 aut
2943 4067 3306 4137 septuaginta,
3339 4069 3453 4137 qui,
3484 4084 3605 4123 cum

2031 4159 2156 4214 facti
2208 4159 2438 4214 fuissent
2481 4159 2632 4222 mali,
2689 4158 2920 4212 vinculis
2973 4158 3072 4211 sub
3137 4166 3280 4211 terra
3328 4159 3606 4212 constricti

2027 4267 2249 4306 suorum
2285 4253 2574 4305 criminum
2625 4265 2815 4319 ptenas
2839 4248 3009 4310 luunt,
3043 4258 3094 4304 et
3127 4263 3189 4304 ex
3217 4261 3402 4304 eorum
3432 4247 3609 4322 lacry-

2031 4345 2132 4396 mis
2161 4343 2365 4397 calidos
2414 4342 2591 4395 fontes
2623 4341 2852 4395 exoriri.
2894 4341 2959 4394 Et
2992 4341 3057 4394 ad
3109 4340 3268 4408 hujus
3295 4342 3605 4410 sepulcrum

2029 4436 2120 4487 alii
2152 4449 2341 4497 unum,
2381 4433 2471 4486 alii
2527 4433 2662 4486 duos
2714 4432 2895 4486 lerunt
2931 4433 3156 4501 angelos
3209 4431 3424 4486 venisse
3470 4449 3605 4486 nun-

2030 4526 2222 4579 tiatum
2252 4523 2596 4587 mulieribus,
2627 4522 2773 4576 illum
2805 4539 2835 4578 e
2877 4523 3104 4578 mortuis
3134 4523 3457 4578 surrexisse.
3511 4525 3606 4579 Dei

2027 4612 2172 4666 enim
2203 4610 2395 4676 Filius,
2425 4613 2608 4673 credo,
2642 4625 2746 4664 non
2776 4612 2949 4679 potuit
2995 4612 3304 4679 sepulcrum
3341 4623 3602 4683 relegere,

2029 4714 2083 4759 et
2117 4704 2225 4760 alio
2277 4719 2414 4774 opus
2464 4703 2654 4757 habuit
2700 4704 2788 4772 qui
2821 4703 3049 4779 lapidem
3092 4714 3418 4762 removeret.
3456 4706 3608 4761 Alter

2029 4798 2206 4850 adhuc
2245 4796 2468 4867 angelus
2505 4795 2715 4849 fabrum
2769 4796 3048 4852 admonuit
3077 4795 3300 4850 Mariam
3333 4811 3454 4852 esse
3485 4813 3606 4869 gre-

2017 5065 2064 5103 c.
2091 5049 2182 5113 24,
2213 5051 2402 5103 διὸκαὶ
2433 5052 2465 5120 ἠ
2493 5051 2586 5103 τοῦ
2624 5047 2890 5120 ποταμίου
2915 5047 3082 5120 ἵππου
3103 5049 3281 5118 φύσις.
3313 5049 3450 5103 Male
3476 5064 3607 5117 ergo

2020 5120 2359 5174 lloeschelius
2390 5117 2787 5188 et'Spencerus
2831 5119 2933 5172 hoc
2964 5117 3081 5174 loco
3117 5117 3334 5182 habent,
3371 5120 3606 5171 ἱπποποο

2017 5189 2232 5259 τάμιον.
2275 5188 2590 5259 Legendum
2621 5199 2740 5244 erat
2775 5189 2954 5257 potius
2984 5188 3385 5256 ἱπποπόταμον.

2089 5282 2163 5351 (9)
2203 5281 2272 5334 Τὸ
2300 5280 2568 5348 καθαρῶς
2612 5281 2710 5333 καὶ
2752 5277 2979 5399 ἀμιῖἐς.
3034 5278 3215 5331 Malim
3264 5292 3385 5330 cum
3431 5275 3603 5329 Bche-

2089 5353 2180 5399 lln-
2211 5351 2272 5399 τὸ
2308 5350 2548 5399 καθαρὸν
2582 5350 2676 5399 καὶ
2704 5350 2844 5399 dum
2879 5365 2925 5399 ς.

2024 5350 2180 5413 rello,
2211 5351 2272 5403 τὸ
2308 5350 2548 5422 καθαρὸν
2582 5350 2676 5404 καὶ
2704 5350 2925 5418 ἀμιγές.

2091 5444 2201 5517 (10)
2243 5441 2469 5517 Primus
2503 5445 2691 5517 _CQ(IC_X
2742 5441 3096 5517 Atrglicanns,
3148 5435 3598 5517 παραλείπωμεν,

2022 5507 2210 5583 sicque
2243 5515 2457 5584 legebat
2491 5514 2765 5569 Gelenius.
2814 5507 3154 5563 Hmschelius
3184 5520 3313 5560 vero
3342 5517 3397 5560 et
3421 5507 3598 5576 Spen—

2021 5601 2198 5650 cerus,
2233 5584 2659 5655 παραλείπομεν.

2096 5679 2207 5748 (H)
2237 5681 2437 5733 Omnes
2468 5679 2624 5736 codd.
2651 5693 2808 5745 mss.,
2839 5671 3284 5742 ἀποκινήσαντος.
3324 5668 3596 5742 Ιιυιηέεείι

2022 5753 2477 5820 ἀποκινήσαντος.
