3990 6158
424 285 564 340 £263

1917 277 2240 337 ORICENIS

3555 277 3688 334 121M

423 403 631 455 vidam.
695 399 847 454 Alter
895 400 1058 454 etiam
1102 401 1284 468 tussit,
1321 408 1543 470 accepto
1591 412 1775 466 puero,
1823 396 1990 473 fugam

2111 393 2374 460 ἄγγελος·
2417 393 2507 445 καὶ
2541 391 2677 461 ὑπὲρ
2713 393 2804 444 τοῦ
2831 393 2890 444 τὸ
2924 391 3118 462 βρέφος
3153 393 3568 463 ἐξαρπάίταντας
3603 415 3694 464 CFW

423 507 732 563 capessere.
785 491 851 545 Et
877 504 1138 558 quorsum
1169 491 1285 545 hanc
1319 500 1462 544 tanta
1497 488 1817 558 diligentia?
1862 489 2002 555 Quid

424 601 563 654 opus
593 593 677 640 est
711 583 1020 637 enumerari
1059 596 1248 637 omnes
1323 583 1416 651 qui
1491 583 1555 635 ad
1590 581 1808 653 Moysen
1850 591 1904 635 et
1937 581 2002 634 ad

423 677 563 731 alios
591 691 655 730 ex
695 674 824 742 ipsis
877 673 1024 727 missi
1057 673 1222 726 sunt?
1259 671 1352 727 Sin
1403 673 1567 743 igitur
1618 673 1764 727 missi
1797 681 1922 726 sunt
1951 682 2004 726 et

423 769 536 836 alii,
587 767 805 837 planum
863 772 952 819 est
993 775 1049 819 ct
1103 765 1244 819 Itum:
1301 767 1369 820 ab
1400 767 1588 820 eodem
1632 766 1738 820 Deo
1779 765 2000 820 missum

423 875 561 918 esse.
621 858 756 912 Volo
806 856 970 912 etiam
1014 856 1162 910 illum
1216 857 1286 912 ob
1343 871 1430 911 res
1475 855 1699 924 majoris
1745 854 2002 910 momenti

420 956 656 1022 legatum
695 949 882 1016 fuisse,
927 960 1022 1005 aut
1053 956 1270 1018 propter
1300 946 1877 1016 peccataludmorum,
1906 954 2002 1000 aut

417 1051 640 1116 propter
689 1042 1167 1111 interpretationes
1212 1039 1411 1107 quibus
1468 1053 1622 1093 suam
1681 1037 1998 1108 religionem

419 1138 804 1206 depravarent,
869 1141 963 1186 aut
1019 1142 1241 1201 propter
1309 1145 1520 1185 morum
1574 1129 1996 1201 improbitatem.

420 1227 545 1281 llaec
577 1225 723 1280 enim
757 1221 1108 1278 subindicare
1135 1221 1407 1275 videntur.
1442 1240 1463 1273 ι

483 1316 652 1387 618
678 1316 768 1372 55.
809 1313 935 1368 Πιεο
966 1321 1024 1366 ut
1061 1311 1466 1380 refellerentur,
1501 1312 1635 1368 satis
1661 1313 1876 1382 quidem
1907 1328 1997 1369 es-

415 1419 538 1466 sent
587 1423 709 1478 qua:
762 1421 925 1476 supra
958 1407 1101 1462 dicta
1145 1414 1296 1475 sunt,
1327 1404 1416 1459 ubi
1448 1404 1677 1460 seorsim
1711 1405 1777 1460 de
1808 1404 1997 1458 Salva-

417 1511 536 1557 tore
580 1508 773 1555 nostro
798 1498 926 1555 Jcsu
951 1499 1180 1554 Christo
1207 1508 1399 1552 contra
1433 1495 1651 1552 Celsum
1684 1510 1994 1552 sermonem

411 1593 643 1649 fecimus
670 1610 684 1647 :
717 1594 834 1660 sed,
868 1605 938 1648 ne
965 1591 1246 1647 videamur
1273 1590 1478 1660 aliquid
1503 1590 1620 1660 ejus
1645 1591 1836 1661 scripti
1869 1607 1997 1661 prae-

415 1685 745 1752 termittere,
795 1685 950 1755 quasi
1003 1683 1140 1740 nihil
1191 1683 1349 1738 nobis
1392 1691 1536 1738 esset
1587 1684 1729 1753 quod
1781 1699 1995 1754 respon-

2108 491 2224 554 γεῖν
2278 486 2434 549 ἄλλος
2473 487 2720 552 ἄγγελος.
2778 485 2883 538 Καὶ
2918 485 2970 536 τί
3005 485 3085 536 δεῖ
3118 487 3292 538 πάντα
3323 485 3695 557 ἀκριϐολογεῖ-

2109 578 2252 643 σθαι,
2289 579 2528 642 καὶτοὺς
2553 579 2758 646 Μωῦσῇ
2793 593 2849 628 τε
2878 577 2972 629 καὶ
2999 576 3178 640 ἄλλοις
3205 577 3383 630 αὐτῶν
3415 578 3528 647 (12)
3555 596 3692 648 πεμ-

2107 670 2306 739 φθῆναι
2356 669 2681 739 λεγομένους
2723 666 3090 737 ἀπαριθμεῖν;
3121 669 3183 721 Εἰ
3209 668 3384 721 τοίνυν
3411 668 3688 738 ἐπέμφθη-

2108 777 2206 812 σαν
2261 762 2354 813 καὶ
2407 759 2574 825 ἄλλοι,
2633 759 2812 829 δῆλον,
2859 760 2941 812 ὅτι
2989 759 3082 812 καὶ
3106 759 3188 812 ὃδε
3220 760 3370 830 παρὰ
3398 759 3492 813 τοῦ
3527 761 3692 814 αὐτοῦ

2104 851 2258 904 Θεοῦ.
2311 851 2502 905 Πλεῖον
2529 852 2586 906 δέ
2625 868 2679 904 τι
2721 851 3004 920 ἀγγέλλειν
3037 851 3281 914 δοκείτω,
3317 851 3469 922 φέρε,
3502 851 3694 922 ῶσπερ

2105 940 2569 1012 πλημμελούντων
2618 958 2669 993 τι
2733 939 3018 1004 Ἰουδαίων,
3069 941 3102 1011 ἢ
3163 941 3696 1011 παραχαραττὸντων

2101 1029 2200 1099 τὴν
2247 1030 2552 1094 εὐσέϐειαν,
2587 1031 2620 1101 ἦ
2653 1029 2755 1091 οὐχ
2778 1031 2901 1084 ὅσια
2935 1029 3182 1101 δρώντων
3203 1047 3216 1060 ’
3253 1029 3423 1083 ταῦτα
3455 1029 3564 1101 γὰρ
3607 1032 3692 1083 αἰ-

2103 1120 2371 1174 νίττονται
2402 1121 2537 1190 (15).
2567 1139 2585 1171 ι

2176 1298 2375 1366 ’Ἤρκει
2415 1297 2514 1367 μὲν
2548 1289 2639 1348 οῦν
2672 1295 2741 1348 τὰ
2785 1296 3157 1367 προειρημένα
3182 1297 3239 1349 ἐν
3269 1298 3380 1360 τοῖς
3413 1298 3520 1368 ἰδίᾳ
3561 1300 3693 1370 περὶ

2101 1387 2194 1440 τοῦ
2228 1387 2479 1458 Σωτῆρος
2515 1386 2671 1456 ἡμῶν
2705 1384 2886 1456 Ἰησοῦ
2915 1385 3150 1455 Χριστοῦ
3185 1384 3517 1449 ἐξετασθεῖσι
3553 1387 3690 1458 πρὸς

2099 1479 2198 1543 τὰς
2230 1479 2439 1532 Κέλσου
2466 1477 2669 1545 λέξεις·
2697 1479 2782 1531 ἵνα
2814 1477 2870 1531 δὲ
2901 1477 2973 1549 μὴ
2997 1477 3242 1547 δοκῶμεν
3267 1479 3428 1531 τόπον
3455 1477 3580 1531 τινὰ
3601 1480 3690 1532 αῦ-

2098 1570 2193 1624 τοῦ
2220 1571 2320 1642 τῆς
2345 1570 2562 1642 γραφῆς
2611 1569 2957 1641 ὑπερϐαίνειν
2987 1569 3224 1632 ἑκόντες,
3259 1569 3334 1632 ὡς
3360 1569 3434 1640 μὴ
3471 1569 3687 1643 δεδυνη-

2103 1661 2253 1732 μένοι
2283 1660 2461 1728 λέγειν
2495 1661 2632 1732 πρὸς
2675 1662 2868 1714 αὐτόν·
2917 1660 3070 1732 φέρε,
3106 1663 3152 1714 εἰ
3206 1661 3301 1713 καὶ
3345 1661 3690 1730 ταυτολογεῖν

413 1779 668 1845 deamus;
716 1791 837 1848 age,
886 1776 1100 1833 etiamsi
1133 1775 1322 1831 eadem
1349 1775 1547 1829 iterare
1576 1773 1736 1829 Celso
1768 1783 1990 1843 cogente

2106 1750 2393 1822 μέλλομεν,
2431 1752 2524 1803 ἐπὶ
2567 1749 2724 1803 τοῦτο
2768 1752 2914 1821 ἡμᾶς
2944 1749 3038 1803 τοῦ
3068 1750 3276 1804 Κέλσου
3312 1752 3687 1823 προκαλουμέ-

413 1881 638 1924 necesse
673 1868 764 1934 sit,
815 1877 994 1923 tamen
1031 1882 1192 1937 quam
1248 1867 1547 1937 poterimus
1596 1865 1784 1936 paucis
1826 1867 2000 1922 disse-

414 1978 620 2018 ramus.
663 1962 919 2018 Fortasse
973 1962 1166 2018 iisdem
1207 1963 1275 2018 de
1333 1963 1494 2016 rebus
1524 1961 1819 2032 disputanti
1873 1976 1999 2016 suc-

412 2063 598 2110 curret
629 2054 908 2124 quidpiam
946 2069 1142 2110 novum
1190 2062 1246 2109 et
1275 2053 1589 2108 dilucidius.
1639 2054 1718 2108 Ac
1757 2055 1994 2124 primum

411 2148 491 2203 ait
525 2161 584 2202 se
625 2147 982 2217 «relinquere
1029 2164 1092 2203 ea
1123 2160 1242 2218 qute
1292 2155 1486 2202 contra
1536 2145 1878 2202 Christianos
1929 2147 1996 2202 de

409 2253 512 2292 suo
564 2239 828 2308 magistro
881 2239 987 2294 diei
1050 2246 1346 2308 possunt.»
1403 2237 1756 2306 Perspicuum
1813 2248 1993 2293 tamen

409 2340 494 2385 est
523 2343 590 2384 ex
622 2329 688 2385 iis
717 2344 838 2400 qua:
870 2344 1036 2400 supra
1069 2329 1232 2395 dixit,
1274 2327 1408 2383 nihil
1438 2330 1506 2384 ab
1542 2328 1634 2383 illo
1670 2329 1997 2398 praetermis-

407 2433 530 2476 sum
587 2435 706 2477 esse
756 2421 900 2490 quod
951 2421 1191 2490 objicere
1245 2419 1438 2490 potuit.
1502 2418 1616 2474 Hoc
1645 2432 1775 2473 vero
1825 2418 1996 2474 fuerit

407 2514 628 2569 schema
661 2513 1021 2570 rhetoricum.
1062 2512 1169 2569 Sed
1205 2513 1341 2568 nihil
1375 2511 1532 2566 nobis
1561 2513 1628 2566 de
1661 2522 1850 2568 nostro
1883 2509 1996 2566 Sal-

408 2612 597 2659 vatore
651 2605 970 2675 eXprobrari
1028 2619 1210 2674 posse,
1259 2604 1524 2674 quidquid
1581 2604 1670 2658 ille
1714 2604 1992 2660 criminari

406 2696 680 2762 videatur,
715 2707 927 2751 eertum
979 2696 1201 2752 habebit
1242 2696 1493 2765 quisquis
1530 2696 1778 2752 veritatis
1808 2710 1994 2752 amore

405 2789 599 2846 ductus
633 2789 922 2859 diligenter
968 2789 1290 2859 expenderit
1344 2805 1408 2844 ea
1459 2805 1580 2859 qua:
1625 2791 1692 2844 de
1724 2791 1819 2846 illo
1848 2806 1991 2860 prae-

406 2883 551 2938 dicta
583 2893 638 2938 et
671 2884 875 2952 scripta
905 2893 1056 2938 sunt.
1112 2883 1322 2937 Deinde
1356 2883 1510 2951 quasi
1550 2897 1648 2952 per
1677 2885 1906 2953 gratiam
1940 2884 1992 2937 id

405 2974 565 3032 nobis
617 2978 683 3032 de
733 2977 1022 3030 Salvatore
1075 2975 1430 3030 concedens:
1477 2971 1739 3036 tDemus,
1796 2975 1991 3043 inquit,

405 3069 556 3125 illum
607 3085 735 3125 vere
781 3085 906 3125 esse
957 3069 1268 3138 quempiam
1318 3068 1597 3137 angelum.
1625 3087 1643 3120 ι
1688 3068 1886 3123 Verum
1941 3068 1990 3121 id
2020 3097 2064 3158 Ο

405 3159 710 3229 accipimus
741 3175 846 3213 non
882 3169 1142 3228 tanquam
1171 3177 1197 3213 a
1227 3158 1385 3212 Celso
1415 3159 1600 3212 datum
1633 3176 1647 3212 :
1675 3174 1787 3213 rem
1819 3162 1989 3228 ipsam

403 3249 582 3305 oculis
611 3248 924 3315 hausimus;
959 3248 1231 3318 siquidem
1279 3248 1344 3302 ad
1378 3257 1549 3302 totum
1593 3263 1764 3319 genus
1799 3249 1993 3303 Imma-

402 3358 538 3396 num
589 3341 810 3396 advenit
858 3339 1024 3395 verbo
1080 3355 1182 3394 suo
1235 3349 1288 3393 et
1343 3339 1616 3405 doctrina,
1661 3350 1819 3410 prout
1868 3355 1990 3395 eum

402 3417 633 3505 quisque
683 3447 879 3502 capere
928 3441 1146 3502 poterat
1186 3449 1198 3484 :
1243 3433 1384 3500 quod
1440 3432 1658 3500 quidem
1710 3447 1846 3500 opus
1882 3447 1989 3486 non

402 3526 504 3582 fuit
553 3524 815 3594 simplicis
845 3522 1047 3592 angeli,
1099 3523 1194 3577 sed
1227 3542 1244 3573 ι
1274 3522 1472 3592 angeli,
1509 3530 1568 3576 ut
1610 3523 1873 3592 propheta
1907 3521 1989 3577 lo-

400 3621 613 3690 quitur,
645 3618 824 3689 magni
859 3616 1077 3672 consilii
1105 3615 1173 3669 “.
1201 3635 1219 3668 ι
1255 3614 1540 3670 Νυιιιίιιῆι
1574 3615 1720 3670 enim
1749 3617 1987 3671 homini-

403 3715 505 3767 bus
535 3725 790 3782 magnum
839 3709 905 3762 de
937 3707 1044 3763 illis
1081 3707 1172 3761 Dei
1209 3717 1264 3761 et
1293 3707 1537 3761 omnium
1586 3708 1832 3776 parentis
1858 3721 1989 3762 con-

398 3801 582 3855 silium
607 3840 622 3865 ,
673 3813 868 3868 nempe
899 3797 957 3852 ut
989 3797 1079 3866 qui
1119 3797 1282 3852 vitam
1332 3797 1384 3850 in
1421 3812 1554 3866 pura
1595 3797 1860 3866 religione
1889 3796 1985 3852 de-

399 3901 618 3962 gerent,
651 3891 688 3945 ii
719 3905 816 3958 per
847 3889 1085 3960 insignia
1115 3886 1258 3943 facta
1290 3889 1356 3942 ad
1392 3889 1558 3942 Deum
1594 3887 1762 3942 veluti
1791 3901 1986 3942 ascen-

397 3985 627 4045 derent;
658 3981 749 4051 qui
782 3995 912 4035 vero
941 3980 1018 4036 sic
1040 3979 1224 4033 vivere
1254 3987 1591 4044 recusarent,
1624 3979 1658 4032 ii
1684 3979 1844 4048 longe
1878 3979 1988 4032 dis-

398 4076 657 4132 cederent
691 4091 721 4129 a
771 4075 906 4139 Deo,
953 4084 1008 4129 et
1056 4072 1440 4128 incredulitate
1483 4085 1581 4126 sua
1610 4071 1713 4126 sibi
1743 4071 1882 4125 viam
1920 4073 1985 4126 ad

397 4168 625 4224 exitium
654 4167 922 4222 facerent.
980 4165 1200 4231 Postea,
1243 4181 1262 4216 ι
1290 4165 1337 4219 si
1368 4162 1615 4233 angelus,
1647 4161 1853 4231 inquit,
1887 4162 1988 4214 fuit

395 4257 501 4314 iste
535 4258 627 4327 qui
678 4255 747 4311 ad
785 4256 1036 4312 homines
1071 4257 1240 4321 venit,
1287 4254 1508 4310 venitne
1545 4253 1634 4307 ille
1677 4253 1890 4322 primus
1922 4267 1986 4307 ac

395 4348 582 4406 solus?
639 4362 706 4402 an
742 4345 835 4400 alii
883 4346 1034 4415 prius
1079 4344 1430 4400 venerunt?»
1482 4343 1638 4410 Quod
1687 4353 1983 4414 utrumque

392 4442 645 4512 pluribus
679 4437 920 4493 refutare
959 4437 1063 4492 sibi
1097 4437 1332 4492 videtur.
1391 4437 1472 4492 Ac
1503 4436 1632 4492 iicet
1663 4451 1823 4491 nemo
1853 4451 1981 4491 vere
2013 4437 2058 4490 D

395 4529 746 4586 Christianus
773 4528 920 4582 dicat
942 4526 1220 4581 Christum
1246 4527 1420 4582 solum
1456 4528 1762 4591 advenisse,
1801 4536 1977 4582 tamen

394 4622 584 4678 Celsus
636 4621 734 4686 ait,
787 4639 805 4672 ι
830 4621 875 4674 si
912 4619 1149 4674 dixerint
1179 4619 1394 4676 venisse
1439 4619 1634 4685 solum,
1666 4640 1684 4672 ι
1739 4620 1876 4675 alios
1910 4621 1978 4675 ab

393 4712 710 4768 hominibus
738 4713 882 4770 visos
919 4712 1126 4783 fuisses

487 5003 538 5040 “
564 5010 670 5066 lsa.
697 5024 774 5078 ιι,
803 5012 856 5066 5.

462 5173 577 5249 (ιε)
616 5174 958 5249 llmschelius
989 5177 1042 5232 in
1074 5185 1246 5246 textu,
1299 5179 1555 5249 ἀγγέλοις
1581 5181 1779 5244 αὐτῶν,
1811 5179 1970 5236 male.

465 5245 576 5317 (15)
626 5245 828 5303 Omnes
881 5249 1043 5304 codd.
1099 5245 1253 5316 mss.,
1312 5245 1661 5317 αἰνίττονται,
1711 5252 1969 5308 nimirum

390 5313 713 5388 Christiani.
759 5318 864 5373 Sed
898 5316 1028 5373 libb.
1061 5319 1216 5388 editi,
1240 5313 1562 5374 αἰνίττεται.

466 5385 782 5509 (l4)pMss.,
826 5389 1157 5470 ἐγχειρήσει.
1204 5385 1481 5473 impressi
1537 5391 1686 5474 libri,
1739 5393 1975 5464 ἐγχειρί-

466 5473 495 5508 L.
613 5457 736 5509 aulo
771 5469 894 5509 nost
944 5462 1105 5509 tidem
1155 5462 1287 5509 cdtlt
1342 5477 1393 5509 ιιι
1449 5479 1692 5509 litamina
1745 5465 1969 5509 habent-

392 5470 508 5534 cst._
565 5457 736 5534 Paulo
771 5457 1394 5534 post’ii‘denLediti'itt
1448 5457 1692 5534 margine
1744 5457 1970 5530 habent,

390 5526 758 5607 mrmleit
773 5526 1088 5607 Ὗιξκοβτορ
1115 5532 1388 5607 Σωτῆρρς·

2101 1860 2214 1906 νου,
2245 1843 2345 1913 ὅση
2397 1841 2646 1912 δύναμις,
2682 1840 3072 1912 ἐπιτεμώμεθα
3113 1842 3204 1895 τὸν
3229 1841 3416 1911 λόγον·
3459 1843 3554 1896 ἐὰν
3588 1846 3692 1914 ἄρα

2098 1952 2150 1988 τι
2183 1934 2431 2005 ὑποπέσῃ
2469 1933 2596 2004 περὶ
2623 1931 2730 1985 τῶν
2763 1930 2943 1984 αὐτῶν
2973 1932 3005 2001 ἢ
3030 1931 3418 2004 ἐναργέστερον
3449 1935 3481 2004 ἢ
3509 1936 3688 1988 καινό-

2098 2041 2275 2096 τερον.
2306 2022 2444 2094 Φησὶ
2476 2021 2540 2093 δὴ
2591 2041 2607 2073 ι
2635 2019 2963 2090 παραλιπεῖν
2996 2021 3095 2072 ὅσα
3139 2021 3268 2091 περὶ
3307 2019 3403 2074 τοῦ
3437 2020 3689 2077 διδασκά-

2098 2118 2194 2170 λου
2221 2115 2538 2188 Χριστιανοὶ
2583 2113 2946 2184 διελέγχοντιιι
2971 2129 2982 2141 ·
3012 2131 3030 2163 ι
3082 2114 3143 2166 οὐ
3174 2111 3497 2184 παραλιπών
3518 2131 3573 2166 τι
3612 2108 3688 2168 ὧν

2097 2209 2318 2264 ἐδύνατο
2363 2207 2541 2276 λέγειν
2561 2223 2576 2237 °
2607 2207 2744 2278 ὅπερ
2781 2206 2900 2258 ἐστὶ
2935 2206 3166 2276 φανερὸν
3194 2205 3258 2258 ἐκ
3287 2205 3396 2259 τῶν
3430 2207 3690 2280 ἀνωτέρω

2097 2299 2245 2372 αὐτῷ
2301 2298 2675 2370 λελεγμένων
2729 2297 2903 2362 ἄλλως
2949 2298 3004 2350 δὲ
3056 2300 3316 2369 ῥητορικῇ
3377 2299 3687 2371 ἐγχειρήσει

2098 2391 2209 2463 (14)
2245 2388 2662 2444 κατακολουθῶν
2691 2390 2753 2442 τὸ
2796 2388 3007 2442 τοιοῦτο
3039 2390 3198 2441 ποιεῖ.
3262 2388 3424 2443 Ἀλλά
3465 2390 3560 2443 κοιλ⁸
3603 2391 3688 2445 ὅτι

2095 2482 2154 2537 οὑ
2188 2481 2578 2554 διελεγχόμεοα
2609 2483 2736 2554 περὶ
2759 2482 2854 2536 τοῦ
2875 2481 3193 2554 τηλικούτου
3223 2482 3476 2554 Σωτῆρος
3503 2486 3535 2554 ἡ
3545 2485 3684 2556 μῶν,

2097 2576 2198 2630 κᾶν
2223 2575 2352 2646 δοκῇ
2382 2575 2410 2627 ὁ
2437 2575 2687 2642 ἐγκαλῶν
2732 2573 3049 2644 διελέγχειν,
3085 2573 3239 2644 δῆλον
3277 2575 3428 2628 ἔσται
3457 2579 3568 2638 τοῖς
3600 2593 3684 2645 φι-

2095 2663 2341 2735 λαληθῶς
2381 2664 2475 2717 καὶ
2501 2661 2862 2728 ἐξεταστικῶς
2891 2663 3032 2728 ὅλοις
3058 2669 3169 2728 τοῖς
3197 2665 3327 2735 περὶ
3358 2663 3523 2718 αὐτοῦ
3554 2681 3683 2736 προ-

2097 2757 2485 2828 φητευομένοις
2533 2756 2628 2808 καὶ
2684 2755 3194 2828 ἀναγεγραμμένοις
3247 2757 3680 2827 ἐντυγχάνουσιν.

2106 2849 2262 2922 Ἑξῆς
2295 2852 2351 2904 δὲ
2376 2851 2570 2912 εἰπεῖν,
2611 2847 2888 2920 νομίζεται
2915 2849 3024 2919 (15)
3054 2849 3479 2922 συγχωρητικῶς
3502 2849 3678 2916 λέγειν

2095 2943 2223 3014 περὶ
2247 2941 2338 2995 τοῦ
2371 2941 2642 3012 Σωτῆρος,
2681 2940 2783 3003 ὅτι,
2821 2959 2839 2989 ι
2859 2940 3094 2992 Δοκείτω
3121 2957 3205 3004 τις
3235 2941 3311 3004 ὡς
3337 2941 3540 3011 ἀληθῶς
3570 2942 3644 3010 ἀγ
3662 2971 3676 2983 -

2095 3034 2250 3102 γελος
2280 3026 2433 3096 οὗτος
2458 3027 2616 3084 εἶναι.
2646 3050 2664 3081 ι
2699 3031 2901 3100 Φαμὲν,
2935 3031 3015 3083 ὅτι
3039 3030 3203 3096 τοῦτ’,
3237 3033 3336 3102 οὐχ
3363 3033 3437 3095 ὡς
3471 3049 3681 3103 συγχω-

2099 3127 2380 3198 ρούμενον,
2427 3125 2535 3177 ἀπὸ
2568 3123 2778 3177 Κέλσου
2809 3124 3188 3194 λαμϐάνομεν
3223 3124 3301 3195 τῷ
3331 3125 3374 3178 δ’
3407 3124 3553 3196 ἔργῳ
3581 3124 3678 3177 αὑ-

2094 3217 2187 3270 τοῦ
2219 3216 2511 3287 ἐνορῶντες
2541 3215 2647 3286 ὅλῳ
2679 3214 2756 3285 τῷ
2781 3217 2927 3284 γένει
2959 3214 3067 3268 τῶν
3104 3214 3407 3286 ἀνθρώπων
3434 3215 3678 3286 ἐπιδεδη-

2097 3309 2351 3379 μηκότος,
2407 3307 2546 3360 κατὰ
2595 3308 2686 3360 τὸν
2713 3306 2904 3360 ἐαυτοῦ
2958 3306 3111 3374 λόγον
3159 3308 3254 3360 καὶ
3287 3307 3382 3378 τὴν
3431 3308 3679 3362 διδασκα-

2093 3399 2230 3464 λίαν,
2267 3399 2342 3462 ὼς
2391 3398 2620 3462 ἕκαστος
2651 3397 2844 3468 ἐχώρει
2908 3399 3016 3451 τῶν
3071 3398 3442 3468 προσιεμένων
3496 3400 3676 3453 αὐτόν.

2096 3491 2270 3562 Ὅπερ
2319 3491 2478 3562 ἔργον
2523 3486 2590 3561 ἦν
2641 3490 2755 3553 τοῦ,
2791 3489 2865 3552 ὼς
2916 3489 3198 3559 ὠνόμασεν
3248 3491 3280 3559 ἡ
3335 3492 3463 3561 περὶ
3516 3490 3678 3543 αὑτοῦ

2094 3581 2420 3652 προφητεία,
2455 3583 2553 3652 οὐχ
2586 3579 2923 3645 ἁπαξαπλῶς
2955 3580 3206 3649 ἀγγέλου,
3237 3580 3373 3633 ἀλλὰ
3413 3600 3431 3631 ε
3461 3581 3553 3634 τοῦ
3580 3581 3678 3650 τῆς

2095 3671 2336 3742 μεγάλης
2373 3670 2564 3740 βουλῆς
2598 3670 2828 3737 ἀγγέλου
2851 3687 2862 3698 ’
2891 3690 2908 3720 ›
2965 3670 3186 3740 ἤγγειλε
3218 3669 3326 3740 γὰρ
3372 3669 3676 3741 ἀνθρώποις

2093 3761 2204 3830 (16)
2235 3761 2334 3829 τὴν
2390 3760 2631 3830 μεγάλην
2676 3761 2768 3814 τοῦ
2802 3759 2937 3814 Θεοῦ
2983 3761 3078 3813 καῖ¹
3115 3762 3326 3832 Πατρός
3380 3761 3488 3813 τῶν
3543 3761 3676 3839 ὅλων

2091 3852 2219 3922 περὶ
2253 3851 2431 3903 αὐτῶν
2464 3850 2679 3921 βουλὴν,
2709 3852 2965 3904 εἰκόντων
2997 3851 3095 3920 μὲν
3126 3849 3204 3920 τῷ
3235 3851 3382 3924 βιοῦν
3425 3853 3482 3904 ἐν
3513 3849 3673 3904 καθα-

2093 3944 2161 4013 ρᾷ
2210 3941 2508 4013 θεοσεϐείᾳ,
2558 3943 2634 4006 ὡς
2685 3942 3082 3996 ἀναϐαινόντων
3131 3941 3218 3996 διὰ
3257 3943 3367 3996 τῶν
3426 3941 3674 4014 μεγάλων

2090 4032 2340 4105 πράξεων
2392 4035 2527 4106 πρὸς
2577 4036 2671 4089 τὸν
2704 4035 2864 4088 Θεόν·
2928 4035 3002 4105 μὴ
3048 4035 3420 4104 προσιεμένων
3468 4033 3544 4100 δὲ,
3599 4033 3671 4095 ῶς

2090 4127 2316 4190 ἑαυτοὺς
2370 4127 2756 4198 μακρυνόντων
2808 4126 2915 4180 ἀπὸ
2961 4125 3055 4178 τοῦ
3090 4125 3246 4189 Θεοῦ,
3301 4126 3394 4180 καὶ
3448 4126 3538 4178 ἐπὶ
3577 4125 3670 4194 τὴν

2088 4215 2361 4271 ἀπώλειαν
2412 4218 2500 4272 διὰ
2554 4218 2652 4286 τῆς
2701 4217 2826 4289 περὶ
2881 4216 3016 4270 Θεοῦ
3063 4216 3318 4280 ἀπιστίας
3363 4214 3665 4268 ὁδευόντων.

2088 4302 2201 4360 Εἶθ’
2233 4306 2360 4377 ἑξῆς
2413 4324 2595 4377 φησιν,
2663 4309 2762 4359 (Εἰ
2795 4307 2888 4359 καὶ
2920 4305 3148 4374 ἄγγελος
3198 4300 3352 4369 οὗτος
3398 4305 3532 4374 πρὸς
3582 4305 3669 4357 ἁν-

2088 4398 2339 4469 θρὼπους
2369 4395 2553 4470 ῆλοεν,
2597 4394 2704 4468 ἆρα
2739 4398 2955 4468 πρῶτος
3001 4392 3102 4468 ἧκε
3153 4396 3249 4448 καὶ
3290 4395 3470 4465 μόνος,
3516 4394 3667 4464 ἢκαὶ

2089 4493 2238 4547 ἄλλοι
2273 4492 2566 4563 πρότερον;
2593 4511 2608 4542 ι
2664 4491 2774 4543 Καὶ
2819 4489 2956 4560 πρὸς
2986 4489 3243 4559 ἑκάτερον
3275 4488 3331 4540 δὲ
3373 4485 3462 4540 διὰ
3494 4485 3669 4538 πλειό-

2088 4601 2194 4638 νων
2228 4583 2398 4636 οἰέται
2432 4583 2676 4653 ἀπαντᾷν
2696 4599 2708 4612 ο
2739 4580 2948 4644 οὐδενὸς
2974 4579 3037 4650 δὴ
3065 4579 3172 4633 τῶν
3203 4578 3278 4640 ὼς
3294 4576 3512 4648 ἀληθῶς
3539 4577 3581 4629 Χ
3591 4593 3666 4646 ρι-

2087 4675 2318 4730 στιανῶν
2367 4675 2634 4743 λέγοντος,
2692 4676 2850 4744 μόνον
2880 4673 2969 4726 τὸν
3013 4671 3248 4743 Χριστὸν
3279 4668 3666 4740 ἐπιδεδημηκέ-

2084 4785 2170 4820 ναι
2203 4765 2310 4836 (l7)
2510 4767 2600 4818 καὶ
2645 4765 2834 4827 ἄλλους
2879 4758 3055 4831 ὦφθαι
3093 4778 3256 4832 φησιν
3304 4758 3607 4830 ἀνθρώποις
3637 4758 3666 4808 ὁ

2086 4858 2313 4924 Κέλσος,
2354 4877 2371 4908 ι
2395 4861 2441 4910 εἰ
2471 4859 2566 4926 μὲν
2596 4857 2660 4928 δὴ
2691 4860 2869 4926 φαῖεν,
2903 4857 2984 4910 ὃτι
3016 4856 3195 4926 μόνος.
3224 4873 3241 4904 ι

2082 5179 2298 5252 μίζεται
2355 5175 2785 5249 συγχωρητικῶς
2852 5177 3049 5246 λέγειν,
3109 5185 3242 5242 elc.,
3306 5175 3507 5246 φαμὲν,
3567 5174 3667 5237 ὅτι,

2077 5261 2186 5308 etc.

2151 5319 2728 5394 (ιω-Ἤτγειλεετὺρ
2753 5317 3111 5394 ἀνθρώποιςἶ
3123 5316 3328 5394 __Itecte
3339 5317 3436 5394 _s_ic
3469 5313 3668 5394 habent

2078 5385 2472 5460 cot‘ldeeg'tus
2501 5401 2554 5445 et
2588 5385 2939 5445 Basileensiis.
2991 5392 3063 5444 At
3099 5389 3234 5443 libb.
3268 5389 3419 5452 editi,
3467 5385 3664 5456 ῆγγελε

2077 5461 2186 5532 γὰρ
2216 5460 2522 5532 ἄνθρωπος,
2554 5461 2716 5532 male.

2152 5523 2264 5602 (17)
2295 5523 2424 5602 Post
2448 5523 2912 5602 ¹ιέξιτιδεδημηκέναι
2956 5527 3259 5602 addendum
3293 5528 3431 5602 ’βυ-ιο
3461 5524 3539 5595 τῷ
3571 5523 3660 5591 γέ-

462 5594 573 5673 (ιε)
617 5594 798 5674 Ἑξῆς
822 5594 890 5651 δὲ
933 5601 1141 5664 εἰπεῖν,
1176 5594 1488 5674 νολὶίζεται.
1549 5602 1868 5658 Boherellus
1921 5612 1976 5658 et

2104 5594 2284 5674 ει’τῶν
2321 5594 3164 5674 dtvOptbrztov,'ct'consequenter
3195 5594 3494 5674 legendum
3514 5594 3656 5672 esse,

390 5662 618 5744 Quietus
655 5662 829 5721 εἰπεῖν
859 5680 1092 5744 _t‘uutant
1131 5662 1192 5726 in
1241 5662 1430 5737 εἰπών,
1463 5690 1561 5741 ego
1596 5690 1720 5729 veru
1763 5677 1815 5729 in
1849 5674 1972 5726 ἐπεί

2099 5662 2642 5744 ίαὶψᾶολλουςιῖιρᾎυιῤ
2669 5681 2792 5739 post
2808 5662 2973 5744 recte
3007 5671 3230 5744 omnino
3253 5662 3658 5744 codtl._lte§ius

391 5731 646 5788 libentius
677 5739 950 5801 mutarint,
989 5752 1044 5794 ut
1086 5757 1278 5797 sensus
1311 5731 1568 5810 δίι,’ἑξῆς
1615 5744 1692 5812 δὲ,
1743 5747 1864 5799 ἐπεὶ
1891 5763 1972 5800 νο-

2099 5755 2124 5797 :t
2156 5731 2486 5797 Basileeu-s'is
2524 5731 2729 5795 habent
2763 5759 2778 5795 ε
2808 5735 2922 5792 Εἶτ’
2949 5740 3166 5805 ἀπαντᾷ
3197 5736 3392 5804 ἑαυτῷ,
3423 5735 3498 5798 ὡς
3531 5733 3655 5804 βού-
