3990 6158
447 359 590 419 1275

1635 358 1913 418 CONTRA
1950 355 2225 415 CELSUM
2262 358 2389 415 LIB.
2431 361 2495 415 Υ.

3559 352 3693 405 ιειι

517 481 823 548 Κατηγορεῖ
841 477 884 532 δ’
913 476 1161 540 ὁΚέλσος
1203 479 1294 534 καὶ
1336 477 1430 530 τοῦ
1487 478 1784 547 φάσκοντος
1842 481 2001 551 λόγου

2201 481 2289 537 58.
2310 481 2558 535 Invectus
2579 486 2660 534 est
2683 478 2844 533 etiam
2875 475 3064 534 Celsus
3097 476 3150 531 in
3181 476 3230 531 id
3257 476 3399 546 quod
3429 475 3689 545 scriptum

445 567 673 637 ἄγγελον
718 565 1173 623 ἀποκεκυλικέναι
1243 566 1336 620 τοῦ
1395 568 1566 636 τάφου
1587 608 1601 632 ,
1655 569 1784 623 ἔνθα
1843 565 1914 640 ἦν
1961 569 2024 622 τὸ

459 656 632 730 Ἰησοῦ
687 658 865 728 σῶμα,
911 657 1003 710 τὸν
1046 657 1211 722 λίθον,
1254 657 1443 730 ῶσπερ
1483 660 1763 730 μειράκιον
1807 663 1866 714 ἐν
1913 660 2024 713 δια-

444 751 606 821 τριϐῇ
644 749 804 802 λαϐὸν
845 748 954 820 (58)
982 747 1219 810 τοπικῶς
1256 749 1634 819 κατηγορῆσαί
1670 767 1832 812 τινος.
1864 769 1882 801 ‹
1913 750 2023 803 Kal.

443 840 520 904 ῶς
551 839 714 910 σοφόν
737 857 789 892 τι
817 839 955 892 κατά
989 838 1084 891 τοῦ
1113 839 1270 906 λόγου
1304 838 1500 910 εὑρὼν,
1532 839 1716 910 φησιν,
1741 839 1822 892 ὅτι
1860 841 1889 892 ὁ
1926 840 2021 893 τοῦ

443 931 580 986 Θεοῦ
633 933 801 995 Παῖς,
855 931 930 994 ὡς
973 930 1176 995 ἔοικεν,
1227 930 1329 983 οὐκ
1399 928 1620 983 ἐδύνατο
1675 928 1884 993 ἀνοῖξαι
1932 931 2022 983 τὸν

442 1021 632 1088 τάφον,
683 1021 797 1075 ἀλλ’
845 1021 1041 1092 ἐδεήθη
1091 1021 1251 1076 ἄλλου
1293 1021 1715 1091 ἀποκινήσοντος
1763 1021 1872 1091 (59)
1926 1020 2021 1090 τὴν

445 1113 667 1182 πέτραν.
724 1131 743 1165 ι
780 1112 889 1165 Καὶ
931 1111 1019 1164 ἵνα
1069 1127 1134 1179 γε
1189 1111 1352 1181 μηδὲν
1391 1110 1838 1181 περιεργάσωμαι
1893 1111 2020 1179 περὶ

441 1201 549 1256 τῶν
581 1201 723 1256 κατὰ
768 1202 856 1256 τὸν
898 1200 1082 1264 τόπον,
1118 1200 1250 1270 μηδέ
1278 1199 1632 1270 τροπολογίαν
1665 1201 1758 1253 ἐπὶ
1783 1199 1876 1253 τοῦ
1912 1217 2017 1254 πα-

444 1295 628 1364 ρόντος
676 1293 1020 1364 ἐκτιθέμενος
1059 1291 1192 1356 δόξω
1226 1291 1468 1363 ἀκαίρως
1509 1293 1590 1355 εἰς
1649 1291 1819 1344 ταῦτα
1869 1293 2019 1362 φιλο-

445 1385 649 1452 σοφεῖν,
679 1383 806 1454 περὶ
847 1381 1019 1452 αὐτῆς
1059 1381 1167 1452 ἐρῶ
1213 1382 1310 1452 τῆς
1343 1381 1600 1453 ἱστορίας,
1630 1383 1713 1435 ὅτι
1762 1383 2016 1453 σεμνότε-

443 1493 534 1546 ρον
569 1475 792 1528 αὐτόθεν
821 1475 1064 1541 φαίνεται
1100 1473 1161 1524 τὸ
1191 1473 1279 1526 τὸν
1320 1473 1573 1526 ἐλάττονα
1613 1474 1705 1528 καὶ
1741 1474 2017 1544 ὑπηρέτην

440 1565 898 1620 ἀποκεκυλικέναι
929 1565 1020 1618 τὸν
1045 1564 1210 1630 λίθον,
1235 1565 1266 1635 ἢ
1298 1565 1389 1618 τὸν
1416 1565 1506 1616 ἐπὶ
1544 1564 1783 1635 ὠφελείᾳ.
1809 1564 2017 1635 ἀνθρὼ-

441 1673 557 1708 πων
575 1656 931 1726 ἀνιστάμενον
955 1655 1114 1709 τοῦτο
1138 1655 1514 1726 πεποιηκέναι.
1545 1657 1618 1708 Ού
1647 1655 1791 1724 λέγω
1810 1657 1857 1710 δ’
1869 1658 1950 1710 ὅτι
1966 1659 2015 1710 oi

2122 581 2226 635 est,
2258 571 2505 641 angelum
2547 585 2576 624 a
2616 577 2988 629 monumento.
3024 567 3115 622 ubi
3143 566 3268 622 Jesu
3311 580 3510 633 corpus
3549 575 3686 647 erat,

2127 659 2415 714 revolvisse
2444 657 2698 726 lapidem.
2731 655 2848 720 Qua
2893 655 2945 708 in
2977 669 3035 708 re
3067 655 3214 723 pueri
3248 653 3444 708 similis
3495 659 3579 708 est
3613 653 3691 708 lo-

2122 765 2216 804 cos
2246 761 2561 803 communes
2593 745 2874 801 lustrantis
2906 744 3103 812 quibus
3130 743 3183 797 in
3219 743 3453 811 aliquem
3505 742 3692 797 deela-

2125 839 2297 893 mitet.
2328 839 2412 901 Et,
2444 836 2596 905 quasi
2624 836 2754 906 quid
2797 835 3058 890 eximium
3091 833 3407 904 reperisset,
3451 851 3470 883 ι
3503 834 3688 897 credo,

2123 929 2320 997 inquit,
2350 927 2442 980 Dei
2477 926 2647 981 Filius
2672 940 2775 978 non
2824 931 3039 992 poterat
3081 922 3387 992 sepulcrum
3425 928 3687 991 relegere,

2121 1024 2282 1070 ahnm
2317 1031 2452 1084 opus
2477 1016 2662 1069 habuit
2699 1014 2789 1083 qui
2820 1013 3051 1081 lapidem
3089 1020 3413 1067 removeret.
3457 1029 3475 1064 ι
3522 1011 3591 1064 At
3619 1025 3687 1064 ne

2119 1106 2246 1174 quid
2280 1105 2510 1162 sollicite
2539 1105 2592 1158 in
2625 1106 2766 1158 hunc
2810 1103 2985 1157 locum
3036 1103 3378 1172 investigem,
3421 1115 3524 1154 nec
3553 1101 3686 1154 alle-

2119 1199 2299 1268 gorias
2331 1200 2382 1251 in
2426 1197 2712 1267 przesentia
2744 1195 2812 1251 de
2853 1196 3018 1252 rebus
3069 1195 3134 1248 ad
3179 1193 3484 1262 sepulcrum
3521 1192 3689 1262 perti-

2118 1289 2372 1343 nentibus
2393 1301 2657 1342 enarrans
2687 1285 3060 1355 intempestive
3087 1285 3452 1354 philosophari
3479 1285 3684 1348 videar,

2118 1381 2182 1435 de
2215 1381 2316 1436 hac
2348 1380 2574 1434 historia
2610 1379 2711 1433 hoc
2752 1379 2930 1433 dicam
2959 1391 3148 1442 unum,
3188 1377 3270 1432 vel
3299 1378 3467 1445 prima
3509 1376 3686 1432 fronte

2117 1472 2252 1526 satis
2309 1471 2654 1525 manifestum
2700 1485 2856 1534 esse,
2909 1470 3083 1538 magis
3133 1483 3164 1523 e
3210 1469 3473 1538 dignitate
3517 1466 3684 1523 fuisse

2116 1562 2250 1631 ejus,
2289 1562 2380 1630 qui
2407 1562 2470 1616 ad
2495 1560 2768 1615 hominum
2799 1560 3087 1615 utilitatem
3125 1560 3464 1629 resurgehat,
3511 1567 3570 1613 nt
3600 1559 3684 1612 in-

2117 1651 2281 1706 ferior
2320 1658 2374 1703 et
2414 1651 2659 1703 minister
2703 1649 2936 1718 lapidem
2985 1650 3368 1712 submoveret,
3418 1661 3577 1718 quam
3624 1657 3684 1702 ut

443 1749 540 1819 μὲν
566 1747 641 1817 τῷ
666 1748 820 1818 Λόγῳ
854 1747 1310 1813 ἐπιϐουλεύοντες,
1364 1748 1457 1800 καὶ
1487 1749 1804 1802 ἀποκτεῖναι
1853 1749 2002 1803 αὐτὸι

2118 1741 2255 1794 istud
2281 1741 2396 1808 ipse
2441 1739 2664 1794 faceret.
2698 1739 2871 1795 Taceo
2894 1755 3038 1794 nunc
3063 1754 3178 1804 eos,
3207 1740 3299 1807 qni
3335 1739 3516 1794 Verbo
3563 1755 3682 1796 mo-

440 1816 808 1909 βουληθέντες,
829 1837 919 1891 καὶ
933 1838 1098 1902 δεῖξαι
1120 1840 1250 1891 πᾶσι
1271 1839 1482 1908 νεκρὸν,
1501 1838 1593 1891 καὶ
1612 1839 1673 1891 τὸ
1697 1840 1864 1910 μηδὲν
1887 1858 2002 1909 τυγ-

2117 1833 2193 1888 liti
2226 1833 2440 1888 fuerant
2481 1833 2729 1896 insidias,
2757 1833 2957 1902 quique
3003 1832 3132 1886 illud
3185 1832 3348 1887 morti
3397 1832 3676 1896 traditum,

437 1928 684 1997 χάνοντα,
714 1927 991 1998 βούλονται
1027 1927 1190 1981 αὐτοῦ
1211 1928 1473 1999 μηδαμῶς
1490 1928 1801 1999 ἀνοιχθῆναι
1811 1929 1898 1982 τὸν
1915 1931 2008 1984 τά-

439 2038 556 2088 φον,
590 2022 675 2074 ἵνα
693 2020 877 2090 μηδεὶς
903 2019 992 2073 τὸν
1021 2019 1191 2086 Λόγον
1211 2018 1348 2089 μετά
1373 2019 1472 2088 τὴν
1498 2019 1789 2090 ἐπιϐουλὴν
1828 2021 2005 2074 αὐτῶν

437 2107 614 2173 ζῶντα
628 2108 916 2180 θεάσηται·
953 2110 981 2160 ὁ
1012 2107 1068 2161 δὲ
1099 2108 1237 2178 ὑπὲρ
1269 2092 1540 2177 σωτηρίας
1563 2109 1670 2163 τῶν
1703 2109 2004 2179 ἀνθρώ-πων

434 2198 712 2270 ἐπιδημῶν
754 2199 1010 2270 συνεργὸς
1033 2197 1126 2251 τοῦ
1154 2197 1385 2267 ἀγγέλου
1417 2197 1646 2266 ἄγγελος
1672 2199 1827 2264 Θεοῦ,
1861 2202 2006 2270 ἰσχυ-

436 2290 652 2360 ρότερος
675 2289 749 2344 ὢν
773 2289 876 2343 τῶν
894 2289 1367 2352 ἐπιϐουλευόντων,
1401 2288 1682 2342 ἀποκυλίει
1706 2290 1796 2344 τὸν
1834 2289 2004 2361 βαρὺν

432 2378 612 2432 λίθον·
651 2380 736 2434 ἶνα
780 2381 1071 2435 πεισθῶσιν
1103 2382 1153 2432 οἱ
1205 2379 1516 2450 νομίζοντες
1554 2380 1870 2452 τεθνηκέναι
1912 2382 2004 2437 τὸν

431 2468 624 2537 Λόγον,
667 2471 746 2523 ὅτι
772 2471 871 2524 οὐκ
892 2470 1006 2523 ἔστι
1031 2469 1169 2540 μετά
1193 2470 1300 2523 τῶν
1326 2470 1532 2542 νεκρῶν
1548 2510 1562 2534 ,
1597 2470 1732 2524 ἀλλά
1783 2471 1871 2542 ζῇ,
1909 2473 2004 2526 καὶ

433 2561 666 2630 προάγει
694 2562 818 2624 τοὺς
852 2560 1206 2630 βουλομένους
1231 2559 1380 2629 αύτῷ
1414 2561 1747 2628 ἀκολουθεῖν,
1777 2563 1862 2617 ἵνα
1881 2565 2003 2615 ἐπι-

431 2647 666 2716 δείξηται
698 2647 766 2700 τά
810 2649 935 2718 ἐξῆς
971 2643 1049 2711 οἷς
1091 2648 1406 2714 ἐπεδείξατο
1455 2649 1738 2722 πρότερον,
1778 2655 1892 2715 τοῖς
1926 2653 2001 2724 μὴ

431 2737 666 2808 χωροῦσί
696 2755 781 2791 πω
808 2737 987 2792 αὐτῶν
1034 2739 1254 2810 μείζονα
1283 2738 1392 2810 (40)
1431 2740 1572 2792 κατὰ
1605 2742 1694 2796 τὸν
1740 2743 2000 2814 πρότερον

428 2829 528 2898 τῆς
552 2829 858 2898 εἰσαγωγῆς
875 2829 1050 2884 αὐτῶν
1072 2830 1277 2900 χρόνον.
1304 2826 1437 2895 Εἶτ’,
1455 2827 1838 2896 οὐκοῖδ’ὃπως,
1861 2833 1999 2904 μετὰ

426 2919 598 2972 ταῦτα
627 2920 1014 2992 παραρρίπτει,
1035 2922 1134 2974 οὐκ
1159 2917 1276 2975 οῖδα
1303 2925 1381 2985 εἰς
1407 2924 1459 2976 τί
1476 2926 1538 2993 τῇ
1562 2924 1812 2994 προθέσει
1832 2927 1996 2982 αὐτοῦ

422 3010 691 3081 χρήσιμον
723 3006 860 3064 εἶναι
911 3011 1099 3065 δοκοῦν
1129 3012 1188 3065 τὺ
1218 3014 1344 3083 περὶ
1373 3014 1470 3084 τῆς
1497 3015 1716 3084 Μαρίας
1759 3016 1998 3088 κυούσης

423 3099 733 3169 ἐληλυθέναι
753 3099 887 3172 πρὸς
906 3101 995 3154 τὸν
1023 3102 1220 3172 Ἰωσὴφ
1240 3103 1465 3172 ἄγγελον
1485 3120 1499 3134 ο
1531 3106 1625 3157 καὶ
1658 3105 1838 3170 πάλιν,
1855 3108 1996 3179 ὑπὲρ

421 3191 513 3243 τοῦ
546 3192 606 3244 τὸ
633 3193 828 3264 βρέφος
853 3193 1106 3263 γεννηθὲν
1136 3194 1230 3254 καὶ
1250 3194 1726 3266 ἐπιϐουλευόμενον
1754 3198 1994 3269 ἐξαρπά-

423 3297 622 3345 σαντας
668 3285 857 3350 φυγεῖν
904 3285 982 3345 εἰς
1034 3284 1337 3351 Αἴγυπτον·
1384 3287 1511 3356 περὶ
1552 3287 1758 3342 τούτων
1801 3289 1866 3341 δὲ
1899 3290 1993 3343 καὶ

421 3374 480 3426 ἐν
508 3375 617 3435 τοῖς
650 3373 904 3445 ἀνωτέρω
938 3373 1074 3444 πρὸς
1115 3374 1183 3427 τά
1210 3376 1299 3428 ὑπ’
1328 3376 1493 3430 αὑτοῦ
1523 3378 1785 3448 εἰρημένα
1824 3379 1991 3433 διελέ-

420 3461 648 3532 χθημεν.
692 3461 755 3514 Τί
789 3462 843 3513 δὲ
899 3461 1143 3532 βούλεται
1176 3463 1368 3533 Κέλσῳ
1415 3465 1476 3518 τὸ
1513 3468 1606 3519 καὶ
1642 3469 1849 3539 Μωῢσῇ
1897 3472 1991 3524 καὶ

417 3555 529 3618 τοῖς
554 3553 730 3617 ἄλλοις
767 3555 1088 3627 ἱστορεῖσθαι
1119 3556 1229 3627 (41)
1267 3558 1406 3610 κατὰ
1432 3557 1530 3620 τὰς
1575 3557 1795 3628 Γραφάς
1825 3561 1990 3630 ἀγγέ-

415 3642 540 3706 λους
588 3643 938 3714 πέμπεσθαι;
991 3645 1153 3698 Οὐδὲν
1198 3644 1306 3716 γάρ
1338 3663 1426 3716 μοι
1463 3644 1708 3714 φαίνεται
1743 3649 1984 3718 συμϐάλο

413 3732 594 3786 λεσθαι
626 3733 772 3804 αύτῷ
799 3735 934 3805 πρὸς
964 3735 991 3787 ὃ
1027 3735 1311 3805 βούλεται·
1353 3736 1447 3789 καὶ
1492 3735 1724 3808 μάλιστα
1752 3738 1871 3791 ἐπεὶ
1900 3742 1988 3793 ού-

2114 1933 2392 1980 mortunm
2441 1924 2510 1977 ab
2556 1924 2808 1978 omnibus
2842 1921 3101 1992 judicari,
3135 1923 3202 1976 ad
3242 1921 3469 1976 nihilum
3510 1922 3676 1991 redigi

2116 2016 2385 2079 volebant,
2419 2015 2653 2070 noluisse
2679 2014 2796 2083 ejus
2842 2015 3043 2084 aperiri
3068 2013 3397 2083 sepulcrum,
3425 2021 3484 2066 ut
3521 2026 3679 2066 nemo

2116 2105 2345 2160 Verbum
2398 2115 2516 2175 post
2559 2121 2745 2159 eorum
2797 2105 3019 2159 insidias
3065 2104 3252 2157 vivens
3307 2103 3677 2171 conspiceret;

2032 2194 2045 2201 κ
2112 2197 2208 2252 sed
2245 2197 2493 2267 angelum
2527 2197 2619 2250 Dei
2650 2196 2740 2265 qui
2769 2195 2963 2250 salutis
2989 2195 3236 2249 humanae
3259 2208 3419 2249 causa
3447 2193 3500 2247 in
3537 2192 3679 2246 hunc

2111 2288 2297 2343 orbem
2341 2297 2589 2352 venerat,
2623 2287 3033 2340 insidiatoribus
3077 2285 3356 2340 fortiorem
3393 2285 3582 2350 fuisse,
3623 2292 3678 2337 et

2110 2380 2314 2435 auxilio
2346 2379 2515 2435 fuisse
2566 2379 2724 2434 alteri
2770 2379 3003 2448 angelo,
3031 2378 3098 2432 ad
3143 2378 3525 2431 removendum
3553 2392 3676 2444 gra-

2109 2486 2230 2524 vem
2262 2470 2412 2525 illum
2457 2470 2728 2539 lapidem;
2761 2479 2818 2523 ut
2869 2470 2958 2537 qui
2989 2477 3256 2523 mortuum
3289 2467 3674 2522 existimabant

2112 2560 2372 2625 Verbum,
2400 2560 2738 2629 exploratum
2771 2562 3035 2615 haberent
3081 2559 3209 2612 illud
3240 2560 3380 2612 inter
3427 2567 3671 2612 mortuos

2108 2665 2214 2705 non
2246 2665 2385 2712 esse,
2421 2653 2514 2706 sed
2541 2652 2745 2717 vivere,
2791 2664 2840 2705 et
2889 2654 3040 2720 sequi
3087 2649 3331 2705 volentes
3377 2665 3442 2704 eo
3470 2665 3671 2719 prmce-

2108 2742 2256 2804 dere,
2286 2738 2376 2794 ubi
2416 2740 2524 2794 illis
2566 2741 2880 2797 ostenderet
2910 2741 3116 2810 reliqua
3154 2755 3366 2806 eorum,
3396 2755 3518 2809 qua:
3548 2739 3668 2794 illos

2106 2832 2363 2886 docuerat
2399 2833 2573 2897 initio,
2621 2849 2742 2886 cum
2796 2846 2987 2887 recens
3035 2833 3088 2886 in
3136 2833 3251 2901 ejus
3298 2833 3538 2887 scholam
3581 2833 3668 2886 in-

2105 2923 2297 2992 gressi,
2329 2923 2566 2977 nondum
2603 2937 2796 2990 capere
2823 2923 3137 2978 sublimiora
3175 2931 3446 2993 poterant.
3471 2922 3664 2978 Postea

2105 3011 2289 3066 nescio
2333 3011 2602 3078 quodnam
2651 3026 2828 3076 causa:
2861 3027 2972 3064 sua:
3016 3013 3324 3080 prasidinm
3375 3023 3558 3081 speret
3596 3028 3662 3070 ex

2104 3117 2168 3156 eo
2207 3103 2351 3171 quod
2385 3102 2535 3156 addit
2567 3104 2780 3157 venisse
2815 3102 2881 3156 ad
2912 3100 3108 3171 Joseph
3142 3104 3390 3173 angelum
3426 3105 3514 3174 qui
3549 3103 3662 3158 Ma-

2099 3193 2236 3246 riam
2262 3207 2386 3247 esse
2430 3193 2706 3262 gravidam
2744 3193 3036 3256 imntiaret,
3073 3202 3124 3248 et
3160 3209 3376 3249 rursum
3423 3196 3526 3259 eis,
3577 3210 3667 3250 aco

2095 3291 2252 3351 cepto
2294 3292 2420 3336 nato
2460 3298 2650 3350 puero,
2678 3283 2762 3337 cui
2797 3283 3151 3337 struebantur
3185 3284 3412 3348 insidiae,
3444 3283 3664 3353 fugien-

2093 3372 2220 3426 dum
2251 3385 2371 3426 esse
2399 3374 2452 3426 in
2489 3372 2800 3442 Egyptum.
2837 3372 3029 3428 Iisdem
3053 3374 3120 3428 de
3160 3375 3322 3429 rebus
3365 3374 3474 3444 jam
3501 3391 3660 3447 supra

2093 3459 2159 3509 ad
2199 3471 2260 3509 ea
2295 3472 2415 3526 quas
2443 3458 2675 3523 dixerat,
2719 3459 3124 3528 respondimus.
3175 3461 3316 3525 Quid
3348 3473 3528 3516 autem
3558 3464 3659 3518 sibi

2093 3547 2206 3601 vult
2246 3545 2453 3611 Celsus,
2488 3562 2607 3601 cmn
2639 3549 2714 3602 ait
2754 3547 3064 3617 Scripturas
3105 3551 3289 3602 testari
3329 3552 3524 3606 missos
3565 3569 3660 3606 an-

2091 3640 2240 3708 gelos
2275 3641 2341 3694 ad
2385 3639 2606 3710 Moysen
2651 3649 2704 3695 et
2745 3641 2815 3694 ad
2859 3641 2996 3695 alios
3047 3640 3257 3696 fuisse?
3286 3641 3470 3711 Neque
3516 3644 3658 3698 enim

2091 3731 2247 3786 video
2295 3731 2424 3798 quid
2483 3730 2626 3784 istud
2675 3732 2740 3783 ad
2791 3729 2908 3798 ejus
2966 3733 3302 3800 propositum
3347 3733 3655 3787 conducat:

411 3823 522 3887 δεὶς
578 3825 674 3894 μὲν
719 3825 940 3878 ἐκείνων
983 3825 1108 3896 περὶ
1157 3824 1250 3879 τοῦ
1295 3825 1485 3897 γένους
1525 3828 1631 3882 τῶν
1686 3826 1986 3899 ἀνθρώπων

2102 3823 2386 3878 παιδονιὶιη
2431 3837 2550 3878 cum
2596 3821 2812 3876 illorum
2859 3822 3172 3892 angelorum
3221 3821 3398 3877 nullus
3447 3822 3658 3878 dederit

411 3916 734 3986 ἠγωνίσατο,
788 3915 853 3967 ἵν’
883 3917 1012 3970 αὐτὸ
1058 3918 1382 3991 ἐπιστρέψῃ,
1424 3920 1521 3991 ὅση
1573 3919 1821 3989 δύναμις,
1877 3923 1984 3977 ἀπὸ

2102 3927 2326 3982 )pcram,
2353 3923 2411 3968 ut
2439 3929 2536 3984 pro
2574 3913 2737 3983 623
2780 3913 2918 3967 virili
2944 3928 3112 3983 genus
3157 3914 3448 3966 humanum
3475 3927 3659 3983 apec-

409 4008 517 4061 τῶν
545 4007 954 4078 ἁμαρτημάτων
1004 4010 1114 4061 Καὶ
1147 4009 1295 4062 ἄλλοι
1320 4007 1411 4064 οὖν
1438 4010 1842 4081 πεπέμφθωσαν
1874 4013 1980 4084 (42)

2102 4005 2224 4060 :atis
2265 4014 2556 4059 averteret.
2601 4005 2729 4059 Esto
2767 4005 2931 4073 igitur
2961 4004 3050 4057 alii
3089 4004 3264 4074 angeli
3310 4005 3456 4060 missi
3496 4005 3654 4059 sinta

409 4099 519 4152 ἀπὸ
565 4095 656 4149 τοῦ
698 4096 866 4150 Θεοῦ·
905 4100 998 4151 καὶ
1048 4092 1199 4162 οὗτός
1246 4117 1298 4153 τι
1353 4101 1510 4156 πλέον
1559 4102 1978 4170 ἀπαγγελλέτω·

2102 4097 2215 4151 )eo.
2258 4097 2323 4150 At
2351 4097 2439 4152 hic
2476 4097 2650 4165 majus
2679 4097 2809 4166 quid
2839 4095 3269 4160 annnntiaverit,
3301 4105 3502 4150 etcum
3535 4108 3656 4150 sce-

409 4189 501 4242 καὶ
538 4187 994 4258 πλημμελούντων
1051 4189 1337 4253 Ἰουδαίων,
1390 4193 1484 4245 καὶ
1546 4195 1979 4264 μεταχαραττόν-

2104 4186 2288 4241 eribus
2327 4186 2496 4242 Judazi
2547 4202 2606 4240 se
2635 4186 3098 4248 contaminarent,
3147 4183 3460 4253 religionem
3499 4199 3651 4236 suam

408 4297 513 4331 των
543 4278 639 4348 τὴν
682 4278 985 4342 εὐσέϐειαν,
1026 4279 1118 4332 καὶ
1145 4281 1244 4350 οὐχ
1294 4281 1414 4334 ὅσια
1441 4282 1712 4354 δρώντων,
1756 4284 1854 4355 τὴν
1887 4285 1980 4355 βαν-

2102 4286 2479 4340 ιεινθιιοτειιι,
2528 4277 2693 4346 impie
2734 4284 2982 4345 agerent,
3035 4290 3261 4345 regnum
3308 4273 3401 4329 Dei
3449 4274 3655 4330 colonis

409 4368 612 4424 σιλείαν
657 4368 750 4421 τοῦ
800 4368 934 4422 Θεοῦ
993 4369 1408 4441 μεταδεδωκέτω
1455 4371 1636 4435 ἄλλοις
1687 4378 1975 4445 γεωργοῖς,

2102 4364 2202 4418 iliis
2231 4366 2536 4433 tradiderit,
2569 4367 2826 4419 nimirum
2858 4366 2927 4418 iis
2953 4365 3046 4432 qui
3085 4364 3136 4418 in
3164 4364 3415 4419 omnibus
3461 4364 3650 4421 Ecde-

404 4461 516 4523 τοῖς
542 4459 813 4531 πανταχοῦ
840 4462 896 4515 ἐν
935 4464 1054 4525 ταῖς
1100 4461 1444 4532 Ἐκκλησίαις
1481 4464 1689 4519 ἑαυτῶν
1721 4465 1829 4536 (45)
1860 4467 1978 4518 ἐπι-

2102 4455 2180 4508 ;iis
2218 4470 2329 4509 sua:
2365 4457 2606 4524 ipsorum
2651 4455 2840 4510 salutis
2879 4456 3189 4526 diligentem
3238 4458 3504 4512 rationem
3556 4459 3652 4511 ha-

407 4549 778 4621 μελουμένοις,
829 4553 922 4604 καὶ
972 4551 1147 4607 πάντα
1184 4552 1511 4624 πράττουσιν
1561 4555 1701 4628 ὑπὲρ
1748 4554 1841 4608 τοῦ
1874 4557 1972 4621 τὰς

2102 4555 2289 4609 pereat,
2315 4548 2517 4616 quique
2539 4545 2674 4599 nihil
2703 4545 2962 4600 omissum
2992 4547 3381 4614 relinquerent,
3416 4557 3473 4600 ut
3501 4561 3652 4600 aver-

402 4641 511 4695 ἀπδ
539 4642 638 4713 τῆς
669 4642 1012 4706 διδασκαλίας
1051 4643 1144 4696 τοῦ
1196 4642 1368 4714 Ἰησοῦ
1403 4644 1654 4720 ἀφορμὰς
1695 4663 1973 4717 προσαγα-

2102 4650 2164 4689 ιοε
2189 4651 2220 4690 a
2250 4633 2374 4690 Jesn
2407 4637 2654 4690 doctrina
2696 4637 2764 4691 ad
2789 4652 3060 4691 summum
3095 4635 3260 4691 Deum
3292 4637 3402 4691 vita
3438 4639 3655 4707 integra.

399 4735 515 4798 γεῖν
542 4733 628 4786 διὰ
659 4733 771 4804 βίου
813 4732 1053 4806 καθαροῦ
1082 4734 1176 4788 καὶ
1209 4735 1366 4805 λόγου
1397 4735 1687 4792 ἀκολούθου
1731 4736 1814 4807 τῷ
1847 4737 1967 4809 βίῳ,

2102 4725 2433 4794 loctrinaque
2463 4725 2588 4781 vitm
2614 4735 2977 4782 consentanea
3015 4729 3396 4796 perducerent.

401 4820 536 4891 πρὸς
565 4823 654 4876 τὸν
679 4823 787 4878 τῶν
825 4824 959 4878 ὅλων
987 4825 1138 4878 Θεόν.

470 4906 576 4962 Εἶθ’
605 4912 730 4984 ἐξῆς
772 4932 931 4986 φησιν
962 4916 989 4968 ὁ
1018 4916 1238 4980 Κέλσος·
1279 4934 1298 4968 ι
1336 4915 1541 4970 Οὐκοῦν
1573 4917 1602 4969 ό
1632 4917 1794 4981 αὐτὸς
1830 4919 1965 4984 Θεὸς

411 4999 680 5068 Ἰουδαίοις
705 5021 762 5059 τε
795 5006 887 5059 καὶ
911 5007 1102 5060 τοῖσδε·
1151 5026 1168 5058 ι
1205 5007 1359 5080 δῆλον
1384 5007 1429 5062 δ’
1461 5008 1542 5061 ὅτι
1565 5009 1675 5071 τοῖς
1707 5009 1966 5080 Χριστια-

2142 4921 2230 4978 59.
2272 4923 2472 4979 Deinde
2514 4923 2700 4980 Celsus
2734 4942 2748 4978 :
2785 4945 2802 4978 ι
2838 4927 2980 4996 Ergo
3017 4927 3157 4981 idem
3200 4928 3379 4995 Deus,
3438 4930 3642 5000 inquit,

2071 5011 2375 5070 Iudaeorum
2409 5022 2491 5068 est
2521 5023 2576 5068 et
2604 5015 2862 5084 istorum,
2897 5035 2916 5070 ι
2949 5017 3161 5073 scilicet
3187 5019 3637 5076 Christianorum.

2063 5201 2429 5273 νενικηκώς
2454 5202 2560 5256 τὸν
2585 5201 2704 5257 τῶν
2728 5202 2888 5258 ὅλων
2915 5205 3081 5268 Θεόν,
3109 5203 3429 5273 quibusdam
3450 5203 3636 5256 viden-

2065 5279 2152 5324 tur
2182 5271 2631 5341 Celsiiirridentis
2663 5289 2787 5328 esse
2813 5276 3018 5338 omnia,
3059 5271 3224 5341 atque
3253 5287 3370 5326 eam
3400 5273 3468 5341 ob
3501 5287 3635 5325 cau—

2063 5355 2178 5460 sarln
2211 5341 2280 5394 ab
2311 5340 2563 5410 Origenis
2591 5343 2826 5398 dictione
2871 5340 3272 5412 distinguenda.
3312 5340 3442 5394 Mihi
3473 5356 3631 5396 secus

2063 5423 2132 5460 Vlt
2153 5421 2297 5460 ctttr.

2059 5421 2241 5462 νιιιοιιι
2253 5425 2297 5462 Γ.

2134 5477 2245 5547 (45)
2302 5479 2582 5533 Ἑαυτῶν.
2637 5480 2816 5533 Mallet
2871 5479 3098 5535 Gnietus
3145 5477 3346 5544 αὐτῶν,
3398 5479 3628 5532 subaud.

2060 5547 2536 5620 stliv'Exxlqo'qu.
2572 5549 2739 5620 Paulo
2777 5559 2915 5620 post,
2944 5548 3060 5620 loco
3094 5547 3458 5620 “ragarrbjrﬁc
3489 5547 3631 5603 διδα-

2063 5617 2288 5696 σκαλίας
2319 5617 2413 5670 τοῦ
2458 5618 2630 5688 Ἰησοῦ
2667 5618 2939 5696 ἀφορμάς,
2977 5618 3286 5696 Ιξοξιοιτ-Ηιιε
3333 5617 3450 5685 legit
3507 5620 3629 5682 τοὺς

2058 5686 2166 5740 ἀπὸ
2198 5687 2294 5755 τῆς
2327 5685 2674 5751 διδασκαλίας
2714 5685 3011 5756 τοῦἸησοῦ
3046 5686 3425 5758 ἀφορμῶντας.

489 5190 578 5260 58)
620 5191 953 5248 Ηωεειιοιίιιε
980 5195 1031 5248 ῖιι
1061 5201 1238 5259 textu,
1263 5194 1464 5260 λαϐών,
1496 5195 1654 5250 male.

487 5261 578 5336 59)
627 5261 795 5336 Codd.
835 5261 1032 5336 Regius
1056 5272 1110 5317 et
1134 5264 1481 5328 Basileensis,
1513 5265 1952 5336 ἀποκινήσοντος.

397 5328 564 5403 ιίίιβεξ
581 5330 668 5403 edi
676 5328 1212 5403 ιί,-ἀποκξνήσαντος.

463 5399 574 5469 (40)
597 5399 806 5455 Αὐτῶν
826 5399 1082 5470 μειζών-α.
1115 5403 1308 5458 Guieto
1346 5402 1692 5460 scribendum
1724 5405 1955 5471 videtur,

435 5469 550 5521 ὒτδν
594 5469 834 5532 μείζονα.

389 5485 456 5521 αυ
463 5485 550 5520 τον
594 5486 660 5524 με
669 5485 834 5524 ιεονα.

463 5486 550 5520 τον
594 5486 834 5540 μειςονα.

460 5537 571 5610 (tl)
611 5539 934 5610 Libbtediti
975 5541 1040 5594 ad
1087 5553 1262 5610 oram,
1301 5539 1648 5610 ἱστορεῖσθαι·
1684 5542 1734 5595 ἰιι
1782 5549 1949 5605 textu,

391 5607 726 5684 ἱστορῆσθαι.
757 5609 936 5684 _Paulo
965 5619 1083 5680 post
1135 5607 1468 5664 llaaschelius
1500 5612 1553 5664 in
1605 5621 1774 5674 textu,
1816 5629 1952 5684 συμ-

389 5677 672 5730 ϐάλλεσθαι
711 5680 860 5732 αὐτό.

461 5745 570 5815 ι42)
596 5749 702 5802 Kal
735 5749 903 5804 ἄλλοι
944 5743 1053 5804 οὖν
1078 5747 1534 5817 πεπέμέθωσίιν,
1566 5765 1730 5820 usque
1749 5751 1812 5804 ad
1837 5751 1947 5805 hanc
