3990 6158
419 339 559 396 12Ὶ5

1869 330 2192 390 ORIGENIS

3540 319 3697 375 1236

423 457 488 510 Et
513 456 671 526 quasi
709 471 824 511 rem
866 472 969 510 non
1003 453 1310 510 confessam
1357 455 1616 524 probans,
1659 472 1678 504 σ
1714 455 1913 524 quippe
1941 455 1990 508 id

2097 451 2227 509 νοῖς.
2256 447 2387 507 Καὶ,
2411 444 2651 516 ὡσπερεὶ
2676 442 2737 494 τὸ
2763 443 2864 495 οὐκ
2887 441 2951 494 ἂν
2977 439 3252 510 διδόμενον
3283 437 3550 505 συνάγων,
3575 436 3704 489 τοῦ·

420 563 615 616 magna
645 549 919 612 Ecclesia,
963 566 981 598 ι
1014 547 1222 615 pergit,
1268 565 1286 596 ‹
1324 554 1512 614 aperte
1539 545 1852 612 confitetur,
1873 563 1994 615 quae

416 640 584 691 etiam
630 638 867 691 admittit
917 647 974 690 ut
1015 651 1165 700 vera,
1201 651 1324 704 quae
1364 635 1535 690 Judaei
1565 647 1994 690 commemorant

421 729 490 782 de
522 727 705 781 mundi
738 729 1033 789 creatione,
1073 727 1142 780 de
1172 743 1266 782 sex
1315 727 1508 782 diebus
1530 767 1544 792 ,
1579 728 1642 782 de
1681 728 1906 795 septima
1941 729 1992 780 in

417 829 523 884 qua
549 815 708 880 Deus,
736 825 791 868 ut
821 825 1006 868 narrat
1031 814 1338 885 Scriptura,
1363 818 1634 887 requievit
1655 817 1723 870 ab
1739 818 1994 886 operibus

417 906 533 960 suis
571 925 588 956 ι
617 906 668 958 in
701 906 785 960 sui
813 907 1334 977 contemplationem
1373 923 1432 963 se
1471 909 1772 977 recipiens;
1815 917 1872 961 ut
1898 923 1996 962 au-

418 1005 524 1048 tem
561 994 770 1061 Celsus,
797 1011 917 1064 quae
948 997 1150 1066 scripta
1184 1007 1310 1052 sunt
1338 1013 1437 1052 nec
1465 999 1765 1053 observans
1791 1014 1888 1052 nec
1912 999 1994 1052 in-

419 1084 686 1153 telligens,
742 1087 839 1152 ait,
882 1089 1157 1157 requievit,
1215 1090 1362 1157 quod
1403 1104 1670 1156 nusquam
1731 1089 1990 1159 scriptum

415 1185 516 1229 est.
542 1173 648 1229 Sed
679 1177 745 1229 de
774 1178 957 1232 mundi
985 1178 1264 1234 creatione
1283 1189 1337 1233 et
1361 1180 1719 1244 sabbatismo,
1751 1182 1842 1248 qui
1871 1188 1992 1249 post

417 1281 535 1320 eam
571 1267 664 1320 Dei
693 1269 891 1336 populo
942 1281 1276 1334 reservatur,
1311 1285 1512 1324 arcana
1546 1279 1648 1336 est,
1675 1271 1782 1324 alta
1813 1281 1867 1324 et
1889 1271 1992 1324 dif.

417 1357 579 1412 ficilis
631 1359 978 1426 disceptatio.
1024 1362 1226 1415 Deinde
1265 1362 1476 1426 Celsus,
1515 1363 1728 1427 opinor,
1765 1372 1820 1416 ut
1850 1363 1994 1419 volu-

414 1463 537 1501 men
592 1449 889 1516 amplificet
919 1451 1162 1520 adeoque
1195 1453 1369 1521 majus
1401 1455 1632 1522 pretium
1666 1454 1864 1508 addere
1907 1455 1990 1508 vi-

414 1540 463 1593 d:
485 1547 629 1604 atur,
662 1541 826 1594 nmlta
857 1542 1066 1596 inutilia
1123 1546 1404 1613 congerit:
1434 1555 1620 1614 utputa
1657 1545 1811 1600 nobis
1837 1561 1989 1600 eum-

416 1631 536 1682 dem
568 1646 689 1685 esse
722 1634 957 1700 primum
1000 1637 1302 1703 hominem,
1329 1637 1423 1704 qui
1462 1637 1666 1692 Judazis
1695 1647 1798 1703 est,
1839 1649 1892 1692 et
1923 1640 1990 1691 ab

413 1720 510 1774 illo
533 1722 899 1792 genealogiam
918 1726 1032 1789 pari
1054 1729 1211 1781 modo
1229 1741 1328 1781 nos
1343 1727 1561 1782 ducere.
1590 1727 1776 1798 Neque
1788 1731 1990 1784 scimus

2099 545 2160 596 τό
2194 559 2344 611 φησι·
2380 561 2397 591 ι
2451 539 2645 608 Σαφῶς
2692 555 2756 606 γε
2786 537 2894 590 τῶν
2923 534 3030 589 ἀπὸ
3068 533 3310 604 μεγάλης
3365 531 3703 602 Ἐκκλησίας

2097 634 2254 688 τοῦτο
2277 632 2680 702 ὁμολογούντων
2708 630 2800 682 καὶ
2826 628 2894 680 τὰ
2925 627 3024 696 τῆς
3039 626 3188 697 παρά
3230 623 3504 686 Ἰουδαίοις
3530 640 3701 692 (pape-

2101 727 2268 797 μένης
2297 723 2682 794 κοσμογενείας
2711 720 3084 792 προσιεμένων
3117 719 3192 781 ὡς
3212 717 3406 786 ἀληθῆ,
3448 716 3579 786 περί
3632 732 3698 783 γε

2095 823 2203 874 τῶν
2236 821 2294 886 ἓξ
2345 818 2587 890 ἡμερῶν,
2638 817 2862 886 καὶτῆς
2904 815 3158 884 ἑϐδόμης,
3210 813 3266 863 ἐν
3314 808 3369 885 ᾖ,
3404 813 3481 874 ὡς
3526 812 3635 880 μὲν
3663 814 3695 879 ἡ

2096 913 2286 983 Γραφὴ
2329 911 2499 978 λέγει,
2553 907 2896 961 κατέπαυσεν
2945 906 3051 958 ἀπὸ
3075 904 3183 957 τῶν
3228 903 3406 974 ἔργων
3432 901 3635 954 ἐαυτοῦ
3671 904 3700 953 6

2095 1004 2246 1067 Θεὸς,
2292 1023 2309 1052 ι
2346 1001 2643 1072 ἀναχωρῶν
2670 1002 2750 1062 εἰς
2775 1000 2874 1070 τὴν
2909 995 3101 1051 ἐαυτοῦ
3143 996 3447 1065 περιωπήψ
3485 993 3561 1056 ὡς
3592 994 3643 1046 δ’
3672 994 3700 1044 6

2095 1096 2321 1157 Κέλσος,
2355 1095 2428 1164 μὴ
2467 1095 2714 1164 τηρήσας
2766 1092 2832 1144 τὰ
2881 1089 3269 1160 γεγραμμένα,
3303 1087 3438 1158 μηδέ
3487 1086 3700 1148 συνιεὶς

2095 1186 2252 1250 αύτά,
2288 1187 2472 1256 φησιν,
2509 1182 3038 1252 ἀναπαυσάμενος
3089 1182 3226 1251 ὅπερ
3250 1181 3310 1232 ού
3351 1180 3694 1248 γέγραπται.

2093 1277 2229 1346 Περὶ
2271 1276 2327 1327 δέ
2381 1277 2478 1346 τῆς
2520 1274 2876 1344 κοσμοποιίας
2923 1273 3017 1326 καὶ
3053 1270 3148 1324 τοῦ
3205 1272 3321 1340 μετ’
3355 1270 3520 1322 αὑτὸν
3573 1269 3691 1337 (44)

2095 1363 2520 1433 ἀπολειπομένου
2558 1363 2928 1432 σαϐϐατισμοῦ
2968 1361 3045 1432 τῷ
3079 1360 3194 1430 λαῷ
3229 1361 3321 1413 τοῦ
3350 1359 3485 1412 Θεοῦ
3519 1359 3694 1423 πολὺς

2094 1455 2158 1510 ἂν
2190 1456 2274 1525 εἴη
2318 1456 2411 1508 καὶ
2465 1455 2746 1524 μυστικὸς,
2780 1455 2874 1508 καὶ
2912 1454 3099 1524 βαθὺς,
3129 1454 3223 1506 καὶ
3252 1452 3692 1523 δυσερμήνευτος

2094 1546 2266 1615 λόγος.
2319 1544 2452 1598 Εἶτα
2485 1546 2634 1599 δοκεῖ
2669 1564 2779 1617 μοι,
2811 1547 2872 1598 τὸ
2918 1545 3120 1614 βιϐλίον
3163 1543 3566 1614 συμπληρῶσαι
3599 1541 3692 1594 Θέ-

2093 1639 2219 1701 λων,
2255 1640 2347 1691 καὶ
2383 1637 2527 1709 μέγα
2554 1639 2729 1692 δοκεῖν
2773 1635 2912 1692 εἶναι
2953 1637 3120 1689 ποιῶν
3173 1637 3296 1706 εἰκῆ
3335 1633 3692 1706 προστιθέναι

2092 1731 2234 1784 τινάο
2283 1730 2443 1783 ὁποῖά
2473 1731 2588 1782 ἐστι
2617 1731 2710 1783 καὶ
2739 1731 2806 1782 τά
2840 1731 2981 1782 κατὰ
3009 1729 3100 1781 τὸν
3129 1728 3344 1798 πρῶτον
3377 1725 3690 1795 ἄνθρωπον,

417 1826 541 1880 qua:
569 1831 588 1863 ι
620 1813 723 1867 illae
757 1815 970 1870 insidiae
1011 1836 1029 1866 ›
1063 1817 1191 1882 sint,
1227 1837 1245 1868 ι
1272 1831 1408 1887 quas
1443 1819 1548 1872 sibi
1581 1817 1781 1874 fratres
1809 1829 1990 1876 mutuo

2097 1822 2173 1884 ὼς
2197 1821 2304 1892 ἄρα
2336 1821 2567 1891 λέγομεν
2591 1821 2680 1874 τὸν
2713 1821 2875 1874 αὑτὸν
2910 1815 3139 1882 εἶναιὼς
3168 1819 3261 1872 καὶ
3306 1817 3692 1878 Ἰουδαῖοι,’‹αὶ

413 1917 902 1974 comparaverunt;
939 1928 957 1959 ι
988 1924 1294 1978 quanquam
1327 1910 1534 1966 scimus
1553 1911 1782 1966 Cainum
1808 1913 1988 1980 Abeli,

413 1991 619 2047 Jacoho
658 1994 858 2049 Esaum
910 1997 1139 2052 insidias
1172 2001 1472 2068 paravisse.
1526 1999 1661 2054 Nam
1706 2016 1810 2056 nec
1853 2002 1989 2058 Abel

417 2083 612 2152 Caino,
646 2102 748 2142 nec
802 2086 1042 2144 Jacobus
1085 2089 1226 2148 Esao
1262 2093 1556 2147 insidiatus
1590 2104 1700 2160 est,
1730 2097 1873 2163 quod
1906 2105 1988 2150 ta-

415 2190 541 2230 men
578 2175 777 2232 faetum
803 2193 924 2233 esse
958 2181 1222 2246 oportuit,
1253 2193 1310 2235 ut
1357 2183 1518 2237 Celso
1557 2184 1706 2240 locus
1734 2195 1879 2240 esset
1910 2187 1990 2240 di-

414 2266 598 2329 cendi,
633 2285 652 2317 ‹
688 2282 788 2322 nos
821 2270 1050 2338 perinde
1097 2285 1164 2324 ac
1195 2270 1410 2327 Judzeos
1449 2273 1594 2342 loqui
1638 2274 1705 2329 de
1752 2276 1988 2342 insidiis,

413 2368 550 2421 quas
587 2354 790 2411 fratres
823 2367 1018 2414 mutuo
1050 2359 1154 2414 sibi
1209 2368 1548 2416 struxerunt.
1587 2383 1606 2414 ι
1643 2364 1778 2419 Volo
1809 2375 1987 2420 autem

413 2455 442 2492 a
481 2441 638 2496 nobis
665 2446 1129 2510 quemadmodum
1157 2462 1184 2500 a
1215 2446 1417 2504 Judazis
1453 2454 1661 2506 narrari
1695 2454 1982 2522 profectio-

413 2541 535 2580 nem
565 2529 618 2581 in
647 2529 970 2601 Egyptum,
1005 2544 1059 2589 et
1103 2553 1169 2592 ex
1204 2535 1442 2609 Egypto
1485 2557 1788 2611 egressum,
1825 2561 1986 2615 quam

411 2616 605 2674 Celsus
636 2637 922 2691 perperam
954 2627 1192 2696 appellat
1217 2629 1435 2699 fugam;
1478 2633 1608 2702 quid
1645 2635 1770 2691 inde
1801 2647 1990 2692 contra

411 2727 513 2766 nos
537 2723 632 2766 aut
659 2726 850 2769 contra
875 2715 1134 2774 Iudaeos?
1173 2721 1273 2776 Ubi
1308 2723 1521 2777 videtur
1545 2725 1636 2780 ille
1660 2727 1759 2781 sibi
1799 2738 1991 2784 nactus

410 2809 759 2861 occasionem
790 2823 887 2863 nos
913 2811 1226 2881 vellicandi,
1273 2813 1626 2871 Hebraeorum
1656 2835 1721 2875 ex
1751 2819 1991 2892 IEgypto

410 2909 689 2966 egressum
720 2910 879 2953 vocat
910 2901 1126 2971 fugam,-
1159 2905 1248 2959 ubi
1280 2920 1411 2961 vero
1443 2923 1529 2962 res
1557 2912 1871 2977 postulabat
1934 2924 1991 2966 ut

411 2988 597 3058 plagas
648 2991 844 3058 quibus
898 2993 1035 3047 Deus
1088 2995 1378 3065 IEgyptum
1418 2998 1678 3055 aﬂlixisse
1758 3005 2000 3060 traditur

412 3083 761 3148 expenderet,
790 3083 1069 3137 silentium
1112 3085 1352 3142 alTectat.

2091 1911 2190 1982 τὴν
2223 1913 2316 1965 ἀπ’
2351 1913 2561 1965 ἐκείνου
2591 1912 2842 1983 διαδοχὴν
2877 1912 3080 1982 ὁμοίως
3118 1911 3302 1972 αὐτοῖς
3331 1907 3693 1978 γενεαλογοῦ⁴

2095 2020 2213 2073 μεν.
2263 2003 2422 2056 Ἀλλά
2459 2005 2551 2056 καὶ
2589 2022 2608 2054 ‹
2657 2006 2736 2067 είς
2781 2003 3043 2073 ἀλλήλους
3078 2003 3175 2073 μὲν
3210 2000 3501 2071 ἐπιϐουλὴν
3534 1999 3692 2053 ἀδελ-

2091 2095 2206 2162 φῶν
2257 2114 2275 2146 ι
2321 2096 2421 2148 οὐκ
2457 2095 2636 2166 ῐσμενο
2664 2095 2757 2148 τὸν
2785 2096 2841 2148 δέ
2876 2095 3014 2149 Κάῖν
3046 2093 3556 2147 ἐπιϐεϐουλευκέναι
3606 2092 3689 2163 τῷ

2095 2186 2280 2254 Ἀϐελ,
2316 2187 2410 2241 καὶ
2451 2188 2542 2240 τὸν
2583 2187 2748 2240 Ἐσαῦ
2785 2187 2864 2256 τῷ
2915 2186 3126 2240 Ἰακῶϐο
3161 2186 3220 2238 οὐ
3261 2185 3372 2255 γὰρ
3407 2184 3574 2236 Ἀϐελ
3601 2184 3685 2254 τῷ

2091 2278 2230 2331 Κάῖν
2278 2278 2688 2343 ἐπεϐούλευσεν,
2766 2279 2884 2331 ούδέ
2951 2277 3145 2331 Ἰακὼϐ
3199 2276 3276 2347 τῷ
3327 2275 3490 2329 Ἐσαῦ
3545 2275 3682 2345 (45)’

2090 2369 2230 2438 ὅπερ
2252 2370 2299 2421 εἰ
2323 2371 2583 2438 ἐγεγόνει,
2615 2370 2925 2432 ἀκολούθως
2958 2369 3023 2423 ἂν
3055 2367 3206 2422 εἶπεν
3226 2369 3254 2421 6
3288 2369 3494 2431 Κέλσος
3530 2387 3548 2419 ι
3586 2366 3686 2431 τὰς

2059 2531 2063 2540 ί
2092 2461 2171 2522 εἰς
2196 2461 2457 2531 ἀλλήλους
2482 2461 2591 2514 τῶν
2617 2461 2860 2530 ἀδελφῶν
2883 2460 3175 2522 ἐπιϐουλὰς
3208 2458 3306 2521 τὰς
3338 2457 3508 2520 αὑτὰς
3538 2459 3683 2527 ἡμᾶς

2105 2552 2378 2616 Ἰουδαίοις
2400 2555 2654 2624 ἱστορεῖν.
2696 2574 2714 2604 ι
2754 2554 2933 2605 Ἔστω
2967 2553 3022 2604 δέ
3053 2552 3148 2605 καὶ
3177 2553 3277 2623 τὴν
3306 2551 3386 2612 είς
3412 2548 3681 2615 Αἴγυπτον

2093 2645 2241 2714 ἡμᾶς
2283 2643 2590 2714 ἀποδημίαν
2622 2645 2719 2716 τὴν
2743 2645 2912 2713 αὐτὴν
2943 2645 3117 2713 λέγειν
3153 2644 3402 2706 ἐκείνοις,
3457 2639 3550 2691 καὶ
3584 2636 3682 2706 τὴν

2092 2735 2298 2788 ἐκεῖθεν
2347 2737 2625 2799 ἐπάνοδον,
2659 2738 2752 2790 καὶ
2791 2735 2851 2788 ού
2895 2735 3120 2804 φυγὴν,
3175 2735 3250 2797 ὡς
3279 2736 3308 2786 6
3346 2734 3552 2799 Κέλσος
3596 2754 3678 2788 νο-

2096 2825 2259 2896 μίζειο
2297 2827 2349 2880 τί
2378 2826 2470 2881 οὖν
2493 2829 2664 2882 ταῦτα
2692 2827 3057 2899 συμϐάλλεται
3086 2827 3224 2898 πρὸς
3251 2826 3348 2896 τὴν
3377 2827 3498 2880 καθ’
3521 2827 3675 2898 ήμῶν

2091 2918 2124 2988 ἢ
2178 2918 2318 2972 κατά
2377 2920 2647 2973 Ἰουδαίων
2695 2920 3065 2992 κατηγορίαν;
3098 2919 3226 2973 ἔνθα
3261 2921 3355 2990 μὲν
3406 2918 3496 2973 οῦν
3536 2920 3672 2991 ᾤετο

2093 3008 2375 3079 χλευάζειν
2429 3014 2576 3082 ἡμᾶς
2631 3013 2688 3064 ἐν
2738 3011 2816 3082 τῷ
2872 3011 2998 3082 περὶ
3049 3010 3158 3064 τῶν
3213 3011 3474 3081 Ἑϐραίων
3510 3011 3678 3082 λόγῳ,

2092 3101 2296 3169 φυγὴν
2347 3103 2650 3173 ὠνόμαζενο
2695 3105 2828 3157 ὅπου
2863 3103 2905 3155 δ’
2943 3099 3011 3173 ἦν
3044 3103 3104 3154 τὸ
3149 3103 3532 3174 πραγματικὸν
3566 3103 3671 3170 ἐξε-

411 3176 573 3229 τάσαι
612 3177 739 3246 περὶ
784 3176 891 3230 τῶν
921 3178 1425 3251 ἀναγεγραμμένων
1475 3185 1752 3254 μαστίγων
1799 3188 2188 3260 ἐπεληλυθέναι
2242 3201 2307 3266 τῇ
2362 3197 2620 3268 Αἰγύπτῳ
2670 3198 2778 3251 ἀπὸ
2825 3196 2920 3250 τοῦ
2952 3195 3107 3260 Θεοῦ,
3160 3195 3304 3250 τοῦθ’
3337 3197 3480 3249 ἑκὼν
3531 3195 3683 3250 ἐσιώ-

412 3288 488 3343 πη
498 3291 609 3330 σεν.

483 3367 573 3421 60.
603 3367 893 3434 Caeterum,
931 3371 974 3424 si
1008 3384 1105 3424 nos
1137 3381 1390 3427 accurate
1418 3376 1743 3444 respondere
1771 3387 1988 3445 oportet

2161 3380 2224 3432 El
2276 3378 2319 3430 δ’
2385 3378 2630 3448 ἀκριϐῶς
2691 3377 2796 3449 χρὴ
2854 3379 3003 3448 ἡμᾶς
3049 3377 3227 3444 λέγειν
3272 3375 3342 3427 τὰ
3390 3375 3529 3446 πρὸς
3594 3376 3680 3427 τὸν

416 3459 483 3510 ad
516 3458 751 3523 Celsum,
787 3461 1098 3529 Opinantetn
1121 3465 1366 3517 eamdem
1391 3478 1631 3520 nostram
1653 3483 1772 3521 esse
1807 3484 1870 3523 ae
1899 3468 1994 3522 Ju-

417 3549 653 3603 dasortnn
681 3552 746 3604 de
774 3553 856 3606 his
883 3555 1046 3608 rebus
1081 3557 1427 3616 sententiam.
1480 3557 1726 3613 dicemus
1763 3562 1818 3612 in
1855 3576 1992 3615 con—

419 3639 564 3694 fesso
619 3657 740 3697 esse
794 3647 938 3713 apud
1002 3656 1287 3716 utrosque,
1331 3648 1500 3704 libros
1546 3651 1728 3704 divino
1784 3651 1991 3720 Spiritu

414 3732 584 3787 fuisse
624 3735 894 3801 scriptos:
929 3738 995 3792 de
1030 3739 1245 3793 illorum
1292 3740 1459 3812 624
1509 3750 1686 3796 autem
1724 3743 1988 3796 librorum

415 3823 866 3891 interpretatione
896 3843 994 3883 nos
1026 3845 1146 3884 cum
1179 3831 1381 3886 ludatis
1412 3833 1732 3888 dissentire.
1782 3834 1992 3903 Quippe

417 3930 524 3967 non
557 3924 616 3968 ut
653 3915 821 3970 Judaei
857 3920 1106 3986 vivimus,
1144 3938 1515 3991 negamusque
1564 3936 1803 3980 mentem
1859 3927 1991 3996 legis

415 4008 686 4062 contineri
740 4023 902 4063 sensu
967 4026 1126 4080 quem
1172 4015 1346 4083 legum
1383 4014 1560 4066 littera
1606 4031 1718 4084 prae
1759 4031 1817 4069 se
1863 4015 1988 4070 fert.

415 4097 672 4164 Quinimo
709 4101 1070 4170 aﬂirmamus,
1104 4125 1122 4158 ι
1163 4122 1286 4161 cum
1320 4105 1519 4175 legitur
1565 4107 1810 4178 Moyses,
1840 4109 1990 4164 vela-

414 4207 536 4246 men
593 4198 826 4263 positum
876 4210 998 4251 esse
1035 4214 1196 4268 super
1234 4216 1329 4254 cor
1381 4216 1572 4255 eorum
1598 4200 1666 4264 ⁸⁸,
1711 4219 1727 4250 ι
1761 4216 1879 4254 eam
1921 4203 1990 4256 ob

413 4296 656 4352 causam,
687 4288 812 4354 quia
846 4288 979 4357 legis
1003 4291 1255 4345 Mosaicre
1275 4307 1426 4346 mens
1452 4292 1758 4347 occultatur
1787 4293 1850 4347 iis
1896 4293 1989 4362 qui
2029 4287 2036 4294 ”

412 4374 555 4427 viam
603 4390 633 4428 a
679 4375 806 4432 Jesu
843 4381 1066 4436 Christo
1108 4391 1466 4436 monstratam
1517 4384 1741 4453 ingredi;
1771 4399 1991 4439 recusa-

413 4474 558 4519 runt.
594 4466 808 4524 Scimus
841 4482 1042 4539 autem,
1079 4475 1298 4542 quando
1333 4490 1390 4528 se
1417 4475 1536 4544 quis
1579 4477 1644 4530 ad
1677 4475 1988 4542 Dominum,

411 4556 504 4624 qui
536 4556 770 4626 Spiritus
793 4571 895 4625 est,
922 4565 1280 4630 converterit,
1310 4565 1550 4619 velamen
1582 4566 1812 4634 aul'erti,
1838 4583 1992 4621 eum-

415 4660 519 4713 que
543 4664 560 4696 ι
592 4657 792 4706 retecta
861 4651 998 4706 facie
1029 4654 1237 4709 Domini
1266 4656 1494 4725 gloriam
1525 4657 1669 4710 velut
1691 4659 1744 4711 in
1769 4660 1991 4726 speculo

2096 3469 2325 3532 Κέλσον,
2367 3469 2609 3539 οἰόμενον
2648 3469 2716 3521 τά
2749 3469 2888 3521 αὐτὰ
2921 3469 3066 3539 ἡμᾶς
3107 3467 3380 3529 Ἰουδαίοις
3418 3465 3680 3536 περὶτῶν

2097 3561 2430 3630 ἐγκειμένων
2465 3561 2575 3629 (45)
2604 3557 2864 3624 δοξάζειν·
2901 3559 3163 3629 φήσομεν,
3191 3556 3362 3608 ὅτιτά
3392 3556 3492 3625 μὲν
3509 3555 3680 3625 βιϐλία

2097 3652 2224 3722 θείῳ
2253 3651 2560 3722 γεγράφθαι
2619 3650 2921 3720 Πνεύματι,
2965 3648 3334 3720 ὁμολογοῦμεν
3363 3648 3675 3727 ἀμφότεροι·

2097 3743 2224 3812 περὶ
2267 3742 2322 3793 δὲ
2377 3742 2475 3811 τῆς
2504 3741 2729 3811 ἐκδοχῆς
2757 3741 2864 3794 τῶν
2896 3743 2953 3793 ἐν
2987 3744 3098 3804 τοῖς
3131 3741 3355 3810 βιϐλίοις
3384 3740 3568 3792 ούκέτι
3616 3740 3679 3792 τὰ

2088 3825 2259 3904 ’ὅμοιά
2301 3850 2498 3902 φαμεν·
2550 3833 2604 3884 οἵ
2637 3850 2700 3900 γε
2739 3834 2857 3886 ούδέ
2912 3833 3134 3904 βιοῦμεν
3172 3833 3247 3897 ὡς
3300 3833 3563 3890 Ἰουδαῖοι.
3607 3831 3679 3900 τῷ

2097 3929 2311 3996 φρονεῖν
2342 3925 2402 3976 ού
2431 3924 2528 3995 τὴν
2564 3924 2701 3977 κατὰ
2723 3925 2782 3976 τὸ
2817 3925 2978 3994 ῥητὸν
3017 3925 3240 3996 ἐκδοχὴν
3267 3923 3373 3977 τῶν
3395 3925 3575 3993 νόμων
3607 3919 3679 3975 εἷ-

2097 4029 2184 4066 ναι
2208 4014 2306 4084 τὴν
2337 4014 2696 4085 περιέχουσαν
2719 4016 2778 4066 τὸ
2813 4013 3056 4084 βούλημα
3081 4015 3177 4083 τῆς
3203 4014 3540 4084 νομοθεσίας.
3576 4013 3680 4065 Καὶ

2094 4106 2324 4176 λέγομεν
2361 4105 2426 4167 δ’,
2471 4125 2487 4155 ί
2529 4106 2818 4176 ὃτι,ήνίκα
2848 4105 2912 4159 ἂν
2955 4105 3392 4177 ἀναγινώσκηται
3416 4104 3674 4172 Μωῦσῆς,

2096 4197 2356 4268 κάλυμμα
2381 4198 2473 4250 sui.
2500 4197 2598 4268 τὴν
2645 4197 2872 4268 καρδίαν
2901 4201 3097 4261 κεῖται,
3136 4218 3153 4249 ι
3207 4197 3286 4268 τῷ
3315 4202 3426 4260 τοῖς
3468 4197 3563 4268 τὴν
3596 4196 3678 4248 διὰ

2108 4289 2281 4359 Ἰησοῦ
2314 4287 2549 4358 Χριστοῦ
2599 4289 2672 4358 μὴ
2706 4289 3115 4358 ἀσπασαμένοις
3139 4289 3256 4342 ὁδὸν
3283 4287 3676 4360 ἐπικεκρύφθαι

2093 4377 2155 4429 τὸ
2193 4376 2435 4448 βούλημα
2478 4375 2571 4429 τοῦ
2603 4377 2879 4441 Μωῦσέως
2927 4378 3109 4448 νόμου.
3149 4380 3335 4449 ’ῐσμεν
3367 4379 3410 4431 δ’
3452 4380 3553 4442 ὅτι,
3589 4378 3675 4430 ἐὰν

2096 4466 2395 4536 ἐπιστρέψῃ
2443 4483 2526 4527 τις
2577 4465 2712 4536 πρὸς
2761 4465 2852 4518 τὸν
2913 4465 3116 4537 Κύριον
3163 4469 3211 4535 (ὀ
3264 4467 3320 4520 δὲ
3367 4468 3571 4539 Κύριος
3621 4469 3676 4520 τὸ

2096 4556 2314 4626 πνεῦμά
2346 4556 2507 4625 ἐστι’)
2540 4556 2907 4629 περιαιρεθεὶς
2939 4557 2999 4609 τὸ
3030 4558 3315 4629 κάλυμμα,
3348 4578 3365 4609 ι
3409 4559 3674 4612 ἀνακεκα-

2095 4647 2356 4717 λυμμένῳ
2389 4645 2686 4716 προσώπῳ,
2732 4666 2748 4696 ι
2775 4647 2872 4717 τὴν
2907 4649 2965 4700 ἐν
2991 4651 3103 4711 τοῖς
3129 4649 3531 4720 κεκρυμμένοις
3559 4650 3676 4718 νοή-

411 4736 608 4792 intueri
642 4741 684 4770 ⁸⁷
721 4760 739 4792 ι
775 4744 824 4794 in
875 4743 980 4798 illis
1015 4747 1267 4800 sensibus
1304 4763 1440 4813 quos
1481 4748 1660 4801 littera
1701 4750 1835 4818 legis
1863 4743 1988 4804 abs;

2100 4760 2230 4813 μασι
2257 4741 2394 4795 κατά
2428 4742 2494 4794 τά
2520 4741 2823 4812 γράμματα
2858 4761 2874 4790 ‹
2905 4739 3062 4804 δόξαν
3085 4739 3176 4792 τοῦ
3212 4739 3418 4810 Κυρίου
3442 4739 3678 4810 ὡσπερεὶ

411 4829 702 4894 condebat,
736 4841 791 4886 et
845 4833 895 4885 in
932 4850 1080 4888 suam
1119 4838 1286 4904 ipsius
1320 4837 1543 4907 gloriam
1579 4839 1762 4907 gloria:
1790 4840 1985 4893 divinae

411 4923 731 4992 participem
756 4927 894 4980 fieri.
934 4928 1068 4983 Nam
1120 4929 1174 4983 id
1204 4932 1348 4998 quod
1383 4933 1471 4986 hic
1508 4947 1604 5001 per
1638 4931 1864 5000 figuram
1896 4946 1986 4984 vo-

410 5023 568 5069 catur
609 5016 792 5084 facies,
825 5028 1009 5087 aperte
1041 5023 1276 5088 loquenti
1309 5033 1392 5076 est
1422 5023 1751 5087 intellectus,
1786 5025 1836 5077 in
1875 5038 1982 5092 quo

410 5117 496 5161 est
529 5109 806 5165 interioris
839 5112 1074 5166 hominis
1123 5113 1311 5176 facies,
1340 5128 1492 5182 quat,
1530 5126 1817 5183 perspecto
1853 5131 1982 5172 vero

411 5201 590 5267 legum
621 5217 805 5269 sensu,
835 5212 941 5258 tota
975 5204 1179 5263 lumine
1215 5217 1267 5260 et
1301 5207 1474 5276 gloria
1509 5207 1839 5276 resplendet.

483 5427 528 5455 “
559 5425 596 5478 Il
628 5426 758 5479 Cor.
795 5443 845 5491 ν,
875 5427 960 5482 15.
1039 5427 1082 5458 ⁸⁷
1115 5425 1248 5481 Ibid.
1283 5425 1371 5482 18.

481 5544 594 5609 (Al)
636 5545 771 5598 Μετ’
801 5548 1008 5600 αὐτόν.
1047 5546 1407 5602 Scribendtlm
1454 5547 1690 5616 videtur,
1740 5547 1857 5618 μετ’
1888 5547 1984 5599 αύ-

410 5615 978 5760 ffiréz‘ilnllmsehelius
1005 5690 1066 5760 in
1117 5697 1294 5760 textu,
1317 5692 1344 5742 ὁ
1393 5689 1500 5760 γὰρ
1529 5689 1694 5741 mea
1729 5689 1804 5760 τῷ
1851 5690 1986 5742 Κάῖν

414 5750 820 5807 ἐπεϐούλευσεν.
853 5758 881 5806 ὁ
912 5757 966 5808 δὲ
1005 5757 1195 5810 Ἰακὼϐ
1230 5759 1306 5812 τῶ
1349 5750 1537 5820 Ἡσαῦ.
1574 5763 1730 5816 male.

2091 4833 2529 4905 κατοπτρίζεται,
2573 4853 2590 4885 ι
2629 4836 2724 4886 καὶ
2762 4832 3167 4904 μεταλαμϐάνει
3209 4832 3308 4902 τῆς
3340 4832 3678 4902 καλουμένης

2091 4926 2240 4989 θείας
2261 4925 2418 4997 δόξης
2454 4928 2533 4989 εἰς
2564 4928 2663 4997 τὴν
2694 4924 2885 4978 ἑαυτοῦ
2907 4924 3081 4988 δόξαν·
3115 4921 3388 4993 τροπικῶς
3416 4924 3513 4993 μὲν
3530 4922 3678 4991 λεγο-

2092 5019 2250 5089 μένου
2299 5018 2644 5086 προσώπου,
2705 5017 3038 5088 γυμνότερον
3085 5015 3154 5079 δ’,
3195 5015 3270 5078 ὡς
3301 5014 3365 5068 ἂν
3416 5016 3678 5086 ὀνομάσαι

2087 5127 2191 5173 τις,
2222 5109 2316 5163 τοῦ
2349 5115 2460 5176 νοῦ,
2505 5115 2561 5164 ἐν
2657 5113 2772 5164 ἐστι
2803 5111 2862 5163 τὸ
2897 5109 2988 5162 τοῦ
3020 5108 3161 5162 κατά
3191 5110 3282 5162 τὸν
3329 5108 3436 5161 ἔσω
3470 5108 3680 5178 ἄνθρω-

2102 5219 2197 5255 πον
2240 5203 2526 5274 πρόσωπον
2577 5203 2707 5274 (47),
2765 5200 3136 5273 πληρούμενον
3182 5200 3356 5270 φωτὸς
3391 5201 3484 5254 καὶ
3524 5200 3677 5270 δόξης

2096 5294 2203 5347 ἀπὸ
2229 5294 2328 5365 τῆς
2360 5296 2486 5366 περὶ
2513 5296 2620 5349 τῶν
2651 5295 2791 5350 κατά
2822 5297 2948 5358 τοὺς
2974 5293 3168 5364 νόμους
3189 5290 3464 5364 ἀλιιδείας.

2099 5617 2111 5630 .
2167 5542 2757 5630 (46)"E1weqtérw.
2811 5543 3005 5614 Guieto
3066 5540 3412 5598 scribendum
3461 5541 3674 5596 videtur

2095 5615 2564 5798 exitiiés’iz’niss.
2601 5683 2914 5738 Bohercllus
2946 5683 3076 5750 legit
3116 5683 3175 5735 τὸ
3196 5680 3290 5735 τοῦ
3319 5683 3459 5737 κατά
3486 5681 3544 5733 τὸ
3565 5679 3670 5733 iam

2103 5759 2166 5798 ἀν
2188 5753 2388 5798 Ιοώπου
2424 5755 2731 5798 «admoram-
2777 5755 2926 5798 A‘mul
2965 5753 3330 5798 Hmselmlimn
3357 5765 3410 5798 et
3434 5753 3642 5798 Sneuea

2103 5753 2388 5824 ἀνθρώπου
2424 5755 2731 5822 πρόσωπον.
2772 5755 2926 5824 Apud
2961 5753 3330 5809 Hmschelium
3357 5765 3410 5809 et
3434 5753 3642 5823 Spenea
