3990 6158
371 336 515 395 1277

451 454 610 524 Ἑξῆς
677 455 734 506 δὲ
795 455 1004 518 τούτοις
1080 456 1233 526 φησί’
1297 475 1314 506 ι
1369 457 1458 526 Μή
1525 474 1591 526 με
1655 457 1810 527 οίηθῇ
1873 473 2032 529 τιςΑ

365 544 601 614 ἀγνοεῖν,
635 545 710 608 ὡς
733 549 780 599 οἱ
811 548 910 617 μὲν
943 548 1122 602 αὐτῶν
1156 547 1526 618 συνθήσονται,
1557 549 1647 600 τὸν
1691 547 1851 600 αὑτὸν
1878 544 1954 600 εἷ-

365 649 456 687 ναι
486 634 669 702 σφίσιν
696 636 860 708 ὅνπερ
891 637 1164 700 Ἰουδαίοις
1187 637 1336 690 Θεόν·
1363 640 1409 690 οί
1432 637 1476 690 δ’
1505 637 1682 702 ἄλλον,
1704 631 1747 703 ᾧ
1768 637 1956 690 τοῦτον

364 725 626 788 ἐναντίον,
664 729 792 797 παρ’
825 729 1030 780 ἐκείνου
1057 747 1114 781 τε
1151 728 1322 782 ἐλθεῖν
1353 729 1443 781 τὸν
1477 728 1624 781 Υἱόν.
1668 748 1684 778 ι
1714 729 1884 800 Εἴπερ
1899 729 1956 782 δὲ

363 815 424 868 τὸ
446 811 584 868 εἶναι
606 816 846 886 αἱρέσεις
869 817 1118 880 πλείονας
1145 820 1202 870 ἐν
1237 821 1585 889 Χριστιανοῖς
1618 819 1954 888 κατηγορίαν

363 905 534 961 οἴεται
562 910 981 980 Χριστιανισμοῦ
1010 906 1167 964 εἶναι·
1195 911 1281 964 διὰ
1305 911 1492 980 τίούχὶ
1507 911 1602 962 καὶ
1635 910 1954 978 φιλοσοφίας

363 1002 666 1072 κατηγορία
700 1002 840 1055 κατὰ
880 1003 940 1056 τὸ
978 1003 1240 1070 ἀνάλογον
1274 1002 1550 1073 νομισθείη
1585 1001 1652 1054 ἂν
1681 1004 1713 1072 η
1752 1003 1808 1052 ἐν
1835 1004 1953 1063 ταῖς

361 1090 612 1164 αἱρέσεσι
656 1091 764 1145 τῶν
821 1094 1252 1164 φιλοσοφούντων
1298 1093 1562 1162 διαφωνία
1607 1095 1667 1145 ού
1701 1093 1828 1162 περὶ
1866 1111 1953 1162 μι-

361 1179 513 1248 κρῶν
537 1183 631 1233 καὶ
680 1181 786 1234 τῶν
813 1184 1103 1252 τυχόντων,
1139 1183 1272 1236 ἀλλὰ
1308 1201 1373 1238 πε
1383 1184 1435 1254 ρὶ
1459 1184 1566 1236 τῶν
1593 1184 1952 1251 ἀναγκαιοτά-

362 1287 504 1335 των,
531 1273 670 1344 Ὥρα
701 1274 756 1326 δὲ
791 1275 882 1327 καὶ
925 1275 1172 1346 ἰατρικὴν
1207 1275 1628 1346 κατηγορεῖσθαι
1653 1275 1742 1327 διὰ
1766 1275 1864 1338 τὰς
1893 1277 1949 1327 ὲν

361 1363 498 1433 αὐτῇ
543 1365 799 1435 αἱρέσεις.
833 1367 1114 1418 Ἔστωσαν
1137 1362 1230 1418 οὖν
1257 1368 1314 1418 ἐν
1339 1368 1469 1436 ἡμῖν
1504 1366 1614 1436 (48)
1649 1368 1696 1419 οί
1747 1366 1820 1436 μὴ
1861 1365 1949 1417 τὸν

361 1451 522 1503 αὐτὸν
554 1453 804 1520 λέγοντες
827 1455 904 1526 τῷ
938 1457 1206 1509 Ἰουδαίων
1236 1456 1354 1526 Θεῷ
1412 1456 1561 1508 Θεόνο
1621 1457 1731 1509 ἁλλ’
1767 1456 1948 1525 οῦτιγε

362 1541 512 1610 παρὰ
535 1542 692 1596 τοῦτο
724 1546 1117 1616 κατηγορητέοι
1144 1547 1192 1598 οἱ
1215 1546 1321 1598 ἀπὸ
1340 1545 1447 1598 τῶν
1476 1547 1654 1598 αὐτῶν
1684 1547 1948 1617 γραμμά-

360 1646 467 1680 των
514 1631 949 1697 ἀποδεικνύντες,
984 1635 1065 1686 ὅτι
1110 1629 1192 1696 εἷς
1227 1635 1320 1686 καὶ
1358 1637 1385 1687 ὁ
1437 1635 1598 1696 αὐτὸς
1644 1635 1776 1698 Θεὸς
1815 1637 1947 1688 Ἰου-

359 1719 525 1771 δαίων
553 1721 668 1772 ὲστὶ
704 1723 797 1774 καὶ
830 1723 1016 1775 ἐθνῶνο
1053 1724 1127 1787 ὡς
1155 1727 1248 1777 καὶ
1286 1726 1374 1778 τὸν
1414 1726 1622 1779 Παῦλον
1652 1727 1829 1794 λέγειν
1854 1745 1948 1780 σα-

359 1805 494 1876 φῶς,
578 1811 684 1862 ἀπὸ

362 1918 380 1948 ι
421 1900 593 1971 Χάριν
619 1901 726 1972 ἔχω
775 1902 852 1972 τῷ
879 1903 994 1974 Θεῴ
1023 1923 1145 1974 μου,
1174 1899 1216 1972 ᾧ
1245 1906 1490 1976 λατρεύω
1521 1908 1628 1960 ἀπὸ
1665 1909 1944 1978 προγόνων

355 1990 412 2040 ἐν
444 1990 656 2061 καθαρᾷ
699 1993 1015 2064 συνειδήσει.
1057 2014 1075 2045 ι
1107 1996 1284 2048 Ἔστω
1315 1997 1359 2048 δ’
1385 1997 1466 2049 ἔτι
1502 1999 1594 2051 καὶ
1645 1999 1826 2069 τρίτον
1852 2001 1944 2069 γέ-

351 2097 441 2143 νος
505 2081 613 2153 (49)
660 2082 765 2134 τῶν
820 2085 1190 2155 ὀνομαζόντων
1240 2090 1539 2156 ψυχικούς
1593 2107 1778 2154 “mn
1848 2094 1943 2145 καί

350 2172 788 2238 πνευματικοὺς
845 2175 1079 2246 ἐτέρους
1125 2173 1276 2246 οἶμαι
1329 2177 1372 2228 δ’
1409 2179 1570 2232 αὐτὸν
1604 2180 1783 2248 λέγειν
1814 2184 1941 2245 τοὺς

346 2262 455 2315 ἀπὸ
510 2264 882 2318 Οὐαλεντίνου.
935 2269 1044 2321 Καὶ
1085 2269 1137 2320 τί
1188 2269 1346 2322 τοῦτο
1403 2272 1541 2339 πρὸς
1586 2275 1773 2342 ἡμᾶς,
1812 2276 1940 2337 τοὺς

347 2354 455 2406 ἀπὸ
487 2356 585 2424 τῆς
608 2355 957 2428 Ἐκκλησίας,
1000 2359 1438 2430 κατηγοροῦντας
1462 2361 1572 2414 τῶν
1602 2364 1937 2430 εἰσαγόντων

349 2445 536 2514 φύσεις
568 2448 631 2500 ἐκ
680 2451 1024 2520 κατασκευῆς
1058 2451 1390 2520 σωζομένας,
1429 2452 1461 2521 ἢ
1498 2455 1560 2505 ἐκ
1593 2456 1940 2525 κατασκευῆς

345 2537 756 2607 ἀπολλυμένας;
807 2541 1089 2593 Ἔστωσαν
1129 2541 1185 2593 δέ
1228 2560 1370 2605 τινες
1406 2545 1500 2596 καὶ
1531 2545 1938 2616 ἐπαγγελλόμε-

347 2643 428 2678 νοι
455 2623 594 2680 εἶναι
628 2629 667 2680 Γ
669 2633 922 2683 νωστικοὶ
949 2632 1082 2701 (50),
1122 2633 1382 2702 ἀνάλογον
1417 2639 1529 2699 τοῖς
1558 2638 1782 2700 ἑαυτοὺς
1807 2639 1938 2691 ἀνα-

346 2716 633 2786 γορεύουσι
667 2716 989 2786 φιλοσόφους
1011 2719 1430 2791 Ἐπικουρείοις.
1468 2722 1607 2773 Ἀλλ’
1623 2721 1746 2774 οῦτε
1769 2725 1816 2774 oi
1839 2723 1936 2794 τὴν

346 2806 611 2876 Πρόνοιαν
645 2808 992 2880 ἀναιροῦντες
1023 2811 1298 2881 φιλόσοφοι
1317 2809 1426 2865 εἶεν
1459 2813 1524 2867 ἂν
1546 2813 1780 2884 ἀληθῶς,
1811 2814 1934 2868 οὔτε

345 2898 393 2946 οἰ
424 2895 494 2947 τὰ
515 2896 777 2950 ἀλλόκοτα
808 2899 1228 2969 ἀναπλάσματα,
1259 2903 1351 2954 καὶ
1383 2903 1458 2973 μὴ
1492 2904 1798 2973 ἀρέσκοντα
1822 2907 1935 2968 τοῖς

345 2987 444 3055 τῆς
468 2987 575 3038 ἀπὸ
601 2987 696 3039 τοῦ
728 2989 903 3059 Ἰησοῦ
936 2990 1206 3060 διαδοχῆς.
1241 2994 1699 3061 ὲπεισαγαγόντες
1727 2991 1834 3047 εἷεν
1868 2993 1932 3048 ἂν

343 3079 680 3149 Χριστιανοί.
714 3081 996 3134 Ἔστωσαν
1022 3081 1077 3134 δέ
1094 3099 1238 3146 τινες
1262 3085 1354 3135 καὶ
1383 3085 1474 3136 τὸν
1502 3084 1712 3156 Ἰησοῦν
1737 3085 1930 3138 ἀποδε-

345 3171 586 3240 χόμενοι,
630 3171 705 3234 ὡς
739 3172 890 3244 παρὰ
913 3173 1072 3226 τοῦτο
1101 3176 1415 3245 Χριστιανοὶ
1448 3171 1584 3230 εἶναι
1615 3176 1928 3246 αὐχοῦντες·
1962 3151 2002 3205 C

347 3262 426 3312 ἔτι
460 3263 515 3313 δὲ
544 3263 636 3314 καὶ
662 3263 805 3315 κατὰ
849 3265 938 3316 τὸν
971 3266 1242 3318 Ἰουδαίων
1265 3267 1426 3336 νόμον
1453 3268 1528 3331 ὡς
1555 3267 1623 3329 τὰ
1667 3267 1934 3320 Ἰουδαίων

348 3351 526 3421 πλήθη
551 3352 698 3421 βιοῦν
733 3352 1022 3417 ἐθέλοντες
1057 3353 1220 3427 (οὗτοι
1237 3358 1280 3409 δ’
1315 3360 1450 3410 εἰσὶν
1476 3361 1523 3410 οἱ
1550 3358 1717 3410 διττοὶ
1741 3359 1934 3410 Ἐὅιω-

344 3445 481 3494 ναῖοι
526 3443 659 3513 (51),
710 3445 826 3514 ἦτοι
866 3447 929 3497 ἐκ
973 3446 1248 3516 Παρθένου
1291 3447 1681 3518 ὁμολογοῦντες
1733 3449 1932 3518 ὁμοίως

343 3535 475 3604 ¹ἡμῖν
509 3535 597 3586 τὸν
644 3536 869 3606 Ἰησοῦν,
906 3537 938 3607 ἢ
975 3538 1072 3606 οὐχ
1107 3538 1249 3591 οὕτω
1277 3540 1654 3610 γεγεννῆσθαι,
1702 3541 1817 3592 ἀλλ’
1856 3541 1931 3603 ὡς

340 3626 468 3689 τοὺς
510 3626 730 3690 λοιποὺς
787 3627 1152 3700 ἀνθρώπους)·
1189 3631 1240 3682 τί
1289 3630 1446 3683 τοῦτο
1479 3631 1631 3701 φέρει
1681 3631 1931 3702 ἔγκλημα

341 3722 453 3783 τοῖς
470 3720 577 3772 ἀπὸ
610 3721 706 3791 τῆς
734 3721 1079 3792 Ἐκκλητίας,
1103 3721 1195 3786 οὒς
1227 3722 1343 3776 ἀπὸ
1378 3724 1482 3777 τοῦ
1512 3723 1784 3790 πλήθους

341 3817 624 3886 ὠνόμασεν
659 3819 687 3869 ὁ
720 3818 954 3882 Κέλσος;
1001 3815 1135 3871 Εἷπε
1162 3820 1218 3872 δέ
1256 3837 1409 3883 τινας
1440 3816 1579 3874 εἶναι
1615 3821 1708 3873 καὶ
1739 3819 1927 3872 Σιϐυλ-

341 3906 527 3969 λιστάς
553 3909 685 3978 (55)’
706 3908 846 3978 τάχα
868 3910 1221 3980 παρακούσας
1241 3911 1403 3964 τινῶν
1420 3911 1794 3977 ἐγκαλούντων
1819 3913 1930 3973 τοῖς

340 4001 610 4071 οἰομένοις
634 4002 904 4072 προφῆτιν
948 4003 1229 4070 γεγονέναι
1261 4004 1360 4074 τὴν
1392 4003 1673 4068 Σίϐυλλαν,
1727 4003 1820 4056 καὶ
1845 4005 1933 4055 Σι-

341 4092 629 4157 summa;
657 4093 783 4155 τοὺς
805 4093 1079 4158 τοιούτους
1108 4095 1473 4148 καλεσάντων.

424 4215 468 4246 ⁸³
494 4211 537 4265 ll
566 4212 706 4266 Tim.
735 4229 773 4278 ι,
807 4215 862 4267 5.

343 4320 463 4358 rum
490 4344 504 4367 ,
555 4301 614 4354 τὸ
670 4301 761 4374 τοῦ
805 4301 948 4356 κατὰ
1006 4303 1068 4355 τὸ
1113 4301 1220 4374 ξσω
1255 4303 1550 4374 κάνθρὼπου
1615 4303 1923 4374 πρόσωπον.

342 4375 462 4428 Mox
507 4388 604 4441 pro
648 4371 1042 4443 πληρούμενον,
1087 4371 1430 4426 liteschelins
1466 4375 1520 4425 in
1561 4371 1709 4427 textu
1770 4376 1930 4427 habet

343 4441 972 4514 πληρούμενοιίιὺὶιίοιη
1025 4453 1146 4510 post
1192 4443 1457 4513 περὶτῶν
1490 4443 1797 4506 κατὰτοὺς
1843 4445 1930 4496 νό-

1578 334 1859 392 CONTRA
1895 334 2170 392 CELSUM
2206 333 2334 390 LIB.
2378 329 2437 388 V.

3500 337 3636 392 1278

2137 455 2225 510 61.
2274 454 2637 522 Prosequitur
2683 451 2876 507 Celsus
2908 474 2918 507 ε
2954 469 2973 503 ι
3009 451 3195 521 Neque
3225 467 3310 508 me
3351 454 3636 524 quisquam

2060 556 2212 616 putet
2251 548 2523 614 ignorare,
2559 546 2820 614 quosdam
2863 545 3084 613 quidem
3112 561 3175 598 ex
3225 545 3330 599 illis
3383 559 3638 602 assenSU-

2060 648 2170 697 ros,
2205 634 2451 688 eumdem
2477 633 2602 697 sibi,
2637 646 2797 701 quem
2828 630 3052 699 Iudaeis,
3079 648 3204 688 esse
3233 635 3401 689 Deum
3427 653 3442 698 ;
3471 653 3637 705 quos-

2058 727 2180 780 dam
2229 734 2408 778 antem
2465 725 2630 776 alium
2673 724 2964 778 admittere
2994 725 3070 778 illi
3113 727 3456 780 contrarium
3496 739 3552 782 et
3602 746 3634 783 ο

2056 832 2164 884 quo
2199 816 2366 868 Filius
2401 815 2631 869 venerit.
2661 833 2679 865 ›
2717 815 2786 867 At
2817 815 2860 868 si
2890 815 3135 869 diversas
3190 814 3629 871 Christianorum

2057 914 2235 962 sectas
2255 906 2659 959 Christianismi
2691 906 2880 957 vitium
2907 920 3027 960 esse
3058 905 3444 975 ducat,quidni
3465 909 3629 962 etiam

2055 997 2413 1067 philosophiae
2455 997 2587 1050 vitio
2615 998 2778 1050 vertit
2809 1006 3082 1050 sectarum
3119 996 3622 1065 pbilosophicarum

2055 1089 2448 1142 dissensionem
2484 1096 2538 1141 et
2567 1103 2685 1140 eam
2729 1087 2948 1155 quidem
2996 1103 3100 1140 non
3150 1088 3216 1140 de
3247 1087 3412 1142 rebus
3451 1087 3630 1151 nihili,

2053 1181 2148 1232 sed
2181 1181 2245 1234 de
2277 1159 2606 1248 praecipuis?
2639 1178 2747 1232 Cur
2775 1193 2880 1230 non
2915 1178 3079 1231 etiam
3115 1178 3396 1231 medicinae
3437 1179 3628 1232 crimi-

2054 1286 2248 1325 nosum
2286 1280 2387 1332 est,
2421 1271 2562 1338 quod
2601 1272 2651 1324 in
2686 1281 2862 1324 sectas
2887 1269 3055 1323 scissa
3087 1270 3209 1322 est?
3255 1271 3384 1324 Esto
3405 1271 3514 1326 sint
3547 1273 3631 1324 in-

2056 1373 2138 1417 ter
2177 1378 2276 1416 nos
2315 1364 2406 1432 qui
2442 1362 2756 1417 Iudaeorum
2799 1374 2851 1418 et
2887 1373 3133 1418 nostrum
3165 1364 3413 1418 eumdem
3459 1365 3627 1418 Deum

2051 1469 2169 1508 esse
2197 1465 2391 1524 negent
2419 1473 2431 1508 :
2460 1457 2552 1509 sed
2586 1471 2690 1509 nou
2715 1465 3000 1524 propterea
3036 1455 3329 1509 accusandi
3366 1467 3495 1509 sunt
3527 1456 3625 1519 illi,

2051 1545 2142 1614 qui
2183 1559 2246 1599 ex
2293 1545 2498 1599 eisdem
2535 1547 2824 1611 scripturis
2861 1546 3155 1600 conficiunt
3205 1562 3367 1599 unum
3393 1555 3448 1600 et
3474 1563 3628 1601 eum-

2051 1638 2172 1690 dem
2209 1635 2519 1691 Judaeorum
2553 1635 2718 1691 Deum
2753 1653 2872 1692 esse
2913 1648 2964 1692 et
3004 1639 3264 1707 gentium.
3298 1637 3350 1690 Id
3387 1639 3501 1706 ipse
3542 1648 3624 1692 te-

2050 1735 2226 1782 statur
2259 1727 2462 1782 Paulns
2493 1729 2585 1798 qui
2618 1744 2646 1780 a
2683 1727 2886 1782 Judazis
2913 1729 2980 1781 ad
3015 1727 3488 1782 Christianismum
3526 1743 3623 1783 aev

763 1813 1032 1865 Ἰουδαίων
1081 1815 1442 1884 προσελθόντα
1510 1817 1938 1888 Χριστιανισμῷ·

2051 1827 2330 1872 cesserat:
2378 1838 2396 1869 ι
2433 1819 2652 1874 Gratias
2685 1835 2786 1890 ago
2816 1821 2942 1886 Deo,
2984 1820 3072 1875 cui
3099 1821 3280 1874 servio
3305 1837 3333 1873 a
3367 1820 3624 1888 progeni-

2051 1910 2259 1965 toribus
2296 1911 2348 1964 in
2383 1913 2716 1966 conscientia
2765 1928 2902 1981 pura
2934 1911 2998 1964 ⁸⁸.
3042 1930 3058 1958 δ
3094 1911 3176 1966 Sit
3209 1922 3476 1980 praeterea
3516 1922 3626 1966 ter-

2049 2002 2180 2054 tium
2221 2017 2416 2071 genus,
2446 2017 2634 2057 eorum
2664 2003 2874 2058 scilicet
2932 2004 3026 2072 qui
3053 2005 3314 2071 quosdam
3339 2004 3621 2070 animales,

2045 2093 2182 2147 alios
2228 2093 2531 2161 spirilunles
2585 2108 2820 2158 vocant;
2856 2098 3104 2164 suspicor
3136 2106 3317 2150 autem
3365 2097 3453 2151 hic
3496 2111 3622 2150 eum

2045 2195 2292 2254 spectare
2319 2187 2386 2240 ad
2413 2186 2684 2240 Valentini
2739 2189 3060 2258 discipulos.
3105 2190 3243 2252 Quid
3274 2189 3396 2242 inde
3431 2195 3623 2242 contra

2045 2289 2160 2335 nos,
2188 2275 2278 2343 qui
2315 2277 2382 2330 ab
2416 2276 2658 2332 Ecclesia
2693 2287 2904 2333 stantes
2932 2280 3253 2334 damnamus
3293 2295 3386 2334 eos
3421 2280 3622 2349 quibus

2048 2364 2223 2433 placet
2282 2367 2511 2421 salutem
2563 2369 2699 2422 alios
2737 2372 3020 2438 consequi,
3048 2371 3186 2425 alios
3221 2382 3484 2426 aeternum
3526 2389 3620 2440 pe-

2044 2456 2173 2523 rire,
2210 2458 2257 2509 vi
2297 2467 2352 2511 et
2373 2460 2761 2514 constitutione
2815 2463 2985 2528 ipsius
3025 2466 3278 2516 natum"
3309 2464 3536 2534 Largior
3565 2464 3618 2518 id

2041 2561 2255 2615 quoque
2281 2548 2416 2603 alios
2445 2565 2570 2604 esse
2597 2551 2688 2618 qui
2721 2561 2983 2606 vocentur
3011 2553 3282 2621 Cnostici,
3315 2556 3458 2610 sicut
3490 2557 3618 2624 Epi-

2040 2637 2158 2689 curi
2219 2639 2442 2694 assecla:
2491 2656 2550 2696 se
2607 2642 2708 2709 ipsi
2767 2644 3034 2712 appellant
3082 2645 3452 2716 philosorrhos.
3509 2645 3620 2701 Sed

2038 2731 2499 2796 quemadmodum
2535 2747 2664 2787 vere
2713 2734 3020 2804 philosophi
3077 2753 3186 2790 nun
3235 2748 3360 2792 sunt
3409 2738 3472 2806 ii,
3521 2739 3616 2808 qui

2038 2822 2442 2889 providentiam
2469 2839 2500 2878 e
2539 2826 2717 2882 medio
2748 2829 2978 2896 tollunt;
3031 2830 3109 2884 sic
3151 2846 3250 2886 nec
3296 2832 3441 2901 digni
3491 2840 3620 2886 sunt

2035 2907 2469 2967 Christianorum
2492 2917 2732 2982 nomine,
2753 2919 2842 2985 qui
2867 2920 3098 2974 absurda
3119 2920 3369 2994 ﬁgmenta
3381 2920 3618 2990 Iesuque

2037 3002 2639 3073 discipulisimprobala
2662 3009 2944 3063 inducunt.
2965 3011 3084 3064 Sint
3102 3014 3344 3081 quidam,
3366 3012 3618 3083 quiquod

2035 3089 2221 3144 Iesum
2266 3094 2606 3162 receperint,
2660 3097 2866 3152 idcirco
2896 3115 2954 3153 se
2979 3099 3326 3155 Christianos
3351 3117 3470 3157 esse
3499 3103 3615 3171 glo-

2040 3183 2252 3235 riantur
2278 3201 2290 3248 ;
2321 3185 2414 3237 sed
2441 3187 2532 3254 qui
2571 3195 2750 3241 tamen
2775 3189 3096 3253 etiamnum,
3134 3201 3192 3244 ut
3213 3192 3376 3262 625
3403 3191 3618 3247 Iudaeo-

2041 3288 2156 3326 rum
2209 3275 2422 3344 vulgus,
2483 3276 2769 3332 Iudaicam
2831 3284 3004 3349 legem
3054 3283 3335 3336 observari
3376 3284 3612 3337 volunt:

2040 3365 2226 3435 quales
2257 3377 2385 3421 sunt
2411 3368 2672 3438 Ebiouaei,
2700 3388 2822 3424 cum
2856 3372 2926 3438 ii,
2977 3375 3068 3441 qui
3102 3372 3286 3428 Iesum
3335 3389 3365 3429 e
3397 3375 3618 3446 Virgine

2040 3467 2226 3511 natum
2263 3475 2383 3513 esse
2417 3461 2696 3515 nobiscum
2726 3465 3095 3529 conﬁtentur;
3133 3478 3244 3520 tum
3280 3467 3312 3520 ii
3347 3467 3436 3535 qui
3473 3468 3616 3522 istud

2040 3549 2300 3616 rejieiunt
2321 3553 2766 3619 conteudnutqne
2793 3562 2980 3606 natum
3027 3569 3148 3608 esse
3178 3564 3235 3607 ut
3261 3565 3488 3609 caeteros
3513 3556 3612 3609 Ιιο-

2039 3641 2215 3694 ιιιὶιιεε
2250 3658 2262 3692 :
2291 3657 2357 3692 an
2387 3641 2542 3708 culpa
2572 3643 2686 3695 lucc
2716 3643 2768 3696 in
2794 3643 3071 3710 Ecclesim,
3104 3659 3268 3712 quam
3296 3644 3485 3698 Celsus
3518 3660 3616 3698 no-

2035 3733 2202 3786 minat
2239 3731 2446 3801 vulgus,
2475 3737 2715 3789 meinbra
2746 3736 2983 3790 conferri
3014 3737 3232 3806 potest?
3263 3736 3422 3790 Addit
3446 3752 3614 3804 quos-

2033 3826 2152 3880 dam
2172 3841 2294 3880 esse
2313 3827 2644 3898 Sibyllistas,
2663 3830 2806 3897 quod
2825 3828 3058 3882 fortasse
3073 3829 3280 3882 audivit
3299 3844 3364 3882 ex
3387 3828 3611 3897 quibus-

2035 3917 2181 3985 dam,
2209 3918 2300 3988 qui
2331 3935 2455 3974 cum
2490 3921 2624 3974 vitio
2653 3923 2846 3977 darent
2876 3921 3151 3976 nonnullis
3173 3921 3316 3989 quod
3347 3919 3609 3990 Sibyllam

2034 4009 2406 4078 prophetidem
2437 4027 2556 4067 esse
2578 4014 2977 4078 existimarent,
3009 4029 3072 4067 ea
3103 4028 3272 4067 causa
3322 4011 3442 4066 illos
3468 4027 3610 4066 nun-

1983 4169 1986 4171 _
2037 4107 2306 4167 cuparunt
2337 4099 2668 4170 Sibyllistas.

2038 4320 2203 4370 ηεροδ,
2226 4307 2278 4359 in
2305 4309 2672 4376 disputatione
2693 4316 2878 4362 contra
2910 4309 3147 4369 Celsum,
3171 4309 3287 4376 ἤτοι
3317 4308 3380 4359 ὲκ
3407 4308 3613 4377 παρθέη

2035 4393 2150 4439 νου,
2176 4377 2693 4434 etc..Ebionamrum
2742 4379 2959 4430 nomine
3012 4379 3186 4431 laxius
3239 4379 3468 4430 abutens
3512 4380 3612 4432 sub

2037 4447 2218 4514 priore
2247 4446 2334 4498 illa
2369 4455 2491 4499 nota
2524 4447 2831 4510 Nazarzeos,
2863 4458 2920 4499 ut
2957 4449 3218 4501 credibile
3260 4455 3362 4509 est,
3409 4448 3613 4501 descri-

345 4513 509 4587 μους,
534 4513 818 4568 Iloherello
849 4513 1158 4567 addendum
1205 4514 1428 4566 videtur
1460 4529 1489 4567 e
1521 4515 1923 4583 superioribus,
1962 4517 2003 4570 ι)
2036 4513 2132 4568 bit.
2177 4537 2204 4587 r
2241 4517 2464 4587 Vossius
2497 4518 2550 4570 in
2577 4518 2856 4571 dissertat.
2889 4516 2968 4570 De
3007 4534 3193 4587 genere
3215 4517 3344 4570 Jesu
3393 4515 3610 4584 Christi,

341 4584 876 4726 νὲῖῗῧτξυέοντωσαν
923 4649 1053 4726 οὗνήγ
1076 4655 1147 4707 ἐν
1176 4653 1339 4722 ἡμῖν,
1373 4661 1480 4709 etc.
1512 4653 1642 4708 Vide
1701 4653 1930 4709 adnota-

343 4723 517 4779 tioues
540 4726 604 4778 ad
628 4726 723 4782 lib.
763 4742 811 4790 ν,
843 4741 990 4780 num.
1026 4725 1116 4779 54.

413 4795 525 4861 (49)
561 4796 766 4862 Τρίτον
791 4794 988 4864 γένος.
1030 4793 1156 4848 Vide
1185 4793 1800 4864 Epiphanium.bmres.
1831 4795 1922 4858 5|,

345 4880 495 4916 muni.
545 4865 595 4928 7,
624 4881 750 4934 pag.
785 4863 914 4930 H2,
943 4875 999 4918 et
1025 4881 1173 4918 num.
1208 4863 1298 4923 20,
1340 4881 1458 4934 pag.
1503 4863 1643 4926 188;
1692 4864 1922 4919 Tertull.

345 4934 597 4986 adversus
633 4933 1054 5000 Valentiuianos,
1092 4950 1214 5002 cap.
1246 4935 1340 5000 29,
1367 4933 1426 4988 et
1455 4934 1742 4999 lreuzeum,
1770 4934 1860 4989 lib.
1886 4951 1925 5001 ι,

343 5018 461 5070 cap.
503 5005 552 5058 l.
584 5004 848 5058 Seeucsn.

413 5072 529 5146 (50)
569 5073 923 5146 Γνωστικοί.
960 5072 1522 5146 VideEpiphanium,
1583 5075 1782 5129 hteres.
1830 5076 1923 5140 26,

347 5153 400 5196 et
431 5143 717 5201 lrenzeum.
751 5144 846 5197 lib.
877 5160 915 5205 ι,
948 5158 1068 5211 cap.
1101 5143 1192 5198 50.
1223 5143 1391 5200 Clem.
1431 5146 1836 5200 Alexandrinus
1869 5147 1922 5198 in

342 5228 532 5283 eorum
559 5224 812 5283 mort-set
842 5213 1188 5267 insolentiam
1222 5217 1422 5283 passim
1441 5215 1736 5268 invehitur.
1760 5215 1922 5278 Aug,

344 5282 424 5335 De
449 5282 582 5335 luet.
607 5303 624 5338 :
663 5299 682 5332 ι
730 5282 975 5337 Guostici
1020 5282 1242 5350 propter
1265 5284 1644 5340 excellentiam
1682 5284 1924 5338 scientia:

343 5355 422 5406 sic
451 5366 510 5406 se
539 5352 840 5422 appellatos
871 5368 1016 5413 esse,
1061 5353 1142 5406 vel
1188 5355 1446 5422 appellari
1483 5353 1762 5416 debuisse,
1807 5353 1923 5422 glo-

349 5423 580 5484 riantur,
635 5437 757 5475 cum
810 5424 917 5476 sint
966 5423 1343 5488 superioribus
1376 5423 1628 5476 omnibus
1674 5424 1924 5477 vaniores

343 5502 508 5560 atque
537 5493 825 5559 turpiores.
862 5511 880 5542 ›
917 5493 1179 5544 Spencsn.
1206 5523 1275 5532 --
1302 5492 1421 5545 Mox
1454 5493 1614 5545 codd.
1648 5491 1846 5560 Regius
1872 5504 1925 5547 et

346 5561 678 5614 Basileensis
727 5562 950 5621 habent,
986 5561 1265 5629 ἀναλόγως
1305 5565 1416 5624 τοῖς
1463 5562 1688 5624 ἑαυτοὺς
1721 5563 1921 5630 ἀναγο-

347 5630 564 5703 ρεύουσι
596 5631 918 5703 φιλοσόφους
953 5631 1376 5703 Ἐπικουρείους.

418 5701 527 5772 (51)
587 5701 774 5754 Διττοὶ
841 5701 1182 5756 Ἐϐιωναῖοι.

352 5767 544 5822 Matth.
587 5789 597 5800 ·
636 5789 653 5822 ι
689 5773 754 5822 Et
790 5771 1076 5822 Origenes.
1125 5788 1182 5822 cu

414 5772 544 5827 uult.
580 5789 597 5832 .‘

1259 5702 1475 5757 Grotius
1520 5703 1569 5754 in
1621 5705 1802 5769 adnot.
1856 5705 1920 5758 ad

636 5789 653 5824 ι
688 5773 754 5828 Et
790 5771 1076 5838 Origenes,
1125 5788 1248 5830 cum
1301 5773 1540 5843 duplices
1589 5772 1717 5832 facit
1758 5775 1920 5832 Ebio-

2033 4600 2151 4641 can.
2184 4586 2238 4638 2.
2277 4586 2542 4641 Semen.

2101 4602 2151 4652 p.
2184 4602 2238 4638 z.
2277 4602 2542 4641 Semen.

2100 4657 2213 4730 (52)
2246 4655 2362 4730 Οὓς
2387 4656 2504 4730 ἀπὸ
2540 4657 2656 4730 τοῦλ
2682 4657 2974 4730 πλήθους.
3014 4655 3294 4712 Boherello
3326 4655 3610 4726 legendum

2030 4726 2262 4799 videtur,
2295 4726 2387 4789 οὓς
2413 4729 2540 4791 τοὺς
2563 4727 2672 4799 απὸ
2695 4728 2789 4799 τοῦ
2821 4727 3081 4799 πλήθους.

2101 4796 2646 4867 (55)Σιϐυλλιστάς.
2678 4797 2802 4852 «Usi
2832 4794 2956 4851 sunt
2979 4799 3174 4851 crebro
3205 4796 3374 4867 sancti
3404 4794 3610 4867 Patres,

2028 4866 2118 4919 ad
2154 4868 2557 4922 convinceudos
2613 4883 2826 4922 errores
2875 4868 3203 4936 gentilium,
3263 4866 3610 4935 .Sibyllarum

2027 4938 2287 4990 oraculis.
2321 4938 2686 5008 Quamobrem
2716 4938 2946 5008 gentiles
2991 4937 3114 5006 ipsi,
3170 4946 3229 4988 ut
3280 4948 3472 5008 auctor
3527 4945 3612 4990 est

2028 5008 2324 5076 Origenes,
2370 5007 2736 5062 Christianos,
2775 5008 3088 5076 Sibyllistas
3162 5007 3544 5061 nominabant.
3586 5023 3604 5054 ι

2030 5076 2223 5133 Barou.
2252 5077 2305 5130 in
2334 5079 2598 5145 Apparat.
2625 5081 2690 5130 ad
2727 5079 2947 5141 Anual.,
2976 5093 3124 5130 num.
3157 5076 3241 5130 l9.
3278 5076 3376 5128 Est
3416 5085 3609 5145 auctor

2027 5146 2265 5213 quidem,
2296 5156 2350 5200 at
2387 5144 2497 5200 non
2545 5149 2681 5202 adeo
2715 5147 3046 5201 luculentus.
3081 5147 3243 5213 Istam
3278 5159 3406 5197 vero
3440 5144 3610 5213 initer-

2029 5212 2388 5293 pretatiouem
2428 5218 2756 5293 conﬁrmare
2803 5232 3089 5293 possumus
3117 5231 3182 5293 ἒξ
3216 5212 3415 5293 Iustiui
3467 5212 3610 5293 4110-

2026 5280 2165 5356 logia
2191 5289 2244 5348 2,
2276 5303 2396 5353 pag.
2431 5288 2500 5340 8"2
2546 5303 2563 5342 :
2608 5289 2746 5340 Κατ’
2800 5280 3076 5356 ἐνέργειαν
3121 5284 3177 5356 δε
3224 5282 3329 5356 τῷν
3393 5280 3608 5356 φαύλων

2023 5351 2291 5428 δαιμόνων
2321 5357 2548 5428 θάνατος
2571 5357 2777 5428 ὡρίσθη
2804 5351 3082 5428 κατὰ-τῷν
3115 5351 3606 5428 τὰς’Υστάσπους,

2026 5426 2058 5496 ἦ
2091 5421 2371 5498 Σιϐύλλης,
2471 5427 2579 5499 τῷν
2612 5421 2908 5499 προφητῶν
2945 5425 3156 5499 βίβλους
3190 5421 3611 5499 Δἀναγινωσκόν-

2023 5493 2150 5560 των,
2181 5493 2327 5562 ὅπως
2343 5493 2537 5551 διὸίτοῦ
2560 5493 3162 5566 φόϐουαποστρέψωσιν
3186 5493 3608 5566 ἐντυγχανοντας

2023 5567 2148 5630 τοὺς
2175 5561 2494 5637 ἀνθρώπους
2520 5561 2628 5620 τῶν
2663 5565 2841 5619 καλῶν
2870 5561 3070 5632 γνῶσιν
3103 5562 3308 5637 λαϐεῖν,
3342 5561 3524 5637 αύτοῖς
3552 5561 3608 5613 δὲ

2022 5632 2368 5701 δουλεύοντας
2398 5639 2716 5706 κατέχωσιν’
2757 5638 2922 5707 ὅπερ
2947 5637 3026 5695 είς
3055 5632 3217 5707 Δτέλος
3251 5635 3351 5685 οὐκ
3381 5633 3608 5707 ἴσχυσαν

2025 5709 2260 5778 πρᾶξαι·
2298 5702 2671 5776 ἀφόϐως”μὲν
2719 5702 2935 5778 γὰρόύ
3002 5702 3158 5778 μόνον
3211 5704 3606 5778 ἐντυγχάνομεν

2025 5775 2233 5843 αὐταῖς,
2296 5777 2430 5832 ἀλλὰ
2486 5775 2583 5832 καῖ
2634 5778 2782 5844 ὑμῖν,
2822 5777 2897 5841 ὡς
2951 5775 3138 5844 ὁρᾶτε,
3193 5777 3272 5838 εἰς
3316 5775 3604 5840 ἐπίσκεψιν
