3990 6158
449 269 592 326 i283

1907 252 2069 308 ORIG
2081 249 2232 305 ENIS

3570 251 3703 305 1281»

441 389 797 458 losophorum
830 387 1026 457 placita
1054 384 1343 452 diligenter
1372 390 1428 435 et
1454 395 1521 434 ex
1546 379 1730 433 animo
1761 375 2024 429 inscruta-

2137 369 2502 433 ἐξετάσαντες,
2536 368 2672 435 ἀλλ’,
2717 370 2828 439 ὅση
2849 367 3100 438 δύναμις,
3137 367 3230 420 καὶ
3263 366 3330 420 τὰ
3363 363 3474 419 τῶν
3502 366 3712 435 φιλοσο-

443 486 536 534 tus
582 477 800 533 fuerim.
835 477 1158 530 Mentiouem
1195 473 1322 527 facit
1364 471 1554 527 Celsus
1605 479 1660 524 et
1690 482 1878 522 eorum
1927 468 2019 536 qui

444 569 736 625 Marcionis
788 569 1040 637 dogmata
1083 575 1391 629 sectantur,
1442 572 1497 618 et
1545 562 1614 617 ab
1649 560 1744 616 illo
1785 559 2018 614 Marcio-

444 664 573 716 nitzc
603 660 778 713 vocati
805 666 952 712 sunt.

515 753 603 805 6-5.
636 751 834 805 Deinde
854 758 910 802 ut
936 758 989 803 ct
1015 749 1151 802 alios
1168 748 1353 816 plures
1382 761 1714 817 cognoscere
1750 745 2018 808 videatur,

445 847 517 897 ait
540 860 636 912 pro
663 857 812 896 more
843 857 940 896 suo
960 859 977 891 (
1005 842 1142 894 alios
1159 841 1320 895 alium
1349 840 1452 894 sibi
1483 840 1800 908 magistrum
1832 845 1887 891 et
1913 837 2022 890 da:-

442 950 656 989 monem
679 933 922 1002 improbe
945 934 1169 1002 lingere,
1187 943 1241 986 et
1261 933 1311 985 in
1331 931 1514 986 densis
1534 931 1775 985 tenebris
1788 928 2016 992 versari,

442 1026 532 1080 ubi
581 1025 901 1079 scelestiora
952 1034 1007 1078 et
1051 1024 1295 1092 turpiora
1342 1031 1656 1092 perpetrant
1711 1019 2021 1090 Egyptiaci

441 1116 659 1172 Antinoi
719 1116 1019 1171 sodalibus.
1084 1135 1103 1168 ι
1166 1114 1222 1168 In
1279 1115 1347 1169 iis
1419 1114 1584 1184 627
1661 1128 1772 1167 rem
1847 1113 2020 1180 ipsam

442 1207 689 1276 attigisse
754 1207 886 1259 mihi
929 1206 1182 1270 videtur,
1249 1196 1369 1260 cum
1405 1206 1483 1257 ait
1519 1204 1654 1259 alios
1704 1204 1870 1256 alium
1916 1203 2020 1257 sibi

441 1315 544 1370 pro
592 1298 854 1365 magistro
909 1300 1244 1352 constituere
1315 1298 1643 1360 daemonem,
1685 1303 1741 1348 et
1785 1295 1836 1348 in
1890 1294 2022 1348 deu-

441 1407 531 1447 sas
610 1391 933 1461 ignorantiae
992 1391 1245 1444 tenebras
1299 1388 1533 1442 devolvi.
1585 1386 1740 1452 Quod
1811 1394 2021 1454 spectat

441 1483 509 1539 ad
565 1483 883 1546 Antinoum,
937 1497 1096 1551 quem
1154 1489 1340 1535 nostro
1385 1478 1510 1534 Jesu
1563 1488 1860 1547 comparat,
1902 1492 2023 1546 quae

439 1575 507 1629 de
562 1575 666 1628 hac
695 1588 752 1627 re
805 1589 969 1642 supra
1019 1574 1156 1628 dicta
1214 1583 1378 1637 sunt,
1444 1572 1531 1625 hic
1590 1572 1789 1625 iterare
1855 1571 2018 1640 piget.

441 1665 636 1721 Subdit
685 1685 698 1720 :
755 1685 771 1716 ε
812 1667 880 1720 Se
934 1676 1120 1719 mutuo
1174 1664 1420 1718 dicendis
1474 1663 1834 1730 tacendisque
1881 1660 2020 1729 inju-

442 1758 541 1811 riis
574 1758 823 1811 lacerant
870 1758 1364 1827 proscinduntque;
1402 1763 1456 1809 et
1491 1764 1639 1808 tanto
1690 1755 1744 1807 in
1789 1769 1847 1809 se
1883 1753 2021 1806 invi-

441 1864 560 1903 cem
587 1848 888 1918 dellagrant
917 1850 1064 1914 odio,
1102 1857 1161 1900 ut
1190 1863 1256 1901 ne
1297 1847 1580 1898 minimum
1610 1845 1829 1913 quidem
1860 1844 2021 1898 cede-

443 1941 901 1994 rentconcordim
931 1955 1116 1994 causa.
1176 1958 1193 1990 ι
1239 1939 1320 1992 Ad
1373 1939 1489 1992 ham
1533 1938 1644 2003 jam
1695 1950 2019 2004 responsum

442 2044 528 2087 est
559 2043 736 2088 sectas
764 2033 816 2086 in
852 2033 1192 2102 philosophia
1226 2041 1282 2085 et
1318 2032 1370 2083 in
1408 2030 1678 2083 medicina
1718 2043 1837 2083 esse
1859 2027 2022 2082 sectis

443 2125 566 2179 aliis
598 2127 879 2179 adversas.
915 2124 1235 2192 Quanquam
1280 2137 1403 2186 nos,
1431 2122 1525 2190 qui
1549 2121 1679 2176 Jesu
1717 2122 2018 2175 doctrinam

442 2219 727 2287 sequimur
759 2229 1126 2284 curamusque
1153 2224 1212 2268 ut
1243 2213 1361 2281 ejus
1397 2213 1684 2282 praeceptis
1709 2222 1899 2266 nostra
1931 2226 2022 2266 co-

442 2310 637 2378 gitata,
671 2311 816 2363 dicta
842 2308 1102 2377 factaque
1122 2306 1498 2368 consentiant,
1533 2323 1550 2354 ι
1585 2319 1710 2358 cum
1733 2302 2016 2356 maledici-

440 2415 586 2463 mur,
637 2400 1046 2463 benedieimus;
1100 2414 1220 2452 cum
1271 2395 1703 2465 persecutionem
1758 2393 2019 2461 patimur,

442 2493 776 2547 sustinemus
799 2507 816 2558 ;
839 2508 962 2546 cum
993 2491 1460 2559 blasphemamur,
1495 2487 1853 2540 obsecramus
1870 2484 1955 2551 ‘9;
1998 2472 2031 2535 ι’

441 2597 546 2637 nec
595 2583 818 2636 dicenda
869 2569 1211 2652 iacendaque
1245 2581 1559 2634 diceremus
1619 2577 1883 2631 adversus
1929 2590 2024 2631 eos

443 2678 537 2746 qui
567 2677 725 2731 aliter
755 2691 819 2731 ac
853 2692 952 2730 nos
985 2676 1253 2730 sentiunt.
1311 2674 1452 2740 Quin
1494 2673 1675 2742 potius
1721 2670 1858 2725 nihil
1940 2680 2027 2726 est

445 2771 574 2838 quin
607 2769 911 2825 faceremus
944 2779 1003 2822 ut
1055 2769 1281 2822 inviam
1335 2767 1753 2833 reducerentur,
1808 2764 1853 2819 si
1907 2765 2021 2817 fieri

443 2871 652 2932 posset,
685 2872 742 2915 ut
789 2861 888 2917 soli
921 2859 1175 2916 Creatori
1227 2859 1687 2922 adhmrescerent,
1739 2867 1798 2911 ut
1843 2857 2021 2911 omnia

445 2961 672 3022 agerent
721 2952 875 3020 quasi
923 2950 1191 3020 judicium
1246 2947 1502 3002 subituri.
1546 2948 1642 3000 Sin
1681 2946 1804 3000 illos
1854 2945 1961 3000 alia
1993 2962 2022 3000 a

443 3045 602 3100 nobis
661 3043 960 3098 sentientes
1011 3040 1342 3110 persuadere
1396 3054 1502 3092 non
1556 3053 1868 3107 possumus,
1910 3047 2021 3090 tum

443 3140 662 3194 demum
695 3138 820 3192 huic
852 3136 916 3190 de
945 3135 1050 3189 illis
1077 3142 1350 3203 prrecepto
1382 3145 1639 3201 paremus
1686 3148 1700 3182 :
1735 3148 1752 3179 ‹
1791 3127 2023 3184 Πίονοιί-

444 3247 568 3287 cum
596 3231 868 3284 hominem
895 3236 1015 3297 post
1038 3241 1199 3280 unam
1225 3233 1280 3279 et
1308 3225 1600 3284 secundam
1619 3224 2019 3294 correptiouem

444 3325 665 3389 devita;
708 3323 886 3376 sciens
944 3320 1072 3389 quia
1123 3320 1420 3372 subversus
1454 3324 1572 3384 ast,
1610 3317 1702 3384 qui
1750 3316 2020 3386 ejusmodi

443 3429 551 3480 est,
584 3427 637 3470 et
667 3413 964 3482 delinquit,
997 3427 1124 3466 cum
1155 3410 1226 3463 sit
1257 3411 1476 3480 preprio
1504 3408 1714 3478 judicio
1761 3410 2020 3463 condem-

444 3507 689 3562 natus”.
729 3525 747 3556 ι
786 3505 852 3559 Et
879 3513 1139 3572 przeterea
1172 3501 1262 3566 qui
1295 3501 1590 3570 cogitat-int
1624 3520 1641 3551 ι
1683 3502 1874 3554 hcatos
1900 3513 2022 3555 esse

445 3599 704 3668 paciﬁcos
741 3599 1041 3654 ietrbeatos
1073 3611 1197 3651 esse
1228 3595 1475 3661 mites“,
1510 3613 1528 3646 ι
1572 3593 1607 3646 ii
1630 3593 1858 3647 multum
1891 3592 2023 3647 abe-

445 3699 574 3744 runt
625 3696 687 3742 ut
741 3688 866 3740 odio
912 3687 1150 3740 habeant
1195 3681 1598 3739 Christianismi
1652 3690 2022 3749 corruptores,

446 3792 645 3847 eosque
709 3777 799 3844 qui
831 3777 884 3829 in
914 3791 1102 3832 errore
1145 3784 1438 3828 versantur
1512 3772 1812 3827 cavillando
1839 3771 2026 3827 Circas

449 3879 642 3921 vocent
670 3866 1004 3934 blandosque
1028 3864 1324 3919 veneﬁcos.

515 3958 607 4012 Gl.
642 3956 905 4024 Suspicor
927 3964 1111 4009 autem
1138 3955 1314 4023 ipsum
1343 3952 1484 4006 male
1513 3953 1851 4008 intellexisse
1883 3960 2027 4007 hunc

523 4126 568 4158 ⁶⁹
605 4125 625 4180 l
659 4121 869 4188 Comv,
906 4122 997 4176 l2.
1075 4123 1120 4154 7°
1163 4120 1275 4175 Tit.
1312 4121 1520 4194 m,;l0.

449 4305 544 4375 μὲν
583 4305 695 4376 γὰρ
714 4305 1113 4376 Κωνσταντίου,
1143 4306 1206 4356 ἐκ
1227 4302 1318 4376 τοῦ
1345 4303 1534 4376 γένους
1559 4300 1746 4376 αὐτοῦ,
1763 4300 2030 4376 Μαρθοῦς

445 4369 530 4438 τις
555 4369 966 4446 κάὶᾞῐαρθάνα,
1017 4375 1110 4428 δύο
1159 4369 1416 4446 ἁδελφαῖά
1445 4375 1596 4446 ὲνγτῇ
1649 4371 1830 4446 αὐτῶν
1875 4369 2032 4442 χώρᾳ.

447 4447 567 4500 ἀντὶ
583 4447 717 4500 θεῶν
750 4443 1208 4516 προσεκυνοῦντο,
1231 4443 1310 4498 ὅτι
1333 4445 1490 4514 δῆθεν
1515 4445 1579 4495 ἐκ
1601 4443 1695 4516 τοῦ
1724 4443 2034 4516 σπέρματος

446 4516 540 4588 τοῦ
587 4511 997 4588 προειρημένου
1031 4515 1220 4588 Ἦλξαῒ
1281 4511 1549 4588 ὑπῆρχον.
1599 4511 1843 4588 Τέθνηκε
1881 4511 2032 4588 δὲμὴ

447 4580 705 4657 Μαρθοῦς
741 4580 848 4657 πρδ
882 4589 1060 4657 ὀλίγου
1095 4580 1926 4657 τοῦχρόνοῦξΜαρθάνα*δε-είς
1953 4580 2034 4657 ἔτι

448 4651 609 4726 δεῦρο
631 4651 894 4726 ὑπῆρᾷίενο
924 4651 998 4711 ὧν
1032 4657 1126 4708 καὶ
1156 4651 1548 4726 τόξ’πτύσματα
1566 4651 1671 4726 ’καλ
1700 4653 1770 4704 τά
1789 4652 1924 4726 ᾇλλα
1939 4651 2032 4726 τοῦ

453 4721 702 4798 σώματος
731 4721 875 4796 ﬁdem
902 4727 1244 4798 Δἀπεφέροντο
1264 4728 1311 4798 oi
1338 4721 1742 4798 πεπλανημένοι
1770 4721 2034 4798 αἱρετικοὶ

453 4791 817 4866 ἐν,ξὲκείνῃ”τῇ
847 4791 1000 4866 χώρᾳ
1029 4791 1188 4866 δῆθεν
1216 4796 1352 4866 πρὸς
1389 4791 1642 4864 ἀλέξησιν
1689 4791 2029 4866 νοσημάτων.

459 4882 477 4911 ι
506 4862 636 4914 Nam
675 4861 740 4915 ad
775 4861 946 4931 usque
974 4861 1349 4919 Constantium
1376 4861 1756 4932 imperatorem
1782 4861 2034 4932 litat-thus

457 4933 646 4986 nescio
679 4948 800 4999 qum
843 4951 906 4986 ac
965 4934 1248 4989 Marthaua
1282 4931 1500 4990 sorores
1534 4936 1599 4987 de
1638 4931 1790 4986 ΕΙκοί
1841 4931 2032 4998 Stirpe,

457 5003 508 5054 in
542 5002 754 5056 illorum
786 5004 1300 5072 regionenuminum
1339 5006 1511 5057 instar
1543 5004 1611 5055 ob
1654 5017 1772 5055 eam
1807 5001 2033 5067 originis

458 5072 776 5141 dignitatem
847 5074 1044 5126 habitae
1095 5085 1240 5127 sunt.
1295 5073 1498 5126 l-larum
1550 5072 1792 5126 Marthus
1816 5072 2030 5141 nouita

458 5140 664 5213 pridem
695 5144 932 5198 excessit
984 5159 1014 5196 e
1062 5146 1192 5208 vita,
1250 5144 1529 5197 Martlnna
1586 5143 1636 5195 in
1701 5143 1839 5213 hanc
1887 5140 2030 5194 diem

459 5211 737 5281 superstes
761 5224 864 5268 est.
903 5213 1194 5282 Utriusque
1221 5228 1347 5266 veru
1395 5214 1478 5265 vel
1511 5223 1664 5280 sputa
1698 5211 1835 5279 ipsa,
1872 5223 2028 5282 cactev

463 5301 660 5350 rasque
699 5287 948 5353 corporis
978 5281 1168 5338 sordes
1199 5283 1341 5337 illius
1392 5292 1596 5336 tractus
1644 5282 1896 5353 hmretici
1925 5281 2033 5332 cir-

460 5356 734 5410 cumferre
756 5350 1022 5420 solebant,
1060 5356 1126 5410 ad
1156 5355 1470 5409 morborum
1502 5353 1762 5406 remedia.
1798 5369 1816 5401 ι
1865 5350 2032 5404 Srex-

457 5439 578 5480 οεκ.

496 5496 646 5566 ,(59)
696 5497 1179 5567 Μαρκιωνιστῶν.
1234 5497 1377 5551 Just.
1429 5494 1652 5567 Apolog.
1686 5492 1741 5555 2,
1787 5507 1913 5567 pag.
1940 5488 2026 5554 70,

460 5564 560 5630 92;
614 5564 884 5633 'l‘et'tiill.,
948 5569 1020 5622 De
1072 5569 1363 5637 prwscript.
1426 5566 1685 5637 adversus
1737 5564 2027 5620 Ιιωνειξεοε,

461 5651 584 5706 (ζῇν.
621 5638 711 5698 50,
737 5639 827 5691 5|.
886 5640 1032 5693 ldem
1072 5633 1310 5706 scripsit
1347 5638 1585 5705 quinque
1631 5633 1800 5688 libros
1849 5642 2031 5706 contra

462 5703 809 5763 Ilurcioaem.
844 5702 1262 5780 Psquo-Ori§.,
1291 5702 1525 5762 De’rectu
1559 5707 1612 5760 in
1656 5720 1817 5758 unum
1865 5702 2028 5755 Deum

2123 462 2410 531 φησάντων
2462 459 2771 530 φιλαληθῶς
2813 459 3225 530 ἐρευνήσαντες,
3259 459 3381 510 οὐδέ
3416 475 3546 511 ποτε
3586 460 3710 512 τού-

2119 568 2233 614 τοις
2255 550 2646 621 ὡμιλήσαμεν.
2689 549 2962 620 Ἐμνήσθη
2989 549 3032 601 δ’
3061 550 3088 600 ὁ
3110 548 3315 612 Κέλσος
3331 549 3426 602 καὶ
3454 551 3711 620 Μαρκιω-

2121 642 2318 694 νιστῶν
2355 641 2491 712 (59),
2523 641 2936 712 προϊσταμένων
2966 639 3288 710 Μαρκίωνα.

2197 749 2332 818 Εἶθ’,
2366 755 2452 806 ἵνα
2482 753 2610 823 δοκῇ
2675 754 2768 805 καὶ
2823 753 3012 816 ἄλλους
3041 753 3237 805 εἰδέναι
3291 754 3420 822 παρ’
3458 751 3554 815 οὓς
3583 754 3714 806 ὠνό-

2127 864 2286 916 μασε,
2308 847 2470 916 φησιν
2487 845 2664 915 ἑαυτῷ
2684 846 2946 915 συνήθως,
2965 848 3048 899 ὅτι
3066 866 3082 896 ‹
3110 846 3256 900 ἄλλοι
3275 844 3430 897 ἄλλον
3459 846 3711 899 διδάσκα-

2121 940 2211 992 λόν
2229 957 2287 992 τε
2309 941 2400 992 καὶ
2424 939 2650 1009 δαίμονα
2673 938 2860 1001 κακῶς
2881 937 3231 1008 πλαζόμενοι,
3250 939 3342 990 καὶ
3365 936 3714 1008 καλινδούμε-

2121 1048 2200 1084 νοι
2216 1031 2356 1084 κατὰ
2381 1030 2566 1083 σκότον
2585 1029 2771 1092 πολὺν,
2797 1029 2904 1082 τῶν
2936 1031 3173 1082 Ἀντίνου
3191 1029 3283 1081 τοῦ
3302 1031 3418 1082 κατ’
3442 1030 3715 1096 Αἴγυπτον

2123 1121 2401 1174 Θιασωτῶν
2436 1121 2780 1192 ἁνομώτερόν
2807 1139 2866 1174 τε
2897 1122 2991 1173 καὶ
3011 1120 3351 1191 μιαρώτερον
3370 1121 3504 1190 (60).
3547 1141 3566 1171 ι
3605 1121 3716 1174 Καὶ

2121 1214 2265 1266 δοκεῖ
2305 1214 2395 1284 μοὶ
2447 1212 2806 1282 ἐπαφώμενος
2851 1212 2958 1264 τῶν
3003 1213 3347 1282 πραγμάτων
3398 1212 3597 1281 ἀληθές
3663 1231 3715 1264 τι

2123 1303 2421 1375 εἰρηκέναι,
2449 1304 2530 1356 ὅτι
2559 1303 2702 1365 τινὲς
2729 1303 2879 1355 ἄλλοι
2911 1302 3068 1356 ἄλλον
3098 1303 3328 1373 δαίμονα
3355 1303 3541 1366 κακῶς
3577 1303 3714 1355 πλα-

2123 1396 2362 1467 ζόμενοι,
2398 1397 2491 1449 καὶ
2521 1395 2948 1466 καλινδούμενοι,
2980 1395 3203 1467 εὕροντο
3236 1398 3545 1467 προστάτην
3579 1397 3719 1449 κατὰ

2125 1485 2289 1538 πολὺν
2314 1485 2404 1538 τὸν
2435 1486 2533 1556 τῆς
2565 1485 2786 1552 ἀγνοίας
2811 1485 3020 1538 σκότον.
3059 1486 3196 1557 Περὶ
3225 1486 3280 1538 δὲ
3313 1485 3421 1537 τῶν
3451 1485 3594 1538 κατὰ
3623 1486 3714 1537 τὸν

2136 1577 2428 1638 Ἀντίνουν,
2466 1575 2946 1646 παραϐαλλόμενον
2981 1575 3138 1646 ἡμῶν
3169 1576 3248 1646 τῷ
3281 1576 3479 1647 Ἰησοῦ,
3516 1578 3576 1629 ὲν
3604 1580 3716 1640 τοῖς

2129 1667 2234 1738 πρὸ
2263 1667 2467 1721 τουτῶν
2497 1667 2606 1739 (61)
2644 1667 2887 1729 εἰπόντες
2910 1707 2924 1730 ,
2956 1667 3014 1719 οὐ
3051 1667 3541 1738 παλιλλογήσομενο
3578 1670 3718 1732 Καὶ,

2132 1776 2150 1807 ι
2189 1759 2577 1828 Βλασφημοῦσι
2625 1757 2722 1820 δὲ,
2766 1777 2784 1808 ι
2825 1759 3024 1829 φησὶν,
3079 1778 3098 1809 ‹
3135 1761 3234 1823 είς
3262 1760 3524 1830 ἀλλήλους
3573 1755 3718 1814 οῦτοι

2127 1849 2382 1902 πάνδεινα
2417 1850 2556 1921 ῥητὰ
2591 1850 2685 1901 καὶ
2719 1848 2931 1920 ἄρρητα
2951 1867 2964 1879 ·
3003 1852 3096 1903 καὶ
3124 1852 3224 1904 οὐκ
3257 1851 3323 1904 ἂν
3357 1850 3558 1916 εῖξαιεν
3599 1852 3716 1904 οὐδὲ

2125 1940 2248 1992 καθ’
2293 1941 2470 1993 ὁτιοῦν
2511 1943 2591 2004 εὶς
2633 1943 2885 2011 ὁμόνοιαν
2910 1983 2924 2004 ,
2960 1943 3136 2014 πάντη
3187 1942 3451 2013 ἀλλήλους
3482 1945 3717 1996 ἀποστυ-

2124 2031 2362 2098 γοῦντες.
2397 2052 2413 2082 ι
2437 2033 2546 2085 Καὶ
2578 2034 2711 2104 πρὸς
2735 2035 2906 2088 ταῦτα
2935 2036 2977 2088 δ’
3010 2038 3144 2106 ἡμῖν
3166 2035 3406 2106 εἴρηται,
3427 2037 3509 2088 ὅτι
3539 2036 3635 2089 καὶ
3655 2039 3715 2090 ὲν

2124 2124 2412 2196 φιλοσοφίᾳ
2431 2127 2580 2178 ἐστὶν
2611 2129 2792 2198 εὑρεῖν
2823 2130 3064 2197 αἱρέσεις
3101 2129 3346 2198 αἱρέσεσι
3371 2130 3714 2199 πολεμούσας

2125 2214 2219 2266 καὶ
2239 2217 2296 2266 ὲν
2323 2216 2560 2287 ἰατρικῇ.
2592 2219 2654 2268 Οἱ
2699 2218 2880 2288 μέντοι
2897 2218 2972 2289 τῷ
2992 2218 3133 2289 λόγῳ
3150 2219 3244 2271 τοῦ
3285 2219 3459 2290 Ἰησοῦ
3495 2221 3717 2274 ἀκολου-

2126 2302 2362 2370 θοῦντες,
2388 2307 2480 2358 καὶ
2509 2307 2938 2378 μεμελετηκότες
2958 2307 3122 2362 αὑτοῦ
3157 2309 3366 2379 συνῳδὰ
3394 2314 3509 2373 τοῖς
3538 2311 3714 2378 λόγοις

2126 2396 2340 2462 φρονεῖν
2366 2394 2496 2466 (62),
2530 2397 2623 2449 καὶ
2649 2396 2829 2464 λέγειν
2851 2437 2864 2460 ,
2893 2398 2989 2450 καὶ
3026 2401 3218 2463 ποιεῖν,
3258 2417 3275 2448 ι
3314 2399 3712 2470 λοιδορούμενοι

2125 2487 2489 2558 εὐλογοῦμεν,
2552 2490 2872 2561 διωκόμενοι
2927 2491 3233 2562 ἀνεχόμεθα
3259 2532 3273 2553 ,
3323 2492 3711 2564 δυσφημούμε-

2125 2597 2204 2632 νοι
2239 2579 2350 2649 (65)
2400 2581 2861 2652 παρακαλοῦμεν·
2907 2602 2924 2633 ι
2960 2585 3052 2636 καὶ
3094 2585 3193 2637 οὐκ
3221 2583 3285 2636 ἂν
3317 2584 3457 2654 ῥητὰ
3494 2585 3590 2636 καὶ
3619 2584 3712 2656 ἄῤ-

2126 2672 2265 2741 ρητα
2290 2671 2541 2742 λέγοιμεν
2565 2675 2691 2736 τοὺς
2723 2673 2857 2726 ἄλλα.
2893 2674 3233 2740 δοξάζοντας,
3268 2675 3395 2747 παρ’
3425 2675 3460 2728 ὃ.
3493 2675 3712 2746 ὑπειλή-

2126 2780 2305 2832 φαμεν
2333 2781 2346 2794 ”
2385 2764 2520 2828 ἀλλ’,
2555 2767 2602 2818 εί
2633 2766 2730 2835 μὲν
2751 2766 3047 2836 δυνάμεθα,
3081 2767 3258 2820 πάντα
3287 2767 3352 2820 ἂν
3381 2767 3712 2838 πράττοιμεν

2127 2857 2267 2925 ὑπὲρ
2296 2855 2390 2907 τοῦ
2421 2857 2620 2920 αὐτοὺς
2655 2857 2765 2927 (64)
2804 2859 3145 2928 μεταστῆσαι
3190 2860 3282 2911 ἐπὶ
3308 2859 3370 2911 τὸ
3396 2859 3597 2928 βέλτιον
3619 2858 3709 2913 διὰ

2123 2949 2218 3000 τοῦ
2256 2948 2610 3019 προσανέχειν
2669 2949 2812 3018 μόνῳ
2856 2947 2934 3018 τῷ
2980 2950 3337 3020 Δημιουργῷ,
3381 2951 3470 3001 καὶ
3529 2949 3712 3004 πάντα

2132 3040 2390 3109 πράττειν
2431 3040 2506 3102 ὡς
2545 3040 2999 3111 κριθησομένους
3041 3043 3089 3094 εί
3125 3041 3182 3094 δὲ
3229 3042 3303 3112 μὴ
3347 3042 3616 3096 πείθοιντο
3661 3044 3709 3097 oi

2131 3134 2464 3205 ἑτερόδοξοι,
2506 3135 2781 3207 τηροῦμεν
2826 3136 2914 3188 τὸν
2970 3135 3348 3205 προστάξαντα
3394 3137 3576 3198 aii-soi;
3624 3134 3711 3187 λό’

2129 3243 2224 3294 γον
2257 3225 2367 3293 (65)
2407 3225 2659 3278 τοιαῦτα’
2702 3245 2719 3276 ι
2757 3227 3038 3298 Αἱρετικὸν
3072 3225 3356 3296 ἄνθρωπον
3397 3225 3539 3298 μετὰ
3591 3229 3713 3299 μίαν

2131 3318 2226 3371 καὶ
2271 3317 2527 3387 δευτέραν
2573 3317 2853 3371 νουθεσίαν
2896 3317 3164 3390 παραιτοῦ
3192 3333 3203 3346 ·
3246 3318 3401 3381 εἰδὼς
3426 3358 3440 3381 ,
3490 3321 3573 3372 ὅτι
3605 3320 3715 3386 sge-

2133 3427 2401 3478 στραπται
2433 3411 2461 3461 ὁ
2498 3410 2768 3473 τοιοῦτος,
2807 3411 2901 3463 καὶ
2943 3409 3278 3480 ἁμαρτάνει,
3317 3411 3392 3462 ὢν
3424 3412 3714 3465 αὐτοκατὰ·

2133 3516 2334 3569 κριτος.
2374 3518 2390 3549 ι
2435 3501 2554 3551 Ἔτι
2586 3499 2641 3552 δὲ
2673 3501 2722 3551 οἱ
2750 3499 2830 3560 τὸ,
2867 3518 2884 3550 ι
2924 3500 3200 3571 Μακάριοι
3233 3503 3279 3553 οἱ
3311 3504 3660 3573 εἰρηνοποιοί,
3691 3526 3707 3556 ι

2127 3592 2176 3642 οἱ
2219 3591 2511 3660 νοήσαντες
2537 3629 2551 3652 ,
2589 3590 2879 3660 νοήσαντες
2921 3591 3015 3642 κα).
3054 3588 3118 3640 τὸ
3151 3589 3258 3663 (C6)
3301 3611 3321 3642 ι
3368 3594 3643 3664 Μακάριοι
3667 3597 3712 3649 οἱ

2130 3685 2325 3752 πραεῖς
2350 3699 2361 3710 '
2404 3701 2421 3732 ι
2472 3683 2570 3734 οὐκ
2615 3680 2682 3733 ἂν
2716 3682 3154 3752 ἁποστυγήσαιεν
3199 3685 3326 3747 τοὺς
3354 3687 3712 3757 παραχαράτ-

2128 3787 2320 3832 τοντας
2346 3769 2413 3822 τὰ
2447 3769 2896 3840 Χριστιανισμοῦ,
2931 3771 3053 3823 οὐδὲ
3093 3771 3306 3843 Κίρκας
3336 3775 3428 3826 καὶ
3466 3777 3712 3846 κύκηθρα

2131 3860 2334 3932 αἱμύλα
2362 3861 2570 3929 λέγοιεν
2594 3864 2719 3926 τοὺς
2760 3861 3228 3933 πεπλανημένους.

2205 3953 2630 4023 Παρακηκοέναι
2681 3953 2737 4006 δέ
2793 3971 2882 4024 μοι
2932 3953 3176 4022 φαίνεται
3233 3942 3332 4025 τῆς
3368 3973 3430 4008 τε
3486 3959 3709 4010 ἀποστο-

1595 4123 1638 4178 ῖι
1678 4122 1872 4178 Matth.
1904 4141 1958 4192 ν,
2003 4125 2056 4192 9,
2097 4126 2150 4182 5.

2141 4307 2325 4352 contra
2385 4297 2759 4360 Marcionitas;
2813 4295 2983 4350 Clem.
3047 4293 3243 4348 δτι-οης.
3279 4309 3361 4355 ιιι,
3413 4307 3606 4358 1v,vn,
3658 4301 3709 4343 ct

2141 4369 2304 4425 alihi:
2341 4366 2561 4430 Euseb.,
2594 4368 2686 4420 lib.
2721 4382 2793 4430 IV,
2831 4382 2952 4432 cap.
2986 4366 3076 4427 ll,
3111 4365 3212 4427 ‘24;
3245 4363 3484 4432 Epiph.,
3513 4363 3703 4414 hmrcs.

2139 4438 2626 4504 4‘2;Theodoret.,
2666 4436 2758 4489 lib.
2807 4451 2821 4488 ι
2897 4431 2976 4489 De
3032 4436 3219 4504 lueret.
3269 4433 3405 4504 fab.;
3461 4431 3704 4504 August.,

2139 4499 2408 4572 Deliam;
2459 4506 2805 4571 Damascen.,
2837 4505 2911 4558 De
2957 4506 3088 4556 ha’r.
3142 4499 3464 4556 Eorumdem
3519 4499 3704 4572 reliqui

2137 4579 2326 4632 Patres
2365 4569 2754 4640 meminerunt,
2792 4569 2846 4630 ct
2889 4576 3136 4642 dogmata
3180 4575 3502 4626 refularunt.
3539 4569 3702 4623 Sper!-

2136 4664 2256 4702 CER.

2143 4769 2146 4772 .
2205 4716 2317 4786 (60)
2349 4714 2748 4784 Μιαρώτερον.
2791 4713 2962 4786 Codd.
3009 4713 3238 4786 Regius,
3271 4720 3324 4766 et
3366 4708 3705 4786 Basileensis,

2139 4777 2484 4872 βραδύτερονῖ
2512 4777 2680 4840 Paulo
2710 4785 2978 4854 postlibb.
3010 4777 3140 4839 editi
3174 4783 3242 4835 ad
3277 4796 3452 4845 uram,
3486 4777 3708 4850 εὕραντο

2137 4873 2472 4925 προστάτην.

2187 4874 2608 4997 ἥῗὶῗῖαέἶίτοῖς
2643 4926 2755 4993 πρὸ
2781 4926 3026 4979 τούτων.
3062 4921 3198 4978 Vide
3229 4920 3615 4974 adnotationes
3644 4918 3705 4972 ad

2136 4997 2232 5052 lib.
2259 5012 2338 5062 ιιι,
2365 5013 2511 5049 num.
2534 4997 2624 5048 55.

2207 5060 2581 5138 (6‘2)'j’l1iloc.,
2628 5064 2792 5138 αὑτοῦ
2851 5067 2975 5138 τοῦς
3013 5061 3204 5131 λόγους
3247 5063 3482 5133 φρονεῖν,
3525 5060 3707 5128 sicque

2140 5135 2306 5194 codd.
2335 5137 2536 5204 Regius
2563 5146 2618 5190 et
2651 5135 2998 5189 Basileensis.

2205 5208 2318 5280 (65)
2355 5207 2584 5280 ξηιιίοοη
2618 5204 3112 5280 βλασφημούμενοι.

2208 5272 2320 5348 (64)
2356 5277 2566 5332 Philoc.
2602 5272 2882 5348 nessem
2910 5272 2971 5326 τὸ
2999 5272 3225 5348 αὐτούς.

2353 5349 2581 5412 l’hiloc.,
2607 5345 2938 5418 ἀντεροῦμεν
2963 5346 3066 5418 τὸν-
3081 5342 3487 5418 προστάσσοντα
3506 5337 3710 5418 ἀὐτοῖς

2135 5412 2310 5488 λόγονξ
2342 5421 2482 5473 Istud
2513 5434 2696 5488 porro,
2729 5412 2932 5478 αὐτοῖς.
2969 5412 3167 5470 ϐυἰοιο
3205 5412 3704 5488 a_lien‘um_videtu_r.

2207 5479 2319 5561 (66)
2373 5479 2716 5561 llmséhelius
2760 5498 2820 5561 et
2873 5483 3308 5561 _Spcncerus,_€zv.
3333 5482 3389 5561 δὲ
3414 5482 3495 5561 τὸ,
3529 5479 3708 5561 μακά-

2138 5549 2242 5631 ριδι
2265 5549 2312 5613 οί
2339 5559 2689 5631 εἰρηνοποιοὶ,
2724 5560 2771 5610 οἱ
2803 5549 3111 5628 νοήσαντες,
3152 5553 3244 5607 καὶ
3288 5553 3365 5621 τό,
3400 5553 3491 5606 sed
3536 5549 3710 5604 Philo-

2137 5631 2272 5686 calia
2314 5643 2372 5685 ut
2407 5634 2464 5684 in
2491 5642 2676 5685 nostro
2709 5637 2879 5682 textu.
