3990 6158
396 249 536 303 1:385

1596 249 1877 306 CONTRA
1907 250 2184 308 CELSUM
2222 251 2350 308 [ΛΒ.
2391 251 2455 306 ν.

3510 258 3645 313 1286

382 369 539 437 Αικῆς
589 367 822 432 λέξεως,
863 364 1207 434 φασκούσης’
1252 385 1268 415 ι
1328 367 1412 418 Ἑν
1463 367 1710 438 ὑστέροις
1762 372 1932 440 καιροῑ

2074 368 2311 436 Apostoli
2348 370 2567 423 locum:
2616 386 2633 419 ι
2683 368 2739 421 lu
2781 369 3092 425 novissimis
3139 372 3475 440 temporibus
3532 377 3647 429 dis-

379 457 779 527 ἀποστήσονταί
812 475 955 520 τινες
988 457 1087 526 τῆς
1119 458 1382 519 πίστεως,
1420 458 1777 527 προσέχοντες
1808 458 1969 511 πνεύ-

382 567 515 619 μασι
550 548 769 611 πλάνοις
806 548 953 617 (67),
987 548 1079 600 καὶ
1125 547 1491 610 διδασκαλίαις
1540 549 1866 616 δαιμονίων,
1910 553 1967 603 ὲν

377 639 664 709 ὑποκρίσει
687 638 1040 707 ψευδολόγων,
1066 639 1621 708 κεκαυτηριασμένων
1637 642 1735 708 τὴν
1752 641 1963 694 οἰκείαν

379 722 704 800 συνείδησιν,
730 729 1045 781 κωλυόντων
1068 732 1286 799 γαμεῖν,
1311 730 1608 799 ἀπέχεσθαι
1634 730 1959 802 βρωμάτων,

374 820 413 873 ἃ
444 823 471 873 ὁ
498 820 629 882 Θεὸς
651 819 865 871 ἔκτισεν
896 822 974 882 εἰς
1001 820 1299 889 μετάληψιν
1325 823 1441 890 μετ’
1470 822 1820 891 εὐχαριστίας
1850 825 1962 884 τοῖς

384 912 588 972 πιστοῖς
614 926 627 939 ·
669 929 686 959 ι
739 910 1145 979 παρακηκοέναι
1198 911 1254 962 δὲ
1298 912 1389 963 κα)¹
1431 912 1545 964 τῶν
1595 913 1818 975 ταύταις
1862 911 1958 963 τοῦ

375 998 672 1051 ἀποστόλου
707 1001 826 1060 ταῖς
853 998 1029 1064 λέξεσι
1063 1000 1424 1071 χρησαμένων
1461 1001 1602 1054 κατὰ
1631 1002 1740 1055 τῶν
1775 1020 1957 1073 παρα-

375 1087 725 1159 χαραξάντων
757 1090 826 1142 τὰ
853 1090 1279 1161 Χριστιανισμοῦ
1306 1108 1318 1120 ’
1352 1092 1541 1162 διόπερ
1570 1089 1723 1145 εἶπεν
1764 1095 1792 1145 ὁ
1824 1094 1962 1146 Κέλ-

375 1197 484 1244 σος,
515 1180 704 1247 ἀκοῆς
737 1181 1070 1250 καυστήριά
1090 1182 1199 1251 (68)
1230 1200 1380 1246 τινας
1408 1185 1770 1253 ὀνομάζεσθαι
1806 1186 1958 1257 παρὰ

373 1272 736 1341 Χριστιανοῖς.
769 1273 941 1336 Αὐτὸς
986 1273 1043 1325 δέ
1089 1291 1258 1344 φησι,
1290 1275 1444 1337 τινὰς
1492 1276 1773 1329 καλεῖσθαι
1818 1278 1962 1330 αἰνί-

374 1378 567 1430 γματα
599 1362 749 1432 (69)·
787 1363 921 1433 ὅπερ
960 1364 1119 1433 ἡμεῖς
1149 1365 1248 1433 οὐχ
1282 1366 1667 1436 ἱστορήσαμεν.
1716 1365 1959 1436 Ἀληθῶς

372 1456 428 1506 δὲ
470 1457 530 1509 τὸ
571 1456 663 1509 τοῦ
710 1456 1005 1508 σκανδάλου
1049 1456 1218 1526 ὄνομα
1257 1456 1390 1509 πολὺ
1424 1459 1481 1509 ὲν
1515 1460 1627 1520 τοῖς
1663 1458 1959 1528 γράμμασι

373 1546 580 1609 τούτοις
625 1546 803 1598 ἐστίν·
836 1547 971 1616 ὅπερ
1005 1545 1272 1616 εἰώθαμεν
1312 1547 1489 1615 λέγειν
1532 1548 1657 1619 περί
1700 1549 1810 1600 τῶν
1841 1548 1956 1601 δια-

374 1635 712 1707 στρεφόντων
737 1635 844 1687 duo
872 1635 971 1705 τῆς
1002 1635 1187 1703 ὑγιοῦς
1213 1636 1563 1698 διδασκαλίας
1590 1637 1716 1699 τοὺς
1746 1636 1955 1689 ἁπλου-

2070 457 2268 510 cedent
2299 459 2517 525 quidam
2554 474 2582 511 a
2619 459 2747 525 ﬁde,
2786 461 3133 515 attendentes
3170 463 3453 531 Spiritibus
3483 482 3609 522 erro

2069 548 2146 602 ris
2170 557 2223 601 et
2252 548 2518 602 doctrinis
2562 551 2952 604 daemoniorum
2998 552 3051 603 in
3087 552 3365 622 hypocrisi
3411 555 3643 624 loquen-

2071 638 2206 690 tium
2237 639 2603 705 mendacium,
2634 649 2687 692 et
2717 642 3077 693 cauteriatam
3114 642 3433 698 habentium
3485 662 3643 700 suam

2070 729 2467 783 conscientiam
2496 768 2511 793 ,
2559 731 2960 799 prohibentium
3000 733 3225 797 nubere,
3281 734 3555 790 abstinere
3613 752 3642 789 a

2066 817 2206 871 cibis
2257 834 2394 886 quos
2430 819 2573 873 Dens
2596 823 2803 874 ereavit
2835 822 3218 891 percipiendos
3273 840 3393 878 cum
3436 828 3642 893 gratia-

2066 911 2440 963 rum‘actione
2485 911 2822 965 tidelibus“.
2881 933 2898 964 ›
2956 913 3095 967 Male
3142 914 3305 968 etiam
3364 916 3642 984 accepisse

2069 1000 2282 1054 videtur
2331 1001 2475 1070 quod
2525 1003 2777 1055 audierat
2813 1006 3076 1069 quosdam
3130 1006 3319 1073 fuisse,
3377 1010 3468 1077 qui
3536 1010 3641 1064 illis

2062 1090 2306 1159 Apostoli
2345 1092 2524 1146 verbis
2547 1102 2732 1146 contra
2773 1094 3057 1163 religionis
3089 1098 3418 1155 Christiana:
3447 1102 3641 1172 depra-

2063 1191 2283 1235 vatores
2333 1193 2657 1251 pugnarent.
2691 1182 2958 1248 Quocirca
3012 1186 3143 1240 dicit
3181 1190 3443 1257 quosdam
3493 1196 3638 1261 apud

2061 1270 2400 1326 Christianos
2440 1276 2653 1326 aurium
2687 1277 2927 1328 cauterio
2960 1277 3244 1345 appellari.
3296 1280 3448 1346 Quod
3482 1284 3635 1339 addit

2062 1361 2200 1415 alios
2230 1363 2493 1429 quosdam
2519 1366 2699 1417 vocari
2727 1367 3010 1433 (enigmata
3035 1407 3049 1431 ,
3086 1369 3139 1422 id
3175 1385 3440 1439 nusquam
3466 1378 3637 1448 628

2061 1452 2448 1519 comperimus.
2478 1453 2559 1507 Ad
2592 1455 2835 1508 scandali
2870 1471 3063 1511 nomen
3089 1461 3232 1527 quod
3262 1464 3479 1531 attinet,
3503 1469 3635 1521 illud

2059 1537 2238 1592 fateor
2262 1539 2316 1591 in
2356 1539 2655 1608 Scripturis
2688 1544 2887 1598 nostris
2939 1544 3257 1613 frequenter
3294 1566 3590 1610 occurrere
3614 1596 3631 1622 ,

2061 1626 2167 1680 dici
2198 1628 2412 1680 solitum
2444 1629 2509 1681 de
2543 1630 2628 1695 iis,
2659 1633 2749 1699 qni
2782 1632 3147 1701 simpliciores
3194 1646 3249 1691 et
3294 1641 3523 1711 deceptu
3557 1645 3635 1699 l'av

375 1723 597 1793 στέρους
651 1723 743 1781 καὶ
796 1723 1251 1793 εὐεξαπατήτους.
1320 1743 1338 1775 ‹
1394 1725 1658 1797 Σειρῆνας
1700 1726 1756 1778 δέ
1804 1745 1932 1782 τινα.

2059 1716 2189 1770 ciles
2226 1732 2255 1770 a
2288 1733 2418 1772 sana
2453 1721 2696 1777 doctrina
2732 1718 3031 1779 dimovent.
3071 1728 3137 1780 At
3167 1734 3433 1797 quosdam
3470 1750 3633 1789 voca-

371 1811 767 1882 ἐξορχουμένας
792 1815 885 1865 καὶ
916 1813 1249 1883 σοφιπρέας,
1272 1815 1859 1887 κατασφραγιςομένας
1886 1819 1955 1871 τὰ

370 1898 503 1967 ὦτα,
534 1905 625 1957 καὶ
654 1905 1197 1972 ὰποσυοκεςραλούσας
1221 1904 1332 1975 (70)
1366 1907 1492 1969 τοὺς
1525 1908 1897 1978 πειθομένους,
1929 1931 1944 1961 ι

371 1997 530 2063 ἡμεῖς
572 1996 671 2047 οὐκ
723 1996 879 2065 ἴσμεν
929 1997 1398 2068 ὀνομαζομένους,
1440 1994 1592 2069 οἶμαι
1624 2000 1666 2051 δ’
1717 2001 1799 2053 ὅτι
1842 2001 1950 2053 οὐδ’

369 2083 525 2145 ἄλλος
574 2102 657 2146 τις
700 2084 808 2137 τῶν
842 2088 898 2138 ὲν
938 2085 1017 2155 τῷ
1055 2086 1231 2156 λόγῳ,
1262 2088 1369 2140 οὐδ’
1410 2089 1467 2140 ὲν
1495 2091 1613 2150 ταῖς
1654 2090 1944 2160 αἱρέσεσιν.

378 2171 517 2226 Ἀλλ’
567 2172 753 2239 οὗτος,
803 2176 830 2227 ὁ
872 2176 1028 2229 πάντ’
1075 2179 1271 2232 εἰδέναι
1321 2180 1816 2251 ἐπαγγελλόμενος,
1854 2183 1947 2235 καὶ

365 2264 586 2320 τοιαῦτά
608 2284 772 2337 φησι’
812 2286 829 2318 t
867 2268 1091 2321 Πάντων
1120 2270 1176 2321 δὲ
1202 2310 1216 2334 ,
1260 2289 1277 2320 ι
1314 2271 1508 2339 φησιν,
1550 2290 1567 2321 ι
1606 2270 1812 2345 ἀκούσῃ
1840 2273 1947 2326 τῶν

366 2356 458 2406 ἐπὶ
486 2356 733 2410 τοσοῦτον
764 2358 1144 2429 διεστηκότων,
1178 2360 1272 2412 καὶ
1305 2360 1444 2429 σφὰς
1471 2362 1668 2424 αὐτοὺς
1696 2367 1811 2425 ταῖς
1836 2363 1947 2433 ἔρι-

368 2463 449 2497 σιν
479 2448 728 2517 αἴσχιστα
773 2450 1187 2521 διελεγχόντων,
1232 2454 1496 2522 λεγόντων
1522 2460 1583 2512 τὸ
1602 2494 1616 2517 ,
1664 2456 1816 2524 Ἐμοὶ
1845 2458 1945 2509 κό-

368 2555 500 2605 σμος
530 2542 891 2612 ἐσταύρωται,
924 2543 1079 2612 κάγὼ
1112 2546 1188 2615 τῷ
1214 2548 1420 2616 κόσμῳ.
1451 2566 1469 2597 ι
1509 2547 1678 2599 Τοῦτο
1705 2547 1812 2619 γὰρ
1848 2550 1945 2618 μό-

437 2656 480 2684 ⁷²
516 2653 703 2708 ΙΤὶιη.
731 2672 803 2720 tv,
832 2656 885 2709 ‘2.
962 2658 1008 2688 "
1040 2656 1207 2712 Galat.
1247 2675 1321 2725 vt,
1358 2661 1444 2714 M.

437 2774 547 2845 (67)
576 2775 919 2854 Hmschelius
953 2779 1208 2854 iu_trxtu,
1233 2780 1573 2854 Δπλάνηςηει
1609 2783 1769 2851 paulo
1797 2794 1935 2854 post,

362 2846 945 2922 κεκαριστηριασμένων
976 2848 1073 2922 τὴν
1104 2851 1311 2922 οἰκείαν
1334 2846 1658 2922 συνείδησιν.

435 2915 545 2983 (68)
583 2914 791 2990 ’Ᾱκοῆς
820 2914 1175 2990 καυοήτῆριιι.
1206 2920 1369 2982 lren.,
1402 2921 1493 2975 lib.
1526 2914 1561 2982 ι’,
1591 2938 1720 2990 cap.
1746 2922 1837 2987 25,
1878 2925 1945 2978 de

363 2983 884 3058 Carpoeratianisac
924 2989 1031 3058 Alii
1054 2983 1194 3043 'vero
1226 3006 1292 3043 ex
1327 2990 1453 3058 ipsis
1485 2983 1721 3057 signant,
1751 2983 1940 3047 caute-

362 3055 747 3131 riantcs_suos
807 3056 1096 3131 discipulos
1146 3060 1196 3111 in
1237 3055 1651 3131 posterioribus
1696 3064 1940 3131 partibus
1970 3076 2012 3131 (ς
2049 3073 2201 3115 extra
2243 3062 2487 3114 Plerotna
2511 3060 2771 3131 denotare
2806 3055 3055 3114 credunt.
3101 3061 3239 3131 I_rcn.
3280 3062 3411 3115 ibid.

363 3124 654 3195 exstantia:
711 3126 913 3178 dextrae
948 3128 1116 3180 auris.
1162 3148 1178 3176 ι
1236 3128 1455 3195 Epiph.,
1512 3124 1711 3182 meres.
1740 3130 1833 3194 27,
1876 3134 1940 3183 de

363 3192 610 3270 iisdem”
637 3209 758 3259 pag.
792 3195 937 3270 106;
972 3197 1253 3270 Ecgpay‘idet
1282 3192 1365 3270 δὲί
1390 3200 1446 3250 ὲν
1491 3199 1770 3270 καυτῆριι
1789 3192 1827 3270 ἢ
1872 3200 1938 3253 δι’

363 3260 754 3328 ἐπιτηδεύσεως
788 3262 993 3384 ξυρίου,
1103 3260 1321 3336 ῥαφίδος
1355 3260 1687 3320 ἐπιτιθέασιν
1715 3260 1859 3322 οὗτοι
1891 3273 1939 3322 οἱ

363 3328 468 3380 ὑπὸ
507 3332 810 3384 Καοποκοᾱί
889 3335 948 3384 π).
985 3335 1074 3384 τὸν
1107 3336 1279 3384 δεξιὸν
1320 3336 1472 3384 λοϐὸν
1508 3338 1601 3384 τοῦ
1647 3339 1784 3384 ὠτὸς
1829 3343 1939 3384 τοῖς

507 3332 810 3412 Ιςαρποκρᾷ
855 3328 948 3412 ἐπ).
985 3328 1074 3387 τὸν
1103 3328 1279 3412 δεξιὸν
1320 3336 1472 3390 λοϐὸν
1508 3338 1601 3412 τοῦ
1647 3339 1784 3401 ὠτὸς
1829 3343 1939 3412 τοῖς

362 3399 454 3451 ὑπ’
483 3399 660 3475 αύτῷν
681 3399 1089 3475 ἀπατωμένοιςη
1117 3424 1135 3455 r
1167 3408 1353 3459 Solent
1384 3422 1508 3460 vero
1533 3399 1937 3475 Carpocratiaui

361 3484 499 3543 quos
536 3470 601 3523 ad
643 3486 797 3543 suam
827 3470 1034 3526 sectam
1069 3472 1442 3528 fraudulenter
1472 3470 1817 3543 pelleierint,
1872 3479 1936 3533 iis

360 3539 636 3612 candente
659 3540 824 3607 ferro,
857 3543 938 3595 vel
977 3544 1264 3607 novacula,
1294 3544 1374 3596 vel
1407 3539 1719 3606 acu,notatn
1744 3539 1937 3612 quam-

364 3607 592 3681 daulad
625 3608 786 3681 imam
811 3612 1112 3666 auriculam
1145 3614 1479 3681 imprimere.
1520 3634 1539 3667 ι
1576 3607 1843 3670 Sreucén.

431 3676 541 3748 (69)
573 3680 914 3753 Αἰνίγματα.
953 3682 1077 3736 Haec
1108 3690 1162 3736 et
1184 3676 1484 3751 superiora.
1505 3700 1623 3753 qtue
1652 3683 1844 3740 Celsus
1868 3687 1935 3742 de

362 3744 803 3815 Carpocratiaiiis
833 3753 1067 3817 dixerat,
1108 3744 1331 3807 confuse
1354 3763 1407 3806 et
1444 3744 1621 3807 minus
1652 3755 1929 3819 distincte,

359 3832 519 3891 quam
552 3832 639 3872 res
661 3820 779 3891 ipsa
816 3822 1122 3887 postulavit,
1155 3824 1385 3891 exprimi
1418 3824 1695 3888 videntur;
1726 3826 1929 3880 etenim

357 3885 907 3963 Carpocratianinon
956 3885 1125 3962 ἀκοῆς
1166 3885 1438 3963 καυτήρια
1466 3885 1743 3963 appellati
1782 3906 1926 3957 sunt.

360 3961 452 4008 sed
480 3956 624 4010 ferro
654 3959 938 4023 candente,
966 3956 1248 4023 novacula,
1300 3956 1395 4015 aut
1429 3956 1541 4015 alio'
1566 3956 1928 4019 instrumento

358 4024 487 4103 bnic
516 4026 591 4078 rei
630 4028 1034 4103 magisidoneo,
1071 4031 1122 4081 in
1154 4031 1543 4100 discipulorum
1584 4048 1765 4097 aures,
1791 4050 1927 4103 quos

357 4094 411 4147 in
449 4110 603 4169 suum
645 4097 950 4169 sodalitium
1000 4094 1344 4167 receperunt,
1394 4110 1574 4155 notam
1635 4094 1923 4169 aliqua-lem

359 4171 452 4233 aut
483 4163 856 4219 characterem
907 4163 1220 4233 imprimere
1266 4170 1529 4223 solebant.
1563 4170 1669 4224 Nec
1700 4163 1923 4226 deerant

358 4231 448 4307 alii
476 4234 738 4307 hazrctici,
781 4231 1157 4307 qnisymbolis
1185 4238 1262 4291 nsi
1311 4249 1457 4298 sunt,
1493 4240 1583 4307 qui
1630 4241 1840 4293 occulte
1870 4251 1924 4294 et

283 4340 290 4347 .
356 4300 607 4376 obscure,
640 4304 689 4355 id
728 4300 812 4358 est
855 4300 1283 4376 διῗάἰνιγμάτων
1343 4324 1463 4375 qua:
1493 4300 1711 4362 sibimet
1755 4311 1924 4364 tinxe—

355 4380 504 4436 runt,
567 4373 777 4439 ineptos
833 4375 999 4427 animi
1046 4373 1792 4444 conceptus_signilicabant;
1842 4381 1922 4434 sic

353 4454 509 4517 ovem
543 4443 829 4517 perditam,
859 4444 985 4497 an.
1021 4461 1109 4507 xv,
1128 4443 1674 4517 decantatm’llelente
1700 4451 1912 4517 symbo-

352 4508 463 4587 lum
493 4508 715 4587 uﬁstice
738 4525 791 4567 et
814 4515 1223 4587 αἰνιγματωδῶς
1250 4518 1672 4571 constituebant.
1694 4508 1910 4587 Epiph.,

353 4579 486 4636 hmr.
522 4582 611 4646 21,
648 4598 769 4651 pag.
803 4585 900 4648 58;
936 4579 1102 4649 irem,
1134 4587 1224 4639 lib.
1267 4603 1303 4649 ι,
1334 4604 1452 4655 cap.
1487 4588 1573 4641 ‘23.
1616 4606 1632 4638 ι
1676 4579 1912 4645 ΕιἸίηιιε

352 4664 473 4726 esse
498 4667 651 4726 ovem
686 4656 972 4726 perditam.
996 4673 1014 4706 ι
1049 4656 1296 4726 Tertull.,
1330 4657 1405 4709 De
1427 4658 1628 4721 animo,
1656 4674 1776 4726 cap.
1804 4660 1906 4725 34;

352 4718 515 4785 lren.,
544 4722 635 4775 lib.
686 4718 725 4786 ἰ,
755 4739 871 4792 cap.
906 4725 992 4796 16.
1035 4743 1054 4775 ι
1088 4718 1502 4781 Generationem
1556 4718 1739 4796 itaque
1779 4718 1911 4782 ΑΞ]εὲ

355 4804 503 4858 num,
530 4801 582 4844 et
606 4807 847 4847 errorem
892 4795 1029 4858 ovis,
1056 4802 1110 4848 et
1154 4796 1591 4850 adinventionem
1622 4795 1910 4853 adunantis

354 4856 407 4908 in
445 4875 627 4923 unum,
654 4864 876 4937 mystice
904 4856 1102 4918 audent
1142 4868 1465 4937 annuntiare
1496 4867 1570 4930 bi,
1601 4869 1692 4937 qui
1723 4869 1773 4921 in
1812 4885 1910 4922 nu-

353 4941 541 5003 meros
560 4932 740 5003 omnia
766 4935 1119 4988 deduxerunt.
1156 4956 1173 4986 ι
1223 4934 1504 4989 Mulierem
1541 4932 1722 5001 istam,
1754 4938 1909 5003 cujus

351 4999 577 5072 sanguis
606 5000 886 5072 duo_decim
914 5005 1071 5056 annis
1099 5004 1452 5072 produxerat,
1485 5004 1676 5059 Matth.
1711 4999 1789 5070 ix,
1815 4999 1905 5070 ΞΟ,

351 5067 853 5144 ιιυοάεείιιιῇμΕοιιίε
901 5067 1219 5144 passionem
1269 5076 1485 5144 signare
1531 5067 1904 5129 crediderunt.

348 5137 602 5212 lrenzcus,
640 5138 730 5212 lib.
765 5155 817 5212 l,»
836 5137 953 5209 cap.
984 5143 1017 5195 5
1050 5159 1063 5194 :
1097 5161 1133 5212 Α
1178 5137 1537 5197 Ηδηξειηειη
1574 5147 1904 5212 passionem,

350 5221 471 5283 quae
508 5207 651 5260 circa
679 5207 1298 5283 duodecimum/lienem
1334 5212 1470 5265 facta
1488 5207 1904 5283 est,signilicari

351 5277 551 5351 dicunt_
574 5291 671 5343 per
698 5281 1027 5351 apostasiam
1053 5281 1225 5345 Judae,
1273 5283 1363 5351 qui
1406 5277 1759 5336 duodecimus
1793 5294 1908 5335 erat

348 5347 734 5414 apostolorum,
778 5358 831 5402 et
868 5349 1121 5417 quoniam
1152 5347 1466 5405 duodecimo
1498 5367 1679 5405 mense
1719 5367 1907 5419 passus

345 5428 463 5490 est;
504 5431 610 5469 uno
645 5419 789 5490 enim
822 5434 964 5490 anno
995 5420 1314 5473 voluntcum
1336 5431 1455 5488 post
1488 5423 1753 5489 baptisma
1768 5438 1905 5490 prte-

347 5487 577 5541 dicasse.
610 5488 799 5541 Adhuc
826 5489 989 5542 etiam
1036 5493 1088 5541 in
1122 5504 1209 5549 ea.
1242 5487 1361 5558 quae
1409 5487 1725 5558 proﬂuvium
1769 5487 1897 5545 sano

346 5558 523 5631 guinis
550 5558 877 5631 patiebatur,
918 5558 1358 5631 Inauifestissuue
1416 5564 1513 5613 hoc
1568 5561 1859 5631 signiticari
1887 5605 1900 5628 ,

342 5628 625 5681 duodecim
658 5629 799 5681 enim
833 5629 988 5681 annis
1031 5644 1244 5697 passam
1282 5644 1398 5684 eam
1431 5646 1523 5697 per
1560 5628 1769 5683 Domini
1804 5633 1901 5684 ad-

346 5709 563 5752 ventum
610 5714 729 5754 esse
776 5707 1044 5766 sanatam,
1076 5715 1196 5754 cuin
1228 5700 1486 5769 tetigisset
1520 5702 1786 5755 timbriam
1808 5716 1892 5757 ve~

2059 1813 2142 1860 tos
2167 1805 2333 1861 fuisse
2363 1828 2379 1859 ι
2416 1807 2643 1865 Sirenas
2683 1814 3026 1879 saltatrices,
3084 1817 3403 1888 falsiloqnas
3428 1862 3443 1887 ,
3510 1840 3631 1893 qua:

2058 1910 2180 1949 cera
2210 1910 2375 1952 aures
2397 1901 2777 1966 obsignarent,
2814 1912 2868 1957 et
2906 1922 3027 1974 qua:
3078 1923 3213 1976 quos
3244 1924 3635 1977 persuaserant

2057 1982 2109 2036 in
2143 1997 2272 2038 sues
2298 1998 2717 2060 converterent,
2773 2011 2791 2042 ›
2834 1992 2887 2047 id
2919 1997 3073 2050 nobis
3101 1997 3500 2070 incompertum
3529 2044 3543 2068 ,
3578 2014 3633 2058 et

2052 2077 2330 2142 omnibus,
2378 2082 2592 2149 Opinor,
2624 2092 2732 2136 tam
2766 2100 2894 2140 vere
2917 2086 3247 2146 Christianis
3267 2108 3427 2160 quam
3457 2096 3632 2149 haere-

2052 2167 2194 2222 ticis.
2239 2169 2342 2223 Sed
2410 2172 2502 2226 ille
2553 2174 2645 2242 qui
2710 2174 2851 2229 scire
2898 2191 2957 2230 se
3012 2180 3194 2233 omnia
3236 2182 3467 2250 jactitat,
3518 2186 3633 2239 haec

2049 2259 2215 2311 etiam
2255 2261 2404 2315 addit
2450 2281 2511 2315 εί
2548 2263 2806 2330 Quamvis
2859 2282 2889 2319 a
2945 2283 3005 2323 se
3052 2270 3284 2325 invicem
3348 2284 3629 2343 tantopere

2047 2349 2786 2423 dissideant,l’mdissimisque
2802 2358 3050 2411 convitiis
3065 2370 3251 2413 mutuo
3267 2374 3325 2414 se
3339 2361 3631 2433 lacessant,

2052 2440 2245 2495 audias
2282 2452 2461 2497 tamen
2492 2444 2613 2498 illos
2642 2459 2831 2499 omnes
2882 2448 3164 2503 dicentes:
3214 2449 3344 2512 Mihi
3398 2454 3626 2509 mundus

2053 2532 2351 2589 cruciﬁxus
2382 2542 2542 2589 estet
2574 2551 2674 2606 ego
2708 2538 2908 2591 mundo
2944 2538 3009 2592 ⁷³.
3048 2557 3069 2590 ι
3116 2540 3291 2611 Atque
3316 2542 3417 2598 hoc
3443 2544 3621 2602 solum

2052 2783 2296 2839 stimenti
2326 2781 2475 2849 ejus;
2522 2789 2576 2835 et
2609 2789 2835 2851 pr0pter
2865 2780 2970 2837 hoc
3003 2781 3205 2837 dixisse
3240 2782 3577 2839 Salvatorem
3609 2803 3625 2837 :

2051 2856 2183 2921 Quis
2208 2869 2293 2907 me
2326 2852 2542 2921 tetigit?
2584 2854 2865 2906 docentem
2902 2853 3196 2919 discipulos
3225 2855 3367 2920 quod
3418 2855 3622 2919 factum

2049 2920 2193 2978 esset
2223 2924 2361 2976 inter
2390 2920 2596 2992 [Bonas
2640 2923 2979 2990 mysterium,
3021 2933 3073 2975 et
3107 2923 3441 2976 curationem
3478 2926 3623 2992 passi

2050 2994 2262 3046 IEonis.
2303 3011 2319 3042 ι
2362 2991 2735 3043 Errabundam
2758 3006 2911 3043 ovem
2942 2992 3255 3060 vagationes
3294 2991 3622 3059 Achatnoth,

3453 3080 3466 3114 :
3501 3081 3520 3113 ε
3560 3065 3625 3117 I'Zt

2050 3132 2307 3198 quoniam
2345 3130 2549 3184 erravit
2577 3130 2883 3183 Acltautoth
2924 3140 3078 3182 extra
3113 3129 3383 3193 Pleroma,
3420 3143 3470 3185 et
3506 3132 3623 3186 lor-

2050 3211 2191 3252 mata
2229 3210 2312 3253 est
2340 3216 2367 3251 a
2392 3198 2632 3264 Christo,
2661 3209 2715 3251 et
2745 3201 2969 3267 quaesita
3000 3209 3081 3253 est
3107 3215 3132 3251 a
3172 3200 3479 3266 Salvatore,
3509 3219 3621 3255 Ina-

2048 3270 2307 3323 nifeslare
2339 3284 2459 3321 eum
2489 3269 2675 3320 dicunt
2702 3269 2753 3321 in
2788 3284 2871 3333 eo,
2899 3270 3039 3335 quod
3072 3270 3230 3334 dixit,
3267 3272 3619 3338 semetipsum

2048 3340 2261 3393 venisse
2293 3338 2357 3390 ad
2402 3353 2544 3399 eam,
2582 3352 2700 3403 qua:
2740 3350 2999 3402 errasset,
3047 3355 3225 3391 ovem.
3272 3338 3436 3393 Ovem
3472 3342 3618 3394 enim

2045 3419 2320 3461 errantem
2355 3417 2581 3459 matrem
2615 3423 2766 3461 suam
2800 3409 3041 3460 referunt
3070 3410 3196 3470 dici.
3242 3424 3303 3462 ex
3335 3424 3439 3476 qua
3474 3426 3619 3473 eam,

2043 3492 2163 3543 quae
2211 3477 2281 3530 sit
2317 3476 2423 3541 hic,
2474 3476 2662 3529 volunt
2697 3492 2818 3529 esse
2866 3479 3185 3529 semiuatnm
3221 3478 3546 3531 Ecclesiam.
3596 3502 3611 3527 ο

2044 3546 2344 3606 Mulierem,
2381 3559 2501 3611 qua:
2525 3545 2743 3597 domum
2780 3546 2965 3607 verrit,
3002 3555 3057 3597 et
3095 3547 3411 3598 drachmam
3464 3548 3616 3602 iuve-

2043 3616 2143 3683 nit,
2200 3614 2495 3683 superioris
2530 3612 2767 3683 iSophize
2823 3614 3125 3683 symbolum
3173 3615 3356 3667 haberi
3400 3615 3613 3671 volunt.

2040 3682 2179 3736 lren.
2223 3685 2356 3735 ibid.
2394 3699 2406 3733 :
2448 3700 2466 3732 ε
2524 3682 2803 3736 Mulierem
2849 3682 3027 3736 autem
3077 3684 3249 3746 illam,
3294 3699 3415 3749 quae
3459 3702 3621 3737 tuttu-

2042 3754 2131 3805 dat
2154 3754 2372 3807 domum
2401 3762 2454 3805 ct
2497 3753 2704 3805 invenit
2741 3752 3084 3815 drachmam,
3139 3755 3474 3820 superiorem
3509 3757 3615 3808 So-

2038 3824 2218 3889 phiam
2253 3832 2479 3874 narrant
2525 3824 2628 3875 dici
2655 3840 2667 3888 ;
2707 3837 2825 3890 qua:
2856 3837 2979 3874 cum
3010 3823 3330 3888 perdidisset
3357 3822 3617 3879 intention

2038 3905 2160 3945 non
2193 3906 2366 3952 suam,
2408 3902 2528 3960 post
2553 3892 2747 3945 deinde
2775 3892 3048 3943 mundatis
3073 3894 3322 3946 tnntiibus
3359 3909 3453 3961 per
3491 3894 3613 3947 Sal-

2035 3962 2242 4015 vatoris
2282 3962 2573 4015 adventum
2610 3964 2836 4022 ineant;
2868 3961 3119 4027 quoniam
3144 3972 3196 4013 et
3228 3964 3332 4015 hoc
3368 3965 3613 4016 restitui-

2038 4038 2124 4100 tur
2146 4032 2440 4084 secnndum
2467 4047 2557 4085 eos
2594 4034 2734 4084 intra
2768 4031 3039 4087 Pleroma.
3083 4049 3101 4081 ι
3133 4031 3289 4084 Plura
3318 4032 3439 4084 vide
3471 4034 3611 4100 apud

2035 4098 2180 4171 lreu.
2206 4100 2300 4171 lib.
2342 4115 2380 4165 ι,
2420 4101 2856 4169 cap.1,rap.16,
2890 4100 3390 4171 cap.718,et__al_i_bi.
3422 4098 3611 4155 eme

2035 4168 2278 4223 invenies
2307 4172 2445 4237 apud
2468 4167 2848 4239 Epiphanium,
2867 4172 2997 4222 hzcr.
3014 4170 3102 4229 51,
3126 4171 3192 4222 de
3208 4167 3606 4232 Valentinianis,

2031 4248 2086 4290 et
2145 4240 2276 4292 nter.
2329 4240 2418 4304 54,
2455 4254 2573 4307 qua:
2642 4248 2727 4292 est
2771 4239 3182 4307 Marcosiorum.
3232 4239 3479 4291 Certiora
3544 4244 3610 4294 de

2030 4305 2542 4375 :euigtnatisgadlmc
2583 4323 2688 4361 non
2722 4309 3005 4359 habemus.
3035 4305 3295 4359 Spexccu.

2102 4376 2212 4447 (ἷο)
2251 4376 2917 4447 Ἀποσυοχεφαλούσαςς
2954 4376 3043 4447 Sic
3078 4377 3422 4447 scribendum
3467 4388 3604 4444 erat,

2031 4456 2089 4499 ut
2115 4445 2303 4499 monet
2334 4446 2661 4513 Speuccrus,
2700 4462 2802 4499 non
2834 4462 2960 4499 vero
2996 4445 3602 4513 ἁποσκυοκεφαλούσας.

2024 4514 2207 4579 ΙΙοιιι.,
2230 4515 2422 4582 Odyss.
2443 4518 2510 4578 Κ,
2543 4531 2593 4568 v.
2618 4516 2754 4568 9.35:

2593 4625 2605 4636 .
2636 4624 2652 4639 .
2681 4622 2695 4636 .
2721 4622 2736 4637 .
2769 4622 2784 4637 .
2814 4626 2828 4640 .
2882 4584 3190 4653 Ἀνέμισγε
3222 4584 3290 4638 δὲ
3318 4586 3467 4651 σίτῳ

2015 4653 2299 4723 Φάρμακα
2351 4655 2541 4723 λύῃΐ,
2600 4656 2700 4707 ἵνα
2746 4653 2946 4724 πάγχυ
2988 4656 3271 4709 λαθοίατο
3317 4656 3605 4723 πατιίδος

3348 4726 3528 4816 L053?-

2010 4792 2210 4859 Αὐτὰρ
2253 4793 2384 4847 ἐπεὶ
2427 4792 2619 4846 δῶκέν
2651 4809 2715 4846 τε
2750 4796 2847 4849 καὶ
2894 4793 3126 4857 ἔκπιον,
3179 4792 3369 4847 αὺτίλιἸ
3397 4792 3604 4850 ἔπειτα

2025 4863 2246 4929 Ῥάόδῳ
2279 4864 2623 4933 πεπληγυῖα
2652 4867 2800 4918 κατὰ
2835 4865 3159 4933 συφεοῖσιν
3187 4865 3420 4933 ἐέργνυ.

2014 4936 2078 4984 Οἱ
2102 4934 2172 5007 δὲ
2200 4934 2369 5007 οξυῶν
2386 4934 2503 5000 μὲν
2537 4935 2683 5001 ἕχον
2726 4936 3014 5003 κεφαλὰς,
3053 4934 3263 5003 φωνήν
3291 4952 3375 5000 τε,
3415 4936 3600 5007 δέμας

2010 5003 2117 5055 Καὶ
2154 5004 2359 5070 τρίχας
2381 5020 2393 5032 ·
2635 5072 2662 5078 _
2812 5076 2821 5078 _
2931 5076 2938 5078 _
3210 5076 3218 5078 _
3416 5003 3523 5078 [τὲ,

2370 5114 2382 5128 .
2420 5111 2433 5124 .
2478 5111 2491 5123 .
2522 5110 2535 5126 .
2574 5112 2587 5125 .
2623 5072 3061 5143 Commiscuitque
3095 5076 3219 5144 pani

2018 5141 2235 5197 Venena
2273 5144 2535 5208 nocentia,
2590 5154 2645 5196 ut
2700 5161 2917 5213 prorsus
2946 5141 3380 5213 obliviscerentur
3404 5147 3596 5212 patria:

3348 5222 3500 5265 terra:

3348 5222 3500 5265 terra:

2010 5281 2290 5346 therum,
2318 5293 2592 5352 postquam
2621 5286 2978 5353 porrexitque,
3006 5291 3055 5336 et
3088 5212 3377 5419 ebiberurlitl,
3409 5284 3594 5403 stgtim

2022 5370 2049 5398 at
3372 5367 3454 5403 em
3496 5369 3523 5404 ϐ

2022 5370 2049 5398 ἢ
3311 5367 3523 5404 luemus

2021 5419 2233 5490 Virgula
2256 5424 2553 5488 percutiens
2584 5423 2726 5473 intra
2762 5424 2920 5473 haras
2957 5420 3232 5472 conclusit.

2006 5491 2095 5542 Illi
2128 5509 2281 5544 suum
2335 5494 2590 5544 habebunt
2626 5493 2823 5559 capita,
2859 5504 3101 5558 rocesque
3132 5506 3480 5559 corporaque,

2010 5562 2075 5613 Et
2109 5573 2268 5614 setas.
2306 5563 2569 5615 SPENCER.

2004 5630 2295 5703 infeliciter
2314 5634 2457 5703 hunc
2472 5632 2646 5703 locum
2665 5628 2890 5703 Guielus
2905 5627 3203 5703 legebatsic
3221 5646 3234 5681 :
3249 5631 3590 5703 ἀνασφραγι-

2004 5700 2096 5763 ζού
2106 5717 2200 5767 σας
2216 5701 2280 5753 τὰ
2308 5695 2419 5751 ὦτα
2454 5700 2544 5751 καὶ
2561 5695 3036 5764 ἁποσκοπελούσάς
3052 5702 3175 5764 τοὺς
3205 5695 3526 5773 πειθομένοέ
3538 5722 3586 5766 ς.
