3990 6158
422 250 561 306 (2‘37
1911 249 2235 309 ORICEle
3562 254 3584 306 l
3596 252 3699 310 286

422 388 457 426 e
476 371 627 425 Pauli
652 370 874 431 Litteris
889 375 1149 431 mentm-ia
1165 373 1383 427 videtur
1401 370 1712 426 retinuisse.
1729 369 1841 426 Cur
1858 370 1991 424 enin

2111 387 2200 422 νον
2228 369 2337 422 ἀπὸ
2367 368 2457 421 τοῦ
2476 369 2693 421 Παύλου
2717 368 2859 422 ἔοικε
2891 368 3395 441 μεμνημονευκέναι
3421 368 3451 421 ὁ
3474 370 3700 434 Κέλσος·

425 476 536 517 non
571 463 675 518 alia
711 477 970 522 sexcenta
1016 466 1323 521 diceremus
1362 479 1483 533 qua:
1513 462 1769 517 similiter
1795 461 1991 530 script:

2108 462 2195 515 διὰ
2222 462 2275 512 τί
2305 462 2416 532 γὰρ
2443 460 2504 513 οὔ
2530 478 2711 531 φαμεν
2737 463 2830 512 καὶ
2861 460 2995 513 ἄλλα
3028 464 3197 532 μυρία
3231 461 3342 514 τῶν
3374 461 3702 531 γεγραμμέ-

425 564 585 618 sunt;
612 564 671 609 ιιι
702 557 842 610 istud
878 573 891 607 :
929 572 948 606 ι
979 554 1035 607 In
1071 568 1237 607 carne
1271 555 1537 618 virentes,
1566 569 1671 609 non
1707 554 1991 607 secundum

2108 572 2248 618 νων;
2285 555 2359 617 ὼς
2387 554 2472 617 τὸ,
2499 572 2517 605 ι
2565 555 2651 606 Ἐν
2682 556 2845 625 σαρκὶ
2869 554 2978 625 γὰρ
3007 554 3231 618 ζῶντες,
3265 554 3326 606 οὐ
3358 553 3500 606 κατά
3525 554 3704 623 σάρκα

426 660 651 700 carnem
676 647 971 699 militamus
999 646 1148 715 (nam
1184 660 1336 698 arma
1383 646 1590 700 militiae
1644 656 1843 700 nostra:
1894 660 2003 699 non

423 736 668 789 carnalia
701 745 849 797 sunt,
880 734 973 788 sed
1016 737 1260 801 potentia
1313 734 1421 788 Deo
1466 736 1534 790 ad
1566 735 1998 790 destructionem

425 824 842 895 munitionum),
870 825 1098 879 consilia
1130 826 1508 889 destruentes,
1547 836 1602 882 et
1630 842 1847 882 omnem
1880 827 2006 880 alti.

423 919 670 973 tudinem
698 917 1051 973 extollentem
1081 933 1139 973 se
1170 917 1435 975 adversus
1462 919 1751 974 scientiam
1787 920 1997 973 θείη.»

485 1097 574 1151 65.
612 1096 884 1164 Quoniam
914 1111 1046 1152 vero
1079 1097 1157 1152 ait
1183 1098 1548 1167 Christianos,
1578 1101 1680 1155 etsi
1710 1112 2000 1171 tantopere

417 1189 748 1252 dissideant,
800 1188 985 1244 dicere
1038 1200 1221 1247 tamen
1252 1208 1444 1247 omnes
1478 1210 1492 1247 :
1534 1212 1553 1243 ι
1593 1193 1724 1247 Mihi
1763 1196 2005 1247 mundus

417 1284 716 1340 cruciﬁxus
740 1294 847 1348 est,
871 1294 925 1340 et
950 1299 1053 1355 ego
1084 1287 1284 1341 mundo
1300 1291 1366 1353 ",
1413 1305 1431 1338 ι
1471 1297 1527 1341 et
1567 1289 1669 1343 hoc
1700 1291 1870 1357 ipsum
1905 1290 2001 1344 l'al-

417 1392 535 1429 sum
564 1390 685 1431 esse
719 1377 1239 1434 demonstrabimus.
1284 1380 1423 1435 Sunt
1453 1382 1599 1435 enim
1644 1393 1806 1437 sectae
1875 1398 1998 1451 qua:

416 1469 567 1526 Pauli
617 1472 885 1541 Epistolas
918 1489 1023 1527 non
1059 1474 1375 1539 admittunt,
1407 1484 1466 1529 ut
1498 1476 1718 1543 utrique
1752 1475 1995 1532 Ebionzei

413 1574 467 1618 et
490 1564 782 1620 Encratitae
806 1566 954 1622 dicti.
991 1566 1069 1620 Illi
1102 1568 1286 1636 igitur,
1319 1583 1440 1621 cum
1466 1567 1696 1622 Paulum
1737 1583 1837 1638 pro
1866 1581 1997 1622 san-

414 1665 503 1709 cto
531 1668 583 1711 et
614 1656 864 1726 sapiente
896 1672 1004 1711 non
1030 1667 1350 1727 agnoscant,
1389 1668 1536 1713 certe
1565 1659 1669 1714 hoc
1708 1658 1826 1726 ejus
1858 1657 1992 1713 ell'a-

416 1758 526 1802 tum
562 1763 666 1803 non
720 1750 1067 1819 usurpabunt
1103 1768 1117 1804 :
1157 1768 1175 1800 ι
1219 1750 1345 1803 Mihi
1401 1750 1636 1803 mundus
1696 1751 1992 1805 crucifixus

413 1848 524 1905 est,
549 1850 604 1894 et
630 1854 730 1910 ego
757 1842 981 1896 mundo.
1023 1861 1042 1895 ι
1077 1841 1336 1896 Mentitur
1371 1842 1534 1911 igitur
1569 1843 1669 1896 hac
1704 1843 1754 1895 in
1791 1858 1848 1897 re
1874 1844 1990 1899 Cel-

2110 645 2549 716 στρατευόμεθα·
2602 646 2692 715 (τά
2739 646 2848 716 γὰρ
2890 646 3030 699 ὅπλα
3075 647 3176 717 τῆς
3210 644 3500 716 στρατείας
3546 645 3705 715 ἡμῶν

2105 737 2166 788 οὗ
2226 736 2464 807 σαρκικὰ
2492 776 2507 801 ,
2563 737 2699 790 ἀλλά
2750 738 2952 790 δυνατά
3008 737 3087 807 τῷ
3147 735 3265 805 Θεῷ
3321 735 3458 807 πρὸς
3506 735 3700 789 καθαίο

2109 845 2257 900 ρεσιν
2362 827 2781 901 ὀχυρωμάτων)
2882 828 3179 897 λογισμοὺς
3266 825 3696 898 καθαιροῦντες,

2104 922 2199 973 καὶ
2228 922 2335 974 πᾶν
2364 920 2566 991 ὕψωμα
2594 921 2956 991 ἐπαιρόμενον
2996 918 3136 972 κατὰ
3161 919 3259 987 τῆς
3302 918 3559 986 γνώσεως
3605 917 3697 970 τοῦ

2102 1012 2237 1065 Θεοῦ
2248 1053 2261 1065 .
2304 1032 2322 1064 ι

2185 1106 2341 1158 Ἐπεὶ
2392 1105 2451 1158 δέ
2502 1122 2705 1175 φησιν,
2761 1107 2843 1159 ὅτι
2909 1106 3125 1159 πάντων
3187 1102 3394 1173 ἀκούσῃ
3449 1102 3558 1154 τῶν
3606 1102 3697 1154 ἐπὶ

2101 1196 2357 1249 τοσοῦτον
2390 1197 2755 1269 διεστηκότων
2780 1239 2795 1261 ,
2820 1198 3089 1265 λεγόντων
3115 1195 3177 1248 τό
3196 1212 3207 1224 ·
3245 1213 3264 1245 ι
3315 1194 3470 1263 Ἐμοὶ
3495 1195 3697 1264 κόσμος

2101 1288 2479 1360 ἐσταύρωται,
2520 1290 2675 1358 κάγὼ
2720 1290 2798 1359 τῷ
2836 1290 3027 1359 κόσμῳ
3060 1304 3073 1317 ο
3114 1308 3133 1338 ι
3183 1286 3468 1339 καὶτοῦτο
3502 1287 3696 1355 ψεῦδος

2098 1377 2466 1448 διελέγξομεν.
2534 1381 2655 1432 Εἰσὶ
2711 1380 2821 1450 γάρ
2865 1396 3010 1442 τινες
3058 1378 3297 1448 αἱρέσεις
3345 1377 3445 1440 τὰς
3477 1377 3691 1430 Παύλου

2098 1466 2390 1531 ἐπιστολὰς
2438 1467 2535 1521 τοῦ
2587 1468 2890 1522 ἀποστόλου
2952 1468 3026 1538 μὴ
3068 1467 3459 1538 προσιέμεναι,
3507 1468 3693 1537 ῶσπερ

2112 1560 2414 1613 Ἐϐιωναῑοι
2442 1561 2743 1631 ἀμφότεροι
2764 1602 2777 1625 ,
2808 1562 2903 1615 καὶ
2940 1563 2988 1613 οἱ
3029 1560 3352 1630 καλούμενοι
3392 1561 3692 1631 Ἐγκρατη-

2095 1650 2183 1701 ταί
2209 1650 2344 1718 (71).
2378 1652 2490 1704 Ούκ
2518 1652 2582 1705 ἂν
2599 1647 2691 1704 οὖν
2714 1653 2762 1704 οἱ
2796 1652 2869 1722 μὴ
2884 1650 3153 1722 χρώμενοι
3172 1650 3249 1720 τῷ
3277 1650 3601 1719 Ἀποστόλῳ,
3620 1651 3693 1712 ὼς

2101 1740 2352 1811 μακαρίῳ
2365 1741 2471 1825 τιγὶ
2492 1743 2585 1794 καὶ
2598 1742 2745 1812 σοφῷ
2762 1741 2969 1808 λέγοιεν
2986 1742 3063 1793 τό·
3077 1759 3095 1790 ι
3119 1742 3173 1791 Ἐ
3182 1741 3272 1810 μοὶ⁵
3296 1740 3498 1810 κόσμος
3513 1741 3694 1793 ἐσταύ-

2095 1850 2283 1904 ρωται,
2301 1832 2455 1900 κάγὼ
2469 1833 2546 1903 τῷ
2562 1835 2773 1904 κόσμῳ.
2790 1853 2806 1885 ι
2817 1834 2907 1886 Διὸ
2926 1835 3019 1886 καὶ
3044 1835 3102 1885 ἐν
3116 1832 3289 1901 τούτῳ
3306 1835 3334 1885 ὁ
3345 1832 3551 1895 Κέλσος
3565 1833 3693 1902 ψεύ-

412 1948 529 1988 sus.
555 1933 620 1987 Et
649 1934 699 1987 in
730 1935 1037 1988 accusanda
1068 1935 1287 2003 quidem
1323 1944 1601 1989 sectarum
1649 1934 1991 1990 dissensione

2100 1923 2259 1976 Βεται.
2287 1924 2396 1976 Καὶ
2422 1924 2779 1995 ἐπιδιατρίϐει
2801 1942 2865 1992 γε
2886 1922 3207 1993 κατηγορῶν
3221 1923 3318 1992 τῆς
3338 1924 3394 1974 ἐν
3409 1926 3529 1984 ταῖς
3554 1923 3698 1992 αἱρέ-

412 2032 627 2091 tempus
654 2023 803 2087 terit,
840 2026 935 2077 sed
968 2039 1074 2077 non
1120 2024 1251 2077 mihi
1287 2024 1501 2077 videtur
1539 2024 1763 2078 omnino
1804 2026 1991 2093 expla-

2100 2030 2210 2067 σεσι
2225 2016 2508 2086 διαφορᾶς,
2528 2016 2586 2068 οὐ
2621 2017 2760 2070 πάνυ
2787 2015 2843 2068 δέ
2862 2033 2952 2085 μοι
2976 2016 3121 2068 δοκεῖ
3144 2013 3436 2086 διαρθροῦν
3466 2013 3501 2067 ἃ.
3521 2013 3688 2081 λέγειν

412 2130 547 2170 nare
594 2130 717 2184 qua:
770 2116 925 2181 dicit,
977 2130 1152 2186 neque
1184 2118 1527 2185 exploratum
1558 2125 1612 2171 et
1640 2127 1990 2187 perspectum

2100 2105 2197 2157 οὐδ’
2215 2105 2488 2175 ἐπιμελῶς
2502 2105 2642 2159 αὐτά
2658 2106 3080 2176 τεθεωρηκέναι,
3095 2103 3689 2175 ούδὲλκατανενοηκέναι

414 2210 636 2273 habere,
667 2224 768 2263 cur
796 2211 1096 2265 Christiani
1128 2211 1220 2280 qui
1248 2211 1301 2264 in
1339 2212 1601 2280 religione
1636 2212 1988 2282 progressio-

413 2315 510 2354 nes
551 2301 818 2367 l'eecrunt,
868 2302 1053 2357 dicant
1085 2317 1144 2357 se
1192 2302 1343 2371 plura
1372 2301 1574 2356 Judzeis
1626 2317 1989 2372 cognoscere;

413 2407 480 2446 an
511 2394 763 2448 videlicet
806 2396 950 2464 quod
995 2398 1216 2451 eosdem
1268 2396 1437 2449 libros
1493 2396 1834 2451 admittendo
1885 2397 1993 2451 alio

410 2496 573 2537 sensu
630 2485 752 2538 illos
802 2486 1261 2555 interpretentur,
1317 2504 1385 2541 an
1436 2488 1578 2557 quod
1628 2502 1723 2542 eos
1770 2489 1991 2544 omnino

411 2586 695 2645 respuant.
720 2576 853 2631 Nam
884 2589 1115 2648 utraque
1147 2594 1273 2648 pars
1296 2594 1423 2634 suos
1452 2583 1503 2634 in
1531 2581 1698 2635 sectis
1731 2591 1992 2649 patronos

410 2666 576 2721 habet
646 2667 844 2723 Postea
881 2681 897 2720 :
954 2688 971 2719 ι
1015 2670 1157 2735 Ergo
1186 2683 1306 2738 age,
1345 2671 1545 2738 inquit,
1577 2671 1744 2739 629
1776 2673 1993 2727 etiamsi

412 2759 566 2813 nullo
599 2759 853 2829 dogmata
893 2760 1109 2815 illorum
1158 2761 1515 2817 fundamento
1574 2764 1853 2830 nitantur;
1914 2765 1994 2833 ip-

415 2862 648 2906 sammet
679 2866 866 2907 eorum
898 2855 1201 2909 doctrinam
1234 2855 1621 2923 inspectemus.
1653 2857 1729 2910 Ac
1757 2857 1992 2925 primum

414 2943 797 2999 disserendum
823 2945 888 2999 de
909 2945 996 3009 iis,
1034 2961 1153 3014 qua:
1178 2945 1315 2999 male
1345 2947 1712 3015 intelligentes
1731 2948 1994 3015 perignoc

2094 2197 2210 2259 πῶς
2240 2197 2422 2250 πλεῖον
2452 2197 2723 2250 Ἰουδαίων
2751 2196 3077 2250 ἐπίστασθαι
3106 2196 3356 2264 λέγουσιν
3383 2196 3608 2258 ἑαυτοὺς
3636 2196 3683 2246 οἱ

2093 2292 2151 2342 ἐν
2180 2292 2293 2353 τοῖς
2322 2288 2504 2357 λόγοις
2533 2289 2921 2360 διαϐεϐηκότες
2951 2290 3267 2361 Χριστιανοί
3294 2308 3306 2320 ·
3342 2290 3437 2343 καὶ
3461 2290 3686 2359 πότερον

2092 2389 2203 2447 τοῖς
2228 2386 2323 2454 μὲν
2344 2382 2567 2453 βιϐλίοις
2596 2382 3134 2453 συγκατατιθέμενοι,
3162 2382 3253 2435 τὸν
3272 2380 3328 2434 δὲ
3357 2380 3483 2435 νοῦν
3504 2381 3687 2447 ἀντεξ-

2090 2476 2410 2546 ηγούμενοι,
2458 2475 2491 2545 ἢ
2536 2474 2657 2527 οὐδὲ
2709 2474 3231 2544 συγκατατιθέμενοι
3275 2476 3391 2549 τοῖς
3462 2473 3683 2527 ἐκείνων

2094 2575 2434 2645 γράμμασιν.
2478 2572 2745 2643 Ἐκάτερα
2778 2571 2888 2642 γὰρ
2907 2572 3163 2641 εὕροιμεν
3195 2571 3260 2623 ἂν
3294 2573 3351 2623 ἐν
3380 2574 3500 2634 ταῖς
3530 2570 3679 2640 αἱρέ-

2097 2682 2230 2717 σεσι.
2257 2663 2412 2717 Μετὰ
2443 2663 2616 2718 ταῦτά
2644 2680 2777 2734 φησι
2802 2680 2814 2691 ·
2847 2683 2864 2713 ι
2893 2663 3015 2733 Φέρ’
3047 2658 3139 2715 οὖν
3159 2703 3173 2726 ,
3205 2666 3253 2716 εἰ
3291 2664 3383 2715 καὶ
3417 2662 3682 2733 μηδεμίαν

2095 2757 2271 2828 ἀρχὴν
2306 2756 2402 2809 τοῦ
2449 2754 2716 2827 δόγματος
2751 2754 2999 2824 ἔχουσιν,
3036 2754 3198 2808 αὐτὸν
3228 2755 3572 2826 ἐξετάζωμεν
3597 2755 3684 2807 τὸν

2095 2848 2269 2913 λόγον.
2289 2848 2559 2920 Πρότερον
2588 2848 2641 2901 δὲ
2667 2848 2768 2902 ὅσα
2786 2852 3201 2921 παρακηκοότες
3224 2850 3315 2901 ὑπ’
3334 2850 3556 2917 ἀγνοίας
3573 2848 3682 2919 (72)

2095 2940 2498 3012 διαφθείρουσιν
2522 2981 2535 3004 ,
2566 2940 2666 2993 οὐκ
2707 2941 2960 3012 ἐμμελῶς
3006 2944 3065 2994 ἐν
3096 2942 3294 3013 ἀρχαῖς
3319 2940 3480 3003 εὐθὺς
3510 2943 3684 2994 ἀπαυ-

422 3037 659 3089 rantiam
706 3037 1022 3105 depravant,
1077 3036 1374 3092 insolenter
1409 3038 1704 3107 gloriantes
1733 3038 1799 3093 de
1836 3039 1991 3094 rebus

2100 3032 2473 3103 θαδιαζόμενοι
2516 3034 2646 3104 περὶ
2696 3027 2771 3087 ὧν
2804 3034 2905 3087 οὐκ
2950 3033 3133 3097 ἴσασι,
3184 3036 3435 3089 λεκτέον·
3475 3035 3592 3089 ἔστι
3632 3033 3686 3087 δὲ

412 3141 552 3195 quas
579 3127 851 3181 nesciunt.
886 3126 1011 3182 llaec
1035 3138 1217 3180 autem
1261 3137 1411 3181 sunt.
1453 3147 1471 3179 ι
1520 3127 1831 3199 Statimque
1864 3146 1989 3184 sen-

411 3217 599 3271 tentiis
626 3218 978 3285 quibusdam,
1008 3234 1142 3288 quas
1170 3219 1224 3271 in
1256 3233 1350 3273 ore
1381 3234 1597 3289 semper
1631 3221 1833 3275 habent
1861 3221 1990 3277 lide-

410 3308 510 3374 les,
546 3309 681 3364 alias
708 3310 938 3379 opponit
969 3326 1033 3365 ex
1062 3310 1402 3380 philosophis
1432 3314 1814 3382 depromptas;
1857 3328 1989 3369 con-

410 3402 693 3469 tenditque
722 3402 987 3471 quidquid
1021 3403 1301 3471 pulchrius
1336 3404 1598 3458 tribuitur
1621 3404 1984 3476 Christianis,

408 3493 463 3547 id
500 3508 527 3546 a
567 3494 907 3565 philosophis
943 3496 1138 3550 melius
1164 3507 1219 3551 ct
1251 3497 1543 3552 dilucidius
1574 3499 1777 3553 dictum
1822 3516 1943 3555 esse
1968 3542 1985 3569 ,

409 3592 469 3637 ιιι
526 3586 589 3638 ad
648 3586 1046 3655 pliilOSOpbiam
1101 3590 1281 3657 rapiat
1326 3606 1421 3645 eos
1455 3592 1546 3660 qui
1598 3593 1739 3661 capti
1776 3593 1991 3649 fuerant

408 3675 682 3745 dogmatis
752 3692 986 3746 quorum
1032 3682 1290 3749 maiestas
1339 3683 1625 3751 pietasque
1686 3685 1861 3752 primo
1908 3688 1989 3741 in-

410 3769 584 3821 tuenti
618 3784 739 3823 sesc
761 3771 1015 3840 explicat.
1044 3772 1150 3828 Sed
1174 3775 1287 3828 hzec
1311 3791 1409 3844 pro
1435 3778 1628 3846 quinto
1660 3778 1800 3833 libro
1830 3778 1985 3833 satis.

414 3858 645 3915 Sextum
679 3861 749 3916 ab
782 3863 849 3916 iis
907 3879 1027 3932 quae
1058 3876 1365 3935 sequuntur
1418 3870 1719 3924 ordiemur.

440 4092 2959 4124 .—.._.____..___.._________________________

2097 3125 2245 3178 τάδε.
2284 3143 2302 3175 ι
2336 3125 2447 3177 Καὶ
2480 3124 2684 3188 εὐθέως
2710 3124 2897 3195 ολέξεσί
2940 3143 3084 3189 τισι,
3123 3130 3235 3190 τοῖς
3267 3127 3579 3179 πιστεύουσι
3611 3126 3686 3196 τῷ

2094 3213 2439 3283 Χριστιανῶν
2468 3215 2612 3286 λόγῳ
2647 3216 2887 3286 συνεχῶς
2909 3218 3354 3289 ὀνομαζομέναις,
3386 3220 3686 3290 ἀντιπαρα-

2094 3305 2306 3375 τίθησιν
2336 3307 2443 3359 ἀπὸ
2470 3306 2580 3361 τῶν
2604 3307 2911 3376 φιλοσόφων
2931 3325 2943 3337 ·
2978 3308 3302 3379 βουλόμενος
3328 3310 3396 3364 τά
3419 3311 3559 3364 καλά
3580 3312 3684 3363 τῶν

2080 3395 2469 3468 ςνομιζομένων
2517 3398 2711 3469 Κέλσῳ
2746 3400 2895 3470 παρὰ
2925 3402 3269 3471 Χριστιανοῖς
3309 3400 3564 3469 λέγεσθαι
3592 3401 3681 3453 καὶ

2097 3485 2303 3556 βέλτιον
2343 3490 2438 3541 καὶ
2480 3471 2805 3561 τρανότερον
2858 3479 3107 3561 εἰρῆσθαι
3140 3492 3289 3564 παρὰ
3323 3496 3433 3556 τοῖς
3479 3493 3682 3561 φιλοσο-

2096 3579 2286 3647 φοῦσιν
2308 3620 2321 3644 ,
2352 3581 2441 3633 ἵνα
2468 3582 2782 3652 περισπάσῃ
2816 3583 2908 3633 ἐπὶ
2953 3582 3270 3651 φιλοσοφίαν
3299 3584 3425 3647 τοὺς
3467 3584 3679 3636 ἁλισκο-

2098 3680 2291 3751 μένους
2328 3680 2431 3731 ὑπὸ
2477 3679 2585 3735 τῶν
2620 3680 2845 3734 αὐτόθεν
2886 3682 3260 3751 ἐμφαινόντων
3301 3682 3587 3751 δογμάτων
3624 3681 3681 3733 τὸ

2094 3770 2258 3823 καλὸν
2289 3771 2383 3823 καὶ
2412 3770 2473 3822 τὸ
2502 3770 2744 3834 εὐσεϐές.
2768 3771 2877 3824 Καὶ
2900 3773 2993 3825 τὸν
3021 3772 3269 3841 πέμπτον
3296 3772 3361 3842 δὴ
3394 3772 3560 3841 τόμον
3588 3771 3678 3823 αὑ-

2094 3864 2211 3917 τόοι
2240 3863 2725 3929 καταπαύσαντες,
2761 3864 3054 3936 ἀρξώμεθα
3090 3864 3202 3935 (75)
3240 3864 3335 3917 to;
3378 3865 3535 3917 ἕκτου
3577 3863 3675 3915 ἀπὸ

2098 3956 2205 4009 τῶν
2230 3956 2375 4026 ἐξῆς.

2966 4114 3646 4129 ——_—————-

1041 4220 1885 4336 ΩΡ1ΓΕΝΟΥΣ
1944 4224 2365 4335 ΚΑΤΑ
2422 4217 3041 4338 ΚηΕΛΣΟΥ

1612 4432 1984 4519 ΓΟΜΟΣ
2065 4434 2459 4517 ΕΚΤΟΣ.

2017 4599 2090 4615 β

688 4722 1274 4815 ORIGENIS
1346 4724 1820 4819 CONTRA
1895 4728 2359 4819 CELSUM
2444 4728 2807 4815 LIBER
2882 4726 3392 4821 SEXTUS.

483 5005 534 5059 1.
557 5000 613 5058 In
643 5002 744 5058 hoc
766 5012 942 5066 sexto,
968 5018 1127 5071 quem
1151 5007 1519 5074 aggredimur,
1544 5008 1707 5069 libro,
1736 5009 1821 5077 pie
1843 5010 1973 5063 Am-

2100 5010 2344 5071 ζεἝκτον
2385 5011 2572 5065 τοῦτον
2608 5014 2945 5084 ἐνιστάμενοι
2994 5015 3149 5085 λόγον
3172 5061 3187 5083 ,
3235 5019 3372 5089 πρὸς
3404 5020 3501 5083 τὰς
3540 5020 3667 5075 Κέλ-

408 5096 579 5160 brosi,
621 5096 925 5167 impugnari
959 5110 987 5148 a
1034 5095 1188 5150 nobis
1218 5107 1430 5166 oportet
1463 5099 1605 5155 Celsi
1636 5100 1974 5155 criminatio-

480 5234 591 5290 "ll
625 5231 811 5298 Cor.x,
838 5233 892 5288 5.
970 5235 1015 5266 ⁷⁸
1051 5232 1226 5289 Galat.
1264 5250 1333 5299 vr,
1371 5236 1459 5293 14.

483 5351 591 5422 (7|)
618 5352 937 5426 'E6cwrai’9c
992 5354 1310 5426 ἀμφότεροι
1366 5356 1462 5407 καὶ
1508 5358 1564 5408 οἱ
1622 5359 1979 5426 καλούμενοι

421 5424 827 5496 Ἒγκρατηταί.
880 5423 1024 5496 Idem
1055 5427 1121 5496 de
1170 5424 1489 5478 llelcesaitis
1523 5428 1680 5480 tradit
1717 5423 1979 5496 Origenes

410 5492 464 5545 in
489 5508 573 5564 ps.
602 5509 809 5564 ωιχχιι,
843 5494 934 5548 sed
971 5511 1037 5547 ex
1082 5494 1383 5564 Epiphanio
1412 5496 1505 5559 50,
1539 5496 1593 5560 5,
1629 5492 1840 5550 constat
1866 5498 1982 5550 alli-

408 5577 508 5615 nes
530 5563 631 5616 hos
662 5563 928 5617 Ebionitis
959 5563 1383 5634 fuissequorum
1424 5567 1476 5620 in
1516 5567 1741 5620 Paulum
1771 5568 1979 5621 calum-

412 5635 536 5704 nias
569 5641 794 5704 tangunt
826 5636 964 5688 idem
996 5636 1331 5704 Epiphanius
1365 5637 1457 5703 30,
1496 5637 1563 5690 16
1591 5648 1643 5691 et
1664 5638 1774 5701 25;
1816 5639 1985 5693 Euse-

408 5700 533 5754 bius
573 5699 783 5769 libint,
815 5719 936 5775 cap.
967 5699 1058 5771 25,
1096 5699 1235 5761 Hist.
1272 5699 1477 5774 eccles.,
1516 5720 1577 5781 et,
1611 5699 1984 5765 Thcodorctus

2085 5118 2179 5153 σου
2245 5103 2386 5156 κατὰ
2455 5106 2799 5176 Χριστιανῶν
2872 5108 3204 5179 κατηγορίας
3289 5110 3562 5182 χρῄζομεν
3616 5114 3668 5163 ἐν

2088 5360 2184 5432 lib.
2221 5375 2272 5432 tt
2310 5359 2565 5414 Ha‘retic.
2615 5360 2747 5429 fab.,
2804 5377 2925 5432 cap.
2996 5366 3049 5426 l,
3103 5364 3177 5418 De
3228 5363 3525 5418 Encratitis
3560 5364 3668 5417 sive

2088 5431 2404 5483 Severianis
2447 5446 2665 5497 quoque
2707 5434 2846 5485 idem
2875 5431 3094 5488 Euseb.
3125 5435 3224 5489 lib.
3270 5450 3347 5497 ιιι,
3407 5450 3524 5498 cap.
3577 5433 3666 5499 ‘27,

2087 5499 2228 5556 Hist.
2256 5500 2478 5572 cccles;
2503 5501 2874 5572 rllieronymus
2913 5506 3125 5572 prazfat.
3158 5507 3223 5558 ad
3255 5503 3456 5558 Titum.

2158 5570 2271 5639 (Η)
2300 5571 2453 5632 Mss.,
2488 5570 2727 5637 ἀγνοίαςξ
2770 5570 2926 5628 ι.ι1›ι›;
2959 5576 3109 5639 c‘diti,
3142 5576 3349 5638 ἀνοίας.

2161 5640 2277 5716 (73)Δ
2328 5640 2670 5716 Ἀρξώμεθα.
2729 5644 2973 5716 ῌΜίινιιιιξ
3006 5643 3317 5700 Boberellus
3368 5643 3666 5716 ἀρξόμεθα.

2092 5709 2412 5778 \~'ide_linem
2446 5712 2567 5764 libri
2602 5714 2741 5767 sexti
2769 5722 2822 5769 el
2852 5713 2977 5769 libri
3008 5716 3248 5786 septimi.
