3990 6158
352 271 488 326 1289

1562 273 1835 330 CONTRA
1875 275 2147 332 CELSUM
2186 275 2312 333 LIB.
2351 279 2434 334 Vl.

3460 291 3480 343 Ι
3493 291 3596 345 ειιο

344 393 511 463 αὐτῷ,
548 393 659 462 ἰερὲ
702 391 1012 462 Ἀμόρόσιε,
1045 391 1431 461 ἀγωνίσασθαι,
1466 394 1526 446 οὐ
1556 396 1692 465 πρὸς
1721 397 1787 448 τὰ
1817 397 1895 450 ἀπ

1995 414 2143 464 ,nes,
2169 415 2273 454 non
2307 415 2434 455 vero
2511 416 2572 456 ea
2606 417 2726 471 qure
2770 418 2830 457 ex
2879 403 3220 475 philosophia
3272 406 3482 476 objicit,
3535 420 3592 462 ut

345 484 660 552 φιλοσοφίας
689 483 783 534 ὑπ’
813 483 977 536 αὐτοῦ
1004 485 1344 555 ὲκτιθέμενα,
1374 486 1450 549 ὡς
1477 486 1687 558 οἰηθείη
1712 487 1777 540 ἄν
1817 505 1918 551 τις.

345 575 619 646 Παρέθετο
649 573 758 645 γὰρ
789 573 1028 639 πλείονα,
1051 576 1283 648 μάλιστα
1311 577 1616 644 Πλάτωνος,
1639 580 1667 630 ὁ
1695 579 1917 644 Κέλσος,

342 669 660 723 κοινοποιῶν
708 671 778 724 τά
808 670 1079 740 δυνάμενα
1111 669 1250 723 ἑλεῖν
1295 686 1416 722 τινα
1462 669 1557 723 καὶ
1605 671 1822 726 συνετὸν
1857 675 1921 726 ὲκ

338 760 449 814 τῶν
503 757 665 833 ἱερῶν
705 762 1046 834 γραμμάτων
1075 799 1091 824 ,
1137 761 1390 832 φάσκων·
1443 781 1463 813 ι
1517 761 1731 815 Βέλτιον
1781 764 1919 817 αὐτά

344 852 473 923 παρ’
507 853 762 925 Ἕλλησιν
812 852 1056 924 εἰρῆσθαι
1083 893 1098 917 ,
1134 853 1228 906 καὶ
1271 852 1439 922 χωρὶς
1477 852 1790 917 ἀνατάσεως
1826 858 1918 908 καὶ

339 943 666 1013 ἐπαγγελίας
694 945 791 1014 τῆς
817 944 924 998 ἀπὸ
955 943 1168 1015 Θεοῦ,ἦ
1202 943 1317 997 υίοῦ
1347 944 1503 998 Θεοῦ.
1546 964 1564 994 ι
1594 947 1776 1016 Φαμὲν
1801 943 1914 1011 οῦν,

337 1034 442 1100 ὅτι,
474 1033 629 1106 εἴπερ
654 1034 714 1088 τὸ
746 1034 1100 1106 προκείμενόν
1135 1035 1249 1087 ἐστι
1285 1037 1395 1099 τοῖς
1447 1036 1804 1108 πρεσϐεύουσι
1849 1038 1916 1092 τά

336 1126 435 1196 τῆς
477 1125 732 1196 ἀληθείας
759 1126 870 1195 (74)
895 1167 910 1190 ,
949 1127 1190 1189 πλείους,
1225 1124 1324 1196 ὅση
1365 1126 1626 1198 δύναμις,
1662 1128 1912 1198 ὠφελεῖν,

337 1217 431 1271 καὶ
455 1219 773 1288 προσάγειν,
801 1217 876 1281 ὡς
903 1213 1012 1271 οἶόν
1043 1217 1103 1271 τέ
1136 1219 1302 1282 ἐστιν,
1326 1219 1462 1290 αὐτῇ
1491 1219 1583 1272 διὰ
1609 1219 1913 1291 φιλανθρω-

335 1307 467 1362 πίαν
513 1308 668 1362 πάνθ’
708 1309 944 1363 ὁντινοῦν
968 1351 983 1376 ,
1032 1311 1093 1362 οὐ
1140 1310 1299 1381 μόνον
1352 1311 1612 1383 ὲντρεχῆ,
1652 1312 1785 1366 ἀλλά
1821 1315 1912 1367 καὶ

334 1400 587 1471 ἀνόητον·
627 1400 787 1454 πάλιν
813 1400 858 1453 δ’
887 1396 954 1455 αὖ
987 1401 1107 1472 οὐχὶ
1134 1402 1399 1472 ’Έλληνας
1431 1403 1550 1474 μὲν,
1585 1405 1704 1475 οὐχ).
1717 1405 1786 1458 ’δὲ
1821 1407 1912 1460 καὶ

333 1489 662 1561 βαρϐάρους,
699 1491 830 1545 πολὺ
862 1491 919 1544 δὲ
950 1492 1011 1544 τὸ
1032 1493 1236 1563 ἥμερον
1263 1493 1358 1546 ἐὰν
1385 1495 1478 1548 καὶ
1504 1497 1629 1560 τοὺς
1655 1498 1907 1568 ἀγροικο-

333 1580 526 1644 τάτους
554 1583 648 1635 καὶ
683 1582 894 1646 ἰδιώτας
915 1578 1024 1647 οἷός
1048 1586 1108 1638 τέ
1137 1602 1220 1648 τις
1261 1585 1485 1656 γένηται
1517 1588 1864 1656 ἐπιστρέφειν
1890 1606 1903 1619 ο

330 1674 488 1744 δῆλόν
524 1677 706 1740 ἐστιν,
747 1675 828 1729 ὅτι
873 1677 1217 1749 χαρακτῆρος
1266 1679 1321 1730 ὲν
1370 1679 1447 1749 τῷ
1480 1679 1658 1747 λέγειν
1689 1698 1905 1751 φροντι-

332 1765 484 1818 στέον
519 1765 666 1836 αὐτῷ
706 1765 1062 1835 κοινωφελοῦς
1091 1767 1183 1820 καὶ
1215 1768 1513 1839 δυναμένου
1547 1771 1724 1823 πᾶσαν
1766 1773 1904 1824 ἐπα-

329 1855 594 1925 γαγέσθαι
629 1849 796 1927 ἀκοήν
821 1875 835 1888 ’
864 1859 977 1910 ὅσοι
1019 1857 1103 1922 δὲ,
1135 1858 1302 1912 πολλά
1341 1859 1552 1931 χαίρειν
1601 1859 1904 1931 φράσαντες

327 1947 402 2011 ὡς
446 1949 794 2021 ἀνδραπόδοις
837 1953 950 2014 τοῖς
981 1950 1246 2018 ἰδιώταις,
1274 1950 1368 2004 καὶ
1404 1952 1477 2022 μὴ
1512 1947 1614 2004 οἷοί
1646 1969 1705 2003 τε
1735 1969 1903 2006 κατα-

329 2041 509 2094 κούειν
543 2041 644 2109 τῆς
677 2041 734 2093 ἐν
767 2042 961 2111 φράσει
991 2042 1164 2111 λόγων
1193 2043 1286 2096 καὶ
1310 2042 1460 2108 τάξει
1493 2042 1903 2113 ἀπαγγελλομέ-

322 2132 429 2170 νων
471 2118 809 2182 ἀκολουθίας,
849 2118 1024 2188 μόνων
1065 2121 1384 2190 ἐφρόντισαν
1418 2124 1524 2175 τῶν
1557 2126 1890 2192 ἀνατραφέν-

2026 489 2291 560 quispiam
2326 500 2508 554 posset
2541 493 2824 562 suapicari.
2877 495 3041 550 Multa
3072 498 3216 551 enim
3238 539 3252 564 ,
3305 511 3334 550 e
3366 497 3592 552 Platone

2026 582 2278 648 maxime,
2308 583 2582 654 proponit,
2611 594 2670 639 ut
2701 588 2958 642 ostendat
2985 602 3046 643 ea
3079 590 3242 645 etiam
3280 605 3309 644 e
3336 589 3585 660 Scriptu-

2022 673 2117 736 ris,
2147 689 2268 743 quae
2293 674 2378 729 vel
2414 685 2632 730 acutum
2669 679 2970 732 auditorem
2998 694 3315 750 permovere
3343 694 3588 751 possunt,

2021 763 2180 819 nobis
2209 780 2332 819 cum
2367 765 2488 820 aliis
2528 781 2648 821 esse
2681 769 3016 834 communia,
3063 769 3408 839 afﬁrmalque
3469 771 3584 826 haec

2021 854 2137 921 ipsa
2163 871 2182 905 ‹
2225 855 2418 910 melius
2450 871 2477 909 a
2503 855 2707 912 Graecis
2738 858 2883 912 dicta
2931 858 3100 915 fuisse
3139 869 3195 916 et
3222 862 3439 930 quidem
3468 863 3587 916 sine

2020 943 2127 999 illis
2175 960 2204 1000 a
2251 946 2364 1001 Deo
2423 947 2629 1003 Filiove
2675 949 2768 1002 Dei
2821 951 2982 1005 minis
3022 961 3076 1007 et
3103 955 3412 1022 promissis.
3447 973 3466 1006 ι
3503 954 3583 1008 Ad

2018 1036 2161 1104 quod
2185 1035 2297 1091 haec
2319 1047 2502 1092 nostra
2522 1041 2804 1106 responsio
2826 1049 2911 1094 est
2933 1060 2945 1093 :
2973 1043 3017 1096 si
3049 1043 3305 1101 veritatis
3329 1045 3583 1101 doctores

2017 1125 2070 1180 id
2101 1126 2203 1180 sibi
2239 1138 2572 1197 proponunt,
2607 1131 3076 1202 humanitatisque
3106 1149 3227 1190 esse
3262 1139 3488 1201 ducunt,
3527 1149 3584 1192 ut

2015 1231 2178 1287 quam
2211 1228 2439 1289 possunt
2471 1220 2720 1290 plurimis
2753 1222 2962 1292 prosint
2983 1233 3036 1278 et
3071 1225 3136 1278 ad
3165 1227 3449 1282 veritatem
3483 1231 3581 1283 ad-

2014 1309 2214 1364 ducant
2234 1324 2629 1380 quemcunque,
2651 1312 2883 1380 tardum,
2910 1313 3318 1386 intelligentem,
3338 1317 3577 1385 Graecos,

2011 1403 2274 1458 barbaros
2325 1402 2560 1475 (eximia:
2610 1415 2791 1461 autem
2834 1407 3188 1465 humanitatis
3246 1421 3332 1466 est
3376 1413 3575 1471 lucrari

2010 1485 2124 1539 Deo
2154 1487 2239 1540 vel
2269 1488 2498 1542 rusticos
2523 1499 2577 1543 et
2613 1491 2931 1560 imperitos),
2963 1494 3307 1563 perspicuum
3334 1508 3417 1552 est
3453 1515 3571 1552 eam

2009 1576 2112 1632 illis
2135 1577 2498 1647 usurpandam
2524 1594 2642 1634 esse
2667 1581 2964 1636 orationem
2987 1599 3049 1638 ac
3072 1585 3264 1655 stylum
3292 1576 3572 1658 qui—popu-

2008 1669 2134 1723 laris
2173 1669 2241 1724 sit
2271 1679 2324 1724 et
2355 1671 2418 1724 ad
2447 1672 2687 1726 omnium
2731 1684 2945 1743 captum
2978 1679 3444 1748 accommodatus;
3478 1684 3568 1752 qui

1936 1741 1979 1796 Β
2005 1775 2136 1815 vero
2164 1761 2435 1830 simplices
2464 1771 2520 1816 et
2552 1741 2872 1832 illitteratos,
2898 1782 2962 1821 eo
2999 1769 3141 1836 quod
3177 1770 3243 1824 ad
3273 1741 3568 1842 assequen-

2003 1850 2126 1906 dam
2161 1851 2432 1906 sermonis
2460 1853 2654 1908 seriem
2700 1869 2810 1908 non
2844 1865 3026 1912 essent
3067 1858 3264 1926 idonei,
3293 1861 3444 1916 nihili
3485 1863 3568 1920 fe-

2003 1950 2196 1997 cerunt
2222 1981 2237 2007 ,
2274 1942 2363 2006 de,
2389 1943 2454 1999 iis
2495 1953 2675 1998 autem
2707 1945 2834 2000 solis
2883 1948 3183 2018 cogitarunt
3223 1952 3313 2021 qui
3357 1955 3566 2009 suntin

2001 2031 2194 2086 litteris
2219 2032 2496 2098 innutriti;
2523 2049 2615 2088 eos
2640 2045 2784 2089 certe
2806 2038 3031 2106 publica:
3056 2041 3297 2098 utilitatis
3322 2044 3561 2100 studium

2001 2124 2242 2195 angustis
2270 2125 2556 2180 admodum
2582 2126 2825 2182 terminis
2857 2129 3372 2200 circumscripsisse.

322 2225 430 2262 των
460 2209 570 2280 (75)
599 2214 655 2263 ὲν
685 2209 860 2278 λόγοις
892 2213 988 2263 καὶ
1018 2210 1354 2284 μαθήμασιν,
1383 2207 1526 2267 οὗτοι
1560 2215 1620 2268 τὸ
1651 2219 1963 2272 κοινωνικὸν
2001 2217 2079 2279 εἰς
2109 2215 2301 2286 κομιδῆ
2339 2213 2520 2266 στενὸν
2553 2216 2644 2268 καὶ
2674 2216 2846 2288 βραχὺ
2883 2222 3215 2293 συνήγαγον.

401 2307 583 2360 Ταῦτα
624 2307 680 2362 δέ
731 2327 818 2379 μοι
870 2309 1116 2363 λέλεκται
1137 2349 1151 2374 ,
1198 2311 1618 2382 ἀπολογουμένῳ
1650 2309 1777 2383 περὶ
1804 2310 1901 2380 τῆς

328 2401 805 2472 λατηγορουμένης
852 2401 954 2454 ὑπὸ
997 2402 1205 2456 Κέλσου
1241 2402 1334 2456 καὶ
1373 2402 1571 2473 ἐτέρων
1601 2403 1658 2454 ὲν
1689 2399 1898 2467 λέξεσιν

326 2487 597 2551 εὐτελείας
647 2488 753 2540 τῶν
797 2490 1057 2560 Γραφῶν,
1091 2491 1467 2564 ἀμαυροῦσθαι
1504 2490 1766 2562 δοκούσης
1795 2490 1900 2543 ὐπὸ
1928 2526 1969 2582 C

324 2579 423 2649 τῆς
454 2581 512 2630 ἐν
559 2579 802 2632 συνθέσει
845 2580 1039 2646 λέξεως
1083 2582 1492 2654 λαμπρότητος·
1529 2583 1649 2637 ἐπεὶ
1680 2585 1727 2634 οἰ
1775 2581 1896 2634 καθ’

326 2670 474 2738 ἡμᾶς
503 2670 812 2740 προφῆται,
858 2670 1064 2742 Ἰησοῦς
1095 2689 1153 2724 τε
1183 2673 1274 2726 καὶ
1309 2674 1357 2726 οἱ
1390 2673 1670 2727 ἀπόστολοι
1706 2673 1891 2737 αὐτοῦ,

323 2760 524 2812 ἐνεῖδον
555 2760 740 2831 τρόπῳ
773 2761 1110 2829 ἀπαγγελίας
1127 2803 1141 2827 ,
1169 2764 1228 2816 οὐ
1252 2764 1318 2817 τὰ
1344 2764 1520 2834 ἀληθῆ
1558 2766 1713 2834 μόνον
1741 2781 1897 2834 περι-

323 2851 572 2922 εχούσης,
597 2853 730 2906 ἀλλά
759 2853 852 2906 κα)¹
884 2855 1190 2925 δυναμένης
1220 2856 1593 2924 ἐπαγαγέσθαι
1619 2857 1741 2919 τοὺς
1772 2856 1894 2909 πολ-

319 2941 445 3004 λοὺς
466 2981 481 3004 ,
516 2941 620 3004 ἕως
642 2981 657 3005 ,
694 2942 1102 3012 προτραπέντες
1133 2944 1226 2994 καὶ
1262 2943 1602 3012 εἰσαχθέντες
1644 2941 1889 3006 ἕκαστος,

318 3032 459 3086 κατὰ
488 3031 713 3102 δύναμιν
735 3030 1010 3085 ἀναϐῶσιν
1030 3031 1139 3100 (76)
1160 3032 1251 3084 ἐπὶ
1281 3033 1347 3086 τὰ
1381 3033 1440 3084 ὲν
1467 3033 1585 3094 ταῖς
1609 3031 1890 3094 δοκούσαις

318 3125 588 3178 εὐτελέσιν
611 3121 747 3178 εἶναι
779 3124 986 3192 λέξεσιν
1014 3125 1338 3196 ἀποῤῥήτως
1369 3123 1650 3194 εἰρημένα.
1687 3123 1815 3184 Καὶ,
1840 3125 1887 3175 εί

317 3217 421 3288 χρή
454 3233 517 3283 γε
539 3216 886 3286 τολμήσαντα
914 3217 1086 3268 εἰπεῖν
1105 3257 1118 3279 ,
1149 3215 1362 3284 ὀλίγους
1398 3214 1496 3284 μὲν
1523 3213 1728 3284 ὤνησεν
1751 3212 1886 3284 (είγε

316 3303 570 3376 ὣνησεν,)
605 3307 639 3374 ἡ
672 3305 997 3374 περικαλλὴς
1038 3307 1131 3358 καὶ
1174 3306 1628 3377 ἑπιτετηδευμένη
1661 3304 1884 3358 Πλάτω-

315 3413 406 3460 νος
438 3397 532 3449 καὶ
553 3395 658 3451 τῶν
681 3395 1070 3468 παραπλησίως
1100 3397 1416 3467 φρασάντων
1449 3394 1613 3458 λέξις,
1639 3394 1886 3456 πλείονας

313 3485 372 3539 δὲ
408 3486 441 3556 ἡ
488 3483 596 3538 τῶν
640 3485 1018 3556 εὐτελέστερον
1055 3484 1171 3555 ἅμα
1205 3486 1298 3538 καὶ
1347 3483 1742 3556 πραγματικῶς
1791 3484 1885 3536 καὶ

312 3576 723 3646 ὲστοχασμένως
737 3576 843 3629 τῶν
864 3574 1067 3628 πολλῶν
1082 3573 1404 3639 διδαξάντων
1429 3575 1520 3628 καὶ
1538 3573 1880 3646 γραψάντων.

315 3670 470 3722 Ἔστι
501 3668 631 3739 γοῦν
667 3669 794 3723 ἰδεῖν
821 3669 911 3722 τὸν
948 3669 1044 3740 μὲν
1084 3666 1346 3721 Πλάτωνα
1390 3668 1446 3718 έν
1478 3664 1632 3736 χερσὶ
1666 3664 1772 3716 τῶν
1798 3662 1883 3716 δο-

309 3759 547 3814 κούντων
588 3756 725 3814 εἶναι
764 3759 1059 3829 φιλολόγων
1103 3758 1294 3830 μόνον,
1327 3759 1418 3812 τὸν
1461 3757 1517 3810 δὲ
1564 3756 1881 3826 Ἐπίκτητον

309 3853 404 3906 καὶ
427 3853 530 3906 ὐπὸ
556 3852 662 3906 τῶν
688 3856 954 3923 τυχόντων
987 3855 1080 3908 καὶ
1108 3853 1278 3924 ῥοπὴν
1304 3850 1438 3922 πρὸς
1471 3848 1530 3902 τὸ
1558 3846 1879 3936 ὠφελεῖσθαι
1911 3882 1956 3936 D

308 3944 540 4013 ἐχόντων
575 3942 1004 4014 θαυμαζόμενον,
1037 3943 1368 4014 αἰσθομένων
1403 3940 1499 4009 τῆς
1530 3938 1637 3991 ἀπὸ
1661 3937 1765 3990 τῶν
1792 3935 1879 3987 λό-

308 4051 421 4101 γων
447 4033 610 4085 αὐτοῦ
640 4033 989 4096 βελτιώσεως.
1025 4034 1136 4087 Καὶ
1163 4031 1337 4086 ταῦτά
1367 4048 1452 4099 γε,
1471 4030 1569 4082 οὐκ
1596 4025 1880 4095 ἐγκαλοῦν-

305 4139 398 4185 τες
430 4123 712 4187 Πλάτωνι,
759 4123 970 4192 φαμέν’
1005 4123 1052 4188 (ὁ
1076 4121 1182 4192 γὰρ
1215 4121 1378 4182 πολὺς
1434 4118 1540 4170 τῶν
1578 4115 1877 4187 ἀνθρώπων

305 4215 510 4281 κόσμος
541 4214 824 4285 χρησίμως
849 4215 942 4266 καὶ
968 4212 1153 4265 τοῦτον
1179 4214 1408 4281 ἤνεγκεν
1430 4210 1468 4278 ·)
1499 4208 1631 4262 ἀλλά
1662 4209 1754 4261 καὶ
1777 4205 1877 4257 δει-

303 4301 526 4364 κνύντες
557 4303 616 4355 τὸ
647 4302 892 4374 βούλημα
916 4302 1022 4356 τῶν
1049 4304 1310 4354 εἰπόντων
1351 4300 1432 4362 τό,
1466 4318 1484 4349 ι
1519 4298 1628 4352 Καὶ
1659 4299 1687 4349 ὁ
1717 4296 1873 4362 λόγος

306 4415 408 4469 μου
442 4398 533 4451 καὶ
565 4399 625 4451 τὸ
650 4398 909 4469 κήρυγμά
943 4415 1041 4468 μου
1073 4397 1172 4449 οὐκ
1203 4398 1261 4448 έν
1290 4395 1495 4457 πειθοῖς
1528 4392 1875 4462 ἀνθρωπίνης

303 4489 495 4558 σοφίας
527 4489 702 4558 λόγοις
724 4489 855 4560 (77),
887 4488 1000 4542 ἀλλ’
1033 4491 1090 4541 ἐν
1121 4485 1389 4550 ἀποδείξει
1430 4484 1737 4554 πνεύματος
1780 4483 1873 4536 καὶ

300 4579 617 4649 δυνάμεως,
653 4581 718 4632 ἵν’
752 4581 785 4642 ἡ
820 4580 999 4643 πίστις
1032 4577 1186 4650 ἡμῶν
1223 4572 1352 4650 μὴῇ
1384 4579 1440 4628 ὲν
1471 4575 1628 4646 σοφίᾳ
1659 4573 1871 4644 ἀνθρώ-

299 4689 418 4728 πων
443 4713 457 4737 ,
493 4673 610 4728 ἀλλ’
641 4676 698 4728 έν
743 4672 970 4743 δυνάμει
1004 4671 1160 4724 Θεοῦ.
1199 4690 1217 4722 ι
1248 4671 1384 4741 Φησὶ
1412 4669 1456 4721 δ’
1499 4671 1526 4720 ὁ
1552 4668 1691 4729 θεῖος
1717 4667 1872 4734 λόγος

296 4765 395 4818 οὐκ
425 4763 694 4834 αὔταρκες
725 4761 863 4820 εἶναι
886 4776 946 4817 το
977 4763 1263 4833 λεγόμενον
1287 4760 1410 4832 (κᾶν
1434 4759 1555 4814 καθ’
1582 4758 1711 4813 αὐτὸ
1742 4758 1871 4824 ἀλη-

297 4855 388 4920 θὲς
411 4857 502 4909 καὶ
533 4856 922 4910 πιστικώτατον
945 4851 1022 4930 ᾗ),
1055 4854 1190 4926 πρὸς
1220 4853 1280 4906 τὸ
1315 4851 1633 4907 καθικέσθαι
1661 4849 1870 4919 ἀνθρω-

296 4949 458 5020 πίνης
507 4949 684 5019 ψυχῆς
709 4989 723 5013 ,
778 4949 873 5002 eam
912 4949 985 5020 μὴ
1018 4949 1109 5001 καὶ
1150 4945 1378 5017 δύναμίς
1409 4961 1492 5006 τις
1524 4943 1709 4998 θεόθεν
1741 4939 1866 5009 δοθῇ

295 5039 373 5110 τῷ
394 5039 623 5107 λέγοντι,
646 5040 740 5092 καὶ
765 5040 923 5110 χάρις
951 5039 1235 5109 ὲπανθήσῃ
1263 5036 1373 5107 (78)
1393 5038 1503 5098 τοῖς
1528 5031 1865 5102 λεγομένοις,

293 5132 390 5184 καὶ
421 5130 558 5200 αῦτη
598 5132 696 5184 οὐκ
727 5131 875 5184 ἀθεεὶ
923 5129 1243 5200 ἐγγινομένη
1287 5129 1397 5190 τοῖς
1449 5125 1728 5196 ἀνυσίμως
1775 5121 1866 5175 λέ-

369 5272 415 5303 τθ
439 5268 460 5322 l
483 5267 608 5324 Cor.
633 5279 694 5330 ιι,
728 5265 786 5330 4,
813 5264 867 5319 5.

365 5383 476 5457 (74)
535 5381 762 5457 Philoc.,
810 5378 881 5457 τά
915 5377 1014 5448 τῆς
1044 5377 1340 5457 ἀληθείας.
1408 5373 1744 5430 ἰιαιεοίιοιίυε
1797 5382 1854 5427 ct

293 5445 597 5527 Spejteerus
620 5451 686 5527 in_
708 5445 1103 5527 Inargitte,;"c-l}v
1127 5445 1397 5527 ἀλήθειαν.

362 5522 475 5594 (75)
511 5512 852 5594 liteschelius
887 5527 942 5572 et
969 5512 1271 5588 Spéncerus
1304 5517 1370 5568 ad
1409 5529 1586 5578 oram,
1622 5512 1849 5583 ἀνατρε-

294 5590 846 5667 φόνεφννιπιειίθοκ...
957 5657 988 5667 ..
1081 5657 1091 5667 .
1179 5652 1243 5667 η.

361 5662 473 5733 (76)
513 5650 690 5714 ’Βεειε
732 5652 1361 5722 ΡΙιὶΙοοιιΙῑιι,ἀνα6ῶσιν.
1413 5650 1754 5708 Ηωεειιειὶυε
1787 5660 1838 5708 et

589 5755 838 5810 Parnm.
890 5751 1004 5810 Gn.
1039 5751 1124 5810 XI

2077 2305 2133 2358 2.
2159 2311 2340 2375 Atque
2387 2306 2500 2359 haec
2527 2307 2658 2360 mihi
2705 2309 2850 2363 dicta
2881 2320 3043 2374 sunt,
3090 2319 3148 2364 ut
3201 2326 3231 2364 a
3264 2311 3403 2366 Celsi
3439 2313 3571 2367 alio-

2007 2411 2235 2464 rumque
2270 2397 2741 2462 criminationibus
2771 2398 3117 2455 defenderem
3147 2401 3560 2471 Scripturarum

2002 2485 2426 2554 simplicitatem,
2461 2502 2583 2556 quae
2608 2503 2727 2542 cum
2765 2489 3105 2544 sermonibus
3128 2499 3246 2543 arte
3277 2489 3570 2548 elaboratis

2003 2577 2198 2633 collata
2257 2577 2327 2632 ab
2380 2577 2598 2632 illorum
2646 2577 2960 2646 splendore.
2992 2580 3275 2635 obscurari
3327 2581 3564 2647 videtur,

2003 2667 2260 2738 quoniam
2296 2669 2469 2722 nostri
2507 2669 2818 2737 prOphetae,
2853 2667 3013 2724 Jcsus
3068 2679 3124 2723 et
3174 2669 3290 2740 ejus
3335 2672 3565 2740 apostoli

2001 2765 2282 2824 curarunt,
2311 2757 2476 2828 63o
2499 2767 2557 2811 ut
2591 2773 2691 2813 sua
2718 2759 3046 2828 praedicandi
3091 2760 3228 2815 ratio
3255 2771 3396 2815 esset
3421 2759 3567 2829 ejus-

2001 2848 2167 2915 modi,
2200 2863 2320 2918 quaa
2352 2864 2456 2902 non
2481 2848 2652 2904 solum
2682 2865 2806 2904 vera
2836 2849 3078 2917 doceret,
3105 2852 3200 2907 sed
3229 2851 3392 2906 etiam
3422 2852 3564 2924 vulgi

1999 2939 2246 2995 alliceret
2271 2940 2502 3004 animos,
2537 2941 2708 2995 donec
2737 2940 2933 3011 singuli
2967 2942 3372 2998 hortationibus
3398 2944 3559 2996 indu—

1998 3029 2071 3083 cti
2115 3029 2180 3081 ad
2215 3043 2413 3082 arcana
2466 3029 2565 3083 sub
2601 3031 2781 3084 verbis
2827 3031 2878 3085 in
2938 3033 3174 3101 speciem
3223 3034 3563 3104 simplicibus

1997 3117 2221 3172 latentia
2248 3133 2346 3188 pro
2379 3119 2492 3174 suis
2511 3121 2742 3188 quisque
2767 3119 2972 3177 viribus
2997 3123 3426 3178 conniterentur.
3462 3125 3562 3191 Ac,

1997 3206 2040 3260 si
2074 3205 2244 3261 libere
2275 3206 2418 3276 loqui
2452 3216 2701 3276 oporteat
2730 3246 2745 3272 ,
2779 3208 2966 3278 paucis
3007 3209 3297 3265 utilitatem
3342 3213 3559 3278 attulit,

1995 3297 2040 3350 si
2075 3305 2252 3350 tamen
2300 3297 2458 3351 ullam
2513 3299 2730 3365 attulit,
2791 3308 3008 3369 compta
3055 3300 3171 3356 haec
3219 3310 3274 3356 et
3309 3312 3560 3359 accurata

1994 3387 2234 3444 Platonis
2286 3389 2625 3462 aliorumque
2671 3390 2924 3446 similiter
2977 3391 3312 3462 loquentium
3356 3395 3555 3460 oratio,

1992 3497 2104 3552 prae
2130 3483 2216 3536 illa
2244 3482 2556 3551 simpliciori
2586 3498 2772 3538 eorum
2797 3484 2886 3552 qui
2933 3484 3174 3539 docendo
3195 3493 3250 3540 et
3271 3485 3560 3541 scribendo

1991 3587 2050 3625 se
2090 3575 2156 3626 ad
2195 3573 2337 3642 vulgi
2383 3583 2598 3643 captum
2641 3575 2996 3628 demiserunt.
3046 3574 3232 3643 Itaque
3273 3574 3555 3632 Platonem

1993 3664 2182 3719 videre
2205 3664 2330 3720 licet
2352 3680 2381 3719 a
2410 3665 2540 3720 solis
2573 3665 2830 3719 litteratis
2854 3664 2993 3735 legi;
3024 3675 3210 3720 contra
3247 3666 3552 3733 Epictetum

1991 3754 2335 3811 admirationi
2361 3769 2482 3809 esse
2511 3753 2673 3809 etiam
2715 3752 2873 3823 vulgo
2903 3753 3164 3809 lectorum
3185 3793 3203 3818 ,
3229 3755 3318 3824 qui
3352 3769 3410 3810 se
3438 3749 3556 3826 éjus

1989 3848 2276 3915 praeceptis
2306 3845 2558 3901 meliores
2574 3846 2712 3902 etlici
2748 3847 3010 3910 sentiunt,
3035 3847 3194 3901 modo
3215 3847 3323 3901 sint
3349 3848 3414 3902 ad
3440 3847 3554 3903 fru-

1983 3947 2129 3993 ctum
2189 3955 2256 3994 ex
2309 3940 2414 3995 illis
2459 3941 2781 4008 capiendum
2816 3939 3140 4010 comparati.
3195 3938 3320 3994 llaec
3365 3954 3551 3996 autem

1982 4030 2125 4097 dico,
2162 4047 2266 4086 non
2303 4040 2361 4086 ut
2395 4032 2603 4088 Platoni
2635 4033 2833 4088 faciam
2867 4033 3150 4103 iniuriam,
3187 4033 3379 4087 multis
3405 4034 3548 4088 enim

1983 4122 2033 4174 in
2056 4122 2260 4178 artibus
2283 4122 2489 4177 utiliter
2511 4123 2750 4177 laborem
2771 4123 2978 4192 posuit;
3003 4124 3095 4178 sed
3115 4137 3221 4190 quo
3248 4123 3550 4178 innotescat

1979 4229 2097 4282 quzr
2146 4230 2296 4268 mens
2343 4228 2527 4268 eorum
2584 4214 2746 4268 fuerit
2801 4214 2891 4283 qui
2949 4214 3242 4266 dixerunt:
3293 4231 3312 4263 ι
3357 4213 3550 4266 Sermo

1981 4317 2132 4354 incus
2163 4313 2217 4354 et
2244 4303 2554 4371 praedicatio
2578 4317 2694 4356 mea
2732 4317 2837 4357 non
2873 4303 2925 4356 in
2954 4300 3404 4370 persuasibilibus
3439 4301 3545 4356 hu—

1980 4408 2152 4446 mante
2183 4394 2464 4461 sapientia:
2489 4395 2690 4458 verbis,
2727 4394 2822 4449 sed
2869 4395 2924 4448 in
2971 4394 3283 4448 ostensione
3320 4393 3545 4462 spiritus

1975 4495 2028 4538 et
2056 4483 2301 4548 virtutis,
2329 4494 2385 4537 ut
2420 4485 2550 4539 fides
2587 4497 2769 4540 nostra
2805 4500 2911 4539 non
2943 4485 3014 4540 sit
3041 4487 3092 4538 in
3134 4485 3399 4552 sapientia
3446 4487 3544 4537 Ιιο-

1977 4576 2205 4641 minum,
2243 4576 2334 4631 sed
2382 4578 2434 4630 in
2479 4577 2679 4631 virtute
2737 4576 2917 4631 Dei".
2965 4597 2982 4628 ι
3029 4577 3220 4629 Divina
3255 4576 3540 4644 Scriptura

1977 4677 2205 4722 testatur
2227 4684 2330 4722 non
2353 4670 2490 4723 satis
2516 4682 2636 4724 esse
2659 4670 2725 4722 ad
2749 4668 3089 4738 pungendum
3125 4666 3357 4720 hominis
3389 4682 3541 4720 men-

1977 4768 2104 4821 tem,
2142 4773 2269 4812 vera
2307 4761 2411 4813 dici
2441 4769 2496 4813 et
2524 4759 2591 4813 ad
2624 4758 3062 4827 persuadendum
3100 4759 3534 4826 accommodate,

1972 4850 2076 4904 nisi
2113 4848 2282 4902 virtus
2313 4849 2559 4918 qumdam
2593 4864 2623 4903 a
2657 4849 2765 4904 Deo
2793 4849 2992 4903 dicenti
3041 4850 3218 4912 detur,
3258 4848 3358 4903 nisi
3395 4851 3535 4904 dicta

1969 4938 2263 4994 ﬂorescant
2289 4941 2498 5009 gratia;
2535 4955 2653 5007 quae
2682 4941 2855 5010 gratia
2885 4956 2988 4994 non
3020 4941 3136 4994 sine
3171 4941 3258 4995 Dei
3295 4951 3423 4994 nutu
3456 4943 3537 4995 in-

1971 5028 2075 5082 sita
2105 5039 2190 5083 est
2214 5029 2508 5084 cllicaciter
2530 5031 2857 5086 dicentibus.
2900 5030 3187 5101 Propheta:
3217 5034 3379 5086 verba
3409 5042 3533 5085 sunt

1971 5120 2024 5174 in
2047 5119 2254 5188 psalmo
2275 5137 2419 5175 uvu
2455 5140 2469 5176 :
2507 5139 2525 5172 ι
2565 5121 2824 5179 Dominus
2852 5121 3001 5178 dabit
3023 5124 3239 5179 verbum
3259 5121 3530 5190 evangeli-

1955 5372 2277 5441 Spencerus,
2302 5372 2662 5427 ἀναλάϐωσιν.

2025 5443 2138 5509 (77)
2193 5429 2532 5496 Ηώεειιείἱιιδ
2570 5447 2622 5496 in
2674 5451 2843 5502 textu,
2873 5435 3140 5509 ὲνπειθοῖ
3181 5429 3526 5509 ἀνθρωπίνης

1953 5499 2142 5581 σοφίας
2175 5511 2372 5581 λόγοις,
2407 5513 2569 5577 male,
2607 5512 2711 5565 nisi
2753 5499 2849 5578 pro
2893 5507 3068 5573 λόγοις
3102 5499 3310 5573 lcgallll‘
3340 5499 3523 5568 λόγου.

1949 5584 2028 5636 vel
2059 5581 2249 5649 λόγων.

2167 5651 2667 5743 ΡΙιίΙοετη-γάρισμα
2693 5645 2991 5715 ὲπανθήσῃ.
3129 5732 3200 5791 [Α
