  <div class='ocr_page' id='page_1' title='image "/cluster/home/n/w/nwhite01/storage/ocr_20150623/11/mdp.39015013266690/659.png"; bbox 0 0 3990 6158; ppageno 0'>
   <div class='ocr_carea' id='block_1_1' title="bbox 476 299 604 355">
    <p class='ocr_par' dir='ltr' id='par_1_1' title="bbox 476 299 604 355">
     <span class='ocr_line' id='line_1_1' title="bbox 476 299 604 355; baseline -0.016 -1"><span class='ocrx_word' id='word_1_1' title='bbox 476 299 604 355; x_wconf 72' lang='grc'><strong>1291</strong></span> 
     </span>
    </p>
   </div>
   <div class='ocr_carea' id='block_1_2' title="bbox 1955 289 2273 346">
    <p class='ocr_par' dir='ltr' id='par_1_2' title="bbox 1955 289 2273 346">
     <span class='ocr_line' id='line_1_2' title="bbox 1955 289 2273 346; baseline -0.006 0"><span class='ocrx_word' id='word_1_2' title='bbox 1955 289 2273 346; x_wconf 75' lang='lat' dir='ltr'><strong>ORIGEN‘IS</strong></span> 
     </span>
    </p>
   </div>
   <div class='ocr_carea' id='block_1_3' title="bbox 3582 292 3731 348">
    <p class='ocr_par' dir='ltr' id='par_1_3' title="bbox 3582 292 3731 348">
     <span class='ocr_line' id='line_1_3' title="bbox 3582 292 3731 348; baseline 0 0"><span class='ocrx_word' id='word_1_3' title='bbox 3582 292 3731 348; x_wconf 72' lang='grc'><strong>1292</strong></span> 
     </span>
    </p>
   </div>
   <div class='ocr_carea' id='block_1_4' title="bbox 475 389 2043 484">
    <p class='ocr_par' dir='ltr' id='par_1_4' title="bbox 475 411 2041 482">
     <span class='ocr_line' id='line_1_4' title="bbox 475 411 2041 482; baseline -0.006 -6"><span class='ocrx_word' id='word_1_4' title='bbox 475 421 723 476; x_wconf 81' lang='lat' dir='ltr'><strong>zantibus</strong></span> <span class='ocrx_word' id='word_1_5' title='bbox 753 417 959 472; x_wconf 89' lang='lat' dir='ltr'><strong>virtute</strong></span> <span class='ocrx_word' id='word_1_6' title='bbox 988 414 1154 470; x_wconf 89' lang='lat' dir='ltr'><strong>multa</strong></span> <span class='ocrx_word' id='word_1_7' title='bbox 1168 413 1237 466; x_wconf 80' lang='grc'><strong>⁷⁷.</strong></span> <span class='ocrx_word' id='word_1_8' title='bbox 1269 431 1287 465; x_wconf 75' lang='grc' dir='ltr'><strong>ι</strong></span> <span class='ocrx_word' id='word_1_9' title='bbox 1332 411 1399 467; x_wconf 89' lang='lat' dir='ltr'><strong>Ut</strong></span> <span class='ocrx_word' id='word_1_10' title='bbox 1420 427 1551 482; x_wconf 81' lang='lat' dir='ltr'><strong>ergo</strong></span> <span class='ocrx_word' id='word_1_11' title='bbox 1578 414 1768 468; x_wconf 90' lang='lat' dir='ltr'><strong>demus</strong></span> <span class='ocrx_word' id='word_1_12' title='bbox 1797 414 2041 482; x_wconf 74' lang='lat' dir='ltr'><strong>qucedam</strong></span> 
     </span>
    </p>
   </div>
   <div class='ocr_carea' id='block_1_5' title="bbox 2147 389 3732 484">
    <p class='ocr_par' dir='ltr' id='par_1_5' title="bbox 2147 389 3732 484">
     <span class='ocr_line' id='line_1_5' title="bbox 2147 389 3732 484; baseline 0.001 -19"><span class='ocrx_word' id='word_1_13' title='bbox 2147 430 2320 481; x_wconf 85' lang='grc' dir='ltr'>γουσι.</span> <span class='ocrx_word' id='word_1_14' title='bbox 2358 413 2495 482; x_wconf 77' lang='grc' dir='ltr'>Φησὶ</span> <span class='ocrx_word' id='word_1_15' title='bbox 2535 411 2662 480; x_wconf 90' lang='grc' dir='ltr'>γοῦν</span> <span class='ocrx_word' id='word_1_16' title='bbox 2694 389 2748 465; x_wconf 49' lang='grc' dir='ltr'>ό.</span> <span class='ocrx_word' id='word_1_17' title='bbox 2772 413 3055 484; x_wconf 69' lang='grc' dir='ltr'>προφήτης</span> <span class='ocrx_word' id='word_1_18' title='bbox 3089 412 3199 484; x_wconf 83' lang='grc'>(79)</span> <span class='ocrx_word' id='word_1_19' title='bbox 3227 415 3284 465; x_wconf 84' lang='grc' dir='ltr'>ὲν</span> <span class='ocrx_word' id='word_1_20' title='bbox 3319 411 3598 484; x_wconf 74' lang='grc' dir='ltr'><strong>ἑξηκοστῷ</strong></span> <span class='ocrx_word' id='word_1_21' title='bbox 3630 411 3732 466; x_wconf 79' lang='grc' dir='ltr'>καὶ</span> 
     </span>
    </p>
   </div>
   <div class='ocr_carea' id='block_1_6' title="bbox 475 505 2038 578">
    <p class='ocr_par' dir='ltr' id='par_1_6' title="bbox 475 505 2038 578">
     <span class='ocr_line' id='line_1_6' title="bbox 475 505 2038 578; baseline -0.007 -12"><span class='ocrx_word' id='word_1_22' title='bbox 475 513 785 566; x_wconf 82' lang='lat' dir='ltr'><strong>Graecorum</strong></span> <span class='ocrx_word' id='word_1_23' title='bbox 809 510 1057 578; x_wconf 91' lang='lat' dir='ltr'><strong>dogmata</strong></span> <span class='ocrx_word' id='word_1_24' title='bbox 1083 507 1269 560; x_wconf 87' lang='lat' dir='ltr'><strong>eadem</strong></span> <span class='ocrx_word' id='word_1_25' title='bbox 1299 519 1418 559; x_wconf 89' lang='lat' dir='ltr'><strong>esse</strong></span> <span class='ocrx_word' id='word_1_26' title='bbox 1447 520 1567 575; x_wconf 67' lang='lat' dir='ltr'><strong>quae</strong></span> <span class='ocrx_word' id='word_1_27' title='bbox 1584 505 2038 570; x_wconf 83' lang='lat' dir='ltr'><strong>Christianorum;</strong></span> 
     </span>
    </p>
   </div>
   <div class='ocr_carea' id='block_1_7' title="bbox 476 597 2042 658">
    <p class='ocr_par' dir='ltr' id='par_1_7' title="bbox 476 597 2042 658">
     <span class='ocr_line' id='line_1_7' title="bbox 476 597 2042 658; baseline -0.005 0"><span class='ocrx_word' id='word_1_28' title='bbox 476 613 631 658; x_wconf 91' lang='lat' dir='ltr'><strong>certe</strong></span> <span class='ocrx_word' id='word_1_29' title='bbox 654 618 760 657; x_wconf 92' lang='lat' dir='ltr'><strong>non</strong></span> <span class='ocrx_word' id='word_1_30' title='bbox 787 601 975 654; x_wconf 88' lang='lat' dir='ltr'><strong>eadem</strong></span> <span class='ocrx_word' id='word_1_31' title='bbox 1007 600 1090 653; x_wconf 89' lang='lat' dir='ltr'><strong>vis</strong></span> <span class='ocrx_word' id='word_1_32' title='bbox 1115 606 1198 652; x_wconf 91' lang='lat' dir='ltr'><strong>est</strong></span> <span class='ocrx_word' id='word_1_33' title='bbox 1236 597 1302 650; x_wconf 89' lang='lat' dir='ltr'><strong>ad</strong></span> <span class='ocrx_word' id='word_1_34' title='bbox 1337 597 1548 650; x_wconf 85' lang='lat' dir='ltr'><strong>animas</strong></span> <span class='ocrx_word' id='word_1_35' title='bbox 1577 597 1922 650; x_wconf 75' lang='lat' dir='ltr'><strong>adducendas</strong></span> <span class='ocrx_word' id='word_1_36' title='bbox 1977 611 2042 650; x_wconf 90' lang='lat' dir='ltr'><strong>eo</strong></span> 
     </span>
    </p>
   </div>
   <div class='ocr_carea' id='block_1_8' title="bbox 477 686 2046 753">
    <p class='ocr_par' dir='ltr' id='par_1_8' title="bbox 477 686 2046 753">
     <span class='ocr_line' id='line_1_8' title="bbox 477 686 2046 753; baseline -0.006 -3"><span class='ocrx_word' id='word_1_37' title='bbox 477 705 538 750; x_wconf 90' lang='lat' dir='ltr'><strong>ut</strong></span> <span class='ocrx_word' id='word_1_38' title='bbox 596 711 662 748; x_wconf 79' lang='lat' dir='ltr'><strong>ex</strong></span> <span class='ocrx_word' id='word_1_39' title='bbox 711 693 814 746; x_wconf 83' lang='lat' dir='ltr'><strong>illis</strong></span> <span class='ocrx_word' id='word_1_40' title='bbox 862 706 1041 746; x_wconf 87' lang='lat' dir='ltr'><strong>mores</strong></span> <span class='ocrx_word' id='word_1_41' title='bbox 1081 689 1441 745; x_wconf 80' lang='lat' dir='ltr'><strong>conforment.</strong></span> <span class='ocrx_word' id='word_1_42' title='bbox 1496 688 1762 753; x_wconf 82' lang='lat' dir='ltr'><strong>Quocirca</strong></span> <span class='ocrx_word' id='word_1_43' title='bbox 1796 686 1918 741; x_wconf 80' lang='lat' dir='ltr'><strong>Jesu</strong></span> <span class='ocrx_word' id='word_1_44' title='bbox 1963 687 2046 740; x_wconf 85' lang='lat' dir='ltr'><strong>di-</strong></span> 
     </span>
    </p>
   </div>
   <div class='ocr_carea' id='block_1_9' title="bbox 477 780 2041 855">
    <p class='ocr_par' dir='ltr' id='par_1_9' title="bbox 477 780 2041 855">
     <span class='ocr_line' id='line_1_9' title="bbox 477 780 2041 855; baseline -0.006 -16"><span class='ocrx_word' id='word_1_45' title='bbox 477 786 689 855; x_wconf 86' lang='lat' dir='ltr'><strong>scipuli,</strong></span> <span class='ocrx_word' id='word_1_46' title='bbox 721 784 846 837; x_wconf 92' lang='lat' dir='ltr'><strong>licet</strong></span> <span class='ocrx_word' id='word_1_47' title='bbox 885 782 1214 837; x_wconf 71' lang='lat' dir='ltr'><strong>Graecanica:</strong></span> <span class='ocrx_word' id='word_1_48' title='bbox 1249 780 1612 848; x_wconf 66' lang='lat' dir='ltr'><strong>philosophiae</strong></span> <span class='ocrx_word' id='word_1_49' title='bbox 1650 780 1807 832; x_wconf 89' lang='lat' dir='ltr'><strong>rudes</strong></span> <span class='ocrx_word' id='word_1_50' title='bbox 1836 788 1892 832; x_wconf 95' lang='lat' dir='ltr'><strong>et</strong></span> <span class='ocrx_word' id='word_1_51' title='bbox 1937 780 2041 830; x_wconf 91' lang='lat' dir='ltr'><strong>im-</strong></span> 
     </span>
    </p>
   </div>
   <div class='ocr_carea' id='block_1_10' title="bbox 477 875 2044 948">
    <p class='ocr_par' dir='ltr' id='par_1_10' title="bbox 477 875 2044 948">
     <span class='ocr_line' id='line_1_10' title="bbox 477 875 2044 948; baseline -0.006 -14"><span class='ocrx_word' id='word_1_52' title='bbox 477 880 658 948; x_wconf 89' lang='lat' dir='ltr'><strong>periti,</strong></span> <span class='ocrx_word' id='word_1_53' title='bbox 700 875 898 930; x_wconf 89' lang='lat' dir='ltr'><strong>multas</strong></span> <span class='ocrx_word' id='word_1_54' title='bbox 923 885 1081 926; x_wconf 72' lang='lat' dir='ltr'><strong>terra:</strong></span> <span class='ocrx_word' id='word_1_55' title='bbox 1106 882 1295 942; x_wconf 86' lang='lat' dir='ltr'><strong>gentes</strong></span> <span class='ocrx_word' id='word_1_56' title='bbox 1331 881 1718 941; x_wconf 84' lang='lat' dir='ltr'><strong>peragrarunt,</strong></span> <span class='ocrx_word' id='word_1_57' title='bbox 1749 879 1803 924; x_wconf 92' lang='lat' dir='ltr'><strong>et</strong></span> <span class='ocrx_word' id='word_1_58' title='bbox 1826 885 1918 924; x_wconf 87' lang='lat' dir='ltr'><strong>eas</strong></span> <span class='ocrx_word' id='word_1_59' title='bbox 1946 885 2044 939; x_wconf 87' lang='lat' dir='ltr'><strong>pro</strong></span> 
     </span>
    </p>
   </div>
   <div class='ocr_carea' id='block_1_11' title="bbox 476 961 2043 1039">
    <p class='ocr_par' dir='ltr' id='par_1_11' title="bbox 476 961 2043 1039">
     <span class='ocr_line' id='line_1_11' title="bbox 476 961 2043 1039; baseline -0.008 -13"><span class='ocrx_word' id='word_1_60' title='bbox 476 971 813 1039; x_wconf 79' lang='lat' dir='ltr'><strong>singulorum</strong></span> <span class='ocrx_word' id='word_1_61' title='bbox 868 966 1179 1019; x_wconf 89' lang='lat' dir='ltr'><strong>auditorum</strong></span> <span class='ocrx_word' id='word_1_62' title='bbox 1221 973 1385 1030; x_wconf 87' lang='lat' dir='ltr'><strong>captu</strong></span> <span class='ocrx_word' id='word_1_63' title='bbox 1432 963 1498 1014; x_wconf 87' lang='lat' dir='ltr'><strong>ad</strong></span> <span class='ocrx_word' id='word_1_64' title='bbox 1562 961 1612 1015; x_wconf 89' lang='lat' dir='ltr'><strong>id</strong></span> <span class='ocrx_word' id='word_1_65' title='bbox 1659 970 2043 1028; x_wconf 80' lang='lat' dir='ltr'><strong>pertraxerunt</strong></span> 
     </span>
    </p>
   </div>
   <div class='ocr_carea' id='block_1_12' title="bbox 477 1053 2044 1133">
    <p class='ocr_par' dir='ltr' id='par_1_12' title="bbox 477 1053 2044 1133">
     <span class='ocr_line' id='line_1_12' title="bbox 477 1053 2044 1133; baseline -0.005 -18"><span class='ocrx_word' id='word_1_66' title='bbox 477 1061 621 1133; x_wconf 88' lang='lat' dir='ltr'><strong>quod</strong></span> <span class='ocrx_word' id='word_1_67' title='bbox 649 1057 992 1131; x_wconf 58' lang='lat' dir='ltr'><strong>pra’cipiebat</strong></span> <span class='ocrx_word' id='word_1_68' title='bbox 1026 1056 1268 1110; x_wconf 86' lang='lat' dir='ltr'><strong>doctrina</strong></span> <span class='ocrx_word' id='word_1_69' title='bbox 1295 1072 1309 1118; x_wconf 84' lang='lat'><strong>;</strong></span> <span class='ocrx_word' id='word_1_70' title='bbox 1335 1055 1408 1107; x_wconf 87' lang='lat' dir='ltr'><strong>ita</strong></span> <span class='ocrx_word' id='word_1_71' title='bbox 1439 1063 1496 1106; x_wconf 93' lang='lat' dir='ltr'><strong>ut</strong></span> <span class='ocrx_word' id='word_1_72' title='bbox 1524 1062 1784 1122; x_wconf 85' lang='lat' dir='ltr'><strong>quantam</strong></span> <span class='ocrx_word' id='word_1_73' title='bbox 1812 1053 2044 1122; x_wconf 88' lang='lat' dir='ltr'><strong>quisque</strong></span> 
     </span>
    </p>
   </div>
   <div class='ocr_carea' id='block_1_13' title="bbox 479 1144 2041 1216">
    <p class='ocr_par' dir='ltr' id='par_1_13' title="bbox 479 1144 2041 1216">
     <span class='ocr_line' id='line_1_13' title="bbox 479 1144 2041 1216; baseline -0.007 -8"><span class='ocrx_word' id='word_1_74' title='bbox 479 1155 547 1208; x_wconf 83' lang='lat' dir='ltr'><strong>ad</strong></span> <span class='ocrx_word' id='word_1_75' title='bbox 581 1154 836 1206; x_wconf 82' lang='lat' dir='ltr'><strong>virtutem</strong></span> <span class='ocrx_word' id='word_1_76' title='bbox 868 1147 1303 1216; x_wconf 82' lang='lat' dir='ltr'><strong>amplectendam</strong></span> <span class='ocrx_word' id='word_1_77' title='bbox 1337 1145 1572 1199; x_wconf 85' lang='lat' dir='ltr'><strong>habebat</strong></span> <span class='ocrx_word' id='word_1_78' title='bbox 1614 1144 1772 1199; x_wconf 84' lang='lat' dir='ltr'><strong>liberi</strong></span> <span class='ocrx_word' id='word_1_79' title='bbox 1828 1145 2041 1200; x_wconf 89' lang='lat' dir='ltr'><strong>arbitrii</strong></span> 
     </span>
    </p>
   </div>
   <div class='ocr_carea' id='block_1_14' title="bbox 478 1238 1618 1315">
    <p class='ocr_par' dir='ltr' id='par_1_14' title="bbox 478 1238 1618 1315">
     <span class='ocr_line' id='line_1_14' title="bbox 478 1238 1618 1315; baseline -0.011 -12"><span class='ocrx_word' id='word_1_80' title='bbox 478 1248 563 1304; x_wconf 80' lang='lat' dir='ltr'><strong>sui</strong></span> <span class='ocrx_word' id='word_1_81' title='bbox 594 1242 1036 1315; x_wconf 82' lang='lat' dir='ltr'><strong>prOpensionem,</strong></span> <span class='ocrx_word' id='word_1_82' title='bbox 1069 1247 1274 1292; x_wconf 90' lang='lat' dir='ltr'><strong>tantum</strong></span> <span class='ocrx_word' id='word_1_83' title='bbox 1306 1238 1618 1307; x_wconf 82' lang='lat' dir='ltr'><strong>proﬁceret.</strong></span> 
     </span>
    </p>
   </div>
   <div class='ocr_carea' id='block_1_15' title="bbox 543 1494 2042 1577">
    <p class='ocr_par' dir='ltr' id='par_1_15' title="bbox 543 1494 2042 1577">
     <span class='ocr_line' id='line_1_15' title="bbox 543 1494 2042 1577; baseline -0.011 -12"><span class='ocrx_word' id='word_1_84' title='bbox 543 1512 598 1566; x_wconf 76' lang='lat'><strong>3.</strong></span> <span class='ocrx_word' id='word_1_85' title='bbox 645 1508 787 1564; x_wconf 89' lang='lat' dir='ltr'><strong>Dent</strong></span> <span class='ocrx_word' id='word_1_86' title='bbox 827 1506 990 1577; x_wconf 81' lang='lat' dir='ltr'><strong>igitur</strong></span> <span class='ocrx_word' id='word_1_87' title='bbox 1025 1512 1236 1559; x_wconf 82' lang='lat' dir='ltr'><strong>veteres</strong></span> <span class='ocrx_word' id='word_1_88' title='bbox 1280 1501 1354 1556; x_wconf 91' lang='lat' dir='ltr'><strong>illi</strong></span> <span class='ocrx_word' id='word_1_89' title='bbox 1397 1512 1450 1556; x_wconf 87' lang='lat' dir='ltr'><strong>et</strong></span> <span class='ocrx_word' id='word_1_90' title='bbox 1489 1498 1760 1569; x_wconf 89' lang='lat' dir='ltr'><strong>sapientes</strong></span> <span class='ocrx_word' id='word_1_91' title='bbox 1800 1494 1899 1550; x_wconf 84' lang='lat' dir='ltr'><strong>viri</strong></span> <span class='ocrx_word' id='word_1_92' title='bbox 1944 1507 2042 1548; x_wconf 87' lang='lat' dir='ltr'><strong>sua</strong></span> 
     </span>
    </p>
   </div>
   <div class='ocr_carea' id='block_1_16' title="bbox 475 1595 2044 1668">
    <p class='ocr_par' dir='ltr' id='par_1_16' title="bbox 475 1595 2044 1668">
     <span class='ocr_line' id='line_1_16' title="bbox 475 1595 2044 1668; baseline -0.013 -8"><span class='ocrx_word' id='word_1_93' title='bbox 475 1605 798 1660; x_wconf 85' lang='lat' dir='ltr'><strong>documenta</strong></span> <span class='ocrx_word' id='word_1_94' title='bbox 838 1599 904 1653; x_wconf 91' lang='lat' dir='ltr'><strong>iis</strong></span> <span class='ocrx_word' id='word_1_95' title='bbox 947 1597 1042 1668; x_wconf 91' lang='lat' dir='ltr'><strong>qui</strong></span> <span class='ocrx_word' id='word_1_96' title='bbox 1095 1611 1287 1667; x_wconf 84' lang='lat' dir='ltr'><strong>capere</strong></span> <span class='ocrx_word' id='word_1_97' title='bbox 1325 1595 1412 1649; x_wconf 91' lang='lat' dir='ltr'><strong>illa</strong></span> <span class='ocrx_word' id='word_1_98' title='bbox 1460 1599 1692 1664; x_wconf 90' lang='lat' dir='ltr'><strong>possunt</strong></span> <span class='ocrx_word' id='word_1_99' title='bbox 1731 1609 1744 1644; x_wconf 87' lang='lat'>:</span> <span class='ocrx_word' id='word_1_100' title='bbox 1793 1601 2044 1658; x_wconf 86' lang='lat' dir='ltr'><strong>pronun-</strong></span> 
     </span>
    </p>
   </div>
   <div class='ocr_carea' id='block_1_17' title="bbox 2146 503 3734 578">
    <p class='ocr_par' dir='ltr' id='par_1_17' title="bbox 2146 503 3734 578">
     <span class='ocr_line' id='line_1_17' title="bbox 2146 503 3734 578; baseline 0.001 -22"><span class='ocrx_word' id='word_1_101' title='bbox 2146 505 2355 574; x_wconf 76' lang='grc' dir='ltr'>ἑϐδόμῳ</span> <span class='ocrx_word' id='word_1_102' title='bbox 2383 503 2601 575; x_wconf 71' lang='grc' dir='ltr'>ψαλμῷ,</span> <span class='ocrx_word' id='word_1_103' title='bbox 2624 506 2727 571; x_wconf 81' lang='grc' dir='ltr'>ὅτι,</span> <span class='ocrx_word' id='word_1_104' title='bbox 2757 525 2773 556; x_wconf 79' lang='grc' dir='ltr'><strong>ι</strong></span> <span class='ocrx_word' id='word_1_105' title='bbox 2816 505 3017 578; x_wconf 85' lang='grc' dir='ltr'>Κύριος</span> <span class='ocrx_word' id='word_1_106' title='bbox 3046 503 3203 558; x_wconf 88' lang='grc' dir='ltr'>δώσει</span> <span class='ocrx_word' id='word_1_107' title='bbox 3233 505 3388 575; x_wconf 72' lang='grc' dir='ltr'>ῥῆμα.</span> <span class='ocrx_word' id='word_1_108' title='bbox 3417 507 3531 567; x_wconf 88' lang='grc' dir='ltr'>τοῖς</span> <span class='ocrx_word' id='word_1_109' title='bbox 3564 507 3734 572; x_wconf 86' lang='grc' dir='ltr'>εὐαγ-</span> 
     </span>
    </p>
   </div>
   <div class='ocr_carea' id='block_1_18' title="bbox 2145 592 3729 666">
    <p class='ocr_par' dir='ltr' id='par_1_18' title="bbox 2145 592 3729 666">
     <span class='ocr_line' id='line_1_18' title="bbox 2145 592 3729 666; baseline 0.001 -20"><span class='ocrx_word' id='word_1_110' title='bbox 2145 592 2509 665; x_wconf 76' lang='grc' dir='ltr'>γελιζομένοις</span> <span class='ocrx_word' id='word_1_111' title='bbox 2556 595 2780 666; x_wconf 79' lang='grc' dir='ltr'><strong>δυνάμει</strong></span> <span class='ocrx_word' id='word_1_112' title='bbox 2829 595 3017 666; x_wconf 82' lang='grc' dir='ltr'>πολλῇ.</span> <span class='ocrx_word' id='word_1_113' title='bbox 3075 615 3092 647; x_wconf 78' lang='grc' dir='ltr'><strong>ι</strong></span> <span class='ocrx_word' id='word_1_114' title='bbox 3149 597 3244 648; x_wconf 84' lang='grc' dir='ltr'><strong>Ἶν’</strong></span> <span class='ocrx_word' id='word_1_115' title='bbox 3291 593 3388 648; x_wconf 83' lang='grc' dir='ltr'><strong>οὐν</strong></span> <span class='ocrx_word' id='word_1_116' title='bbox 3432 594 3524 648; x_wconf 57' lang='lat' dir='ltr'><strong>tot</strong></span> <span class='ocrx_word' id='word_1_117' title='bbox 3565 612 3729 648; x_wconf 85' lang='grc' dir='ltr'>τινων</span> 
     </span>
    </p>
   </div>
   <div class='ocr_carea' id='block_1_19' title="bbox 2143 685 3725 759">
    <p class='ocr_par' dir='ltr' id='par_1_19' title="bbox 2143 685 3725 759">
     <span class='ocr_line' id='line_1_19' title="bbox 2143 685 3725 759; baseline 0.001 -20"><span class='ocrx_word' id='word_1_118' title='bbox 2143 687 2266 757; x_wconf 84' lang='grc' dir='ltr'>δοοῇ</span> <span class='ocrx_word' id='word_1_119' title='bbox 2289 688 2354 741; x_wconf 84' lang='grc' dir='ltr'><strong>τά</strong></span> <span class='ocrx_word' id='word_1_120' title='bbox 2378 688 2515 741; x_wconf 67' lang='grc' dir='ltr'>αὐτὰ</span> <span class='ocrx_word' id='word_1_121' title='bbox 2539 688 2784 758; x_wconf 76' lang='grc' dir='ltr'>δόγματα</span> <span class='ocrx_word' id='word_1_122' title='bbox 2812 685 2951 742; x_wconf 80' lang='grc' dir='ltr'>εἶναι</span> <span class='ocrx_word' id='word_1_123' title='bbox 2977 690 3201 759; x_wconf 82' lang='grc' dir='ltr'>Ἕλλησι</span> <span class='ocrx_word' id='word_1_124' title='bbox 3232 690 3328 742; x_wconf 75' lang='grc' dir='ltr'>καὶ</span> <span class='ocrx_word' id='word_1_125' title='bbox 3351 691 3462 752; x_wconf 81' lang='grc' dir='ltr'>τοῖς</span> <span class='ocrx_word' id='word_1_126' title='bbox 3491 688 3599 741; x_wconf 83' lang='grc' dir='ltr'><strong>ἀπὸ</strong></span> <span class='ocrx_word' id='word_1_127' title='bbox 3630 688 3725 740; x_wconf 79' lang='grc' dir='ltr'><strong>τοῦ</strong></span> 
     </span>
    </p>
   </div>
   <div class='ocr_carea' id='block_1_20' title="bbox 2143 777 3725 849">
    <p class='ocr_par' dir='ltr' id='par_1_20' title="bbox 2143 777 3725 849">
     <span class='ocr_line' id='line_1_20' title="bbox 2143 777 3725 849; baseline 0.002 -20"><span class='ocrx_word' id='word_1_128' title='bbox 2143 777 2302 846; x_wconf 84' lang='grc' dir='ltr'>λόγου</span> <span class='ocrx_word' id='word_1_129' title='bbox 2337 778 2491 849; x_wconf 80' lang='grc' dir='ltr'>ἡμῶν</span> <span class='ocrx_word' id='word_1_130' title='bbox 2528 779 2658 846; x_wconf 86' lang='grc'>(80),</span> <span class='ocrx_word' id='word_1_131' title='bbox 2695 780 2809 832; x_wconf 83' lang='grc' dir='ltr'>ἀλλ’</span> <span class='ocrx_word' id='word_1_132' title='bbox 2843 779 2957 832; x_wconf 79' lang='grc' dir='ltr'>οὐτι</span> <span class='ocrx_word' id='word_1_133' title='bbox 2991 797 3053 849; x_wconf 89' lang='grc' dir='ltr'><strong>γε</strong></span> <span class='ocrx_word' id='word_1_134' title='bbox 3098 780 3194 833; x_wconf 73' lang='grc' dir='ltr'><strong>καὶ</strong></span> <span class='ocrx_word' id='word_1_135' title='bbox 3244 781 3312 834; x_wconf 81' lang='grc' dir='ltr'><strong>τά</strong></span> <span class='ocrx_word' id='word_1_136' title='bbox 3339 779 3475 832; x_wconf 81' lang='grc' dir='ltr'><strong>αὐτά</strong></span> <span class='ocrx_word' id='word_1_137' title='bbox 3504 777 3725 832; x_wconf 80' lang='grc' dir='ltr'>δύναται</span> 
     </span>
    </p>
   </div>
   <div class='ocr_carea' id='block_1_21' title="bbox 2146 871 3726 941">
    <p class='ocr_par' dir='ltr' id='par_1_21' title="bbox 2146 871 3726 941">
     <span class='ocr_line' id='line_1_21' title="bbox 2146 871 3726 941; baseline 0.001 -19"><span class='ocrx_word' id='word_1_138' title='bbox 2146 871 2281 941; x_wconf 86' lang='grc' dir='ltr'>πρὸς</span> <span class='ocrx_word' id='word_1_139' title='bbox 2331 871 2391 922; x_wconf 90' lang='grc' dir='ltr'><strong>τὸ</strong></span> <span class='ocrx_word' id='word_1_140' title='bbox 2442 871 2819 939; x_wconf 72' lang='grc' dir='ltr'><strong>ὑπαγαγέσθαι</strong></span> <span class='ocrx_word' id='word_1_141' title='bbox 2877 873 2971 924; x_wconf 72' lang='grc' dir='ltr'>καὶ</span> <span class='ocrx_word' id='word_1_142' title='bbox 3027 872 3289 926; x_wconf 85' lang='grc' dir='ltr'>διαθεῖναι</span> <span class='ocrx_word' id='word_1_143' title='bbox 3345 871 3522 941; x_wconf 76' lang='grc' dir='ltr'>ψυχὰς</span> <span class='ocrx_word' id='word_1_144' title='bbox 3586 871 3726 924; x_wconf 83' lang='grc' dir='ltr'><strong>κατά</strong></span> 
     </span>
    </p>
   </div>
   <div class='ocr_carea' id='block_1_22' title="bbox 2144 959 3722 1031">
    <p class='ocr_par' dir='ltr' id='par_1_22' title="bbox 2144 959 3722 1031">
     <span class='ocr_line' id='line_1_22' title="bbox 2144 959 3722 1031; baseline 0 -20"><span class='ocrx_word' id='word_1_145' title='bbox 2144 959 2332 1012; x_wconf 88' lang='grc' dir='ltr'>ταῦτα.</span> <span class='ocrx_word' id='word_1_146' title='bbox 2366 959 2564 1030; x_wconf 83' lang='grc' dir='ltr'>Διόπερ</span> <span class='ocrx_word' id='word_1_147' title='bbox 2614 961 2660 1012; x_wconf 87' lang='grc' dir='ltr'>οἱ</span> <span class='ocrx_word' id='word_1_148' title='bbox 2711 959 2915 1012; x_wconf 78' lang='grc' dir='ltr'>ἰδιῶται</span> <span class='ocrx_word' id='word_1_149' title='bbox 2961 959 3036 1022; x_wconf 83' lang='grc' dir='ltr'>ὡς</span> <span class='ocrx_word' id='word_1_150' title='bbox 3077 961 3212 1031; x_wconf 89' lang='grc' dir='ltr'>πρὸς</span> <span class='ocrx_word' id='word_1_151' title='bbox 3243 959 3563 1028; x_wconf 74' lang='grc' dir='ltr'><strong>φιλοσοφίαν</strong></span> <span class='ocrx_word' id='word_1_152' title='bbox 3606 959 3722 1011; x_wconf 79' lang='grc' dir='ltr'><strong>Ἐλ-</strong></span> 
     </span>
    </p>
   </div>
   <div class='ocr_carea' id='block_1_23' title="bbox 2143 1050 3724 1123">
    <p class='ocr_par' dir='ltr' id='par_1_23' title="bbox 2143 1050 3724 1123">
     <span class='ocr_line' id='line_1_23' title="bbox 2143 1050 3724 1123; baseline 0.001 -20"><span class='ocrx_word' id='word_1_153' title='bbox 2143 1051 2364 1123; x_wconf 86' lang='grc' dir='ltr'>ληνικὴν</span> <span class='ocrx_word' id='word_1_154' title='bbox 2401 1052 2638 1122; x_wconf 81' lang='grc' dir='ltr'>μαθηταὶ</span> <span class='ocrx_word' id='word_1_155' title='bbox 2663 1051 2754 1104; x_wconf 86' lang='grc' dir='ltr'><strong>τοῦ</strong></span> <span class='ocrx_word' id='word_1_156' title='bbox 2791 1051 2967 1121; x_wconf 87' lang='grc' dir='ltr'>Ἰησοῦ</span> <span class='ocrx_word' id='word_1_157' title='bbox 3004 1052 3360 1123; x_wconf 76' lang='grc' dir='ltr'>ἐκπεριῆλθον</span> <span class='ocrx_word' id='word_1_158' title='bbox 3405 1051 3575 1106; x_wconf 84' lang='grc' dir='ltr'>πολλά</span> <span class='ocrx_word' id='word_1_159' title='bbox 3601 1050 3724 1120; x_wconf 78' lang='grc' dir='ltr'>ἔθνη</span> 
     </span>
    </p>
   </div>
   <div class='ocr_carea' id='block_1_24' title="bbox 2144 1142 3723 1214">
    <p class='ocr_par' dir='ltr' id='par_1_24' title="bbox 2144 1142 3723 1214">
     <span class='ocr_line' id='line_1_24' title="bbox 2144 1142 3723 1214; baseline 0 -18"><span class='ocrx_word' id='word_1_160' title='bbox 2144 1145 2242 1214; x_wconf 80' lang='grc' dir='ltr'>τῆς</span> <span class='ocrx_word' id='word_1_161' title='bbox 2276 1144 2632 1214; x_wconf 75' lang='grc' dir='ltr'><strong>οἰκουμένης,</strong></span> <span class='ocrx_word' id='word_1_162' title='bbox 2667 1144 3021 1208; x_wconf 77' lang='grc' dir='ltr'>διατιθέντες,</span> <span class='ocrx_word' id='word_1_163' title='bbox 3060 1143 3135 1207; x_wconf 89' lang='grc' dir='ltr'><strong>ώς</strong></span> <span class='ocrx_word' id='word_1_164' title='bbox 3178 1146 3206 1196; x_wconf 96' lang='lat'><strong>6</strong></span> <span class='ocrx_word' id='word_1_165' title='bbox 3255 1144 3411 1212; x_wconf 82' lang='grc' dir='ltr'>λόγος</span> <span class='ocrx_word' id='word_1_166' title='bbox 3453 1142 3723 1204; x_wconf 79' lang='grc' dir='ltr'>ἐϐούλετο,</span> 
     </span>
    </p>
   </div>
   <div class='ocr_carea' id='block_1_25' title="bbox 2144 1235 3724 1301">
    <p class='ocr_par' dir='ltr' id='par_1_25' title="bbox 2144 1235 3724 1301">
     <span class='ocr_line' id='line_1_25' title="bbox 2144 1235 3724 1301; baseline -0.001 -13"><span class='ocrx_word' id='word_1_167' title='bbox 2144 1238 2262 1289; x_wconf 89' lang='grc' dir='ltr'>κατ’</span> <span class='ocrx_word' id='word_1_168' title='bbox 2314 1235 2470 1301; x_wconf 78' lang='grc' dir='ltr'>ἀξίαν</span> <span class='ocrx_word' id='word_1_169' title='bbox 2519 1237 2744 1288; x_wconf 79' lang='grc' dir='ltr'>ἕκαστον</span> <span class='ocrx_word' id='word_1_170' title='bbox 2786 1236 2894 1288; x_wconf 81' lang='grc' dir='ltr'><strong>τῶν</strong></span> <span class='ocrx_word' id='word_1_171' title='bbox 2928 1236 3270 1289; x_wconf 66' lang='grc' dir='ltr'><strong>όικουόντοιιν⁸</strong></span> <span class='ocrx_word' id='word_1_172' title='bbox 3318 1235 3366 1288; x_wconf 81' lang='grc' dir='ltr'>οἳ</span> <span class='ocrx_word' id='word_1_173' title='bbox 3400 1236 3493 1288; x_wconf 78' lang='grc' dir='ltr'><strong>καὶ</strong></span> <span class='ocrx_word' id='word_1_174' title='bbox 3534 1235 3724 1287; x_wconf 62' lang='lat' dir='ltr'><strong>civile-</strong></span> 
     </span>
    </p>
   </div>
   <div class='ocr_carea' id='block_1_26' title="bbox 2144 1325 3726 1399">
    <p class='ocr_par' dir='ltr' id='par_1_26' title="bbox 2144 1325 3726 1399">
     <span class='ocr_line' id='line_1_26' title="bbox 2144 1325 3726 1399; baseline 0 -18"><span class='ocrx_word' id='word_1_175' title='bbox 2144 1345 2237 1396; x_wconf 86' lang='grc' dir='ltr'>γον</span> <span class='ocrx_word' id='word_1_176' title='bbox 2274 1325 2384 1395; x_wconf 71' lang='grc'><strong>(81)</strong></span> <span class='ocrx_word' id='word_1_177' title='bbox 2425 1331 2489 1398; x_wconf 83' lang='grc' dir='ltr'>τῇ</span> <span class='ocrx_word' id='word_1_178' title='bbox 2539 1329 2675 1398; x_wconf 74' lang='grc' dir='ltr'>ῥοπῇ</span> <span class='ocrx_word' id='word_1_179' title='bbox 2707 1326 2798 1380; x_wconf 91' lang='grc' dir='ltr'><strong>τοῦ</strong></span> <span class='ocrx_word' id='word_1_180' title='bbox 2839 1327 3183 1390; x_wconf 79' lang='grc' dir='ltr'>αὐτεξουσίου</span> <span class='ocrx_word' id='word_1_181' title='bbox 3218 1328 3395 1381; x_wconf 84' lang='grc' dir='ltr'>αὐτῶν</span> <span class='ocrx_word' id='word_1_182' title='bbox 3437 1327 3574 1399; x_wconf 83' lang='grc' dir='ltr'>πρὸς</span> <span class='ocrx_word' id='word_1_183' title='bbox 3601 1329 3726 1381; x_wconf 82' lang='grc' dir='ltr'>ἀπο-</span> 
     </span>
    </p>
   </div>
   <div class='ocr_carea' id='block_1_27' title="bbox 2144 1411 3406 1486">
    <p class='ocr_par' dir='ltr' id='par_1_27' title="bbox 2144 1411 3406 1486">
     <span class='ocr_line' id='line_1_27' title="bbox 2144 1411 3406 1486; baseline 0 -19"><span class='ocrx_word' id='word_1_184' title='bbox 2144 1411 2306 1486; x_wconf 76' lang='grc' dir='ltr'>δοχὴν</span> <span class='ocrx_word' id='word_1_185' title='bbox 2339 1411 2432 1468; x_wconf 89' lang='grc' dir='ltr'><strong>τοῦ</strong></span> <span class='ocrx_word' id='word_1_186' title='bbox 2459 1412 2622 1466; x_wconf 85' lang='grc' dir='ltr'>καλοῦ</span> <span class='ocrx_word' id='word_1_187' title='bbox 2658 1413 2835 1484; x_wconf 80' lang='grc' dir='ltr'>πολλῷ</span> <span class='ocrx_word' id='word_1_188' title='bbox 2867 1413 3106 1484; x_wconf 78' lang='grc' dir='ltr'>βελτίους</span> <span class='ocrx_word' id='word_1_189' title='bbox 3137 1415 3406 1484; x_wconf 76' lang='grc' dir='ltr'>ἐγένοντο.</span> 
     </span>
    </p>
   </div>
   <div class='ocr_carea' id='block_1_28' title="bbox 2211 1503 3724 1576">
    <p class='ocr_par' dir='ltr' id='par_1_28' title="bbox 2211 1503 3724 1576">
     <span class='ocr_line' id='line_1_28' title="bbox 2211 1503 3724 1576; baseline -0.001 -16"><span class='ocrx_word' id='word_1_190' title='bbox 2211 1504 2265 1560; x_wconf 76' lang='lat'><strong>5.</strong></span> <span class='ocrx_word' id='word_1_191' title='bbox 2315 1503 2544 1560; x_wconf 75' lang='grc' dir='ltr'>Παλαεοὶ</span> <span class='ocrx_word' id='word_1_192' title='bbox 2591 1505 2771 1558; x_wconf 83' lang='grc' dir='ltr'>τοίνυν</span> <span class='ocrx_word' id='word_1_193' title='bbox 2807 1504 3000 1574; x_wconf 86' lang='grc' dir='ltr'>ἄνδρες</span> <span class='ocrx_word' id='word_1_194' title='bbox 3047 1507 3141 1557; x_wconf 66' lang='grc' dir='ltr'><strong>καὶ⁴</strong></span> <span class='ocrx_word' id='word_1_195' title='bbox 3194 1507 3346 1574; x_wconf 78' lang='grc' dir='ltr'>σοφοὶ</span> <span class='ocrx_word' id='word_1_196' title='bbox 3387 1505 3724 1576; x_wconf 70' lang='grc' dir='ltr'>δηλούτωσαν</span> 
     </span>
    </p>
   </div>
   <div class='ocr_carea' id='block_1_29' title="bbox 2141 1594 3720 1668">
    <p class='ocr_par' dir='ltr' id='par_1_29' title="bbox 2141 1594 3720 1668">
     <span class='ocr_line' id='line_1_29' title="bbox 2141 1594 3720 1668; baseline -0.001 -17"><span class='ocrx_word' id='word_1_197' title='bbox 2141 1598 2254 1661; x_wconf 84' lang='grc' dir='ltr'>τοῖς</span> <span class='ocrx_word' id='word_1_198' title='bbox 2283 1594 2608 1651; x_wconf 77' lang='grc' dir='ltr'>ἐπίστασθαι</span> <span class='ocrx_word' id='word_1_199' title='bbox 2626 1597 2736 1667; x_wconf 73' lang='grc'><strong>(82)</strong></span> <span class='ocrx_word' id='word_1_200' title='bbox 2757 1596 3072 1668; x_wconf 80' lang='grc' dir='ltr'>δυναμένοις</span> <span class='ocrx_word' id='word_1_201' title='bbox 3089 1613 3101 1626; x_wconf 88' lang='grc'><strong>·</strong></span> <span class='ocrx_word' id='word_1_202' title='bbox 3123 1597 3216 1650; x_wconf 68' lang='grc' dir='ltr'><strong>καὶ</strong></span> <span class='ocrx_word' id='word_1_203' title='bbox 3231 1597 3294 1667; x_wconf 85' lang='grc' dir='ltr'>δὴ</span> <span class='ocrx_word' id='word_1_204' title='bbox 3322 1599 3415 1651; x_wconf 71' lang='grc' dir='ltr'><strong>καὶ</strong></span> <span class='ocrx_word' id='word_1_205' title='bbox 3433 1597 3678 1663; x_wconf 81' lang='grc' dir='ltr'>Πλάτων,</span> <span class='ocrx_word' id='word_1_206' title='bbox 3694 1599 3720 1650; x_wconf 90' lang='lat'><strong>6</strong></span> 
     </span>
    </p>
   </div>
   <div class='ocr_carea' id='block_1_30' title="bbox 474 1677 2043 1759">
    <p class='ocr_par' dir='ltr' id='par_1_30' title="bbox 474 1677 2043 1752">
     <span class='ocr_line' id='line_1_30' title="bbox 474 1677 2043 1752; baseline -0.015 0"><span class='ocrx_word' id='word_1_207' title='bbox 474 1699 575 1752; x_wconf 88' lang='lat' dir='ltr'><strong>tiet</strong></span> <span class='ocrx_word' id='word_1_208' title='bbox 629 1695 696 1750; x_wconf 92' lang='lat' dir='ltr'><strong>de</strong></span> <span class='ocrx_word' id='word_1_209' title='bbox 754 1706 966 1748; x_wconf 91' lang='lat' dir='ltr'><strong>summo</strong></span> <span class='ocrx_word' id='word_1_210' title='bbox 1031 1691 1173 1744; x_wconf 87' lang='lat' dir='ltr'><strong>bono</strong></span> <span class='ocrx_word' id='word_1_211' title='bbox 1247 1687 1397 1741; x_wconf 83' lang='lat' dir='ltr'><strong>Plato</strong></span> <span class='ocrx_word' id='word_1_212' title='bbox 1454 1681 1727 1738; x_wconf 77' lang='lat' dir='ltr'><strong>Aristonis</strong></span> <span class='ocrx_word' id='word_1_213' title='bbox 1789 1680 1928 1733; x_wconf 84' lang='lat' dir='ltr'><strong>tilius</strong></span> <span class='ocrx_word' id='word_1_214' title='bbox 1987 1677 2043 1730; x_wconf 90' lang='lat' dir='ltr'><strong>in</strong></span> 
     </span>
    </p>
   </div>
   <div class='ocr_carea' id='block_1_31' title="bbox 2147 1677 3723 1759">
    <p class='ocr_par' dir='ltr' id='par_1_31' title="bbox 2147 1683 3723 1759">
     <span class='ocr_line' id='line_1_31' title="bbox 2147 1683 3723 1759; baseline -0.002 -15"><span class='ocrx_word' id='word_1_215' title='bbox 2147 1683 2242 1744; x_wconf 68' lang='grc' dir='ltr'>αὖ</span> <span class='ocrx_word' id='word_1_216' title='bbox 2269 1684 2614 1759; x_wconf 72' lang='grc' dir='ltr'>Ἀρίστωνος,</span> <span class='ocrx_word' id='word_1_217' title='bbox 2632 1686 2698 1739; x_wconf 80' lang='grc' dir='ltr'>τὰ</span> <span class='ocrx_word' id='word_1_218' title='bbox 2715 1686 2842 1759; x_wconf 75' lang='grc' dir='ltr'>περὶ</span> <span class='ocrx_word' id='word_1_219' title='bbox 2864 1686 2956 1739; x_wconf 86' lang='grc' dir='ltr'><strong>τοῦ</strong></span> <span class='ocrx_word' id='word_1_220' title='bbox 2982 1684 3194 1757; x_wconf 85' lang='grc' dir='ltr'>πρώτου</span> <span class='ocrx_word' id='word_1_221' title='bbox 3221 1687 3424 1755; x_wconf 85' lang='grc' dir='ltr'>ἀγαθοῦ</span> <span class='ocrx_word' id='word_1_222' title='bbox 3441 1687 3723 1758; x_wconf 83' lang='grc' dir='ltr'>διασημαι-</span> 
     </span>
    </p>
   </div>
   <div class='ocr_carea' id='block_1_32' title="bbox 476 1745 2116 1853">
    <p class='ocr_par' dir='ltr' id='par_1_32' title="bbox 476 1745 2116 1853">
     <span class='ocr_line' id='line_1_32' title="bbox 476 1745 2116 1853; baseline -0.012 -14"><span class='ocrx_word' id='word_1_223' title='bbox 476 1745 585 1839; x_wconf 57' lang='lat' dir='ltr'><strong>iii;</strong></span> <span class='ocrx_word' id='word_1_224' title='bbox 634 1745 878 1853; x_wconf 60' lang='lat' dir='ltr'><strong>quadam</strong></span> <span class='ocrx_word' id='word_1_225' title='bbox 935 1745 967 1835; x_wconf 62' lang='grc' dir='ltr'><strong>ε</strong></span> <span class='ocrx_word' id='word_1_226' title='bbox 1023 1778 1135 1831; x_wconf 91' lang='lat' dir='ltr'><strong>suis</strong></span> <span class='ocrx_word' id='word_1_227' title='bbox 1198 1774 1441 1845; x_wconf 77' lang='lat' dir='ltr'><strong>epistolis</strong></span> <span class='ocrx_word' id='word_1_228' title='bbox 1474 1815 1494 1845; x_wconf 90' lang='lat'><strong>,</strong></span> <span class='ocrx_word' id='word_1_229' title='bbox 1552 1790 1577 1829; x_wconf 76' lang='grc' dir='ltr'><strong>ι</strong></span> <span class='ocrx_word' id='word_1_230' title='bbox 1641 1769 1820 1826; x_wconf 79' lang='lat' dir='ltr'><strong>verbis</strong></span> <span class='ocrx_word' id='word_1_231' title='bbox 1878 1767 2037 1837; x_wconf 73' lang='lat'><strong>631</strong></span> <span class='ocrx_word' id='word_1_232' title='bbox 2074 1745 2116 1804; x_wconf 83' lang='grc' dir='ltr'><strong><em>Β</em></strong></span> 
     </span>
    </p>
   </div>
   <div class='ocr_carea' id='block_1_33' title="bbox 476 1860 2043 1936">
    <p class='ocr_par' dir='ltr' id='par_1_33' title="bbox 476 1860 2043 1936">
     <span class='ocr_line' id='line_1_33' title="bbox 476 1860 2043 1936; baseline -0.005 -13"><span class='ocrx_word' id='word_1_233' title='bbox 476 1867 858 1936; x_wconf 88' lang='lat' dir='ltr'><strong>comprehendi</strong></span> <span class='ocrx_word' id='word_1_234' title='bbox 886 1881 989 1919; x_wconf 89' lang='lat' dir='ltr'><strong>non</strong></span> <span class='ocrx_word' id='word_1_235' title='bbox 1039 1879 1195 1932; x_wconf 90' lang='lat' dir='ltr'><strong>posse</strong></span> <span class='ocrx_word' id='word_1_236' title='bbox 1245 1876 1514 1918; x_wconf 90' lang='lat' dir='ltr'><strong>summum</strong></span> <span class='ocrx_word' id='word_1_237' title='bbox 1569 1860 1796 1928; x_wconf 89' lang='lat' dir='ltr'><strong>bonum,</strong></span> <span class='ocrx_word' id='word_1_238' title='bbox 1829 1862 1922 1917; x_wconf 89' lang='lat' dir='ltr'><strong>sed</strong></span> <span class='ocrx_word' id='word_1_239' title='bbox 1979 1877 2043 1916; x_wconf 84' lang='lat' dir='ltr'><strong>ex</strong></span> 
     </span>
    </p>
   </div>
   <div class='ocr_carea' id='block_1_34' title="bbox 477 1953 2043 2032">
    <p class='ocr_par' dir='ltr' id='par_1_34' title="bbox 477 1953 2043 2032">
     <span class='ocr_line' id='line_1_34' title="bbox 477 1953 2043 2032; baseline -0.007 -15"><span class='ocrx_word' id='word_1_240' title='bbox 477 1961 753 2032; x_wconf 83' lang='lat' dir='ltr'><strong>frequenti</strong></span> <span class='ocrx_word' id='word_1_241' title='bbox 789 1957 1186 2015; x_wconf 89' lang='lat' dir='ltr'><strong>consuetudine</strong></span> <span class='ocrx_word' id='word_1_242' title='bbox 1235 1956 1414 2010; x_wconf 84' lang='lat' dir='ltr'><strong>subito</strong></span> <span class='ocrx_word' id='word_1_243' title='bbox 1473 1957 1604 2013; x_wconf 91' lang='lat' dir='ltr'><strong>illud</strong></span> <span class='ocrx_word' id='word_1_244' title='bbox 1655 1957 1709 2010; x_wconf 91' lang='lat' dir='ltr'><strong>in</strong></span> <span class='ocrx_word' id='word_1_245' title='bbox 1735 1958 1916 2009; x_wconf 84' lang='lat' dir='ltr'><strong>anima</strong></span> <span class='ocrx_word' id='word_1_246' title='bbox 1958 1953 2043 2007; x_wconf 87' lang='lat' dir='ltr'><strong>iu-</strong></span> 
     </span>
    </p>
   </div>
   <div class='ocr_carea' id='block_1_35' title="bbox 474 2046 2044 2119">
    <p class='ocr_par' dir='ltr' id='par_1_35' title="bbox 474 2046 2044 2119">
     <span class='ocr_line' id='line_1_35' title="bbox 474 2046 2044 2119; baseline -0.007 -10"><span class='ocrx_word' id='word_1_247' title='bbox 474 2052 768 2115; x_wconf 82' lang='lat' dir='ltr'><strong>ﬂammari,</strong></span> <span class='ocrx_word' id='word_1_248' title='bbox 794 2060 852 2104; x_wconf 92' lang='lat' dir='ltr'><strong>ut</strong></span> <span class='ocrx_word' id='word_1_249' title='bbox 883 2065 947 2104; x_wconf 83' lang='lat' dir='ltr'><strong>ex</strong></span> <span class='ocrx_word' id='word_1_250' title='bbox 979 2049 1100 2119; x_wconf 85' lang='lat' dir='ltr'><strong>igne</strong></span> <span class='ocrx_word' id='word_1_251' title='bbox 1129 2047 1389 2100; x_wconf 69' lang='lat' dir='ltr'><strong>lumen&quot;.</strong></span> <span class='ocrx_word' id='word_1_252' title='bbox 1429 2067 1447 2100; x_wconf 77' lang='grc' dir='ltr'><strong>ι</strong></span> <span class='ocrx_word' id='word_1_253' title='bbox 1489 2046 1544 2102; x_wconf 89' lang='lat' dir='ltr'><strong>id</strong></span> <span class='ocrx_word' id='word_1_254' title='bbox 1579 2047 1803 2116; x_wconf 89' lang='lat' dir='ltr'><strong>pulchre</strong></span> <span class='ocrx_word' id='word_1_255' title='bbox 1841 2047 2044 2098; x_wconf 91' lang='lat' dir='ltr'><strong>dictum</strong></span> 
     </span>
    </p>
   </div>
   <div class='ocr_carea' id='block_1_36' title="bbox 474 2137 2046 2207">
    <p class='ocr_par' dir='ltr' id='par_1_36' title="bbox 474 2137 2046 2207">
     <span class='ocr_line' id='line_1_36' title="bbox 474 2137 2046 2207; baseline -0.006 -7"><span class='ocrx_word' id='word_1_256' title='bbox 474 2145 731 2200; x_wconf 73' lang='lat' dir='ltr'><strong>fatemur.</strong></span> <span class='ocrx_word' id='word_1_257' title='bbox 767 2160 786 2194; x_wconf 87' lang='grc'><strong>‹</strong></span> <span class='ocrx_word' id='word_1_258' title='bbox 824 2142 966 2196; x_wconf 90' lang='lat' dir='ltr'><strong>Deus</strong></span> <span class='ocrx_word' id='word_1_259' title='bbox 996 2142 1139 2195; x_wconf 90' lang='lat' dir='ltr'><strong>enim</strong></span> <span class='ocrx_word' id='word_1_260' title='bbox 1187 2159 1205 2191; x_wconf 73' lang='grc' dir='ltr'><strong>ι</strong></span> <span class='ocrx_word' id='word_1_261' title='bbox 1246 2139 1380 2203; x_wconf 70' lang='lat' dir='ltr'><strong>haec,</strong></span> <span class='ocrx_word' id='word_1_262' title='bbox 1414 2147 1469 2193; x_wconf 87' lang='lat' dir='ltr'><strong>et</strong></span> <span class='ocrx_word' id='word_1_263' title='bbox 1519 2147 1783 2207; x_wconf 87' lang='lat' dir='ltr'><strong>quotquot</strong></span> <span class='ocrx_word' id='word_1_264' title='bbox 1825 2137 2046 2207; x_wconf 87' lang='lat' dir='ltr'><strong>pulchre</strong></span> 
     </span>
    </p>
   </div>
   <div class='ocr_carea' id='block_1_37' title="bbox 476 2229 2043 2296">
    <p class='ocr_par' dir='ltr' id='par_1_37' title="bbox 476 2229 2043 2296">
     <span class='ocr_line' id='line_1_37' title="bbox 476 2229 2043 2296; baseline -0.005 -8"><span class='ocrx_word' id='word_1_265' title='bbox 476 2237 620 2289; x_wconf 87' lang='lat' dir='ltr'><strong>dicta</strong></span> <span class='ocrx_word' id='word_1_266' title='bbox 649 2242 797 2296; x_wconf 90' lang='lat' dir='ltr'><strong>sunt,</strong></span> <span class='ocrx_word' id='word_1_267' title='bbox 821 2251 838 2282; x_wconf 86' lang='grc'><strong><em>‹</em></strong></span> <span class='ocrx_word' id='word_1_268' title='bbox 867 2232 976 2285; x_wconf 91' lang='lat' dir='ltr'><strong>illis</strong></span> <span class='ocrx_word' id='word_1_269' title='bbox 1007 2229 1371 2284; x_wconf 77' lang='lat' dir='ltr'><strong>manifestam</strong></span> <span class='ocrx_word' id='word_1_270' title='bbox 1392 2231 1458 2281; x_wconf 74' lang='lat'><strong>7°.</strong></span> <span class='ocrx_word' id='word_1_271' title='bbox 1493 2247 1512 2280; x_wconf 87' lang='grc'><strong>›</strong></span> <span class='ocrx_word' id='word_1_272' title='bbox 1535 2229 1705 2295; x_wconf 88' lang='lat' dir='ltr'><strong>Quam</strong></span> <span class='ocrx_word' id='word_1_273' title='bbox 1732 2229 1800 2282; x_wconf 92' lang='lat' dir='ltr'><strong>ob</strong></span> <span class='ocrx_word' id='word_1_274' title='bbox 1824 2243 2043 2282; x_wconf 86' lang='lat' dir='ltr'><strong>causam</strong></span> 
     </span>
    </p>
   </div>
   <div class='ocr_carea' id='block_1_38' title="bbox 475 2318 2042 2392">
    <p class='ocr_par' dir='ltr' id='par_1_38' title="bbox 475 2318 2042 2392">
     <span class='ocr_line' id='line_1_38' title="bbox 475 2318 2042 2392; baseline -0.007 -11"><span class='ocrx_word' id='word_1_275' title='bbox 475 2327 708 2381; x_wconf 88' lang='lat' dir='ltr'><strong>dicimus</strong></span> <span class='ocrx_word' id='word_1_276' title='bbox 737 2338 851 2387; x_wconf 85' lang='lat' dir='ltr'><strong>eos,</strong></span> <span class='ocrx_word' id='word_1_277' title='bbox 883 2323 972 2392; x_wconf 91' lang='lat' dir='ltr'><strong>qui</strong></span> <span class='ocrx_word' id='word_1_278' title='bbox 1007 2321 1288 2375; x_wconf 85' lang='lat' dir='ltr'><strong>veritatem</strong></span> <span class='ocrx_word' id='word_1_279' title='bbox 1313 2319 1379 2374; x_wconf 90' lang='lat' dir='ltr'><strong>de</strong></span> <span class='ocrx_word' id='word_1_280' title='bbox 1397 2319 1506 2373; x_wconf 90' lang='lat' dir='ltr'><strong>Deo</strong></span> <span class='ocrx_word' id='word_1_281' title='bbox 1533 2319 1794 2386; x_wconf 88' lang='lat' dir='ltr'><strong>assecuti,</strong></span> <span class='ocrx_word' id='word_1_282' title='bbox 1827 2318 2042 2387; x_wconf 83' lang='lat' dir='ltr'><strong>dignam</strong></span> 
     </span>
    </p>
   </div>
   <div class='ocr_carea' id='block_1_39' title="bbox 473 2409 2044 2481">
    <p class='ocr_par' dir='ltr' id='par_1_39' title="bbox 473 2409 2044 2481">
     <span class='ocr_line' id='line_1_39' title="bbox 473 2409 2044 2481; baseline -0.006 -9"><span class='ocrx_word' id='word_1_283' title='bbox 473 2419 580 2472; x_wconf 86' lang='lat' dir='ltr'><strong>hac</strong></span> <span class='ocrx_word' id='word_1_284' title='bbox 607 2417 837 2470; x_wconf 84' lang='lat' dir='ltr'><strong>veritate</strong></span> <span class='ocrx_word' id='word_1_285' title='bbox 865 2413 1182 2481; x_wconf 82' lang='lat' dir='ltr'><strong>religionem</strong></span> <span class='ocrx_word' id='word_1_286' title='bbox 1217 2425 1323 2463; x_wconf 88' lang='lat' dir='ltr'><strong>non</strong></span> <span class='ocrx_word' id='word_1_287' title='bbox 1356 2409 1567 2474; x_wconf 92' lang='lat' dir='ltr'><strong>colunt,</strong></span> <span class='ocrx_word' id='word_1_288' title='bbox 1590 2424 1709 2463; x_wconf 90' lang='lat' dir='ltr'><strong>reos</strong></span> <span class='ocrx_word' id='word_1_289' title='bbox 1735 2425 1853 2463; x_wconf 76' lang='lat' dir='ltr'><strong>esse</strong></span> <span class='ocrx_word' id='word_1_290' title='bbox 1874 2425 2044 2478; x_wconf 74' lang='lat' dir='ltr'><strong>poena:</strong></span> 
     </span>
    </p>
   </div>
   <div class='ocr_carea' id='block_1_40' title="bbox 473 2503 2046 2580">
    <p class='ocr_par' dir='ltr' id='par_1_40' title="bbox 473 2503 2046 2580">
     <span class='ocr_line' id='line_1_40' title="bbox 473 2503 2046 2580; baseline -0.006 -15"><span class='ocrx_word' id='word_1_291' title='bbox 473 2526 596 2580; x_wconf 66' lang='lat' dir='ltr'><strong>qua:</strong></span> <span class='ocrx_word' id='word_1_292' title='bbox 645 2518 935 2578; x_wconf 80' lang='lat' dir='ltr'><strong>peccantes</strong></span> <span class='ocrx_word' id='word_1_293' title='bbox 977 2513 1183 2559; x_wconf 88' lang='lat' dir='ltr'><strong>manet.</strong></span> <span class='ocrx_word' id='word_1_294' title='bbox 1215 2503 1291 2558; x_wconf 89' lang='lat' dir='ltr'><strong>De</strong></span> <span class='ocrx_word' id='word_1_295' title='bbox 1324 2503 1406 2558; x_wconf 90' lang='lat' dir='ltr'><strong>his</strong></span> <span class='ocrx_word' id='word_1_296' title='bbox 1442 2504 1585 2558; x_wconf 90' lang='lat' dir='ltr'><strong>enim</strong></span> <span class='ocrx_word' id='word_1_297' title='bbox 1626 2505 1704 2557; x_wconf 91' lang='lat' dir='ltr'><strong>sic</strong></span> <span class='ocrx_word' id='word_1_298' title='bbox 1745 2503 1942 2556; x_wconf 83' lang='lat' dir='ltr'><strong>Paulus</strong></span> <span class='ocrx_word' id='word_1_299' title='bbox 1967 2504 2046 2558; x_wconf 83' lang='lat' dir='ltr'><strong>di-</strong></span> 
     </span>
    </p>
   </div>
   <div class='ocr_carea' id='block_1_41' title="bbox 473 2593 2042 2656">
    <p class='ocr_par' dir='ltr' id='par_1_41' title="bbox 473 2593 2042 2656">
     <span class='ocr_line' id='line_1_41' title="bbox 473 2593 2042 2656; baseline -0.005 0"><span class='ocrx_word' id='word_1_300' title='bbox 473 2602 636 2656; x_wconf 89' lang='lat' dir='ltr'><strong>sertis</strong></span> <span class='ocrx_word' id='word_1_301' title='bbox 687 2600 866 2654; x_wconf 85' lang='lat' dir='ltr'><strong>verbis</strong></span> <span class='ocrx_word' id='word_1_302' title='bbox 902 2598 1023 2651; x_wconf 89' lang='lat' dir='ltr'><strong>ait:</strong></span> <span class='ocrx_word' id='word_1_303' title='bbox 1068 2613 1086 2647; x_wconf 81' lang='grc' dir='ltr'><strong>ι</strong></span> <span class='ocrx_word' id='word_1_304' title='bbox 1138 2593 1426 2649; x_wconf 76' lang='lat' dir='ltr'><strong>Revelatur</strong></span> <span class='ocrx_word' id='word_1_305' title='bbox 1489 2595 1567 2648; x_wconf 90' lang='lat' dir='ltr'><strong>ira</strong></span> <span class='ocrx_word' id='word_1_306' title='bbox 1627 2595 1717 2648; x_wconf 90' lang='lat' dir='ltr'><strong>Dei</strong></span> <span class='ocrx_word' id='word_1_307' title='bbox 1785 2595 1850 2648; x_wconf 91' lang='lat' dir='ltr'><strong>dc</strong></span> <span class='ocrx_word' id='word_1_308' title='bbox 1902 2594 2042 2648; x_wconf 73' lang='lat' dir='ltr'><strong>cmlo</strong></span> 
     </span>
    </p>
   </div>
   <div class='ocr_carea' id='block_1_42' title="bbox 474 2685 2043 2761">
    <p class='ocr_par' dir='ltr' id='par_1_42' title="bbox 474 2685 2043 2761">
     <span class='ocr_line' id='line_1_42' title="bbox 474 2685 2043 2761; baseline -0.004 -13"><span class='ocrx_word' id='word_1_309' title='bbox 474 2707 640 2761; x_wconf 80' lang='lat' dir='ltr'><strong>super</strong></span> <span class='ocrx_word' id='word_1_310' title='bbox 660 2705 873 2744; x_wconf 91' lang='lat' dir='ltr'><strong>omnem</strong></span> <span class='ocrx_word' id='word_1_311' title='bbox 901 2688 1237 2756; x_wconf 87' lang='lat' dir='ltr'><strong>impietatem</strong></span> <span class='ocrx_word' id='word_1_312' title='bbox 1289 2695 1343 2739; x_wconf 92' lang='lat' dir='ltr'><strong>et</strong></span> <span class='ocrx_word' id='word_1_313' title='bbox 1394 2685 1718 2755; x_wconf 85' lang='lat' dir='ltr'><strong>injustitiam</strong></span> <span class='ocrx_word' id='word_1_314' title='bbox 1767 2687 2043 2741; x_wconf 91' lang='lat' dir='ltr'><strong>hominum</strong></span> 
     </span>
    </p>
   </div>
   <div class='ocr_carea' id='block_1_43' title="bbox 475 2775 2043 2852">
    <p class='ocr_par' dir='ltr' id='par_1_43' title="bbox 475 2775 2043 2852">
     <span class='ocr_line' id='line_1_43' title="bbox 475 2775 2043 2852; baseline -0.004 -16"><span class='ocrx_word' id='word_1_315' title='bbox 475 2799 664 2838; x_wconf 87' lang='lat' dir='ltr'><strong>eorum</strong></span> <span class='ocrx_word' id='word_1_316' title='bbox 718 2782 809 2852; x_wconf 87' lang='lat' dir='ltr'><strong>qui</strong></span> <span class='ocrx_word' id='word_1_317' title='bbox 867 2780 1149 2834; x_wconf 84' lang='lat' dir='ltr'><strong>veritatem</strong></span> <span class='ocrx_word' id='word_1_318' title='bbox 1205 2776 1298 2830; x_wconf 93' lang='lat' dir='ltr'><strong>Dei</strong></span> <span class='ocrx_word' id='word_1_319' title='bbox 1347 2775 1397 2829; x_wconf 92' lang='lat' dir='ltr'><strong>in</strong></span> <span class='ocrx_word' id='word_1_320' title='bbox 1455 2777 1718 2844; x_wconf 87' lang='lat' dir='ltr'><strong>injustitia</strong></span> <span class='ocrx_word' id='word_1_321' title='bbox 1779 2779 2043 2841; x_wconf 88' lang='lat' dir='ltr'><strong>detinent,</strong></span> 
     </span>
    </p>
   </div>
   <div class='ocr_carea' id='block_1_44' title="bbox 475 2867 2040 2946">
    <p class='ocr_par' dir='ltr' id='par_1_44' title="bbox 475 2867 2040 2946">
     <span class='ocr_line' id='line_1_44' title="bbox 475 2867 2040 2946; baseline -0.007 -16"><span class='ocrx_word' id='word_1_322' title='bbox 475 2879 600 2944; x_wconf 86' lang='lat' dir='ltr'><strong>quia</strong></span> <span class='ocrx_word' id='word_1_323' title='bbox 630 2874 772 2946; x_wconf 91' lang='lat' dir='ltr'><strong>quod</strong></span> <span class='ocrx_word' id='word_1_324' title='bbox 803 2881 985 2926; x_wconf 89' lang='lat' dir='ltr'><strong>notum</strong></span> <span class='ocrx_word' id='word_1_325' title='bbox 1033 2880 1119 2925; x_wconf 89' lang='lat' dir='ltr'><strong>est</strong></span> <span class='ocrx_word' id='word_1_326' title='bbox 1164 2870 1283 2932; x_wconf 81' lang='lat' dir='ltr'><strong>Dei,</strong></span> <span class='ocrx_word' id='word_1_327' title='bbox 1313 2869 1662 2923; x_wconf 77' lang='lat' dir='ltr'><strong>manifestum</strong></span> <span class='ocrx_word' id='word_1_328' title='bbox 1716 2879 1801 2922; x_wconf 91' lang='lat' dir='ltr'><strong>est</strong></span> <span class='ocrx_word' id='word_1_329' title='bbox 1831 2869 1881 2922; x_wconf 92' lang='lat' dir='ltr'><strong>in</strong></span> <span class='ocrx_word' id='word_1_330' title='bbox 1916 2867 2040 2932; x_wconf 88' lang='lat' dir='ltr'><strong>illis,</strong></span> 
     </span>
    </p>
   </div>
   <div class='ocr_carea' id='block_1_45' title="bbox 475 2957 2045 3025">
    <p class='ocr_par' dir='ltr' id='par_1_45' title="bbox 475 2957 2045 3025">
     <span class='ocr_line' id='line_1_45' title="bbox 475 2957 2045 3025; baseline -0.006 -5"><span class='ocrx_word' id='word_1_331' title='bbox 475 2967 618 3020; x_wconf 85' lang='lat' dir='ltr'><strong>Deus</strong></span> <span class='ocrx_word' id='word_1_332' title='bbox 647 2967 791 3018; x_wconf 75' lang='lat' dir='ltr'><strong>enim</strong></span> <span class='ocrx_word' id='word_1_333' title='bbox 833 2962 938 3016; x_wconf 87' lang='lat' dir='ltr'><strong>illis</strong></span> <span class='ocrx_word' id='word_1_334' title='bbox 966 2959 1350 3015; x_wconf 79' lang='lat' dir='ltr'><strong>manifestavit.</strong></span> <span class='ocrx_word' id='word_1_335' title='bbox 1381 2958 1675 3012; x_wconf 90' lang='lat' dir='ltr'><strong>lnvisibilia</strong></span> <span class='ocrx_word' id='word_1_336' title='bbox 1709 2959 1850 3011; x_wconf 86' lang='lat' dir='ltr'><strong>enim</strong></span> <span class='ocrx_word' id='word_1_337' title='bbox 1880 2957 2045 3025; x_wconf 86' lang='lat' dir='ltr'><strong>ipsius</strong></span> 
     </span>
    </p>
   </div>
   <div class='ocr_carea' id='block_1_46' title="bbox 477 3049 2038 3119">
    <p class='ocr_par' dir='ltr' id='par_1_46' title="bbox 477 3049 2038 3119">
     <span class='ocr_line' id='line_1_46' title="bbox 477 3049 2038 3119; baseline -0.001 -15"><span class='ocrx_word' id='word_1_338' title='bbox 477 3073 506 3110; x_wconf 83' lang='lat' dir='ltr'><strong>a</strong></span> <span class='ocrx_word' id='word_1_339' title='bbox 561 3063 807 3110; x_wconf 74' lang='lat' dir='ltr'><strong>ere-itura</strong></span> <span class='ocrx_word' id='word_1_340' title='bbox 868 3052 1051 3105; x_wconf 91' lang='lat' dir='ltr'><strong>mundi</strong></span> <span class='ocrx_word' id='word_1_341' title='bbox 1078 3066 1172 3119; x_wconf 90' lang='lat' dir='ltr'><strong>per</strong></span> <span class='ocrx_word' id='word_1_342' title='bbox 1205 3065 1268 3104; x_wconf 93' lang='lat' dir='ltr'><strong>ea</strong></span> <span class='ocrx_word' id='word_1_343' title='bbox 1301 3065 1417 3118; x_wconf 64' lang='lat' dir='ltr'><strong>quae</strong></span> <span class='ocrx_word' id='word_1_344' title='bbox 1448 3050 1591 3103; x_wconf 82' lang='lat' dir='ltr'><strong>facta</strong></span> <span class='ocrx_word' id='word_1_345' title='bbox 1615 3057 1740 3103; x_wconf 91' lang='lat' dir='ltr'><strong>sunt</strong></span> <span class='ocrx_word' id='word_1_346' title='bbox 1767 3049 2038 3102; x_wconf 67' lang='lat' dir='ltr'><strong>intellecta</strong></span> 
     </span>
    </p>
   </div>
   <div class='ocr_carea' id='block_1_47' title="bbox 475 3140 2043 3214">
    <p class='ocr_par' dir='ltr' id='par_1_47' title="bbox 475 3140 2043 3214">
     <span class='ocr_line' id='line_1_47' title="bbox 475 3140 2043 3214; baseline -0.007 -11"><span class='ocrx_word' id='word_1_347' title='bbox 475 3144 918 3214; x_wconf 74' lang='lat' dir='ltr'><strong>conspiciuntur;</strong></span> <span class='ocrx_word' id='word_1_348' title='bbox 971 3142 1297 3210; x_wconf 88' lang='lat' dir='ltr'><strong>sempiterna</strong></span> <span class='ocrx_word' id='word_1_349' title='bbox 1353 3154 1567 3209; x_wconf 88' lang='lat' dir='ltr'><strong>quoque</strong></span> <span class='ocrx_word' id='word_1_350' title='bbox 1615 3140 1732 3208; x_wconf 86' lang='lat' dir='ltr'><strong>ejus</strong></span> <span class='ocrx_word' id='word_1_351' title='bbox 1779 3140 1950 3193; x_wconf 88' lang='lat' dir='ltr'><strong>virtus</strong></span> <span class='ocrx_word' id='word_1_352' title='bbox 1990 3148 2043 3194; x_wconf 92' lang='lat' dir='ltr'><strong>et</strong></span> 
     </span>
    </p>
   </div>
   <div class='ocr_carea' id='block_1_48' title="bbox 477 3229 2042 3297">
    <p class='ocr_par' dir='ltr' id='par_1_48' title="bbox 477 3229 2042 3297">
     <span class='ocr_line' id='line_1_48' title="bbox 477 3229 2042 3297; baseline -0.005 -7"><span class='ocrx_word' id='word_1_353' title='bbox 477 3235 758 3297; x_wconf 84' lang='lat' dir='ltr'><strong>divinitas,</strong></span> <span class='ocrx_word' id='word_1_354' title='bbox 798 3233 871 3286; x_wconf 88' lang='lat' dir='ltr'><strong>ita</strong></span> <span class='ocrx_word' id='word_1_355' title='bbox 900 3239 958 3284; x_wconf 90' lang='lat' dir='ltr'><strong>ut</strong></span> <span class='ocrx_word' id='word_1_356' title='bbox 1000 3232 1116 3284; x_wconf 86' lang='lat' dir='ltr'><strong>sint</strong></span> <span class='ocrx_word' id='word_1_357' title='bbox 1158 3229 1592 3293; x_wconf 85' lang='lat' dir='ltr'><strong>inexcusabiles;</strong></span> <span class='ocrx_word' id='word_1_358' title='bbox 1626 3229 1751 3297; x_wconf 85' lang='lat' dir='ltr'><strong>quia</strong></span> <span class='ocrx_word' id='word_1_359' title='bbox 1775 3244 1896 3282; x_wconf 90' lang='lat' dir='ltr'><strong>cum</strong></span> <span class='ocrx_word' id='word_1_360' title='bbox 1948 3244 2042 3283; x_wconf 89' lang='lat' dir='ltr'><strong>co-</strong></span> 
     </span>
    </p>
   </div>
   <div class='ocr_carea' id='block_1_49' title="bbox 476 3319 2041 3400">
    <p class='ocr_par' dir='ltr' id='par_1_49' title="bbox 476 3319 2041 3400">
     <span class='ocr_line' id='line_1_49' title="bbox 476 3319 2041 3400; baseline -0.006 -18"><span class='ocrx_word' id='word_1_361' title='bbox 476 3327 790 3400; x_wconf 81' lang='lat' dir='ltr'><strong>gnovissent</strong></span> <span class='ocrx_word' id='word_1_362' title='bbox 824 3325 1012 3387; x_wconf 89' lang='lat' dir='ltr'><strong>Deum,</strong></span> <span class='ocrx_word' id='word_1_363' title='bbox 1045 3336 1150 3376; x_wconf 90' lang='lat' dir='ltr'><strong>non</strong></span> <span class='ocrx_word' id='word_1_364' title='bbox 1182 3321 1323 3375; x_wconf 91' lang='lat' dir='ltr'><strong>sicut</strong></span> <span class='ocrx_word' id='word_1_365' title='bbox 1372 3321 1538 3374; x_wconf 91' lang='lat' dir='ltr'><strong>Deum</strong></span> <span class='ocrx_word' id='word_1_366' title='bbox 1585 3319 2041 3389; x_wconf 68' lang='lat' dir='ltr'><strong>gloriﬁcaverunt,</strong></span> 
     </span>
    </p>
   </div>
   <div class='ocr_carea' id='block_1_50' title="bbox 479 3410 2043 3490">
    <p class='ocr_par' dir='ltr' id='par_1_50' title="bbox 479 3410 2043 3490">
     <span class='ocr_line' id='line_1_50' title="bbox 479 3410 2043 3490; baseline -0.006 -16"><span class='ocrx_word' id='word_1_367' title='bbox 479 3429 573 3475; x_wconf 88' lang='lat' dir='ltr'><strong>aut</strong></span> <span class='ocrx_word' id='word_1_368' title='bbox 602 3418 804 3490; x_wconf 81' lang='lat' dir='ltr'><strong>gratias</strong></span> <span class='ocrx_word' id='word_1_369' title='bbox 834 3424 1084 3486; x_wconf 84' lang='lat' dir='ltr'><strong>egerunt,</strong></span> <span class='ocrx_word' id='word_1_370' title='bbox 1127 3413 1221 3467; x_wconf 90' lang='lat' dir='ltr'><strong>sed</strong></span> <span class='ocrx_word' id='word_1_371' title='bbox 1265 3421 1601 3467; x_wconf 83' lang='lat' dir='ltr'><strong>evanuerunt</strong></span> <span class='ocrx_word' id='word_1_372' title='bbox 1649 3410 1704 3465; x_wconf 91' lang='lat' dir='ltr'><strong>in</strong></span> <span class='ocrx_word' id='word_1_373' title='bbox 1754 3412 2043 3479; x_wconf 84' lang='lat' dir='ltr'><strong>cogitatio-</strong></span> 
     </span>
    </p>
   </div>
   <div class='ocr_carea' id='block_1_51' title="bbox 479 3501 2040 3574">
    <p class='ocr_par' dir='ltr' id='par_1_51' title="bbox 479 3501 2040 3574">
     <span class='ocr_line' id='line_1_51' title="bbox 479 3501 2040 3574; baseline -0.008 -6"><span class='ocrx_word' id='word_1_374' title='bbox 479 3513 639 3568; x_wconf 91' lang='lat' dir='ltr'><strong>nibus</strong></span> <span class='ocrx_word' id='word_1_375' title='bbox 666 3511 804 3574; x_wconf 90' lang='lat' dir='ltr'><strong>suis,</strong></span> <span class='ocrx_word' id='word_1_376' title='bbox 832 3515 883 3560; x_wconf 88' lang='lat' dir='ltr'><strong>et</strong></span> <span class='ocrx_word' id='word_1_377' title='bbox 914 3508 1261 3561; x_wconf 90' lang='lat' dir='ltr'><strong>obscuratum</strong></span> <span class='ocrx_word' id='word_1_378' title='bbox 1294 3513 1374 3557; x_wconf 90' lang='lat' dir='ltr'><strong>est</strong></span> <span class='ocrx_word' id='word_1_379' title='bbox 1403 3501 1661 3570; x_wconf 81' lang='lat' dir='ltr'><strong>insipiens</strong></span> <span class='ocrx_word' id='word_1_380' title='bbox 1690 3516 1783 3554; x_wconf 89' lang='lat' dir='ltr'><strong>cor</strong></span> <span class='ocrx_word' id='word_1_381' title='bbox 1810 3517 1996 3555; x_wconf 86' lang='lat' dir='ltr'><strong>eorum</strong></span> <span class='ocrx_word' id='word_1_382' title='bbox 2027 3520 2040 3555; x_wconf 89' lang='lat'><strong>:</strong></span> 
     </span>
    </p>
   </div>
   <div class='ocr_carea' id='block_1_52' title="bbox 475 3592 2040 3663">
    <p class='ocr_par' dir='ltr' id='par_1_52' title="bbox 475 3592 2040 3663">
     <span class='ocr_line' id='line_1_52' title="bbox 475 3592 2040 3663; baseline -0.006 -8"><span class='ocrx_word' id='word_1_383' title='bbox 475 3605 716 3658; x_wconf 88' lang='lat' dir='ltr'><strong>dicentes</strong></span> <span class='ocrx_word' id='word_1_384' title='bbox 765 3599 908 3654; x_wconf 89' lang='lat' dir='ltr'><strong>enim</strong></span> <span class='ocrx_word' id='word_1_385' title='bbox 959 3613 1018 3652; x_wconf 89' lang='lat' dir='ltr'><strong>se</strong></span> <span class='ocrx_word' id='word_1_386' title='bbox 1063 3611 1186 3651; x_wconf 90' lang='lat' dir='ltr'><strong>esse</strong></span> <span class='ocrx_word' id='word_1_387' title='bbox 1230 3596 1520 3663; x_wconf 88' lang='lat' dir='ltr'><strong>sapientes,</strong></span> <span class='ocrx_word' id='word_1_388' title='bbox 1552 3592 1702 3646; x_wconf 91' lang='lat' dir='ltr'><strong>stulti</strong></span> <span class='ocrx_word' id='word_1_389' title='bbox 1743 3594 1873 3647; x_wconf 81' lang='lat' dir='ltr'><strong>facti</strong></span> <span class='ocrx_word' id='word_1_390' title='bbox 1897 3601 2040 3646; x_wconf 91' lang='lat' dir='ltr'><strong>sunt.</strong></span> 
     </span>
    </p>
   </div>
   <div class='ocr_carea' id='block_1_53' title="bbox 476 3683 2040 3758">
    <p class='ocr_par' dir='ltr' id='par_1_53' title="bbox 476 3683 2040 3758">
     <span class='ocr_line' id='line_1_53' title="bbox 476 3683 2040 3758; baseline -0.008 -10"><span class='ocrx_word' id='word_1_391' title='bbox 476 3695 544 3748; x_wconf 72' lang='lat' dir='ltr'><strong>Et</strong></span> <span class='ocrx_word' id='word_1_392' title='bbox 571 3698 911 3746; x_wconf 85' lang='lat' dir='ltr'><strong>mutaverunt</strong></span> <span class='ocrx_word' id='word_1_393' title='bbox 937 3688 1162 3758; x_wconf 82' lang='lat' dir='ltr'><strong>gloriam</strong></span> <span class='ocrx_word' id='word_1_394' title='bbox 1201 3684 1624 3753; x_wconf 85' lang='lat' dir='ltr'><strong>incorruptibilis</strong></span> <span class='ocrx_word' id='word_1_395' title='bbox 1655 3683 1745 3737; x_wconf 88' lang='lat' dir='ltr'><strong>Dei</strong></span> <span class='ocrx_word' id='word_1_396' title='bbox 1783 3684 1836 3737; x_wconf 89' lang='lat' dir='ltr'><strong>in</strong></span> <span class='ocrx_word' id='word_1_397' title='bbox 1881 3684 2040 3737; x_wconf 92' lang='lat' dir='ltr'><strong>simi-</strong></span> 
     </span>
    </p>
   </div>
   <div class='ocr_carea' id='block_1_54' title="bbox 479 3770 2042 3847">
    <p class='ocr_par' dir='ltr' id='par_1_54' title="bbox 479 3770 2042 3847">
     <span class='ocr_line' id='line_1_54' title="bbox 479 3770 2042 3847; baseline -0.009 -11"><span class='ocrx_word' id='word_1_398' title='bbox 479 3783 757 3838; x_wconf 87' lang='lat' dir='ltr'><strong>litudinem</strong></span> <span class='ocrx_word' id='word_1_399' title='bbox 806 3778 1054 3847; x_wconf 81' lang='lat' dir='ltr'><strong>imaginis</strong></span> <span class='ocrx_word' id='word_1_400' title='bbox 1102 3773 1471 3844; x_wconf 80' lang='lat' dir='ltr'><strong>corruptibilis</strong></span> <span class='ocrx_word' id='word_1_401' title='bbox 1504 3773 1760 3836; x_wconf 84' lang='lat' dir='ltr'><strong>hominis,</strong></span> <span class='ocrx_word' id='word_1_402' title='bbox 1791 3782 1846 3826; x_wconf 90' lang='lat' dir='ltr'><strong>et</strong></span> <span class='ocrx_word' id='word_1_403' title='bbox 1889 3770 2042 3823; x_wconf 83' lang='lat' dir='ltr'><strong>volu—</strong></span> 
     </span>
    </p>
   </div>
   <div class='ocr_carea' id='block_1_55' title="bbox 479 3863 2044 3939">
    <p class='ocr_par' dir='ltr' id='par_1_55' title="bbox 479 3863 2044 3939">
     <span class='ocr_line' id='line_1_55' title="bbox 479 3863 2044 3939; baseline -0.007 -13"><span class='ocrx_word' id='word_1_404' title='bbox 479 3887 651 3935; x_wconf 86' lang='lat' dir='ltr'><strong>crum,</strong></span> <span class='ocrx_word' id='word_1_405' title='bbox 698 3878 751 3924; x_wconf 85' lang='lat' dir='ltr'><strong>et</strong></span> <span class='ocrx_word' id='word_1_406' title='bbox 803 3868 1234 3939; x_wconf 88' lang='lat' dir='ltr'><strong>quadrupedum,</strong></span> <span class='ocrx_word' id='word_1_407' title='bbox 1281 3873 1336 3918; x_wconf 90' lang='lat' dir='ltr'><strong>et</strong></span> <span class='ocrx_word' id='word_1_408' title='bbox 1369 3865 1700 3932; x_wconf 87' lang='lat' dir='ltr'><strong>serpentium</strong></span> <span class='ocrx_word' id='word_1_409' title='bbox 1719 3863 1788 3932; x_wconf 53' lang='lat'><strong>3°.</strong></span> <span class='ocrx_word' id='word_1_410' title='bbox 1841 3883 1860 3915; x_wconf 72' lang='grc' dir='ltr'><strong>ι</strong></span> <span class='ocrx_word' id='word_1_411' title='bbox 1903 3865 2044 3916; x_wconf 85' lang='lat' dir='ltr'><strong>Con-</strong></span> 
     </span>
    </p>
   </div>
   <div class='ocr_carea' id='block_1_56' title="bbox 477 3956 2038 4030">
    <p class='ocr_par' dir='ltr' id='par_1_56' title="bbox 477 3956 2038 4030">
     <span class='ocr_line' id='line_1_56' title="bbox 477 3956 2038 4030; baseline -0.005 -13"><span class='ocrx_word' id='word_1_412' title='bbox 477 3971 589 4018; x_wconf 82' lang='lat' dir='ltr'><strong>stat</strong></span> <span class='ocrx_word' id='word_1_413' title='bbox 618 3963 778 4030; x_wconf 81' lang='lat' dir='ltr'><strong>igitur</strong></span> <span class='ocrx_word' id='word_1_414' title='bbox 823 3975 887 4014; x_wconf 84' lang='lat' dir='ltr'><strong>ex</strong></span> <span class='ocrx_word' id='word_1_415' title='bbox 934 3959 1136 4013; x_wconf 85' lang='lat' dir='ltr'><strong>nostris</strong></span> <span class='ocrx_word' id='word_1_416' title='bbox 1192 3956 1491 4025; x_wconf 83' lang='lat' dir='ltr'><strong>Scripturis</strong></span> <span class='ocrx_word' id='word_1_417' title='bbox 1537 3971 1630 4009; x_wconf 79' lang='lat' dir='ltr'><strong>eos</strong></span> <span class='ocrx_word' id='word_1_418' title='bbox 1667 3957 1947 4009; x_wconf 90' lang='lat' dir='ltr'><strong>veritatem</strong></span> <span class='ocrx_word' id='word_1_419' title='bbox 1986 3956 2038 4009; x_wconf 89' lang='lat' dir='ltr'><strong>in</strong></span> 
     </span>
    </p>
   </div>
   <div class='ocr_carea' id='block_1_57' title="bbox 482 4048 2037 4125">
    <p class='ocr_par' dir='ltr' id='par_1_57' title="bbox 482 4048 2037 4125">
     <span class='ocr_line' id='line_1_57' title="bbox 482 4048 2037 4125; baseline -0.006 -16"><span class='ocrx_word' id='word_1_420' title='bbox 482 4055 748 4125; x_wconf 85' lang='lat' dir='ltr'><strong>injustitia</strong></span> <span class='ocrx_word' id='word_1_421' title='bbox 807 4051 1070 4114; x_wconf 87' lang='lat' dir='ltr'><strong>detinere,</strong></span> <span class='ocrx_word' id='word_1_422' title='bbox 1107 4050 1195 4118; x_wconf 90' lang='lat' dir='ltr'><strong>qui</strong></span> <span class='ocrx_word' id='word_1_423' title='bbox 1256 4057 1443 4117; x_wconf 89' lang='lat' dir='ltr'><strong>putant</strong></span> <span class='ocrx_word' id='word_1_424' title='bbox 1481 4064 1500 4098; x_wconf 74' lang='grc' dir='ltr'><strong>ι</strong></span> <span class='ocrx_word' id='word_1_425' title='bbox 1535 4062 1803 4100; x_wconf 84' lang='lat' dir='ltr'><strong>summum</strong></span> <span class='ocrx_word' id='word_1_426' title='bbox 1843 4048 2037 4101; x_wconf 85' lang='lat' dir='ltr'><strong>bonum</strong></span> 
     </span>
    </p>
   </div>
   <div class='ocr_carea' id='block_1_58' title="bbox 481 4136 2039 4214">
    <p class='ocr_par' dir='ltr' id='par_1_58' title="bbox 481 4136 2039 4214">
     <span class='ocr_line' id='line_1_58' title="bbox 481 4136 2039 4214; baseline -0.006 -13"><span class='ocrx_word' id='word_1_427' title='bbox 481 4147 660 4202; x_wconf 89' lang='lat' dir='ltr'><strong>verbis</strong></span> <span class='ocrx_word' id='word_1_428' title='bbox 689 4141 1069 4214; x_wconf 90' lang='lat' dir='ltr'><strong>comprehendi</strong></span> <span class='ocrx_word' id='word_1_429' title='bbox 1104 4155 1208 4194; x_wconf 92' lang='lat' dir='ltr'><strong>non</strong></span> <span class='ocrx_word' id='word_1_430' title='bbox 1239 4154 1416 4210; x_wconf 87' lang='lat' dir='ltr'><strong>posse,</strong></span> <span class='ocrx_word' id='word_1_431' title='bbox 1450 4155 1468 4188; x_wconf 69' lang='grc' dir='ltr'><strong>ι</strong></span> <span class='ocrx_word' id='word_1_432' title='bbox 1491 4136 1748 4205; x_wconf 90' lang='lat' dir='ltr'><strong>aiuntque</strong></span> <span class='ocrx_word' id='word_1_433' title='bbox 1776 4137 1903 4192; x_wconf 90' lang='lat' dir='ltr'><strong>illud</strong></span> <span class='ocrx_word' id='word_1_434' title='bbox 1935 4153 2039 4192; x_wconf 70' lang='lat' dir='ltr'><strong>(ex</strong></span> 
     </span>
    </p>
   </div>
   <div class='ocr_carea' id='block_1_59' title="bbox 475 4225 2043 4305">
    <p class='ocr_par' dir='ltr' id='par_1_59' title="bbox 475 4225 2043 4305">
     <span class='ocr_line' id='line_1_59' title="bbox 475 4225 2043 4305; baseline -0.003 -16"><span class='ocrx_word' id='word_1_435' title='bbox 475 4231 748 4305; x_wconf 78' lang='lat' dir='ltr'><strong>Irequeuti</strong></span> <span class='ocrx_word' id='word_1_436' title='bbox 787 4231 1111 4300; x_wconf 89' lang='lat' dir='ltr'><strong>assiduaque</strong></span> <span class='ocrx_word' id='word_1_437' title='bbox 1141 4226 1533 4284; x_wconf 87' lang='lat' dir='ltr'><strong>consuetudine</strong></span> <span class='ocrx_word' id='word_1_438' title='bbox 1565 4225 1744 4281; x_wconf 88' lang='lat' dir='ltr'><strong>subito</strong></span> <span class='ocrx_word' id='word_1_439' title='bbox 1776 4226 1826 4280; x_wconf 92' lang='lat' dir='ltr'><strong>in</strong></span> <span class='ocrx_word' id='word_1_440' title='bbox 1863 4229 2043 4285; x_wconf 89' lang='lat' dir='ltr'><strong>animo</strong></span> 
     </span>
    </p>
   </div>
   <div class='ocr_carea' id='block_1_60' title="bbox 585 4361 1624 4434">
    <p class='ocr_par' dir='ltr' id='par_1_60' title="bbox 585 4361 1624 4434">
     <span class='ocr_line' id='line_1_60' title="bbox 585 4361 1624 4434; baseline -0.013 -7"><span class='ocrx_word' id='word_1_441' title='bbox 585 4372 630 4404; x_wconf 83' lang='grc'><strong>⁷⁷</strong></span> <span class='ocrx_word' id='word_1_442' title='bbox 659 4369 802 4426; x_wconf 87' lang='lat' dir='ltr'><strong>Psal.</strong></span> <span class='ocrx_word' id='word_1_443' title='bbox 828 4383 994 4434; x_wconf 76' lang='lat' dir='ltr'><strong>uvu,</strong></span> <span class='ocrx_word' id='word_1_444' title='bbox 1021 4365 1108 4420; x_wconf 72' lang='grc'>12.</span> <span class='ocrx_word' id='word_1_445' title='bbox 1202 4363 1246 4395; x_wconf 80' lang='grc'><strong>⁷⁸</strong></span> <span class='ocrx_word' id='word_1_446' title='bbox 1269 4361 1432 4429; x_wconf 88' lang='lat' dir='ltr'><strong>Plat.,</strong></span> <span class='ocrx_word' id='word_1_447' title='bbox 1459 4375 1544 4430; x_wconf 89' lang='lat' dir='ltr'><strong>ep.</strong></span> <span class='ocrx_word' id='word_1_448' title='bbox 1569 4361 1624 4414; x_wconf 87' lang='lat'><strong>7.</strong></span> 
     </span>
    </p>
   </div>
   <div class='ocr_carea' id='block_1_61' title="bbox 549 4523 1733 4608">
    <p class='ocr_par' dir='ltr' id='par_1_61' title="bbox 549 4523 1733 4608">
     <span class='ocr_line' id='line_1_61' title="bbox 549 4523 1733 4608; baseline 0 0"><span class='ocrx_word' id='word_1_449' title='bbox 549 4531 661 4608; x_wconf 53' lang='grc' dir='ltr'><strong>(Ψ)</strong></span> <span class='ocrx_word' id='word_1_450' title='bbox 699 4533 761 4608; x_wconf 67' lang='grc' dir='ltr'>Ῑρ</span> <span class='ocrx_word' id='word_1_451' title='bbox 784 4529 1112 4608; x_wconf 51' lang='lat' dir='ltr'><strong>“poscam-</strong></span> <span class='ocrx_word' id='word_1_452' title='bbox 1148 4527 1307 4608; x_wconf 63' lang='lat' dir='ltr'><strong>Pecs!</strong></span> <span class='ocrx_word' id='word_1_453' title='bbox 1333 4523 1733 4608; x_wconf 61' lang='lat' dir='ltr'><strong>in._Ph.&quot;ecalia.-</strong></span> 
     </span>
    </p>
   </div>
   <div class='ocr_carea' id='block_1_62' title="bbox 549 4595 2042 4673">
    <p class='ocr_par' dir='ltr' id='par_1_62' title="bbox 549 4595 2042 4673">
     <span class='ocr_line' id='line_1_62' title="bbox 549 4595 2042 4673; baseline -0.005 -17"><span class='ocrx_word' id='word_1_454' title='bbox 549 4595 662 4673; x_wconf 49' lang='lat'><strong>(89&#39;)</strong></span> <span class='ocrx_word' id='word_1_455' title='bbox 700 4595 913 4673; x_wconf 60' lang='grc' dir='ltr'><strong>Ἡμῶνζξ</strong></span> <span class='ocrx_word' id='word_1_456' title='bbox 941 4597 1253 4673; x_wconf 64' lang='lat' dir='ltr'><strong>liohprellus</strong></span> <span class='ocrx_word' id='word_1_457' title='bbox 1295 4595 1442 4673; x_wconf 71' lang='lat' dir='ltr'><strong>legit,</strong></span> <span class='ocrx_word' id='word_1_458' title='bbox 1475 4597 1629 4673; x_wconf 56' lang='grc' dir='ltr'>ημῖν,</span> <span class='ocrx_word' id='word_1_459' title='bbox 1664 4596 1713 4648; x_wconf 91' lang='lat' dir='ltr'><strong>id</strong></span> <span class='ocrx_word' id='word_1_460' title='bbox 1748 4603 1848 4673; x_wconf 67' lang='lat' dir='ltr'><strong>est.</strong></span> <span class='ocrx_word' id='word_1_461' title='bbox 1888 4613 1915 4673; x_wconf 76' lang='lat'><strong>¢_</strong></span> <span class='ocrx_word' id='word_1_462' title='bbox 1945 4609 2042 4648; x_wconf 83' lang='lat' dir='ltr'><strong>no-</strong></span> 
     </span>
    </p>
   </div>
   <div class='ocr_carea' id='block_1_63' title="bbox 478 4661 2038 4732">
    <p class='ocr_par' dir='ltr' id='par_1_63' title="bbox 478 4661 2038 4732">
     <span class='ocr_line' id='line_1_63' title="bbox 478 4661 2038 4732; baseline -0.004 -7"><span class='ocrx_word' id='word_1_463' title='bbox 478 4661 567 4726; x_wconf 76' lang='lat' dir='ltr'><strong>bis</strong></span> <span class='ocrx_word' id='word_1_464' title='bbox 590 4661 941 4724; x_wconf 74' lang='lat' dir='ltr'><strong>Citrisiiaiiis.</strong></span> <span class='ocrx_word' id='word_1_465' title='bbox 975 4686 993 4717; x_wconf 72' lang='grc' dir='ltr'><strong>ι</strong></span> <span class='ocrx_word' id='word_1_466' title='bbox 1030 4666 1163 4719; x_wconf 85' lang='lat' dir='ltr'><strong>Nam</strong></span> <span class='ocrx_word' id='word_1_467' title='bbox 1196 4665 1246 4716; x_wconf 78' lang='lat' dir='ltr'><strong>oi</strong></span> <span class='ocrx_word' id='word_1_468' title='bbox 1293 4663 1400 4716; x_wconf 85' lang='grc' dir='ltr'><strong>ἀπὸ</strong></span> <span class='ocrx_word' id='word_1_469' title='bbox 1425 4661 1737 4732; x_wconf 73' lang='grc' dir='ltr'>τοῦλόγου,</span> <span class='ocrx_word' id='word_1_470' title='bbox 1770 4665 2038 4730; x_wconf 88' lang='lat' dir='ltr'><strong>absolute,</strong></span> 
     </span>
    </p>
   </div>
   <div class='ocr_carea' id='block_1_64' title="bbox 481 4733 1613 4802">
    <p class='ocr_par' dir='ltr' id='par_1_64' title="bbox 481 4733 1613 4802">
     <span class='ocr_line' id='line_1_64' title="bbox 481 4733 1613 4802; baseline -0.009 -9"><span class='ocrx_word' id='word_1_471' title='bbox 481 4751 608 4793; x_wconf 88' lang='lat' dir='ltr'><strong>sunt</strong></span> <span class='ocrx_word' id='word_1_472' title='bbox 639 4737 954 4799; x_wconf 87' lang='lat' dir='ltr'><strong>Christiani,</strong></span> <span class='ocrx_word' id='word_1_473' title='bbox 990 4745 1048 4788; x_wconf 91' lang='lat' dir='ltr'><strong>ut</strong></span> <span class='ocrx_word' id='word_1_474' title='bbox 1079 4750 1239 4802; x_wconf 87' lang='lat' dir='ltr'><strong>supra</strong></span> <span class='ocrx_word' id='word_1_475' title='bbox 1272 4733 1365 4785; x_wconf 91' lang='lat' dir='ltr'><strong>lib.</strong></span> <span class='ocrx_word' id='word_1_476' title='bbox 1397 4745 1525 4802; x_wconf 47' lang='grc' dir='ltr'>ιλιι.</span> <span class='ocrx_word' id='word_1_477' title='bbox 1560 4734 1613 4784; x_wconf 76' lang='grc'>2.</span> 
     </span>
    </p>
   </div>
   <div class='ocr_carea' id='block_1_65' title="bbox 551 4799 2045 4875">
    <p class='ocr_par' dir='ltr' id='par_1_65' title="bbox 551 4799 2045 4875">
     <span class='ocr_line' id='line_1_65' title="bbox 551 4799 2045 4875; baseline -0.006 -14"><span class='ocrx_word' id='word_1_478' title='bbox 551 4807 662 4875; x_wconf 18' lang='lat'><strong>(81,)</strong></span> <span class='ocrx_word' id='word_1_479' title='bbox 695 4806 761 4859; x_wconf 79' lang='lat' dir='ltr'><strong>at</strong></span> <span class='ocrx_word' id='word_1_480' title='bbox 805 4803 904 4858; x_wconf 83' lang='grc' dir='ltr'>καὶ</span> <span class='ocrx_word' id='word_1_481' title='bbox 933 4799 1254 4875; x_wconf 40' lang='lat' dir='ltr'><strong>eamaior.</strong></span> <span class='ocrx_word' id='word_1_482' title='bbox 1302 4803 1394 4855; x_wconf 79' lang='lat' dir='ltr'><strong>Sic</strong></span> <span class='ocrx_word' id='word_1_483' title='bbox 1429 4801 1750 4875; x_wconf 83' lang='lat' dir='ltr'><strong>Philocalia,</strong></span> <span class='ocrx_word' id='word_1_484' title='bbox 1785 4799 2045 4875; x_wconf 65' lang='lat' dir='ltr'><strong>licesche-</strong></span> 
     </span>
    </p>
   </div>
   <div class='ocr_carea' id='block_1_66' title="bbox 479 4870 2042 4937">
    <p class='ocr_par' dir='ltr' id='par_1_66' title="bbox 479 4870 2042 4937">
     <span class='ocr_line' id='line_1_66' title="bbox 479 4870 2042 4937; baseline -0.004 -9"><span class='ocrx_word' id='word_1_485' title='bbox 479 4870 590 4928; x_wconf 12' lang='lat' dir='ltr'><strong>alius</strong></span> <span class='ocrx_word' id='word_1_486' title='bbox 631 4870 813 4927; x_wconf 75' lang='lat' dir='ltr'><strong>autem</strong></span> <span class='ocrx_word' id='word_1_487' title='bbox 873 4882 928 4925; x_wconf 91' lang='lat' dir='ltr'><strong>et</strong></span> <span class='ocrx_word' id='word_1_488' title='bbox 985 4874 1292 4937; x_wconf 85' lang='lat' dir='ltr'><strong>Spem-erus</strong></span> <span class='ocrx_word' id='word_1_489' title='bbox 1337 4871 1590 4924; x_wconf 84' lang='lat' dir='ltr'><strong>emittunt</strong></span> <span class='ocrx_word' id='word_1_490' title='bbox 1633 4870 1916 4922; x_wconf 83' lang='lat' dir='ltr'><strong>articulum</strong></span> <span class='ocrx_word' id='word_1_491' title='bbox 1971 4871 2042 4925; x_wconf 83' lang='grc' dir='ltr'><strong>οἵ.</strong></span> 
     </span>
    </p>
   </div>
   <div class='ocr_carea' id='block_1_67' title="bbox 481 4937 2046 5011">
    <p class='ocr_par' dir='ltr' id='par_1_67' title="bbox 481 4937 2046 5011">
     <span class='ocr_line' id='line_1_67' title="bbox 481 4937 2046 5011; baseline -0.004 -13"><span class='ocrx_word' id='word_1_492' title='bbox 481 4947 679 4998; x_wconf 81' lang='lat' dir='ltr'><strong>Ibidem</strong></span> <span class='ocrx_word' id='word_1_493' title='bbox 715 4941 1097 5011; x_wconf 73' lang='lat' dir='ltr'><strong>Philoc.,1rpbq</strong></span> <span class='ocrx_word' id='word_1_494' title='bbox 1127 4939 1390 5008; x_wconf 85' lang='grc' dir='ltr'>ὑποδοχὴν</span> <span class='ocrx_word' id='word_1_495' title='bbox 1414 4939 1506 4991; x_wconf 89' lang='grc' dir='ltr'><strong>τοῦ</strong></span> <span class='ocrx_word' id='word_1_496' title='bbox 1533 4937 1696 4991; x_wconf 87' lang='grc' dir='ltr'>καλοῦ</span> <span class='ocrx_word' id='word_1_497' title='bbox 1717 4937 1898 4991; x_wconf 76' lang='grc' dir='ltr'>πολλοὶ</span> <span class='ocrx_word' id='word_1_498' title='bbox 1921 4938 2046 5008; x_wconf 87' lang='grc' dir='ltr'>βελ-</span> 
     </span>
    </p>
   </div>
   <div class='ocr_carea' id='block_1_68' title="bbox 479 5012 914 5066">
    <p class='ocr_par' dir='ltr' id='par_1_68' title="bbox 479 5012 914 5066">
     <span class='ocr_line' id='line_1_68' title="bbox 479 5012 914 5066; baseline -0.011 0"><span class='ocrx_word' id='word_1_499' title='bbox 479 5013 625 5066; x_wconf 79' lang='grc' dir='ltr'>τίους</span> <span class='ocrx_word' id='word_1_500' title='bbox 652 5012 914 5066; x_wconf 76' lang='grc' dir='ltr'>ἐγένοντο.</span> 
     </span>
    </p>
   </div>
   <div class='ocr_carea' id='block_1_69' title="bbox 553 5029 2045 5156">
    <p class='ocr_par' dir='ltr' id='par_1_69' title="bbox 553 5029 2045 5156">
     <span class='ocr_line' id='line_1_69' title="bbox 553 5029 2045 5156; baseline -0.003 -18"><span class='ocrx_word' id='word_1_501' title='bbox 553 5029 1070 5156; x_wconf 53' lang='grc' dir='ltr'>ῗέἒῗγῇνίὲἒξῗίθιίιιε,</span> <span class='ocrx_word' id='word_1_502' title='bbox 1104 5074 1481 5156; x_wconf 80' lang='grc' dir='ltr'>δηλούσθωσαν</span> <span class='ocrx_word' id='word_1_503' title='bbox 1506 5079 1618 5140; x_wconf 84' lang='grc' dir='ltr'>τοῖς</span> <span class='ocrx_word' id='word_1_504' title='bbox 1649 5074 1957 5142; x_wconf 81' lang='grc' dir='ltr'>ὲπιτὰσθαι,</span> <span class='ocrx_word' id='word_1_505' title='bbox 1989 5087 2045 5133; x_wconf 88' lang='lat' dir='ltr'><strong>et</strong></span> 
     </span>
    </p>
   </div>
   <div class='ocr_carea' id='block_1_70' title="bbox 483 5149 1252 5222">
    <p class='ocr_par' dir='ltr' id='par_1_70' title="bbox 483 5149 1252 5222">
     <span class='ocr_line' id='line_1_70' title="bbox 483 5149 1252 5222; baseline -0.017 -14"><span class='ocrx_word' id='word_1_506' title='bbox 483 5155 536 5208; x_wconf 87' lang='lat' dir='ltr'><strong>in</strong></span> <span class='ocrx_word' id='word_1_507' title='bbox 569 5149 832 5222; x_wconf 80' lang='lat' dir='ltr'><strong>margine,</strong></span> <span class='ocrx_word' id='word_1_508' title='bbox 854 5149 1252 5222; x_wconf 61' lang='grc' dir='ltr'>ἐπιτάττεσθαι.</span> 
     </span>
    </p>
   </div>
   <div class='ocr_carea' id='block_1_71' title="bbox 550 5213 2044 5292">
    <p class='ocr_par' dir='ltr' id='par_1_71' title="bbox 550 5213 2044 5292">
     <span class='ocr_line' id='line_1_71' title="bbox 550 5213 2044 5292; baseline 0.017 -46"><span class='ocrx_word' id='word_1_509' title='bbox 550 5225 664 5292; x_wconf 60' lang='grc'><strong>(85)</strong></span> <span class='ocrx_word' id='word_1_510' title='bbox 688 5213 803 5276; x_wconf 69' lang='grc' dir='ltr'><strong>’Ἕν</strong></span> <span class='ocrx_word' id='word_1_511' title='bbox 838 5237 954 5273; x_wconf 80' lang='grc' dir='ltr'><strong>τινι</strong></span> <span class='ocrx_word' id='word_1_512' title='bbox 988 5215 1106 5270; x_wconf 76' lang='grc' dir='ltr'><strong>τῶν</strong></span> <span class='ocrx_word' id='word_1_513' title='bbox 1135 5213 1489 5292; x_wconf 38' lang='lat' dir='ltr'><strong>mmemor.</strong></span> <span class='ocrx_word' id='word_1_514' title='bbox 1525 5213 1675 5267; x_wconf 89' lang='lat' dir='ltr'><strong>Plato</strong></span> <span class='ocrx_word' id='word_1_515' title='bbox 1689 5214 1942 5292; x_wconf 58' lang='lat' dir='ltr'><strong>_ep_ist._&#39;:l,</strong></span> <span class='ocrx_word' id='word_1_516' title='bbox 1976 5218 2044 5292; x_wconf 82' lang='lat' dir='ltr'><strong>ad</strong></span> 
     </span>
    </p>
   </div>
   <div class='ocr_carea' id='block_1_72' title="bbox 485 5283 2040 5364">
    <p class='ocr_par' dir='ltr' id='par_1_72' title="bbox 485 5283 2040 5364">
     <span class='ocr_line' id='line_1_72' title="bbox 485 5283 2040 5364; baseline -0.006 -17"><span class='ocrx_word' id='word_1_517' title='bbox 485 5283 666 5364; x_wconf 80' lang='lat' dir='ltr'><strong>Dionis</strong></span> <span class='ocrx_word' id='word_1_518' title='bbox 696 5292 1044 5364; x_wconf 75' lang='lat' dir='ltr'><strong>propinquos</strong></span> <span class='ocrx_word' id='word_1_519' title='bbox 1095 5294 1150 5340; x_wconf 84' lang='lat' dir='ltr'><strong>el.</strong></span> <span class='ocrx_word' id='word_1_520' title='bbox 1189 5285 1504 5364; x_wconf 57' lang='lat' dir='ltr'><strong>familiares,</strong></span> <span class='ocrx_word' id='word_1_521' title='bbox 1537 5297 1657 5364; x_wconf 66' lang='lat' dir='ltr'><strong>pag.</strong></span> <span class='ocrx_word' id='word_1_522' title='bbox 1688 5283 1785 5337; x_wconf 68' lang='grc'><strong>541</strong></span> <span class='ocrx_word' id='word_1_523' title='bbox 1824 5303 1836 5337; x_wconf 93' lang='lat'><strong>:</strong></span> <span class='ocrx_word' id='word_1_524' title='bbox 1868 5286 2040 5364; x_wconf 77' lang='grc' dir='ltr'>Τοσὸν</span> 
     </span>
    </p>
   </div>
   <div class='ocr_carea' id='block_1_73' title="bbox 479 5352 2044 5434">
    <p class='ocr_par' dir='ltr' id='par_1_73' title="bbox 479 5352 2044 5434">
     <span class='ocr_line' id='line_1_73' title="bbox 479 5352 2044 5434; baseline -0.006 -19"><span class='ocrx_word' id='word_1_525' title='bbox 479 5363 535 5416; x_wconf 85' lang='grc' dir='ltr'><strong>δέ</strong></span> <span class='ocrx_word' id='word_1_526' title='bbox 555 5381 617 5434; x_wconf 85' lang='grc' dir='ltr'><strong>γε</strong></span> <span class='ocrx_word' id='word_1_527' title='bbox 651 5352 753 5434; x_wconf 72' lang='grc' dir='ltr'><strong>μὴν</strong></span> <span class='ocrx_word' id='word_1_528' title='bbox 859 5360 910 5430; x_wconf 65' lang='lat' dir='ltr'><strong>pi</strong></span> <span class='ocrx_word' id='word_1_529' title='bbox 930 5352 1154 5434; x_wconf 71' lang='grc' dir='ltr'>’πάντων</span> <span class='ocrx_word' id='word_1_530' title='bbox 1187 5355 1295 5434; x_wconf 77' lang='grc' dir='ltr'><strong>ἔχω</strong></span> <span class='ocrx_word' id='word_1_531' title='bbox 1312 5352 1534 5434; x_wconf 37' lang='grc' dir='ltr'>φράξειιν</span> <span class='ocrx_word' id='word_1_532' title='bbox 1559 5352 1666 5405; x_wconf 83' lang='grc' dir='ltr'><strong>τῶν</strong></span> <span class='ocrx_word' id='word_1_533' title='bbox 1695 5355 2044 5434; x_wconf 49' lang='grc' dir='ltr'>γεγρταφότων</span> 
     </span>
    </p>
   </div>
   <div class='ocr_carea' id='block_1_74' title="bbox 483 5417 2044 5504">
    <p class='ocr_par' dir='ltr' id='par_1_74' title="bbox 483 5417 2044 5504">
     <span class='ocr_line' id='line_1_74' title="bbox 483 5417 2044 5504; baseline -0.006 -20"><span class='ocrx_word' id='word_1_534' title='bbox 483 5417 578 5486; x_wconf 62' lang='grc' dir='ltr'><strong>καί</strong></span> <span class='ocrx_word' id='word_1_535' title='bbox 619 5417 956 5504; x_wconf 68' lang='grc' dir='ltr'>γ’ράψόντὶυν,</span> <span class='ocrx_word' id='word_1_536' title='bbox 1017 5429 1130 5480; x_wconf 83' lang='grc' dir='ltr'>ὅσοι</span> <span class='ocrx_word' id='word_1_537' title='bbox 1175 5417 1579 5504; x_wconf 54' lang='grc' dir='ltr'>φᾶσὶῇἐίδέναι</span> <span class='ocrx_word' id='word_1_538' title='bbox 1613 5417 2044 5504; x_wconf 31' lang='lat' dir='ltr'><strong>&quot;napi-diametro</strong></span> 
     </span>
    </p>
   </div>
   <div class='ocr_carea' id='block_1_75' title="bbox 485 5491 2044 5569">
    <p class='ocr_par' dir='ltr' id='par_1_75' title="bbox 485 5491 2044 5569">
     <span class='ocr_line' id='line_1_75' title="bbox 485 5491 2044 5569; baseline -0.008 -16"><span class='ocrx_word' id='word_1_539' title='bbox 485 5491 788 5566; x_wconf 76' lang='grc' dir='ltr'>σπουδάςω,</span> <span class='ocrx_word' id='word_1_540' title='bbox 822 5500 916 5552; x_wconf 84' lang='grc' dir='ltr'>εἴτ’</span> <span class='ocrx_word' id='word_1_541' title='bbox 947 5498 1078 5569; x_wconf 76' lang='grc' dir='ltr'>ἐμοῦ</span> <span class='ocrx_word' id='word_1_542' title='bbox 1126 5491 1440 5569; x_wconf 74' lang='grc' dir='ltr'>ἀκηκοότες,</span> <span class='ocrx_word' id='word_1_543' title='bbox 1477 5493 1573 5544; x_wconf 78' lang='grc' dir='ltr'>εἴτ’</span> <span class='ocrx_word' id='word_1_544' title='bbox 1606 5491 1936 5569; x_wconf 42' lang='lat' dir='ltr'><strong>sponsio</strong></span> <span class='ocrx_word' id='word_1_545' title='bbox 1970 5493 2044 5569; x_wconf 75' lang='grc' dir='ltr'>ᾡς</span> 
     </span>
    </p>
   </div>
   <div class='ocr_carea' id='block_1_76' title="bbox 483 5561 2042 5656">
    <p class='ocr_par' dir='ltr' id='par_1_76' title="bbox 483 5561 2042 5656">
     <span class='ocr_line' id='line_1_76' title="bbox 483 5561 2042 5656; baseline -0.006 -34"><span class='ocrx_word' id='word_1_546' title='bbox 483 5561 729 5656; x_wconf 62' lang='grc' dir='ltr'><strong>ιεὑρόντες</strong></span> <span class='ocrx_word' id='word_1_547' title='bbox 758 5561 927 5632; x_wconf 72' lang='grc' dir='ltr'>αὐτοὶ,</span> <span class='ocrx_word' id='word_1_548' title='bbox 951 5561 1185 5656; x_wconf 31' lang='grc' dir='ltr'>θτούτους</span> <span class='ocrx_word' id='word_1_549' title='bbox 1217 5561 1315 5617; x_wconf 82' lang='grc' dir='ltr'><strong>οὐκ</strong></span> <span class='ocrx_word' id='word_1_550' title='bbox 1353 5561 1751 5656; x_wconf 33' lang='grc' dir='ltr'>ἔστιικατάιγεν</span> <span class='ocrx_word' id='word_1_551' title='bbox 1777 5561 2042 5656; x_wconf 41' lang='grc' dir='ltr'>τὴννὲμὴν</span> 
     </span>
    </p>
   </div>
   <div class='ocr_carea' id='block_1_77' title="bbox 481 5630 2042 5710">
    <p class='ocr_par' dir='ltr' id='par_1_77' title="bbox 481 5630 2042 5710">
     <span class='ocr_line' id='line_1_77' title="bbox 481 5630 2042 5710; baseline -0.004 -22"><span class='ocrx_word' id='word_1_552' title='bbox 481 5630 656 5710; x_wconf 69' lang='grc' dir='ltr'>δόξαν,</span> <span class='ocrx_word' id='word_1_553' title='bbox 711 5630 835 5710; x_wconf 75' lang='grc' dir='ltr'>περὶ</span> <span class='ocrx_word' id='word_1_554' title='bbox 886 5630 977 5690; x_wconf 84' lang='grc' dir='ltr'><strong>τοῦ</strong></span> <span class='ocrx_word' id='word_1_555' title='bbox 1028 5637 1350 5710; x_wconf 70' lang='grc' dir='ltr'>πράγματος</span> <span class='ocrx_word' id='word_1_556' title='bbox 1385 5634 1592 5686; x_wconf 77' lang='grc' dir='ltr'>ἐπαΐειν</span> <span class='ocrx_word' id='word_1_557' title='bbox 1633 5630 2042 5710; x_wconf 36' lang='grc' dir='ltr'>οὐδ’ἐν-οὐκοῦν</span> 
     </span>
    </p>
   </div>
   <div class='ocr_carea' id='block_1_78' title="bbox 483 5701 2042 5778">
    <p class='ocr_par' dir='ltr' id='par_1_78' title="bbox 483 5701 2042 5778">
     <span class='ocr_line' id='line_1_78' title="bbox 483 5701 2042 5778; baseline -0.003 -22"><span class='ocrx_word' id='word_1_558' title='bbox 483 5701 610 5775; x_wconf 76' lang='grc' dir='ltr'>ἐμόν</span> <span class='ocrx_word' id='word_1_559' title='bbox 637 5701 700 5776; x_wconf 87' lang='grc' dir='ltr'><strong>γε</strong></span> <span class='ocrx_word' id='word_1_560' title='bbox 755 5701 882 5778; x_wconf 70' lang='grc' dir='ltr'>περὶ</span> <span class='ocrx_word' id='word_1_561' title='bbox 932 5701 1106 5758; x_wconf 73' lang='grc' dir='ltr'>αὐτῶν</span> <span class='ocrx_word' id='word_1_562' title='bbox 1149 5701 1260 5758; x_wconf 71' lang='grc' dir='ltr'>ἐστι</span> <span class='ocrx_word' id='word_1_563' title='bbox 1292 5703 1645 5774; x_wconf 82' lang='grc' dir='ltr'>σύγγραμμα,</span> <span class='ocrx_word' id='word_1_564' title='bbox 1683 5701 1802 5754; x_wconf 78' lang='grc' dir='ltr'>οὐδὲ</span> <span class='ocrx_word' id='word_1_565' title='bbox 1839 5702 2042 5771; x_wconf 84' lang='grc' dir='ltr'>μήποτε</span> 
     </span>
    </p>
   </div>
   <div class='ocr_carea' id='block_1_79' title="bbox 1720 4359 2129 4429">
    <p class='ocr_par' dir='ltr' id='par_1_79' title="bbox 1720 4359 2129 4429">
     <span class='ocr_line' id='line_1_79' title="bbox 1720 4359 2129 4429; baseline 0.012 -16"><span class='ocrx_word' id='word_1_566' title='bbox 1720 4360 1763 4392; x_wconf 73' lang='grc'><strong>⁷⁸</strong></span> <span class='ocrx_word' id='word_1_567' title='bbox 1789 4359 1945 4416; x_wconf 80' lang='lat' dir='ltr'><strong>Rom.</strong></span> <span class='ocrx_word' id='word_1_568' title='bbox 1972 4379 2014 4429; x_wconf 79' lang='grc' dir='ltr'><strong>ι,</strong></span> <span class='ocrx_word' id='word_1_569' title='bbox 2043 4364 2129 4420; x_wconf 86' lang='lat' dir='ltr'><strong>l9.</strong></span> 
     </span>
    </p>
   </div>
   <div class='ocr_carea' id='block_1_80' title="bbox 2143 1776 3722 1848">
    <p class='ocr_par' dir='ltr' id='par_1_80' title="bbox 2143 1776 3722 1848">
     <span class='ocr_line' id='line_1_80' title="bbox 2143 1776 3722 1848; baseline -0.001 -17"><span class='ocrx_word' id='word_1_570' title='bbox 2143 1776 2281 1832; x_wconf 84' lang='grc' dir='ltr'>νέτω</span> <span class='ocrx_word' id='word_1_571' title='bbox 2292 1778 2349 1832; x_wconf 83' lang='grc' dir='ltr'><strong>ἕν</strong></span> <span class='ocrx_word' id='word_1_572' title='bbox 2362 1796 2465 1832; x_wconf 92' lang='grc' dir='ltr'>τινι</span> <span class='ocrx_word' id='word_1_573' title='bbox 2481 1779 2586 1832; x_wconf 82' lang='grc' dir='ltr'>τῶν</span> <span class='ocrx_word' id='word_1_574' title='bbox 2599 1777 2892 1831; x_wconf 84' lang='grc' dir='ltr'>ἐπιστολῶν</span> <span class='ocrx_word' id='word_1_575' title='bbox 2899 1777 3006 1847; x_wconf 80' lang='grc'><strong>(85)</strong></span> <span class='ocrx_word' id='word_1_576' title='bbox 3017 1819 3029 1841; x_wconf 95' lang='grc'><strong>,</strong></span> <span class='ocrx_word' id='word_1_577' title='bbox 3047 1778 3138 1830; x_wconf 76' lang='grc' dir='ltr'><strong>καὶ</strong></span> <span class='ocrx_word' id='word_1_578' title='bbox 3152 1778 3425 1846; x_wconf 71' lang='grc' dir='ltr'>φασκέτω·</span> <span class='ocrx_word' id='word_1_579' title='bbox 3439 1778 3722 1848; x_wconf 79' lang='grc' dir='ltr'>Μηδαμῶς</span> 
     </span>
    </p>
   </div>
   <div class='ocr_carea' id='block_1_81' title="bbox 2144 1864 3719 1942">
    <p class='ocr_par' dir='ltr' id='par_1_81' title="bbox 2144 1864 3719 1942">
     <span class='ocr_line' id='line_1_81' title="bbox 2144 1864 3719 1942; baseline 0 -20"><span class='ocrx_word' id='word_1_580' title='bbox 2144 1864 2282 1923; x_wconf 76' lang='grc' dir='ltr'>εἶναι</span> <span class='ocrx_word' id='word_1_581' title='bbox 2316 1871 2477 1942; x_wconf 77' lang='grc' dir='ltr'>ῥητὸν</span> <span class='ocrx_word' id='word_1_582' title='bbox 2500 1869 2562 1922; x_wconf 91' lang='grc' dir='ltr'><strong>τὸ</strong></span> <span class='ocrx_word' id='word_1_583' title='bbox 2592 1868 2803 1940; x_wconf 86' lang='grc' dir='ltr'>πρῶτον</span> <span class='ocrx_word' id='word_1_584' title='bbox 2826 1869 3047 1937; x_wconf 85' lang='grc' dir='ltr'>ἀγαθὸν,</span> <span class='ocrx_word' id='word_1_585' title='bbox 3074 1868 3185 1921; x_wconf 87' lang='grc' dir='ltr'>ἀλλ’</span> <span class='ocrx_word' id='word_1_586' title='bbox 3208 1870 3274 1922; x_wconf 84' lang='grc' dir='ltr'>ὲκ</span> <span class='ocrx_word' id='word_1_587' title='bbox 3304 1869 3505 1940; x_wconf 84' lang='grc' dir='ltr'>πολλῆς</span> <span class='ocrx_word' id='word_1_588' title='bbox 3538 1886 3719 1922; x_wconf 71' lang='grc' dir='ltr'>συνου-</span> 
     </span>
    </p>
   </div>
   <div class='ocr_carea' id='block_1_82' title="bbox 2147 1955 3721 2034">
    <p class='ocr_par' dir='ltr' id='par_1_82' title="bbox 2147 1955 3721 2034">
     <span class='ocr_line' id='line_1_82' title="bbox 2147 1955 3721 2034; baseline -0.001 -19"><span class='ocrx_word' id='word_1_589' title='bbox 2147 1963 2266 2025; x_wconf 89' lang='grc' dir='ltr'>σίας</span> <span class='ocrx_word' id='word_1_590' title='bbox 2299 1962 2681 2031; x_wconf 70' lang='grc' dir='ltr'>ἐγγιγνόμενον</span> <span class='ocrx_word' id='word_1_591' title='bbox 2706 1961 2814 2031; x_wconf 65' lang='grc'><strong>(84)</strong></span> <span class='ocrx_word' id='word_1_592' title='bbox 2849 1961 2941 2013; x_wconf 71' lang='grc' dir='ltr'><strong>καὶ</strong></span> <span class='ocrx_word' id='word_1_593' title='bbox 2969 1959 3225 2030; x_wconf 75' lang='grc' dir='ltr'>ἐξαίφνης</span> <span class='ocrx_word' id='word_1_594' title='bbox 3245 2000 3267 2024; x_wconf 42' lang='grc'><strong>,,</strong></span> <span class='ocrx_word' id='word_1_595' title='bbox 3293 1955 3402 2014; x_wconf 71' lang='grc' dir='ltr'>οἷον</span> <span class='ocrx_word' id='word_1_596' title='bbox 3429 1961 3538 2015; x_wconf 85' lang='grc' dir='ltr'><strong>ἀπὸ</strong></span> <span class='ocrx_word' id='word_1_597' title='bbox 3556 1963 3721 2034; x_wconf 83' lang='grc' dir='ltr'>πυρὸς</span> 
     </span>
    </p>
   </div>
   <div class='ocr_carea' id='block_1_83' title="bbox 2147 2048 3720 2124">
    <p class='ocr_par' dir='ltr' id='par_1_83' title="bbox 2147 2048 3720 2124">
     <span class='ocr_line' id='line_1_83' title="bbox 2147 2048 3720 2124; baseline 0 -18"><span class='ocrx_word' id='word_1_598' title='bbox 2147 2055 2505 2124; x_wconf 72' lang='grc' dir='ltr'>πηδήσαντος,</span> <span class='ocrx_word' id='word_1_599' title='bbox 2526 2052 2758 2121; x_wconf 79' lang='grc' dir='ltr'>ἐξαφθὲν</span> <span class='ocrx_word' id='word_1_600' title='bbox 2793 2051 2907 2121; x_wconf 83' lang='grc' dir='ltr'>φῶς</span> <span class='ocrx_word' id='word_1_601' title='bbox 2937 2053 2995 2104; x_wconf 82' lang='grc' dir='ltr'>ἐν</span> <span class='ocrx_word' id='word_1_602' title='bbox 3024 2055 3089 2122; x_wconf 84' lang='grc' dir='ltr'>τῇ</span> <span class='ocrx_word' id='word_1_603' title='bbox 3117 2051 3281 2123; x_wconf 66' lang='grc' dir='ltr'>ψυχῇ.</span> <span class='ocrx_word' id='word_1_604' title='bbox 3315 2048 3416 2106; x_wconf 80' lang='grc' dir='ltr'>Ὧν</span> <span class='ocrx_word' id='word_1_605' title='bbox 3441 2055 3536 2107; x_wconf 82' lang='grc' dir='ltr'><strong>καὶ</strong></span> <span class='ocrx_word' id='word_1_606' title='bbox 3565 2055 3720 2123; x_wconf 80' lang='grc' dir='ltr'>ἡμεῖς</span> 
     </span>
    </p>
   </div>
   <div class='ocr_carea' id='block_1_84' title="bbox 2144 2141 3720 2214">
    <p class='ocr_par' dir='ltr' id='par_1_84' title="bbox 2144 2141 3720 2214">
     <span class='ocr_line' id='line_1_84' title="bbox 2144 2141 3720 2214; baseline 0 -17"><span class='ocrx_word' id='word_1_607' title='bbox 2144 2143 2507 2206; x_wconf 80' lang='grc' dir='ltr'>ἀκούσαντες,</span> <span class='ocrx_word' id='word_1_608' title='bbox 2563 2141 3070 2212; x_wconf 79' lang='grc' dir='ltr'>συγκατατιθέμεθα</span> <span class='ocrx_word' id='word_1_609' title='bbox 3118 2142 3193 2206; x_wconf 79' lang='grc' dir='ltr'>ὡς</span> <span class='ocrx_word' id='word_1_610' title='bbox 3255 2142 3434 2206; x_wconf 80' lang='grc' dir='ltr'>καλῶς</span> <span class='ocrx_word' id='word_1_611' title='bbox 3495 2142 3720 2214; x_wconf 86' lang='grc' dir='ltr'>λεγομέ-</span> 
     </span>
    </p>
   </div>
   <div class='ocr_carea' id='block_1_85' title="bbox 2146 2229 3720 2302">
    <p class='ocr_par' dir='ltr' id='par_1_85' title="bbox 2146 2229 3720 2302">
     <span class='ocr_line' id='line_1_85' title="bbox 2146 2229 3720 2302; baseline -0.003 -16"><span class='ocrx_word' id='word_1_612' title='bbox 2146 2251 2256 2296; x_wconf 89' lang='grc' dir='ltr'>νοις</span> <span class='ocrx_word' id='word_1_613' title='bbox 2279 2250 2291 2262; x_wconf 88' lang='grc'><strong>·</strong></span> <span class='ocrx_word' id='word_1_614' title='bbox 2337 2253 2354 2282; x_wconf 84' lang='grc'><strong><em>‹</em></strong></span> <span class='ocrx_word' id='word_1_615' title='bbox 2379 2235 2406 2284; x_wconf 97' lang='lat'><strong>6</strong></span> <span class='ocrx_word' id='word_1_616' title='bbox 2442 2232 2574 2294; x_wconf 86' lang='grc' dir='ltr'>Θεὸς</span> <span class='ocrx_word' id='word_1_617' title='bbox 2602 2231 2710 2302; x_wconf 89' lang='grc' dir='ltr'><strong>γάρ</strong></span> <span class='ocrx_word' id='word_1_618' title='bbox 2738 2231 2918 2294; x_wconf 88' lang='grc' dir='ltr'>αὐτοῖς</span> <span class='ocrx_word' id='word_1_619' title='bbox 2945 2230 3136 2293; x_wconf 89' lang='grc' dir='ltr'>ταῦτα,</span> <span class='ocrx_word' id='word_1_620' title='bbox 3171 2230 3265 2284; x_wconf 78' lang='grc' dir='ltr'><strong>καὶ</strong></span> <span class='ocrx_word' id='word_1_621' title='bbox 3292 2231 3392 2283; x_wconf 82' lang='grc' dir='ltr'>ὅσα</span> <span class='ocrx_word' id='word_1_622' title='bbox 3421 2229 3602 2293; x_wconf 81' lang='grc' dir='ltr'>καλῶς</span> <span class='ocrx_word' id='word_1_623' title='bbox 3631 2230 3720 2283; x_wconf 83' lang='grc' dir='ltr'>λέ-</span> 
     </span>
    </p>
   </div>
   <div class='ocr_carea' id='block_1_86' title="bbox 2145 2320 3718 2392">
    <p class='ocr_par' dir='ltr' id='par_1_86' title="bbox 2145 2320 3718 2392">
     <span class='ocr_line' id='line_1_86' title="bbox 2145 2320 3718 2392; baseline -0.002 -15"><span class='ocrx_word' id='word_1_624' title='bbox 2145 2325 2353 2388; x_wconf 80' lang='grc' dir='ltr'>λεκται,</span> <span class='ocrx_word' id='word_1_625' title='bbox 2379 2323 2709 2392; x_wconf 79' lang='grc' dir='ltr'>ἐφανέρωσε.</span> <span class='ocrx_word' id='word_1_626' title='bbox 2741 2341 2758 2372; x_wconf 75' lang='grc' dir='ltr'><strong>ι</strong></span> <span class='ocrx_word' id='word_1_627' title='bbox 2805 2322 2901 2374; x_wconf 88' lang='grc' dir='ltr'><strong>Διὰ</strong></span> <span class='ocrx_word' id='word_1_628' title='bbox 2931 2321 3090 2374; x_wconf 90' lang='grc' dir='ltr'>τοῦτο</span> <span class='ocrx_word' id='word_1_629' title='bbox 3117 2322 3172 2374; x_wconf 83' lang='grc' dir='ltr'>δὲ</span> <span class='ocrx_word' id='word_1_630' title='bbox 3194 2320 3286 2373; x_wconf 72' lang='grc' dir='ltr'><strong>καὶ</strong></span> <span class='ocrx_word' id='word_1_631' title='bbox 3313 2321 3440 2384; x_wconf 77' lang='grc' dir='ltr'>τοὺς</span> <span class='ocrx_word' id='word_1_632' title='bbox 3459 2323 3528 2374; x_wconf 85' lang='grc' dir='ltr'><strong>τά</strong></span> <span class='ocrx_word' id='word_1_633' title='bbox 3549 2321 3718 2392; x_wconf 83' lang='grc' dir='ltr'>ἀληθῆ</span> 
     </span>
    </p>
   </div>
   <div class='ocr_carea' id='block_1_87' title="bbox 2148 2411 3718 2486">
    <p class='ocr_par' dir='ltr' id='par_1_87' title="bbox 2148 2411 3718 2486">
     <span class='ocr_line' id='line_1_87' title="bbox 2148 2411 3718 2486; baseline -0.003 -19"><span class='ocrx_word' id='word_1_634' title='bbox 2148 2417 2274 2486; x_wconf 74' lang='grc' dir='ltr'>περὶ</span> <span class='ocrx_word' id='word_1_635' title='bbox 2308 2413 2442 2467; x_wconf 83' lang='grc' dir='ltr'>Θεοῦ</span> <span class='ocrx_word' id='word_1_636' title='bbox 2473 2413 2870 2476; x_wconf 83' lang='grc' dir='ltr'>ὑπολαϐόντας,</span> <span class='ocrx_word' id='word_1_637' title='bbox 2909 2413 3003 2464; x_wconf 76' lang='grc' dir='ltr'><strong>καὶ</strong></span> <span class='ocrx_word' id='word_1_638' title='bbox 3044 2413 3116 2483; x_wconf 84' lang='grc' dir='ltr'>μὴ</span> <span class='ocrx_word' id='word_1_639' title='bbox 3145 2412 3243 2484; x_wconf 79' lang='grc' dir='ltr'>τὴν</span> <span class='ocrx_word' id='word_1_640' title='bbox 3273 2411 3429 2474; x_wconf 78' lang='grc' dir='ltr'>ἀξίαν</span> <span class='ocrx_word' id='word_1_641' title='bbox 3468 2413 3568 2481; x_wconf 80' lang='grc' dir='ltr'>τῆς</span> <span class='ocrx_word' id='word_1_642' title='bbox 3597 2413 3718 2482; x_wconf 78' lang='grc' dir='ltr'>περὶ</span> 
     </span>
    </p>
   </div>
   <div class='ocr_carea' id='block_1_88' title="bbox 2147 2505 3717 2576">
    <p class='ocr_par' dir='ltr' id='par_1_88' title="bbox 2147 2505 3717 2576">
     <span class='ocr_line' id='line_1_88' title="bbox 2147 2505 3717 2576; baseline -0.001 -17"><span class='ocrx_word' id='word_1_643' title='bbox 2147 2506 2311 2560; x_wconf 88' lang='grc' dir='ltr'>αὐτοῦ</span> <span class='ocrx_word' id='word_1_644' title='bbox 2345 2505 2604 2576; x_wconf 75' lang='grc' dir='ltr'>ἀληθείας</span> <span class='ocrx_word' id='word_1_645' title='bbox 2635 2505 2939 2558; x_wconf 86' lang='grc' dir='ltr'>θεοσέϐειαν</span> <span class='ocrx_word' id='word_1_646' title='bbox 2976 2505 3321 2574; x_wconf 79' lang='grc' dir='ltr'>ἀσκήσαντας</span> <span class='ocrx_word' id='word_1_647' title='bbox 3341 2544 3354 2568; x_wconf 96' lang='grc'><strong>,</strong></span> <span class='ocrx_word' id='word_1_648' title='bbox 3383 2505 3563 2575; x_wconf 80' lang='grc' dir='ltr'>φαμὲν</span> <span class='ocrx_word' id='word_1_649' title='bbox 3593 2507 3717 2558; x_wconf 81' lang='grc' dir='ltr'>ὐπο-</span> 
     </span>
    </p>
   </div>
   <div class='ocr_carea' id='block_1_89' title="bbox 2147 2596 3717 2667">
    <p class='ocr_par' dir='ltr' id='par_1_89' title="bbox 2147 2596 3717 2667">
     <span class='ocr_line' id='line_1_89' title="bbox 2147 2596 3717 2667; baseline 0 -18"><span class='ocrx_word' id='word_1_650' title='bbox 2147 2596 2357 2649; x_wconf 81' lang='grc' dir='ltr'>κεῖσθαι</span> <span class='ocrx_word' id='word_1_651' title='bbox 2385 2600 2504 2660; x_wconf 84' lang='grc' dir='ltr'>ταῖς</span> <span class='ocrx_word' id='word_1_652' title='bbox 2545 2598 2654 2650; x_wconf 84' lang='grc' dir='ltr'><strong>τῶν</strong></span> <span class='ocrx_word' id='word_1_653' title='bbox 2694 2596 3112 2667; x_wconf 84' lang='grc' dir='ltr'>ἁμαρτανόντων</span> <span class='ocrx_word' id='word_1_654' title='bbox 3153 2596 3454 2649; x_wconf 86' lang='grc' dir='ltr'>κολάσεσιν.</span> <span class='ocrx_word' id='word_1_655' title='bbox 3525 2597 3717 2659; x_wconf 84' lang='grc' dir='ltr'>Αὐταίς</span> 
     </span>
    </p>
   </div>
   <div class='ocr_carea' id='block_1_90' title="bbox 2145 2687 3705 2760">
    <p class='ocr_par' dir='ltr' id='par_1_90' title="bbox 2145 2687 3705 2760">
     <span class='ocr_line' id='line_1_90' title="bbox 2145 2687 3705 2760; baseline -0.001 -20"><span class='ocrx_word' id='word_1_656' title='bbox 2145 2687 2253 2758; x_wconf 85' lang='grc' dir='ltr'><strong>γὰρ</strong></span> <span class='ocrx_word' id='word_1_657' title='bbox 2282 2688 2458 2755; x_wconf 77' lang='grc' dir='ltr'>λέξεσί</span> <span class='ocrx_word' id='word_1_658' title='bbox 2492 2706 2622 2760; x_wconf 82' lang='grc' dir='ltr'>φησι</span> <span class='ocrx_word' id='word_1_659' title='bbox 2656 2689 2783 2759; x_wconf 73' lang='grc' dir='ltr'>περὶ</span> <span class='ocrx_word' id='word_1_660' title='bbox 2821 2688 2927 2740; x_wconf 82' lang='grc' dir='ltr'>τῶν</span> <span class='ocrx_word' id='word_1_661' title='bbox 2960 2687 3214 2740; x_wconf 79' lang='grc' dir='ltr'>τοιούτων</span> <span class='ocrx_word' id='word_1_662' title='bbox 3258 2690 3286 2740; x_wconf 89' lang='lat'><strong>6</strong></span> <span class='ocrx_word' id='word_1_663' title='bbox 3314 2687 3556 2751; x_wconf 78' lang='grc' dir='ltr'>Παῦλος,</span> <span class='ocrx_word' id='word_1_664' title='bbox 3608 2689 3705 2748; x_wconf 75' lang='grc' dir='ltr'>ὅτι,</span> 
     </span>
    </p>
   </div>
   <div class='ocr_carea' id='block_1_91' title="bbox 2152 2777 3713 2852">
    <p class='ocr_par' dir='ltr' id='par_1_91' title="bbox 2152 2777 3713 2852">
     <span class='ocr_line' id='line_1_91' title="bbox 2152 2777 3713 2852; baseline -0.002 -19"><span class='ocrx_word' id='word_1_665' title='bbox 2152 2801 2168 2832; x_wconf 78' lang='grc' dir='ltr'><strong>ι</strong></span> <span class='ocrx_word' id='word_1_666' title='bbox 2215 2781 2676 2835; x_wconf 81' lang='grc' dir='ltr'>Ἀποκαλύπτεται</span> <span class='ocrx_word' id='word_1_667' title='bbox 2701 2781 2836 2852; x_wconf 79' lang='grc' dir='ltr'>ὀργὴ</span> <span class='ocrx_word' id='word_1_668' title='bbox 2865 2779 2998 2832; x_wconf 86' lang='grc' dir='ltr'>Θεοῦ</span> <span class='ocrx_word' id='word_1_669' title='bbox 3032 2781 3125 2832; x_wconf 82' lang='grc' dir='ltr'>ἀπ’</span> <span class='ocrx_word' id='word_1_670' title='bbox 3149 2777 3377 2850; x_wconf 87' lang='grc' dir='ltr'>οὐρανοῦ</span> <span class='ocrx_word' id='word_1_671' title='bbox 3411 2780 3502 2832; x_wconf 77' lang='grc' dir='ltr'>ἐπὶ</span> <span class='ocrx_word' id='word_1_672' title='bbox 3543 2781 3713 2832; x_wconf 79' lang='grc' dir='ltr'>πᾶσαν</span> 
     </span>
    </p>
   </div>
   <div class='ocr_carea' id='block_1_92' title="bbox 2146 2870 3716 2944">
    <p class='ocr_par' dir='ltr' id='par_1_92' title="bbox 2146 2870 3716 2944">
     <span class='ocr_line' id='line_1_92' title="bbox 2146 2870 3716 2944; baseline -0.004 -17"><span class='ocrx_word' id='word_1_673' title='bbox 2146 2876 2398 2928; x_wconf 84' lang='grc' dir='ltr'>ἀσέϐειαν</span> <span class='ocrx_word' id='word_1_674' title='bbox 2432 2875 2527 2926; x_wconf 73' lang='grc' dir='ltr'><strong>καὶ</strong></span> <span class='ocrx_word' id='word_1_675' title='bbox 2551 2873 2761 2926; x_wconf 82' lang='grc' dir='ltr'>ἀδικίαν</span> <span class='ocrx_word' id='word_1_676' title='bbox 2779 2872 2874 2926; x_wconf 86' lang='grc' dir='ltr'><strong>ἀνθ</strong></span> <span class='ocrx_word' id='word_1_677' title='bbox 2883 2871 3098 2944; x_wconf 81' lang='grc' dir='ltr'>ρώπων,</span> <span class='ocrx_word' id='word_1_678' title='bbox 3119 2872 3228 2924; x_wconf 83' lang='grc' dir='ltr'>τῶν</span> <span class='ocrx_word' id='word_1_679' title='bbox 3253 2871 3349 2942; x_wconf 79' lang='grc' dir='ltr'>τὴν</span> <span class='ocrx_word' id='word_1_680' title='bbox 3382 2870 3634 2941; x_wconf 84' lang='grc' dir='ltr'>ἀλήθειαν</span> <span class='ocrx_word' id='word_1_681' title='bbox 3661 2871 3716 2921; x_wconf 80' lang='grc' dir='ltr'><strong>ἐν</strong></span> 
     </span>
    </p>
   </div>
   <div class='ocr_carea' id='block_1_93' title="bbox 2145 2961 3718 3037">
    <p class='ocr_par' dir='ltr' id='par_1_93' title="bbox 2145 2961 3718 3037">
     <span class='ocr_line' id='line_1_93' title="bbox 2145 2961 3718 3037; baseline -0.004 -18"><span class='ocrx_word' id='word_1_682' title='bbox 2145 2966 2328 3037; x_wconf 77' lang='grc' dir='ltr'>ἀδικίᾳ</span> <span class='ocrx_word' id='word_1_683' title='bbox 2361 2966 2730 3035; x_wconf 75' lang='grc' dir='ltr'>κατεχόντωνο</span> <span class='ocrx_word' id='word_1_684' title='bbox 2774 2964 2907 3018; x_wconf 87' lang='grc' dir='ltr'>διότι</span> <span class='ocrx_word' id='word_1_685' title='bbox 2947 2965 3006 3016; x_wconf 88' lang='grc' dir='ltr'><strong>τὸ</strong></span> <span class='ocrx_word' id='word_1_686' title='bbox 3039 2963 3278 3030; x_wconf 91' lang='grc' dir='ltr'>γνωστὸν</span> <span class='ocrx_word' id='word_1_687' title='bbox 3317 2962 3410 3015; x_wconf 86' lang='grc' dir='ltr'><strong>τοῦ</strong></span> <span class='ocrx_word' id='word_1_688' title='bbox 3443 2961 3579 3014; x_wconf 87' lang='grc' dir='ltr'>Θεοῦ</span> <span class='ocrx_word' id='word_1_689' title='bbox 3623 2979 3718 3030; x_wconf 78' lang='grc' dir='ltr'><strong>φα-</strong></span> 
     </span>
    </p>
   </div>
   <div class='ocr_carea' id='block_1_94' title="bbox 2146 3055 3713 3127">
    <p class='ocr_par' dir='ltr' id='par_1_94' title="bbox 2146 3055 3713 3127">
     <span class='ocr_line' id='line_1_94' title="bbox 2146 3055 3713 3127; baseline -0.002 -18"><span class='ocrx_word' id='word_1_690' title='bbox 2146 3057 2298 3127; x_wconf 89' lang='grc' dir='ltr'>νερόν</span> <span class='ocrx_word' id='word_1_691' title='bbox 2324 3058 2468 3108; x_wconf 77' lang='grc' dir='ltr'>ἐστιν</span> <span class='ocrx_word' id='word_1_692' title='bbox 2499 3058 2556 3109; x_wconf 80' lang='grc' dir='ltr'><strong>ἐν</strong></span> <span class='ocrx_word' id='word_1_693' title='bbox 2582 3057 2793 3119; x_wconf 80' lang='grc' dir='ltr'>αὐτοῖς’</span> <span class='ocrx_word' id='word_1_694' title='bbox 2824 3059 2851 3109; x_wconf 94' lang='lat'><strong>6</strong></span> <span class='ocrx_word' id='word_1_695' title='bbox 2875 3056 3005 3118; x_wconf 85' lang='grc' dir='ltr'>Θεὸς</span> <span class='ocrx_word' id='word_1_696' title='bbox 3038 3055 3145 3126; x_wconf 79' lang='grc' dir='ltr'>γὰρ</span> <span class='ocrx_word' id='word_1_697' title='bbox 3180 3057 3363 3118; x_wconf 85' lang='grc' dir='ltr'>αὐτοῖς</span> <span class='ocrx_word' id='word_1_698' title='bbox 3386 3056 3713 3126; x_wconf 69' lang='grc' dir='ltr'>ἐφανέρωσε.</span> 
     </span>
    </p>
   </div>
   <div class='ocr_carea' id='block_1_95' title="bbox 2159 3147 3716 3219">
    <p class='ocr_par' dir='ltr' id='par_1_95' title="bbox 2159 3147 3716 3219">
     <span class='ocr_line' id='line_1_95' title="bbox 2159 3147 3716 3219; baseline -0.003 -17"><span class='ocrx_word' id='word_1_699' title='bbox 2159 3149 2242 3202; x_wconf 83' lang='grc' dir='ltr'><strong>Τὰ</strong></span> <span class='ocrx_word' id='word_1_700' title='bbox 2314 3147 2422 3218; x_wconf 82' lang='grc' dir='ltr'><strong>γὰρ</strong></span> <span class='ocrx_word' id='word_1_701' title='bbox 2474 3148 2677 3219; x_wconf 84' lang='grc' dir='ltr'>ἀόρατα</span> <span class='ocrx_word' id='word_1_702' title='bbox 2708 3147 2894 3212; x_wconf 85' lang='grc' dir='ltr'>αὐτοῦ,</span> <span class='ocrx_word' id='word_1_703' title='bbox 2947 3148 3053 3200; x_wconf 86' lang='grc' dir='ltr'><strong>ἀπὸ</strong></span> <span class='ocrx_word' id='word_1_704' title='bbox 3079 3149 3310 3213; x_wconf 85' lang='grc' dir='ltr'>κτίσεως</span> <span class='ocrx_word' id='word_1_705' title='bbox 3351 3148 3555 3218; x_wconf 86' lang='grc' dir='ltr'>κόσμου</span> <span class='ocrx_word' id='word_1_706' title='bbox 3610 3151 3716 3209; x_wconf 79' lang='grc' dir='ltr'>τοῖς</span> 
     </span>
    </p>
   </div>
   <div class='ocr_carea' id='block_1_96' title="bbox 2149 3236 3712 3311">
    <p class='ocr_par' dir='ltr' id='par_1_96' title="bbox 2149 3236 3712 3311">
     <span class='ocr_line' id='line_1_96' title="bbox 2149 3236 3712 3311; baseline -0.001 -21"><span class='ocrx_word' id='word_1_707' title='bbox 2149 3240 2412 3309; x_wconf 83' lang='grc' dir='ltr'>ποιήμασι</span> <span class='ocrx_word' id='word_1_708' title='bbox 2434 3239 2718 3310; x_wconf 79' lang='grc' dir='ltr'>νοούμενα,</span> <span class='ocrx_word' id='word_1_709' title='bbox 2767 3239 3083 3311; x_wconf 84' lang='grc' dir='ltr'>καθορᾶται,</span> <span class='ocrx_word' id='word_1_710' title='bbox 3138 3240 3171 3308; x_wconf 82' lang='grc' dir='ltr'><strong>ἥ</strong></span> <span class='ocrx_word' id='word_1_711' title='bbox 3226 3257 3285 3291; x_wconf 88' lang='grc' dir='ltr'><strong>τε</strong></span> <span class='ocrx_word' id='word_1_712' title='bbox 3340 3239 3506 3302; x_wconf 80' lang='grc' dir='ltr'>ἀΐδιος</span> <span class='ocrx_word' id='word_1_713' title='bbox 3557 3236 3712 3291; x_wconf 84' lang='grc' dir='ltr'>αὐτοῦ</span> 
     </span>
    </p>
   </div>
   <div class='ocr_carea' id='block_1_97' title="bbox 2146 3324 3712 3400">
    <p class='ocr_par' dir='ltr' id='par_1_97' title="bbox 2146 3324 3712 3400">
     <span class='ocr_line' id='line_1_97' title="bbox 2146 3324 3712 3400; baseline -0.001 -20"><span class='ocrx_word' id='word_1_714' title='bbox 2146 3328 2370 3398; x_wconf 75' lang='grc' dir='ltr'>δύναμις</span> <span class='ocrx_word' id='word_1_715' title='bbox 2409 3329 2500 3382; x_wconf 72' lang='grc' dir='ltr'><strong>καὶ</strong></span> <span class='ocrx_word' id='word_1_716' title='bbox 2561 3329 2804 3400; x_wconf 77' lang='grc' dir='ltr'>θειότης,</span> <span class='ocrx_word' id='word_1_717' title='bbox 2849 3331 2928 3392; x_wconf 76' lang='grc' dir='ltr'>εἷς</span> <span class='ocrx_word' id='word_1_718' title='bbox 2964 3329 3024 3382; x_wconf 90' lang='grc' dir='ltr'><strong>τὸ</strong></span> <span class='ocrx_word' id='word_1_719' title='bbox 3063 3324 3199 3381; x_wconf 76' lang='grc' dir='ltr'>εἶναι</span> <span class='ocrx_word' id='word_1_720' title='bbox 3233 3329 3426 3391; x_wconf 80' lang='grc' dir='ltr'>αὐτοὺς</span> <span class='ocrx_word' id='word_1_721' title='bbox 3456 3327 3712 3380; x_wconf 85' lang='grc' dir='ltr'>ἀναπολο-</span> 
     </span>
    </p>
   </div>
   <div class='ocr_carea' id='block_1_98' title="bbox 2147 3417 3712 3489">
    <p class='ocr_par' dir='ltr' id='par_1_98' title="bbox 2147 3417 3712 3489">
     <span class='ocr_line' id='line_1_98' title="bbox 2147 3417 3712 3489; baseline 0 -19"><span class='ocrx_word' id='word_1_722' title='bbox 2147 3429 2372 3489; x_wconf 74' lang='grc' dir='ltr'>γήτους’</span> <span class='ocrx_word' id='word_1_723' title='bbox 2405 3419 2568 3481; x_wconf 87' lang='grc' dir='ltr'>διότι,</span> <span class='ocrx_word' id='word_1_724' title='bbox 2597 3419 2815 3487; x_wconf 87' lang='grc' dir='ltr'>γνόντες</span> <span class='ocrx_word' id='word_1_725' title='bbox 2847 3419 2940 3472; x_wconf 86' lang='grc' dir='ltr'><strong>τὸν</strong></span> <span class='ocrx_word' id='word_1_726' title='bbox 2957 3419 3108 3479; x_wconf 84' lang='grc' dir='ltr'>Θεὸν,</span> <span class='ocrx_word' id='word_1_727' title='bbox 3143 3419 3238 3487; x_wconf 83' lang='grc' dir='ltr'><strong>οὐχ</strong></span> <span class='ocrx_word' id='word_1_728' title='bbox 3267 3419 3341 3480; x_wconf 83' lang='grc' dir='ltr'><strong>ὡς</strong></span> <span class='ocrx_word' id='word_1_729' title='bbox 3373 3417 3502 3469; x_wconf 88' lang='grc' dir='ltr'>Θεὸν</span> <span class='ocrx_word' id='word_1_730' title='bbox 3534 3418 3712 3480; x_wconf 78' lang='grc' dir='ltr'>ἐδόξα-</span> 
     </span>
    </p>
   </div>
   <div class='ocr_carea' id='block_1_99' title="bbox 2151 3508 3711 3580">
    <p class='ocr_par' dir='ltr' id='par_1_99' title="bbox 2151 3508 3711 3580">
     <span class='ocr_line' id='line_1_99' title="bbox 2151 3508 3711 3580; baseline 0.001 -20"><span class='ocrx_word' id='word_1_731' title='bbox 2151 3526 2270 3572; x_wconf 89' lang='grc' dir='ltr'>σαν,</span> <span class='ocrx_word' id='word_1_732' title='bbox 2319 3510 2352 3579; x_wconf 80' lang='grc' dir='ltr'><strong>ἢ</strong></span> <span class='ocrx_word' id='word_1_733' title='bbox 2399 3510 2814 3580; x_wconf 79' lang='grc' dir='ltr'>εὐχαρίστησαν,</span> <span class='ocrx_word' id='word_1_734' title='bbox 2864 3509 2979 3563; x_wconf 84' lang='grc' dir='ltr'>ἀλλ’</span> <span class='ocrx_word' id='word_1_735' title='bbox 3029 3508 3446 3579; x_wconf 80' lang='grc' dir='ltr'>ἐματαιώθησαν</span> <span class='ocrx_word' id='word_1_736' title='bbox 3500 3509 3557 3559; x_wconf 82' lang='grc' dir='ltr'>ἐν</span> <span class='ocrx_word' id='word_1_737' title='bbox 3607 3511 3711 3562; x_wconf 80' lang='grc' dir='ltr'>τοῖς</span> 
     </span>
    </p>
   </div>
   <div class='ocr_carea' id='block_1_100' title="bbox 2144 3599 3709 3671">
    <p class='ocr_par' dir='ltr' id='par_1_100' title="bbox 2144 3599 3709 3671">
     <span class='ocr_line' id='line_1_100' title="bbox 2144 3599 3709 3671; baseline -0.001 -19"><span class='ocrx_word' id='word_1_738' title='bbox 2144 3599 2507 3670; x_wconf 82' lang='grc' dir='ltr'>διαλογισμοῖς</span> <span class='ocrx_word' id='word_1_739' title='bbox 2535 3600 2731 3666; x_wconf 84' lang='grc' dir='ltr'>αὐτῶν,</span> <span class='ocrx_word' id='word_1_740' title='bbox 2761 3601 2854 3653; x_wconf 68' lang='grc' dir='ltr'>καὶ</span> <span class='ocrx_word' id='word_1_741' title='bbox 2885 3601 3168 3670; x_wconf 77' lang='grc' dir='ltr'>ἐσκοτίσθη</span> <span class='ocrx_word' id='word_1_742' title='bbox 3195 3603 3227 3671; x_wconf 82' lang='grc' dir='ltr'><strong>ἡ</strong></span> <span class='ocrx_word' id='word_1_743' title='bbox 3264 3600 3519 3662; x_wconf 82' lang='grc' dir='ltr'>ἀσύνετος</span> <span class='ocrx_word' id='word_1_744' title='bbox 3544 3599 3709 3651; x_wconf 79' lang='grc' dir='ltr'>αὐτῶν</span> 
     </span>
    </p>
   </div>
   <div class='ocr_carea' id='block_1_101' title="bbox 2147 3689 3711 3763">
    <p class='ocr_par' dir='ltr' id='par_1_101' title="bbox 2147 3689 3711 3763">
     <span class='ocr_line' id='line_1_101' title="bbox 2147 3689 3711 3763; baseline -0.001 -20"><span class='ocrx_word' id='word_1_745' title='bbox 2147 3691 2361 3761; x_wconf 85' lang='grc' dir='ltr'>καρδία.</span> <span class='ocrx_word' id='word_1_746' title='bbox 2397 3691 2699 3756; x_wconf 82' lang='grc' dir='ltr'>Φάσκοντες</span> <span class='ocrx_word' id='word_1_747' title='bbox 2750 3689 2888 3746; x_wconf 82' lang='grc' dir='ltr'>εἷναι</span> <span class='ocrx_word' id='word_1_748' title='bbox 2937 3694 3090 3761; x_wconf 54' lang='lat' dir='ltr'><strong>cogo}.</strong></span> <span class='ocrx_word' id='word_1_749' title='bbox 3141 3691 3568 3763; x_wconf 80' lang='grc' dir='ltr'>ἐμωράνθησαν’</span> <span class='ocrx_word' id='word_1_750' title='bbox 3620 3691 3711 3743; x_wconf 75' lang='grc' dir='ltr'>καὶ</span> 
     </span>
    </p>
   </div>
   <div class='ocr_carea' id='block_1_102' title="bbox 2145 3782 3706 3858">
    <p class='ocr_par' dir='ltr' id='par_1_102' title="bbox 2145 3782 3706 3858">
     <span class='ocr_line' id='line_1_102' title="bbox 2145 3782 3706 3858; baseline 0.001 -25"><span class='ocrx_word' id='word_1_751' title='bbox 2145 3782 2374 3854; x_wconf 76' lang='grc' dir='ltr'>ἤλλαξαν</span> <span class='ocrx_word' id='word_1_752' title='bbox 2407 3784 2506 3854; x_wconf 79' lang='grc' dir='ltr'>τὴν</span> <span class='ocrx_word' id='word_1_753' title='bbox 2534 3784 2688 3850; x_wconf 79' lang='grc' dir='ltr'>δόξαν</span> <span class='ocrx_word' id='word_1_754' title='bbox 2714 3785 2807 3838; x_wconf 89' lang='grc' dir='ltr'><strong>τοῦ</strong></span> <span class='ocrx_word' id='word_1_755' title='bbox 2849 3785 3123 3858; x_wconf 70' lang='grc' dir='ltr'>ἀφθάρτου</span> <span class='ocrx_word' id='word_1_756' title='bbox 3148 3785 3281 3837; x_wconf 84' lang='grc' dir='ltr'>Θεοῦ</span> <span class='ocrx_word' id='word_1_757' title='bbox 3321 3785 3379 3836; x_wconf 84' lang='grc' dir='ltr'>ὲν</span> <span class='ocrx_word' id='word_1_758' title='bbox 3414 3783 3706 3854; x_wconf 81' lang='grc' dir='ltr'>ὁμοιώματι</span> 
     </span>
    </p>
   </div>
   <div class='ocr_carea' id='block_1_103' title="bbox 2145 3873 3706 3948">
    <p class='ocr_par' dir='ltr' id='par_1_103' title="bbox 2145 3873 3706 3948">
     <span class='ocr_line' id='line_1_103' title="bbox 2145 3873 3706 3948; baseline 0.003 -24"><span class='ocrx_word' id='word_1_759' title='bbox 2145 3873 2350 3936; x_wconf 82' lang='grc' dir='ltr'>εἰκόνος</span> <span class='ocrx_word' id='word_1_760' title='bbox 2377 3875 2613 3945; x_wconf 79' lang='grc' dir='ltr'>φθαρτοῦ</span> <span class='ocrx_word' id='word_1_761' title='bbox 2640 3875 2946 3948; x_wconf 76' lang='grc' dir='ltr'>ἀνθρώπου,</span> <span class='ocrx_word' id='word_1_762' title='bbox 2977 3879 3069 3931; x_wconf 74' lang='grc' dir='ltr'><strong>καὶ</strong></span> <span class='ocrx_word' id='word_1_763' title='bbox 3096 3876 3375 3940; x_wconf 79' lang='grc' dir='ltr'>πετεινῶν,</span> <span class='ocrx_word' id='word_1_764' title='bbox 3411 3878 3504 3928; x_wconf 79' lang='grc' dir='ltr'><strong>καὶ</strong></span> <span class='ocrx_word' id='word_1_765' title='bbox 3533 3892 3706 3945; x_wconf 88' lang='grc' dir='ltr'>τετρα-</span> 
     </span>
    </p>
   </div>
   <div class='ocr_carea' id='block_1_104' title="bbox 2148 3963 3702 4038">
    <p class='ocr_par' dir='ltr' id='par_1_104' title="bbox 2148 3963 3702 4038">
     <span class='ocr_line' id='line_1_104' title="bbox 2148 3963 3702 4038; baseline 0.001 -22"><span class='ocrx_word' id='word_1_766' title='bbox 2148 3963 2342 4028; x_wconf 90' lang='grc' dir='ltr'>πόδων,</span> <span class='ocrx_word' id='word_1_767' title='bbox 2373 3966 2464 4018; x_wconf 81' lang='grc' dir='ltr'><strong>καί</strong></span> <span class='ocrx_word' id='word_1_768' title='bbox 2503 3967 2765 4036; x_wconf 78' lang='grc' dir='ltr'>ἑρπετῶν.</span> <span class='ocrx_word' id='word_1_769' title='bbox 2797 3987 2816 4019; x_wconf 71' lang='grc' dir='ltr'><strong>ι</strong></span> <span class='ocrx_word' id='word_1_770' title='bbox 2859 3970 2967 4022; x_wconf 73' lang='grc' dir='ltr'><strong>Καὶ</strong></span> <span class='ocrx_word' id='word_1_771' title='bbox 2997 3969 3250 4038; x_wconf 87' lang='grc' dir='ltr'>ἀλήθειαν</span> <span class='ocrx_word' id='word_1_772' title='bbox 3275 3967 3408 4036; x_wconf 82' lang='grc' dir='ltr'>γοῦν</span> <span class='ocrx_word' id='word_1_773' title='bbox 3455 3968 3702 4036; x_wconf 81' lang='grc' dir='ltr'>κατέχου-</span> 
     </span>
    </p>
   </div>
   <div class='ocr_carea' id='block_1_105' title="bbox 2149 4053 3705 4129">
    <p class='ocr_par' dir='ltr' id='par_1_105' title="bbox 2149 4053 3705 4129">
     <span class='ocr_line' id='line_1_105' title="bbox 2149 4053 3705 4129; baseline 0.003 -25"><span class='ocrx_word' id='word_1_774' title='bbox 2149 4069 2252 4120; x_wconf 87' lang='grc' dir='ltr'>σιν,</span> <span class='ocrx_word' id='word_1_775' title='bbox 2278 4053 2352 4118; x_wconf 70' lang='grc' dir='ltr'><strong>ώς</strong></span> <span class='ocrx_word' id='word_1_776' title='bbox 2387 4057 2479 4108; x_wconf 75' lang='grc' dir='ltr'>καὶ</span> <span class='ocrx_word' id='word_1_777' title='bbox 2506 4057 2534 4108; x_wconf 92' lang='lat'><strong>6</strong></span> <span class='ocrx_word' id='word_1_778' title='bbox 2561 4056 2828 4128; x_wconf 73' lang='grc' dir='ltr'>ἡμέτερος</span> <span class='ocrx_word' id='word_1_779' title='bbox 2865 4062 3130 4129; x_wconf 87' lang='grc' dir='ltr'>μαρτυρεῖ</span> <span class='ocrx_word' id='word_1_780' title='bbox 3157 4059 3311 4127; x_wconf 90' lang='grc' dir='ltr'>λόγος</span> <span class='ocrx_word' id='word_1_781' title='bbox 3331 4099 3345 4124; x_wconf 94' lang='grc'><strong>,</strong></span> <span class='ocrx_word' id='word_1_782' title='bbox 3377 4059 3425 4111; x_wconf 76' lang='lat' dir='ltr'><strong>oi</strong></span> <span class='ocrx_word' id='word_1_783' title='bbox 3460 4056 3705 4128; x_wconf 78' lang='grc' dir='ltr'>φρονοῦν-</span> 
     </span>
    </p>
   </div>
   <div class='ocr_carea' id='block_1_106' title="bbox 2145 4146 3695 4220">
    <p class='ocr_par' dir='ltr' id='par_1_106' title="bbox 2145 4146 3695 4220">
     <span class='ocr_line' id='line_1_106' title="bbox 2145 4146 3695 4220; baseline 0 -24"><span class='ocrx_word' id='word_1_784' title='bbox 2145 4160 2264 4210; x_wconf 84' lang='grc' dir='ltr'>τες,</span> <span class='ocrx_word' id='word_1_785' title='bbox 2296 4146 2376 4198; x_wconf 84' lang='grc' dir='ltr'><strong>ὅτι</strong></span> <span class='ocrx_word' id='word_1_786' title='bbox 2426 4165 2444 4197; x_wconf 76' lang='grc' dir='ltr'><strong>ι</strong></span> <span class='ocrx_word' id='word_1_787' title='bbox 2475 4148 2638 4218; x_wconf 78' lang='grc' dir='ltr'>ῥητὸν</span> <span class='ocrx_word' id='word_1_788' title='bbox 2671 4147 2921 4218; x_wconf 79' lang='grc' dir='ltr'>οὐδαμῶς</span> <span class='ocrx_word' id='word_1_789' title='bbox 2947 4151 3066 4202; x_wconf 76' lang='grc' dir='ltr'>ἐστι</span> <span class='ocrx_word' id='word_1_790' title='bbox 3101 4149 3160 4201; x_wconf 91' lang='grc' dir='ltr'><strong>τὸ</strong></span> <span class='ocrx_word' id='word_1_791' title='bbox 3193 4150 3407 4220; x_wconf 84' lang='grc' dir='ltr'>πρῶτον</span> <span class='ocrx_word' id='word_1_792' title='bbox 3437 4149 3657 4216; x_wconf 87' lang='grc' dir='ltr'>ἀγαθὸν,</span> <span class='ocrx_word' id='word_1_793' title='bbox 3680 4165 3695 4196; x_wconf 74' lang='grc' dir='ltr'><strong>ι</strong></span> 
     </span>
    </p>
   </div>
   <div class='ocr_carea' id='block_1_107' title="bbox 2146 4236 3700 4311">
    <p class='ocr_par' dir='ltr' id='par_1_107' title="bbox 2146 4236 3700 4311">
     <span class='ocr_line' id='line_1_107' title="bbox 2146 4236 3700 4311; baseline 0.002 -23"><span class='ocrx_word' id='word_1_794' title='bbox 2146 4236 2241 4288; x_wconf 75' lang='grc' dir='ltr'><strong>καὶ</strong></span> <span class='ocrx_word' id='word_1_795' title='bbox 2285 4236 2566 4306; x_wconf 75' lang='grc' dir='ltr'>λέγοντες,</span> <span class='ocrx_word' id='word_1_796' title='bbox 2602 4239 2678 4302; x_wconf 88' lang='grc' dir='ltr'>ὡς</span> <span class='ocrx_word' id='word_1_797' title='bbox 2725 4259 2743 4291; x_wconf 83' lang='grc'><strong>‹</strong></span> <span class='ocrx_word' id='word_1_798' title='bbox 2769 4241 2832 4294; x_wconf 71' lang='grc' dir='ltr'><strong>ἐκ</strong></span> <span class='ocrx_word' id='word_1_799' title='bbox 2871 4239 3067 4311; x_wconf 84' lang='grc' dir='ltr'>πολλῆς</span> <span class='ocrx_word' id='word_1_800' title='bbox 3114 4241 3395 4305; x_wconf 87' lang='grc' dir='ltr'>συνουσίας</span> <span class='ocrx_word' id='word_1_801' title='bbox 3426 4239 3700 4311; x_wconf 80' lang='grc' dir='ltr'>γινομένης</span> 
     </span>
    </p>
   </div>
   <div class='ocr_carea' id='block_1_108' title="bbox 2228 4368 2668 4437">
    <p class='ocr_par' dir='ltr' id='par_1_108' title="bbox 2228 4368 2668 4437">
     <span class='ocr_line' id='line_1_108' title="bbox 2228 4368 2668 4437; baseline 0.002 -13"><span class='ocrx_word' id='word_1_802' title='bbox 2228 4369 2274 4401; x_wconf 76' lang='grc'><strong>⁸⁸</strong></span> <span class='ocrx_word' id='word_1_803' title='bbox 2315 4368 2447 4424; x_wconf 91' lang='lat' dir='ltr'><strong>Ibid.</strong></span> <span class='ocrx_word' id='word_1_804' title='bbox 2477 4372 2532 4437; x_wconf 90' lang='lat'><strong>8,</strong></span> <span class='ocrx_word' id='word_1_805' title='bbox 2558 4382 2668 4427; x_wconf 86' lang='lat' dir='ltr'><strong>etc.</strong></span> 
     </span>
    </p>
   </div>
   <div class='ocr_carea' id='block_1_109' title="bbox 2142 4531 3696 4605">
    <p class='ocr_par' dir='ltr' id='par_1_109' title="bbox 2142 4531 3696 4605">
     <span class='ocr_line' id='line_1_109' title="bbox 2142 4531 3696 4605; baseline 0.001 -21"><span class='ocrx_word' id='word_1_806' title='bbox 2142 4531 2612 4605; x_wconf 44' lang='lat' dir='ltr'><strong>yévqrat._fl_’q=6v</strong></span> <span class='ocrx_word' id='word_1_807' title='bbox 2653 4531 2760 4605; x_wconf 73' lang='grc' dir='ltr'><strong>γάρ</strong></span> <span class='ocrx_word' id='word_1_808' title='bbox 2793 4533 3041 4605; x_wconf 85' lang='grc' dir='ltr'>οὐδαμῶς</span> <span class='ocrx_word' id='word_1_809' title='bbox 3088 4535 3232 4590; x_wconf 76' lang='grc' dir='ltr'>ἐστιν</span> <span class='ocrx_word' id='word_1_810' title='bbox 3259 4534 3336 4597; x_wconf 89' lang='grc' dir='ltr'>ὡς</span> <span class='ocrx_word' id='word_1_811' title='bbox 3363 4534 3498 4605; x_wconf 79' lang='grc' dir='ltr'>ἄλλα</span> <span class='ocrx_word' id='word_1_812' title='bbox 3535 4534 3696 4605; x_wconf 69' lang='grc' dir='ltr'>μαθήτ</span> 
     </span>
    </p>
   </div>
   <div class='ocr_carea' id='block_1_110' title="bbox 2148 4602 3696 4674">
    <p class='ocr_par' dir='ltr' id='par_1_110' title="bbox 2148 4602 3696 4674">
     <span class='ocr_line' id='line_1_110' title="bbox 2148 4602 3696 4674; baseline 0.001 -21"><span class='ocrx_word' id='word_1_813' title='bbox 2148 4618 2328 4674; x_wconf 80' lang='grc' dir='ltr'>ματα·</span> <span class='ocrx_word' id='word_1_814' title='bbox 2360 4602 2472 4656; x_wconf 84' lang='grc' dir='ltr'>ἀλλ’</span> <span class='ocrx_word' id='word_1_815' title='bbox 2512 4602 2578 4655; x_wconf 75' lang='grc' dir='ltr'>ὲκ</span> <span class='ocrx_word' id='word_1_816' title='bbox 2619 4602 2838 4674; x_wconf 81' lang='grc' dir='ltr'>πολλῆς,</span> <span class='ocrx_word' id='word_1_817' title='bbox 2879 4602 2985 4661; x_wconf 76' lang='lat' dir='ltr'><strong>etc.</strong></span> <span class='ocrx_word' id='word_1_818' title='bbox 3023 4623 3041 4655; x_wconf 76' lang='grc' dir='ltr'><strong>ι</strong></span> <span class='ocrx_word' id='word_1_819' title='bbox 3073 4605 3230 4673; x_wconf 84' lang='lat' dir='ltr'><strong>Atqui</strong></span> <span class='ocrx_word' id='word_1_820' title='bbox 3272 4607 3337 4656; x_wconf 89' lang='lat' dir='ltr'><strong>de</strong></span> <span class='ocrx_word' id='word_1_821' title='bbox 3367 4604 3454 4660; x_wconf 86' lang='lat' dir='ltr'><strong>his</strong></span> <span class='ocrx_word' id='word_1_822' title='bbox 3490 4602 3577 4671; x_wconf 84' lang='lat' dir='ltr'><strong>qui</strong></span> <span class='ocrx_word' id='word_1_823' title='bbox 3623 4602 3696 4657; x_wconf 78' lang='lat' dir='ltr'><strong>vel</strong></span> 
     </span>
    </p>
   </div>
   <div class='ocr_carea' id='block_1_111' title="bbox 2146 4672 3692 4744">
    <p class='ocr_par' dir='ltr' id='par_1_111' title="bbox 2146 4672 3692 4744">
     <span class='ocr_line' id='line_1_111' title="bbox 2146 4672 3692 4744; baseline 0.001 -22"><span class='ocrx_word' id='word_1_824' title='bbox 2146 4672 2489 4744; x_wconf 67' lang='lat' dir='ltr'><strong>scripserunt</strong></span> <span class='ocrx_word' id='word_1_825' title='bbox 2539 4672 2820 4737; x_wconf 85' lang='lat' dir='ltr'><strong>hactenus,</strong></span> <span class='ocrx_word' id='word_1_826' title='bbox 2873 4674 2954 4727; x_wconf 89' lang='lat' dir='ltr'><strong>vel</strong></span> <span class='ocrx_word' id='word_1_827' title='bbox 3010 4676 3060 4744; x_wconf 89' lang='lat' dir='ltr'><strong>in</strong></span> <span class='ocrx_word' id='word_1_828' title='bbox 3114 4672 3387 4744; x_wconf 84' lang='lat' dir='ltr'><strong>peslerum</strong></span> <span class='ocrx_word' id='word_1_829' title='bbox 3438 4675 3692 4732; x_wconf 80' lang='lat' dir='ltr'><strong>scribent,</strong></span> 
     </span>
    </p>
   </div>
   <div class='ocr_carea' id='block_1_112' title="bbox 2147 4739 3700 4812">
    <p class='ocr_par' dir='ltr' id='par_1_112' title="bbox 2147 4739 3700 4812">
     <span class='ocr_line' id='line_1_112' title="bbox 2147 4739 3700 4812; baseline 0.001 -20"><span class='ocrx_word' id='word_1_830' title='bbox 2147 4739 2477 4812; x_wconf 73' lang='lat' dir='ltr'><strong>aiiirmantes</strong></span> <span class='ocrx_word' id='word_1_831' title='bbox 2506 4757 2564 4795; x_wconf 83' lang='lat' dir='ltr'><strong>se</strong></span> <span class='ocrx_word' id='word_1_832' title='bbox 2587 4757 2649 4795; x_wconf 88' lang='lat' dir='ltr'><strong>ea</strong></span> <span class='ocrx_word' id='word_1_833' title='bbox 2675 4756 2841 4812; x_wconf 85' lang='lat' dir='ltr'><strong>nosse</strong></span> <span class='ocrx_word' id='word_1_834' title='bbox 2873 4744 2923 4795; x_wconf 92' lang='lat' dir='ltr'><strong>in</strong></span> <span class='ocrx_word' id='word_1_835' title='bbox 2951 4739 3144 4812; x_wconf 78' lang='lat' dir='ltr'><strong>quibus</strong></span> <span class='ocrx_word' id='word_1_836' title='bbox 3169 4757 3290 4811; x_wconf 83' lang='lat' dir='ltr'><strong>ego,</strong></span> <span class='ocrx_word' id='word_1_837' title='bbox 3313 4753 3570 4811; x_wconf 88' lang='lat' dir='ltr'><strong>tanquam</strong></span> <span class='ocrx_word' id='word_1_838' title='bbox 3597 4758 3700 4812; x_wconf 84' lang='lat' dir='ltr'><strong>ma-</strong></span> 
     </span>
    </p>
   </div>
   <div class='ocr_carea' id='block_1_113' title="bbox 2148 4809 3700 4876">
    <p class='ocr_par' dir='ltr' id='par_1_113' title="bbox 2148 4809 3700 4876">
     <span class='ocr_line' id='line_1_113' title="bbox 2148 4809 3700 4876; baseline 0.001 -14"><span class='ocrx_word' id='word_1_839' title='bbox 2148 4809 2293 4862; x_wconf 81' lang='lat' dir='ltr'><strong>xime</strong></span> <span class='ocrx_word' id='word_1_840' title='bbox 2326 4809 2502 4871; x_wconf 88' lang='lat' dir='ltr'><strong>seriis,</strong></span> <span class='ocrx_word' id='word_1_841' title='bbox 2541 4811 2781 4864; x_wconf 87' lang='lat' dir='ltr'><strong>studiose</strong></span> <span class='ocrx_word' id='word_1_842' title='bbox 2822 4809 3028 4874; x_wconf 80' lang='lat' dir='ltr'><strong>versor,</strong></span> <span class='ocrx_word' id='word_1_843' title='bbox 3057 4813 3171 4866; x_wconf 91' lang='lat' dir='ltr'><strong>sive</strong></span> <span class='ocrx_word' id='word_1_844' title='bbox 3202 4809 3264 4866; x_wconf 79' lang='lat' dir='ltr'><strong>ea</strong></span> <span class='ocrx_word' id='word_1_845' title='bbox 3287 4829 3313 4863; x_wconf 89' lang='lat' dir='ltr'><strong>a</strong></span> <span class='ocrx_word' id='word_1_846' title='bbox 3351 4809 3458 4876; x_wconf 83' lang='lat' dir='ltr'><strong>me,</strong></span> <span class='ocrx_word' id='word_1_847' title='bbox 3497 4814 3610 4865; x_wconf 84' lang='lat' dir='ltr'><strong>sive</strong></span> <span class='ocrx_word' id='word_1_848' title='bbox 3639 4811 3700 4863; x_wconf 91' lang='lat' dir='ltr'><strong>ab</strong></span> 
     </span>
    </p>
   </div>
   <div class='ocr_carea' id='block_1_114' title="bbox 2151 4877 3695 4950">
    <p class='ocr_par' dir='ltr' id='par_1_114' title="bbox 2151 4877 3695 4950">
     <span class='ocr_line' id='line_1_114' title="bbox 2151 4877 3695 4950; baseline 0.002 -21"><span class='ocrx_word' id='word_1_849' title='bbox 2151 4877 2274 4950; x_wconf 84' lang='lat' dir='ltr'><strong>aliis</strong></span> <span class='ocrx_word' id='word_1_850' title='bbox 2294 4878 2584 4950; x_wconf 81' lang='lat' dir='ltr'><strong>audierint,</strong></span> <span class='ocrx_word' id='word_1_851' title='bbox 2622 4880 2735 4933; x_wconf 90' lang='lat' dir='ltr'><strong>sive</strong></span> <span class='ocrx_word' id='word_1_852' title='bbox 2770 4881 2867 4950; x_wconf 74' lang='lat' dir='ltr'><strong>ipsi</strong></span> <span class='ocrx_word' id='word_1_853' title='bbox 2892 4897 2988 4950; x_wconf 92' lang='lat' dir='ltr'><strong>per</strong></span> <span class='ocrx_word' id='word_1_854' title='bbox 3025 4896 3081 4936; x_wconf 92' lang='lat' dir='ltr'><strong>se</strong></span> <span class='ocrx_word' id='word_1_855' title='bbox 3105 4880 3452 4943; x_wconf 85' lang='lat' dir='ltr'><strong>invenerint;</strong></span> <span class='ocrx_word' id='word_1_856' title='bbox 3489 4880 3558 4934; x_wconf 88' lang='lat' dir='ltr'><strong>de</strong></span> <span class='ocrx_word' id='word_1_857' title='bbox 3599 4881 3695 4942; x_wconf 87' lang='lat' dir='ltr'><strong>his.</strong></span> 
     </span>
    </p>
   </div>
   <div class='ocr_carea' id='block_1_115' title="bbox 2151 4947 3696 5018">
    <p class='ocr_par' dir='ltr' id='par_1_115' title="bbox 2151 4947 3696 5018">
     <span class='ocr_line' id='line_1_115' title="bbox 2151 4947 3696 5018; baseline 0.001 -20"><span class='ocrx_word' id='word_1_858' title='bbox 2151 4948 2392 5018; x_wconf 85' lang='lat' dir='ltr'><strong>inquam,</strong></span> <span class='ocrx_word' id='word_1_859' title='bbox 2419 4947 2521 5002; x_wconf 88' lang='lat' dir='ltr'><strong>hoc</strong></span> <span class='ocrx_word' id='word_1_860' title='bbox 2555 4964 2718 5002; x_wconf 92' lang='lat' dir='ltr'><strong>unum</strong></span> <span class='ocrx_word' id='word_1_861' title='bbox 2769 4947 3036 5004; x_wconf 47' lang='lat' dir='ltr'><strong>adiri—nare</strong></span> <span class='ocrx_word' id='word_1_862' title='bbox 3076 4965 3317 5018; x_wconf 88' lang='lat' dir='ltr'><strong>possum,</strong></span> <span class='ocrx_word' id='word_1_863' title='bbox 3357 4950 3478 5004; x_wconf 92' lang='lat' dir='ltr'><strong>illos</strong></span> <span class='ocrx_word' id='word_1_864' title='bbox 3524 4962 3696 5002; x_wconf 88' lang='lat' dir='ltr'><strong>rerum</strong></span> 
     </span>
    </p>
   </div>
   <div class='ocr_carea' id='block_1_116' title="bbox 2148 5017 3700 5088">
    <p class='ocr_par' dir='ltr' id='par_1_116' title="bbox 2148 5017 3700 5088">
     <span class='ocr_line' id='line_1_116' title="bbox 2148 5017 3700 5088; baseline -0.001 -18"><span class='ocrx_word' id='word_1_865' title='bbox 2148 5017 2385 5088; x_wconf 75' lang='lat' dir='ltr'><strong>ipsarum</strong></span> <span class='ocrx_word' id='word_1_866' title='bbox 2422 5027 2689 5088; x_wconf 79' lang='lat' dir='ltr'><strong>naturain,</strong></span> <span class='ocrx_word' id='word_1_867' title='bbox 2721 5033 2788 5072; x_wconf 81' lang='lat' dir='ltr'><strong>ex</strong></span> <span class='ocrx_word' id='word_1_868' title='bbox 2829 5034 2943 5072; x_wconf 91' lang='lat' dir='ltr'><strong>mea</strong></span> <span class='ocrx_word' id='word_1_869' title='bbox 2972 5017 3188 5088; x_wconf 87' lang='lat' dir='ltr'><strong>quidem</strong></span> <span class='ocrx_word' id='word_1_870' title='bbox 3214 5018 3509 5078; x_wconf 85' lang='lat' dir='ltr'><strong>sententia,</strong></span> <span class='ocrx_word' id='word_1_871' title='bbox 3550 5031 3700 5086; x_wconf 90' lang='lat' dir='ltr'><strong>pror-</strong></span> 
     </span>
    </p>
   </div>
   <div class='ocr_carea' id='block_1_117' title="bbox 2148 5085 3700 5156">
    <p class='ocr_par' dir='ltr' id='par_1_117' title="bbox 2148 5085 3700 5156">
     <span class='ocr_line' id='line_1_117' title="bbox 2148 5085 3700 5156; baseline 0 -18"><span class='ocrx_word' id='word_1_872' title='bbox 2148 5100 2239 5138; x_wconf 90' lang='lat' dir='ltr'><strong>sus</strong></span> <span class='ocrx_word' id='word_1_873' title='bbox 2281 5085 2550 5152; x_wconf 87' lang='lat' dir='ltr'><strong>iguorare.</strong></span> <span class='ocrx_word' id='word_1_874' title='bbox 2585 5086 2768 5156; x_wconf 81' lang='lat' dir='ltr'><strong>Neque</strong></span> <span class='ocrx_word' id='word_1_875' title='bbox 2798 5089 2942 5142; x_wconf 89' lang='lat' dir='ltr'><strong>enim</strong></span> <span class='ocrx_word' id='word_1_876' title='bbox 2973 5085 3039 5143; x_wconf 88' lang='lat' dir='ltr'><strong>de</strong></span> <span class='ocrx_word' id='word_1_877' title='bbox 3073 5088 3204 5156; x_wconf 88' lang='lat' dir='ltr'><strong>ipsis</strong></span> <span class='ocrx_word' id='word_1_878' title='bbox 3221 5089 3414 5154; x_wconf 88' lang='lat' dir='ltr'><strong>scripsi</strong></span> <span class='ocrx_word' id='word_1_879' title='bbox 3448 5085 3700 5154; x_wconf 82' lang='lat' dir='ltr'><strong>unquam.</strong></span> 
     </span>
    </p>
   </div>
   <div class='ocr_carea' id='block_1_118' title="bbox 2147 5157 3702 5223">
    <p class='ocr_par' dir='ltr' id='par_1_118' title="bbox 2147 5157 3702 5223">
     <span class='ocr_line' id='line_1_118' title="bbox 2147 5157 3702 5223; baseline -0.001 -16"><span class='ocrx_word' id='word_1_880' title='bbox 2147 5169 2324 5222; x_wconf 83' lang='lat' dir='ltr'><strong>neque</strong></span> <span class='ocrx_word' id='word_1_881' title='bbox 2375 5157 2608 5209; x_wconf 84' lang='lat' dir='ltr'><strong>scribam</strong></span> <span class='ocrx_word' id='word_1_882' title='bbox 2653 5157 2705 5209; x_wconf 90' lang='lat' dir='ltr'><strong>in</strong></span> <span class='ocrx_word' id='word_1_883' title='bbox 2740 5168 3044 5223; x_wconf 88' lang='lat' dir='ltr'><strong>posterum;</strong></span> <span class='ocrx_word' id='word_1_884' title='bbox 3101 5171 3204 5208; x_wconf 89' lang='lat' dir='ltr'><strong>non</strong></span> <span class='ocrx_word' id='word_1_885' title='bbox 3233 5159 3375 5208; x_wconf 88' lang='lat' dir='ltr'><strong>enim</strong></span> <span class='ocrx_word' id='word_1_886' title='bbox 3407 5165 3467 5210; x_wconf 89' lang='lat' dir='ltr'><strong>ut</strong></span> <span class='ocrx_word' id='word_1_887' title='bbox 3501 5167 3702 5209; x_wconf 67' lang='lat' dir='ltr'><strong>cietcrie</strong></span> 
     </span>
    </p>
   </div>
   <div class='ocr_carea' id='block_1_119' title="bbox 2147 5223 3704 5293">
    <p class='ocr_par' dir='ltr' id='par_1_119' title="bbox 2147 5223 3704 5293">
     <span class='ocr_line' id='line_1_119' title="bbox 2147 5223 3704 5293; baseline 0 -17"><span class='ocrx_word' id='word_1_888' title='bbox 2147 5223 2462 5292; x_wconf 68' lang='lat' dir='ltr'><strong>diseiplinm.</strong></span> <span class='ocrx_word' id='word_1_889' title='bbox 2491 5240 2553 5278; x_wconf 91' lang='lat' dir='ltr'><strong>ea</strong></span> <span class='ocrx_word' id='word_1_890' title='bbox 2581 5239 2670 5278; x_wconf 92' lang='lat' dir='ltr'><strong>res</strong></span> <span class='ocrx_word' id='word_1_891' title='bbox 2705 5226 2882 5280; x_wconf 88' lang='lat' dir='ltr'><strong>verbis</strong></span> <span class='ocrx_word' id='word_1_892' title='bbox 2906 5225 3132 5293; x_wconf 79' lang='lat' dir='ltr'><strong>exprimi</strong></span> <span class='ocrx_word' id='word_1_893' title='bbox 3167 5233 3367 5292; x_wconf 84' lang='lat' dir='ltr'><strong>potest,</strong></span> <span class='ocrx_word' id='word_1_894' title='bbox 3392 5244 3410 5278; x_wconf 72' lang='grc' dir='ltr'><strong>ι</strong></span> <span class='ocrx_word' id='word_1_895' title='bbox 3439 5233 3548 5278; x_wconf 86' lang='lat' dir='ltr'><strong>etc.</strong></span> <span class='ocrx_word' id='word_1_896' title='bbox 3587 5223 3704 5277; x_wconf 69' lang='lat' dir='ltr'><strong>llaec</strong></span> 
     </span>
    </p>
   </div>
   <div class='ocr_carea' id='block_1_120' title="bbox 2149 5293 3704 5362">
    <p class='ocr_par' dir='ltr' id='par_1_120' title="bbox 2149 5293 3704 5362">
     <span class='ocr_line' id='line_1_120' title="bbox 2149 5293 3704 5362; baseline -0.001 -17"><span class='ocrx_word' id='word_1_897' title='bbox 2149 5293 2259 5354; x_wconf 87' lang='lat' dir='ltr'><strong>ille,</strong></span> <span class='ocrx_word' id='word_1_898' title='bbox 2291 5302 2346 5345; x_wconf 91' lang='lat' dir='ltr'><strong>ut</strong></span> <span class='ocrx_word' id='word_1_899' title='bbox 2373 5294 2610 5362; x_wconf 81' lang='lat' dir='ltr'><strong>Dionysii</strong></span> <span class='ocrx_word' id='word_1_900' title='bbox 2639 5295 2834 5348; x_wconf 81' lang='lat' dir='ltr'><strong>fastum</strong></span> <span class='ocrx_word' id='word_1_901' title='bbox 2869 5306 2923 5349; x_wconf 90' lang='lat' dir='ltr'><strong>et</strong></span> <span class='ocrx_word' id='word_1_902' title='bbox 2958 5295 3294 5349; x_wconf 84' lang='lat' dir='ltr'><strong>insolentiam</strong></span> <span class='ocrx_word' id='word_1_903' title='bbox 3319 5302 3704 5360; x_wconf 85' lang='lat' dir='ltr'><strong>compesceret,</strong></span> 
     </span>
    </p>
   </div>
   <div class='ocr_carea' id='block_1_121' title="bbox 2149 5362 3704 5431">
    <p class='ocr_par' dir='ltr' id='par_1_121' title="bbox 2149 5362 3704 5431">
     <span class='ocr_line' id='line_1_121' title="bbox 2149 5362 3704 5431; baseline 0.001 -18"><span class='ocrx_word' id='word_1_904' title='bbox 2149 5364 2235 5430; x_wconf 93' lang='lat' dir='ltr'><strong>qui</strong></span> <span class='ocrx_word' id='word_1_905' title='bbox 2270 5363 2615 5431; x_wconf 74' lang='lat' dir='ltr'><strong>philoSOphia:</strong></span> <span class='ocrx_word' id='word_1_906' title='bbox 2632 5375 2685 5416; x_wconf 86' lang='lat' dir='ltr'><strong>et</strong></span> <span class='ocrx_word' id='word_1_907' title='bbox 2713 5365 3064 5417; x_wconf 82' lang='lat' dir='ltr'><strong>scientiarum</strong></span> <span class='ocrx_word' id='word_1_908' title='bbox 3090 5363 3257 5426; x_wconf 87' lang='lat' dir='ltr'><strong>rudis,</strong></span> <span class='ocrx_word' id='word_1_909' title='bbox 3299 5364 3366 5415; x_wconf 93' lang='lat' dir='ltr'><strong>de</strong></span> <span class='ocrx_word' id='word_1_910' title='bbox 3397 5364 3560 5416; x_wconf 90' lang='lat' dir='ltr'><strong>rebus</strong></span> <span class='ocrx_word' id='word_1_911' title='bbox 3588 5362 3704 5431; x_wconf 82' lang='lat' dir='ltr'><strong>abs-</strong></span> 
     </span>
    </p>
   </div>
   <div class='ocr_carea' id='block_1_122' title="bbox 2151 5430 3706 5500">
    <p class='ocr_par' dir='ltr' id='par_1_122' title="bbox 2151 5430 3706 5500">
     <span class='ocr_line' id='line_1_122' title="bbox 2151 5430 3706 5500; baseline -0.001 -16"><span class='ocrx_word' id='word_1_912' title='bbox 2151 5430 2492 5486; x_wconf 79' lang='lat' dir='ltr'><strong>trusissimis</strong></span> <span class='ocrx_word' id='word_1_913' title='bbox 2525 5431 2760 5485; x_wconf 92' lang='lat' dir='ltr'><strong>libellum</strong></span> <span class='ocrx_word' id='word_1_914' title='bbox 2819 5434 3167 5500; x_wconf 83' lang='lat' dir='ltr'><strong>conscripsit,</strong></span> <span class='ocrx_word' id='word_1_915' title='bbox 3221 5436 3424 5500; x_wconf 12' lang='lat' dir='ltr'><strong>deque,</strong></span> <span class='ocrx_word' id='word_1_916' title='bbox 3453 5430 3706 5484; x_wconf 74' lang='lat' dir='ltr'><strong>maximis</strong></span> 
     </span>
    </p>
   </div>
   <div class='ocr_carea' id='block_1_123' title="bbox 2153 5499 3702 5569">
    <p class='ocr_par' dir='ltr' id='par_1_123' title="bbox 2153 5499 3702 5569">
     <span class='ocr_line' id='line_1_123' title="bbox 2153 5499 3702 5569; baseline 0.001 -17"><span class='ocrx_word' id='word_1_917' title='bbox 2153 5503 2426 5569; x_wconf 88' lang='lat' dir='ltr'><strong>mysteriis</strong></span> <span class='ocrx_word' id='word_1_918' title='bbox 2463 5503 2628 5556; x_wconf 90' lang='lat' dir='ltr'><strong>multa</strong></span> <span class='ocrx_word' id='word_1_919' title='bbox 2659 5515 2858 5556; x_wconf 88' lang='lat' dir='ltr'><strong>temere</strong></span> <span class='ocrx_word' id='word_1_920' title='bbox 2901 5499 3114 5556; x_wconf 77' lang='lat' dir='ltr'><strong>etl‘utiit.</strong></span> <span class='ocrx_word' id='word_1_921' title='bbox 3141 5500 3314 5564; x_wconf 89' lang='lat' dir='ltr'><strong>Plato,</strong></span> <span class='ocrx_word' id='word_1_922' title='bbox 3354 5499 3491 5555; x_wconf 85' lang='lat' dir='ltr'><strong>ibid.</strong></span> <span class='ocrx_word' id='word_1_923' title='bbox 3534 5501 3702 5554; x_wconf 66' lang='lat' dir='ltr'><strong>Sum-</strong></span> 
     </span>
    </p>
   </div>
   <div class='ocr_carea' id='block_1_124' title="bbox 2147 5585 2268 5624">
    <p class='ocr_par' dir='ltr' id='par_1_124' title="bbox 2147 5585 2268 5624">
     <span class='ocr_line' id='line_1_124' title="bbox 2147 5585 2268 5624; baseline -0.008 0"><span class='ocrx_word' id='word_1_924' title='bbox 2147 5585 2268 5624; x_wconf 75' lang='lat' dir='ltr'><strong>CER.</strong></span> 
     </span>
    </p>
   </div>
   <div class='ocr_carea' id='block_1_125' title="bbox 2221 5637 3302 5709">
    <p class='ocr_par' dir='ltr' id='par_1_125' title="bbox 2221 5637 3302 5709">
     <span class='ocr_line' id='line_1_125' title="bbox 2221 5637 3302 5709; baseline -0.001 -17"><span class='ocrx_word' id='word_1_925' title='bbox 2221 5639 2332 5709; x_wconf 64' lang='lat'><strong>(84)</strong></span> <span class='ocrx_word' id='word_1_926' title='bbox 2365 5639 2599 5696; x_wconf 84' lang='lat' dir='ltr'><strong>Platonis</strong></span> <span class='ocrx_word' id='word_1_927' title='bbox 2628 5638 2754 5696; x_wconf 92' lang='lat' dir='ltr'><strong>libb.</strong></span> <span class='ocrx_word' id='word_1_928' title='bbox 2778 5639 2929 5705; x_wconf 89' lang='lat' dir='ltr'><strong>editi,</strong></span> <span class='ocrx_word' id='word_1_929' title='bbox 2963 5637 3302 5708; x_wconf 85' lang='grc' dir='ltr'>γιγνομένης.</span> 
     </span>
    </p>
   </div>
  </div>
