3990 6158
486 308 623 364 1995

1958 301 2281 360 ORIGENIS

3603 314 3752 372 1298

481 424 650 486 cium,
687 430 738 475 et
769 422 946 476 colere
980 431 1141 491 atque
1166 420 1372 476 sortire
1397 430 1660 475 creaturae
1688 421 1866 491 potius
1892 435 2038 489 quan

2161 419 2296 472 Θεοῦ
2326 422 2383 473 ἐν
2419 420 2496 491 τῷ
2533 421 2749 492 ψεύδει,
2796 423 2889 476 καὶ
2942 425 3186 490 σέὸοντες
3208 467 3220 490 ,
3253 429 3346 482 καὶ
3395 430 3754 501 λατρειοντες

482 516 726 569 Creatori
760 514 827 574 ⁸⁸,
869 531 886 564 ι
940 513 1122 579 Quare
1154 528 1276 568 cum
1328 513 1640 567 Grazcorum
1691 513 1959 582 sapientes
2002 522 2056 568 et

481 607 678 665 eruditi
725 607 792 659 ad
843 604 1047 672 agenda
1077 605 1326 673 quaedam
1390 605 1657 658 divinitati
1708 605 2055 658 adversantia

481 711 671 752 errore
698 697 1064 757 traherentur,
1105 712 1124 746 ι
1165 711 1286 764 quae
1318 697 1480 748 stulta
1512 705 1638 750 sunt
1678 697 1862 751 tnundi
1897 697 2058 766 elegit

480 787 646 851 Deus,
683 795 737 840 ut
775 786 1132 841 confunderet
1165 787 1459 855 sapientes,
1484 796 1537 840 ct
1572 787 1851 856 ignobilia,
1883 801 1934 842 et
1970 790 2055 842 in-

482 880 665 941 llrma,
697 889 753 932 et
787 879 1236 949 contemptibilia,
1268 889 1320 932 et
1349 893 1410 930 ea
1439 894 1558 948 qua:
1589 893 1692 932 non
1725 893 1870 946 sunt,
1907 889 1964 934 ut
1993 895 2055 935 ea

477 987 598 1041 quae
661 981 791 1024 sunt
861 971 1194 1032 destrueret,
1243 988 1261 1020 ι
1310 970 1472 1038 idque
1524 984 1750 1034 revera,
1795 989 1813 1022 ι
1861 979 1916 1024 ut
1951 986 2055 1026 non

477 1062 737 1130 glorietur
767 1062 944 1116 omnis
974 1075 1103 1115 caro
1155 1061 1206 1113 in
1255 1069 1550 1128 conspectu
1603 1059 1698 1115 Dei
1724 1061 1791 1114 ⁸³.
1830 1080 1846 1111 ι
1879 1062 2056 1130 Atque

474 1155 635 1209 etiam
671 1153 834 1224 primi
871 1155 1038 1208 nostri
1070 1155 1368 1220 sapientes,
1415 1149 1623 1221 Moyses
1665 1153 1906 1207 omnimn
1961 1170 2055 1210 vc-

476 1246 742 1300 terrimus
790 1253 843 1300 et
896 1255 1016 1313 post
1070 1260 1194 1300 eum
1225 1248 1521 1314 prophetm,
1557 1246 1708 1314 gnari
1737 1264 1753 1295 ι
1780 1261 2052 1300 summmn

476 1338 679 1392 bonum
732 1337 914 1392 verbis
971 1337 1233 1405 explicari
1274 1353 1378 1390 non
1430 1355 1612 1408 posse,
1656 1359 1672 1388 ι
1715 1339 2053 1406 scripserunt

472 1431 714 1499 quidem,
749 1429 837 1484 ubi
877 1431 942 1483 de
983 1429 1091 1483 Deo
1125 1431 1360 1498 seipsum
1402 1431 1578 1502 dignis
1604 1440 1659 1485 et
1686 1431 1896 1485 idoneis
1920 1430 2053 1484 viris

473 1522 824 1592 conSpieuum
877 1519 1165 1574 exhibeute
1222 1521 1386 1576 locuti
1439 1531 1590 1585 sunt,
1645 1523 1811 1576 Deum
1871 1523 2050 1576 visum

473 1611 641 1668 fuisse
666 1612 1001 1677 Abrahamo,
1069 1611 1258 1666 lsaaco
1321 1623 1374 1664 et
1426 1610 1656 1676 Iacobo;
1703 1627 1804 1680 qua
1859 1622 2049 1667 natura

471 1715 676 1770 autem,
711 1718 818 1772 quo
836 1712 1003 1768 statu,
1029 1695 1134 1772 quo
1165 1703 1416 1767 modo,an
1446 1704 1616 1758 forma
1657 1705 1854 1759 nostris
1884 1706 2046 1760 rebus

470 1793 658 1860 simili,
687 1793 742 1848 id
769 1794 1166 1862 exquirendum
1195 1793 1262 1846 iis
1299 1793 1637 1862 reliquerunt
1695 1795 1786 1863 qui
1829 1811 1886 1849 se
1929 1810 2051 1864 pos-
2083 1780 2124 1835 Β

471 1897 596 1944 sunt
630 1887 874 1956 prmbere
905 1885 1112 1940 similes
1144 1885 1251 1938 illis
1275 1885 1472 1953 quibus
1505 1886 1654 1939 visus
1702 1899 1782 1941 est
1813 1885 1974 1950 Deus,
2001 1897 2053 1940 et

467 1981 617 2036 visus
681 1979 898 2048 quidem
943 1993 1051 2032 non
1107 1977 1282 2032 oculis
1323 1979 1586 2045 corporis,
1621 1979 1728 2036 sed.
1805 1997 1823 2028 ι
1853 1980 2052 2034 mmulo

470 2073 660 2129 corde.
689 2091 708 2124 ι
747 2069 1130 2136 Suntetenim,
1154 2079 1290 2124 teste
1321 2079 1508 2123 nostro
1537 2069 1692 2137 Jcsu,
1719 2089 1736 2121 ι
1761 2071 1908 2125 Beati
1958 2072 2048 2140 qui

467 2164 668 2217 mundo
707 2161 875 2216 corde
918 2170 1042 2216 sunt
1068 2202 1083 2224 ,
1114 2161 1240 2230 quia
1274 2159 1372 2229 ipsi
1431 2161 1598 2214 Deum
1642 2161 1980 2216 videbunt“.
2023 2183 2040 2216 ι

538 2255 590 2309 5.
623 2253 739 2307 Jam
781 2255 922 2322 quod
955 2255 1031 2308 ait
1066 2254 1218 2307 Plato
1246 2272 1264 2305 ι
1295 2269 1571 2307 summum
1623 2256 1823 2309 bonmn
1866 2256 2048 2311 subito

465 2347 520 2402 in
557 2347 736 2400 anima
778 2345 1404 2415 inﬂammari,tanquam
1448 2345 1630 2399 lumen
1663 2358 1729 2398 ex
1763 2344 1910 2414 igne,
1937 2365 1956 2398 ι
1997 2346 2049 2400 id

464 2447 590 2494 ante
617 2449 816 2492 nostrte
846 2440 1141 2492 docuerant
1167 2437 1483 2507 Scriptum.
1537 2455 1554 2488 ι
1588 2435 1894 2491 llluminate
1929 2453 2046 2503 vos,

466 2527 641 2595 inquit
713 2530 997 2599 propheta,
1071 2527 1276 2584 lumine
1321 2529 1562 2584 scientiae
1583 2529 1648 2582 ⁸⁸.
1675 2549 1695 2582 ι
1721 2529 1784 2583 Ει
1811 2529 2049 2584 Joannes

462 2629 626 2674 :etate
652 2619 927 2688 posterior
956 2635 972 2674 :
1013 2637 1033 2672 ι
1075 2620 1228 2686 Quod
1258 2621 1458 2675 factum
1493 2629 1576 2676 est
1626 2621 1677 2674 in
1712 2618 1908 2685 Verbo,
1939 2624 2046 2674 vita

462 2721 601 2775 erat,
629 2723 683 2766 et
711 2714 818 2765 vita
837 2713 1070 2766 eratqu
1106 2714 1406 2776 hominum,
1440 2733 1459 2766 ι
1480 2727 1602 2783 quae
1631 2713 1717 2766 lux
1741 2728 1862 2768 vera
1896 2730 1913 2763 ι
1936 2713 2048 2766 illn-

458 2803 866 2858 minatomncm
901 2804 1176 2858 hominem
1220 2806 1536 2859 venientem
1580 2807 1633 2857 in
1675 2805 1932 2858 mundum
1951 2805 2037 2856 ⁸⁸»

461 2909 650 2949 verum
678 2903 732 2949 et
759 2895 1175 2965 intelligibilem,
1197 2895 1435 2961 facitque
1462 2904 1517 2948 ut
1546 2904 1600 2949 et
1619 2899 1730 2964 ipse
1761 2893 1833 2947 sit
1857 2895 2044 2949 mundi

461 2984 578 3039 lux.
610 3003 630 3036 ι
669 2985 850 3040 Illuxit
885 2987 1028 3040 enim
1059 2987 1144 3039 lux
1185 2987 1270 3040 illa
1319 2987 1371 3040 in
1414 2987 1673 3041 cordibus
1726 2986 1926 3043 nostris
1977 2987 2042 3039 ad

463 3076 927 3130 iilumiuationem
1010 3078 1284 3147 Evangelii
1353 3078 1535 3146 glorize
1611 3078 1702 3133 Dei
1772 3079 1824 3132 in
1899 3076 2040 3133 facie

459 3169 744 3226 Christi".
783 3190 802 3222 ›
847 3169 997 3228 Unde
1013 3173 1412 3228 vetustissimus
1429 3173 1590 3244 633
1623 3175 1912 3244 propheta,
1944 3176 2033 3243 qui

457 3263 641 3318 multis
672 3272 797 3317 ante
837 3262 1120 3318 fumiatum
1154 3263 1280 3334 Cyri
1329 3266 1618 3335 imperium
1668 3267 2036 3336 generationi-

454 3355 555 3408 bus
585 3355 913 3408 vaticinatus
940 3363 1043 3418 est,
1077 3365 1260 3424 utpote
1316 3356 1409 3410 illo
1433 3357 1554 3426 plus
1581 3371 1742 3424 quam
1772 3367 2035 3425 quatuor-

454 3446 630 3499 derim
679 3447 1121 3515 generationibus
1178 3447 1478 3516 antiquior,
1527 3449 1603 3501 ait
1643 3466 1653 3501 :
1708 3465 1726 3499 ι
1774 3448 2034 3505 Dominus

454 3531 785 3586 illuminatio
810 3549 926 3588 mea
952 3545 1006 3587 et
1038 3534 1278 3588 salvator
1310 3551 1481 3600 meus,
1502 3551 1664 3605 quem
1685 3537 1885 3592 timebo
1903 3539 1980 3592 Im?
2009 3559 2026 3591 ι

452 3623 557 3678 Et:
593 3643 611 3676 ι
647 3624 890 3679 Lucerna
927 3626 1153 3694 pedibus
1185 3627 1318 3680 meis
1345 3627 1426 3680 lex
1469 3637 1580 3694 tua,
1615 3636 1669 3682 et
1719 3627 1900 3684 lumen
1945 3645 2033 3685 sc-

453 3719 600 3772 mitis
649 3718 784 3770 meis
807 3717 875 3775 ".
929 3734 945 3766 ι
984 3715 1190 3772 Rursus
1229 3737 1240 3772 :
1282 3736 1300 3768 ι
1329 3718 1611 3789 Signatmn
1630 3726 1712 3775 est
1733 3735 1896 3790 super
1934 3735 2031 3776 nos

450 3810 631 3864 iumen
671 3809 847 3862 vultus
883 3810 982 3872 tui,
1017 3811 1239 3863 Demine
1258 3809 1324 3861 9°.
1367 3829 1385 3863 ι
1435 3810 1500 3864 Ει
1560 3828 1579 3862 ι
1610 3810 1666 3865 lu
1704 3811 1904 3867 lumine
1938 3822 2030 3867 tuo

449 3899 755 3954 videbimus
800 3899 1062 3952 lumen“.
1099 3917 1117 3948 ι
1153 3900 1231 3951 Ad
1285 3901 1425 3967 quod
1453 3900 1631 3955 lumen
1658 3917 1760 3957 nos
1792 3903 2029 3957 invitans

447 3990 588 4060 apud
632 3989 1203 4059 lsaiamScripturau
1237 3990 1567 4055 llluminarc,
1635 3993 1833 4062 inquit,
1902 3995 2026 4049 illu-

451 4081 681 4147 minare,
698 4081 999 4137 Jerusalem
1023 4098 1036 4135 :
1061 4082 1206 4136 venit
1221 4080 1364 4134 enim
1391 4080 1570 4137 lumen
1591 4091 1767 4148 tmtm,
1785 4095 1834 4138 et
1856 4085 2024 4155 gloria

453 4175 662 4231 Domini
695 4189 859 4245 super
893 4183 943 4228 te
958 4183 1075 4228 orta
1100 4174 1292 4228 θείη.»
1347 4173 1413 4228 Ει
1447 4172 1588 4228 idem
1610 4175 1867 4244 propheta
1895 4175 2021 4231 Jesu

447 4267 739 4321 adventum
785 4269 1084 4335 prtedtcens
1113 4279 1223 4334 quo
1274 4264 1523 4319 homines
1558 4263 1625 4317 ab
1659 4263 1927 4318 idolorum
1969 4263 2024 4320 ἐι

444 4358 865 4414 simulacrorum
897 4356 1310 4424 daemonumque
1351 4356 1494 4410 cultu
1524 4356 1804 4409 avertendi
1839 4364 2018 4420 erant,

2159 515 2226 583 τῇ
2269 514 2442 566 κτίσει
2488 513 2636 583 παρὰ
2664 515 2752 568 τὸν
2784 516 3060 570 κτίσαντα.
3085 537 3103 568 ι
3137 519 3358 590 Διόπερ,
3400 521 3510 573 τῶν
3540 523 3598 574 ἐν
3625 523 3754 574 Ἕλ-

2161 605 2282 673 λησι
2320 605 2499 674 σοφῶν
2560 608 2653 659 καὶ
2707 606 3030 679 πολυμαθῶν
3083 612 3194 673 τοῖς
3245 610 3426 681 ἔργοις
3489 614 3618 684 περὶ
3681 613 3752 666 τὸ

2162 697 2303 750 θεῖον
2353 697 2736 768 πλανεομένων,
2775 719 2792 750 ι
2819 699 3096 765 ἐξελέξατο
3130 703 3160 754 6
3183 702 3316 766 Θεὸς
3343 703 3410 756 τὰ
3442 703 3602 774 μωρὰ
3645 705 3747 758 τοῦ

2161 787 2387 857 κόσμου,
2425 789 2511 841 ἵνα
2545 789 2878 861 καταισχύνῃ
2915 793 3041 854 τοὺς
3093 793 3322 861 σοφοὺς,
3389 794 3483 847 καὶ
3516 795 3584 846 τὰ
3616 795 3737 860 ἁγε-

2159 878 2224 948 νῆ
2251 879 2378 948 (90),
2411 881 2502 933 καὶ
2533 879 2599 931 τὰ
2633 879 2832 950 ἀσθενῆ
2852 921 2866 945 ,
2896 883 2990 935 καὶ
3011 882 3077 934 τὰ
3104 881 3524 954 ἐξουθενημένα,
3552 885 3645 938 καὶ
3673 886 3747 937 τὰ

2163 969 2236 1039 μὴ
2267 969 2424 1030 ὄντα,
2479 961 2567 1024 ἵνα
2611 971 2679 1024 τὰ
2725 972 2856 1025 ὄντα
2896 974 3252 1046 καταργήσῃ·
3283 993 3300 1024 ι
3353 975 3444 1026 καὶ
3501 975 3742 1044 ἀληθῶς,

2164 1078 2180 1107 ι
2215 1056 2300 1110 ἵνα
2333 1059 2404 1128 μὴ
2442 1063 2786 1131 καυχήσηται
2813 1063 2962 1115 πᾶσα
2998 1063 3131 1132 σὰρξ
3158 1064 3386 1117 ἐνώπιον
3415 1063 3510 1118 τοῦ
3544 1065 3740 1117 Θεοῦ.»

2158 1153 2371 1224 Πρῶτοι
2401 1153 2456 1205 δὲ
2481 1155 2527 1205 oi
2557 1153 2714 1222 ἡμῶν
2745 1152 2902 1220 σοφοὶ
2925 1152 3056 1222 (9-1),
3099 1153 3340 1224 Μωῑὶσῆς
3373 1156 3400 1207 6
3448 1155 3742 1226 ἀρχαιότα-

2156 1261 2246 1307 τος
2289 1246 2380 1298 καὶ
2424 1245 2473 1296 οἱ
2521 1246 2647 1315 ἐξῆς
2680 1245 2830 1315 αὐτῷ
2874 1246 3182 1317 προφῆται,
3238 1245 3528 1316 «οὐδαμῶς
3578 1247 3742 1316 ῥητὸν

2156 1338 2506 1407 ἐπιστάμενοι
2535 1337 2596 1389 τὸ
2630 1335 2845 1408 πρῶτον
2878 1337 3112 1405 ἀγαθὸν,
3146 1357 3164 1389 ι
3212 1337 3457 1410 ἔγραψαν
3498 1340 3617 1408 μὲν,
3665 1339 3740 1402 ὡς

2155 1426 2289 1479 Θεοῦ
2313 1429 2503 1480 ἑαυτὸν
2533 1429 2919 1498 ἐμφανίζοντος
2936 1428 3045 1500 (92)
3068 1431 3179 1493 τοῖς
3224 1428 3394 1494 ἀξίοις
3417 1429 3512 1483 καὶ
3545 1431 3736 1499 ἐπιτη-

2153 1519 2333 1583 δείοις,
2359 1521 2440 1572 ὅτι
2465 1519 2618 1590 ὤφθη
2645 1523 2672 1572 6
2704 1521 2837 1584 Θεὸς
2868 1520 2946 1590 τῷ
2974 1520 3240 1592 Ἀϐραὰμ,
3261 1518 3739 1593 ῆτῷΊσαὰκ,ἦτῷ

2169 1609 2379 1662 Ἰακώϐ.
2396 1611 2489 1672 Τίς
2499 1609 2554 1662 δὲ
2572 1609 2645 1663 ῶν
2664 1609 2842 1682 ῶφθη,
2857 1611 2950 1664 καὶ
2967 1612 3230 1676 ποταπὸς,
3257 1613 3351 1664 καὶ
3373 1611 3492 1664 τίνα
3517 1612 3735 1682 τρόπον,

2154 1703 2249 1756 καὶ
2292 1701 2395 1754 τίνι
2425 1702 2533 1755 τῶν
2563 1704 2621 1755 ἐν
2650 1704 2778 1773 ἡμῖν
2804 1702 2938 1772 (95),
2973 1702 3427 1757 καταλελοίπασιν
3457 1702 3732 1768 ἐξετάζειν

2153 1799 2265 1858 τοῖς
2311 1795 2632 1865 δυναμένοις
2683 1795 2907 1858 ἑαυτοὺς
2941 1795 3276 1867 ἐμπαρέχειν
3319 1795 3732 1866 παραπλησίους

2153 1887 2382 1950 ἐκείνοις
2429 1881 2509 1949 οἷς
2544 1885 2703 1956 ὤφθη
2735 1890 2762 1940 6
2787 1886 2918 1951 Θεός
2943 1904 2956 1916 ο
2995 1887 3180 1955 ὀφθεὶς
3215 1887 3390 1939 αὐτῶν
3419 1888 3475 1939 οὐ
3509 1891 3618 1949 τοῖς
3645 1887 3732 1940 τοῦ

2155 1977 2400 2049 σώματος
2433 1978 2730 2049 ὀφθαλμοῖς
2752 2019 2764 2041 ,
2801 1979 2938 2032 ἀλλὰ
2983 1979 3055 2047 τῇ
3081 1977 3306 2046 καθαρᾷ
3349 1979 3582 2047 καρδίᾳ.
3629 1979 3734 2031 Καὶ

2151 2074 2281 2144 γὰρ,
2311 2072 2451 2126 κατὰ
2495 2072 2584 2125 τὸν
2630 2071 2837 2142 Ἰησοῦν
2867 2072 3044 2142 ἡμῶν,
3087 2090 3102 2121 ι
3136 2071 3393 2141 μακάριοι
3420 2072 3468 2123 oi
3501 2070 3731 2139 καθαροὶ

2149 2169 2215 2236 τῇ
2250 2166 2476 2237 καρδίᾳ,
2509 2165 2590 2218 ὅτι
2620 2164 2770 2217 αὐτοὶ
2799 2164 2889 2216 τὸν
2923 2163 3056 2216 Θεὸν
3089 2163 3330 2232 ὄψονται.
3359 2182 3377 2213 ι

2224 2259 2298 2310 Τὸ
2327 2259 2370 2310 δ’
2402 2257 2740 2327 «ἐξαίφνης,
2789 2250 2898 2309 οἷον
2960 2255 3068 2309 ἀπὸ
3129 2253 3296 2326 πυρὸς
3360 2253 3728 2324 πηδήσαντος,

2150 2349 2478 2415 ἐξάπτεσθαι
2498 2347 2613 2417 φῶς
2639 2349 2696 2401 ἐν
2719 2350 2785 2418 τῇ
2808 2347 2952 2416 ψυχῇ
2969 2388 2982 2410 ,
3019 2365 3036 2397 ›
3063 2345 3326 2416 πρότερος
3349 2341 3490 2398 οἶδεν
3513 2344 3725 2413 ὁλόγος,

2150 2441 2318 2494 είπὼν
2355 2441 2412 2493 ἐν
2444 2440 2521 2510 τῷ
2561 2439 2846 2511 προφήτῃ
2895 2458 2913 2488 ‹
2937 2437 3211 2491 Φωτίσατε
3247 2439 3459 2492 ἑαυτοῖς
3478 2437 3586 2507 (9i)
3617 2437 3725 2504 φῶς

2148 2533 2420 2603 γνώσεως.
2447 2553 2464 2584 ι
2519 2534 2630 2585 Καὶ
2675 2531 2931 2600 Ἰωάννης
2963 2529 3054 2593 δέ,
3084 2528 3310 2601 ὕστερον
3337 2529 3544 2582 ἐκείνου
3579 2528 3723 2596 γενό-

2153 2644 2310 2698 μενος
2330 2667 2343 2689 ,
2375 2625 2554 2693 λέγει,
2598 2624 2700 2685 ὅτι,
2739 2644 2755 2673 ι
2781 2622 2808 2674 ὃ
2843 2623 3061 2692 γέγονεν
3096 2625 3153 2675 ἐν
3179 2621 3256 2691 τῷ
3285 2623 3462 2692 Λόγῳ,
3495 2620 3608 2690 ζωὴ
3636 2617 3720 2691 ἦν,

2149 2719 2242 2771 καὶ
2295 2719 2327 2788 ἡ
2380 2715 2492 2787 ζωὴ
2540 2711 2608 2785 ἦν
2642 2715 2700 2766 τὸ
2746 2714 2860 2783 φῶς
2893 2713 3001 2766 τῶν
3045 2713 3367 2786 ἀνθρώπων,
3423 2714 3561 2782 ὅπερ
3613 2712 3721 2780 φῶς

2149 2806 2398 2877 ἀληθινὸν
2433 2805 2655 2874 φωτίζει
2688 2805 2862 2857 πάντα
2895 2803 3177 2873 ἄνθρωπον
3209 2805 3498 2874 ἐρχόμενον
3531 2806 3609 2866 είς
3637 2802 3723 2855 τὸν

2147 2900 2370 2970 κόσμον,
2398 2916 2415 2947 ι
2454 2897 2544 2948 τὸν
2582 2894 2852 2966 ἀληθινὸν,
2886 2897 2980 2949 καὶ
3019 2896 3228 2965 νοητὸν,
3263 2898 3356 2948 καὶ
3390 2900 3532 2949 ποιεῖ
3566 2896 3722 2948 αὑτὸν

2148 2991 2262 3062 φῶς
2294 2989 2388 3044 τοῦ
2424 2989 2648 3058 κόσμου.
2698 3008 2715 3038 ι
2745 2988 2993 3058 Ἔλαμψε
3031 2987 3139 3059 γὰρ
3185 2989 3347 3042 τοῦτο
3395 2989 3456 3041 τὸ
3501 2989 3615 3058 φῶς
3667 2989 3720 3041 ἐν

2145 3086 2264 3146 ταῖς
2310 3079 2558 3152 καρδίαις
2609 3079 2764 3150 ἡμῶν
2798 3079 2932 3150 πρὸς
2964 3079 3243 3149 φωτισμὸν
3276 3079 3367 3133 τοῦ
3408 3081 3718 3148 εὐαγγελίου

2141 3176 2238 3245 τῆς
2265 3171 2422 3241 δόξης
2449 3170 2544 3223 τοῦ
2565 3170 2701 3223 Θεοῦ
2728 3172 2786 3223 ἐν
2811 3169 3087 3242 προσώπῳ
3113 3170 3369 3241 Χριστοῦ.
3396 3190 3413 3222 ›
3451 3171 3542 3223 Διό
3563 3189 3719 3241 φησιν

2139 3264 2495 3338 ἀρχαιότατος
2522 3263 2806 3333 προεξήτης
2824 3301 2838 3325 ,
2878 3261 2984 3332 πρὸ
3019 3262 3227 3314 πολλῶν
3255 3262 3458 3330 γενεῶν
3487 3263 3585 3331 τῆς
3615 3264 3718 3316 Κύ-

2141 3375 2233 3428 ρου
2264 3355 2540 3427 βασιλείας
2588 3353 3002 3425 προᾳητεύσας,
3058 3352 3218 3426 (ὑπὲρ
3276 3353 3374 3416 τὰς
3425 3371 3712 3426 τεσσαρεσ-

2137 3449 2361 3504 καῐδεκα
2410 3445 2518 3518 γὰρ
2569 3445 2761 3515 γενεὰς
2808 3445 3180 3516 πρεσϐύτερος
3224 3444 3388 3498 αὑτοῦ
3424 3442 3568 3517 ἦν’)
3633 3449 3714 3507 τὸ,

2143 3557 2159 3588 ι
2192 3536 2396 3607 Κύριος
2431 3535 2710 3605 φωτισμός
2751 3552 2852 3604 μου
2883 3534 2977 3588 καὶ
3011 3535 3192 3606 σωτήρ
3241 3552 3364 3605 μου,
3395 3537 3515 3588 τίνα
3549 3537 3714 3607 φοϐη-

2136 3629 2410 3701 θήσομαι;
2438 3647 2455 3677 ι
2495 3627 2607 3690 καὶ,
2649 3646 2666 3676 ι
2687 3626 2894 3696 Λύχνος
2927 3628 3038 3689 τοῖς
3065 3626 3189 3679 ποσί
3227 3645 3326 3697 μου
3355 3630 3383 3680 6
3411 3627 3575 3697 νόμος
3605 3645 3711 3690 σου,

2134 3721 2226 3775 κα)¹
2261 3719 2374 3788 φῶς
2405 3721 2525 3782 ταῖς
2563 3718 2770 3788 τρίϐοις
2808 3735 2938 3788 μου·
2972 3737 2989 3768 ι
3027 3719 3152 3781 καὶ,
3201 3741 3216 3768 ι
3254 3719 3595 3791 Ἑσημειώθη
3629 3721 3707 3787 ἐφ’

2133 3814 2280 3884 ἡμᾶς
2326 3812 2385 3863 τὸ
2422 3809 2536 3879 φῶς
2575 3809 2670 3862 τοῦ
2723 3808 3018 3880 προσώπου
3078 3826 3194 3874 σου,
3256 3810 3465 3882 Κύριε·
3501 3830 3520 3861 ι
3584 3813 3707 3865 καὶ.

2140 3925 2156 3954 ι
2201 3905 2290 3956 Ἑν
2327 3901 2405 3971 τῷ
2436 3900 2573 3970 φωτί
2605 3917 2698 3954 σου
2731 3900 2974 3971 ὀψόμεθα
3008 3900 3147 3970 φῶς·
3183 3921 3199 3953 ι
3237 3902 3330 3955 καὶ
3363 3903 3454 3955 ἐπὶ
3497 3903 3556 3955 τὸ
3601 3899 3709 3969 φῶς

2134 3993 2289 4048 τοῦτο
2317 3992 2639 4064 προτρέπων
2674 3994 2819 4064 ἡμᾶς
2843 4033 2855 4056 ,
2889 3991 2916 4041 6
2948 3989 3005 4040 ἐν
3035 3986 3114 4057 τῷ
3147 3989 3342 4065 Ἡσαΐᾳ
3367 3994 3526 4062 λόγος
3547 3997 3706 4067 φησί’

2140 4109 2156 4139 ς
2182 4091 2442 4154 Φωτίζου,
2493 4089 2754 4158 φωτίζου,
2790 4087 3173 4158 Ἱερουσαλὴμ’
3233 4089 3359 4159 ἥκει
3390 4088 3500 4159 γάρ
3532 4105 3624 4140 σου
3653 4089 3708 4140 τὸ

2135 4182 2288 4254 φῶς,
2343 4184 2434 4236 καὶ
2482 4183 2514 4251 ἡ
2565 4179 2691 4244 δόξα
2746 4181 2953 4251 Κυρίου
3009 4180 3100 4233 ἐπὶ
3147 4180 3205 4233 σέ
3238 4179 3509 4233 ἀνέτειλεν
3532 4179 3656 4250 (95).
3685 4199 3700 4228 ι

2146 4275 2203 4326 '0
2237 4273 2280 4325 δ’
2312 4271 2473 4334 αὐτὸς
2502 4263 2692 4335 οὗτος,
2725 4268 3083 4340 προφητεύων
3121 4269 3248 4338 περὶ
3277 4271 3376 4340 τῆς
3410 4269 3504 4321 τοῦ
3543 4267 3704 4338 Ἰησοῦ

2132 4363 2424 4434 ἐπιδημίας
2443 4402 2457 4423 ,
2522 4360 2848 4430 ἀφιπάντος
2879 4360 2988 4414 ἀπὸ
3039 4360 3137 4430 τῆς
3165 4359 3272 4430 (96)
3303 4360 3412 4412 τῶν
3445 4359 3700 4419 εἰδώλων,

444 4451 522 4504 ait
557 4469 575 4502 ι
613 4451 928 4506 sedentibus
955 4450 1008 4503 in
1034 4454 1252 4520 regione
1281 4459 1334 4502 et
1376 4448 1566 4502 umbra
1607 4449 1800 4501 mortis
1847 4459 2020 4502 ortam

2146 4457 2224 4508 cui.
2265 4454 2630 4524 ἀγαλμάτων,
2683 4453 2774 4504 καὶ
2823 4451 3094 4522 δαιμόνων
3140 4451 3474 4522 θεραπείας,
3527 4451 3697 4521 φησὶν,

444 4555 566 4596 esse
598 4542 790 4596 lucem.
831 4562 848 4594 ι
881 4541 945 4595 Et
977 4543 1174 4595 itermn
1209 4559 1221 4594 :
1265 4561 1282 4590 ι
1314 4541 1550 4609 l’opulus
1588 4543 1677 4610 qui
1708 4543 1934 4596 sedebat
1968 4543 2020 4596 in

445 4635 722 4702 tenebris,
775 4635 911 4689 vidit
977 4635 1149 4688 lucem
1204 4633 1537 4702 magnam”.
1615 4651 1631 4684 ι
1689 4633 1838 4688 Nunc
1900 4635 2021 4688 vide

442 4735 705 4795 quantum
756 4725 972 4780 dilIerat
1019 4727 1094 4792 id,
1121 4726 1264 4794 quod
1297 4723 1519 4792 pulchre
1548 4724 1612 4777 de
1640 4738 1849 4777 summo
1879 4724 2020 4778 bono

445 4817 645 4870 dictum
673 4827 759 4870 est
783 4832 810 4870 a
846 4817 1099 4882 Platone,
1133 4819 1200 4872 ab
1247 4817 1312 4870 iis
1343 4832 1463 4885 qum
1495 4817 1770 4885 propheta:
1799 4817 1863 4869 de
1892 4815 2020 4869 bea-

548 4947 593 4977 ⁸²
617 4945 766 4999 Rom.
796 4962 834 5010 ι,
857 4946 946 4999 25’.

512 5153 624 5222 (90‘)
661 5152 861 5207 Pbiloc.
873 5194 886 5216 ,
917 5153 1136 5222 ἀγεννῆ.

510 5220 619 5298 (91)
640 5220 1251 5298 Sic‘PhilocgllcesChel.
1279 5229 1459 5276 autem
1481 5232 1536 5276 et
1559 5223 1846 5292 Spencer.,
1874 5225 2016 5296 πρῶ-

435 5293 527 5350 τόν
553 5293 608 5350 δέ
640 5295 800 5386 ημῶν
827 5293 999 5363 σοφοί,

510 5367 614 5386 Ιηεὶὶ
683 5371 720 5386 n
793 5368 860 5386 Ω-
877 5383 892 5386 -
908 5365 934 5386 3",
979 5365 999 5386 3.

507 5367 618 5437 (92)
662 5361 754 5432 Ὧς
789 5361 936 5420 Θεοῦ
972 5363 1189 5437 ἑαυτὸν
1217 5361 1659 5437 ἐμφανίζοντος.
1709 5363 1800 5437 _Sic
1831 5364 2011 5418 Philo-

438 5434 608 5492 calia.’
637 5439 791 5505 Apud
826 5435 1193 5505 l‘lmschelium
1223 5443 1276 5505 et
1323 5434 1654 5505 Spenccrnm
1695 5435 1844 5487 deest
1881 5437 2008 5505 6‘.an

438 5509 543 5560 τὸν.
587 5503 786 5561 Ibidem
817 5505 1130 5570 Philocalia,
1163 5503 1319 5574 ώιρθη
1350 5503 1500 5567 Θεὸς,
1542 5504 1673 5575 φέρε
1706 5507 1899 5568 εἰπεῖν,
1932 5503 2010 5574 τῷ

450 5577 716 5632 Ἀϐραάμ.

508 5595 759 5712 ῗυρῗῖζῖιίίξει
773 5647 981 5698 καὶτίνι
997 5644 1102 5698 τῶν
1122 5647 1178 5699 ἐν
1196 5647 1346 5716 ἡμῖν,
1367 5643 1682 5699 Boberellus
1701 5643 2007 5716 addendum

438 5725 587 5780 putat
621 5716 822 5785 όμοιος.
877 5717 1055 5785 Codex
1095 5713 1423 5785 Anglicanus
1469 5717 1674 5784 primus
1707 5713 1888 5785 habet,
1916 5714 2010 5766 καὶ

437 5785 540 5836 τίνι
590 5783 666 5851 τῷ
709 5785 765 5834 εν
810 5784 959 5852 ἡμῖν.
987 5784 1154 5838 Paulo
1179 5783 1299 5853 post
1333 5783 1649 5843 PhilOcalia.
1675 5783 2009 5856 ἐμπαρέχειν

1020 4947 1099 4999 πει
1124 4947 1250 5000 (ιον.
1281 4963 1316 5006 ι,
1344 4947 1435 5012 27,
1457 4946 1548 5013 es,
1571 4947 1660 5000 29.
1735 4945 1780 4976 ει
1806 4945 1992 5000 Matth.
2020 4965 2067 5008 ν,
2090 4951 2140 5004 8.

442 5016 494 5070 6.
583 5016 627 5047 ⁸⁸
659 5016 799 5070 Psal.
828 5031 974 5068 xxvi.
1007 5019 1052 5068 Ι.
1123 5017 1167 5047 ⁸⁸
1197 5017 1333 5069 Psal.
1361 5032 1555 5080 cxvm,
1582 5014 1702 5069 105.
1785 5017 1830 5046 ⁹⁰
1856 5016 1994 5070 l’sal.
2026 5034 2100 5084 Iv,
2130 5021 2182 5071 7.
2258 5021 2299 5048 ⁹¹
2327 5021 2466 5074 Psal.
2498 5036 2661 5085 xxxv,
2696 5022 2774 5076 l0.

2133 4547 2212 4599 ὅτι
2235 4585 2248 4602 .
2291 4565 2307 4595 ι
2339 4544 2682 4614 Καθημένοις
2716 4545 2774 4596 ἐν
2827 4543 2979 4614 χώρᾳ
3028 4545 3123 4596 καὶ
3173 4544 3300 4614 σκιᾷ
3334 4542 3563 4597 θανάτου
3599 4542 3701 4610 φῶς

2132 4635 2402 4690 ἀνέτειλεν
2437 4638 2647 4698 αὐτοῖς·
2683 4655 2700 4685 ι
2741 4634 2836 4688 καὶ
2881 4634 3073 4687 πάλιν·
3117 4653 3134 4682 ‹
3167 4633 3308 4696 Λαὸς
3340 4635 3368 4686 6
3408 4633 3701 4705 καθήμενος

2130 4731 2188 4780 ἐν
2223 4728 2399 4780 σκότει
2452 4727 2567 4795 φῶς
2616 4723 2720 4780 εἶδε
2753 4728 2912 4796 μέγα.
2944 4746 2960 4775 ι
3016 4727 3156 4798 Ὅρα
3206 4722 3298 4779 οὖν
3323 4726 3423 4797 τὴν
3453 4724 3704 4795 διαφορὰν

2127 4819 2221 4871 τοῦ
2265 4817 2444 4882 καλῶς
2489 4818 2813 4888 λελεγμένου
2857 4819 2962 4872 ὑπὸ
2994 4818 3085 4872 τοῦ
3129 4819 3412 4881 Πλάτωνος
3461 4814 3700 4888 περὶτοῦ

2233 4949 2277 4980 ⁸⁵
2314 4949 2469 5004 Osee.
2499 4967 2550 5012 ιι,
2580 4951 2665 5003 12.
2727 4951 2772 4981 ⁸⁸
2805 4949 2959 5006 Joan.
2994 4969 3032 5012 ι,
3060 4952 3114 5013 5,
3149 4954 3204 5016 4,
3228 4953 3280 5006 9.
3357 4951 3401 4982 ⁸⁷
3429 4951 3466 5002 ΙΙ
3491 4951 3615 5004 Cor.
3638 4965 3700 5005 tv.

2258 5021 2299 5048 ⁹¹
2327 5021 2466 5074 Psal.
2498 5036 2661 5076 xxxv.
2696 5022 2774 5076 l0.
2869 5021 2914 5052 “
2956 5017 3060 5073 lsa.
3108 5039 3196 5076 ιι.
3225 5025 3274 5076 l.
3354 5023 3401 5054 ”
3425 5022 3527 5074 lsa.
3556 5019 3696 5076 ιλ.9..

3047 5059 3060 5072 .
3108 5039 3196 5086 1.x,
3225 5036 3274 5076 ι.
3355 5036 3527 5074 "lsa.
3556 5036 3696 5085 tx,z.

2681 5159 2712 5190 :=
2788 5157 3119 5190 διιηηλέςιριιι
3155 5176 3228 5190 μνη
3241 5158 3554 5190 ΛκρδῄηῖιΛρ

2131 5159 2563 5228 παραπλησίους,
2624 5158 2736 5222 alii,
2787 5158 3119 5230 ἐμπαρέχειν
3155 5158 3572 5230 παραπλησίως.

2195 5230 2308 5300 (94)
2343 5229 2572 5300 Philae,
2612 5229 2843 5300 ἑαυτοῖς.
2907 5229 3344 5300 ῌωδοιιθιίιιεᾼει
3374 5230 3699 5300 Spencerus,

2123 5297 2373 5370 ἐαυτούς.
2418 5297 2618 5370 Ibidem
2647 5298 2879 5370 Plrilocn
2909 5297 3132 5370 ὕστερος
3159 5298 3365 5350 ἐκείνου
3393 5298 3698 5370 γενόμενος.

2127 5369 2291 5439 Paulo
2332 5381 2453 5439 post
2500 5367 2953 5439 _l_lcescbe|ius_et
3001 5367 3331 5439 Spencerus,
3393 5367 3564 5436 λέγει,
3624 5367 3700 5420 δτι

2119 5438 2310 5510 (χωρὶς
2333 5437 2524 5492 ήαύτοῦ
2581 5437 2799 5510 ἐγένετο
2824 5437 2943 5490 οὐδὲ
2990 5437 3070 5508 ἓν(
3090 5509 3096 5510 γ
3115 5437 3144 5489 ὂ
3173 5437 3414 5510 γέγονεν,
3464 5439 3558 5490 sed
3587 5451 3700 5505 qua:

2119 5508 2280 5630 anelis
2332 5510 2617 5631 ilucludunt
2655 5509 3038 5562 desiderantur
3085 5509 3139 5562 in
3185 5508 3438 5562 omnibus
3488 5520 3622 5561 mss.
3649 5512 3701 5558 et

2181 5595 2215 5630 ιι
2243 5595 2339 5631 oea
2369 5595 2440 5631 ia.

2181 5595 2440 5632 “localla.

2190 5649 2302 5716 (95)
2334 5648 2567 5711 Philoc.,
2601 5645 2954 5700 ἀνατέταλκε.

2192 5713 2304 5786 (96)
2339 5717 2446 5770 Mss
2471 5758 2481 5769 .
2506 5757 2520 5779 ,
2576 5716 2902 5783 ὰφιστάντος
2951 5715 3058 5770 ἀπὸ
3088 5716 3206 5786 τῆς.
3267 5713 3613 5769 Hmscbelius
3647 5716 3702 5768 et

2119 5785 2443 5857 Spencerus,
2477 5786 2804 5855 ἀφιστάντος
2832 5787 2927 5857 τῆς
2953 5785 3084 5843 ἀπό.
3146 5785 3151 5786 “
3705 5798 3710 5803 ·
