3990 6158
360 300 499 356 1297

1563 293 1843 349 CONTRA
1876 288 2152 359 CELSUM
2188 287 2312 343 un.
2356 285 2446 340 vr.

3474 280 3615 337 129.}

358 415 576 489 πρώτου
604 415 805 484 ἀγαθοῦ
830 414 922 467 καὶ
950 414 1057 467 τῶν
1087 412 1388 484 εἰρημένων
1411 416 1467 465 ὲν
1494 415 1603 476 τοῖς
1632 414 1932 484 προφήταις

2040 418 2215 463 torum
2246 408 2449 461 lumine
2492 403 2792 457 dixerunt.‘
2824 401 3060 455 Adverle
3097 399 3201 454 hoc
3253 398 3439 463 etiam,
3478 399 3613 449 veri-

360 509 489 580 περὶ
520 508 613 561 τοῦ
649 507 824 575 φωτὸς
867 508 972 561 τῶν
1006 506 1321 577 μακαρίων·
1358 507 1450 559 καὶ
1482 507 1613 577 ὅρα,
1656 508 1735 559 ὅτι
1770 508 1802 575 ή
1838 507 1931 574 μὲν

358 600 417 651 ἐν
450 599 693 652 Πλάτωνι
726 598 853 669 περὶ
881 598 1068 651 τούτου
1093 596 1317 668 ἀλήθεια
1342 598 1492 651 οὐδὲν
1524 598 1597 660 ὠς
1635 598 1768 667 πρὸς
1801 596 1931 648 εἰλι-

359 689 519 759 κρινῆ
570 689 852 742 εὐσέϐειαν
903 688 1078 759 ὢνησε
1129 688 1254 749 τοὺς
1308 687 1765 756 ἐντυγχάνοντας,
1822 686 1932 737 ἀλλ’

356 780 466 832 οὐδ’
500 780 663 833 αὐτὸν
691 781 782 834 τὸν
811 780 1032 833 τοιαῦτα
1064 781 1190 850 περὶ
1224 778 1317 831 τοῦ
1351 778 1563 849 πρώτου
1608 778 1809 846 ἀγαθοῦ
1851 795 1936 845 φι-

359 870 769 941 λοσοφήσαντα⁸
819 875 850 944 ή
892 873 948 924 δὲ
991 871 1097 925 τῶν
1129 871 1287 924 θείων
1320 871 1665 940 γραμμάτων
1716 869 1934 940 εὐτελής

358 960 503 1026 λέξις
533 961 639 1032 (97)
675 961 955 1033 ὲνθουσιᾷν
1006 963 1271 1032 πεποίηκε
1306 961 1433 1023 τοὺς
1465 961 1701 1029 γνησίως
1745 962 1934 1027 ἐντυγ-

357 1052 619 1122 χάνοντας
645 1054 779 1123 αὐτῇ
806 1070 817 1082 ⁸
858 1055 988 1123 παρ’
1014 1048 1094 1116 οἷς
1136 1052 1396 1123 τρέφεται
1429 1051 1584 1104 τοῦτο
1616 1051 1675 1103 τὸ
1709 1050 1823 1118 φῶς
1860 1049 1936 1119 τῷ

359 1142 417 1193 ἔν
449 1160 553 1195 τινι
596 1143 881 1214 παραϐολῇ
912 1144 1187 1214 εἰρημένῳ
1216 1143 1381 1212 ἐλαίῳ
1418 1142 1672 1213 τηροῦντι
1711 1140 1818 1193 τῶν
1846 1140 1944 1211 δᾲ-

356 1234 462 1287 δων
490 1234 550 1286 τὸ
585 1235 698 1304 φῶς
732 1234 789 1287 ὲν
822 1237 937 1297 ταῖς
971 1234 1252 1304 φρονίμοις
1284 1233 1445 1285 πέντε
1482 1232 1788 1301 παρθένοις.

439 1328 594 1379 Ἐπεὶ
645 1327 701 1379 δὲ
769 1326 863 1379 καὶ
906 1325 1070 1396 ἄλλην
1126 1325 1267 1388 λέξιν
1312 1324 1483 1387 οὕτως
1526 1324 1752 1393 ἔχουσαν
1792 1324 1937 1376 ἐκτί-

358 1417 510 1471 θεται
536 1418 643 1471 ἀπὸ
663 1418 763 1486 τῆς
792 1417 1076 1479 Πλάτωνος
1100 1415 1388 1486 ἐπιστολῆς
1418 1417 1445 1467 ὁ
1470 1414 1675 1475 Κέλσος
1697 1453 1710 1476 ,
1748 1434 1766 1464 ι
1793 1415 1853 1466 Εἰ
1877 1412 1933 1465 δέ

359 1528 450 1581 μοι
501 1511 750 1579 ἐφαίνετο
791 1507 1054 1579 γραπτέα·
1094 1525 1153 1559 τε
1195 1506 1392 1569 ἱκανῶς
1443 1502 1580 1558 εἶναι
1632 1506 1767 1577 πρὸς
1810 1504 1934 1567 τοὺς

363 1600 582 1663 πολλοὺς
608 1599 702 1651 καὶ
736 1597 895 1669 ῥητά,
928 1598 981 1649 τί
1007 1596 1224 1649 κάλλιον
1256 1596 1558 1666 ἐπέπρακτ’
1591 1596 1656 1648 ἂν
1701 1598 1833 1665 ἡμῖν
1879 1596 1935 1646 ὲν

364 1694 431 1762 τῷ
473 1693 601 1762 βίῳ,
650 1692 681 1762 ἢ
716 1694 829 1754 τοῖς
874 1708 931 1743 τε
976 1688 1282 1761 ἀνθρώποις
1319 1689 1458 1757 μέγα
1488 1688 1677 1756 ὄφελος
1707 1686 1931 1757 γράψαι,

358 1783 448 1835 καὶ
477 1784 574 1852 τὴν
599 1781 758 1851 φύσιν
800 1784 877 1845 είς
915 1781 1028 1851 φῶς
1060 1784 1173 1843 τοῖς
1210 1782 1341 1832 πᾶσι
1376 1782 1705 1848 προαγαγεῖν
1738 1778 1845 1848 (98)
1868 1795 1881 1841 ;
1906 1798 1923 1828 ι

358 1876 520 1944 ρέρε,
563 1876 655 1926 καὶ
696 1874 822 1942 περὶ
849 1872 1039 1925 τούτου
1086 1872 1289 1943 βραχέα
1327 1869 1719 1941 διαλεχθῶμεν,
1773 1871 1928 1921 πότε-

356 1981 446 2036 ρον
484 1966 581 2034 μὲν
614 1961 729 2035 εἶχέ
769 1982 823 2017 τι
858 1964 1081 2016 Πλάτων
1114 1965 1435 2034 σεμνότερον
1467 1957 1541 2015 ὧν
1572 1960 1797 2032 ἔγραψε,
1835 1959 1928 2013 καὶ

356 2054 619 2126 θειότερον
644 2048 717 2109 ὧν
741 2055 1049 2117 κατέλιπεν,
1084 2055 1115 2124 ἢ
1157 2055 1229 2125 μὴ
1257 2093 1270 2116 ,
1298 2052 1686 2115 καταλιπόντες
1715 2052 1929 2121 ἑκάστῳ

352 2146 626 2211 ἐξετάζειν
651 2147 791 2199 κατά
820 2148 1062 2211 δυνατὸν,
1089 2146 1390 2210 δεικνύντες
1413 2146 1487 2209 δὲ,
1511 2146 1590 2198 ὅτι
1617 2147 1711 2198 καὶ
1731 2146 1779 2197 οἱ
1808 2143 1926 2196 καθ’

355 2240 497 2308 ἡμᾶς
528 2239 802 2309 προφῆται
842 2239 1105 2309 ἐφρόνουν
1143 2239 1263 2290 τινὰ
1303 2237 1525 2308 μείζονα
1563 2238 1925 2309 γραμμάτων,

352 2329 501 2400 ἅπερ
533 2332 633 2382 οὐκ
684 2329 947 2402 ἔγραψαν,
1006 2331 1061 2383 Ὀ
1095 2330 1192 2400 μὲν
1226 2331 1333 2400 γάρ
1377 2328 1635 2399 Ἱεζεκιὴλ
1672 2327 1929 2396 κεφαλίδα

352 2421 613 2490 λαμϐάνει
641 2421 868 2491 βιϐλίου,
901 2441 917 2471 ι
941 2421 1329 2491 γεγραμμένην
1356 2418 1665 2489 ἔμπροσθεν
1688 2420 1782 2472 καὶ
1805 2419 1926 2471 ὄπι-

351 2511 498 2578 σθεν,
536 2514 592 2567 ὲν
688 2512 882 2583 θρῆνος
934 2508 1021 2582 ἦν,
1055 2513 1149 2564 καὶ
1192 2511 1386 2580 μέλος,
1437 2512 1529 2562 καὶ
1574 2510 1727 2563 ούαίσ
1756 2531 1773 2560 ι
1811 2511 1927 2577 καὶ,

351 2602 754 2672 προστάξαντος
786 2602 935 2672 αὐτῷ
966 2602 1057 2654 τοῦ
1086 2602 1265 2669 λόγου,
1300 2602 1571 2654 κατεσθίει
1600 2601 1696 2672 τὴν
1729 2601 1927 2671 βίϐλον,

352 2692 419 2743 ἵν’
465 2691 631 2761 αὐτὴν
688 2692 761 2761 μὴ
794 2691 1018 2763 γράψῃ,
1068 2692 1162 2743 καὶ
1208 2690 1388 2761 προδῷ
1439 2690 1694 2756 ἀναξίοις.
1760 2692 1868 2744 Καὶ
1901 2694 1929 2744 ὁ

362 2782 614 2853 Ἰωάννης
651 2783 707 2835 δὲ
737 2784 797 2837 τὸ
830 2784 1205 2855 παραπλήσιον
1239 2783 1655 2853 ἀναγέγραπται
1689 2785 1929 2855 ἑωρακέ-

350 2889 438 2925 ναι
466 2873 560 2925 καὶ
590 2875 968 2944 πεποιηκέναι.
1013 2873 1169 2925 ’Λλλά
1191 2873 1297 2943 γὰρ
1319 2873 1412 2925 καὶ
1438 2875 1465 2926 ό
1491 2872 1701 2935 Παῦλος
1731 2893 1748 2922 ‹
1769 2875 1929 2944 ἥκου-

350 2982 441 3017 σεν
460 2964 675 3037 ἄρρητα
697 2967 937 3036 ῥήματα,
959 2964 994 3018 ὃ.
1014 2966 1113 3017 οὑκ
1140 2965 1258 3027 ἐξὸν
1280 2964 1553 3036 ἀνθρώπῳ
1567 2964 1816 3034 λαλῆσαι.
1834 2985 1852 3015 ι
1872 2966 1929 3017 Ὀ

346 3055 405 3107 δὲ
427 3055 644 3108 πάντων
662 3054 863 3107 τούτων
881 3054 1150 3125 κρείσσων
1178 3054 1407 3122 Ἰησοῦς,
1426 3055 1506 3106 ὅτι
1530 3054 1629 3124 μὲν
1647 3053 1823 3106 ἐλάλει
1840 3055 1929 3106 τὸν

348 3145 439 3199 τοῦ
462 3146 595 3199 Θεοῦ
627 3146 780 3214 λόγον
800 3148 910 3208 τοῖς
942 3146 1209 3215 μαθηταῖς
1237 3146 1356 3198 κατ’
1393 3146 1549 3209 ἰδίαν,
1578 3146 1670 3198 καὶ
1700 3146 1931 3216 μάλιστα

351 3242 409 3292 ὲν
442 3242 562 3301 ταῖς
593 3239 1027 3310 ἀναχωρήσεσιν,
1059 3239 1270 3309 εἴρηται
1291 3256 1303 3267 ’
1336 3239 1457 3291 τίνα
1497 3239 1543 3291 δ’
1574 3235 1641 3309 ἦν
1665 3239 1701 3292 ἃ
1727 3239 1928 3307 ἔλεγεν,

348 3332 450 3385 οὐκ
475 3332 905 3401 ἀναγέγραπται.
935 3331 1008 3382 Ub
1029 3332 1135 3400 γὰρ
1161 3350 1179 3380 ι
1202 3332 1449 3400 ἐφαίνετο
1476 3333 1657 3394 αὐτοῖς
1682 3332 1932 3403 γραπτέα

354 3422 557 3485 ἱκανῶς
585 3418 720 3474 εἶναι
749 3421 921 3475 ταῦτα
955 3422 1091 3492 πρὸς
1119 3423 1244 3486 τοὺς
1274 3422 1500 3485 πολλοὺς
1520 3462 1535 3483 ,
1569 3423 1687 3474 οὐδὲ
1722 3423 1879 3494 ῥητά.
1910 3443 1926 3473 ι

351 3515 484 3579 Καὶ,
513 3516 560 3567 εἰ
603 3514 676 3585 μὴ
707 3515 960 3584 φορτικὸν
987 3515 1159 3567 εἰπεῖν
1187 3515 1313 3584 περὶ
1345 3513 1449 3566 τῶν
1475 3513 1806 3582 τηλικούτων
1837 3514 1932 3567 ἀν-

350 3604 492 3675 δρῶν
536 3605 596 3657 τὺ
629 3603 857 3674 ἀληθὲς,
899 3604 1070 3674 φημὶ,
1104 3605 1187 3657 ὅτι
1235 3603 1433 3675 μᾶλλον
1475 3604 1758 3666 Πλάτωνος
1788 3596 1933 3656 οὗτοι

349 3689 558 3761 ἑώρων,
606 3691 698 3758 ἀφ’
728 3683 801 3744 ὧν
852 3691 1157 3763 ἐλάμϐανον
1220 3692 1403 3763 χάριτι
1437 3691 1571 3745 Θεοῦ
1624 3693 1931 3763 νοημάτων,

348 3782 470 3833 τίνα
499 3781 595 3852 μὲν
628 3781 697 3834 τὰ
720 3784 994 3852 γραπτέα,
1029 3784 1121 3837 καὶ
1154 3784 1268 3848 πῶς
1296 3786 1568 3856 γραπτέα,
1600 3787 1721 3839 τίνα
1752 3786 1809 3840 δὲ
1845 3787 1935 3839 οὐ-

347 3872 535 3943 δχμῶς
561 3876 814 3945 γραπτέα
844 3878 924 3939 είς
954 3878 1079 3938 τοὺς
1096 3876 1322 3940 πολλούς
1341 3895 1352 3907 ·
1383 3878 1477 3931 καὶ
1496 3878 1616 3930 τίνα
1645 3878 1743 3948 μὲν
1775 3878 1932 3949 ῥητὰ,

348 3964 470 4018 τίνα
500 3965 555 4017 δὲ
597 3967 657 4019 ού
696 3965 939 4019 τοιαῦτα.
975 3967 1143 4020 Πάλιν
1174 3986 1234 4021 τε
1266 3966 1332 4022 αὖ
1374 3971 1402 4022 ὁ
1455 3972 1740 4041 Ἰωάννης,
1791 3972 1936 4025 διδά-

354 4072 497 4110 σκων
527 4058 675 4127 ἡμᾶς
717 4058 1006 4128 γραπτέων
1039 4059 1131 4110 καὶ
1187 4061 1247 4112 ού
1304 4062 1596 4131 γραπτέων
1652 4062 1931 4133 διαφορὰν,

347 4146 491 4201 ἑπτά
522 4147 757 4217 βροντῶν
787 4166 950 4221 φησιν
982 4151 1276 4220 ἀκηκοέναι
1305 4153 1433 4223 περί
1464 4170 1626 4205 τινων
1661 4153 1937 4208 διδασκου-

348 4239 458 4292 σῶν
485 4240 669 4304 αὑτὸν,
722 4242 816 4293 καὶ
867 4243 1331 4313 ἀπαγορευουσῶν
1375 4248 1558 4316 γραφῇ
1601 4246 1934 4316 παραδοῦναι

346 4330 474 4392 τοὺς
501 4329 694 4398 λόγους
721 4331 918 4384 αὐτῶν.

416 4421 594 4475 Πολλά
646 4421 690 4475 δ’
748 4422 814 4476 ἂν
853 4424 945 4476 καὶ
988 4425 1139 4495 παρὰ
1190 4425 1266 4496 τῷ
1297 4427 1504 4498 Μωῢσῇ
1538 4428 1780 4500 εὑρεθείη
1839 4430 1932 4484 καὶ
1960 4410 2010 4469 Ῑ)

343 4516 456 4577 τοῖς
477 4515 782 4586 προφήταις
802 4533 815 4579 ;
837 4517 898 4569 οὐ
924 4518 1082 4587 μόνον
1110 4518 1394 4581 Πλάτωνος
1415 4558 1429 4582 ,
1460 4519 1594 4572 ἀλλά
1628 4522 1721 4573 καλ¹
1761 4522 1928 4593 Ὁμή-

347 4622 465 4677 ρου,
496 4609 589 4661 καὶ
620 4608 720 4679 τῆς
744 4607 852 4663 τῶν
877 4611 1008 4682 παρ’
1038 4611 1260 4682 Ἕλλησι
1292 4614 1634 4684 γραμμάτων
1661 4613 1932 4685 εὑρέσεως

346 4700 768 4769 πρεσϐυτέροις,
801 4700 927 4766 ἄξια
950 4702 1049 4773 τῆς
1074 4705 1154 4765 είς
1179 4704 1373 4766 αὐτοὺς
1404 4704 1622 4775 χάριτος
1665 4707 1758 4757 τοῦ
1795 4705 1927 4759 Θεοῦ

349 4790 441 4840 καὶ
472 4791 825 4858 μεγαλονοίας
853 4794 1286 4865 πεπληρωμένα·
1323 4796 1518 4859 οἵτινες
1546 4797 1643 4866 οὐχ
1664 4836 1679 4860 ,
1709 4798 1783 4861 ὡς
1821 4799 1929 4850 οἴε-

344 4894 437 4930 ται
473 4881 676 4945 Κέλσος
700 4922 714 4946 ,
759 4885 1203 4956 παρακούσαντες
1229 4886 1321 4939 τοῦ
1353 4887 1639 4951 Πλάτωνος
1660 4928 1673 4953 ,
1723 4889 1929 4942 τοιαῦτ’

346 4970 632 5039 εἰρήκασι·
666 4974 783 5036 πῶς
815 4976 922 5047 γὰρ
949 4972 1058 5029 οἷόν
1088 4978 1135 5029 τ’
1161 4973 1229 5048 ἦν
1254 4977 1346 5031 τοῦ
1384 4979 1608 5049 μηδέπω
1640 4981 1931 5049 γενομένου

348 5061 547 5122 αὐτοὺς
578 5063 904 5133 ἀκηκοέναι;
935 5068 1051 5120 Ἵνα
1081 5068 1137 5120 δὲ
1175 5069 1269 5121 καὶ
1300 5071 1392 5123 ἐπὶ
1417 5073 1542 5134 τοὺς
1581 5071 1757 5140 Ἰησοῦ
1794 5074 1929 5125 ἀπο-

347 5152 568 5214 στόλους
598 5170 681 5215 τις
700 5194 713 5217 ,
745 5156 1042 5227 νεωτέρους
1079 5162 1399 5230 γενομένους
1444 5162 1760 5227 Πλάτωνος,
1798 5165 1929 5216 ἀνα-

336 5244 491 5316 ηγάγῃ
531 5245 621 5298 τὸν
648 5246 856 5300 Κέλσου
882 5249 1059 5317 λόγον,
1107 5252 1207 5323 ὅρα
1240 5254 1288 5305 εἰ
1320 5252 1394 5323 μὴ
1422 5254 1647 5307 αὐτόθεν
1671 5257 1933 5313 ἀπίθανόν

413 5378 462 5410 ’⁸
487 5378 679 5435 Matth.
708 5397 835 5445 xxv,
864 5383 915 5436 4.

343 5450 388 5482 ‘9
413 5448 579 5503 Marc.
623 5467 695 5518 tv,
718 5452 805 5506 ΞΗ.

362 5644 371 5655 ⁸
412 5572 530 5643 (97)
566 5572 835 5629 Ilmschel.
881 5583 936 5627 et
964 5573 1247 5643 Spencer.,
1304 5575 1500 5640 λέξεσι.
1561 5578 1792 5645 Philoc.,
1844 5581 1927 5633 λέ-

1041 5386 1085 5416 θυ
1110 5384 1280 5448 Plato,
1343 5401 1426 5455 ep.
1454 5388 1506 5443 7.

906 5456 919 5483 ¹
949 5455 1115 5522 Apoc.
1142 5471 1197 5519 κ,
1221 5456 1273 5510 4.

385 5660 529 5782 ἤθδ)
562 5712 916 5780 llwscltelitts,
958 5715 1069 5777 τοῖς
1103 5716 1336 5787 πατράσι
1378 5721 1762 5791 προσαγαγεῖν.
1829 5719 1931 5775 C0-

1984 787 1988 789 λ
2039 778 2149 820 ιιιιιι
2174 764 2211 819 ι

1614 5388 1660 5418 ³⁸
1684 5388 1879 5446 Ezech.
1936 5411 1991 5459 ιι,
2016 5396 2047 5451 9
2078 5405 2132 5451 et
2161 5396 2243 5463 l0,
2267 5405 2321 5449 et
2343 5410 2421 5460 ιιι,
2452 5395 2500 5450 l.

2039 506 2172 561 tale,
2200 512 2360 561 quam
2386 494 2451 548 de
2480 507 2690 547 summo
2717 493 2857 546 bono
2882 488 3039 543 Plato
3075 486 3451 556 deprehendit,
3475 484 3615 537 nihil

2037 588 2102 640 ad
2143 588 2413 643 sinceram
2475 585 2730 654 pietatem
2777 581 3022 649 adjuvari
3077 595 3177 633 nec
3222 579 3472 638 lectores,
3509 590 3610 629 nec

2040 678 2315 732 Platonem
2366 677 2541 744 ipsum
2599 672 2724 727 talia
2757 672 2823 725 de
2850 686 3062 725 summo
3100 671 3239 724 bono
3270 666 3615 736 philosOpha-

2258 774 2443 819 contra
2501 764 2732 833 simplici
2790 762 3196 830 Scripturarum
3254 757 3391 828 stylo
3443 754 3614 809 amari

2038 858 2223 910 divino
2255 857 2488 923 quodam
2515 856 2715 909 ardore
2744 869 2836 908 eos
2886 854 2975 916 qui
3015 851 3150 903 bona
3178 850 3280 903 {ide
3313 849 3430 902 illas
3462 847 3612 901 evol-

2037 956 2191 1013 vunt,
2232 956 2286 1001 et
2312 947 2452 1015 apud
2477 961 2612 1014 quos
2649 944 2831 998 lumen
2865 943 2991 996 illud
3030 942 3195 994 alitur
3234 939 3353 995 oleo
3412 952 3518 1006 quo
3560 937 3612 989 iu

2038 1041 2271 1109 quadam
2348 1038 2671 1106 parabolaM
2740 1036 2977 1104 quinque
3044 1033 3285 1103 virgines
3342 1031 3615 1099 sapientes

2039 1132 2218 1185 lumen
2254 1131 2560 1199 Iampadutn
2603 1144 2822 1183 suarum
2847 1136 3181 1181 sustentasse
3206 1124 3483 1178 dicuntur.

2110 1329 2165 1382 6.
2195 1327 2457 1394 Quoniam
2507 1340 2637 1380 vero
2685 1322 2873 1378 Celsus
2903 1323 3064 1376 alium
3115 1336 3177 1374 ex
3218 1319 3455 1373 Platonis
3496 1319 3613 1386 epi-

2038 1422 2172 1476 stola
2208 1420 2371 1475 refert
2404 1420 2604 1482 locmn,
2634 1418 2722 1486 qui
2761 1416 2841 1471 sic
2888 1416 3097 1468 habet:
3136 1433 3153 1463 ‹
3201 1412 3327 1467 llaec
3382 1413 3425 1467 si
3484 1412 3615 1466 mihi

2039 1513 2353 1567 viderentur
2410 1511 2607 1580 popqu
2664 1506 2936 1563 declarari
3002 1518 3164 1573 posse
3221 1501 3513 1556 scribendo
3559 1510 3614 1555 et

2038 1605 2297 1669 dicendo,
2346 1603 2474 1671 quid
2508 1603 2561 1655 in
2594 1603 2696 1655 hac
2743 1602 2855 1654 vita
2890 1595 3241 1667 prmslantius
3286 1595 3461 1649 facere
3492 1610 3614 1663 pos-

2039 1711 2173 1759 sem,
2204 1710 2368 1763 quam
2416 1693 2620 1760 scripta
2663 1692 2972 1746 hominibus
3010 1698 3119 1742 tam
3152 1686 3304 1740 utilia
3339 1686 3614 1755 evulgare,

2033 1796 2088 1839 et
2140 1795 2393 1839 naturam
2450 1787 2502 1839 in
2560 1783 2766 1838 lumine
2819 1782 3139 1838 collocatam
3170 1776 3425 1833 omnibus
3461 1777 3617 1831 exhi-

2033 1876 2250 1932 bere”?
2298 1895 2317 1928 ι
2367 1890 2489 1944 age,
2543 1876 2608 1930 de
2650 1876 2733 1929 his
2798 1874 3062 1939 tantisper
3123 1871 3480 1925 disseramus.
3533 1869 3614 1921 Ac

2031 1968 2262 2036 primum
2338 1967 2627 2036 unicuique
2699 1965 3119 2020 examinandum
3190 1976 3287 2031 pro
3366 1963 3482 2016 suis
3537 1960 3616 2013 vi-

2033 2059 2184 2113 ribus
2242 2061 2541 2128 permitto,
2599 2058 2922 2113 habueritne
2980 2054 3133 2109 Plato
3199 2055 3433 2110 nobilius
3486 2053 3614 2121 quid

2032 2160 2192 2219 atque
2252 2151 2484 2206 divinius
2548 2151 2613 2205 iis
2641 2166 2760 2220 quae
2796 2151 3034 2221 scripsit,
3083 2163 3284 2206 annon.
3336 2148 3448 2219 Ego
3489 2162 3619 2201 vero

2030 2242 2257 2298 ostendo
2283 2243 2527 2311 quaedam
2561 2242 2613 2296 in
2658 2245 3040 2311 prophetarum
3088 2253 3398 2297 nostrorum
3432 2231 3615 2293 animo

2033 2332 2195 2387 fuisse
2259 2334 2479 2402 scriptis
2526 2332 2770 2402 majora,
2839 2349 2962 2403 quae
3008 2334 3226 2402 scriptis
3276 2347 3382 2386 non
3457 2346 3614 2385 man-

2032 2426 2246 2480 darunt.
2310 2424 2447 2478 Nam
2499 2424 2747 2479 Ezechiel
2812 2432 3090 2493 acceptum
3143 2424 3267 2477 libri
3332 2422 3611 2486 volumen,

2036 2534 2053 2565 ι
2092 2518 2235 2584 quod
2288 2524 2408 2571 erat
2468 2516 2727 2583 scriptum
2791 2515 2940 2569 intus
2997 2524 3052 2568 et
3113 2513 3245 2569 foris
3304 2520 3360 2567 et
3402 2513 3455 2565 in
3510 2524 3617 2579 quo

2030 2616 2187 2658 erant
2234 2604 2673 2668 lamentationes,
2706 2619 2925 2658 carmen
2973 2614 3026 2659 et
3068 2604 3230 2668 vae“,
3262 2622 3281 2655 ι
3315 2602 3501 2671 iussus
3529 2609 3616 2654 est

2032 2710 2161 2752 voce
2186 2696 2397 2750 caelesti
2421 2695 2733 2759 comedere,
2764 2710 2832 2747 ne
2871 2694 3003 2748 illud
3048 2694 3442 2748 transcriberet
3474 2691 3617 2746 indi-

2034 2790 2263 2857 gnisque
2324 2787 2599 2856 proderet.
2656 2786 2719 2839 Et
2767 2784 3063 2841 Joannes”
3098 2785 3277 2839 simile
3327 2782 3606 2851 quidpiam

2032 2881 2234 2935 vidisse
2267 2889 2318 2935 et
2353 2878 2550 2933 fecisse
2588 2888 2864 2931 narratur.
2908 2876 3109 2931 Paulus
3141 2888 3361 2945 quoque
3404 2892 3421 2926 ι
3465 2873 3617 2927 audi-

2032 2973 2325 3026 vitarcana
2375 2969 2542 3024 verba
2571 2984 2691 3037 qua:
2739 2983 2843 3022 non
2879 2968 3007 3022 licet
3041 2967 3244 3022 homini
3292 2966 3436 3036 loqui
3489 2967 3557 3020 ⁸⁸.
3589 2985 3608 3019 ι

1960 3082 1999 3137 C
2033 3059 2172 3126 Quin
2192 3069 2245 3113 et
2263 3059 2347 3112 his
2365 3055 2886 3115 ormstantiorJesus
2910 3055 3083 3111 fertur
3109 3074 3127 3106 ι
3160 3060 3384 3111 verbum
3415 3058 3506 3111 Dei
3537 3056 3617 3110 lo-

2038 3162 2196 3207 cutus
2230 3150 2395 3204 fuisse
2423 3151 2699 3220 discipulis
2725 3164 2972 3203 seorsum
2990 3149 3058 3213 9‘,
3089 3168 3106 3202 ι
3130 3162 3183 3203 et
3202 3148 3504 3218 praesertim
3524 3147 3616 3201 ubi

2035 3255 2156 3293 cum
2194 3237 2299 3292 illis
2329 3253 2357 3290 a
2379 3239 2555 3293 turbis
2581 3247 2905 3293 secesserat.
2934 3237 3194 3302 Quasnam
3227 3248 3406 3292 autem
3425 3246 3616 3291 essent

2036 3332 2123 3384 illa
2163 3330 2327 3402 635
2362 3345 2478 3397 quae
2510 3331 2747 3394 diccbat,
2772 3344 3036 3389 nusquam
3065 3330 3325 3399 scriptum
3368 3340 3472 3384 est.
3514 3326 3616 3383 Ne-

2034 3439 2141 3493 que
2172 3425 2312 3478 enim
2346 3441 2364 3472 ι
2395 3423 2483 3475 illa
2508 3422 2639 3491 ipsis
2668 3422 2989 3477 videbantur
3011 3421 3299 3477 scribendo
3324 3428 3415 3473 aut
3434 3420 3620 3474 dicen-

2036 3514 2105 3568 do
2131 3530 2287 3583 posse
2322 3513 2518 3582 populo
2548 3513 2835 3566 declarari.
2873 3532 2891 3564 ι
2932 3513 3191 3580 Equidem
3219 3510 3493 3564 afﬁrmare
3521 3526 3614 3563 au-

2037 3606 2165 3669 sim,
2201 3607 2339 3659 bona
2391 3614 2568 3658 tamen
2610 3613 2882 3658 tantorum
2926 3604 3169 3657 virorum
3217 3616 3369 3672 pace,
3409 3601 3613 3657 Christi

2038 3698 2357 3767 discipulos,
2381 3707 2668 3765 postquam
2695 3696 2784 3750 Dei
2805 3696 2978 3765 gratia
3004 3695 3436 3761 fueruntedocti,
3455 3694 3615 3763 longe

2038 3790 2234 3844 melius
2257 3789 2483 3843 Platone
2507 3789 2708 3843 vidisse
2730 3802 2975 3856 quaenam
3003 3796 3058 3842 et
3080 3787 3350 3856 quomodo
3366 3787 3616 3841 scriben-

2039 3885 2105 3937 da
2130 3890 2339 3947 essent,
2371 3896 2619 3951 quamam
2648 3896 2750 3933 non
2779 3880 2996 3950 scriptis
3037 3880 3325 3934 indicanda
3378 3878 3611 3949 populo;

2038 3988 2290 4045 quamam
2340 3972 2592 4037 dicenda,
2646 3986 2895 4042 quaenam
2940 3971 3190 4026 tacenda.
3234 3970 3442 4024 Rursus
3474 3970 3615 4023 hanc

2037 4081 2139 4122 nos
2169 4066 2582 4121 scribendorum
2610 4073 2664 4119 et
2688 4081 2791 4119 non
2818 4064 3231 4119 scribendorum
3250 4061 3612 4117 differentiam

2037 4158 2195 4214 docet
2225 4157 2520 4222 Joannes‘,
2554 4171 2675 4210 cum
2731 4158 2807 4210 ait
2844 4172 2904 4210 se
2930 4156 3168 4210 audiissc
3216 4163 3421 4222 septem
3474 4152 3616 4206 toni-

2043 4260 2181 4312 trua,
2212 4267 2333 4316 quae
2360 4252 2535 4320 ipsum
2566 4251 2631 4305 de
2662 4249 2988 4318 quibusdam
3017 4247 3306 4301 erud'rent
3336 4252 3613 4299 vetarent-

2039 4358 2144 4411 que
2176 4356 2242 4394 ne
2273 4342 2357 4395 sui
2390 4355 2671 4396 sermones
2702 4339 2888 4408 scripti
2918 4338 3222 4407 prodirent.

2107 4434 2158 4486 7.
2218 4432 2481 4486 Caeterum
2532 4432 2675 4499 apud
2734 4432 2972 4500 Moysem
3032 4441 3088 4483 et
3143 4437 3463 4498 prophetas,
3504 4443 3610 4484 non

2037 4525 2261 4579 Platone
2316 4524 2489 4577 solum
2546 4531 2599 4575 et
2645 4520 2898 4583 Homero,
2933 4522 3025 4576 sed
3080 4523 3245 4577 etiam
3299 4521 3612 4577 Graecarum

2039 4619 2343 4672 litterarum
2395 4615 2712 4669 inventione
2763 4614 3125 4683 antiquiores,
3170 4613 3341 4669 multa
3374 4614 3614 4684 reperire

2036 4719 2117 4763 est
2147 4717 2202 4761 et
2231 4706 2391 4776 digna
2424 4705 2541 4771 Dei,
2573 4722 2679 4775 qua
2709 4706 3134 4775 inspirabantnr,
3160 4706 3335 4775 gratia
3380 4716 3435 4760 et
3465 4704 3616 4774 cogi-

2039 4798 2306 4853 tationum
2338 4796 2576 4851 elatione
2613 4797 2953 4856 admiranda.
2986 4798 3094 4852 Nec
3122 4813 3186 4852 ca
3222 4796 3509 4852 dicendum
3533 4807 3617 4851 est

2036 4890 2104 4943 ab
2128 4889 2232 4942 illis
2258 4896 2481 4956 accepta
2513 4886 2684 4942 fuisse
2715 4904 2779 4941 ex
2809 4888 3030 4943 Platone
3067 4889 3206 4942 male
3235 4888 3617 4951 intellecto,Ut

2034 4989 2187 5050 putat
2236 4978 2458 5041 Celsus;
2490 4979 2581 5046 qni
2630 4980 2773 5031 enim
2810 4979 3000 5033 audire
3034 4978 3338 5048 potuissent
3372 4977 3612 5032 nondum

2036 5070 2256 5124 natum?
2298 5068 2367 5123 Ut
2400 5078 2580 5122 autem
2635 5070 2700 5121 ad
2751 5067 2876 5122 Jesu
2929 5071 3227 5138 apostolos,
3259 5068 3485 5123 Platone
3531 5080 3614 5120 re-

2035 5166 2329 5228 centiores,
2359 5162 2562 5217 referat
2598 5163 2718 5229 quis
2748 5163 2891 5217 Celsi
2927 5164 3113 5229 verba,
3149 5163 3271 5217 vide
3295 5175 3471 5215 annon
3515 5161 3611 5212 im-

2038 5256 2322 5326 probabile
2373 5256 2445 5309 sit
2503 5253 2733 5308 Paulum
2794 5253 3269 5308 tabernaculorum
3324 5250 3610 5316 artiﬁcem,

2618 5394 2852 5463 9TApoc.
2884 5410 2937 5457 κ,
2961 5393 3013 5446 9.
3142 5390 3192 5422 ’3
3216 5388 3257 5444 ll
3283 5389 3408 5445 Cor.
3438 5402 3533 5455 χιι,
3558 5388 3608 5442 4.

2036 5583 2134 5635 dex
2164 5580 2507 5643 Basilecnsis,
2541 5586 2652 5644 τοῖς
2680 5581 2915 5649 πατράσι
2944 5578 3311 5649 προαγαγεῖν,
3329 5575 3469 5646 quod
3495 5592 3616 5632 con-

2039 5653 2203 5703 sentit
2229 5667 2349 5703 cum
2380 5651 2608 5703 lectione
2640 5646 2879 5705 Platonis
2914 5651 3076 5719 epist.
3106 5646 3155 5710 7,
3193 5648 3353 5705 modo
3382 5662 3482 5717 pro
3509 5659 3605 5696 πα-

2038 5722 2198 5791 τράσι
2232 5721 2440 5789 Iegatur
2468 5723 2618 5773 πᾶσι.
