3990 6158
467 267 602 323 £9.99

1946 257 2266 318 ORIGENIS

3563 254 3695 312 1300

460 388 683 444 l’etrum
715 390 1060 459 piscatorem,
1100 396 1153 442 et
1198 387 1458 442 Joannem
1491 387 1580 457 qui
1609 387 1780 454 patris
1814 384 2026 453 reliquit

2132 384 2246 434 ἐστι
2277 381 2337 432 τὸ
2367 379 2562 447 λέγειν,
2593 375 2802 430 Παῦλον
2827 375 2919 428 τὸν
2958 373 3309 445 σκηνοποιὸν,
3364 372 3457 426 καὶ
3501 372 3701 444 Πέτρον

465 485 618 545 retia,
654 497 684 536 e
711 481 954 536 Platonis
987 478 1227 549 epistolis
1268 478 1407 532 male
1441 479 1754 545 intellectis,
1792 476 1920 531 talia
1957 478 2024 529 de

465 573 574 628 Deo
602 572 670 626 ad
692 582 933 640 posteros
966 571 1354 626 transmisisse.
1392 569 1490 625 llic
1519 568 1705 624 Celsus
1735 577 1792 621 ut
1826 580 2022 621 novum

461 657 593 738 quid
625 670 725 710 nec
757 667 910 710 antea
941 657 1138 710 dictum
1162 659 1376 724 repetit,
1403 657 1542 726 quod
1566 655 1835 723 schejam
1860 655 2025 708 canti-

464 756 692 813 taverat,
742 761 839 802 nos
891 747 1051 801 ﬁdem
1112 749 1440 817 praecipitem
1501 747 1796 816 requirere.
1860 745 2025 798 Nobis

459 852 588 891 vero
628 838 762 891 satis
793 847 918 891 sunt
947 852 1065 906 qua:
1096 839 1163 892 ad
1196 839 1246 891 id
1281 846 1403 892 ante
1434 837 1832 905 respondimus.
1854 832 2025 887 Aﬂert

460 928 603 984 aliud
657 943 721 983 ex
772 929 1017 994 Platone,
1077 931 1218 984 unde
1268 929 1398 984 dicit
1424 943 1544 982 eum
1585 945 1604 978 ι
1646 926 2025 994 interrogatio-

459 1021 616 1076 nibus
654 1029 709 1076 et
753 1021 1028 1091 responsis
1057 1022 1339 1092 plurimam
1373 1021 1546 1074 lucem
1583 1017 1775 1071 afferre
1803 1017 1868 1070 iis
1932 1016 2020 1083 qui

460 1113 630 1182 ipsius
686 1113 1083 1182 phil050phiam
1139 1120 1436 1168 sectantur.
1474 1129 1494 1162 ι
1533 1110 1637 1164 Sed
1668 1123 1766 1163 nos
1797 1108 1955 1161 etiam
1993 1119 2024 1157 e

457 1200 631 1254 sacris
675 1199 973 1270 Scripturis
1013 1201 1230 1270 planum
1283 1199 1514 1254 facimus
1550 1209 1827 1252 auctorem
1865 1195 2023 1250 nobis

457 1307 581 1348 esse
617 1292 857 1347 divinum
902 1307 1230 1360 sermonem,
1266 1303 1323 1347 ut
1357 1307 1578 1362 cperam
1609 1291 1903 1346 dialecticae
1932 1290 2023 1344 de-

459 1397 600 1438 mus.
635 1382 796 1438 Modo
820 1384 961 1438 enim
1002 1383 1257 1439 Salomon
1287 1385 1362 1438 ait
1399 1403 1411 1438 :
1453 1404 1472 1435 «
1512 1383 1754 1438 Scientia
1799 1383 1916 1436 sine
1943 1382 2024 1434 in-

459 1473 750 1543 quisitione
793 1475 1122 1543 decipitur”:
1154 1493 1172 1526 ›
1206 1475 1364 1530 modo
1408 1473 1538 1530 Jesu
1586 1472 1801 1528 Sirachi
1855 1472 2020 1539 filius,

459 1566 548 1633 qui
599 1565 792 1618 librum
845 1565 1182 1635 Sapientiam
1241 1566 1560 1634 inscriptum
1623 1563 1951 1633 conscripsit
2006 1580 2019 1616 :

463 1675 481 1704 ι
537 1654 775 1710 Scientia
829 1655 1006 1722 stulti,
1058 1671 1334 1711 sermones
1362 1654 1830 1710 inextricabiles.3
1873 1671 1892 1704 ι
1930 1652 2025 1704 Est

2131 473 2224 526 τόν
2251 471 2424 535 ἁλιέα,
2461 473 2553 523 καὶ
2591 469 2836 537 Ἰωάννην
2875 467 2966 519 τὸν
2999 464 3366 518 καταλιπόντα
3403 464 3471 516 τὰ
3513 462 3700 516 δίκτυα

2129 560 2225 615 τοῦ
2276 561 2508 633 πατρὸς,
2544 561 2994 630 παρακούσαντας
3037 557 3146 610 τῶν
3177 556 3420 609 Πλάτωνι
3474 557 3534 607 ἐν
3581 557 3700 618 cui;

2131 653 2440 715 ἐπιστολαῖς
2470 651 2774 722 εἰρημένων
2803 650 2908 718 (99)
2937 691 2950 714 ,
2985 648 3204 701 τοιαῦτα
3257 647 3385 718 περὶ
3439 645 3533 699 τοῦ
3566 647 3698 700 Θεοῦ

2132 738 2584 808 παραδεδωκέναι.
2617 736 2884 799 Πολλάκις
2907 736 2963 788 δέ
2986 736 3084 805 ήδη
3113 737 3141 787 ό
3161 735 3366 798 Κέλσος
3399 733 3701 806 θρυλλήσας

2131 828 2205 890 ὡς
2237 827 2552 898 ἀξιούμενον
2590 827 2791 889 εὐθέως
2832 827 3124 891 πιστεύειν,
3151 826 3224 888 ὡς
3258 826 3440 878 καινόν
3465 843 3518 878 τι
3551 823 3726 897 παρὰΔ

2129 914 2196 966 τά
2229 914 2490 984 πρότερον
2518 914 2813 985 εἰρημένα,
2849 913 3009 966 πάλιν
3041 914 3168 967 αὑτό
3213 931 3376 984 φησιν
3407 913 3481 984 (l)
3501 932 3514 945 ·
3545 916 3704 985 ἀρκεῖ

2128 1005 2170 1057 δ’
2207 1007 2336 1075 ἡμῖν
2361 1007 2429 1058 τά
2464 1007 2542 1067 εἰς
2568 1004 2740 1057 ταῦτα
2768 1004 3082 1074 λελεγμένα.
3123 1005 3275 1056 Ἐπεὶ
3301 1003 3357 1055 δὲ
3401 1003 3492 1055 καὶ
3535 1003 3701 1073 ἀλλην

2129 1095 2271 1160 λέξιν
2301 1094 2568 1147 ἐκτίθεται
2602 1095 2886 1157 Πλάτωνος
2904 1135 2918 1158 ,
2973 1095 3040 1146 δι’
3065 1087 3140 1148 ὧν
3169 1110 3332 1164 φησιν
3361 1112 3380 1144 ί
3403 1094 3702 1164 ἐρωτήσεσι

2101 1185 2222 1236 ,καὶ
2255 1185 2574 1254 ἀποκρίσεσι
2606 1184 2883 1254 χρώμενον
2910 1184 2985 1253 ('2)
3046 1183 3339 1254 ἐλλάμπειν
3394 1185 3703 1254 φρονήμασι

2129 1276 2240 1336 τοῖς
2281 1274 2401 1325 κατ’
2432 1274 2592 1325 αὑτὸν
2631 1271 3008 1343 φιλοσοφοῦσι·
3037 1291 3054 1323 ι
3097 1273 3260 1343 φέρε,
3293 1273 3702 1345 παραδείξωμεν

2131 1365 2237 1417 ἀπὸ
2288 1364 2394 1417 τῶν
2437 1364 2595 1435 ἱερῶν
2640 1363 3013 1434 γραμμάτων,
3062 1363 3142 1415 ὅτι
3191 1363 3490 1433 προτρέπει
3541 1366 3633 1417 καὶ
3672 1369 3705 1420 ὁ

2132 1457 2270 1518 θεῖος
2316 1455 2470 1524 λόγος
2515 1456 2662 1525 ἡμᾶς
2707 1456 2800 1508 ἐπὶ
2850 1455 3221 1524 διαλεκτικήν·
3252 1455 3384 1506 ὅπου
3419 1455 3515 1522 μὲν
3544 1457 3701 1509 Σολο-

2134 1547 2338 1617 μῶντος
2365 1545 2638 1612 λέγοντος·
2675 1565 2692 1595 ε
2715 1545 2938 1596 Παιδεία
2983 1544 3039 1597 δέ
3080 1543 3459 1612 ἀνεξέλεγκτος
3493 1546 3699 1600 πλανᾶ-

2129 1653 2253 1688 ται·
2287 1655 2304 1687 ι
2339 1637 2470 1688 ὅπου
2510 1635 2566 1688 δὲ
2593 1634 2686 1687 τοῦ
2721 1635 2782 1686 τὸ
2815 1635 3148 1705 σύγγραμμα
3177 1636 3276 1706 τὴν
3303 1638 3533 1703 Σοφίαν
3570 1639 3700 1706 ἡμῖν

459 1747 626 1816 igitur
651 1747 789 1814 apud
815 1763 911 1802 nos
935 1750 1169 1802 maxime
1194 1747 1454 1802 benevola
1479 1744 1839 1815 persuadendi
1873 1743 2026 1805 ratio,

2143 1727 2526 1789 καταλιπόντος
2571 1725 2742 1796 Ἰησοῦ
2784 1725 2900 1778 υἱοῦ
2934 1727 3130 1797 Σειρὰχ
3153 1727 3480 1795 φάσκοντος·
3518 1747 3538 1779 ι
3561 1728 3702 1780 Γνῶ-

458 1839 550 1906 qui
582 1839 870 1894 didicimus
890 1839 1148 1895 doctrinm
1177 1840 1490 1909 praefectum
1515 1853 1639 1892 eum
1661 1851 1781 1891 esse
1809 1837 2022 1902 debere,

457 1930 548 1998 qui
609 1930 1045 1984 contradicentes
1093 1945 1322 1999 arguere
1352 1929 1582 1999 possit}.
1621 1928 1774 1995 Quod
1807 1929 1853 1982 si
1897 1943 2028 1983 non-

461 2019 590 2073 nulli
614 2020 817 2074 inertes
835 2035 1113 2074 sacrarum
1133 2020 1539 2090 Scripturarum
1566 2019 1778 2074 lectioni
1818 2020 2025 2074 incum-

460 2111 608 2178 bere,
663 2125 754 2164 eas
795 2113 1050 2176 scrutari,
1076 2126 1295 2166 sensum
1326 2126 1538 2176 earum,
1575 2119 1633 2165 ut
1661 2109 1818 2166 Jesus
1849 2110 2022 2178 jubet,

459 2201 807 2271 investigare,
845 2201 1060 2256 illarum
1086 2218 1114 2256 a
1151 2203 1258 2259 Deo
1290 2203 1621 2259 intellectum
1655 2201 1950 2271 postulare,
1973 2210 2028 2256 et

459 2293 605 2348 fores
679 2293 924 2348 occlusas
981 2293 1194 2362 pulsare
1256 2296 1573 2365 pigrantur,
1644 2307 1752 2348 non
1823 2292 2026 2347 idcirco

461 2381 569 2436 illae
593 2383 860 2452 sapientia
883 2392 1097 2439 vacant.

530 2649 586 2702 8.
615 2646 746 2702 Post
790 2646 899 2700 alia
948 2645 1191 2702 Platonis
1232 2645 1418 2715 verba,
1449 2645 1646 2716 quibus
1685 2645 1731 2698 is
1789 2641 2026 2698 declarat

461 2739 660 2792 bonum
701 2737 887 2804 paucis
909 2750 1028 2791 esse
1066 2745 1284 2802 notum,
1319 2755 1338 2788 ‹
1367 2743 1651 2806 propterea
1675 2738 1818 2804 quod
1861 2732 2023 2804 635

463 2828 614 2882 multi
661 2843 782 2882 cum
826 2828 1012 2898 iniquo
1045 2836 1357 2897 contemptu
1408 2828 1689 2896 occupati,
1755 2836 1868 2881 tum
1913 2841 2028 2878 ma-

463 2923 659 2991 gnifica
674 2924 766 2977 sed
781 2922 932 2977 inani
948 2936 1045 2991 spe
1059 2922 1182 2976 elati
1203 2923 1443 2991 quaedam
1459 2920 1725 2974 allirmant
1743 2933 1861 2973 esse
1874 2932 2022 2982 vera,

463 3012 617 3082 quasi
646 3012 845 3065 eximia
867 3011 1114 3079 quaedam
1148 3009 1556 3078 reperissent";
1582 3027 1600 3059 ›
1631 3007 1781 3061 addit
1803 3005 2021 3059 Celsus:

2131 1836 2212 1882 σις
2242 1819 2500 1871 ἀσυνέτου
2525 1817 2888 1881 ἀδιεξέταστοι
2922 1818 3088 1886 λόγοι.
3113 1838 3131 1868 ι
3163 1819 3236 1870 Εὐ
3247 1822 3423 1888 μενεῖς
3445 1815 3536 1872 οῦν
3560 1820 3701 1887 ἔλεγ-

2127 1928 2210 1981 χοι
2263 1911 2391 1981 παρ’
2424 1912 2554 1980 ἡμῖν
2596 1912 2697 1962 είσι
2743 1909 2970 1979 μᾶλλον,
3021 1913 3134 1972 τοῖς
3173 1909 3451 1980 μαθοῦσιν,
3486 1912 3569 1964 ὅτι
3624 1913 3704 1964 δεῖ

2126 1998 2218 2050 τὸν
2250 1998 2643 2068 προϊστάμενον
2674 1996 2766 2050 τοῦ
2798 1999 2954 2065 λόγου
2981 1997 3202 2052 δυνατὸν
3240 1995 3376 2052 εἶναι
3407 2001 3532 2063 τοὺς
3559 2001 3704 2052 ἀντι-

2127 2089 2382 2156 λέγοντας
2443 2089 2702 2158 ἐλέγχειν.
2763 2089 2826 2140 Εἰ
2885 2088 2940 2140 δέ
2997 2088 3297 2160 ρᾳθυμοῦσί
3352 2107 3532 2154 τινες,
3601 2093 3701 2146 οὐκ

2128 2179 2419 2242 ἀσκοῦντες
2473 2179 2757 2249 προσέχειν
2812 2182 2930 2242 ταῖς
2973 2179 3142 2244 θείαις
3187 2182 3555 2249 ἀναγνώσεσι,
3606 2186 3699 2237 καὶ

2127 2272 2352 2341 ἐρευνᾷν
2393 2269 2491 2333 τάς
2540 2271 2578 2322 Γ
2585 2271 2793 2342 ραφάς,
2845 2272 2968 2335 καὶ,
3023 2272 3162 2324 κατά
3196 2273 3294 2344 τὴν
3341 2275 3560 2346 ἐντολὴν
3605 2276 3697 2328 τοῦ

2140 2361 2333 2432 Ἰησοῦ,
2369 2364 2549 2431 ζητεῖν
2590 2363 2687 2432 τὴν
2719 2363 2956 2415 διάνοιαν
2984 2361 3090 2415 τῶν
3117 2363 3367 2434 Γραφῶν,
3412 2367 3506 2418 καὶ
3529 2366 3698 2419 αἰτεῖν

2129 2452 2254 2521 περ)¹
2269 2451 2446 2504 αὐτῶν
2463 2450 2569 2504 ἀπὸ
2589 2449 2681 2504 τοῦ
2706 2450 2862 2516 Θεοῦ,
2880 2453 2972 2504 καὶ
2987 2452 3200 2522 κρούειν
3219 2454 3396 2507 αὐτῶν
3408 2455 3476 2508 τὰ
3491 2453 3698 2507 κεκλει-

2130 2545 2329 2614 σμένα’
2373 2546 2430 2596 ού
2487 2542 2638 2615 παρά
2673 2543 2830 2596 τοῦτο
2873 2547 2900 2597 ὁ
2946 2545 3100 2613 λόγος
3144 2546 3297 2608 κενός
3339 2548 3452 2599 ἐστι
3486 2547 3693 2616 σοφίας.

2196 2635 2329 2693 Εἶτά
2384 2657 2536 2709 φησι,
2573 2637 2708 2708 μετά
2754 2637 2917 2701 ἄλλας
2963 2638 3132 2702 λέξεις
3187 2638 3538 2702 Πλατωνικάς
3562 2680 3575 2704 ,
3604 2640 3698 2709 δη-

2128 2732 2324 2796 λούσας
2343 2772 2356 2796 ,
2387 2733 2467 2785 ὅτι
2494 2730 2690 2799 ὀλίγοις
2713 2730 2829 2782 ἐστὶ
2858 2731 3096 2798 γνωστὸν
3117 2732 3177 2784 τὸ
3199 2731 3399 2799 ἀγαθόν
3417 2749 3430 2763 ·
3470 2751 3488 2782 α
3509 2733 3629 2785 ἐπεὶ
3647 2733 3696 2784 οἰ

2130 2821 2312 2875 πολλοὶ
2352 2819 2487 2892 μετά
2519 2819 2968 2890 καταφρονήσεως
3001 2820 3099 2872 οὐκ
3131 2820 3314 2891 ὀρθῆς,
3359 2821 3566 2892 ὑψηλῆς
3601 2821 3698 2874 xui.

2127 2909 2328 2980 χαύνης
2361 2909 2568 2971 ἐλπίδος
2597 2907 2989 2978 πληρωθέντες,
3030 2908 3105 2973 ὡς
3139 2909 3314 2978 σεμνά
3356 2911 3492 2963 ἄττα
3518 2927 3694 2980 μεμα-

2128 2999 2373 3068 θηκότες,
2404 2998 2621 3065 λέγουσί
2646 3014 2765 3049 τινα
2793 2996 2866 3060 ὡς
2899 2996 3103 3068 ἀληθῆ·
3143 3017 3162 3049 ι
3195 2999 3275 3052 ὅτι
3316 3017 3333 3048 t
3369 2999 3539 3053 ταῦτα
3573 3016 3700 3070 προ-

469 3075 494 3154 έ
524 3102 646 3155 Haec
668 3075 924 3170 praefatus
949 3100 1120 3164 Plato,
1145 3075 1248 3152 non
1280 3109 1456 3154 tamen
1489 3097 1732 3168 prodigia
1759 3095 2020 3162 venditat,

2132 3089 2363 3160 ειρηκὼς
2394 3092 2421 3142 ό
2453 3089 2697 3156 Πλάτων,
2740 3091 2886 3159 ὅμως
2919 3090 2978 3140 ού
3002 3088 3370 3159 τερατεύεται,
3414 3091 3519 3143 οὐδ’
3561 3093 3696 3144 ἀπο-

467 3208 570 3246 ηοη
594 3192 828 3246 obstruit
851 3205 912 3245 os
937 3205 1178 3259 quaerere
1201 3190 1401 3244 volenti
1431 3189 1686 3259 quidnam
1707 3189 1778 3243 sit
1801 3187 1852 3241 id
1878 3186 2022 3256 quod

470 3285 771 3350 pollicetur,
811 3298 916 3336 non
947 3281 1102 3350 jubet
1142 3291 1270 3335 ante
1305 3280 1483 3335 omnia
1515 3279 1663 3334 credi
1715 3278 1874 3332 talem
1906 3292 2025 3334 esse

470 3377 657 3438 Deum,
683 3373 840 3428 talem
875 3372 1074 3427 habere
1105 3372 1320 3438 Filium,
1341 3372 1455 3439 qui,
1485 3385 1606 3425 cum
1636 3370 2024 3436 descendisset,

468 3466 597 3520 mihi
645 3466 748 3520 ista
781 3463 1068 3518 nuntiavit.
1103 3481 1122 3515 ι
1159 3462 1482 3531 Respondeo
1522 3461 1924 3524 Aristandrum,
1969 3460 2023 3516 ni

469 3557 644 3621 fallor,
674 3554 741 3610 de
778 3553 1002 3609 Platone
1031 3553 1338 3623 scripsrsse,
1374 3551 1524 3607 illum
1550 3565 1657 3606 non
1683 3549 1853 3606 fuisse
1896 3550 2023 3604 Ari-

465 3647 642 3702 stonis
673 3645 864 3711 filium,
894 3645 989 3700 sed
1027 3644 1226 3714 spectri
1267 3644 1548 3713 cujusdam
1587 3642 1730 3712 quod
1758 3640 2027 3709 Apollinis

467 3739 637 3790 forma
668 3751 779 3790 rem
824 3734 1075 3790 habuerit
1107 3748 1230 3788 cum
1264 3733 1656 3801 Amphietione.
1689 3731 1862 3798 Quam
1911 3746 2025 3786 rem

467 3837 794 3882 attestantur
833 3826 984 3880 multi
1032 3824 1455 3891 Platonicorum,
1504 3826 1596 3893 qui
1648 3825 1730 3878 sui
1781 3823 2026 3894 magistri

464 3921 632 3972 vitam
677 3918 1029 3988 scripserunt.
1062 3915 1204 3980 Quid
1238 3916 1412 3968 dicam
1443 3916 1508 3970 de
1555 3914 1884 3984 Pythagora,
1932 3915 2024 3983 qui

469 4019 541 4063 tot
584 4011 649 4062 de
684 4022 742 4063 se
774 4006 1019 4077 prodigia
1044 4003 1334 4072 jactitavit,
1381 4005 1473 4073 qui
1507 4002 1682 4058 femur
1722 4004 2022 4058 eburneum

536 4148 557 4177 ²
578 4145 737 4201 Prov.
767 4161 820 4210 κ,
851 4143 937 4198 l7.
1053 4143 1074 4173 ³
1098 4142 1225 4212 Sap.
1249 4141 1473 4206 ΧΧ1,18.
1568 4140 1592 4172 ⁵
1614 4140 1634 4194 l
1657 4135 1798 4196 Tim.
1825 4155 1898 4206 tv,
1925 4141 2011 4194 15.

2131 3181 2356 3251 φράττει
2412 3179 2505 3232 τοῦ
2543 3179 2920 3250 προαιρεῖσθαι
2967 3177 3290 3249 βουλομένου
3342 3180 3414 3250 (5)
3461 3181 3514 3232 τί
3566 3183 3696 3236 ποτέ

2131 3275 2275 3326 ἐστιν
2325 3272 2354 3325 ὃ
2402 3271 2812 3340 ἐπαγγέλλεται,
2857 3271 2954 3341 τὴν
2994 3269 3238 3339 γλῶτταν
3262 3287 3274 3301 ο
3320 3272 3429 3324 οὐδ’
3475 3271 3697 3325 αὐτόθεν

2131 3363 2339 3417 κελεύει
2364 3362 2671 3432 φθάσαντας
2693 3361 2989 3426 πιστεύειν,
3009 3363 3090 3414 ὅτι
3110 3362 3312 3414 τοιόσδε
3330 3363 3473 3416 ἐστὶν
3495 3365 3523 3416 ὁ
3543 3363 3699 3428 Θεὸς,

2132 3457 2226 3510 καὶ
2264 3454 2390 3509 Υἰὸν
2420 3454 2531 3524 έχει
2556 3453 2774 3507 τοιόνδε·
2810 3454 2903 3506 καὶ
2931 3446 3085 3517 οὗτος
3129 3453 3402 3506 κατελθὼν
3441 3455 3563 3525 ἐμοὶΙ
3593 3456 3700 3508 διε-

2133 3544 2344 3609 λέξατο.
2369 3565 2388 3597 ι
2423 3546 2530 3597 Καὶ
2557 3545 2692 3616 πρὸς
2720 3541 2893 3598 ταῦτά
2915 3561 3077 3614 φημι,
3108 3546 3188 3598 ὅτι
3210 3547 3338 3617 περὶ
3361 3547 3457 3616 μὲν
3477 3546 3698 3601 Πλάτω-

2133 3653 2223 3698 νος
2264 3635 2662 3708 Ἀρίστανδρος,
2704 3631 2877 3707 οἶμαι,
2915 3636 3239 3708 ἀνέγραψεν,
3279 3637 3354 3700 ὼς
3398 3639 3498 3691 οὐκ
3550 3637 3696 3710 Ἀρί-

2139 3743 2337 3790 στωνος
2387 3725 2525 3791 υἱοῦ,
2588 3727 2723 3780 ἀλλά
2777 3727 3058 3798 φάσματος
3107 3729 3165 3782 ἐν
3195 3728 3526 3793 Ἀπόλλωνος
3569 3730 3696 3783 εἴδει

2134 3820 2514 3890 προσελθόντος
2532 3823 2596 3891 τῇ
2643 3821 2986 3892 Ἀμφικτιόνῃ
3009 3821 3104 3892 (4).
3130 3823 3240 3874 Καὶ
3264 3820 3411 3876 ἄλλοι
3433 3821 3490 3874 δὲ
3521 3821 3700 3875 πλείο-

2132 3928 2220 3973 νες
2273 3911 2380 3964 τῶν
2434 3910 2790 3964 Πλατωνικῶν
2842 3915 2900 3964 ἐν
2948 3913 3025 3983 τῷ
3072 3912 3355 3976 Πλάτωνος
3399 3912 3497 3984 βίῳ
3545 3913 3694 3966 ταῦτ’

2132 4004 2403 4074 εἰρήκασι·
2432 4004 2560 4074 περὶ
2594 4002 2650 4055 δὲ
2688 4003 3003 4076 Πυθαγόρου
3037 4004 3115 4076 (ὃ)
3147 4005 3372 4060 πλεῖστα
3405 4006 3504 4059 ὅσα
3535 4023 3693 4079 τερα-

2108 4140 2130 4171 ⁵
2151 4140 2314 4208 Plat.,
2341 4156 2428 4212 ep.
2457 4141 2510 4195 7.

536 4284 646 4355 (99)
681 4282 1014 4338 stchelius
1033 4283 1293 4355 _in_texl_u,
1323 4280 1764 4355 παρακούσαντες
1789 4280 1865 4351 τῷ
1890 4280 2026 4334 Πλά·

2137 4282 2290 4335 ταῦτ’
2332 4283 2612 4355 εἰρήκασι,
2668 4280 2831 4355 habet
2872 4280 3094 4355 τοιέιῦτα
3125 4284 3400 4355 εἰρήκασι.
3442 4281 3695 4355 “(escha-

461 4351 591 4409 τωνι
619 4356 675 4406 ἐν
701 4357 819 4416 ταῖς
842 4351 1150 4415 ἐπιστολαῖς
1183 4351 1290 4404 τῶν
1319 4351 1438 4422 εἰρη
1449 4351 1638 4421 μένων.

539 4425 614 4492 (l)
645 4424 871 4478 Guietus
923 4424 1001 4477 sic
1039 4423 1179 4492 hunc
1214 4422 1398 4492 locum
1430 4421 2025 4492 legendumproponit,

464 4490 724 4556 πολλάκις
771 4492 825 4543 δὲ
878 4492 979 4562 ἤδη
1029 4494 1056 4543 ὁ
1089 4491 1307 4562 Κέλσος
1337 4490 1650 4562 ἀξιούμενος
1701 4490 1901 4554 εὐθέως
1947 4507 2036 4562 πι-

467 4565 694 4627 στεύειν,
725 4562 800 4624 ὼς
844 4561 1027 4613 καινόν
1077 4578 1129 4612 τι
1177 4561 1325 4630 παρὰ
1369 4561 1436 4614 τὰ
1487 4563 1747 4631 πρότερον
1777 4561 2038 4631 εἰρημένα

466 4633 792 4702 θρυλλήσας,
829 4631 987 4684 πάλιν
1018 4631 1148 4683 αὑτό
1180 4629 1362 4698 φησιν.
1416 4629 1730 4683 Βοιιοιττιιίυε
1764 4629 1953 4702 coqui
1982 4629 2036 4683 in

470 4700 619 4754 textu
657 4700 863 4755 ’nostro
913 4710 1016 4763 est,
1070 4708 1285 4752 servato
1328 4702 1615 4751 verborum
1680 4700 1869 4752 ordine
1912 4711 2034 4750 tan-

466 4781 580 4821 tum
637 4778 808 4822 mutat
856 4766 1172 4838 ἀξιούμενον
1231 4769 1284 4821 in
1340 4766 1616 4839 ἀξιοῦμεν,
1673 4768 1814 4836 quod
1865 4768 2036 4835 magis

504 4840 664 4892 Iacet.

464 4855 795 4976 Ριῖἓῗιίλίω).
835 4915 989 4959 antea
1020 4905 1171 4969 editi,
1206 4907 1525 4976 χρωμένων,
1569 4906 1662 4960 sed
1699 4920 1853 4970 mss.,
1887 4904 2032 4976 χρώ-

467 4994 650 5048 μενον.
689 4976 906 5048 rectius,
946 4987 1002 5027 ut
1024 4977 1094 5048 de
1123 4976 1345 5048 Platone
1380 4977 1730 5048 intelligatur.

536 5045 612 5116 (5)
650 5046 756 5100 Τοῦ
782 5044 1181 5111 προαιρεῖσθαι
1203 5045 1602 5113 βουλομένου.
1631 5045 1711 5116 lta_
1731 5042 2029 5116 coddﬁeg.

463 5128 516 5173 et
552 5113 716 5171 Basil.
762 5116 1093 5183 Anglicanus
1120 5129 1247 5168 vero
1278 5117 1550 5183 secundus
1577 5125 1629 5167 et
1660 5113 1790 5183 libb.
1822 5115 1946 5166 editi
1981 5117 2031 5167 in

463 5188 733 5256 margine,
771 5182 869 5254 τῷ
898 5183 1275 5256 προαιρεῖσθαι
1327 5182 1647 5256 βουλομένῳ.
1689 5182 1922 5256 Utraque
1960 5184 2034 5256 le-

462 5253 760 5319 ctio—b0na,
805 5253 963 5307 modo
999 5253 1210 5321 legatur
1239 5253 1598 5323 προσέρεσθαι
1632 5254 1711 5305 vel
1754 5255 2032 5322 προσερεῖ-

464 5327 608 5381 σθαι.
641 5325 780 5380 Male
833 5323 1166 5378 Hmsclielius
1205 5335 1261 5377 et
1293 5325 1598 5390 Spcnccrus
1640 5324 1692 5376 in
1739 5331 1887 5376 textu
1938 5325 2032 5375 lia-

460 5397 608 5466 bent,
634 5395 727 5447 τοῦ
760 5392 1539 5466 προαιρεῖσθαιβουλομένους.

535 5465 612 5536 (4)
660 5463 1047 5536 Ἀμφὶκτιὸνῃ.
1076 5465 1177 5518 Alii
1207 5463 1559 5534 Περικτιόνην
1584 5468 1944 5536 eam_vocant,
1971 5468 2032 5514 ut

463 5531 625 5601 supra
673 5531 723 5586 a'
756 5531 909 5588 nobis
956 5531 1049 5587 lib.
1083 5549 1096 5587 ι
1137 5531 1488 5588 observatum
1516 5531 1638 5587 'est.
1684 5531 2027 5601 Postﬂpanca

465 5599 598 5656 mss.
635 5603 856 5672 Regius,
890 5602 1213 5658 Basileensis
1263 5613 1315 5656 et
1353 5601 1664 5666 Vaticanus,
1693 5603 1750 5654 ἐν
1783 5599 1860 5672 τῷ
1890 5599 2030 5653 Πλά-

463 5683 632 5733 τωνος
667 5671 765 5741 βίῴ
794 5672 944 5725 ταῦτ’
969 5675 1242 5742 εἰρήκασι.
1278 5672 1604 5744 Anglicanus
1626 5671 1893 5730 secundus
1933 5685 2028 5741 pro

2137 4355 2239 4408 lius
2267 4361 2319 4406 et
2357 4351 2694 4422 S‘pcncerus,
2733 4353 2790 4405 ἐν
2827 4355 2894 4422 τῇ
2939 4351 3242 4416 Πλάτωνος
3267 4352 3416 4424 βιοτῇ
3446 4351 3596 4405 ταῦτ’
3623 4354 3695 4407 εἰ·

2171 4425 2353 4475 ήκασω

2137 4443 2460 4563 ρηῗῶσῖΙερί
2511 4491 2579 4544 δὲ
2614 4492 2983 4563 Πυθαγόροη.
3030 4489 3222 4545 Ursam
3261 4491 3536 4563 panniam
3581 4491 3691 4563 fru-

2137 4560 2290 4618 stulis
2318 4562 2498 4631 pavit,
2518 4570 2591 4631 iet
2620 4561 2881 4614 cicuravit
2925 4560 3328 4631 (PorplierDe
3365 4563 3468 4614 vita
3498 4560 3693 4631 Pytha-

2138 4629 2328 4700 gorw;
2357 4629 2669 4692 Jamblich.,
2716 4630 3004 4701 capalS);
3058 4629 3178 4683 bovi
3225 4629 3565 4695 Tarentino,
3604 4631 3690 4699 qui

2135 4699 2291 4754 fabas
2326 4702 2523 4754 virides
2553 4699 2806 4763 comedit,
2841 4699 2893 4752 in
2927 4699 3116 4753 aurem
3153 4701 3514 4754 insusurravit
3545 4717 3560 4753 :
3590 4715 3693 4768 quo

2137 4771 2310 4839 facto,
2353 4785 2443 4822 cas
2490 4771 2542 4839 in
2581 4777 2855 4839 posterum
2892 4785 3185 4839 minquam
3238 4769 3416 4839 attigit
3466 4770 3688 4839 (ibid.);

2135 4838 2367 4906 aquilam
2410 4839 2460 4891 in
2511 4838 2649 4891 ludis
2690 4837 2988 4906 Olympieis
3027 4854 3090 4892 ex
3136 4853 3260 4892 aere
3305 4837 3561 4903 deduxit,
3593 4857 3613 4889 σ
3640 4851 3692 4892 et

2135 4923 2252 4961 cum
2291 4907 2465 4976 aquila
2499 4907 2812 4972 colloquens
2843 4909 3069 4961 subinde
3094 4908 3364 4961 visebatur
3398 4907 3689 4972 (Ainniian.

2135 4976 2378 5042 Marcel.,
2424 4976 2517 5030 lib.
2558 4976 2770 5047 χχιι);ξ
2812 4978 2862 5028 in
2906 4979 3099 5047 Sybari
3141 4988 3195 5031 et
3245 4976 3545 5045 Tyrrhenia
3582 4993 3693 5031 ser-

2134 5055 2370 5113 pentem,
2399 5046 2618 5111 quosvis
2663 5046 3043 5112 perimentem,
3087 5062 3246 5099 manu
3296 5047 3606 5113 prehendit,
3639 5057 3692 5099 et

2136 5115 2349 5181 ili-pellit
2399 5113 2741 5185 (Jamblicln,
2786 5129 2906 5182 cap.
2932 5115 3053 5185 28);
3111 5115 3468 5184 piscatoribus
3514 5127 3691 5169 astans

2135 5200 2414 5237 numerum
2482 5185 2738 5250 piscium,
2792 5200 2927 5250 quos
2997 5194 3383 5245 extraxerunt,
3449 5187 3694 5251 praedixit

2135 5253 2441 5325 (Porphyg,
2463 5255 2646 5325 ibid);
2674 5252 2869 5325 Nessus
2900 5253 3094 5307 fluvius
3117 5256 3164 5307 ei
3186 5255 3353 5325 dixit,
3384 5255 3574 5325 Χαῖρε,
3593 5255 3693 5306 Πυ-

2133 5322 2685 5406 ραγόραιιῳειιιιΜίμιιι.⁹
2706 5333 2758 5375 et
2787 5322 3080 5406 \Porphyr"
3107 5324 3284 5406 ibid”:
3318 5322 3505 5406 Cyr-ill.
3537 5325 3686 5406 Ales.

2132 5391 2228 5445 liii.
2260 5391 2316 5446 iit
2353 5391 2838 5461 CumraJulirm.);
2874 5393 3202 5459 pestilentias
3253 5391 3476 5460 depulit,
3508 5404 3694 5447 ventos

2131 5463 2370 5524 sedavit,
2413 5473 2583 5532 terra;
2626 5472 2800 5514 motus
2854 5463 3099 5528 praedixit
3139 5461 3472 5532 (Jamblicln,
3511 5463 3688 5526 ἱὺίά.).

2130 5532 2333 5616 ξιυρία,
2365 5533 2533 5616 inquit
2561 5531 3692 5616 Porphyrius,olgrepa‘eaupaarérquxat

2131 5599 2386 5672 θειότερα
2405 5599 2533 5671 περὶ
2558 5601 2605 5651 τ’
2635 5599 2823 5670 ἀνδρὸς
2854 5601 3071 5671 ὁμαλῶς
3085 5599 3185 5654 ’καὶ
3213 5599 3694 5672 συμφώνωςεῖρη-

2130 5688 2236 5724 ται.
2309 5670 2331 5722 ἰ
2365 5670 2628 5727 Schenta
2678 5683 2859 5746 autem
2891 5670 2897 5671 ⁷
2928 5673 3030 5726 alia
3075 5671 3242 5727 multo
3285 5670 3692 5725 admirabilium
