  <div class='ocr_page' id='page_1' title='image "/cluster/home/n/w/nwhite01/storage/ocr_20150623/11/mdp.39015013266690/665.png"; bbox 0 0 3990 6158; ppageno 0'>
   <div class='ocr_carea' id='block_1_1' title="bbox 510 308 646 363">
    <p class='ocr_par' dir='ltr' id='par_1_1' title="bbox 510 308 646 363">
     <span class='ocr_line' id='line_1_1' title="bbox 510 308 646 363; baseline -0.007 -2"><span class='ocrx_word' id='word_1_1' title='bbox 510 308 646 363; x_wconf 76' lang='grc'>1305</span> 
     </span>
    </p>
   </div>
   <div class='ocr_carea' id='block_1_2' title="bbox 1984 304 2306 361">
    <p class='ocr_par' dir='ltr' id='par_1_2' title="bbox 1984 304 2306 361">
     <span class='ocr_line' id='line_1_2' title="bbox 1984 304 2306 361; baseline -0.006 0"><span class='ocrx_word' id='word_1_2' title='bbox 1984 304 2306 361; x_wconf 73' lang='lat' dir='ltr'><strong>ORIGENIS</strong></span> 
     </span>
    </p>
   </div>
   <div class='ocr_carea' id='block_1_3' title="bbox 3611 314 3738 371">
    <p class='ocr_par' dir='ltr' id='par_1_3' title="bbox 3611 314 3738 371">
     <span class='ocr_line' id='line_1_3' title="bbox 3611 314 3738 371; baseline 0.047 -6"><span class='ocrx_word' id='word_1_3' title='bbox 3611 314 3738 371; x_wconf 63' lang='grc'><strong>1504</strong></span> 
     </span>
    </p>
   </div>
   <div class='ocr_carea' id='block_1_4' title="bbox 507 416 2025 502">
    <p class='ocr_par' dir='ltr' id='par_1_4' title="bbox 507 416 2025 481">
     <span class='ocr_line' id='line_1_4' title="bbox 507 416 2025 481; baseline -0.001 -4"><span class='ocrx_word' id='word_1_4' title='bbox 507 422 641 477; x_wconf 87' lang='lat' dir='ltr'><strong>stola</strong></span> <span class='ocrx_word' id='word_1_5' title='bbox 671 425 736 478; x_wconf 91' lang='lat' dir='ltr'><strong>ad</strong></span> <span class='ocrx_word' id='word_1_6' title='bbox 767 423 1047 479; x_wconf 86' lang='lat' dir='ltr'><strong>llermcam</strong></span> <span class='ocrx_word' id='word_1_7' title='bbox 1078 436 1131 481; x_wconf 91' lang='lat' dir='ltr'><strong>et</strong></span> <span class='ocrx_word' id='word_1_8' title='bbox 1158 426 1465 481; x_wconf 88' lang='lat' dir='ltr'><strong>Coriscum:</strong></span> <span class='ocrx_word' id='word_1_9' title='bbox 1502 448 1519 478; x_wconf 85' lang='grc'><strong><em>‹</em></strong></span> <span class='ocrx_word' id='word_1_10' title='bbox 1559 426 1621 481; x_wconf 83' lang='grc' dir='ltr'>Ει</span> <span class='ocrx_word' id='word_1_11' title='bbox 1668 416 2025 481; x_wconf 74' lang='lat' dir='ltr'><strong>ohlestahimil</strong></span> 
     </span>
    </p>
   </div>
   <div class='ocr_carea' id='block_1_5' title="bbox 2137 416 3734 502">
    <p class='ocr_par' dir='ltr' id='par_1_5' title="bbox 2137 424 3734 502">
     <span class='ocr_line' id='line_1_5' title="bbox 2137 424 3734 502; baseline 0.001 -26"><span class='ocrx_word' id='word_1_12' title='bbox 2137 462 2144 485; x_wconf 83' lang='grc'><strong>,</strong></span> <span class='ocrx_word' id='word_1_13' title='bbox 2178 425 2269 476; x_wconf 75' lang='grc' dir='ltr'>τὸν</span> <span class='ocrx_word' id='word_1_14' title='bbox 2305 425 2450 494; x_wconf 69' lang='grc' dir='ltr'>παρὰ</span> <span class='ocrx_word' id='word_1_15' title='bbox 2500 424 2744 477; x_wconf 82' lang='grc' dir='ltr'>Πλάτωνι</span> <span class='ocrx_word' id='word_1_16' title='bbox 2782 425 3070 494; x_wconf 78' lang='grc' dir='ltr'>λεγόμενον</span> <span class='ocrx_word' id='word_1_17' title='bbox 3104 425 3212 495; x_wconf 89' lang='grc'><strong>(15)</strong></span> <span class='ocrx_word' id='word_1_18' title='bbox 3255 426 3313 477; x_wconf 86' lang='grc' dir='ltr'><strong>ἐν</strong></span> <span class='ocrx_word' id='word_1_19' title='bbox 3349 429 3412 497; x_wconf 83' lang='grc' dir='ltr'>τῇ</span> <span class='ocrx_word' id='word_1_20' title='bbox 3446 427 3581 499; x_wconf 70' lang='grc' dir='ltr'>πρὸς</span> <span class='ocrx_word' id='word_1_21' title='bbox 3620 432 3734 502; x_wconf 68' lang='grc' dir='ltr'><strong>Ἐῥα</strong></span> 
     </span>
    </p>
   </div>
   <div class='ocr_carea' id='block_1_6' title="bbox 511 514 2073 586">
    <p class='ocr_par' dir='ltr' id='par_1_6' title="bbox 511 514 2073 586">
     <span class='ocr_line' id='line_1_6' title="bbox 511 514 2073 586; baseline 0.005 -22"><span class='ocrx_word' id='word_1_22' title='bbox 511 514 676 567; x_wconf 87' lang='lat' dir='ltr'><strong>Deum</strong></span> <span class='ocrx_word' id='word_1_23' title='bbox 712 516 1111 583; x_wconf 78' lang='lat' dir='ltr'><strong>universorum,</strong></span> <span class='ocrx_word' id='word_1_24' title='bbox 1142 519 1439 586; x_wconf 91' lang='lat' dir='ltr'><strong>principem</strong></span> <span class='ocrx_word' id='word_1_25' title='bbox 1469 535 1647 573; x_wconf 85' lang='lat' dir='ltr'><strong>rerum</strong></span> <span class='ocrx_word' id='word_1_26' title='bbox 1687 533 1805 586; x_wconf 74' lang='lat' dir='ltr'><strong>qua:</strong></span> <span class='ocrx_word' id='word_1_27' title='bbox 1852 527 1977 572; x_wconf 91' lang='lat' dir='ltr'><strong>sunt</strong></span> <span class='ocrx_word' id='word_1_28' title='bbox 2019 528 2073 572; x_wconf 91' lang='lat' dir='ltr'><strong>et</strong></span> 
     </span>
    </p>
   </div>
   <div class='ocr_carea' id='block_1_7' title="bbox 506 604 2071 678">
    <p class='ocr_par' dir='ltr' id='par_1_7' title="bbox 506 604 2071 678">
     <span class='ocr_line' id='line_1_7' title="bbox 506 604 2071 678; baseline 0.006 -24"><span class='ocrx_word' id='word_1_29' title='bbox 506 618 625 671; x_wconf 70' lang='lat' dir='ltr'><strong>quze</strong></span> <span class='ocrx_word' id='word_1_30' title='bbox 684 604 883 659; x_wconf 75' lang='lat' dir='ltr'><strong>futura:</strong></span> <span class='ocrx_word' id='word_1_31' title='bbox 929 617 1073 670; x_wconf 91' lang='lat' dir='ltr'><strong>sunt,</strong></span> <span class='ocrx_word' id='word_1_32' title='bbox 1132 617 1188 661; x_wconf 88' lang='lat' dir='ltr'><strong>et</strong></span> <span class='ocrx_word' id='word_1_33' title='bbox 1253 610 1514 678; x_wconf 81' lang='lat' dir='ltr'><strong>principis</strong></span> <span class='ocrx_word' id='word_1_34' title='bbox 1559 610 1719 678; x_wconf 83' lang='lat' dir='ltr'><strong>hujus</strong></span> <span class='ocrx_word' id='word_1_35' title='bbox 1784 624 2071 677; x_wconf 60' lang='lat' dir='ltr'><strong>causaeque</strong></span> 
     </span>
    </p>
   </div>
   <div class='ocr_carea' id='block_1_8' title="bbox 504 698 2068 768">
    <p class='ocr_par' dir='ltr' id='par_1_8' title="bbox 504 698 2068 768">
     <span class='ocr_line' id='line_1_8' title="bbox 504 698 2068 768; baseline 0.006 -23"><span class='ocrx_word' id='word_1_36' title='bbox 504 704 708 760; x_wconf 89' lang='lat' dir='ltr'><strong>patrem</strong></span> <span class='ocrx_word' id='word_1_37' title='bbox 732 704 785 748; x_wconf 92' lang='lat' dir='ltr'><strong>et</strong></span> <span class='ocrx_word' id='word_1_38' title='bbox 811 698 1120 767; x_wconf 55' lang='lat' dir='ltr'><strong>dominuuﬁ;</strong></span> <span class='ocrx_word' id='word_1_39' title='bbox 1149 714 1306 767; x_wconf 85' lang='lat' dir='ltr'><strong>quem</strong></span> <span class='ocrx_word' id='word_1_40' title='bbox 1335 703 1549 768; x_wconf 80' lang='lat' dir='ltr'><strong>quidem</strong></span> <span class='ocrx_word' id='word_1_41' title='bbox 1573 716 1761 755; x_wconf 89' lang='lat' dir='ltr'><strong>omnes</strong></span> <span class='ocrx_word' id='word_1_42' title='bbox 1788 702 2068 768; x_wconf 86' lang='lat' dir='ltr'><strong>perspicue</strong></span> 
     </span>
    </p>
   </div>
   <div class='ocr_carea' id='block_1_9' title="bbox 501 790 2067 856">
    <p class='ocr_par' dir='ltr' id='par_1_9' title="bbox 501 790 2067 856">
     <span class='ocr_line' id='line_1_9' title="bbox 501 790 2067 856; baseline 0.005 -19"><span class='ocrx_word' id='word_1_43' title='bbox 501 799 910 853; x_wconf 84' lang='lat' dir='ltr'><strong>cognoscemus,</strong></span> <span class='ocrx_word' id='word_1_44' title='bbox 927 800 1181 856; x_wconf 88' lang='lat' dir='ltr'><strong>quantum</strong></span> <span class='ocrx_word' id='word_1_45' title='bbox 1200 790 1297 843; x_wconf 83' lang='lat' dir='ltr'><strong>fert</strong></span> <span class='ocrx_word' id='word_1_46' title='bbox 1320 790 1598 844; x_wconf 77' lang='lat' dir='ltr'><strong>beatorum</strong></span> <span class='ocrx_word' id='word_1_47' title='bbox 1615 792 1887 845; x_wconf 84' lang='lat' dir='ltr'><strong>hominum</strong></span> <span class='ocrx_word' id='word_1_48' title='bbox 1906 790 2067 845; x_wconf 84' lang='lat' dir='ltr'><strong>facul-</strong></span> 
     </span>
    </p>
   </div>
   <div class='ocr_carea' id='block_1_10' title="bbox 501 875 1986 951">
    <p class='ocr_par' dir='ltr' id='par_1_10' title="bbox 501 875 1986 951">
     <span class='ocr_line' id='line_1_10' title="bbox 501 875 1986 951; baseline 0.004 -24"><span class='ocrx_word' id='word_1_49' title='bbox 501 881 605 939; x_wconf 91' lang='lat' dir='ltr'><strong>tas,</strong></span> <span class='ocrx_word' id='word_1_50' title='bbox 633 875 698 941; x_wconf 89' lang='lat' dir='ltr'><strong>si,</strong></span> <span class='ocrx_word' id='word_1_51' title='bbox 733 885 791 928; x_wconf 92' lang='lat' dir='ltr'><strong>ut</strong></span> <span class='ocrx_word' id='word_1_52' title='bbox 821 891 918 945; x_wconf 89' lang='lat' dir='ltr'><strong>par</strong></span> <span class='ocrx_word' id='word_1_53' title='bbox 954 887 1059 943; x_wconf 86' lang='lat' dir='ltr'><strong>est,</strong></span> <span class='ocrx_word' id='word_1_54' title='bbox 1097 893 1197 933; x_wconf 92' lang='lat' dir='ltr'><strong>nos</strong></span> <span class='ocrx_word' id='word_1_55' title='bbox 1223 880 1575 951; x_wconf 69' lang='lat' dir='ltr'><strong>phil050phite</strong></span> <span class='ocrx_word' id='word_1_56' title='bbox 1598 882 1856 935; x_wconf 86' lang='lat' dir='ltr'><strong>dedamus</strong></span> <span class='ocrx_word' id='word_1_57' title='bbox 1889 884 1931 935; x_wconf 77' lang='grc'>⁸.</span> <span class='ocrx_word' id='word_1_58' title='bbox 1970 902 1986 933; x_wconf 74' lang='grc' dir='ltr'><strong>ι</strong></span> 
     </span>
    </p>
   </div>
   <div class='ocr_carea' id='block_1_11' title="bbox 565 1050 2056 1113">
    <p class='ocr_par' dir='ltr' id='par_1_11' title="bbox 565 1050 2056 1113">
     <span class='ocr_line' id='line_1_11' title="bbox 565 1050 2056 1113; baseline 0.005 -8"><span class='ocrx_word' id='word_1_59' title='bbox 565 1050 618 1105; x_wconf 88' lang='grc'><strong>9.</strong></span> <span class='ocrx_word' id='word_1_60' title='bbox 655 1051 731 1105; x_wconf 83' lang='grc' dir='ltr'>Εη</span> <span class='ocrx_word' id='word_1_61' title='bbox 753 1052 915 1105; x_wconf 88' lang='lat' dir='ltr'><strong>alium</strong></span> <span class='ocrx_word' id='word_1_62' title='bbox 944 1053 1181 1109; x_wconf 79' lang='lat' dir='ltr'><strong>Platonis</strong></span> <span class='ocrx_word' id='word_1_63' title='bbox 1214 1055 1390 1111; x_wconf 92' lang='lat' dir='ltr'><strong>locum</strong></span> <span class='ocrx_word' id='word_1_64' title='bbox 1427 1071 1455 1110; x_wconf 89' lang='lat' dir='ltr'><strong>a</strong></span> <span class='ocrx_word' id='word_1_65' title='bbox 1486 1056 1643 1112; x_wconf 83' lang='lat' dir='ltr'><strong>Celso</strong></span> <span class='ocrx_word' id='word_1_66' title='bbox 1667 1068 2056 1113; x_wconf 87' lang='lat' dir='ltr'><strong>memoratum:</strong></span> 
     </span>
    </p>
   </div>
   <div class='ocr_carea' id='block_1_12' title="bbox 501 1142 2054 1203">
    <p class='ocr_par' dir='ltr' id='par_1_12' title="bbox 501 1142 2054 1203">
     <span class='ocr_line' id='line_1_12' title="bbox 501 1142 2054 1203; baseline 0.007 -11"><span class='ocrx_word' id='word_1_67' title='bbox 501 1161 518 1192; x_wconf 73' lang='grc' dir='ltr'><strong>ι</strong></span> <span class='ocrx_word' id='word_1_68' title='bbox 558 1142 685 1198; x_wconf 81' lang='lat' dir='ltr'><strong>Mihi</strong></span> <span class='ocrx_word' id='word_1_69' title='bbox 737 1145 799 1199; x_wconf 90' lang='lat' dir='ltr'><strong>de</strong></span> <span class='ocrx_word' id='word_1_70' title='bbox 851 1146 969 1199; x_wconf 92' lang='lat' dir='ltr'><strong>istis</strong></span> <span class='ocrx_word' id='word_1_71' title='bbox 1002 1148 1161 1202; x_wconf 87' lang='lat' dir='ltr'><strong>rebus</strong></span> <span class='ocrx_word' id='word_1_72' title='bbox 1207 1146 1378 1202; x_wconf 76' lang='lat' dir='ltr'><strong>fusius</strong></span> <span class='ocrx_word' id='word_1_73' title='bbox 1408 1149 1679 1203; x_wconf 85' lang='lat' dir='ltr'><strong>disserere</strong></span> <span class='ocrx_word' id='word_1_74' title='bbox 1712 1152 1922 1203; x_wconf 90' lang='lat' dir='ltr'><strong>animus</strong></span> <span class='ocrx_word' id='word_1_75' title='bbox 1952 1162 2054 1203; x_wconf 83' lang='lat' dir='ltr'><strong>est.</strong></span> 
     </span>
    </p>
   </div>
   <div class='ocr_carea' id='block_1_13' title="bbox 493 1233 2057 1309">
    <p class='ocr_par' dir='ltr' id='par_1_13' title="bbox 493 1233 2057 1309">
     <span class='ocr_line' id='line_1_13' title="bbox 493 1233 2057 1309; baseline 0.008 -24"><span class='ocrx_word' id='word_1_76' title='bbox 493 1233 749 1288; x_wconf 79' lang='lat' dir='ltr'><strong>Fortasse</strong></span> <span class='ocrx_word' id='word_1_77' title='bbox 774 1237 917 1289; x_wconf 84' lang='lat' dir='ltr'><strong>enim</strong></span> <span class='ocrx_word' id='word_1_78' title='bbox 954 1238 1019 1289; x_wconf 91' lang='lat' dir='ltr'><strong>de</strong></span> <span class='ocrx_word' id='word_1_79' title='bbox 1051 1238 1116 1291; x_wconf 85' lang='lat' dir='ltr'><strong>iis</strong></span> <span class='ocrx_word' id='word_1_80' title='bbox 1140 1238 1368 1293; x_wconf 89' lang='lat' dir='ltr'><strong>dicendo</strong></span> <span class='ocrx_word' id='word_1_81' title='bbox 1401 1250 1682 1294; x_wconf 85' lang='lat' dir='ltr'><strong>succurret</strong></span> <span class='ocrx_word' id='word_1_82' title='bbox 1703 1242 1829 1309; x_wconf 87' lang='lat' dir='ltr'><strong>quid</strong></span> <span class='ocrx_word' id='word_1_83' title='bbox 1860 1242 2057 1297; x_wconf 87' lang='lat' dir='ltr'><strong>clarius</strong></span> 
     </span>
    </p>
   </div>
   <div class='ocr_carea' id='block_1_14' title="bbox 490 1324 2055 1401">
    <p class='ocr_par' dir='ltr' id='par_1_14' title="bbox 490 1324 2055 1401">
     <span class='ocr_line' id='line_1_14' title="bbox 490 1324 2055 1401; baseline 0.007 -25"><span class='ocrx_word' id='word_1_84' title='bbox 490 1324 615 1389; x_wconf 91' lang='lat' dir='ltr'><strong>illis,</strong></span> <span class='ocrx_word' id='word_1_85' title='bbox 664 1341 782 1394; x_wconf 72' lang='lat' dir='ltr'><strong>qua:</strong></span> <span class='ocrx_word' id='word_1_86' title='bbox 806 1326 916 1393; x_wconf 89' lang='lat' dir='ltr'><strong>jam</strong></span> <span class='ocrx_word' id='word_1_87' title='bbox 964 1328 1106 1381; x_wconf 89' lang='lat' dir='ltr'><strong>dicta</strong></span> <span class='ocrx_word' id='word_1_88' title='bbox 1153 1336 1296 1383; x_wconf 89' lang='lat' dir='ltr'><strong>sunt.</strong></span> <span class='ocrx_word' id='word_1_89' title='bbox 1340 1329 1435 1383; x_wconf 89' lang='lat' dir='ltr'><strong>Est</strong></span> <span class='ocrx_word' id='word_1_90' title='bbox 1463 1331 1605 1384; x_wconf 89' lang='lat' dir='ltr'><strong>enim</strong></span> <span class='ocrx_word' id='word_1_91' title='bbox 1648 1346 1770 1385; x_wconf 90' lang='lat' dir='ltr'><strong>vera</strong></span> <span class='ocrx_word' id='word_1_92' title='bbox 1814 1334 2055 1401; x_wconf 69' lang='lat' dir='ltr'><strong>quaedam</strong></span> 
     </span>
    </p>
   </div>
   <div class='ocr_carea' id='block_1_15' title="bbox 491 1417 2055 1477">
    <p class='ocr_par' dir='ltr' id='par_1_15' title="bbox 491 1417 2055 1477">
     <span class='ocr_line' id='line_1_15' title="bbox 491 1417 2055 1477; baseline 0.006 -11"><span class='ocrx_word' id='word_1_93' title='bbox 491 1417 629 1471; x_wconf 85' lang='lat' dir='ltr'><strong>ratio</strong></span> <span class='ocrx_word' id='word_1_94' title='bbox 662 1418 940 1472; x_wconf 87' lang='lat' dir='ltr'><strong>contraria</strong></span> <span class='ocrx_word' id='word_1_95' title='bbox 984 1420 1203 1473; x_wconf 87' lang='lat' dir='ltr'><strong>audenti</strong></span> <span class='ocrx_word' id='word_1_96' title='bbox 1231 1420 1312 1475; x_wconf 88' lang='lat' dir='ltr'><strong>vel</strong></span> <span class='ocrx_word' id='word_1_97' title='bbox 1355 1421 1621 1476; x_wconf 87' lang='lat' dir='ltr'><strong>tantillum</strong></span> <span class='ocrx_word' id='word_1_98' title='bbox 1656 1423 1720 1476; x_wconf 90' lang='lat' dir='ltr'><strong>de</strong></span> <span class='ocrx_word' id='word_1_99' title='bbox 1756 1423 1858 1477; x_wconf 92' lang='lat' dir='ltr'><strong>illis</strong></span> <span class='ocrx_word' id='word_1_100' title='bbox 1897 1424 2055 1477; x_wconf 90' lang='lat' dir='ltr'><strong>rebus</strong></span> 
     </span>
    </p>
   </div>
   <div class='ocr_carea' id='block_1_16' title="bbox 483 1506 2052 1581">
    <p class='ocr_par' dir='ltr' id='par_1_16' title="bbox 483 1506 2052 1581">
     <span class='ocr_line' id='line_1_16' title="bbox 483 1506 2052 1581; baseline 0.005 -21"><span class='ocrx_word' id='word_1_101' title='bbox 483 1509 739 1562; x_wconf 89' lang='lat' dir='ltr'><strong>scribere.</strong></span> <span class='ocrx_word' id='word_1_102' title='bbox 777 1506 923 1561; x_wconf 87' lang='lat' dir='ltr'><strong>llanc</strong></span> <span class='ocrx_word' id='word_1_103' title='bbox 954 1522 1053 1575; x_wconf 81' lang='lat' dir='ltr'><strong>ego</strong></span> <span class='ocrx_word' id='word_1_104' title='bbox 1093 1510 1312 1577; x_wconf 86' lang='lat' dir='ltr'><strong>quidem</strong></span> <span class='ocrx_word' id='word_1_105' title='bbox 1349 1511 1463 1581; x_wconf 85' lang='lat' dir='ltr'><strong>jam</strong></span> <span class='ocrx_word' id='word_1_106' title='bbox 1502 1522 1663 1567; x_wconf 88' lang='lat' dir='ltr'><strong>antea</strong></span> <span class='ocrx_word' id='word_1_107' title='bbox 1709 1513 1929 1576; x_wconf 91' lang='lat' dir='ltr'><strong>notavi,</strong></span> <span class='ocrx_word' id='word_1_108' title='bbox 1959 1516 2052 1568; x_wconf 93' lang='lat' dir='ltr'><strong>sed</strong></span> 
     </span>
    </p>
   </div>
   <div class='ocr_carea' id='block_1_17' title="bbox 484 1598 2049 1672">
    <p class='ocr_par' dir='ltr' id='par_1_17' title="bbox 484 1598 2049 1672">
     <span class='ocr_line' id='line_1_17' title="bbox 484 1598 2049 1672; baseline 0.004 -22"><span class='ocrx_word' id='word_1_109' title='bbox 484 1608 726 1666; x_wconf 86' lang='lat' dir='ltr'><strong>repetere</strong></span> <span class='ocrx_word' id='word_1_110' title='bbox 756 1598 933 1667; x_wconf 80' lang='lat' dir='ltr'><strong>juvat.</strong></span> <span class='ocrx_word' id='word_1_111' title='bbox 966 1599 1023 1651; x_wconf 92' lang='lat' dir='ltr'><strong>In</strong></span> <span class='ocrx_word' id='word_1_112' title='bbox 1062 1601 1219 1654; x_wconf 84' lang='lat' dir='ltr'><strong>rebus</strong></span> <span class='ocrx_word' id='word_1_113' title='bbox 1244 1602 1499 1656; x_wconf 91' lang='lat' dir='ltr'><strong>omnibus</strong></span> <span class='ocrx_word' id='word_1_114' title='bbox 1520 1617 1658 1672; x_wconf 89' lang='lat' dir='ltr'><strong>quas</strong></span> <span class='ocrx_word' id='word_1_115' title='bbox 1682 1604 1749 1657; x_wconf 90' lang='lat' dir='ltr'><strong>ad</strong></span> <span class='ocrx_word' id='word_1_116' title='bbox 1773 1604 2049 1657; x_wconf 85' lang='lat' dir='ltr'><strong>scientiam</strong></span> 
     </span>
    </p>
   </div>
   <div class='ocr_carea' id='block_1_18' title="bbox 484 1691 2052 1764">
    <p class='ocr_par' dir='ltr' id='par_1_18' title="bbox 484 1691 2052 1764">
     <span class='ocr_line' id='line_1_18' title="bbox 484 1691 2052 1764; baseline 0.003 -20"><span class='ocrx_word' id='word_1_117' title='bbox 484 1691 904 1757; x_wconf 82' lang='lat' dir='ltr'><strong>comparandam</strong></span> <span class='ocrx_word' id='word_1_118' title='bbox 930 1691 1175 1745; x_wconf 87' lang='lat' dir='ltr'><strong>adhiberi</strong></span> <span class='ocrx_word' id='word_1_119' title='bbox 1211 1707 1434 1748; x_wconf 88' lang='lat' dir='ltr'><strong>necesse</strong></span> <span class='ocrx_word' id='word_1_120' title='bbox 1450 1703 1553 1757; x_wconf 85' lang='lat' dir='ltr'><strong>est,</strong></span> <span class='ocrx_word' id='word_1_121' title='bbox 1582 1695 1683 1748; x_wconf 90' lang='lat' dir='ltr'><strong>tria</strong></span> <span class='ocrx_word' id='word_1_122' title='bbox 1712 1704 1857 1760; x_wconf 87' lang='lat' dir='ltr'><strong>sunt,</strong></span> <span class='ocrx_word' id='word_1_123' title='bbox 1888 1711 2052 1764; x_wconf 84' lang='lat' dir='ltr'><strong>quar-</strong></span> 
     </span>
    </p>
   </div>
   <div class='ocr_carea' id='block_1_19' title="bbox 484 1780 2047 1852">
    <p class='ocr_par' dir='ltr' id='par_1_19' title="bbox 484 1780 2047 1852">
     <span class='ocr_line' id='line_1_19' title="bbox 484 1780 2047 1852; baseline 0.004 -19"><span class='ocrx_word' id='word_1_124' title='bbox 484 1790 594 1833; x_wconf 92' lang='lat' dir='ltr'><strong>tum</strong></span> <span class='ocrx_word' id='word_1_125' title='bbox 627 1789 805 1833; x_wconf 88' lang='lat' dir='ltr'><strong>autem</strong></span> <span class='ocrx_word' id='word_1_126' title='bbox 828 1790 911 1834; x_wconf 92' lang='lat' dir='ltr'><strong>est</strong></span> <span class='ocrx_word' id='word_1_127' title='bbox 946 1780 1175 1849; x_wconf 86' lang='lat' dir='ltr'><strong>ipsamet</strong></span> <span class='ocrx_word' id='word_1_128' title='bbox 1198 1782 1457 1848; x_wconf 83' lang='lat' dir='ltr'><strong>scientia;</strong></span> <span class='ocrx_word' id='word_1_129' title='bbox 1495 1784 1737 1851; x_wconf 90' lang='lat' dir='ltr'><strong>quintum</strong></span> <span class='ocrx_word' id='word_1_130' title='bbox 1771 1800 1899 1838; x_wconf 88' lang='lat' dir='ltr'><strong>vero</strong></span> <span class='ocrx_word' id='word_1_131' title='bbox 1922 1785 2047 1852; x_wconf 88' lang='lat' dir='ltr'><strong>poni</strong></span> 
     </span>
    </p>
   </div>
   <div class='ocr_carea' id='block_1_20' title="bbox 476 1871 2042 1939">
    <p class='ocr_par' dir='ltr' id='par_1_20' title="bbox 476 1871 2042 1939">
     <span class='ocr_line' id='line_1_20' title="bbox 476 1871 2042 1939; baseline 0.003 -17"><span class='ocrx_word' id='word_1_132' title='bbox 476 1879 689 1939; x_wconf 88' lang='lat' dir='ltr'><strong>oportet</strong></span> <span class='ocrx_word' id='word_1_133' title='bbox 722 1871 792 1935; x_wconf 89' lang='lat' dir='ltr'><strong>id,</strong></span> <span class='ocrx_word' id='word_1_134' title='bbox 841 1873 982 1939; x_wconf 89' lang='lat' dir='ltr'><strong>quod</strong></span> <span class='ocrx_word' id='word_1_135' title='bbox 1016 1874 1457 1938; x_wconf 82' lang='lat' dir='ltr'><strong>cognoscendum</strong></span> <span class='ocrx_word' id='word_1_136' title='bbox 1494 1875 1658 1927; x_wconf 92' lang='lat' dir='ltr'><strong>mcuti</strong></span> <span class='ocrx_word' id='word_1_137' title='bbox 1706 1874 2042 1938; x_wconf 82' lang='lat' dir='ltr'><strong>obversatur,</strong></span> 
     </span>
    </p>
   </div>
   <div class='ocr_carea' id='block_1_21' title="bbox 476 1961 2042 2031">
    <p class='ocr_par' dir='ltr' id='par_1_21' title="bbox 476 1961 2042 2031">
     <span class='ocr_line' id='line_1_21' title="bbox 476 1961 2042 2031; baseline 0.003 -16"><span class='ocrx_word' id='word_1_138' title='bbox 476 1970 531 2015; x_wconf 88' lang='lat' dir='ltr'><strong>ut</strong></span> <span class='ocrx_word' id='word_1_139' title='bbox 561 1976 744 2015; x_wconf 81' lang='lat' dir='ltr'><strong>verum</strong></span> <span class='ocrx_word' id='word_1_140' title='bbox 772 1961 823 2015; x_wconf 91' lang='lat' dir='ltr'><strong>in</strong></span> <span class='ocrx_word' id='word_1_141' title='bbox 851 1976 931 2015; x_wconf 88' lang='lat' dir='ltr'><strong>se.</strong></span> <span class='ocrx_word' id='word_1_142' title='bbox 962 1962 1158 2016; x_wconf 90' lang='lat' dir='ltr'><strong>llorum</strong></span> <span class='ocrx_word' id='word_1_143' title='bbox 1179 1964 1407 2031; x_wconf 92' lang='lat' dir='ltr'><strong>primum</strong></span> <span class='ocrx_word' id='word_1_144' title='bbox 1433 1975 1515 2018; x_wconf 91' lang='lat' dir='ltr'><strong>est</strong></span> <span class='ocrx_word' id='word_1_145' title='bbox 1543 1980 1770 2031; x_wconf 91' lang='lat' dir='ltr'><strong>nomen;</strong></span> <span class='ocrx_word' id='word_1_146' title='bbox 1793 1967 2042 2029; x_wconf 89' lang='lat' dir='ltr'><strong>alterum,</strong></span> 
     </span>
    </p>
   </div>
   <div class='ocr_carea' id='block_1_22' title="bbox 473 2051 2036 2121">
    <p class='ocr_par' dir='ltr' id='par_1_22' title="bbox 473 2051 2036 2121">
     <span class='ocr_line' id='line_1_22' title="bbox 473 2051 2036 2121; baseline 0.002 -18"><span class='ocrx_word' id='word_1_147' title='bbox 473 2065 680 2115; x_wconf 90' lang='lat' dir='ltr'><strong>sermo;</strong></span> <span class='ocrx_word' id='word_1_148' title='bbox 736 2052 975 2117; x_wconf 88' lang='lat' dir='ltr'><strong>tertium,</strong></span> <span class='ocrx_word' id='word_1_149' title='bbox 1029 2051 1266 2119; x_wconf 88' lang='lat' dir='ltr'><strong>idolum;</strong></span> <span class='ocrx_word' id='word_1_150' title='bbox 1330 2063 1605 2121; x_wconf 89' lang='lat' dir='ltr'><strong>quartum,</strong></span> <span class='ocrx_word' id='word_1_151' title='bbox 1670 2055 1899 2109; x_wconf 90' lang='lat' dir='ltr'><strong>scientia</strong></span> <span class='ocrx_word' id='word_1_152' title='bbox 1934 2054 1976 2108; x_wconf 83' lang='lat'><strong>&#39;.</strong></span> <span class='ocrx_word' id='word_1_153' title='bbox 2018 2073 2036 2105; x_wconf 75' lang='grc' dir='ltr'><strong>ι</strong></span> 
     </span>
    </p>
   </div>
   <div class='ocr_carea' id='block_1_23' title="bbox 471 2139 2034 2203">
    <p class='ocr_par' dir='ltr' id='par_1_23' title="bbox 471 2139 2034 2203">
     <span class='ocr_line' id='line_1_23' title="bbox 471 2139 2034 2203; baseline -0.001 -10"><span class='ocrx_word' id='word_1_154' title='bbox 471 2139 581 2195; x_wconf 81' lang='lat' dir='ltr'><strong>Nos</strong></span> <span class='ocrx_word' id='word_1_155' title='bbox 609 2141 793 2195; x_wconf 82' lang='lat' dir='ltr'><strong>itidem</strong></span> <span class='ocrx_word' id='word_1_156' title='bbox 814 2140 1057 2195; x_wconf 89' lang='lat' dir='ltr'><strong>dicemus</strong></span> <span class='ocrx_word' id='word_1_157' title='bbox 1085 2158 1102 2190; x_wconf 78' lang='grc' dir='ltr'><strong>ι</strong></span> <span class='ocrx_word' id='word_1_158' title='bbox 1127 2155 1310 2197; x_wconf 90' lang='lat' dir='ltr'><strong>vocem</strong></span> <span class='ocrx_word' id='word_1_159' title='bbox 1330 2141 1619 2196; x_wconf 85' lang='lat' dir='ltr'><strong>clamantis</strong></span> <span class='ocrx_word' id='word_1_160' title='bbox 1645 2142 1696 2195; x_wconf 93' lang='lat' dir='ltr'><strong>in</strong></span> <span class='ocrx_word' id='word_1_161' title='bbox 1720 2141 1991 2203; x_wconf 68' lang='lat' dir='ltr'><strong>deserto“,</strong></span> <span class='ocrx_word' id='word_1_162' title='bbox 2016 2159 2034 2192; x_wconf 70' lang='grc' dir='ltr'><strong>ι</strong></span> 
     </span>
    </p>
   </div>
   <div class='ocr_carea' id='block_1_24' title="bbox 470 2233 2037 2303">
    <p class='ocr_par' dir='ltr' id='par_1_24' title="bbox 470 2233 2037 2303">
     <span class='ocr_line' id='line_1_24' title="bbox 470 2233 2037 2303; baseline 0.001 -17"><span class='ocrx_word' id='word_1_163' title='bbox 470 2249 590 2289; x_wconf 84' lang='lat' dir='ltr'><strong>esse</strong></span> <span class='ocrx_word' id='word_1_164' title='bbox 613 2233 876 2289; x_wconf 84' lang='lat' dir='ltr'><strong>Joannem</strong></span> <span class='ocrx_word' id='word_1_165' title='bbox 920 2234 1141 2288; x_wconf 90' lang='lat' dir='ltr'><strong>missum</strong></span> <span class='ocrx_word' id='word_1_166' title='bbox 1179 2243 1305 2289; x_wconf 86' lang='lat' dir='ltr'><strong>ante</strong></span> <span class='ocrx_word' id='word_1_167' title='bbox 1342 2233 1549 2299; x_wconf 79' lang='lat' dir='ltr'><strong>Jesum,</strong></span> <span class='ocrx_word' id='word_1_168' title='bbox 1573 2236 1824 2303; x_wconf 86' lang='lat' dir='ltr'><strong>hancque</strong></span> <span class='ocrx_word' id='word_1_169' title='bbox 1851 2248 2037 2287; x_wconf 89' lang='lat' dir='ltr'><strong>vocem</strong></span> 
     </span>
    </p>
   </div>
   <div class='ocr_carea' id='block_1_25' title="bbox 472 2325 2039 2394">
    <p class='ocr_par' dir='ltr' id='par_1_25' title="bbox 472 2325 2039 2394">
     <span class='ocr_line' id='line_1_25' title="bbox 472 2325 2039 2394; baseline 0.003 -17"><span class='ocrx_word' id='word_1_170' title='bbox 472 2326 799 2392; x_wconf 86' lang='lat' dir='ltr'><strong>respondere</strong></span> <span class='ocrx_word' id='word_1_171' title='bbox 828 2325 1076 2381; x_wconf 85' lang='lat' dir='ltr'><strong>Platonis</strong></span> <span class='ocrx_word' id='word_1_172' title='bbox 1124 2328 1355 2380; x_wconf 81' lang='lat' dir='ltr'><strong>nomini:</strong></span> <span class='ocrx_word' id='word_1_173' title='bbox 1388 2327 1683 2381; x_wconf 88' lang='lat' dir='ltr'><strong>secundum</strong></span> <span class='ocrx_word' id='word_1_174' title='bbox 1719 2334 1899 2379; x_wconf 88' lang='lat' dir='ltr'><strong>autem</strong></span> <span class='ocrx_word' id='word_1_175' title='bbox 1918 2335 2039 2394; x_wconf 89' lang='lat' dir='ltr'><strong>post</strong></span> 
     </span>
    </p>
   </div>
   <div class='ocr_carea' id='block_1_26' title="bbox 465 2416 2036 2484">
    <p class='ocr_par' dir='ltr' id='par_1_26' title="bbox 465 2416 2036 2484">
     <span class='ocr_line' id='line_1_26' title="bbox 465 2416 2036 2484; baseline 0.001 -13"><span class='ocrx_word' id='word_1_176' title='bbox 465 2416 726 2472; x_wconf 81' lang='lat' dir='ltr'><strong>Joannem</strong></span> <span class='ocrx_word' id='word_1_177' title='bbox 755 2432 874 2473; x_wconf 91' lang='lat' dir='ltr'><strong>esse</strong></span> <span class='ocrx_word' id='word_1_178' title='bbox 918 2418 1097 2473; x_wconf 82' lang='lat' dir='ltr'><strong>Jesum</strong></span> <span class='ocrx_word' id='word_1_179' title='bbox 1124 2433 1151 2470; x_wconf 90' lang='lat' dir='ltr'><strong>a</strong></span> <span class='ocrx_word' id='word_1_180' title='bbox 1207 2416 1414 2473; x_wconf 73' lang='lat' dir='ltr'><strong>Joanne</strong></span> <span class='ocrx_word' id='word_1_181' title='bbox 1461 2426 1849 2484; x_wconf 88' lang='lat' dir='ltr'><strong>monstratum,</strong></span> <span class='ocrx_word' id='word_1_182' title='bbox 1885 2427 1939 2472; x_wconf 93' lang='lat' dir='ltr'><strong>et</strong></span> <span class='ocrx_word' id='word_1_183' title='bbox 1970 2419 2036 2472; x_wconf 91' lang='lat' dir='ltr'><strong>de</strong></span> 
     </span>
    </p>
   </div>
   <div class='ocr_carea' id='block_1_27' title="bbox 463 2509 2028 2575">
    <p class='ocr_par' dir='ltr' id='par_1_27' title="bbox 463 2509 2028 2575">
     <span class='ocr_line' id='line_1_27' title="bbox 463 2509 2028 2575; baseline 0.003 -16"><span class='ocrx_word' id='word_1_184' title='bbox 463 2524 570 2575; x_wconf 91' lang='lat' dir='ltr'><strong>quo</strong></span> <span class='ocrx_word' id='word_1_185' title='bbox 597 2509 799 2563; x_wconf 91' lang='lat' dir='ltr'><strong>dictum</strong></span> <span class='ocrx_word' id='word_1_186' title='bbox 822 2519 904 2565; x_wconf 90' lang='lat' dir='ltr'><strong>est</strong></span> <span class='ocrx_word' id='word_1_187' title='bbox 928 2510 1101 2564; x_wconf 88' lang='lat' dir='ltr'><strong>illud:</strong></span> <span class='ocrx_word' id='word_1_188' title='bbox 1133 2528 1150 2560; x_wconf 76' lang='grc' dir='ltr'><strong>ι</strong></span> <span class='ocrx_word' id='word_1_189' title='bbox 1181 2510 1416 2565; x_wconf 90' lang='lat' dir='ltr'><strong>Verbum</strong></span> <span class='ocrx_word' id='word_1_190' title='bbox 1456 2526 1582 2567; x_wconf 92' lang='lat' dir='ltr'><strong>caro</strong></span> <span class='ocrx_word' id='word_1_191' title='bbox 1604 2510 1803 2565; x_wconf 79' lang='lat' dir='ltr'><strong>factum</strong></span> <span class='ocrx_word' id='word_1_192' title='bbox 1826 2520 1911 2566; x_wconf 87' lang='lat' dir='ltr'><strong>est</strong></span> <span class='ocrx_word' id='word_1_193' title='bbox 1936 2513 1982 2575; x_wconf 77' lang='lat'><strong>’,</strong></span> <span class='ocrx_word' id='word_1_194' title='bbox 2008 2529 2028 2563; x_wconf 77' lang='grc' dir='ltr'><strong>ι</strong></span> 
     </span>
    </p>
   </div>
   <div class='ocr_carea' id='block_1_28' title="bbox 461 2600 2033 2671">
    <p class='ocr_par' dir='ltr' id='par_1_28' title="bbox 461 2600 2033 2671">
     <span class='ocr_line' id='line_1_28' title="bbox 461 2600 2033 2671; baseline 0.002 -20"><span class='ocrx_word' id='word_1_195' title='bbox 461 2600 604 2669; x_wconf 85' lang='lat' dir='ltr'><strong>quod</strong></span> <span class='ocrx_word' id='word_1_196' title='bbox 666 2602 957 2671; x_wconf 86' lang='lat' dir='ltr'><strong>respondet</strong></span> <span class='ocrx_word' id='word_1_197' title='bbox 1006 2601 1251 2656; x_wconf 87' lang='lat' dir='ltr'><strong>Platonis</strong></span> <span class='ocrx_word' id='word_1_198' title='bbox 1297 2602 1552 2656; x_wconf 77' lang='lat' dir='ltr'><strong>sermoni.</strong></span> <span class='ocrx_word' id='word_1_199' title='bbox 1610 2600 1812 2655; x_wconf 87' lang='lat' dir='ltr'><strong>Idolum</strong></span> <span class='ocrx_word' id='word_1_200' title='bbox 1873 2602 2033 2657; x_wconf 88' lang='lat' dir='ltr'><strong>tertio</strong></span> 
     </span>
    </p>
   </div>
   <div class='ocr_carea' id='block_1_29' title="bbox 462 2690 2032 2761">
    <p class='ocr_par' dir='ltr' id='par_1_29' title="bbox 462 2690 2032 2761">
     <span class='ocr_line' id='line_1_29' title="bbox 462 2690 2032 2761; baseline 0.003 -19"><span class='ocrx_word' id='word_1_201' title='bbox 462 2691 578 2745; x_wconf 89' lang='lat' dir='ltr'><strong>loco</strong></span> <span class='ocrx_word' id='word_1_202' title='bbox 620 2702 863 2746; x_wconf 91' lang='lat' dir='ltr'><strong>recenset</strong></span> <span class='ocrx_word' id='word_1_203' title='bbox 888 2690 1075 2745; x_wconf 85' lang='lat' dir='ltr'><strong>Plato:</strong></span> <span class='ocrx_word' id='word_1_204' title='bbox 1104 2692 1198 2746; x_wconf 88' lang='lat' dir='ltr'><strong>sed</strong></span> <span class='ocrx_word' id='word_1_205' title='bbox 1223 2692 1475 2761; x_wconf 86' lang='lat' dir='ltr'><strong>quoniam</strong></span> <span class='ocrx_word' id='word_1_206' title='bbox 1514 2706 1615 2745; x_wconf 89' lang='lat' dir='ltr'><strong>nos</strong></span> <span class='ocrx_word' id='word_1_207' title='bbox 1640 2692 1741 2746; x_wconf 92' lang='lat' dir='ltr'><strong>hoc</strong></span> <span class='ocrx_word' id='word_1_208' title='bbox 1770 2692 2032 2747; x_wconf 90' lang='lat' dir='ltr'><strong>vocabulo</strong></span> 
     </span>
    </p>
   </div>
   <div class='ocr_carea' id='block_1_30' title="bbox 461 2782 2029 2853">
    <p class='ocr_par' dir='ltr' id='par_1_30' title="bbox 461 2782 2029 2853">
     <span class='ocr_line' id='line_1_30' title="bbox 461 2782 2029 2853; baseline 0.003 -19"><span class='ocrx_word' id='word_1_209' title='bbox 461 2784 528 2835; x_wconf 84' lang='lat' dir='ltr'><strong>ad</strong></span> <span class='ocrx_word' id='word_1_210' title='bbox 570 2782 713 2836; x_wconf 82' lang='lat' dir='ltr'><strong>aliud</strong></span> <span class='ocrx_word' id='word_1_211' title='bbox 753 2783 1170 2853; x_wconf 81' lang='lat' dir='ltr'><strong>signiﬁcandum</strong></span> <span class='ocrx_word' id='word_1_212' title='bbox 1208 2785 1429 2847; x_wconf 89' lang='lat' dir='ltr'><strong>utimur,</strong></span> <span class='ocrx_word' id='word_1_213' title='bbox 1482 2784 1722 2840; x_wconf 84' lang='lat' dir='ltr'><strong>dicemus</strong></span> <span class='ocrx_word' id='word_1_214' title='bbox 1790 2786 2029 2853; x_wconf 89' lang='lat' dir='ltr'><strong>apertius</strong></span> 
     </span>
    </p>
   </div>
   <div class='ocr_carea' id='block_1_31' title="bbox 460 2874 2023 2946">
    <p class='ocr_par' dir='ltr' id='par_1_31' title="bbox 460 2874 2023 2946">
     <span class='ocr_line' id='line_1_31' title="bbox 460 2874 2023 2946; baseline 0.002 -18"><span class='ocrx_word' id='word_1_215' title='bbox 460 2874 711 2942; x_wconf 74' lang='lat' dir='ltr'><strong>formam,</strong></span> <span class='ocrx_word' id='word_1_216' title='bbox 745 2891 865 2944; x_wconf 78' lang='lat' dir='ltr'><strong>quae</strong></span> <span class='ocrx_word' id='word_1_217' title='bbox 896 2876 949 2928; x_wconf 92' lang='lat' dir='ltr'><strong>in</strong></span> <span class='ocrx_word' id='word_1_218' title='bbox 974 2877 1151 2930; x_wconf 89' lang='lat' dir='ltr'><strong>anima</strong></span> <span class='ocrx_word' id='word_1_219' title='bbox 1186 2878 1446 2946; x_wconf 88' lang='lat' dir='ltr'><strong>impressa</strong></span> <span class='ocrx_word' id='word_1_220' title='bbox 1489 2886 1690 2940; x_wconf 88' lang='lat' dir='ltr'><strong>manet,</strong></span> <span class='ocrx_word' id='word_1_221' title='bbox 1737 2886 2023 2945; x_wconf 87' lang='lat' dir='ltr'><strong>postquam</strong></span> 
     </span>
    </p>
   </div>
   <div class='ocr_carea' id='block_1_32' title="bbox 458 2965 2023 3023">
    <p class='ocr_par' dir='ltr' id='par_1_32' title="bbox 458 2965 2023 3023">
     <span class='ocr_line' id='line_1_32' title="bbox 458 2965 2023 3023; baseline 0.002 -5"><span class='ocrx_word' id='word_1_222' title='bbox 458 2968 510 3018; x_wconf 90' lang='lat' dir='ltr'><strong>in</strong></span> <span class='ocrx_word' id='word_1_223' title='bbox 547 2966 634 3020; x_wconf 90' lang='lat' dir='ltr'><strong>illa</strong></span> <span class='ocrx_word' id='word_1_224' title='bbox 675 2966 919 3022; x_wconf 89' lang='lat' dir='ltr'><strong>Christus</strong></span> <span class='ocrx_word' id='word_1_225' title='bbox 953 2965 1180 3020; x_wconf 87' lang='lat' dir='ltr'><strong>Verbum</strong></span> <span class='ocrx_word' id='word_1_226' title='bbox 1213 2983 1306 3021; x_wconf 91' lang='lat' dir='ltr'><strong>sua</strong></span> <span class='ocrx_word' id='word_1_227' title='bbox 1342 2970 1565 3022; x_wconf 84' lang='lat' dir='ltr'><strong>vulnera</strong></span> <span class='ocrx_word' id='word_1_228' title='bbox 1597 2986 1694 3023; x_wconf 90' lang='lat' dir='ltr'><strong>suo</strong></span> <span class='ocrx_word' id='word_1_229' title='bbox 1722 2971 1885 3023; x_wconf 91' lang='lat' dir='ltr'><strong>verbo</strong></span> <span class='ocrx_word' id='word_1_230' title='bbox 1922 2969 2023 3021; x_wconf 84' lang='lat' dir='ltr'><strong>im—</strong></span> 
     </span>
    </p>
   </div>
   <div class='ocr_carea' id='block_1_33' title="bbox 2177 516 3737 589">
    <p class='ocr_par' dir='ltr' id='par_1_33' title="bbox 2177 516 3737 589">
     <span class='ocr_line' id='line_1_33' title="bbox 2177 516 3737 589; baseline 0.007 -25"><span class='ocrx_word' id='word_1_231' title='bbox 2177 516 2332 585; x_wconf 78' lang='grc' dir='ltr'>μείαν</span> <span class='ocrx_word' id='word_1_232' title='bbox 2369 518 2461 569; x_wconf 78' lang='grc' dir='ltr'><strong>καὶ</strong></span> <span class='ocrx_word' id='word_1_233' title='bbox 2509 516 2774 585; x_wconf 73' lang='grc' dir='ltr'>Κορίσκον</span> <span class='ocrx_word' id='word_1_234' title='bbox 2814 516 3086 586; x_wconf 76' lang='grc' dir='ltr'>ἐπιστολῇ.</span> <span class='ocrx_word' id='word_1_235' title='bbox 3134 518 3289 569; x_wconf 75' lang='grc' dir='ltr'>Οὕτω</span> <span class='ocrx_word' id='word_1_236' title='bbox 3328 518 3384 569; x_wconf 81' lang='grc' dir='ltr'>δὲ</span> <span class='ocrx_word' id='word_1_237' title='bbox 3429 519 3538 588; x_wconf 79' lang='grc' dir='ltr'>ἔχει</span> <span class='ocrx_word' id='word_1_238' title='bbox 3575 522 3605 589; x_wconf 75' lang='grc' dir='ltr'><strong>ἡ</strong></span> <span class='ocrx_word' id='word_1_239' title='bbox 3644 522 3737 575; x_wconf 63' lang='grc' dir='ltr'>τοῦ</span> 
     </span>
    </p>
   </div>
   <div class='ocr_carea' id='block_1_34' title="bbox 2171 606 3735 681">
    <p class='ocr_par' dir='ltr' id='par_1_34' title="bbox 2171 606 3735 681">
     <span class='ocr_line' id='line_1_34' title="bbox 2171 606 3735 681; baseline 0.004 -23"><span class='ocrx_word' id='word_1_240' title='bbox 2171 607 2453 669; x_wconf 87' lang='grc' dir='ltr'>Πλάτωνος</span> <span class='ocrx_word' id='word_1_241' title='bbox 2476 606 2636 671; x_wconf 83' lang='grc' dir='ltr'><strong>λέξις·</strong></span> <span class='ocrx_word' id='word_1_242' title='bbox 2667 627 2683 657; x_wconf 72' lang='grc' dir='ltr'><strong>ι</strong></span> <span class='ocrx_word' id='word_1_243' title='bbox 2715 609 2823 660; x_wconf 78' lang='grc' dir='ltr'>Καὶ</span> <span class='ocrx_word' id='word_1_244' title='bbox 2844 609 2934 661; x_wconf 69' lang='grc' dir='ltr'>τὸν</span> <span class='ocrx_word' id='word_1_245' title='bbox 2954 608 3063 660; x_wconf 81' lang='grc' dir='ltr'>τῶν</span> <span class='ocrx_word' id='word_1_246' title='bbox 3082 609 3299 661; x_wconf 82' lang='grc' dir='ltr'>πάντων</span> <span class='ocrx_word' id='word_1_247' title='bbox 3322 610 3473 673; x_wconf 85' lang='grc' dir='ltr'>Θεὸν,</span> <span class='ocrx_word' id='word_1_248' title='bbox 3498 614 3735 681; x_wconf 72' lang='grc' dir='ltr'>ἡγεμόνα</span> 
     </span>
    </p>
   </div>
   <div class='ocr_carea' id='block_1_35' title="bbox 2169 700 3718 773">
    <p class='ocr_par' dir='ltr' id='par_1_35' title="bbox 2169 700 3718 773">
     <span class='ocr_line' id='line_1_35' title="bbox 2169 700 3718 773; baseline 0.002 -22"><span class='ocrx_word' id='word_1_249' title='bbox 2169 700 2278 751; x_wconf 84' lang='grc' dir='ltr'>τῶν</span> <span class='ocrx_word' id='word_1_250' title='bbox 2330 716 2385 751; x_wconf 89' lang='grc' dir='ltr'><strong>τε</strong></span> <span class='ocrx_word' id='word_1_251' title='bbox 2435 700 2600 752; x_wconf 78' lang='grc' dir='ltr'>ὄντων</span> <span class='ocrx_word' id='word_1_252' title='bbox 2648 700 2740 752; x_wconf 80' lang='grc' dir='ltr'><strong>καὶ</strong></span> <span class='ocrx_word' id='word_1_253' title='bbox 2796 700 2901 751; x_wconf 79' lang='grc' dir='ltr'><strong>τῶν</strong></span> <span class='ocrx_word' id='word_1_254' title='bbox 2952 700 3272 769; x_wconf 82' lang='grc' dir='ltr'><strong>μελλόντων,</strong></span> <span class='ocrx_word' id='word_1_255' title='bbox 3315 701 3407 754; x_wconf 76' lang='grc' dir='ltr'>τοῦ</span> <span class='ocrx_word' id='word_1_256' title='bbox 3442 720 3499 754; x_wconf 85' lang='grc' dir='ltr'><strong>τε</strong></span> <span class='ocrx_word' id='word_1_257' title='bbox 3545 705 3718 773; x_wconf 80' lang='grc' dir='ltr'>ήγεμό</span> 
     </span>
    </p>
   </div>
   <div class='ocr_carea' id='block_1_36' title="bbox 2167 790 3732 862">
    <p class='ocr_par' dir='ltr' id='par_1_36' title="bbox 2167 790 3732 862">
     <span class='ocr_line' id='line_1_36' title="bbox 2167 790 3732 862; baseline 0.002 -20"><span class='ocrx_word' id='word_1_258' title='bbox 2167 808 2255 852; x_wconf 88' lang='grc' dir='ltr'><strong>νος</strong></span> <span class='ocrx_word' id='word_1_259' title='bbox 2286 790 2393 859; x_wconf 70' lang='grc'><strong>(14)</strong></span> <span class='ocrx_word' id='word_1_260' title='bbox 2430 792 2521 843; x_wconf 78' lang='grc' dir='ltr'><strong>καὶ</strong></span> <span class='ocrx_word' id='word_1_261' title='bbox 2556 791 2726 842; x_wconf 83' lang='grc' dir='ltr'>αἰτίου</span> <span class='ocrx_word' id='word_1_262' title='bbox 2762 790 2971 861; x_wconf 83' lang='grc' dir='ltr'><strong>πατέρα</strong></span> <span class='ocrx_word' id='word_1_263' title='bbox 3012 792 3105 844; x_wconf 80' lang='grc' dir='ltr'><strong>καὶ</strong></span> <span class='ocrx_word' id='word_1_264' title='bbox 3135 792 3321 861; x_wconf 88' lang='grc' dir='ltr'>κύριον</span> <span class='ocrx_word' id='word_1_265' title='bbox 3361 794 3732 862; x_wconf 70' lang='grc' dir='ltr'>ἐπομνύντας·</span> 
     </span>
    </p>
   </div>
   <div class='ocr_carea' id='block_1_37' title="bbox 2164 883 3731 953">
    <p class='ocr_par' dir='ltr' id='par_1_37' title="bbox 2164 883 3731 953">
     <span class='ocr_line' id='line_1_37' title="bbox 2164 883 3731 953; baseline 0.003 -20"><span class='ocrx_word' id='word_1_266' title='bbox 2164 883 2241 943; x_wconf 83' lang='grc' dir='ltr'>ὃν,</span> <span class='ocrx_word' id='word_1_267' title='bbox 2279 883 2343 935; x_wconf 85' lang='grc' dir='ltr'><strong>ἂν</strong></span> <span class='ocrx_word' id='word_1_268' title='bbox 2384 884 2549 945; x_wconf 73' lang='grc' dir='ltr'>ὅντως</span> <span class='ocrx_word' id='word_1_269' title='bbox 2582 883 2977 952; x_wconf 70' lang='grc' dir='ltr'>φιλοσοφῶμεν,</span> <span class='ocrx_word' id='word_1_270' title='bbox 3023 884 3279 953; x_wconf 76' lang='grc' dir='ltr'>εἰσόμεθα</span> <span class='ocrx_word' id='word_1_271' title='bbox 3310 886 3509 949; x_wconf 83' lang='grc' dir='ltr'>πάντες</span> <span class='ocrx_word' id='word_1_272' title='bbox 3550 886 3731 953; x_wconf 78' lang='grc' dir='ltr'>σαφῶς</span> 
     </span>
    </p>
   </div>
   <div class='ocr_carea' id='block_1_38' title="bbox 2163 974 3259 1045">
    <p class='ocr_par' dir='ltr' id='par_1_38' title="bbox 2163 974 3259 1045">
     <span class='ocr_line' id='line_1_38' title="bbox 2163 974 3259 1045; baseline 0.002 -19"><span class='ocrx_word' id='word_1_273' title='bbox 2163 976 2242 1037; x_wconf 81' lang='grc' dir='ltr'><strong>είς</strong></span> <span class='ocrx_word' id='word_1_274' title='bbox 2271 975 2495 1045; x_wconf 81' lang='grc' dir='ltr'>δύναμιν</span> <span class='ocrx_word' id='word_1_275' title='bbox 2524 974 2825 1045; x_wconf 80' lang='grc' dir='ltr'>ἀνθρώπων</span> <span class='ocrx_word' id='word_1_276' title='bbox 2850 976 3200 1045; x_wconf 79' lang='grc' dir='ltr'>εὐδαιμόνων.</span> <span class='ocrx_word' id='word_1_277' title='bbox 3240 996 3259 1027; x_wconf 72' lang='grc' dir='ltr'><strong>ι</strong></span> 
     </span>
    </p>
   </div>
   <div class='ocr_carea' id='block_1_39' title="bbox 2232 1066 3730 1136">
    <p class='ocr_par' dir='ltr' id='par_1_39' title="bbox 2232 1066 3730 1136">
     <span class='ocr_line' id='line_1_39' title="bbox 2232 1066 3730 1136; baseline 0.001 -16"><span class='ocrx_word' id='word_1_278' title='bbox 2232 1070 2339 1120; x_wconf 73' lang='grc' dir='ltr'>Καὶ</span> <span class='ocrx_word' id='word_1_279' title='bbox 2367 1068 2529 1136; x_wconf 81' lang='grc' dir='ltr'>ἀλλην</span> <span class='ocrx_word' id='word_1_280' title='bbox 2561 1068 2618 1120; x_wconf 81' lang='grc' dir='ltr'>δὲ</span> <span class='ocrx_word' id='word_1_281' title='bbox 2646 1066 2739 1119; x_wconf 75' lang='grc' dir='ltr'>τοῦ</span> <span class='ocrx_word' id='word_1_282' title='bbox 2776 1067 3059 1129; x_wconf 85' lang='grc' dir='ltr'>Πλάτωνος</span> <span class='ocrx_word' id='word_1_283' title='bbox 3084 1067 3226 1131; x_wconf 79' lang='grc' dir='ltr'>λέξιν</span> <span class='ocrx_word' id='word_1_284' title='bbox 3251 1068 3360 1135; x_wconf 79' lang='grc'><strong>(15)</strong></span> <span class='ocrx_word' id='word_1_285' title='bbox 3396 1068 3670 1121; x_wconf 77' lang='grc' dir='ltr'>ἐκτίθεται</span> <span class='ocrx_word' id='word_1_286' title='bbox 3701 1069 3730 1122; x_wconf 83' lang='grc' dir='ltr'><strong>ὀ</strong></span> 
     </span>
    </p>
   </div>
   <div class='ocr_carea' id='block_1_40' title="bbox 2161 1158 3730 1230">
    <p class='ocr_par' dir='ltr' id='par_1_40' title="bbox 2161 1158 3730 1230">
     <span class='ocr_line' id='line_1_40' title="bbox 2161 1158 3730 1230; baseline 0 -19"><span class='ocrx_word' id='word_1_287' title='bbox 2161 1160 2381 1223; x_wconf 79' lang='grc' dir='ltr'>Κέλσος,</span> <span class='ocrx_word' id='word_1_288' title='bbox 2439 1158 2609 1221; x_wconf 71' lang='grc' dir='ltr'>οὕτως</span> <span class='ocrx_word' id='word_1_289' title='bbox 2648 1158 2893 1228; x_wconf 78' lang='grc' dir='ltr'>ἔχουσαν.</span> <span class='ocrx_word' id='word_1_290' title='bbox 2930 1178 2947 1208; x_wconf 73' lang='grc' dir='ltr'><strong>ι</strong></span> <span class='ocrx_word' id='word_1_291' title='bbox 2990 1160 3109 1210; x_wconf 87' lang='grc' dir='ltr'><strong>Ἔτι</strong></span> <span class='ocrx_word' id='word_1_292' title='bbox 3143 1159 3199 1211; x_wconf 84' lang='grc' dir='ltr'><strong>δὲ</strong></span> <span class='ocrx_word' id='word_1_293' title='bbox 3245 1159 3558 1229; x_wconf 84' lang='grc' dir='ltr'>μακρότερα</span> <span class='ocrx_word' id='word_1_294' title='bbox 3603 1162 3730 1230; x_wconf 79' lang='grc' dir='ltr'>περὶ</span> 
     </span>
    </p>
   </div>
   <div class='ocr_carea' id='block_1_41' title="bbox 2159 1244 3725 1320">
    <p class='ocr_par' dir='ltr' id='par_1_41' title="bbox 2159 1244 3725 1320">
     <span class='ocr_line' id='line_1_41' title="bbox 2159 1244 3725 1320; baseline -0.002 -16"><span class='ocrx_word' id='word_1_295' title='bbox 2159 1251 2334 1304; x_wconf 74' lang='grc' dir='ltr'>αὐτῶν</span> <span class='ocrx_word' id='word_1_296' title='bbox 2365 1254 2421 1303; x_wconf 80' lang='grc' dir='ltr'><strong>ὲν</strong></span> <span class='ocrx_word' id='word_1_297' title='bbox 2466 1251 2539 1320; x_wconf 81' lang='grc' dir='ltr'>νῷ</span> <span class='ocrx_word' id='word_1_298' title='bbox 2572 1268 2660 1319; x_wconf 89' lang='grc' dir='ltr'><strong>μοι</strong></span> <span class='ocrx_word' id='word_1_299' title='bbox 2688 1250 2907 1318; x_wconf 89' lang='grc' dir='ltr'>γέγονεν</span> <span class='ocrx_word' id='word_1_300' title='bbox 2943 1254 3147 1304; x_wconf 79' lang='grc' dir='ltr'>εἰπεῖν·</span> <span class='ocrx_word' id='word_1_301' title='bbox 3190 1252 3329 1319; x_wconf 85' lang='grc' dir='ltr'>τάχα</span> <span class='ocrx_word' id='word_1_302' title='bbox 3366 1250 3474 1320; x_wconf 79' lang='grc' dir='ltr'><strong>γὰρ</strong></span> <span class='ocrx_word' id='word_1_303' title='bbox 3499 1250 3627 1319; x_wconf 78' lang='grc' dir='ltr'>περὶ</span> <span class='ocrx_word' id='word_1_304' title='bbox 3652 1244 3725 1301; x_wconf 81' lang='grc' dir='ltr'>ὧν</span> 
     </span>
    </p>
   </div>
   <div class='ocr_carea' id='block_1_42' title="bbox 2156 1342 3725 1413">
    <p class='ocr_par' dir='ltr' id='par_1_42' title="bbox 2156 1342 3725 1413">
     <span class='ocr_line' id='line_1_42' title="bbox 2156 1342 3725 1413; baseline 0.001 -19"><span class='ocrx_word' id='word_1_305' title='bbox 2156 1342 2317 1410; x_wconf 82' lang='grc' dir='ltr'>λέγω,</span> <span class='ocrx_word' id='word_1_306' title='bbox 2348 1344 2676 1413; x_wconf 86' lang='grc' dir='ltr'>σαφέστερον</span> <span class='ocrx_word' id='word_1_307' title='bbox 2700 1344 2763 1396; x_wconf 84' lang='grc' dir='ltr'><strong>ἂν</strong></span> <span class='ocrx_word' id='word_1_308' title='bbox 2789 1343 2874 1413; x_wconf 80' lang='grc' dir='ltr'><strong>εἴη</strong></span> <span class='ocrx_word' id='word_1_309' title='bbox 2894 1360 2968 1405; x_wconf 90' lang='grc' dir='ltr'><strong>τι,</strong></span> <span class='ocrx_word' id='word_1_310' title='bbox 3005 1343 3298 1413; x_wconf 78' lang='grc' dir='ltr'>λεχθέντων</span> <span class='ocrx_word' id='word_1_311' title='bbox 3333 1342 3532 1396; x_wconf 74' lang='grc' dir='ltr'>αὐτῶν.</span> <span class='ocrx_word' id='word_1_312' title='bbox 3568 1344 3725 1395; x_wconf 84' lang='grc' dir='ltr'>Ἐστι</span> 
     </span>
    </p>
   </div>
   <div class='ocr_carea' id='block_1_43' title="bbox 2155 1426 3723 1505">
    <p class='ocr_par' dir='ltr' id='par_1_43' title="bbox 2155 1426 3723 1505">
     <span class='ocr_line' id='line_1_43' title="bbox 2155 1426 3723 1505; baseline -0.001 -18"><span class='ocrx_word' id='word_1_313' title='bbox 2155 1435 2261 1505; x_wconf 81' lang='grc' dir='ltr'><strong>γάρ</strong></span> <span class='ocrx_word' id='word_1_314' title='bbox 2288 1452 2370 1497; x_wconf 88' lang='grc' dir='ltr'><strong>τις</strong></span> <span class='ocrx_word' id='word_1_315' title='bbox 2394 1434 2548 1502; x_wconf 88' lang='grc' dir='ltr'>λόγος</span> <span class='ocrx_word' id='word_1_316' title='bbox 2580 1426 2801 1505; x_wconf 70' lang='grc' dir='ltr'>ἀληθὴς,</span> <span class='ocrx_word' id='word_1_317' title='bbox 2846 1434 3084 1497; x_wconf 75' lang='grc' dir='ltr'>ἐναντίος</span> <span class='ocrx_word' id='word_1_318' title='bbox 3116 1434 3192 1503; x_wconf 84' lang='grc' dir='ltr'>τῷ</span> <span class='ocrx_word' id='word_1_319' title='bbox 3232 1434 3561 1505; x_wconf 76' lang='grc' dir='ltr'>τολμήσαντι</span> <span class='ocrx_word' id='word_1_320' title='bbox 3596 1434 3723 1501; x_wconf 81' lang='grc' dir='ltr'>γρά-</span> 
     </span>
    </p>
   </div>
   <div class='ocr_carea' id='block_1_44' title="bbox 2156 1527 3721 1597">
    <p class='ocr_par' dir='ltr' id='par_1_44' title="bbox 2156 1527 3721 1597">
     <span class='ocr_line' id='line_1_44' title="bbox 2156 1527 3721 1597; baseline -0.001 -18"><span class='ocrx_word' id='word_1_321' title='bbox 2156 1546 2275 1597; x_wconf 87' lang='grc' dir='ltr'>φειν</span> <span class='ocrx_word' id='word_1_322' title='bbox 2303 1527 2408 1581; x_wconf 82' lang='grc' dir='ltr'><strong>τῶν</strong></span> <span class='ocrx_word' id='word_1_323' title='bbox 2446 1528 2704 1581; x_wconf 76' lang='grc' dir='ltr'>τοιούτων</span> <span class='ocrx_word' id='word_1_324' title='bbox 2748 1529 2841 1581; x_wconf 69' lang='grc' dir='ltr'>καὶ</span> <span class='ocrx_word' id='word_1_325' title='bbox 2882 1528 3092 1581; x_wconf 79' lang='grc' dir='ltr'>ὀττιοῦν</span> <span class='ocrx_word' id='word_1_326' title='bbox 3140 1527 3271 1597; x_wconf 87' lang='grc'><strong>(16),</strong></span> <span class='ocrx_word' id='word_1_327' title='bbox 3320 1527 3578 1589; x_wconf 77' lang='grc' dir='ltr'>πολλάκις</span> <span class='ocrx_word' id='word_1_328' title='bbox 3623 1527 3721 1592; x_wconf 78' lang='grc' dir='ltr'><strong>μὲν</strong></span> 
     </span>
    </p>
   </div>
   <div class='ocr_carea' id='block_1_45' title="bbox 2154 1612 3719 1688">
    <p class='ocr_par' dir='ltr' id='par_1_45' title="bbox 2154 1612 3719 1688">
     <span class='ocr_line' id='line_1_45' title="bbox 2154 1612 3719 1688; baseline -0.002 -19"><span class='ocrx_word' id='word_1_329' title='bbox 2154 1618 2244 1669; x_wconf 84' lang='grc' dir='ltr'>ὑπ’</span> <span class='ocrx_word' id='word_1_330' title='bbox 2268 1617 2399 1687; x_wconf 76' lang='grc' dir='ltr'>ἐμοῦ</span> <span class='ocrx_word' id='word_1_331' title='bbox 2426 1620 2518 1670; x_wconf 76' lang='grc' dir='ltr'><strong>καὶ</strong></span> <span class='ocrx_word' id='word_1_332' title='bbox 2545 1619 2805 1688; x_wconf 76' lang='grc' dir='ltr'>πρότερον</span> <span class='ocrx_word' id='word_1_333' title='bbox 2839 1617 3065 1687; x_wconf 72' lang='grc' dir='ltr'>λεχθεὶς,</span> <span class='ocrx_word' id='word_1_334' title='bbox 3096 1617 3236 1669; x_wconf 73' lang='grc' dir='ltr'>ἔοικε</span> <span class='ocrx_word' id='word_1_335' title='bbox 3277 1617 3321 1669; x_wconf 79' lang='grc' dir='ltr'>δ’</span> <span class='ocrx_word' id='word_1_336' title='bbox 3345 1612 3439 1668; x_wconf 77' lang='grc' dir='ltr'>οὖν</span> <span class='ocrx_word' id='word_1_337' title='bbox 3468 1612 3719 1667; x_wconf 72' lang='grc' dir='ltr'>εἶναικαὶ</span> 
     </span>
    </p>
   </div>
   <div class='ocr_carea' id='block_1_46' title="bbox 2151 1701 3716 1778">
    <p class='ocr_par' dir='ltr' id='par_1_46' title="bbox 2151 1701 3716 1778">
     <span class='ocr_line' id='line_1_46' title="bbox 2151 1701 3716 1778; baseline -0.002 -17"><span class='ocrx_word' id='word_1_338' title='bbox 2151 1709 2245 1762; x_wconf 78' lang='grc' dir='ltr'>νῦν</span> <span class='ocrx_word' id='word_1_339' title='bbox 2285 1709 2521 1771; x_wconf 84' lang='grc' dir='ltr'>λεκτέος.</span> <span class='ocrx_word' id='word_1_340' title='bbox 2569 1710 2721 1760; x_wconf 87' lang='grc' dir='ltr'>Ἔστι</span> <span class='ocrx_word' id='word_1_341' title='bbox 2762 1708 2869 1760; x_wconf 84' lang='grc' dir='ltr'>τῶν</span> <span class='ocrx_word' id='word_1_342' title='bbox 2910 1709 3077 1761; x_wconf 74' lang='grc' dir='ltr'>ὄντων</span> <span class='ocrx_word' id='word_1_343' title='bbox 3118 1710 3351 1777; x_wconf 79' lang='grc' dir='ltr'>ἑκάστῳ,</span> <span class='ocrx_word' id='word_1_344' title='bbox 3396 1708 3463 1760; x_wconf 79' lang='grc' dir='ltr'>δι’</span> <span class='ocrx_word' id='word_1_345' title='bbox 3506 1701 3582 1760; x_wconf 80' lang='grc' dir='ltr'>ὧν</span> <span class='ocrx_word' id='word_1_346' title='bbox 3622 1707 3716 1778; x_wconf 76' lang='grc' dir='ltr'>τὴν</span> 
     </span>
    </p>
   </div>
   <div class='ocr_carea' id='block_1_47' title="bbox 2149 1798 3716 1874">
    <p class='ocr_par' dir='ltr' id='par_1_47' title="bbox 2149 1798 3716 1874">
     <span class='ocr_line' id='line_1_47' title="bbox 2149 1798 3716 1874; baseline -0.003 -20"><span class='ocrx_word' id='word_1_347' title='bbox 2149 1804 2455 1874; x_wconf 74' lang='grc' dir='ltr'>ἐπιστήμην</span> <span class='ocrx_word' id='word_1_348' title='bbox 2496 1804 2707 1872; x_wconf 78' lang='grc' dir='ltr'><strong>ἀνάγκη</strong></span> <span class='ocrx_word' id='word_1_349' title='bbox 2754 1799 3204 1872; x_wconf 80' lang='grc' dir='ltr'>παραγίγνεσθαι,</span> <span class='ocrx_word' id='word_1_350' title='bbox 3252 1800 3409 1869; x_wconf 73' lang='grc' dir='ltr'>τρία*</span> <span class='ocrx_word' id='word_1_351' title='bbox 3458 1798 3716 1863; x_wconf 83' lang='grc' dir='ltr'>τέταρτον</span> 
     </span>
    </p>
   </div>
   <div class='ocr_carea' id='block_1_48' title="bbox 2146 1888 3714 1965">
    <p class='ocr_par' dir='ltr' id='par_1_48' title="bbox 2146 1888 3714 1965">
     <span class='ocr_line' id='line_1_48' title="bbox 2146 1888 3714 1965; baseline -0.005 -17"><span class='ocrx_word' id='word_1_352' title='bbox 2146 1896 2202 1949; x_wconf 84' lang='grc' dir='ltr'>δὲ</span> <span class='ocrx_word' id='word_1_353' title='bbox 2236 1895 2374 1964; x_wconf 74' lang='grc' dir='ltr'>αὕτη</span> <span class='ocrx_word' id='word_1_354' title='bbox 2393 1911 2406 1924; x_wconf 74' lang='grc'><strong><em>⁸</em></strong></span> <span class='ocrx_word' id='word_1_355' title='bbox 2452 1896 2698 1965; x_wconf 83' lang='grc' dir='ltr'>πέμπτον</span> <span class='ocrx_word' id='word_1_356' title='bbox 2726 1892 2778 1946; x_wconf 77' lang='grc' dir='ltr'>δ’</span> <span class='ocrx_word' id='word_1_357' title='bbox 2813 1892 2945 1944; x_wconf 74' lang='grc' dir='ltr'>αὐτὸ</span> <span class='ocrx_word' id='word_1_358' title='bbox 2968 1891 3171 1944; x_wconf 80' lang='grc' dir='ltr'>τιθέναι</span> <span class='ocrx_word' id='word_1_359' title='bbox 3200 1891 3297 1953; x_wconf 84' lang='grc' dir='ltr'>δεῖ,</span> <span class='ocrx_word' id='word_1_360' title='bbox 3329 1890 3357 1942; x_wconf 87' lang='grc' dir='ltr'><strong>ὂ</strong></span> <span class='ocrx_word' id='word_1_361' title='bbox 3378 1890 3442 1959; x_wconf 76' lang='grc' dir='ltr'>δὴ</span> <span class='ocrx_word' id='word_1_362' title='bbox 3476 1888 3714 1957; x_wconf 72' lang='grc' dir='ltr'>γνωστόν</span> 
     </span>
    </p>
   </div>
   <div class='ocr_carea' id='block_1_49' title="bbox 2144 1974 3713 2052">
    <p class='ocr_par' dir='ltr' id='par_1_49' title="bbox 2144 1974 3713 2052">
     <span class='ocr_line' id='line_1_49' title="bbox 2144 1974 3713 2052; baseline -0.003 -17"><span class='ocrx_word' id='word_1_363' title='bbox 2144 2001 2202 2036; x_wconf 88' lang='grc' dir='ltr'><strong>τε</strong></span> <span class='ocrx_word' id='word_1_364' title='bbox 2231 1983 2323 2037; x_wconf 72' lang='grc' dir='ltr'><strong>καὶ</strong></span> <span class='ocrx_word' id='word_1_365' title='bbox 2349 1983 2544 2052; x_wconf 81' lang='grc' dir='ltr'>ἀληθές</span> <span class='ocrx_word' id='word_1_366' title='bbox 2571 1984 2735 2035; x_wconf 76' lang='grc' dir='ltr'>ἐστιν.</span> <span class='ocrx_word' id='word_1_367' title='bbox 2771 1974 2869 2033; x_wconf 81' lang='grc' dir='ltr'>Ὧν</span> <span class='ocrx_word' id='word_1_368' title='bbox 2896 1980 2951 2031; x_wconf 83' lang='grc' dir='ltr'>ἓν</span> <span class='ocrx_word' id='word_1_369' title='bbox 2977 1980 3073 2044; x_wconf 82' lang='grc' dir='ltr'><strong>μὲν</strong></span> <span class='ocrx_word' id='word_1_370' title='bbox 3102 1979 3272 2048; x_wconf 76' lang='grc' dir='ltr'>ὄνομα</span> <span class='ocrx_word' id='word_1_371' title='bbox 3299 1978 3429 2048; x_wconf 87' lang='grc'><strong>(17)·</strong></span> <span class='ocrx_word' id='word_1_372' title='bbox 3463 1979 3713 2049; x_wconf 85' lang='grc' dir='ltr'>δεύτερον</span> 
     </span>
    </p>
   </div>
   <div class='ocr_carea' id='block_1_50' title="bbox 2142 2069 3712 2142">
    <p class='ocr_par' dir='ltr' id='par_1_50' title="bbox 2142 2069 3712 2142">
     <span class='ocr_line' id='line_1_50' title="bbox 2142 2069 3712 2142; baseline -0.003 -15"><span class='ocrx_word' id='word_1_373' title='bbox 2142 2074 2197 2127; x_wconf 86' lang='grc' dir='ltr'>δὲ</span> <span class='ocrx_word' id='word_1_374' title='bbox 2229 2074 2384 2141; x_wconf 84' lang='grc' dir='ltr'>λόγος</span> <span class='ocrx_word' id='word_1_375' title='bbox 2404 2091 2417 2103; x_wconf 88' lang='grc'><strong>·</strong></span> <span class='ocrx_word' id='word_1_376' title='bbox 2447 2073 2508 2126; x_wconf 83' lang='grc' dir='ltr'><strong>τὸ</strong></span> <span class='ocrx_word' id='word_1_377' title='bbox 2535 2074 2592 2126; x_wconf 85' lang='grc' dir='ltr'>δὲ</span> <span class='ocrx_word' id='word_1_378' title='bbox 2624 2073 2804 2142; x_wconf 88' lang='grc' dir='ltr'>τρίτον</span> <span class='ocrx_word' id='word_1_379' title='bbox 2845 2069 3057 2123; x_wconf 79' lang='grc' dir='ltr'>εἴδωλον</span> <span class='ocrx_word' id='word_1_380' title='bbox 3078 2088 3089 2099; x_wconf 93' lang='grc'><strong>·</strong></span> <span class='ocrx_word' id='word_1_381' title='bbox 3124 2070 3185 2121; x_wconf 85' lang='grc' dir='ltr'><strong>τὸ</strong></span> <span class='ocrx_word' id='word_1_382' title='bbox 3215 2069 3473 2140; x_wconf 84' lang='grc' dir='ltr'>τέταρτον</span> <span class='ocrx_word' id='word_1_383' title='bbox 3500 2070 3557 2123; x_wconf 82' lang='grc' dir='ltr'>δὲ</span> <span class='ocrx_word' id='word_1_384' title='bbox 3590 2072 3712 2123; x_wconf 83' lang='grc' dir='ltr'>ἐπι-</span> 
     </span>
    </p>
   </div>
   <div class='ocr_carea' id='block_1_51' title="bbox 2144 2159 3708 2236">
    <p class='ocr_par' dir='ltr' id='par_1_51' title="bbox 2144 2159 3708 2236">
     <span class='ocr_line' id='line_1_51' title="bbox 2144 2159 3708 2236; baseline -0.004 -18"><span class='ocrx_word' id='word_1_385' title='bbox 2144 2166 2343 2236; x_wconf 83' lang='grc' dir='ltr'>στήμη.</span> <span class='ocrx_word' id='word_1_386' title='bbox 2382 2185 2399 2215; x_wconf 75' lang='grc' dir='ltr'><strong>ι</strong></span> <span class='ocrx_word' id='word_1_387' title='bbox 2434 2166 2542 2217; x_wconf 72' lang='grc' dir='ltr'>Καὶ</span> <span class='ocrx_word' id='word_1_388' title='bbox 2570 2162 2711 2216; x_wconf 73' lang='grc' dir='ltr'>κατὰ</span> <span class='ocrx_word' id='word_1_389' title='bbox 2732 2161 2905 2215; x_wconf 76' lang='grc' dir='ltr'>ταῦτα</span> <span class='ocrx_word' id='word_1_390' title='bbox 2926 2161 2980 2214; x_wconf 80' lang='grc' dir='ltr'><strong>δὲ</strong></span> <span class='ocrx_word' id='word_1_391' title='bbox 3011 2160 3253 2229; x_wconf 82' lang='grc' dir='ltr'>εἴποιμεν</span> <span class='ocrx_word' id='word_1_392' title='bbox 3272 2159 3358 2224; x_wconf 78' lang='grc' dir='ltr'><strong>ἂν,</strong></span> <span class='ocrx_word' id='word_1_393' title='bbox 3383 2161 3465 2212; x_wconf 85' lang='grc' dir='ltr'>ὅτι</span> <span class='ocrx_word' id='word_1_394' title='bbox 3503 2180 3521 2211; x_wconf 85' lang='grc'><strong><em>‹</em></strong></span> <span class='ocrx_word' id='word_1_395' title='bbox 3558 2162 3708 2231; x_wconf 81' lang='grc' dir='ltr'>φωνὴ</span> 
     </span>
    </p>
   </div>
   <div class='ocr_carea' id='block_1_52' title="bbox 2144 2253 3708 2328">
    <p class='ocr_par' dir='ltr' id='par_1_52' title="bbox 2144 2253 3708 2328">
     <span class='ocr_line' id='line_1_52' title="bbox 2144 2253 3708 2328; baseline -0.004 -19"><span class='ocrx_word' id='word_1_396' title='bbox 2144 2257 2240 2328; x_wconf 79' lang='grc' dir='ltr'><strong>μὲν</strong></span> <span class='ocrx_word' id='word_1_397' title='bbox 2272 2256 2496 2326; x_wconf 80' lang='grc' dir='ltr'>βοῶντος</span> <span class='ocrx_word' id='word_1_398' title='bbox 2519 2257 2573 2307; x_wconf 81' lang='grc' dir='ltr'><strong>ὲν</strong></span> <span class='ocrx_word' id='word_1_399' title='bbox 2601 2258 2667 2325; x_wconf 79' lang='grc' dir='ltr'>τῇ</span> <span class='ocrx_word' id='word_1_400' title='bbox 2694 2256 2882 2325; x_wconf 73' lang='grc' dir='ltr'>ἐρήμῳ</span> <span class='ocrx_word' id='word_1_401' title='bbox 2914 2273 2931 2304; x_wconf 78' lang='grc' dir='ltr'><strong>ι</strong></span> <span class='ocrx_word' id='word_1_402' title='bbox 2960 2253 3207 2322; x_wconf 77' lang='grc' dir='ltr'>εἰσῆκται</span> <span class='ocrx_word' id='word_1_403' title='bbox 3233 2254 3261 2304; x_wconf 87' lang='grc' dir='ltr'>ὁ</span> <span class='ocrx_word' id='word_1_404' title='bbox 3304 2253 3552 2322; x_wconf 76' lang='grc' dir='ltr'>Ἰωάννης</span> <span class='ocrx_word' id='word_1_405' title='bbox 3573 2253 3708 2321; x_wconf 75' lang='grc' dir='ltr'>πρὸς</span> 
     </span>
    </p>
   </div>
   <div class='ocr_carea' id='block_1_53' title="bbox 2138 2344 3698 2418">
    <p class='ocr_par' dir='ltr' id='par_1_53' title="bbox 2138 2344 3698 2418">
     <span class='ocr_line' id='line_1_53' title="bbox 2138 2344 3698 2418; baseline -0.002 -17"><span class='ocrx_word' id='word_1_406' title='bbox 2138 2348 2230 2402; x_wconf 80' lang='grc' dir='ltr'>τοῦ</span> <span class='ocrx_word' id='word_1_407' title='bbox 2259 2347 2434 2418; x_wconf 79' lang='grc' dir='ltr'>Ἰησοῦ</span> <span class='ocrx_word' id='word_1_408' title='bbox 2458 2347 2589 2417; x_wconf 85' lang='grc'><strong>(18),</strong></span> <span class='ocrx_word' id='word_1_409' title='bbox 2616 2347 2875 2413; x_wconf 82' lang='grc' dir='ltr'>ἀνάλογον</span> <span class='ocrx_word' id='word_1_410' title='bbox 2898 2346 2975 2415; x_wconf 80' lang='grc' dir='ltr'>τῷ</span> <span class='ocrx_word' id='word_1_411' title='bbox 2996 2344 3145 2415; x_wconf 76' lang='grc' dir='ltr'>παρὰ</span> <span class='ocrx_word' id='word_1_412' title='bbox 3166 2344 3411 2397; x_wconf 81' lang='grc' dir='ltr'>Πλάτωνι</span> <span class='ocrx_word' id='word_1_413' title='bbox 3440 2346 3698 2413; x_wconf 80' lang='grc' dir='ltr'>ὀνόματι·</span> 
     </span>
    </p>
   </div>
   <div class='ocr_carea' id='block_1_54' title="bbox 2136 2434 3703 2510">
    <p class='ocr_par' dir='ltr' id='par_1_54' title="bbox 2136 2434 3703 2510">
     <span class='ocr_line' id='line_1_54' title="bbox 2136 2434 3703 2510; baseline -0.004 -17"><span class='ocrx_word' id='word_1_414' title='bbox 2136 2440 2384 2510; x_wconf 88' lang='grc' dir='ltr'>δεύτερος</span> <span class='ocrx_word' id='word_1_415' title='bbox 2406 2439 2462 2491; x_wconf 84' lang='grc' dir='ltr'><strong>δὲ</strong></span> <span class='ocrx_word' id='word_1_416' title='bbox 2490 2438 2624 2509; x_wconf 85' lang='grc' dir='ltr'><strong>μετά</strong></span> <span class='ocrx_word' id='word_1_417' title='bbox 2646 2440 2734 2491; x_wconf 85' lang='grc' dir='ltr'><strong>τὸν</strong></span> <span class='ocrx_word' id='word_1_418' title='bbox 2772 2437 3020 2506; x_wconf 80' lang='grc' dir='ltr'>Ἰωάννην</span> <span class='ocrx_word' id='word_1_419' title='bbox 3048 2435 3392 2505; x_wconf 77' lang='grc' dir='ltr'>δεικνύμενος</span> <span class='ocrx_word' id='word_1_420' title='bbox 3420 2435 3513 2489; x_wconf 79' lang='grc' dir='ltr'>ὑπ’</span> <span class='ocrx_word' id='word_1_421' title='bbox 3541 2434 3703 2488; x_wconf 75' lang='grc' dir='ltr'>αὑτοῦ</span> 
     </span>
    </p>
   </div>
   <div class='ocr_carea' id='block_1_55' title="bbox 2134 2520 3697 2599">
    <p class='ocr_par' dir='ltr' id='par_1_55' title="bbox 2134 2520 3697 2599">
     <span class='ocr_line' id='line_1_55' title="bbox 2134 2520 3697 2599; baseline -0.004 -17"><span class='ocrx_word' id='word_1_422' title='bbox 2134 2531 2161 2582; x_wconf 86' lang='grc' dir='ltr'>ὁ</span> <span class='ocrx_word' id='word_1_423' title='bbox 2197 2527 2419 2599; x_wconf 78' lang='grc' dir='ltr'>Ἰησοῦς,</span> <span class='ocrx_word' id='word_1_424' title='bbox 2448 2520 2492 2594; x_wconf 84' lang='grc' dir='ltr'><strong>ᾧ</strong></span> <span class='ocrx_word' id='word_1_425' title='bbox 2516 2525 2812 2596; x_wconf 75' lang='grc' dir='ltr'>ἐφαρμόζει</span> <span class='ocrx_word' id='word_1_426' title='bbox 2834 2525 2914 2589; x_wconf 84' lang='grc' dir='ltr'><strong>τὸ,</strong></span> <span class='ocrx_word' id='word_1_427' title='bbox 2946 2543 2963 2574; x_wconf 77' lang='grc' dir='ltr'><strong>ι</strong></span> <span class='ocrx_word' id='word_1_428' title='bbox 3000 2527 3027 2577; x_wconf 86' lang='grc' dir='ltr'>ὁ</span> <span class='ocrx_word' id='word_1_429' title='bbox 3056 2525 3224 2593; x_wconf 84' lang='grc' dir='ltr'>Λόγος</span> <span class='ocrx_word' id='word_1_430' title='bbox 3255 2523 3388 2595; x_wconf 77' lang='grc' dir='ltr'>σὰρξ</span> <span class='ocrx_word' id='word_1_431' title='bbox 3407 2524 3641 2592; x_wconf 78' lang='grc' dir='ltr'>ἐγένετο,</span> <span class='ocrx_word' id='word_1_432' title='bbox 3676 2544 3697 2576; x_wconf 73' lang='grc' dir='ltr'><strong>ι</strong></span> 
     </span>
    </p>
   </div>
   <div class='ocr_carea' id='block_1_56' title="bbox 2132 2614 3699 2687">
    <p class='ocr_par' dir='ltr' id='par_1_56' title="bbox 2132 2614 3699 2687">
     <span class='ocr_line' id='line_1_56' title="bbox 2132 2614 3699 2687; baseline -0.003 -15"><span class='ocrx_word' id='word_1_433' title='bbox 2132 2619 2390 2685; x_wconf 87' lang='grc' dir='ltr'>ἀνάλογον</span> <span class='ocrx_word' id='word_1_434' title='bbox 2428 2616 2487 2671; x_wconf 80' lang='grc' dir='ltr'>ὃν</span> <span class='ocrx_word' id='word_1_435' title='bbox 2528 2618 2604 2687; x_wconf 79' lang='grc' dir='ltr'><strong>τῷ</strong></span> <span class='ocrx_word' id='word_1_436' title='bbox 2648 2615 2797 2686; x_wconf 82' lang='grc' dir='ltr'>παρὰ</span> <span class='ocrx_word' id='word_1_437' title='bbox 2843 2615 3088 2669; x_wconf 87' lang='grc' dir='ltr'>Πλάτωνι</span> <span class='ocrx_word' id='word_1_438' title='bbox 3125 2616 3301 2683; x_wconf 70' lang='grc' dir='ltr'>λόγῳ.</span> <span class='ocrx_word' id='word_1_439' title='bbox 3348 2614 3573 2667; x_wconf 87' lang='grc' dir='ltr'>Πλάτων</span> <span class='ocrx_word' id='word_1_440' title='bbox 3603 2616 3699 2685; x_wconf 88' lang='grc' dir='ltr'>μὲν</span> 
     </span>
    </p>
   </div>
   <div class='ocr_carea' id='block_1_57' title="bbox 2130 2707 3697 2782">
    <p class='ocr_par' dir='ltr' id='par_1_57' title="bbox 2130 2707 3697 2782">
     <span class='ocr_line' id='line_1_57' title="bbox 2130 2707 3697 2782; baseline -0.003 -17"><span class='ocrx_word' id='word_1_441' title='bbox 2130 2708 2222 2765; x_wconf 76' lang='grc' dir='ltr'><strong>οὖν</strong></span> <span class='ocrx_word' id='word_1_442' title='bbox 2265 2711 2326 2763; x_wconf 86' lang='grc' dir='ltr'><strong>τὸ</strong></span> <span class='ocrx_word' id='word_1_443' title='bbox 2365 2710 2544 2782; x_wconf 86' lang='grc' dir='ltr'>τρίτον</span> <span class='ocrx_word' id='word_1_444' title='bbox 2591 2709 2752 2779; x_wconf 76' lang='grc' dir='ltr'>φησὶν</span> <span class='ocrx_word' id='word_1_445' title='bbox 2793 2708 3044 2761; x_wconf 79' lang='grc' dir='ltr'>εἴδωλον·</span> <span class='ocrx_word' id='word_1_446' title='bbox 3090 2709 3251 2777; x_wconf 81' lang='grc' dir='ltr'>ἡμεῖς</span> <span class='ocrx_word' id='word_1_447' title='bbox 3298 2707 3376 2771; x_wconf 80' lang='grc' dir='ltr'><strong>δὲ,</strong></span> <span class='ocrx_word' id='word_1_448' title='bbox 3424 2707 3487 2760; x_wconf 76' lang='grc' dir='ltr'>τὸ</span> <span class='ocrx_word' id='word_1_449' title='bbox 3530 2707 3697 2777; x_wconf 72' lang='grc' dir='ltr'>ὄνομα</span> 
     </span>
    </p>
   </div>
   <div class='ocr_carea' id='block_1_58' title="bbox 2127 2800 3697 2870">
    <p class='ocr_par' dir='ltr' id='par_1_58' title="bbox 2127 2800 3697 2870">
     <span class='ocr_line' id='line_1_58' title="bbox 2127 2800 3697 2870; baseline -0.001 -16"><span class='ocrx_word' id='word_1_450' title='bbox 2127 2802 2221 2856; x_wconf 76' lang='grc' dir='ltr'>τοῦ</span> <span class='ocrx_word' id='word_1_451' title='bbox 2254 2802 2470 2855; x_wconf 74' lang='grc' dir='ltr'>εἰδώλου</span> <span class='ocrx_word' id='word_1_452' title='bbox 2503 2804 2590 2855; x_wconf 77' lang='grc' dir='ltr'>ἐπ’</span> <span class='ocrx_word' id='word_1_453' title='bbox 2623 2801 2781 2855; x_wconf 81' lang='grc' dir='ltr'>ἄλλον</span> <span class='ocrx_word' id='word_1_454' title='bbox 2824 2800 3125 2862; x_wconf 85' lang='grc' dir='ltr'>τάττοντες,</span> <span class='ocrx_word' id='word_1_455' title='bbox 3168 2800 3491 2870; x_wconf 87' lang='grc' dir='ltr'>τρανότερον</span> <span class='ocrx_word' id='word_1_456' title='bbox 3534 2802 3697 2870; x_wconf 80' lang='grc' dir='ltr'>φήσο-</span> 
     </span>
    </p>
   </div>
   <div class='ocr_carea' id='block_1_59' title="bbox 2132 2889 3693 2964">
    <p class='ocr_par' dir='ltr' id='par_1_59' title="bbox 2132 2889 3693 2964">
     <span class='ocr_line' id='line_1_59' title="bbox 2132 2889 3693 2964; baseline -0.002 -18"><span class='ocrx_word' id='word_1_457' title='bbox 2132 2910 2229 2964; x_wconf 90' lang='grc' dir='ltr'><strong>μεν</strong></span> <span class='ocrx_word' id='word_1_458' title='bbox 2263 2896 2319 2945; x_wconf 85' lang='grc' dir='ltr'>ὲν</span> <span class='ocrx_word' id='word_1_459' title='bbox 2346 2895 2411 2964; x_wconf 79' lang='grc' dir='ltr'>τῇ</span> <span class='ocrx_word' id='word_1_460' title='bbox 2441 2892 2584 2962; x_wconf 76' lang='grc' dir='ltr'>ψυχῇ</span> <span class='ocrx_word' id='word_1_461' title='bbox 2610 2891 2887 2960; x_wconf 86' lang='grc' dir='ltr'>γινόμενον</span> <span class='ocrx_word' id='word_1_462' title='bbox 2922 2889 3055 2959; x_wconf 88' lang='grc' dir='ltr'><strong>μετά</strong></span> <span class='ocrx_word' id='word_1_463' title='bbox 3086 2890 3174 2942; x_wconf 84' lang='grc' dir='ltr'><strong>τὸν</strong></span> <span class='ocrx_word' id='word_1_464' title='bbox 3208 2890 3361 2956; x_wconf 89' lang='grc' dir='ltr'>λόγον</span> <span class='ocrx_word' id='word_1_465' title='bbox 3390 2890 3497 2943; x_wconf 77' lang='grc' dir='ltr'><strong>τῶν</strong></span> <span class='ocrx_word' id='word_1_466' title='bbox 3528 2908 3693 2963; x_wconf 85' lang='grc' dir='ltr'>τραυ-</span> 
     </span>
    </p>
   </div>
   <div class='ocr_carea' id='block_1_60' title="bbox 2129 2982 3693 3058">
    <p class='ocr_par' dir='ltr' id='par_1_60' title="bbox 2129 2982 3693 3058">
     <span class='ocr_line' id='line_1_60' title="bbox 2129 2982 3693 3058; baseline -0.006 -17"><span class='ocrx_word' id='word_1_467' title='bbox 2129 2988 2312 3058; x_wconf 81' lang='grc' dir='ltr'>μάτων</span> <span class='ocrx_word' id='word_1_468' title='bbox 2343 2986 2530 3051; x_wconf 83' lang='grc' dir='ltr'>τύπον,</span> <span class='ocrx_word' id='word_1_469' title='bbox 2565 2986 2750 3039; x_wconf 79' lang='grc' dir='ltr'>τοῦτον</span> <span class='ocrx_word' id='word_1_470' title='bbox 2784 2982 2920 3039; x_wconf 80' lang='grc' dir='ltr'>εἶναι</span> <span class='ocrx_word' id='word_1_471' title='bbox 2952 2986 3040 3037; x_wconf 85' lang='grc' dir='ltr'><strong>τὸν</strong></span> <span class='ocrx_word' id='word_1_472' title='bbox 3083 2987 3139 3036; x_wconf 81' lang='grc' dir='ltr'>ὲν</span> <span class='ocrx_word' id='word_1_473' title='bbox 3188 2984 3403 3052; x_wconf 77' lang='grc' dir='ltr'>ἑκάστῳ</span> <span class='ocrx_word' id='word_1_474' title='bbox 3435 2982 3693 3052; x_wconf 80' lang='grc' dir='ltr'>Χριστὸν,</span> 
     </span>
    </p>
   </div>
   <div class='ocr_carea' id='block_1_61' title="bbox 457 3056 2025 3151">
    <p class='ocr_par' dir='ltr' id='par_1_61' title="bbox 457 3056 2021 3130">
     <span class='ocr_line' id='line_1_61' title="bbox 457 3056 2021 3130; baseline 0.004 -23"><span class='ocrx_word' id='word_1_475' title='bbox 457 3057 675 3124; x_wconf 86' lang='lat' dir='ltr'><strong>pressit,</strong></span> <span class='ocrx_word' id='word_1_476' title='bbox 731 3072 851 3112; x_wconf 91' lang='lat' dir='ltr'><strong>esse</strong></span> <span class='ocrx_word' id='word_1_477' title='bbox 892 3056 1165 3111; x_wconf 88' lang='lat' dir='ltr'><strong>Christum</strong></span> <span class='ocrx_word' id='word_1_478' title='bbox 1226 3059 1425 3127; x_wconf 91' lang='lat' dir='ltr'><strong>ipsum,</strong></span> <span class='ocrx_word' id='word_1_479' title='bbox 1461 3060 1549 3128; x_wconf 85' lang='lat' dir='ltr'><strong>qui</strong></span> <span class='ocrx_word' id='word_1_480' title='bbox 1602 3062 1653 3114; x_wconf 91' lang='lat' dir='ltr'><strong>in</strong></span> <span class='ocrx_word' id='word_1_481' title='bbox 1699 3074 2021 3130; x_wconf 89' lang='lat' dir='ltr'><strong>unoquoque</strong></span> 
     </span>
    </p>
   </div>
   <div class='ocr_carea' id='block_1_62' title="bbox 2137 3056 3693 3151">
    <p class='ocr_par' dir='ltr' id='par_1_62' title="bbox 2137 3073 3693 3147">
     <span class='ocr_line' id='line_1_62' title="bbox 2137 3073 3693 3147; baseline -0.004 -17"><span class='ocrx_word' id='word_1_482' title='bbox 2137 3078 2230 3131; x_wconf 72' lang='grc' dir='ltr'><strong>ὶπὸ</strong></span> <span class='ocrx_word' id='word_1_483' title='bbox 2261 3076 2494 3147; x_wconf 81' lang='grc' dir='ltr'>Χριστοῦ</span> <span class='ocrx_word' id='word_1_484' title='bbox 2524 3076 2716 3145; x_wconf 81' lang='grc' dir='ltr'>Λόγου.</span> <span class='ocrx_word' id='word_1_485' title='bbox 2752 3078 2816 3129; x_wconf 87' lang='grc' dir='ltr'>Εἰ</span> <span class='ocrx_word' id='word_1_486' title='bbox 2844 3077 2901 3131; x_wconf 81' lang='grc' dir='ltr'><strong>δὲ</strong></span> <span class='ocrx_word' id='word_1_487' title='bbox 2944 3077 3038 3129; x_wconf 78' lang='grc' dir='ltr'>καὶ</span> <span class='ocrx_word' id='word_1_488' title='bbox 3068 3075 3324 3141; x_wconf 87' lang='grc' dir='ltr'>ἀνάλογόν</span> <span class='ocrx_word' id='word_1_489' title='bbox 3356 3074 3471 3126; x_wconf 77' lang='grc' dir='ltr'>ἐστι</span> <span class='ocrx_word' id='word_1_490' title='bbox 3498 3073 3577 3143; x_wconf 85' lang='grc' dir='ltr'>τῷ</span> <span class='ocrx_word' id='word_1_491' title='bbox 3603 3087 3693 3125; x_wconf 78' lang='grc' dir='ltr'><strong>τι·</strong></span> 
     </span>
    </p>
   </div>
   <div class='ocr_carea' id='block_1_63' title="bbox 460 3150 2019 3219">
    <p class='ocr_par' dir='ltr' id='par_1_63' title="bbox 460 3150 2019 3219">
     <span class='ocr_line' id='line_1_63' title="bbox 460 3150 2019 3219; baseline 0.004 -22"><span class='ocrx_word' id='word_1_492' title='bbox 460 3154 708 3199; x_wconf 89' lang='lat' dir='ltr'><strong>nostrum</strong></span> <span class='ocrx_word' id='word_1_493' title='bbox 768 3156 869 3201; x_wconf 82' lang='lat' dir='ltr'><strong>est.</strong></span> <span class='ocrx_word' id='word_1_494' title='bbox 915 3152 995 3200; x_wconf 85' lang='lat' dir='ltr'><strong>Au</strong></span> <span class='ocrx_word' id='word_1_495' title='bbox 1040 3157 1216 3203; x_wconf 89' lang='lat' dir='ltr'><strong>autem</strong></span> <span class='ocrx_word' id='word_1_496' title='bbox 1253 3150 1500 3204; x_wconf 89' lang='lat' dir='ltr'><strong>Christus</strong></span> <span class='ocrx_word' id='word_1_497' title='bbox 1542 3160 1849 3203; x_wconf 89' lang='lat' dir='ltr'><strong>nostrorum</strong></span> <span class='ocrx_word' id='word_1_498' title='bbox 1895 3166 2019 3219; x_wconf 87' lang='lat' dir='ltr'><strong>per-</strong></span> 
     </span>
    </p>
   </div>
   <div class='ocr_carea' id='block_1_64' title="bbox 454 3234 2019 3307">
    <p class='ocr_par' dir='ltr' id='par_1_64' title="bbox 454 3234 2019 3307">
     <span class='ocr_line' id='line_1_64' title="bbox 454 3234 2019 3307; baseline 0.004 -20"><span class='ocrx_word' id='word_1_499' title='bbox 454 3234 719 3291; x_wconf 74' lang='lat' dir='ltr'><strong>fectorqu</strong></span> <span class='ocrx_word' id='word_1_500' title='bbox 772 3236 1035 3303; x_wconf 88' lang='lat' dir='ltr'><strong>sapientia</strong></span> <span class='ocrx_word' id='word_1_501' title='bbox 1090 3238 1361 3302; x_wconf 68' lang='lat' dir='ltr'><strong>scientiae,</strong></span> <span class='ocrx_word' id='word_1_502' title='bbox 1418 3254 1577 3307; x_wconf 88' lang='lat' dir='ltr'><strong>quam</strong></span> <span class='ocrx_word' id='word_1_503' title='bbox 1633 3237 1784 3291; x_wconf 90' lang='lat' dir='ltr'><strong>Plato</strong></span> <span class='ocrx_word' id='word_1_504' title='bbox 1828 3247 2019 3306; x_wconf 88' lang='lat' dir='ltr'><strong>quarto</strong></span> 
     </span>
    </p>
   </div>
   <div class='ocr_carea' id='block_1_65' title="bbox 453 3330 1874 3399">
    <p class='ocr_par' dir='ltr' id='par_1_65' title="bbox 453 3330 1874 3399">
     <span class='ocr_line' id='line_1_65' title="bbox 453 3330 1874 3399; baseline 0.004 -18"><span class='ocrx_word' id='word_1_505' title='bbox 453 3332 571 3384; x_wconf 84' lang='lat' dir='ltr'><strong>loco</strong></span> <span class='ocrx_word' id='word_1_506' title='bbox 602 3339 875 3395; x_wconf 86' lang='lat' dir='ltr'><strong>numerat,</strong></span> <span class='ocrx_word' id='word_1_507' title='bbox 907 3332 1257 3399; x_wconf 88' lang='lat' dir='ltr'><strong>respondeat,</strong></span> <span class='ocrx_word' id='word_1_508' title='bbox 1283 3330 1370 3395; x_wconf 91' lang='lat' dir='ltr'><strong>qui</strong></span> <span class='ocrx_word' id='word_1_509' title='bbox 1401 3339 1577 3399; x_wconf 85' lang='lat' dir='ltr'><strong>potest</strong></span> <span class='ocrx_word' id='word_1_510' title='bbox 1609 3370 1624 3394; x_wconf 94' lang='lat'><strong>,</strong></span> <span class='ocrx_word' id='word_1_511' title='bbox 1662 3331 1874 3386; x_wconf 88' lang='lat' dir='ltr'><strong>viderit.</strong></span> 
     </span>
    </p>
   </div>
   <div class='ocr_carea' id='block_1_66' title="bbox 522 3423 2017 3493">
    <p class='ocr_par' dir='ltr' id='par_1_66' title="bbox 522 3423 2017 3493">
     <span class='ocr_line' id='line_1_66' title="bbox 522 3423 2017 3493; baseline 0.002 -17"><span class='ocrx_word' id='word_1_512' title='bbox 522 3423 611 3477; x_wconf 83' lang='grc'><strong>10.</strong></span> <span class='ocrx_word' id='word_1_513' title='bbox 646 3423 806 3477; x_wconf 81' lang='lat' dir='ltr'><strong>Addit</strong></span> <span class='ocrx_word' id='word_1_514' title='bbox 834 3423 1051 3479; x_wconf 90' lang='lat' dir='ltr'><strong>Celsus:</strong></span> <span class='ocrx_word' id='word_1_515' title='bbox 1091 3442 1107 3474; x_wconf 77' lang='grc' dir='ltr'><strong>ι</strong></span> <span class='ocrx_word' id='word_1_516' title='bbox 1146 3423 1306 3478; x_wconf 87' lang='lat' dir='ltr'><strong>Vides</strong></span> <span class='ocrx_word' id='word_1_517' title='bbox 1324 3426 1593 3493; x_wconf 90' lang='lat' dir='ltr'><strong>quomodo</strong></span> <span class='ocrx_word' id='word_1_518' title='bbox 1617 3423 1792 3489; x_wconf 85' lang='lat' dir='ltr'><strong>Plato,</strong></span> <span class='ocrx_word' id='word_1_519' title='bbox 1823 3424 2017 3479; x_wconf 89' lang='lat' dir='ltr'><strong>etiam-</strong></span> 
     </span>
    </p>
   </div>
   <div class='ocr_carea' id='block_1_67' title="bbox 450 3514 2014 3587">
    <p class='ocr_par' dir='ltr' id='par_1_67' title="bbox 450 3514 2014 3587">
     <span class='ocr_line' id='line_1_67' title="bbox 450 3514 2014 3587; baseline 0.002 -19"><span class='ocrx_word' id='word_1_520' title='bbox 450 3515 493 3568; x_wconf 82' lang='lat' dir='ltr'><strong>si</strong></span> <span class='ocrx_word' id='word_1_521' title='bbox 551 3524 676 3569; x_wconf 89' lang='lat' dir='ltr'><strong>ante</strong></span> <span class='ocrx_word' id='word_1_522' title='bbox 721 3516 975 3569; x_wconf 90' lang='lat' dir='ltr'><strong>statuerit</strong></span> <span class='ocrx_word' id='word_1_523' title='bbox 1024 3515 1155 3569; x_wconf 87' lang='lat' dir='ltr'><strong>illud</strong></span> <span class='ocrx_word' id='word_1_524' title='bbox 1187 3514 1369 3571; x_wconf 81' lang='lat' dir='ltr'><strong>verbis</strong></span> <span class='ocrx_word' id='word_1_525' title='bbox 1402 3516 1659 3586; x_wconf 65' lang='lat' dir='ltr'><strong>explicari</strong></span> <span class='ocrx_word' id='word_1_526' title='bbox 1699 3532 1806 3571; x_wconf 92' lang='lat' dir='ltr'><strong>non</strong></span> <span class='ocrx_word' id='word_1_527' title='bbox 1834 3532 2014 3587; x_wconf 90' lang='lat' dir='ltr'><strong>posse,</strong></span> 
     </span>
    </p>
   </div>
   <div class='ocr_carea' id='block_1_68' title="bbox 451 3606 2014 3677">
    <p class='ocr_par' dir='ltr' id='par_1_68' title="bbox 451 3606 2014 3677">
     <span class='ocr_line' id='line_1_68' title="bbox 451 3606 2014 3677; baseline 0.004 -22"><span class='ocrx_word' id='word_1_528' title='bbox 451 3617 648 3669; x_wconf 84' lang='lat' dir='ltr'><strong>tamen,</strong></span> <span class='ocrx_word' id='word_1_529' title='bbox 679 3620 746 3660; x_wconf 90' lang='lat' dir='ltr'><strong>ne</strong></span> <span class='ocrx_word' id='word_1_530' title='bbox 770 3607 1017 3661; x_wconf 90' lang='lat' dir='ltr'><strong>videatur</strong></span> <span class='ocrx_word' id='word_1_531' title='bbox 1039 3608 1103 3661; x_wconf 90' lang='lat' dir='ltr'><strong>ad</strong></span> <span class='ocrx_word' id='word_1_532' title='bbox 1137 3606 1185 3661; x_wconf 92' lang='lat' dir='ltr'><strong>id</strong></span> <span class='ocrx_word' id='word_1_533' title='bbox 1216 3608 1506 3677; x_wconf 77' lang='lat' dir='ltr'><strong>confugere</strong></span> <span class='ocrx_word' id='word_1_534' title='bbox 1528 3608 1667 3677; x_wconf 89' lang='lat' dir='ltr'><strong>quod</strong></span> <span class='ocrx_word' id='word_1_535' title='bbox 1696 3607 2014 3677; x_wconf 84' lang='lat' dir='ltr'><strong>reprehendi</strong></span> 
     </span>
    </p>
   </div>
   <div class='ocr_carea' id='block_1_69' title="bbox 447 3699 2015 3769">
    <p class='ocr_par' dir='ltr' id='par_1_69' title="bbox 447 3699 2015 3769">
     <span class='ocr_line' id='line_1_69' title="bbox 447 3699 2015 3769; baseline 0.003 -18"><span class='ocrx_word' id='word_1_536' title='bbox 447 3714 549 3753; x_wconf 90' lang='lat' dir='ltr'><strong>non</strong></span> <span class='ocrx_word' id='word_1_537' title='bbox 575 3709 761 3768; x_wconf 84' lang='lat' dir='ltr'><strong>queat,</strong></span> <span class='ocrx_word' id='word_1_538' title='bbox 787 3700 1050 3755; x_wconf 86' lang='lat' dir='ltr'><strong>rationem</strong></span> <span class='ocrx_word' id='word_1_539' title='bbox 1081 3701 1257 3755; x_wconf 90' lang='lat' dir='ltr'><strong>reddit</strong></span> <span class='ocrx_word' id='word_1_540' title='bbox 1286 3701 1447 3769; x_wconf 84' lang='lat' dir='ltr'><strong>hujus</strong></span> <span class='ocrx_word' id='word_1_541' title='bbox 1481 3700 1844 3756; x_wconf 72' lang='lat' dir='ltr'><strong>difﬁcultatis:</strong></span> <span class='ocrx_word' id='word_1_542' title='bbox 1874 3699 2015 3757; x_wconf 80' lang='lat' dir='ltr'><strong>forte</strong></span> 
     </span>
    </p>
   </div>
   <div class='ocr_carea' id='block_1_70' title="bbox 444 3789 2011 3862">
    <p class='ocr_par' dir='ltr' id='par_1_70' title="bbox 444 3789 2011 3862">
     <span class='ocr_line' id='line_1_70' title="bbox 444 3789 2011 3862; baseline 0.003 -21"><span class='ocrx_word' id='word_1_543' title='bbox 444 3790 592 3842; x_wconf 91' lang='lat' dir='ltr'><strong>enim</strong></span> <span class='ocrx_word' id='word_1_544' title='bbox 612 3789 691 3844; x_wconf 78' lang='lat' dir='ltr'><strong>vel</strong></span> <span class='ocrx_word' id='word_1_545' title='bbox 726 3790 951 3844; x_wconf 87' lang='lat' dir='ltr'><strong>nihilqu</strong></span> <span class='ocrx_word' id='word_1_546' title='bbox 985 3790 1163 3846; x_wconf 80' lang='lat' dir='ltr'><strong>verbis</strong></span> <span class='ocrx_word' id='word_1_547' title='bbox 1191 3792 1449 3860; x_wconf 82' lang='lat' dir='ltr'><strong>explicari</strong></span> <span class='ocrx_word' id='word_1_548' title='bbox 1484 3792 1672 3860; x_wconf 88' lang='lat' dir='ltr'><strong>possit.</strong></span> <span class='ocrx_word' id='word_1_549' title='bbox 1712 3811 1731 3843; x_wconf 73' lang='grc' dir='ltr'><strong>ι</strong></span> <span class='ocrx_word' id='word_1_550' title='bbox 1755 3793 1859 3847; x_wconf 88' lang='lat' dir='ltr'><strong>Sed</strong></span> <span class='ocrx_word' id='word_1_551' title='bbox 1884 3793 2011 3862; x_wconf 85' lang='lat' dir='ltr'><strong>quia</strong></span> 
     </span>
    </p>
   </div>
   <div class='ocr_carea' id='block_1_71' title="bbox 447 3879 2012 3952">
    <p class='ocr_par' dir='ltr' id='par_1_71' title="bbox 447 3879 2012 3952">
     <span class='ocr_line' id='line_1_71' title="bbox 447 3879 2012 3952; baseline 0.003 -20"><span class='ocrx_word' id='word_1_552' title='bbox 447 3883 560 3933; x_wconf 73' lang='lat' dir='ltr'><strong>haec</strong></span> <span class='ocrx_word' id='word_1_553' title='bbox 585 3879 779 3948; x_wconf 78' lang='lat' dir='ltr'><strong>allegat</strong></span> <span class='ocrx_word' id='word_1_554' title='bbox 809 3889 866 3933; x_wconf 90' lang='lat' dir='ltr'><strong>ut</strong></span> <span class='ocrx_word' id='word_1_555' title='bbox 903 3882 1095 3950; x_wconf 89' lang='lat' dir='ltr'><strong>probet</strong></span> <span class='ocrx_word' id='word_1_556' title='bbox 1132 3898 1237 3936; x_wconf 92' lang='lat' dir='ltr'><strong>non</strong></span> <span class='ocrx_word' id='word_1_557' title='bbox 1285 3883 1509 3937; x_wconf 88' lang='lat' dir='ltr'><strong>credere</strong></span> <span class='ocrx_word' id='word_1_558' title='bbox 1545 3883 1885 3952; x_wconf 86' lang='lat' dir='ltr'><strong>simpliciter,</strong></span> <span class='ocrx_word' id='word_1_559' title='bbox 1916 3883 2012 3939; x_wconf 84' lang='lat' dir='ltr'><strong>sed</strong></span> 
     </span>
    </p>
   </div>
   <div class='ocr_carea' id='block_1_72' title="bbox 444 3968 2014 4039">
    <p class='ocr_par' dir='ltr' id='par_1_72' title="bbox 444 3968 2014 4039">
     <span class='ocr_line' id='line_1_72' title="bbox 444 3968 2014 4039; baseline 0.003 -18"><span class='ocrx_word' id='word_1_560' title='bbox 444 3968 570 4023; x_wconf 80' lang='lat' dir='ltr'><strong>lidei</strong></span> <span class='ocrx_word' id='word_1_561' title='bbox 601 3969 861 4022; x_wconf 88' lang='lat' dir='ltr'><strong>rationem</strong></span> <span class='ocrx_word' id='word_1_562' title='bbox 892 3972 1115 4025; x_wconf 86' lang='lat' dir='ltr'><strong>reddere</strong></span> <span class='ocrx_word' id='word_1_563' title='bbox 1135 3981 1404 4039; x_wconf 81' lang='lat' dir='ltr'><strong>oportere,</strong></span> <span class='ocrx_word' id='word_1_564' title='bbox 1438 3979 1652 4026; x_wconf 88' lang='lat' dir='ltr'><strong>utemur</strong></span> <span class='ocrx_word' id='word_1_565' title='bbox 1687 3984 1741 4027; x_wconf 90' lang='lat' dir='ltr'><strong>et</strong></span> <span class='ocrx_word' id='word_1_566' title='bbox 1770 3989 1866 4028; x_wconf 90' lang='lat' dir='ltr'><strong>nos</strong></span> <span class='ocrx_word' id='word_1_567' title='bbox 1890 3988 2014 4027; x_wconf 73' lang='lat' dir='ltr'><strong>vero</strong></span> 
     </span>
    </p>
   </div>
   <div class='ocr_carea' id='block_1_73' title="bbox 374 4058 2010 4140">
    <p class='ocr_par' dir='ltr' id='par_1_73' title="bbox 374 4058 2010 4140">
     <span class='ocr_line' id='line_1_73' title="bbox 374 4058 2010 4140; baseline 0.005 -31"><span class='ocrx_word' id='word_1_568' title='bbox 374 4060 383 4069; x_wconf 85' lang='lat'><em>‘</em></span> <span class='ocrx_word' id='word_1_569' title='bbox 443 4059 525 4140; x_wconf 71' lang='lat' dir='ltr'><strong>his</strong></span> <span class='ocrx_word' id='word_1_570' title='bbox 594 4059 790 4127; x_wconf 89' lang='lat' dir='ltr'><strong>quibus</strong></span> <span class='ocrx_word' id='word_1_571' title='bbox 836 4058 1033 4114; x_wconf 88' lang='lat' dir='ltr'><strong>Paulus</strong></span> <span class='ocrx_word' id='word_1_572' title='bbox 1079 4061 1327 4132; x_wconf 83' lang='lat' dir='ltr'><strong>objurgat</strong></span> <span class='ocrx_word' id='word_1_573' title='bbox 1358 4078 1450 4117; x_wconf 91' lang='lat' dir='ltr'><strong>eos</strong></span> <span class='ocrx_word' id='word_1_574' title='bbox 1503 4063 1592 4131; x_wconf 91' lang='lat' dir='ltr'><strong>qui</strong></span> <span class='ocrx_word' id='word_1_575' title='bbox 1644 4071 1846 4118; x_wconf 84' lang='lat' dir='ltr'><strong>temere</strong></span> <span class='ocrx_word' id='word_1_576' title='bbox 1889 4077 2010 4117; x_wconf 85' lang='lat' dir='ltr'><strong>cre-</strong></span> 
     </span>
    </p>
   </div>
   <div class='ocr_carea' id='block_1_74' title="bbox 439 4151 2001 4222">
    <p class='ocr_par' dir='ltr' id='par_1_74' title="bbox 439 4151 2001 4222">
     <span class='ocr_line' id='line_1_74' title="bbox 439 4151 2001 4222; baseline 0.005 -22"><span class='ocrx_word' id='word_1_577' title='bbox 439 4156 668 4206; x_wconf 89' lang='lat' dir='ltr'><strong>derent:</strong></span> <span class='ocrx_word' id='word_1_578' title='bbox 736 4170 754 4201; x_wconf 74' lang='grc'><strong>(</strong></span> <span class='ocrx_word' id='word_1_579' title='bbox 810 4151 922 4208; x_wconf 85' lang='lat' dir='ltr'><strong>Nisi</strong></span> <span class='ocrx_word' id='word_1_580' title='bbox 971 4162 1201 4218; x_wconf 88' lang='lat' dir='ltr'><strong>temere,</strong></span> <span class='ocrx_word' id='word_1_581' title='bbox 1266 4154 1458 4222; x_wconf 89' lang='lat' dir='ltr'><strong>inquit,</strong></span> <span class='ocrx_word' id='word_1_582' title='bbox 1514 4155 1827 4209; x_wconf 88' lang='lat' dir='ltr'><strong>credidistis</strong></span> <span class='ocrx_word' id='word_1_583' title='bbox 1881 4156 1946 4208; x_wconf 86' lang='grc'>¹⁰.</span> <span class='ocrx_word' id='word_1_584' title='bbox 1982 4173 2001 4208; x_wconf 76' lang='grc' dir='ltr'><strong>ι</strong></span> 
     </span>
    </p>
   </div>
   <div class='ocr_carea' id='block_1_75' title="bbox 436 4243 2006 4313">
    <p class='ocr_par' dir='ltr' id='par_1_75' title="bbox 436 4243 2006 4313">
     <span class='ocr_line' id='line_1_75' title="bbox 436 4243 2006 4313; baseline 0.003 -17"><span class='ocrx_word' id='word_1_585' title='bbox 436 4243 595 4313; x_wconf 80' lang='lat'><strong>637</strong></span> <span class='ocrx_word' id='word_1_586' title='bbox 625 4243 894 4310; x_wconf 87' lang='lat' dir='ltr'><strong>Quantum</strong></span> <span class='ocrx_word' id='word_1_587' title='bbox 935 4244 987 4297; x_wconf 93' lang='lat' dir='ltr'><strong>iu</strong></span> <span class='ocrx_word' id='word_1_588' title='bbox 1012 4244 1168 4299; x_wconf 88' lang='lat' dir='ltr'><strong>Celso</strong></span> <span class='ocrx_word' id='word_1_589' title='bbox 1196 4253 1298 4309; x_wconf 89' lang='lat' dir='ltr'><strong>est,</strong></span> <span class='ocrx_word' id='word_1_590' title='bbox 1324 4246 1438 4299; x_wconf 91' lang='lat' dir='ltr'><strong>suis</strong></span> <span class='ocrx_word' id='word_1_591' title='bbox 1467 4260 1563 4299; x_wconf 91' lang='lat' dir='ltr'><strong>nos</strong></span> <span class='ocrx_word' id='word_1_592' title='bbox 1598 4245 2006 4313; x_wconf 87' lang='lat' dir='ltr'><strong>repetitionibus</strong></span> 
     </span>
    </p>
   </div>
   <div class='ocr_carea' id='block_1_76' title="bbox 438 4340 2002 4413">
    <p class='ocr_par' dir='ltr' id='par_1_76' title="bbox 438 4340 2002 4413">
     <span class='ocr_line' id='line_1_76' title="bbox 438 4340 2002 4413; baseline 0.005 -24"><span class='ocrx_word' id='word_1_593' title='bbox 438 4350 679 4406; x_wconf 86' lang='lat' dir='ltr'><strong>repetere</strong></span> <span class='ocrx_word' id='word_1_594' title='bbox 712 4340 877 4409; x_wconf 89' lang='lat' dir='ltr'><strong>cogit,</strong></span> <span class='ocrx_word' id='word_1_595' title='bbox 906 4343 1029 4395; x_wconf 91' lang='lat' dir='ltr'><strong>dum</strong></span> <span class='ocrx_word' id='word_1_596' title='bbox 1063 4341 1139 4395; x_wconf 89' lang='lat' dir='ltr'><strong>ait</strong></span> <span class='ocrx_word' id='word_1_597' title='bbox 1160 4350 1279 4411; x_wconf 92' lang='lat' dir='ltr'><strong>post</strong></span> <span class='ocrx_word' id='word_1_598' title='bbox 1306 4341 1561 4409; x_wconf 78' lang='lat' dir='ltr'><strong>eii‘utitas,</strong></span> <span class='ocrx_word' id='word_1_599' title='bbox 1589 4358 1723 4413; x_wconf 90' lang='lat' dir='ltr'><strong>quas</strong></span> <span class='ocrx_word' id='word_1_600' title='bbox 1751 4343 2002 4406; x_wconf 88' lang='lat' dir='ltr'><strong>vidimus,</strong></span> 
     </span>
    </p>
   </div>
   <div class='ocr_carea' id='block_1_77' title="bbox 2120 3163 3693 3238">
    <p class='ocr_par' dir='ltr' id='par_1_77' title="bbox 2120 3163 3693 3238">
     <span class='ocr_line' id='line_1_77' title="bbox 2120 3163 3693 3238; baseline -0.004 -19"><span class='ocrx_word' id='word_1_601' title='bbox 2120 3168 2303 3238; x_wconf 83' lang='grc' dir='ltr'>τάρτῳ</span> <span class='ocrx_word' id='word_1_602' title='bbox 2346 3170 2458 3221; x_wconf 75' lang='grc' dir='ltr'>ὄντι</span> <span class='ocrx_word' id='word_1_603' title='bbox 2493 3166 2792 3235; x_wconf 83' lang='grc' dir='ltr'>ἐπιστήμη</span> <span class='ocrx_word' id='word_1_604' title='bbox 2821 3166 2928 3235; x_wconf 86' lang='grc'><strong>(19)</strong></span> <span class='ocrx_word' id='word_1_605' title='bbox 2960 3168 2993 3236; x_wconf 80' lang='grc' dir='ltr'><strong>ἡ</strong></span> <span class='ocrx_word' id='word_1_606' title='bbox 3027 3167 3085 3219; x_wconf 85' lang='grc' dir='ltr'>ὲν</span> <span class='ocrx_word' id='word_1_607' title='bbox 3123 3168 3234 3226; x_wconf 87' lang='grc' dir='ltr'>τοῖς</span> <span class='ocrx_word' id='word_1_608' title='bbox 3264 3163 3384 3218; x_wconf 88' lang='grc' dir='ltr'>καθ’</span> <span class='ocrx_word' id='word_1_609' title='bbox 3424 3165 3572 3233; x_wconf 74' lang='grc' dir='ltr'>ἡμᾶς</span> <span class='ocrx_word' id='word_1_610' title='bbox 3608 3179 3693 3213; x_wconf 85' lang='grc' dir='ltr'>τε-</span> 
     </span>
    </p>
   </div>
   <div class='ocr_carea' id='block_1_78' title="bbox 2119 3255 3518 3330">
    <p class='ocr_par' dir='ltr' id='par_1_78' title="bbox 2119 3255 3518 3330">
     <span class='ocr_line' id='line_1_78' title="bbox 2119 3255 3518 3330; baseline -0.003 -20"><span class='ocrx_word' id='word_1_611' title='bbox 2119 3258 2281 3321; x_wconf 79' lang='grc' dir='ltr'>λείοις</span> <span class='ocrx_word' id='word_1_612' title='bbox 2311 3259 2470 3327; x_wconf 80' lang='grc' dir='ltr'>σοφία</span> <span class='ocrx_word' id='word_1_613' title='bbox 2500 3260 2527 3312; x_wconf 87' lang='grc' dir='ltr'>ὁ</span> <span class='ocrx_word' id='word_1_614' title='bbox 2556 3257 2806 3330; x_wconf 81' lang='grc' dir='ltr'>Χριστὸς,</span> <span class='ocrx_word' id='word_1_615' title='bbox 2841 3257 3118 3325; x_wconf 74' lang='grc' dir='ltr'>ἐπιστήσει</span> <span class='ocrx_word' id='word_1_616' title='bbox 3148 3255 3518 3324; x_wconf 83' lang='grc' dir='ltr'>όδυνάμενος.</span> 
     </span>
    </p>
   </div>
   <div class='ocr_carea' id='block_1_79' title="bbox 2189 3424 3687 3501">
    <p class='ocr_par' dir='ltr' id='par_1_79' title="bbox 2189 3424 3687 3501">
     <span class='ocr_line' id='line_1_79' title="bbox 2189 3424 3687 3501; baseline -0.003 -20"><span class='ocrx_word' id='word_1_617' title='bbox 2189 3424 2322 3495; x_wconf 83' lang='grc' dir='ltr'><strong>Εἷτά</strong></span> <span class='ocrx_word' id='word_1_618' title='bbox 2351 3446 2534 3501; x_wconf 86' lang='grc' dir='ltr'>φησιν,</span> <span class='ocrx_word' id='word_1_619' title='bbox 2558 3430 2638 3481; x_wconf 83' lang='grc' dir='ltr'><strong>ὅτι</strong></span> <span class='ocrx_word' id='word_1_620' title='bbox 2672 3448 2687 3477; x_wconf 78' lang='grc' dir='ltr'><strong>ι</strong></span> <span class='ocrx_word' id='word_1_621' title='bbox 2725 3429 2885 3501; x_wconf 78' lang='grc' dir='ltr'>Ὁρᾷς</span> <span class='ocrx_word' id='word_1_622' title='bbox 2915 3430 3061 3491; x_wconf 84' lang='grc' dir='ltr'>ὅπως</span> <span class='ocrx_word' id='word_1_623' title='bbox 3092 3427 3337 3489; x_wconf 84' lang='grc' dir='ltr'>Πλάτων,</span> <span class='ocrx_word' id='word_1_624' title='bbox 3362 3427 3538 3480; x_wconf 81' lang='grc' dir='ltr'>καίτοι</span> <span class='ocrx_word' id='word_1_625' title='bbox 3573 3424 3687 3478; x_wconf 88' lang='grc' dir='ltr'>δια-</span> 
     </span>
    </p>
   </div>
   <div class='ocr_carea' id='block_1_80' title="bbox 2118 3518 3685 3592">
    <p class='ocr_par' dir='ltr' id='par_1_80' title="bbox 2118 3518 3685 3592">
     <span class='ocr_line' id='line_1_80' title="bbox 2118 3518 3685 3592; baseline -0.001 -21"><span class='ocrx_word' id='word_1_626' title='bbox 2118 3520 2571 3590; x_wconf 78' lang='grc' dir='ltr'>ϐεϐαιωσάμενος,</span> <span class='ocrx_word' id='word_1_627' title='bbox 2614 3519 2694 3573; x_wconf 85' lang='grc' dir='ltr'>ὅτι</span> <span class='ocrx_word' id='word_1_628' title='bbox 2738 3520 2898 3592; x_wconf 78' lang='grc' dir='ltr'>ῥητὸν</span> <span class='ocrx_word' id='word_1_629' title='bbox 2932 3520 3033 3571; x_wconf 74' lang='grc' dir='ltr'><strong>οὐκ</strong></span> <span class='ocrx_word' id='word_1_630' title='bbox 3064 3518 3230 3581; x_wconf 79' lang='grc' dir='ltr'>ἔστιν,</span> <span class='ocrx_word' id='word_1_631' title='bbox 3278 3518 3451 3587; x_wconf 83' lang='grc' dir='ltr'>ὅμως,</span> <span class='ocrx_word' id='word_1_632' title='bbox 3484 3518 3573 3570; x_wconf 82' lang='grc' dir='ltr'><strong>ἵνα</strong></span> <span class='ocrx_word' id='word_1_633' title='bbox 3607 3518 3685 3587; x_wconf 77' lang='grc' dir='ltr'>μὴ</span> 
     </span>
    </p>
   </div>
   <div class='ocr_carea' id='block_1_81' title="bbox 2116 3607 3683 3683">
    <p class='ocr_par' dir='ltr' id='par_1_81' title="bbox 2116 3607 3683 3683">
     <span class='ocr_line' id='line_1_81' title="bbox 2116 3607 3683 3683; baseline -0.003 -21"><span class='ocrx_word' id='word_1_634' title='bbox 2116 3612 2195 3673; x_wconf 84' lang='grc' dir='ltr'><strong>είς</strong></span> <span class='ocrx_word' id='word_1_635' title='bbox 2237 3610 2617 3678; x_wconf 82' lang='grc' dir='ltr'>ἀνεξέλεγκτον</span> <span class='ocrx_word' id='word_1_636' title='bbox 2663 3612 2961 3681; x_wconf 82' lang='grc' dir='ltr'>ἀναχωρεῖν</span> <span class='ocrx_word' id='word_1_637' title='bbox 3002 3610 3147 3683; x_wconf 79' lang='grc' dir='ltr'>δόξῃ,</span> <span class='ocrx_word' id='word_1_638' title='bbox 3194 3610 3451 3679; x_wconf 76' lang='grc' dir='ltr'>λογισμὸν</span> <span class='ocrx_word' id='word_1_639' title='bbox 3496 3607 3683 3676; x_wconf 81' lang='grc' dir='ltr'>ὑπέχει</span> 
     </span>
    </p>
   </div>
   <div class='ocr_carea' id='block_1_82' title="bbox 2114 3698 3681 3771">
    <p class='ocr_par' dir='ltr' id='par_1_82' title="bbox 2114 3698 3681 3771">
     <span class='ocr_line' id='line_1_82' title="bbox 2114 3698 3681 3771; baseline -0.003 -18"><span class='ocrx_word' id='word_1_640' title='bbox 2114 3700 2317 3770; x_wconf 84' lang='grc' dir='ltr'>ταύτης</span> <span class='ocrx_word' id='word_1_641' title='bbox 2345 3700 2443 3768; x_wconf 81' lang='grc' dir='ltr'>τῆς</span> <span class='ocrx_word' id='word_1_642' title='bbox 2472 3699 2699 3770; x_wconf 78' lang='grc' dir='ltr'>ἀπορίας</span> <span class='ocrx_word' id='word_1_643' title='bbox 2721 3717 2733 3729; x_wconf 81' lang='grc'><em>’</em></span> <span class='ocrx_word' id='word_1_644' title='bbox 2764 3698 2849 3768; x_wconf 83' lang='grc' dir='ltr'><strong>εἴη</strong></span> <span class='ocrx_word' id='word_1_645' title='bbox 2883 3699 2991 3771; x_wconf 81' lang='grc' dir='ltr'>γὰρ</span> <span class='ocrx_word' id='word_1_646' title='bbox 3018 3699 3082 3752; x_wconf 82' lang='grc' dir='ltr'>ἂν</span> <span class='ocrx_word' id='word_1_647' title='bbox 3114 3700 3272 3768; x_wconf 81' lang='grc' dir='ltr'>τυχὸν</span> <span class='ocrx_word' id='word_1_648' title='bbox 3304 3699 3467 3770; x_wconf 77' lang='grc' dir='ltr'>ῥητὸν</span> <span class='ocrx_word' id='word_1_649' title='bbox 3500 3701 3594 3751; x_wconf 76' lang='grc' dir='ltr'>καὶ</span> <span class='ocrx_word' id='word_1_650' title='bbox 3622 3700 3681 3748; x_wconf 74' lang='grc' dir='ltr'><strong>τὸ</strong></span> 
     </span>
    </p>
   </div>
   <div class='ocr_carea' id='block_1_83' title="bbox 2118 3790 3678 3863">
    <p class='ocr_par' dir='ltr' id='par_1_83' title="bbox 2118 3790 3678 3863">
     <span class='ocr_line' id='line_1_83' title="bbox 2118 3790 3678 3863; baseline 0 -21"><span class='ocrx_word' id='word_1_651' title='bbox 2118 3792 2301 3861; x_wconf 86' lang='grc' dir='ltr'>μηδέν.</span> <span class='ocrx_word' id='word_1_652' title='bbox 2343 3811 2360 3843; x_wconf 73' lang='grc' dir='ltr'><strong>ι</strong></span> <span class='ocrx_word' id='word_1_653' title='bbox 2411 3790 2549 3843; x_wconf 83' lang='grc' dir='ltr'>Ἀλλ’</span> <span class='ocrx_word' id='word_1_654' title='bbox 2582 3792 2704 3843; x_wconf 75' lang='grc' dir='ltr'>ἐπεὶ</span> <span class='ocrx_word' id='word_1_655' title='bbox 2732 3790 2889 3844; x_wconf 78' lang='grc' dir='ltr'>τοῦτο</span> <span class='ocrx_word' id='word_1_656' title='bbox 2922 3793 3079 3863; x_wconf 82' lang='grc' dir='ltr'>φέρει</span> <span class='ocrx_word' id='word_1_657' title='bbox 3108 3794 3186 3855; x_wconf 75' lang='grc' dir='ltr'>εἰς</span> <span class='ocrx_word' id='word_1_658' title='bbox 3215 3794 3559 3861; x_wconf 82' lang='grc' dir='ltr'>κατασκευὴν</span> <span class='ocrx_word' id='word_1_659' title='bbox 3586 3792 3678 3843; x_wconf 79' lang='grc' dir='ltr'><strong>τοῦ</strong></span> 
     </span>
    </p>
   </div>
   <div class='ocr_carea' id='block_1_84' title="bbox 2113 3880 3677 3952">
    <p class='ocr_par' dir='ltr' id='par_1_84' title="bbox 2113 3880 3677 3952">
     <span class='ocr_line' id='line_1_84' title="bbox 2113 3880 3677 3952; baseline 0 -17"><span class='ocrx_word' id='word_1_660' title='bbox 2113 3883 2221 3936; x_wconf 86' lang='grc' dir='ltr'>δεῖν</span> <span class='ocrx_word' id='word_1_661' title='bbox 2245 3882 2319 3951; x_wconf 82' lang='grc' dir='ltr'>μὴ</span> <span class='ocrx_word' id='word_1_662' title='bbox 2347 3880 2535 3941; x_wconf 80' lang='grc' dir='ltr'>ἁπλῶς</span> <span class='ocrx_word' id='word_1_663' title='bbox 2563 3882 2855 3942; x_wconf 81' lang='grc' dir='ltr'>πιστεύειν,</span> <span class='ocrx_word' id='word_1_664' title='bbox 2887 3882 3021 3935; x_wconf 78' lang='grc' dir='ltr'>ἀλλὰ</span> <span class='ocrx_word' id='word_1_665' title='bbox 3042 3883 3296 3952; x_wconf 78' lang='grc' dir='ltr'>λογισμὸν</span> <span class='ocrx_word' id='word_1_666' title='bbox 3319 3885 3542 3952; x_wconf 82' lang='grc' dir='ltr'>ὑπέχειν</span> <span class='ocrx_word' id='word_1_667' title='bbox 3573 3883 3677 3935; x_wconf 85' lang='grc' dir='ltr'><strong>τῶν</strong></span> 
     </span>
    </p>
   </div>
   <div class='ocr_carea' id='block_1_85' title="bbox 2112 3970 3677 4044">
    <p class='ocr_par' dir='ltr' id='par_1_85' title="bbox 2112 3970 3677 4044">
     <span class='ocr_line' id='line_1_85' title="bbox 2112 3970 3677 4044; baseline 0 -19"><span class='ocrx_word' id='word_1_668' title='bbox 2112 3970 2543 4041; x_wconf 70' lang='grc' dir='ltr'>πιστευομένωνσ</span> <span class='ocrx_word' id='word_1_669' title='bbox 2576 3973 2888 4044; x_wconf 83' lang='grc' dir='ltr'>χρησόμεθα</span> <span class='ocrx_word' id='word_1_670' title='bbox 2917 3974 3009 4026; x_wconf 73' lang='grc' dir='ltr'><strong>καὶ</strong></span> <span class='ocrx_word' id='word_1_671' title='bbox 3042 3976 3197 4044; x_wconf 79' lang='grc' dir='ltr'>ἡμεῖς</span> <span class='ocrx_word' id='word_1_672' title='bbox 3224 3973 3319 4026; x_wconf 74' lang='grc' dir='ltr'>τοῦ</span> <span class='ocrx_word' id='word_1_673' title='bbox 3352 3973 3563 4028; x_wconf 79' lang='grc' dir='ltr'>Παύλου</span> <span class='ocrx_word' id='word_1_674' title='bbox 3594 3973 3677 4025; x_wconf 89' lang='grc' dir='ltr'>λέ-</span> 
     </span>
    </p>
   </div>
   <div class='ocr_carea' id='block_1_86' title="bbox 2111 4059 3675 4137">
    <p class='ocr_par' dir='ltr' id='par_1_86' title="bbox 2111 4059 3675 4137">
     <span class='ocr_line' id='line_1_86' title="bbox 2111 4059 3675 4137; baseline 0 -22"><span class='ocrx_word' id='word_1_675' title='bbox 2111 4065 2212 4131; x_wconf 80' lang='grc' dir='ltr'>ξει,</span> <span class='ocrx_word' id='word_1_676' title='bbox 2261 4062 2563 4134; x_wconf 84' lang='grc' dir='ltr'>ὲγκαλούσῃ</span> <span class='ocrx_word' id='word_1_677' title='bbox 2606 4064 2683 4133; x_wconf 81' lang='grc' dir='ltr'><strong>τῷ</strong></span> <span class='ocrx_word' id='word_1_678' title='bbox 2734 4064 2856 4133; x_wconf 81' lang='grc' dir='ltr'>εἰκῆ</span> <span class='ocrx_word' id='word_1_679' title='bbox 2908 4064 3235 4128; x_wconf 81' lang='grc' dir='ltr'>πιστεύοντι,</span> <span class='ocrx_word' id='word_1_680' title='bbox 3292 4068 3350 4117; x_wconf 78' lang='grc' dir='ltr'>ὲν</span> <span class='ocrx_word' id='word_1_681' title='bbox 3494 4081 3675 4133; x_wconf 86' lang='grc' dir='ltr'>φησιν,</span> 
     </span>
    </p>
   </div>
   <div class='ocr_carea' id='block_1_87' title="bbox 2118 4155 3673 4226">
    <p class='ocr_par' dir='ltr' id='par_1_87' title="bbox 2118 4155 3673 4226">
     <span class='ocr_line' id='line_1_87' title="bbox 2118 4155 3673 4226; baseline -0.001 -18"><span class='ocrx_word' id='word_1_682' title='bbox 2118 4174 2136 4207; x_wconf 76' lang='grc' dir='ltr'><strong>ι</strong></span> <span class='ocrx_word' id='word_1_683' title='bbox 2191 4156 2376 4219; x_wconf 85' lang='grc' dir='ltr'>Ἐκτὸς</span> <span class='ocrx_word' id='word_1_684' title='bbox 2406 4158 2453 4207; x_wconf 79' lang='grc' dir='ltr'>εἰ</span> <span class='ocrx_word' id='word_1_685' title='bbox 2496 4156 2569 4226; x_wconf 83' lang='grc' dir='ltr'>μὴ</span> <span class='ocrx_word' id='word_1_686' title='bbox 2604 4156 2723 4226; x_wconf 83' lang='grc' dir='ltr'>εἰκῆ</span> <span class='ocrx_word' id='word_1_687' title='bbox 2767 4155 3143 4208; x_wconf 78' lang='grc' dir='ltr'>ἐπιστεύσατε.</span> <span class='ocrx_word' id='word_1_688' title='bbox 3194 4170 3213 4203; x_wconf 75' lang='grc' dir='ltr'><strong>ι</strong></span> <span class='ocrx_word' id='word_1_689' title='bbox 3252 4156 3326 4207; x_wconf 88' lang='grc' dir='ltr'><strong>Τὸ</strong></span> <span class='ocrx_word' id='word_1_690' title='bbox 3356 4156 3482 4208; x_wconf 86' lang='grc' dir='ltr'>ὅσον</span> <span class='ocrx_word' id='word_1_691' title='bbox 3510 4155 3555 4208; x_wconf 83' lang='grc' dir='ltr'>δ’</span> <span class='ocrx_word' id='word_1_692' title='bbox 3590 4156 3673 4207; x_wconf 71' lang='grc' dir='ltr'><strong>ἐπ’</strong></span> 
     </span>
    </p>
   </div>
   <div class='ocr_carea' id='block_1_88' title="bbox 2109 4246 3675 4318">
    <p class='ocr_par' dir='ltr' id='par_1_88' title="bbox 2109 4246 3675 4318">
     <span class='ocr_line' id='line_1_88' title="bbox 2109 4246 3675 4318; baseline 0.001 -19"><span class='ocrx_word' id='word_1_693' title='bbox 2109 4248 2257 4318; x_wconf 85' lang='grc' dir='ltr'>αὑτῷ</span> <span class='ocrx_word' id='word_1_694' title='bbox 2287 4247 2582 4315; x_wconf 75' lang='grc' dir='ltr'>ἀναγκάζει</span> <span class='ocrx_word' id='word_1_695' title='bbox 2608 4249 2751 4318; x_wconf 80' lang='grc' dir='ltr'>ἡμᾶς</span> <span class='ocrx_word' id='word_1_696' title='bbox 2770 4248 3107 4314; x_wconf 83' lang='grc' dir='ltr'>ταυτολογεῖν</span> <span class='ocrx_word' id='word_1_697' title='bbox 3128 4246 3467 4315; x_wconf 86' lang='grc' dir='ltr'>ταυτολογῶν</span> <span class='ocrx_word' id='word_1_698' title='bbox 3490 4249 3517 4299; x_wconf 86' lang='grc' dir='ltr'><strong>ό</strong></span> <span class='ocrx_word' id='word_1_699' title='bbox 3543 4246 3675 4300; x_wconf 81' lang='grc' dir='ltr'>Κέλ-</span> 
     </span>
    </p>
   </div>
   <div class='ocr_carea' id='block_1_89' title="bbox 2110 4336 3672 4408">
    <p class='ocr_par' dir='ltr' id='par_1_89' title="bbox 2110 4336 3672 4408">
     <span class='ocr_line' id='line_1_89' title="bbox 2110 4336 3672 4408; baseline -0.001 -17"><span class='ocrx_word' id='word_1_700' title='bbox 2110 4356 2221 4402; x_wconf 87' lang='grc' dir='ltr'>σος,</span> <span class='ocrx_word' id='word_1_701' title='bbox 2277 4338 2448 4406; x_wconf 90' lang='grc' dir='ltr'>λέγων</span> <span class='ocrx_word' id='word_1_702' title='bbox 2497 4338 2635 4408; x_wconf 87' lang='grc' dir='ltr'><strong>μετά</strong></span> <span class='ocrx_word' id='word_1_703' title='bbox 2679 4337 2778 4399; x_wconf 88' lang='grc' dir='ltr'>τὰς</span> <span class='ocrx_word' id='word_1_704' title='bbox 2826 4337 3121 4407; x_wconf 82' lang='grc' dir='ltr'>εἰρημένας</span> <span class='ocrx_word' id='word_1_705' title='bbox 3169 4336 3357 4408; x_wconf 82' lang='grc' dir='ltr'>ὥσπερ</span> <span class='ocrx_word' id='word_1_706' title='bbox 3409 4337 3672 4400; x_wconf 72' lang='grc' dir='ltr'>ἀλαζόνων</span> 
     </span>
    </p>
   </div>
   <div class='ocr_carea' id='block_1_90' title="bbox 428 4423 2025 4498">
    <p class='ocr_par' dir='ltr' id='par_1_90' title="bbox 428 4431 2002 4498">
     <span class='ocr_line' id='line_1_90' title="bbox 428 4431 2002 4498; baseline 0.004 -16"><span class='ocrx_word' id='word_1_707' title='bbox 428 4433 781 4497; x_wconf 66' lang='lat' dir='ltr'><strong>jactationcs:</strong></span> <span class='ocrx_word' id='word_1_708' title='bbox 820 4451 838 4481; x_wconf 76' lang='grc' dir='ltr'><strong>ι</strong></span> <span class='ocrx_word' id='word_1_709' title='bbox 873 4431 1150 4487; x_wconf 88' lang='lat' dir='ltr'><strong>Platonem</strong></span> <span class='ocrx_word' id='word_1_710' title='bbox 1177 4450 1275 4488; x_wconf 91' lang='lat' dir='ltr'><strong>nec</strong></span> <span class='ocrx_word' id='word_1_711' title='bbox 1308 4436 1589 4489; x_wconf 83' lang='lat' dir='ltr'><strong>venditare</strong></span> <span class='ocrx_word' id='word_1_712' title='bbox 1610 4450 1690 4498; x_wconf 87' lang='lat' dir='ltr'><strong>se,</strong></span> <span class='ocrx_word' id='word_1_713' title='bbox 1727 4450 1827 4490; x_wconf 89' lang='lat' dir='ltr'><strong>nec</strong></span> <span class='ocrx_word' id='word_1_714' title='bbox 1852 4450 2002 4489; x_wconf 88' lang='lat' dir='ltr'><strong>men-</strong></span> 
     </span>
    </p>
   </div>
   <div class='ocr_carea' id='block_1_91' title="bbox 2137 4423 3669 4498">
    <p class='ocr_par' dir='ltr' id='par_1_91' title="bbox 2137 4428 3669 4496">
     <span class='ocr_line' id='line_1_91' title="bbox 2137 4428 3669 4496; baseline -0.001 -14"><span class='ocrx_word' id='word_1_715' title='bbox 2137 4432 2441 4496; x_wconf 75' lang='grc' dir='ltr'>ιλαζονείας,</span> <span class='ocrx_word' id='word_1_716' title='bbox 2490 4432 2590 4493; x_wconf 80' lang='grc' dir='ltr'>ὅτι,</span> <span class='ocrx_word' id='word_1_717' title='bbox 2652 4449 2670 4481; x_wconf 76' lang='grc' dir='ltr'><strong>ι</strong></span> <span class='ocrx_word' id='word_1_718' title='bbox 2732 4429 2954 4482; x_wconf 86' lang='grc' dir='ltr'>Πλάτων</span> <span class='ocrx_word' id='word_1_719' title='bbox 3002 4430 3100 4482; x_wconf 75' lang='grc' dir='ltr'><strong>οὐκ</strong></span> <span class='ocrx_word' id='word_1_720' title='bbox 3159 4430 3541 4494; x_wconf 78' lang='grc' dir='ltr'>ἀλαζονεύεται</span> <span class='ocrx_word' id='word_1_721' title='bbox 3581 4428 3669 4482; x_wconf 83' lang='grc' dir='ltr'>καὶ</span> 
     </span>
    </p>
   </div>
   <div class='ocr_carea' id='block_1_92' title="bbox 433 4524 2001 4596">
    <p class='ocr_par' dir='ltr' id='par_1_92' title="bbox 433 4524 2001 4596">
     <span class='ocr_line' id='line_1_92' title="bbox 433 4524 2001 4596; baseline 0.005 -22"><span class='ocrx_word' id='word_1_722' title='bbox 433 4524 553 4587; x_wconf 84' lang='lat' dir='ltr'><strong>tiri;</strong></span> <span class='ocrx_word' id='word_1_723' title='bbox 597 4539 703 4577; x_wconf 90' lang='lat' dir='ltr'><strong>non</strong></span> <span class='ocrx_word' id='word_1_724' title='bbox 733 4524 915 4577; x_wconf 89' lang='lat' dir='ltr'><strong>dicere</strong></span> <span class='ocrx_word' id='word_1_725' title='bbox 954 4526 1055 4579; x_wconf 81' lang='lat' dir='ltr'><strong>sibi</strong></span> <span class='ocrx_word' id='word_1_726' title='bbox 1090 4528 1214 4593; x_wconf 89' lang='lat' dir='ltr'><strong>quid</strong></span> <span class='ocrx_word' id='word_1_727' title='bbox 1250 4529 1377 4582; x_wconf 92' lang='lat' dir='ltr'><strong>novi</strong></span> <span class='ocrx_word' id='word_1_728' title='bbox 1405 4539 1761 4596; x_wconf 90' lang='lat' dir='ltr'><strong>compertum,</strong></span> <span class='ocrx_word' id='word_1_729' title='bbox 1806 4539 1899 4583; x_wconf 91' lang='lat' dir='ltr'><strong>aut</strong></span> <span class='ocrx_word' id='word_1_730' title='bbox 1940 4542 2001 4582; x_wconf 91' lang='lat' dir='ltr'><strong>se</strong></span> 
     </span>
    </p>
   </div>
   <div class='ocr_carea' id='block_1_93' title="bbox 431 4615 2000 4682">
    <p class='ocr_par' dir='ltr' id='par_1_93' title="bbox 431 4615 2000 4682">
     <span class='ocr_line' id='line_1_93' title="bbox 431 4615 2000 4682; baseline 0.006 -19"><span class='ocrx_word' id='word_1_731' title='bbox 431 4630 460 4663; x_wconf 76' lang='grc' dir='ltr'><strong>ιι</strong></span> <span class='ocrx_word' id='word_1_732' title='bbox 493 4615 630 4667; x_wconf 74' lang='grc' dir='ltr'>εωΙο</span> <span class='ocrx_word' id='word_1_733' title='bbox 662 4615 850 4668; x_wconf 79' lang='lat' dir='ltr'><strong>adesse</strong></span> <span class='ocrx_word' id='word_1_734' title='bbox 894 4625 949 4667; x_wconf 92' lang='lat' dir='ltr'><strong>ut</strong></span> <span class='ocrx_word' id='word_1_735' title='bbox 978 4620 1301 4682; x_wconf 89' lang='lat' dir='ltr'><strong>aunuutiet;</strong></span> <span class='ocrx_word' id='word_1_736' title='bbox 1346 4622 1435 4673; x_wconf 89' lang='lat' dir='ltr'><strong>sed</strong></span> <span class='ocrx_word' id='word_1_737' title='bbox 1469 4618 1627 4672; x_wconf 80' lang='lat' dir='ltr'><strong>fateri</strong></span> <span class='ocrx_word' id='word_1_738' title='bbox 1658 4620 1801 4674; x_wconf 88' lang='lat' dir='ltr'><strong>unde</strong></span> <span class='ocrx_word' id='word_1_739' title='bbox 1843 4634 2000 4673; x_wconf 86' lang='lat' dir='ltr'><strong>acce-</strong></span> 
     </span>
    </p>
   </div>
   <div class='ocr_carea' id='block_1_94' title="bbox 431 4703 1995 4774">
    <p class='ocr_par' dir='ltr' id='par_1_94' title="bbox 431 4703 1995 4774">
     <span class='ocr_line' id='line_1_94' title="bbox 431 4703 1995 4774; baseline 0.004 -20"><span class='ocrx_word' id='word_1_740' title='bbox 431 4703 590 4769; x_wconf 81' lang='lat' dir='ltr'><strong>perit.</strong></span> <span class='ocrx_word' id='word_1_741' title='bbox 636 4722 654 4754; x_wconf 82' lang='grc'>›</span> <span class='ocrx_word' id='word_1_742' title='bbox 723 4704 876 4770; x_wconf 88' lang='lat' dir='ltr'><strong>lmo,</strong></span> <span class='ocrx_word' id='word_1_743' title='bbox 926 4706 1125 4759; x_wconf 84' lang='lat' dir='ltr'><strong>dixerit</strong></span> <span class='ocrx_word' id='word_1_744' title='bbox 1177 4708 1372 4774; x_wconf 88' lang='lat' dir='ltr'><strong>aliquis</strong></span> <span class='ocrx_word' id='word_1_745' title='bbox 1427 4707 1585 4761; x_wconf 90' lang='lat' dir='ltr'><strong>Celso</strong></span> <span class='ocrx_word' id='word_1_746' title='bbox 1636 4709 1995 4774; x_wconf 87' lang='lat' dir='ltr'><strong>respondens,</strong></span> 
     </span>
    </p>
   </div>
   <div class='ocr_carea' id='block_1_95' title="bbox 532 4857 1324 4931">
    <p class='ocr_par' dir='ltr' id='par_1_95' title="bbox 532 4857 1324 4931">
     <span class='ocr_line' id='line_1_95' title="bbox 532 4857 1324 4931; baseline 0.004 -22"><span class='ocrx_word' id='word_1_747' title='bbox 532 4857 737 4923; x_wconf 63' lang='grc'><strong>⁸1³1³1..</strong></span> <span class='ocrx_word' id='word_1_748' title='bbox 759 4874 842 4927; x_wconf 80' lang='lat' dir='ltr'><strong>cp.</strong></span> <span class='ocrx_word' id='word_1_749' title='bbox 868 4860 921 4913; x_wconf 88' lang='grc'><strong>6.</strong></span> <span class='ocrx_word' id='word_1_750' title='bbox 999 4862 1017 4890; x_wconf 87' lang='grc'>⁷</span> <span class='ocrx_word' id='word_1_751' title='bbox 1047 4862 1142 4926; x_wconf 91' lang='lat' dir='ltr'><strong>|d.,</strong></span> <span class='ocrx_word' id='word_1_752' title='bbox 1165 4877 1247 4931; x_wconf 89' lang='lat' dir='ltr'><strong>ep.</strong></span> <span class='ocrx_word' id='word_1_753' title='bbox 1275 4863 1324 4914; x_wconf 90' lang='lat'><strong>7.</strong></span> 
     </span>
    </p>
   </div>
   <div class='ocr_carea' id='block_1_96' title="bbox 496 4975 1997 5048">
    <p class='ocr_par' dir='ltr' id='par_1_96' title="bbox 496 4975 1997 5048">
     <span class='ocr_line' id='line_1_96' title="bbox 496 4975 1997 5048; baseline 0.007 -20"><span class='ocrx_word' id='word_1_754' title='bbox 496 4976 614 5048; x_wconf 84' lang='grc'><strong>(15)</strong></span> <span class='ocrx_word' id='word_1_755' title='bbox 657 4975 879 5048; x_wconf 79' lang='lat' dir='ltr'><strong>Aliquot</strong></span> <span class='ocrx_word' id='word_1_756' title='bbox 924 4992 1114 5048; x_wconf 75' lang='lat' dir='ltr'><strong>_russ.,</strong></span> <span class='ocrx_word' id='word_1_757' title='bbox 1175 4978 1516 5048; x_wconf 83' lang='grc' dir='ltr'>λελεγμένον.</span> <span class='ocrx_word' id='word_1_758' title='bbox 1566 4980 1699 5032; x_wconf 85' lang='lat' dir='ltr'><strong>Vide</strong></span> <span class='ocrx_word' id='word_1_759' title='bbox 1758 4980 1997 5037; x_wconf 80' lang='lat' dir='ltr'><strong>Platonis</strong></span> 
     </span>
    </p>
   </div>
   <div class='ocr_carea' id='block_1_97' title="bbox 423 5044 1992 5169">
    <p class='ocr_par' dir='ltr' id='par_1_97' title="bbox 423 5044 1992 5169">
     <span class='ocr_line' id='line_1_97' title="bbox 423 5044 1992 5169; baseline 0.004 -71"><span class='ocrx_word' id='word_1_760' title='bbox 423 5047 709 5169; x_wconf 52' lang='lat' dir='ltr'><strong>epistglagn</strong></span> <span class='ocrx_word' id='word_1_761' title='bbox 741 5044 774 5097; x_wconf 88' lang='lat'>6</span> <span class='ocrx_word' id='word_1_762' title='bbox 820 5046 884 5098; x_wconf 86' lang='lat' dir='ltr'><strong>ad</strong></span> <span class='ocrx_word' id='word_1_763' title='bbox 921 5044 1244 5110; x_wconf 87' lang='lat' dir='ltr'><strong>Hcrmcam,</strong></span> <span class='ocrx_word' id='word_1_764' title='bbox 1294 5044 1540 5101; x_wconf 80' lang='lat' dir='ltr'><strong>Erastum</strong></span> <span class='ocrx_word' id='word_1_765' title='bbox 1586 5061 1640 5102; x_wconf 88' lang='lat' dir='ltr'><strong>et</strong></span> <span class='ocrx_word' id='word_1_766' title='bbox 1679 5050 1992 5118; x_wconf 86' lang='lat' dir='ltr'><strong>Curiscum,</strong></span> 
     </span>
     <span class='ocr_line' id='line_1_98' title="bbox 423 5130 697 5169; baseline -0.011 -1"><span class='ocrx_word' id='word_1_767' title='bbox 423 5130 544 5169; x_wconf 64' lang='lat' dir='ltr'><strong>uae.</strong></span> <span class='ocrx_word' id='word_1_768' title='bbox 607 5130 639 5168; x_wconf 83' lang='lat'><strong>:.</strong></span> <span class='ocrx_word' id='word_1_769' title='bbox 684 5150 697 5165; x_wconf 93' lang='lat'><strong>.</strong></span> 
     </span>
    </p>
   </div>
   <div class='ocr_carea' id='block_1_98' title="bbox 421 5118 697 5184">
    <p class='ocr_par' dir='ltr' id='par_1_98' title="bbox 421 5118 697 5184">
     <span class='ocr_line' id='line_1_99' title="bbox 421 5118 697 5184; baseline -0.011 -16"><span class='ocrx_word' id='word_1_770' title='bbox 421 5130 544 5184; x_wconf 78' lang='lat' dir='ltr'><strong>pag.</strong></span> <span class='ocrx_word' id='word_1_771' title='bbox 572 5118 697 5169; x_wconf 73' lang='lat'><strong>525.</strong></span> 
     </span>
    </p>
   </div>
   <div class='ocr_carea' id='block_1_99' title="bbox 496 5182 1990 5258">
    <p class='ocr_par' dir='ltr' id='par_1_99' title="bbox 496 5182 1990 5258">
     <span class='ocr_line' id='line_1_100' title="bbox 496 5182 1990 5258; baseline 0.004 -20"><span class='ocrx_word' id='word_1_772' title='bbox 496 5182 609 5255; x_wconf 72' lang='grc'><strong>(14)</strong></span> <span class='ocrx_word' id='word_1_773' title='bbox 654 5183 990 5258; x_wconf 60' lang='lat' dir='ltr'><strong>&quot;(molientis</strong></span> <span class='ocrx_word' id='word_1_774' title='bbox 1041 5182 1092 5235; x_wconf 92' lang='lat' dir='ltr'><strong>in</strong></span> <span class='ocrx_word' id='word_1_775' title='bbox 1144 5186 1741 5258; x_wconf 35' lang='grc' dir='ltr'>ιοιιιιιη-ήγεμονικοῦ,</span> <span class='ocrx_word' id='word_1_776' title='bbox 1805 5190 1990 5258; x_wconf 87' lang='lat' dir='ltr'><strong>sicque</strong></span> 
     </span>
    </p>
   </div>
   <div class='ocr_carea' id='block_1_100' title="bbox 418 5254 1995 5325">
    <p class='ocr_par' dir='ltr' id='par_1_100' title="bbox 418 5254 1995 5325">
     <span class='ocr_line' id='line_1_101' title="bbox 418 5254 1995 5325; baseline 0.007 -22"><span class='ocrx_word' id='word_1_777' title='bbox 418 5270 609 5309; x_wconf 85' lang='lat' dir='ltr'><strong>munes</strong></span> <span class='ocrx_word' id='word_1_778' title='bbox 641 5271 771 5325; x_wconf 84' lang='lat' dir='ltr'><strong>mss.</strong></span> <span class='ocrx_word' id='word_1_779' title='bbox 807 5254 969 5307; x_wconf 89' lang='lat' dir='ltr'><strong>Paulo</strong></span> <span class='ocrx_word' id='word_1_780' title='bbox 990 5324 995 5325; x_wconf 13' lang='grc' dir='ltr'>ί</span> <span class='ocrx_word' id='word_1_781' title='bbox 1016 5265 1134 5323; x_wconf 92' lang='lat' dir='ltr'><strong>post</strong></span> <span class='ocrx_word' id='word_1_782' title='bbox 1161 5254 1473 5306; x_wconf 85' lang='lat' dir='ltr'><strong>adverbiqu</strong></span> <span class='ocrx_word' id='word_1_783' title='bbox 1509 5255 1693 5323; x_wconf 81' lang='grc' dir='ltr'>σαφῶς</span> <span class='ocrx_word' id='word_1_784' title='bbox 1725 5261 1865 5325; x_wconf 86' lang='lat' dir='ltr'><strong>quod</strong></span> <span class='ocrx_word' id='word_1_785' title='bbox 1903 5254 1995 5313; x_wconf 72' lang='lat' dir='ltr'><strong>est</strong></span> 
     </span>
    </p>
   </div>
   <div class='ocr_carea' id='block_1_101' title="bbox 418 5324 1635 5395">
    <p class='ocr_par' dir='ltr' id='par_1_101' title="bbox 418 5324 1635 5395">
     <span class='ocr_line' id='line_1_102' title="bbox 418 5324 1635 5395; baseline 0.002 -21"><span class='ocrx_word' id='word_1_786' title='bbox 418 5327 651 5395; x_wconf 12' lang='lat' dir='ltr'><strong>auteiel;</strong></span> <span class='ocrx_word' id='word_1_787' title='bbox 676 5324 920 5395; x_wconf 84' lang='grc' dir='ltr'>δύναμιν,</span> <span class='ocrx_word' id='word_1_788' title='bbox 954 5324 1103 5395; x_wconf 77' lang='lat' dir='ltr'><strong>abest</strong></span> <span class='ocrx_word' id='word_1_789' title='bbox 1135 5326 1202 5375; x_wconf 89' lang='lat' dir='ltr'><strong>ab</strong></span> <span class='ocrx_word' id='word_1_790' title='bbox 1230 5325 1635 5395; x_wconf 15' lang='lat' dir='ltr'><strong>omnibusimss.</strong></span> 
     </span>
    </p>
   </div>
   <div class='ocr_carea' id='block_1_102' title="bbox 488 5392 1989 5464">
    <p class='ocr_par' dir='ltr' id='par_1_102' title="bbox 488 5392 1989 5464">
     <span class='ocr_line' id='line_1_103' title="bbox 488 5392 1989 5464; baseline 0.005 -20"><span class='ocrx_word' id='word_1_791' title='bbox 488 5393 599 5462; x_wconf 84' lang='grc'><strong>(15)</strong></span> <span class='ocrx_word' id='word_1_792' title='bbox 643 5392 843 5460; x_wconf 62' lang='grc' dir='ltr'>Λέξιιλ.</span> <span class='ocrx_word' id='word_1_793' title='bbox 881 5394 1012 5448; x_wconf 84' lang='lat' dir='ltr'><strong>Vide</strong></span> <span class='ocrx_word' id='word_1_794' title='bbox 1038 5392 1274 5449; x_wconf 87' lang='lat' dir='ltr'><strong>Platenis</strong></span> <span class='ocrx_word' id='word_1_795' title='bbox 1305 5395 1465 5461; x_wconf 81' lang='lat' dir='ltr'><strong>epist.</strong></span> <span class='ocrx_word' id='word_1_796' title='bbox 1494 5394 1523 5444; x_wconf 89' lang='lat'><strong>7</strong></span> <span class='ocrx_word' id='word_1_797' title='bbox 1553 5394 1615 5445; x_wconf 88' lang='lat' dir='ltr'><strong>ad</strong></span> <span class='ocrx_word' id='word_1_798' title='bbox 1649 5393 1831 5447; x_wconf 91' lang='lat' dir='ltr'><strong>Dionis</strong></span> <span class='ocrx_word' id='word_1_799' title='bbox 1863 5411 1989 5464; x_wconf 89' lang='lat' dir='ltr'><strong>pro-</strong></span> 
     </span>
    </p>
   </div>
   <div class='ocr_carea' id='block_1_103' title="bbox 413 5462 1074 5527">
    <p class='ocr_par' dir='ltr' id='par_1_103' title="bbox 413 5462 1074 5527">
     <span class='ocr_line' id='line_1_104' title="bbox 413 5462 1074 5527; baseline 0.014 -17"><span class='ocrx_word' id='word_1_800' title='bbox 413 5462 644 5527; x_wconf 82' lang='lat' dir='ltr'><strong>pinquos</strong></span> <span class='ocrx_word' id='word_1_801' title='bbox 668 5477 720 5517; x_wconf 88' lang='lat' dir='ltr'><strong>et</strong></span> <span class='ocrx_word' id='word_1_802' title='bbox 755 5465 1074 5518; x_wconf 74' lang='lat' dir='ltr'><strong>familiares.</strong></span> 
     </span>
    </p>
   </div>
   <div class='ocr_carea' id='block_1_104' title="bbox 488 5531 1985 5605">
    <p class='ocr_par' dir='ltr' id='par_1_104' title="bbox 488 5531 1985 5605">
     <span class='ocr_line' id='line_1_105' title="bbox 488 5531 1985 5605; baseline 0.001 -20"><span class='ocrx_word' id='word_1_803' title='bbox 488 5532 598 5605; x_wconf 65' lang='grc' dir='ltr'><strong>(πρ)</strong></span> <span class='ocrx_word' id='word_1_804' title='bbox 638 5536 748 5586; x_wconf 80' lang='grc' dir='ltr'><strong>Καὶ</strong></span> <span class='ocrx_word' id='word_1_805' title='bbox 806 5533 1061 5587; x_wconf 80' lang='grc' dir='ltr'>όττιοῦν.</span> <span class='ocrx_word' id='word_1_806' title='bbox 1112 5532 1452 5605; x_wconf 72' lang='lat' dir='ltr'><strong>llmschelius</strong></span> <span class='ocrx_word' id='word_1_807' title='bbox 1501 5531 1552 5584; x_wconf 90' lang='lat' dir='ltr'><strong>iu</strong></span> <span class='ocrx_word' id='word_1_808' title='bbox 1623 5540 1811 5605; x_wconf 58' lang='lat' dir='ltr'><strong>testu,</strong></span> <span class='ocrx_word' id='word_1_809' title='bbox 1860 5532 1985 5605; x_wconf 76' lang='grc' dir='ltr'><strong>[ἂν]</strong></span> 
     </span>
    </p>
   </div>
   <div class='ocr_carea' id='block_1_105' title="bbox 415 5598 1982 5670">
    <p class='ocr_par' dir='ltr' id='par_1_105' title="bbox 415 5598 1982 5670">
     <span class='ocr_line' id='line_1_106' title="bbox 415 5598 1982 5670; baseline 0.005 -22"><span class='ocrx_word' id='word_1_810' title='bbox 415 5598 591 5670; x_wconf 69' lang='grc' dir='ltr'>ῥτιοῦν</span> <span class='ocrx_word' id='word_1_811' title='bbox 626 5617 721 5666; x_wconf 88' lang='lat' dir='ltr'><strong>pro</strong></span> <span class='ocrx_word' id='word_1_812' title='bbox 755 5619 862 5670; x_wconf 88' lang='lat' dir='ltr'><strong>quo</strong></span> <span class='ocrx_word' id='word_1_813' title='bbox 904 5605 1178 5660; x_wconf 87' lang='lat' dir='ltr'><strong>dubitabat</strong></span> <span class='ocrx_word' id='word_1_814' title='bbox 1208 5604 1429 5657; x_wconf 86' lang='lat' dir='ltr'><strong>Guietus</strong></span> <span class='ocrx_word' id='word_1_815' title='bbox 1460 5616 1638 5653; x_wconf 89' lang='lat' dir='ltr'><strong>annon</strong></span> <span class='ocrx_word' id='word_1_816' title='bbox 1678 5598 1982 5669; x_wconf 75' lang='lat' dir='ltr'><strong>legendum,</strong></span> 
     </span>
    </p>
   </div>
   <div class='ocr_carea' id='block_1_106' title="bbox 421 5662 1986 5741">
    <p class='ocr_par' dir='ltr' id='par_1_106' title="bbox 421 5662 1986 5741">
     <span class='ocr_line' id='line_1_107' title="bbox 421 5662 1986 5741; baseline 0.006 -24"><span class='ocrx_word' id='word_1_817' title='bbox 421 5662 478 5713; x_wconf 76' lang='grc' dir='ltr'>ἓν</span> <span class='ocrx_word' id='word_1_818' title='bbox 512 5662 700 5722; x_wconf 68' lang='grc' dir='ltr'>ὁτιοῦν.</span> <span class='ocrx_word' id='word_1_819' title='bbox 736 5662 903 5725; x_wconf 77' lang='grc' dir='ltr'>Ρίιιιιο</span> <span class='ocrx_word' id='word_1_820' title='bbox 937 5682 1057 5741; x_wconf 78' lang='lat' dir='ltr'><strong>post</strong></span> <span class='ocrx_word' id='word_1_821' title='bbox 1089 5690 1238 5739; x_wconf 84' lang='lat' dir='ltr'><strong>mss.,</strong></span> <span class='ocrx_word' id='word_1_822' title='bbox 1270 5674 1359 5724; x_wconf 73' lang='grc' dir='ltr'>καὶ</span> <span class='ocrx_word' id='word_1_823' title='bbox 1394 5671 1652 5740; x_wconf 83' lang='grc' dir='ltr'>πρότερον</span> <span class='ocrx_word' id='word_1_824' title='bbox 1680 5662 1908 5741; x_wconf 63' lang='grc' dir='ltr'>λεχθείς,</span> <span class='ocrx_word' id='word_1_825' title='bbox 1934 5662 1986 5726; x_wconf 85' lang='lat' dir='ltr'><strong>et</strong></span> 
     </span>
    </p>
   </div>
   <div class='ocr_carea' id='block_1_107' title="bbox 1422 4863 2281 4928">
    <p class='ocr_par' dir='ltr' id='par_1_107' title="bbox 1422 4863 2281 4928">
     <span class='ocr_line' id='line_1_108' title="bbox 1422 4863 2281 4928; baseline 0.001 -14"><span class='ocrx_word' id='word_1_826' title='bbox 1422 4865 1443 4894; x_wconf 79' lang='grc'>⁸</span> <span class='ocrx_word' id='word_1_827' title='bbox 1468 4863 1654 4919; x_wconf 76' lang='lat' dir='ltr'><strong>Matth.</strong></span> <span class='ocrx_word' id='word_1_828' title='bbox 1685 4880 1761 4928; x_wconf 88' lang='lat' dir='ltr'><strong>Ill,</strong></span> <span class='ocrx_word' id='word_1_829' title='bbox 1786 4864 1839 4916; x_wconf 89' lang='grc'><strong>5.</strong></span> <span class='ocrx_word' id='word_1_830' title='bbox 1911 4863 2104 4917; x_wconf 66' lang='lat' dir='ltr'><strong>9.loau.</strong></span> <span class='ocrx_word' id='word_1_831' title='bbox 2133 4880 2169 4928; x_wconf 87' lang='grc' dir='ltr'><strong>ι,</strong></span> <span class='ocrx_word' id='word_1_832' title='bbox 2203 4864 2281 4916; x_wconf 72' lang='grc'><strong>14.</strong></span> 
     </span>
    </p>
   </div>
   <div class='ocr_carea' id='block_1_108' title="bbox 2108 4522 3667 4593">
    <p class='ocr_par' dir='ltr' id='par_1_108' title="bbox 2108 4522 3667 4593">
     <span class='ocr_line' id='line_1_109' title="bbox 2108 4522 3667 4593; baseline -0.001 -18"><span class='ocrx_word' id='word_1_833' title='bbox 2108 4524 2393 4593; x_wconf 78' lang='grc' dir='ltr'>ψεύδεται,</span> <span class='ocrx_word' id='word_1_834' title='bbox 2429 4522 2651 4591; x_wconf 82' lang='grc' dir='ltr'>φάσκων</span> <span class='ocrx_word' id='word_1_835' title='bbox 2690 4522 2851 4584; x_wconf 80' lang='grc' dir='ltr'>αὐτὸς</span> <span class='ocrx_word' id='word_1_836' title='bbox 2886 4523 3069 4574; x_wconf 86' lang='grc' dir='ltr'>καινόν</span> <span class='ocrx_word' id='word_1_837' title='bbox 3102 4540 3153 4573; x_wconf 88' lang='grc' dir='ltr'><strong>τι</strong></span> <span class='ocrx_word' id='word_1_838' title='bbox 3185 4523 3484 4593; x_wconf 74' lang='grc' dir='ltr'>εὑρίσκειν,</span> <span class='ocrx_word' id='word_1_839' title='bbox 3520 4522 3667 4592; x_wconf 78' lang='grc' dir='ltr'><strong>ἢὰπ’</strong></span> 
     </span>
    </p>
   </div>
   <div class='ocr_carea' id='block_1_109' title="bbox 2106 4611 3667 4685">
    <p class='ocr_par' dir='ltr' id='par_1_109' title="bbox 2106 4611 3667 4685">
     <span class='ocr_line' id='line_1_110' title="bbox 2106 4611 3667 4685; baseline -0.003 -18"><span class='ocrx_word' id='word_1_840' title='bbox 2106 4615 2333 4684; x_wconf 74' lang='grc' dir='ltr'>ούρανοῦ</span> <span class='ocrx_word' id='word_1_841' title='bbox 2382 4613 2568 4685; x_wconf 86' lang='grc' dir='ltr'>παρὼν</span> <span class='ocrx_word' id='word_1_842' title='bbox 2612 4613 2923 4680; x_wconf 88' lang='grc' dir='ltr'>ἀγγέλλειν·</span> <span class='ocrx_word' id='word_1_843' title='bbox 2971 4612 3082 4664; x_wconf 88' lang='grc' dir='ltr'>ἀλλ’</span> <span class='ocrx_word' id='word_1_844' title='bbox 3124 4612 3318 4666; x_wconf 86' lang='grc' dir='ltr'>ὁπόθεν</span> <span class='ocrx_word' id='word_1_845' title='bbox 3367 4614 3485 4664; x_wconf 70' lang='grc' dir='ltr'>ἐστὶ</span> <span class='ocrx_word' id='word_1_846' title='bbox 3522 4611 3667 4664; x_wconf 78' lang='grc' dir='ltr'>ταῦθ’</span> 
     </span>
    </p>
   </div>
   <div class='ocr_carea' id='block_1_110' title="bbox 2106 4701 3664 4775">
    <p class='ocr_par' dir='ltr' id='par_1_110' title="bbox 2106 4701 3664 4775">
     <span class='ocr_line' id='line_1_111' title="bbox 2106 4701 3664 4775; baseline -0.003 -18"><span class='ocrx_word' id='word_1_847' title='bbox 2106 4706 2354 4774; x_wconf 85' lang='grc' dir='ltr'>ὁμολογεῖ</span> <span class='ocrx_word' id='word_1_848' title='bbox 2395 4707 2536 4775; x_wconf 64' lang='grc'><strong>(⁵20).</strong></span> <span class='ocrx_word' id='word_1_849' title='bbox 2582 4724 2601 4758; x_wconf 76' lang='grc' dir='ltr'><strong>ι</strong></span> <span class='ocrx_word' id='word_1_850' title='bbox 2636 4706 2791 4757; x_wconf 81' lang='grc' dir='ltr'>Εἴποι</span> <span class='ocrx_word' id='word_1_851' title='bbox 2826 4707 2889 4758; x_wconf 82' lang='grc' dir='ltr'>ἄν</span> <span class='ocrx_word' id='word_1_852' title='bbox 2921 4723 3003 4767; x_wconf 88' lang='grc' dir='ltr'><strong>τις</strong></span> <span class='ocrx_word' id='word_1_853' title='bbox 3040 4701 3131 4758; x_wconf 76' lang='grc' dir='ltr'><strong>οὖν</strong></span> <span class='ocrx_word' id='word_1_854' title='bbox 3168 4705 3262 4757; x_wconf 75' lang='grc' dir='ltr'><strong>καὶ</strong></span> <span class='ocrx_word' id='word_1_855' title='bbox 3299 4706 3436 4775; x_wconf 85' lang='grc' dir='ltr'>πρὸς</span> <span class='ocrx_word' id='word_1_856' title='bbox 3480 4703 3664 4764; x_wconf 80' lang='grc' dir='ltr'>ταῦτα,</span> 
     </span>
    </p>
   </div>
   <div class='ocr_carea' id='block_1_111' title="bbox 2375 4863 2800 4928">
    <p class='ocr_par' dir='ltr' id='par_1_111' title="bbox 2375 4863 2800 4928">
     <span class='ocr_line' id='line_1_112' title="bbox 2375 4863 2800 4928; baseline 0.002 -14"><span class='ocrx_word' id='word_1_857' title='bbox 2375 4866 2415 4894; x_wconf 86' lang='grc'><strong>¹⁰</strong></span> <span class='ocrx_word' id='word_1_858' title='bbox 2440 4863 2457 4914; x_wconf 94' lang='lat' dir='ltr'><strong>l</strong></span> <span class='ocrx_word' id='word_1_859' title='bbox 2483 4863 2604 4917; x_wconf 87' lang='lat' dir='ltr'><strong>Cur.</strong></span> <span class='ocrx_word' id='word_1_860' title='bbox 2634 4880 2720 4928; x_wconf 74' lang='lat' dir='ltr'><strong>xv,</strong></span> <span class='ocrx_word' id='word_1_861' title='bbox 2746 4865 2800 4917; x_wconf 73' lang='grc'>2.</span> 
     </span>
    </p>
   </div>
   <div class='ocr_carea' id='block_1_112' title="bbox 2103 4976 3668 5046">
    <p class='ocr_par' dir='ltr' id='par_1_112' title="bbox 2103 4976 3668 5046">
     <span class='ocr_line' id='line_1_113' title="bbox 2103 4976 3668 5046; baseline -0.004 -11"><span class='ocrx_word' id='word_1_862' title='bbox 2103 4984 2175 5035; x_wconf 85' lang='lat' dir='ltr'><strong>ita</strong></span> <span class='ocrx_word' id='word_1_863' title='bbox 2199 4981 2539 5035; x_wconf 78' lang='lat' dir='ltr'><strong>lltesehelius</strong></span> <span class='ocrx_word' id='word_1_864' title='bbox 2564 4984 2614 5035; x_wconf 93' lang='lat' dir='ltr'><strong>in</strong></span> <span class='ocrx_word' id='word_1_865' title='bbox 2648 4991 2816 5035; x_wconf 83' lang='lat' dir='ltr'><strong>textu.</strong></span> <span class='ocrx_word' id='word_1_866' title='bbox 2839 4981 2943 5036; x_wconf 77' lang='lat' dir='ltr'><strong>Sed</strong></span> <span class='ocrx_word' id='word_1_867' title='bbox 2973 4981 3210 5036; x_wconf 87' lang='lat' dir='ltr'><strong>Platonis</strong></span> <span class='ocrx_word' id='word_1_868' title='bbox 3236 4981 3370 5036; x_wconf 86' lang='lat' dir='ltr'><strong>libb.</strong></span> <span class='ocrx_word' id='word_1_869' title='bbox 3396 4982 3549 5046; x_wconf 87' lang='lat' dir='ltr'><strong>editi,</strong></span> <span class='ocrx_word' id='word_1_870' title='bbox 3575 4976 3668 5034; x_wconf 73' lang='grc' dir='ltr'><strong>καὶ</strong></span> 
     </span>
    </p>
   </div>
   <div class='ocr_carea' id='block_1_113' title="bbox 2104 5049 3388 5121">
    <p class='ocr_par' dir='ltr' id='par_1_113' title="bbox 2104 5049 3388 5121">
     <span class='ocr_line' id='line_1_114' title="bbox 2104 5049 3388 5121; baseline 0 -18"><span class='ocrx_word' id='word_1_871' title='bbox 2104 5050 2337 5121; x_wconf 83' lang='grc' dir='ltr'>πρόσθεν</span> <span class='ocrx_word' id='word_1_872' title='bbox 2366 5051 2595 5121; x_wconf 84' lang='grc' dir='ltr'>λεχθείς,</span> <span class='ocrx_word' id='word_1_873' title='bbox 2624 5053 2763 5118; x_wconf 85' lang='lat' dir='ltr'><strong>quod</strong></span> <span class='ocrx_word' id='word_1_874' title='bbox 2792 5053 3030 5118; x_wconf 89' lang='lat' dir='ltr'><strong>sequitur</strong></span> <span class='ocrx_word' id='word_1_875' title='bbox 3062 5049 3388 5117; x_wconf 83' lang='lat' dir='ltr'><strong>Speucerus.</strong></span> 
     </span>
    </p>
   </div>
   <div class='ocr_carea' id='block_1_114' title="bbox 2174 5118 3669 5188">
    <p class='ocr_par' dir='ltr' id='par_1_114' title="bbox 2174 5118 3669 5188">
     <span class='ocr_line' id='line_1_115' title="bbox 2174 5118 3669 5188; baseline -0.001 -16"><span class='ocrx_word' id='word_1_876' title='bbox 2174 5121 2285 5187; x_wconf 86' lang='grc'><strong>(17)</strong></span> <span class='ocrx_word' id='word_1_877' title='bbox 2330 5118 2667 5174; x_wconf 61' lang='lat' dir='ltr'><strong>Iluaschelius</strong></span> <span class='ocrx_word' id='word_1_878' title='bbox 2699 5124 2751 5173; x_wconf 95' lang='lat' dir='ltr'><strong>in</strong></span> <span class='ocrx_word' id='word_1_879' title='bbox 2792 5130 2935 5173; x_wconf 79' lang='lat' dir='ltr'><strong>textu</strong></span> <span class='ocrx_word' id='word_1_880' title='bbox 2968 5129 3021 5172; x_wconf 91' lang='lat' dir='ltr'><strong>ct</strong></span> <span class='ocrx_word' id='word_1_881' title='bbox 3059 5136 3246 5173; x_wconf 90' lang='lat' dir='ltr'><strong>otuucs</strong></span> <span class='ocrx_word' id='word_1_882' title='bbox 3280 5118 3669 5188; x_wconf 75' lang='grc' dir='ltr'>ηιςς.,ἀληθῶς</span> 
     </span>
    </p>
   </div>
   <div class='ocr_carea' id='block_1_115' title="bbox 2100 5188 3663 5260">
    <p class='ocr_par' dir='ltr' id='par_1_115' title="bbox 2100 5188 3663 5260">
     <span class='ocr_line' id='line_1_116' title="bbox 2100 5188 3663 5260; baseline 0 -20"><span class='ocrx_word' id='word_1_883' title='bbox 2100 5192 2245 5241; x_wconf 81' lang='grc' dir='ltr'>ἐστιν</span> <span class='ocrx_word' id='word_1_884' title='bbox 2276 5190 2366 5243; x_wconf 75' lang='grc' dir='ltr'>όνο</span> <span class='ocrx_word' id='word_1_885' title='bbox 2411 5191 2468 5242; x_wconf 84' lang='grc' dir='ltr'>ἓν</span> <span class='ocrx_word' id='word_1_886' title='bbox 2504 5192 2599 5260; x_wconf 78' lang='grc' dir='ltr'><strong>μὲν</strong></span> <span class='ocrx_word' id='word_1_887' title='bbox 2637 5191 2837 5259; x_wconf 85' lang='grc' dir='ltr'>ὃνομα;</span> <span class='ocrx_word' id='word_1_888' title='bbox 2883 5189 2974 5243; x_wconf 87' lang='lat' dir='ltr'><strong>sed</strong></span> <span class='ocrx_word' id='word_1_889' title='bbox 3009 5190 3139 5242; x_wconf 83' lang='lat' dir='ltr'><strong>libb.</strong></span> <span class='ocrx_word' id='word_1_890' title='bbox 3168 5189 3295 5243; x_wconf 85' lang='lat' dir='ltr'><strong>editi</strong></span> <span class='ocrx_word' id='word_1_891' title='bbox 3330 5188 3569 5243; x_wconf 78' lang='lat' dir='ltr'><strong>Platonis</strong></span> <span class='ocrx_word' id='word_1_892' title='bbox 3608 5200 3663 5243; x_wconf 84' lang='lat' dir='ltr'><strong>ut</strong></span> 
     </span>
    </p>
   </div>
   <div class='ocr_carea' id='block_1_116' title="bbox 2100 5261 2575 5315">
    <p class='ocr_par' dir='ltr' id='par_1_116' title="bbox 2100 5261 2575 5315">
     <span class='ocr_line' id='line_1_117' title="bbox 2100 5261 2575 5315; baseline 0.008 -4"><span class='ocrx_word' id='word_1_893' title='bbox 2100 5261 2153 5312; x_wconf 91' lang='lat' dir='ltr'><strong>in</strong></span> <span class='ocrx_word' id='word_1_894' title='bbox 2186 5272 2374 5314; x_wconf 89' lang='lat' dir='ltr'><strong>nostro</strong></span> <span class='ocrx_word' id='word_1_895' title='bbox 2405 5270 2575 5315; x_wconf 74' lang='lat' dir='ltr'><strong>textu.</strong></span> 
     </span>
    </p>
   </div>
   <div class='ocr_carea' id='block_1_117' title="bbox 2170 5324 3665 5400">
    <p class='ocr_par' dir='ltr' id='par_1_117' title="bbox 2170 5324 3665 5400">
     <span class='ocr_line' id='line_1_118' title="bbox 2170 5324 3665 5400; baseline -0.002 -19"><span class='ocrx_word' id='word_1_896' title='bbox 2170 5328 2306 5400; x_wconf 78' lang='grc'><strong>(18)</strong></span> <span class='ocrx_word' id='word_1_897' title='bbox 2348 5328 2503 5397; x_wconf 82' lang='grc' dir='ltr'>Πρὸς</span> <span class='ocrx_word' id='word_1_898' title='bbox 2546 5329 2651 5383; x_wconf 80' lang='grc' dir='ltr'>τοῦ</span> <span class='ocrx_word' id='word_1_899' title='bbox 2701 5328 2915 5395; x_wconf 80' lang='grc' dir='ltr'>Ἰησοῦ.</span> <span class='ocrx_word' id='word_1_900' title='bbox 2974 5327 3289 5382; x_wconf 79' lang='lat' dir='ltr'><strong>Bellerellus</strong></span> <span class='ocrx_word' id='word_1_901' title='bbox 3346 5327 3513 5397; x_wconf 79' lang='lat' dir='ltr'><strong>legit,</strong></span> <span class='ocrx_word' id='word_1_902' title='bbox 3558 5324 3665 5397; x_wconf 76' lang='grc' dir='ltr'><strong>πρὸ</strong></span> 
     </span>
    </p>
   </div>
   <div class='ocr_carea' id='block_1_118' title="bbox 2096 5398 2411 5452">
    <p class='ocr_par' dir='ltr' id='par_1_118' title="bbox 2096 5398 2411 5452">
     <span class='ocr_line' id='line_1_119' title="bbox 2096 5398 2411 5452; baseline 0.006 -4"><span class='ocrx_word' id='word_1_903' title='bbox 2096 5398 2188 5449; x_wconf 77' lang='grc' dir='ltr'><strong>τοῦ</strong></span> <span class='ocrx_word' id='word_1_904' title='bbox 2222 5398 2411 5452; x_wconf 77' lang='grc' dir='ltr'>Ἰησοῦ.</span> 
     </span>
    </p>
   </div>
   <div class='ocr_carea' id='block_1_119' title="bbox 2168 5417 3661 5538">
    <p class='ocr_par' dir='ltr' id='par_1_119' title="bbox 2168 5417 3661 5538">
     <span class='ocr_line' id='line_1_120' title="bbox 2168 5417 3661 5538; baseline -0.002 -18"><span class='ocrx_word' id='word_1_905' title='bbox 2168 5417 2696 5538; x_wconf 44' lang='grc' dir='ltr'>(ίθῖσρῖέπιστήμη.</span> <span class='ocrx_word' id='word_1_906' title='bbox 2748 5468 2965 5524; x_wconf 88' lang='lat' dir='ltr'><strong>Dubitat</strong></span> <span class='ocrx_word' id='word_1_907' title='bbox 3028 5465 3255 5520; x_wconf 87' lang='lat' dir='ltr'><strong>Guietns</strong></span> <span class='ocrx_word' id='word_1_908' title='bbox 3326 5482 3391 5518; x_wconf 84' lang='lat' dir='ltr'><strong>an</strong></span> <span class='ocrx_word' id='word_1_909' title='bbox 3448 5464 3661 5532; x_wconf 88' lang='lat' dir='ltr'><strong>legend.</strong></span> 
     </span>
    </p>
   </div>
   <div class='ocr_carea' id='block_1_120' title="bbox 2094 5538 2849 5609">
    <p class='ocr_par' dir='ltr' id='par_1_120' title="bbox 2094 5538 2849 5609">
     <span class='ocr_line' id='line_1_121' title="bbox 2094 5538 2849 5609; baseline 0.007 -22"><span class='ocrx_word' id='word_1_910' title='bbox 2094 5538 2394 5609; x_wconf 78' lang='grc' dir='ltr'>ἐπιστήμῃ,</span> <span class='ocrx_word' id='word_1_911' title='bbox 2428 5541 2477 5591; x_wconf 90' lang='lat' dir='ltr'><strong>iu</strong></span> <span class='ocrx_word' id='word_1_912' title='bbox 2508 5542 2667 5591; x_wconf 88' lang='lat' dir='ltr'><strong>tertio</strong></span> <span class='ocrx_word' id='word_1_913' title='bbox 2701 5555 2849 5592; x_wconf 89' lang='lat' dir='ltr'><strong>casu.</strong></span> 
     </span>
    </p>
   </div>
   <div class='ocr_carea' id='block_1_121' title="bbox 2164 5605 3660 5679">
    <p class='ocr_par' dir='ltr' id='par_1_121' title="bbox 2164 5605 3660 5679">
     <span class='ocr_line' id='line_1_122' title="bbox 2164 5605 3660 5679; baseline -0.001 -22"><span class='ocrx_word' id='word_1_914' title='bbox 2164 5605 2457 5679; x_wconf 41' lang='lat' dir='ltr'><strong>(glui‘h&#39;lss.</strong></span> <span class='ocrx_word' id='word_1_915' title='bbox 2486 5649 2499 5676; x_wconf 94' lang='lat'><strong>,</strong></span> <span class='ocrx_word' id='word_1_916' title='bbox 2543 5610 2835 5679; x_wconf 58' lang='grc' dir='ltr'>ῥμολοῖεῖ,</span> <span class='ocrx_word' id='word_1_917' title='bbox 2884 5605 3152 5662; x_wconf 73' lang='lat' dir='ltr'><strong>llmschcl.</strong></span> <span class='ocrx_word' id='word_1_918' title='bbox 3202 5616 3255 5659; x_wconf 87' lang='lat' dir='ltr'><strong>et</strong></span> <span class='ocrx_word' id='word_1_919' title='bbox 3311 5605 3660 5673; x_wconf 74' lang='lat' dir='ltr'><strong>Spcucerus,</strong></span> 
     </span>
    </p>
   </div>
   <div class='ocr_carea' id='block_1_122' title="bbox 2092 5676 2448 5744">
    <p class='ocr_par' dir='ltr' id='par_1_122' title="bbox 2092 5676 2448 5744">
     <span class='ocr_line' id='line_1_123' title="bbox 2092 5676 2448 5744; baseline 0.011 -19"><span class='ocrx_word' id='word_1_920' title='bbox 2092 5676 2391 5744; x_wconf 74' lang='grc' dir='ltr'>ὁμολογεῖν.</span> <span class='ocrx_word' id='word_1_921' title='bbox 2446 5688 2448 5690; x_wconf 76' lang='grc'>’</span> 
     </span>
    </p>
   </div>
  </div>
