3990 6158
357 297 500 354 ηυξ)

1554 293 1831 351 CONTRA
1869 288 2149 350 CELSUM
2183 287 2310 344 LIB.
2353 284 2435 342 Vl.

3467 287 3603 343 1506

357 416 680 488 βιυλόμενος
706 418 948 490 ἀπαντᾷν
975 416 1049 490 τῷ
1074 417 1284 487 Κέλσῳ,
1310 418 1390 469 ὅτι
1421 417 1514 470 καὶ
1541 417 1766 471 Πλάτων
1798 415 1908 469 ἀλα

2035 411 2189 467 Plato
2219 411 2382 466 etiam
2425 421 2483 464 se
2525 404 2731 461 tumide
2763 408 3020 468 ostentat,
3054 404 3252 475 quippe
3285 406 3376 474 qui
3415 406 3602 464 Jovem

357 507 652 571 ζονεύεται,
675 510 732 562 ἐν
753 513 818 580 τῇ
845 510 937 562 τοῦ
959 511 1078 572 Διὸς
1099 509 1237 562 κατά
1253 509 1346 562 τὸν
1365 509 1602 576 Τίμαιον
1624 508 1932 579 δημηγορίᾳ

356 597 708 668 hermi/«Geel.
737 599 872 653 θεῶν
900 601 1029 670 (21),
1047 595 1120 653 ὧν
1144 599 1254 668 ἐγὼ
1269 599 1594 670 δημιουργὸς
1611 599 1703 651 καὶ
1726 598 1926 668 πατὴρ,

355 689 453 748 καὶ
465 689 534 741 τὰ
565 690 709 760 ἑξῆς.
745 709 763 742 ι
804 690 942 742 Ἀλλ’
960 691 1008 742 εί
1036 689 1546 760 ἀπολογήσεταίτις
1575 689 1700 758 περὶ
1724 687 1928 739 τούτων

352 778 442 832 διὰ
481 780 572 832 τὸν
605 779 728 833 νοῦν
771 780 864 833 τοῦ
902 781 1344 852 δημηγοροῦντος
1385 779 1534 851 παρὰ
1567 779 1645 850 τῷ
1684 779 1928 832 Πλάτωνι

352 869 502 932 Διός·
537 869 625 923 διὰ
650 871 701 923 τί
730 873 758 924 6
787 871 1052 935 ἐξετάζων
1079 873 1168 924 τὸν
1197 870 1320 924 νοῦν
1339 871 1446 924 τῶν
1479 871 1650 938 λόγων
1679 869 1771 922 τοῦ
1801 868 1926 922 Υίοῦ

351 959 445 1012 τοῦ
477 960 631 1026 Θεοῦ,
661 961 692 1030 ἦ
726 961 831 1013 τῶν
863 963 920 1013 ἐν
953 963 1064 1024 τοῖς
1098 961 1402 1032 προφήταις
1434 958 1526 1012 τοῦ
1560 955 1924 1029 Δημιουργοῦ,

350 1047 471 1114 οὒχὶ
498 1047 592 1100 καὶ
623 1047 801 1100 πλεῖόν
829 1064 881 1100 τι
911 1050 1046 1118 ἐρεῖ,
1083 1048 1233 1117 παρὰ
1272 1047 1368 1118 τὴν
1399 1051 1455 1100 ἐν
1488 1049 1564 1118 τῷ
1597 1048 1802 1116 Τιμαίῳ
1831 1045 1926 1099 τοῦ

349 1137 471 1199 Διὸς
499 1137 865 1209 δημηγορίαν;
897 1139 968 1191 Τὸ
997 1140 1105 1211 γὰρ
1131 1138 1530 1210 χαρακτηρίζον
1559 1140 1656 1210 τὴν
1685 1138 1926 1208 Θεότητα

350 1228 384 1296 ἡ
421 1229 545 1298 περὶ
585 1228 886 1298 μελλόντων
932 1232 1078 1283 ἐστὶν
1103 1231 1430 1300 ἀπαγγελία,
1465 1231 1525 1282 οὐ
1566 1231 1681 1295 κατ’
1718 1228 1927 1299 ἀνθίω-

351 1319 512 1389 πίνην
552 1319 709 1388 φύσιν
739 1309 1068 1390 λε’γομένων,
1099 1323 1191 1375 καὶ
1223 1327 1342 1386 ταῖς
1372 1323 1629 1386 ἐκϐάσεσι
1673 1321 1926 1392 κρινομέ-

348 1428 476 1472 νων,
510 1411 594 1462 δτι
628 1411 767 1464 θεῖον
798 1413 1022 1483 Πνεῦμα
1049 1409 1116 1484 ἦν
1147 1415 1208 1467 τὸ
1238 1414 1409 1466 ταῦτα
1447 1414 1810 1483 ἀπαγγέλλον.
1847 1414 1920 1465 Οὐ

347 1499 482 1570 πρὸς
527 1500 702 1553 πάντα
743 1498 835 1556 οὖν
883 1504 973 1556 τὸν
1008 1504 1298 1574 προσιόντα
1348 1505 1546 1576 φαμὲν,
1596 1505 1676 1557 ὅτι
1711 1506 1923 1577 πρῶτον

351 1590 658 1656 πίστευσον,
681 1593 738 1646 ὃν
761 1595 1086 1666 εἰσηγοῦμαί
1119 1615 1218 1663 σοι,
1244 1596 1431 1650 τοῦτον
1459 1595 1594 1650 εἶναι
1618 1597 1742 1650 Υἰὸν
1764 1597 1918 1650 Θεοῦο

344 1677 459 1731 ἀλλ’
493 1681 708 1751 ἑκάστῳ
747 1682 889 1735 κατὰ
921 1683 980 1736 τὸ
1016 1685 1224 1756 πρέπον
1257 1684 1419 1738 αὐτοῦ
1453 1685 1530 1756 τῷ
1572 1686 1690 1757 ἤθει
1727 1688 1817 1740 καὶ
1855 1689 1919 1758 τῇ

2035 505 2149 559 hac
2178 503 2231 556 in
2259 500 2454 554 Tima'o
2493 498 2760 552 dicentem
2803 493 2971 560 facit;
3011 513 3029 546 ι
3074 495 3155 549 Dii
3188 496 3436 564 deorum,
3465 506 3604 568 ‘quo.

2034 611 2152 648 rum
2205 608 2304 664 ego
2353 590 2603 646 conditor
2650 601 2768 642 sum
2821 594 2877 640 et
2920 593 3095 654 pater,
3133 606 3152 638 ι
3184 597 3292 642 etc.
3319 587 3456 644 Atsi
3489 591 3604 648 haec

2031 685 2250 741 defendi
2305 691 2531 754 possunt
2578 687 2799 750 propter
2850 679 3172 733 sententiam
3225 683 3604 739 concionantis

2032 779 2173 848 apud
2207 776 2490 831 Platonem
2525 772 2702 828 lovis:
2729 786 2827 825 cur
2851 771 2944 841 qui
2975 781 3210 828 mentem
3238 788 3424 829 eorum
3482 793 3602 846 quae

2033 869 2124 923 Dei
2158 866 2324 921 Filius
2391 873 2482 917 aut
2510 864 2734 918 Creator
2765 864 2816 918 in
2847 864 3122 933 prophetis
3148 864 3401 919 dixerunt
3450 867 3601 922 inve-

2030 953 2426 1026 Stigaverit,is
2480 965 2584 1005 non
2641 951 2796 1019 plura
2844 951 3005 1013 dicet,
3072 967 3233 1020 quam
3285 950 3494 1022 Jupiter
3549 958 3600 1010 in

2035 1047 2228 1100 Timmo
2255 1048 2279 1101 ?
2306 1043 2440 1097 Nam
2472 1041 2690 1111 propria
2715 1039 3012 1093 divinitatis
3048 1047 3168 1092 nota
3194 1053 3299 1106 est,
3329 1057 3415 1096 res
3456 1043 3604 1097 futu-

2031 1151 2120 1189 ras
2161 1137 2232 1189 ita
2267 1133 2580 1204 praedicere,
2626 1139 2685 1184 ut
2719 1129 3042 1198 praedicendi
3072 1129 3212 1184 ratio
3245 1131 3386 1185 vires
3413 1132 3602 1186 Imma-

2029 1243 2128 1282 nas
2156 1234 2398 1295 superet,
2418 1233 2551 1278 etex
2577 1231 2771 1274 eventu
2791 1220 3063 1289 judicctur
3083 1219 3321 1274 divinum
3341 1222 3600 1291 Spiritum

2028 1331 2152 1372 esse
2188 1314 2558 1384 praedictionis
2589 1321 2890 1368 auctorem.
2943 1309 3060 1362 Non
3106 1311 3270 1380 igitur
3299 1315 3607 1384 cuicunque

2027 1407 2093 1461 ad
2122 1422 2221 1461 nos
2274 1406 2551 1460 accedenti
2609 1402 2977 1472 prazcipimus,
3026 1409 3086 1453 ut
3130 1401 3363 1469 primum
3421 1407 3606 1460 credat

2025 1516 2188 1570 quem
2223 1501 2295 1554 illi
2321 1500 2696 1570 proponimus,
2729 1512 2849 1551 eum
2877 1511 2999 1551 esse
3034 1496 3126 1550 Dei
3153 1495 3346 1551 Filium
3379 1517 3393 1554 :
3425 1502 3519 1555 sed
3552 1504 3604 1555 iu

2029 1591 2292 1646 tradenda
2324 1601 2509 1646 nostra
2554 1590 2802 1645 doctrina
2849 1587 3112 1642 habemus
3155 1589 3442 1657 rationem,
3485 1594 3606 1662 qui-

2026 1685 2126 1737 lms
2151 1684 2380 1751 quisque
2407 1683 2475 1736 sit
2509 1681 2776 1741 moribus,
2830 1689 2884 1734 et
2921 1681 3194 1746 quomodo
3239 1680 3462 1739 allectus
3510 1685 3600 1740 sit.

347 1743 690 1824 καταστάσει.
708 1743 1165 1844 προσάγομενοτὸν
1193 1776 1348 1844 λόγον
1369 1793 1382 1806 ·
1416 1743 1676 1847 μαθόντες
1707 1743 1908 1830 είδέναίη

2035 1775 2246 1830 Etenim
2281 1773 2422 1828 seire
2468 1772 2778 1836 didicimus,
2817 1789 2835 1823 ε
2889 1772 3161 1841 quomodo
3208 1788 3307 1828 nos
3357 1785 3606 1843 oporteat

353 1878 370 1908 ε
414 1861 530 1924 πῶς
549 1863 628 1914 δεῖ
658 1866 688 1933 ἡ
700 1865 806 1933 μᾶς
830 1865 909 1916 ἐνὶ
940 1865 1153 1936 ἑκάστῳ
1186 1868 1722 1940 ἀποκρίνεσθαι
1766 1889 1784 1920 ι
1821 1869 1927 1922 Καί

344 1950 502 2014 εἰσιν,
533 1948 613 2016 οἷς
649 1953 828 2006 πλεῖον
863 1955 936 2026 μὴ
961 1955 1280 2026 δυναμένοις
1308 1957 1402 2010 τοῦ
1437 1961 1817 2031 προτραπῆναι
1845 1961 1926 2024 είς

342 2041 405 2094 τὸ
443 2044 716 2097 πιστεύειν
759 2044 917 2098 τοῦτο
959 2047 1332 2118 κηρύττομεν·
1377 2051 1556 2115 ἄλλοις
1587 2053 1662 2115 δέ,
1698 2053 1795 2124 ὅση
1836 2053 1925 2105 δύ-

341 2147 526 2202 ναμις,
570 2134 963 2200 ἀποδεικτικῶς
995 2138 1061 2190 δι’
1096 2141 1418 2212 ἐρωτήσεων
1449 2144 1542 2196 καὶ
1580 2143 1923 2214 ἀποκρίσεων

341 2225 773 2295 προσερχώμεθα.
823 2226 959 2279 Ἀλλ’
1007 2229 1128 2282 ούδέ
1171 2229 1404 2302 λέγομεν
1444 2233 1505 2287 τὸ
1553 2233 1688 2304 μετά
1726 2233 1922 2304 χλεύης

338 2312 443 2366 ὑπὸ
474 2314 567 2367 τοῦ
590 2317 798 2370 Κέλσου
833 2320 1142 2390 εἰρημένον,
1178 2323 1281 2384 ὅτι,
1322 2342 1340 2374 ι
1372 2324 1689 2389 Πίστευσον,
1721 2326 1779 2377 ὃν
1812 2329 1921 2378 εἱσ-

333 2403 578 2474 ηγθῦμαί
619 2424 720 2474 σοι,
772 2409 958 2463 τοῦτον
1005 2406 1143 2463 εἶναι
1194 2413 1321 2466 Υἱὸν
1364 2414 1522 2479 Θεοῦ,
1567 2412 1732 2488 κᾶνῇ
1778 2416 1920 2468 δεδε-

337 2497 496 2564 μένος
527 2499 848 2567 ἀτιμότατα,
877 2500 908 2571 ἦ
937 2503 1338 2573 κεκολασμένος
1367 2505 1637 2574 αἴσχιστα,
1665 2505 1764 2558 κᾶν
1791 2508 1916 2576 χθὲς

333 2587 430 2639 καὶ
461 2587 650 2658 πρώην
676 2592 732 2642 ἐν
759 2593 870 2653 τοῖς
899 2591 1116 2645 πάντων
1135 2593 1429 2664 ὀφθαλμοῖς
1452 2596 1916 2651 ἐπονειδιστότατα

333 2677 816 2749 κεκαλινδημένος·
859 2701 875 2732 ι
915 2682 1034 2736 οὐδέ
1071 2701 1269 2753 φαμεν·
1318 2703 1336 2735 t
1376 2685 1561 2757 Ταύτῃ
1593 2687 1685 2738 καὶ
1719 2687 1916 2757 μᾶλλον

331 2767 622 2822 πίστευσον
643 2785 655 2798 ’
694 2789 712 2822 ι
749 2773 828 2836 είς
859 2773 1090 2826 ἕκαστον
1125 2774 1233 2846 γὰρ
1265 2777 1578 2847 πειρώμεθα
1611 2777 1789 2846 λέγειν
1823 2780 1916 2832 καὶ

330 2859 554 2914 πλείονα
581 2853 653 2914 ὧν
687 2864 744 2915 ἐν
776 2867 888 2928 τοῖς
909 2865 1166 2936 ἀνωτέρω
1198 2867 1512 2939 ἐξεθέμεθα.

399 2947 553 3001 Μετά
581 2949 755 3002 ταῦτά
785 2968 946 3023 φησιν
977 2955 1006 3006 6
1040 2953 1264 3018 Κέλσος,
1308 2956 1412 3019 ὅτι,
1446 2975 1464 3008 ‹
1513 2956 1640 3011 Ἐὰν
1669 2959 1776 3012 οἵδε
1813 2961 1912 3031 μὲν

328 3037 534 3108 (λέγων
576 3041 963 3114 Χριστιανούς)
997 3045 1327 3114 είσηγῶνται
1360 3047 1530 3110 τόνδε,
1558 3049 1706 3102 ἄλλοι
1729 3051 1786 3102 δέ
1818 3052 1912 3105 ἄλ-

326 3127 438 3192 λον,
457 3130 631 3183 κοινὸν
657 3131 711 3183 δέ
739 3133 955 3186 πάντων
976 3133 1008 3204 ἢ
1031 3137 1122 3188 καὶ
1152 3138 1441 3210 πρόχειρον
1510 3137 1644 3208 (‘23).
1682 3141 1911 3195 Πίστευ-

329 3234 443 3282 σον,
476 3221 525 3272 εί
558 3220 794 3292 σωθῆναι
834 3223 1028 3288 Θέλεις,
1065 3226 1098 3296 ἢ
1142 3229 1328 3282 ἄπιθιο
1373 3250 1390 3282 ι
1429 3231 1481 3284 τί
1509 3234 1826 3304 ποιήσουσιν
1857 3238 1906 3290 οἱ

325 3311 543 3382 ἀληθῶς
576 3313 840 3376 σώζεσθαι
871 3315 1144 3381 θέλοντες;
1181 3319 1251 3371 Ἢ
1281 3319 1478 3384 κύϐους
1507 3323 1906 3393 ἀναρρίψαντες

327 3401 735 3470 μαντεύσονται,
759 3407 852 3458 ποῖ
873 3407 1204 3478 τράπωνται,
1230 3411 1324 3463 καὶ
1341 3411 1450 3463 τίσι
1474 3413 1852 3482 προσθῶνται;
1879 3433 1897 3466 ι

322 3493 434 3545 Καὶ
468 3494 605 3565 πρὸς
631 3494 788 3548 τοῦτο
806 3497 860 3549 δέ
880 3498 987 3551 ἀπὸ
1004 3499 1105 3570 τῆς
1131 3502 1417 3572 ἐναργείας
1447 3503 1558 3574 (24)
1585 3505 1895 3577 ὁρμώμενοι

320 3583 496 3640 ταῦτα
536 3589 797 3659 φήσομεψ
853 3591 917 3642 Ei
975 3592 1072 3661 μέν
1123 3593 1341 3658 πλείους
1382 3591 1542 3665 ἦσαν,
1585 3598 1782 3668 ὁμοίως
1814 3599 1892 3671 τῷ

333 3673 508 3745 Ἰησοῦ
539 3677 910 3748 ίστορούμενοι
942 3680 1019 3752 τῷ
1052 3679 1152 3753 βίῳ
1182 3682 1289 3736 τῶν
1315 3685 1616 3757 ἀνθρώπων
1649 3689 1894 3762 ἐπιδεδη-

323 3763 578 3834 μηκέναι,
605 3767 677 3831 ὡς
705 3770 811 3822 υἱοὶ
843 3770 998 3835 Θεοῦ,
1035 3773 1129 3826 καὶ
1159 3773 1388 3840 ἕκαστος
1418 3779 1597 3832 αὐτῶν
1625 3782 1895 3851 περισπά-

319 3869 418 3918 σας
442 3855 551 3927 (25)
582 3858 733 3923 τινας
761 3863 841 3925 είς
869 3863 1053 3929 αὑτὸν,
1085 3863 1210 3919 ὥστ’
1243 3869 1588 3939 ἀμφήριστον
1614 3867 1771 3934 εἶναι,
1802 3872 1893 3927 διὰ

314 3948 414 4018 τὴν
455 3949 744 4020 ὁμοιότητα
779 3953 881 4023 τῆς
920 3956 1251 4025 ἐπαγγελίας
1293 3962 1419 4029 περ).
1451 3962 1544 4015 τοῦ
1588 3965 1714 4018 Υίὸν
1752 3961 1889 4019 εἶναι

313 4037 470 4102 Θεοῦ,
500 4041 590 4092 τὸν
611 4041 714 4094 ὑπὸ
738 4042 844 4096 τῶν
867 4046 1230 4102 πιστευόντων
1253 4050 1401 4121 αὐτῷ
1425 4056 1888 4126 μαρτυρούμενον

315 4127 501 4197 χώραν
529 4129 594 4182 ἂν
621 4127 735 4201 εἶχε
757 4134 837 4196 τὸ,
879 4154 896 4184 ι
946 4137 1070 4189 Ἐὰν
1095 4139 1203 4191 οἵδε
1234 4140 1333 4210 μέν
1361 4143 1692 4214 εἰσηγῶνται
1724 4148 1894 4216 τόνδε,

314 4220 464 4274 ἄλλοι
497 4221 556 4274 δὲ
585 4222 764 4287 ἄλλον,
797 4226 888 4278 καὶ
921 4227 1098 4281 κοινὸν
1142 4229 1198 4280 δέ
1231 4231 1449 4285 πάντων
1483 4233 1516 4305 ἦ
1547 4237 1642 4288 καὶ
1672 4237 1896 4308 πρόχει-

314 4327 441 4382 ρονο
538 4313 854 4381 Πίστευσον,
889 4320 938 4370 εἰ
972 4317 1209 4391 σωθῆναι
1243 4321 1437 4390 θέλεις,
1472 4325 1504 4396 ἢ
1537 4325 1714 4394 ἄπιθι,
1749 4347 1769 4379 ›
1804 4331 1895 4382 καὶ

311 4401 380 4456 τά
421 4403 575 4474 ἐξῆς’
614 4407 731 4461 νυνὶ
760 4408 816 4461 δὲ
855 4411 934 4473 είς
968 4412 1146 4466 πᾶσαν
1177 4414 1276 4486 τὴν
1319 4416 1645 4489 οἰκουμένην
1686 4419 1896 4490 Ἰησοῦς

233 4503 242 4508 “
311 4496 670 4567 κεκήρυκται,
723 4500 1065 4574 ἐπιδημήσας
1111 4503 1188 4574 τῷ
1238 4505 1384 4573 γένει
1431 4507 1539 4561 τῶν
1587 4509 1892 4582 ἀνθρώπων

315 4584 472 4654 μόνος
496 4587 624 4653 Υἱὸς
647 4589 801 4644 Θεοῦ.
847 4595 909 4645 Οἱ
937 4593 1044 4666 γάρ
1090 4596 1290 4665 ὁμοίως
1321 4599 1512 4671 Κέλσῳ
1533 4602 1895 4670 ὑπολαϐόντες

308 4678 508 4746 ὁμοίως
527 4682 947 4752 τετερατεῦσθαι
969 4685 1101 4757 (26),
1131 4687 1225 4740 καὶ
1249 4687 1336 4741 διὰ
1357 4690 1515 4744 τοῦτο
1537 4692 1890 4766 βουληθέντες

308 4771 756 4839 τερατεύσασθαι,
789 4775 864 4838 ὡς
907 4777 1001 4829 καί
1049 4777 1202 4831 αὐτοὶ
1248 4781 1647 4853 παραπλησίως
1681 4789 1885 4859 κρατή-

310 4873 490 4921 σοντες
522 4861 628 4914 τῶν
670 4863 993 4935 ἀνθρώπων,
1034 4868 1095 4920 τὸ
1124 4869 1278 4923 οὐδὲν
1305 4868 1443 4925 εἶναι
1486 4873 1881 4948 ἐξηλέχθησαψ

307 4948 488 5018 Σίμων
520 4967 578 5004 τε
605 4955 633 5006 6
659 4955 946 5027 Σαμαρεὺς
973 4958 1083 5029 (ΕΠ)
1110 4961 1303 5030 μάγος,
1337 4965 1430 5017 καὶ
1457 4966 1708 5031 Δοσίθεος
1729 4971 1756 5021 6
1779 4971 1886 5024 ἀπὸ

383 5089 424 5122 ¹¹
448 5090 652 5148 Coloss.
681 5109 757 5160 tv,
787 5095 838 5149 6.

532 5231 666 5315 ρεοὶ
695 5234 864 5292 θεῶν.
899 5235 1133 5315 Platoin
1171 5242 1387 5315 Τίηηεο,
1423 5264 1544 5315 pag,
1574 5251 1661 5305 41,

511 5301 974 5393 gitiurfele‘tn'ss:
1020 5300 1672 5393 liceschclius'nutleinv
1708 5323 1884 5393 Spe".

299 5384 480 5453 certis.
506 5371 580 5453 δὴ
597 5373 748 5453 μᾶς
775 5375 855 5453 ἐν).
879 5377 1093 5453 ἑκάστῳ
1116 5371 1539 5453 ἀποκρίνασθαι.

881 5446 984 5536 καὶ-
1011 5439 1349 5530 πρᾀχειρὸν.
1379 5439 1693 5536 lfolrercllus
1726 5463 1875 5536 legit,

298 5505 578 5589 πάντων
613 5513 707 5589 καί
734 5505 1260 5589 πρόχειρονξεὶἶῗηιῖο
1296 5527 1452 5589 paulo
1485 5528 1644 5584 inira.

527 5569 872 5659 ﬂ'mschelins‘
893 5569 944 5638 iii

367 5647 486 5740 (ἓξ)
520 5653 928 5722 Περισπάσας.
981 5647 1277 5716 Βυιιοὲυιιό
1303 5647 1587 5733 legendum
1631 5671 1863 5740 videtur,
1895 5669 1901 5674 ’

295 5717 649 5779 περιέσπασε.

2034 1867 2325 1934 unicuique
2355 1865 2684 1934 respondere
2713 1865 2778 1918 υ.
2809 1882 2828 1917 ι
2850 1863 2985 1918 Sunt
3009 1865 3250 1935 quidem,
3285 1879 3442 1935 quos,
3479 1883 3602 1922 cum

2031 1958 2167 2011 nihil
2204 1957 2376 2026 magis
2406 1958 2636 2025 possint,
2669 1956 2736 2010 ad
2775 1957 3108 2011 credendum
3148 1959 3462 2026 hortemur;
3507 1963 3602 2017 sed

2033 2050 2192 2114 alios,
2225 2058 2486 2117 quantum
2522 2048 2671 2114 licet,
2698 2047 3218 2116 interrogationibus
3248 2060 3301 2107 et
3329 2055 3606 2120 responsis

2031 2140 2441 2209 persuademus.
2470 2137 2581 2193 Nec
2626 2138 2881 2204 dicimus,
2927 2141 2976 2193 id
3003 2143 3148 2207 quod
3189 2143 3345 2198 nobis
3377 2156 3605 2215 nugator

2030 2233 2122 2287 ille
2169 2232 2388 2287 tribuit:
2425 2249 2443 2282 ‹
2479 2230 2653 2285 Crede
2683 2246 2830 2294 eum,
2863 2232 2927 2284 de
2959 2247 3066 2302 quo
3094 2234 3187 2288 tibi
3237 2234 3452 2303 loquor,
3481 2253 3604 2294 esse

2030 2322 2120 2378 Dei
2167 2323 2386 2388 Filitttn,
2440 2321 2693 2391 quamvis
2752 2322 2916 2377 fuerit
2967 2324 3321 2391 ignominiose
3357 2329 3601 2393 vinctus,

2027 2423 2121 2467 aut
2144 2415 2282 2482 turpi
2307 2412 2534 2467 allectus
2559 2413 2858 2481 supplicio;
2887 2414 3137 2482 quamvis
3167 2415 3282 2469 lteri
3314 2425 3368 2469 et
3408 2417 3602 2471 nudius

2028 2506 2220 2560 tertius
2280 2504 2331 2558 in
2385 2505 2558 2558 oculis
2611 2506 2852 2559 omnium
2917 2507 3336 2575 probrosissime
3386 2508 3603 2565 habitus

2025 2596 2113 2650 sit.
2154 2613 2173 2646 ι
2219 2595 2406 2664 Neque
2436 2595 2693 2651 dicimus:
2737 2614 2754 2648 ι
2792 2596 2873 2652 Ob
2903 2599 3006 2652 hoc
3035 2599 3210 2665 ipsum
3260 2600 3432 2670 magis
3475 2615 3600 2655 cre-

2023 2686 2110 2741 de.
2145 2705 2164 2738 ι
2223 2685 2358 2738 Nam
2394 2687 2458 2740 de
2485 2686 2716 2755 singulis
2744 2689 2903 2744 rebus
2935 2689 3085 2758 plura
3113 2705 3379 2746 conamur
3431 2708 3599 2762 argu-

2021 2787 2204 2832 menta
2241 2776 2458 2845 afferre,
2500 2793 2660 2848 quam
2694 2794 2858 2850 supra
2893 2780 3260 2850 exposuimus.

2093 2961 2180 3015 li.
2231 2960 2424 3017 Postea
2465 2961 2654 3018 Celsus
2711 2961 2776 3015 de
2821 2959 3151 3017 Christianis
3197 2961 3278 3017 sic
3333 2962 3443 3018 ait:
3479 2981 3497 3015 ι
3541 2962 3598 3018 Si

2021 3055 2165 3110 hunc
2189 3055 2275 3108 alii
2296 3062 2620 3124 proponunt,
2647 3053 2736 3108 alii
2757 3053 2944 3118 alium,
2970 3069 3158 3109 onmes
3181 3063 3360 3108 tamen
3393 3054 3596 3121 dicunt,

2019 3150 2070 3202 id
2105 3151 2244 3217 quod
2284 3149 2336 3201 in
2362 3157 2611 3218 promptu
2647 3159 2760 3202 est:
2791 3146 2986 3212 Crede,
3015 3147 3060 3202 si
3083 3147 3265 3203 salvus
3295 3149 3409 3202 fieri
3442 3149 3596 3211 velis,

2016 3250 2107 3295 aut
2141 3240 2261 3306 abi;
2299 3242 2421 3308 quid
2455 3240 2656 3296 facient
2699 3243 2759 3308 ii,
2796 3241 2889 3311 qui
2922 3254 3050 3296 vere
3077 3240 3304 3294 salutem
3336 3242 3594 3311 consequi

2013 3331 2242 3386 volunt?
2283 3330 2419 3385 Num
2471 3343 2798 3388 tesserarum
2831 3334 2982 3401 jactu
3034 3334 3332 3389 sortientur
3390 3349 3499 3402 quo
3537 3350 3596 3389 se

2010 3431 2243 3487 vertere,
2273 3439 2408 3490 quos
2431 3427 2584 3494 sequi
2613 3427 2876 3482 debeant?
2900 3446 2918 3480 ι
2944 3428 3024 3482 Ad
3054 3429 3171 3482 htec
3210 3428 3288 3482 rei
3321 3427 3595 3482 evidentia

2003 3515 2230 3582 permoti
2255 3517 2732 3583 respondebimus:
2775 3520 2830 3574 Si
2866 3521 3049 3588 plures
3075 3528 3258 3573 essent
3304 3533 3441 3587 quos
3470 3533 3595 3583 pcr-

2000 3602 2126 3659 inde
2157 3620 2219 3659 ac
2252 3603 2435 3659 .lesum
2468 3606 2520 3659 in
2550 3609 2686 3663 hanc
2716 3611 2877 3663 vitam
2912 3610 3124 3664 venisse
3182 3619 3242 3661 ut
3275 3610 3420 3664 filios
3488 3609 3590 3664 Dei

2001 3696 2218 3765 sibique
2261 3707 2561 3754 sectatores
2592 3702 2853 3755 ascivisse
2882 3699 3180 3771 proderent
3225 3701 3486 3764 historiae,
3522 3700 3592 3754 ita

2000 3789 2352 3843 utincertum
2388 3792 2858 3848 esset'discrimen
2887 3802 3193 3864 .propterea
3240 3794 3384 3864 quod
3427 3809 3596 3850 unus-

1996 3881 2226 3948 quisque
2238 3895 2425 3936 eorum
2443 3899 2501 3938 se
2517 3886 2720 3953 pariter
2742 3883 2938 3939 Filium
2959 3899 3080 3940 esse
3101 3885 3192 3940 Dei
3222 3885 3590 3954 polliceretur,

1997 3972 2083 4026 cui
2123 3973 2216 4038 illi,
2275 3976 2366 4044 qui
2407 3978 2719 4045 crederenl,
2773 3979 3123 4049 perhiberent
3195 3980 3590 4038 testimonium.

2004 4063 2156 4120 locus
2202 4065 2345 4122 foret
2383 4070 2470 4124 his
2516 4072 2740 4126 verbis:
2782 4089 2801 4123 ι
2838 4071 2992 4126 Hunc
3027 4073 3074 4127 si
3120 4073 3210 4127 alii
3259 4081 3588 4140 preponunt,

2004 4157 2093 4212 alii
2119 4161 2282 4215 alium
2307 4180 2320 4228 ;
2349 4179 2537 4220 omnes
2566 4175 2747 4220 tamen
2772 4168 2981 4232 dicunt,
3005 4169 3057 4222 id
3084 4168 3229 4236 quod
3257 4169 3309 4221 in
3334 4178 3588 4236 promptu

1930 4279 1977 4339 Β
2004 4261 2116 4306 est:
2142 4254 2337 4320 Crede,
2370 4258 2413 4310 si
2440 4258 2624 4314 salvus
2648 4259 2762 4313 ﬁeri
2789 4261 2943 4324 velis,
2977 4269 3069 4314 aut
3102 4261 3211 4322 abi,
3247 4278 3266 4311 ι
3299 4272 3400 4314 etc.
3434 4259 3588 4316 Nunc

2003 4353 2184 4397 autem
2216 4347 2382 4417 638
2407 4348 2566 4404 Jesus
2618 4351 2765 4404 solus
2807 4361 2912 4416 est,
2941 4352 3032 4420 qui
3071 4361 3128 4405 ut
3167 4351 3337 4406 Filius
3369 4352 3459 4406 Dei
3491 4367 3588 4422 per

2004 4440 2272 4488 terrarum
2304 4437 2488 4491 orbem
2538 4439 2588 4491 in
2626 4441 2767 4494 hanc
2799 4441 2962 4494 vitam
2995 4442 3210 4496 venisse
3240 4442 3581 4510 praedicetur.

2000 4521 2254 4594 Namqui
2291 4527 2407 4581 ha-c
2451 4530 2796 4598 prodigiosis,
2832 4543 2892 4585 ut
2924 4531 3132 4596 Celsus,
3161 4532 3465 4589 tribuentes
3493 4549 3585 4588 ar-

2003 4615 2168 4681 tibus,
2193 4617 2392 4672 similia
2425 4622 2670 4690 prodigia
2707 4623 2892 4679 facere
2927 4627 3107 4680 conati
3145 4634 3294 4690 sunt,
3346 4635 3404 4679 ut
3435 4643 3583 4680 eam-

1999 4705 2117 4758 dem
2173 4707 2274 4760 sibi
2304 4714 2446 4777 apnd
2509 4711 2759 4770 homines
2794 4717 3146 4772 conciliarent
3175 4701 3578 4782 auctoritatem,

1994 4808 2087 4847 eos
2121 4796 2271 4850 nihili
2307 4797 2585 4857 faciendos
2617 4820 2738 4860 esse
2769 4817 3108 4876 compertum
3135 4816 3246 4863 est:
3269 4808 3575 4879 cujusmodi

1995 4882 2217 4942 fuerunt
2267 4889 2453 4946 Simon
2499 4895 2882 4973 Samaritanus
2932 4915 3141 4970 magus,
3188 4911 3243 4954 et
3289 4899 3578 4955 Dositbeus

1993 4974 2232 5043 ejusdem
2276 4998 2339 5038 ac
2370 4984 2460 5040 ille
2493 4988 2753 5064 regionis.
2791 4989 2882 5046 Ille
2911 5005 2972 5047 se
3003 4992 3218 5050 dicebat
3261 5008 3385 5049 esse
3421 5011 3441 5044 ι
3482 4991 3576 5048 Dei

2064 5262 2178 5338 (26)
2231 5264 2466 5338 Ὁμοίως
2525 5269 2996 5338 τετερατεῦσθαι.
3045 5268 3169 5322 Dele
3216 5281 3340 5338 cum
3393 5266 3569 5322 Bohe-

1985 5331 2118 5406 rello
2168 5331 2307 5388 istud
2339 5331 2542 5405 ὁμοίως
2588 5331 2772 5391 ιιιιίιιηι
2806 5355 2870 5391 ex
2906 5340 3080 5390 altero
3125 5335 3327 5406 ὁμοίως
3372 5338 3563 5406 priori.

2088 5402 2224 5483 forte
2264 5401 2409 5460 aliud
2440 5409 2569 5476 quid
2598 5409 2894 5472 exciderit,
2939 5407 3088 5461 verbi
3139 5401 3312 5476 gratia
3351 5403 3422 5458 τὰ
3471 5405 3568 5461 τοῦ

2031 5489 2188 5524 ησου.

1991 5472 2188 5529 Ἰησοῦ.

2052 5515 2402 5612 ξῇῖΣιζιιων
2432 5562 2497 5598 τε
2526 5548 2558 5598 ὀ
2588 5547 2918 5614 Σαμαρεὺς,
2955 5555 3062 5597 ctc.
3098 5544 3172 5598 De
3197 5544 3441 5604 Simone.
3478 5544 3560 5600 Si-

1975 5614 2263 5672 tnnnianis.
2297 5616 2568 5676 Dositheo,
2603 5615 2966 5675 Dosithcanis,
3001 5625 3054 5668 ct
3083 5616 3149 5668 de
3175 5615 3312 5667 .luda
3337 5616 3563 5673 Galiim

1969 5682 2092 5736 vide
2117 5699 2236 5752 qua}
2266 5686 2423 5740 habet
2453 5685 2715 5753 Origenes
2748 5699 2910 5755 supra
2940 5683 3032 5739 lib.
3065 5700 3106 5752 ι,
3136 5701 3189 5739 ιι.
3215 5685 3304 5741 5'7.
