3990 6158
481 264 623 322 150⁷1

1965 277 2290 335 ORIGENIS

3593 284 3727 342 1308

478 391 758 447 Virtutem,
785 398 947 452 quam
995 387 1222 441 vocabat
1251 402 1504 460 magnam
1532 391 1612 460 “;
1648 410 1669 446 ο
1692 393 1782 448 hic
1813 409 1942 450 vero
1991 411 2018 449 s

2150 395 2250 466 τῆς
2269 396 2437 468 αὐτῆς
2465 379 2646 467 χώρας
2671 397 2864 468 ἐκείνῳ
2893 397 3193 470 τυγχάνων·
3225 398 3348 453 ἐπεὶ
3391 405 3420 456 ὁ
3455 399 3557 471 μὲν
3597 401 3731 471 ἔφα.
3773 410 3780 415 ”

476 469 651 540 ipsum
707 472 802 528 Dei
844 475 1041 542 ﬁlium;
1075 485 1252 533 tamen
1293 495 1559 550 nusquam
1593 485 1831 551 gentium
1865 487 2047 542 viden-

479 569 569 614 tur
593 578 737 618 nunc
772 563 1075 619 Simoniani
1103 583 1116 620 :
1143 582 1454 639 quanquam
1488 571 1673 629 Simon
1717 576 1952 645 quidem,
1991 587 2046 634 ut

477 649 660 718 plures
703 653 768 706 ad
827 669 888 709 se
937 646 1277 726 adjnngeret,
1349 663 1540 718 mortis
1591 665 1851 732 periculo,
1902 671 2044 737 quod

474 740 768 796 Christiani
826 746 1009 800 subire
1061 749 1202 803 docti
1256 749 1512 821 fuerant,
1569 771 1694 811 suos
1749 759 2044 828 discipulos

473 830 819 900 liberaverit;
862 838 1129 905 siquidem
1159 843 1380 898 doceret
1410 847 1765 902 idololatriam
1792 865 1903 905 rem
1926 867 2044 907 esse

470 937 572 977 nec
591 922 785 978 bonam
831 942 932 981 nec
967 931 1185 990 malam.
1229 933 1416 1001 Neque
1442 939 1605 992 etiam
1657 940 1810 994 initio
1845 954 2044 1009 paratae

472 1022 604 1066 sunt
636 1014 969 1074 Simonianis
997 1021 1226 1079 insidiae.
1252 1026 1487 1081 Noverat
1514 1029 1656 1083 enim
1697 1033 1901 1086 daemon
1932 1034 2039 1099 ille,

468 1105 559 1172 qui
593 1106 854 1164 doctrinae
878 1109 1005 1165 Jesu
1041 1114 1417 1183 insidiabatur,
1442 1121 1573 1174 nihil
1597 1136 1654 1175 se
1686 1136 1751 1175 ex
1777 1124 2042 1192 dogmatis

469 1197 799 1256 Simonianis
852 1203 1167 1260 detrimenti
1204 1224 1512 1277 passurum.
1551 1213 1859 1270 Dositheani
1915 1231 2041 1272 vero

467 1304 567 1344 nec
593 1292 826 1359 primum
855 1297 1144 1353 admodum
1195 1303 1503 1372 valuerunt,
1538 1318 1587 1361 et
1630 1325 1771 1364 nunc
1821 1313 2041 1367 omnino

464 1383 719 1437 exstincti
751 1397 897 1448 sunt.
931 1387 1007 1442 ita
1041 1400 1099 1445 ut
1132 1393 1221 1446 vix
1247 1395 1464 1464 triginta
1492 1399 1684 1469 reliqui
1738 1418 2041 1459 memoren-

467 1480 576 1524 tur.
602 1472 771 1529 Judas
798 1476 1073 1546 Galilmus,
1101 1491 1238 1538 teste
1268 1485 1411 1540 Luca
1457 1489 1508 1542 in
1561 1493 1786 1550 Actibus
1820 1508 2037 1565 aposto-

463 1561 660 1630 lorum,
687 1566 858 1621 voluit
888 1569 1070 1625 haberi
1109 1590 1340 1644 magnus
1381 1580 1601 1649 aliquis,
1638 1593 1693 1638 et
1722 1599 1847 1641 ante
1886 1589 2037 1644 illum

465 1654 712 1712 'l‘heodas
742 1660 816 1726 ¹³,
865 1663 957 1716 sed
1003 1668 1262 1733 quoniam
1296 1686 1360 1724 ex
1395 1673 1503 1727 Deo
1529 1691 1633 1728 non
1666 1689 1784 1732 erat
1823 1680 2034 1736 illorum

2155 503 2282 540 σκεν
2297 483 2616 542 αύτὸνεῖναι
2659 507 2678 539 ‹
2714 487 2941 558 δύναμιν
2980 490 3137 555 Θεοῦ,
3175 511 3194 541 ›
3244 491 3338 561 τὴν
3382 491 3727 562 καλουμένην

2157 590 2176 623 ε
2217 573 2478 644 μεγάλην,
2517 594 2536 639 ρ
2579 578 2607 628 ὁ
2637 575 2713 639 δὲ,
2763 578 2856 629 καὶ
2901 579 3062 641 αὐτὸς
3104 579 3218 641 υίὸς
3257 578 3350 632 τοῦ
3390 577 3543 631 Θεοῦ·
3579 579 3729 633 οὐδα-

2155 664 2257 735 μοῦ
2290 668 2396 737 γὰρ
2432 668 2530 738 τῆς
2566 670 2891 741 οἰκουμένης
2917 672 3267 741 Σιμωνιανοι·
3313 675 3557 740 καίτοιγε
3585 672 3727 743 ὑπὲρ

2150 753 2242 806 τοῦ
2294 756 2541 820 πλείονας
2591 760 2966 827 ὑπαγαγέσθαι
3021 764 3049 814 ὁ
3093 761 3274 832 Σίμων
3318 763 3408 814 τὸν
3459 760 3587 831 περὶ
3628 760 3724 815 τοῦ

2152 844 2378 898 Θανάτου
2415 849 2676 913 κίνδυνον,
2715 850 2773 902 ὃν
2805 852 3114 921 Χριστιανοὶ
3145 853 3413 922 αἱρεῖσθαι
3446 851 3726 920 ἐδιδάχθη-

2152 953 2270 1001 σαν,
2323 939 2561 1010 περιεῖλε
2607 941 2715 993 τῶν
2767 941 3044 1013 μαθητῶν,
3099 945 3470 1014 ἐναδιαφορεῖν
3526 945 3726 1006 αὐτοὺς

2148 1029 2362 1095 διδάξας
2383 1034 2518 1104 πρὸς
2544 1034 2641 1104 τὴν
2667 1034 3107 1106 είδωλολατρείαν
3137 1037 3269 1105 (28).
3317 1037 3457 1090 Ἀλλ’
3485 1036 3604 1090 οὐδὲ
3625 1036 3725 1106 τὴν

2150 1121 2320 1191 ἀρχὴν
2353 1123 2676 1193 Σιμωνιανοὶ
2710 1125 3175 1198 ἐπεϐουλεύθησαν
3195 1145 3208 1157 ·
3246 1128 3359 1198 ᾔδει
3405 1127 3516 1197 γὰρ
3548 1129 3577 1179 ὁ
3609 1129 3725 1179 ἐπι-

2150 1211 2416 1266 ϐουλεύων
2448 1215 2653 1285 δαίμων
2683 1218 2914 1290 πονηρὸς
2941 1221 3004 1288 τῇ
3039 1217 3135 1271 τοῦ
3180 1218 3352 1290 Ἰησοῦ
3382 1218 3719 1289 διδασκαλίᾳ,

2147 1300 2294 1352 οὐδὲν
2325 1300 2431 1353 τῶν
2480 1302 2625 1355 ἰδίων
2654 1305 3166 1378 παραλυθησόμενον
3215 1307 3460 1378 βούλημα
3504 1311 3568 1361 ἐκ
3612 1309 3719 1361 τῶν

2149 1390 2393 1459 Σίμωνος
2445 1392 2779 1462 μαθημάτων
2831 1396 2962 1466 (29).
3017 1399 3079 1449 Ol
3127 1398 3184 1450 δὲ
3232 1399 3541 1469 Δοσιθεηνοὶ
3601 1401 3720 1452 οὐδὲ

2148 1481 2406 1552 πρότερον
2437 1483 2689 1551 ἤκμασαν
2710 1502 2722 1514 ·
2758 1485 2852 1539 νῦν
2885 1487 2948 1557 δὴ
2987 1488 3260 1552 παντελῶς
3289 1489 3718 1554 έπιλελοίπασιν,

2147 1570 2287 1623 ὥστε
2317 1573 2406 1625 τὸν
2436 1573 2554 1626 ὅλον
2594 1575 2770 1628 αὐτῶν
2805 1577 3130 1648 ἱστορεῖσθαι
3166 1579 3416 1651 ἀριθμὸν,
3449 1583 3550 1633 οὐκ
3582 1577 3718 1634 εἶναι

2147 1665 2204 1716 ἐν
2243 1667 2354 1727 τοῖς
2381 1665 2696 1735 τριάκοντα.
2730 1669 2839 1720 Ka‘t
2887 1669 3084 1733 Ἰούδας
3102 1670 3157 1722 δὲ
3190 1673 3218 1723 ὁ
3249 1670 3550 1735 Γαλιλαῖος,
3587 1672 3662 1735 ὡς
3692 1675 3719 1725 6

464 1746 743 1812 doctrina,
777 1754 978 1809 sublati
1012 1768 1159 1827 sunt,
1213 1772 1266 1816 et
1305 1779 1495 1819 omnes
1523 1769 1613 1836 qui
1641 1772 1933 1827 credebant
1961 1777 2019 1829 ei:

2146 1755 2357 1817 Λουκᾶς
2402 1757 2460 1808 ὲν
2501 1759 2619 1819 ταῖς
2666 1759 2905 1828 Πράξεσι
2949 1761 3057 1814 τῶν
3095 1763 3405 1815 ἀποστόλων
3457 1764 3714 1834 ἔγραψεν,

461 1836 642 1892 subito
673 1840 917 1912 dissipati
952 1848 1192 1904 luerunt.
1217 1851 1336 1906 Non
1365 1868 1497 1924 ergo
1527 1876 1546 1908 ι
1578 1867 1907 1914 tesserarum
1927 1863 2040 1932 jac-

463 1937 516 1981 tu
535 1933 795 1985 sortimur
815 1951 922 2003 quo
940 1953 1036 1993 nos
1053 1951 1284 2008 vertere,
1305 1947 1388 1998 cui
1419 1962 1516 2000 nos
1559 1951 1808 2007 addicere
1841 1955 2038 2011 debea-

456 2038 597 2086 mus,
635 2044 654 2078 p
680 2030 832 2095 quasi
855 2033 1012 2086 multi
1040 2047 1259 2102 possent
1279 2054 1374 2092 nos
1391 2039 1961 2111 allectarepollicendo
1977 2065 2033 2104 se

454 2127 484 2166 a
514 2115 622 2169 Deo
647 2117 839 2176 missos
870 2123 934 2177 ad
964 2123 1206 2182 homines
1233 2127 1417 2184 fuisse.
1446 2130 1639 2187 Veruut
1673 2134 1738 2189 de
1761 2136 1846 2191 his
1871 2139 2026 2193 satis.

2146 1842 2411 1914 ἐϐουλήθη
2446 1845 2633 1898 ἑαυτὸν
2660 1864 2779 1898 τινα
2809 1848 2982 1901 εἰπεῖν
3019 1850 3213 1920 μέγαν,
3251 1851 3345 1903 καὶ
3377 1853 3483 1922 πρὸ
3508 1853 3717 1905 ἐκείνου

2145 1932 2367 1996 Θευδᾶς·
2403 1934 2517 1987 ἀλλ’
2548 1937 2666 1987 ἐπεὶ
2695 1937 2797 1988 οὐκ
2837 1932 2905 2008 ἦν
2939 1941 3002 1990 ἐκ
3046 1939 3181 1991 θεοῦ
3213 1941 3390 1993 αὐτῶν
3433 1943 3466 2011 ἡ
3507 1941 3714 2012 διδαχὴ,

2141 2024 2504 2096 ἀνῃρέθησαν,
2540 2027 2632 2079 καὶ
2667 2028 2884 2092 πάντες,
2916 2030 3026 2082 ὅσοι
3059 2031 3334 2086 ἐπείθοντο
3375 2033 3580 2096 αὐτοῖς,
3616 2050 3715 2084 πα-

2139 2118 2395 2187 ραχρῆμα
2435 2119 2908 2190 διεσκεδάσθησαν.
2945 2121 3017 2173 Ού
3078 2123 3274 2187 κύϐους
3323 2119 3412 2176 οὖν
3448 2143 3466 2174 ‹
3499 2125 3714 2194 ὰναρῥι-

2140 2207 2401 2272 πτοῦντες
2457 2209 2855 2279 μαντευόμεθα,
2899 2211 2991 2262 ποῖ
3047 2212 3405 2284 τραπώμεθα,
3457 2215 3553 2266 καὶ
3610 2212 3713 2265 τίνι

453 2271 841 2344 προσθώμεθα,
885 2296 903 2328 ι
936 2279 1011 2342 ὡς
1043 2281 1354 2354 δυναμένων
1398 2288 1657 2343 πλειόνων
1695 2297 2031 2363 περισπᾶσαι
2092 2300 2238 2368 ἡμᾶς
2304 2303 2370 2371 τῇ
2443 2271 2746 2374 ἐπαγγελίᾳ
2790 2302 2883 2356 τοῦ
2916 2271 3096 2356 θεόθεν
3138 2271 3592 2375 ἐπιδεδημηκέναι
3638 2305 3712 2376 τῷ

450 2367 598 2434 γένει
627 2371 735 2424 τῶν
783 2374 1102 2445 ἀνθρώπων.
1169 2381 1330 2436 Ἀλλὰ
1375 2385 1481 2456 γὰρ
1525 2389 1617 2440 καὶ
1662 2390 1790 2458 περὶ
1829 2390 2032 2445 τούτων

521 2461 614 2516 12.
653 2462 990 2536 Quapropter
1016 2471 1355 2529 transeamus
1386 2478 1452 2530 ad
1487 2477 1647 2532 aliam
1683 2480 1824 2535 Celsi
1864 2497 2028 2537 accu-

452 2554 741 2618 sationem,
775 2559 887 2626 qui,
924 2560 1048 2615 licet
1075 2575 1294 2621 nostras
1329 2566 1642 2638 Scripturas
1686 2589 1789 2627 non
1827 2574 2027 2629 intelli-

450 2653 562 2711 gat,
622 2649 715 2700 sed
754 2662 821 2702 ex
873 2666 1040 2720 prave
1095 2655 1323 2710 detortis
1381 2658 1669 2729 loquatur,
1735 2669 2026 2734 exprobrat

452 2744 657 2801 tmneu,
697 2757 714 2789 ι
753 2744 894 2808 quod
930 2743 1172 2800 dicamus
1205 2747 1497 2804 humanam
1539 2755 1859 2822 sapientiam
1889 2759 2028 2827 apud

452 2826 617 2881 Deum
653 2844 774 2884 esse
806 2833 1127 2902 stultitiam;
1174 2856 1194 2889 ι
1239 2854 1359 2893 cum
1417 2852 1594 2897 tamen
1630 2847 1829 2901 Paulus
1859 2850 2027 2914 dicat,

451 2933 472 2965 ς
539 2920 860 2986 sapientiam
913 2925 1075 2994 hujus
1123 2931 1306 2984 mundi
1371 2934 1658 2988 stultitiam
1717 2953 1838 2991 esse
1887 2940 2027 3007 apud

451 3004 619 3062 Deum
657 3011 718 3064 ιδ.
758 3030 777 3063 ι
804 3013 968 3067 Addit
997 3035 1015 3066 ι
1051 3017 1153 3070 sibi
1182 3019 1309 3073 olim
1343 3021 1501 3089 hujus
1540 3026 1614 3078 rei
1641 3026 1862 3079 allatam
1899 3004 2030 3080 cauc

447 3112 561 3149 sam
606 3113 748 3153 esse.
791 3120 810 3152 ι
845 3102 1209 3160 Putatautem
1253 3125 1471 3165 causam
1505 3129 1652 3177 esse,
1692 3134 1710 3166 ‹
1758 3119 1903 3184 quod
1945 3119 2028 3172 his

2197 2487 2290 2538 Διὸ
2339 2488 2755 2560 μεταϐαίνωμεν
2803 2490 2914 2561 ('50)
2953 2491 3039 2543 ἐπ’
3089 2492 3254 2562 ἄλλην
3303 2492 3511 2546 Κέλσου
3552 2511 3708 2564 κατη-

2126 2579 2336 2648 γορίαν,
2371 2579 2488 2631 οὐδὲ
2523 2579 2618 2643 τὰς
2648 2581 2822 2645 λέξεις
2858 2583 3014 2654 ἡμῶν
3045 2584 3266 2648 εἰδότος,
3301 2584 3414 2636 ἀλλ’
3448 2586 3512 2637 ὲκ
3539 2601 3706 2656 παρα-

2132 2671 2478 2740 κουσματίων
2517 2674 2817 2742 φήσαντος·
2858 2694 2875 2724 ‹
2919 2676 3039 2727 Ὅτι
3074 2676 3250 2744 φαμὲν
3280 2675 3376 2746 τὴν
3411 2678 3469 2728 ὲν
3501 2675 3705 2747 ἀνθρώ-

2129 2777 2252 2823 ποις
2292 2763 2482 2830 σοφίαν
2519 2763 2727 2832 μωρίαν
2759 2760 2894 2817 εἷναι
2928 2765 3074 2837 παρὰ
3117 2764 3264 2835 Θεῷ·
3306 2785 3324 2815 ι
3359 2764 3451 2817 τοῦ
3493 2767 3700 2818 Παύλου

2127 2852 2407 2921 λέγοντος·
2451 2874 2468 2904 ‹
2517 2856 2578 2906 Ἥ
2615 2856 2775 2923 copia.
2806 2855 2900 2908 τοῦ
2931 2857 3136 2925 κόσμου
3185 2858 3364 2928 μωρία
3404 2857 3554 2928 παρὰ
3588 2857 3700 2927 Θεῷ

2131 2943 2266 2996 ἐστι.
2314 2964 2332 2995 ι
2374 2947 2482 2998 Καί
2515 2963 2676 3016 φησιν
2709 2948 2738 3000 ὁ
2765 2947 2990 3013 Κέλσος,
3033 2949 3114 3000 ὅτι
3154 2967 3171 2998 ‹
3225 2949 3287 3000 Ἦ
3323 2948 3515 3000 τούτου
3557 2949 3702 3001 αἰτία

2131 3035 2223 3086 καὶ
2251 3035 2416 3088 πάλαι
2445 3037 2690 3108 εἴρηται·
2732 3058 2749 3088 ι
2781 3038 2950 3092 οἴεται
2993 3039 3049 3093 δὲ
3079 3042 3258 3093 αἰτίαν
3304 3037 3443 3097 εἶναι
3481 3042 3544 3094 τὸ
3590 3041 3701 3111 βού-

2131 3123 2314 3178 λεσθαι
2352 3129 2497 3197 ἡμᾶς
2537 3129 2624 3181 διὰ
2667 3131 2767 3199 τῆς
2806 3130 3002 3195 λέξεως
3037 3132 3238 3202 ταύτης
3290 3135 3416 3198 τοὺς
3445 3135 3701 3189 ἀπαιδεύ-

446 3188 628 3242 verbis
653 3191 1024 3260 signiﬁcemus
1054 3199 1197 3253 solos
1243 3201 1523 3270 imperitos
1551 3214 1606 3258 et
1642 3208 1842 3264 stultos
1878 3224 2019 3277 esse,

2135 3232 2252 3278 τους
2297 3182 2404 3270 καί.
2422 3182 2662 3286 ἠλιθίους
2715 3182 3084 3292 προσάγεσθαι
3125 3182 3236 3295 (5ιῖ
3267 3182 3478 3296 μόνοῦς.
3541 3228 3700 3296 ’Δλλ’,

447 3293 586 3346 quos
624 3279 676 3333 in
711 3292 1023 3340 nostrorum
1061 3303 1288 3345 numero
1335 3293 1536 3349 habere
1580 3297 1825 3353 velimus.
1859 3321 1878 3352 ι
1922 3301 2026 3358 Ve-

447 3386 568 3424 rum
604 3375 678 3439 id,
723 3387 780 3430 ut
817 3377 933 3446 ipse
964 3381 1263 3450 adnotavit,
1299 3383 1410 3452 jam
1439 3396 1598 3442 antea
1632 3389 1806 3457 dixit;
1843 3404 1900 3448 et
1929 3411 2025 3451 nos

443 3465 606 3518 ctiam
663 3482 759 3534 pro
786 3469 1038 3526 facultate
1077 3473 1451 3531 refutavimus.
1488 3480 1806 3550 Quanquam
1849 3499 1901 3540 et
1935 3488 2023 3544 hic

444 3557 571 3610 velit
612 3563 920 3628 ostendere,
952 3579 1049 3619 nos
1075 3568 1229 3622 nobis
1255 3569 1394 3624 hanc
1423 3570 1739 3630 eﬂormasse
1775 3586 1830 3631 et
1871 3595 2019 3633 sum-

440 3650 613 3720 psisse
635 3655 971 3708 sententiam.
993 3672 1060 3710 ex
1095 3660 1434 3728 sapientibus
1461 3662 1685 3730 Graecis,
1716 3669 1809 3737 qui
1834 3679 1886 3724 et
1919 3671 2020 3740 ipsi

441 3741 604 3795 aliam
661 3743 984 3807 humanam,
1034 3748 1274 3806 divinam
1315 3753 1477 3808 aliam
1531 3770 1650 3811 esse
1697 3760 2017 3828 sapientiam

440 3831 718 3887 dixerunt.
752 3833 903 3900 Quod
936 3838 1153 3904 quidem
1201 3841 1402 3909 duplici
1429 3845 1690 3900 Heracliti
1742 3850 1858 3904 loco
1891 3867 2017 3905 con-

440 3922 639 3978 lirmat.
695 3924 912 3979 Primus
942 3937 1045 3982 est:
1088 3947 1105 3978 ι
1145 3929 1391 3986 Humana
1445 3939 1637 4004 agendi
1681 3942 1818 3995 ratio
1850 3944 2014 3998 certis

438 4017 737 4083 prudentiae
756 4018 957 4087 regulis
971 4033 1075 4072 non
1091 4021 1300 4086 nititur,
1322 4024 1488 4095 639
1517 4029 1711 4082 nititur
1732 4033 1949 4100 divina;
1987 4055 2006 4086 ι

435 4106 574 4161 alter
601 4119 824 4164 autem:
884 4129 902 4162 ι
947 4113 1042 4167 Vir
1064 4114 1260 4168 stultus
1309 4119 1472 4172 discit
1502 4135 1531 4173 a
1582 4121 1848 4188 daemone,
1885 4136 2010 4186 ,uta

434 4201 552 4253 viro
581 4216 734 4270 puer.
776 4223 794 4255 ι
825 4203 949 4260 Haec
985 4209 1149 4262 etiam
1170 4223 1232 4263 ex
1265 4210 1527 4282 Apologia
1561 4212 1795 4269 Socratis
1818 4232 1846 4269 a
1891 4217 2012 4272 Pla-

436 4299 561 4346 tone
590 4295 789 4364 scripta
813 4298 1062 4352 adducit:
1094 4317 1112 4350 ‹
1150 4299 1258 4370 Ego
1281 4301 1449 4368 enim,
1488 4305 1585 4358 viri
1620 4305 2003 4374 Athenienses,

432 4400 539 4438 non
587 4387 689 4440 alia
732 4405 826 4456 re,
885 4407 1048 4461 quam
1073 4395 1362 4463 sapientia,
1401 4397 1504 4452 hoc
1550 4414 1741 4453 nomen
1781 4400 2004 4469 adeptus

2126 3307 2201 3369 ὡς
2242 3311 2335 3361 καὶ
2369 3312 2530 3375 αὐτὸς
2566 3313 2961 3385 ὲσημειώσατο,
3013 3317 3176 3370 ταύτὸ
3213 3315 3366 3371 εἶπεν
3415 3321 3696 3390 ἀνωτέρω·

2127 3400 2223 3452 καὶ
2251 3403 2412 3471 ἡμεῖς
2459 3404 2596 3474 πρὸς
2647 3405 2736 3458 τὸν
2779 3405 2958 3474 λόγον,
3003 3408 3145 3460 κατὰ
3181 3409 3242 3461 τὸ
3279 3409 3504 3463 δυνατὸν
3547 3414 3696 3482 ἡμῖν,

2126 3490 2540 3562 ἀπηντήσαμεν.
2607 3495 2795 3565 Ὅμως
2847 3497 3030 3566 μέντοι
3081 3498 3342 3571 ἐϐουλήθη
3402 3501 3496 3554 καὶ
3542 3501 3700 3555 τοῦτο

2122 3579 2292 3644 δεῖξαι
2357 3585 2738 3655 πεπλασμένον
2812 3590 2964 3658 ἡμῖν,
3026 3591 3118 3642 καλ⁸
3167 3590 3369 3660 ληφθὲν
3423 3592 3530 3644 ἀπὸ
3592 3592 3698 3646 τῶν

2123 3676 2249 3746 παρ’
2278 3677 2502 3748 Ἕλλησι
2541 3680 2742 3749 σοφῶν,
2779 3681 2944 3753 ἄλλην
2985 3683 3083 3753 μὲν
3114 3679 3252 3736 εἶναι
3279 3685 3565 3754 φησάντων
3600 3688 3697 3759 τὴν

2120 3766 2466 3840 ἀνθρωπίνην
2521 3773 2733 3840 σοφίαν,
2788 3773 2954 3844 ἄλλην
3001 3773 3058 3826 δὲ
3105 3775 3203 3847 τὴν
3251 3775 3420 3829 θείαν.
3463 3777 3572 3829 Καὶ
3607 3779 3694 3830 ὲκο

2115 3856 2322 3910 τίθεταί
2347 3874 2410 3925 γε
2459 3859 2811 3932 Ἡρακλείτου
2839 3861 3030 3926 λέξεις·
3074 3864 3200 3934 μίαν
3227 3865 3345 3934 μὲν,
3371 3858 3485 3938 ινῇ
3513 3880 3691 3936 φησιν·

2121 3968 2140 4001 ‹
2190 3945 2364 4012 Ἧθος
2416 3949 2523 4022 γὰρ
2579 3951 2914 4022 ἀνθρώπειον
2977 3954 3074 4024 μὲν
3129 3955 3228 4008 ούκ
3279 3955 3390 4025 ἔχει
3443 3954 3688 4026 γνώμας,

2115 4040 2254 4095 θεῖον
2309 4041 2364 4095 δὲ
2409 4042 2551 4112 ἔχει·
2593 4063 2609 4094 ι
2643 4045 2832 4115 ἑτέραν
2877 4045 2959 4098 δέ·
2995 4065 3013 4096 ‹
3064 4046 3218 4117 Ἀνὴρ
3268 4048 3458 4117 νήπιος
3498 4047 3691 4114 ἤκουσε

2113 4133 2248 4203 πρὸς
2273 4133 2540 4204 δαίμονος,
2570 4137 2710 4198 ὅκως
2742 4155 2845 4207 περ
2869 4141 2995 4200 παῖς
3024 4139 3160 4208 πρὸς
3191 4139 3402 4208 ἀνδρὸς.
3436 4158 3455 4191 ι
3526 4140 3688 4192 Ἐκτί-

2112 4223 2261 4277 θεται
2284 4225 2338 4278 δὲ
2363 4227 2454 4278 καὶ
2481 4227 2586 4279 ἀπὸ
2611 4228 2710 4297 τῆς
2740 4229 3024 4293 Πλάτωνος
3042 4232 3433 4302 γεγραμμένης
3463 4231 3688 4300 Σωκρά-

2107 4330 2249 4380 τους
2277 4317 2606 4384 ἀπολογίας
2632 4317 2800 4371 ταῦτα
2819 4335 2832 4348 ·
2871 4338 2889 4370 ι
2939 4319 3079 4390 Ἐγὼ
3125 4321 3233 4391 γὰρ
3266 4322 3400 4394 (5‘2),
3431 4317 3477 4375 ὦ
3507 4323 3686 4394 ἄνδρες

2122 4405 2409 4475 Ἀθηναῖοι,
2453 4406 2517 4459 δι’
2561 4409 2713 4460 οὐδὲν
2766 4409 2892 4463 ἄλλο
2949 4411 2981 4482 ἢ
3039 4411 3128 4464 διὰ
3181 4414 3370 4482 σοφίαν
3420 4414 3576 4469 τοῦτο
3629 4416 3684 4470 τὸ

431 4491 570 4530 sum.
603 4477 715 4544 Qua
754 4493 932 4534 autem
981 4486 1279 4553 sapientia?
1314 4489 1556 4544 llumana
1616 4491 1830 4559 opinor,
1869 4492 2000 4546 Nam

2139 4511 2276 4562 νομα
2305 4494 2530 4566 ἔσχηκα.
2566 4497 2731 4550 Ποίαν
2764 4498 2818 4550 δὲ
2844 4477 3031 4567 σοφίαν
3053 4477 3292 4571 ταύτηνς
3325 4505 3507 4576 ’Ἦπερ
3545 4506 3683 4558 ἐστὶν

430 4581 616 4620 revera
649 4571 750 4623 hac
781 4582 930 4638 parte
953 4575 1172 4642 sapiens
1202 4577 1367 4630 vileri
1397 4595 1636 4646 possum.
1674 4601 1692 4634 ι
1726 4581 1847 4636 ΙΙξιιο
1880 4584 1998 4638 Cel-

429 4670 542 4720 sus,
571 4659 770 4725 quibus
810 4677 909 4729 ego
940 4679 1004 4716 ex
1041 4666 1268 4734 epistola
1299 4670 1364 4721 ad
1393 4669 1674 4725 Ilertneam
1726 4674 1995 4741 Erastnm,

533 4818 576 4848 η
603 4817 723 4871 Act.
747 4834 865 4884 vm,
893 4821 980 4874 10.
1061 4825 1103 4855 ¹³
1126 4827 1247 4878 Act.
1278 4841 1328 4891 ν,
1353 4828 1418 4880 57
1445 4839 1497 4883 et
1521 4832 1611 4884 56.

493 4957 644 5038 (28L
672 4960 994 5038 Πρὸς-,τὴν
1051 4965 1560 5038 εὶδῳλολατρείαν.
1618 4971 1782 5037 lren.,
1819 4973 1909 5028 lib.
1938 4993 1991 5038 ι,

425 5044 545 5103 cap.
578 5029 667 5093 ‘23,
703 5029 770 5103 de
809 5029 1068 5103 Simone:
1093 5052 1110 5082 ι
1145 5029 1451 5103 Ρτονιιειιις
1498 5052 1675 5093 autem
1728 5029 1780 5094 a'
1809 5029 1990 5098 mundi

425 5097 847 5153 fabricatoribus
871 5101 1076 5178 angelis
1101 5097 1393 5172 inspiratos
1421 5110 1622 5163 dixisse
1648 5114 1988 5178 prophetias:

423 5179 754 5249 quapropter
783 5185 879 5223 nec
911 5171 1133 5249 ulterius
1155 5171 1410 5249 curarent
1433 5195 1524 5232 cos
1564 5171 1759 5249 lii,'qni'
1783 5185 1833 5236 in
1866 5199 1989 5237 etim

423 5252 472 5294 et
515 5242 565 5294 in
609 5239 864 5311 Helenam
915 5241 1032 5308 ejus
1085 5259 1233 5311 spent
1291 5246 1567 5310 habeant,
1603 5239 1657 5302 et
1680 5239 1752 5304 ἰιι
1789 5254 1988 5308 liberos

425 5327 586 5376 agere
623 5326 746 5380 qua:
789 5309 992 5389 velint:
1037 5309 1329 5389 secundum
1364 5317 1506 5369 enim
1545 5309 1713 5387 ipsius
1761 5325 1986 5389 gratiam

423 5381 622 5434 salvari
662 5381 936 5446 homines,
967 5385 1058 5436 sed
1099 5401 1202 5460 non
1231 5389 1526 5460 secundum
1553 5381 1985 5460 operas'j'ustas:

427 5464 524 5503 nec
557 5453 700 5530 enim
749 5453 1611 5537 essenuatnraliler_operatiqnes
1640 5453 1988 5537 j‘ustas..sed

424 5535 492 5596 es
519 5519 847 5596 accidenti.)
881 5521 1139 5596 Enmdem
1168 5527 1286 5596 vide
1305 5519 1426 5596 cap.
1455 5519 1985 5591 2.4,de'Saturnino;

429 5588 524 5666 ιιι).
565 5591 876 5666 μμςειρκιη
897 5587 963 5643 de
986 5587 1403 5666 valentinianis';
1455 5587 1547 5652 lib.
1574 5614 1586 5650 I
1611 5639 1624 5662 ,
1658 5598 1894 5666 cap.26,
1927 5587 1994 5650 de

430 5651 733 5712 Nicutaius:
781 5651 913 5714 Vide
968 5663 1130 5716 etiam
1165 5651 1482 5723 Tertulliani
1512 5651 1892 5740 ’Scbr’pih‘coa,’
1938 5677 1994 5723 et.

2107 4583 2234 4646 ἴσως
2259 4585 2569 4656 ἀνθρωπίνη
2606 4590 2789 4656 σοφία·
2821 4589 2897 4658 τῷ
2925 4589 3038 4643 ὄντι
3067 4592 3174 4663 γὰρ
3221 4594 3512 4649 κινδυνεύω
3555 4596 3681 4649 ταύ-

2106 4693 2203 4745 την
2240 4672 2378 4729 εἶναι
2420 4679 2600 4746 σοφός.
2641 4699 2659 4732 ›
2696 4682 2761 4733 Ἃ
2805 4683 2902 4751 μὲν
2947 4680 3038 4736 οὖν
3095 4685 3366 4741 ἐκτίθεται
3409 4689 3437 4740 ὀ
3484 4689 3680 4752 Κέλσος

1691 4832 1733 4862 ¹⁵
1756 4832 1771 4884 l
1796 4833 1920 4887 Cor.
1951 4852 2034 4901 ιιι,
2065 4841 2146 4896 19.

2101 4980 2308 5033 clm-iss.
2348 4981 2841 5062 llatnmomium_in
2877 4985 3163 5062 dissertat.
3185 4990 3235 5052 i,
3275 5005 3325 5044 c.
3359 4991 3416 5054 5,
3452 4990 3530 5044 De
3553 4995 3675 5062 jure

2100 5052 2428 5116 episcopatus
2469 5053 2712 5104 adversus
2745 5053 3098 5109 Diom/ellum.
3136 5059 3396 5114 SPENCER.

2173 5119 2284 5198 (‘29)
2336 5120 2724 5198 Μαθημάτων.
2777 5121 2865 5175 Sic
2892 5125 3054 5198 codd.
3117 5128 3271 5198 [ir-3..
3315 5129 3671 5197 Basileensis,

2097 5187 2422 5254 AngliCanus
2474 5187 2743 5246 secundus
2795 5203 2849 5246 ct
2892 5187 3399 5254 Vaticaiiustibh.
3439 5202 3570 5255 editi
3619 5187 3670 5255 iu

2101 5267 2270 5332 testu,
2305 5259 2583 5332 naO'q'cGiv.

2167 5328 2278 5410 (ευ)
2308 5326 2490 5410 Codd.
2542 5326 2675 5410 Reg.
2701 5401 2712 5410 .
2738 5341 2794 5386 et
2832 5332 3195 5401 Basileensis,
3238 5339 3667 5410 μεταϐαενωμεν.

2098 5396 2268 5450 Lihb.
2294 5401 2447 5462 editi,
2481 5401 2898 5473 μεταέαίνομεν.

2167 5468 2277 5588 (gl)
2318 5468 2960 5539 ΠροσάγεσθαιᾘΕΟιΜ.
3009 5474 3138 5544 Reg.
3186 5485 3240 5530 et
3285 5475 3485 5540 Basi|.,
3531 5475 3666 5530 ἑπά-

2167 5554 2197 5588 σ
2234 5555 2309 5588 αι.

2135 5553 2309 5591 εσυαι.

2095 5551 2309 5603 γεσυαι.

2173 5607 2281 5677 (52)
2313 5609 2458 5678 Ἐγὼ
2477 5609 2602 5679 γάρ.
2635 5610 2784 5668 Plato
2811 5613 2860 5668 in
2885 5612 3139 5682 Apologia
3163 5613 3417 5680 Socratis,
3441 5610 3664 5685 [νίψω.
