3990 6158
332 311 473 369 1509

1547 300 1824 359 CONTRA
1859 297 2134 357 CELSUM
2165 298 2294 355 LI-B.
2334 297 2419 353 Vl.

3453 292 3596 354 1513

326 433 505 490 ταῦτά
543 433 722 486 ἐστιν’
769 427 881 499 ἐγὼ
907 429 963 482 δὲ
1010 427 1119 482 ἀπὸ
1164 427 1263 499 τῆς
1314 425 1452 497 πρὸς
1493 424 1778 496 Ἑρμείαν,
1835 440 1898 477 κα

2030 430 2084 475 et
2115 422 2394 475 Coriscum
2421 419 2534 473 haec
2558 415 2788 485 adjicio:
2813 433 2830 466 ι
2855 413 3046 468 Erasto
3069 423 3248 468 autem
3277 422 3332 469 et
3345 412 3592 484 Corisco,

331 525 623 594 Ἔραστον,
685 522 776 575 καὶ
834 520 1104 591 Κορίσκον
1155 517 1440 579 Πλάτωνος
1490 513 1776 584 ἐπιπολῆς
1824 513 1918 566 καὶ

330 615 504 667 ταῦτα
554 612 969 683 παραθήσομαι’
1031 629 1050 662 ί
1110 609 1352 680 Ἐράστῳ
1399 606 1456 658 δὲ
1508 607 1602 658 καὶ
1657 605 1917 697 Κορίσκῳ

334 709 472 779 πρὸς
503 709 569 778 τῇ
607 705 716 760 τῶν
761 705 917 758 εἰδῶν
952 702 1062 774 (55)
1096 701 1255 772 σοφίᾳ
1294 701 1360 770 τῇ
1399 697 1535 767 καλῇ
1575 695 1742 768 ταύτῃ
1774 695 1916 765 φημὶ

327 797 460 867 ἐγὼ,
487 797 688 866 καίπερ
722 796 897 866 γέρων
932 793 1028 855 ὢν,
1082 791 1334 862 προσδεῖν
1390 788 1580 855 σοφίας
1635 788 1732 857 τῆς
1789 785 1916 856 περὶ

322 890 453 950 τοὺς
509 887 776 957 πονηροὺς
827 885 918 936 καὶ
966 882 1184 943 ἀδίκους
1251 878 1585 949 φυλακτικῆς
1633 873 1725 928 καί
1773 890 1916 936 τινος

321 980 625 1050 ἀμυντικῆς
682 977 980 1047 δυνάμεως.
1037 976 1287 1043 Ἀπειροι
1343 971 1452 1041 γάρ
1509 971 1651 1033 είσι,
1707 966 1795 1020 διὰ
1854 965 1914 1017 τὸ

327 1071 448 1141 μεθ’
479 1073 511 1140 ἡ
522 1069 636 1140 μῶν
667 1068 777 1139 (54)
813 1068 1046 1139 μετρίων
1083 1065 1250 1118 ὅντων
1282 1064 1375 1116 καὶ
1408 1063 1470 1114 οὐ
1512 1060 1697 1114 κακῶν
1724 1059 1912 1129 συχνὸν

321 1161 722 1232 διατετριφέναι
751 1158 845 1211 τοῦ
871 1157 1008 1227 βίου.
1036 1156 1126 1208 Διὸ
1143 1155 1206 1226 δὴ
1236 1153 1439 1206 τούτων
1470 1151 1719 1224 προσδεῖν
1739 1145 1910 1212 εἷπον,

321 1253 410 1305 ἴνα
447 1252 520 1323 μὴ
560 1250 976 1318 ἀναγκάζωνται
1007 1249 1105 1318 τῆς
1151 1245 1410 1316 ἀληθινῆς
1446 1245 1542 1314 μὲν
1573 1242 1794 1314 ἀμελεῖν
1828 1258 1914 1293 σο-

322 1343 470 1413 φίας,
501 1343 601 1412 τῆς
627 1343 671 1395 δ’
697 1341 1041 1410 ἀνθρωπίνης
1063 1358 1121 1392 τε
1159 1341 1253 1392 καὶ
1290 1338 1592 1406 ἀναγκαίας
1635 1335 1910 1405 ἐπιμελεῖ-

319 1433 447 1486 σθαι
479 1432 739 1502 μειζόνως
765 1434 797 1502 ἢ
828 1431 908 1483 δεῖ
941 1430 1074 1499 (55).
1112 1451 1130 1482 ›

410 1525 618 1578 Οὐκοῦν
658 1522 800 1576 κατά
830 1521 1001 1576 ταῦτα
1032 1523 1065 1592 ἡ
1097 1520 1194 1589 μέν
1232 1537 1314 1582 τις
1346 1519 1462 1573 θεία
1493 1521 1651 1588 σοφία
1691 1520 1906 1589 ἐστὶν,ή

318 1615 378 1668 δὲ
397 1615 896 1686 ἀνθρωπίνηλζαὶὴ
919 1613 1016 1684 μὲν
1043 1611 1361 1682 ἀνθρωπίνη
1385 1614 1530 1666 ἐστὶν
1560 1615 1592 1683 ἡ
1623 1612 1741 1665 καθ’
1763 1614 1910 1682 ἡμᾶς

319 1706 589 1778 λεγομένη
611 1707 770 1775 σοφία
797 1707 890 1759 τοῦ
914 1707 1140 1776 κόσμου,
1163 1705 1283 1774 ἥτις
1309 1707 1426 1757 ἐστὶ
1451 1704 1629 1775 μωρία
1654 1703 1802 1774 παρά
1829 1703 1905 1775 τῷ

2029 522 2227 581 praeter
2280 507 2600 577 sapientiam
2635 505 2784 558 illam
2828 505 2894 557 de
2925 501 3116 556 formis
3151 502 3591 572 pulcherrimam,

2025 604 2111 657 aio
2145 600 2420 670 equidem,
2456 597 2584 652 licet
2627 609 2820 659 senex,
2857 592 2978 649 illos
3024 594 3130 648 alia
3174 590 3436 664 sapientia
3485 610 3590 665 qua

2026 689 2300 759 improbos
2322 698 2377 745 et
2407 687 2642 754 injustos
2677 695 2925 750 caveant,
2954 686 3232 742 etviribus
3255 688 3319 742 ad
3351 701 3411 742 se
3438 696 3588 742 tuen-

2023 781 2122 834 dos
2141 780 2402 849 indigere.
2429 775 2698 842 lnexperti
2724 777 2866 830 enim
2885 785 3029 842 sunt,
3055 783 3238 844 utpote
3257 775 3348 844 qui
3374 776 3588 846 longum

2025 872 2146 925 vitae
2178 880 2388 941 tempus
2420 872 2703 926 nobiscum
2736 880 3135 940 transegerunt,
3190 872 3281 939 qui
3325 868 3588 924 moderati

2021 973 2076 1016 et
2109 963 2329 1016 minime
2360 962 2487 1016 Inali
2516 977 2722 1018 smnus.
2762 962 2935 1028 Quam
2976 963 3045 1016 ob
3077 976 3298 1016 causam
3330 962 3440 1014 dixi
3473 961 3589 1016 illos

2022 1054 2107 1109 his
2157 1055 2320 1110 rebus
2368 1069 2504 1124 opus
2539 1052 2759 1117 habere,
2785 1064 2843 1108 ut
2886 1070 2951 1109 ne
2974 1065 3238 1124 cogantur
3265 1066 3450 1106 veram
3495 1065 3587 1106 sa-

2021 1145 2282 1214 pientiam
2323 1146 2629 1216 negligere,
2682 1155 2737 1200 et
2787 1147 2841 1200 in
2880 1147 3202 1210 humanam,
3235 1158 3397 1212 quam
3447 1141 3588 1198 scire

2021 1249 2258 1308 oportet,
2293 1239 2607 1295 incumbere
2633 1240 2805 1310 magis
2836 1254 2997 1308 quam
3027 1252 3126 1307 par
3152 1247 3252 1291 est.
3288 1255 3307 1288 ι

2089 1547 2177 1600 15.
2210 1547 2284 1600 Ex
2321 1547 2408 1602 his
2442 1547 2608 1616 igitur
2637 1557 2719 1602 est
2749 1547 2927 1601 divina
2966 1546 3250 1616 sapientia,
3276 1555 3358 1601 est
3396 1555 3448 1602 et
3481 1548 3585 1602 hu-

2017 1650 2194 1689 mana.
2221 1635 2468 1688 llumana
2489 1647 2745 1704 estquam
2761 1637 3080 1703 sapientiam
3104 1637 3284 1690 mundi
3302 1652 3582 1701 vocamus,

2015 1737 2068 1780 et
2096 1742 2214 1795 quae
2255 1727 2485 1782 stultitia
2513 1738 2595 1782 est
2632 1730 2774 1796 apud
2822 1730 3017 1792 Deum;
3060 1728 3240 1782 divina
3272 1744 3422 1794 vero,
3464 1745 3585 1798 qua}

323 1799 466 1869 Θεῷ·
493 1799 596 1869 ἠδὲ
616 1797 756 1864 θεία,
776 1797 1043 1869 καὶὲτέρα
1064 1797 1214 1867 παρά
1241 1797 1336 1867 τὴν
1359 1796 1726 1867 ἀνθρωπίνην,
1749 1797 1898 1867 είπερ

2011 1793 2126 1870 alia
2153 1827 2236 1872 est
2259 1820 2325 1872 ab
2356 1821 2617 1879 humana.
2651 1819 2822 1889 gratia
2866 1820 2958 1872 Dei
3014 1819 3159 1872 illam
3198 1819 3582 1889 impartientis,

321 1890 438 1942 ἐστὶ
455 1889 592 1953 θεία,
614 1891 793 1960 χάριτι
817 1889 949 1941 Θεοῦ
967 1887 1310 1959 δωρουμένου
1337 1887 1446 1956 (56)
1472 1889 1639 1958 αὐτὴν
1651 1893 1761 1950 τοῖς
1777 1887 1902 1939 ἑαυ-

317 1982 445 2043 τοὺς
459 1980 792 2050 ἐπιτηδείους
807 1981 941 2051 πρὸς
955 1979 1264 2049 παραδοχὴν
1278 1980 1444 2049 αὐτῆς
1461 1979 1900 2032 κατασκευάσασι

317 2071 706 2140 παραγίνεται·
735 2071 827 2124 καὶ
861 2070 1095 2140 μάλιστα
1121 2073 1232 2132 τοῖς
1257 2070 1321 2121 ὲκ
1351 2070 1444 2122 τοῦ
1475 2069 1772 2137 ἐγνωκέναι
1802 2069 1901 2141 τὴν

313 2159 575 2232 διαφορὰν
595 2161 857 2231 ἑκατέρας
903 2161 1092 2228 σοφίας
1126 2160 1261 2231 πρὸς
1307 2162 1405 2232 τὴν
1451 2161 1642 2232 ἑτέραν
1684 2163 1740 2214 ἐν
1782 2165 1901 2224 ταῖς

316 2252 452 2322 πρὸς
484 2252 614 2305 Θεὸν
649 2253 832 2322 εὐχαῖς
865 2252 1110 2320 λέγουσι·
1154 2271 1172 2301 ‹
1215 2251 1332 2304 Κᾶν
1362 2253 1470 2322 γάρ
1499 2270 1581 2315 τις
1613 2253 1812 2316 τέλειος
1845 2255 1900 2305 ἐν

313 2345 450 2406 υἱοῖς
501 2342 820 2414 ἀνθρώπων,
855 2344 953 2414 τῆς
983 2343 1090 2396 ἀπὸ
1145 2342 1238 2394 σοῦ
1290 2343 1481 2412 σοφίας
1514 2345 1776 2412 ἀπούσης,
1820 2345 1900 2407 είς

312 2435 466 2488 οὐδὲν
500 2435 898 2506 λογισθήσεται.
937 2455 954 2486 ι
989 2434 1100 2486 Καὶ
1141 2434 1439 2503 γυμνάσιον
1487 2434 1584 2503 μέν
1619 2451 1798 2503 φαμεν
1828 2430 1902 2485 εἷ-

311 2544 402 2581 ναι
435 2526 534 2595 τῆς
563 2526 740 2595 ψυχῆς
771 2526 868 2598 τὴν
901 2525 1246 2595 ἀνθρωπίνην
1283 2525 1493 2593 σοφίαν,
1524 2525 1672 2587 τέλος
1705 2525 1761 2576 δὲ
1802 2526 1899 2595 τὴν

314 2616 494 2668 θείαν·
527 2618 647 2686 ἥτις
677 2617 774 2669 καὶ
797 2616 990 2688 στερεὰ
1022 2616 1235 2684 λέγεται
1258 2616 1354 2685 τῆς
1388 2615 1562 2686 ψυχῆς
1599 2612 1735 2668 εῖναι
1776 2632 1899 2686 τρο-

313 2707 410 2774 φὴ,
447 2705 598 2778 παρὰ
627 2705 704 2776 τῷ
738 2709 995 2778 φήσαντιο
1039 2726 1056 2758 ‹
1097 2707 1328 2759 Τελείων
1362 2707 1418 2760 δέ
1457 2709 1602 2759 ἐστιν
1636 2710 1668 2778 ἡ
1707 2707 1900 2778 στερεὰ

311 2797 504 2868 τροφὴ,
543 2797 650 2850 τῶν
693 2797 781 2852 διὰ
829 2799 927 2868 τὴν
968 2797 1080 2861 ἕξιν
1129 2797 1197 2851 τά
1249 2797 1575 2869 αίσθητήρια
1626 2815 1899 2868 γεγυμνα-

312 2889 484 2958 σμένα
516 2890 744 2959 ἐχόντων
776 2891 913 2960 πρὸς
948 2889 1218 2961 διάκρισιν
1247 2889 1410 2942 καλοῦ
1439 2908 1497 2942 τε
1528 2891 1622 2942 καὶ
1653 2890 1840 2943 κακοῦ.
1873 2911 1891 2942 ι

309 2982 422 3034 Καὶ
467 2980 668 3051 ἀρχαία
719 2981 814 3050 μὲν
858 2980 1070 3051 ἀληθῶς
1115 2983 1259 3034 ἐστιν
1301 2981 1450 3052 ἥδεή
1490 2981 1634 3046 δόξα,
1676 2983 1792 3052 οὐχ,
1822 2984 1897 3048 ὡς

308 3071 480 3124 οἴεται
505 3070 560 3122 δὲ
593 3070 621 3121 ὁ
652 3070 876 3135 Κέλσος,
913 3071 1008 3140 τῆς
1042 3072 1169 3142 περὶ
1202 3071 1379 3124 αὐτῶν
1413 3071 1775 3143 ἀρχαιότητος
1816 3075 1896 3136 είς

323 3161 672 3232 Ἠράκλειτον
705 3165 799 3215 καὶ
833 3162 1094 3214 Πλάτωνα
1145 3163 1572 3234 ἀναφερομένης.
1616 3165 1897 3237 Ἀνωτέρω

310 3253 419 3324 γὰρ
448 3252 648 3306 τούτων
674 3255 720 3305 οἱ
753 3255 1022 3324 προφῆται
1057 3254 1354 3308 διέστειλαν
1388 3255 1447 3306 τὸ
1479 3257 1606 3325 περὶ
1633 3257 1898 3328 ἑκατέρας

311 3343 537 3412 σοφίαςο
574 3345 733 3415 ἀρκεῖ
774 3345 817 3397 δ’
869 3346 961 3398 ἐπὶ
1009 3344 1099 3398 τοῦ
1146 3346 1410 3416 παρόντος
1441 3349 1612 3400 εἰπεῖν
1654 3349 1760 3401 ἀπὸ
1789 3349 1896 3402 τῶν

310 3434 482 3502 λόγων
515 3434 605 3486 τοῦ
650 3434 810 3487 Δαυῒδ
843 3435 902 3488 τὸ
947 3437 1074 3507 περὶ
1111 3435 1205 3488 τοῦ
1241 3435 1380 3489 κατὰ
1409 3436 1558 3489 θείαν
1582 3440 1772 3505 σοφίαν
1811 3457 1900 3492 σο-

307 3524 410 3593 φοῦ
439 3523 742 3594 λεγόμενον,
777 3526 858 3579 ὅτι
909 3524 1020 3596 (57)
1048 3545 1066 3576 I
1095 3526 1194 3578 οὐκ
1225 3525 1414 3594 ὄψεται
1469 3527 1836 3598 καταφθορὰν,
1874 3548 1892 3580 ι

308 3615 493 3685 φησιν,
524 3634 542 3666 ι
581 3615 706 3668 ὅταν
744 3615 828 3689 ἴδῃ
873 3618 1068 3686 σοφοὺς
1121 3618 1580 3689 ἀποθνήσκοντας.
1626 3639 1644 3671 ι
1683 3620 1747 3673 Ἡ
1779 3619 1900 3675 θεία

305 3706 486 3759 τοίνυν
513 3707 690 3776 σοφία,
719 3707 881 3778 ἑτέρα
924 3705 1057 3762 οὖσα
1098 3710 1196 3781 τῆς
1233 3709 1490 3775 πίστεως,
1528 3711 1743 3782 πρῶτόν
1781 3714 1898 3766 ἐστι

307 3795 414 3849 τῶν
467 3797 815 3869 καλουμένων
867 3801 1220 3872 χαρισμάτων
1267 3801 1359 3854 τοῦ
1409 3801 1543 3854 Θεοῦ
1569 3819 1582 3832 ⁸
1635 3805 1726 3857 καὶ
1776 3811 1895 3874 μετ’

307 3889 521 3960 ἐκείνην
544 3890 812 3963 δεύτερον,
847 3896 956 3954 τοῖς
999 3893 1256 3963 ἀκριϐοῦν
1302 3894 1369 3947 τὰ
1403 3895 1628 3948 τοιαῦτα
1671 3899 1896 3949 ἐπιστα-

309 3981 513 4052 μένοις,
548 3984 580 4052 ὴ
621 3983 930 4054 καλουμένη
975 3983 1221 4054 γνῶσις·
1260 3987 1356 4039 καὶ
1389 3989 1588 4058 τρίτον,
1633 3989 1755 4042 ἐπεὶ
1789 3987 1896 4042 σῴ-

306 4072 494 4136 ζεσθαι
523 4074 628 4143 χρὴ
656 4075 750 4126 καὶ
781 4075 903 4138 τοὺς
943 4060 1361 4145 ἁπλουστέρους,
1394 4077 1713 4146 προσιόντας
1755 4077 1896 4133 κατὰ

305 4161 532 4231 δύναμιν
565 4166 635 4234 τῇ
666 4161 960 4233 θεοσεϐείᾳ,
994 4165 1033 4230 ἡ
1077 4164 1299 4227 πίστις.
1352 4164 1442 4215 Διὸ
1480 4163 1695 4231 λέγεται
1747 4165 1897 4235 παρά

305 4253 385 4324 τῷ
410 4252 637 4322 Παύλῳ’
677 4273 695 4305 I
737 4248 806 4325 ᾮ
845 4253 942 4324 μὲν
976 4255 1082 4324 γὰρ
1121 4254 1210 4308 διὰ
1241 4254 1334 4308 τοῦ
1371 4255 1676 4325 πνεύματος
1701 4255 1896 4308 δίδοται

306 4344 464 4414 λόγος
493 4345 703 4413 σοφίας,
732 4345 877 4415 ἄλλῳ
917 4346 972 4398 δὲ
1015 4345 1171 4414 λόγος
1205 4345 1458 4414 γνώσεως
1497 4347 1636 4401 κατά
1675 4348 1734 4399 τὸ
1767 4347 1897 4401 αὐτὸ

308 4435 543 4506 πνεῦμα,
598 4435 770 4507 ἑτέρῳ
813 4435 871 4488 δὲ
913 4437 1093 4499 πίστις
1130 4438 1187 4489 ἐν
1234 4437 1313 4508 τῷ
1354 4438 1502 4509 αὑτῷ
1537 4438 1824 4509 πνεύματι.
1870 4457 1889 4490 ›

307 4527 504 4598 Διόπερ
531 4528 588 4580 οὐ
624 4528 749 4590 τοὺς
782 4529 1042 4598 τυχόντας
1069 4528 1248 4603 εὕροις
1282 4529 1347 4582 ἂν
1384 4530 1774 4601 μετειληφότας
1793 4532 1892 4602 τῆς

307 4618 454 4682 θείας
486 4619 694 4688 σοφίας,
718 4620 851 4673 ἀλλὰ
875 4622 998 4684 τοὺς
1029 4621 1393 4694 ὑπερέχοντας
1424 4625 1518 4676 καὶ
1542 4623 1890 4695 διαφέροντας

308 4709 523 4763 πάντων
553 4710 658 4763 τῶν
688 4712 1096 4782 Χριστιανισμῴ
1130 4716 1529 4785 προσεχόντων·
1572 4717 1689 4769 οὐδὲ
1726 4737 1743 4769 ι
1777 4721 1891 4782 τοῖς

309 4800 797 4867 ἀπαιδευτοτάτοις,
833 4803 865 4872 ἢ
909 4805 1282 4874 ἀνδραπόδοις,
1319 4807 1352 4878 ἢ
1402 4809 1818 4879 ἀμαθεστάτοις,
1865 4829 1883 4862 ι

308 4891 524 4956 διέξεισι
546 4910 628 4956 τις
651 4895 719 4946 τὰ
748 4895 996 4966 περὶτῆς
1025 4897 1173 4961 θείας
1201 4899 1408 4967 σοφίας.

379 4985 634 5054 Καίτοιγε
672 4987 861 5051 ἀλλους
916 4991 1012 5058 μὲν
1053 4995 1215 5061 φησὶν
1255 4994 1743 5063 ἀπαιδευτοτάτους
1798 4996 1875 5053 εί-

257 5121 267 5129 ,
308 5092 426 5141 ναι,
469 5075 562 5126 καὶ
599 5076 936 5148 ἀνδράποδα,
974 5082 1066 5133 καὶ
1121 5082 1526 5153 ἀμαθεστάτους
1562 5089 1591 5139 ὁ
1631 5090 1876 5156 Κέλσος,

307 5162 432 5222 τοὺς
474 5161 548 5231 μὴ
574 5163 964 5232 ἐπισταμένους
993 5168 1179 5233 αὑτοῦ,
1211 5167 1361 5240 οἶμαι
1381 5212 1394 5236 ,
1421 5173 1491 5226 τά
1520 5179 1876 5247 προστάγμα-

307 5270 376 5308 τα
409 5254 540 5324 (58),
574 5254 709 5325 μηδὲ
732 5256 1112 5322 παιδευθέντας
1149 5260 1217 5313 τὰ
1248 5263 1355 5316 τῶν
1395 5264 1657 5336 Ἑλλήνων
1695 5270 1872 5339 μαθή-

420 5385 465 5419 ²⁸
491 5385 619 5457 Sap.
649 5403 728 5452 ix,
753 5389 805 5443 6.
918 5392 962 5422 ¹⁶
986 5392 1146 5448 Hebr.
1172 5410 1225 5460 ν,
1256 5395 1340 5450 14.

381 5502 971 5586 (§§)‘Hm_scheliushi_n
1004 5511 1481 5586 rextu,_ei6di_)twv,
1538 5515 1725 5586 sicque
1777 5521 1881 5576 duo

311 5573 799 5649 cod_d_._A_nglicani.
845 5575 977 5649 Vide
1009 5573 1247 5649 Platonis
1275 5583 1435 5649 epist.
1461 5573 1512 5637 ϐ.

517 5641 719 5729 (lu—mes
739 5661 894 5729 mss"
919 5648 1093 5729 ῂμῶν.
1122 5641 1424 5720 Spencerus
1440 5653 1489 5708 in
1516 5661 1685 5724 textu,
1705 5658 1873 5729 ὑμῶν.

386 5648 494 5710 (54)
517 5648 719 5698 Omnes
739 5661 894 5712 mss.,
959 5648 1039 5718 μιῖι

386 5711 498 5784 (55)
529 5705 888 5785 Παιεοιιθίὶυε,
919 5648 1039 5790 gari.

1467 5397 1508 5429 ”
1533 5399 1675 5454 Psal.
1704 5417 1890 5472 XLVIII,
1916 5405 2002 5462 l0.

1983 5734 2080 5788 dcx
2127 5734 2504 5800 Basileensis,‘
2536 5736 2689 5805 cujus

2010 1909 2054 1962 si
2091 1909 2309 1975 quidem
2357 1909 2533 1962 divina
2563 1911 2655 1974 sit,
2680 1911 2832 1963 adest
2865 1910 2931 1963 iis
2971 1911 3062 1978 qui
3089 1926 3148 1965 se
3179 1912 3244 1965 ad
3285 1911 3430 1965 illam
3466 1914 3582 1967 ido-

2010 2013 2143 2052 neos
2172 1998 2440 2066 praebent;
2475 2010 2529 2052 et
2561 2001 2626 2056 iis
2680 2001 2912 2054 maxime
2948 2002 3038 2070 qui
3072 2002 3296 2056 alterius
3313 2006 3380 2056 ab
3413 2003 3581 2059 altera

2009 2089 2276 2158 sapientia
2312 2089 2601 2144 discrimen
2627 2093 2828 2158 edocti,
2850 2094 2966 2147 suis
2997 2095 3048 2146 in
3083 2093 3335 2162 precibus
3364 2095 3578 2150 dicunt:

2015 2198 2032 2231 ι
2061 2179 2193 2233 Nam
2216 2189 2270 2234 et
2301 2181 2346 2234 si
2384 2183 2506 2250 quis
2545 2183 2648 2235 erit
2680 2193 3090 2238 consummatus
3128 2184 3268 2238 inter
3319 2185 3460 2240 ﬁlios
3486 2187 3582 2242 ho-

2008 2276 2236 2340 minum,
2269 2277 2312 2330 si
2345 2279 2411 2330 ab
2448 2275 2536 2329 illo
2569 2276 2801 2330 abfuerit
2855 2277 3121 2346 sapientia
3149 2294 3270 2348 qua:
3316 2296 3346 2335 a
3382 2291 3432 2335 te
3473 2291 3576 2345 est,

2009 2366 2062 2419 in
2093 2365 2320 2419 nihilum
2353 2367 2842 2435 computabitur“.
2874 2387 2894 2419 ι
2921 2369 2998 2423 Ac
3031 2370 3324 2424 humanam
3359 2371 3578 2439 quidem

2006 2457 2329 2525 sapientiam
2381 2459 2612 2512 dicimus
2668 2459 2862 2513 animae
2914 2475 3034 2515 esse
3095 2462 3576 2530 exercitationem,

2007 2547 2243 2600 divinam
2271 2562 2399 2600 vero
2421 2548 2603 2605 linem.
2627 2547 2750 2602 Hmc
2770 2550 2931 2602 etiam
2958 2550 3162 2606 solidus
3185 2553 3380 2608 anima:
3400 2555 3568 2609 cibus.

2007 2634 2311 2702 appellatur
2337 2635 2405 2688 ab
2443 2635 2533 2689 illo
2578 2637 2668 2705 qui
2699 2636 2902 2690 dixitzc
2941 2637 3310 2695 Perfectorum
3373 2651 3456 2696 est
3488 2657 3581 2698 so-

2006 2726 2145 2779 lidus
2165 2727 2341 2792 cibus,
2370 2742 2579 2792 eorum,
2607 2729 2696 2796 qui
2717 2744 2812 2796 pro
2826 2732 3218 2785 consuetudine
3241 2734 3576 2790 exercitatos

2004 2817 2206 2872 habent
2249 2833 2443 2872 sensus
2487 2818 2553 2871 ad
2586 2819 2972 2873 discretionem
3005 2821 3130 2876 boni
3185 2838 3251 2878 ac
3294 2825 3421 2879 mali
3453 2826 3516 2881 ¹⁶.
3550 2845 3572 2879 ο

2003 2907 2179 2975 Atque
2213 2908 2327 2961 haec
2352 2908 2623 2961 sententia
2657 2922 2783 2961 vere
2824 2917 3045 2977 antiqua
3077 2919 3184 2976 est,
3217 2927 3336 2980 nec,
3365 2924 3423 2967 ut
3451 2915 3574 2968 Cel-

2004 3010 2098 3050 sus
2131 2997 2428 3063 existimat,
2472 2999 2538 3052 ad
2583 2998 2864 3052 Platonem
2917 3000 3001 3054 vel
3056 3001 3386 3058 Heraclitum
3431 3006 3575 3061 refe-

2006 3089 2192 3143 renda.
2241 3089 2380 3143 Ante
2430 3089 2547 3143 illos
2574 3091 2717 3144 enim
2770 3092 3046 3162 prophetae
3089 3104 3378 3165 utramque
3425 3098 3574 3152 illam

2001 3181 2328 3249 sapientiam
2381 3182 2918 3240 discriminaverant.
2973 3185 3029 3239 In
3100 3190 3392 3257 praesentia
3439 3192 3574 3247 satis

1998 3273 2161 3327 fuerit
2213 3272 2423 3328 referre
2457 3274 2506 3327 id
2559 3276 2702 3343 quod
2734 3277 2866 3331 dicit
2906 3277 3076 3332 David
3110 3279 3178 3333 de
3209 3279 3450 3349 sapiente
3483 3283 3575 3351 qui

1999 3365 2180 3418 divina
2215 3365 2486 3434 sapientia
2519 3367 2777 3434 praeditus
2801 3376 2918 3424 est:
2953 3386 2971 3418 ι
3013 3368 3130 3424 Νοη
3184 3372 3385 3426 videbit
3431 3371 3574 3428 inte-

1999 3458 2162 3509 ritum
2209 3471 2332 3511 cum
2376 3455 2572 3510 viderit
2598 3459 2870 3527 sapientes
2925 3461 3218 3516 morientes
3247 3461 3311 3517 ".
3350 3483 3371 3516 ι
3408 3462 3575 3532 Igitur

1998 3546 2180 3600 divina
2213 3547 2506 3616 sapientia,
2534 3564 2657 3603 cum
2713 3564 2743 3602 a
2776 3549 2881 3603 ﬁde
2933 3551 3149 3605 diversa
3194 3553 3290 3618 sit,
3329 3555 3574 3621 "primum

1998 3649 2081 3693 est
2102 3638 2366 3692 donorum
2404 3636 2521 3703 Dei,
2555 3648 2614 3693 ut
2649 3640 2942 3709 loquimur.
2973 3642 3219 3696 Alterum
3246 3645 3316 3699 ab
3375 3645 3491 3711 illo,
3516 3655 3577 3704 ut

1997 3729 2180 3784 sciunt
2229 3728 2420 3783 harum
2455 3744 2632 3785 rerum
2674 3734 2856 3803 periti,
2893 3744 3121 3789 vocatur
3163 3736 3420 3805 aciemin;
3467 3747 3575 3793 ter-

2000 3821 2130 3875 tium
2187 3820 2360 3876 locum
2411 3831 2642 3893 occupat
2697 3824 2866 3892 ﬁdes;
2913 3825 3344 3896 quandoquidem
3391 3829 3574 3886 salvos

2001 3913 2116 3967 ﬁeri
2167 3924 2381 3983 Oportet
2414 3923 2468 3970 et
2520 3917 2910 3985 simpliciores,
2957 3917 3049 3986 qui
3081 3919 3148 3972 ad
3182 3919 3435 3988 pietatem
3471 3937 3572 3992 pro

1997 4006 2209 4060 viribus
2255 4008 2544 4063 accedunt.
2591 4007 2858 4074 Quocirca
2889 4007 3094 4063 Paulus
3119 4010 3229 4064 ait:
3260 4029 3278 4062 ι
3312 4012 3416 4066 Alii
3452 4013 3574 4081 qui-

1997 4097 2117 4150 dem
2143 4114 2239 4165 per
2263 4097 2529 4168 Spiritum
2549 4101 2707 4154 datur
2737 4115 2922 4154 sermo
2937 4103 3238 4170 sapientius,
3269 4104 3358 4157 alii
3389 4113 3570 4158 autem

1997 4201 2177 4241 sermo
2211 4188 2454 4242 scientiae
2487 4191 2786 4243 secundum
2811 4189 2975 4260 640
2999 4192 3250 4246 eumdem
3271 4192 3566 4261 Spiritum;

1998 4277 2155 4330 alteri
2206 4278 2339 4333 lides
2383 4279 2436 4331 in
2469 4281 2657 4334 eodem
2694 4280 2897 4347 Spiritu
2924 4283 2992 4334 ¹⁸.
3024 4300 3043 4331 ›
3080 4283 3249 4350 Atque
3295 4283 3421 4336 hinc
3461 4292 3566 4349 est,

1999 4369 2138 4436 quod
2169 4384 2276 4423 non
2311 4372 2530 4425 obvium
2565 4386 2834 4440 quemque
2864 4372 3110 4428 invenias
3136 4373 3313 4427 divina
3349 4375 3451 4429 hac
3481 4392 3570 4430 sa-

1927 4472 1973 4531 ι)
2001 4462 2198 4530 pientia
2229 4472 2504 4517 ornatum.
2541 4464 2744 4517 Eorum
2783 4474 2868 4519 est
2905 4468 2993 4534 qui
3018 4467 3260 4521 eminent
3305 4477 3358 4522 et
3383 4469 3566 4524 excel-

1999 4553 2117 4606 lunt
2141 4555 2280 4608 inter
2296 4569 2390 4608 eos
2439 4557 2530 4624 qui
2554 4556 2916 4612 Christianam
2939 4559 3250 4628 religionem
3265 4567 3562 4616 sectantur.

1998 4644 2108 4700 Nec
2133 4647 2297 4700 etiam
2329 4645 2443 4714 ejus
2469 4649 2750 4717 sapientiae.
2776 4665 2974 4704 arcana
3002 4670 3022 4702 ι
3057 4651 3344 4721 imperitis,
3368 4651 3564 4707 vilibus

1998 4738 2196 4803 servis,
2231 4738 2454 4793 rudibus
2491 4759 2510 4791 ›
2552 4741 2942 4795 edisseruntur.

2073 5000 2158 5055 14.
2206 5001 2466 5070 Equidem
2516 5003 2653 5060 alios
2695 5003 2886 5060 Celsus
2938 5006 3334 5074 imperitorum,
3381 5009 3559 5064 vilium

1992 5107 2300 5157 servorum,
2345 5095 2559 5149 rudium
2596 5097 2872 5152 vocabulis
2903 5097 3172 5168 designat,
3200 5099 3415 5166 Opinor,
3443 5115 3558 5164 eos,

1993 5182 2089 5250 qui
2123 5185 2240 5250 ejus
2272 5184 2526 5250 ignorant
2573 5185 2740 5256 leges,
2780 5203 2880 5242 nec
2925 5190 3224 5258 disciplinis
3247 5190 3558 5244 Grzecorum

1995 5271 2187 5326 imbuti
2246 5282 2404 5340 sunt;
2460 5277 2617 5331 nobis
2685 5291 2815 5332 vero
2876 5277 3266 5348 imperitissimi
3307 5277 3380 5331 illi
3436 5286 3560 5332 sunt

2141 5409 2218 5463 ³⁸1
2243 5409 2368 5466 Cor.
2398 5428 2497 5479 xtl,
2521 5417 2574 5479 8,
2599 5414 2652 5468 9.

2057 5525 2170 5601 (ἒξ)
2207 5525 2363 5601 la“!!!-
2397 5529 2525 5601 editi
2559 5529 2611 5582 in
2634 5528 2903 5601 margins.
2941 5528 3279 5601 διιέρφνμένη·

2055 5597 2167 5668 (ζῆ)
2199 5597 2376 5668 Codd.
2401 5597 2530 5668 Reg.
2556 5609 2612 5650 et
2634 5597 2820 5668 Basil.,
2850 5597 3147 5668 61I._Libh.
3170 5597 3320 5664 editi,
3363 5600 3531 5668 ὅστις.

2052 5665 2168 5736 (58)
2188 5667 2412 5728 Αὐτοῦ,
2441 5667 2618 5736 οἶμαι,
2649 5667 2721 5719 τὰ
2743 5666 3183 5736 προστάγματα,
3210 5678 3315 5724 etc.
3357 5671 3431 5724 lla
3466 5665 3560 5726 co-

2605 5736 2689 5805 ius
2743 5736 2901 5793 lectio
2953 5737 3167 5792 videtur
3220 5740 3556 5810 praefetenda
