3990 6158
488 250 624 307 £3“
1729 292 1734 294 ·
1974 269 2296 326 οιιισΕΝεε
3612 304 3712 358 151
3739 306 3767 360 ‘.

487 391 630 444 quos
659 394 762 432 non
797 382 959 447 pudet
1004 397 1090 436 res
1133 383 1398 442 inanimas
1437 389 1657 460 alloqui.
1698 394 1984 447 sanitatem

2172 413 2343 463 ματα·
2373 398 2533 467 ἡμεῖς
2577 400 2631 453 δὲ
2666 403 3148 473 ἁπαιδευτοτάτους
3179 413 3359 482 φαμὲν
3398 414 3522 480 τοὺς
3557 421 3629 488 μὴ
3672 423 3766 474 αἰ-

491 485 550 524 re
583 471 818 539 intirma,
853 486 1082 530 mortem
1113 493 1140 530 a
1199 495 1254 532 re
1288 491 1526 548 mortua,
1554 484 1812 540 auxilium
1847 487 1914 539 ab
1965 490 2033 540 im

2169 488 2528 556 σχυνομένους
2553 492 2612 543 ἐν
2638 492 2713 562 τῷ
2740 497 2849 557 τοῖς
2879 497 3104 567 ἀψύχοις
3129 503 3470 572 προσλαλεῖν,
3503 508 3597 558 καὶ
3626 512 3760 581 περὶ

487 564 860 628 potentissima
897 582 955 621 re
996 569 1296 636 postulare.
1326 572 1392 626 Et
1420 576 1666 642 quamvis
1696 587 1892 646 negent
1929 594 2033 632 non

2169 575 2266 644 μὲν
2295 578 2479 645 ὑγείας
2513 583 2574 634 τὸ
2603 583 2826 648 ἀσθενὲς
2860 564 3339 660 ἐπικαλουμένους,
3377 564 3506 666 περὶ
3532 599 3588 651 δὲ
3612 564 3760 670 ζωης

489 651 619 705 nulli
645 669 727 707 res
748 654 864 708 illas
881 671 1003 711 esse
1026 660 1175 722 deos,
1203 664 1298 716 sed
1327 671 1538 718 tantum
1562 680 1813 721 verorum
1836 669 2061 726 deorum

482 741 689 812 eﬂigies
710 744 1030 816 illorumqne
1056 751 1209 822 signa
1233 794 1248 821 ,
1283 762 1468 808 tamen
1494 757 1728 825 imperiti
1760 769 1905 825 sunt,
1934 763 2060 816 vilia

483 836 774 903 mancipia,
822 847 876 892 et
910 841 1108 910 ignari,
1144 846 1237 913 qui
1270 849 1509 900 animum
1540 850 1798 908 inducunt
1833 855 2060 923 opiﬁces

482 924 683 979 imitari
719 943 877 996 posse
922 933 1282 994 divinitatem.
1318 938 1430 994 llac
1461 941 1781 1008 stupiditate
1817 953 1872 998 et
1904 945 2058 1013 igno-

481 1016 656 1070 rantia
714 1034 872 1075 nemo
931 1033 1176 1078 nostrum
1237 1043 1305 1082 ne
1361 1031 1508 1087 inter
1559 1037 2056 1104 contemptissimos

477 1107 697 1175 quidem
748 1110 1038 1170 laboravit.
1107 1118 1365 1188 Equidem
1425 1124 1658 1181 dicimus
1713 1136 1770 1181 ut
1825 1129 2057 1199 quisque

476 1200 934 1266 prudentissimus
990 1216 1096 1274 e-t,
1131 1211 1202 1265 ab
1237 1213 1328 1268 illo
1359 1216 1594 1269 maxime
1621 1218 1857 1272 divinam
1901 1237 2053 1290 spem

477 1291 699 1361 intelligi
730 1303 786 1347 et
806 1301 1233 1368 comprehendi;
1282 1307 1376 1360 sed
1407 1323 1510 1361 non
1546 1310 1752 1365 idcirco
1791 1329 2053 1380 negamus

475 1379 590 1434 ﬁeri
625 1397 783 1450 posse
838 1397 894 1440 nt
947 1391 1185 1446 divinam
1224 1397 1543 1465 sapientiam
1576 1403 1779 1468 capiat,
1811 1379 1901 1473 qui
1945 1422 2049 1462 non

473 1471 634 1526 fuerit
670 1477 721 1526 in
759 1478 993 1535 humana
1019 1485 1383 1554 exercitatus;
1410 1497 1464 1543 et
1489 1494 1818 1548 assentimur
1859 1496 2051 1551 Imma-

471 1577 594 1614 nam
653 1579 869 1622 omnem
917 1571 1269 1640 sapientiam,
1328 1579 1371 1631 si
1427 1579 1625 1635 divina:
1678 1597 2045 1654 comparetur,

471 1652 758 1709 stultitiam
791 1674 934 1714 esse.
977 1661 1088 1715 Snb
1118 1666 1250 1730 haec,
1279 1683 1406 1721 cum
1436 1672 1740 1729 rationibus
1771 1690 1933 1744 agerc
1959 1679 2047 1733 tle-

469 1745 696 1813 buisset,
736 1767 833 1805 nos
875 1759 1419 1826 vocatcirculalorcs,
1457 1780 1664 1833 nosque
1705 1771 1783 1824 ait
1817 1789 1835 1820 ι
1882 1792 2041 1845 quam

469 1837 757 1894 celerrime
801 1842 990 1914 fugere
1033 1864 1149 1911 eos,
1205 1853 1321 1919 qui,
1385 1855 1510 1923 quia
1565 1861 1843 1926 politiores
1892 1881 2041 1938 sunt,

471 1929 675 2007 nostris
712 1934 995 1992 fraudibus
1047 1941 1267 1998 minime
1316 1956 1534 2015 patent;
1580 1953 1673 2004 sed
1725 1959 2042 2018 rnsticiores

467 2018 732 2076 inescare.
763 2043 781 2075 ι
812 2025 1095 2084 Enimvero
1132 2033 1474 2104 nescitjama
1497 2041 2040 2116 primistemporibus

467 2113 611 2178 apud
641 2130 739 2170 nos
789 2116 954 2174 fuisse
983 2123 1282 2190 sapientes,
1319 2130 1411 2197 qui
1438 2134 1642 2186 exteris
1673 2139 1838 2192 etiam
1873 2143 2040 2198 disci-

464 2205 630 2271 plinis
658 2211 1051 2276 pra-cenarent.
1083 2213 1296 2286 Moyses
1314 2223 1460 2276 enim
1481 2228 1624 2282 omni
1658 2229 2037 2302 Aﬁgyptiorum

461 2294 728 2362 sapientia
763 2299 1060 2358 instructus
1100 2306 1442 2373 fuit;omnes
1472 2315 1823 2388 Assyriorum
1859 2328 2037 2381 scien-

462 2385 566 2440 tias
594 2388 862 2446 callebant
911 2395 1116 2460 Daniel,
1173 2401 1436 2468 Ananias,
1488 2407 1716 2467 Azarias
1748 2424 1800 2468 et
1828 2415 2036 2484 Misael,

461 2474 535 2528 ita
570 2484 628 2530 ut
656 2481 993 2548 sapientibus
1019 2489 1272 2544 omnibus
1296 2494 1387 2562 qui
1413 2494 1526 2550 illic
1553 2511 1710 2556 erant
1735 2517 1915 2560 essent
1945 2474 2039 2562 de:-

458 2567 620 2636 cuplo
635 2573 1183 2640 sapientiores.Nunc
1208 2588 1370 2641 etiam
1414 2592 1466 2645 in
1499 2593 1757 2651 Ecclesiis
1789 2598 2039 2654 videntur

457 2660 614 2724 pauci
654 2664 896 2729 quidem,
930 2668 1116 2728 habita
1166 2679 1377 2734 ratione
1411 2694 1620 2740 cmterae
1651 2688 2035 2758 multitudinis,

458 2753 555 2806 sed
596 2755 848 2812 videntur
879 2772 1082 2831 tamen,
1112 2769 1201 2836 qui
1226 2773 1290 2824 ad
1323 2774 1443 2830 illas
1465 2782 1735 2845 venerint,
1759 2799 1842 2849 ea,
1873 2801 2033 2854 quam

455 2843 638 2899 carnis
672 2863 952 2918 vocamus,
1009 2859 1273 2924 sapientia
1330 2870 1662 2937 praesigues;
1722 2883 1848 2926 sunt
1893 2893 2032 2944 prae-

459 2943 605 2990 terea
631 2941 719 3006 qni
760 2943 828 2997 ab
853 2944 942 2998 illa
983 2947 1052 3000 ad
1103 2949 1341 3008 divinam
1394 2960 1714 3028 sapientiam
1757 2969 2032 3036 progressi

527 3141 616 3196 15.
667 3143 798 3199 Post
819 3134 946 3203 “haec
974 3149 1188 3219 Celsus,
1245 3158 1398 3223 quasi
1436 3158 1502 3212 de
1555 3161 1861 3219 humilitate
1894 3183 2032 3223 con-

455 3233 573 3287 t’nse
607 3236 885 3303 atuliisset,
921 3256 1021 3296 nec
1055 3254 1231 3298 tamen
1260 3261 1379 3315 qure
1403 3250 1684 3307 sltl'uisset
1715 3269 2023 3326 assecutus,

452 3337 573 3375 eam
597 3340 718 3392 quae
762 3330 899 3397 apud
925 3347 1023 3386 nos
1069 3333 1294 3390 docetur
1321 3339 1601 3394 criminari
1630 3353 1823 3411 terrtat,
1854 3359 2032 3405 retur-

452 3430 557 3480 qne
585 3428 854 3488 stunptam
881 3437 908 3474 a
937 3423 1093 3478 nobis
1111 3442 1230 3481 esse
1244 3443 1307 3482 ex
1327 3432 1466 3483 male
1491 3432 1766 3491 intellecto
1793 3438 2031 3499 Platonis

451 3505 590 3573 loco,
622 3510 714 3578 qui
751 3511 948 3569 alicubi
989 3516 1038 3569 in
1070 3517 1183 3571 suis
1231 3519 1440 3590 legibus
1482 3525 1587 3579 ait:
1627 3546 1645 3578 ι
1690 3529 1847 3596 Deus,
1898 3537 2027 3604 qui,

450 3611 556 3654 uta
590 3605 868 3662 veteribus
912 3611 1168 3665 traditum
1203 3622 1306 3678 est,
1347 3631 1526 3670 rerum
1572 3622 1814 3678 omnium
1859 3627 1910 3682 in
1969 3645 2029 3686 se

448 3696 692 3749 continet
727 3701 1071 3769 principium,
1111 3703 1270 3757 ﬁnem
1318 3718 1374 3761 et
1405 3711 1660 3776 medium,
1697 3728 1843 3770 recta
1880 3721 2026 3775 ince-

449 3787 527 3839 dit
561 3803 657 3854 per
701 3789 842 3844 hanc
887 3795 1258 3852 miivcr.-.itatis
1289 3808 1558 3856 naturam.
1605 3805 1758 3862 lluuc
1811 3827 2029 3880 semper

448 3879 693 3943 sequitur
713 3881 946 3949 jnstitia,
988 3900 1196 3950 eorum,
1226 3892 1362 3958 quia
1388 3893 1567 3947 divina
1601 3897 1718 3967 lege
1741 3901 2023 3966 deﬁciunt,

449 3970 614 4022 ultrix
647 3981 809 4039 atque
833 3974 1062 4040 vindex;
1101 3991 1285 4044 quam,
1327 3983 1415 4049 qui
1467 3984 1597 4039 felix
1652 3989 1866 4045 futurus
1915 4004 2020 4059 est,

444 4061 602 4134 64],
613 4073 927 4121 constanter
942 4073 1186 4138 sequitur
1205 4077 1422 4130 humilis
1436 4088 1488 4130 et
1503 4091 1745 4134 ornatus.
1761 4101 1778 4132 ›
1791 4084 1893 4137 Sed
1915 4102 2020 4140 non

446 4156 593 4210 videt
626 4172 654 4210 a
699 4157 830 4213 viris
858 4160 1085 4218 Platone
1117 4165 1274 4236 longe
1308 4169 1711 4238 antiquioribus
1734 4173 1936 4228 dictqu
1967 4176 2018 4230 in

447 4247 700 4314 precibus
729 4250 927 4309 fuisse:
972 4271 991 4305 ι
1041 4255 1290 4324 Domine,
1319 4276 1423 4316 non
1459 4271 1543 4317 est
1599 4267 1894 4330 exaltatum
1926 4284 2022 4324 cor

446 4353 648 4406 meum,
682 4357 856 4412 neque
883 4345 1009 4400 elati
1041 4357 1168 4403 sunt
1219 4352 1358 4405 oculi
1393 4353 1518 4418 mei,
1546 4368 1719 4423 neque
1747 4357 2016 4415 ambulavi

446 4427 497 4481 in
535 4432 766 4501 magnis,
797 4449 970 4506 neque
997 4439 1050 4491 in
1101 4441 1439 4498 mirabilibus
1469 4461 1633 4515 super
1680 4463 1784 4503 me.
1823 4450 1879 4505 Si
1913 4467 2020 4506 non

445 4519 724 4576 humiliter
745 4529 1043 4582 sentiebam
1061 4533 1123 4585 η.
1146 4551 1164 4583 ι
1193 4534 1368 4602 Atque
1390 4537 1514 4591 hinc
1535 4539 1680 4594 aliud
1707 4543 2016 4606 edocemnr,

446 4613 703 4667 nimirum
723 4631 946 4674 necesse
974 4637 1075 4675 non
1092 4639 1236 4686 esse,
1257 4629 1424 4696 utqui
1459 4647 1477 4679 (
1493 4630 1771 4686 humiliter
1791 4638 1976 4699 sentit,
1993 4655 2011 4688 ι

447 4702 758 4758 indecenter
783 4715 838 4759 et
872 4709 1123 4766 indecore
1143 4728 1201 4766 se
1230 4715 1497 4781 demittat,
1519 4721 1835 4787 procumbat
1871 4724 2018 4777 humi

446 4793 630 4858 pronis
653 4797 901 4862 genibus,
922 4800 1213 4855 infelicium
1231 4805 1334 4858 sibi
1364 4817 1566 4860 vestem
1592 4810 1796 4873 induat,
1824 4811 2018 4868 {ualet-

445 4898 552 4952 que
582 4885 767 4940 cinere
814 4902 1014 4957 caput;
1071 4909 1192 4946 nam
1225 4896 1446 4952 humilis
1482 4899 1594 4961 illo,
1635 4903 1702 4954 de
1745 4918 1852 4970 quo
1888 4905 2018 4959 Pro-

442 4977 631 5045 pheta,
669 4978 796 5032 licet
821 4981 871 5032 in
908 4986 1117 5052 magnis
1153 4994 1316 5054 atque
1354 4989 1786 5052 admirabilibus.
1822 5004 2018 5066 etquae

447 5069 619 5137 ipsum
676 5084 938 5141 superant
995 5077 1155 5131 rebus
1211 5081 1415 5134 versari
1470 5090 1653 5146 amet,
1718 5099 1910 5155 nempe
1963 5089 2016 5142 in

555 5165 596 5197 ³³
621 5164 765 5221 Psal.
789 5183 950 5233 cxxx,
979 5170 1032 5237 1,
1055 5171 1106 5233 2,
1131 5171 1185 5224 5.

439 5285 700 5354 Vulgata,
731 5285 896 5370 αἰξτοῦ
926 5287 993 5370 τά
1021 5289 1337 5370 πράγματα.
1369 5290 1534 5348 Paulo
1556 5307 1684 5370 post
1716 5297 1853 5352 infra
1886 5316 2015 5370 qua-

439 5365 561 5406 tnor
595 5373 723 5410 mss.
760 5358 917 5425 1193.,
950 5358 1155 5436 Basih,
1178 5358 1426 5417 \‘atican.
1457 5372 1511 5417 et
1540 5358 1702 5436 Angl.
1729 5358 2016 5432 serunt-lus,

433 5424 496 5477 τὸ
530 5424 887 5498 ἀπειρότατον
915 5430 1275 5494 ἱκετεύοντας.

510 5497 621 5586 (1’19)
650 5498 1365 5586 Μιμημάςωιλάέηθινᾶξνὶ
1399 5501 1682 5586 [:cge‘cu‘m
1708 5505 2018 5586 lioherello,

441 5567 733 5633 μιμήματα
765 5568 873 5643 τῷν
897 5567 1184 5641 ἀληθινῶν,
1225 5573 1306 5625 vel
1339 5567 1792 5643 θεῶν’ἀληθινῶν.

368 5693 375 5700 ι,
511 5633 620 5700 (40)
653 5640 734 5688 Οὐ
755 5633 1047 5717 ’λέγτζμείκ
1103 5633 1346 5728 Quatuor
1394 5643 1514 5698 cod.
1549 5633 1679 5700 mss.
1715 5662 1818 5701 non
1854 5662 2022 5716 agno-

438 5711 595 5755 scunt
629 5711 823 5769 partio.
856 5721 1036 5778 negat.
1069 5711 1150 5769 οὐ.

2163 666 2222 718 τὸ
2250 672 2441 740 νεκρὸν
2489 671 2792 739 ἀξιοῦντας,
2830 681 2956 747 περὶ
2985 679 3040 732 δὲ
3074 681 3391 754 ἐπικουρίας
3428 688 3490 739 τὸ
3538 691 3754 763 ἀπορώ-

2161 775 2318 811 τατον
2350 764 2706 829 ἱκετεύοντας.
2736 768 2851 820 Κᾶν
2883 787 3021 834 τινες
3045 773 3101 824 δὲ
3133 775 3206 845 μὴ
3235 776 3406 830 ταῦτά
3430 797 3594 846 φασιν
3616 778 3755 835 εἶναι

2159 851 2285 914 τοὺς
2331 851 2504 917 θεοὺς,
2555 856 2689 910 ἀλλὰ
2740 862 3075 931 μιμημάτων
3111 866 3376 936 ἀληθινῶν
3425 870 3535 940 (59)
3573 873 3754 925 κάκεί-

2160 957 2264 992 νων
2301 943 2580 1012 σύμϐολα·
2626 949 2775 1002 οὐδὲν
2806 946 2967 1022 ἦττον
3010 957 3102 1009 καὶ
3141 952 3303 1022 οὗτοι,
3357 961 3415 1011 ἐν
3467 961 3752 1030 βαναύσων

2158 1031 2315 1096 χερσὶ
2355 1031 2423 1084 τὰ
2461 1036 2753 1106 μιμήματα
2791 1040 2892 1110 τῆς
2923 1043 3192 1116 θειότητος
3237 1050 3631 1120 φανταζόμενοι
3674 1053 3752 1108 εί-

2157 1136 2264 1179 ναι,
2295 1122 2608 1177 ἀπαίδευτοί
2660 1129 2786 1192 είσι,
2839 1135 2932 1186 καὶ
2979 1136 3307 1207 ἀνδράποδα,
3351 1144 3445 1194 καὶ
3479 1144 3746 1213 ἀμαθεῖς

2155 1207 2231 1270 ὡς
2263 1209 2387 1273 τοὺς
2430 1214 2686 1283 ἐσχάτους
2737 1220 2844 1272 τῶν
2889 1224 2946 1274 ἐν
2979 1227 3108 1294 ἡμῖν
3156 1229 3499 1300 ἀπηλλάχθαι
3541 1235 3747 1307 ταύτης

2153 1299 2251 1366 τῆς
2280 1301 2631 1368 ἀπαιδευσίας
2660 1311 2752 1362 καὶ
2778 1311 2875 1381 τῆς
2903 1315 3162 1382 ἀμαθίας,
3188 1322 3280 1372 καὶ
3314 1328 3748 1394 φρονιμωτάτοις

2183 1389 2208 1441 ἐ
2239 1391 2336 1459 τὴν
2371 1393 2521 1446 θείαν
2571 1398 2760 1452 ἐλπίδα
2794 1404 3027 1458 νοεῖσθαι
3070 1410 3161 1460 καὶ
3205 1413 3740 1484 καταλαμϐάνεσθαι,

2153 1481 2352 1550 φαμέν.
2387 1485 2460 1536 Οὐ
2497 1486 2726 1558 λέγομεν
2756 1492 2866 1562 (40)
2896 1495 2953 1547 δέ
3000 1499 3092 1550 καὶ
3125 1501 3221 1572 οὐχ
3248 1498 3358 1557 οἷόν
3391 1481 3437 1558 τζ
3470 1503 3631 1572 εἶναι,
3665 1514 3741 1581 μὴ

2151 1571 2636 1646 ἐγγυμνασάμενον
2690 1585 2754 1652 τῇ
2815 1584 3126 1661 ἀνθρωπίνῃ
3186 1596 3346 1665 σοφία
3398 1603 3596 1666 χωρεῖν

2150 1660 2426 1733 θειοτέραν
2445 1683 2456 1694 ·
2483 1670 2576 1721 καὶ
2601 1673 2812 1742 μωρίαν
2842 1678 3020 1729 πᾶσαν
3043 1680 3141 1750 τὴν
3169 1684 3515 1758 ἀνθρωπίνην
3550 1692 3742 1758 σοφίαν

2145 1751 2220 1815 ὡς
2269 1756 2403 1824 πρὸς
2443 1759 2541 1827 τὴν
2586 1759 2736 1813 θείαν
2793 1767 3178 1840 ὁμολογοῦμεν.
3235 1773 3384 1840 Εἶτα,
3414 1779 3533 1833 δέον
3581 1783 3739 1836 αὑτὸν

2149 1842 2509 1908 ἀγωνίζεσθαι
2541 1853 2667 1918 περὶ
2700 1853 2791 1904 τοῦ
2825 1856 3004 1925 λόγου,
3039 1863 3067 1913 ὁ
3098 1861 3154 1913 δὲ
3206 1866 3408 1936 γόητας
3455 1872 3607 1940 ἡμᾶς
3638 1892 3736 1926 κα-

2145 1931 2245 1995 λεῖ,
2279 1936 2372 1986 καί
2400 1953 2580 2006 φησιν,
2600 1941 2682 1992 δτι
2706 1961 2724 1991 ι
2757 1945 3028 2016 φεύγομεν
3052 1952 3173 2015 τοὺς
3197 1957 3585 2028 χαριεστέφυς
3610 1979 3738 2032 προ-

2142 2027 2435 2097 τροπάδην,
2473 2030 2547 2094 ὡς
2593 2033 2689 2104 οὐχ
2743 2037 2986 2108 ἑτοίμους
3035 2043 3376 2099 ἀπατᾶσθαι·
3430 2051 3738 2121 παλεύομεν

2143 2114 2196 2168 δὲ
2245 2119 2372 2181 τοὺς
2423 2122 2922 2199 ἀγροικοτέρους.)
2950 2134 3024 2185 Οὐ
3052 2135 3160 2207 γὰρ
3200 2134 3338 2192 εἶδεν
3380 2141 3490 2211 (Η)
3533 2114 3738 2201 ἄνω-θεν

2145 2207 2239 2258 καὶ
2268 2207 2326 2273 ἐξ
2356 2210 2530 2280 ἀρχῆς
2553 2216 2646 2266 καὶ
2676 2219 2788 2280 τοῖς
2822 2219 3018 2283 ἔξωθεν
3051 2227 3335 2297 μαθήμασι
3364 2235 3736 2306 πεπαιδευμέ-

2145 2316 2267 2362 νους
2297 2303 2422 2366 τοὺς
2454 2309 2581 2377 παρ’
2611 2310 2741 2378 ἡμῖν
2777 2315 2992 2380 σοφοὺς,
3044 2317 3284 2374 Μωῦσέα
3318 2324 3418 2391 μὲν
3460 2327 3607 2396 πάσῃ
3637 2331 3734 2380 Αί-

2142 2392 2385 2458 γυπτίων
2422 2397 2614 2468 σοφίᾳ’
2662 2401 2857 2472 Δανιὴλ
2903 2405 2977 2467 δὲ,
3011 2409 3103 2461 καὶ
3144 2411 3410 2477 Ἀνανίαν,
3448 2417 3543 2469 καὶ
3579 2418 3736 2482 Ἀζα-

2145 2478 2288 2550 ρίαν,
2326 2482 2420 2534 καὶ
2454 2485 2673 2556 Μισαὴλ
2719 2491 2851 2542 πᾶσι
2897 2496 3007 2558 τοῖς
3050 2496 3352 2571 Ἀσσυρίων
3385 2478 3729 2576 γράμμασιν,

2139 2569 2267 2622 ὥστ’
2299 2573 2495 2637 αὐτοὺς
2522 2578 2807 2649 εὑρεθῆναι
2848 2583 3064 2638 πάντων
3093 2589 3200 2642 τῶν
3231 2593 3347 2645 ἐκεῖ
3372 2597 3550 2664 σοφῶν
3574 2599 3733 2653 δεκαε-

2141 2661 2417 2727 πλασίους.
2443 2669 2549 2719 Καὶ
2572 2669 2662 2722 νῦν
2703 2672 2758 2724 δὲ
2799 2676 2853 2726 αἱ
2892 2677 3204 2750 Ἐκκλησίαι
3232 2683 3412 2754 ἔχουσι
3457 2689 3559 2758 μὲν
3592 2691 3726 2745 ἀνά-

2137 2753 2293 2822 λογον
2343 2761 2452 2820 τοῖς
2498 2759 2756 2831 πλήθεσιν
2807 2768 3020 2836 ὀλίγους
3067 2775 3263 2841 σοφοὺς
3310 2779 3722 2849 προσελθόντας,

2140 2847 2235 2898 καὶ
2270 2847 2378 2900 ἀπὸ
2410 2848 2510 2918 τῆς
2547 2851 2883 2925 καλουμένης
2915 2861 3041 2930 παρ’
3079 2864 3210 2931 ἡμῖν
3243 2847 3380 2919 κατά
3416 2869 3592 2940 σάρκα
3638 2847 3725 2926 co;

2138 2935 2290 3009 φίας·
2327 2937 2507 3007 ἔχουσι
2555 2940 2610 2993 δέ
2652 2945 2745 2996 καὶ
2783 2948 2910 3013 τοὺς
2949 2951 3339 3026 διαϐεϐηκότας
3378 2935 3724 3036 ἀπ’-ἐκείνης

2061 3059 2103 3115 C
2140 3023 2232 3076 ἐπὶ
2270 3024 2368 3095 τὴν
2395 3027 2544 3082 οείαν
2578 3033 2787 3100 σοφίαν.

2209 3178 2341 3235 Εἶτα
2401 3191 2542 3257 μετά
2589 3194 2760 3245 ταῦτα
2809 3196 2836 3248 ὁ
2913 3196 3140 3262 Κέλσος,
3167 3199 3241 3265 ὡς
3271 3205 3626 3277 περιηχηθεὶς
3650 3211 3714 3264 τὰ

2135 3275 2264 3344 περὶ
2293 3283 2812 3355 ταπεινοφροσύνης,
2849 3289 2942 3339 καὶ
2978 3289 3052 3358 μὴ
3087 3292 3361 3361 ἐπιμελῶς
3390 3275 3560 3367 αὐτὴν
3594 3303 3715 3371 νοή-

2136 3383 2252 3430 σας,
2287 3366 2535 3436 βούλεται
2571 3375 2669 3442 μὲν
2699 3375 2794 3447 τὴν
2842 3383 2968 3449 παρ’
2997 3383 3126 3450 ἡμῖν
3163 3384 3477 3454 κακολογεῖν
3499 3407 3513 3419 ·
3547 3393 3714 3446 οἴεται

2131 3456 2175 3509 δ’
2204 3459 2374 3536 αὐτὴν
2401 3463 2768 3537 παράκουσμα
2801 3465 2938 3522 εἶναι
2974 3471 3082 3524 τῶν
3115 3474 3396 3540 Πλάτωνος
3431 3479 3626 3549 λόγων,
3657 3485 3714 3548 ὃς

2133 3550 2264 3618 φησί
2296 3569 2396 3604 που
2443 3554 2500 3605 ἐν
2529 3559 2638 3619 τοῖς
2680 3545 2912 3626 νόμοις·
2954 3582 2971 3612 ι
3017 3563 3074 3616 '0
3099 3565 3197 3634 μὲν
3229 3567 3291 3638 δὴ
3329 3570 3481 3635 Θεὸς,

2130 3642 2222 3693 καὶ
2255 3643 2282 3693 ὁ
2315 3644 2540 3708 παλαιὸς
2563 3646 2742 3714 λόγος,
2763 3653 2935 3721 ἀρχήν
2961 3671 3020 3706 τε
3048 3657 3141 3708 καὶ
3169 3657 3420 3733 τελευτὴν
3453 3665 3547 3717 καὶ
3577 3667 3715 3736 μέσα

2129 3731 2233 3782 τῶν
2265 3734 2431 3786 ὅντων
2459 3737 2711 3792 ἁπάντων
2748 3741 2905 3811 ἔχων,
2938 3745 3124 3817 εὐθείᾳ
3157 3748 3264 3820 (42)
3300 3756 3545 3825 περαίνει
3577 3758 3714 3813 κατὰ

2128 3821 2286 3887 φύσιν
2336 3829 2870 3898 παραπορευόμενος.
2919 3833 3008 3904 Τῷ
3053 3836 3097 3888 δ’
3141 3838 3226 3891 ἀεὶ
3259 3821 3547 3906 ξυνέπεται
3590 3847 3712 3918 δίκη

2126 3911 2231 3963 τῶν
2273 3913 2747 3987 ἀπολελειμμένων
2777 3922 2868 3975 τοῦ
2904 3923 3047 3978 θείου
3089 3929 3254 3999 νόμου
3295 3937 3537 4006 τιμωρός
3557 3955 3570 3968 ·
3596 3934 3711 4010 ἦςό

2127 4003 2227 4072 μὲν
2276 4005 2683 4079 εὐδαιμονήσειν
2730 4013 2939 4083 μέλλων
2990 4019 3247 4087 ἐχόμενος
3289 4003 3575 4089 ξυνέπεται
3619 4003 3712 4086 τα-

2125 4095 2308 4160 πεινὸς
2344 4099 2436 4150 καὶ
2465 4106 2877 4173 κεκοσμημένος
2897 4124 2910 4137 ·
2953 4128 2971 4158 ι
3006 4111 3105 4180 οὐχ
3131 4113 3292 4183 ὁρῶν,
3316 4116 3398 4169 ὅτι
3428 4121 3579 4192 παρὰ
3604 4127 3708 4188 τοῖς

2124 4186 2257 4239 πολὺ
2303 4187 2588 4254 Πλάτωνος
2634 4195 3007 4266 ἀρχαιοτέροις
3057 4199 3301 4257 λέλεκται
3347 4207 3405 4260 ἐν
3437 4186 3600 4282 εὐχῇο
3629 4186 3705 4277 τὸ,

2129 4296 2149 4330 t
2178 4279 2372 4351 Κύριε,
2421 4284 2517 4354 οὐχ
2564 4285 2748 4356 ὑψώθη
2785 4290 2818 4358 ὴ
2859 4292 3053 4363 καρδία
3096 4311 3220 4363 μου,
3263 4298 3372 4350 οὐδ’
3422 4279 3706 4374 ἐμετεωρί-

2053 4405 2092 4459 "
2127 4370 2329 4440 σθησαν
2349 4373 2397 4426 οἱ
2427 4374 2692 4446 ὀφθαλμοί
2721 4395 2843 4448 μου,
2871 4380 2990 4434 ούδέ
3019 4384 3319 4457 ἐπορεύθην
3346 4370 3699 4460 ἐν-μεγάλοις,

2123 4459 2242 4511 οὐδὲ
2290 4462 2348 4514 ἐν
2390 4461 2715 4534 θαυμασίοις
2751 4468 2892 4539 ὑπὲρ
2926 4471 3059 4541 ἐμέ·
3116 4477 3164 4526 εί
3217 4477 3290 4548 μὴ
3328 4480 3706 4556 ὲταπεινοφρό-

2120 4569 2264 4609 νουν.
2305 4572 2323 4604 ι
2360 4556 2508 4625 ’Ἅμα
2546 4557 2601 4610 δὲ
2637 4559 2887 4630 δηλοῦται
2916 4563 3001 4616 διὰ
3033 4565 3257 4633 τούτων,
3285 4570 3365 4622 ὅτι
3401 4574 3462 4625 οὐ
3499 4576 3705 4639 πάντως

2117 4643 2145 4692 ὁ
2177 4648 2613 4717 ταπεινοφρονῶν
2645 4651 2970 4722 ἀσχημόνως
2997 4658 3093 4710 καὶ
3125 4658 3393 4726 ἀπαισίως
3429 4665 3704 4718 ταπεινοῦ-

2117 4749 2228 4795 ται,
2259 4738 2602 4808 χαμαιπετὴς
2629 4741 2720 4793 ἐπὶ
2757 4742 2862 4794 τῶν
2895 4744 3135 4811 γονάτων
3167 4751 3258 4802 καὶ
3286 4753 3498 4824 πρηνὴς
3523 4756 3703 4826 ἐρριμ-

2123 4821 2301 4889 μένος,
2354 4823 2559 4894 ἐσθῆτα
2614 4827 2888 4900 δυστήνων
2935 4835 3360 4908 ἀμφισκὸμενος,
3422 4845 3516 4895 καὶ
3565 4847 3703 4898 κόνιν

2118 4911 2497 4983 ἐπαμώμενος.
2553 4918 2609 4969 '0
2651 4919 2760 4990 γὰρ
2794 4923 2935 4976 κατά
2984 4925 3073 4978 τὸν
3126 4929 3422 5002 Προφήτην
3463 4951 3704 4990 ταπεινο-

2119 5002 2350 5070 φρονῶν,
2387 5009 2751 5078 πορευόμενος
2801 5013 2859 5064 ἐν
2915 5016 3172 5083 μεγάλοις
3223 5021 3320 5074 καὶ
3367 5022 3701 5095 θαυμασίοις,

2116 5096 2228 5157 τοῖς
2257 5096 2396 5168 ὑπὲρ
2428 5099 2610 5166 αὐτὸν,
2644 5107 2754 5168 τοῖς
2787 5105 3000 5176 ἀληθῶς
3050 5111 3304 5179 μεγάλοις
3347 5116 3579 5189 δόγμασι
3616 5121 3703 5174 καὶ

2342 5307 2520 5384 bibl):
2539 5311 2666 5364 editi
2697 5311 2749 5366 in
2780 5316 3046 5384 margine,
3082 5317 3239 5374 οἶδεν.

2194 5380 2307 5463 (ᾳ)
2339 5379 2429 5460 Sic
2481 5379 2930 5463 llresc'helinsuin'
2967 5379 3358 5463 tea_lt_t._(_lodd.
3405 5394 3601 5463 Regius
3649 5409 3702 5452 et

2124 5443 2475 5525 Basileensis,
2527 5450 2712 5525 εὐθέα.
2777 5453 2931 5525 Libb.
2979 5443 3696 5525 εσίιί⁷ΡιειοίήίίεῗεἙθέίαῦζ

2124 5514 2256 5599 Υἱμθ
2307 5516 2587 5599 ίξίίιιριιοιῃ
2767 5538 2821 5574 Iv
2857 5524 2944 5599 ‘De
2989 5527 3207 5595 legibus,
3246 5514 3696 5599 pag.

2121 5583 2283 5674 iid‘cpi
2320 5587 2443 5669 libri
2497 5589 2625 5674 editi
2655 5591 2941 5674 Platonis,‘
2977 5583 3486 5674 περιπορευόμενος.
3543 5604 3698 5674 Τῷσ

2123 5652 2204 5705 ἀεὶ
2235 5652 2516 5717 ξυνέπεται
2539 5657 2661 5728 δίκη
2689 5661 2791 5715 τῶν
2819 5652 3271 5735 ἀπολειπομένων.
