3990 6158
345 261 484 317 1515

1554 261 1832 319 CONTRA
1870 259 2149 316 CELSUM
2195 259 2321 317 LIB.
2364 259 2457 313 Vl.

3465 269 3598 323 13H

336 383 451 442 τοῖς
481 380 803 450 Gabina-lor;
836 378 1090 451 νοήμασι,
1128 400 1146 433 ι
1192 382 1436 434 ταπεινοῖ
1479 382 1667 434 ἑαυτὸν
1704 382 1808 433 ὑπὸ
1832 381 1897 451 τὴ

2034 380 2371 449 dogmatibus
2422 395 2540 447 qua:
2589 394 2712 435 vere
2751 396 2941 451 magna
2977 392 3102 438 sunt
3134 392 3190 439 et
3222 385 3604 453 admirabilia;

335 476 601 545 κραταιὰν
623 477 775 546 χεῖρα
807 474 900 528 τοῦ
933 475 1087 530 Θεοῦ.
1125 496 1143 527 ι
1182 478 1245 530 El
1272 478 1329 530 δέ
1357 495 1517 541 τινες,
1548 478 1632 531 διὰ
1663 478 1761 549 τὴν
1789 479 1928 530 ἰδιω-

334 566 484 618 τείαν
513 566 624 635 (45)
666 568 738 636 μὴ
770 565 1145 637 τρανὼσαντες
1178 568 1239 621 τὸ
1272 572 1399 640 περὶ
1429 570 1925 641 ταπεινοφροσύνης

334 655 531 727 δόγμα,
578 657 803 711 τοιαῦτα
858 660 1120 722 ποιοῦσιν,
1167 663 1228 714 οὐ
1280 662 1369 715 τὸν
1424 662 1580 732 λόγον
1631 666 1921 732 αἰτιατέον,

335 746 471 800 ἀλλὰ
494 749 561 817 τῇ
600 748 835 820 ἰδιωτείᾳ
856 749 962 803 τῶν
992 752 1342 822 προθεμένων
1376 754 1473 824 μὲν
1511 755 1580 808 τὰ
1620 757 1920 825 κρείττονα,

332 836 421 890 διὰ
449 838 506 890 δὲ
530 838 621 892 τὸν
646 840 956 911 ίδιωτισμὸν
981 844 1487 913 ἀποτυγχανόντων,
1527 850 1917 916 συγγνωστέον.

331 930 550 983 Μᾶλλον
579 930 686 1003 γὰρ
719 932 811 985 τοῦ
860 934 999 987 κατὰ
1047 936 1307 990 Πλάτωνα
1337 940 1589 993 ταπεινοῦ
1633 944 1727 995 καὶ
1760 960 1919 996 κεκο-

333 1022 613 1092 σμημένον
644 1025 897 1090 ταπεινὸς
924 1028 1018 1080 καὶ
1062 1032 1473 1101 κεκοσμημένος
1520 1033 1666 1086 ἐστὶν
1699 1035 1727 1086 ό
1760 1054 1919 1090 κεκο-

333 1114 613 1183 σμημένος
649 1115 747 1185 μὲν
784 1116 872 1169 διὰ
913 1117 975 1169 τό
1009 1137 1026 1168 ι
1065 1120 1390 1190 πορεύεσθαι
1441 1123 1499 1175 ὲν
1540 1124 1796 1193 μεγάλοις
1826 1126 1919 1179 καὶ

330 1202 651 1274 θαυμασίοις
679 1209 819 1278 ὑπὲρ
857 1210 1051 1262 αὐτόν⁸
1092 1231 1109 1262 ι
1148 1213 1400 1277 ταπεινὸς
1439 1214 1516 1277 δὲ,
1569 1216 1691 1268 ἐπεὶ
1730 1219 1823 1270 κα¹ι
1860 1219 1917 1270 ἐν

328 1295 534 1359 τούτοις
557 1296 652 1359 ὢν,
678 1301 1020 1354 ταπεινοῦται
1056 1302 1194 1354 ἑκών
1214 1320 1227 1333 ·
1268 1306 1365 1374 οὐχ
1401 1306 1505 1358 ὑπὸ
1538 1307 1629 1360 τὸν
1664 1309 1913 1378 τυχόντα,

329 1388 443 1439 ἀλλ’
481 1407 498 1439 ι
530 1389 634 1441 ὑπὸ
676 1390 775 1460 τὴν
816 1394 1079 1461 κραταιὰν
1119 1398 1275 1466 χεῖρα
1316 1396 1408 1449 τοῦ
1442 1397 1597 1461 Θεοῦ,
1636 1418 1655 1451 ι
1695 1400 1780 1453 διὰ
1821 1400 1915 1453 τοῦ

326 1479 645 1533 διδασκάλου
673 1480 783 1533 τῶν
818 1484 1070 1537 τοιούτων
1116 1486 1449 1557 μαθημάτων
1485 1490 1592 1560 (44)
1624 1491 1824 1562 Ἰησοῦσ
1857 1492 1915 1555 ὃς

334 1590 353 1621 ι
393 1572 489 1641 οὐχ
520 1573 805 1642 ἁρπαγμὸν
836 1576 1078 1646 ἡγήσατο
1108 1578 1169 1630 τὸ
1200 1573 1337 1632 εἶναι
1369 1579 1460 1634 ἶσα
1490 1583 1628 1653 Θεῷ,
1655 1570 1767 1637 ἀλλ’
1797 1587 1915 1637 ἐαυ-

328 1662 418 1714 τὸν
459 1664 714 1725 ὲκένωσε,
762 1667 975 1736 μορφὴν
1037 1668 1225 1722 δούλου
1279 1671 1482 1725 λαϐών*
1537 1674 1630 1727 καὶ
1675 1676 1911 1745 σχήματι

328 1755 573 1825 εὑρεθεὶς
609 1756 683 1819 ὡς
717 1757 1018 1829 ἄνθρωπος,
1051 1761 1411 1818 ἐταπείνωσεν
1450 1766 1658 1829 ἑαυτὸν,
1684 1769 1910 1837 γενόμε-

327 1862 415 1907 νος
458 1846 693 1916 ὑπήκοος
744 1849 903 1919 μέχρι
949 1850 1197 1911 θανάτου.
1228 1853 1455 1908 θανάτου
1503 1857 1558 1910 δὲ
1597 1859 1848 1928 σταυροῦ.
1886 1879 1904 1910 ι

326 1937 435 2000 Καὶ
457 1936 597 1990 οὕτω
628 1939 767 2009 μέγα
791 1941 967 2010 δόγμα
989 1942 1048 1994 τὸ
1067 1946 1195 2014 περὶ
1222 1949 1717 2019 ταπεινοφροσύνης
1740 1951 1907 2012 ἐστὶν,

323 2028 399 2091 (bc
435 2030 508 2099 μὴ
547 2029 638 2083 τὸν
669 2032 896 2100 τυχόντα
922 2033 1234 2088 διδάσκαλον
1257 2037 1398 2107 ἔχειν
1427 2040 1551 2108 περὶ
1579 2041 1762 2105 αὑτοῦ,
1795 2043 1907 2095 ἀλλ’

322 2121 483 2174 αὑτὸν
520 2123 698 2191 λέγειν
720 2125 807 2176 τὸν
836 2126 1150 2196 τηλικοῦτον
1180 2131 1210 2199 ἡ
1220 2130 1334 2199 μῶν
1375 2132 1602 2203 Σωτῆρα
1625 2147 1637 2158 ·
1657 2153 1673 2184 ι
1693 2136 1907 2189 Μάθετε

321 2211 418 2262 ἀπ’
438 2210 593 2280 ἐμοῦ,
619 2213 700 2263 ὅτι
734 2214 904 2284 πρᾶός
928 2217 1063 2286 εἰμι,
1093 2220 1185 2271 καὶ
1208 2222 1459 2283 ταπεινὸς
1487 2225 1550 2293 τῇ
1576 2224 1789 2294 καρδία,
1818 2227 1908 2278 καὶ

321 2300 579 2371 εὑρήσετε
608 2301 911 2357 ἀνάπαυσιν
946 2308 1061 2368 ταῖς
1092 2306 1291 2376 ψυχαῖς
1320 2308 1493 2377 ὑμῶν.
1527 2328 1545 2361 ι

417 2469 574 2525 Μετὰ
626 2472 803 2526 ταῦτα
852 2469 950 2541 τὴν
1024 2474 1166 2527 κατᾶ
1199 2476 1304 2528 τῶν
1336 2477 1603 2530 πλουσίων
1632 2480 1903 2549 ἀπόφασιν

318 2558 413 2610 τοῦ
461 2560 633 2629 Ἰησοῦ
666 2563 928 2625 εἰπόντος,
966 2583 985 2614 ι
1027 2565 1401 2639 εὐκοπώτερον
1445 2569 1687 2639 κάμηλον
1733 2574 1905 2626 είσελ-

320 2647 433 2701 θεῖν
454 2649 540 2703 διὰ
566 2655 921 2723 τρυπήματος
968 2657 1187 2725 ῥαφίδος
1211 2658 1317 2727 (45)
1354 2660 1385 2729 ἦ
1415 2660 1664 2716 πλούσιον
1693 2666 1771 2728 εἰς
1802 2666 1901 2736 τὴν

319 2738 593 2809 βασιλείαν
630 2744 722 2797 τοῦ
762 2745 917 2809 Θεοῦ,
950 2748 1114 2819 φησὶν
1164 2750 1418 2821 ἄντικρυς
1467 2754 1572 2806 ἀπὸ
1618 2756 1902 2822 Πλάτωνος

316 2831 589 2902 εἰρῆσθαι,
620 2836 712 2889 τοῦ
750 2838 920 2906 Ἰησοῦ
958 2841 1423 2912 παραφθείραντος
1454 2845 1562 2915 (46)
1592 2847 1652 2899 τὸ
1677 2848 1899 2902 Πλατω-

315 2927 481 2992 νικὸν,
518 2929 576 2980 ὲν
618 2924 697 2992 οἷς
734 2926 883 2982 εἶπεν
914 2934 941 2983 ὁ
971 2932 1224 2985 Πλάτων·
1261 2935 1342 2987 ὅτι
1384 2938 1585 3004 ἀγαθὸν
1619 2940 1745 2992 ὄντα
1784 2940 1899 2994 δια-

316 3018 607 3087 φερόντως,
631 3022 724 3073 καὶ
750 3022 999 3075 πλούσιον
1021 3019 1157 3076 εἶναι
1178 3024 1555 3097 διαφερόντως,
1583 3030 1857 3084 ἀδύνατον,
1872 3053 1890 3083 ι

314 3107 410 3170 Τίς
444 3109 486 3161 δ’
509 3110 607 3162 οὐκ
631 3111 716 3174 ἂν,
743 3112 834 3165 καὶ
869 3115 1099 3185 μετρίως
1131 3116 1435 3183 ἐφιστάνειν
1473 3124 1583 3183 τοῖς
1611 3123 1897 3192 πράγμασι

312 3196 625 3268 δυνάμενος,
658 3203 749 3256 τὸν
792 3205 996 3257 Κέλσον
1027 3207 1272 3272 γελάσαι,
1299 3211 1357 3261 οὐ
1398 3210 1504 3262 τῶν
1534 3215 1897 3268 πιστευόντων

312 3288 393 3358 τῷ
432 3290 605 3359 Ἰησοῦ
654 3292 830 3361 μόνον,
859 3295 994 3347 ἀλλὰ
1036 3298 1129 3349 καὶ
1179 3298 1286 3351 τῶν
1333 3300 1529 3353 λοιπῶν
1574 3302 1893 3374 ἀνθρώπων,

312 3381 544 3445 ἀκούων,
588 3383 668 3436 ὅτι
702 3385 905 3454 Ἰησοῦς
941 3390 969 3439 ὁ
1010 3390 1157 3459 παρὰ
1202 3391 1469 3456 Ἰουδαίοις
1505 3398 1895 3466 γεγεννημένος

313 3474 404 3525 καὶ
442 3474 937 3546 ἀνατεθραμμένος,
974 3481 1066 3533 καὶ
1108 3481 1300 3552 Ἰωσὴφ
1342 3483 1433 3536 τοῦ
1455 3484 1703 3549 τέκτονος
1745 3506 1896 3558 νομι-

312 3559 458 3623 σθεὶς
488 3557 623 3614 εἶναι
653 3564 785 3629 υἱὸς,
818 3567 910 3618 καὶ
943 3567 1074 3636 μηδὲ
1110 3568 1411 3638 γράμματα
1438 3572 1793 3642 μεμαθηκὼς,
1813 3557 1893 3626 ού

312 3652 471 3722 μόνον
504 3654 583 3721 τὰ,
603 3655 885 3726 Ἑλλήνων,
911 3658 1022 3711 ἀλλ’
1051 3660 1170 3711 οὐδὲ
1213 3659 1281 3712 τὰ
1315 3661 1597 3732 Ἐϐραίων,
1633 3665 1768 3733 ὅπερ
1802 3667 1894 3717 καὶ

308 3747 365 3797 αί
388 3745 698 3817 φιλαλήθεις
734 3750 1069 3821 μαρτυροῦσι
1114 3751 1324 3823 Γραφαὶ
1358 3754 1464 3822 (47)
1497 3753 1603 3806 τῶν
1634 3758 1761 3826 περὶ
1793 3757 1892 3810 αὐ-

307 3835 417 3897 τὸν,
470 3836 677 3903 ἀνέγνω
719 3839 1005 3893 Πλάτωνα’
1042 3843 1135 3896 καὶ
1188 3843 1438 3913 ἀρεσθεὶς
1507 3849 1570 3917 τῇ
1618 3849 1743 3918 περὶ
1784 3849 1891 3902 τῶν

309 3925 576 3981 πλουσίων
622 3929 1029 4004 ἀποφαινομένῃ
1078 3933 1240 3986 αὐτοῦ
1280 3933 1452 3998 λέξει,
1487 3937 1561 3999 ὼς
1586 3956 1603 3987 ι
1635 3938 1891 3991 ἀδύνατόν

306 4017 452 4068 ἐστιν
474 4017 674 4085 ἀγαθὸν
708 4016 846 4071 εἶναι
868 4021 1231 4092 διαφερόντως
1269 4026 1363 4078 καὶ
1397 4026 1664 4091 πλούσιον,
1705 4049 1723 4081 ι
1753 4048 1890 4101 παρ-

308 4106 554 4178 έφθειρεν
584 4110 772 4179 αὐτὴν,
805 4112 899 4163 καὶ
936 4113 1202 4181 πεποίηκε
1226 4114 1305 4175 τὸ,
1340 4135 1356 4163 ι
1390 4116 1764 4189 εὐκοπώτερον
1793 4123 1890 4174 κά-

311 4199 478 4270 μηλον
516 4201 601 4253 διὰ
630 4203 984 4271 τρυπήματος
1018 4204 1237 4273 ῥαφίδος
1283 4207 1539 4259 εἰσελθεῖν
1573 4210 1604 4278 ἢ
1640 4210 1887 4263 πλούσιον

305 4292 386 4355 εἰς
428 4292 524 4361 τὴν
568 4292 842 4361 βασιλείαν
884 4295 976 4347 τοῦ
1017 4296 1185 4361 Θεοῦ;
1231 4318 1247 4347 ι
1290 4300 1350 4351 Εἰ
1385 4299 1440 4352 δὲ
1484 4301 1557 4371 μὴ
1604 4301 1741 4370 μετὰ
1792 4301 1884 4355 τοῦ

2030 473 2379 527 nihilominus
2417 482 2592 527 tamen
2626 493 2644 525 ι
2674 476 2925 528 humiliat
2951 490 3009 529 se
3044 477 3143 530 sub
3178 479 3378 544 potenti
3434 495 3596 533 manu

2030 563 2120 615 Dei
2154 563 2220 618 ³ο.
2259 582 2275 613 ι
2313 561 2464 630 Quod
2494 564 2537 618 si
2565 564 2654 632 qui
2700 581 2809 633 prin
2835 580 2930 619 sua
2988 566 3334 634 simplicitate
3362 585 3466 625 non
3516 572 3599 624 in-

2030 653 2329 722 telligentes
2358 654 2409 707 in
2443 669 2548 721 quo
2578 654 2682 708 sila
2717 654 2788 707 sit
2837 655 3135 721 humilitas,
3169 658 3256 712 illa
3284 675 3404 729 quae
3456 661 3597 714 dixi-

2027 760 2145 796 mus
2177 744 2381 811 abjeeta
2416 744 2682 807 factitant,
2711 760 2815 797 non
2854 747 2904 798 in
2940 745 3243 800 doctrinam
3265 748 3594 804 conferenda

2025 835 2180 902 culpa
2210 846 2331 899 est;
2377 835 2469 888 scd
2513 835 2895 905 ignoscendum
2967 837 3183 891 illorum
3236 839 3593 907 simplicitati,

2023 942 2128 996 qua
2168 927 2247 993 fit,
2288 935 2363 991 ιιι,
2392 926 2641 996 quamvis
2688 928 2911 981 meliora
2941 929 3041 982 sibi
3081 940 3405 998 proponant,
3437 930 3503 984 ad
3529 946 3592 983 ea

2026 1030 2201 1075 tamen
2227 1036 2332 1074 non
2375 1019 2717 1088 perveniant.
2752 1018 2845 1074 ille
2872 1021 3016 1075 enim
3059 1021 3313 1075 humilior
3346 1030 3400 1075 ει
3429 1035 3588 1075 orna-

2024 1114 2227 1168 tiorest
2248 1114 2339 1167 illo
2355 1128 2513 1182 quem
2539 1112 2694 1167 Plato
2721 1122 3093 1181 repraesentat,
3116 1114 3207 1183 qui
3231 1114 3594 1168 indeornatus

2022 1205 2237 1273 quidem
2269 1215 2371 1266 est,
2409 1207 2549 1273 quod
2579 1224 2597 1255 ι
2630 1205 2681 1258 in
2737 1206 2943 1274 magnis
2977 1215 3031 1258 et
3066 1204 3398 1259 mirabilibus
3430 1219 3594 1273 super

2020 1312 2075 1350 se
2110 1296 2414 1359 ambuletp
2451 1295 2671 1349 humilis
2716 1305 2924 1355 autem,
2966 1294 3146 1363 quod,
3184 1294 3309 1347 licet
3355 1294 3406 1347 in
3442 1294 3593 1349 hisce

2020 1396 2180 1444 rebus
2211 1402 2476 1452 versatus,
2518 1389 2764 1443 lnnuiliet
2798 1404 2856 1443 se
2884 1400 3098 1456 sponte,
3136 1406 3240 1444 non
3278 1391 3378 1445 sub
3416 1390 3591 1459 quoli-

2018 1480 2127 1544 bet,
2156 1481 2248 1533 sed
2280 1498 2298 1530 ι
2340 1480 2438 1533 sub
2482 1480 2684 1559 potenti
2721 1496 2878 1533 manu
2913 1480 3029 1545 Dei,
3062 1499 3079 1531 ι
3109 1480 3265 1549 idque
3289 1496 3383 1549 per
3406 1480 3587 1535 Jesum

2017 1572 2137 1626 talis
2181 1571 2480 1640 disciplinae
2534 1572 2868 1639 magistrum,
2895 1573 2984 1640 qui
3016 1590 3035 1622 ι
3081 1587 3188 1625 non
3227 1572 3469 1640 rapinam
3502 1588 3592 1625 ar-

2018 1660 2246 1715 bitratus
2280 1671 2362 1715 est
2391 1675 2510 1715 csse
2537 1675 2593 1714 se
2634 1661 2889 1728 :equaletn
2927 1663 3055 1724 Deo,
3102 1664 3198 1715 sed
3238 1662 3587 1730 semetipsum

2018 1752 2563 1808 exinanivitformam
2595 1752 2737 1805 servi
2772 1753 3067 1822 accipiens,
3094 1762 3148 1808 et
3180 1753 3367 1807 habitu
3403 1754 3589 1808 inven-

2022 1855 2107 1898 tus
2157 1854 2215 1899 ut
2248 1844 2409 1899 homo
2450 1845 2759 1899 humiliavit
2802 1845 3060 1914 seipsum,
3107 1845 3284 1900 factus
3329 1846 3590 1899 obediens

2017 1950 2187 2003 usque
2214 1938 2279 1988 ad
2301 1946 2555 2001 mortem,
2595 1945 2820 1989 mortem
2850 1945 3025 1989 autem
3048 1937 3225 1991 crucis
3257 1938 3323 1988 υ.
3356 1955 3373 1988 ι
3412 1937 3588 2005 Atque

2018 2027 2120 2079 hoc
2153 2027 2218 2079 de
2247 2026 2554 2081 humilitate
2581 2026 2774 2095 dogma
2796 2028 2929 2080 tanti
2957 2029 3213 2081 momenti
3243 2037 3346 2091 est,
3384 2039 3441 2081 nt
3467 2029 3588 2095 ejus

2014 2129 2120 2168 non
2181 2116 2455 2184 vulgarem
2508 2114 2808 2171 habeamus
2870 2122 3171 2183 doctorem,
3234 2119 3326 2171 sed
3376 2126 3583 2173 tantum

2015 2205 2159 2258 illmn
2189 2205 2524 2260 Salvatorem
2559 2215 2800 2261 nostrum
2830 2225 2843 2260 :
2876 2226 2895 2259 ι
2930 2208 3127 2263 Discite
3152 2226 3180 2262 a
3212 2224 3316 2273 me,
3345 2228 3363 2259 ι
3389 2209 3583 2277 inquit,

2017 2313 2036 2346 ι
2071 2299 2194 2365 quia
2210 2299 2355 2352 mitis
2391 2314 2508 2352 sunt
2544 2309 2598 2352 et
2640 2299 2857 2353 humilis
2877 2300 3059 2365 corde,
3091 2310 3144 2354 et
3169 2300 3454 2353 invenietis
3490 2314 3579 2353 re-

2012 2388 2195 2453 quiem
2225 2387 2509 2443 animabus
2538 2390 2741 2443 vestris
2764 2391 2867 2442 η.»

2084 2476 2174 2528 l6.
2217 2478 2419 2531 Deinde
2450 2479 2550 2532 hoc
2585 2478 2708 2534 Jesu
2736 2479 2802 2532 de
2831 2477 3086 2532 divitibus
3115 2476 3357 2542 effatum,
3387 2494 3407 2528 ι
3443 2476 3578 2530 faci-

2010 2566 2112 2620 lius
2143 2582 2260 2620 esse
2286 2567 2549 2621 camelum
2586 2583 2680 2636 per
2706 2569 2946 2623 foramen
2971 2583 3100 2623 acus
3134 2568 3390 2629 transire,
3415 2583 3575 2636 quant

2009 2658 2229 2712 divitem
2250 2659 2303 2711 in
2328 2673 2550 2726 regnum
2574 2659 2832 2713 caelorum
2851 2658 2922 2722 ²³;
2950 2677 2969 2710 ι
2995 2660 3069 2712 ait
3093 2673 3212 2713 esse
3250 2658 3460 2712 Platoni
3496 2658 3580 2711 di-

2008 2760 2176 2811 ctum,
2207 2757 2261 2802 et
2293 2746 2464 2802 aJesu
2494 2748 3191 2820 interpolatumzsiquidem
3212 2748 3364 2806 Plato
3381 2750 3577 2805 dixerit

2012 2858 2029 2890 ι
2044 2838 2159 2893 licri
2178 2854 2285 2893 non
2297 2856 2475 2910 posse,
2489 2850 2552 2895 ut
2565 2839 2653 2907 qui
2674 2841 2825 2895 dives
2845 2850 2926 2894 est
2944 2843 3179 2911 egregie,
3205 2844 3342 2896 idem
3359 2843 3576 2912 egregie

2006 2932 2178 2984 bonus
2206 2929 2314 2984 sit.
2355 2949 2373 2981 ι
2411 2930 2605 2999 Ecquis
2633 2931 2714 2985 vel
2761 2932 3106 2986 mediocriter
3154 2934 3220 2987 ad
3268 2948 3356 2987 res
3396 2942 3572 2988 atteno

2004 3029 2111 3085 tus,
2142 3037 2245 3075 non
2288 3022 2431 3075 inter
2474 3022 2675 3076 Christi
2715 3038 2981 3091 sequaces
3011 3034 3238 3086 tantum,
3266 3025 3359 3078 sed
3407 3025 3570 3079 etiam

2003 3113 2145 3166 inter
2167 3123 2394 3167 cmteros
2417 3115 2683 3180 homines,
2698 3115 2867 3169 risum
2894 3123 3097 3177 teneat,
3118 3132 3144 3167 a
3164 3115 3320 3170 Celso
3346 3116 3572 3170 audiens

1998 3202 2178 3256 Jesum
2216 3205 2356 3271 apud
2383 3202 2601 3258 Iudaeos
2655 3213 2838 3258 natum
2899 3214 2954 3259 et
2994 3207 3300 3271 educatum,
3331 3222 3430 3276 pro
3463 3207 3573 3260 ﬁlio

2000 3295 2136 3349 fabri
2163 3295 2365 3365 Joseph
2402 3297 2668 3363 habitum,
2722 3312 2819 3351 nec
2846 3297 3063 3352 Graecas
3121 3314 3223 3352 nec
3278 3298 3569 3353 llebraicas

1998 3384 2211 3440 litteras
2235 3387 2453 3440 doctum
2475 3387 2545 3451 “,
2586 3398 2642 3440 ut
2672 3402 2797 3441 vera
2846 3388 2961 3454 ejus
2993 3388 3371 3455 discipulorum
3404 3387 3568 3458 642

1996 3477 2194 3543 scripta
2256 3485 2562 3541 testantur,
2614 3476 2857 3531 Platonis
2893 3478 3060 3531 libros
3118 3479 3333 3547 legisse,
3365 3486 3420 3531 et
3475 3477 3563 3529 illa

1995 3567 2111 3634 ejus
2133 3568 2198 3621 de
2230 3568 2485 3621 divitibus
2534 3568 2858 3621 delectatum
2909 3569 3201 3630 sententia,
3252 3585 3272 3618 ι
3302 3569 3417 3622 ﬁeri
3458 3584 3563 3621 non

1995 3673 2152 3726 posse
2174 3667 2231 3711 ιιι
2261 3658 2401 3712 idem
2439 3658 2511 3712 sit
2538 3658 2756 3727 egregie
2782 3660 2934 3712 dives
2973 3670 3029 3713 et
3057 3660 3273 3729 egregie
3306 3659 3499 3722 bonus,
3537 3676 3558 3711 ι

1996 3748 2140 3801 illam
2174 3748 2538 3815 intcrpolasse
2567 3760 2621 3803 et
2667 3750 3069 3804 convertisseiu
3096 3750 3275 3813 istam,
3306 3766 3325 3800 ι
3354 3747 3564 3803 facilius

1993 3852 2116 3893 esse
2170 3840 2435 3893 camelum
2496 3856 2591 3910 per
2622 3841 2867 3896 foramen
2916 3855 3045 3894 acus
3100 3841 3350 3904 transire,
3399 3855 3560 3909 quam

1993 3931 2210 3985 divitem
2266 3933 2318 3985 in
2353 3949 2574 4001 regnum
2613 3934 2914 3990 caelorum?
2942 3953 2961 3987 ι
2997 3934 3066 3986 At
3096 3933 3139 3986 si
3168 3932 3356 3988 Celsus
3386 3932 3437 3987 in
3480 3932 3559 3987 le-

1991 4025 2179 4092 gendis
2229 4023 2535 4095 Evai-gcliis
2573 4026 2702 4080 odio
2759 4041 2863 4080 non
2921 4025 3115 4080 fuisset
3169 4034 3225 4079 et
3271 4023 3557 4078 inimicitia

1990 4126 2309 4186 occupatus;
2334 4118 2379 4171 si
2413 4118 2655 4173 veritatis
2670 4132 2855 4171 amore
2884 4118 3078 4171 ductus
3119 4115 3340 4182 fuisset,
3368 4115 3558 4169 scivis-

1989 4218 2071 4261 set
2098 4223 2202 4277 qua
2235 4209 2298 4262 dc
2334 4223 2496 4262 causa
2530 4207 2787 4271 camelus,
2822 4207 3021 4260 animal
3048 4214 3233 4260 natura
3275 4204 3557 4274 gibbosum

1988 4308 2043 4352 et
2075 4299 2385 4363 distortum,
2418 4312 2601 4368 aptum
2637 4301 2810 4353 visum
2857 4299 3024 4353 fuerit
3051 4298 3193 4367 quod
3235 4312 3357 4350 cum
3387 4297 3557 4350 divite

309 4386 485 4453 μισεῖν
517 4382 625 4452 (48)
658 4385 751 4436 καὶ
780 4385 1177 4456 ἀπεχθάνεσθαι
1216 4389 1453 4459 ἐντυχὼν
1498 4396 1609 4455 τοῖς
1638 4393 1883 4461 Εὐαγγέ-

2006 4397 2424 4456 mmpararetur:
2455 4396 2509 4442 et
2543 4389 2669 4456 quid
2717 4387 2946 4441 voluerit
2976 4396 3204 4455 angusto
3248 4401 3376 4439 acus
3408 4385 3552 4440 fora-

306 4473 435 4537 λίοις
469 4475 767 4547 φιλαλήθης
810 4472 876 4547 ἦν
919 4479 946 4530 ὁ
981 4478 1204 4541 Κέλσος,
1246 4480 1541 4549 ἐπέστησεν
1576 4482 1661 4545 ἂν,
1698 4482 1749 4535 τί
1786 4484 1883 4554 δή·

306 4578 432 4615 ποτε
482 4564 803 4635 παρελήφθη
865 4564 1127 4634 κάμηλος,
1185 4567 1246 4618 τὸ
1291 4567 1397 4620 τῶν
1436 4566 1589 4630 ζώων
1622 4570 1742 4623 ὅσον
1771 4570 1880 4642 (49)

1992 4478 2137 4531 ηιίιιε
2167 4477 2277 4540 ille,
2306 4478 2395 4546 qui
2441 4477 2576 4531 dixit
2612 4488 2815 4531 arctam
2850 4486 2904 4530 et
2940 4486 3220 4545 angustant
3260 4475 3401 4528 viam
3434 4487 3557 4529 esse

1989 4582 2110 4637 qua:
2129 4570 2275 4622 ducit
2290 4569 2354 4623 ad
2375 4571 2535 4623 vitam
2552 4570 2618 4623 ³⁸.
2636 4570 2967 4624 Advertissct
2993 4584 3058 4622 ex
3078 4567 3193 4637 lege
3216 4566 3552 4621 iuunundum

394 4723 447 4795 '°_
464 4722 485 4795 1Δ
504 4721 649 4776 l’etr.
679 4738 727 4783 ι’,
755 4720 810 4776 6.
887 4725 928 4754 ’³
961 4725 1151 4795 Philip.
1181 4743 1240 4791 ιι,
1265 4726 1317 4788 ϐ,
1343 4726 1394 4793 7,
1422 4727 1474 4782 8.
1552 4730 1595 4759 ”
1620 4729 1812 4782 Matth.
1842 4745 1890 4781 xl

2006 4733 2031 4780 l.
2110 4729 2154 4759 ³³
2182 4726 2371 4781 Matth.
2408 4744 2515 4793 χιχ,
2534 4728 2625 4782 24.
2698 4726 2745 4757 ’⁸
2768 4726 2953 4782 Matth.
2979 4743 3096 4794 xm,
3122 4726 3211 4782 55.
3290 4727 3336 4759 ³³
3362 4726 3547 4785 Matth.

307 4806 403 4851 vn.
428 4791 515 4844 14.

378 4905 881 4983 (42⁷))ῌἾδιωτείαν.
903 4910 1072 4983 Recte
1088 4910 1259 4983 codd.
1296 4912 1500 4983 Regius
1523 4922 1579 4968 et
1602 4912 1877 4969 Basileen-

305 4975 587 5051 sis._l.ibij
616 4988 793 5051 autem
821 4982 971 5044 editi,
1004 4982 1259 5051 ἰδιότητα.

378 5047 491 5124 (μ)
541 5046 710 5124 Ορόιιἐ
751 5051 879 5117 llcg.
927 5061 981 5104 et
1033 5046 1222 5115 Basil.,
1276 5053 1631 5124 μαθημάτων.
1715 5052 1869 5109 Libb.

305 5117 456 5187 editi,
497 5116 770 5187 μαθητῶν.

377 5186 488 5257 (45)
540 5186 919 5255 Τρυπήματος
958 5189 1232 5257 ῥαφίδος.
1308 5190 1475 5243 Codd.
1528 5191 1775 5243 Vatican.
1821 5199 1876 5243 et

305 5256 630 5329 Anglicanus
666 5262 872 5329 primus
906 5256 1179 5328 τρύματος
1220 5259 1425 5329 habent
1448 5274 1545 5329 pro
1582 5261 1875 5329 τρυπήμα-

301 5325 414 5399 τος.
464 5325 1160 5399 Clemens_Ale}antli'inu_s
1198 5328 1377 5399 habet,
1407 5325 1628 5398 βελόνης
1652 5325 1876 5399 ριὀρα-

303 5395 450 5464 φίδος
493 5403 546 5449 ει
578 5394 946 5449 διελεύσεσθαι
993 5412 1088 5463 pro
1120 5396 1362 5457 διελθεῖν,
1408 5394 1471 5448 et
1525 5394 1668 5465 quod
1707 5394 1875 5466 magis

304 5466 535 5585 lllllrlig'l}
569 5466 874 5534 φιλοσοφεῖν
921 5482 1017 5536 pro
1065 5467 1144 5527 εἰς
1189 5466 1285 5537 τὴν
1323 5467 1595 5535 βασιλείαν
1620 5467 1712 5520 τοῦ
1739 5467 1873 5521 Θεοῦ

304 5551 327 5584 ε
357 5550 416 5585 σε
486 5551 509 5585 ε
536 5552 581 5585 ν.

303 5536 581 5587 εἰσελθεῖν.

373 5601 484 5670 (46)
505 5603 695 5676 Codex
734 5604 953 5676 Regius,
986 5604 1476 5676 παραφθείραντος.
1536 5606 1690 5661 Libb.
1720 5608 1871 5674 editi,

306 5671 788 5745 παραφθείροντος.
819 5671 1016 5731 ίΡιιυίο
1065 5671 1190 5746 posit
1224 5671 1566 5733 litesclteiius
1614 5678 1666 5732 in
1702 5671 1871 5746 textu,

1983 4914 2184 4981 ἀγαθὸν
2208 4913 2335 4965 ὄντα
2382 4912 2673 4983 διαφόρως,
2718 4911 2906 4983 sicque
2933 4926 3065 4967 mss.
3102 4911 3239 4968 Vide
3268 4911 3548 4969 Platonem

1984 4985 2080 5037 lib.
2114 5000 2145 5032 ν
2181 4983 2254 5035 De
2281 4983 2499 5051 legibus,
2537 4982 2656 5051 pag.
2686 4982 2812 5035 745.

2051 5053 2166 5122 (47)
2194 5050 2458 5122 I‘pagbal.
2478 5050 2682 5122 Matth.
2697 5067 2818 5120 cap.
2839 5066 2956 5122 xui,
2985 5067 3124 5105 com.
3150 5052 3239 5117 25,
3266 5050 3439 5122 Marc.
3469 5068 3546 5117 v1,

1980 5118 2120 5176 com.
2146 5118 2180 5175 2
2213 5118 2267 5176 ει
2299 5118 2352 5174 5.
2405 5118 2629 5176 Clariss.
2654 5118 2806 5176 Grol.
2835 5121 2886 5174 in
2936 5123 3117 5175 adnot.
3150 5124 3214 5174 ad
3260 5120 3499 5174 Marcum
3529 5138 3545 5177 :

1985 5210 2003 5243 ι
2032 5192 2206 5246 Causa
2245 5190 2641 5255 admirationis,
2693 5202 2754 5245 ut
2782 5192 2997 5246 collatio
3039 5191 3197 5244 Lucae
3228 5199 3282 5242 et
3320 5189 3546 5245 Joannis

1976 5277 2075 5316 nos
2119 5263 2299 5325 docet,
2354 5263 2465 5315 haec
2500 5273 2638 5327 erat,
2692 5264 2833 5330 quod
2884 5260 3058 5323 Jesus,
3110 5258 3252 5312 nullo
3308 5262 3547 5330 humano

1977 5333 2289 5400 magisterio
2334 5332 2637 5393 institutus,
2704 5328 2912 5384 Summa
2975 5344 3093 5400 cum
3157 5328 3545 5398 perspicuitate

1971 5397 2355 5469 prophetarum
2381 5401 2543 5453 verba
2579 5400 2900 5469 explicaret.
2924 5416 2950 5469 ί»
2986 5397 3247 5469 δρεμειειι.

2040 5466 2151 5540 (48)
2185 5472 2256 5524 Ei
2280 5469 2347 5523 δὲ
2367 5468 2452 5537 μὴ
2472 5470 2622 5540 μετὰ
2647 5466 2752 5540 τοῦ
2774 5468 2997 5536 μισεῖν.
3060 5466 3250 5521 Melius
3293 5466 3431 5520 forte
3462 5466 3536 5520 lc-

1971 5538 2149 5610 gatur.
2178 5543 2225 5593 εί
2251 5540 2307 5592 δὲ
2333 5541 2434 5610 κᾶν
2460 5538 2598 5610 μετά
2634 5538 2722 5610 τοῦ
2755 5540 2950 5610 μισεῖν.

2045 5557 2149 5599 tur.
2178 5557 2225 5593 ει
2251 5557 2307 5592 οε
2333 5557 2434 5593 καν
2504 5557 2598 5591 ετα
2634 5557 2722 5590 του
2755 5557 2950 5606 μισειν.

2045 5610 2153 5681 (49)
2187 5610 2254 5665 Τὸ
2295 5609 2412 5665 τῶν
2452 5557 2607 5671 libum
2632 5608 2800 5661 ὅσον.
2861 5606 3088 5661 Guietus
3120 5604 3266 5675 legit,
3300 5604 3360 5657 τὸ
3405 5601 3540 5669 ζῶον

1969 5680 2112 5736 ὅσον.
