3990 6158
449 259 592 316 1315

1925 253 2250 314 ORIGENIS

3583 251 3733 307 l3l6

446 378 552 432 hoc
607 373 808 432 animal
854 376 1112 446 reputari,
1156 374 1445 444 probatum
1488 374 1703 444 quidem
1754 382 2022 441 quatenus

2130 369 2219 420 ἐπὶ
2240 370 2305 438 τῇ
2341 371 2652 439 κατασκευῇ
2677 368 2908 435 σκολιὸν,
2944 366 3420 438 παραϐαλλόμενον
3449 363 3529 434 τῷ
3561 364 3738 419 πλου-

444 469 710 534 ruminat,
749 468 1076 536 rejectitium
1121 480 1270 530 vero,
1307 465 1436 535 quia
1474 465 1645 520 divisa
1689 465 1884 532 ungula
1922 479 2024 516 non

446 559 540 615 sit.
566 559 922 615 Observasset
958 556 1120 610 etiam
1161 555 1381 626 quoties
1426 563 1482 609 et
1511 554 1710 624 quibus
1749 553 1814 607 de
1849 553 2026 606 causis

447 651 740 718 Scriptura:
760 649 827 702 de
857 647 1066 701 camelo
1103 646 1429 699 mentionem
1471 644 1736 709 iecerint;
1783 652 1842 696 ut
1868 642 2026 696 Verbi

447 735 516 790 de
551 734 806 789 divitibus
858 733 1182 787 sententiam
1239 743 1640 800 assequeretur.
1692 731 1806 786 lloc
1858 732 2022 784 etiam

446 823 946 888 animadvertisset,
990 823 1256 888 Jesusne,
1313 840 1436 878 cum
1493 838 1759 892 pauperes
1813 824 2022 889 beatos,

445 917 644 970 divites
701 929 834 969 vero
878 915 1110 968 miseros
1156 915 1476 983 pronuntiat
1523 914 1590 980 '°,
1645 914 1901 982 loquatur
1959 915 2025 968 de

445 1007 694 1076 utrisque
717 1007 1012 1074 spectando
1034 1007 1100 1060 ad
1137 1006 1255 1059 illos
1278 1006 1370 1075 qui
1406 1004 1508 1059 sub
1543 1020 1762 1060 sensum
1798 1015 2020 1064 canunt.

447 1118 514 1156 an
544 1102 835 1170 quamdam
871 1108 1245 1168 paupertatem
1278 1098 1487 1152 noverit
1515 1098 1748 1153 Verbum
1773 1100 1921 1152 omni
1956 1114 2022 1152 ex

445 1201 597 1260 parte
630 1190 950 1244 laudabilem
998 1199 1052 1244 et
1083 1190 1301 1244 divitias
1328 1190 1474 1243 omni
1521 1205 1585 1242 ex
1628 1198 1782 1258 parte
1815 1190 2025 1258 vitupe-

450 1282 670 1338 rabiles.
707 1279 841 1334 Nam
888 1296 986 1334 nec
1039 1295 1070 1336 e
1120 1281 1251 1334 faece
1301 1280 1472 1348 plebis
1518 1281 1678 1334 homo
1721 1280 2025 1335 laudaverit

447 1388 712 1443 pauperes
735 1372 880 1426 nullo
910 1371 1247 1436 discrimine,
1283 1386 1512 1441 quorum
1558 1371 1714 1431 multi
1744 1382 1868 1426 sunt
1896 1388 2024 1426 eor-

448 1463 779 1532 ruptissimfs
818 1463 1075 1516 moribus.
1111 1462 1306 1516 Verum
1339 1462 1404 1516 de
1454 1462 1538 1516 his
1576 1463 1678 1517 hoc
1704 1466 1835 1517 'oco
1870 1463 2023 1518 satis.

2133 462 2231 530 σίῳ
2250 478 2262 490 ·
2295 461 2388 514 καὶ
2409 461 2461 512 τί
2488 459 2635 530 αὐτῷ
2666 459 2914 513 ἐϐούλετο
2947 462 2980 530 ἡ
3010 459 3168 530 στενὴ
3217 458 3316 528 τῆς
3344 456 3570 527 ῥαφίδος
3597 473 3735 527 τρυο

2134 551 2320 621 μαλιά,
2358 549 2546 621 στενὴν
2581 551 2841 619 φάσκοντι
2890 547 3027 603 εἶναι
3073 548 3166 602 καὶ
3214 546 3584 618 τεθλιμμένην
3627 546 3732 616 τὴν

2129 643 2246 695 ὁδὸν
2269 642 2368 714 τὴν
2399 643 2720 710 ἀπάγουσαν
2753 643 2833 704 εἰς
2857 642 2956 713 τὴν
2984 641 3127 712 ζωήν
3147 656 3160 670 °
3209 639 3303 692 καὶ
3334 639 3414 705 τὸ,
3465 636 3607 690 κατά
3636 638 3732 691 τὸν

2131 736 2294 805 νόμον
2335 735 2391 788 δὲ
2438 735 2750 804 ἀκάθαρτον
2795 735 2858 787 τὸ
2901 733 3036 798 ζῶον
3081 730 3496 804 ἀναγεγράφθαι
3545 728 3725 791 τοῦτο,

2132 826 2252 896 ἔχον
2290 827 2387 896 μέν
2433 844 2486 878 τι
2532 827 2849 889 ἀπόδεκτον,
2881 824 2942 878 τὸ
2973 822 3341 894 μηρυκᾶσθαι,
3391 821 3512 890 ἕχον
3546 821 3604 872 δὲ
3633 820 3728 872 καὶ

2129 917 2350 985 ψεκτὸν,
2382 917 2443 970 τὸ
2479 918 2554 988 μὴ
2582 917 2848 988 διχηλεῖν·
2881 916 3140 986 ἐξήτασεν
3189 913 3255 966 ἂν
3303 913 3398 966 καὶ
3433 912 3625 973 ὁσάκις
3649 912 3726 967 ,ἐν

2129 1012 2249 1071 ταῖς
2276 1008 2444 1071 θείαις
2474 1008 2794 1079 παρελήφθη
2829 1007 3073 1078 κάμηλος
3105 1007 3144 1058 Γ
3150 1007 3366 1076 ραῳαῐς,
3396 1005 3491 1056 καὶ
3525 1003 3621 1054 ἐπὶ
3649 1002 3730 1054 τί-

2130 1118 2264 1154 νων·
2313 1102 2400 1154 ἵνα
2447 1100 2698 1171 θεωρήσῃ
2726 1100 2785 1152 τὸ
2821 1101 2948 1172 περὶ
2979 1098 3087 1151 τῶν
3131 1097 3397 1150 πλουσίων
3431 1094 3527 1147 τοῦ
3562 1095 3723 1162 λόγου

2134 1191 2406 1263 βούλημα·
2440 1193 2541 1244 οὐκ
2569 1191 2750 1244 εἴασεν
2784 1190 2848 1244 ἂν
2877 1190 3235 1244 ἀϐασάνιστον
3270 1188 3364 1241 καὶ
3396 1188 3459 1239 τὸ
3487 1185 3725 1257 μακαρί-

2130 1283 2316 1346 ζεσθαι
2354 1284 2449 1354 μὲν
2488 1284 2614 1346 τοὺς
2657 1284 2907 1353 πτωχοὺς
2944 1281 3050 1336 ὑπὸ
3087 1281 3182 1334 τοῦ
3213 1280 3409 1350 Ἰησοῦ,
3443 1279 3728 1343 ταλανίζε-

2135 1373 2257 1427 σθαι
2291 1374 2346 1426 δὲ
2377 1375 2502 1437 τοὺς
2550 1374 2867 1436 πλουσίους·
2925 1373 3150 1444 πότερον
3197 1372 3416 1425 ἐπὶτῶν
3451 1368 3726 1440 αίσθητῶν

2131 1465 2280 1536 αὐτῷ
2309 1466 2481 1518 ταῦτα
2517 1465 2626 1537 (50)
2655 1465 2886 1536 πτωχῶν
2919 1467 3012 1519 καὶ
3054 1465 3342 1529 πλουσίων,
3379 1465 3411 1534 ἢ
3461 1459 3571 1517 οἶδέ
3605 1479 3724 1514 τινα

447 1557 716 1626 πτωχείαν
749 1556 962 1617 πάντως
993 1553 1430 1626 μακαριζομένην
1454 1554 1482 1605 6
1521 1553 1708 1622 Λόγος,
1740 1555 1833 1606 καὶ
1867 1554 2093 1608 πλοῦτον
2124 1557 2339 1620 πάντως
2371 1558 2589 1628 ψεκτόν.
2633 1559 2746 1610 Οὐκ
2801 1557 2866 1610 ἂν
2923 1556 3030 1628 γάρ
3061 1557 3170 1609 οὐδ’
3207 1559 3234 1609 6
3266 1554 3443 1625 τυχὼν
3485 1554 3724 1624 ἀκρίτως

446 1649 573 1712 τοὺς
600 1647 850 1717 πτωχοὺς
877 1644 1158 1715 ἐπῄνεσεν,
1187 1639 1260 1698 ὧν
1285 1647 1332 1698 οἱ
1367 1643 1551 1698 πολλοὶ
1579 1645 1674 1697 καὶ
1709 1645 2030 1713 φαυλότατοί
2064 1647 2169 1699 είσι
2201 1647 2268 1699 τά
2302 1646 2430 1717 ἤθη.
2473 1647 2632 1700 Ἀλλά
2663 1646 2833 1700 ταῦτα
2865 1647 2960 1717 μὲν
2986 1645 3178 1717 ταύτῃ.

522 1743 608 1796 Π.
646 1743 782 1798 Tum
843 1742 1143 1810 deprimere
1172 1750 1399 1794 conatur
1446 1755 1510 1794 ea
1565 1755 1685 1809 qua:
1729 1742 1794 1796 de
1847 1758 2012 1813 regno
2044 1753 2087 1807 Β

453 1832 549 1887 Dei
589 1832 926 1902 scripserunt
946 1839 1213 1900 auctores
1263 1829 1455 1883 nostri.
1491 1830 1634 1884 Nihil
1670 1832 1862 1886 borum
1903 1833 2022 1902 qui-

451 1925 573 1980 dem
593 1924 646 1978 in
669 1924 902 1979 medium
930 1921 1116 1978 aﬂert:
1143 1923 1340 1992 quippe
1357 1922 1448 1992 qui
1474 1922 1606 1976 nihil
1629 1923 1850 1992 dignum
1877 1925 2024 1993 judi-

453 2027 542 2072 cat
558 2015 700 2085 quod
718 2015 1078 2078 exscribalur,
1101 2023 1194 2067 aut
1219 2014 1446 2068 fortasse
1459 2014 1583 2083 quia
1608 2029 1712 2068 non
1735 2014 1898 2084 legit:
1929 2016 2024 2070 sed

457 2122 525 2164 ex
545 2108 788 2164 Platonis
804 2109 1050 2178 epistolis
1073 2114 1126 2161 et
1156 2106 1384 2161 Phaedro
1401 2107 1702 2161 sententias
1724 2106 2022 2176 depromit,

454 2199 612 2268 quasi
641 2199 885 2265 divinas,
916 2207 971 2252 et
1000 2195 1154 2266 quasi
1189 2196 1240 2250 in
1283 2196 1581 2266 Scripturis
1613 2198 1814 2251 nostris
1847 2197 2025 2252 simile

455 2290 692 2347 sit'uihil.
713 2291 784 2345 Ex
810 2291 896 2345 his
914 2291 1077 2359 igitur
1090 2304 1261 2358 pauca
1285 2289 1764 2357 proferamuscum
1783 2289 2025 2344 Platoni-

454 2383 534 2438 cis
560 2383 890 2437 conferenda
913 2401 926 2436 :
946 2398 1065 2450 qua:
1093 2381 1372 2436 Platonica
1399 2391 1457 2434 ut
1479 2381 1877 2448 probabilitatis
1910 2397 2026 2451 spe-

453 2478 592 2531 ciem
613 2490 724 2544 pra:
745 2490 801 2529 se
816 2474 1014 2539 ferant,
1037 2481 1459 2542 nonpotucrunt
1476 2481 1653 2526 tamen
1677 2472 1826 2526 illum
1847 2473 2020 2543 ipsum

453 2571 724 2626 adducere
752 2576 809 2622 ut
832 2583 920 2632 ea,
955 2583 1061 2631 qua
1095 2565 1480 2636 philosophum
1517 2581 1616 2635 par
1648 2573 1788 2630 erat,
1818 2566 2022 2633 pietate

454 2676 636 2717 rerum
674 2660 914 2716 omnium
945 2657 1536 2713 Conditoremcoleret.
1559 2654 1691 2709 Nam
1715 2656 1758 2709 si
1778 2657 1950 2723 pietas
1971 2655 2020 2709 ei

454 2747 633 2801 inerat
651 2786 669 2813 ,
690 2746 923 2801 debebat
940 2745 1083 2799 illam
1109 2760 1216 2798 non
1237 2744 1546 2799 adulterare
1561 2741 1627 2796 et'
1642 2744 1925 2811 inquinare
1937 2746 2018 2799 vi-

455 2837 559 2904 tio,
592 2852 757 2906 quam
779 2852 1051 2904 _vocamus
1084 2836 1466 2900 idololatriam,
1495 2846 1588 2889 aut
1614 2837 2019 2904 superstitione,

455 2937 514 2980 ut
531 2929 725 2997 vulgus
747 2927 1000 2997 loquitur.
1029 2930 1084 2979 In
1112 2927 1320 2996 psalmo
1345 2928 1574 2994 septimo
1595 2929 1804 2982 decimo
1824 2929 1888 2982 de
1912 2928 2020 2981 Deo

454 3015 722 3069 llebraica
768 3014 1020 3082 loquendi
1056 3015 1265 3068 ratione
1297 3017 1514 3078 dicitur,
1540 3035 1558 3066 ι
1596 3017 1742 3070 illum
1777 3018 2021 3086 posuisse

2198 1743 2348 1796 Ἐπεὶ
2404 1743 2448 1795 δ’
2505 1741 2630 1814 ἐξῆς
2685 1743 3014 1809 ἐξευτελίσαι
3069 1742 3389 1812 βουλόμενος
3449 1740 3522 1793 τὰ
3598 1743 3720 1811 περὶ

2133 1833 2408 1904 βασιλείας
2439 1833 2572 1887 Θεοῦ
2607 1835 2970 1905 γεγραμμένα
3017 1835 3146 1905 παρ’
3190 1834 3342 1904 ἡμῖν,
3381 1832 3592 1884 τούτων
3624 1831 3723 1901 μὲν

2131 1925 2283 1978 οὐδὲν
2326 1925 2612 1997 παρέθετο,
2642 1926 2718 1989 ὡς
2760 1925 2881 1978 οὐδέ
2911 1926 3010 1996 τῆς
3040 1925 3170 1996 παρ’
3214 1923 3360 1993 αὐτῷ
3398 1922 3547 1987 ἄξιον
3595 1924 3718 1976 ἀνα-

2130 2017 2350 2088 γραφῆς
2371 2035 2384 2047 ·
2417 2017 2557 2087 τάχα
2591 2017 2714 2069 ἐπεὶ
2741 2017 2877 2088 μηδέ
2906 2017 3022 2086 ᾔδει
3056 2016 3220 2070 αὐτά·
3251 2015 3536 2078 Πλάτωνος
3565 2014 3622 2067 δέ
3642 2014 3721 2066 λέ-

2133 2107 2241 2172 ξεις
2261 2107 2531 2161 ἐκτίθεται
2551 2108 2658 2161 ἀπό
2675 2125 2735 2160 τε
2761 2107 2871 2161 τῶν
2891 2107 3184 2160 ἐπιστολῶν
3203 2107 3298 2160 καὶ
3316 2107 3409 2159 τοῦ
3434 2105 3715 2172 Φαίδρου,

2128 2199 2204 2263 ὡς
2231 2200 2434 2252 τούτων
2460 2201 2560 2271 μὲν
2587 2200 2784 2263 ἐνθέως
2822 2199 3143 2270 εἰρημένων,
3184 2199 3336 2252 οὐδὲν
3369 2199 3426 2252 δὲ
3475 2197 3717 2250 τοιοῦτον

2130 2290 2360 2360 ἐχόντων
2382 2290 2489 2343 τῶν
2511 2291 2794 2362 ἡμετέρων
2815 2289 3174 2360 γραμμάτων·
3205 2289 3356 2360 φέρε,
3375 2288 3530 2356 ὀλίγα
3550 2304 3717 2358 παρα-

2131 2381 2415 2450 ϐάλλωμεν
2457 2381 2811 2452 παραθέσεως
2842 2380 3025 2432 ἕνεκεν
3061 2378 3161 2448 τῆς
3198 2379 3331 2448 πρὸς
3377 2379 3445 2431 τὰ
3474 2379 3715 2431 Πλάτωνι

2128 2471 2228 2525 οὐκ
2267 2472 2545 2534 ἀπιθάνως
2591 2471 2688 2541 μὲν
2736 2471 3020 2541 εἰρημένα,
3062 2470 3122 2522 οὐ
3177 2468 3282 2540 μὴν
3334 2470 3428 2522 καί
3466 2468 3714 2522 διαθέντα

2127 2566 2219 2620 τὸν
2272 2566 2558 2634 φιλόσοφον
2596 2564 2762 2630 ἀξίως
2806 2563 2910 2616 κᾶν
2953 2561 3099 2633 αύτῷ
3143 2563 3253 2631 (51)
3303 2563 3709 2633 ἀναστραφῆναι

2129 2658 2187 2709 ἐν
2240 2660 2305 2728 τῇ
2356 2657 2493 2727 πρὸς
2550 2655 2641 2708 τὸν
2699 2656 2934 2725 Ποιητὴν
2983 2653 3090 2706 τῶν
3133 2653 3269 2706 ὅλων
3321 2652 3598 2722 εὐσεϐείᾳ·
3647 2651 3711 2720 ἢν

2129 2749 2297 2818 ἐχρῆν
2359 2747 2433 2819 μὴ
2486 2745 2766 2810 νοθεύειν,
2819 2745 2953 2816 μηδὲ
3015 2743 3248 2814 μιαίνειν
3303 2747 3368 2815 τῇ
3429 2743 3506 2807 ὡς
3554 2745 3711 2813 ἡμεῖς

2127 2837 2464 2908 ὀνομάζομεν
2507 2837 2916 2907 εἱδωλολατρείᾳ
2951 2835 3081 2905 (5‘2),
3122 2835 3196 2897 ὡς
3242 2835 3298 2888 δὲ
3348 2836 3440 2888 καὶ
3480 2836 3529 2887 οἱ
3588 2835 3709 2887 πολ·

2127 2927 2208 2980 λοι
2238 2929 2445 2995 λέγοιεν
2485 2928 2550 2981 ἂν
2597 2925 2865 2999 χρώμενοι
2912 2924 2989 2994 τῷ
3036 2925 3280 2995 ὀνόματι,
3326 2926 3419 2978 καὶ
3451 2928 3516 2995 τῇ
3544 2925 3707 2977 65:01--

2126 3017 2393 3089 δαιμονίᾳ.
2427 3018 2626 3089 Τρὸπῳ
2657 3017 2721 3088 δὴ
2764 3014 3037 3086 Ἑῦραῖκῷ
3081 3032 3186 3068 τινι
3211 3015 3424 3083 λέγεται
3456 3015 3585 3085 περὶ
3621 3014 3710 3067 τοῦ

451 3105 614 3176 643
647 3105 899 3159 tenebras
948 3105 1226 3159 latibulum
1261 3122 1415 3160 suum
1442 3109 1512 3159 ".
1544 3127 1562 3159 ›
1598 3107 1753 3174 Quod
1802 3111 2016 3177 quidem

2130 3110 2263 3164 Θεοῦ
2294 3112 2350 3162 ἐν
2383 3108 2828 3178 ἑπτακαιδεκάτῳ
2855 3108 3075 3179 ψαλμῷ,
3105 3109 3209 3171 ὅτι,
3237 3127 3256 3158 ‹
3295 3108 3486 3160 Ἔθετο
3524 3107 3709 3169 σκότος

455 3197 747 3268 signiﬁcat,
784 3211 905 3265 quin
937 3199 1003 3251 de
1035 3197 1144 3251 Deo
1183 3199 1436 3266 cognosci
1483 3213 1580 3268 pro
1627 3201 1822 3254 merito
1858 3201 2024 3256 debe-

455 3298 599 3354 rent,
629 3302 693 3342 ea
729 3287 959 3341 obseura
1005 3302 1127 3342 esse
1175 3297 1229 3342 et
1283 3288 1754 3358 impenetrabilia;
1813 3293 1936 3360 quia
1967 3308 2026 3347 se

453 3379 602 3434 velut
635 3380 688 3433 in
727 3379 964 3434 tenebris
996 3378 1278 3434 abscondit
1323 3397 1451 3450 erga
1484 3396 1578 3436 eos
1634 3383 1726 3450 qui
1783 3399 1880 3437 nec
1911 3385 2026 3453 ejus

455 3470 779 3541 cognitionis
805 3470 1142 3538 Splendorem
1179 3467 1342 3534 ferre,
1387 3485 1485 3524 nec
1515 3486 1640 3524 eum
1669 3471 2025 3538 contemplari

454 3571 681 3634 possunt
715 3581 729 3616 :
768 3562 962 3631 partim
1004 3569 1224 3632 propter
1262 3562 1463 3617 mentis
1495 3563 1861 3630 impuritatem
1900 3565 2025 3619 huic

455 3656 665 3723 abjecto
693 3656 931 3708 humano
976 3655 1192 3722 corpori
1235 3655 1499 3724 alligatae,
1534 3655 1732 3722 partim
1769 3655 1894 3724 quia
1930 3671 2026 3708 an-

456 3746 664 3814 gustior
700 3745 784 3798 illa
837 3753 920 3799 est
971 3760 1132 3812 quam
1173 3755 1232 3799 ut
1264 3745 1433 3799 Deum
1472 3746 1777 3814 intelligere
1831 3748 2022 3814 possit.

453 3838 630 3906 Atque
666 3845 723 3889 ut
749 3836 923 3905 palam
952 3836 1044 3891 ﬁat
1069 3853 1229 3907 quam
1257 3854 1437 3892 rarum
1477 3839 1549 3893 sit
1577 3849 1809 3907 etquam
1839 3841 2026 3909 paucis

454 3940 773 3981 concessum
835 3927 1002 3981 Deum
1062 3942 1435 3996 cognoscere,
1497 3939 1752 3982 narratur
1812 3930 2025 4000 Moyses

461 4036 482 4070 ε
516 4019 816 4073 accessisse
849 4019 914 4073 ad
937 4019 1247 4087 caliginem,
1279 4020 1330 4071 in
1364 4035 1469 4087 qua
1502 4032 1619 4074 erat
1651 4023 1788 4076 Deus
1813 4023 1878 4075 ἐ.
1903 4041 1920 4072 ι
1962 4023 2022 4075 Ει

453 4111 520 4166 de
543 4109 724 4182 Moyse
760 4125 948 4165 rursus
972 4128 986 4165 :
1021 4129 1039 4161 ι
1065 4109 1223 4165 Solus
1245 4111 1464 4183 Moyses
1489 4115 1710 4167 accedet
1743 4116 1809 4168 ad
1840 4115 2023 4168 Domi-

453 4221 605 4270 num,
640 4205 830 4274 reliqui
862 4219 990 4259 vero
1019 4220 1124 4258 non
1158 4207 1666 4275 appropinquabunt
1688 4207 1754 4261 ’³.
1788 4226 1807 4259 ι
1838 4207 1904 4261 Ει
1927 4208 2024 4261 ite-

452 4313 572 4353 rum
608 4300 894 4368 propheta,
931 4307 991 4351 ut
1025 4298 1273 4353 ostendat
1316 4298 1367 4351 in
1408 4299 1661 4368 abyssum
1715 4299 2021 4352 divinorum

455 4391 766 4460 dogmatum
792 4389 1063 4458 penetrari
1103 4404 1208 4443 non
1267 4405 1426 4458 posse
1454 4391 1524 4444 ab
1560 4390 1626 4444 iis
1658 4390 1748 4457 qui
1791 4405 1897 4444 non
1923 4391 2020 4442 ba-

2127 3201 2447 3272 ἀποκρυφὴν
2465 3203 2492 3253 6
2521 3200 2670 3263 Θεός·
2712 3221 2729 3251 ι
2763 3201 2846 3253 ἵνα
2868 3200 3100 3271 δηλωθῇ,
3122 3200 3202 3252 ὅτι
3221 3198 3400 3268 ἀφανῆ
3423 3200 3518 3250 καὶ
3532 3199 3703 3266 ἀγνω-

2129 3296 2228 3348 στά
2256 3298 2371 3348 ἐστι
2403 3293 2470 3346 τά
2516 3293 2634 3346 κατ’
2668 3291 2824 3358 ἀξίαν
2851 3291 3111 3361 νοηθέντα
3156 3290 3222 3343 ἂν
3252 3287 3495 3360 περὶτοῦ
3549 3287 3702 3350 Θεοῦ,

2127 3386 2542 3456 ἀποκρύψαντος
2593 3384 2781 3438 ἑαυτὸν
2815 3383 2925 3453 (55)
2957 3383 3115 3435 οἱονεὶ
3151 3383 3208 3434 ὲν
3257 3382 3432 3451 σκότῳ
3477 3382 3589 3442 τοῖς
3637 3379 3708 3450 μὴ

2128 3479 2350 3550 φέρουσι
2397 3477 2495 3540 τάς
2527 3477 2623 3545 τῆς
2664 3473 2918 3543 γνώσεως
2949 3473 3110 3526 αὑτοῦ
3153 3471 3539 3544 μαρμαρυγὰς,
3578 3471 3710 3542 μηδὲ

2125 3570 2442 3640 δυναμένοις
2492 3567 2652 3620 αὐτὸν
2702 3567 2853 3636 ὁρᾷν·
2893 3565 2967 3634 τεὴ
3001 3565 3096 3634 μὲν
3134 3563 3219 3617 διὰ
3259 3564 3321 3616 τὸ
3353 3563 3590 3633 μιασμὸν
3617 3560 3707 3614 τοῦ

2125 3661 2237 3724 νοῦ,
2271 3659 2480 3729 σώματι
2509 3655 2888 3718 ταπεινώσεως
2920 3652 3220 3724 ἀνθρώπων
3253 3650 3704 3722 ἐνδεδεμένου,πὴ

2124 3751 2181 3803 δὲ
2220 3751 2307 3803 διὰ
2346 3751 2442 3820 τὴν
2488 3749 2827 3820 βραχυτέραν
2859 3745 3086 3816 δύναμιν
3115 3744 3281 3797 αὐτοῦ
3312 3745 3412 3813 τῆς
3450 3744 3709 3812 κατανοή-

2128 3856 2264 3901 σεως
2291 3839 2384 3891 τοῦ
2420 3837 2576 3890 Θεοῦ.
2618 3839 2732 3890 Ἵνα
2778 3837 2835 3889 δὲ
2862 3835 3073 3908 δηλωθῇ
3109 3836 3168 3887 τὸ
3203 3835 3444 3896 σπανίως
3484 3836 3565 3896 είς
3615 3835 3704 3885 ἀν-

2127 3929 2376 4002 θρώπους
2422 3930 2643 3998 φθάνον,
2682 3930 2775 3983 καὶ
2828 3930 2884 3981 ἐν
2926 3929 3064 3982 πάνυ
3098 3929 3295 3996 ὀλίγοις
3326 3927 3702 3997 εὑρισκόμενον

2128 4023 2228 4093 τῆς
2253 4023 2506 4091 γνώσεως
2529 4024 2622 4076 τοῦ
2645 4024 2800 4088 Θεοῦ,
2825 4022 3064 4092 Μωῦσῆς
3090 4022 3502 4090 ἀναγέγραπται
3542 4037 3560 4068 ι
3601 4019 3706 4070 είσ-

2126 4116 2439 4186 εληλυθέναι
2493 4118 2572 4178 εἰς
2623 4116 2712 4168 τὸν
2762 4115 2976 4182 γνόφον,
3020 4114 3156 4167 ὅπου
3183 4107 3249 4182 ἦν
3285 4111 3482 4174 ὁΘεὸς.
3521 4129 3540 4162 ι
3602 4104 3704 4163 Καὶ

2126 4207 2254 4278 περὶ
2283 4207 2560 4271 Μωῦσέως
2585 4206 2765 4259 πάλιν·
2805 4225 2822 4256 ι
2871 4207 3074 4272 Ἐγγιεῖ
3112 4203 3351 4272 Μωῦσῆς
3389 4203 3548 4272 μόνος
3578 4203 3703 4273 πρὸς

2125 4302 2215 4353 τὸν
2237 4301 2389 4361 θεὸν,
2421 4303 2467 4352 οἱ
2495 4300 2550 4352 δὲ
2598 4299 2773 4352 λοιποὶ
2799 4299 2898 4351 οὐκ
2949 4298 3212 4366 ἐγγιοῦσι.
3255 4316 3272 4347 ι
3316 4296 3486 4349 Πάλιν
3518 4311 3576 4346 τε
3615 4290 3697 4358 αὖ,

2128 4395 2213 4446 ἵνα
2241 4394 2300 4445 τὸ
2336 4393 2494 4462 βάθος
2519 4391 2844 4463 παραστήσῃ
2879 4393 2906 4443 6
2943 4393 3226 4461 προφήτης
3256 4389 3364 4442 τῶν
3402 4390 3527 4460 περὶ
3571 4387 3696 4440 Θεοῦ

451 4479 583 4535 bent
614 4480 766 4534 illum
797 4482 1071 4548 spiritum,
1104 4482 1194 4549 qui
1227 4500 1244 4532 ι
1279 4481 1462 4535 omnia
1511 4490 1807 4545 scrutatur,
1853 4480 2018 4534 etiam

2130 4453 2434 4555 δογμάτων,
2467 4453 2706 4554 ἄληπτον
2731 4453 3002 4552 τύγᾷάνον
3026 4453 3138 4544 τοῖς
3285 4453 3700 4550 ἔχουσι-πνεῦμα

453 4572 719 4640 profunda
749 4572 841 4625 Dei
869 4573 934 4626 ³ο,
973 4592 991 4625 ι
1021 4573 1157 4627 dixit
1187 4592 1201 4627 :
1241 4590 1259 4623 ι
1293 4575 1539 4645 Abyssus
1561 4574 1701 4627 sicut
1725 4573 2010 4628 vestimen-

2125 4575 2186 4626 τὸ
2243 4594 2260 4627 ι
2300 4575 2454 4628 πάντ’
2505 4571 2761 4644 ἐρευνῶν,
2822 4571 3055 4644 ἐρευνῶν
3099 4572 3155 4624 δὲ
3201 4572 3296 4624 καὶ
3331 4572 3400 4624 τά
3451 4570 3588 4641 βάθη
3613 4568 3697 4622 τσῦ

557 4691 603 4724 ³⁸
627 4692 818 4748 Matth.
844 4707 897 4754 ν,
922 4693 978 4746 ’5.
1035 4694 1078 4726 ³⁷
1104 4693 1246 4748 Psal.
1273 4709 1406 4759 xvu,
1435 4695 1521 4748 12.
1571 4694 1614 4726 ’³
1644 4693 1810 4748 Exod.
1838 4711 1930 4757 xx,
1952 4694 2013 4748 2|

2133 4695 2152 4725 °
2178 4694 2347 4748 Exod.
2376 4707 2522 4756 xxiv,
2545 4691 2600 4744 2.
2665 4691 2709 4722 ³ο
2734 4690 2754 4743 1
2779 4689 2908 4744 Cor.
2946 4705 3007 4755 ιι,
3032 4688 3118 4743 10.

668 4804 794 4858 Post
816 4805 1006 4867 ταῦτα,
1061 4807 1272 4860 videtur
1302 4807 1489 4862 deesse
1519 4809 1731 4879 εἴρηται
1779 4807 1864 4861 vel
1893 4808 2023 4876 quid

454 4888 656 4928 suuuc.

379 4952 383 4957 ’
525 4940 877 5016 (51Α)ῌἏξίως
1049 4943 1226 5010 αὐτῷ.
1281 4946 1475 5016 Guielo
1501 4947 1842 5016 scribendum
1879 4947 2025 5002 vide-

452 5021 562 5076 tur,
594 5011 756 5078 ἀξίως
780 5014 875 5065 καὶ
900 5015 1082 5076 αὐτόν,
1133 5016 1216 5067 vel
1249 5015 1394 5080 ἄξιον
1434 5019 1527 5069 καὶ
1553 5017 1733 5070 αὐτόν.
1775 5013 2025 5081 Objicerc

452 5084 627 5156 solent
659 5082 871 5137 Siculas
901 5085 1064 5156 dapes
1102 5081 1372 5156 (Tert_ttll.,
1403 5086 1622 5153 Apoloq.
1658 5103 1778 5153 cap.
1803 5087 1893 5156 6);
1930 5103 2022 5140 su-

453 5154 691 5226 perbiam
726 5165 779 5226 et
806 5152 1170 5226 ambitionem
1210 5153 1456 5226 (ἔσχατον
1484 5152 1587 5226 Δτὸν
1614 5157 1710 5226 τῆς
1729 5152 1891 5226 δόξης
1933 5173 2018 5225 χι-

450 5222 595 5278 τῶνα
621 5225 677 5294 ἐν
698 5222 776 5294 τῷ
798 5222 1018 5294 θανάτῳ
1035 5222 1181 5294 αὐτῷ
1199 5222 1544 5293 ἀποδυόμεθα
1566 5241 1577 5251 ·
1599 5222 1770 5278 Athen
1805 5267 1820 5288 ,
1844 5222 2020 5290 1ι1).”ιι,

450 5310 573 5362 cap.
607 5293 695 5364 l5)
723 5293 756 5358 ;'
793 5293 1334 5364 maievoleutiam‘et
1380 5294 1636 5364 invidiam
1685 5295 1861 5364 (ibid.)
1895 5297 2023 5348 vitia

453 5362 757 5430 ιιιιαινίε,ἐι
787 5364 1060 5418 libidinem
1091 5362 1463 5416 omnifariam.
1507 5362 1759 5427 Tertull”
1796 5365 1868 5418 De
1904 5366 2020 5417 ani~

451 5449 559 5496 nia,
593 5448 712 5502 cap.
738 5434 841 5487 54:
877 5451 894 5483 ι
922 5432 989 5488 Ut
1019 5434 1184 5486 Stoici
1231 5434 1348 5489 luas
1378 5433 1543 5498 solas,
1595 5434 1644 5485 id
1675 5445 1780 5493 est.
1814 5437 2026 5501 sapien-

455 5503 586 5570 tium
625 5503 860 5565 animas,
899 5503 952 5554 in
1006 5504 1259 5570 supernis
1311 5503 1683 5557 mansionibus
1734 5503 2022 5558 collocant.

455 5569 604 5641 Plato
630 5573 847 5638 quidem
878 5587 982 5626 non
1017 5569 1219 5627 temere
1265 5574 1711 5641 philosophorum
1745 5573 2027 5626 animabus

453 5637 556 5690 hoc
589 5637 845 5712 praestat:
873 5644 966 5695 sed
999 5656 1185 5694 eorum
1249 5637 1340 5711 qui
1390 5637 1787 5712 pliilos‘Ophiam
1821 5644 2028 5696 scilicet

453 5710 839 5762 cxornavcriut
875 5726 1058 5764 amore
1093 5710 1410 5778 puerorum.
1439 5733 1455 5766 ι
1495 5710 1631 5768 Plat.
1671 5715 1724 5769 in
1759 5712 2022 5783 Sympos.,

2133 4809 2186 4862 in
2219 4807 2470 4870 Phazdro,
2531 4806 2740 4876 p.249.
2802 4806 2943 4860 Audi
2975 4819 3137 4873 quam
3179 4803 3408 4876 miriﬁce
3457 4804 3694 4876 meretri-

2131 4895 2249 4932 cem
2299 4873 2949 4947 anlavit,quantumque,
2977 4877 3202 4947 formam
3229 4873 3345 4938 ejus
3389 4881 3442 4925 et
3471 4874 3696 4947 pulchri-

2135 4943 2383 5001 ιιιιιὶιιθιιῖ
2402 4946 2705 4997 admiratus
2732 4943 3089 5008 est,’Atlten.,
3125 4943 3214 4994 lib.
3247 4957 3366 5005 xm,
3409 4956 3525 5008 cap.
3555 4943 3628 4995 6:

2215 5013 2668 5083 Ἀρχεάνασσαν
2691 5015 2808 5082 ἔχω
2833 5014 2946 5080 τὴν·
2968 5014 3036 5065 ἐκ
3063 5009 3695 5083 Κολοφῶνοςὲταίριηογ,

2201 5079 2442 5151 ἿῘςᾟιαὶ
2474 5083 2570 5137 ἐπὶ
2589 5079 2849 5151 ῥυτίδων
2885 5079 3095 5150 πικρὸς
3127 5083 3375 5151 ἔπεστιν
3398 5079 3564 5146 ἔρως.

2199 5151 2260 5210 Ἀ
2291 5149 2479 5208 δειλοὶ
2504 5149 2786 5228 νεότητος
2809 5149 3267 5228 άπανῗῄσαντες
3299 5149 3537 5228 ἐκείιςης

2271 5225 2680 5292 Πρωτοπόρου,
2717 5223 2788 5275 δι’
2823 5223 2976 5288 ὅσης
3003 5222 3174 5288 ἣκετε
3197 5222 3511 5292 πυρκαϊῆς.

2201 5291 2620 5347 Archeanassam
2655 5309 2718 5346 ea:
2757 5292 3054 5360 Colophone
3080 5291 3528 5360 amicam/iubeo,

2203 5363 2366 5433 Cujus
2396 5366 2537 5432 rugis
2567 5378 2780 5415 amarus
2807 5358 3096 5433 etiamnum
3125 5376 3288 5433 _amor
3313 5358 3528 5414 insidet.

2201 5428 2318 5486 He'u
2345 5428 2562 5485 miseros
2589 5449 2700 5489 vos.
2727 5431 2914 5500 quibus
2943 5430 3088 5482 illius
3107 5429 3355 5500 juventus
3384 5428 3609 5500 occurrit

2277 5501 2557 5567 Primazva,
2584 5498 2857 5570 vobis'per
2899 5509 3148 5570 quantam
3186 5498 3562 5570 igriis_acc_enai
3602 5513 3691 5566 pg-

2776 5565 2922 5640 [ram'
2946 5565 3238 5640 vadegtd‘um
3268 5565 3392 5640 fuit.
3432 5565 3687 5621 Semel-:3.

2201 5640 2316 5707 (52)
2357 5639 2700 5694 llmschelius
2733 5634 2795 5692 iu-
2823 5647 2992 5698 textu,
3019 5634 3416 5707 εἰδωλολατρία..

2204 5704 2315 5780 (55)
2351 5711 2494 5766 Idem
2525 5711 2576 5764 in
2615 5719 2789 5778 textu,
2820 5707 3210 5778 ἀποκρύψαντα
3241 5704 3432 5776 ἑαυτῷ.
