3990 6158
318 296 457 350 151⁸1

1540 291 1821 349 CONTRA
1853 295 2127 352 CELSUM
2161 296 2287 353 LIB.
2326 297 2414 353 Ἦ.

3433 300 3572 354 1518

313 414 472 482 Θεοῦ,
507 435 527 467 ι
576 410 695 468 εἷπε
739 415 822 480 τὸ,
855 433 874 466 ι
922 412 1191 477 Ἀϐυσσος
1237 414 1312 478 ὡς
1340 416 1552 485 ἱμάτιον
1589 417 1649 471 τὺ
1684 419 1894 489 περιϐό-

2007 429 2139 487 tum,
2165 422 2396 476 amictus
2428 418 2544 488 ejus
2574 420 2639 477 ³¹.
2673 438 2691 471 ι
2727 419 2866 485 Quin
2901 418 3151 474 Salvator
3172 427 3359 474 noster
3386 427 3440 473 et
3464 419 3571 472 Do-

312 505 464 560 λαιον
496 507 681 560 αὐτοῦ.
722 526 740 557 ι
780 505 936 559 Ἀλλὰ
962 508 1056 560 καὶ
1086 510 1114 559 6
1143 506 1329 577 Σωτὴρ
1356 507 1514 576 ἡμῶν
1545 509 1639 561 καὶ
1668 509 1894 581 Κύριος,

316 598 487 666 Λόγος
527 598 620 652 τοῦ
648 598 804 663 Θεοῦ,
850 599 910 652 τὸ
946 599 1171 669 μέγεθος
1210 600 1478 670 παριστὰς
1517 602 1614 670 τῆς
1646 602 1899 668 γνώσεως

313 692 408 745 τοῦ
442 693 674 759 Πατρός,
704 693 786 745 ὅτι
814 693 934 744 κατ’
962 692 1117 757 ἀξίαν
1140 691 1561 762 προηγουμένως
1587 692 1737 762 αὺτῷ
1756 694 1899 763 μόνῳ

315 783 649 853 λαμϐάνεται
679 783 771 836 καὶ
789 782 1165 851 γιγνώσκεται,
1187 781 1452 851 δευτέρως
1471 781 1527 833 δὲ
1559 785 1671 845 τοῖς
1705 783 1901 852 ἐλλαμ-

317 875 578 945 πομένοις
634 874 697 927 τὸ
742 873 1066 943 ἡγεμονικὸν
1113 873 1201 923 ὑπ’
1250 871 1413 923 αὑτοῦ
1461 869 1553 922 τοῦ
1587 870 1759 938 Λόγου
1808 872 1901 923 καὶ

315 965 475 1029 Θεοῦ,
506 964 683 1036 φησίνο
724 983 741 1015 ι
772 964 957 1028 Οὐδεὶς
981 963 1120 1031 ἔγνω
1150 963 1257 1033 (54)
1287 963 1376 1015 τὸν
1400 963 1526 1015 Υἰὺν
1560 966 1607 1015 εί
1635 962 1710 1033 μὴ
1741 964 1769 1013 6
1792 962 1901 1012 Πα-

318 1054 444 1127 τὴρ,
472 1056 591 1109 οὐδὲ
615 1056 706 1109 τὸν
736 1056 954 1126 Πατέρα
998 1056 1047 1106 εἰ
1097 1054 1170 1125 μὴ
1198 1057 1225 1106 ὀ
1261 1054 1409 1117 Υἱὸς,
1441 1055 1534 1107 καὶ
1562 1048 1605 1121 ᾧ
1629 1053 1694 1107 ἂν
1724 1057 1751 1107 6
1777 1054 1901 1116 Υἱὸς

319 1146 662 1217 ἀποκαλύψῃ.
704 1165 722 1197 ›
756 1145 893 1199 Οὖτε
924 1144 1031 1216 γὰρ
1061 1145 1151 1197 τὸν
1173 1144 1434 1215 ἀγένητον
1461 1144 1572 1214 (55)
1596 1144 1693 1197 καὶ
1724 1146 1903 1214 πάσης

318 1237 552 1308 γενητῆς
609 1237 823 1306 φύσεως
866 1236 1209 1308 πρωτότοκον
1250 1236 1369 1289 κατ’
1404 1236 1559 1300 ἀξίαν
1594 1237 1792 1290 εἰδέναι
1821 1252 1905 1297 τις

316 1328 557 1395 δύναται,
586 1329 660 1393 ὡς
680 1331 709 1381 6
741 1331 1007 1400 γεννήσας
1035 1330 1196 1384 αὑτὸν
1218 1330 1425 1400 Πατὴρ,
1453 1329 1576 1382 οῦτε
1605 1329 1695 1386 τὸν
1730 1329 1904 1382 Πατέ-

320 1438 408 1493 ρα,
443 1421 519 1485 ὼς
550 1423 578 1473 6
594 1420 832 1491 ἔμψυχος
852 1423 1023 1489 Λόγος
1045 1422 1137 1475 καὶ
1162 1421 1323 1490 σοφία
1356 1421 1520 1474 αὐτοῦ
1543 1422 1643 1475 καὶ
1659 1421 1901 1492 ἀλήθεια·

316 1509 380 1569 οὗ
406 1519 604 1587 μετοχῇ
636 1515 1049 1587 περιαιροῦντος
1082 1516 1189 1569 ἀπὸ
1224 1515 1317 1568 τοῦ
1346 1515 1558 1587 Πατρὸς
1589 1514 1651 1573 τὸ
1682 1515 1908 1585 λεγόμε-

319 1625 410 1663 νον
433 1608 641 1672 σκότος,
678 1609 706 1661 ὀ
734 1608 886 1661 ἔθετο
908 1608 1233 1680 ἀποκρυφὴν
1262 1607 1448 1672 αὑτοῦ,
1479 1608 1574 1661 καὶ
1610 1608 1671 1660 τὸ
1692 1606 1910 1676 λεγόμε-

321 1712 411 1750 νον
445 1696 785 1767 περιϐόλαιον
837 1696 1049 1760 αὑτοῦὸ
1066 1696 1163 1767 τὴν
1196 1695 1450 1760 ἄϐυσσον,
1488 1695 1580 1749 καὶ
1626 1694 1904 1748 ἀποκαλύ-

323 1806 546 1852 πτοντος
574 1788 715 1841 οῦτω
744 1788 835 1842 τὸν
864 1787 1086 1858 Πατέρα
1115 1787 1143 1855 ὃ
1171 1805 1223 1841 τι
1249 1788 1368 1840 ποτ’
1399 1784 1466 1840 ἂν
1496 1788 1647 1857 χωρῇ
1682 1785 1791 1857 (56)
1814 1802 1900 1855 γι-
1930 1768 1973 1823 Β

322 1881 549 1935 νὼσκειν
576 1881 739 1933 αὐτὸν
768 1879 1083 1949 γιγνώσκει.

394 1962 578 2015 Ταῦτα
602 1962 948 2033 δ’ήγησάμην
971 1963 1175 2034 βραχέα
1195 1964 1301 2017 ἀπὸ
1331 1964 1593 2017 πλείστων
1615 1965 1753 2018 ὅσων
1778 1965 1887 2019 τῶν

326 2070 392 2105 πε
401 2053 452 2123 ρί
470 2052 602 2105 Θεοῦ
624 2056 731 2115 τοῖς
752 2053 911 2123 ἱεροῖς
928 2053 1150 2123 ἀνδράσι
1173 2071 1323 2125 νενοη
1332 2055 1506 2125 μένων
1526 2056 1889 2125 παραθέσθαι,

323 2144 555 2207 δεικνὺς,
580 2146 660 2199 ὅτι
703 2144 809 2197 τῶν
843 2144 1259 2213 θαυμασθέντων
1290 2146 1393 2197 ὑπὸ
1430 2146 1639 2200 Κέλσου
1671 2147 1893 2200 Πλατω-

326 2235 491 2288 νικῶν
518 2236 688 2303 λόγων
706 2235 817 2305 ἔχει
849 2253 899 2288 τι
931 2236 1274 2306 σεμνότερον,
1307 2239 1419 2300 τοῖς
1455 2237 1666 2307 ἔχουσιν
1695 2239 1894 2307 ὀφθαλ-

330 2326 459 2394 μοὺς
494 2324 707 2393 βλέπειν
733 2323 802 2377 τὰ
842 2324 1012 2393 σεμνὰ
1048 2325 1154 2377 τῶν
1181 2325 1409 2396 Γραφῶν
1448 2328 1795 2398 δυναμένους,
1824 2330 1894 2383 τὰ

330 2417 450 2487 ἱερὰ
475 2415 584 2469 τῶν
614 2417 906 2488 προφητῶν
934 2418 1255 2488 γράμματα.
1285 2420 1437 2487 Ἔχει
1473 2420 1517 2472 δ’
1544 2423 1576 2489 ἡ
1609 2421 1893 2485 Πλάτωνος

325 2506 468 2571 λέξις
496 2507 635 2578 (57),
672 2507 738 2576 ἥν
774 2509 802 2559 6
832 2508 1036 2570 Κέλσος
1064 2507 1293 2571 ἐξέθετο,
1328 2506 1513 2561 τοῦτον
1554 2511 1641 2561 τὸν
1669 2511 1895 2579 τρόπον’

333 2618 351 2649 ι
398 2602 531 2665 Περὶ
568 2602 677 2652 τῶν
715 2599 931 2653 πάντων
972 2602 1190 2662 βασιλέα
1239 2602 1395 2655 πάντ’
1435 2600 1580 2664 ἐστὶ,
1623 2603 1716 2655 καὶ
1753 2602 1895 2655 ἐκεί-

323 2704 415 2740 νου
440 2687 601 2740 ἕνεκα
630 2687 826 2749 πάντα,
860 2687 954 2740 καὶ
992 2688 1167 2739 ἐκεῖνο
1199 2689 1368 2740 αἴτιον
1411 2690 1663 2743 ἁπάντων
1696 2690 1895 2744 καλῶν.

321 2775 581 2848 Δεύτερον
629 2776 687 2828 δὲ
720 2776 845 2847 περὶ
891 2777 959 2829 τὰ
1013 2776 1259 2849 δεύτερα·
1303 2780 1397 2832 καὶ
1440 2780 1620 2851 τρίτον
1672 2783 1900 2853 περὶτὰ

322 2865 502 2936 τρίτα.
542 2866 606 2917 Ἦ
649 2859 741 2917 οῦν
785 2864 1096 2936 ἀνθρωπίνη
1142 2865 1286 2935 ψυχὴ
1314 2867 1440 2937 περὶ
1470 2867 1608 2920 αὐτὰ
1649 2868 1899 2938 ὀρέγεται

324 2956 531 3027 μαθεῖν,
567 2959 693 3009 ποῖα
740 2957 875 3010 ἄττα
898 2957 1032 3020 ἐστὶ,
1069 2955 1337 3025 βλέπουσα
1358 2958 1437 3020 είς
1478 2958 1546 3011 τὰ
1582 2959 1747 3028 αὐτῆς
1772 2976 1900 3026 συγ-

319 3047 474 3116 γενῆ,
503 3040 577 3099 ῶν
625 3046 773 3099 οὐδὲν
806 3046 1005 3109 ἱκανῶς
1036 3046 1170 3116 ἔχει.
1222 3047 1325 3098 Τοῦ
1355 3047 1419 3117 δὴ
1453 3047 1713 3117 βασιλέως
1745 3049 1891 3121 πέρι,

321 3138 418 3192 καὶ
465 3132 539 3192 ὧν
585 3134 755 3203 εἷπον,
787 3139 936 3190 οὐδέν
986 3141 1101 3191 ἐστι
1133 3137 1389 3191 τοιοῦτον.
1430 3158 1447 3189 ι
1495 3139 1795 3211 Ἐδυνάμην
1838 3142 1895 3194 δὲ

324 3227 660 3298 παραθέσθαι
691 3228 760 3280 τὰ
783 3229 910 3300 περὶ
938 3228 1045 3281 τῶν
1076 3231 1203 3300 παρ’
1250 3228 1518 3300 Ἑϐραίοις
1548 3230 1894 3300 καλουμένων

324 3322 612 3392 σεραφεὶμ,
642 3322 1141 3395 ἀναγεγραμμένων
1161 3328 1215 3377 ὲν
1229 3324 1306 3394 τῷ
1341 3326 1554 3396 Ἡσαΐᾳ,
1589 3327 1891 3380 καλυπτόν-

322 3430 431 3466 των
464 3413 522 3466 τὸ
576 3412 862 3484 πρόσωπον
888 3415 979 3466 καὶ
1008 3416 1128 3477 τοὺς
1163 3415 1327 3478 πόδας
1354 3416 1446 3467 τοῦ
1480 3416 1614 3469 Θεοῦ
1642 3417 1772 3489 (58)’
1795 3417 1889 3470 καὶ

321 3503 387 3557 τὰ
421 3504 545 3575 περὶ
568 3503 674 3557 τῶν
697 3503 1106 3575 ὀνομαζομένων
1133 3504 1444 3575 χερουϐεὶμ,
1474 3505 1510 3558 δι
1541 3506 1828 3577 διέγραψεν
1859 3507 1889 3558 6

333 3595 607 3667 Ἰεζεκιὴλ,
644 3595 856 3647 καὶτῶν
888 3595 1086 3648 ὡσανεὶ
1120 3595 1411 3665 σχημάτων
1440 3596 1635 3661 αὐτῶν,
1666 3598 1890 3651 καὶτίνα

319 3687 517 3757 τρόπον
546 3685 783 3755 ὀχεῖσθαι
816 3686 1029 3755 λέγεται
1064 3687 1155 3739 ἐπὶ
1194 3685 1301 3739 τῶν
1329 3687 1623 3759 χερουϐεὶμ
1659 3689 1687 3739 6
1735 3688 1887 3752 Θεὸς.

332 3777 466 3830 Ἀλλ’
501 3778 621 3831 ἐπεὶ
648 3778 787 3830 πάνυ
828 3778 1222 3849 κεκρυμμένως
1255 3778 1465 3850 εἴρηται
1496 3777 1584 3830 διὰ
1606 3780 1729 3842 τοὺς
1756 3780 1889 3833 ἀνα-

321 3868 463 3933 ξίους
497 3869 589 3922 καὶ
629 3869 915 3939 ἀσέμνους,
955 3870 1027 3939 μὴ
1061 3870 1393 3938 δυναμένους
1413 3870 1888 3941 παρακολουθῆσαι

323 3958 643 4029 μεγαλονοίᾳ
684 3959 778 4011 καὶ
825 3960 1108 4029 σεμνότητι
1158 3961 1449 4028 θεολογίας,
1475 3964 1573 4032 οὐχ
1599 3963 1891 4033 ἡγησάμην

321 4050 525 4121 πρέπον
557 4045 694 4103 εἶναι
737 4052 793 4103 ὲν
825 4049 902 4120 τῷ
931 4050 1319 4121 συγγράμματι
1348 4051 1521 4122 τούτῳ
1557 4051 1682 4123 περὶ
1714 4051 1890 4105 αὐτῶν

317 4142 680 4212 διαλεχθῆναι.

1998 513 2180 567 minus
2223 511 2312 565 Dei
2338 509 2577 565 Verbum
2611 511 2814 564 indicat
2843 519 3102 578 quantum
3141 511 3209 565 sit
3236 509 3453 564 Patrem
3475 524 3570 564 co-

2001 617 2286 675 gnoscere,
2321 602 2577 669 illumque
2626 617 2723 669 pro
2769 603 2960 655 merito
3010 602 3242 669 primum
3281 618 3307 653 a
3359 616 3417 656 se
3456 601 3570 655 solo

2000 696 2279 766 cognosci,
2315 694 2509 748 deinde
2565 695 2634 747 ab
2678 695 2786 748 illis
2816 708 3046 762 quorum
3091 696 3207 762 ipse
3248 692 3481 746 Verbum
3515 704 3571 749 et

2005 789 2145 842 Deus
2183 796 2411 840 mentem
2443 786 2741 840 illuminat:
2797 800 2918 839 eum
2972 784 3049 837 ait
3085 799 3099 835 :
3144 803 3161 835 ι
3199 782 3367 837 Nemo
3414 785 3568 839 novit

2003 878 2199 931 Filium
2234 877 2336 930 nisi
2365 877 2546 940 Pater,
2587 892 2761 945 neque
2788 876 3002 929 Patrem
3029 875 3131 928 nisi
3165 875 3351 942 Filius,
3387 885 3440 929 et
3485 876 3571 930 cui

2003 972 2175 1025 Filius
2211 970 2532 1024 revelaverit
2556 970 2622 1022 ³³.
2664 987 2682 1019 ι
2718 967 2900 1036 Neque
2926 969 3070 1022 enim
3104 970 3241 1023 ullus
3276 969 3570 1023 iucreatum

2005 1069 2058 1115 et
2086 1061 2270 1115 omnis
2302 1070 2495 1113 creata:
2531 1066 2738 1111 natura:
2766 1059 3186 1128 primogenitum
3218 1059 3375 1125 digne
3398 1066 3574 1126 potest

2007 1165 2360 1221 cognoscere,
2397 1160 2454 1204 ut
2494 1149 2654 1202 Pater
2682 1150 2770 1218 qui
2803 1165 2923 1203 eum
2954 1151 3137 1217 genuit
3164 1150 3238 1203 ³³ε
3271 1164 3443 1216 neque
3470 1149 3572 1202 Pa-

2009 1253 2168 1307 trem,
2210 1251 2268 1295 ut
2303 1242 2596 1294 animatum
2628 1238 2888 1302 Verbum,
2929 1241 3071 1308 quod
3115 1241 3378 1309 sapientia
3409 1250 3462 1295 et
3482 1256 3574 1295 ve-

2008 1337 2142 1389 ritas
2166 1332 2280 1402 ejus
2305 1341 2405 1386 est.
2431 1330 2607 1401 Ipsum
2635 1340 2740 1395 est,
2770 1331 2910 1400 quod
2934 1345 2963 1383 a
2992 1331 3148 1383 Patre
3178 1332 3425 1385 tenebras
3452 1332 3573 1385 dis-

2007 1425 2161 1495 pellit
2212 1439 2347 1492 quas
2396 1441 2415 1473 ‹
2455 1422 2633 1492 posuit
2679 1421 2955 1474 latibulum
2992 1436 3150 1476 suum
3209 1422 3277 1489 ",
3330 1442 3347 1475 ι
3395 1424 3570 1492 ipsum

2007 1524 2090 1568 est
2121 1514 2265 1582 quod
2299 1512 2552 1581 abyssum
2583 1511 2774 1578 retegit
2797 1527 2899 1580 qua
2931 1511 3075 1566 velut
3117 1512 3439 1567 vestimento
3473 1530 3565 1582 pa-

2010 1612 2093 1659 ter
2132 1604 2347 1673 tegitur,
2382 1616 2555 1671 eoque
2606 1604 2688 1656 sic
2740 1602 2951 1656 Patrem
3006 1603 3299 1672 revelante,
3346 1604 3563 1661 Patrem

2010 1693 2286 1765 cognoscit
2308 1691 2552 1763 quisquis
2585 1690 2734 1746 illum
2763 1706 3087 1762 cognoscere
3118 1702 3310 1763 potest.

2070 1956 2159 2010 18.
2200 1957 2278 2012 Ex
2301 1956 2548 2025 pluribus
2582 1958 2733 2027 locis,
2760 1961 2850 2015 ubi
2892 1961 3068 2016 sancti
3098 1962 3197 2016 viri
3241 1963 3396 2020 nobis
3439 1965 3567 2036 quid

2002 2047 2068 2102 de
2101 2049 2208 2103 Deo
2229 2050 2530 2117 cogitarent
2554 2052 2915 2114 declararunt,
2945 2053 3058 2107 lnec
3081 2067 3251 2121 pauca
3288 2055 3462 2109 visum
3485 2062 3570 2110 est

1999 2153 2323 2208 excerpere;
2364 2147 2423 2193 ut
2452 2145 2795 2195 ostenderem
2853 2143 2908 2195 in
2964 2144 3136 2197 sacris
3185 2146 3564 2213 prophetarum

2002 2228 2199 2282 litteris
2245 2230 2420 2285 inesse
2449 2231 2577 2299 quid
2615 2233 2916 2301 augustius,
2956 2249 3121 2303 quam
3169 2235 3223 2289 in
3271 2236 3565 2291 Platonicis

1999 2320 2303 2387 sententiis,
2356 2336 2495 2389 quas
2552 2328 2831 2389 tantopere
2879 2322 3068 2379 Celsus
3122 2326 3469 2391 admiratur;
3520 2328 3563 2380 si

2004 2414 2167 2467 modo
2199 2413 2341 2467 oeuli
2370 2413 2661 2483 legentium
2692 2412 2729 2465 ii
2756 2414 2867 2468 sint
2906 2415 2996 2482 qui
3048 2416 3380 2485 majestatem
3418 2418 3568 2471 Scri-

1998 2513 2280 2570 pturarum
2307 2505 2573 2571 inspicere
2596 2504 2831 2558 valeant.
2858 2504 3028 2559 Verba
3069 2515 3243 2559 autem
3270 2505 3508 2562 Platonis
3534 2524 3564 2563 ιι

2000 2592 2154 2646 Celso
2184 2601 2480 2647 memorata
2514 2594 2595 2647 sic
2621 2594 2824 2648 habent
2856 2609 2871 2647 :
2903 2612 2921 2644 ι
2965 2593 3180 2648 Circum
3215 2595 3450 2649 omnium
3485 2612 3566 2650 re-

1999 2699 2118 2752 gem
2162 2685 2343 2738 omnia
2393 2693 2542 2747 sunt,
2576 2693 2630 2738 et
2682 2692 2901 2753 propter
2952 2685 3101 2738 illum
3130 2687 3332 2747 omnia,
3365 2695 3420 2739 et
3450 2687 3565 2754 ipse

1998 2776 2264 2830 bonorum
2294 2775 2532 2829 omnium
2564 2791 2725 2830 causa
2759 2785 2861 2831 est.
2903 2776 3155 2831 Secundo
3186 2776 3302 2831 loco
3331 2787 3415 2832 est
3441 2794 3563 2832 cum

1998 2867 2267 2930 secundis,
2317 2866 2478 2920 tertio
2512 2882 2632 2920 cum
2668 2869 2864 2924 tertiis.
2915 2869 3081 2937 Igitur
3115 2869 3292 2922 anima
3328 2870 3563 2924 humana

1998 2959 2177 3013 studio
2209 2956 2434 3012 cﬂ‘ertur
2464 2957 2706 3013 discendi
2733 2959 2850 3011 haec
2883 2959 3060 3027 qualia
3100 2960 3231 3026 sint,
3266 2962 3565 3029 respiciens

1999 3049 2063 3101 ad
2083 3063 2143 3101 ea
2172 3063 2291 3117 quae
2314 3063 2495 3101 secum
2526 3048 2849 3116 cognatione
2873 3049 3162 3113 conjuncta
3181 3059 3323 3102 sunt.
3346 3048 3559 3105 Nullum

2002 3148 2188 3187 eorum
2222 3134 2524 3202 perlectum
2554 3144 2658 3189 est.
2708 3135 2782 3189 De
2831 3150 2955 3205 rege
2990 3150 3117 3189 vero
3142 3144 3196 3190 et
3226 3137 3346 3192 aliis
3374 3154 3567 3208 supra-

2000 3225 2159 3280 dictis
2181 3225 2313 3279 nihil
2349 3235 2432 3279 est
2478 3224 2767 3293 ejusmodi.
2800 3244 2817 3276 ι
2853 3225 2969 3280 Huc
2998 3225 3191 3282 aﬂ‘erre
3233 3244 3443 3297 possem
3485 3232 3568 3284 fa-

2000 3326 2140 3370 ctam
2168 3316 2236 3369 ab
2270 3315 2404 3369 Isaia
2453 3316 2751 3382 seraphim,
2795 3322 2851 3368 ut
2876 3313 3087 3370 Hebraei
3115 3328 3332 3384 vocant,
3363 3320 3567 3375 descri-

1992 3403 2254 3459 ptionem,
2283 3410 2373 3463 qut
2397 3399 2666 3467 scraphim
2690 3400 2780 3455 Det
2810 3404 2999 3458 faciem
3026 3416 3079 3460 ct
3102 3410 3264 3476 pedes
3288 3414 3560 3481 velant";

1994 3482 2158 3553 644
2186 3501 2399 3553 possem
2446 3498 2501 3542 et
2542 3490 2808 3545 adducere
2854 3510 2916 3547 ea
2946 3513 3065 3565 qua:
3104 3500 3352 3555 Ezechiel
3376 3506 3563 3560 scribit

1993 3574 2059 3628 de
2091 3576 2155 3629 iis
2188 3593 2323 3646 quos
2348 3580 2609 3635 cherubin
2634 3585 2884 3653 appellat,
2912 3597 2966 3641 et
2995 3604 3222 3657 quorum
3247 3592 3447 3649 formas
3473 3597 3565 3649 de-

1992 3666 2181 3737 pingit,
2206 3678 2259 3721 et
2278 3670 2539 3733 explicare
2559 3677 2827 3742 quomodo
2852 3677 2991 3730 Deus
3020 3692 3047 3729 a
3072 3679 3337 3733 cherubin
3360 3684 3559 3743 gestari

1995 3763 2209 3819 dicatur
2236 3762 2315 3828 ³⁶;
2349 3763 2442 3817 sed
2474 3764 2598 3832 quia
2635 3764 2748 3818 haec
2774 3764 2987 3820 occulte
3012 3765 3231 3820 omnino
3264 3767 3407 3822 dicta
3440 3779 3564 3826 sunt

1993 3864 2217 3926 propter
2247 3856 2493 3925 indignos
2533 3864 2586 3909 et
2617 3856 2808 3918 malos,
2852 3856 2944 3924 qui
2980 3857 3268 3928 theologia:
3312 3860 3560 3916 sublimi-

2000 3958 2164 4001 tatem
2207 3946 2653 4017 majestatemque
2700 3964 2804 4002 non
2848 3958 3078 4018 possunt
3117 3948 3387 4005 intellectu
3417 3968 3563 4007 asse-

1995 4040 2110 4109 qui,
2149 4054 2254 4092 non
2287 4040 2461 4094 visum
2495 4051 2577 4093 est
2603 4042 2656 4093 in
2700 4040 2867 4095 hocce
2897 4042 3100 4109 scripto
3125 4056 3303 4111 opera:
3329 4045 3559 4113 pretium

1994 4131 2060 4183 dc
2092 4131 2197 4184 illis
2228 4131 2389 4185 rebus
2413 4132 2702 4186 disserere.

405 4223 561 4291 Ἑξῆς
589 4222 645 4273 δὲ
691 4222 896 4284 τούτοις
929 4225 1090 4293 φησιν
1123 4227 1150 4276 6
1180 4225 1406 4288 Κέλσος,
1454 4245 1471 4277 ι
1508 4228 1891 4296 παρακούσαν⁴

2061 4222 2149 4275 19.
2186 4239 2204 4272 ι
2241 4222 2540 4277 Christiani
2578 4223 2829 4290 quidam,
2857 4222 3031 4291 pergit
3071 4222 3284 4287 Celsus,
3319 4224 3457 4279 male
3482 4225 3564 4278 iu-

322 4317 419 4380 τάς
460 4331 608 4378 τινας
649 4317 1007 4386 Χριστιανοὺς
1051 4315 1414 4369 Πλατωνικῶν
1446 4317 1672 4383 λέξεων,
1708 4318 1894 4386 αὐχεῖν

323 4408 414 4461 τὸν
452 4407 841 4477 ὑπερουράνιον
883 4407 1013 4459 Θεὸν
1050 4406 1159 4477 (59)
1182 4450 1196 4471 ,
1227 4408 1754 4479 ὑπεραναϐαίνοντας
1799 4409 1890 4462 τὸν

337 4498 603 4551 Ἰουδαίων
630 4497 875 4567 οὐρανόν.
910 4516 930 4548 ι
972 4498 1059 4550 Ἐν
1090 4496 1297 4559 τούτοις
1328 4498 1382 4550 δὲ
1414 4500 1475 4551 οὐ
1507 4500 1776 4568 διασαφεῖ,
1803 4500 1894 4553 πό-

324 4607 477 4659 τερον
525 4591 619 4644 καὶ
662 4589 754 4643 τὸν
795 4589 1062 4642 Ἰουδαίων
1104 4590 1237 4644 Θεὸν
1281 4591 1890 4665 ῦπεραναϐαίνουσιν,ἢ

329 4682 484 4750 μόνον
510 4682 569 4735 ὃν
597 4680 887 4752 ὀμνύουσιν
913 4680 1158 4749 οὐρανόν.
1182 4682 1315 4753 Περὶ
1341 4682 1440 4753 μὲν
1469 4678 1561 4736 οὖν
1583 4682 1690 4737 τῶν
1709 4683 1896 4754 ἕτερον

1994 4312 2203 4367 tellecta
2239 4312 2479 4367 Platonis
2508 4314 2777 4379 doctrina,
2812 4315 3099 4382 plurimum
3133 4314 3363 4369 elferunt
3392 4315 3558 4369 Deum

1988 4403 2080 4472 qui
2114 4416 2279 4471 supra
2309 4403 2480 4458 ctelos
2495 4404 2799 4472 est,sicque
2827 4404 3133 4459 Iudaeorum
3163 4406 3359 4461 cmlum
3388 4416 3561 4460 trans-

1990 4498 2247 4549 cendunt.
2292 4515 2311 4548 ι
2344 4494 2444 4549 Ubi
2499 4510 2601 4549 non
2647 4496 2793 4550 clare
2843 4497 3050 4552 iudicat
3102 4499 3560 4553 transcendantnc

1988 4584 2295 4640 Judzeorum
2322 4585 2514 4649 Deum,
2543 4601 2610 4638 an
2642 4586 2837 4641 caelum
2865 4588 3151 4654 duntaxat,
3176 4604 3272 4658 per
3296 4589 3437 4657 quod
3461 4586 3557 4643 Ju-

1989 4674 2315 4743 dazijurant.
2350 4673 2463 4729 Non
2506 4677 2672 4747 igitur
2699 4675 2766 4731 de
2826 4678 2909 4732 his
2953 4678 3045 4747 qui
3095 4680 3262 4732 alium
3312 4679 3381 4734 ab
3430 4679 3556 4744 illo,

406 4838 449 4871 ³¹
472 4839 613 4895 Psal.
639 4855 756 4905 Ctll,
779 4838 833 4893 6.
893 4838 938 4871 ³³
958 4838 1149 4893 Matth.
1180 4854 1255 4904 ιιι,
1276 4838 1365 4892 27.
1432 4839 1476 4870 ³³
1497 4837 1705 4893 Coloss.
1730 4852 1769 4901 ι,
1794 4836 1881 4890 15.

1999 4831 2163 4888 Ρευι.
2191 4848 2323 4896 xvu,
2352 4832 2437 4887 l2.
2497 4810 2559 4865 ’³⁸
2579 4832 2682 4889 lsa.
2709 4850 2785 4900 VI,
2808 4834 2862 4889 2.
2938 4834 2983 4865 ⁸⁸
3008 4834 3267 4898 Ezech.1,
3287 4835 3446 4901 5,10,
3469 4837 3555 4896 18.

388 5014 499 5089 (54)
529 5015 664 5089 Mss.
682 5027 736 5072 et
763 5017 1098 5075 Ηωεοιιριὶιιε
1129 5019 1181 5073 in
1213 5028 1382 5088 textu,
1431 5020 1591 5089 ἔγνω,
1639 5019 1877 5089 Spence-

319 5101 429 5142 rus.
456 5085 820 5154 ἐπιγινώσκει.

388 5154 496 5223 (55)
538 5155 860 5224 Ἀγένητον.
922 5158 1097 5213 Locus
1141 5160 1422 5228 diligenter
1468 5159 1739 5212 notandus
1783 5161 1872 5213 ubi

314 5225 482 5279 Filius
504 5241 534 5280 e
561 5234 930 5279 creaturarum
956 5244 1180 5281 numero
1214 5225 1414 5282 diserte
1441 5228 1716 5291 eximitur,
1744 5232 1871 5282 dum

307 5295 572 5366 ἀγένητος
599 5294 815 5366 dicitur.
884 5297 955 5350 At
1003 5313 1105 5350 nou
1140 5298 1581 5351 dissimulandum
1628 5296 1680 5366 i_u
1716 5299 1873 5366 unico

309 5364 495 5418 codice
526 5365 817 5432 Anglicauo
866 5370 1103 5418 secundo
1155 5365 1254 5434 legi
1301 5366 1392 5416 τὸν
1428 5364 1701 5434 γεννητόν.
1743 5365 1874 5419 Vide

312 5384 495 5418 conire
526 5384 817 5432 ungncano
866 5384 1103 5418 secuuuo
1155 5384 1201 5419 Ie
1243 5384 1254 5418 ι
1301 5384 1392 5416 τον
1428 5384 1554 5433 γενν

312 5434 748 5500 Origenianurum
780 5433 868 5489 lib.
898 5450 958 5497 ll,
996 5446 1180 5502 quam.
1205 5384 1260 5496 ἕ,
1289 5450 1440 5487 ηυιη.
1464 5435 1554 5487 ‘25.

378 5502 487 5575 (56)
518 5506 579 5575 "0
606 5520 656 5555 τι
686 5505 814 5555 ποτ’
842 5502 917 5575 ἂν
963 5502 1142 5573 χωρῇ.
1186 5504 1491 5575 Legcndum
1524 5503 1735 5575 ridetur
1766 5504 1865 5559 Bo-

309 5572 533 5645 lterello,
562 5574 709 5645 ὅστις
743 5576 871 5645 ποτ’,
892 5572 1153 5645 ἂνχωρῇ.
1191 5572 1353 5626 Paulo
1386 5584 1504 5645 post
1535 5573 1869 5630 llceschelius

308 5643 370 5718 in
392 5652 537 5696 textu
571 5644 752 5718 habet.
782 5643 955 5697 ταῦτα
982 5643 1348 5718 διηγησάμην,
1393 5654 1449 5701 et
1480 5644 1554 5698 ita
1580 5646 1744 5700 codex
1768 5646 1869 5701 An-

304 5710 544 5783 glicanus
576 5716 804 5782 primus.

2014 5089 2026 5102 ⁸
2056 5019 2166 5087 (57)
2195 5018 2511 5142 Πλὰἕῗιζος
2538 5018 2726 5085 λέξις.
2782 5018 2953 5086 Plato,
3004 5019 3165 5088 epist.
3189 5019 3225 5073 ‘2
3255 5019 3321 5074 ad
3356 5022 3555 5095 Diony-

2015 5105 2145 5142 tum.
2180 5105 2296 5142 nae.
2435 5129 2447 5141 .

1983 5104 2145 5150 smm,
2180 5105 2296 5156 pag.
2323 5104 2447 5142 om.

1983 5200 1986 5203 λ
2053 5158 2164 5229 (58)
2197 5158 2305 5229 Τοῦ
2347 5159 2512 5212 Θεοῦ.
2569 5157 2685 5212 Νοη
2734 5159 2814 5214 sic
2864 5159 2915 5213 in
2971 5158 3234 5229 llebrzeis,
3290 5159 3382 5212 sed
3430 5174 3554 5226 pro-

1982 5228 2156 5296 priam
2186 5228 2379 5281 faciem
2408 5228 2761 5297 propriosque
2787 5230 2970 5297 pedes.
3005 5228 3203 5297 Neque,
3222 5238 3399 5297 tamen
3433 5230 3553 5285 ideo

1983 5295 2267 5364 legendum
2305 5295 2456 5363 putat
2487 5295 2822 5362 Bolteréllus,
2858 5298 3086 5350 ἐνώπιον
3114 5296 3207 5349 τοῦ
3234 5295 3389 5349 Θεοῦ.

2048 5366 2158 5437 (59)
2194 5366 2304 5419 Τὸν
2328 5367 2762 5435 ὐπερουράνιον
2788 5369 2970 5437 Θεόνε
3006 5367 3185 5421 Codex
3212 5365 3455 5420 Julianus
3482 5367 3549 5420 ad

1979 5435 2146 5508 oram
2171 5438 2349 5508 habet,
2380 5438 2468 5490 τὸν
2496 5438 2881 5508 ὑπερουράνιον
2913 5435 3121 5508 τόπον,Δ
3144 5450 3261 5508 qua:
3289 5438 3552 5508 correctio

1979 5505 2105 5558 inde
2146 5516 2267 5559 nata
2304 5507 2536 5570 videtur,
2569 5503 2715 5575 quod
2741 5507 2880 5559 infra
2902 5506 3057 5575 dicat
3086 5503 3347 5575 Origenes
3378 5503 3550 5558 Platm

1980 5590 2101 5645 nem
2137 5592 2238 5628 non
2274 5575 2438 5629 fuisse
2465 5577 2555 5643 qui
2588 5573 2813 5645 primus
2854 5574 2923 5625 τὰ
2962 5576 3089 5644 περὶ
3126 5573 3215 5626 τοῦ
3244 5575 3545 5645 ὑπερουρα·

1976 5644 2089 5697 νίου
2137 5646 2302 5699 τόπου
2359 5643 2640 5700 invenerit.
2706 5643 2770 5697 Ut
2804 5661 2833 5696 u
2888 5653 2989 5701 cst.
3029 5643 3216 5699 Omnes
3267 5643 3524 5701 aliieodd

1977 5731 2106 5771 mss.
2141 5716 2337 5772 habent
2358 5716 2449 5768 τὸν
2488 5714 2877 5786 ὑπερουράνιον
2904 5714 3055 5767 Θεόν.
