3990 6158
481 265 618 321 15⁸9

1958 274 2211 332 ORIGEN
2220 278 2276 333 IS

3593 290 3742 347 1520

476 396 636 450 quem
665 383 891 438 adorant
917 383 1107 453 Judzei,
1139 387 1307 443 Deum
1340 391 1655 458 praedicant,
1681 392 1864 447 dicere
1892 394 2022 447 nobi:

2150 399 2630 471 ἐπαγγελλομένων
2667 404 2816 467 Θεὸν,
2867 406 3014 476 παρά
3066 407 3155 460 τὸν
3196 407 3288 459 καὶ
3333 405 3437 460 ὑπὸ
3469 406 3741 462 Ἰουδαίων

473 474 806 544 propositum
837 485 939 540 est,
972 478 1063 531 sed
1098 492 1199 534 nos
1235 480 1526 536 defendere
1553 493 1607 536 et
1636 485 1922 538 ostendere
1954 484 2043 538 .Iu-

473 564 713 617 decorum
770 566 1084 631 prophetas,
1118 581 1238 620 cum
1270 570 1595 626 vetustiores
1647 572 1871 627 Platone
1902 573 2046 638 sint,

2153 493 2640 563 προσκυνούμενον,
2681 495 2741 547 οὑ
2770 496 3054 566 πρόκειται
3089 497 3183 550 νῦν
3221 499 3350 567 ἡμῖν
3370 498 3570 565 λέγειν·
3608 501 3739 570 περὶ

2148 582 2205 635 δὲ
2233 583 2440 637 ἑαυτῶν
2465 584 2870 652 ἀπολογεῖσθαι,
2907 588 2999 640 καὶ
3026 586 3319 648 δεικνύναι,
3348 589 3429 640 ὅτι
3457 588 3519 640 οὐ
3545 588 3739 643 δύναν-

471 655 603 709 nihil
629 655 804 709 abillo
836 656 1077 724 potuisse
1100 659 1356 715 mutuari.
1393 659 1509 714 Non
1543 676 1671 733 ergo
1700 663 1838 717 hanc
1854 661 1922 716 ab
1959 664 2022 716 ἰΙΙ‹

2147 688 2236 724 ται
2259 674 2307 724 οἱ
2324 676 2452 745 παρ’
2478 678 2611 745 ἡμῖν
2644 676 2916 731 Ἰουδαίων
2938 677 3215 748 προφῆται
3235 679 3341 731 ἀπὸ
3366 678 3654 742 Πλάτωνός
3683 698 3736 733 τι

469 746 789 799 sententiam
809 750 1134 816 accepimus:
1148 749 1367 804 «Omnia
1386 754 1587 807 circum
1605 770 1785 824 regem
1804 756 2045 811 omnium

469 847 621 901 sunt,
658 847 712 892 et
732 849 953 909 prepter
972 840 1118 894 illum
1147 843 1345 896 omnia.
1381 862 1399 897 ι
1423 845 1546 900 ll:ec
1570 862 1595 897 ιι
1625 848 1925 916 prophetis,
1950 848 2043 917 qui

468 929 657 985 melius
674 932 860 985 eadem
877 932 1150 999 dixerunt,
1173 934 1479 1001 didicimus;
1502 935 1627 992 Jesu
1640 941 1866 1007 ejusque
1889 940 2045 995 disci-

463 1021 603 1091 pulis
619 1022 886 1089 quodnam
901 1021 1061 1077 fuerit
1076 1026 1486 1096 spiritus.qui;in
1502 1029 1778 1097 prophetis
1790 1029 2045 1099 loqueba-

463 1119 574 1177 tur,
602 1114 805 1184 quique
829 1129 931 1169 non
959 1125 1077 1170 erat
1102 1115 1493 1172 aliusaChristi
1518 1119 2038 1187 spiritu,consilium

462 1204 971 1275 interpretantibus.
988 1205 1174 1276 Neque
1193 1210 1356 1263 etiam
1377 1207 1532 1263 Plato
1547 1212 1614 1265 de
1631 1210 1751 1265 loco
1767 1211 1857 1281 qui
1877 1228 2039 1282 supra

465 1296 634 1351 cmlos
648 1296 981 1365 cst,,locutus
998 1298 1095 1351 luit
1114 1297 1339 1366 primus.
1358 1297 1475 1353 1am
1500 1301 1697 1355 dudum
1712 1302 1857 1355 enim
1873 1300 2038 1357 David

461 1387 796 1442 altitudinem
828 1387 1109 1443 declarans
1144 1389 1638 1460 abundautiamque
1666 1391 2035 1461 cognitionum

459 1494 595 1548 quas
626 1479 691 1534 de
722 1479 832 1533 Deo
875 1478 1075 1533 habent
1119 1479 1179 1545 ii,
1227 1480 1319 1550 qui
1349 1494 1411 1535 se
1454 1496 1619 1552 supra
1661 1496 1748 1536 res
1780 1483 2033 1538 sensibus

456 1571 644 1624 obvias
674 1569 950 1633 attollunt,
979 1570 1054 1624 ait
1078 1570 1130 1624 in
1163 1570 1303 1625 libro
1330 1571 1662 1639 psalmorum
1687 1589 1699 1625 :
1742 1590 1761 1624 ι
1790 1572 2035 1630 Laudate

460 1661 625 1714 Deum
657 1660 781 1715 cali
810 1659 1095 1728 caelorum,
1131 1670 1187 1715 et
1224 1676 1361 1730 aqua
1394 1677 1513 1731 quae
1558 1677 1720 1730 super
1751 1663 1919 1718 caelos
1951 1675 2032 1719 est

2146 763 2443 834 εἰληφέναι.⁹
2489 768 2847 840 πρεσϐύτεροι
2902 770 3010 841 γάρ
3049 766 3188 840 ἦσαν
3235 771 3422 825 αὐτοῦ.
3476 772 3602 825 οῦτ’
3638 768 3731 825 οὖν

2144 855 2242 925 τὴν
2288 857 2598 924 φάσκουσαν
2648 858 2810 923 λέξιν,
2861 878 2879 910 ι
2940 860 3076 931 Περὶ
3122 862 3211 914 τὸν
3256 862 3472 915 πάντων
3507 862 3727 931 βασιλέα

2145 946 2299 999 πάντ’
2326 948 2459 1011 ἐστὶ,
2488 949 2581 1003 καὶ
2606 950 2814 1001 ἐκείνου
2840 950 3003 1003 ἕνεκα
3024 951 3219 1015 πάντα,
3254 972 3271 1002 ι
3294 952 3403 1005 ἀπὸ
3436 953 3728 1018 Πλάτωνος

2144 1040 2462 1109 εἰλήφαμεν,
2514 1040 2648 1094 ἀλλά
2696 1040 2900 1094 τούτων
2947 1043 3270 1113 κρειττόνως
3304 1045 3575 1116 εἰρημένα
3622 1046 3730 1101 ἀπὸ

2141 1130 2249 1183 τῶν
2288 1132 2580 1200 προφητῶν
2614 1131 3033 1202 μεμαθήκαμεν,
3065 1135 3457 1204 σαφηνίσαντος
3485 1135 3581 1188 τοῦ
3626 1138 3729 1209 Ἰη-

2143 1223 2237 1275 σοῦ
2262 1223 2355 1275 καὶ
2387 1222 2495 1275 τῶν
2528 1223 2790 1295 μαθητῶν
2826 1226 2989 1278 αὐτοῦ
3028 1227 3088 1279 τὸ
3112 1227 3358 1297 βούλημα
3387 1226 3482 1280 τοῦ
3518 1230 3578 1280 ὲν
3613 1232 3725 1294 τοῖς

2142 1315 2445 1387 προφήταις
2473 1314 2796 1384 πνεύματος·
2822 1318 2957 1388 ὅπερ
2978 1317 3077 1370 οὐκ
3106 1317 3232 1370 ἄλλο
3257 1313 3325 1388 ἦν
3356 1317 3450 1370 τοῦ
3484 1318 3726 1388 πνεύμαο

2139 1422 2227 1467 τος
2242 1405 2335 1457 τοῦ
2355 1406 2611 1476 Χριστοῦ
2636 1404 2759 1459 οὔτε
2792 1406 2861 1460 τά
2881 1407 3119 1477 περὶτοῦ
3134 1408 3524 1479 ύπερουρανίου
3556 1411 3719 1463 τόπου

2138 1494 2351 1564 πρῶτος
2374 1495 2403 1546 ὁ
2432 1493 2717 1563 φιλόσοφος
2748 1494 3106 1565 παρίστησιν
3140 1494 3276 1548 ἀλλά
3306 1494 3469 1547 Δαυῖδ
3502 1495 3604 1565 τὴν
3630 1495 3721 1563 βα-

2137 1584 2341 1654 Θύτητα
2368 1585 2462 1638 τοῦ
2490 1584 2729 1657 πλήθους
2748 1585 2857 1638 τῶν
2887 1587 2945 1638 ὲν
2973 1588 3084 1648 τοῖς
3118 1585 3625 1657 ὑπεραναδεϐηκόσι
3650 1585 3717 1639 τὰ

2136 1674 2369 1745 αἰσθητά
2395 1674 2503 1728 τῶν
2536 1677 2662 1746 περὶ
2685 1675 2818 1728 Θεοῦ
2851 1676 3217 1746 θεωρημάτων
3249 1677 3414 1731 πάλαι
3440 1676 3684 1748 παρέστη

460 1753 637 1807 laudet
672 1768 866 1807 nomen
891 1753 1103 1806 Domini
1135 1753 1200 1807 ³⁷.
1245 1771 1264 1804 ι
1299 1754 1559 1821 Equidem
1596 1768 1793 1824 negare
1838 1755 2022 1821 nolim,

2135 1781 2246 1825 σεν,
2270 1729 2438 1817 εἰπὼν
2482 1767 2539 1818 ἐν
2570 1729 2635 1835 cii
2665 1765 2830 1835 βίϐλῳ
2852 1729 2971 1819 τῶνΙ
2998 1729 3276 1835 ὶἓααῖμῶνο
3381 1729 3593 1821 Αίνείτε
3625 1729 3714 1820 τόν

459 1844 509 1896 id
540 1843 681 1911 quod
710 1843 801 1897 alii
836 1843 1013 1897 testati
1033 1852 1178 1909 sunt,
1210 1842 1484 1897 Platonem
1519 1857 1546 1896 a
1574 1844 1897 1912 quibusdam
1921 1843 2028 1897 lle-

458 1932 614 1987 brteis
642 1933 893 1987 didicisse
912 1932 1232 1996 sententias,
1264 1947 1400 2002 quas
1424 1932 1478 1986 in
1509 1930 1738 1987 Phredro
1779 1935 2021 2003 protulit,

453 2030 507 2074 et
543 2038 572 2075 e
603 2023 936 2091 propheticis
972 2022 1190 2090 scriptis
1235 2024 1531 2092 sumpsisse
1575 2024 1726 2079 lucc:
1769 2042 1787 2074 ι
1821 2024 2021 2079 Locum

454 2113 544 2182 qui
583 2129 744 2182 supra
772 2112 940 2168 caelos
968 2124 1072 2180 est,
1105 2113 1332 2168 necdum
1358 2114 1497 2168 ullus
1523 2124 1677 2183 poeta
1705 2129 1802 2183 pro
1832 2117 2023 2171 merito

454 2202 768 2269 celebravit,
816 2219 915 2258 nec
963 2203 1263 2259 celebrabit
1308 2219 1573 2274 unquam,
1614 2220 1633 2255 ι
1664 2212 1770 2259 etc.
1811 2205 1876 2261 Et
1909 2206 2024 2262 haec

453 2312 574 2367 qua:
611 2296 808 2350 ibidem
840 2294 1021 2367 legere
1059 2302 1183 2350 est:
1219 2312 1238 2345 ι
1275 2294 1398 2350 Haec
1432 2306 1649 2362 natura,
1682 2311 1800 2365 quze
1834 2312 2021 2352 revera

454 2389 693 2450 exsistit.
742 2386 863 2442 sine
907 2386 1110 2451 colore,
1160 2385 1279 2442 sine
1330 2387 1525 2456 figura,
1582 2387 1862 2455 intactilis,
1895 2404 2023 2444 vere

454 2479 650 2533 animae
695 2477 1048 2548 gubernatrix
1106 2476 1208 2531 soli
1264 2476 1554 2530 intellectui
1608 2476 2018 2546 conspicabilis,

452 2572 598 2626 circa
623 2585 787 2639 quam
821 2585 963 2624 verae
995 2569 1234 2624 scicntia:
1279 2583 1447 2637 genus
1481 2567 1653 2623 locum
1684 2569 1833 2625 illum
1861 2585 2024 2625 occu-

453 2673 566 2733 pat.
602 2681 621 2715 ι
652 2663 730 2716 Ex
760 2663 947 2717 iisdem
975 2661 1308 2731 propheticis
1337 2661 1574 2717 oraculis
1599 2662 1858 2718 hauserat
1882 2662 2022 2718 Pau-

452 2754 535 2809 lus
571 2765 756 2810 noster
797 2753 950 2818 illud,
997 2768 1107 2823 quo
1150 2752 1463 2819 tenebatur,
1498 2769 1675 2810 rerum
1706 2771 1824 2824 qua:
1858 2771 2019 2825 supra

452 2848 717 2902 mundum
753 2855 808 2899 et
839 2860 999 2914 supra
1032 2844 1198 2899 caelos
1229 2855 1356 2899 sunt
1385 2845 1547 2915 645
1578 2845 1933 2912 desiderium,
1967 2858 2020 2902 et

450 2946 729 3006 propterea
758 2938 890 2990 nihil
926 2935 1117 3003 reliqui
1148 2934 1407 3002 faciebat,
1442 2948 1499 2991 ut
1535 2939 1623 2992 illa
1654 2956 2019 3009 consequere-

452 3039 561 3082 tur.
598 3029 749 3086 Unde
778 3028 829 3081 iu
859 3030 1094 3082 secunda
1156 3028 1222 3082 ad
1246 3028 1561 3084 Corinthios
1595 3030 1834 3099 Epistola
1871 3047 1884 3084 :
1914 3048 1932 3082 ι
1961 3030 2017 3083 ld

448 3120 624 3184 enim,
656 3119 847 3187 inquit,
875 3119 1015 3185 quod
1044 3121 1096 3173 in
1130 3122 1384 3189 praiseuti
1418 3129 1529 3183 est,
1579 3132 2015 3176 momentancnm

451 3217 507 3261 et
535 3207 649 3261 leve
684 3205 1054 3260 tribulationis
1081 3214 1281 3262 nostra
1324 3222 1485 3276 supra
1520 3210 1734 3261 modum
1768 3209 1819 3262 in
1851 3210 2017 3263 subli-

449 3300 637 3353 mitate
664 3306 929 3353 aeternum
961 3297 1149 3367 glorite
1182 3298 1393 3367 pondus
1419 3309 1680 3369 operatur
1704 3300 1881 3367 nobis,
1909 3317 2015 3356 non

449 3387 938 3458 contemplantibus
980 3388 1137 3443 nobis
1167 3402 1287 3458 qua:
1318 3387 1587 3450 videntur,
1618 3390 1711 3443 sed
1757 3404 1876 3458 qua:
1908 3406 2015 3443 non

448 3481 720 3536 videntur.
748 3480 877 3548 Qua:
906 3482 1049 3536 enim
1079 3483 1350 3544 videntur,
1378 3482 1697 3551 temporalia
1722 3491 1879 3549 sunt;
1900 3500 2017 3553 quae

447 3585 627 3628 autem
664 3590 768 3628 nou
802 3575 1071 3641 videntur,
1099 3588 1301 3631 aeterna
1336 3585 1461 3631 sunt
1497 3575 1562 3629 ³⁸.
1589 3594 1607 3627 ι

515 3666 601 3720 20.
625 3666 683 3722 ln
713 3668 820 3731 bis,
858 3676 916 3721 ut
946 3667 1103 3722 facile
1140 3669 1501 3737 iutelligentes
1549 3666 1754 3731 vident,
1807 3682 1906 3737 per
1955 3684 2017 3722 ea

445 3772 561 3824 qua:
584 3758 847 3821 videntur,
870 3755 1159 3824 Apostolus
1189 3756 1470 3810 seusibilia
1522 3754 1799 3825 intelligit;
1827 3762 1881 3807 et
1924 3768 2018 3821 per

444 3868 506 3904 ea
537 3865 654 3916 qua:
676 3865 781 3901 non
804 3847 1065 3911 videntur,
1096 3847 1450 3917 intelligibilia
1473 3856 1665 3915 etquae
1695 3846 1807 3901 sola
1837 3857 2018 3899 mente

448 3941 568 4010 capi
602 3949 864 4009 possunt;
923 3940 1047 3992 item
1095 3940 1462 4006 temporalium
1498 3939 1713 3992 nomine
1753 3939 2018 4007 significat

445 4047 505 4085 ea
546 4045 665 4097 quae
700 4028 803 4083 sub
834 4042 1033 4083 sensus
1065 4029 1266 4081 cadunt
1294 4037 1349 4081 et
1380 4027 1670 4091 videntur;
1703 4035 2016 4081 a’ternorum

446 4138 595 4187 vero,
623 4136 686 4175 ea
725 4134 843 4187 qum
871 4118 921 4170 iu
950 4115 1358 4185 intelligentiam
1388 4116 1589 4170 cadunt
1617 4129 1716 4171 nec
1742 4115 2014 4168 videntur.

448 4209 572 4264 llzec
609 4209 789 4276 itaque
819 4204 1172 4273 contemplari
1202 4204 1444 4272 cupiens,
1481 4204 1584 4258 isto
1612 4218 1715 4257 suo
1751 4204 2018 4258 desiderio

448 4302 733 4355 roboratus
756 4313 1029 4353 aerumnas
1061 4293 1250 4350 omnes
1294 4296 1440 4350 leves
1490 4296 2018 4363 contemneutlasque

2132 1853 2261 1905 Θεὸν
2287 1854 2336 1905 οἱ
2359 1853 2576 1924 οὐρανοὶ
2603 1853 2707 1906 τῶν
2744 1854 3009 1924 οὐρανῶν,
3042 1857 3136 1907 καὶ
3176 1855 3235 1908 τὸ
3262 1854 3407 1927 ὓδωρ
3442 1856 3505 1909 τὸ
3546 1857 3712 1928 ὑπερο

2132 1944 2244 1997 ἀνω
2284 1944 2394 1997 τῶν
2423 1943 2686 2015 οὐρανῶν,
2717 1946 3084 1999 αἰνεσάτωσαν
3116 1945 3175 1998 τὸ
3202 1945 3373 2016 ὄνομα
3418 1948 3649 2018 Κυρίου.
3686 1965 3704 1997 ι

2143 2033 2285 2101 Ἐγὼ
2312 2034 2369 2087 δὲ
2403 2034 2503 2087 οὐκ
2541 2034 2903 2102 ἀπογινώσκω
2931 2034 3029 2099 τὰς
3059 2037 3166 2089 ἀπὸ
3202 2036 3297 2089 τοῦ
3333 2038 3593 2105 Φαίδρου
3623 2040 3707 2092 λέ-

2132 2126 2242 2191 ξεις
2287 2128 2393 2181 ἀπό
2420 2144 2579 2182 τινων
2621 2127 2886 2198 Ἐϐραίων
2922 2130 3273 2201 μεμαθηκότα
3299 2131 3390 2183 τὸν
3424 2131 3706 2198 Πλάτωνα,

2130 2219 2205 2281 ὠς
2231 2218 2287 2271 δέ
2314 2236 2458 2281 τινες
2490 2218 2801 2290 ἀνέγραψαν
2833 2219 2963 2291 (60),
2986 2220 3065 2272 ἔτι
3087 2222 3180 2273 καὶ
3210 2224 3325 2284 τοῖς
3354 2228 3708 2291 προφητικοξ

2130 2312 2416 2381 ἐντυχόντα
2450 2310 2646 2380 λόγοις,
2697 2311 3052 2375 ὲκτεθεῖσθαι,
3085 2315 3141 2364 ὲν
3185 2305 3266 2375 οἷς
3312 2312 3485 2381 ἔλεγεο
3537 2334 3554 2365 ι
3607 2315 3705 2367 Τὸν

2143 2390 2527 2463 ὑπερουράνιον
2553 2394 2662 2461 (til)
2686 2394 2845 2446 τόπον
2867 2394 2990 2447 οὔτε
3014 2413 3093 2459 τις
3114 2396 3323 2468 ὒμνησέ
3349 2415 3436 2451 πω
3459 2398 3568 2450 τῶν
3588 2398 3706 2463 τῇδε

2143 2485 2389 2554 ποιητὴς,
2414 2483 2534 2536 οὗτε
2562 2483 2682 2535 ποθ’
2711 2484 2937 2553 ὑμνήσει
2960 2487 3077 2537 κατ’
3100 2485 3277 2548 ἀξίαν,
3314 2502 3331 2533 ι
3357 2484 3451 2537 καὶ
3469 2484 3697 2554 τάέξῆς.

2141 2573 2229 2626 Ἐν
2252 2569 2331 2637 οἷς
2352 2576 2465 2626 ἐστι
2492 2575 2584 2626 καὶ
2611 2574 2694 2625 τό·
2727 2592 2744 2623 ι
2787 2573 2850 2623 Ἡ
2873 2572 2980 2642 γὰρ
3000 2571 3320 2641 ἀχρώματός
3340 2587 3399 2622 τε
3422 2573 3517 2623 καὶ
3540 2572 3704 2640 ἀσχη-

2141 2665 2417 2734 μάτιστος,
2441 2666 2534 2718 καὶ
2554 2665 2763 2734 ἀναφὴς
2782 2664 2961 2726 οὐσία,
2984 2664 3148 2727 ὅντως
3173 2659 3304 2717 οὖσα
3322 2663 3498 2733 ψυχῆς
3520 2664 3703 2732 κυϐερο

2137 2757 2286 2824 νῆτις
2308 2756 2382 2826 νῷ
2410 2756 2553 2825 μόνῳ
2576 2754 2759 2825 θεατὴ.
2781 2755 2908 2825 περί
2929 2754 2986 2806 ὃν
3010 2754 3120 2823 (62)
3141 2754 3200 2805 τὸ
3219 2753 3317 2822 τῆς
3339 2752 3572 2825 ἀληθοῦς
3595 2755 3701 2806 ἐπι-

2137 2848 2232 2919 στή
2244 2866 2347 2917 μης
2367 2848 2519 2915 γένος
2537 2846 2721 2900 τοῦτον
2744 2846 2856 2916 ἔχει
2881 2846 2971 2898 τὸν
2992 2848 3173 2899 τόπον.
3202 2866 3220 2897 ι
3242 2847 3351 2898 Καὶ
3365 2847 3459 2900 ἀπ’
3480 2847 3700 2899 ἐκείνων

2132 2954 2193 3004 γε
2219 2938 2324 2989 τῶν
2347 2938 2518 3004 λόγων
2553 2937 2860 3000 παιδευθεὶς
2884 2939 2911 2990 ὁ
2950 2937 3158 3000 Παῦλος
3182 2941 3213 3008 ἡ
3224 2937 3367 3007 μῶν,
3404 2940 3497 2991 καὶ
3526 2939 3699 2992 ποθῶν

2134 3029 2474 3098 ὑπερκόσμια
2519 3029 2613 3081 καὶ
2655 3030 3043 3100 ὑπερουράνια,
3079 3032 3169 3083 καὶ
3199 3031 3265 3083 δι’
3299 3033 3479 3084 ἐκεῖνα
3525 3032 3698 3086 πάντα

2131 3119 2406 3187 πράττων,
2440 3120 2504 3171 ἵν’
2526 3119 2702 3172 αὐτῶν
2724 3112 2881 3191 τύχῃ,
2922 3124 3085 3193 φησὶν
3116 3124 3174 3174 ὲν
3201 3125 3266 3193 τῇ
3305 3122 3535 3195 δευτέρα
3567 3125 3697 3193 πρὸς

2128 3209 2446 3277 Κορινθίους
2467 3210 2742 3280 ἐπιστολῇ·
2767 3230 2784 3262 ι
2806 3211 2879 3263 Τὸ
2896 3212 3001 3280 γάρ
3024 3214 3335 3282 παραυτίκα
3356 3214 3587 3286 ἐλαφρὸν
3602 3217 3697 3285 τῆς

2128 3297 2358 3367 θλίψεως
2387 3301 2542 3369 ἡμῶν
2574 3300 2693 3352 καθ’
2722 3301 3026 3372 ὑπερϐολὴν
3051 3305 3129 3369 εἰς
3154 3304 3458 3376 ὑπερϐολὴν
3480 3306 3694 3358 αἰώνιον

2126 3390 2287 3461 βάρος
2316 3390 2471 3461 δόξης
2494 3394 2886 3461 κατεργάζεται
2910 3395 3058 3463 ἡμῖν·
3082 3394 3154 3465 μὴ
3178 3396 3519 3449 σκοπούντων
3543 3398 3694 3466 ήμῶν

2123 3482 2191 3533 τὰ
2225 3482 2549 3552 βλεπόμενα,
2588 3483 2721 3536 ἀλλά
2761 3484 2825 3537 τά
2858 3485 2930 3555 μὴ
2962 3485 3290 3555 βλεπόμενα.
3330 3488 3410 3540 Τὰ
3437 3488 3546 3558 γάρ
3576 3489 3691 3557 βλε-

2124 3574 2333 3642 πόμενα
2360 3576 2687 3646 πρόσκαιρα·
2714 3576 2783 3629 τὰ
2810 3576 2866 3628 δὲ
2893 3577 2965 3648 μὴ
2995 3578 3299 3648 βλεπόμενα
3330 3580 3545 3635 αἰώνια.
3585 3601 3603 3633 ι

2206 3666 2495 3735 Ἀντικρυς
2564 3666 2672 3737 γὰρ
2739 3671 2848 3730 τοῖς
2905 3670 3123 3722 ἀκούειν
3182 3670 3498 3739 δυναμένοις
3554 3690 3677 3743 παρ-

2123 3763 2299 3833 ίστησι
2331 3765 2398 3818 τά
2429 3765 2525 3835 μὲν
2560 3766 2789 3836 αἰσθητά
2818 3767 2988 3836 λέγων
3030 3770 3167 3824 αύτά
3208 3771 3583 3841 βλεπόμενα,
3622 3776 3686 3827 τὰ

2117 3862 2172 3915 δὲ
2210 3864 2373 3934 νοητά
2436 3867 2528 3919 καὶ
2586 3868 2661 3937 νῷ
2723 3870 2870 3939 μόνῳ
2919 3870 3237 3939 καταληπτά
3283 3872 3561 3942 ὀνομάζων
3592 3870 3675 3939 μὴ

2110 3966 2478 4035 βλεπόμενα.
2539 3964 2707 4033 Οὗτος
2744 3971 2800 4023 δὲ
2834 3971 2927 4023 καὶ
2964 3973 3299 4041 πρόσκαιρα
3338 3974 3435 4044 μὲν
3473 3969 3579 4026 οἶδε
3616 3975 3680 4026 τά

2116 4063 2346 4135 αἰσθητά
2372 4068 2463 4119 καὶ
2498 4067 2819 4138 βλεπόμενα,
2850 4069 3054 4125 αἰώνια
3079 4072 3135 4125 δὲ
3174 4072 3243 4126 τά
3272 4075 3440 4144 νοητάΔ
3474 4076 3569 4129 καὶ
3608 4077 3677 4147 μὴ

2116 4164 2438 4237 βλεπόμενα
2471 4170 2564 4223 καὶ
2599 4170 2916 4243 βουλόμενος
2953 4175 3087 4245 πρὸς
3116 4179 3183 4248 τῇ
3212 4181 3431 4232 ὲκεῖνων
3464 4178 3560 4250 θέᾳ
3591 4198 3677 4247 γε-

2112 4268 2316 4333 νέσθαι,
2349 4273 2451 4325 ὑπὸ
2480 4274 2571 4327 τοῦ
2603 4276 2736 4346 πρὸς
2759 4278 2939 4331 ἐκεῖνα
2969 4280 3131 4334 πόθου
3156 4281 3535 4354 βοηθούμενος,
3572 4288 3672 4337 πᾶ·-

445 4394 711 4449 ducitzet
751 4393 946 4447 mediis
1001 4391 1051 4445 in
1110 4390 1384 4444 laboribus
1431 4391 1717 4457 poenisque
1767 4400 2013 4445 versatus

2130 4391 2211 4429 ταν
2237 4374 2411 4446 θλίψιν
2434 4379 2492 4431 τὸ
2513 4380 2683 4445 οὐδὲν,
2708 4384 2799 4435 καὶ
2823 4384 3062 4457 ἐλαφράν
3084 4405 3226 4453 τινα,
3249 4389 3495 4460 ἐνόμιζεν
3518 4388 3671 4446 εἶναι·

444 4486 577 4540 adeo
607 4500 713 4540 non
745 4484 850 4539 illis
877 4482 1223 4554 opprimitur,
1258 4491 1314 4534 ut
1363 4481 1544 4535 omnia
1576 4490 1843 4535 tormenta
1876 4481 2011 4536 sub-

512 4601 555 4631 ³⁷
586 4599 726 4653 l’sal.
752 4614 979 4661 cnvttt,
1016 4596 1070 4649 4.
1170 4596 1215 4628 ³⁸
1243 4594 1262 4648 1
1286 4596 1411 4649 Cor.
1438 4610 1511 4655 tv,
1544 4595 1744 4658 17,18.

516 4694 626 4765 (60)
668 4696 761 4758 Ὠς
785 4693 852 4746 δέ
878 4708 1035 4758 τινες
1061 4689 1554 4765 ἀνέγρᾳὲξαιξ-ῈΙ.
1577 4688 1951 4765 Jose‘ph._,__lib.
1978 4707 2015 4746 tt

447 4759 642 4819 Contra
691 4765 999 4829 Appionem,
1051 4776 1174 4828 pag.
1206 4761 1337 4813 1079
1366 4775 1379 4811 :
1405 4759 1654 4813 Μάλιστα
1691 4759 1748 4811 δὲ
1793 4760 2019 4813 Πλάτων

448 4833 751 4905 μεμίμηται
792 4832 882 4883 τὸν
922 4832 1186 4905 ἡμέτερον
1231 4829 1544 4905 νομοθέτην,
1591 4829 1691 4881 κᾶν
1721 4829 1807 4905 ’τῷ
1838 4831 2018 4905 ’μηδὲν

444 4898 796 4970 οὕτωπαίδευ
806 4917 879 4969 μα
906 4898 1259 4970 προστάττειν
1284 4902 1394 4960 τοῖς
1416 4898 1677 4970 πολίταις,
1705 4898 1787 4961 ὡς
1805 4898 1867 4951 ca
1886 4898 2019 4952 πάν-

442 4990 541 5035 τας
586 4967 1212 5050 ἀκριϐῶςδτοὺςμόμους
1256 4968 1630 5050 ἐκμανθάνειν2
1672 4970 1763 5050 καὶ
1794 4970 2018 5050 μὴνκαὶ

445 5042 574 5115 περὶ
600 5037 704 5115 τοῦ
723 5037 794 5115 μῂ
822 5038 953 5099 δεῖν,
975 5038 1048 5115 ῶς
1075 5040 1280 5115 ἔτυχεν,
1306 5037 1689 5115 ἐπιμίγνυσθαί
1711 5037 1865 5115 τινας
1885 5039 2017 5115 ἔξω·

444 5106 556 5177 θεν,
594 5106 877 5166 ἀλλἐἷναι
920 5106 1255 5179 καθαρρν-τὸ
1286 5107 1579 5179 πολίτευμα
1619 5107 1725 5179 τῶν
1756 5110 2018 5179 ἐμμενόν-

442 5175 552 5238 των
597 5185 709 5245 τοῖς
752 5175 1338 5249 νόμοιςίπρούνόησεν.
1374 5246 1384 5249 _
1423 5175 1737 5249 «Praecipue
1784 5175 2018 5246 namque

447 5258 600 5308 Plato
650 5246 897 5307 nostrqu
958 5246 1323 5315 legislatorem
1373 5246 1616 5315 imitatus
1672 5258 1775 5307 est,
1828 5250 1877 5300 iu
1917 5252 2017 5301 hoc

444 5340 663 5395 quoque
696 5323 835 5391 quod
865 5318 999 5395 illud
1020 5314 1303 5395 praecipue
1332 5314 1441 5395 suis
1473 5317 1682 5369 civibus
1711 5318 2012 5395 imperavit,

449 5386 505 5447 ut
540 5386 730 5445 omnes
761 5390 1000 5460 perfecte
1031 5386 1337 5460 ediscerent
1380 5388 1541 5460 leges,
1598 5395 1648 5439 et
1683 5403 1749 5439 ne
1791 5387 2015 5460 fortuito

448 5463 651 5533 aliquid
679 5456 1066 5533 extraneorum
1101 5456 1310 5533 civibus
1353 5457 1691 5533 misceretur.
1731 5458 1833 5533 sed
1867 5466 2013 5508 esset

450 5525 582 5600 pura
611 5531 913 5597 respublica
944 5538 997 5581 et
1028 5527 1079 5579 in
1111 5526 1285 5600 legum
1322 5525 1568 5600 custodia
1614 5527 1954 5600 perduraret.
1977 5544 2005 5600 3

446 5594 641 5662 Eleum,
672 5594 870 5653 Strom.
898 5614 936 5659 ι,
975 5611 1096 5663 pag.
1126 5594 1229 5649 54?.
1270 5620 1280 5650 ;
1322 5595 1723 5665 Ἀριστόϐουλος
1756 5594 1811 5646 δὲ
1845 5596 1901 5645 ὲν
1934 5594 2010 5664 τῷ

448 5668 645 5737 πρώτῳ
685 5668 763 5737 τῷ
794 5669 923 5737 πρὸς
950 5666 1039 5719 τὸν
1063 5666 1399 5737 Φιλομήτορα
1432 5666 1571 5720 κατά
1601 5666 1738 5731 λέξιν
1778 5666 1973 5736 γράφει
1994 5682 2005 5693 ’

2110 4480 2203 4532 καὶ
2227 4484 2352 4551 παρ’
2376 4484 2534 4537 αὐτὸν
2557 4486 2646 4539 τὸν
2668 4488 2763 4558 τῆς
2786 4488 3014 4560 θλίψεως
3037 4494 3131 4549 καὶ
3160 4494 3266 4549 τῶν
3291 4496 3467 4550 πόνων
3491 4498 3672 4569 καιρὸν

2122 4688 2576 4760 Κατηκολούθηκε
2595 4686 2650 4739 δὲ
2675 4689 2768 4740 καὶ
2797 4688 2825 4739 ὁ
2856 4686 3079 4738 Πλάτων
3108 4687 3177 4808 1:2
3214 4684 3335 4737 καθ’
3356 4683 3505 4753 ἡμᾶς
3533 4698 3684 4761 νομί)-

2123 4760 2275 4808 θεσία
2294 4776 2306 4787 ·
2336 4760 2428 4808 καὶ
2451 4757 2679 4808 (navabo:
2704 4758 2817 4808 ὲστι
2843 4772 3141 4808 πεοιεογασ
3183 4770 3338 4808 μενος
3359 4754 3561 4806 ἕκαστα
3583 4768 3683 4803 των

2123 4754 2275 4829 θεσίᾴ
2294 4776 2306 4787 ·
2336 4760 2428 4811 καὶ
2451 4754 2679 4829 φανερός
2704 4758 2817 4808 ὲστι
2843 4754 3338 4829 περιεργασάμενος
3359 4754 3561 4829 ἕκαστα
3581 4754 3683 4829 τῶν

2123 4832 2180 4882 ὲν
2228 4822 2362 4898 αὐτῇ
2391 4822 2713 4898 λεγομένων.
2782 4845 2800 4877 ι
2829 4822 3392 4898 Aristobulus‘autem
3428 4822 3491 4898 in
3513 4823 3683 4887 primo

2128 4901 2262 4952 libro
2310 4891 2373 4951 ad
2405 4891 2768 4950 Ptiilometora
2818 4896 3005 4948 scribit
3057 4894 3141 4946 his
3168 4892 3348 4946 verbis
3389 4910 3400 4944 :
3460 4891 3684 4945 Secutus

2124 4981 2207 5020 est
2237 4976 2414 5019 autem
2442 4977 2651 5019 nostras
2671 4980 2884 5034 quoque
2908 4964 3047 5033 leges
3076 4962 3246 5034 Plato,
3270 4971 3322 5015 et
3349 4962 3481 5034 satis
3504 4974 3682 5034 apere

2124 5036 2361 5091 ostendit
2407 5051 2463 5089 se
2493 5030 2844 5104 eorum—quin
2876 5034 2926 5087 iu
2961 5030 3055 5086 'eis
3106 5033 3359 5104 dicuntur
3396 5030 3682 5104 lyisse_a_d-

2127 5109 2340 5159 modum
2370 5104 2688 5160 studiosum.
2716 5097 2757 5157 ι’
2795 5104 2929 5157 Ibid.
2961 5119 3083 5173 pag.
3108 5100 3231 5173 502,
3256 5100 3384 5164 505,
3410 5100 3536 5162 515,
3562 5097 3680 5173 ὃέὲ,

2128 5178 2328 5227 Strom.
2357 5191 2409 5233 v.
2446 5189 2498 5242 p.
2526 5173 2648 5236 560,
2684 5184 2737 5229 et
2768 5173 2928 5238 alibi;
2961 5168 3136 5229 'Jtt'st”
3175 5168 3413 5242 Ρίιῖαιηρ
3454 5184 3572 5242 pag.
3596 5168 3695 5242 2|;

2123 5246 2215 5305 28.
2243 5245 2333 5305 99,
2359 5239 2574 5318 50,51;
2605 5243 2836 5318 Apolog.
2862 5242 2917 5306 2,
2950 5258 3072 5318 ρειίιἶ
3097 5239 3427 5318 83,22,23;
3466 5239 3682 5318 gnsco,

2124 5318 2218 5367 lib.
2250 5330 2365 5375 vm,
2394 5328 2513 5379 cap.
2541 5316 2573 5366 b‘
2596 5308 2613 5375 ;”
2657 5308 2749 5369 lib.
2779 5308 2858 5374 it,
2899 5308 3091 5380 ca'pfti,
3119 5308 3411 5374 9,10,12;
3464 5308 3557 5361 lib.
3589 5321 3680 5367 xu,

2120 5402 2169 5437 ε.
2202 5386 2283 5441 Η.
2312 5383 2511 5445 12,·13,
2538 5383 2624 5445 Η,
2651 5380 2737 5443 15,
2766 5381 2849 5443 16,
2877 5392 2981 5435 etc.
3024 5382 3286 5433 Spescan.
3608 5402 3659 5445 κς

2194 5454 2303 5523 (61)
2343 5442 3016 5518 ’ΥπερουρἁιονζΡΙτιιο
3046 5451 3097 5501 in
3137 5447 3383 5528 Phtcdro,
3557 5442 3682 5500 247.

2194 5527 2298 5567 Ηί-ὶὶ
2332 5519 2684 5567 Κυϐεηνῆτιρ
2729 5520 2813 5567 νῶ
2852 5522 3011 5567 μόνω
3057 5523 3256 5567 θεατη.
3301 5532 3410 5567 περ
3512 5532 3568 5566 ν.
3611 5515 3682 5567 lta

2189 5515 2298 5591 (θ’.εῇ
2330 5515 2684 5592 Κυϐερνῆτις
2729 5520 2813 5585 νῷ
2846 5522 3011 5592 μόνῳ
3057 5516 3256 5592 Oeagri,
3301 5515 3448 5592 περί¹
3476 5515 3568 5567 ὅν.
3611 5515 3684 5592 ita

2119 5585 2436 5659 rodtlflteg.
2468 5585 2894 5653 etliasilceusis,
2948 5591 3132 5659 sicque
3183 5585 3524 5659 llmscbelius
3582 5585 3683 5635 nisi

2116 5664 2257 5733 quod
2290 5654 2761 5730 ιιι·ο”κυ6ερνῆτις,
2805 5661 2965 5714 habet
2994 5654 3318 5725 κυϐερνήτη.
3380 5654 3683 5721 Spenceius
