3990 6158
343 275 497 332 [5‘25
1612 272 1892 330 CONTRA
1918 271 2196 329 CELSUM
2233 273 2358 329 LIB.
2401 271 2487 328 Vi.
3479 277 3618 332 1526

349 395 447 460 τὰς
470 397 650 469 χρόας
680 395 857 452 αὐτῶν
886 396 1017 468 (77).
1066 391 1220 466 Ἑξῆς
1253 394 1494 461 ἐξετάζει
1517 396 1614 468 τὴν
1644 398 1822 450 αἰτίαν
1855 395 1951 465 τῆς

2064 396 2273 450 metalla
2317 377 2628 450 referuniﬂ
2675 392 3336 461 Deininquirit-causam,
3383 410 3481 448 cur
3531 397 3620 450 illo

335 489 495 542 οὕτω
514 490 944 560 κατειλεγμένης
971 489 1176 553 τάξεως
1207 489 1312 541 τῶν
1332 488 1594 558 ἀστέρων,
1613 488 1770 558 δηλου
1780 489 1946 558 μένης

2064 488 2290 542 siderum
2321 488 2452 540 ordo
2474 486 2551 540 sic
2580 487 2855 538 inStitutns
2889 499 2984 552 per
3011 486 3253 554 symbola
3304 488 3355 539 in
3393 487 3619 555 reliquae

335 577 434 630 διὰ
460 598 528 632 συ
538 581 752 650 μϐόλων
775 585 830 634 ἐν
853 585 963 644 τοῖς
985 582 1204 651 ὀνόμασι
1228 579 1324 649 τῆς
1341 578 1531 649 λςιπῆς
1559 578 1688 647 ὕλης
1705 578 1833 649 (78)°
1853 579 1945 630 καὶ

2064 581 2300 634 materia:
2331 570 2641 632 nominibus
2673 576 3000 630 declaretur.
3025 576 3282 633 Rationes
3302 578 3462 632 etiam
3495 594 3619 632 mu-

341 673 657 736 μουσικοὺς
692 671 882 741 λόγους
913 673 1212 742 προσάπτει
1245 672 1277 740 ἢ
1315 669 1586 722 ἐκτίθεται
1629 672 1660 740 ή
1722 670 1944 740 Περσῶν

2064 672 2197 725 sicas
2232 671 2475 740 adiungit
2502 670 2550 724 ei
2583 684 2745 738 quam
2780 667 3051 737 explicat,
3077 667 3367 722 Persarum
3402 670 3618 726 theolo-

338 756 629 828 θεολογία·
665 760 1166 830 προσφιλοτιμεῖται
1207 760 1261 811 δὲ
1310 759 1516 822 τούτοις
1557 759 1647 811 καλ¹
1690 759 1944 830 δευτέραν

2064 766 2175 833 giae.
2210 763 2315 816 Sed
2343 763 2427 815 bis
2471 761 2662 816 Celsus
2691 761 2909 814 minime
2940 769 3224 815 contentus
3252 761 3478 815 alteram
3517 764 3616 816 ad-

338 850 618 906 ὲκθέσθαι
664 853 932 923 διηγησιν,
959 852 1117 905 πάλιν
1145 851 1404 922 ἐχομένην
1439 851 1707 921 μουσικῶν
1737 849 1943 921 θεωρη-

2064 857 2132 909 Jit
2160 893 2174 918 ,
2199 853 2526 907 eruditionis
2567 853 2903 907 ostentanda:
2928 869 3088 905 causa
3108 894 3123 919 ,
3161 853 3575 920 «iudicationem
3599 892 3614 916 ,

343 943 568 1014 μάτων,
611 944 796 1008 Ἔδοξε
830 943 886 995 δέ
921 961 1009 1012 μοι
1043 943 1102 996 τὸ
1136 941 1390 995 ἐκθέσθαι
1430 941 1526 1010 τὴν
1560 941 1704 1007 λέξιν
1733 944 1789 994 ἐν
1824 941 1946 993 τού-

2064 956 2107 1000 et
2157 947 2325 1016 ipsam
2373 945 2596 998 musicis
2646 945 3037 1012 quaestionibus
3082 944 3360 997 refertam.
3389 943 3446 998 Si
3491 957 3620 998 vero

347 1049 462 1095 τοις
506 1034 608 1085 τοῦ
654 1034 858 1085 Κέλσου
901 1035 1096 1086 ἄτοπον
1142 1028 1300 1095 εἶναι,
1346 1034 1439 1086 καὶ
1477 1035 1659 1102 ὅμοιον
1785 1034 1947 1098 αὐτὸς

2064 1037 2195 1091 Celsi
2225 1036 2291 1089 de
2315 1037 2400 1090 his
2433 1037 2595 1088 verba
2626 1017 2878 1098 referam,
2901 1035 3152 1099 absurde,
3185 1035 3395 1103 opinor,
3421 1033 3620 1099 fecero,

343 1124 685 1193 πεποίηκεν,
726 1125 804 1186 εἰς
848 1124 948 1193 τὴν
993 1123 1122 1193 περὶ
1157 1124 1497 1193 Χριστιανῶν
1541 1125 1635 1175 καὶ
1681 1123 1946 1175 Ἰουδαίων

2064 1137 2106 1181 :t
2136 1127 2276 1182 idem
2307 1142 2368 1180 ac
2401 1125 2496 1180 ille
2523 1127 2874 1189 commisero,
2925 1127 3013 1194 qui
3037 1166 3051 1191 ,
3083 1127 3148 1179 ad
3199 1123 3413 1190 Jmheqs
3461 1126 3623 1178 Chri-

343 1214 699 1286 κατηγορίαν
731 1215 974 1286 ἀκαίρως
1027 1213 1356 1284 παραλαϐὼν
1391 1216 1452 1266 οὐ
1499 1215 1658 1284 μόνον
1701 1214 1768 1268 τὰ
1806 1215 1948 1268 Πλά-

2064 1221 2370 1289 stianosque
2419 1205 2792 1282 accusandos,
2847 1217 3232 1284 intempestive
3287 1234 3392 1270 non
3441 1217 3620 1271 solum

347 1321 548 1367 τωνος,
599 1306 673 1368 ὼς
711 1304 938 1366 ἐκείνοις
976 1303 1260 1374 ἀρκεῖσθαι
1294 1303 1424 1373 (79),
1473 1303 1608 1356 ἀλλὰ
1647 1303 1740 1356 καὶ
1777 1303 1846 1356 τὰ
1873 1294 1948 1366 ῶς

2064 1310 2357 1372 Platonem,
2385 1308 2476 1361 sed
2507 1307 2673 1362 etiam
2711 1307 2994 1380 Mithriaca
3030 1307 3320 1360 Persarum
3361 1310 3624 1378 mysteria

345 1412 490 1465 φησι
529 1395 760 1466 Περσῶν
792 1395 884 1448 τοῦ
913 1395 1120 1465 Μίθρου
1158 1395 1432 1464 μυστήρια
1457 1395 1550 1446 καὶ
1575 1393 1671 1463 τὴν
1700 1394 1946 1466 διήγησιν

2064 1415 2354 1469 eorumque
2382 1398 2806 1467 explicationem
2825 1398 3083 1452 obtrusit.
3113 1396 3240 1452 Sive
3273 1413 3396 1451 vcta
3442 1399 3582 1452 enim
3605 1439 3621 1463 ,

345 1489 565 1541 αὐτῶν.
608 1492 794 1550 Ὅπως
842 1488 970 1540 ποτέ
1008 1486 1113 1557 γὰρ
1151 1487 1318 1556 ἐχέτω
1355 1486 1546 1550 ταῦτα,
1587 1486 1696 1538 εἴτε
1739 1486 1947 1556 ψευδῶς

2064 1492 2168 1545 sive
2200 1491 2334 1544 falsa
2356 1495 2420 1544 de
2451 1491 2660 1545 Mithrae
2688 1490 2966 1561 mysteriis
2998 1488 3291 1558 praedicent
3314 1488 3496 1544 Persae
3530 1499 3625 1544 aut

345 1581 451 1632 εἴτ’
506 1579 758 1650 ἀληθῶς,
804 1582 916 1641 τοῖς
949 1576 1016 1630 τὰ
1057 1577 1152 1633 τοῦ
1196 1577 1404 1647 Μίθρου
1451 1577 1813 1648 πρεσϐεύουσι
1854 1577 1946 1631 καὶ

2064 1583 2144 1650 ξιιιί
2171 1581 2444 1652 mysteriis
2494 1582 2602 1636 illis
2646 1590 2886 1650 przesunt
2910 1621 2924 1647 ,
2974 1596 3073 1633 cur
3102 1581 3217 1634 hanc
3247 1582 3424 1649 potius
3461 1598 3624 1650 quam

347 1671 606 1742 Πέρσαις
637 1670 769 1738 (80)·
806 1669 857 1721 τί
900 1667 963 1739 δὴ
998 1664 1089 1720 οὖν
1133 1667 1332 1737 μᾶλλον
1372 1665 1523 1720 ταῦτ’
1564 1666 1775 1731 ἐξέθετο
1812 1667 1845 1738 ἦ
1897 1685 1947 1721 τι

2064 1673 2162 1725 alia
2196 1672 2382 1726 retulit
2420 1682 2474 1725 et
2499 1672 2794 1740 exposuit?
2830 1672 3016 1740 Neque
3047 1674 3193 1725 enim
3228 1672 3370 1740 apud
3405 1671 3625 1727 Cra-cus

347 1761 469 1814 τῶν
496 1760 704 1813 λοιπῶν
741 1759 1053 1831 μυστηρίων
1099 1757 1234 1828 μετά
1276 1759 1372 1828 τῆς
1409 1759 1709 1829 διηγήσεως
1740 1758 1950 1821 αὐτῶν;

2064 1766 2112 1819 iu
2153 1764 2343 1832 majori
2383 1765 2560 1833 pretio
2600 1765 2853 1818 videnlur
2905 1778 3028 1818 esse
3062 1763 3274 1817 Mithrae
3315 1766 3575 1833 mysteria
3609 1805 3623 1826 ,

349 1853 432 1904 Οὐ
488 1852 602 1923 γὰρ
637 1852 785 1904 δοκεί
829 1852 956 1922 παρ’
991 1850 1246 1921 Ἕλλησιν
1291 1846 1428 1903 εἶναι
1469 1851 1720 1921 ἐξαίρετα
1752 1850 1819 1903 τὰ
1859 1849 1951 1902 τοῦ

2064 1843 2216 1926 quam
2246 1857 2520 1910 Eleusinia
2548 1899 2562 1924 ,
2605 1865 2698 1910 aut
2728 1871 2788 1910 ea
2826 1857 3021 1925 quibus
3057 1854 3263 1910 llecale
3319 1856 3372 1909 in
3425 1855 3626 1925 [Egina

350 1945 575 2014 Μίθρου
611 1945 759 2013 παρὰ
787 1943 855 1996 τὰ
892 1942 1207 2006 Ἐλευσίνια,
1233 1942 1264 2012 ἢ
1319 1941 1387 1993 τὰ
1419 1941 1823 2012 παραδιδόμενα
1843 1943 1951 2004 τοῖς

2064 1947 2274 2001 colitur.
2327 1945 2435 2001 Sed
2468 1955 2564 2012 et,
2595 1947 2640 1999 si
2688 1947 2906 2015 quidem
2960 1946 3319 2000 barbarorum
3365 1947 3628 2015 mysteria

349 2037 414 2088 ἐν
444 2035 643 2105 Αἰγίνῃ
689 2034 1009 2104 μυουμένοις
1037 2034 1106 2086 τὰ
1158 2035 1254 2104 τῆς
1297 2034 1546 2104 Ἑκάτης.
1579 2033 1642 2085 Τί
1670 2035 1726 2086 δὲ
1757 2034 1951 2104 μᾶλλον

2064 2054 2358 2107 eorumque
2389 2038 2806 2107 explicationem
2842 2037 2894 2090 in
2939 2038 3176 2091 medium
3217 2036 3413 2091 afferre
3445 2037 3628 2106 placc-

349 2127 524 2197 εἴπερ
557 2125 862 2196 βαρϐαρικὰ
885 2125 1134 2177 ἐϐούλετο
1168 2127 1441 2196 μυστήρια
1471 2124 1778 2178 ἐκτίθεσθαι
1811 2127 1951 2196 μετὰ

2064 2140 2160 2196 ret,
2197 2145 2296 2183 cur
2329 2146 2435 2185 non
2463 2129 2772 2198 anteposuit
2795 2128 3199 2198 Egyptiorum,
3231 2145 3353 2199 qua:
3387 2146 3415 2182 a
3441 2131 3626 2184 tnultis

348 2217 458 2287 τῆς
494 2218 796 2286 διηγήσεως
837 2217 1038 2280 αὐτῶν,
1075 2217 1134 2268 οὐ
1175 2216 1372 2286 μᾶλλον
1406 2217 1475 2269 τά
1515 2217 1849 2284 Αἰγυπτίων,
1896 2219 1951 2270 ἐν

2064 2220 2237 2288 magni
2276 2220 2659 2285 aestimantur;
2709 2228 2804 2271 aut
2852 2219 3268 2288 Cappadocum,
3313 2221 3514 2290 quibus
3572 2223 3624 2276 in

350 2303 438 2371 οἷς
477 2309 666 2361 πολλοὶ
699 2307 1071 2378 σεμνύνονται,
1104 2307 1135 2378 ἢ
1172 2307 1239 2360 τὰ
1281 2307 1668 2361 Καππαδοκῶν
1700 2311 1828 2380 περὶ
1857 2311 1951 2380 τῆς

2064 2308 2311 2364 Cumanis
2335 2311 2503 2364 Diana
2548 2315 2891 2378 honoratur;
2923 2312 3331 2376 aut'l‘hracum,
3365 2323 3459 2365 aut
3487 2314 3626 2380 ipso-

350 2401 413 2451 ἐν
476 2399 754 2469 Κομάνοις
798 2398 1131 2470 Ἀρτέμιδος,
1179 2398 1212 2468 ἢ
1257 2399 1324 2451 τὰ
1367 2399 1620 2470 Θρᾳκῶν,
1673 2401 1706 2470 ἢ
1748 2401 1842 2453 καὶ
1885 2400 1951 2454 τὰ

2064 2416 2178 2454 rum
2227 2401 2597 2455 Romanorum
2639 2403 2779 2470 apud
2817 2417 2954 2471 quos
2994 2418 3024 2456 e
3066 2411 3258 2457 senatu
3300 2401 3628 2456 nobilissimi

369 2490 673 2560 Ῥωμαίων
703 2490 899 2554 αὐτῶν,
918 2490 1210 2543 τελούντων
1245 2491 1369 2554 τοὺς
1398 2493 1815 2559 εὐγενεστάτους
1843 2492 1951 2563 (81)

2064 2492 2514 2547 initiantur?Aut
2537 2494 2581 2547 si
2619 2494 3061 2562 intempestivum
3101 2493 3202 2563 ipsi
3223 2494 3402 2548 visum
3435 2492 3536 2546 fuit
3571 2501 3628 2547 et

350 2580 472 2634 τῶν
520 2582 626 2634 ἀπὸ
671 2582 768 2652 τῆς
809 2583 1107 2651 συγκλήτου
1152 2582 1375 2653 βουλῆς;
1424 2583 1582 2647 Ἀλλ’,
1631 2585 1679 2661 εί
1727 2584 1951 2655 ἄκαιρον

2064 2580 2259 2633 nullius
2291 2581 2356 2634 ad
2404 2581 2714 2635 Iudaeorum
2755 2583 3266 2638 Christianorumve
3317 2583 3627 2639 accusatio-

354 2672 518 2743 αὐτῷ
563 2671 739 2734 ἔδοξεν
773 2673 996 2725 ἐκείνων
1036 2689 1089 2723 τι
1125 2673 1492 2744 παραϐάλλειν
1519 2672 1652 2745 (8'2),
1689 2675 1762 2738 ὡς
1785 2675 1951 2745 μηδα-

2064 2686 2183 2726 nem
2229 2671 2483 2728 utilitatis
2517 2674 2719 2742 aliquid
2754 2689 2820 2729 ex
2858 2673 2966 2728 illis
3003 2674 3280 2743 mysteriis
3317 2689 3622 2745 usurpare,

359 2764 486 2835 μῶς
519 2763 954 2834 συμϐαλλόμενον
986 2766 1065 2826 εἰς
1108 2764 1207 2835 τὴν
1250 2765 1518 2818 Ἰουδαίων
1549 2765 1581 2837 ἢ
1614 2767 1951 2836 Χριστιανῶν

2064 2779 2155 2818 cur
2177 2779 2284 2819 non
2309 2765 2452 2822 idem
2479 2767 2543 2822 de
2575 2766 3163 2837 Mithriacisjudicium
3203 2767 3326 2823 tulit
3351 2768 3375 2822 ?

356 2854 722 2924 κατηγορίαν·
762 2852 882 2914 πῶς
917 2854 1037 2923 οὐχὶ
1068 2854 1128 2906 τὸ
1160 2854 1291 2909 αὐτὸ
1340 2856 1564 2926 ἄκαιρον
1609 2859 1704 2910 καὶ
1742 2858 1834 2910 ἐπὶ
1857 2859 1953 2929 τῆς
2185 2917 2188 2922 .
2552 2859 2562 2866 ’

355 2944 632 3008 ἐκθέσεως
681 2945 788 2996 τῶν
818 2943 1138 3014 Μιθραῖκῶν
1177 2945 1327 3013 αὐτῷ
1359 2946 1644 3014 ἐφαίνετος

432 3035 502 3086 Ei
544 3033 600 3086 δέ
638 3049 722 3095 τις
763 3031 1000 3102 βούλοιτο
1047 3032 1120 3102 μὴ
1145 3014 1344 3103 ἀφ’ἦς
1389 3034 1656 3104 παρέθετο
1696 3035 1955 3106 αἱρέσεως

355 3126 739 3195 ἀσημοτάτης,
763 3123 896 3176 ἀλλά
916 3123 1024 3176 ἀπὸ
1046 3123 1285 3193 βιϐλίων,
1310 3122 1385 3194 πὴ
1408 3125 1504 3194 μὲν
1538 3126 1838 3179 Ἰουδαϊκῶν
1859 3129 1954 3181 καὶ

357 3218 420 3269 ὲν
467 3216 964 3286 ταῖςισυναγωγαῖς
1009 3215 1184 3267 αὐτῶν
1217 3216 1757 3286 ἀναγινωσκομένων,
1812 3219 1954 3290 ἅπερ

358 3307 684 3377 Χριστιανοὶ
699 3305 1032 3376 προσίενται,
1047 3307 1122 3375 πὴ
1137 3306 1192 3358 δὲ
1206 3308 1544 3378 Χριστιανῶν
1563 3310 1756 3379 μόνων,
1771 3311 1955 3364 λαϐεῖν

360 3395 628 3466 ἀφορμὰς
648 3395 747 3464 τῆς
772 3395 1180 3465 μυστικωτέρας
1199 3412 1264 3446 πε
1275 3397 1326 3466 pi
1357 3397 1561 3449 εἰσόδου
1592 3399 1777 3467 ψυχῶν
1794 3401 1873 3463 είς
1887 3400 1955 3453 τὰ

361 3487 486 3539 θεῖα
507 3485 759 3557 θεωρίας·
779 3484 1070 3553 ἀναγνώτω
1090 3485 1175 3549 τὰ,
1195 3487 1287 3538 ἐπὶ
1304 3487 1445 3538 τέλει
1461 3488 1560 3556 τῆς
1580 3488 1670 3540 τοῦ
1703 3488 1955 3560 Ἰεξεκιὴλ

363 3577 726 3649 προφητείας,
741 3575 1027 3647 ἑωραμένα
1045 3579 1123 3648 τῷ
1141 3579 1410 3649 προφήτῃ·
1436 3581 1492 3632 ὲν
1505 3573 1585 3642 οἷς
1599 3579 1842 3650 διάφοροι
1861 3581 1955 3635 πύ,

353 3669 456 3723 ,λαι
489 3671 1008 3742 καταγεγραμμέναι
1061 3671 1217 3734 εἰσὶν,
1259 3671 1630 3742 αἰνισσόμεναί
1661 3690 1778 3726 τινα
1825 3677 1954 3745 περὶ

359 3763 468 3832 τῆς
500 3762 757 3832 διαφόρου
787 3763 896 3832 (85)
927 3762 1130 3815 εἰσόδου
1169 3760 1277 3814 τῶν
1311 3763 1595 3832 θειοτέρων
1638 3762 1824 3834 ψυχῶν
1862 3764 1955 3817 ἐπὶ

361 3853 436 3908 τὰ
459 3854 760 3924 κρείττονα·
790 3853 1166 3921 ἀναγνώτωδὲ
1195 3855 1286 3906 καὶ
1307 3855 1370 3906 ἐκ
1401 3854 1497 3924 τῆς
1521 3854 1764 3908 Ἰωάννου
1792 3855 1951 3908 Ἀπο-

2127 3027 2218 3084 23.
2246 3027 2396 3094 Quod
2419 3029 2463 3086 si
2485 3031 2606 3100 quis
2639 3029 2705 3086 de
2749 3033 3053 3087 animarum
3102 3034 3154 3087 in
3188 3049 3276 3089 res
3306 3033 3516 3092 divinas
3541 3035 3625 3091 in-

2062 3122 2342 3188 gressione
2365 3122 2566 3178 habere
2590 3123 2723 3178 velit
2753 3127 2882 3193 quid
2919 3127 3176 3182 arcanius
3199 3167 3212 3186 .
3246 3144 3355 3198 qno
3386 3129 3451 3182 ad
3485 3130 3625 3184 hanc

2059 3213 2576 3281 contemplationem
2616 3215 2907 3280 excitetur,
2934 3215 3174 3286 illudque
3191 3218 3390 3272 ducere
3425 3234 3529 3273 non
3554 3235 3623 3274 ex

2061 3302 2445 3357 obscurissima
2481 3312 2627 3358 secta
2653 3320 2814 3372 quam
2841 3305 3032 3361 Celsus
3063 3307 3366 3374 consuluit;
3397 3311 3489 3367 sed
3530 3317 3628 3365 aut

2061 3409 2126 3448 ex
2161 3394 2338 3456 libris,
2365 3409 2503 3463 quos
2531 3395 2585 3449 in
2614 3395 2905 3466 synagogis
2939 3394 3109 3451 Judmi
3135 3397 3319 3467 legunt
3346 3408 3401 3453 et
3429 3399 3630 3454 admit-

2065 3494 2187 3538 tunt
2252 3485 2606 3551 Christiani,
2672 3497 2766 3540 aut
2837 3501 2904 3540 ex
2960 3487 3114 3542 libris
3188 3486 3626 3548 Christianorum

2069 3585 2302 3640 tantum;
2369 3577 2514 3646 legat
2561 3578 2607 3632 is
2678 3594 2742 3632 ea
2787 3593 2906 3647 qua-
2950 3579 3052 3634 sibi
3102 3580 3218 3633 visa
3267 3580 3442 3637 fuisse
3487 3584 3627 3638 scri-

2037 3667 2140 3721 -bit
2207 3667 2460 3721 Ezechiel
2521 3667 2572 3721 in
2642 3668 2748 3720 line
2810 3669 3105 3737 prophetia:
3127 3668 3197 3724 “.
3274 3669 3353 3723 lbi
3422 3672 3625 3726 deseri-

2061 3761 2266 3813 buntur
2310 3759 2542 3812 diversa:
2590 3767 2802 3826 portze,
2861 3758 3062 3826 quibus
3106 3759 3420 3814 indicantur
3476 3775 3625 3830 quae-

2059 3849 2182 3902 dam
2212 3848 2278 3902 de
2309 3847 2459 3901 vario
2491 3847 2824 3902 diviniorum
2850 3849 3152 3902 animarum
3188 3851 3255 3902 ad
3285 3849 3510 3906 meliora
3538 3853 3626 3906 in-

366 3945 658 4013 καλύψεως
685 3943 754 3997 τὰ
788 3945 1039 4016 περὶτῆς
1069 3943 1276 4006 πόλεως
1304 3943 1398 3997 τοῦ
1428 3944 1562 3996 Θεοῦ
1598 3946 1954 4017 Ἰερουσαλὴμ

368 4033 717 4104 ἐπουρανίου,
749 4035 842 4086 καὶ
870 4035 976 4085 τῶν
1001 4033 1282 4103 θεμελίων,
1307 4037 1399 4087 καὶ
1420 4034 1527 4087 τῶν
1551 4035 1733 4088 πυλῶν
1763 4037 1949 4108 αὐτῆς.

368 4127 436 4179 Ei
463 4126 519 4178 δὲ
551 4125 772 4177 δύναται
801 4124 888 4178 διὰ
925 4123 1204 4194 συμϐόλων
1251 4125 1342 4177 καὶ
1374 4124 1472 4194 τὴν
1504 4125 1619 4178 ὁδὸν
1650 4127 1953 4198 δεδηλωμέ-

369 4234 470 4288 νην
495 4217 602 4269 τῶν
637 4216 963 4270 ὁδευσόντων
995 4216 1088 4267 ἐπὶ
1134 4214 1200 4268 τὰ
1238 4217 1354 4269 θεῖα
1407 4217 1614 4286 μαθεῖν·
1659 4218 1952 4286 ἀναγνώτω

367 4312 499 4372 τοὺς
571 4307 1080 4378 ἐπιγεγραμμένους
1141 4307 1438 4376 Ἀριθμοὺς
1496 4307 1809 4373 Μωῡσέως,
1861 4311 1953 4363 καὶ

2061 3943 2246 3995 troitu.
2272 3938 2442 4008 Legat
2466 3947 2518 3996 et
2555 3939 2607 3992 in
2647 3939 2976 4010 Apocalypsi
3021 3938 3252 3995 Joannis
3291 3956 3412 4010 qua:
3453 3943 3529 3997 ibi
3558 3944 3625 4012 de

2060 4033 2277 4086 civitate
2311 4032 2402 4086 Dei
2431 4029 2734 4085 Jerusalem
2767 4030 3000 4096 coelesti,
3040 4031 3104 4084 de
3140 4029 3527 4093 fundamentis,
3558 4033 3627 4084 de

2059 4124 2231 4194 portis
2263 4123 2378 4192 ejus
2409 4123 2748 4176 dicuntur".
2793 4122 2857 4175 Et
2910 4123 2953 4177 si
2997 4122 3140 4175 viam
3189 4122 3255 4178 ad
3305 4137 3393 4177 res
3419 4123 3626 4176 divinas

2059 4217 2299 4269 euntium
2321 4232 2415 4286 per
2439 4214 2684 4285 symbola
2713 4213 3009 4266 indicatam
3026 4211 3238 4266 discere
3262 4222 3462 4279 potest,
3484 4211 3628 4281 legat

2058 4307 2256 4376 Moysis
2283 4306 2480 4359 librum
2507 4305 2598 4373 qui
2626 4299 3217 4366 inscribiturNumeri;
3244 4311 3303 4357 et.
3320 4301 3493 4356 ascito
3522 4301 3625 4357 sibi

371 4399 662 4472 ζητησάτω
696 4399 784 4452 τὸν
829 4398 1120 4469 δυνάμενον
1171 4398 1333 4451 αὑτὸν
1381 4399 1811 4468 μυσταγωγῆσαι
1862 4401 1951 4453 ἐπὶ

2064 4399 2156 4467 qui
2193 4399 2365 4467 ipsum
2400 4396 2620 4448 initiare
2652 4395 2825 4462 possit
2852 4391 3127 4465 mysteriis
3157 4433 3170 4458 ,
3201 4406 3322 4460 quae
3355 4391 3521 4463 648
3545 4407 3628 4446 ca-

367 4493 444 4547 τὰ
472 4493 600 4564 περὶ
630 4491 739 4546 τῶν
785 4489 1146 4561 παρεμϐολῶν
1192 4488 1301 4542 τῶν
1344 4490 1474 4543 υἱῶν
1522 4489 1734 4561 Ἰσραὴλ
1763 4492 1960 4560 ἀναγε-

383 4585 686 4655 γραμμένα·
729 4586 876 4637 ποῖαι
913 4582 1013 4653 μὲν
1036 4579 1178 4635 κατά
1207 4579 1279 4635 τὰ
1313 4579 1604 4634 ἀνατολικὰ
1634 4583 1960 4652 τεταγμέναι

445 4702 490 4734 ⁵⁸
518 4702 713 4756 Ezech.
737 4717 927 4755 xcvm.
983 4700 1026 4732 ⁸⁷
1049 4702 1215 4768 Apoc.
1243 4715 1357 4754 Mil.

381 4821 386 4886 ξ
421 4813 560 4886 77(77)
598 4816 824 4869 Αὐτῶν.
857 4815 1051 4886 Guieto
1084 4814 1691 4886 scribendum_\'idetur,
1717 4814 1824 4868 τῶν
1853 4835 1946 4871 πυο

375 4883 502 4937 λῶν.
544 4886 606 4937 Et
627 4886 712 4955 τὸ,
753 4884 1096 4955 μιμούμενοι,
1141 4884 1343 4955 inquit,
1378 4883 1721 4955 referendum
1756 4888 1822 4939 ad
1856 4904 1945 4942 διι-

378 4955 594 5025 periura
625 4953 863 5025 illm—rrﬁv
897 4953 1116 5025 πρώτην
1147 4953 1386 5006 τίθενται
1414 4953 1642 5025 Κρόνου.

451 5023 579 5094 (78)
622 5022 832 5091 "mne;
883 5022 958 5078 Ita
1015 5022 1192 5094 codd.
1224 5025 1445 5094 Regius
1473 5022 1528 5077 et
1580 5022 1940 5094 Basileensis.

380 5091 536 5147 Libb.
574 5101 758 5162 autem
793 5095 1073 5162 impressi,
1109 5093 1301 5162 πύλης.
1340 5091 1738 5162 Ιὺῐιίριηίίἱιιοεη
1785 5109 1942 5162 lIISS.,

379 5164 684 5235 προσάπτει
812 5161 1156 5235 ἐκτίθεται-ὴ
1191 5161 1415 5235 Περσῶν
1451 5161 1756 5235 θεολογία..
1785 5161 1938 5214 Libh.

380 5229 530 5300 editi,
577 5229 937 5300 προσάπτειῆ
984 5229 1516 5300 ἐκτίθεταιῚΙερσῶν
1549 5229 1815 5298 θεολογία,
1854 5246 1951 5297 pro

381 5301 877 5370 quibusjloherello
901 5311 952 5353 et
977 5301 1171 5354 Gnieto
1189 5301 1530 5370 scribendum
1557 5301 1769 5352 videtur
1793 5316 1955 5370 προσ-

381 5367 540 5445 άπτει
575 5367 904 5445 ᾖᾼέκτίθεται
933 5370 1155 5445 Περσῶν
1175 5369 1453 5445 θεολογία.

379 5443 382 5446 ’
453 5435 708 5510 (79)”Ὡς
740 5441 992 5505 ἐκείνοις
1016 5435 1485 5510 'dpxeiotiqtalta‘
1522 5435 1859 5510 llmschclius
1898 5436 1950 5490 in

385 5505 562 5574 lex'tu,
611 5505 1166 5578 Spencerusautem,
1213 5508 1320 5571 οὐδ’
1371 5505 1598 5568 ἐκείνοις
1645 5505 1949 5575 ἀρκεῖσθαι.

381 5581 608 5636 Guietus
642 5581 933 5650 utramque
961 5579 1250 5634 lectionem
1299 5578 1644 5631 recidendatn
1690 5587 1846 5643 putat
1895 5587 1954 5630 ut

383 5651 651 5706 inutilem.
1074 5657 1077 5660 ’
1927 5659 1934 5665 ’

455 5722 566 5792 (80)
608 5722 806 5778 Locum
858 5721 1002 5775 hunc
1032 5732 1136 5772 non
1173 5715 1311 5786 cepit
1341 5713 1604 5770 Guietus:
1639 5714 1764 5768 hinc
1797 5713 1946 5768 illum

2068 4502 2307 4546 strorum
2338 4486 2657 4541 metatioues
2706 4483 2940 4538 ﬁliorum
2978 4481 3142 4536 Israel
3193 4481 3508 4544 continent,
3545 4482 3627 4534 in-

2068 4587 2252 4658 quirat
2281 4583 2502 4653 quinam
2528 4579 2750 4634 ordines
2777 4578 2844 4632 ad
2872 4577 3141 4632 orientem
3179 4584 3237 4629 ut
3281 4572 3468 4645 primi,
3505 4574 3630 4643 qui-

2057 4833 2305 4877 mancum
2358 4824 2413 4871 ct
2460 4814 2725 4870 medicina
2778 4813 3017 4883 indigere
3067 4829 3188 4866 cum
3243 4810 3628 4883 arbitraretur,

2053 4892 2434 4960 dubitabatdan
2464 4887 2542 4960 sic
2567 4879 2921 4960 scribendum
2941 4880 3345 4960 3_"07cw;_1rore
3374 4879 3483 4960 γὰρ

2049 4961 2257 5021 ταῦτα,
2304 4957 2413 5010 εἴτε
2459 4955 2666 5025 ψευδῶς
2706 4951 3074 5025 είτέἀληθῶς,
3121 4957 3232 5025 τοῖς
3270 4949 3352 5025 Δτὰ
3381 4949 3476 5002 τοῦ
3509 4951 3627 5025 Μί-

2053 5029 2180 5101 θρου
2237 5019 2592 5101 πρεσϐεύουσι
2639 5023 2733 5076 καὶ
2776 5019 3015 5091 Πέρσαις
3060 5019 3457 5090 καταλείψομεν
3507 5019 3627 5084 ἐξε-

2051 5099 2254 5152 τάξειν.

2277 5165 2612 5238 llmschelius
2640 5165 2693 5216 in
2718 5169 2889 5238 textu,
2914 5163 3027 5222 τοῖς
3053 5160 3485 5229 εὐγενεστάτοις,
3525 5158 3627 5213 sic-

2059 5233 2162 5306 que
2196 5233 2364 5290 codex
2398 5235 2728 5306 Anglicanus
2758 5233 2987 5306 primus.

2133 5308 2243 5376 (82)
2273 5295 3152 5376 Hapab’c‘isieir.‘llo-hereliuslegit
3181 5295 3532 5376 παραλαϐεῖν,
3563 5305 3624 5352 ut

2049 5365 2238 5445 supra
2267 5365 2461 5444 legitur
2511 5369 2840 5445 παραλαϐῶν
2886 5370 2944 5421 οὐ
2995 5368 3150 5436 μόνον
3199 5365 3271 5419 sit
3315 5365 3618 5445 Ιξλὸιτωνοςἶ

2057 5436 2226 5500 Ριιύιο
2253 5436 2373 5513 post
2405 5436 2741 5497 llmsch'elius
2765 5440 2818 5493 in
2851 5447 2996 5493 textu
3031 5451 3312 5504 perperam
3348 5436 3544 5500 habet,
3571 5438 3622 5489 ει

2052 5514 2663 5588 δέτιίςβρρλῃτδμήκ
2758 5587 2761 5588 ί
2851 5586 2859 5588 Α
2969 5574 2992 5588 .
3169 5573 3194 5588 .
3318 5573 3329 5584 .

2126 5574 2621 5708 (8§)'lilm§chelius
2651 5581 2704 5636 in
2752 5586 2936 5644 textu,
2965 5574 3246 5644 διαφορᾶς,
3289 5574 3473 5642 sicque
3517 5588 3619 5629 ms.

2126 5674 2168 5708 I‘I
2197 5672 2265 5708 lC.
2334 5693 2351 5708 ι

2053 5657 2265 5727 Anglic.
2294 5657 2351 5710 1.
