  <div class='ocr_page' id='page_1' title='image "/cluster/home/n/w/nwhite01/storage/ocr_20150623/11/mdp.39015013266690/677.png"; bbox 0 0 3990 6158; ppageno 0'>
   <div class='ocr_carea' id='block_1_1' title="bbox 493 229 627 285">
    <p class='ocr_par' dir='ltr' id='par_1_1' title="bbox 493 229 627 285">
     <span class='ocr_line' id='line_1_1' title="bbox 493 229 627 285; baseline -0.015 -1"><span class='ocrx_word' id='word_1_1' title='bbox 493 231 516 284; x_wconf 73' lang='grc'>1</span> <span class='ocrx_word' id='word_1_2' title='bbox 528 229 627 285; x_wconf 69' lang='lat'><strong>3&#39;27</strong></span> 
     </span>
    </p>
   </div>
   <div class='ocr_carea' id='block_1_2' title="bbox 493 341 2133 413">
    <p class='ocr_par' dir='ltr' id='par_1_2' title="bbox 493 341 2133 413">
     <span class='ocr_line' id='line_1_2' title="bbox 493 341 2133 413; baseline -0.003 -11"><span class='ocrx_word' id='word_1_3' title='bbox 493 365 618 403; x_wconf 80' lang='lat' dir='ltr'><strong>nam</strong></span> <span class='ocrx_word' id='word_1_4' title='bbox 654 359 843 400; x_wconf 81' lang='lat' dir='ltr'><strong>versus</strong></span> <span class='ocrx_word' id='word_1_5' title='bbox 865 353 1142 408; x_wconf 71' lang='lat' dir='ltr'><strong>&#39;austrum,</strong></span> <span class='ocrx_word' id='word_1_6' title='bbox 1166 341 1384 411; x_wconf 89' lang='lat' dir='ltr'><strong>quinam</strong></span> <span class='ocrx_word' id='word_1_7' title='bbox 1414 356 1602 403; x_wconf 57' lang='lat' dir='ltr'><strong>Vesus</strong></span> <span class='ocrx_word' id='word_1_8' title='bbox 1631 342 1899 409; x_wconf 79' lang='lat' dir='ltr'><strong>Africum,</strong></span> <span class='ocrx_word' id='word_1_9' title='bbox 1938 346 2059 413; x_wconf 91' lang='lat' dir='ltr'><strong>qui-</strong></span> <span class='ocrx_word' id='word_1_10' title='bbox 2090 358 2133 406; x_wconf 70' lang='grc' dir='ltr'>Α</span> 
     </span>
    </p>
   </div>
   <div class='ocr_carea' id='block_1_3' title="bbox 494 434 2057 506">
    <p class='ocr_par' dir='ltr' id='par_1_3' title="bbox 494 434 2057 506">
     <span class='ocr_line' id='line_1_3' title="bbox 494 434 2057 506; baseline -0.004 -11"><span class='ocrx_word' id='word_1_11' title='bbox 494 457 618 497; x_wconf 82' lang='lat' dir='ltr'><strong>nam</strong></span> <span class='ocrx_word' id='word_1_12' title='bbox 653 440 720 492; x_wconf 83' lang='lat' dir='ltr'><strong>ad</strong></span> <span class='ocrx_word' id='word_1_13' title='bbox 754 452 943 501; x_wconf 85' lang='lat' dir='ltr'><strong>mare,</strong></span> <span class='ocrx_word' id='word_1_14' title='bbox 976 436 1198 504; x_wconf 82' lang='lat' dir='ltr'><strong>quinam</strong></span> <span class='ocrx_word' id='word_1_15' title='bbox 1244 434 1310 487; x_wconf 91' lang='lat' dir='ltr'><strong>ad</strong></span> <span class='ocrx_word' id='word_1_16' title='bbox 1356 435 1810 504; x_wconf 78' lang='lat' dir='ltr'><strong>septentrionales</strong></span> <span class='ocrx_word' id='word_1_17' title='bbox 1853 436 2057 506; x_wconf 83' lang='lat' dir='ltr'><strong>plagas,</strong></span> 
     </span>
    </p>
   </div>
   <div class='ocr_carea' id='block_1_4' title="bbox 490 525 2059 601">
    <p class='ocr_par' dir='ltr' id='par_1_4' title="bbox 490 525 2059 601">
     <span class='ocr_line' id='line_1_4' title="bbox 490 525 2059 601; baseline -0.003 -16"><span class='ocrx_word' id='word_1_18' title='bbox 490 544 553 587; x_wconf 90' lang='lat' dir='ltr'><strong>ut</strong></span> <span class='ocrx_word' id='word_1_19' title='bbox 580 530 878 601; x_wconf 90' lang='lat' dir='ltr'><strong>postremi,</strong></span> <span class='ocrx_word' id='word_1_20' title='bbox 918 525 1170 581; x_wconf 85' lang='lat' dir='ltr'><strong>collocati</strong></span> <span class='ocrx_word' id='word_1_21' title='bbox 1205 525 1429 579; x_wconf 78' lang='lat' dir='ltr'><strong>fuerint.</strong></span> <span class='ocrx_word' id='word_1_22' title='bbox 1469 525 1581 579; x_wconf 91' lang='lat' dir='ltr'><strong>lllic</strong></span> <span class='ocrx_word' id='word_1_23' title='bbox 1622 527 1825 581; x_wconf 77' lang='lat' dir='ltr'><strong>videbit</strong></span> <span class='ocrx_word' id='word_1_24' title='bbox 1864 543 1954 581; x_wconf 89' lang='lat' dir='ltr'><strong>res</strong></span> <span class='ocrx_word' id='word_1_25' title='bbox 1982 528 2059 581; x_wconf 91' lang='lat' dir='ltr'><strong>al-</strong></span> 
     </span>
    </p>
   </div>
   <div class='ocr_carea' id='block_1_5' title="bbox 499 618 2059 687">
    <p class='ocr_par' dir='ltr' id='par_1_5' title="bbox 499 618 2059 687">
     <span class='ocr_line' id='line_1_5' title="bbox 499 618 2059 687; baseline -0.002 -11"><span class='ocrx_word' id='word_1_26' title='bbox 499 635 601 687; x_wconf 87' lang='lat' dir='ltr'><strong>tas,</strong></span> <span class='ocrx_word' id='word_1_27' title='bbox 628 621 852 675; x_wconf 87' lang='lat' dir='ltr'><strong>minimc</strong></span> <span class='ocrx_word' id='word_1_28' title='bbox 899 618 1363 679; x_wconf 87' lang='lat' dir='ltr'><strong>contemnendas,</strong></span> <span class='ocrx_word' id='word_1_29' title='bbox 1407 625 1464 670; x_wconf 91' lang='lat' dir='ltr'><strong>et</strong></span> <span class='ocrx_word' id='word_1_30' title='bbox 1494 633 1614 687; x_wconf 68' lang='lat' dir='ltr'><strong>quae</strong></span> <span class='ocrx_word' id='word_1_31' title='bbox 1649 633 1757 673; x_wconf 87' lang='lat' dir='ltr'><strong>non</strong></span> <span class='ocrx_word' id='word_1_32' title='bbox 1785 620 2059 673; x_wconf 85' lang='lat' dir='ltr'><strong>auditores</strong></span> 
     </span>
    </p>
   </div>
   <div class='ocr_carea' id='block_1_6' title="bbox 498 708 2057 779">
    <p class='ocr_par' dir='ltr' id='par_1_6' title="bbox 498 708 2057 779">
     <span class='ocr_line' id='line_1_6' title="bbox 498 708 2057 779; baseline -0.002 -11"><span class='ocrx_word' id='word_1_33' title='bbox 498 711 717 775; x_wconf 88' lang='lat' dir='ltr'><strong>stultos,</strong></span> <span class='ocrx_word' id='word_1_34' title='bbox 749 720 806 763; x_wconf 93' lang='lat' dir='ltr'><strong>ut</strong></span> <span class='ocrx_word' id='word_1_35' title='bbox 839 708 1027 763; x_wconf 90' lang='lat' dir='ltr'><strong>Celsus</strong></span> <span class='ocrx_word' id='word_1_36' title='bbox 1061 708 1378 772; x_wconf 77' lang='lat' dir='ltr'><strong>existimat,</strong></span> <span class='ocrx_word' id='word_1_37' title='bbox 1409 716 1464 762; x_wconf 89' lang='lat' dir='ltr'><strong>et</strong></span> <span class='ocrx_word' id='word_1_38' title='bbox 1493 708 1621 762; x_wconf 79' lang='lat' dir='ltr'><strong>vilia</strong></span> <span class='ocrx_word' id='word_1_39' title='bbox 1658 710 1930 779; x_wconf 87' lang='lat' dir='ltr'><strong>mancipia</strong></span> <span class='ocrx_word' id='word_1_40' title='bbox 1965 710 2057 765; x_wconf 86' lang='lat' dir='ltr'><strong>dc-</strong></span> 
     </span>
    </p>
   </div>
   <div class='ocr_carea' id='block_1_7' title="bbox 495 801 2053 871">
    <p class='ocr_par' dir='ltr' id='par_1_7' title="bbox 495 801 2053 871">
     <span class='ocr_line' id='line_1_7' title="bbox 495 801 2053 871; baseline -0.003 -12"><span class='ocrx_word' id='word_1_41' title='bbox 495 806 763 859; x_wconf 86' lang='lat' dir='ltr'><strong>siderent.</strong></span> <span class='ocrx_word' id='word_1_42' title='bbox 795 801 999 855; x_wconf 87' lang='lat' dir='ltr'><strong>Ibidem</strong></span> <span class='ocrx_word' id='word_1_43' title='bbox 1050 801 1223 854; x_wconf 89' lang='lat' dir='ltr'><strong>discet</strong></span> <span class='ocrx_word' id='word_1_44' title='bbox 1255 810 1507 853; x_wconf 88' lang='lat' dir='ltr'><strong>naturam</strong></span> <span class='ocrx_word' id='word_1_45' title='bbox 1544 816 1927 865; x_wconf 86' lang='lat' dir='ltr'><strong>numerorum,</strong></span> <span class='ocrx_word' id='word_1_46' title='bbox 1962 804 2053 871; x_wconf 90' lang='lat' dir='ltr'><strong>qui</strong></span> 
     </span>
    </p>
   </div>
   <div class='ocr_carea' id='block_1_8' title="bbox 488 889 2058 960">
    <p class='ocr_par' dir='ltr' id='par_1_8' title="bbox 488 889 2058 960">
     <span class='ocr_line' id='line_1_8' title="bbox 488 889 2058 960; baseline -0.003 -10"><span class='ocrx_word' id='word_1_47' title='bbox 488 897 563 951; x_wconf 87' lang='lat' dir='ltr'><strong>ibi</strong></span> <span class='ocrx_word' id='word_1_48' title='bbox 600 902 985 957; x_wconf 87' lang='lat' dir='ltr'><strong>recensentur,</strong></span> <span class='ocrx_word' id='word_1_49' title='bbox 1012 900 1068 945; x_wconf 89' lang='lat' dir='ltr'><strong>et</strong></span> <span class='ocrx_word' id='word_1_50' title='bbox 1099 889 1329 960; x_wconf 80' lang='lat' dir='ltr'><strong>singulis</strong></span> <span class='ocrx_word' id='word_1_51' title='bbox 1357 891 1606 947; x_wconf 89' lang='lat' dir='ltr'><strong>tribubus</strong></span> <span class='ocrx_word' id='word_1_52' title='bbox 1642 893 2058 947; x_wconf 84' lang='lat' dir='ltr'><strong>accommodau-</strong></span> 
     </span>
    </p>
   </div>
   <div class='ocr_carea' id='block_1_9' title="bbox 488 983 2056 1053">
    <p class='ocr_par' dir='ltr' id='par_1_9' title="bbox 488 983 2056 1053">
     <span class='ocr_line' id='line_1_9' title="bbox 488 983 2056 1053; baseline -0.003 -13"><span class='ocrx_word' id='word_1_53' title='bbox 488 997 597 1042; x_wconf 89' lang='lat' dir='ltr'><strong>tur.</strong></span> <span class='ocrx_word' id='word_1_54' title='bbox 632 985 757 1041; x_wconf 93' lang='lat' dir='ltr'><strong>lllos</strong></span> <span class='ocrx_word' id='word_1_55' title='bbox 781 985 868 1039; x_wconf 89' lang='lat' dir='ltr'><strong>hic</strong></span> <span class='ocrx_word' id='word_1_56' title='bbox 912 984 1221 1053; x_wconf 79' lang='lat' dir='ltr'><strong>explicandi</strong></span> <span class='ocrx_word' id='word_1_57' title='bbox 1250 993 1465 1053; x_wconf 83' lang='lat' dir='ltr'><strong>tempus</strong></span> <span class='ocrx_word' id='word_1_58' title='bbox 1489 1000 1598 1039; x_wconf 86' lang='lat' dir='ltr'><strong>non</strong></span> <span class='ocrx_word' id='word_1_59' title='bbox 1635 994 1738 1038; x_wconf 90' lang='lat' dir='ltr'><strong>est.</strong></span> <span class='ocrx_word' id='word_1_60' title='bbox 1779 983 1925 1039; x_wconf 89' lang='lat' dir='ltr'><strong>Sciat</strong></span> <span class='ocrx_word' id='word_1_61' title='bbox 1959 1000 2056 1037; x_wconf 88' lang='lat' dir='ltr'><strong>au-</strong></span> 
     </span>
    </p>
   </div>
   <div class='ocr_carea' id='block_1_10' title="bbox 488 1074 2055 1145">
    <p class='ocr_par' dir='ltr' id='par_1_10' title="bbox 488 1074 2055 1145">
     <span class='ocr_line' id='line_1_10' title="bbox 488 1074 2055 1145; baseline -0.003 -12"><span class='ocrx_word' id='word_1_62' title='bbox 488 1091 594 1133; x_wconf 87' lang='lat' dir='ltr'><strong>tem</strong></span> <span class='ocrx_word' id='word_1_63' title='bbox 622 1078 835 1141; x_wconf 89' lang='lat' dir='ltr'><strong>Celsus,</strong></span> <span class='ocrx_word' id='word_1_64' title='bbox 870 1076 1105 1145; x_wconf 78' lang='lat' dir='ltr'><strong>librique</strong></span> <span class='ocrx_word' id='word_1_65' title='bbox 1137 1076 1254 1142; x_wconf 86' lang='lat' dir='ltr'><strong>ejus</strong></span> <span class='ocrx_word' id='word_1_66' title='bbox 1284 1075 1544 1140; x_wconf 84' lang='lat' dir='ltr'><strong>lectores,</strong></span> <span class='ocrx_word' id='word_1_67' title='bbox 1581 1075 1771 1130; x_wconf 88' lang='lat' dir='ltr'><strong>nullibi</strong></span> <span class='ocrx_word' id='word_1_68' title='bbox 1806 1074 2055 1144; x_wconf 83' lang='lat' dir='ltr'><strong>Scriptu-</strong></span> 
     </span>
    </p>
   </div>
   <div class='ocr_carea' id='block_1_11' title="bbox 486 1167 2058 1238">
    <p class='ocr_par' dir='ltr' id='par_1_11' title="bbox 486 1167 2058 1238">
     <span class='ocr_line' id='line_1_11' title="bbox 486 1167 2058 1238; baseline -0.006 -11"><span class='ocrx_word' id='word_1_69' title='bbox 486 1184 698 1235; x_wconf 80' lang='lat' dir='ltr'><strong>rarum,</strong></span> <span class='ocrx_word' id='word_1_70' title='bbox 729 1183 849 1238; x_wconf 71' lang='lat' dir='ltr'><strong>qua:</strong></span> <span class='ocrx_word' id='word_1_71' title='bbox 875 1168 1111 1223; x_wconf 70' lang='lat' dir='ltr'><strong>sincerae</strong></span> <span class='ocrx_word' id='word_1_72' title='bbox 1142 1176 1200 1220; x_wconf 89' lang='lat' dir='ltr'><strong>et</strong></span> <span class='ocrx_word' id='word_1_73' title='bbox 1237 1167 1433 1221; x_wconf 73' lang='lat' dir='ltr'><strong>divina:</strong></span> <span class='ocrx_word' id='word_1_74' title='bbox 1475 1168 1795 1234; x_wconf 82' lang='lat' dir='ltr'><strong>creduntur,</strong></span> <span class='ocrx_word' id='word_1_75' title='bbox 1834 1168 2058 1221; x_wconf 54' lang='lat' dir='ltr'><strong>mentio.</strong></span> 
     </span>
    </p>
   </div>
   <div class='ocr_carea' id='block_1_12' title="bbox 489 1261 2058 1329">
    <p class='ocr_par' dir='ltr' id='par_1_12' title="bbox 489 1261 2058 1329">
     <span class='ocr_line' id='line_1_12' title="bbox 489 1261 2058 1329; baseline -0.004 -9"><span class='ocrx_word' id='word_1_76' title='bbox 489 1281 609 1320; x_wconf 89' lang='lat' dir='ltr'><strong>nem</strong></span> <span class='ocrx_word' id='word_1_77' title='bbox 640 1264 754 1318; x_wconf 83' lang='lat' dir='ltr'><strong>ﬁeri</strong></span> <span class='ocrx_word' id='word_1_78' title='bbox 786 1262 853 1316; x_wconf 91' lang='lat' dir='ltr'><strong>de</strong></span> <span class='ocrx_word' id='word_1_79' title='bbox 881 1270 1084 1328; x_wconf 85' lang='lat' dir='ltr'><strong>septem</strong></span> <span class='ocrx_word' id='word_1_80' title='bbox 1108 1261 1269 1315; x_wconf 71' lang='lat' dir='ltr'><strong>caelis</strong></span> <span class='ocrx_word' id='word_1_81' title='bbox 1288 1302 1304 1327; x_wconf 91' lang='lat'><strong>,</strong></span> <span class='ocrx_word' id='word_1_82' title='bbox 1326 1269 1381 1315; x_wconf 88' lang='lat' dir='ltr'><strong>et</strong></span> <span class='ocrx_word' id='word_1_83' title='bbox 1420 1275 1597 1328; x_wconf 80' lang='lat' dir='ltr'><strong>neque</strong></span> <span class='ocrx_word' id='word_1_84' title='bbox 1635 1262 1927 1329; x_wconf 82' lang='lat' dir='ltr'><strong>prophetas</strong></span> <span class='ocrx_word' id='word_1_85' title='bbox 1956 1274 2058 1313; x_wconf 87' lang='lat' dir='ltr'><strong>no-</strong></span> 
     </span>
    </p>
   </div>
   <div class='ocr_carea' id='block_1_13' title="bbox 489 1350 2052 1423">
    <p class='ocr_par' dir='ltr' id='par_1_13' title="bbox 489 1350 2052 1423">
     <span class='ocr_line' id='line_1_13' title="bbox 489 1350 2052 1423; baseline -0.004 -13"><span class='ocrx_word' id='word_1_86' title='bbox 489 1367 657 1420; x_wconf 83' lang='lat' dir='ltr'><strong>stros,</strong></span> <span class='ocrx_word' id='word_1_87' title='bbox 709 1369 884 1423; x_wconf 86' lang='lat' dir='ltr'><strong>neque</strong></span> <span class='ocrx_word' id='word_1_88' title='bbox 932 1350 1057 1405; x_wconf 74' lang='lat' dir='ltr'><strong>Iesu</strong></span> <span class='ocrx_word' id='word_1_89' title='bbox 1119 1352 1433 1422; x_wconf 83' lang='lat' dir='ltr'><strong>apostolos,</strong></span> <span class='ocrx_word' id='word_1_90' title='bbox 1498 1366 1677 1420; x_wconf 89' lang='lat' dir='ltr'><strong>neque</strong></span> <span class='ocrx_word' id='word_1_91' title='bbox 1728 1353 1902 1422; x_wconf 86' lang='lat' dir='ltr'><strong>ipsum</strong></span> <span class='ocrx_word' id='word_1_92' title='bbox 1962 1351 2052 1405; x_wconf 88' lang='lat' dir='ltr'><strong>Dei</strong></span> 
     </span>
    </p>
   </div>
   <div class='ocr_carea' id='block_1_14' title="bbox 490 1441 2055 1514">
    <p class='ocr_par' dir='ltr' id='par_1_14' title="bbox 490 1441 2055 1514">
     <span class='ocr_line' id='line_1_14' title="bbox 490 1441 2055 1514; baseline -0.006 -12"><span class='ocrx_word' id='word_1_93' title='bbox 490 1448 691 1503; x_wconf 87' lang='lat' dir='ltr'><strong>Filium</strong></span> <span class='ocrx_word' id='word_1_94' title='bbox 728 1446 1028 1514; x_wconf 85' lang='lat' dir='ltr'><strong>quidquam</strong></span> <span class='ocrx_word' id='word_1_95' title='bbox 1071 1458 1101 1495; x_wconf 92' lang='lat' dir='ltr'><strong>a</strong></span> <span class='ocrx_word' id='word_1_96' title='bbox 1149 1442 1327 1499; x_wconf 78' lang='lat' dir='ltr'><strong>Persis</strong></span> <span class='ocrx_word' id='word_1_97' title='bbox 1360 1441 1692 1497; x_wconf 85' lang='lat' dir='ltr'><strong>autCabiris</strong></span> <span class='ocrx_word' id='word_1_98' title='bbox 1723 1441 1893 1495; x_wconf 86' lang='lat' dir='ltr'><strong>fuisse</strong></span> <span class='ocrx_word' id='word_1_99' title='bbox 1937 1455 2055 1493; x_wconf 86' lang='lat' dir='ltr'><strong>mu-</strong></span> 
     </span>
    </p>
   </div>
   <div class='ocr_carea' id='block_1_15' title="bbox 488 1550 688 1594">
    <p class='ocr_par' dir='ltr' id='par_1_15' title="bbox 488 1550 688 1594">
     <span class='ocr_line' id='line_1_15' title="bbox 488 1550 688 1594; baseline -0.01 -1"><span class='ocrx_word' id='word_1_100' title='bbox 488 1550 688 1594; x_wconf 82' lang='lat' dir='ltr'><strong>tuatos.</strong></span> 
     </span>
    </p>
   </div>
   <div class='ocr_carea' id='block_1_16' title="bbox 555 1710 2054 1777">
    <p class='ocr_par' dir='ltr' id='par_1_16' title="bbox 555 1710 2054 1777">
     <span class='ocr_line' id='line_1_16' title="bbox 555 1710 2054 1777; baseline -0.005 -6"><span class='ocrx_word' id='word_1_101' title='bbox 555 1718 645 1771; x_wconf 72' lang='grc'><strong>24.</strong></span> <span class='ocrx_word' id='word_1_102' title='bbox 676 1713 939 1777; x_wconf 80' lang='lat' dir='ltr'><strong>Absoluto</strong></span> <span class='ocrx_word' id='word_1_103' title='bbox 1003 1714 1073 1767; x_wconf 91' lang='lat' dir='ltr'><strong>de</strong></span> <span class='ocrx_word' id='word_1_104' title='bbox 1132 1710 1437 1766; x_wconf 82' lang='lat' dir='ltr'><strong>Mithriacis</strong></span> <span class='ocrx_word' id='word_1_105' title='bbox 1490 1725 1765 1774; x_wconf 89' lang='lat' dir='ltr'><strong>sermone,</strong></span> <span class='ocrx_word' id='word_1_106' title='bbox 1811 1710 2054 1766; x_wconf 82' lang='lat' dir='ltr'><strong>declarat</strong></span> 
     </span>
    </p>
   </div>
   <div class='ocr_carea' id='block_1_17' title="bbox 486 1802 2054 1873">
    <p class='ocr_par' dir='ltr' id='par_1_17' title="bbox 486 1802 2054 1873">
     <span class='ocr_line' id='line_1_17' title="bbox 486 1802 2054 1873; baseline -0.006 -8"><span class='ocrx_word' id='word_1_107' title='bbox 486 1809 679 1865; x_wconf 88' lang='lat' dir='ltr'><strong>Celsus</strong></span> <span class='ocrx_word' id='word_1_108' title='bbox 710 1821 852 1867; x_wconf 85' lang='lat' dir='ltr'><strong>eum,</strong></span> <span class='ocrx_word' id='word_1_109' title='bbox 896 1804 991 1873; x_wconf 89' lang='lat' dir='ltr'><strong>qui</strong></span> <span class='ocrx_word' id='word_1_110' title='bbox 1040 1803 1301 1873; x_wconf 84' lang='lat' dir='ltr'><strong>mysteria</strong></span> <span class='ocrx_word' id='word_1_111' title='bbox 1349 1802 1788 1859; x_wconf 83' lang='lat' dir='ltr'><strong>Christianorum</strong></span> <span class='ocrx_word' id='word_1_112' title='bbox 1826 1802 2054 1871; x_wconf 77' lang='lat' dir='ltr'><strong>exigere</strong></span> 
     </span>
    </p>
   </div>
   <div class='ocr_carea' id='block_1_18' title="bbox 484 1894 2053 1965">
    <p class='ocr_par' dir='ltr' id='par_1_18' title="bbox 484 1894 2053 1965">
     <span class='ocr_line' id='line_1_18' title="bbox 484 1894 2053 1965; baseline -0.008 -7"><span class='ocrx_word' id='word_1_113' title='bbox 484 1902 721 1957; x_wconf 75' lang='lat' dir='ltr'><strong>voluerit</strong></span> <span class='ocrx_word' id='word_1_114' title='bbox 757 1901 822 1955; x_wconf 90' lang='lat' dir='ltr'><strong>ad</strong></span> <span class='ocrx_word' id='word_1_115' title='bbox 872 1898 1161 1952; x_wconf 86' lang='lat' dir='ltr'><strong>Persarum</strong></span> <span class='ocrx_word' id='word_1_116' title='bbox 1192 1896 1456 1965; x_wconf 86' lang='lat' dir='ltr'><strong>mysteria</strong></span> <span class='ocrx_word' id='word_1_117' title='bbox 1485 1935 1500 1957; x_wconf 95' lang='lat'><strong>,</strong></span> <span class='ocrx_word' id='word_1_118' title='bbox 1559 1902 1613 1948; x_wconf 92' lang='lat' dir='ltr'><strong>et</strong></span> <span class='ocrx_word' id='word_1_119' title='bbox 1642 1894 1860 1949; x_wconf 87' lang='lat' dir='ltr'><strong>retectis</strong></span> <span class='ocrx_word' id='word_1_120' title='bbox 1892 1894 2053 1949; x_wconf 66' lang='lat' dir='ltr'><strong>(thri-</strong></span> 
     </span>
    </p>
   </div>
   <div class='ocr_carea' id='block_1_19' title="bbox 487 1986 2049 2055">
    <p class='ocr_par' dir='ltr' id='par_1_19' title="bbox 487 1986 2049 2055">
     <span class='ocr_line' id='line_1_19' title="bbox 487 1986 2049 2055; baseline -0.006 -6"><span class='ocrx_word' id='word_1_121' title='bbox 487 1995 789 2050; x_wconf 86' lang='lat' dir='ltr'><strong>stianorum</strong></span> <span class='ocrx_word' id='word_1_122' title='bbox 834 1991 1086 2055; x_wconf 91' lang='lat' dir='ltr'><strong>arcanis,</strong></span> <span class='ocrx_word' id='word_1_123' title='bbox 1120 1989 1223 2043; x_wconf 84' lang='lat' dir='ltr'><strong>alia</strong></span> <span class='ocrx_word' id='word_1_124' title='bbox 1264 2002 1387 2041; x_wconf 91' lang='lat' dir='ltr'><strong>cum</strong></span> <span class='ocrx_word' id='word_1_125' title='bbox 1437 1986 1559 2039; x_wconf 78' lang='lat' dir='ltr'><strong>aliis</strong></span> <span class='ocrx_word' id='word_1_126' title='bbox 1608 1986 2049 2054; x_wconf 85' lang='lat' dir='ltr'><strong>comparaverit,</strong></span> 
     </span>
    </p>
   </div>
   <div class='ocr_carea' id='block_1_20' title="bbox 485 2076 2048 2157">
    <p class='ocr_par' dir='ltr' id='par_1_20' title="bbox 485 2076 2048 2157">
     <span class='ocr_line' id='line_1_20' title="bbox 485 2076 2048 2157; baseline -0.007 -15"><span class='ocrx_word' id='word_1_127' title='bbox 485 2087 828 2157; x_wconf 83' lang='lat' dir='ltr'><strong>cogniturum</strong></span> <span class='ocrx_word' id='word_1_128' title='bbox 859 2084 988 2153; x_wconf 90' lang='lat' dir='ltr'><strong>quid</strong></span> <span class='ocrx_word' id='word_1_129' title='bbox 1023 2083 1161 2136; x_wconf 90' lang='lat' dir='ltr'><strong>inter</strong></span> <span class='ocrx_word' id='word_1_130' title='bbox 1190 2088 1419 2146; x_wconf 82' lang='lat' dir='ltr'><strong>utraque</strong></span> <span class='ocrx_word' id='word_1_131' title='bbox 1451 2076 1665 2131; x_wconf 81' lang='lat' dir='ltr'><strong>intersit</strong></span> <span class='ocrx_word' id='word_1_132' title='bbox 1692 2076 2048 2135; x_wconf 85' lang='lat' dir='ltr'><strong>discriminis.</strong></span> 
     </span>
    </p>
   </div>
   <div class='ocr_carea' id='block_1_21' title="bbox 486 2168 2049 2248">
    <p class='ocr_par' dir='ltr' id='par_1_21' title="bbox 486 2168 2049 2248">
     <span class='ocr_line' id='line_1_21' title="bbox 486 2168 2049 2248; baseline -0.01 -14"><span class='ocrx_word' id='word_1_133' title='bbox 486 2183 561 2235; x_wconf 79' lang='lat' dir='ltr'><strong>Ac</strong></span> <span class='ocrx_word' id='word_1_134' title='bbox 587 2178 681 2233; x_wconf 90' lang='lat' dir='ltr'><strong>ubi</strong></span> <span class='ocrx_word' id='word_1_135' title='bbox 721 2178 941 2248; x_wconf 86' lang='lat' dir='ltr'><strong>quidem</strong></span> <span class='ocrx_word' id='word_1_136' title='bbox 972 2173 1146 2243; x_wconf 91' lang='lat' dir='ltr'><strong>potuit</strong></span> <span class='ocrx_word' id='word_1_137' title='bbox 1186 2182 1459 2226; x_wconf 85' lang='lat' dir='ltr'><strong>sectarum</strong></span> <span class='ocrx_word' id='word_1_138' title='bbox 1499 2168 1747 2238; x_wconf 86' lang='lat' dir='ltr'><strong>proferre</strong></span> <span class='ocrx_word' id='word_1_139' title='bbox 1783 2170 2004 2222; x_wconf 91' lang='lat' dir='ltr'><strong>nomina</strong></span> <span class='ocrx_word' id='word_1_140' title='bbox 2032 2208 2049 2235; x_wconf 92' lang='lat'><strong>,</strong></span> 
     </span>
    </p>
   </div>
   <div class='ocr_carea' id='block_1_22' title="bbox 483 2260 2049 2342">
    <p class='ocr_par' dir='ltr' id='par_1_22' title="bbox 483 2260 2049 2342">
     <span class='ocr_line' id='line_1_22' title="bbox 483 2260 2049 2342; baseline -0.006 -17"><span class='ocrx_word' id='word_1_141' title='bbox 483 2287 621 2342; x_wconf 86' lang='lat' dir='ltr'><strong>quas</strong></span> <span class='ocrx_word' id='word_1_142' title='bbox 644 2279 890 2335; x_wconf 80' lang='lat' dir='ltr'><strong>noverat,</strong></span> <span class='ocrx_word' id='word_1_143' title='bbox 915 2282 1010 2323; x_wconf 88' lang='lat' dir='ltr'><strong>eas</strong></span> <span class='ocrx_word' id='word_1_144' title='bbox 1041 2278 1371 2320; x_wconf 83' lang='lat' dir='ltr'><strong>enumerare</strong></span> <span class='ocrx_word' id='word_1_145' title='bbox 1406 2278 1512 2317; x_wconf 90' lang='lat' dir='ltr'><strong>non</strong></span> <span class='ocrx_word' id='word_1_146' title='bbox 1545 2263 1729 2316; x_wconf 85' lang='lat' dir='ltr'><strong>omisit</strong></span> <span class='ocrx_word' id='word_1_147' title='bbox 1760 2278 1774 2314; x_wconf 92' lang='lat'><strong>:</strong></span> <span class='ocrx_word' id='word_1_148' title='bbox 1802 2260 1891 2315; x_wconf 88' lang='lat' dir='ltr'><strong>hic</strong></span> <span class='ocrx_word' id='word_1_149' title='bbox 1922 2276 2049 2316; x_wconf 74' lang='lat' dir='ltr'><strong>vero</strong></span> 
     </span>
    </p>
   </div>
   <div class='ocr_carea' id='block_1_23' title="bbox 483 2352 2045 2432">
    <p class='ocr_par' dir='ltr' id='par_1_23' title="bbox 483 2352 2045 2432">
     <span class='ocr_line' id='line_1_23' title="bbox 483 2352 2045 2432; baseline -0.008 -15"><span class='ocrx_word' id='word_1_150' title='bbox 483 2366 572 2419; x_wconf 92' lang='lat' dir='ltr'><strong>ubi</strong></span> <span class='ocrx_word' id='word_1_151' title='bbox 601 2364 773 2432; x_wconf 83' lang='lat' dir='ltr'><strong>magis</strong></span> <span class='ocrx_word' id='word_1_152' title='bbox 795 2358 1036 2429; x_wconf 87' lang='lat' dir='ltr'><strong>oportuit</strong></span> <span class='ocrx_word' id='word_1_153' title='bbox 1070 2356 1359 2410; x_wconf 87' lang='lat' dir='ltr'><strong>nominare</strong></span> <span class='ocrx_word' id='word_1_154' title='bbox 1388 2364 1619 2416; x_wconf 86' lang='lat' dir='ltr'><strong>sectam,</strong></span> <span class='ocrx_word' id='word_1_155' title='bbox 1651 2353 1696 2406; x_wconf 88' lang='lat' dir='ltr'><strong>si</strong></span> <span class='ocrx_word' id='word_1_156' title='bbox 1732 2361 1915 2405; x_wconf 87' lang='lat' dir='ltr'><strong>tamen</strong></span> <span class='ocrx_word' id='word_1_157' title='bbox 1946 2352 2045 2421; x_wconf 83' lang='lat' dir='ltr'><strong>ipsi</strong></span> 
     </span>
    </p>
   </div>
   <div class='ocr_carea' id='block_1_24' title="bbox 481 2445 2047 2526">
    <p class='ocr_par' dir='ltr' id='par_1_24' title="bbox 481 2445 2047 2526">
     <span class='ocr_line' id='line_1_24' title="bbox 481 2445 2047 2526; baseline -0.01 -15"><span class='ocrx_word' id='word_1_158' title='bbox 481 2459 584 2511; x_wconf 87' lang='lat' dir='ltr'><strong>fuit</strong></span> <span class='ocrx_word' id='word_1_159' title='bbox 615 2456 828 2526; x_wconf 86' lang='lat' dir='ltr'><strong>cognita</strong></span> <span class='ocrx_word' id='word_1_160' title='bbox 850 2494 863 2518; x_wconf 92' lang='lat'><strong>,</strong></span> <span class='ocrx_word' id='word_1_161' title='bbox 902 2466 1025 2522; x_wconf 63' lang='lat' dir='ltr'><strong>quae</strong></span> <span class='ocrx_word' id='word_1_162' title='bbox 1072 2449 1161 2504; x_wconf 90' lang='lat' dir='ltr'><strong>illo</strong></span> <span class='ocrx_word' id='word_1_163' title='bbox 1184 2489 1199 2515; x_wconf 94' lang='lat'><strong>,</strong></span> <span class='ocrx_word' id='word_1_164' title='bbox 1232 2446 1375 2517; x_wconf 90' lang='lat' dir='ltr'><strong>quod</strong></span> <span class='ocrx_word' id='word_1_165' title='bbox 1411 2445 1703 2515; x_wconf 84' lang='lat' dir='ltr'><strong>descripsit</strong></span> <span class='ocrx_word' id='word_1_166' title='bbox 1728 2488 1743 2512; x_wconf 94' lang='lat'><strong>,</strong></span> <span class='ocrx_word' id='word_1_167' title='bbox 1771 2447 2047 2515; x_wconf 84' lang='lat' dir='ltr'><strong>diagram-</strong></span> 
     </span>
    </p>
   </div>
   <div class='ocr_carea' id='block_1_25' title="bbox 479 2538 2049 2611">
    <p class='ocr_par' dir='ltr' id='par_1_25' title="bbox 479 2538 2049 2611">
     <span class='ocr_line' id='line_1_25' title="bbox 479 2538 2049 2611; baseline -0.008 -7"><span class='ocrx_word' id='word_1_168' title='bbox 479 2558 620 2603; x_wconf 85' lang='lat' dir='ltr'><strong>mate</strong></span> <span class='ocrx_word' id='word_1_169' title='bbox 669 2555 933 2611; x_wconf 88' lang='lat' dir='ltr'><strong>uteretur,</strong></span> <span class='ocrx_word' id='word_1_170' title='bbox 965 2544 1015 2598; x_wconf 87' lang='lat' dir='ltr'><strong>id</strong></span> <span class='ocrx_word' id='word_1_171' title='bbox 1058 2544 1279 2598; x_wconf 90' lang='lat' dir='ltr'><strong>minimc</strong></span> <span class='ocrx_word' id='word_1_172' title='bbox 1306 2540 1456 2595; x_wconf 88' lang='lat' dir='ltr'><strong>fecit.</strong></span> <span class='ocrx_word' id='word_1_173' title='bbox 1496 2538 1602 2594; x_wconf 86' lang='lat' dir='ltr'><strong>Sed</strong></span> <span class='ocrx_word' id='word_1_174' title='bbox 1627 2554 1690 2592; x_wconf 78' lang='lat' dir='ltr'><strong>ex</strong></span> <span class='ocrx_word' id='word_1_175' title='bbox 1720 2540 1783 2593; x_wconf 86' lang='lat' dir='ltr'><strong>iis</strong></span> <span class='ocrx_word' id='word_1_176' title='bbox 1813 2554 1932 2607; x_wconf 84' lang='lat' dir='ltr'><strong>quae</strong></span> <span class='ocrx_word' id='word_1_177' title='bbox 1968 2539 2049 2592; x_wconf 89' lang='lat' dir='ltr'><strong>di-</strong></span> 
     </span>
    </p>
   </div>
   <div class='ocr_carea' id='block_1_26' title="bbox 480 2627 2044 2707">
    <p class='ocr_par' dir='ltr' id='par_1_26' title="bbox 480 2627 2044 2707">
     <span class='ocr_line' id='line_1_26' title="bbox 480 2627 2044 2707; baseline -0.01 -13"><span class='ocrx_word' id='word_1_178' title='bbox 480 2642 579 2704; x_wconf 90' lang='lat' dir='ltr'><strong>cit,</strong></span> <span class='ocrx_word' id='word_1_179' title='bbox 633 2639 824 2707; x_wconf 88' lang='lat' dir='ltr'><strong>opinor</strong></span> <span class='ocrx_word' id='word_1_180' title='bbox 877 2635 1029 2689; x_wconf 90' lang='lat' dir='ltr'><strong>illum</strong></span> <span class='ocrx_word' id='word_1_181' title='bbox 1082 2630 1308 2686; x_wconf 86' lang='lat' dir='ltr'><strong>confuse</strong></span> <span class='ocrx_word' id='word_1_182' title='bbox 1372 2630 1613 2685; x_wconf 84' lang='lat' dir='ltr'><strong>audiisse</strong></span> <span class='ocrx_word' id='word_1_183' title='bbox 1669 2629 1734 2681; x_wconf 90' lang='lat' dir='ltr'><strong>de</strong></span> <span class='ocrx_word' id='word_1_184' title='bbox 1784 2627 2044 2682; x_wconf 85' lang='lat' dir='ltr'><strong>vilissima</strong></span> 
     </span>
    </p>
   </div>
   <div class='ocr_carea' id='block_1_27' title="bbox 483 2719 2042 2800">
    <p class='ocr_par' dir='ltr' id='par_1_27' title="bbox 483 2719 2042 2800">
     <span class='ocr_line' id='line_1_27' title="bbox 483 2719 2042 2800; baseline -0.008 -14"><span class='ocrx_word' id='word_1_185' title='bbox 483 2730 803 2800; x_wconf 79' lang='lat' dir='ltr'><strong>Ophitarum</strong></span> <span class='ocrx_word' id='word_1_186' title='bbox 832 2736 1004 2790; x_wconf 82' lang='lat' dir='ltr'><strong>secta,</strong></span> <span class='ocrx_word' id='word_1_187' title='bbox 1030 2725 1265 2792; x_wconf 83' lang='lat' dir='ltr'><strong>hincque</strong></span> <span class='ocrx_word' id='word_1_188' title='bbox 1284 2722 1533 2786; x_wconf 81' lang='lat' dir='ltr'><strong>duxisse,</strong></span> <span class='ocrx_word' id='word_1_189' title='bbox 1559 2719 1749 2773; x_wconf 85' lang='lat' dir='ltr'><strong>saltem</strong></span> <span class='ocrx_word' id='word_1_190' title='bbox 1779 2733 1843 2772; x_wconf 82' lang='lat' dir='ltr'><strong>ex</strong></span> <span class='ocrx_word' id='word_1_191' title='bbox 1869 2728 2042 2786; x_wconf 84' lang='lat' dir='ltr'><strong>parte,</strong></span> 
     </span>
    </p>
   </div>
   <div class='ocr_carea' id='block_1_28' title="bbox 478 2808 2043 2892">
    <p class='ocr_par' dir='ltr' id='par_1_28' title="bbox 478 2808 2043 2892">
     <span class='ocr_line' id='line_1_28' title="bbox 478 2808 2043 2892; baseline -0.008 -16"><span class='ocrx_word' id='word_1_192' title='bbox 478 2837 642 2892; x_wconf 90' lang='lat' dir='ltr'><strong>quam</strong></span> <span class='ocrx_word' id='word_1_193' title='bbox 668 2816 1079 2890; x_wconf 86' lang='lat' dir='ltr'><strong>diagrammatis</strong></span> <span class='ocrx_word' id='word_1_194' title='bbox 1111 2811 1532 2881; x_wconf 81' lang='lat' dir='ltr'><strong>descriptionem</strong></span> <span class='ocrx_word' id='word_1_195' title='bbox 1566 2809 1717 2864; x_wconf 86' lang='lat' dir='ltr'><strong>facit.</strong></span> <span class='ocrx_word' id='word_1_196' title='bbox 1747 2808 1899 2873; x_wconf 87' lang='lat' dir='ltr'><strong>Feci,</strong></span> <span class='ocrx_word' id='word_1_197' title='bbox 1924 2825 2043 2878; x_wconf 70' lang='lat' dir='ltr'><strong>quae</strong></span> 
     </span>
    </p>
   </div>
   <div class='ocr_carea' id='block_1_29' title="bbox 477 2898 2041 2968">
    <p class='ocr_par' dir='ltr' id='par_1_29' title="bbox 477 2898 2041 2968">
     <span class='ocr_line' id='line_1_29' title="bbox 477 2898 2041 2968; baseline -0.01 0"><span class='ocrx_word' id='word_1_198' title='bbox 477 2928 600 2968; x_wconf 85' lang='lat' dir='ltr'><strong>mea</strong></span> <span class='ocrx_word' id='word_1_199' title='bbox 630 2920 713 2965; x_wconf 89' lang='lat' dir='ltr'><strong>est</strong></span> <span class='ocrx_word' id='word_1_200' title='bbox 746 2907 991 2963; x_wconf 88' lang='lat' dir='ltr'><strong>discendi</strong></span> <span class='ocrx_word' id='word_1_201' title='bbox 1030 2905 1295 2967; x_wconf 79' lang='lat' dir='ltr'><strong>aviditas,</strong></span> <span class='ocrx_word' id='word_1_202' title='bbox 1345 2910 1403 2954; x_wconf 91' lang='lat' dir='ltr'><strong>ut</strong></span> <span class='ocrx_word' id='word_1_203' title='bbox 1450 2901 1564 2954; x_wconf 85' lang='lat' dir='ltr'><strong>haec</strong></span> <span class='ocrx_word' id='word_1_204' title='bbox 1597 2899 1730 2952; x_wconf 91' lang='lat' dir='ltr'><strong>mihi</strong></span> <span class='ocrx_word' id='word_1_205' title='bbox 1772 2899 1939 2968; x_wconf 85' lang='lat' dir='ltr'><strong>figura</strong></span> <span class='ocrx_word' id='word_1_206' title='bbox 1989 2898 2041 2952; x_wconf 88' lang='lat' dir='ltr'><strong>in</strong></span> 
     </span>
    </p>
   </div>
   <div class='ocr_carea' id='block_1_30' title="bbox 475 2990 2038 3063">
    <p class='ocr_par' dir='ltr' id='par_1_30' title="bbox 475 2990 2038 3063">
     <span class='ocr_line' id='line_1_30' title="bbox 475 2990 2038 3063; baseline -0.011 -6"><span class='ocrx_word' id='word_1_207' title='bbox 475 3016 670 3057; x_wconf 90' lang='lat' dir='ltr'><strong>manus</strong></span> <span class='ocrx_word' id='word_1_208' title='bbox 704 2999 957 3063; x_wconf 75' lang='lat' dir='ltr'><strong>veniret,</strong></span> <span class='ocrx_word' id='word_1_209' title='bbox 991 3004 1046 3048; x_wconf 90' lang='lat' dir='ltr'><strong>et</strong></span> <span class='ocrx_word' id='word_1_210' title='bbox 1076 2994 1148 3047; x_wconf 87' lang='lat' dir='ltr'><strong>ibi</strong></span> <span class='ocrx_word' id='word_1_211' title='bbox 1196 2992 1375 3045; x_wconf 82' lang='lat' dir='ltr'><strong>inveni</strong></span> <span class='ocrx_word' id='word_1_212' title='bbox 1414 2991 1669 3061; x_wconf 80' lang='lat' dir='ltr'><strong>figmenta</strong></span> <span class='ocrx_word' id='word_1_213' title='bbox 1719 2990 1997 3043; x_wconf 88' lang='lat' dir='ltr'><strong>hominum</strong></span> <span class='ocrx_word' id='word_1_214' title='bbox 2024 3028 2038 3053; x_wconf 95' lang='lat'><strong>,</strong></span> 
     </span>
    </p>
   </div>
   <div class='ocr_carea' id='block_1_31' title="bbox 475 3078 2040 3160">
    <p class='ocr_par' dir='ltr' id='par_1_31' title="bbox 475 3078 2040 3160">
     <span class='ocr_line' id='line_1_31' title="bbox 475 3078 2040 3160; baseline -0.008 -18"><span class='ocrx_word' id='word_1_215' title='bbox 475 3106 611 3160; x_wconf 87' lang='lat' dir='ltr'><strong>quos</strong></span> <span class='ocrx_word' id='word_1_216' title='bbox 639 3089 836 3143; x_wconf 88' lang='lat' dir='ltr'><strong>Paulus</strong></span> <span class='ocrx_word' id='word_1_217' title='bbox 868 3086 945 3139; x_wconf 91' lang='lat' dir='ltr'><strong>ait</strong></span> <span class='ocrx_word' id='word_1_218' title='bbox 968 3104 985 3136; x_wconf 82' lang='grc' dir='ltr'><strong>ι</strong></span> <span class='ocrx_word' id='word_1_219' title='bbox 1028 3091 1316 3151; x_wconf 85' lang='lat' dir='ltr'><strong>penetrare</strong></span> <span class='ocrx_word' id='word_1_220' title='bbox 1351 3082 1541 3135; x_wconf 88' lang='lat' dir='ltr'><strong>domos</strong></span> <span class='ocrx_word' id='word_1_221' title='bbox 1571 3087 1625 3132; x_wconf 88' lang='lat' dir='ltr'><strong>et</strong></span> <span class='ocrx_word' id='word_1_222' title='bbox 1659 3079 1908 3147; x_wconf 86' lang='lat' dir='ltr'><strong>captivas</strong></span> <span class='ocrx_word' id='word_1_223' title='bbox 1936 3078 2040 3131; x_wconf 84' lang='lat' dir='ltr'><strong>du-</strong></span> 
     </span>
    </p>
   </div>
   <div class='ocr_carea' id='block_1_32' title="bbox 474 3170 2041 3242">
    <p class='ocr_par' dir='ltr' id='par_1_32' title="bbox 474 3170 2041 3242">
     <span class='ocr_line' id='line_1_32' title="bbox 474 3170 2041 3242; baseline -0.01 -4"><span class='ocrx_word' id='word_1_224' title='bbox 474 3197 601 3238; x_wconf 85' lang='lat' dir='ltr'><strong>cere</strong></span> <span class='ocrx_word' id='word_1_225' title='bbox 648 3177 999 3235; x_wconf 88' lang='lat' dir='ltr'><strong>mulierculas</strong></span> <span class='ocrx_word' id='word_1_226' title='bbox 1031 3184 1288 3230; x_wconf 82' lang='lat' dir='ltr'><strong>oneratas</strong></span> <span class='ocrx_word' id='word_1_227' title='bbox 1328 3172 1567 3242; x_wconf 83' lang='lat' dir='ltr'><strong>peccatis</strong></span> <span class='ocrx_word' id='word_1_228' title='bbox 1590 3210 1605 3235; x_wconf 90' lang='lat'><strong>,</strong></span> <span class='ocrx_word' id='word_1_229' title='bbox 1646 3170 1814 3223; x_wconf 81' lang='lat' dir='ltr'><strong>variis</strong></span> <span class='ocrx_word' id='word_1_230' title='bbox 1848 3174 2041 3223; x_wconf 86' lang='lat' dir='ltr'><strong>ductas</strong></span> 
     </span>
    </p>
   </div>
   <div class='ocr_carea' id='block_1_33' title="bbox 479 3262 2043 3338">
    <p class='ocr_par' dir='ltr' id='par_1_33' title="bbox 479 3262 2043 3338">
     <span class='ocr_line' id='line_1_33' title="bbox 479 3262 2043 3338; baseline -0.009 -9"><span class='ocrx_word' id='word_1_231' title='bbox 479 3271 796 3336; x_wconf 86' lang='lat' dir='ltr'><strong>desideriis,</strong></span> <span class='ocrx_word' id='word_1_232' title='bbox 837 3282 1052 3338; x_wconf 89' lang='lat' dir='ltr'><strong>semper</strong></span> <span class='ocrx_word' id='word_1_233' title='bbox 1077 3265 1352 3319; x_wconf 87' lang='lat' dir='ltr'><strong>discentes</strong></span> <span class='ocrx_word' id='word_1_234' title='bbox 1381 3272 1435 3318; x_wconf 90' lang='lat' dir='ltr'><strong>et</strong></span> <span class='ocrx_word' id='word_1_235' title='bbox 1470 3277 1741 3331; x_wconf 75' lang='lat' dir='ltr'><strong>numquam</strong></span> <span class='ocrx_word' id='word_1_236' title='bbox 1766 3263 1831 3316; x_wconf 91' lang='lat' dir='ltr'><strong>ad</strong></span> <span class='ocrx_word' id='word_1_237' title='bbox 1864 3262 2043 3315; x_wconf 85' lang='lat' dir='ltr'><strong>scicn-</strong></span> 
     </span>
    </p>
   </div>
   <div class='ocr_carea' id='block_1_34' title="bbox 474 3350 2038 3429">
    <p class='ocr_par' dir='ltr' id='par_1_34' title="bbox 474 3350 2038 3429">
     <span class='ocr_line' id='line_1_34' title="bbox 474 3350 2038 3429; baseline -0.007 -13"><span class='ocrx_word' id='word_1_238' title='bbox 474 3365 605 3418; x_wconf 89' lang='lat' dir='ltr'><strong>tiam</strong></span> <span class='ocrx_word' id='word_1_239' title='bbox 660 3358 908 3415; x_wconf 80' lang='lat' dir='ltr'><strong>veritatis</strong></span> <span class='ocrx_word' id='word_1_240' title='bbox 957 3353 1418 3429; x_wconf 63' lang='lat' dir='ltr'><strong>pervenientes“.</strong></span> <span class='ocrx_word' id='word_1_241' title='bbox 1451 3371 1470 3404; x_wconf 74' lang='grc' dir='ltr'>ι</span> <span class='ocrx_word' id='word_1_242' title='bbox 1518 3350 1597 3406; x_wconf 90' lang='lat' dir='ltr'><strong>Ita</strong></span> <span class='ocrx_word' id='word_1_243' title='bbox 1656 3362 1834 3407; x_wconf 88' lang='lat' dir='ltr'><strong>autem</strong></span> <span class='ocrx_word' id='word_1_244' title='bbox 1888 3353 2038 3407; x_wconf 92' lang='lat' dir='ltr'><strong>omni</strong></span> 
     </span>
    </p>
   </div>
   <div class='ocr_carea' id='block_1_35' title="bbox 470 3443 2040 3524">
    <p class='ocr_par' dir='ltr' id='par_1_35' title="bbox 470 3443 2040 3524">
     <span class='ocr_line' id='line_1_35' title="bbox 470 3443 2040 3524; baseline -0.009 -15"><span class='ocrx_word' id='word_1_245' title='bbox 470 3451 856 3524; x_wconf 81' lang='lat' dir='ltr'><strong>probabilitate</strong></span> <span class='ocrx_word' id='word_1_246' title='bbox 892 3448 1141 3504; x_wconf 88' lang='lat' dir='ltr'><strong>deticitur</strong></span> <span class='ocrx_word' id='word_1_247' title='bbox 1170 3447 1505 3514; x_wconf 84' lang='lat' dir='ltr'><strong>diagramma</strong></span> <span class='ocrx_word' id='word_1_248' title='bbox 1541 3443 1704 3505; x_wconf 88' lang='lat' dir='ltr'><strong>istud,</strong></span> <span class='ocrx_word' id='word_1_249' title='bbox 1731 3451 1874 3497; x_wconf 87' lang='lat' dir='ltr'><strong>utne</strong></span> <span class='ocrx_word' id='word_1_250' title='bbox 1923 3459 2040 3497; x_wconf 87' lang='lat' dir='ltr'><strong>mu-</strong></span> 
     </span>
    </p>
   </div>
   <div class='ocr_carea' id='block_1_36' title="bbox 470 3536 2038 3613">
    <p class='ocr_par' dir='ltr' id='par_1_36' title="bbox 470 3536 2038 3613">
     <span class='ocr_line' id='line_1_36' title="bbox 470 3536 2038 3613; baseline -0.007 -12"><span class='ocrx_word' id='word_1_251' title='bbox 470 3546 726 3601; x_wconf 85' lang='lat' dir='ltr'><strong>lierculas</strong></span> <span class='ocrx_word' id='word_1_252' title='bbox 748 3542 998 3613; x_wconf 89' lang='lat' dir='ltr'><strong>quidem,</strong></span> <span class='ocrx_word' id='word_1_253' title='bbox 1022 3540 1220 3607; x_wconf 86' lang='lat' dir='ltr'><strong>quibus</strong></span> <span class='ocrx_word' id='word_1_254' title='bbox 1253 3537 1429 3605; x_wconf 85' lang='lat' dir='ltr'><strong>decipi</strong></span> <span class='ocrx_word' id='word_1_255' title='bbox 1470 3536 1686 3589; x_wconf 81' lang='lat' dir='ltr'><strong>facilius</strong></span> <span class='ocrx_word' id='word_1_256' title='bbox 1734 3536 1864 3590; x_wconf 88' lang='lat' dir='ltr'><strong>nihil</strong></span> <span class='ocrx_word' id='word_1_257' title='bbox 1886 3576 1901 3603; x_wconf 92' lang='lat'><strong>,</strong></span> <span class='ocrx_word' id='word_1_258' title='bbox 1939 3551 2038 3590; x_wconf 88' lang='lat' dir='ltr'><strong>nec</strong></span> 
     </span>
    </p>
   </div>
   <div class='ocr_carea' id='block_1_37' title="bbox 470 3628 2036 3707">
    <p class='ocr_par' dir='ltr' id='par_1_37' title="bbox 470 3628 2036 3707">
     <span class='ocr_line' id='line_1_37' title="bbox 470 3628 2036 3707; baseline -0.006 -16"><span class='ocrx_word' id='word_1_259' title='bbox 470 3636 873 3707; x_wconf 84' lang='lat' dir='ltr'><strong>agrestissimos</strong></span> <span class='ocrx_word' id='word_1_260' title='bbox 904 3634 1149 3689; x_wconf 88' lang='lat' dir='ltr'><strong>homines</strong></span> <span class='ocrx_word' id='word_1_261' title='bbox 1175 3630 1427 3700; x_wconf 83' lang='lat' dir='ltr'><strong>quamvis</strong></span> <span class='ocrx_word' id='word_1_262' title='bbox 1449 3629 1817 3698; x_wconf 86' lang='lat' dir='ltr'><strong>qualicunque</strong></span> <span class='ocrx_word' id='word_1_263' title='bbox 1846 3628 2036 3699; x_wconf 89' lang='lat' dir='ltr'><strong>proba-</strong></span> 
     </span>
    </p>
   </div>
   <div class='ocr_carea' id='block_1_38' title="bbox 469 3721 2029 3797">
    <p class='ocr_par' dir='ltr' id='par_1_38' title="bbox 469 3721 2029 3797">
     <span class='ocr_line' id='line_1_38' title="bbox 469 3721 2029 3797; baseline -0.004 -12"><span class='ocrx_word' id='word_1_264' title='bbox 469 3730 696 3786; x_wconf 83' lang='lat' dir='ltr'><strong>bilitatis</strong></span> <span class='ocrx_word' id='word_1_265' title='bbox 748 3727 928 3797; x_wconf 86' lang='lat' dir='ltr'><strong>specie</strong></span> <span class='ocrx_word' id='word_1_266' title='bbox 973 3725 1096 3780; x_wconf 90' lang='lat' dir='ltr'><strong>duci</strong></span> <span class='ocrx_word' id='word_1_267' title='bbox 1149 3732 1409 3791; x_wconf 89' lang='lat' dir='ltr'><strong>paratos,</strong></span> <span class='ocrx_word' id='word_1_268' title='bbox 1464 3721 1798 3790; x_wconf 87' lang='lat' dir='ltr'><strong>persuadere</strong></span> <span class='ocrx_word' id='word_1_269' title='bbox 1845 3731 2029 3789; x_wconf 88' lang='lat' dir='ltr'><strong>queat.</strong></span> 
     </span>
    </p>
   </div>
   <div class='ocr_carea' id='block_1_39' title="bbox 468 3813 2031 3889">
    <p class='ocr_par' dir='ltr' id='par_1_39' title="bbox 468 3813 2031 3889">
     <span class='ocr_line' id='line_1_39' title="bbox 468 3813 2031 3889; baseline -0.006 -15"><span class='ocrx_word' id='word_1_270' title='bbox 468 3825 648 3889; x_wconf 81' lang='lat' dir='ltr'><strong>Atque</strong></span> <span class='ocrx_word' id='word_1_271' title='bbox 700 3818 913 3883; x_wconf 84' lang='lat' dir='ltr'><strong>etiam,</strong></span> <span class='ocrx_word' id='word_1_272' title='bbox 966 3816 1094 3869; x_wconf 89' lang='lat' dir='ltr'><strong>licet</strong></span> <span class='ocrx_word' id='word_1_273' title='bbox 1146 3814 1342 3868; x_wconf 88' lang='lat' dir='ltr'><strong>multas</strong></span> <span class='ocrx_word' id='word_1_274' title='bbox 1390 3824 1552 3868; x_wconf 71' lang='lat' dir='ltr'><strong>terra:</strong></span> <span class='ocrx_word' id='word_1_275' title='bbox 1611 3813 1861 3882; x_wconf 77' lang='lat' dir='ltr'><strong>regiones</strong></span> <span class='ocrx_word' id='word_1_276' title='bbox 1916 3828 2031 3882; x_wconf 85' lang='lat' dir='ltr'><strong>per-</strong></span> 
     </span>
    </p>
   </div>
   <div class='ocr_carea' id='block_1_40' title="bbox 469 3904 2032 3987">
    <p class='ocr_par' dir='ltr' id='par_1_40' title="bbox 469 3904 2032 3987">
     <span class='ocr_line' id='line_1_40' title="bbox 469 3904 2032 3987; baseline -0.003 -23"><span class='ocrx_word' id='word_1_277' title='bbox 469 3911 677 3981; x_wconf 73' lang='lat' dir='ltr'><strong>agi-avi,</strong></span> <span class='ocrx_word' id='word_1_278' title='bbox 708 3909 1040 3979; x_wconf 61' lang='lat' dir='ltr'><strong>quaesivique</strong></span> <span class='ocrx_word' id='word_1_279' title='bbox 1059 3905 1544 3987; x_wconf 82' lang='lat' dir='ltr'><strong>quotquotubique</strong></span> <span class='ocrx_word' id='word_1_280' title='bbox 1576 3904 1776 3973; x_wconf 89' lang='lat' dir='ltr'><strong>aliquid</strong></span> <span class='ocrx_word' id='word_1_281' title='bbox 1808 3920 1865 3960; x_wconf 87' lang='lat' dir='ltr'><strong>se</strong></span> <span class='ocrx_word' id='word_1_282' title='bbox 1890 3905 2032 3960; x_wconf 77' lang='lat' dir='ltr'><strong>s‘circ</strong></span> 
     </span>
    </p>
   </div>
   <div class='ocr_carea' id='block_1_41' title="bbox 539 4042 1006 4111">
    <p class='ocr_par' dir='ltr' id='par_1_41' title="bbox 539 4042 1006 4111">
     <span class='ocr_line' id='line_1_41' title="bbox 539 4042 1006 4111; baseline -0.013 -10"><span class='ocrx_word' id='word_1_283' title='bbox 539 4047 585 4079; x_wconf 72' lang='grc'>⁸⁸</span> <span class='ocrx_word' id='word_1_284' title='bbox 606 4046 645 4111; x_wconf 89' lang='lat' dir='ltr'><strong>ll</strong></span> <span class='ocrx_word' id='word_1_285' title='bbox 668 4045 809 4103; x_wconf 84' lang='lat' dir='ltr'><strong>Tim.</strong></span> <span class='ocrx_word' id='word_1_286' title='bbox 837 4059 924 4108; x_wconf 89' lang='grc' dir='ltr'>ιιι,</span> <span class='ocrx_word' id='word_1_287' title='bbox 952 4042 1006 4097; x_wconf 88' lang='lat'><strong>6.</strong></span> 
     </span>
    </p>
   </div>
   <div class='ocr_carea' id='block_1_42' title="bbox 1976 228 2297 284">
    <p class='ocr_par' dir='ltr' id='par_1_42' title="bbox 1976 228 2297 284">
     <span class='ocr_line' id='line_1_42' title="bbox 1976 228 2297 284; baseline 0 0"><span class='ocrx_word' id='word_1_288' title='bbox 1976 228 2297 284; x_wconf 71' lang='lat' dir='ltr'><strong>ORIGENlS</strong></span> 
     </span>
    </p>
   </div>
   <div class='ocr_carea' id='block_1_43' title="bbox 3607 232 3750 286">
    <p class='ocr_par' dir='ltr' id='par_1_43' title="bbox 3607 232 3750 286">
     <span class='ocr_line' id='line_1_43' title="bbox 3607 232 3750 286; baseline 0.014 -2"><span class='ocrx_word' id='word_1_289' title='bbox 3607 232 3627 284; x_wconf 66' lang='grc' dir='ltr'><strong>ί</strong></span> <span class='ocrx_word' id='word_1_290' title='bbox 3638 233 3750 286; x_wconf 68' lang='lat'><strong>5:28</strong></span> 
     </span>
    </p>
   </div>
   <div class='ocr_carea' id='block_1_44' title="bbox 2163 341 3752 415">
    <p class='ocr_par' dir='ltr' id='par_1_44' title="bbox 2163 341 3752 415">
     <span class='ocr_line' id='line_1_44' title="bbox 2163 341 3752 415; baseline -0.003 -18"><span class='ocrx_word' id='word_1_291' title='bbox 2163 346 2266 399; x_wconf 80' lang='grc' dir='ltr'><strong>είσὶ</strong></span> <span class='ocrx_word' id='word_1_292' title='bbox 2303 345 2464 414; x_wconf 76' lang='grc' dir='ltr'>μέρη,</span> <span class='ocrx_word' id='word_1_293' title='bbox 2501 343 2576 404; x_wconf 83' lang='grc' dir='ltr'>ὡς</span> <span class='ocrx_word' id='word_1_294' title='bbox 2598 342 2833 415; x_wconf 80' lang='grc' dir='ltr'>πρῶται,</span> <span class='ocrx_word' id='word_1_295' title='bbox 2868 344 3013 394; x_wconf 84' lang='grc' dir='ltr'>ποῖαι</span> <span class='ocrx_word' id='word_1_296' title='bbox 3042 341 3098 394; x_wconf 81' lang='grc' dir='ltr'><strong>δὲ</strong></span> <span class='ocrx_word' id='word_1_297' title='bbox 3121 343 3213 395; x_wconf 71' lang='grc' dir='ltr'>ὲπὶ</span> <span class='ocrx_word' id='word_1_298' title='bbox 3239 341 3304 395; x_wconf 80' lang='grc' dir='ltr'>τὰ</span> <span class='ocrx_word' id='word_1_299' title='bbox 3332 342 3473 395; x_wconf 79' lang='grc' dir='ltr'>κατᾶ</span> <span class='ocrx_word' id='word_1_300' title='bbox 3504 342 3627 394; x_wconf 73' lang='grc' dir='ltr'>λίϐα</span> <span class='ocrx_word' id='word_1_301' title='bbox 3650 344 3752 395; x_wconf 70' lang='grc' dir='ltr'><strong>καὶ</strong></span> 
     </span>
    </p>
   </div>
   <div class='ocr_carea' id='block_1_45' title="bbox 2163 433 3754 499">
    <p class='ocr_par' dir='ltr' id='par_1_45' title="bbox 2163 433 3754 499">
     <span class='ocr_line' id='line_1_45' title="bbox 2163 433 3754 499; baseline -0.001 -10"><span class='ocrx_word' id='word_1_302' title='bbox 2163 436 2304 489; x_wconf 83' lang='grc' dir='ltr'>κατὰ</span> <span class='ocrx_word' id='word_1_303' title='bbox 2342 435 2509 499; x_wconf 85' lang='grc' dir='ltr'>νότον,</span> <span class='ocrx_word' id='word_1_304' title='bbox 2541 438 2634 490; x_wconf 67' lang='grc' dir='ltr'><strong>καὶ</strong></span> <span class='ocrx_word' id='word_1_305' title='bbox 2669 437 2811 498; x_wconf 86' lang='grc' dir='ltr'>τίνες</span> <span class='ocrx_word' id='word_1_306' title='bbox 2847 438 2901 488; x_wconf 81' lang='grc' dir='ltr'><strong>αἱ</strong></span> <span class='ocrx_word' id='word_1_307' title='bbox 2945 434 3086 488; x_wconf 80' lang='grc' dir='ltr'>κατὰ</span> <span class='ocrx_word' id='word_1_308' title='bbox 3131 433 3426 499; x_wconf 82' lang='grc' dir='ltr'>θάλασσαν,</span> <span class='ocrx_word' id='word_1_309' title='bbox 3468 435 3561 487; x_wconf 74' lang='grc' dir='ltr'><strong>καὶ</strong></span> <span class='ocrx_word' id='word_1_310' title='bbox 3600 435 3754 497; x_wconf 80' lang='grc' dir='ltr'>τίνες</span> 
     </span>
    </p>
   </div>
   <div class='ocr_carea' id='block_1_46' title="bbox 2163 525 3751 600">
    <p class='ocr_par' dir='ltr' id='par_1_46' title="bbox 2163 525 3751 600">
     <span class='ocr_line' id='line_1_46' title="bbox 2163 525 3751 600; baseline -0.002 -17"><span class='ocrx_word' id='word_1_311' title='bbox 2163 531 2217 583; x_wconf 83' lang='grc' dir='ltr'><strong>αἰ</strong></span> <span class='ocrx_word' id='word_1_312' title='bbox 2238 528 2540 582; x_wconf 77' lang='grc' dir='ltr'>τελευταῖαι</span> <span class='ocrx_word' id='word_1_313' title='bbox 2578 530 2717 597; x_wconf 66' lang='grc' dir='ltr'>κατὰ</span> <span class='ocrx_word' id='word_1_314' title='bbox 2768 529 2987 600; x_wconf 72' lang='grc' dir='ltr'>βορρᾶν.</span> <span class='ocrx_word' id='word_1_315' title='bbox 3018 528 3245 596; x_wconf 51' lang='lat' dir='ltr'><strong>&quot;Oderat</strong></span> <span class='ocrx_word' id='word_1_316' title='bbox 3273 526 3381 597; x_wconf 75' lang='grc' dir='ltr'><strong>γάρ</strong></span> <span class='ocrx_word' id='word_1_317' title='bbox 3408 525 3751 596; x_wconf 77' lang='grc' dir='ltr'>θεωρήματα</span> 
     </span>
    </p>
   </div>
   <div class='ocr_carea' id='block_1_47' title="bbox 2160 618 3751 691">
    <p class='ocr_par' dir='ltr' id='par_1_47' title="bbox 2160 618 3751 691">
     <span class='ocr_line' id='line_1_47' title="bbox 2160 618 3751 691; baseline 0.001 -19"><span class='ocrx_word' id='word_1_318' title='bbox 2160 622 2260 673; x_wconf 89' lang='grc' dir='ltr'><strong>οὐκ</strong></span> <span class='ocrx_word' id='word_1_319' title='bbox 2290 620 2735 691; x_wconf 75' lang='grc' dir='ltr'>εὐκαταφρόνητα</span> <span class='ocrx_word' id='word_1_320' title='bbox 2775 622 2833 673; x_wconf 81' lang='grc' dir='ltr'>ἐν</span> <span class='ocrx_word' id='word_1_321' title='bbox 2876 623 2989 683; x_wconf 81' lang='grc' dir='ltr'>τοῖς</span> <span class='ocrx_word' id='word_1_322' title='bbox 3026 620 3230 682; x_wconf 79' lang='grc' dir='ltr'><strong>τόποις,</strong></span> <span class='ocrx_word' id='word_1_323' title='bbox 3270 619 3399 681; x_wconf 82' lang='grc' dir='ltr'>οὐδ’,</span> <span class='ocrx_word' id='word_1_324' title='bbox 3431 618 3509 681; x_wconf 84' lang='grc' dir='ltr'>ὡς</span> <span class='ocrx_word' id='word_1_325' title='bbox 3540 618 3751 683; x_wconf 74' lang='grc' dir='ltr'>Κέλσος</span> 
     </span>
    </p>
   </div>
   <div class='ocr_carea' id='block_1_48' title="bbox 2160 711 3749 784">
    <p class='ocr_par' dir='ltr' id='par_1_48' title="bbox 2160 711 3749 784">
     <span class='ocr_line' id='line_1_48' title="bbox 2160 711 3749 784; baseline -0.002 -18"><span class='ocrx_word' id='word_1_326' title='bbox 2160 713 2349 776; x_wconf 77' lang='grc' dir='ltr'>οἴεται,</span> <span class='ocrx_word' id='word_1_327' title='bbox 2383 712 2579 784; x_wconf 84' lang='grc' dir='ltr'>μωρῶν</span> <span class='ocrx_word' id='word_1_328' title='bbox 2607 731 2769 766; x_wconf 87' lang='grc' dir='ltr'>τινων</span> <span class='ocrx_word' id='word_1_329' title='bbox 2797 712 3079 783; x_wconf 74' lang='grc' dir='ltr'>ἀκροατῶν</span> <span class='ocrx_word' id='word_1_330' title='bbox 3108 713 3203 765; x_wconf 73' lang='grc' dir='ltr'>καὶ</span> <span class='ocrx_word' id='word_1_331' title='bbox 3232 711 3580 782; x_wconf 74' lang='grc' dir='ltr'>ἀνδραπόδων</span> <span class='ocrx_word' id='word_1_332' title='bbox 3624 711 3749 764; x_wconf 78' lang='grc' dir='ltr'>δεό-</span> 
     </span>
    </p>
   </div>
   <div class='ocr_carea' id='block_1_49' title="bbox 2165 801 3747 875">
    <p class='ocr_par' dir='ltr' id='par_1_49' title="bbox 2165 801 3747 875">
     <span class='ocr_line' id='line_1_49' title="bbox 2165 801 3747 875; baseline -0.002 -18"><span class='ocrx_word' id='word_1_333' title='bbox 2165 822 2318 875; x_wconf 85' lang='grc' dir='ltr'>μενα·</span> <span class='ocrx_word' id='word_1_334' title='bbox 2348 804 2663 875; x_wconf 69' lang='grc' dir='ltr'>διαλήψεται</span> <span class='ocrx_word' id='word_1_335' title='bbox 2692 804 2800 875; x_wconf 83' lang='grc' dir='ltr'><strong>γάρ</strong></span> <span class='ocrx_word' id='word_1_336' title='bbox 2824 821 2909 867; x_wconf 81' lang='grc' dir='ltr'><strong>τις</strong></span> <span class='ocrx_word' id='word_1_337' title='bbox 2942 805 2997 857; x_wconf 79' lang='grc' dir='ltr'>ὲν</span> <span class='ocrx_word' id='word_1_338' title='bbox 3028 803 3209 865; x_wconf 82' lang='grc' dir='ltr'>αὐτοῖς</span> <span class='ocrx_word' id='word_1_339' title='bbox 3232 801 3347 873; x_wconf 68' lang='grc'>(84)</span> <span class='ocrx_word' id='word_1_340' title='bbox 3382 801 3479 854; x_wconf 70' lang='grc' dir='ltr'>καὶ</span> <span class='ocrx_word' id='word_1_341' title='bbox 3517 801 3582 854; x_wconf 76' lang='grc' dir='ltr'><strong>τά</strong></span> <span class='ocrx_word' id='word_1_342' title='bbox 3613 803 3747 872; x_wconf 62' lang='grc' dir='ltr'>περὶ</span> 
     </span>
    </p>
   </div>
   <div class='ocr_carea' id='block_1_50' title="bbox 2158 890 3746 964">
    <p class='ocr_par' dir='ltr' id='par_1_50' title="bbox 2158 890 3746 964">
     <span class='ocr_line' id='line_1_50' title="bbox 2158 890 3746 964; baseline -0.003 -17"><span class='ocrx_word' id='word_1_343' title='bbox 2158 896 2258 964; x_wconf 77' lang='grc' dir='ltr'>τῆς</span> <span class='ocrx_word' id='word_1_344' title='bbox 2288 894 2500 964; x_wconf 76' lang='grc' dir='ltr'>φύσεως</span> <span class='ocrx_word' id='word_1_345' title='bbox 2530 896 2637 947; x_wconf 84' lang='grc' dir='ltr'><strong>τῶν</strong></span> <span class='ocrx_word' id='word_1_346' title='bbox 2673 893 3104 963; x_wconf 80' lang='grc' dir='ltr'>κατειλεγμένων</span> <span class='ocrx_word' id='word_1_347' title='bbox 3150 894 3208 944; x_wconf 83' lang='grc' dir='ltr'>ὲν</span> <span class='ocrx_word' id='word_1_348' title='bbox 3249 892 3431 954; x_wconf 77' lang='grc' dir='ltr'>αὐτοῖς</span> <span class='ocrx_word' id='word_1_349' title='bbox 3468 890 3746 961; x_wconf 77' lang='grc' dir='ltr'><strong>ἀριθμῶν,</strong></span> 
     </span>
    </p>
   </div>
   <div class='ocr_carea' id='block_1_51' title="bbox 2160 976 3750 1059">
    <p class='ocr_par' dir='ltr' id='par_1_51' title="bbox 2160 976 3750 1059">
     <span class='ocr_line' id='line_1_51' title="bbox 2160 976 3750 1059; baseline -0.004 -18"><span class='ocrx_word' id='word_1_350' title='bbox 2160 989 2252 1041; x_wconf 75' lang='grc' dir='ltr'><strong>καὶ</strong></span> <span class='ocrx_word' id='word_1_351' title='bbox 2280 987 2732 1059; x_wconf 76' lang='grc' dir='ltr'>ἐφαρμοσθέντων</span> <span class='ocrx_word' id='word_1_352' title='bbox 2772 985 2972 1057; x_wconf 74' lang='grc' dir='ltr'>ἑκάστῃ</span> <span class='ocrx_word' id='word_1_353' title='bbox 3017 983 3341 1054; x_wconf 54' lang='grc' dir='ltr'>φυλῇμπερὶ</span> <span class='ocrx_word' id='word_1_354' title='bbox 3372 976 3444 1035; x_wconf 79' lang='grc' dir='ltr'>ὧν</span> <span class='ocrx_word' id='word_1_355' title='bbox 3484 981 3577 1035; x_wconf 79' lang='grc' dir='ltr'>νῦν</span> <span class='ocrx_word' id='word_1_356' title='bbox 3606 984 3750 1052; x_wconf 84' lang='grc' dir='ltr'>ἡμῖν</span> 
     </span>
    </p>
   </div>
   <div class='ocr_carea' id='block_1_52' title="bbox 2160 1072 3746 1149">
    <p class='ocr_par' dir='ltr' id='par_1_52' title="bbox 2160 1072 3746 1149">
     <span class='ocr_line' id='line_1_52' title="bbox 2160 1072 3746 1149; baseline -0.004 -17"><span class='ocrx_word' id='word_1_357' title='bbox 2160 1078 2412 1133; x_wconf 77' lang='grc' dir='ltr'><strong>ἐκθέσθαι</strong></span> <span class='ocrx_word' id='word_1_358' title='bbox 2442 1078 2617 1143; x_wconf 77' lang='grc' dir='ltr'>ἔδοξεν</span> <span class='ocrx_word' id='word_1_359' title='bbox 2645 1080 2745 1133; x_wconf 86' lang='grc' dir='ltr'><strong>οὐκ</strong></span> <span class='ocrx_word' id='word_1_360' title='bbox 2776 1078 3026 1149; x_wconf 76' lang='grc' dir='ltr'>εὐκαιρον</span> <span class='ocrx_word' id='word_1_361' title='bbox 3054 1072 3214 1129; x_wconf 80' lang='grc' dir='ltr'>εἶναι.</span> <span class='ocrx_word' id='word_1_362' title='bbox 3259 1076 3419 1129; x_wconf 84' lang='grc' dir='ltr'>Ἵστω</span> <span class='ocrx_word' id='word_1_363' title='bbox 3447 1074 3505 1128; x_wconf 80' lang='grc' dir='ltr'>δὲ</span> <span class='ocrx_word' id='word_1_364' title='bbox 3534 1074 3746 1137; x_wconf 67' lang='grc' dir='ltr'>Κέλσος</span> 
     </span>
    </p>
   </div>
   <div class='ocr_carea' id='block_1_53' title="bbox 2158 1160 3745 1238">
    <p class='ocr_par' dir='ltr' id='par_1_53' title="bbox 2158 1160 3745 1238">
     <span class='ocr_line' id='line_1_53' title="bbox 2158 1160 3745 1238; baseline -0.004 -15"><span class='ocrx_word' id='word_1_365' title='bbox 2158 1170 2253 1223; x_wconf 73' lang='grc' dir='ltr'><strong>καὶ</strong></span> <span class='ocrx_word' id='word_1_366' title='bbox 2289 1171 2337 1222; x_wconf 76' lang='lat' dir='ltr'><strong>ot</strong></span> <span class='ocrx_word' id='word_1_367' title='bbox 2369 1169 2788 1238; x_wconf 79' lang='grc' dir='ltr'>ἐντυγχάνοντες</span> <span class='ocrx_word' id='word_1_368' title='bbox 2829 1167 2993 1221; x_wconf 73' lang='grc' dir='ltr'>αὐτοῦ</span> <span class='ocrx_word' id='word_1_369' title='bbox 3032 1165 3109 1236; x_wconf 80' lang='grc' dir='ltr'><strong>τῷ</strong></span> <span class='ocrx_word' id='word_1_370' title='bbox 3151 1164 3359 1235; x_wconf 77' lang='grc' dir='ltr'>βιϐλίῳ,</span> <span class='ocrx_word' id='word_1_371' title='bbox 3386 1165 3470 1219; x_wconf 75' lang='grc' dir='ltr'>ὅτι</span> <span class='ocrx_word' id='word_1_372' title='bbox 3498 1160 3745 1233; x_wconf 70' lang='grc' dir='ltr'>οὐδαμοῦ</span> 
     </span>
    </p>
   </div>
   <div class='ocr_carea' id='block_1_54' title="bbox 2157 1255 3746 1329">
    <p class='ocr_par' dir='ltr' id='par_1_54' title="bbox 2157 1255 3746 1329">
     <span class='ocr_line' id='line_1_54' title="bbox 2157 1255 3746 1329; baseline -0.004 -16"><span class='ocrx_word' id='word_1_373' title='bbox 2157 1260 2265 1313; x_wconf 84' lang='grc' dir='ltr'><strong>τῶν</strong></span> <span class='ocrx_word' id='word_1_374' title='bbox 2295 1260 2530 1329; x_wconf 83' lang='grc' dir='ltr'>γνησίων</span> <span class='ocrx_word' id='word_1_375' title='bbox 2561 1261 2654 1313; x_wconf 71' lang='grc' dir='ltr'><strong>καὶ</strong></span> <span class='ocrx_word' id='word_1_376' title='bbox 2684 1259 2840 1311; x_wconf 88' lang='grc' dir='ltr'>θείων</span> <span class='ocrx_word' id='word_1_377' title='bbox 2869 1257 3313 1327; x_wconf 79' lang='grc' dir='ltr'>πεπιστευμένων</span> <span class='ocrx_word' id='word_1_378' title='bbox 3348 1255 3576 1325; x_wconf 69' lang='grc' dir='ltr'>Γραφῶν</span> <span class='ocrx_word' id='word_1_379' title='bbox 3598 1255 3746 1313; x_wconf 65' lang='grc' dir='ltr'>ἑπτὰ</span> 
     </span>
    </p>
   </div>
   <div class='ocr_carea' id='block_1_55' title="bbox 2157 1345 3741 1422">
    <p class='ocr_par' dir='ltr' id='par_1_55' title="bbox 2157 1345 3741 1422">
     <span class='ocr_line' id='line_1_55' title="bbox 2157 1345 3741 1422; baseline -0.004 -20"><span class='ocrx_word' id='word_1_380' title='bbox 2157 1349 2400 1422; x_wconf 79' lang='grc' dir='ltr'>εἴρηνται</span> <span class='ocrx_word' id='word_1_381' title='bbox 2437 1350 2672 1421; x_wconf 78' lang='grc' dir='ltr'>οὐρανοί’</span> <span class='ocrx_word' id='word_1_382' title='bbox 2706 1349 2816 1401; x_wconf 78' lang='grc' dir='ltr'>οὐτ’</span> <span class='ocrx_word' id='word_1_383' title='bbox 2857 1349 2965 1402; x_wconf 82' lang='grc' dir='ltr'><strong>ἀπὸ</strong></span> <span class='ocrx_word' id='word_1_384' title='bbox 3007 1345 3288 1419; x_wconf 81' lang='grc' dir='ltr'>Περσῶνῆ</span> <span class='ocrx_word' id='word_1_385' title='bbox 3319 1345 3605 1415; x_wconf 69' lang='grc' dir='ltr'>Καϐείρων</span> <span class='ocrx_word' id='word_1_386' title='bbox 3644 1345 3741 1396; x_wconf 87' lang='grc' dir='ltr'>λα-</span> 
     </span>
    </p>
   </div>
   <div class='ocr_carea' id='block_1_56' title="bbox 2158 1433 3739 1511">
    <p class='ocr_par' dir='ltr' id='par_1_56' title="bbox 2158 1433 3739 1511">
     <span class='ocr_line' id='line_1_56' title="bbox 2158 1433 3739 1511; baseline -0.005 -18"><span class='ocrx_word' id='word_1_387' title='bbox 2158 1441 2343 1504; x_wconf 79' lang='grc' dir='ltr'>ϐόντες</span> <span class='ocrx_word' id='word_1_388' title='bbox 2369 1441 2522 1511; x_wconf 78' lang='grc' dir='ltr'>ἡμῶν</span> <span class='ocrx_word' id='word_1_389' title='bbox 2568 1444 2617 1494; x_wconf 81' lang='grc' dir='ltr'>οἱ</span> <span class='ocrx_word' id='word_1_390' title='bbox 2667 1440 2940 1511; x_wconf 66' lang='grc' dir='ltr'>προφῆται</span> <span class='ocrx_word' id='word_1_391' title='bbox 2976 1438 3193 1507; x_wconf 79' lang='grc' dir='ltr'>λέγουσὶ</span> <span class='ocrx_word' id='word_1_392' title='bbox 3224 1454 3368 1500; x_wconf 87' lang='grc' dir='ltr'>τινα,</span> <span class='ocrx_word' id='word_1_393' title='bbox 3407 1435 3514 1487; x_wconf 76' lang='grc' dir='ltr'>οὐδ’</span> <span class='ocrx_word' id='word_1_394' title='bbox 3548 1436 3599 1487; x_wconf 88' lang='grc' dir='ltr'>οἱ</span> <span class='ocrx_word' id='word_1_395' title='bbox 3640 1433 3739 1489; x_wconf 76' lang='grc' dir='ltr'>τοῦ</span> 
     </span>
    </p>
   </div>
   <div class='ocr_carea' id='block_1_57' title="bbox 2170 1525 3525 1604">
    <p class='ocr_par' dir='ltr' id='par_1_57' title="bbox 2170 1525 3525 1604">
     <span class='ocr_line' id='line_1_57' title="bbox 2170 1525 3525 1604; baseline -0.001 -19"><span class='ocrx_word' id='word_1_396' title='bbox 2170 1532 2343 1604; x_wconf 78' lang='grc' dir='ltr'><strong>Ἰησοῦ</strong></span> <span class='ocrx_word' id='word_1_397' title='bbox 2375 1533 2681 1597; x_wconf 80' lang='grc' dir='ltr'>ἀπόστολοι,</span> <span class='ocrx_word' id='word_1_398' title='bbox 2716 1532 2823 1586; x_wconf 84' lang='grc' dir='ltr'>οὐδ’</span> <span class='ocrx_word' id='word_1_399' title='bbox 2850 1530 3011 1593; x_wconf 79' lang='grc' dir='ltr'>αὐτὸς</span> <span class='ocrx_word' id='word_1_400' title='bbox 3036 1531 3065 1580; x_wconf 87' lang='grc' dir='ltr'><strong>ό</strong></span> <span class='ocrx_word' id='word_1_401' title='bbox 3097 1529 3224 1592; x_wconf 76' lang='grc' dir='ltr'><strong>Υἱὸς</strong></span> <span class='ocrx_word' id='word_1_402' title='bbox 3250 1527 3343 1584; x_wconf 78' lang='grc' dir='ltr'>τοῦ</span> <span class='ocrx_word' id='word_1_403' title='bbox 3366 1525 3525 1583; x_wconf 80' lang='grc' dir='ltr'>Θεοῦ.</span> 
     </span>
    </p>
   </div>
   <div class='ocr_carea' id='block_1_58' title="bbox 2238 1719 3735 1796">
    <p class='ocr_par' dir='ltr' id='par_1_58' title="bbox 2238 1719 3735 1796">
     <span class='ocr_line' id='line_1_58' title="bbox 2238 1719 3735 1796; baseline -0.004 -17"><span class='ocrx_word' id='word_1_404' title='bbox 2238 1724 2395 1796; x_wconf 80' lang='grc' dir='ltr'>Ἑξῆς</span> <span class='ocrx_word' id='word_1_405' title='bbox 2432 1726 2489 1779; x_wconf 84' lang='grc' dir='ltr'>δὲ</span> <span class='ocrx_word' id='word_1_406' title='bbox 2524 1725 2602 1796; x_wconf 82' lang='grc' dir='ltr'>τῷ</span> <span class='ocrx_word' id='word_1_407' title='bbox 2631 1725 2740 1779; x_wconf 76' lang='grc' dir='ltr'>ἀπὸ</span> <span class='ocrx_word' id='word_1_408' title='bbox 2772 1726 2878 1779; x_wconf 88' lang='grc' dir='ltr'><strong>τῶν</strong></span> <span class='ocrx_word' id='word_1_409' title='bbox 2917 1722 3239 1795; x_wconf 81' lang='grc' dir='ltr'>Μιθραῖκῶν</span> <span class='ocrx_word' id='word_1_410' title='bbox 3280 1720 3536 1793; x_wconf 68' lang='grc' dir='ltr'>ληφθέντι</span> <span class='ocrx_word' id='word_1_411' title='bbox 3570 1719 3735 1789; x_wconf 78' lang='grc' dir='ltr'>λόγῳ,</span> 
     </span>
    </p>
   </div>
   <div class='ocr_carea' id='block_1_59' title="bbox 2152 1814 3735 1888">
    <p class='ocr_par' dir='ltr' id='par_1_59' title="bbox 2152 1814 3735 1888">
     <span class='ocr_line' id='line_1_59' title="bbox 2152 1814 3735 1888; baseline -0.003 -17"><span class='ocrx_word' id='word_1_412' title='bbox 2152 1819 2543 1888; x_wconf 75' lang='grc' dir='ltr'>ἐπαγγέλλεται</span> <span class='ocrx_word' id='word_1_413' title='bbox 2606 1821 2635 1871; x_wconf 89' lang='grc' dir='ltr'><strong>ό</strong></span> <span class='ocrx_word' id='word_1_414' title='bbox 2694 1818 2900 1880; x_wconf 83' lang='grc' dir='ltr'>Κέλσος</span> <span class='ocrx_word' id='word_1_415' title='bbox 2958 1818 3181 1888; x_wconf 75' lang='grc' dir='ltr'>τελετήν</span> <span class='ocrx_word' id='word_1_416' title='bbox 3226 1833 3346 1869; x_wconf 83' lang='grc' dir='ltr'>τινα</span> <span class='ocrx_word' id='word_1_417' title='bbox 3390 1814 3735 1886; x_wconf 79' lang='grc' dir='ltr'>Χριστιανῶν</span> 
     </span>
    </p>
   </div>
   <div class='ocr_carea' id='block_1_60' title="bbox 2150 1904 3733 1981">
    <p class='ocr_par' dir='ltr' id='par_1_60' title="bbox 2150 1904 3733 1981">
     <span class='ocr_line' id='line_1_60' title="bbox 2150 1904 3733 1981; baseline -0.003 -19"><span class='ocrx_word' id='word_1_418' title='bbox 2150 1909 2338 1981; x_wconf 76' lang='grc' dir='ltr'>τελετῇ</span> <span class='ocrx_word' id='word_1_419' title='bbox 2371 1908 2743 1981; x_wconf 76' lang='grc' dir='ltr'>προειρημένῃ</span> <span class='ocrx_word' id='word_1_420' title='bbox 2771 1909 2995 1980; x_wconf 83' lang='grc' dir='ltr'>Περσῶν</span> <span class='ocrx_word' id='word_1_421' title='bbox 3035 1910 3125 1962; x_wconf 84' lang='grc' dir='ltr'><strong>τὸν</strong></span> <span class='ocrx_word' id='word_1_422' title='bbox 3171 1908 3487 1978; x_wconf 74' lang='grc' dir='ltr'>βουλόμενον</span> <span class='ocrx_word' id='word_1_423' title='bbox 3512 1904 3733 1971; x_wconf 79' lang='grc' dir='ltr'>συνεξε-</span> 
     </span>
    </p>
   </div>
   <div class='ocr_carea' id='block_1_61' title="bbox 2150 1994 3734 2071">
    <p class='ocr_par' dir='ltr' id='par_1_61' title="bbox 2150 1994 3734 2071">
     <span class='ocr_line' id='line_1_61' title="bbox 2150 1994 3734 2071; baseline -0.001 -20"><span class='ocrx_word' id='word_1_424' title='bbox 2150 1999 2331 2062; x_wconf 85' lang='grc' dir='ltr'>τάσαι,</span> <span class='ocrx_word' id='word_1_425' title='bbox 2352 1998 2525 2053; x_wconf 75' lang='grc' dir='ltr'>ταῦτα</span> <span class='ocrx_word' id='word_1_426' title='bbox 2546 1999 2793 2071; x_wconf 83' lang='grc' dir='ltr'>ἀλλήλοις</span> <span class='ocrx_word' id='word_1_427' title='bbox 2818 1998 3220 2069; x_wconf 78' lang='grc' dir='ltr'>παραϐαλόντα,</span> <span class='ocrx_word' id='word_1_428' title='bbox 3253 1998 3345 2050; x_wconf 72' lang='grc' dir='ltr'><strong>καὶ</strong></span> <span class='ocrx_word' id='word_1_429' title='bbox 3369 2014 3437 2065; x_wconf 85' lang='grc' dir='ltr'><strong>γυ</strong></span> <span class='ocrx_word' id='word_1_430' title='bbox 3444 1994 3734 2066; x_wconf 80' lang='grc' dir='ltr'>μνὼσαντα</span> 
     </span>
    </p>
   </div>
   <div class='ocr_carea' id='block_1_62' title="bbox 2150 2088 3735 2163">
    <p class='ocr_par' dir='ltr' id='par_1_62' title="bbox 2150 2088 3735 2163">
     <span class='ocr_line' id='line_1_62' title="bbox 2150 2088 3735 2163; baseline -0.002 -20"><span class='ocrx_word' id='word_1_431' title='bbox 2150 2092 2243 2145; x_wconf 72' lang='grc' dir='ltr'><strong>καὶ</strong></span> <span class='ocrx_word' id='word_1_432' title='bbox 2268 2090 2337 2143; x_wconf 78' lang='grc' dir='ltr'>τὰ</span> <span class='ocrx_word' id='word_1_433' title='bbox 2367 2092 2706 2163; x_wconf 83' lang='grc' dir='ltr'>Χριστιανῶν</span> <span class='ocrx_word' id='word_1_434' title='bbox 2745 2091 2879 2163; x_wconf 83' lang='grc'>(85),</span> <span class='ocrx_word' id='word_1_435' title='bbox 2912 2091 3054 2144; x_wconf 71' lang='grc' dir='ltr'>οὕτω</span> <span class='ocrx_word' id='word_1_436' title='bbox 3087 2088 3382 2144; x_wconf 83' lang='grc' dir='ltr'>θεάσασθαι</span> <span class='ocrx_word' id='word_1_437' title='bbox 3412 2089 3511 2159; x_wconf 80' lang='grc' dir='ltr'><strong>τὴν</strong></span> <span class='ocrx_word' id='word_1_438' title='bbox 3544 2089 3735 2156; x_wconf 67' lang='grc' dir='ltr'>διαφο-</span> 
     </span>
    </p>
   </div>
   <div class='ocr_carea' id='block_1_63' title="bbox 2153 2182 3731 2256">
    <p class='ocr_par' dir='ltr' id='par_1_63' title="bbox 2153 2182 3731 2256">
     <span class='ocr_line' id='line_1_63' title="bbox 2153 2182 3731 2256; baseline -0.001 -19"><span class='ocrx_word' id='word_1_439' title='bbox 2153 2186 2251 2255; x_wconf 79' lang='grc' dir='ltr'>ρὰν</span> <span class='ocrx_word' id='word_1_440' title='bbox 2276 2185 2473 2239; x_wconf 82' lang='grc' dir='ltr'>αὐτῶν.</span> <span class='ocrx_word' id='word_1_441' title='bbox 2512 2186 2619 2239; x_wconf 69' lang='grc' dir='ltr'><strong>Καὶ</strong></span> <span class='ocrx_word' id='word_1_442' title='bbox 2661 2186 2796 2238; x_wconf 80' lang='grc' dir='ltr'>ὅπου</span> <span class='ocrx_word' id='word_1_443' title='bbox 2836 2185 2932 2256; x_wconf 75' lang='grc' dir='ltr'><strong>μὲν</strong></span> <span class='ocrx_word' id='word_1_444' title='bbox 2958 2185 3074 2255; x_wconf 71' lang='grc' dir='ltr'>ᾔδει</span> <span class='ocrx_word' id='word_1_445' title='bbox 3096 2185 3337 2255; x_wconf 81' lang='grc' dir='ltr'>ὀνόματα</span> <span class='ocrx_word' id='word_1_446' title='bbox 3373 2184 3548 2241; x_wconf 81' lang='grc' dir='ltr'>εἰπεῖν</span> <span class='ocrx_word' id='word_1_447' title='bbox 3574 2182 3731 2252; x_wconf 69' lang='grc' dir='ltr'><strong>αἱρέομ-</strong></span> 
     </span>
    </p>
   </div>
   <div class='ocr_carea' id='block_1_64' title="bbox 2151 2274 3729 2347">
    <p class='ocr_par' dir='ltr' id='par_1_64' title="bbox 2151 2274 3729 2347">
     <span class='ocr_line' id='line_1_64' title="bbox 2151 2274 3729 2347; baseline -0.005 -15"><span class='ocrx_word' id='word_1_448' title='bbox 2151 2292 2307 2338; x_wconf 83' lang='grc' dir='ltr'>σεων,</span> <span class='ocrx_word' id='word_1_449' title='bbox 2344 2277 2446 2329; x_wconf 82' lang='grc' dir='ltr'><strong>οὐκ</strong></span> <span class='ocrx_word' id='word_1_450' title='bbox 2470 2276 2715 2347; x_wconf 76' lang='grc' dir='ltr'>ὤκνησεν</span> <span class='ocrx_word' id='word_1_451' title='bbox 2765 2276 3017 2330; x_wconf 76' lang='grc' dir='ltr'>ἐκθέσθαι</span> <span class='ocrx_word' id='word_1_452' title='bbox 3050 2275 3115 2339; x_wconf 82' lang='grc' dir='ltr'><strong>ἂς</strong></span> <span class='ocrx_word' id='word_1_453' title='bbox 3142 2275 3311 2328; x_wconf 77' lang='grc' dir='ltr'>ἐδόκει</span> <span class='ocrx_word' id='word_1_454' title='bbox 3341 2274 3559 2328; x_wconf 69' lang='grc' dir='ltr'>εἰδέναι·</span> <span class='ocrx_word' id='word_1_455' title='bbox 3594 2274 3729 2325; x_wconf 75' lang='grc' dir='ltr'>ὅπου</span> 
     </span>
    </p>
   </div>
   <div class='ocr_carea' id='block_1_65' title="bbox 2147 2365 3729 2439">
    <p class='ocr_par' dir='ltr' id='par_1_65' title="bbox 2147 2365 3729 2439">
     <span class='ocr_line' id='line_1_65' title="bbox 2147 2365 3729 2439; baseline -0.003 -17"><span class='ocrx_word' id='word_1_456' title='bbox 2147 2369 2205 2422; x_wconf 79' lang='grc' dir='ltr'>δὲ</span> <span class='ocrx_word' id='word_1_457' title='bbox 2230 2368 2424 2439; x_wconf 85' lang='grc' dir='ltr'>μᾶλλον</span> <span class='ocrx_word' id='word_1_458' title='bbox 2449 2368 2636 2439; x_wconf 77' lang='grc' dir='ltr'>ἐχρῆν,</span> <span class='ocrx_word' id='word_1_459' title='bbox 2667 2368 2822 2438; x_wconf 78' lang='grc' dir='ltr'>εἴπερ</span> <span class='ocrx_word' id='word_1_460' title='bbox 2849 2368 3132 2437; x_wconf 76' lang='grc' dir='ltr'>ἠπίστατο,</span> <span class='ocrx_word' id='word_1_461' title='bbox 3172 2365 3326 2419; x_wconf 77' lang='grc' dir='ltr'>τοῦτο</span> <span class='ocrx_word' id='word_1_462' title='bbox 3363 2367 3601 2436; x_wconf 84' lang='grc' dir='ltr'>ποιῆσαι,</span> <span class='ocrx_word' id='word_1_463' title='bbox 3636 2366 3729 2418; x_wconf 74' lang='grc' dir='ltr'>καὶ</span> 
     </span>
    </p>
   </div>
   <div class='ocr_carea' id='block_1_66' title="bbox 2147 2456 3727 2532">
    <p class='ocr_par' dir='ltr' id='par_1_66' title="bbox 2147 2456 3727 2532">
     <span class='ocr_line' id='line_1_66' title="bbox 2147 2456 3727 2532; baseline -0.003 -19"><span class='ocrx_word' id='word_1_464' title='bbox 2147 2459 2379 2525; x_wconf 80' lang='grc' dir='ltr'>διδάξαι,</span> <span class='ocrx_word' id='word_1_465' title='bbox 2422 2460 2549 2513; x_wconf 75' lang='grc' dir='ltr'>ποία</span> <span class='ocrx_word' id='word_1_466' title='bbox 2583 2460 2790 2532; x_wconf 77' lang='grc' dir='ltr'>αἵρεσις</span> <span class='ocrx_word' id='word_1_467' title='bbox 2838 2459 3034 2531; x_wconf 80' lang='grc' dir='ltr'>χρῆται</span> <span class='ocrx_word' id='word_1_468' title='bbox 3065 2457 3143 2528; x_wconf 82' lang='grc' dir='ltr'><strong>τῷ</strong></span> <span class='ocrx_word' id='word_1_469' title='bbox 3179 2458 3567 2511; x_wconf 82' lang='grc' dir='ltr'>διατυπωθέντι</span> <span class='ocrx_word' id='word_1_470' title='bbox 3602 2456 3727 2509; x_wconf 79' lang='grc' dir='ltr'>δια-</span> 
     </span>
    </p>
   </div>
   <div class='ocr_carea' id='block_1_67' title="bbox 2110 2545 3726 2623">
    <p class='ocr_par' dir='ltr' id='par_1_67' title="bbox 2110 2545 3726 2623">
     <span class='ocr_line' id='line_1_67' title="bbox 2110 2545 3726 2623; baseline 0.002 -24"><span class='ocrx_word' id='word_1_471' title='bbox 2110 2617 2116 2623; x_wconf 84' lang='lat'><strong>_</strong></span> <span class='ocrx_word' id='word_1_472' title='bbox 2148 2545 2454 2615; x_wconf 59' lang='grc' dir='ltr'>γράμματι,</span> <span class='ocrx_word' id='word_1_473' title='bbox 2494 2546 2636 2600; x_wconf 80' lang='grc' dir='ltr'>τοῦτ’</span> <span class='ocrx_word' id='word_1_474' title='bbox 2677 2548 2737 2599; x_wconf 81' lang='grc' dir='ltr'><strong>οὐ</strong></span> <span class='ocrx_word' id='word_1_475' title='bbox 2782 2547 3071 2618; x_wconf 81' lang='grc' dir='ltr'>πεποίηκε.</span> <span class='ocrx_word' id='word_1_476' title='bbox 3118 2550 3275 2599; x_wconf 84' lang='grc' dir='ltr'>Δοκεῖ</span> <span class='ocrx_word' id='word_1_477' title='bbox 3310 2546 3368 2599; x_wconf 80' lang='grc' dir='ltr'>δέ</span> <span class='ocrx_word' id='word_1_478' title='bbox 3406 2564 3497 2617; x_wconf 89' lang='grc' dir='ltr'><strong>μοι</strong></span> <span class='ocrx_word' id='word_1_479' title='bbox 3540 2547 3633 2599; x_wconf 75' lang='grc' dir='ltr'><strong>καὶ</strong></span> <span class='ocrx_word' id='word_1_480' title='bbox 3660 2548 3726 2602; x_wconf 77' lang='grc' dir='ltr'>ὲκ</span> 
     </span>
    </p>
   </div>
   <div class='ocr_carea' id='block_1_68' title="bbox 2145 2636 3722 2711">
    <p class='ocr_par' dir='ltr' id='par_1_68' title="bbox 2145 2636 3722 2711">
     <span class='ocr_line' id='line_1_68' title="bbox 2145 2636 3722 2711; baseline -0.001 -22"><span class='ocrx_word' id='word_1_481' title='bbox 2145 2636 2348 2696; x_wconf 77' lang='grc' dir='ltr'>τούτων</span> <span class='ocrx_word' id='word_1_482' title='bbox 2408 2640 2472 2690; x_wconf 81' lang='grc' dir='ltr'>ὲκ</span> <span class='ocrx_word' id='word_1_483' title='bbox 2528 2640 3002 2711; x_wconf 77' lang='grc' dir='ltr'>παρακουσμάτων</span> <span class='ocrx_word' id='word_1_484' title='bbox 3053 2638 3404 2709; x_wconf 77' lang='grc' dir='ltr'>ἀσημοτάτης</span> <span class='ocrx_word' id='word_1_485' title='bbox 3460 2637 3722 2708; x_wconf 78' lang='grc' dir='ltr'>αίρέσεως</span> 
     </span>
    </p>
   </div>
   <div class='ocr_carea' id='block_1_69' title="bbox 2159 2725 3723 2805">
    <p class='ocr_par' dir='ltr' id='par_1_69' title="bbox 2159 2725 3723 2805">
     <span class='ocr_line' id='line_1_69' title="bbox 2159 2725 3723 2805; baseline -0.001 -24"><span class='ocrx_word' id='word_1_486' title='bbox 2159 2730 2423 2805; x_wconf 62' lang='grc' dir='ltr'>Ὀιριανῶν</span> <span class='ocrx_word' id='word_1_487' title='bbox 2459 2728 2591 2800; x_wconf 84' lang='grc'>(86),</span> <span class='ocrx_word' id='word_1_488' title='bbox 2628 2725 2800 2800; x_wconf 80' lang='grc' dir='ltr'>οἶμαι,</span> <span class='ocrx_word' id='word_1_489' title='bbox 2837 2728 3174 2783; x_wconf 76' lang='grc' dir='ltr'>ἐκτεθεῖσθαι</span> <span class='ocrx_word' id='word_1_490' title='bbox 3210 2729 3278 2783; x_wconf 83' lang='grc' dir='ltr'>τὰ</span> <span class='ocrx_word' id='word_1_491' title='bbox 3312 2728 3404 2781; x_wconf 75' lang='grc' dir='ltr'>τοῦ</span> <span class='ocrx_word' id='word_1_492' title='bbox 3454 2729 3723 2799; x_wconf 71' lang='grc' dir='ltr'>διαγράμ-</span> 
     </span>
    </p>
   </div>
   <div class='ocr_carea' id='block_1_70' title="bbox 2150 2818 3722 2893">
    <p class='ocr_par' dir='ltr' id='par_1_70' title="bbox 2150 2818 3722 2893">
     <span class='ocr_line' id='line_1_70' title="bbox 2150 2818 3722 2893; baseline -0.003 -18"><span class='ocrx_word' id='word_1_493' title='bbox 2150 2838 2316 2892; x_wconf 88' lang='grc' dir='ltr'>ματος</span> <span class='ocrx_word' id='word_1_494' title='bbox 2358 2820 2469 2891; x_wconf 87' lang='grc'>(87)</span> <span class='ocrx_word' id='word_1_495' title='bbox 2516 2821 2622 2874; x_wconf 84' lang='grc' dir='ltr'>ἀπὸ</span> <span class='ocrx_word' id='word_1_496' title='bbox 2680 2822 2893 2893; x_wconf 82' lang='grc' dir='ltr'>μέρους.</span> <span class='ocrx_word' id='word_1_497' title='bbox 2949 2821 3134 2891; x_wconf 81' lang='grc' dir='ltr'>Τούτῳ</span> <span class='ocrx_word' id='word_1_498' title='bbox 3169 2821 3213 2873; x_wconf 86' lang='grc' dir='ltr'>δ’</span> <span class='ocrx_word' id='word_1_499' title='bbox 3246 2822 3425 2892; x_wconf 77' lang='grc' dir='ltr'>ἡμεῖς,</span> <span class='ocrx_word' id='word_1_500' title='bbox 3476 2821 3617 2873; x_wconf 77' lang='grc' dir='ltr'>κατὰ</span> <span class='ocrx_word' id='word_1_501' title='bbox 3662 2818 3722 2871; x_wconf 80' lang='grc' dir='ltr'>τὺ</span> 
     </span>
    </p>
   </div>
   <div class='ocr_carea' id='block_1_71' title="bbox 2146 2901 3722 2983">
    <p class='ocr_par' dir='ltr' id='par_1_71' title="bbox 2146 2901 3722 2983">
     <span class='ocr_line' id='line_1_71' title="bbox 2146 2901 3722 2983; baseline -0.003 -21"><span class='ocrx_word' id='word_1_502' title='bbox 2146 2910 2441 2982; x_wconf 83' lang='grc' dir='ltr'>φιλομαθὲς</span> <span class='ocrx_word' id='word_1_503' title='bbox 2486 2909 2675 2980; x_wconf 78' lang='grc' dir='ltr'>ἡμῶν,</span> <span class='ocrx_word' id='word_1_504' title='bbox 2728 2909 3225 2983; x_wconf 85' lang='grc' dir='ltr'>περιτετεύχαμεν,</span> <span class='ocrx_word' id='word_1_505' title='bbox 3286 2911 3342 2963; x_wconf 82' lang='grc' dir='ltr'>ὲν</span> <span class='ocrx_word' id='word_1_506' title='bbox 3392 2901 3436 2975; x_wconf 80' lang='grc' dir='ltr'>ᾧ</span> <span class='ocrx_word' id='word_1_507' title='bbox 3487 2908 3722 2977; x_wconf 72' lang='grc' dir='ltr'>εὕρομεν</span> 
     </span>
    </p>
   </div>
   <div class='ocr_carea' id='block_1_72' title="bbox 2146 2998 3721 3072">
    <p class='ocr_par' dir='ltr' id='par_1_72' title="bbox 2146 2998 3721 3072">
     <span class='ocr_line' id='line_1_72' title="bbox 2146 2998 3721 3072; baseline -0.004 -17"><span class='ocrx_word' id='word_1_508' title='bbox 2146 3002 2439 3072; x_wconf 86' lang='grc' dir='ltr'>πλάσματα</span> <span class='ocrx_word' id='word_1_509' title='bbox 2469 2999 2790 3072; x_wconf 79' lang='grc' dir='ltr'>ἀνθρώπων,</span> <span class='ocrx_word' id='word_1_510' title='bbox 2827 3001 2902 3063; x_wconf 82' lang='grc' dir='ltr'>ὡς</span> <span class='ocrx_word' id='word_1_511' title='bbox 2931 3004 2958 3053; x_wconf 88' lang='grc' dir='ltr'>ὁ</span> <span class='ocrx_word' id='word_1_512' title='bbox 2990 2999 3203 3062; x_wconf 82' lang='grc' dir='ltr'>Παῦλος</span> <span class='ocrx_word' id='word_1_513' title='bbox 3248 2998 3552 3068; x_wconf 72' lang='grc' dir='ltr'>ὠνόμασεν,</span> <span class='ocrx_word' id='word_1_514' title='bbox 3593 3016 3611 3049; x_wconf 84' lang='grc' dir='ltr'>ι</span> <span class='ocrx_word' id='word_1_515' title='bbox 3634 2999 3721 3049; x_wconf 79' lang='grc' dir='ltr'><strong>ὲν-</strong></span> 
     </span>
    </p>
   </div>
   <div class='ocr_carea' id='block_1_73' title="bbox 2146 3089 3723 3162">
    <p class='ocr_par' dir='ltr' id='par_1_73' title="bbox 2146 3089 3723 3162">
     <span class='ocr_line' id='line_1_73' title="bbox 2146 3089 3723 3162; baseline -0.003 -15"><span class='ocrx_word' id='word_1_516' title='bbox 2146 3094 2406 3147; x_wconf 83' lang='grc' dir='ltr'>δυνόντων</span> <span class='ocrx_word' id='word_1_517' title='bbox 2435 3094 2512 3155; x_wconf 89' lang='grc' dir='ltr'><strong>είς</strong></span> <span class='ocrx_word' id='word_1_518' title='bbox 2534 3092 2631 3155; x_wconf 86' lang='grc' dir='ltr'>τὰς</span> <span class='ocrx_word' id='word_1_519' title='bbox 2655 3092 2850 3158; x_wconf 74' lang='grc' dir='ltr'>οἰκίας,</span> <span class='ocrx_word' id='word_1_520' title='bbox 2893 3092 2983 3145; x_wconf 72' lang='grc' dir='ltr'><strong>καὶ</strong></span> <span class='ocrx_word' id='word_1_521' title='bbox 3010 3089 3514 3162; x_wconf 77' lang='grc' dir='ltr'>αἰχμαλωτιζόντων</span> <span class='ocrx_word' id='word_1_522' title='bbox 3537 3105 3723 3158; x_wconf 80' lang='grc' dir='ltr'>γυναι-</span> 
     </span>
    </p>
   </div>
   <div class='ocr_carea' id='block_1_74' title="bbox 2148 3181 3714 3256">
    <p class='ocr_par' dir='ltr' id='par_1_74' title="bbox 2148 3181 3714 3256">
     <span class='ocr_line' id='line_1_74' title="bbox 2148 3181 3714 3256; baseline -0.001 -19"><span class='ocrx_word' id='word_1_523' title='bbox 2148 3186 2312 3256; x_wconf 85' lang='grc' dir='ltr'>κάρια</span> <span class='ocrx_word' id='word_1_524' title='bbox 2342 3184 2452 3256; x_wconf 86' lang='grc'>(88)</span> <span class='ocrx_word' id='word_1_525' title='bbox 2492 3184 2872 3254; x_wconf 81' lang='grc' dir='ltr'>σεσωρευμένα</span> <span class='ocrx_word' id='word_1_526' title='bbox 2910 3182 3221 3254; x_wconf 84' lang='grc' dir='ltr'>ἁμαρτίαις,</span> <span class='ocrx_word' id='word_1_527' title='bbox 3252 3182 3496 3251; x_wconf 81' lang='grc' dir='ltr'>ἀγόμενα</span> <span class='ocrx_word' id='word_1_528' title='bbox 3528 3181 3714 3235; x_wconf 74' lang='grc' dir='ltr'>ἐπιθυι-</span> 
     </span>
    </p>
   </div>
   <div class='ocr_carea' id='block_1_75' title="bbox 2153 3272 3719 3345">
    <p class='ocr_par' dir='ltr' id='par_1_75' title="bbox 2153 3272 3719 3345">
     <span class='ocr_line' id='line_1_75' title="bbox 2153 3272 3719 3345; baseline 0.002 -21"><span class='ocrx_word' id='word_1_529' title='bbox 2153 3273 2303 3343; x_wconf 79' lang='grc' dir='ltr'>μίαις</span> <span class='ocrx_word' id='word_1_530' title='bbox 2326 3274 2611 3337; x_wconf 85' lang='grc' dir='ltr'>ποικίλαις,</span> <span class='ocrx_word' id='word_1_531' title='bbox 2659 3274 2888 3333; x_wconf 84' lang='grc' dir='ltr'>πάντοτε</span> <span class='ocrx_word' id='word_1_532' title='bbox 2934 3274 3287 3345; x_wconf 84' lang='grc' dir='ltr'>μανθάνοντα,</span> <span class='ocrx_word' id='word_1_533' title='bbox 3320 3272 3416 3325; x_wconf 82' lang='grc' dir='ltr'><strong>καὶ</strong></span> <span class='ocrx_word' id='word_1_534' title='bbox 3452 3272 3719 3342; x_wconf 64' lang='grc' dir='ltr'>μηδέποτε</span> 
     </span>
    </p>
   </div>
   <div class='ocr_carea' id='block_1_76' title="bbox 2144 3361 3717 3433">
    <p class='ocr_par' dir='ltr' id='par_1_76' title="bbox 2144 3361 3717 3433">
     <span class='ocr_line' id='line_1_76' title="bbox 2144 3361 3717 3433; baseline 0 -17"><span class='ocrx_word' id='word_1_535' title='bbox 2144 3366 2225 3427; x_wconf 80' lang='grc' dir='ltr'><strong>είς</strong></span> <span class='ocrx_word' id='word_1_536' title='bbox 2251 3364 2541 3433; x_wconf 76' lang='grc' dir='ltr'>ἐπίγνωσιν</span> <span class='ocrx_word' id='word_1_537' title='bbox 2584 3363 2841 3433; x_wconf 81' lang='grc' dir='ltr'>ἀληθείας</span> <span class='ocrx_word' id='word_1_538' title='bbox 2874 3363 3045 3416; x_wconf 77' lang='grc' dir='ltr'>ἐλθεῖν</span> <span class='ocrx_word' id='word_1_539' title='bbox 3088 3362 3381 3432; x_wconf 82' lang='grc' dir='ltr'>δυνάμενα.</span> <span class='ocrx_word' id='word_1_540' title='bbox 3408 3381 3426 3413; x_wconf 76' lang='grc' dir='ltr'>ι</span> <span class='ocrx_word' id='word_1_541' title='bbox 3474 3361 3629 3414; x_wconf 79' lang='grc' dir='ltr'>Οὗτω</span> <span class='ocrx_word' id='word_1_542' title='bbox 3660 3362 3717 3416; x_wconf 69' lang='grc' dir='ltr'>δὶ</span> 
     </span>
    </p>
   </div>
   <div class='ocr_carea' id='block_1_77' title="bbox 2145 3453 3716 3526">
    <p class='ocr_par' dir='ltr' id='par_1_77' title="bbox 2145 3453 3716 3526">
     <span class='ocr_line' id='line_1_77' title="bbox 2145 3453 3716 3526; baseline -0.001 -17"><span class='ocrx_word' id='word_1_543' title='bbox 2145 3458 2323 3509; x_wconf 82' lang='grc' dir='ltr'>πᾶσαν</span> <span class='ocrx_word' id='word_1_544' title='bbox 2345 3455 2712 3526; x_wconf 82' lang='grc' dir='ltr'>ἀπιθανότητα</span> <span class='ocrx_word' id='word_1_545' title='bbox 2746 3453 2859 3526; x_wconf 79' lang='grc' dir='ltr'>εἶχε</span> <span class='ocrx_word' id='word_1_546' title='bbox 2896 3455 2954 3509; x_wconf 82' lang='grc' dir='ltr'><strong>τὸ</strong></span> <span class='ocrx_word' id='word_1_547' title='bbox 2995 3455 3334 3526; x_wconf 82' lang='grc' dir='ltr'>διάγραμμα,</span> <span class='ocrx_word' id='word_1_548' title='bbox 3365 3455 3439 3517; x_wconf 81' lang='grc' dir='ltr'>ὡς</span> <span class='ocrx_word' id='word_1_549' title='bbox 3479 3454 3615 3525; x_wconf 73' lang='grc' dir='ltr'>μηδὲ</span> <span class='ocrx_word' id='word_1_550' title='bbox 3646 3454 3716 3507; x_wconf 71' lang='grc' dir='ltr'><strong>τά</strong></span> 
     </span>
    </p>
   </div>
   <div class='ocr_carea' id='block_1_78' title="bbox 2141 3546 3712 3620">
    <p class='ocr_par' dir='ltr' id='par_1_78' title="bbox 2141 3546 3712 3620">
     <span class='ocr_line' id='line_1_78' title="bbox 2141 3546 3712 3620; baseline 0 -21"><span class='ocrx_word' id='word_1_551' title='bbox 2141 3547 2519 3620; x_wconf 80' lang='grc' dir='ltr'>εὐεξαπάτητα</span> <span class='ocrx_word' id='word_1_552' title='bbox 2565 3548 2914 3619; x_wconf 78' lang='grc' dir='ltr'>γυναικάρια,</span> <span class='ocrx_word' id='word_1_553' title='bbox 2951 3549 3085 3619; x_wconf 79' lang='grc' dir='ltr'>μηδὲ</span> <span class='ocrx_word' id='word_1_554' title='bbox 3114 3548 3239 3611; x_wconf 73' lang='grc' dir='ltr'>τοὺς</span> <span class='ocrx_word' id='word_1_555' title='bbox 3268 3546 3712 3618; x_wconf 81' lang='grc' dir='ltr'>άγροικοτάτους,</span> 
     </span>
    </p>
   </div>
   <div class='ocr_carea' id='block_1_79' title="bbox 2140 3636 3712 3709">
    <p class='ocr_par' dir='ltr' id='par_1_79' title="bbox 2140 3636 3712 3709">
     <span class='ocr_line' id='line_1_79' title="bbox 2140 3636 3712 3709; baseline -0.003 -18"><span class='ocrx_word' id='word_1_556' title='bbox 2140 3638 2233 3691; x_wconf 77' lang='grc' dir='ltr'>καὶ</span> <span class='ocrx_word' id='word_1_557' title='bbox 2263 3640 2350 3707; x_wconf 70' lang='grc' dir='ltr'><strong>ὐφ’</strong></span> <span class='ocrx_word' id='word_1_558' title='bbox 2377 3638 2682 3693; x_wconf 75' lang='grc' dir='ltr'>οὑτινοσοῦν</span> <span class='ocrx_word' id='word_1_559' title='bbox 2704 3638 2928 3692; x_wconf 76' lang='grc' dir='ltr'>πιθανοῦ</span> <span class='ocrx_word' id='word_1_560' title='bbox 2958 3640 3187 3709; x_wconf 79' lang='grc' dir='ltr'>ἑτοίμως</span> <span class='ocrx_word' id='word_1_561' title='bbox 3217 3636 3438 3708; x_wconf 81' lang='grc' dir='ltr'>ἔχοντας</span> <span class='ocrx_word' id='word_1_562' title='bbox 3458 3636 3712 3702; x_wconf 82' lang='grc' dir='ltr'>ἄγεσθαι,</span> 
     </span>
    </p>
   </div>
   <div class='ocr_carea' id='block_1_80' title="bbox 2142 3727 3714 3801">
    <p class='ocr_par' dir='ltr' id='par_1_80' title="bbox 2142 3727 3714 3801">
     <span class='ocr_line' id='line_1_80' title="bbox 2142 3727 3714 3801; baseline -0.001 -20"><span class='ocrx_word' id='word_1_563' title='bbox 2142 3729 2656 3797; x_wconf 75' lang='grc' dir='ltr'>συγκατατεθεῖσθαι</span> <span class='ocrx_word' id='word_1_564' title='bbox 2684 3730 2761 3800; x_wconf 81' lang='grc' dir='ltr'>τῷ</span> <span class='ocrx_word' id='word_1_565' title='bbox 2782 3730 3175 3801; x_wconf 85' lang='grc' dir='ltr'>διαγράμματι.</span> <span class='ocrx_word' id='word_1_566' title='bbox 3202 3730 3389 3784; x_wconf 75' lang='grc' dir='ltr'>Οὐδενὶ</span> <span class='ocrx_word' id='word_1_567' title='bbox 3409 3727 3559 3797; x_wconf 77' lang='grc' dir='ltr'>γοῦν,</span> <span class='ocrx_word' id='word_1_568' title='bbox 3594 3728 3714 3789; x_wconf 83' lang='grc' dir='ltr'>καί-</span> 
     </span>
    </p>
   </div>
   <div class='ocr_carea' id='block_1_81' title="bbox 2141 3820 3705 3893">
    <p class='ocr_par' dir='ltr' id='par_1_81' title="bbox 2141 3820 3705 3893">
     <span class='ocr_line' id='line_1_81' title="bbox 2141 3820 3705 3893; baseline 0.006 -21"><span class='ocrx_word' id='word_1_569' title='bbox 2141 3837 2286 3888; x_wconf 79' lang='grc' dir='ltr'>τοιγε</span> <span class='ocrx_word' id='word_1_570' title='bbox 2320 3820 2546 3884; x_wconf 81' lang='grc' dir='ltr'>πολλοὺς</span> <span class='ocrx_word' id='word_1_571' title='bbox 2577 3823 3016 3893; x_wconf 78' lang='grc' dir='ltr'>ἐκπεριελθόντες</span> <span class='ocrx_word' id='word_1_572' title='bbox 3055 3823 3251 3884; x_wconf 80' lang='grc' dir='ltr'>τόπους</span> <span class='ocrx_word' id='word_1_573' title='bbox 3292 3821 3401 3891; x_wconf 83' lang='lat'><strong>(89)</strong></span> <span class='ocrx_word' id='word_1_574' title='bbox 3434 3822 3555 3891; x_wconf 80' lang='grc' dir='ltr'><strong>τῆς.</strong></span> <span class='ocrx_word' id='word_1_575' title='bbox 3581 3820 3705 3889; x_wconf 81' lang='grc' dir='ltr'><strong>γῆς.</strong></span> 
     </span>
    </p>
   </div>
   <div class='ocr_carea' id='block_1_82' title="bbox 2139 3911 3709 3985">
    <p class='ocr_par' dir='ltr' id='par_1_82' title="bbox 2139 3911 3709 3985">
     <span class='ocr_line' id='line_1_82' title="bbox 2139 3911 3709 3985; baseline 0.001 -22"><span class='ocrx_word' id='word_1_576' title='bbox 2139 3912 2235 3969; x_wconf 73' lang='grc' dir='ltr'>καὶ</span> <span class='ocrx_word' id='word_1_577' title='bbox 2257 3911 2383 3975; x_wconf 79' lang='grc' dir='ltr'>τοὺς</span> <span class='ocrx_word' id='word_1_578' title='bbox 2416 3914 2687 3985; x_wconf 76' lang='grc' dir='ltr'>πανταχοῦ</span> <span class='ocrx_word' id='word_1_579' title='bbox 2718 3912 3214 3985; x_wconf 81' lang='grc' dir='ltr'>ἐπαγγελλομένους</span> <span class='ocrx_word' id='word_1_580' title='bbox 3238 3930 3289 3965; x_wconf 91' lang='grc' dir='ltr'><strong>τι</strong></span> <span class='ocrx_word' id='word_1_581' title='bbox 3317 3912 3515 3966; x_wconf 79' lang='grc' dir='ltr'>είδέναι</span> <span class='ocrx_word' id='word_1_582' title='bbox 3542 3912 3709 3981; x_wconf 73' lang='grc' dir='ltr'><strong>ζητή-</strong></span> 
     </span>
    </p>
   </div>
   <div class='ocr_carea' id='block_1_83' title="bbox 536 4179 2041 4259">
    <p class='ocr_par' dir='ltr' id='par_1_83' title="bbox 536 4179 2031 4259">
     <span class='ocr_line' id='line_1_83' title="bbox 536 4179 2031 4259; baseline -0.005 -17"><span class='ocrx_word' id='word_1_583' title='bbox 536 4186 646 4259; x_wconf 73' lang='grc'>(84)</span> <span class='ocrx_word' id='word_1_584' title='bbox 684 4183 1047 4259; x_wconf 52' lang='grc' dir='ltr'>Διᾳτῑήψεται</span> <span class='ocrx_word' id='word_1_585' title='bbox 1096 4180 1204 4259; x_wconf 74' lang='grc' dir='ltr'>γᾴρ</span> <span class='ocrx_word' id='word_1_586' title='bbox 1247 4198 1338 4246; x_wconf 81' lang='grc' dir='ltr'><strong>τις</strong></span> <span class='ocrx_word' id='word_1_587' title='bbox 1378 4183 1454 4259; x_wconf 61' lang='lat' dir='ltr'><strong>ea:</strong></span> <span class='ocrx_word' id='word_1_588' title='bbox 1479 4180 1701 4259; x_wconf 58' lang='grc' dir='ltr'>αρερῖς.</span> <span class='ocrx_word' id='word_1_589' title='bbox 1742 4179 1825 4259; x_wconf 45' lang='lat' dir='ltr'><strong>ita.</strong></span> <span class='ocrx_word' id='word_1_590' title='bbox 1867 4181 2031 4234; x_wconf 79' lang='lat' dir='ltr'><strong>codex</strong></span> 
     </span>
    </p>
   </div>
   <div class='ocr_carea' id='block_1_84' title="bbox 2146 4179 3699 4259">
    <p class='ocr_par' dir='ltr' id='par_1_84' title="bbox 2146 4182 3699 4259">
     <span class='ocr_line' id='line_1_84' title="bbox 2146 4182 3699 4259; baseline 0.005 -24"><span class='ocrx_word' id='word_1_591' title='bbox 2146 4182 2607 4259; x_wconf 81' lang='lat' dir='ltr'><strong>li_ora_profer,_et_</strong></span> <span class='ocrx_word' id='word_1_592' title='bbox 2637 4184 2857 4253; x_wconf 75' lang='lat' dir='ltr'><strong>gratias,</strong></span> <span class='ocrx_word' id='word_1_593' title='bbox 2891 4200 3027 4259; x_wconf 76' lang='lat' dir='ltr'><strong>quas</strong></span> <span class='ocrx_word' id='word_1_594' title='bbox 3062 4185 3209 4259; x_wconf 81' lang='lat' dir='ltr'><strong>t_a_nti_</strong></span> <span class='ocrx_word' id='word_1_595' title='bbox 3230 4184 3463 4259; x_wconf 74' lang='lat' dir='ltr'><strong>honoris</strong></span> <span class='ocrx_word' id='word_1_596' title='bbox 3486 4186 3699 4259; x_wconf 63' lang='lat' dir='ltr'><strong>inrides</strong></span> 
     </span>
    </p>
   </div>
   <div class='ocr_carea' id='block_1_85' title="bbox 462 4249 2040 4319">
    <p class='ocr_par' dir='ltr' id='par_1_85' title="bbox 462 4249 2040 4319">
     <span class='ocr_line' id='line_1_85' title="bbox 462 4249 2040 4319; baseline -0.008 -4"><span class='ocrx_word' id='word_1_597' title='bbox 462 4249 724 4315; x_wconf 48' lang='lat' dir='ltr'><strong>Jol‘ian&#39;us.</strong></span> <span class='ocrx_word' id='word_1_598' title='bbox 762 4249 1112 4309; x_wconf 44' lang='lat' dir='ltr'><strong>Hms&#39;chelius</strong></span> <span class='ocrx_word' id='word_1_599' title='bbox 1143 4249 1192 4305; x_wconf 85' lang='lat' dir='ltr'><strong>in</strong></span> <span class='ocrx_word' id='word_1_600' title='bbox 1228 4261 1399 4312; x_wconf 70' lang='lat' dir='ltr'><strong>textu,</strong></span> <span class='ocrx_word' id='word_1_601' title='bbox 1427 4249 1740 4319; x_wconf 69' lang='grc' dir='ltr'>διαλήψεται</span> <span class='ocrx_word' id='word_1_602' title='bbox 1762 4249 1869 4319; x_wconf 77' lang='grc' dir='ltr'><strong>γάρ</strong></span> <span class='ocrx_word' id='word_1_603' title='bbox 1892 4266 2040 4314; x_wconf 78' lang='grc' dir='ltr'>τινας</span> 
     </span>
    </p>
   </div>
   <div class='ocr_carea' id='block_1_86' title="bbox 464 4319 2035 4413">
    <p class='ocr_par' dir='ltr' id='par_1_86' title="bbox 464 4319 2035 4413">
     <span class='ocr_line' id='line_1_86' title="bbox 464 4319 2035 4413; baseline -0.006 -31"><span class='ocrx_word' id='word_1_604' title='bbox 464 4331 546 4413; x_wconf 45' lang='grc' dir='ltr'><strong>ὲν.</strong></span> <span class='ocrx_word' id='word_1_605' title='bbox 569 4329 769 4389; x_wconf 80' lang='grc' dir='ltr'>αὐτοῖς.</span> <span class='ocrx_word' id='word_1_606' title='bbox 818 4327 1151 4397; x_wconf 75' lang='lat' dir='ltr'><strong>Speneerus,</strong></span> <span class='ocrx_word' id='word_1_607' title='bbox 1194 4321 1509 4393; x_wconf 70' lang='grc' dir='ltr'>διαλήψεται</span> <span class='ocrx_word' id='word_1_608' title='bbox 1558 4319 1668 4392; x_wconf 87' lang='grc' dir='ltr'><strong>γάρ</strong></span> <span class='ocrx_word' id='word_1_609' title='bbox 1709 4336 1829 4377; x_wconf 84' lang='grc' dir='ltr'>τινα</span> <span class='ocrx_word' id='word_1_610' title='bbox 1856 4322 1912 4379; x_wconf 77' lang='grc' dir='ltr'><strong>ἐν</strong></span> <span class='ocrx_word' id='word_1_611' title='bbox 1942 4322 2035 4373; x_wconf 89' lang='grc' dir='ltr'>αὐ-</span> 
     </span>
    </p>
   </div>
   <div class='ocr_carea' id='block_1_87' title="bbox 462 4414 2030 4537">
    <p class='ocr_par' dir='ltr' id='par_1_87' title="bbox 462 4414 2030 4537">
     <span class='ocr_line' id='line_1_87' title="bbox 462 4414 2030 4537; baseline -0.01 -11"><span class='ocrx_word' id='word_1_612' title='bbox 462 4414 648 4537; x_wconf 48' lang='grc' dir='ltr'>τοιῶὗ)</span> <span class='ocrx_word' id='word_1_613' title='bbox 686 4464 915 4537; x_wconf 77' lang='lat' dir='ltr'><strong>Gttiettts</strong></span> <span class='ocrx_word' id='word_1_614' title='bbox 970 4463 1139 4537; x_wconf 80' lang='lat' dir='ltr'><strong>legit,</strong></span> <span class='ocrx_word' id='word_1_615' title='bbox 1188 4462 1389 4537; x_wconf 69' lang='grc' dir='ltr'>ταύτας</span> <span class='ocrx_word' id='word_1_616' title='bbox 1452 4459 1747 4537; x_wconf 62' lang='grc' dir='ltr'>ἀλλήλαιςῆ</span> <span class='ocrx_word' id='word_1_617' title='bbox 1781 4458 2030 4531; x_wconf 79' lang='grc' dir='ltr'>παρασα-</span> 
     </span>
    </p>
   </div>
   <div class='ocr_carea' id='block_1_88' title="bbox 462 4529 2030 4602">
    <p class='ocr_par' dir='ltr' id='par_1_88' title="bbox 462 4529 2030 4602">
     <span class='ocr_line' id='line_1_88' title="bbox 462 4529 2030 4602; baseline -0.004 -13"><span class='ocrx_word' id='word_1_618' title='bbox 462 4529 651 4599; x_wconf 69' lang='grc' dir='ltr'>λόντα,</span> <span class='ocrx_word' id='word_1_619' title='bbox 680 4535 776 4587; x_wconf 75' lang='grc' dir='ltr'>καὶ</span> <span class='ocrx_word' id='word_1_620' title='bbox 804 4529 1167 4602; x_wconf 79' lang='grc' dir='ltr'>γυμνώσαντα</span> <span class='ocrx_word' id='word_1_621' title='bbox 1210 4532 1279 4584; x_wconf 77' lang='grc' dir='ltr'>τὰ</span> <span class='ocrx_word' id='word_1_622' title='bbox 1323 4531 1683 4602; x_wconf 85' lang='grc' dir='ltr'>Χριστιανῶν.</span> <span class='ocrx_word' id='word_1_623' title='bbox 1714 4529 1817 4583; x_wconf 82' lang='lat' dir='ltr'><strong>Pro</strong></span> <span class='ocrx_word' id='word_1_624' title='bbox 1850 4529 2030 4602; x_wconf 75' lang='grc' dir='ltr'>παρα-</span> 
     </span>
    </p>
   </div>
   <div class='ocr_carea' id='block_1_89' title="bbox 463 4601 2028 4725">
    <p class='ocr_par' dir='ltr' id='par_1_89' title="bbox 463 4601 2028 4725">
     <span class='ocr_line' id='line_1_89' title="bbox 463 4601 2028 4725; baseline -0.004 -68"><span class='ocrx_word' id='word_1_625' title='bbox 463 4606 692 4725; x_wconf 62' lang='grc' dir='ltr'>ἓὲιλόντα</span> <span class='ocrx_word' id='word_1_626' title='bbox 743 4602 810 4656; x_wconf 87' lang='lat' dir='ltr'><strong>ad</strong></span> <span class='ocrx_word' id='word_1_627' title='bbox 866 4601 1165 4671; x_wconf 81' lang='lat' dir='ltr'><strong>marginem</strong></span> <span class='ocrx_word' id='word_1_628' title='bbox 1205 4603 1474 4654; x_wconf 85' lang='lat' dir='ltr'><strong>editorum</strong></span> <span class='ocrx_word' id='word_1_629' title='bbox 1522 4601 1735 4669; x_wconf 79' lang='lat' dir='ltr'><strong>legitur,</strong></span> <span class='ocrx_word' id='word_1_630' title='bbox 1782 4601 2028 4669; x_wconf 89' lang='grc' dir='ltr'>παραλα-</span> 
     </span>
     <span class='ocr_line' id='line_1_90' title="bbox 527 4691 642 4725; baseline 0 0"><span class='ocrx_word' id='word_1_631' title='bbox 527 4691 642 4725; x_wconf 84' lang='grc' dir='ltr'>ντα.</span> 
     </span>
    </p>
   </div>
   <div class='ocr_carea' id='block_1_90' title="bbox 527 4692 2021 4835">
    <p class='ocr_par' dir='ltr' id='par_1_90' title="bbox 527 4692 2021 4835">
     <span class='ocr_line' id='line_1_91' title="bbox 527 4692 2021 4835; baseline -0.001 -41"><span class='ocrx_word' id='word_1_632' title='bbox 698 4737 1002 4835; x_wconf 52' lang='grc' dir='ltr'><strong>Ὀὲἕανῶνρ</strong></span> <span class='ocrx_word' id='word_1_633' title='bbox 1034 4736 1155 4794; x_wconf 78' lang='lat' dir='ltr'><strong>Vid.</strong></span> <span class='ocrx_word' id='word_1_634' title='bbox 1176 4737 1271 4795; x_wconf 87' lang='lat' dir='ltr'><strong>lib.</strong></span> <span class='ocrx_word' id='word_1_635' title='bbox 1294 4753 1376 4804; x_wconf 81' lang='grc' dir='ltr'>ιιι,</span> <span class='ocrx_word' id='word_1_636' title='bbox 1408 4752 1554 4799; x_wconf 83' lang='grc' dir='ltr'><strong>ηιιιιι.</strong></span> <span class='ocrx_word' id='word_1_637' title='bbox 1584 4736 1669 4801; x_wconf 63' lang='lat' dir='ltr'><strong>l9,</strong></span> <span class='ocrx_word' id='word_1_638' title='bbox 1694 4746 1746 4791; x_wconf 90' lang='lat' dir='ltr'><strong>et</strong></span> <span class='ocrx_word' id='word_1_639' title='bbox 1769 4738 1905 4791; x_wconf 82' lang='lat' dir='ltr'><strong>infra</strong></span> <span class='ocrx_word' id='word_1_640' title='bbox 1928 4739 2021 4792; x_wconf 90' lang='lat' dir='ltr'><strong>lib.</strong></span> 
     </span>
    </p>
   </div>
   <div class='ocr_carea' id='block_1_91' title="bbox 462 4809 2021 4949">
    <p class='ocr_par' dir='ltr' id='par_1_91' title="bbox 462 4809 2021 4949">
     <span class='ocr_line' id='line_1_92' title="bbox 462 4809 2021 4949; baseline -0.002 -17"><span class='ocrx_word' id='word_1_641' title='bbox 462 4809 1145 4949; x_wconf 42' lang='grc' dir='ltr'><strong>κ1’(εέςῖῃίίιέιῗξράμματος.</strong></span> <span class='ocrx_word' id='word_1_642' title='bbox 1170 4946 1179 4949; x_wconf 87' lang='lat'>_</span> <span class='ocrx_word' id='word_1_643' title='bbox 1200 4875 1417 4949; x_wconf 87' lang='lat' dir='ltr'><strong>Utinam</strong></span> <span class='ocrx_word' id='word_1_644' title='bbox 1446 4874 1737 4949; x_wconf 55' lang='lat' dir='ltr'><strong>exstaret!</strong></span> <span class='ocrx_word' id='word_1_645' title='bbox 1797 4875 2021 4949; x_wconf 80' lang='lat' dir='ltr'><strong>multum</strong></span> 
     </span>
    </p>
   </div>
   <div class='ocr_carea' id='block_1_92' title="bbox 461 4945 2019 5015">
    <p class='ocr_par' dir='ltr' id='par_1_92' title="bbox 461 4945 2019 5015">
     <span class='ocr_line' id='line_1_93' title="bbox 461 4945 2019 5015; baseline -0.001 -14"><span class='ocrx_word' id='word_1_646' title='bbox 461 4945 790 5015; x_wconf 33' lang='lat' dir='ltr'><strong>enitu&#39;lucis</strong></span> <span class='ocrx_word' id='word_1_647' title='bbox 835 4948 1023 5015; x_wconf 72' lang='lat' dir='ltr'><strong>procul</strong></span> <span class='ocrx_word' id='word_1_648' title='bbox 1058 4946 1220 5001; x_wconf 85' lang='lat' dir='ltr'><strong>dubio</strong></span> <span class='ocrx_word' id='word_1_649' title='bbox 1254 4945 1752 5015; x_wconf 84' lang='lat' dir='ltr'><strong>antiquissimorum</strong></span> <span class='ocrx_word' id='word_1_650' title='bbox 1801 4946 2019 5000; x_wconf 77' lang='lat' dir='ltr'><strong>Patrum</strong></span> 
     </span>
    </p>
   </div>
   <div class='ocr_carea' id='block_1_93' title="bbox 461 5014 2018 5084">
    <p class='ocr_par' dir='ltr' id='par_1_93' title="bbox 461 5014 2018 5084">
     <span class='ocr_line' id='line_1_94' title="bbox 461 5014 2018 5084; baseline -0.002 -13"><span class='ocrx_word' id='word_1_651' title='bbox 461 5014 635 5079; x_wconf 78' lang='lat' dir='ltr'><strong>libris,</strong></span> <span class='ocrx_word' id='word_1_652' title='bbox 680 5015 870 5084; x_wconf 70' lang='lat' dir='ltr'><strong>prisca:</strong></span> <span class='ocrx_word' id='word_1_653' title='bbox 916 5014 1168 5067; x_wconf 81' lang='lat' dir='ltr'><strong>Ecclesia:</strong></span> <span class='ocrx_word' id='word_1_654' title='bbox 1216 5014 1570 5083; x_wconf 85' lang='lat' dir='ltr'><strong>temporibus,</strong></span> <span class='ocrx_word' id='word_1_655' title='bbox 1610 5023 1662 5067; x_wconf 90' lang='lat' dir='ltr'><strong>et</strong></span> <span class='ocrx_word' id='word_1_656' title='bbox 1699 5015 2018 5081; x_wconf 87' lang='lat' dir='ltr'><strong>quibusdam</strong></span> 
     </span>
    </p>
   </div>
   <div class='ocr_carea' id='block_1_94' title="bbox 458 5084 2021 5153">
    <p class='ocr_par' dir='ltr' id='par_1_94' title="bbox 458 5084 2021 5153">
     <span class='ocr_line' id='line_1_95' title="bbox 458 5084 2021 5153; baseline -0.003 -11"><span class='ocrx_word' id='word_1_657' title='bbox 458 5102 629 5142; x_wconf 67' lang='lat' dir='ltr'><strong>sacrm</strong></span> <span class='ocrx_word' id='word_1_658' title='bbox 660 5085 959 5153; x_wconf 73' lang='lat' dir='ltr'><strong>Scriptura:</strong></span> <span class='ocrx_word' id='word_1_659' title='bbox 986 5084 1121 5136; x_wconf 86' lang='lat' dir='ltr'><strong>locis</strong></span> <span class='ocrx_word' id='word_1_660' title='bbox 1150 5086 1453 5153; x_wconf 79' lang='lat' dir='ltr'><strong>accederet.</strong></span> <span class='ocrx_word' id='word_1_661' title='bbox 1489 5084 1600 5136; x_wconf 86' lang='lat' dir='ltr'><strong>lloc</strong></span> <span class='ocrx_word' id='word_1_662' title='bbox 1632 5084 2021 5153; x_wconf 86' lang='lat' dir='ltr'><strong>diagrammate</strong></span> 
     </span>
    </p>
   </div>
   <div class='ocr_carea' id='block_1_95' title="bbox 458 5152 2019 5225">
    <p class='ocr_par' dir='ltr' id='par_1_95' title="bbox 458 5152 2019 5225">
     <span class='ocr_line' id='line_1_96' title="bbox 458 5152 2019 5225; baseline -0.003 -16"><span class='ocrx_word' id='word_1_663' title='bbox 458 5156 765 5225; x_wconf 80' lang='lat' dir='ltr'><strong>deperdito,</strong></span> <span class='ocrx_word' id='word_1_664' title='bbox 791 5152 992 5207; x_wconf 71' lang='lat' dir='ltr'><strong>frustra</strong></span> <span class='ocrx_word' id='word_1_665' title='bbox 1020 5152 1338 5225; x_wconf 60' lang='lat' dir='ltr'><strong>fortassein</strong></span> <span class='ocrx_word' id='word_1_666' title='bbox 1372 5152 1831 5225; x_wconf 81' lang='lat' dir='ltr'><strong>Basilidianormu</strong></span> <span class='ocrx_word' id='word_1_667' title='bbox 1858 5154 2019 5205; x_wconf 77' lang='grc' dir='ltr'>ἐκτύ-</span> 
     </span>
    </p>
   </div>
   <div class='ocr_carea' id='block_1_96' title="bbox 457 5221 2019 5293">
    <p class='ocr_par' dir='ltr' id='par_1_96' title="bbox 457 5221 2019 5293">
     <span class='ocr_line' id='line_1_97' title="bbox 457 5221 2019 5293; baseline -0.003 -13"><span class='ocrx_word' id='word_1_668' title='bbox 457 5221 600 5291; x_wconf 78' lang='grc' dir='ltr'>ποίς,</span> <span class='ocrx_word' id='word_1_669' title='bbox 631 5234 684 5280; x_wconf 86' lang='lat' dir='ltr'><strong>et</strong></span> <span class='ocrx_word' id='word_1_670' title='bbox 716 5224 988 5293; x_wconf 74' lang='lat' dir='ltr'><strong>ﬁgmentis</strong></span> <span class='ocrx_word' id='word_1_671' title='bbox 1020 5221 1518 5277; x_wconf 77' lang='lat' dir='ltr'><strong>Valentiuianorum</strong></span> <span class='ocrx_word' id='word_1_672' title='bbox 1555 5224 1910 5289; x_wconf 81' lang='lat' dir='ltr'><strong>explicandis,</strong></span> <span class='ocrx_word' id='word_1_673' title='bbox 1951 5225 2019 5277; x_wconf 87' lang='lat' dir='ltr'><strong>Ia-</strong></span> 
     </span>
    </p>
   </div>
   <div class='ocr_carea' id='block_1_97' title="bbox 458 5293 2015 5361">
    <p class='ocr_par' dir='ltr' id='par_1_97' title="bbox 458 5293 2015 5361">
     <span class='ocr_line' id='line_1_98' title="bbox 458 5293 2015 5361; baseline -0.001 -12"><span class='ocrx_word' id='word_1_674' title='bbox 458 5297 801 5355; x_wconf 79' lang='lat' dir='ltr'><strong>horavitnus;</strong></span> <span class='ocrx_word' id='word_1_675' title='bbox 838 5302 1109 5361; x_wconf 88' lang='lat' dir='ltr'><strong>utcunque</strong></span> <span class='ocrx_word' id='word_1_676' title='bbox 1156 5293 1336 5344; x_wconf 87' lang='lat' dir='ltr'><strong>conati</strong></span> <span class='ocrx_word' id='word_1_677' title='bbox 1384 5307 1588 5357; x_wconf 85' lang='lat' dir='ltr'><strong>smnus,</strong></span> <span class='ocrx_word' id='word_1_678' title='bbox 1628 5308 1724 5360; x_wconf 80' lang='lat' dir='ltr'><strong>pro</strong></span> <span class='ocrx_word' id='word_1_679' title='bbox 1757 5294 2015 5347; x_wconf 83' lang='lat' dir='ltr'><strong>facultate</strong></span> 
     </span>
    </p>
   </div>
   <div class='ocr_carea' id='block_1_98' title="bbox 458 5361 2060 5430">
    <p class='ocr_par' dir='ltr' id='par_1_98' title="bbox 458 5361 2060 5430">
     <span class='ocr_line' id='line_1_99' title="bbox 458 5361 2060 5430; baseline 0.002 -17"><span class='ocrx_word' id='word_1_680' title='bbox 458 5380 666 5425; x_wconf 56' lang='lat' dir='ltr'><strong>nostra,</strong></span> <span class='ocrx_word' id='word_1_681' title='bbox 709 5363 1032 5423; x_wconf 83' lang='lat' dir='ltr'><strong>dillieiliora.</strong></span> <span class='ocrx_word' id='word_1_682' title='bbox 1061 5376 1179 5430; x_wconf 76' lang='lat' dir='ltr'><strong>qua:</strong></span> <span class='ocrx_word' id='word_1_683' title='bbox 1209 5361 1571 5415; x_wconf 79' lang='lat' dir='ltr'><strong>occurrebant</strong></span> <span class='ocrx_word' id='word_1_684' title='bbox 1606 5362 1741 5425; x_wconf 87' lang='lat' dir='ltr'><strong>loca,</strong></span> <span class='ocrx_word' id='word_1_685' title='bbox 1786 5378 2014 5428; x_wconf 64' lang='lat' dir='ltr'><strong>qumque</strong></span> <span class='ocrx_word' id='word_1_686' title='bbox 2056 5417 2060 5420; x_wconf 70' lang='grc'><strong>,</strong></span> 
     </span>
    </p>
   </div>
   <div class='ocr_carea' id='block_1_99' title="bbox 458 5432 2010 5499">
    <p class='ocr_par' dir='ltr' id='par_1_99' title="bbox 458 5432 2010 5499">
     <span class='ocr_line' id='line_1_100' title="bbox 458 5432 2010 5499; baseline -0.002 -12"><span class='ocrx_word' id='word_1_687' title='bbox 458 5437 695 5489; x_wconf 85' lang='lat' dir='ltr'><strong>tenebris</strong></span> <span class='ocrx_word' id='word_1_688' title='bbox 738 5442 862 5487; x_wconf 89' lang='lat' dir='ltr'><strong>sunt</strong></span> <span class='ocrx_word' id='word_1_689' title='bbox 891 5434 1165 5493; x_wconf 80' lang='lat' dir='ltr'><strong>obvoluta,</strong></span> <span class='ocrx_word' id='word_1_690' title='bbox 1194 5433 1487 5499; x_wconf 82' lang='lat' dir='ltr'><strong>explicare.</strong></span> <span class='ocrx_word' id='word_1_691' title='bbox 1516 5432 1667 5497; x_wconf 87' lang='lat' dir='ltr'><strong>Quod</strong></span> <span class='ocrx_word' id='word_1_692' title='bbox 1710 5432 1752 5483; x_wconf 85' lang='lat' dir='ltr'><strong>si</strong></span> <span class='ocrx_word' id='word_1_693' title='bbox 1797 5433 2010 5485; x_wconf 68' lang='lat' dir='ltr'><strong>lucreti-</strong></span> 
     </span>
    </p>
   </div>
   <div class='ocr_carea' id='block_1_100' title="bbox 454 5500 2011 5571">
    <p class='ocr_par' dir='ltr' id='par_1_100' title="bbox 454 5500 2011 5571">
     <span class='ocr_line' id='line_1_101' title="bbox 454 5500 2011 5571; baseline -0.002 -14"><span class='ocrx_word' id='word_1_694' title='bbox 454 5520 641 5558; x_wconf 84' lang='lat' dir='ltr'><strong>cornu:</strong></span> <span class='ocrx_word' id='word_1_695' title='bbox 675 5504 882 5556; x_wconf 84' lang='lat' dir='ltr'><strong>somnia</strong></span> <span class='ocrx_word' id='word_1_696' title='bbox 908 5513 960 5555; x_wconf 90' lang='lat' dir='ltr'><strong>ct</strong></span> <span class='ocrx_word' id='word_1_697' title='bbox 990 5502 1150 5555; x_wconf 84' lang='lat' dir='ltr'><strong>dubia</strong></span> <span class='ocrx_word' id='word_1_698' title='bbox 1182 5500 1525 5571; x_wconf 83' lang='lat' dir='ltr'><strong>Orlgeuiaua,</strong></span> <span class='ocrx_word' id='word_1_699' title='bbox 1561 5502 1735 5555; x_wconf 89' lang='lat' dir='ltr'><strong>minus</strong></span> <span class='ocrx_word' id='word_1_700' title='bbox 1768 5501 1925 5568; x_wconf 88' lang='lat' dir='ltr'><strong>plane</strong></span> <span class='ocrx_word' id='word_1_701' title='bbox 1956 5511 2011 5554; x_wconf 86' lang='lat' dir='ltr'><strong>et</strong></span> 
     </span>
    </p>
   </div>
   <div class='ocr_carea' id='block_1_101' title="bbox 454 5572 2005 5639">
    <p class='ocr_par' dir='ltr' id='par_1_101' title="bbox 454 5572 2005 5639">
     <span class='ocr_line' id='line_1_102' title="bbox 454 5572 2005 5639; baseline -0.002 -17"><span class='ocrx_word' id='word_1_702' title='bbox 454 5583 669 5635; x_wconf 75' lang='lat' dir='ltr'><strong>aperte,</strong></span> <span class='ocrx_word' id='word_1_703' title='bbox 717 5590 876 5638; x_wconf 81' lang='lat' dir='ltr'><strong>qttam</strong></span> <span class='ocrx_word' id='word_1_704' title='bbox 925 5588 1009 5625; x_wconf 84' lang='lat' dir='ltr'><strong>res</strong></span> <span class='ocrx_word' id='word_1_705' title='bbox 1058 5573 1168 5639; x_wconf 86' lang='lat' dir='ltr'><strong>ipsa</strong></span> <span class='ocrx_word' id='word_1_706' title='bbox 1222 5574 1603 5631; x_wconf 83' lang='lat' dir='ltr'><strong>desiderabat.</strong></span> <span class='ocrx_word' id='word_1_707' title='bbox 1656 5572 2005 5639; x_wconf 78' lang='lat' dir='ltr'><strong>interpretata</strong></span> 
     </span>
    </p>
   </div>
   <div class='ocr_carea' id='block_1_102' title="bbox 449 5640 2007 5711">
    <p class='ocr_par' dir='ltr' id='par_1_102' title="bbox 449 5640 2007 5711">
     <span class='ocr_line' id='line_1_103' title="bbox 449 5640 2007 5711; baseline 0 -18"><span class='ocrx_word' id='word_1_708' title='bbox 449 5655 630 5707; x_wconf 79' lang='lat' dir='ltr'><strong>putes,</strong></span> <span class='ocrx_word' id='word_1_709' title='bbox 655 5658 719 5693; x_wconf 81' lang='lat' dir='ltr'><strong>ea</strong></span> <span class='ocrx_word' id='word_1_710' title='bbox 755 5644 846 5694; x_wconf 87' lang='lat' dir='ltr'><strong>tibi</strong></span> <span class='ocrx_word' id='word_1_711' title='bbox 874 5640 1049 5695; x_wconf 76' lang='lat' dir='ltr'><strong>laudis</strong></span> <span class='ocrx_word' id='word_1_712' title='bbox 1077 5642 1379 5697; x_wconf 86' lang='lat' dir='ltr'><strong>materiam.</strong></span> <span class='ocrx_word' id='word_1_713' title='bbox 1408 5641 1616 5698; x_wconf 72' lang='lat' dir='ltr'><strong>Exerce</strong></span> <span class='ocrx_word' id='word_1_714' title='bbox 1645 5641 1861 5711; x_wconf 81' lang='lat' dir='ltr'><strong>stylum,</strong></span> <span class='ocrx_word' id='word_1_715' title='bbox 1888 5656 2007 5695; x_wconf 82' lang='lat' dir='ltr'><strong>cer-</strong></span> 
     </span>
    </p>
   </div>
   <div class='ocr_carea' id='block_1_103' title="bbox 2134 4254 3699 4327">
    <p class='ocr_par' dir='ltr' id='par_1_103' title="bbox 2134 4254 3699 4327">
     <span class='ocr_line' id='line_1_104' title="bbox 2134 4254 3699 4327; baseline 0.004 -21"><span class='ocrx_word' id='word_1_716' title='bbox 2134 4254 2226 4327; x_wconf 66' lang='lat' dir='ltr'><strong>yix</strong></span> <span class='ocrx_word' id='word_1_717' title='bbox 2258 4255 2397 4312; x_wconf 86' lang='lat' dir='ltr'><strong>ultro</strong></span> <span class='ocrx_word' id='word_1_718' title='bbox 2429 4254 2655 4327; x_wconf 73' lang='lat' dir='ltr'><strong>dederit,</strong></span> <span class='ocrx_word' id='word_1_719' title='bbox 2678 4256 3044 4327; x_wconf 72' lang='lat' dir='ltr'><strong>extorquebis.</strong></span> <span class='ocrx_word' id='word_1_720' title='bbox 3077 4254 3241 4327; x_wconf 87' lang='lat' dir='ltr'><strong>Nobis</strong></span> <span class='ocrx_word' id='word_1_721' title='bbox 3270 4255 3398 4308; x_wconf 89' lang='lat' dir='ltr'><strong>illud</strong></span> <span class='ocrx_word' id='word_1_722' title='bbox 3435 4257 3699 4327; x_wconf 84' lang='lat' dir='ltr'><strong>Scaligcri</strong></span> 
     </span>
    </p>
   </div>
   <div class='ocr_carea' id='block_1_104' title="bbox 2139 4323 3695 4393">
    <p class='ocr_par' dir='ltr' id='par_1_104' title="bbox 2139 4323 3695 4393">
     <span class='ocr_line' id='line_1_105' title="bbox 2139 4323 3695 4393; baseline 0.003 -18"><span class='ocrx_word' id='word_1_723' title='bbox 2139 4323 2399 4393; x_wconf 87' lang='lat' dir='ltr'><strong>hactenus</strong></span> <span class='ocrx_word' id='word_1_724' title='bbox 2437 4324 2660 4393; x_wconf 89' lang='lat' dir='ltr'><strong>placuit,</strong></span> <span class='ocrx_word' id='word_1_725' title='bbox 2694 4335 2743 4377; x_wconf 89' lang='lat' dir='ltr'><strong>et</strong></span> <span class='ocrx_word' id='word_1_726' title='bbox 2781 4324 3051 4391; x_wconf 88' lang='lat' dir='ltr'><strong>placebit:</strong></span> <span class='ocrx_word' id='word_1_727' title='bbox 3079 4343 3096 4375; x_wconf 82' lang='grc' dir='ltr'><strong>ι</strong></span> <span class='ocrx_word' id='word_1_728' title='bbox 3127 4326 3384 4393; x_wconf 84' lang='lat' dir='ltr'><strong>Denique,</strong></span> <span class='ocrx_word' id='word_1_729' title='bbox 3421 4327 3549 4379; x_wconf 86' lang='lat' dir='ltr'><strong>nihil</strong></span> <span class='ocrx_word' id='word_1_730' title='bbox 3587 4323 3695 4380; x_wconf 69' lang='lat' dir='ltr'><strong>iam</strong></span> 
     </span>
    </p>
   </div>
   <div class='ocr_carea' id='block_1_105' title="bbox 2136 4392 3694 4464">
    <p class='ocr_par' dir='ltr' id='par_1_105' title="bbox 2136 4392 3694 4464">
     <span class='ocr_line' id='line_1_106' title="bbox 2136 4392 3694 4464; baseline 0.004 -20"><span class='ocrx_word' id='word_1_731' title='bbox 2136 4392 2388 4464; x_wconf 82' lang='lat' dir='ltr'><strong>frequens</strong></span> <span class='ocrx_word' id='word_1_732' title='bbox 2418 4392 2522 4461; x_wconf 79' lang='lat' dir='ltr'><strong>est,</strong></span> <span class='ocrx_word' id='word_1_733' title='bbox 2558 4409 2716 4461; x_wconf 87' lang='lat' dir='ltr'><strong>quam</strong></span> <span class='ocrx_word' id='word_1_734' title='bbox 2759 4394 2870 4447; x_wconf 73' lang='lat' dir='ltr'><strong>lucc</strong></span> <span class='ocrx_word' id='word_1_735' title='bbox 2906 4394 3115 4447; x_wconf 81' lang='grc' dir='ltr'>ἔκτυπα</span> <span class='ocrx_word' id='word_1_736' title='bbox 3147 4396 3197 4447; x_wconf 90' lang='lat' dir='ltr'><strong>in</strong></span> <span class='ocrx_word' id='word_1_737' title='bbox 3233 4392 3460 4464; x_wconf 86' lang='lat' dir='ltr'><strong>gemmis</strong></span> <span class='ocrx_word' id='word_1_738' title='bbox 3493 4396 3694 4450; x_wconf 85' lang='lat' dir='ltr'><strong>inclusa</strong></span> 
     </span>
    </p>
   </div>
   <div class='ocr_carea' id='block_1_106' title="bbox 2132 4463 3692 4532">
    <p class='ocr_par' dir='ltr' id='par_1_106' title="bbox 2132 4463 3692 4532">
     <span class='ocr_line' id='line_1_107' title="bbox 2132 4463 3692 4532; baseline 0.004 -19"><span class='ocrx_word' id='word_1_739' title='bbox 2132 4463 2315 4515; x_wconf 73' lang='lat' dir='ltr'><strong>videre</strong></span> <span class='ocrx_word' id='word_1_740' title='bbox 2343 4465 2506 4516; x_wconf 88' lang='lat' dir='ltr'><strong>etiam</strong></span> <span class='ocrx_word' id='word_1_741' title='bbox 2548 4464 2942 4518; x_wconf 79' lang='lat' dir='ltr'><strong>vetustissima.</strong></span> <span class='ocrx_word' id='word_1_742' title='bbox 2974 4465 3045 4516; x_wconf 85' lang='lat' dir='ltr'><strong>Ea</strong></span> <span class='ocrx_word' id='word_1_743' title='bbox 3084 4463 3248 4517; x_wconf 81' lang='lat' dir='ltr'><strong>nemo</strong></span> <span class='ocrx_word' id='word_1_744' title='bbox 3287 4465 3556 4532; x_wconf 77' lang='lat' dir='ltr'><strong>intelligit,</strong></span> <span class='ocrx_word' id='word_1_745' title='bbox 3589 4468 3692 4520; x_wconf 86' lang='lat' dir='ltr'><strong>nisi</strong></span> 
     </span>
    </p>
   </div>
   <div class='ocr_carea' id='block_1_107' title="bbox 2132 4533 3696 4603">
    <p class='ocr_par' dir='ltr' id='par_1_107' title="bbox 2132 4533 3696 4603">
     <span class='ocr_line' id='line_1_108' title="bbox 2132 4533 3696 4603; baseline 0.003 -20"><span class='ocrx_word' id='word_1_746' title='bbox 2132 4534 2222 4600; x_wconf 92' lang='lat' dir='ltr'><strong>qui</strong></span> <span class='ocrx_word' id='word_1_747' title='bbox 2254 4533 2502 4585; x_wconf 82' lang='lat' dir='ltr'><strong>facienda</strong></span> <span class='ocrx_word' id='word_1_748' title='bbox 2534 4535 2762 4603; x_wconf 82' lang='lat' dir='ltr'><strong>curavit,</strong></span> <span class='ocrx_word' id='word_1_749' title='bbox 2790 4546 2841 4593; x_wconf 80' lang='lat' dir='ltr'><strong>et</strong></span> <span class='ocrx_word' id='word_1_750' title='bbox 2883 4536 3082 4593; x_wconf 80' lang='lat' dir='ltr'><strong>frustra</strong></span> <span class='ocrx_word' id='word_1_751' title='bbox 3136 4533 3240 4585; x_wconf 76' lang='lat' dir='ltr'><strong>illis</strong></span> <span class='ocrx_word' id='word_1_752' title='bbox 3275 4536 3696 4603; x_wconf 80' lang='lat' dir='ltr'><strong>interpretandis</strong></span> 
     </span>
    </p>
   </div>
   <div class='ocr_carea' id='block_1_108' title="bbox 2130 4601 3692 4670">
    <p class='ocr_par' dir='ltr' id='par_1_108' title="bbox 2130 4601 3692 4670">
     <span class='ocr_line' id='line_1_109' title="bbox 2130 4601 3692 4670; baseline 0.004 -18"><span class='ocrx_word' id='word_1_753' title='bbox 2130 4616 2295 4668; x_wconf 87' lang='lat' dir='ltr'><strong>opera</strong></span> <span class='ocrx_word' id='word_1_754' title='bbox 2341 4602 2514 4654; x_wconf 88' lang='lat' dir='ltr'><strong>datur.</strong></span> <span class='ocrx_word' id='word_1_755' title='bbox 2558 4601 2697 4666; x_wconf 87' lang='lat' dir='ltr'><strong>Quot</strong></span> <span class='ocrx_word' id='word_1_756' title='bbox 2732 4604 2872 4658; x_wconf 89' lang='lat' dir='ltr'><strong>cnim</strong></span> <span class='ocrx_word' id='word_1_757' title='bbox 2925 4603 3235 4657; x_wconf 73' lang='lat' dir='ltr'><strong>verisimilia</strong></span> <span class='ocrx_word' id='word_1_758' title='bbox 3287 4606 3390 4655; x_wconf 88' lang='lat' dir='ltr'><strong>diei</strong></span> <span class='ocrx_word' id='word_1_759' title='bbox 3420 4601 3692 4670; x_wconf 56' lang='lat' dir='ltr'><strong>possunt,</strong></span> 
     </span>
    </p>
   </div>
   <div class='ocr_carea' id='block_1_109' title="bbox 2130 4671 3693 4749">
    <p class='ocr_par' dir='ltr' id='par_1_109' title="bbox 2130 4671 3693 4749">
     <span class='ocr_line' id='line_1_110' title="bbox 2130 4671 3693 4749; baseline 0.006 -30"><span class='ocrx_word' id='word_1_760' title='bbox 2130 4683 2366 4749; x_wconf 71' lang='lat' dir='ltr'><strong>quorum</strong></span> <span class='ocrx_word' id='word_1_761' title='bbox 2396 4671 2573 4724; x_wconf 87' lang='lat' dir='ltr'><strong>nullus</strong></span> <span class='ocrx_word' id='word_1_762' title='bbox 2635 4684 2866 4749; x_wconf 67' lang='lat' dir='ltr'><strong>mentem</strong></span> <span class='ocrx_word' id='word_1_763' title='bbox 2892 4689 3090 4749; x_wconf 74' lang='lat' dir='ltr'><strong>eorum</strong></span> <span class='ocrx_word' id='word_1_764' title='bbox 3124 4673 3433 4749; x_wconf 74' lang='lat' dir='ltr'><strong>aperuerit?</strong></span> <span class='ocrx_word' id='word_1_765' title='bbox 3471 4673 3693 4729; x_wconf 81' lang='lat' dir='ltr'><strong>Veteres</strong></span> 
     </span>
    </p>
   </div>
   <div class='ocr_carea' id='block_1_110' title="bbox 2130 4739 3685 4810">
    <p class='ocr_par' dir='ltr' id='par_1_110' title="bbox 2130 4739 3685 4810">
     <span class='ocr_line' id='line_1_111' title="bbox 2130 4739 3685 4810; baseline 0.004 -21"><span class='ocrx_word' id='word_1_766' title='bbox 2130 4739 2403 4810; x_wconf 80' lang='lat' dir='ltr'><strong>lia-retici.</strong></span> <span class='ocrx_word' id='word_1_767' title='bbox 2456 4743 2754 4808; x_wconf 58' lang='lat' dir='ltr'><strong>praesertim</strong></span> <span class='ocrx_word' id='word_1_768' title='bbox 2813 4739 3171 4797; x_wconf 83' lang='lat' dir='ltr'><strong>Valentiniani</strong></span> <span class='ocrx_word' id='word_1_769' title='bbox 3217 4753 3273 4796; x_wconf 89' lang='lat' dir='ltr'><strong>et</strong></span> <span class='ocrx_word' id='word_1_770' title='bbox 3327 4743 3685 4810; x_wconf 77' lang='lat' dir='ltr'><strong>lllarrosiani,</strong></span> 
     </span>
    </p>
   </div>
   <div class='ocr_carea' id='block_1_111' title="bbox 2128 4808 3691 4881">
    <p class='ocr_par' dir='ltr' id='par_1_111' title="bbox 2128 4808 3691 4881">
     <span class='ocr_line' id='line_1_112' title="bbox 2128 4808 3691 4881; baseline 0.005 -22"><span class='ocrx_word' id='word_1_771' title='bbox 2128 4809 2295 4859; x_wconf 86' lang='lat' dir='ltr'><strong>multa</strong></span> <span class='ocrx_word' id='word_1_772' title='bbox 2337 4808 2597 4881; x_wconf 84' lang='lat' dir='ltr'><strong>ejusmodi</strong></span> <span class='ocrx_word' id='word_1_773' title='bbox 2626 4814 3019 4881; x_wconf 70' lang='lat' dir='ltr'><strong>reliquerunt,</strong></span> <span class='ocrx_word' id='word_1_774' title='bbox 3066 4828 3185 4880; x_wconf 66' lang='lat' dir='ltr'><strong>qua:</strong></span> <span class='ocrx_word' id='word_1_775' title='bbox 3234 4814 3394 4867; x_wconf 86' lang='lat' dir='ltr'><strong>hodie</strong></span> <span class='ocrx_word' id='word_1_776' title='bbox 3447 4813 3499 4867; x_wconf 89' lang='lat' dir='ltr'><strong>in</strong></span> <span class='ocrx_word' id='word_1_777' title='bbox 3546 4808 3691 4867; x_wconf 75' lang='lat' dir='ltr'><strong>auti-</strong></span> 
     </span>
    </p>
   </div>
   <div class='ocr_carea' id='block_1_112' title="bbox 2126 4878 3689 4947">
    <p class='ocr_par' dir='ltr' id='par_1_112' title="bbox 2126 4878 3689 4947">
     <span class='ocr_line' id='line_1_113' title="bbox 2126 4878 3689 4947; baseline 0.007 -22"><span class='ocrx_word' id='word_1_778' title='bbox 2126 4880 2437 4947; x_wconf 81' lang='lat' dir='ltr'><strong>quariorum</strong></span> <span class='ocrx_word' id='word_1_779' title='bbox 2503 4878 2690 4933; x_wconf 89' lang='lat' dir='ltr'><strong>loculis</strong></span> <span class='ocrx_word' id='word_1_780' title='bbox 2745 4878 3111 4947; x_wconf 61' lang='lat' dir='ltr'><strong>assumantur,</strong></span> <span class='ocrx_word' id='word_1_781' title='bbox 3158 4898 3279 4935; x_wconf 87' lang='lat' dir='ltr'><strong>cum</strong></span> <span class='ocrx_word' id='word_1_782' title='bbox 3333 4898 3521 4935; x_wconf 89' lang='lat' dir='ltr'><strong>eorum</strong></span> <span class='ocrx_word' id='word_1_783' title='bbox 3582 4884 3689 4936; x_wconf 73' lang='lat' dir='ltr'><strong>Deo</strong></span> 
     </span>
    </p>
   </div>
   <div class='ocr_carea' id='block_1_113' title="bbox 2124 4946 3683 5022">
    <p class='ocr_par' dir='ltr' id='par_1_113' title="bbox 2124 4946 3683 5022">
     <span class='ocr_line' id='line_1_114' title="bbox 2124 4946 3683 5022; baseline 0.006 -26"><span class='ocrx_word' id='word_1_784' title='bbox 2124 4946 2449 5022; x_wconf 53' lang='lat' dir='ltr'><strong>ABPAEAZ.</strong></span> <span class='ocrx_word' id='word_1_785' title='bbox 2481 4947 2655 5022; x_wconf 67' lang='lat' dir='ltr'><strong>Unum</strong></span> <span class='ocrx_word' id='word_1_786' title='bbox 2683 4953 2864 5022; x_wconf 74' lang='lat' dir='ltr'><strong>adhuc</strong></span> <span class='ocrx_word' id='word_1_787' title='bbox 2892 4964 3020 5022; x_wconf 80' lang='lat' dir='ltr'><strong>ptth</strong></span> <span class='ocrx_word' id='word_1_788' title='bbox 3055 4967 3137 5022; x_wconf 75' lang='lat' dir='ltr'><strong>me</strong></span> <span class='ocrx_word' id='word_1_789' title='bbox 3168 4954 3391 5011; x_wconf 87' lang='lat' dir='ltr'><strong>habere.</strong></span> <span class='ocrx_word' id='word_1_790' title='bbox 3414 4972 3432 5004; x_wconf 81' lang='grc' dir='ltr'>ι</span> <span class='ocrx_word' id='word_1_791' title='bbox 3464 4953 3683 5022; x_wconf 79' lang='lat' dir='ltr'><strong>Jaseph.</strong></span> 
     </span>
    </p>
   </div>
   <div class='ocr_carea' id='block_1_114' title="bbox 2126 5017 3689 5085">
    <p class='ocr_par' dir='ltr' id='par_1_114' title="bbox 2126 5017 3689 5085">
     <span class='ocr_line' id='line_1_115' title="bbox 2126 5017 3689 5085; baseline 0.007 -19"><span class='ocrx_word' id='word_1_792' title='bbox 2126 5017 2385 5085; x_wconf 73' lang='lat' dir='ltr'><strong>Scaliger,</strong></span> <span class='ocrx_word' id='word_1_793' title='bbox 2416 5019 2577 5085; x_wconf 82' lang='lat' dir='ltr'><strong>epist.</strong></span> <span class='ocrx_word' id='word_1_794' title='bbox 2611 5020 2707 5074; x_wconf 87' lang='lat' dir='ltr'><strong>ll9</strong></span> <span class='ocrx_word' id='word_1_795' title='bbox 2738 5019 3492 5077; x_wconf 77' lang='lat' dir='ltr'><strong>adlsaaciumCasaubouum.</strong></span> <span class='ocrx_word' id='word_1_796' title='bbox 3525 5017 3689 5077; x_wconf 64' lang='lat' dir='ltr'><strong>Sermo</strong></span> 
     </span>
    </p>
   </div>
   <div class='ocr_carea' id='block_1_115' title="bbox 2122 5101 2241 5138">
    <p class='ocr_par' dir='ltr' id='par_1_115' title="bbox 2122 5101 2241 5138">
     <span class='ocr_line' id='line_1_116' title="bbox 2122 5101 2241 5138; baseline -0.017 0"><span class='ocrx_word' id='word_1_797' title='bbox 2122 5101 2241 5138; x_wconf 74' lang='lat' dir='ltr'><strong>CER.</strong></span> 
     </span>
    </p>
   </div>
   <div class='ocr_carea' id='block_1_116' title="bbox 2192 5154 3689 5228">
    <p class='ocr_par' dir='ltr' id='par_1_116' title="bbox 2192 5154 3689 5228">
     <span class='ocr_line' id='line_1_117' title="bbox 2192 5154 3689 5228; baseline 0.005 -20"><span class='ocrx_word' id='word_1_798' title='bbox 2192 5154 2304 5227; x_wconf 83' lang='lat'><strong>(83)</strong></span> <span class='ocrx_word' id='word_1_799' title='bbox 2351 5158 2903 5226; x_wconf 65' lang='grc' dir='ltr'>Αὶχμιιλωτιζῖτντων</span> <span class='ocrx_word' id='word_1_800' title='bbox 2958 5159 3329 5228; x_wconf 73' lang='grc' dir='ltr'>γυναικάρια.</span> <span class='ocrx_word' id='word_1_801' title='bbox 3377 5162 3451 5216; x_wconf 82' lang='lat' dir='ltr'><strong>ita</strong></span> <span class='ocrx_word' id='word_1_802' title='bbox 3486 5162 3689 5216; x_wconf 80' lang='lat' dir='ltr'><strong>habent</strong></span> 
     </span>
    </p>
   </div>
   <div class='ocr_carea' id='block_1_117' title="bbox 2119 5232 3682 5304">
    <p class='ocr_par' dir='ltr' id='par_1_117' title="bbox 2119 5232 3682 5304">
     <span class='ocr_line' id='line_1_118' title="bbox 2119 5232 3682 5304; baseline 0.004 -25"><span class='ocrx_word' id='word_1_803' title='bbox 2119 5241 2307 5304; x_wconf 77' lang='lat' dir='ltr'><strong>Otttnes</strong></span> <span class='ocrx_word' id='word_1_804' title='bbox 2340 5235 2519 5304; x_wconf 50' lang='lat' dir='ltr'><strong>coitu.</strong></span> <span class='ocrx_word' id='word_1_805' title='bbox 2548 5245 2677 5281; x_wconf 86' lang='lat' dir='ltr'><strong>mss.</strong></span> <span class='ocrx_word' id='word_1_806' title='bbox 2714 5233 3018 5304; x_wconf 77' lang='lat' dir='ltr'><strong>Spcttccrus</strong></span> <span class='ocrx_word' id='word_1_807' title='bbox 3065 5233 3116 5285; x_wconf 84' lang='lat' dir='ltr'><strong>in</strong></span> <span class='ocrx_word' id='word_1_808' title='bbox 3173 5241 3358 5298; x_wconf 68' lang='lat' dir='ltr'><strong>textu,</strong></span> <span class='ocrx_word' id='word_1_809' title='bbox 3401 5232 3682 5304; x_wconf 80' lang='grc' dir='ltr'>αἰχμαλω-</span> 
     </span>
    </p>
   </div>
   <div class='ocr_carea' id='block_1_118' title="bbox 2117 5291 3494 5369">
    <p class='ocr_par' dir='ltr' id='par_1_118' title="bbox 2117 5291 3494 5369">
     <span class='ocr_line' id='line_1_119' title="bbox 2117 5291 3494 5369; baseline 0.006 -23"><span class='ocrx_word' id='word_1_810' title='bbox 2117 5296 2377 5350; x_wconf 79' lang='grc' dir='ltr'>τευόντων</span> <span class='ocrx_word' id='word_1_811' title='bbox 2411 5297 2521 5369; x_wconf 73' lang='grc' dir='ltr'><strong>[τὰ]</strong></span> <span class='ocrx_word' id='word_1_812' title='bbox 2550 5291 2893 5369; x_wconf 73' lang='grc' dir='ltr'>γυναικᾷρια.</span> <span class='ocrx_word' id='word_1_813' title='bbox 2928 5368 2941 5369; x_wconf 22' lang='grc' dir='ltr'><em>η</em></span> <span class='ocrx_word' id='word_1_814' title='bbox 3344 5291 3356 5298; x_wconf 64' lang='grc'><em>’</em></span> <span class='ocrx_word' id='word_1_815' title='bbox 3462 5291 3494 5302; x_wconf 46' lang='lat' dir='ltr'><strong>ﬂ</strong></span> 
     </span>
    </p>
   </div>
   <div class='ocr_carea' id='block_1_119' title="bbox 2191 5368 3682 5437">
    <p class='ocr_par' dir='ltr' id='par_1_119' title="bbox 2191 5368 3682 5437">
     <span class='ocr_line' id='line_1_120' title="bbox 2191 5368 3682 5437; baseline 0.004 -17"><span class='ocrx_word' id='word_1_816' title='bbox 2191 5368 2299 5437; x_wconf 82' lang='lat'><strong>(89)</strong></span> <span class='ocrx_word' id='word_1_817' title='bbox 2346 5368 2590 5433; x_wconf 74' lang='grc' dir='ltr'>Τόποὺς.</span> <span class='ocrx_word' id='word_1_818' title='bbox 2626 5368 2886 5422; x_wconf 77' lang='lat' dir='ltr'><strong>Videlicet</strong></span> <span class='ocrx_word' id='word_1_819' title='bbox 2919 5368 3143 5421; x_wconf 78' lang='lat' dir='ltr'><strong>Romam</strong></span> <span class='ocrx_word' id='word_1_820' title='bbox 3179 5370 3422 5435; x_wconf 59' lang='lat' dir='ltr'><strong>(Euseb,</strong></span> <span class='ocrx_word' id='word_1_821' title='bbox 3459 5371 3553 5426; x_wconf 88' lang='lat' dir='ltr'><strong>lib.</strong></span> <span class='ocrx_word' id='word_1_822' title='bbox 3593 5387 3643 5426; x_wconf 79' lang='lat' dir='ltr'><strong>Vl</strong></span> <span class='ocrx_word' id='word_1_823' title='bbox 3666 5410 3682 5436; x_wconf 84' lang='lat'><strong>,</strong></span> 
     </span>
    </p>
   </div>
   <div class='ocr_carea' id='block_1_120' title="bbox 2118 5437 3684 5513">
    <p class='ocr_par' dir='ltr' id='par_1_120' title="bbox 2118 5437 3684 5513">
     <span class='ocr_line' id='line_1_121' title="bbox 2118 5437 3684 5513; baseline 0 -24"><span class='ocrx_word' id='word_1_824' title='bbox 2118 5453 2236 5513; x_wconf 66' lang='lat' dir='ltr'><strong>cap.</strong></span> <span class='ocrx_word' id='word_1_825' title='bbox 2266 5438 2332 5513; x_wconf 51' lang='lat'><strong>133</strong></span> <span class='ocrx_word' id='word_1_826' title='bbox 2378 5438 2685 5513; x_wconf 67' lang='lat' dir='ltr'><strong>Ecclesiast.</strong></span> <span class='ocrx_word' id='word_1_827' title='bbox 2735 5437 2884 5510; x_wconf 71' lang='grc' dir='ltr'><strong>Ιιξδι.)</strong></span> <span class='ocrx_word' id='word_1_828' title='bbox 2906 5478 2920 5499; x_wconf 83' lang='grc'><strong>,</strong></span> <span class='ocrx_word' id='word_1_829' title='bbox 2953 5440 3253 5513; x_wconf 43' lang='lat' dir='ltr'><strong>Arabiam,</strong></span> <span class='ocrx_word' id='word_1_830' title='bbox 3286 5441 3594 5513; x_wconf 49' lang='grc' dir='ltr'><strong>ΔέΕω-ωυω</strong></span> <span class='ocrx_word' id='word_1_831' title='bbox 3628 5452 3684 5494; x_wconf 81' lang='lat' dir='ltr'><strong>et</strong></span> 
     </span>
    </p>
   </div>
   <div class='ocr_carea' id='block_1_121' title="bbox 2117 5506 3679 5579">
    <p class='ocr_par' dir='ltr' id='par_1_121' title="bbox 2117 5506 3679 5579">
     <span class='ocr_line' id='line_1_122' title="bbox 2117 5506 3679 5579; baseline 0.004 -20"><span class='ocrx_word' id='word_1_832' title='bbox 2117 5506 2459 5561; x_wconf 82' lang='lat' dir='ltr'><strong>Palaestinam</strong></span> <span class='ocrx_word' id='word_1_833' title='bbox 2516 5509 2631 5575; x_wconf 89' lang='lat' dir='ltr'><strong>(lib.</strong></span> <span class='ocrx_word' id='word_1_834' title='bbox 2661 5523 2744 5567; x_wconf 70' lang='lat' dir='ltr'><strong>rt.</strong></span> <span class='ocrx_word' id='word_1_835' title='bbox 2795 5506 2914 5579; x_wconf 69' lang='lat' dir='ltr'><strong>cap.</strong></span> <span class='ocrx_word' id='word_1_836' title='bbox 2946 5510 3029 5569; x_wconf 82' lang='lat' dir='ltr'><strong>l9,</strong></span> <span class='ocrx_word' id='word_1_837' title='bbox 3065 5506 3245 5579; x_wconf 61' lang='lat' dir='ltr'><strong>ibid).</strong></span> <span class='ocrx_word' id='word_1_838' title='bbox 3285 5506 3679 5571; x_wconf 48' lang='lat' dir='ltr'><strong>Vide&#39;adnota-</strong></span> 
     </span>
    </p>
   </div>
   <div class='ocr_carea' id='block_1_122' title="bbox 2115 5577 3186 5641">
    <p class='ocr_par' dir='ltr' id='par_1_122' title="bbox 2115 5577 3186 5641">
     <span class='ocr_line' id='line_1_123' title="bbox 2115 5577 3186 5641; baseline 0.003 -12"><span class='ocrx_word' id='word_1_839' title='bbox 2115 5580 2286 5631; x_wconf 81' lang='lat' dir='ltr'><strong>tiones</strong></span> <span class='ocrx_word' id='word_1_840' title='bbox 2314 5580 2378 5631; x_wconf 89' lang='lat' dir='ltr'><strong>ad</strong></span> <span class='ocrx_word' id='word_1_841' title='bbox 2405 5579 2496 5631; x_wconf 88' lang='lat' dir='ltr'><strong>lib.</strong></span> <span class='ocrx_word' id='word_1_842' title='bbox 2526 5593 2601 5641; x_wconf 84' lang='lat' dir='ltr'><strong>tv,</strong></span> <span class='ocrx_word' id='word_1_843' title='bbox 2638 5595 2784 5632; x_wconf 91' lang='lat' dir='ltr'><strong>num.</strong></span> <span class='ocrx_word' id='word_1_844' title='bbox 2807 5577 2896 5633; x_wconf 66' lang='lat' dir='ltr'><strong>4t.</strong></span> <span class='ocrx_word' id='word_1_845' title='bbox 2925 5579 3186 5633; x_wconf 73' lang='lat' dir='ltr'><strong>Sesuces.</strong></span> 
     </span>
    </p>
   </div>
  </div>
