3990 6158
320 291 480 347 1555

1541 289 1818 346 CONTRA
1851 287 2125 346 CELSUM
2162 289 2289 345 LIB.
2327 289 2408 346 Vl.

3452 284 3590 340 1554

316 410 812 481 ὲκκλησιαστικοῖς
870 410 1182 482 σφραγίδος,
1245 409 1422 479 ἑαυτῷ
1477 425 1596 463 τινα
1644 410 1904 464 ἐκτίθεται

2022 409 2254 478 ineptias
2307 409 2425 468 sibi
2472 400 2626 479 lingit
2688 414 2740 461 et
2803 401 3056 475 proponit
3108 404 3159 460 iu
3216 418 3421 458 morem
3472 407 3587 458 diar

316 497 604 555 ἀλλόκοτα
625 501 718 552 καὶ
738 501 1024 570 ἁμοιϐαίας
1045 498 1244 569 φωνάς’
1263 499 1338 560 ὡς
1363 519 1380 549 ι
1401 498 1495 552 τοῦ
1519 501 1616 570 μὲν
1634 501 1732 571 τὴν
1746 516 1916 570 σφρα-

313 589 455 657 γῖδα
483 591 855 662 περιτιθέντος
905 593 1243 663 καλουμένου
1273 592 1498 662 πατρός
1534 591 1626 643 τοῦ
1657 591 1713 643 δὲ
1747 608 1917 664 σφρα-

308 678 623 750 γιζομένου
665 682 954 752 λεγομένου
999 683 1118 736 νέου
1161 682 1256 736 καὶ
1294 681 1442 745 υἱοῦ,
1483 682 1576 735 καὶ
1623 683 1914 753 ἀποκρινο-

310 769 533 841 μένουο
557 773 861 846 Κέχρισμαι
882 773 1328 846 χρίσματιλευκῷ
1347 775 1408 827 ὲκ
1424 773 1578 840 ξύλου
1602 775 1744 844 ζωῆς
1763 775 1858 844 (·Ι)ο
1891 793 1908 825 ι

307 866 464 938 ὅπερ
496 869 609 922 οὐδ’
644 871 700 922 ὲν
730 871 842 931 τοῖς
878 868 987 920 ἀπὸ
1019 867 1127 920 τῶν
1171 868 1437 938 αἱρέσεων
1484 866 1797 938 ἠκούσαμεν
1831 868 1915 936 γίυ

307 958 578 1026 γνεσθαι.
611 955 745 1012 Εἶτα
780 958 875 1012 καὶ
907 957 1138 1030 ἀριθμὸν
1175 957 1343 1030 ὁρίζει
1381 958 1670 1028 λεγόμενον
1707 956 1783 1026 (2)
1810 955 1915 1008 ὑπὸ

307 1050 428 1102 τῶν
454 1050 859 1120 παραδιδόντων
879 1049 976 1122 τὴν
1000 1051 1268 1120 σφραγῖδα
1289 1049 1533 1118 ἀγγέλων
1557 1069 1575 1100 ι
1605 1047 1764 1110 ἑπτὰ,
1788 1049 1915 1100 ἐκα-

305 1139 569 1210 τέρωθεν
599 1144 666 1212 τῇ
700 1141 844 1211 ψυχῇ
889 1140 984 1193 τοῦ
1030 1141 1506 1210 ἀπαλλαττομένου
1552 1138 1800 1210 σώματος
1835 1140 1911 1206 (5)

307 1231 740 1302 ἐφισταμένων*
789 1230 898 1284 τῶν
943 1232 1040 1303 μὲν
1091 1231 1184 1284 τοῦ
1232 1231 1425 1300 φωτὸς,
1477 1232 1676 1301 ἑτέρων
1713 1230 1770 1281 δὲ
1806 1229 1912 1281 τῶν

306 1320 748 1393 ὀνομαζομένων
801 1323 1154 1395 ἀρχοντικῶν·
1213 1323 1307 1376 καὶ
1357 1321 1503 1390 λέγει
1549 1321 1640 1374 τὸν
1681 1321 1914 1392 ἄρχοντα

306 1411 428 1465 τῶν
466 1415 882 1484 ὀνομαζομένων
915 1414 1248 1484 ἀρχοντικῶν
1276 1413 1527 1482 λέγεσθαι
1571 1413 1702 1466 Θεὸν
1745 1431 1912 1484 κατη-

311 1505 590 1574 ραμένον.
629 1525 646 1555 ι
685 1501 797 1558 Εἶτ’
843 1505 1230 1575 ἐπιλαϐόμενος
1283 1506 1381 1576 τῆς
1434 1504 1630 1568 λέξεως
1675 1505 1912 1572 εύλόγως

311 1597 630 1665 κατηγορεῖ
670 1595 777 1648 τῶν
818 1594 975 1648 τοῦτο
1020 1594 1340 1666 τολμώντων
1398 1594 1594 1664 λέγειν.
1634 1594 1834 1651 Τούτου
1865 1595 1908 1647 δ’

309 1682 495 1737 ἕνεκα
549 1686 644 1737 καὶ.
693 1687 850 1755 ἡμεῖς
900 1684 1410 1755 συκιαγανακτοῦμεν
1459 1689 1570 1749 τοῖς
1627 1686 1911 1757 μεμφομέ-

2024 501 2128 572 logi
2177 503 2449 570 digestas,
2485 515 2620 570 quas
2669 517 2734 553 ne
2789 499 2994 552 audivit
3027 497 3242 567 quidem
3279 515 3292 551 :
3328 497 3586 552 nimirum

2029 611 2060 660 ιν
2088 595 2177 662 qui
2211 594 2446 662 sigillum
2477 593 2722 655 adhibet,
2756 606 2879 646 cum
2935 591 3114 644 vocari
3160 599 3367 660 patrem
3396 604 3413 656 ;
3460 595 3589 644 enm

2022 700 2152 738 vero
2201 686 2290 754 qui
2354 685 2530 754 sigillo
2585 694 2819 750 notatur,
2868 682 3140 752 junioretn
3187 691 3243 736 et
3289 681 3586 755 liliumlap-

2022 777 2244 846 pellari,
2301 777 2551 845 buncque
2600 775 2928 844 respondere
2980 792 2995 828 :
3041 772 3251 830 Unctus
3316 784 3436 826 sum
3475 786 3589 826 uno

2020 877 2224 936 gnento
2304 866 2428 920 albo
2484 883 2548 920 ex
2614 865 2758 932 ligno
2826 867 2996 930 vitae,
3069 885 3094 918 ,ι
3171 866 3313 935 quod
3387 879 3458 919 ne
3520 862 3590 916 ab

2021 957 2179 1028 651
2243 955 2515 1010 haereticis
2570 957 2795 1024 quidem
2845 957 3025 1010 audivi
3091 971 3324 1025 unquam
3381 954 3589 1009 doceri.

2024 1049 2226 1102 Deinde
2271 1061 2553 1100 nmnerum
2587 1045 2776 1100 definit
2805 1047 3142 1114 angelorum,
3175 1048 3244 1100 de
3284 1045 3480 1116 quibus
3509 1045 3589 1098 lo-

2023 1150 2262 1212 quttntur
2294 1140 2434 1210 iiqui
2469 1138 2688 1193 tradunt
2713 1139 2946 1208 sigillum
2975 1157 2989 1194 :
3021 1158 3039 1189 ι
3082 1139 3300 1209 Septem
3331 1153 3454 1194 esse
3481 1139 3586 1209 ait,

2021 1233 2112 1297 qui
2147 1232 2343 1284 animae
2373 1228 2620 1283 morituri
2660 1228 2906 1297 corporis
2952 1229 3208 1298 utrinque
3237 1229 3589 1295 astant;.ho-

2024 1340 2139 1377 rum
2176 1322 2308 1376 alios
2339 1322 2474 1375 lucis
2513 1320 2761 1390 angelos,
2797 1315 2932 1375 alios
2965 1320 3312 1374 archonticos
3339 1319 3586 1374 nomina—

2023 1413 2100 1465 ri:
2135 1413 2326 1464 borum
2367 1410 2660 1479 principem
2695 1409 2877 1463 vocari
2927 1409 3095 1464 Deum
3149 1408 3514 1465 maledictum.
3558 1428 3579 1461 ι
3618 1459 3620 1461 ,

2020 1503 2226 1568 Quibus
2259 1500 2475 1570 quidem
2507 1500 2741 1568 arreptis
2780 1499 2982 1563 Verbis,
3037 1499 3233 1553 merito
3267 1498 3496 1569 insurgit
3528 1499 3582 1552 in

2018 1609 2112 1650 eos
2137 1595 2228 1663 qui
2268 1591 2409 1647 istud
2435 1591 2680 1659 profrrre
2698 1590 2812 1644 ausi
2846 1598 2993 1644 sunt.
3019 1588 3084 1643 Et
3105 1603 3204 1644 nos
3220 1604 3434 1659 quoque
3461 1605 3582 1646 cum

2018 1686 2230 1740 illorum
2287 1682 2700 1738 accusatoribus
2737 1681 3122 1751 indignamur;
3168 1681 3210 1734 si
3261 1681 3355 1750 qui
3403 1690 3583 1736 tamen

309 1791 436 1838 νοις
471 1776 598 1837 τοὺς
628 1775 920 1838 τοιούτους,
965 1779 1011 1829 εἰ
1040 1777 1101 1848 δή
1137 1777 1280 1840 τινές
1319 1779 1424 1829 είσι
1478 1777 1723 1844 λέγοντες
1766 1777 1904 1832 Θεὸν

2015 1787 2137 1832 sunt
2199 1775 2290 1844 qui
2340 1774 2509 1829 Deum
2558 1772 2873 1827 .ludtcormn
2935 1769 3271 1826 maledictum
3337 1781 3581 1840 vocent;

309 1867 742 1936 κατηραμένον
796 1868 886 1921 τὸν
949 1869 1242 1931 Ἰουδαίων,
1277 1869 1367 1923 τὸν
1418 1868 1578 1922 ὕοντα
1612 1870 1706 1923 καὶ
1757 1869 1912 1941 βρον-

309 1959 526 2021 τῶντα,
599 1961 690 2012 καὶ
752 1959 906 2012 τοῦδε
963 1959 1057 2012 τοῦ
1126 1959 1332 2029 κόσμου
1389 1959 1749 2032 δημιουργὸν,
1815 1961 1910 2014 καὶ

308 2051 604 2113 Μωῦσέως
624 2052 717 2104 καὶ
742 2052 840 2121 τῆς
868 2051 986 2104 κατ’
1013 2051 1174 2104 αὑτὸν
1201 2052 1554 2122 κοσμοποιίας
1583 2052 1731 2104 Θεόν.
1772 2052 1908 2104 Ἀλλ’

310 2139 470 2193 ἔοικε
529 2141 884 2211 βεϐουλῆσθαί
945 2145 996 2194 τι
1048 2142 1134 2196 διὰ
1189 2141 1393 2196 τούτων
1459 2145 1486 2196 ὁ
1548 2143 1753 2207 Κέλσος
1811 2144 1910 2197 οὐκ

308 2229 628 2302 εὔγνωμον,
670 2232 784 2286 ἀλλ’
826 2233 932 2285 ἀπὸ
965 2230 1058 2285 τοῦ
1097 2232 1220 2286 καθ’
1267 2233 1422 2304 ἡμῶν
1452 2233 1778 2304 ἁφιλοσόφου
1823 2235 1910 2305 μί-
1949 2220 1959 2232 “

309 2338 450 2386 σους
513 2324 652 2376 πάνυ
707 2323 1206 2394 ἀγνωμονέστατον.
1274 2325 1576 2396 Ἑϐουλήθη
1625 2325 1732 2396 γὰρ
1784 2331 1910 2392 τοὺς

307 2413 587 2484 ἀπείρους
637 2414 744 2466 τῶν
791 2416 1104 2486 ἡμετέρων,
1147 2417 1466 2486 ἐντυχόντας
1511 2417 1676 2471 αὑτοῦ
1725 2419 1800 2488 (4)
1841 2421 1907 2490 τῇ

307 2507 531 2574 γραφῇ,
563 2505 877 2576 πολεμῶσαι
912 2509 1048 2578 πρὸς
1073 2511 1242 2578 ἡμᾶς,
1272 2510 1346 2571 ὡς
1370 2509 1502 2562 Θεὸν
1532 2511 1910 2582 κατηραμένον

307 2595 581 2664 λέγοντας
616 2598 707 2650 τὸν
755 2598 907 2650 τοῦδε
954 2600 1048 2652 τοῦ
1096 2601 1303 2670 κόσμου
1346 2603 1509 2655 καλὸν
1559 2603 1906 2675 δημιουργόν.

309 2689 432 2741 Καὶ
467 2689 614 2740 δοκεῖ
658 2707 745 2758 μοι
797 2692 1175 2764 παραπλήσιον
1218 2695 1487 2758 Ἰουδαίοις
1530 2699 1906 2766 πεποιηκέναι,

307 2782 432 2842 τοῖς
471 2780 611 2833 κατὰ
637 2781 749 2852 ’τὴν
799 2783 972 2854 ἀρχὴν
1017 2784 1117 2853 τῆς
1155 2784 1248 2837 τοῦ
1292 2787 1719 2857 Χριστιανισμοῦ
1769 2789 1910 2841 διδα-

310 2869 553 2932 σκαλίας
580 2872 1017 2926 κατασκεδάσασι
1044 2873 1120 2943 (5)
1148 2875 1459 2946 δυσφημίαν
1493 2875 1586 2929 τοῦ
1616 2878 1774 2946 λόγου
1794 2895 1806 2908 ο
1835 2879 1909 2941 ὡς

308 2961 428 3031 ἄρα
475 2961 880 3026 καταθύσαντες
922 2965 1135 3016 παιδίον
1189 2965 1694 3036 μεταλαμϐάνουσιν
1744 2968 1906 3021 αύτοῦ

2015 1867 2206 1933 Deum,
2238 1869 2485 1936 inquam,
2533 1865 2624 1935 qui
2661 1863 2818 1934 pluit,
2860 1865 2950 1934 qui
2999 1873 3171 1930 tonat,
3208 1863 3368 1934 hujus
3397 1866 3585 1919 mundi

2014 1960 2420 2021 fabricatorem,
2454 1955 2621 2010 Deum
2651 1955 2850 2026 Moysis
2883 1967 2937 2010 et
2981 1964 3259 2010 auctorem
3292 1954 3582 2011 creationis

2011 2067 2172 2120 quam
2201 2050 2415 2122 Moyses
2439 2047 2748 2116 descripsit.
2788 2045 2922 2100 Nam
2954 2061 3050 2115 per
3073 2045 3189 2101 inec
3218 2045 3405 2101 Celsus
3439 2046 3584 2101 ride-

2015 2156 2101 2198 tur
2137 2144 2189 2198 in
2221 2143 2402 2197 animo
2440 2142 2570 2210 quid
2601 2143 2855 2197 habuisse
2893 2139 3114 2192 minime
3146 2137 3456 2204 candidum,
3487 2139 3580 2191 sed

2013 2233 2496 2302 improbissimum,
2531 2226 2672 2302 quod
2724 2233 2823 2302 ipsi
2871 2231 3139 2302 suggessit
3181 2245 3337 2288 suum
3373 2229 3426 2283 in
3483 2246 3582 2284 uos

2012 2327 2326 2380 indecorum
2357 2325 2686 2396 philosopho
2709 2326 2915 2378 odimn.
2949 2323 3151 2392 Nempe
3179 2323 3349 2376 voluit
3383 2330 3441 2376 ut
3467 2323 3580 2391 qui-

2010 2421 2113 2475 bus
2139 2419 2306 2488 ignoti
2340 2432 2606 2483 essemus,
2658 2419 2722 2483 ii,
2760 2418 2906 2472 lecto
2937 2417 3055 2485 ejus
3079 2416 3216 2470 libro
3237 2455 3252 2480 ,
3285 2416 3442 2471 nobis
3465 2415 3582 2470 bel-

2013 2512 2120 2565 lum
2156 2513 2460 2566 indicerent
2492 2511 2647 2579 quasi
2682 2509 3026 2564 maledictum
3059 2507 3227 2561 Deum
3255 2507 3581 2577 appellanti-

2010 2607 2111 2659 bus
2140 2605 2460 2674 praeclarum
2489 2602 2645 2671 hujus
2677 2602 2862 2656 mundi
2896 2601 3260 2656 conditorem.
3292 2600 3410 2667 Qua
3443 2600 3495 2654 in
3521 2617 3582 2656 re

2011 2698 2204 2752 similis
2230 2697 2445 2751 videtur
2472 2710 2594 2749 esse
2622 2692 2844 2757 Iudaeis,
2869 2693 2983 2762 qui,
3020 2708 3141 2747 cum
3169 2694 3404 2760 primum
3431 2693 3584 2748 Chri-

2013 2789 2189 2842 stiana
2225 2789 2516 2844 doceretur
2539 2775 2778 2855 ‘religio,
2804 2785 3103 2838 calumnias
3135 2785 3396 2840 adversus
3428 2784 3579 2839 illam

2009 2881 2336 2949 Spargehant
2367 2898 2381 2933 :
2413 2879 2636 2932 mactari
2686 2893 2716 2931 a
2764 2877 3095 2931 Christianis
3143 2891 3416 2946 puerum,
3461 2877 3580 2945 ejus

2008 2951 2264 3022 carnibus
2299 2967 2444 3021 vesci
2480 2967 2622 3030 illos,
2662 2977 2716 3020 et
2749 2981 2913 3035 opera
2945 2965 3289 3020 tenebrarum
3318 2979 3582 3035 peragere

308 3051 424 3104 τῶν
464 3052 682 3123 σαρκῶν
717 3072 729 3084 ·
765 3055 860 3108 καὶ
900 3055 1081 3123 πάλιν,
1133 3057 1213 3110 ὅτι
1246 3059 1294 3110 οἱ
1327 3058 1436 3110 ἀπὸ
1475 3059 1569 3111 τοῦ
1615 3059 1795 3128 λόγου,
1841 3060 1904 3114 τὰ

2015 3059 2276 3126 volentes,
2321 3059 2610 3113 exstinctis
2637 3057 2955 3122 luminibus,
3008 3072 3135 3112 cum
3175 3057 3334 3112 obvia
3355 3071 3582 3127 quaque

307 3142 412 3196 τοῦ
462 3144 653 3197 σκότου
685 3146 945 3216 πράττειν
983 3147 1316 3218 βουλόμενοι,
1358 3148 1670 3202 σϐεννύουσι
1709 3150 1804 3220 μὲν
1842 3150 1902 3202 τὸ

312 3236 460 3304 φῶς,
486 3237 714 3300 ἕκαστος
739 3238 796 3290 δὲ
810 3241 874 3309 τῇ
898 3239 1206 3309 παρατυχού
1217 3255 1282 3312 σῃ
1310 3239 1580 3309 μίγνυται.
1608 3240 1764 3303 ’Ἡτις
1781 3241 1903 3292 δυσ-

313 3345 391 3397 φη
403 3326 502 3397 μία
544 3328 867 3398 παραλόγως
919 3330 1084 3382 πάλαι
1136 3331 1232 3400 μὲν
1271 3330 1535 3383 πλείστων
1566 3331 1703 3383 ὅσων
1737 3331 1900 3401 ἐκρά-

312 3437 423 3482 τει,
462 3417 721 3471 πείθουσα
752 3420 879 3482 τοὺς
908 3419 1220 3490 ἀλλοτρίους
1242 3421 1334 3473 τοῦ
1361 3421 1542 3489 λόγου,
1568 3422 1648 3473 ὃτι
1673 3421 1902 3474 τοιοῦτοί

311 3511 425 3563 εἰσι
460 3510 806 3580 Χριστιανοί’
846 3511 938 3564 καὶ
964 3510 1058 3564 νῦν
1089 3510 1145 3562 δὲ
1197 3511 1276 3563 ἔτι
1318 3513 1504 3582 ἀπατᾷ
1548 3529 1720 3574 τινας,
1764 3514 1898 3565 ἁπο-

309 3601 686 3673 τρεπομένους
706 3601 794 3655 διὰ
823 3601 891 3655 τὰ
917 3601 1138 3656 τοιαῦτα
1166 3601 1267 3654 κᾶν
1293 3603 1372 3660 είς
1399 3603 1680 3655 κοινωνίαν
1705 3603 1903 3656 ἁπλου-

313 3695 516 3766 στέραν
539 3694 713 3763 λόγων
745 3696 900 3764 ἥκειν
934 3695 1070 3766 πρὸς
1097 3695 1474 3766 Χριστιανούς.

387 3785 641 3839 Τοιοῦτόν
669 3804 720 3840 τι
756 3787 818 3858 δή
865 3804 952 3858 μοι
993 3787 1242 3854 φαίνεται
1283 3789 1310 3838 ὁ
1352 3787 1559 3850 Κέλσος
1610 3786 1902 3856 οἰκονομῶν

313 3876 629 3930 ἐκτίθεσθαι
666 3878 762 3949 (6),
804 3878 878 3941 ὡς
908 3879 1015 3948 ἄρα
1048 3880 1361 3950 Χριστιανοῖ
1403 3877 1618 3946 λέγουσι
1655 3895 1902 3950 κατηρα-

391 4061 490 4129 (Ι)
545 4060 873 4127 Κέχρισμαι
947 4061 1230 4128 χρίσματι
1293 4060 1490 4126 λευκῷ
1561 4063 1628 4114 ἐκ
1703 4064 1892 4128 ξύλου

312 4129 501 4198 ζωῆς.
541 4129 656 4201 lluc
689 4130 844 4201 valde
870 4134 1136 4201 pertinent
1163 4132 1267 4184 duo
1305 4132 1404 4184 loci
1443 4134 1596 4199 nugis
1629 4134 1890 4201 insignes.

315 4197 460 4254 alter
484 4216 512 4252 e
543 4199 679 4268 li_b.t
713 4197 978 4263 Recognit.
1007 4199 1294 4262 Clemcut.,
1320 4214 1441 4267 cap.
1466 4197 1555 4263 45,
1588 4217 1710 4268 pag.
1737 4197 1846 4255 ΜΟ
1875 4222 1885 4254 :

321 4289 342 4323 ι
373 4271 529 4336 Apud
563 4266 776 4320 Judmos
802 4268 1051 4322 Christus
1099 4266 1625 4322 communinomine
1662 4266 1757 4325 rex
1797 4289 1903 4339 ap-.

316 4340 574 4408 pellatur.
608 4339 779 4390 Causa
820 4345 998 4390 autem
1030 4339 1189 4404 IltljllS
1216 4339 1591 4404 appellationis
1621 4343 1736 4394 haec
1761 4351 1843 4393 est
1871 4357 1884 4393 :

317 4409 579 4479 quopiam
619 4408 856 4479 quidem,
888 4422 1010 4460 cum
1043 4417 1186 4462 esset
1231 4409 1400 4460 Filius
1442 4409 1532 4462 Dei
1575 4418 1628 4462 et
1673 4411 1886 4463 initium

317 4477 580 4538 ominum,
614 4479 773 4530 homo
802 4477 973 4547 factus
996 4487 1076 4530 est
1102 4496 1114 4530 :
1148 4479 1291 4531 hunc
1321 4479 1550 4547 primum
1582 4479 1744 4533 Pater
1773 4481 1891 4533 oleo

316 4549 591 4617 perunxit,
624 4549 767 4616 quod
809 4563 873 4600 ea:
910 4545 1050 4614 ligno
1097 4549 1214 4600 vita:
1258 4545 1432 4602 fuerat
1473 4559 1784 4616 sumptum;
1828 4565 1890 4603 ex

319 4620 415 4671 illo
477 4634 608 4683 ergo
671 4629 944 4684 unguento
979 4618 1246 4686 Christus
1303 4619 1680 4686 appellatur.»
1742 4619 1895 4672 Alter

321 4689 614 4757 apecryphi
657 4687 776 4740 libri
811 4688 898 4754 qui
945 4685 1221 4741 Nicodemi
1268 4685 1488 4741 nomine
1536 4689 1890 4751 inscribitur:

325 4777 343 4808 ι
376 4757 508 4810 Cum
539 4759 867 4827 antem_h:ec
899 4759 1138 4811 audisset
1181 4759 1548 4827 protoplastus
1589 4759 1758 4812 Adam
1800 4776 1895 4827 pa-

323 4837 425 4886 ter,
459 4828 583 4892 quia
617 4827 669 4878 in
714 4825 952 4882 Jordane
999 4825 1307 4894 baptizatus
1346 4837 1430 4881 est
1481 4826 1660 4891 Jesus,
1709 4825 1890 4882 excla-

322 4896 507 4967 Inavit
534 4898 600 4967 ad
647 4897 811 4949 lilium
855 4913 1010 4951 suum
1047 4897 1175 4952 Seth
1207 4919 1218 4952 :
1253 4899 1462 4951 Enarra
1503 4899 1626 4952 liliis
1666 4901 1769 4952 luis
1799 4915 1894 4967 pa-

320 4965 580 5035 triarchis
621 4976 674 5018 et
716 4968 994 5035 pr0phctis
1025 4969 1204 5020 omnia
1251 4983 1588 5035 qumcunque
1625 4965 1820 5030 audisti
1861 4986 1888 5020 a

319 5032 586 5106 Michaele
612 5032 962 5106 archangclo,
994 5037 1209 5103 quando
1235 5032 1285 5089 te
1313 5032 1586 5091 transmisi
1615 5039 1680 5090 ad
1709 5047 1890 5106 portas

319 5103 584 5172 paradisi,
614 5113 671 5156 ut
718 5105 1092 5171 deprecareris
1135 5107 1320 5165 Deum,
1361 5117 1417 5160 et
1461 5103 1893 5173 lingeret—caput

327 5188 506 5225 meum
541 5189 661 5226 cum
711 5188 884 5227 essent
928 5176 1192 5229 inlirmus.
1237 5175 1389 5230 Tunc
1426 5174 1554 5229 Seth
1598 5179 1890 5243 appropin-

323 5255 501 5314 quans
543 5245 749 5297 sanctis
783 5245 1105 5310 patriai-rhis
1144 5256 1198 5295 et
1240 5246 1536 5314 prophetis,
1576 5247 1749 5299 dixit:
1785 5247 1893 5314 Ego

326 5312 484 5384 Selii,
517 5327 638 5365 cum
677 5331 849 5384 essem
887 5330 1049 5384 orans
1081 5312 1371 5384 Dominum
1403 5316 1469 5366 ad
1515 5325 1699 5384 portas
1737 5312 1895 5384 para-

325 5382 451 5442 disi,
503 5397 630 5436 ecce
684 5383 907 5446 angelus
941 5383 1148 5434 Domini
1202 5383 1427 5436 Michael
1465 5382 1893 5450 apparuit'ntihi

322 5451 548 5505 dicens:
583 5453 691 5520 Ego
725 5459 919 5505 missus
949 5468 1066 5502 sunt
1098 5453 1162 5503 ad
1202 5464 1251 5504 te
1283 5470 1310 5504 ιι
1352 5453 1597 5512 Domino,
1640 5470 1738 5513 ego
1774 5471 1892 5507 sum

322 5523 652 5575 Constitulus
711 5538 876 5587 super
926 5537 1121 5586 corpus
1188 5524 1504 5574 hunmnu-m.
1562 5522 1679 5575 Tibi
1739 5526 1890 5587 dico,

323 5592 482 5653 Seth,
526 5592 632 5663 noli
680 5593 729 5644 in
779 5592 1034 5661 lacrymis
1073 5593 1233 5663 Deum
1284 5607 1466 5655 orare,
1509 5604 1563 5644 et
1613 5595 1892 5663 deprecari

323 5670 542 5728 propter
577 5661 757 5716 olctttn
792 5661 1175 5732 misericordite
1211 5663 1364 5729 ligni,
1394 5670 1453 5714 ut
1491 5661 1760 5732 perttngas
1798 5681 1891 5732 pa-
1946 5703 1950 5707 .

326 5740 463 5782 trem
494 5740 639 5785 tuum
663 5734 833 5786 Adam
869 5748 966 5799 pro
991 5731 1178 5786 dolore
1207 5733 1398 5801 capitis
1430 5732 1566 5800 ejus,
1601 5731 1724 5802 quia
1750 5731 1898 5803 nullo
1946 5803 1952 5807 _

2011 3150 2254 3219 singulos
2283 3148 2649 3203 commisceri.
2689 3148 2818 3214 Quae
2849 3148 3147 3212 calumnia,
3187 3157 3322 3202 utut
3347 3149 3580 3204 absurda

2009 3249 2112 3304 est,
2150 3240 2376 3293 multum
2401 3239 2528 3293 olim
2556 3241 2695 3309 apud
2729 3237 3026 3308 permultos
3045 3237 3234 3301 valuit,
3261 3252 3399 3307 quos
3427 3253 3459 3291 a
3485 3253 3584 3293 no-

2009 3341 2120 3384 stra
2155 3329 2415 3400 religione
2438 3329 2645 3385 alienos
2672 3339 3020 3399 persuaserat
3045 3330 3158 3383 haec
3196 3344 3223 3382 a
3253 3328 3581 3383 Christianis

2010 3423 2334 3490 perpetrari.
2381 3421 2494 3476 lmo
2546 3423 2845 3475 etiamnum
2900 3421 3164 3490 quosdam
3206 3421 3430 3488 decipit,
3487 3422 3578 3489 qui

2010 3514 2215 3566 idcirco
2250 3515 2322 3566 ita
2350 3513 2695 3567 Christianos
2753 3521 3100 3575 aversantur,
3124 3521 3182 3565 ut
3211 3527 3332 3566 cum
3365 3511 3471 3566 illis
3495 3511 3580 3568 vel

2009 3605 2241 3673 simplex
2266 3604 2596 3673 colloquium
2627 3604 2827 3658 habere
2857 3601 3150 3672 refugiant.

2077 3785 2169 3842 9.3.
2198 3783 2328 3838 Tale
2361 3783 2486 3852 quid
2512 3784 2729 3838 videtur
2763 3784 2891 3838 mihi
2916 3785 3186 3854 cogitasse
3219 3785 3428 3854 Celsus,
3449 3798 3577 3842 cont

2012 3879 2323 3931 (It-calorem
2364 3873 2562 3928 asserit
2590 3888 2619 3926 a
2645 3872 2973 3929 Christianis
3007 3873 3352 3929 maledictum
3406 3877 3576 3932 Deum

2001 4062 2160 4117 modo
2208 4060 2409 4130 poteris
2456 4076 2523 4114 ex
2569 4075 2632 4114 eo
2684 4061 2964 4130 accipere,
3015 4063 3121 4116 nisi
3169 4062 3220 4116 in
3260 4061 3576 4119 novissimis

2001 4133 2192 4186 diebus
2216 4141 2270 4184 et
2302 4131 2655 4199 temporibus,
2700 4131 2800 4183 nisi
2837 4132 3052 4200 quando
3087 4131 3337 4200 completi
3375 4132 3578 4187 fuerint

1999 4203 2238 4269 quinque
2266 4200 2524 4270 milliaet
2547 4200 2825 4266 quingenti
2856 4201 3022 4255 anni:
3053 4210 3182 4254 tunc
3204 4201 3386 4254 veniet
3415 4217 3578 4270 super

1999 4281 2199 4324 terram
2251 4269 2657 4322 amantissimus
2695 4271 2785 4322 Dei
2833 4270 3004 4324 Filius
3045 4270 3298 4324 Christus
3338 4269 3573 4325 resusci-

1998 4351 2112 4394 tare
2147 4354 2344 4405 corpus
2392 4339 2690 4391 lnnnanmn
2728 4337 2878 4402 Adae,
2911 4350 2965 4392 et
2997 4339 3432 4394 conresuscitare
3461 4355 3582 4393 cor-

1996 4425 2142 4479 pora
2170 4417 2502 4479 lllOl'lllOl‘ll_l_tl
2534 4426 2546 4460 ε
2579 4416 2632 4460 el.
2663 4407 2775 4472 ipse
2810 4409 3036 4479 veniens
3066 4407 3122 4479 in
3155 4406 3409 4479 Jordanis
3436 4425 3586 4479 aqua.

2001 4475 2391 4548 baptizabitur.
2435 4475 2508 4548 Et
2531 4493 2652 4529 cum
2681 4489 2958 4548 egressus
2990 4477 3157 4532 fuerit
3183 4477 3249 4530 de
3280 4492 3421 4548 aqua
3451 4475 3577 4534 Jon-

1997 4545 2174 4611 danis,
2209 4557 2337 4599 tunc
2364 4547 2428 4599 de
2459 4546 2581 4599 oleo
2624 4545 3014 4601 misericordim
3059 4563 3173 4601 sua:
3207 4545 3372 4615 unget
3408 4563 3473 4602 ex
3511 4563 3578 4604 eo

1995 4634 2186 4672 omnes
2213 4617 2500 4669 credentes
2533 4616 2584 4667 in
2617 4630 2695 4680 se,
2732 4625 2786 4668 et
2832 4618 2938 4670 erit
2971 4617 3147 4671 oleum
3183 4617 3576 4673 misericordiae

1995 4703 2104 4740 sua:
2150 4688 2201 4740 in
2253 4686 2724 4753 regenerationem
2764 4700 2950 4739 eorum
2993 4687 3084 4756 qui
3133 4687 3395 4742 nascituri
3447 4697 3578 4742 sunt

1993 4773 2056 4809 ex
2087 4772 2224 4824 aqua
2259 4767 2314 4808 et
2346 4756 2548 4822 Spiritu
2580 4765 2767 4809 sancto
2796 4757 2847 4808 in
2893 4757 3058 4808 vitam
3094 4765 3382 4810 aeternam.
3423 4757 3577 4812 Tunc

1995 4827 2331 4881 descendens
2362 4825 2413 4876 in
2453 4833 2629 4878 terras
2659 4827 3066 4880 amantissimus
3093 4826 3185 4878 Dei
3215 4825 3389 4881 Filius
3413 4828 3574 4883 Citri-

1994 4908 2110 4949 stus
2137 4893 2640 4967 .lesusiutroducet
2675 4905 2884 4967 patrem
2915 4905 3164 4967 nostrum
3194 4895 3366 4952 Adam
3400 4898 3452 4952 in
3481 4913 3576 4967 pa-

1997 4967 2233 5019 radisum
2261 4965 2325 5015 ad
2358 4965 2609 5018 arborem
2643 4966 3060 5019 misericordize.
3088 4983 3106 5016 ι

2068 5037 2144 5100 (2)
2175 5033 2744 5106 ΛεγόμενονζΜιιιιει
2774 5035 3108 5106 Boberellus,
3142 5035 3472 5106 λεγομένων.

2069 5106 2142 5173 (Fr;
2185 5104 2479 5171 Σώματος.
2510 5105 2602 5167 Τὸ,
2637 5103 2904 5174 σώματος,
2937 5104 3131 5160 Guieto
3159 5103 3472 5174 su’specttuu
3496 5107 3574 5160 vi-

1996 5175 2176 5240 detur,
2209 5184 2263 5226 et
2299 5175 2532 5228 fortasse
2561 5175 2868 5228 delendum.

2068 5245 2143 5313 (ί)
2174 5241 2390 5297 Αὐτοῦ.
2425 5242 2589 5313 liccle
2611 5248 2732 5313 Adoo
2759 5245 2973 5312 Anglic.
3005 5253 3058 5296 et
3085 5242 3379 5313 Basileeus.
3415 5244 3574 5299 Lihlt.

1998 5311 2124 5367 vero
2155 5315 2306 5375 editi,
2337 5312 2505 5379 αὐτῷ.
2533 5311 2680 5366 infra
2714 5311 3052 5366 idcnrcodex
3091 5312 3256 5367 Basil.
3283 5324 3337 5366 et
3361 5315 3573 5379 Anglic.

1997 5384 2220 5451 primu-1,
2253 5367 2394 5434 κάτά
2421 5367 2515 5453 τὴν
2551 5383 2724 5453 ἀρχὴν
2751 5385 2846 5453 τῆς
2872 5381 2987 5444 τοῦ,
3019 5389 3123 5432 etc.
3168 5382 3224 5436 In
3252 5384 3385 5438 libb.
3416 5367 3578 5443 Qiiilis

1996 5458 2166 5512 deest,
2209 5454 2325 5522 τῆς.

2066 5521 2510 5596 (5)1Ilmschelius
2555 5522 2607 5596 in
2643 5532 2835 5596 textu,
2863 5521 3282 5596 xargazeaas‘et.
3317 5521 3454 5578 Vide
3483 5522 3576 5574 ad-

1995 5591 2329 5647 noiationem
2367 5594 2657 5646 secundam
2691 5591 2754 5643 ad
2787 5593 2878 5645 lib.
2915 5591 3156 5644 tContra
3189 5591 3421 5645 Celsum.

2065 5664 2141 5736 (ti)
2186 5661 2682 5736 Ἐκτίθειζθαιιιιιι
2709 5662 2871 5736 codd.
2907 5662 3108 5732 ltegius
3139 5672 3194 5718 et
3228 5661 3569 5718 Basilccusis.

1994 5729 2148 5789 Liba.
2177 5743 2356 5786 autem
2391 5731 2546 5795 editi,
2577 5729 2945 5786 ExteOaisliatt.
