3990 6158
440 242 450 277 :
484 222 621 281 1547

1934 228 2256 286 ORIGENlS

3600 238 3762 293 1548

482 342 787 415 Scripturis
832 359 958 402 eum
1002 361 1164 418 quem
1210 346 1423 401 llehrzei
1468 354 1664 402 vocant
1704 344 1811 403 Jao.
1844 351 1928 404 vel
1978 347 2028 402 J:

2138 407 2141 413 _
2169 347 2590 419 ὀνομαζόμενον,
2625 350 2720 404 καὶ
2751 350 2842 403 τὸν
2877 347 3130 413 Σαϐαὼθ,
3175 349 3269 403 καὶ
3300 346 3391 403 τὸν
3436 350 3763 426 ’Δδωναῖον,

478 439 625 494 sicut
668 448 725 494 et
757 440 1022 504 Sabaoth,
1064 451 1118 495 et
1157 442 1477 505 Adonmum,
1515 453 1569 496 et
1600 441 1898 510 Ailozeum;
1934 460 2055 513 (ιιιαξ

478 533 696 598 quidem
729 532 945 585 nomina
972 545 1002 583 ο
1030 530 1332 600 Scripturis
1360 531 1522 603 657
1544 534 1701 587 ducta
1733 543 1859 587 sunt
1894 535 2052 589 unius

483 633 648 691 atque
677 623 913 690 ejusdem
944 623 1060 676 Dei.
1084 623 1189 676 Sed
1210 624 1282 676 illi
1313 623 1405 678 Dei
1433 626 1638 690 hostes,
1664 642 1788 679 cum
1816 627 1918 681 hoc
1945 642 2049 681 non

475 712 860 783 intelligerent,
891 723 950 767 ut
982 715 1083 783 ipsi
1114 714 1256 769 ultro
1287 715 1652 779 conﬁtentur,
1700 717 1864 770 alium
1908 718 2052 786 judi-

474 814 668 857 carunt
703 819 824 859 esse
853 804 974 870 Jao,
1009 805 1178 858 alium
1236 804 1493 871 Sabaoth,
1528 816 1584 861 et
1624 808 1921 862 Adonaeum
1969 809 2052 862 di-

471 909 687 949 versum
715 911 834 950 esse
865 897 934 951 ab
957 897 1048 950 illo
1091 912 1251 967 quem
1285 898 1584 968 Scriptura:
1617 898 1829 953 Adonai
1867 899 2050 968 appel-

470 987 615 1053 lant;
660 988 926 1042 [Eloaeum
960 989 1125 1042 etiam
1180 988 1343 1041 alium
1373 991 1440 1043 ab
1480 988 1568 1043 illo
1596 1004 1740 1055 esse,
1786 991 1876 1059 qui
1940 990 2047 1045 lle—

468 1076 655 1132 braice
681 1094 709 1130 a
738 1080 1018 1148 prophetis
1045 1079 1160 1133 Elei
1190 1081 1522 1133 nominatur.

538 1170 627 1225 55.
664 1169 776 1225 Sub
809 1173 922 1226 inec
949 1172 1086 1225 alias
1114 1171 1307 1227 Celsus
1336 1181 1524 1227 narrat
1553 1171 1791 1237 fabulas,
1830 1192 1849 1224 ι
1881 1189 2047 1243 quos-

466 1263 590 1315 dam
616 1277 757 1324 esse,
786 1265 877 1331 qui
906 1279 963 1317 se
988 1265 1041 1316 in
1069 1262 1346 1318 daemones
1373 1265 1492 1319 illos
1517 1264 1929 1329 lrarnsforniettt,
1972 1267 2044 1319 ita

466 1362 528 1407 ut
555 1354 645 1407 alii
681 1354 891 1421 leones,
923 1355 1012 1408 alii
1049 1358 1214 1421 tauri,
1253 1356 1343 1410 alii
1380 1357 1663 1418 dracones,
1701 1368 1796 1410 aut
1829 1357 2041 1426 aquilze,

464 1456 560 1499 aut
586 1447 723 1507 ursi,
754 1456 848 1500 aut
891 1462 1054 1501 canes
1085 1448 1447 1517 appellentur.
1487 1467 1506 1500 ι
1545 1447 1731 1501 Inveni
1770 1449 1823 1502 in
1856 1448 2042 1503 eodem

462 1535 855 1604 diagrammate
900 1546 956 1591 ct
1000 1537 1230 1606 ﬁguram
1284 1539 1430 1591 illam
1473 1553 1642 1606 quam
1663 1538 1852 1593 Celsus
1886 1551 2045 1594 vocat

459 1627 915 1694 quadrangulum,
954 1636 1009 1683 et
1054 1629 1104 1682 id
1136 1630 1285 1698 quod
1324 1630 1508 1683 miseri
1564 1629 1643 1683 illi
1700 1639 1952 1683 statuunt
1978 1634 2043 1685 de

2160 440 2253 492 καὶ
2284 440 2376 493 τὸν
2420 440 2668 494 Ἐλωαῖον
2689 458 2702 470 ·
2738 441 2806 494 τὰ
2835 441 2892 494 δὲ
2924 441 3032 494 ἀπὸ
3062 442 3170 494 τῶν
3204 441 3438 514 Γραφῶν
3470 441 3763 514 ληφθέντα

2159 530 2396 601 ὀνόματα
2422 531 2685 602 ἐπώνυμα
2715 534 2830 585 ἐστι
2855 532 2948 585 τοῦ
2975 532 3139 586 αὑτοῦ
3171 533 3281 605 (42)
3308 535 3404 587 καὶ
3433 533 3553 596 ἐνὸς
3576 533 3759 588 Θεοῦο

2157 623 2295 694 ὅπερ
2330 623 2404 695 μὴ
2441 624 2708 688 συνιέντες
2742 627 2789 677 οἱ
2812 624 2994 697 ἐχθροὶ
3026 624 3165 695 Θεῷ,
3192 625 3268 688 ὡς
3302 627 3397 679 καὶ
3430 626 3586 679 αὐτοὶ
3615 629 3763 696 ὁμο-

2156 715 2423 784 λογοῦσιν,
2457 717 2713 788 ᾠήθησαν
2747 716 2906 770 ἄλλον
2940 716 3036 786 μὲν
3060 712 3198 769 εἶναι
3239 717 3329 770 τὸν
3373 716 3516 782 Ἰαὼ,
3554 717 3760 789 ἕτερον

2155 807 2211 860 δὲ
2241 809 2329 860 τὸν
2369 808 2617 874 Σαϐαὼθ,
2658 810 2750 861 καὶ
2783 808 2962 878 τρίτον
3004 807 3157 878 παρὰ
3205 807 3391 862 τοῦτον
3424 808 3516 861 τὸν
3569 810 3752 863 Ἀδω-

2155 902 2322 962 ναῖον,
2352 899 2411 951 ὃν
2441 899 2688 967 λέγουσιν
2724 902 2781 953 αί
2807 901 3018 973 Γραφαὶ
3054 897 3298 963 Ἀδωναῒ,
3334 899 3429 951 καὶ
3466 899 3624 953 ἄλλον
3650 899 3753 953 τὸν

2167 991 2444 1055 Ἐλωαῖον,
2498 991 2557 1044 ὃν
2610 993 2659 1044 οἱ
2711 993 2988 1063 προφῆται
3021 990 3395 1062 ὀνομάζουσιν
3461 989 3754 1060 Ἐϐραϊστὶ

2166 1084 2323 1136 mon
2359 1083 2493 1154 (45).
3560 1106 3563 1107 ~

2226 1172 2339 1228 Εἶθ’
2408 1175 2535 1245 ἑξῆς
2581 1172 2772 1236 ἄλλους
2833 1171 3035 1242 μύθους
3086 1173 3114 1224 ὁ
3182 1170 3389 1234 Κέλσος
3442 1168 3747 1233 ἐκτίθεται,

2152 1267 2227 1331 ὥς
2272 1287 2291 1318 ι
2331 1284 2491 1322 τινων
2537 1268 2617 1329 εἰς
2658 1264 2756 1328 τὰς
2805 1262 3135 1336 ἀρχοντικὰς
3185 1261 3398 1334 μορφὰς
3437 1263 3743 1331 ἐπανερχο-

2155 1359 2352 1430 μένων,
2386 1358 2526 1411 ὥστε
2555 1355 2709 1420 τινὰς
2754 1356 2851 1426 μὲν
2897 1354 3177 1408 καλεῖσθαι
3217 1353 3331 1425 (44)
3364 1352 3608 1415 λέοντας,
3637 1352 3711 1403 ἄλ

2150 1448 2274 1510 λους
2303 1446 2357 1500 δὲ
2385 1447 2636 1517 ταύρους,
2676 1446 2768 1499 καὶ
2805 1444 2997 1507 ἄλλους
3039 1443 3339 1511 δράκοντας
3388 1440 3522 1513 (45),
3566 1440 3601 1510 ἢ
3642 1441 3743 1493 ἀε-

2148 1540 2296 1601 τοὺς,
2329 1538 2360 1609 ἢ
2399 1538 2652 1608 ἄρκτους,
2699 1537 2732 1607 ἢ
2762 1535 2951 1599 κύνας.
2989 1555 3007 1587 ι
3046 1534 3292 1607 Εὗρομεν
3328 1533 3385 1586 δὲ
3418 1535 3476 1586 ἐν
3517 1526 3562 1599 ᾧ
3596 1532 3743 1601 εἶχο-

2153 1649 2250 1703 μεν
2281 1631 2660 1702 διαγράμματι
2700 1630 2793 1683 καὶ
2816 1629 2844 1682 ὃ
2867 1628 3118 1699 ὠνόμασε
3150 1627 3359 1691 Κέλσος
3386 1627 3736 1698 τετράγωνον

459 1719 635 1786 portis
671 1719 926 1787 paradisi.
958 1719 1272 1775 Flammeus
1296 1720 1493 1774 ibidem
1520 1720 1842 1792 pingebatur
1868 1724 2028 1786 ensis.

2143 1725 2348 1795 σχῆμα,
2384 1724 2479 1776 καὶ
2508 1722 2569 1775 τὸ
2610 1723 2700 1774 ἐπὶ
2727 1722 2835 1775 τῶν
2874 1720 2967 1772 τοῦ
2999 1719 3325 1791 παραδείσου
3359 1717 3545 1770 πυλῶν
3576 1717 3734 1787 λεγόι

457 1810 651 1865 eirculi
677 1811 818 1881 ignei
849 1812 1136 1877 diameter,
1174 1821 1435 1882 tanquam
1475 1813 1740 1867 excubias
1772 1828 1937 1883 agens
1969 1815 2039 1867 ad

456 1901 702 1955 scientia:
734 1901 932 1970 lignum
954 1909 1009 1956 et
1042 1903 1185 1956 vitae.
1219 1902 1489 1958 Caeterum
1526 1902 1715 1958 Celsus
1743 1912 1837 1956 aut
1870 1902 2041 1957 noluit

455 2000 551 2045 aut
576 2008 678 2046 non
704 1995 875 2062 potuit
899 2002 1086 2062 preces
1112 1994 1340 2059 referre,
1356 2009 1493 2065 quas
1509 1995 1575 2047 ad
1596 1994 1836 2064 singulas
1859 2001 2042 2063 portas

454 2082 701 2140 fabulosa
741 2085 1029 2153 impiorum
1080 2085 1298 2140 illorum
1327 2086 1574 2140 doctrina
1605 2085 1756 2139 fundi
1783 2084 1937 2151 jubet
1972 2085 2041 2138 ab

2149 1831 2307 1887 μενον
2341 1813 2447 1867 ὑπὸ
2477 1812 2586 1867 τῶν
2616 1812 2813 1866 ἀθλίων
2863 1811 3085 1864 ἐκείνων
3131 1809 3264 1881 (46).
3324 1809 3733 1881 Ἐζωγραφείτο

2145 1909 2203 1964 δὲ
2230 1909 2306 1973 ὡς
2338 1910 2625 1981 διάμετρος
2669 1906 2869 1960 κύκλου
2897 1905 3045 1968 τινὸς
3075 1903 3388 1974 πυροειδοῦς
3419 1905 3452 1975 ἡ
3504 1904 3731 1975 φλογίνη

2149 2001 2428 2072 ῥομφαία,
2479 2001 2554 2064 ὼς
2602 1998 3041 2068 δορυφορουμένη
3083 1996 3162 2066 τῷ
3207 2013 3268 2048 τε
3319 1996 3420 2066 τῆς
3475 1995 3732 2064 γνώσεως

2148 2094 2288 2163 ξύλῳ
2317 2094 2412 2146 καὶ
2442 2092 2542 2162 τῆς
2571 2091 2733 2162 ζωῆς.
2779 2091 2838 2142 '0
2876 2088 2974 2159 μὲν
3008 2085 3100 2141 οὖν
3130 2087 3334 2151 Κέλσος
3366 2089 3466 2140 οὐκ
3494 2087 3730 2159 ἠθέλησε

454 2174 525 2230 iis
538 2176 627 2244 qui
647 2177 765 2230 illas
782 2177 999 2232 adeunt.
1022 2177 1131 2232 Nos
1150 2192 1277 2231 vero
1299 2178 1349 2231 id
1375 2177 1622 2242 fecimus,
1645 2186 1704 2229 ut
1723 2176 1882 2231 Celso
1901 2174 2028 2243 ejus'

2143 2178 2243 2243 τὰς
2284 2177 2642 2249 δημηγορίας,
2676 2178 2709 2247 ἢ
2741 2175 2841 2229 οὑκ
2891 2174 3120 2246 ἐδυνήθη
3170 2174 3450 2237 ἐκθέσθαι,
3499 2176 3567 2239 ἃς
3605 2176 3729 2230 καθ’

451 2283 560 2337 que
606 2269 899 2324 lectoribus
942 2271 1170 2324 evidens
1218 2270 1394 2334 ﬁeret,
1426 2269 1580 2325 nobis
1603 2269 1818 2338 penitus
1860 2268 2045 2338 explo-

452 2366 631 2414 ratum
662 2376 783 2416 esse
825 2361 1040 2417 scelesti
1070 2362 1214 2416 illius
1246 2361 1488 2430 mysterii
1523 2360 1706 2425 linem,
1735 2371 1988 2429 tanquam
2014 2375 2045 2414 a

450 2449 888 2507 Christianorum
915 2468 1042 2521 erga
1069 2453 1233 2506 Deum
1270 2452 1471 2521 pietate
1501 2452 1953 2508 remotissimum.

2143 2271 2378 2347 ἑκάστην
2408 2270 2581 2339 πύλην
2611 2270 2752 2323 κατὰ
2779 2270 2905 2332 τοὺς
2938 2267 3046 2321 τῶν
3084 2266 3297 2320 ἀσεϐῶν
3330 2267 3533 2337 μύθους
3571 2268 3728 2340 ἐροῦ-

2145 2379 2227 2415 σιν
2269 2364 2320 2416 οἱ
2359 2362 2585 2424 διιόντες
2624 2361 2827 2423 αὐτάς·
2880 2362 3041 2431 ἡμεῖς
3070 2359 3126 2411 δὲ
3157 2358 3253 2411 καὶ
3289 2357 3450 2411 τοῦτο
3491 2361 3724 2429 πεποιή-

2141 2467 2337 2521 καμεν,
2371 2451 2458 2504 ἵνα
2477 2449 2539 2503 τὸ
2559 2449 2659 2519 τῆς
2689 2448 2976 2501 ἁτελέστου
3006 2447 3229 2517 τελετῆς
3263 2447 3437 2519 πέρας
3464 2446 3711 2519 δείξωμει

446 2543 529 2615 τῷ
562 2545 773 2617 Κέλσῳ,
817 2547 911 2600 καὶ
968 2549 1080 2610 τοῖς
1121 2546 1504 2617 ἐντυγχάνουσι
1545 2549 1610 2619 τῇ
1644 2549 1855 2620 γραφῇ,
1918 2545 2217 2617 ἐγνωκέναι
2237 2547 2313 2611 ὡς
2351 2545 2602 2618 ἀλλότρια
2647 2543 2758 2617 (47)
2811 2543 2912 2615 τῆς
2942 2542 3280 2615 Χριστιανῶν
3320 2544 3449 2615 περὶ
3480 2543 3543 2597 τὸ
3567 2543 3715 2597 Θεῑοίι

454 2636 757 2702 εὐσεϐείας.

520 2730 610 2783 ⁸54.
648 2730 741 2785 llis
763 2731 1049 2798 absolutis,
1080 2747 1199 2803 quae
1224 2734 1380 2789 nobis
1405 2734 1560 2805 plura
1591 2735 1823 2790 addendi
1851 2736 2025 2791 locum
2055 2761 2097 2819 ο

448 2820 827 2886 dederunt,ita
856 2823 1053 2899 Celsus
1088 2826 1473 2895 prosequitur:
1508 2845 1527 2880 ι
1565 2826 1658 2881 lsti
1695 2837 1875 2881 autem
1909 2826 2028 2881 aliis

446 2911 557 2965 alia
600 2912 829 2974 addunt,
878 2914 1266 2983 prophetarum
1304 2917 1487 2985 dicta,
1534 2918 1771 2973 circulos
1806 2918 2030 2973 circulis

448 3002 709 3069 inclusos,
750 3005 897 3058 rivos
946 3004 1206 3060 Ecclesiae
1243 3010 1520 3063 terrestris
1563 3016 1617 3061 et
1651 3009 2028 3063 circumcisio-

445 3094 556 3158 nis,
595 3095 851 3148 virtutem
900 3112 964 3149 ex
997 3098 1232 3165 quadam
1268 3098 1510 3154 Prunico
1554 3099 1764 3169 virgine
1802 3115 2028 3154 manan-

448 3193 585 3249 tem,
613 3183 886 3238 virentem
919 3188 1181 3252 animam,
1228 3186 1427 3241 coelum
1487 3197 1544 3241 ut
1579 3188 1726 3243 vivat
1757 3190 2022 3256 occisum,

444 3276 682 3329 occisam
716 3285 916 3329 etense
952 3286 1178 3342 terram,
1210 3286 1474 3332 mactatos
1499 3288 1560 3333 ut
1588 3280 1775 3334 vivant
1803 3282 2021 3351 multos,

443 3365 736 3422 tollendam
768 3381 800 3420 e
834 3367 1033 3421 mundo
1073 3376 1307 3422 mortem
1360 3369 1449 3423 ubi
1498 3380 1784 3436 peccatum
1835 3374 2022 3428 mundi

445 3468 719 3513 mortuum
748 3458 934 3525 fuerit,
966 3475 1162 3516 novum
1190 3475 1286 3531 per
1331 3474 1561 3532 angusta
1593 3465 1940 3530 descensura,
1968 3476 2025 3520 et

443 3560 628 3619 portas
685 3561 877 3620 sponte
914 3562 1185 3621 patentes.
1247 3551 1365 3607 lllie
1420 3554 1621 3624 ubique
1656 3556 1844 3611 videas
1899 3558 2023 3612 vita:

441 3641 644 3709 lignum
668 3650 723 3695 et
749 3643 934 3698 carnis
977 3647 1433 3701 resurrectionem
1489 3662 1585 3714 per
1612 3646 1818 3715 lignum
1855 3662 1868 3700 :
1901 3647 2021 3716 opi-

441 3747 565 3798 nor,
591 3734 716 3801 quia
750 3736 1013 3803 magister
1041 3752 1232 3793 eorum
1262 3738 1410 3793 cruci
1438 3738 1611 3793 clavis
1639 3738 1837 3794 affixus
1859 3750 1940 3794 est
1966 3747 2021 3794 et

442 3825 598 3880 faber
622 3826 890 3897 lignarios
914 3837 1053 3882 erat.
1084 3828 1237 3895 Quod
1268 3830 1312 3883 si
1349 3843 1416 3883 ex
1449 3838 1723 3899 pnerupta
1773 3830 2020 3899 dejectus

440 3931 574 3986 rupe
604 3916 815 3984 fuisset,
862 3928 956 3973 aut
1007 3921 1059 3974 in
1112 3921 1430 3975 barathrum
1483 3922 1874 3991 praecipitatus,
1926 3931 2022 3976 aut

439 4006 635 4078 laqueo
668 4012 1014 4082 prazl‘ocatus,
1053 4014 1097 4067 si
1133 4021 1307 4068 artem
1342 4016 1682 4069 exercuisset
1717 4024 1809 4068 aut
1844 4017 2020 4068 coria-

2202 2732 2355 2787 Μετὰ
2417 2731 2475 2784 δὲ
2532 2727 2594 2782 τδ
2637 2726 2887 2782 ἐκθέσθαι
2937 2726 3007 2780 τὰ
3073 2725 3464 2799 προειρημένα,
3528 2727 3621 2780 καὶ
3646 2727 3717 2782 τὰ

2137 2824 2398 2893 ἀνάλογον
2446 2822 2555 2893 (48)
2607 2821 2788 2884 αὐτοῖς
2841 2820 2997 2874 ἆτινα
3048 2819 3209 2889 ἡμεῖς
3276 2816 3711 2890 προσεθήκαμεν,

2129 2913 2353 2970 τοιαῦτα
2394 2931 2559 2984 φησιν
2604 2914 2633 2965 ὁ
2681 2913 2919 2974 Κέλσοςο
2959 2930 2978 2963 ι
3020 2913 3082 2964 Οἱ
3120 2911 3166 2963 δ’
3205 2910 3286 2964 ἐτι
3332 2908 3705 2980 προστιθέασιν

2129 3005 2264 3059 ἄλλα
2297 3001 2613 3067 ἐπ’ἄλλοις,
2644 3002 2937 3074 προφητῶν
2965 3001 3178 3068 λόγους,
3211 2998 3567 3061 καὶ-κύκλους
3609 3000 3710 3055 ἐπὶ

2128 3094 2369 3158 κύκλοις,
2418 3095 2514 3148 καὶ
2567 3094 2866 3165 ἀπορροίας
2931 3092 3259 3163 Ἐκκλησίας
3303 3094 3567 3161 ἐπιγείου,
3613 3095 3712 3150 καὶ

2127 3186 2452 3259 περιτομῆς,
2506 3186 2601 3239 καὶ
2648 3183 2950 3256 Προυνικοῦ
3001 3201 3148 3247 τινος
3204 3183 3430 3254 ῥέουσαν
3485 3184 3711 3256 δύναμιν

2128 3277 2428 3350 παρθένου,
2460 3276 2556 3330 καὶ
2581 3275 2759 3346 ψυχὴν
2790 3274 2992 3341 ζῶσαν,
3042 3274 3137 3327 καὶ
3184 3274 3525 3346 σφαζόμενον
3550 3277 3713 3346 οὐρα-

2124 3371 2214 3425 νὸν
2260 3370 2346 3424 ἵνα
2405 3368 2566 3443 ζήσῃ,
2614 3370 2710 3422 κα)⁸
2760 3369 2863 3438 γῆν
2919 3365 3260 3439 σφαζομένην
3314 3367 3587 3439 μαχαίρᾳ,
3617 3368 3710 3422 καὶ

2124 3462 2353 3525 πολλοὺς
2384 3461 2759 3532 σφαζομένους
2787 3460 2874 3513 ἵνα
2914 3460 3142 3530 ζήσωσι,
3175 3459 3270 3512 καὶ
3304 3459 3611 3530 παυόμενον
3650 3460 3707 3513 ἐν

2124 3557 2314 3627 κόσμῳ
2361 3554 2609 3618 θάνατον,
2642 3554 2770 3608 ὅταν
2814 3552 3062 3626 ἀποθάνῃ
3090 3553 3123 3623 ἡ
3166 3550 3261 3604 τοῦ
3292 3551 3499 3622 κόσμου
3528 3551 3706 3623 ἀμαρ-

2121 3648 2233 3711 τία,
2265 3649 2360 3702 καὶ
2394 3647 2618 3701 κάθοδον
2652 3645 2762 3717 (49)
2796 3639 2949 3708 αὖθις
2995 3643 3205 3715 στενὴν,
3245 3644 3340 3697 καὶ
3383 3642 3706 3715 αὐτομάτως

2122 3732 2482 3809 ἀνοιγομένας
2511 3737 2706 3800 πύλας.
2772 3735 3058 3805 Πανταχοῠ
3091 3735 3135 3789 δ’
3175 3736 3292 3788 ’ἐκεῖ
3329 3733 3393 3786 τὸ
3436 3734 3534 3804 τῆς
3562 3733 3705 3804 ζωῆς

2124 3832 2298 3896 ξύλον,
2335 3831 2430 3883 καὶ
2462 3830 2757 3891 ἀνάστασις
2800 3827 3003 3899 σαρκὸς
3047 3825 3156 3879 ἀπὸ
3197 3824 3351 3890 ξύλου
3375 3843 3387 3855 ·
3434 3826 3588 3888 διότι,
3628 3821 3702 3877 οἷο

2124 3944 2243 3998 μαι,
2273 3926 2301 3977 ὁ
2331 3922 2647 3985 διδάσκαλος
2685 3920 2865 3975 αὐτῶν
2911 3918 3122 3990 σταυρῷ
3178 3916 3441 3987 ἐνηλιῦθη,
3493 3917 3589 3969 καὶ
3634 3910 3698 3986 ἦν

2119 4019 2325 4073 τέκτων
2356 4016 2455 4088 τὴν
2496 4015 2707 4085 τέχνην.
2769 4013 2878 4077 Ὣς,
2913 4013 2960 4063 εἰ
3005 4011 3189 4081 ἔτυχεν
3224 4008 3332 4079 (50)
3360 4009 3566 4070 ἐκεῖνος
3594 4005 3698 4059 ἀπὸ

439 4101 599 4167 riam,
623 4112 718 4158 aut
742 4106 1168 4183 caunentariam,
1210 4113 1301 4159 aut
1327 4105 1614 4160 ferrariam
1640 4125 1653 4173 ;
1679 4117 1823 4161 esset
1856 4123 2018 4176 super

2138 4107 2366 4183 φημνοῦ
2417 4104 2766 4178 ἐρριμμένος,
2811 4104 2845 4174 ἢ
2893 4104 2972 4165 εἰς
3016 4098 3286 4172 βάραθρον
3335 4098 3626 4169 ὲωσμένος,
3663 4097 3692 4166 ἦ

439 4195 611 4250 caelos
644 4176 805 4266 rupes
833 4196 976 4262 vitae,
995 4206 1086 4250 aut
1110 4197 1531 4252 resurrectionis
1561 4197 1905 4264 barathrum,
1926 4207 2016 4252 aut

438 4284 587 4342 funis
621 4287 1072 4356 immortalitatis,
1109 4300 1202 4344 aut
1235 4292 1431 4346 beatus
1464 4289 1622 4360 lapis,
1676 4300 1770 4344 aut
1811 4291 2015 4345 ferrum

437 4379 741 4447 cbaritatis,
790 4393 883 4436 aut
913 4384 1122 4438 corium
1153 4393 1430 4439 sanctum.
1463 4382 1704 4452 Ecquam
1746 4383 2012 4437 aniculam

438 4558 653 4613 dicatur
679 4559 795 4611 sine
838 4559 962 4630 line,
991 4561 1109 4614 sine
1156 4561 1428 4630 principio
1454 4576 1575 4615 esse
1604 4563 1790 4615 Deum.
1831 4580 1848 4612 ι
1885 4561 2011 4614 Din-

439 4632 586 4698 t_l_0|'..
623 4630 719 4698 ιιι).
773 4645 809 4681 ιι
856 4628 996 4682 Bibl.
1043 4630 1192 4693 hist.;
1245 4628 1509 4692 Macrob”
1568 4633 1663 4686 lib.
1694 4649 1732 4693 ι,
1763 4646 1881 4698 eap.
1918 4631 2006 4693 18,

438 4696 737 4760 Saturnal.,
779 4708 832 4749 et
880 4699 992 4761 alii,
1033 4699 1216 4765 legunt
1257 4700 1397 4753 Ἰαώ.
1439 4701 1590 4755 Philo
1648 4717 1713 4753 ex
1764 4696 2010 4753 Sabello-

441 4766 720 4838 niathone,
763 4765 933 4838 ‘leutb,
977 4773 1118 4832 apud
1155 4769 1467 4835 Eusebium,
1518 4772 1615 4825 lib.
1662 4786 1717 4833 χ,
1772 4785 1894 4838 cap.
1955 4773 2010 4835 9,

438 4832 643 4899 Erang.
670 4850 831 4901 pncp.
875 4837 1135 4889 SPENCER.

512 4902 624 4971 (62)
660 4902 853 4957 Vocem
888 4904 1051 4957 αὐτοῦ
1080 4922 1198 4974 quae
1244 4908 1310 4962 ab
1344 4909 1507 4962 editis
1566 4908 1878 4973 exciderat,
1922 4924 2010 4961 rc-

436 4973 669 5026 8lituunt
698 4988 888 5033 omnes
926 4973 1244 5030 coddﬁmss.

508 5040 619 5114 (45)
662 5042 859 5098 Ἐλωΐ.
892 5043 1134 5107 Quatuor
1162 5061 1319 5109 rnss.,
1357 5047 1511 5115 lleg.,
1567 5048 1760 5112 Basil.,
1791 5049 2004 5104 Vatica-

437 5130 540 5168 nus
569 5125 622 5166 et
652 5115 982 5179 Anglicanus
1007 5116 1295 5178 secundus,
1334 5117 1549 5170 Ἐλωαί.

507 5183 617 5253 (44)
643 5182 989 5255 Καλεῖσθαι.
1016 5183 1281 5255 ltacodd.
1332 5188 1530 5255 llegius
1560 5198 1608 5240 et
1646 5187 2000 5242 Basileensis.

437 5252 896 5377 Libgieimpressi,
929 5252 1211 5321 πνέεσθαι,
1258 5271 1353 5324 pro
1392 5252 1500 5326 quo
1546 5259 1739 5312 Croius
1793 5260 2008 5329 legebat

437 5341 529 5377 γεν
563 5341 595 5377 σ
629 5343 706 5377 αι.

434 5341 706 5394 γενέσθαι.

504 5394 1033 5467 (45)ῌΔράκοντας.
1088 5396 1303 5466 Epiph.,
1367 5397 1498 5451 hatr.
1548 5396 1640 5462 26,
1710 5412 1828 5467 pag.
1887 5397 1946 5451 9|
1991 5416 2002 5452 :

433 5459 673 5547 Εζναιδέ
700 5459 1077 5547 δρακοντοεὶδῆ
1104 5459 1201 5519 τὸν
1224 5459 1459 5547 ᾄρχοντα
1487 5467 1578 5547 τὸν
1602 5459 1901 5547 κατέχόντα
1923 5468 2011 5547 rev

433 5534 636 5608 κόσμον
669 5534 878 5608 τοῦτον,
912 5539 1004 5591 καὶ
1036 5534 1400 5591 καταπίνοντα
1446 5538 1664 5608 μὲν-τὰς
1689 5534 1866 5608 ψυχὰς
1912 5538 2011 5601 τὰς

433 5603 511 5722 ri}
535 5603 593 5655 ἐν
620 5605 819 5670 γνώσει
844 5608 1211 5679 ὑπαρχούσας,
1237 5610 1332 5662 καὶ
1365 5603 1458 5663 διά
1483 5610 1580 5680 τῆς
1609 5603 1807 5683 κέρκου
1849 5608 2010 5661 πάλιν

466 5673 825 5722 marcor-Scaevam
849 5678 928 5722 εἰς
949 5679 1040 5722 ’τὸν
1084 5680 1303 5722 κόσμους
1357 5681 1648 5722 vtio-3665‘:
1679 5682 1757 5722 cl:-
1795 5678 2010 5722 vninnu:

421 5673 825 5747 _éﬂtﬂpétpovza
849 5678 928 5740 εἰς
949 5673 1040 5732 τδν
1084 5680 1306 5750 κόσμον,
1357 5673 1648 5737 κάντεῦθεν
1678 5673 1757 5745 εἰς
1795 5678 2011 5750 χοίρσυς

2124 4198 2326 4268 ἀγχόνῃ
2361 4193 2746 4264 πεπνιγμένος,
2792 4192 2825 4262 ἢ
2874 4189 3225 4260 σκυτοτόμος,
3273 4189 3306 4259 ἢ
3355 4186 3614 4253 λιθοξόος,
3658 4186 3689 4256 ἢ

2125 4287 2375 4358 σιδηρεύς
2396 4303 2409 4315 ·
2441 4281 2510 4357 ἦν
2535 4284 2599 4337 ἂν
2630 4284 2771 4353 ὑπὲρ
2798 4282 2925 4345 τοὺς
2959 4281 3217 4352 οὐρανοὺς
3257 4278 3501 4351 κρημνὸς
3533 4275 3688 4347 ζωῆς,

2123 4382 2156 4453 ἢ
2190 4378 2463 4452 βάραθρον
2493 4375 2861 4438 ἀναστάσεως,
2889 4374 2922 4444 ἢ
2950 4371 3179 4444 σχοινίον
3208 4370 3525 4433 ἀθανασίας,
3614 4366 3689 4420 λί-

2115 4559 2208 4614 καὶ
2240 4560 2318 4623 εἰς
2345 4559 2480 4614 ἄλλα
2504 4556 2638 4621 ζῶα.
2670 4556 2763 4609 καὶ
2791 4554 2952 4607 πάλιν
2982 4554 3071 4607 διὰ
3090 4552 3200 4606 τῶν
3223 4551 3404 4605 αὐτῶν
3436 4552 3691 4623 ἀναφερο-

2120 4631 2311 4701 μένας,
2345 4648 2367 4701 ι
2404 4631 2620 4701 Addunt
2651 4635 2705 4678 et
2759 4626 2919 4701 hujus
2952 4626 3133 4678 mundi
3170 4623 3462 4701 praesident
3500 4623 3684 4701 draco:

2119 4690 2204 4753 nis
2232 4690 2460 4763 elligietn
2523 4698 2745 4760 habere,
2798 4690 2866 4749 ah
2931 4708 3105 4762 eoque
3161 4690 3374 4747 animas
3414 4690 3686 4763 absorberi

2116 4760 2427 4831 cognitione
2458 4767 2547 4820 illa
2596 4767 2904 4828 destitutas,
2942 4760 3264 4831 rursumque
3317 4776 3412 4828 per
3467 4760 3687 4815 caudam

2120 4841 2171 4892 in
2188 4832 2340 4892 hunc.
2381 4838 2636 4893 mundum
2667 4836 2901 4889 rel'undi.
2935 4833 3013 4887 Ex
3053 4848 3159 4901 quo
3194 4832 3450 4898 deinceps
3481 4832 3541 4883 in
3560 4845 3683 4901 por-

2117 4923 2302 4963 corum
2335 4907 2675 4972 aliorumque
2722 4899 3083 4958 animantium
3133 4916 3373 4972 corpora
3400 4899 3687 4953 transfusa:

2117 4993 2214 5045 per
2260 4978 2449 5031 eadem
2495 4969 2672 5030 detin
2722 4975 2965 5044 Lvestigia
3026 4986 3242 5027 sursum
3297 4969 3623 5025 ell‘erantur.
3661 4984 3683 5019 ι

2115 5046 2350 5102 SPENCEB
2361 5086 2376 5100 .
2664 5050 2667 5053 '

2188 5116 2309 5188 (46)
2325 5118 2453 5188 Post
2497 5112 2720 5168 ἐκείνων
2772 5112 2973 5188 aliquid
2997 5112 3198 5188 Δ(ἓιιὶιξῳ
3234 5110 3452 5188 videtur
3481 5110 3680 5188 deesse,

2114 5178 2255 5242 forte
2283 5178 2456 5255 ξίφος,
2483 5196 2542 5239 ιιι
2564 5198 2759 5255 sensus
2781 5178 2885 5255 sit}
2904 5183 2971 5255 το
2994 5184 3085 5255 ἐπὶ
3106 5179 3327 5255 τῶν-τοῦ
3360 5178 3679 5255 παραδείσου

2112 5248 2606 5326 πυλῶνλεγόμενον
2634 5254 2740 5326 ὑπὸ
2762 5253 2866 5306 τῶν
2893 5252 3089 5326 αθλίων
3122 5252 3352 5326 ἐκείνων.
3375 5248 3546 5326 eam.

2188 5327 2300 5400 (47)
2346 5315 2668 5400 Ἇξλᾶᾴτρια.
2711 5325 2853 5394 Lego
2884 5322 3182 5396 ἀλλότριον,
3213 5319 3356 5391 quod
3393 5315 3570 5372 refero
3617 5315 3678 5368 ad

2113 5395 2423 5467 praecedens
2449 5395 2511 5467 τὸ
2540 5396 2730 5467 πέρας,

2206 5468 2297 5537 48)
2334 5457 2670 5537 Ἀνάλογοτὶη.
2697 5463 2869 5537 Codd.
2896 5463 3030 5532 Reg.
3056 5459 3325 5537 etuBasil'q
3352 5457 3614 5537 ᾁνάλογα.

2207 5532 2297 5606 49)
2332 5532 2676 5607 Ιιαεεοιιιξιίιις
2699 5535 2753 5588 in
2787 5543 2962 5607 textu,
2996 5532 3433 5607 καθόλοι›,-ι]ιιι1οἶ
3493 5597 3522 5607 η
3576 5585 3580 5588 ⁴
3622 5595 3633 5607 ,

2331 5609 2447 5680 Ὡς,
2481 5608 2535 5659 εὶ
2590 5606 2825 5680 ἔτυχεν.
2884 5597 2975 5680 sic
3005 5618 3136 5656 mss.
3176 5610 3228 5658 et
3256 5597 3592 5657 llwschelius
3621 5597 3673 5649 in

2116 5673 2287 5733 ιρέιυηζ
2314 5679 2383 5733 At
2406 5673 2729 5746 Spencerus,
2759 5674 2840 5752 ός,
2871 5675 2918 5726 εἰ
2939 5673 3147 5744 ἔτυχεν.
