3990 6158
433 279 580 336 ’1555

1888 273 2210 332 ORIGENIS

3570 269 3722 327 1356

439 398 702 468 scriptum
745 404 884 461 erat,
925 397 1198 462 Scientia;
1230 403 1283 451 et
1329 396 1469 452 infra
1515 395 1654 452 alius
1687 397 1740 452 in
1776 411 1882 468 quo
1929 401 2007 453 in-

2121 398 2501 471 ἐπεγέγραπτο
2532 399 2806 464 Σύνθεσις.
2845 397 2954 451 Καὶ
2993 395 3163 450 ταῦτα
3199 395 3256 451 δέ
3288 392 3726 466 παρειλήφαμεν

439 489 704 560 scriptum
732 497 872 554 erat,
902 486 1280 557 Intelligentia.
1307 489 1484 558 Atque
1523 488 1574 542 in
1605 489 1692 544 his
1740 489 2016 545 immorati

2121 493 2202 555 είς
2231 491 2324 544 τὸν
2363 490 2503 545 κατὰ
2537 491 2746 543 Κέλσου
2773 489 2950 557 λόγον,
2992 488 3079 544 ἵνα
3117 489 3566 560 παραστήσωμεν
3593 487 3726 549 τοῖς

439 594 653 645 sumus,
706 579 831 635 data
856 592 886 632 a
912 577 1072 636 Celso
1101 579 1410 646 occasione,
1459 591 1522 636 ut
1551 581 1786 638 lectores
1817 596 2007 650 cogno-

2122 584 2528 653 ἐντυγχάνουσι,
2556 583 2880 655 τρανότερον
2907 581 3115 635 ἐκείνου
3137 581 3456 650 ἐγνωκέναι,
3479 579 3579 632 καὶ
3607 578 3726 631 οὐκ

439 681 674 734 soerent,
691 675 883 742 quae'et
903 685 1004 728 nos
1028 673 1131 743 ipsi
1151 673 1544 744 vituperamus,
1559 688 1621 729 ea
1642 672 2014 747 nobis'magis,

438 777 601 834 quam
624 762 724 826 illi,
743 763 1023 832 explorata
1043 777 1185 830 esse;
1211 780 1317 819 non
1339 780 1472 820 vero
1491 780 1558 820 ex
1575 766 1845 842 \inanibus
1860 782 2017 822 acce-

437 862 527 925 pta
545 853 960 910 rumoribus.An
976 864 1155 911 autem
1177 856 1232 923 ii,
1247 857 1337 926 qui
1357 855 1665 924 hujusmodi
1683 873 1852 927 nugas
1865 857 2015 911 laudi

438 945 940 1017 ducunt,quasdam
954 947 1116 1001 etiam
1139 949 1378 1018 magicas
1397 948 2012 1018 proﬁteanturartes,an

435 1038 595 1110 661
619 1052 807 1094 eorum
835 1037 954 1094 hare
984 1039 1056 1092 sit
1077 1039 1358 1110 sapientia:
1388 1057 1619 1106 summa,
1645 1041 1697 1096 id
1729 1056 1835 1095 non
1867 1041 2015 1097 alIir-

438 1145 568 1194 mo,
630 1130 903 1199 siquidem
965 1131 1102 1186 nihil
1163 1146 1402 1202 unquam
1465 1133 1647 1188 simile
1706 1133 2008 1202 deprehen-

435 1220 488 1276 di
522 1234 540 1275 :
582 1221 781 1277 viderit
813 1221 1042 1288 Celsus,
1089 1222 1183 1292 qui
1229 1224 1496 1279 mendacii
1525 1225 1640 1296 jam
1671 1227 1874 1296 saepius
1910 1227 2009 1282 ab-

435 1311 834 1383 surdarumque
865 1313 1281 1370 calumniarum'
1297 1315 1580 1372 convictus
1609 1328 1716 1380 est,
1753 1334 1880 1374 num
1921 1319 2011 1374 hic

435 1405 602 1460 etiam
635 1405 928 1461 mentiatur
948 1446 964 1474 ,
990 1421 1117 1460 num
1144 1420 1276 1461 vero
1311 1405 1364 1462 id
1407 1409 1549 1477 quod
1591 1410 1644 1462 in
1675 1423 1773 1465 suo
1803 1410 2012 1480 scripto

435 1499 711 1569 exposuit,
743 1512 935 1556 revera
967 1499 1034 1555 de
1059 1499 1390 1569 quibusdam
1425 1515 1456 1555 a
1502 1509 1686 1558 nostra
1729 1500 1837 1558 ﬁde
1871 1502 2008 1559 alie-

435 1589 524 1645 nis
546 1590 837 1646 invenerit.

503 1681 593 1738 59.
625 1681 876 1737 Posthaec
923 1681 991 1737 de
1023 1682 1091 1738 iis
1139 1681 1404 1753 loquens,
1451 1684 1543 1754 qui
1578 1685 1821 1754 magicas
1860 1692 2007 1741 artes

2118 677 2184 729 ἐκ
2199 676 2704 748 παρακουσμάτων,
2725 675 2793 728 τὰ
2812 674 2902 728 καὶ
2924 674 3013 743 ὑφ’
3039 671 3200 744 ἡμῶν
3227 671 3722 744 κατηγορούμενα.

2116 767 2180 822 Εἰ
2201 768 2258 820 δέ
2290 768 2382 821 καὶ
2415 766 2797 837 ὑπισχνοῦνται
2830 766 2879 818 οί
2911 764 3003 818 ἐπὶ
3023 766 3136 827 τοῖς
3157 763 3421 826 τοιούτοις
3447 759 3726 832 σεμνυνό-

2119 878 2270 932 μενοι
2311 861 2552 932 μαγικήν
2579 877 2702 914 τινα
2728 859 3008 929 γοητείαν,
3039 857 3134 911 καὶ
3155 855 3302 910 τοῦτ’
3334 855 3482 908 ἐστιν
3519 853 3722 917 αὐτοῖς

2114 955 2175 1009 τὸ
2203 956 2303 1026 τῆς
2329 954 2518 1023 σοφίας
2550 933 2840 1022 κεφάλαιον
2859 969 2872 982 ο
2923 951 3084 1022 ⁴ίιμεῖς
3119 949 3220 1020 μὲν
3250 947 3312 1002 ού
3359 942 3726 1000 διαϐεϐαιούο

2117 1048 2278 1119 μεθα,
2327 1046 2449 1100 οὐδὲ
2501 1045 2612 1115 γὰρ
2669 1044 3034 1116 ἱστορήσαμεν
3071 1040 3136 1095 τὺ
3173 1039 3448 1094 τοιοῦτον·
3497 1036 3726 1100 Κέλσος

2113 1141 2170 1194 δὲ
2203 1139 2270 1193 ἂν
2301 1139 2489 1210 εἰδείη,
2519 1139 2548 1191 ὁ
2581 1136 2840 1200 πολλάκις
2872 1136 2974 1207 ἤδη
3007 1135 3170 1198 ἁλοὺς
3218 1128 3726 1202 ψευδομαρτυριῶν

2114 1231 2208 1285 καὶ
2239 1231 2449 1298 ἀλόγων
2480 1227 2844 1299 κατηγοριῶν,
2877 1227 3106 1298 πότερον
3131 1223 3229 1278 καὶ
3251 1224 3310 1276 ἐν
3330 1221 3542 1286 τούτοις
3573 1219 3726 1289 ψεύ-

2111 1323 2281 1390 δεται,
2308 1323 2342 1393 ἦ
2373 1339 2424 1375 τι
2454 1320 2580 1392 περί
2617 1336 2776 1373 τινων
2813 1318 2979 1386 ξένων
3008 1317 3103 1372 καὶ
3141 1316 3434 1388 ἀλλοτρίων
3465 1315 3570 1384 τῆς
3618 1313 3722 1366 πί-

2113 1431 2283 1477 στεως
2330 1413 2568 1467 τοιοῦτον
2622 1409 2944 1466 καταλαϐὼν
3004 1409 3220 1476 ἐξέθετο
3267 1410 3328 1463 ἐν
3376 1405 3454 1478 τῷ
3506 1403 3722 1459 ἑαυτοῦ

2113 1507 2526 1578 συγγράμματι·

2182 1680 2318 1740 Εἶτα
2367 1684 2504 1759 πρὸς
2542 1684 2670 1747 τοὺς
2721 1681 3037 1754 χρωμένους
3101 1680 3238 1753 φησὶ
3291 1678 3440 1750 (65),
3501 1677 3716 1750 μαγείᾳ

437 1773 700 1827 adhibent
732 1781 900 1843 atque
948 1749 1292 1844 praestigias,
1331 1749 1696 1845 barbarisque
1734 1778 2004 1847 quosdam

2116 1777 2214 1832 τινὶ
2247 1776 2344 1830 καὶ
2371 1749 2616 1847 γοητείᾳ,
2651 1749 2772 1829 καί-
2790 1749 3089 1835 καλοῦντας
3116 1749 3356 1842 όνόματα
3391 1749 3720 1842 βαρϐαρικά

435 1865 709 1919 (Ιαιηιοηοε
744 1873 942 1918 vocant
991 1864 1338 1930 nominibus,
1371 1866 1491 1922 illos
1540 1867 1618 1922 ait
1665 1868 1846 1924 simile
1878 1868 2008 1937 quid

435 1954 618 2008 facere
644 1967 709 2009 ac
738 1953 832 2018 illi,
867 1953 959 2023 qui
985 1953 1176 2009 iisdem
1209 1955 1276 2011 de
1301 1957 1463 2010 rebus
1488 1956 1717 2012 miriﬁca
1759 1958 2007 2026 quaedam

436 2048 620 2104 facere
647 2047 903 2103 videntur
932 2062 1118 2104 coram
1151 2047 1216 2104 iis
1236 2087 1252 2112 ,
1283 2049 1375 2117 qui
1405 2048 1656 2103 nesciunt
1681 2063 1868 2104 earum
1901 2049 2004 2104 alia

433 2155 556 2198 esse
605 2139 825 2195 nomina
887 2140 1031 2211 apud
1077 2139 1316 2204 Grzecos,
1376 2139 1480 2193 alia
1547 2141 1688 2209 apud
1753 2139 2005 2212 Scythas.

433 2231 643 2289 Deinde
691 2237 804 2287 inec
853 2231 1077 2286 adducit
1116 2246 1182 2288 ex
1234 2230 1544 2297 Herodoto,
1594 2249 1612 2282 ι
1645 2231 1946 2301 Apollinem
1976 2247 2007 2286 ιι

436 2326 657 2400 Scythis
687 2327 873 2382 vocari
899 2326 1316 2400 Gongosyrum;
1351 2327 1685 2398 Neptunum,
1718 2326 2008 2399 Thagima-

424 2420 603 2475 saden
630 2435 646 2482 ;
698 2416 988 2484 Venerem,
1021 2417 1398 2488 Argimpasam
1430 2434 1446 2484 ;
1485 2417 1724 2485 Vestam,
1753 2417 1954 2475 Tabiti.
1983 2438 2001 2471 ›

431 2512 690 2579 ρυιοτειιι
741 2511 932 2566 harum
999 2523 1179 2563 rerum
1231 2509 1393 2578 periti
1449 2525 1633 2564 annon
1697 2510 1784 2565 hic
1841 2511 2006 2565 etiam

424 2603 622 2660 Celsus
665 2616 790 2658 cum
842 2599 1118 2656 Herodoto
1167 2600 1486 2656 mentiatur.
1547 2601 1808 2656 Nesciunt
1861 2601 2007 2655 enim

433 2695 652 2767 Scythae
676 2704 862 2750 utrum
896 2694 932 2748 ii
962 2709 1099 2764 quos
1129 2693 1262 2749 deos
1293 2703 1510 2764 putant,
1537 2694 1698 2749 iidem
1728 2695 1838 2749 sint
1865 2693 2007 2762 apud

431 2784 670 2844 Graecos.
703 2786 834 2853 Quae
886 2787 1032 2839 enim
1076 2786 1438 2855 probabilitas
1488 2795 1573 2840 est
1621 2785 1926 2854 Apollinem
1977 2798 2006 2836 a

435 2875 663 2947 Scythis
692 2875 1071 2948 Gongosyrum
1101 2877 1362 2944 appellari
1388 2877 1412 2930 ?
1441 2877 1556 2933 Non
1594 2879 1738 2934 enim
1771 2878 2010 2932 arbitror

433 2985 502 3024 ex
539 2969 896 3040 Gongosyro,
941 2968 984 3022 si
1019 2966 1267 3022 Grazcam'
1306 2969 1360 3022 in
1405 2969 1642 3038 linguam
1683 2980 2005 3037 verteretur,

2108 1870 2376 1942 δαιμόνων
2405 1866 2589 1933 τινῶν,
2612 1867 2838 1921 τοιαῦτα
2871 1865 2980 1937 (64)
3006 1882 3021 1896 ³
3044 1865 3126 1918 ὅτι
3146 1864 3329 1934 ὅμοιον
3355 1857 3503 1917 οὗτοι
3533 1863 3718 1935 πράτ-

2107 1980 2261 2017 τουσι
2312 1961 2427 2024 τοῖς
2461 1959 2553 2012 ἐπὶ
2583 1961 2695 2022 τοῖς
2745 1958 2930 2021 αὐτοῖς
2977 1957 3355 2026 ὑποκειμένοις
3415 1972 3714 2027 τερατευσ-

2113 2055 2292 2127 μένοις
2318 2053 2453 2125 πρὸς
2477 2051 2604 2114 τοὺς
2638 2050 2714 2122 μὴ
2746 2051 2953 2113 εἰδότας
2977 2048 3110 2102 ἄλλα
3133 2049 3228 2120 μὲν
3254 2047 3437 2102 αὐτῶν
3463 2042 3608 2100 εἶναι
3643 2049 3716 2127 τά

2109 2123 2509 2218 δνόματαήπαβ
2541 2144 2816 2214 Ἕλλησιν,
2852 2141 2986 2196 ἄλλα
3014 2141 3072 2194 δὲ
3102 2139 3253 2212 παρὰ
3282 2139 3537 2203 Σκύθαις.
3590 2123 3718 2192 Εἶτ’

2110 2241 2379 2296 ἐκτίθεται
2409 2238 2516 2292 ἀπὸ
2541 2237 2824 2310 Ἡροδότου
2845 2234 2953 2306 (65)
2971 2233 3263 2298 λαϐὼν,ὼς
3281 2232 3487 2303 τὸνμὲν
3515 2232 3716 2283 Ἀπόλ-

2108 2336 2252 2388 λωνα
2282 2334 2619 2404 Γογγόσυρον
2649 2330 2760 2402 (66)
2790 2329 3013 2383 καλοῦσι
3041 2326 3263 2392 Σκύθαι,
3296 2325 3389 2379 τὸν
3421 2325 3478 2378 δὲ
3510 2325 3713 2378 Ποσει-
3743 2381 3748 2384 _

2109 2427 2253 2480 δῶνα
2304 2423 2684 2496 Θαγιμασάδα,
2713 2423 2813 2493 τὴν
2839 2423 2884 2475 δ’
2930 2419 3248 2492 Ἀφροδίτην
3290 2417 3709 2488 Ἀργίμπασα-θ,

2122 2516 2336 2570 Ἑστίαν
2364 2515 2420 2567 δὲ
2455 2513 2668 2568 Ταῦιτί.
2691 2511 2964 2579 Ἔξετάσει
2998 2511 3055 2564 δὲ
3095 2511 3124 2564 ό
3165 2509 3482 2580 δυνάμενος,
3517 2509 3591 2578 μή
3625 2523 3711 2577 πη

2109 2607 2205 2660 καὶ
2230 2605 2359 2677 περὶ
2391 2605 2596 2659 τούτων
2648 2604 2746 2658 σὺν
2793 2602 3058 2675 ’Ἡροδότῳ
3085 2602 3113 2654 ὁ
3139 2600 3344 2664 Κέλσος
3405 2599 3664 2668 ψεύδεται
3688 2615 3708 2631 ο

2110 2698 2204 2752 ἅτε
2241 2697 2314 2769 μὴ
2347 2695 2724 2767 ἐπισταμένων
2752 2693 2975 2747 Σκυθῶν
3005 2691 3076 2745 τὰ
3107 2691 3246 2744 αὐτὰ
3283 2690 3540 2761 Ἕλλησιν
3571 2691 3709 2743 ὑπο--

2110 2789 2336 2859 κείμενα
2365 2787 2492 2859 περὶ
2519 2786 2627 2839 τῶν
2654 2784 3022 2856 νομιζομένων
3048 2783 3208 2836 θεῶν.
3239 2782 3376 2835 Ποία
3403 2781 3511 2852 γάρ
3541 2781 3724 2834 πιθα-ο

2111 2881 2291 2950 νότης,
2347 2882 2439 2932 τὸν
2496 2879 2804 2932 Ἀπόλλωνα
2871 2877 3208 2948 Γογγόσυρον
3261 2873 3413 2945 παρὰ
3470 2872 3708 2937 Σκύθαις

2112 2971 2430 3034 καλεῖσθαι;
2483 2972 2541 3024 ού
2573 2971 2680 3042 γὰρ
2734 2969 2992 3040 ἠγοῦμαι,
3039 2969 3122 3021 ὃτι
3155 2965 3709 3038 μεταλαμϐανόμενος

435 3062 627 3118 deduci
663 3075 823 3131 posse
858 3059 1239 3132 etymologiam
1271 3061 1556 3130 Apollinis,
1586 3071 1676 3117 aut
1707 3063 2005 3132 Apollinem

2116 3065 2190 3128 είς
2251 3065 2476 3117 Ἐλλάδα
2531 3064 2713 3135 φωνὴν
2747 3066 2776 3116 ό
2808 3062 3145 3134 Γογγόσυρος
3193 3060 3293 3131 τὴν
3348 3058 3708 3130 ἐτυμολογίαν

435 3152 691 3224 Scythica
719 3152 900 3224 lingua
938 3153 1080 3208 idem
1127 3154 1438 3221 significare
1491 3169 1554 3208 ac
1609 3153 2003 3226 Gongosyrum.

435 3243 676 3300 Necdum
710 3246 849 3300 idem
884 3248 949 3302 de
983 3247 1210 3316 reliquis
1237 3246 1381 3301 dico.
1412 3245 1530 3300 Alia
1570 3246 1713 3300 enim
1745 3261 1809 3301 ex
1847 3263 2007 3302 causa

428 3335 608 3392 Graeci
653 3344 710 3391 et
746 3351 814 3392 ex
865 3336 972 3391 alia
1027 3337 1240 3407 origine
1284 3338 1504 3391 deorum
1536 3351 1755 3392 suorum
1789 3340 2007 3394 nomina

433 3428 784 3494 derivarunt,
825 3443 892 3485 ex
933 3429 1036 3485 alia
1074 3429 1321 3502 Scythzn,
1357 3445 1422 3484 ex
1457 3429 1564 3484 alia
1612 3429 1764 3496 lndi,
1810 3447 1874 3485 ex
1905 3432 2008 3486 alia

434 3518 745 3588 Ethiopes,
783 3528 875 3573 aut
905 3519 1055 3588 Afri,
1100 3527 1194 3574 aut
1225 3519 1559 3590 quicunque,
1595 3519 1781 3575 relicta
1829 3521 2006 3590 prima

431 3617 490 3662 et
515 3621 649 3676 pura
681 3608 992 3665 Conditoris
1051 3609 1308 3674 notione,
1363 3609 1475 3665 suis
1516 3610 1621 3665 diis
1654 3611 1876 3667 nomina
1908 3625 2010 3680 pro

436 3699 591 3756 libitu
615 3701 949 3757 indiderunt.
1000 3700 1200 3757 Verum
1234 3703 1300 3758 de
1341 3702 1427 3758 his
1461 3703 1572 3770 jam
1613 3720 1777 3774 supra
1814 3707 1948 3760 satis
1977 3721 2007 3760 a

437 3793 592 3848 nobis
615 3794 820 3849 dictum
844 3803 927 3849 est
958 3811 972 3848 :
1005 3809 1200 3864 nempe
1221 3795 1310 3850 ubi
1344 3797 1695 3865 probavimus
1724 3813 1829 3853 non
1853 3815 2008 3853 cum-

437 3884 560 3937 dem
595 3897 716 3938 esse
751 3883 996 3938 Sabaoth
1027 3893 1084 3938 et
1126 3883 1357 3951 Jovem;
1409 3893 1464 3939 et.
1504 3887 1593 3940 ubi
1633 3887 1892 3942 nonnulla
1943 3887 2010 3944 de

434 3974 746 4045 linguarum
776 3973 1090 4030 diversitate
1114 3989 1183 4029 ex
1227 3975 1397 4030 sacris
1429 3976 1725 4046 Scripturis
1749 3979 2010 4035 observa-

437 4068 641 4120 vimus.
688 4063 904 4120 Lubens
936 4065 1103 4135 igitur
1136 4065 1252 4120 hare
1285 4067 1675 4135 praetermitto,
1719 4069 1774 4123 in
1815 4070 2009 4139 quibus

433 4155 649 4214 Celsum
665 4158 817 4227 sequi
849 4172 954 4213 non
971 4171 1210 4228 possem,
1235 4157 1363 4226 quin
1380 4157 1492 4227 jam
1516 4159 1658 4214 dicta
1684 4170 2006 4230 repeterem.

437 4247 640 4305 Deinde
696 4261 890 4303 rursus
937 4248 1180 4319 magicas
1236 4249 1542 4320 praestigias
1579 4251 1736 4307 nobis
1783 4253 2008 4318 oecinit,

433 4355 635 4412 easque
663 4341 894 4402 fortasse
923 4343 1124 4398 nemini
1158 4343 1346 4399 tribuit
1378 4359 1393 4409 ;
1428 4359 1548 4398 cum
1592 4345 1662 4399 sit
1692 4360 1887 4412 nemo,
1917 4346 2010 4417 qui

2112 3159 2406 3229 παρίστησι
2449 3156 2543 3210 τοῦ
2609 3155 3032 3227 Ἀπόλλωνος-ἣ
3071 3157 3100 3207 ό
3143 3153 3414 3206 Ἀπόλλων
3467 3153 3547 3214 εἰς
3604 3149 3708 3221 τὴν

2111 3247 2332 3302 Σκυθῶν
2363 3247 2640 3301 διάλεκτον
2667 3247 2758 3299 τὸν
2789 3246 3128 3317 Γογγόσυρον
3157 3244 3438 3315 σημαίνει·
3470 3240 3623 3294 οὔπω
3644 3240 3705 3292 δὲ

2111 3341 2232 3394 οὐδὲ
2263 3342 2391 3412 περὶ
2417 3339 2526 3393 τῶν
2557 3339 2758 3392 λοιπῶν
2781 3338 2979 3392 ταυτόν
3002 3355 3053 3390 τι
3082 3339 3196 3409 ἐρεῖ
3222 3337 3332 3409 (67)
3355 3355 3367 3366 ·
3400 3337 3494 3390 ἀπ’
3529 3334 3706 3388 ἄλλων

2110 3433 2218 3505 γὰρ
2247 3433 2554 3505 ὁρμώμενοι
2591 3431 2850 3501 Ἕλληνες
2901 3429 3240 3501 πραγμάτων
3293 3429 3386 3482 καὶ
3442 3426 3703 3497 ἐτυμολο-

2110 3526 2246 3596 γιῶν
2269 3525 2442 3588 οὕτως
2474 3525 2762 3595 ὠνόμασαν
2785 3525 2910 3587 τοὺς
2933 3526 3059 3593 παρ’
3083 3524 3294 3584 ἑαυτοῖς
3314 3519 3703 3591 νομιζομένους

2112 3617 2267 3680 θεούς
2293 3636 2304 3646 ·
2341 3617 2433 3670 ἀπ’
2467 3616 2641 3670 ἄλλων
2673 3615 2730 3668 δὲ
2761 3614 2996 3668 Σκύθαι·
3032 3613 3176 3667 οὕτω
3203 3613 3259 3666 δέ
3284 3612 3376 3665 καὶ
3407 3613 3500 3664 ἀπ’
3528 3611 3702 3664 ἄλλων

2115 3707 2212 3776 μὲν
2251 3707 2478 3778 Πέρσαι,
2513 3705 2606 3759 ἀπ’
2657 3705 2830 3759 ἄλλων
2858 3706 2914 3758 δὲ
2962 3707 3130 3770 Ἰνδοὶ,
3159 3705 3191 3777 ἥ
3220 3705 3498 3768 Αἰθίοπες,
3537 3705 3567 3774 ῆ
3601 3703 3702 3757 ΛΖ·-

2113 3795 2344 3865 6υεςοῆ
2397 3795 2543 3856 ὅπως
2591 3793 2741 3861 φίλον
2796 3795 3044 3856 ἑκάστοις
3096 3791 3413 3864 ὀνομάζειν,
3451 3794 3520 3862 μὴ
3574 3791 3698 3861 μεί-

2113 3904 2266 3940 νασιν
2297 3886 2387 3939 ἐπὶ
2420 3887 2517 3957 τῆς
2550 3885 2772 3958 πρώτης
2805 3888 2900 3940 καὶ
2932 3886 3180 3956 καθαρᾶς
3221 3886 3432 3948 ἐννοίας
3457 3884 3545 3938 τοῦ
3586 3884 3697 3937 τῶν

2112 3980 2250 4034 ὅλων
2285 3981 2650 4052 Δημιουργοῦ.
2682 3981 2981 4052 Αὑτάρκως
3011 3980 3055 4033 δ’
3089 3982 3220 4051 ἡμῖν
3265 3981 3479 4051 εἴρηται
3517 3982 3609 4033 καὶ
3638 3982 3694 4032 ἐν

2110 4075 2221 4136 τοῖς
2249 4073 2354 4143 πρὸ
2381 4073 2602 4134 τούτων,
2637 4073 2978 4143 βουλομένοις
3009 4073 3356 4143 παραστῆσαι
3385 4073 3509 4142 μήτ’
3539 4074 3694 4125 αὑτὸν

2113 4160 2248 4218 εἶναι
2285 4165 2392 4236 (68)
2419 4163 2645 4218 Σαϐαὼθ
2674 4163 2840 4235 ἣΔία⁹
2865 4165 2954 4216 ὅτε
2989 4165 3084 4216 καὶ
3118 4165 3242 4234 περὶ
3275 4164 3382 4216 τῶν
3405 4163 3693 4217 διαλέκτων

2112 4271 2165 4306 τι
2187 4255 2294 4308 ἀπὸ
2327 4255 2434 4307 τῶν
2457 4254 2615 4308 θείων
2639 4253 3040 4324 παρετιθέμεθα
3071 4255 3433 4324 γραμμάτων.
3455 4255 3694 4318 Ἐκόντες

2112 4343 2206 4400 οὖν
2263 4345 2663 4418 ὑπερϐαίνομεν
2713 4345 2906 4408 ταῦτα,
2965 4347 3025 4400 ἐν
3075 4339 3154 4415 οἷς
3209 4347 3303 4399 ἐπὶ
3345 4347 3695 4416 ταυτολογίαν

437 4435 490 4488 in
525 4434 785 4506 religione
825 4433 1041 4504 qualem
1092 4434 1443 4504 aggreditur,
1491 4435 1800 4506 lmjusmodi
1835 4447 2006 4493 artem

2116 4441 2259 4512 ἡμᾶς
2283 4442 2312 4493 ὁ
2341 4441 2549 4503 Κέλσος
2579 4437 2753 4492 καλεῖ.
2784 4433 2942 4501 Εἶτα,
2973 4438 3132 4492 πάλιν
3161 4438 3346 4510 φύρων
3369 4439 3438 4490 τὰ
3469 4439 3576 4491 ἀπὸ
3601 4439 3694 4507 τῆς

436 4537 733 4585 exerceat:
769 4539 866 4585 aut
891 4529 1128 4584 fortasse
1159 4528 1385 4596 reSpicit
1428 4528 1491 4582 ad
1533 4544 1657 4594 eos,
1688 4531 1884 4599 quibus
1914 4545 2006 4584 so-

434 4621 614 4676 lemne
641 4623 854 4677 esthoc
882 4621 1114 4676 artiﬁcio
1159 4622 1236 4674 uti
1298 4633 1484 4674 coram
1534 4619 1909 4688 simplicibus,
1948 4631 2008 4676 ut

433 4711 682 4780 quaedam
731 4711 912 4766 divina
953 4720 1218 4781 potestate
1269 4709 1484 4764 ellicere
1519 4711 1825 4766 videantur.
1881 4712 2007 4767 Haec

433 4816 570 4858 vero
601 4811 730 4857 sunt
756 4801 873 4870 ejus
913 4803 1119 4858 verba:
1154 4821 1174 4855 ι
1207 4803 1350 4868 Quid
1380 4816 1516 4870 Opus
1555 4813 1639 4858 est
1678 4813 1736 4858 ut
1765 4818 2005 4859 comme-

434 4907 643 4948 morem
670 4891 793 4946 illos
821 4905 1048 4957 omnes,
1084 4895 1177 4962 qui
1225 4902 1318 4948 aut
1351 4893 1717 4963 expiationes,
1752 4903 1846 4948 aut
1875 4909 2003 4949 car-

435 4987 579 5041 mina
618 4998 891 5053 vocesque
935 4983 1200 5054 pellendis
1250 4985 1608 5054 arcendisque
1647 4986 2004 5043 incommodis

504 5105 834 5179 (65)_dma'l.
869 5103 1030 5179 _Libb.
1057 5102 1208 5179 editi,
1236 5101 1356 5179 [63;]
1403 5120 1570 5174 φησι,
1607 5105 1702 5159 sed
1738 5106 2007 5179 redundat

435 5174 567 5231 illud
597 5174 693 5241 ’ὡς
735 5174 885 5246 quod
920 5188 1032 5246 nee
1067 5174 1119 5226 in
1148 5174 1426 5246 puluitjus
1462 5188 1594 5246 mss.
1623 5184 1822 5228 exstat.
1855 5177 2002 5229 Prm-

433 5259 581 5302 terea
623 5242 846 5302 verbum
900 5243 1033 5316 φησί
1081 5242 1336 5298 collocari
1374 5243 1558 5297 malint
1615 5254 1741 5298 ante
1779 5246 2003 5299 τοιαῦτα

434 5333 908 5459 εθῗεὲῗέτοιαῦτᾳ.
941 5382 1362 5459 llqzscheliusin
1396 5389 1566 5459 textu,
1590 5381 1783 5459 ταῦτα.

505 5453 616 5557 (65)
669 5456 801 5512 Ἀπὸ
859 5455 1197 5523 Ἡροδότου.
1250 5453 1548 5517 llerodoL,
1602 5454 1699 5510 lib.
1745 5471 1820 5519 tv,
1875 5471 2001 5524 pag.

508 5530 534 5557 ρ
598 5529 603 5530 ,

435 5529 618 5666 2Ἰῖέϐ)
657 5599 1062 5667 Γογγόσυρον.
1102 5597 1192 5652 Sic
1228 5597 1425 5666 ubique
1455 5610 1644 5650 omnes
1678 5595 1836 5650 codd.
1871 5611 1997 5667 mss.

434 5665 1199 5736 Apnd’jnlg’atosiHerodoti
1256 5665 1456 5732 libros,
1508 5667 1819 5735 Οἱτόσυρον.
1877 5665 1999 5718 Mox

433 5733 590 5791 codd.
620 5733 836 5804 Regius,
870 5735 1216 5805 Basileeusis,
1249 5737 1538 5793 Vaticanus
1580 5748 1633 5793 et
1671 5733 2001 5806 Anglicanus

2119 4531 2360 4602 μαγικῆς
2387 4531 2641 4600 γοητείας
2668 4530 2762 4582 καὶ
2790 4529 3119 4601 προσάπτων
3164 4530 3304 4599 τάχα
3358 4531 3458 4599 μὲν
3500 4529 3692 4591 οὐδενὶ,

2114 4622 2193 4694 τῷ
2216 4621 2291 4694 μὴ
2310 4618 2444 4676 εἷναι
2473 4622 2599 4684 τοὺς
2629 4618 3099 4690 μαγγανεύονταςν
3145 4619 3415 4689 προφάσει
3436 4619 3535 4688 τῆς
3558 4618 3697 4672 κατὰ

2113 4716 2205 4768 τὸν
2237 4713 2559 4788 χαρακτῆρα
2595 4711 2784 4765 τοῦτον
2828 4709 3134 4774 θεοσεϐείας
3153 4748 3168 4772 ,
3202 4711 3344 4780 τάχα
3379 4710 3437 4762 δέ
3467 4728 3575 4764 τισι
3602 4710 3696 4764 καὶ

2115 4806 2251 4877 πρὸς
2296 4805 2422 4868 τοὺς
2454 4803 2887 4874 εύεξαπατήτους
2934 4802 3236 4873 χρωμένοις
3277 4802 3542 4865 τοιούτοις
3564 4844 3579 4868 ,
3613 4802 3696 4854 ἵνα

2111 4898 2314 4950 δοκοῖεν
2361 4895 2480 4966 θείᾳ
2527 4895 2752 4964 δυνάμει
2780 4911 2835 4946 τι
2865 4896 3066 4956 ποιεῖν,
3100 4892 3374 4946 ἐκτίθεται
3428 4911 3580 4960 τινα,
3609 4893 3694 4946 λέ-

2110 5005 2223 5058 γων
2246 5004 2259 5019 ·
2306 5007 2325 5040 ι
2362 4987 2426 5041 Τί
2459 5004 2527 5058 με
2551 4986 2630 5039 δεῖ
2653 4985 3010 5057 καταριθμεῖν
3064 4986 3179 5040 ὅσοι
3224 4985 3542 5056 καθαρμοὺς
3587 4985 3691 5040 ἐδί-

2113 5106 2842 5178 εθοιιηίιυεηϐαγιμασάδω
2881 5107 3018 5178 alii,
3052 5105 3430 5178 βατιμασάδα.
3477 5105 3688 5174 Vulgati

2114 5179 2371 5232 Herodoti
2407 5177 2550 5242 libri,
2583 5175 3017 5247 γΘαμιμασὰδην.
3053 5175 3257 5247 Ibidem
3285 5190 3500 5247 omnes
3524 5191 3688 5247 _mss.,

2125 5248 2526 5320 Ἀργίμπασαν.
2581 5244 2796 5317 Vulgati
2867 5244 3122 5300 Herodoti
3177 5245 3338 5311 libri,
3384 5244 3688 5316 ’Δρτίμπα-

2113 5335 2232 5373 σαν.

2183 5389 2293 5458 (67)
2347 5389 2508 5456 Ἐρεῒ.
2567 5385 2853 5458 Boherello
2905 5386 3117 5440 videtur
3170 5385 3310 5440 forte
3362 5385 3687 5456 legendum,

2107 5455 2340 5530 εἴρηται.
2375 5455 2484 5528 Ego
2519 5458 2657 5530 lego,
2683 5455 2813 5530 ἐρῶ.

2178 5523 2289 5598 (68)
2330 5523 2476 5595 Mil?
2509 5523 2694 5598 αὑτὸν
2716 5523 2915 5598 ίεῖνᾳι,
2951 5535 3056 5598 etc.
3090 5523 3302 5598 Δ(ἶιιίριρ
3336 5525 3686 5598 scribendum

2107 5591 2336 5663 Videtur,
2373 5591 2447 5670 μὴ
2487 5600 2599 5670 τὸν
2624 5597 2782 5670 αὐτὸν
2817 5593 2959 5670 sint
3002 5591 3289 5670 geGath-ﬂ
3319 5594 3437 5660 Δία,
3473 5595 3559 5649 Vcl
3593 5609 3689 5666 pa-

2109 5671 2234 5738 tius,
2268 5670 2341 5740 μὴ
2369 5663 2458 5722 τὸν
2487 5669 2646 5721 αὑτὸν
2679 5663 2813 5720 εἶναι
2851 5663 3076 5718 Σαϐαὼθ
3106 5663 3196 5715 καὶ
3220 5663 3335 5717 Δία.
