3990 6158
368 333 534 393 εδδἿ
1554 328 1833 387 CONTRA
1871 322 2147 382 CELSUM
2182 321 2309 377 LIB.
2346 319 2448 375 Vl.‘
3500 308 3636 362 I358

345 448 562 516 δαξαν,
596 449 629 521 ἢ
661 448 948 520 λυτηρίους
982 447 1144 518 ᾠδὰς,
1172 446 1205 517 ἢ
1247 446 1672 517 ἀποπομπίμους
1702 445 1901 515 φωνὰς,
1935 445 1967 514 ἢ

2074 441 2292 495 idoneas
2316 480 2330 505 ,
2375 446 2466 492 aut
2501 434 2703 489 formas
2734 431 3044 502 effigiesque
3074 429 3377 485 daemonum
3413 427 3593 483 facere
3617 473 3635 495 ,

349 542 647 605 ἐκτύπους
677 540 806 611 (69),
831 540 864 609 ἢ
886 541 1194 610 δαιμονίους
1217 540 1647 611 σχηματισμοὺς,
1669 537 1959 607 αἰσθητῶν,

2072 546 2159 591 aut
2187 535 2337 589 varia
2371 530 2693 587 amoliendis
2720 527 2998 583 veneficiis
3027 527 3261 582 remedia
3287 526 3339 580 in
3367 526 3631 589 vestibus,

349 632 393 703 ἢ
425 632 719 703 ἀριθμῶν,
763 633 796 703 ἢ
842 631 1034 698 λίθων,
1068 632 1102 704 ἢ
1135 631 1317 701 φυτῶν
1340 673 1354 697 ,
1388 631 1420 702 ἢ
1453 629 1617 701 ῥιζῶν
1639 670 1654 695 ,
1705 630 1799 682 καὶ
1829 630 1964 693 ὅλως

2072 629 2118 681 in
2156 625 2418 689 muneris,
2454 623 2505 675 in
2541 620 2844 690 lapidibus,
2880 618 2933 673 in
2962 618 3199 688 plantis,
3239 618 3291 671 in
3322 617 3638 681 radicibus,

348 723 737 777 παντοδαπῶν
767 724 1063 794 χρημάτων
1097 725 1327 777 παντοῖα
1355 721 1799 792 ἀλεξιφάρμακα;
1829 721 1965 791 Περὶ

2072 713 2120 765 in
2150 710 2391 781 cujusvis
2421 710 2656 777 denique
2688 707 2904 775 generis
2954 707 3112 761 rebus
3156 706 3402 760 invenire
3430 706 3639 761 docue-

352 807 445 867 ὧν
476 818 581 869 οὐκ
604 817 827 870 ἀπαιτεῖ
853 818 886 886 ἡ
896 816 1003 886 μᾶς
1029 813 1466 885 ἀπολογήσασθαι
1496 813 1557 866 τὸ
1582 812 1800 881 εὔλογον
1819 829 1833 842 ο
1870 812 1966 866 ἆτε

2072 802 2285 854 runt?»
2336 798 2499 869 662
2568 794 2715 861 Quas
2772 795 3185 850 criminationes
3240 810 3348 849 non
3400 796 3643 863 postulat

350 908 503 961 οὐδὲ
535 907 675 960 κατά
705 885 1246 978 ποσὸνένεχομένους
1274 905 1549 969 τοιαύταις
1578 903 1873 966 ὑπονοίαις.

2072 898 2215 944 recta
2246 889 2386 943 ratio
2409 898 2467 942 ut
2496 888 2807 943 refellamus
2831 926 2846 952 ,
2875 899 2999 939 cum
3029 885 3223 941 horum
3264 885 3552 940 criminum
3584 887 3639 941 in

436 1066 629 1140 Μετῖ
644 1084 815 1140 ταῦτα
847 1082 1228 1157 παραπλήσιόν
1263 1101 1316 1137 τι
1348 1086 1521 1137 ποιεῖν
1556 1102 1647 1155 μοι
1676 1083 1825 1137 δοκεῖ
1854 1086 1966 1147 τοῖς

348 1177 459 1249 διᾲ
512 1177 711 1249 πολλὴν
759 1178 860 1248 τὴν
903 1177 1039 1247 πρὸς
1095 1178 1453 1248 Χριστιανοὺς
1505 1176 1799 1247 ἀπέχθειαν
1853 1176 1969 1229 δια-

354 1242 786 1338 ϐεέαιουμένοις
810 1242 1093 1338 πρὸς-τοὺς
1110 1242 1376 1338 μηδαμῶς
1403 1242 1689 1329 εἰδόταςτά
1705 1267 1969 1337 Χριστια-

357 1357 508 1422 νῶν,
544 1360 628 1412 ὅτι
656 1358 763 1431 ἄρα
792 1361 859 1430 τῇ
892 1359 1058 1429 πείρα
1115 1359 1408 1429 κατείληφε
1459 1357 1568 1429 (70)
1613 1359 1969 1430 Χριστιανοὺς

360 1448 655 1513 ἐσθίοντας
684 1450 892 1521 σάρκας
925 1449 1171 1514 παιδίων,
1214 1451 1310 1503 καὶ
1340 1450 1518 1521 μίξεσι
1562 1453 1683 1513 ταῖς
1707 1450 1840 1521 πρὸς
1872 1450 1970 1513 τὰς

364 1540 510 1611 παρ’
563 1541 748 1603 αὐτοῖς
798 1542 1063 1609 γυναῖκας
1108 1540 1302 1611 ἀνέδην
1343 1540 1453 1610 (71)
1496 1539 1830 1612 χρωμένους.
1882 1540 1970 1602 Ὠς

364 1633 489 1704 γὰρ
515 1632 687 1686 ταῦτα
716 1632 983 1704 λεγόμενα
1035 1633 1135 1704 ἥδη
1170 1634 1264 1686 καί
1300 1632 1406 1685 ὑπὸ
1450 1631 1561 1685 τῶν
1610 1631 1840 1696 πολλῶν,
1876 1629 1970 1683 καὶ

366 1725 560 1796 πάντη
614 1725 908 1797 ἀλλοτρίων
938 1726 1040 1795 τῆς
1071 1725 1193 1779 καθ’
1242 1726 1391 1796 ἡμᾶς
1423 1724 1753 1789 θεοσεϐείας,
1804 1742 1970 1778 κατα-

366 1817 745 1888 γιγνώσκεται
781 1819 858 1882 ὡς
884 1818 1297 1890 κατεψευσμένοι
1346 1819 1686 1889 Χριστιανῶν
1717 1835 1731 1848 ·
1796 1816 1970 1882 οὕτως

368 1908 631 1981 εὑρεθείη
663 1910 728 1963 ἂν
760 1910 852 1964 καί
880 1909 947 1963 τὰ
979 1908 1200 1963 τοιαῦτα
1241 1908 1321 1980 τῷ
1366 1910 1557 1980 Κέλσῳ
1603 1909 1972 1981 κατεψευσμέ-

366 2017 488 2063 νως
518 2000 781 2072 εἰρημένα
804 2039 819 2064 ,
846 2001 904 2053 ἐν
929 1994 1009 2063 οἷς
1034 2000 1234 2070 ἔφησεν
1262 2018 1282 2051 ι
1316 2000 1623 2071 ἑωρακέναι
1678 2001 1830 2073 παρά
1860 2019 1969 2055 τισι

371 2092 801 2165 πρεσϐυτέροις,
843 2093 941 2163 τῆς
972 2095 1243 2165 ἡμετέρας
1303 2094 1463 2165 δόξης
1496 2095 1857 2166 τυγχάνουσι,
1888 2096 1971 2166 βι-

364 2183 505 2236 ϐλία
531 2184 802 2254 βάρϐαρα,
832 2184 1102 2254 δαιμόνων
1148 2185 1389 2255 ὀνόματα
1445 2184 1633 2255 ἔχοντα
1670 2185 1764 2237 καὶ
1806 2203 1971 2257 τερα-

370 2276 533 2339 τείας
553 2292 565 2305 ·
581 2277 706 2328 ικαὶ
730 2276 986 2344 ἕφασκε,‹
1013 2276 1232 2340 τούτους
1252 2279 1375 2341 τοὺς
1393 2278 1550 2347 δῆθεν
1572 2277 1972 2348 πρεσϐυτέρους

366 2364 479 2433 τῆς
512 2365 787 2437 ἡμετέρας
812 2366 971 2438 δόξης
998 2367 1150 2419 οὐδὲν
1187 2368 1285 2436 μὲν
1313 2367 1547 2437 χρηστὸν
1575 2368 1968 2438 ὑπισχνεῖσθαι,

372 2459 560 2512 πάντα
586 2460 628 2511 δ’
662 2463 749 2513 ἐπ’
792 2460 1093 2530 ἀνθρώπιον
1131 2460 1376 2531 βλάϐαις.
1419 2481 1438 2511 ι
1474 2462 1583 2515 Καὶ
1632 2462 1742 2515 εἴοε
1789 2464 1973 2517 πάντα

372 2551 451 2605 τὰ
481 2552 586 2603 ὑπὸ
622 2552 831 2604 Κέλσου
881 2553 1024 2605 κατά
1062 2551 1401 2623 Χριστιανῶν
1431 2552 1695 2623 λεγόμενα
1749 2555 1972 2608 τοιαῦτα

374 2638 473 2714 ἧνι
510 2644 576 2696 ἵν’
607 2644 709 2696 ὑπὸ
741 2643 847 2696 τῶν
881 2642 1145 2697 πλείστων
1180 2644 1487 2716 ἐλέγχηται,
1520 2647 1685 2718 πείρᾳ
1730 2649 1969 2701 καταλαυ

376 2735 586 2787 δόντων
611 2734 680 2787 τὰ
710 2734 932 2788 τοιαῦτα
960 2731 1099 2788 εἷναι
1126 2734 1295 2805 ψευδῆ
1326 2736 1391 2787 ὲκ
1426 2737 1517 2789 τοῦ
1544 2738 1636 2789 καὶ
1664 2738 1970 2807 συμϐεϐιω-

378 2826 537 2879 κέναι
568 2826 905 2897 Χριστιανῶν
941 2828 1054 2889 τοῖς
1097 2826 1401 2891 πλείστοις,
1435 2828 1525 2880 καὶ
1557 2828 1722 2898 μηδὲν
1765 2829 1973 2882 τοιοῦτο

377 2919 513 2988 περὶ
540 2918 719 2971 αὐτῶν
750 2918 871 2988 μηδ’
904 2918 1218 2988 ἀκηκοέναι.

452 3011 605 3065 Μετά
664 3011 873 3075 ταῦτα,
937 3010 1176 3082 ὡσπερεὶ
1239 3011 1623 3082 ἐπιλαθόμενος
1678 3012 1761 3065 ὅτι
1832 3013 1970 3066 κατά

377 3102 721 3177 Χριστιανῶν
754 3100 903 3172 αὐτῷ
934 3102 1216 3171 πρόκειται
1243 3104 1497 3172 γράφειν,
1526 3102 1656 3173 φησί
1680 3121 1692 3133 ·
1735 3122 1753 3154 ι
1788 3104 1973 3157 Διονύ·
2000 3121 2041 3179 C

381 3195 498 3249 σιόν
536 3212 688 3258 τινα,
721 3196 975 3267 μουσικὸν
1024 3194 1319 3262 Αἰγύπτιον
1354 3196 1746 3266 συγγενόμενον
1799 3195 1968 3266 αὐτῷ,

381 3284 812 3355 εἰρηκέναιπερὶ
837 3284 944 3336 τῶν
973 3283 1111 3336 κατά
1141 3284 1241 3353 τὴν
1272 3284 1520 3354 μαγείαν,
1544 3285 1625 3337 ὅτι
1649 3285 1784 3354 πρὸς
1809 3286 1972 3338 ἀπαι-

378 3374 602 3437 δεύτους
637 3376 732 3445 μὲν
765 3376 901 3444 αὐτὴ
935 3373 1154 3427 δύναται
1183 3377 1278 3427 καὶ
1309 3377 1446 3445 πρὸς
1482 3376 1879 3448 διαφθαρέντας
1903 3379 1973 3431 τὰ

383 3466 521 3537 ἢθη⁹
563 3466 696 3537 πρὸς
751 3466 806 3518 δὲ
858 3466 982 3528 τοὺς
1040 3465 1543 3537 φιλοσοφήσαντας,
1592 3468 1743 3521 οὐδὲν
1790 3469 1876 3522 οἶα
1912 3469 1972 3523 τέ

376 3561 531 3612 ἐστιν
559 3560 818 3626 ἐνεργεῖν,
848 3557 942 3611 ἆτε
964 3556 1064 3627 τῆς
1096 3558 1337 3629 ὑγιεινῆς
1359 3559 1567 3629 διαίτης
1599 3560 1973 3632 προνοησαμέ-

382 3669 528 3715 νους.
573 3670 590 3700 ι
624 3652 684 3703 ΕΞ
717 3652 814 3720 μὲν
847 3644 939 3703 οὖν
973 3649 1257 3720 προέκειτο
1289 3651 1416 3721 περὶ
1450 3652 1678 3723 μαγείας
1712 3651 1807 3704 νῦν
1839 3653 1972 3722 ἡμῖν

383 3744 677 3807 διαλαϐεῖν,
703 3742 804 3796 κᾶν
839 3742 1254 3813 προσεθήκαμεν
1274 3737 1353 3806 οἷς
1377 3744 1630 3815 ἀνωτέρω
1650 3745 1776 3814 περὶ
1802 3744 1972 3814 αὐτῆς

384 3837 683 3905 εἰρήκαμεν
713 3834 794 3896 εἰς
841 3833 999 3886 τοῦτο
1030 3834 1186 3901 ὀλίγα
1205 3851 1219 3864 ο
1256 3834 1377 3887 ἐπεὶ
1403 3834 1459 3887 δὲ
1493 3834 1560 3887 τὰ
1587 3836 1972 3907 ἐπικαιρότερα

386 3925 492 3994 χρὴ
518 3923 694 3991 λέγειν
718 3924 855 3994 πρὸς
880 3923 941 3976 τὸ
960 3924 1170 3978 Κέλσου
1197 3924 1552 3996 σύγγραμμα,
1586 3927 1711 3998 περὶ
1739 3927 1971 3996 μαγείας

387 4014 599 4084 φαμὲν,
631 4014 713 4066 ὅτι
747 4015 775 4066 ό
805 4014 1122 4084 βουλόμενος
1160 4015 1431 4081 ἐξετάσαι,
1459 4016 1683 4087 πότερόν
1718 4034 1846 4070 ποτε
1878 4018 1971 4071 καὶ

389 4108 663 4175 φιλόσοφοι
696 4107 890 4159 ἁλωτοί
923 4108 1060 4159 εἰσιν
1094 4106 1229 4178 αὐτῇ
1256 4107 1288 4177 ἢ
1320 4108 1545 4178 μὴ(72),
1576 4107 1870 4176 ἀναγνώτω
1900 4110 1969 4162 τὰ

388 4198 746 4269 γεγραμμένα
784 4197 1112 4267 Μοιραγένει
1163 4197 1270 4251 τῶν
1315 4197 1667 4251 Ἀπολλωνίου
1719 4199 1811 4251 τοῦ
1863 4198 1969 4250 Τυ-

388 4287 559 4349 ανέως
596 4287 769 4356 μάγου
802 4286 897 4338 καὶ
926 4286 1210 4354 φιλοσόφου
1261 4286 1833 4357 ἀπομνημονευμάτων
1857 4304 1870 4318 ·
1913 4288 1970 4341 ὲν

389 4374 469 4442 οἷς
502 4382 530 4431 ὁ
566 4379 639 4449 μὴ
670 4376 1013 4448 Χριστιανὸς,
1036 4375 1171 4430 ἀλλά
1194 4375 1499 4445 φιλόσοφος,
1533 4375 1733 4447 ἔφησεν
1766 4377 1970 4431 ἁλῶναι

2069 995 2169 1035 nos
2196 993 2266 1034 ne
2288 978 2562 1034 levissima
2590 976 2808 1046 quidem
2848 979 3087 1047 suspicio
3120 978 3429 1033 conveniat.

2138 1071 2228 1125 40.
2249 1068 2303 1122 In
2338 1071 2424 1133 iis,
2442 1067 2954 1138 quaeCelsus‘addit,
2979 1069 3109 1124 mihi
3129 1070 3342 1125 videtur
3368 1069 3474 1124 illis
3490 1070 3645 1125 simi-

2070 1162 2157 1229 lis,
2189 1162 2279 1231 qui
2310 1160 2527 1216 infeuso
2559 1161 2821 1213 adversus
2848 1158 3188 1215 Christianos
3218 1162 3343 1216 odio
3369 1160 3642 1215 affirmant

2069 1268 2255 1307 coram
2320 1250 2975 1321 hominibus'religionis
3039 1250 3363 1307 Christianae
3419 1253 3642 1324 ignaris,

2068 1342 2406 1397 Christianos
2436 1340 2503 1394 ab
2530 1341 2663 1410 ipsis
2696 1341 3063 1410 deprehensos
3089 1340 3274 1406 fuisse,
3309 1342 3439 1396 dum
3462 1343 3643 1396 carni-

2072 1435 2173 1490 bus
2205 1433 2597 1488 infantulorum
2625 1444 2985 1494 vescerentur
3019 1441 3076 1486 et
3105 1447 3230 1487 cum
3264 1431 3487 1487 feminis
3513 1449 3640 1503 pro-

2070 1526 2281 1581 miscue
2312 1527 2430 1582 sine
2474 1531 2684 1595 pudore
2731 1545 2848 1586 rem
2896 1527 3181 1582 haberent.
3241 1524 3311 1580 Ut
3357 1526 3500 1579 enim
3530 1526 3641 1595 jam

2073 1628 2412 1689 compertum
2469 1628 2554 1674 est
2610 1622 2794 1677 multis
2837 1620 3013 1687 iisque
3061 1631 3092 1671 a
3144 1624 3331 1671 nostra
3382 1615 3645 1683 religione

2074 1723 2298 1778 prorsus
2321 1710 2511 1767 alienis
2536 1709 2844 1779 huiusmodi
2870 1708 3172 1763 calumnias
3196 1705 3464 1762 confictas
3487 1720 3641 1769 esse.

2000 1782 2042 1837 Β
2071 1800 2151 1856 sic
2175 1801 2339 1856 etiam
2366 1802 2485 1857 falsi
2513 1802 2928 1857 convinceretur
2961 1801 3012 1854 id
3042 1799 3184 1868 quod
3224 1797 3392 1853 refert
3422 1797 3641 1862 Celsus,

2077 1909 2098 1943 ι
2127 1892 2331 1947 vidisse
2362 1907 2420 1947 se
2449 1892 2590 1963 apud
2615 1892 2879 1961 quosdam
2908 1900 3108 1944 nostrse
3128 1889 3406 1960 religionis
3430 1891 3647 1959 presby-

2072 1991 2220 2039 teros
2250 1984 2415 2039 libros
2439 1983 2705 2039 barbaros
2729 2023 2743 2047 ,
2771 1985 2825 2037 in
2866 1984 3061 2052 quibus
3090 1984 3391 2036 dazmonum
3426 1980 3647 2035 nomina

2073 2087 2128 2131 et
2187 2078 2475 2147 praestigize
2526 2076 2869 2132 videbantur.
2906 2095 2924 2128 ι
2980 2073 3190 2141 Quibus
3237 2074 3421 2129 subdit
3470 2092 3488 2125 ι
3521 2072 3648 2129 illos

2076 2167 2245 2221 nostri
2280 2167 2455 2223 cultus
2481 2170 2838 2238 presbyteros
2890 2166 3022 2220 nihil
3065 2166 3227 2231 boni,
3283 2164 3419 2219 nihil
3448 2164 3548 2219 nisi
3586 2165 3638 2218 iu

2076 2259 2359 2313 hominum
2384 2261 2687 2327 perniciem
2719 2257 2983 2327 polliceri.
3014 2275 3035 2309 ι
3073 2254 3291 2311 Utinam
3321 2256 3412 2310 his
3436 2255 3644 2312 similia

2074 2359 2260 2404 essent
2288 2352 2493 2415 omnia,
2526 2366 2649 2421 qua:
2673 2360 2859 2405 contra
2888 2348 3230 2402 Christianos
3257 2360 3286 2400 a
3318 2345 3476 2402 Celso
3498 2348 3643 2400 dicta

2073 2452 2223 2495 sunt.
2258 2441 2395 2496 Tum
2426 2442 2569 2497 enim
2600 2442 2847 2513 plerique
2891 2455 2950 2495 re
2984 2440 3098 2507 ipsa
3130 2439 3339 2509 experti
3372 2438 3644 2506 intellige-

2077 2540 2200 2585 rent
2234 2547 2383 2585 mera
2421 2546 2545 2587 esse
2578 2530 2860 2587 mendacia
2888 2549 2902 2595 ;
2935 2530 3134 2599 quippe
3159 2529 3249 2597 qui
3281 2527 3413 2582 nihil
3449 2530 3515 2582 de
3544 2528 3646 2582 hu-

2069 2621 2306 2691 jusmodi
2344 2621 2504 2675 rebus
2532 2620 2859 2685 audierunt,
2888 2618 3013 2674 licet
3044 2632 3167 2673 cum
3195 2616 3521 2672 Christianis
3548 2630 3635 2671 so-

2075 2714 2326 2767 cietatem
2352 2710 2661 2767 habuerint.

2142 2911 2231 2964 41.
2270 2908 2459 2964 Postea
2484 2916 2747 2977 tanquam
2774 2904 2973 2960 oblitus
3001 2919 3058 2958 se
3084 2913 3276 2959 contra
3299 2902 3641 2959 Christianos

2074 3017 2237 3072 agere
2266 3022 2283 3056 ι
2310 3020 2330 3053 ι
2370 3000 2584 3062 Audivi,
2620 3001 2829 3068 inquit,
2862 3012 2928 3052 ex
2960 2997 3220 3067 Dionysio
3246 2995 3480 3067 quodam
3524 3012 3644 3050 mu-

2076 3096 2190 3149 sico
2242 3092 2497 3162 Egyptio
2538 3105 2750 3145 mecum
2809 3098 3084 3153 versante,
3144 3088 3413 3158 magicam
3472 3098 3645 3142 artem

2075 3184 2278 3255 aliquid
2318 3197 2473 3250 posse
2517 3182 2573 3235 in
2611 3182 2832 3251 ignaros
2866 3188 2921 3235 et
2952 3180 3229 3249 corruptis
3265 3180 3509 3234 moribus
3545 3179 3647 3233 ho-

2074 3278 2289 3343 mines;
2347 3276 2400 3329 in
2436 3273 2791 3343 philosophos
2844 3282 3061 3338 autem,
3109 3272 3200 3341 qui
3240 3271 3447 3326 salubri
3475 3272 3653 3326 victus

2077 3374 2287 3429 ratione
2314 3382 2563 3434 utuntur,
2596 3368 2728 3423 nihil
2751 3368 2949 3423 habere
2980 3368 3204 3422 virium.
3231 3367 3371 3423 illic
3385 3369 3428 3423 si
3452 3369 3518 3421 de
3532 3376 3648 3421 arte

2075 3465 2285 3534 magica
2324 3460 2626 3516 disserendi
2666 3458 2955 3514 consilium
2986 3469 3155 3521 esset,
3190 3458 3255 3514 iis
3288 3474 3409 3528 quae
3429 3460 3544 3526 jam
3580 3458 3649 3512 de

2076 3555 2169 3608 illa
2204 3554 2315 3607 dixi
2358 3554 2559 3608 addere
2602 3550 2858 3603 nonnulla
2901 3563 3158 3618 possem:
3206 3550 3303 3603 sed
3343 3560 3563 3619 praestat
3594 3551 3649 3602 in

2076 3648 2144 3702 iis
2171 3647 2428 3700 insistere
2461 3657 2583 3712 qum
2614 3641 2839 3711 propius
2866 3641 2930 3695 ad
2961 3640 3101 3695 Celsi
3137 3639 3483 3707 scriptionem
3517 3656 3642 3709 per-

2077 3740 2269 3793 tinent.
2302 3737 2409 3803 Qui
2431 3736 2574 3791 scire
2601 3734 2833 3789 voluerit
2875 3733 3117 3803 possitne
3149 3732 3278 3803 quid
3318 3747 3387 3786 an
3418 3732 3553 3786 nihil
3590 3734 3643 3786 in

2073 3828 2427 3899 philosophos
2451 3842 2541 3881 ars
2571 3825 2781 3894 magica
2802 3862 2817 3888 ,
2858 3822 3004 3893 legat
3048 3823 3095 3877 is
3126 3822 3305 3876 editas
3340 3822 3409 3877 ab
3442 3820 3645 3877 Maera-

2074 3933 2210 3991 gene
2239 3934 2328 3972 res
2352 3917 2621 3987 Apollonii
2651 3914 2858 3985 Tyanei
2891 3915 3033 3984 magi
3060 3913 3221 3968 simul
3250 3923 3307 3968 et
3333 3914 3645 3983 philosophi

2075 4010 2477 4066 memorabiles.
2501 4010 2836 4077 Mmrageues
2852 4018 3033 4061 autem
3051 4005 3141 4060 ille
3154 4020 3260 4059 non
3277 4005 3647 4073 Christianus,

2074 4105 2168 4159 sed
2207 4104 2562 4172 philosophus
2607 4110 2749 4156 erat.
2793 4100 2981 4156 Refert
3020 4107 3203 4155 tamen
3238 4099 3503 4168 plurimos
3547 4114 3650 4153 nec

2074 4194 2339 4266 ignobiles
2365 4180 2718 4264 philosophos
2748 4192 2959 4260 magica
2995 4191 3266 4261 Apollonii
3297 4201 3416 4245 arte
3460 4202 3648 4261 captos

2073 4287 2241 4341 fuisse
2264 4284 2782 4354 etadeumquasiad
2803 4283 3190 4337 incantatorem
3223 4282 3535 4336 ventitasse.
3567 4281 3651 4335 ln-

2074 4387 2156 4432 ter
2179 4378 2313 4432 alios
2339 4378 2405 4432 de
2436 4377 2729 4446 Euphrate,
2750 4375 2964 4444 opinor,
2991 4375 3316 4429 mentionem
3348 4374 3477 4428 facit
3497 4382 3554 4429 et
3581 4375 3651 4429 de

389 4473 495 4524 ὑπὸ
520 4471 621 4541 τῆς
650 4473 709 4523 ὲν
757 4468 1093 4537 Ἀπολλωνίῳ
1154 4469 1383 4539 μαγείας
1409 4468 1508 4521 οὐκ
1533 4469 1776 4536 ἀγεννεῖς
1818 4487 1968 4534 τινας

2077 4469 2310 4539 quodam
2369 4469 2657 4538 Epicureo.
2709 4466 2873 4537 663
2917 4465 2975 4520 ld
3017 4479 3117 4520 nos
3163 4464 3240 4518 uti
3283 4466 3500 4533 propria
3546 4480 3649 4521 ex-

390 4564 729 4635 φιλοσόφους,
771 4562 846 4626 ῶς
885 4560 1022 4632 πρὸς
1071 4560 1242 4632 γόητα
1286 4559 1445 4613 αὑτὸν
1484 4558 1856 4624 εἰσελθόνταςο
1914 4563 1972 4616 ὲν

460 4745 574 4818 (69)
622 4743 976 4818 Ἐκτύπους.
1030 4744 1125 4799 Sic
1178 4742 1517 4818 Anglicanus
1553 4746 1799 4818 primus,
1836 4746 1960 4818 libri

394 4815 572 4869 autem
604 4817 732 4869 editi
777 4815 1047 4878 κτύπους,
1102 4828 1198 4882 pro
1242 4829 1349 4881 quo
1386 4815 1598 4883 legebat
1646 4816 1963 4872 Boherellus

394 4886 837 4958 cuminterprete
866 4885 1091 4941 Geleuio
1117 4883 1506 4958 corcoUQMos
1532 4899 1629 4953 pro
1655 4886 1960 4958 αἰσθητῶν,

393 4955 617 5077 ἓηόιέἱηο
644 4953 925 5023 legendum
957 4969 1079 5009 cum
1102 4955 1291 5011 eodem
1320 4953 1547 5010 Gelenio
1573 4964 1629 5009 et
1654 4953 1965 5025 Boherello,

428 5042 458 5076 σ
530 5040 653 5077 των.

428 5040 653 5077 συητων.

470 5023 967 5167 ῗξθῗῖνατείληφε.
999 5093 1154 5167 Legit
1195 5093 1539 5160 Boherellus,
1572 5095 1951 5167 κατειλήφασι.

410 5163 545 5218 \‘ide
561 5163 953 5234 fadnotatioiies
981 5163 1173 5234 ad_lib.
1199 5180 1240 5228 ι,
1261 5179 1540 5234 numerum
1559 5163 1816 5234 primum.

468 5232 578 5306 (7|)
617 5232 787 5307 Codd.
838 5233 1006 5307 393.,
1054 5231 1220 5288 Basil.
1268 5245 1325 5290 et
1373 5230 1689 5297 Vaticanus,
1739 5235 1952 5307 ἀνέδην.

394 5302 565 5360 Libb.
579 5304 730 5366 editi,
765 5302 1003 5372 ἀναίδην.

465 5374 579 5443 (72)
608 5376 673 5428 Ἠ
694 5371 805 5443 μή.
834 5371 999 5443 Recte
1019 5372 1175 5426 codd.
1200 5372 1333 5443 Reg.
1354 5380 1411 5443 et
1430 5372 1776 5429 Basileensis.
1801 5372 1958 5429 Libb.

396 5442 581 5500 autem
613 5442 765 5505 editi,
805 5446 853 5496 εί
886 5442 991 5512 μὴ,
1023 5443 1181 5500 male.
1217 5442 1337 5512 Mox
1386 5442 1581 5496 Guieto
1611 5446 1958 5499 scribendum

396 5462 581 5500 autem
613 5462 765 5505 eum,
805 5462 853 5496 ει
926 5462 991 5512 η,
1023 5462 1181 5500 mare.
1217 5462 1337 5495 mox
1386 5462 1581 5496 umero
1611 5462 1958 5499 SCI‘IDentlllm

396 5516 633 5575 videtur,
658 5462 989 5586 Μοιραγένει
1019 5511 1276 5586 περὶμτῶν
1315 5512 1691 5586 Ἀπολλωνίου,
1725 5513 1965 5586 ῡε-Μοε-

400 5602 600 5656 rageue
648 5581 785 5639 licec'
814 5581 1105 5656 adnutavit
1146 5581 1466 5656 Spencerus.
1518 5584 1588 5637 At
1628 5585 1763 5656 _ejns
1807 5583 1963 5641 libris

398 5651 558 5709 iid'em
609 5654 966 5710 adhibendam
1019 5664 1180 5718 negat
1211 5651 1589 5724 Philostratus,
1627 5651 1721 5708 lib.
1763 5670 1811 5715 ι.
1840 5670 1960 5724 cap.

398 5727 456 5784 5.
490 5726 561 5779 De
593 5728 698 5780 vita
728 5724 992 5795 Apollonii
1017 5737 1041 5795 ί
1065 5723 1139 5776 Οὐ
1178 5722 1294 5795 γὰρ
1330 5723 1677 5795 Μοιραγένει
1698 5742 1755 5778 τε
1788 5722 1959 5795 προσ-

402 5795 604 5860 εκτέον,
652 5795 829 5865 βιὸλία
874 5793 975 5864 μὲν
1018 5793 1311 5861 ξυντιθέντι
1364 5796 1420 5857 ἐς
1458 5794 1804 5850 Ἀπολλώνιον
1836 5793 1960 5848 τέτ-

2080 4561 2347 4632 perientia
2381 4568 2719 4629 compertum
2765 4559 3133 4623 aﬂirmamus,
3174 4556 3311 4612 nihil
3339 4571 3461 4614 esse
3497 4560 3643 4627 quod

2066 4766 2205 4820 ταρα
2226 4790 2240 4814 ,
2288 4748 2458 4802 πολλὰ
2610 4746 2719 4800 τῶν
2774 4747 3035 4820 περὶ-τὸν
3066 4745 3241 4820 ἄνδρα,
3271 4746 3641 4820 ἀγνιξήσαντι.

2071 4838 2090 4870 ι
2123 4817 2305 4887 Neque
2346 4833 2476 4871 vero
2521 4817 2813 4887 Mterageni
2850 4817 2989 4870 tides
3035 4827 3119 4871 est
3156 4817 3497 4887 adhibenda,
3546 4821 3643 4886 qui

2067 4886 2231 4943 libros
2254 4889 2320 4941 de
2337 4887 2621 4951 Apollonio
2655 4886 2888 4955 quatuor
2912 4888 3183 4951 scribens,
3199 4887 3367 4941 multa
3399 4886 3517 4955 ejus
3540 4888 3647 4942 viri

2065 4967 2213 5031 gesta
2256 4958 2519 5031 ignorare
2566 4958 2715 5031 visus
2740 4966 2844 5011 est.
2873 4974 2891 5008 ι
2928 4956 2985 5031 In
3018 4957 3182 5011 dubio
3211 4971 3356 5021 sum,
3392 4971 3462 5031 an
3492 4971 3649 5031 eunt-

2066 5026 2188 5083 item
2226 5028 2403 5097 signet
2435 5028 2574 5097 libro
2601 5028 2810 5095 quinto,
2841 5028 3021 5097 capite
3052 5036 3229 5089 sexto,
3267 5042 3389 5083 cum
3433 5026 3641 5097 Darnis,

2064 5107 2120 5152 et
2154 5095 2416 5151 Maximus
2453 5095 2794 5166 Aiginensis,
2831 5106 2967 5151 teste
3000 5095 3357 5157 Philostrato,
3384 5097 3450 5166 de
3480 5095 3645 5166 Apol-

2068 5168 2198 5222 lonii
2230 5169 2397 5236 gestis
2438 5164 2859 5222 commentarios
2892 5167 3213 5237 scripserint
3252 5185 3264 5219 :
3302 5165 3413 5217 Καὶ
3451 5164 3641 5237 taceo

2066 5237 2133 5320 τὰ
2162 5232 2255 5320 τού
2293 5237 2632 5320 ἓίουσωνίρυ,
2666 5237 2838 5320 πλείω
2883 5232 3643 5320 δνταζκαὶὶθαυμασιώτεραὶ,

2175 5308 2250 5395 μὴ
2288 5306 3099 5395 δοκῇτῑιν.θρεςιέγεεξ9αξ,ῖξρξε
3119 5302 3472 5395 «esse:
3503 5302 3646 5395 αἰέῖεέ

2066 5374 2306 5432 εἰπόντα.
2350 5399 2367 5430 ι
2395 5374 2467 5432 Et
2494 5374 2841 5433 de'Musonio
2884 5374 3102 5443 quidem
3150 5374 3490 5436 omittantur,
3523 5388 3647 5440 qua:

2064 5451 2219 5517 plura
2266 5460 2425 5511 sunt,
2471 5458 2634 5517 atque
2668 5446 3033 5517 mirabiliora;
3065 5457 3134 5497 ne
3161 5443 3350 5497 videar
3384 5444 3646 5517 adversus

2062 5512 2183 5573 eum
2230 5521 2489 5574 audacius
2542 5512 2826 5576 insultare,
2858 5514 2949 5583 qui
2982 5513 3098 5567 haec
3128 5521 3332 5583 temere
3369 5512 3647 5583 negligen-

2063 5601 2250 5657 terque
2299 5589 2559 5642 narravit.
2595 5581 3001 5657 iiMoerageu‘is
3056 5581 3306 5657 meminit
3377 5581 3641 5657 Tietzes,

2060 5651 2189 5713 chil'.
2219 5676 2280 5723 ιι,
2314 5661 2441 5715 hist.
2469 5659 2566 5724 60;
2598 5651 2892 5721 Plutarchi,
2923 5653 3015 5709 lib.
3044 5668 3097 5709 tv
3131 5651 3401 5724 Sympos.,
3432 5668 3554 5725 cap.
3583 5652 3640 5708 5.

2062 5729 2319 5810 Spumea.
