3990 6158
357 350 517 409 15ὓὸ

1549 348 1832 406 CONTRA
1869 343 2145 404 CELSUM
2184 344 2312 401 LlB.
2345 342 2433 400 Vl.

3504 344 3645 402 {566

352 470 529 537 δντες
572 471 683 535 τοῖς
722 470 829 525 ἀπὸ
873 469 968 524 τοῦ
1016 472 1218 544 κλήρου
1267 469 1361 524 τοῦ
1408 469 1578 536 Θεοῦ,
1628 470 1823 541 ἕρημοί
1857 473 1942 525 εἰσ

2071 484 2171 539 pro
2202 483 2297 524 sua
2345 465 2693 538 improbitate
2728 465 2794 520 ad
2832 463 3033 521 malum
3080 463 3231 521 illum
3262 465 3576 538 pertinent,
3602 470 3639 526 ii

352 564 531 619 Θεοῦ.
581 562 739 617 Ἀλλὰ
778 565 871 617 καὶ
902 565 951 617 οἰ
984 566 1041 617 ὲν
1066 568 1178 628 τοῖς
1207 564 1440 634 Κριταῖς
1468 562 1572 615 υἱοί
1604 562 1800 634 Βελίαρ
1829 563 1960 633 (94),

353 649 521 720 τινος
554 656 714 711 ἄλλου
747 655 781 727 ἦ
814 655 1005 710 τούτου
1032 656 1279 726 λέγονται
1319 652 1459 710 εἶναι
1494 641 1599 709 uici
1633 655 1719 709 διὰ
1748 656 1846 726 τὴν
1876 672 1965 709 πο-

356 750 610 821 νηρίαν;
644 747 839 817 Σαφῶς
889 749 979 815 δὲ,
1019 749 1170 821 παρά
1202 748 1376 803 ταῦτα
1419 748 1595 803 πάντα
1615 789 1630 812 ,
1662 748 1721 801 ὲν
1753 748 1830 818 τῷ
1863 749 1963 819 ἀρ-

356 842 643 913 χαιοτέρῳ
675 841 769 895 καὶ
798 842 1077 906 Μωῦσέως
1122 841 1286 896 αὐτοῦ
1332 840 1453 895 Ἰὼϐ
1491 843 1520 895 ὁ
1551 840 1795 903 διάϐολος
1827 841 1961 894 ἁνα-

356 932 685 1004 γέγραπται
710 931 1076 1003 παρίστασθαι
1109 931 1188 1002 τῷ
1222 930 1361 1002 Θεῷ,
1388 930 1480 984 καὶ
1501 932 1672 984 αἰτεῖν
1691 930 1792 1001 τὴν
1820 928 1963 983 κατὰ

355 1024 467 1077 τοῦ
513 1023 630 1077 Ἰὼϐ
664 1023 944 1089 ἐξουσίαν,
979 1025 1045 1077 ἵν’
1091 1023 1255 1077 αὑτὸν
1297 1024 1565 1095 περιϐάλῃ
1607 1023 1961 1095 περιστάσεσι

360 1114 709 1185 βαρυτάταις
732 1133 745 1145 ·
776 1115 968 1188 πρώτῃ
1000 1116 1099 1186 μὲν
1143 1118 1207 1187 τῇ
1252 1116 1469 1170 πάντων
1502 1115 1615 1187 (95)
1644 1114 1753 1168 τῶν
1787 1114 1963 1186 ὑπαρ-

358 1206 577 1277 χόντων
624 1208 773 1279 αύτῷ
812 1210 908 1263 καὶ
944 1208 1052 1263 τῶν
1085 1210 1291 1263 τέκνων
1335 1208 1500 1263 αὐτοῦ
1533 1209 1809 1280 ἀπωλείᾳ,
1843 1209 1961 1261 δευ-

356 1297 508 1369 τέρᾳ
557 1298 613 1351 δὲ
652 1300 794 1352 κατὰ
825 1300 885 1352 τὸ
918 1296 1232 1370 περιϐαλεῖν
1264 1300 1427 1353 αὐτὸν
1468 1299 1644 1371 ἀγρίῳ
1684 1298 1958 1369 ἐλέφαντι,

357 1388 450 1458 τῷ
478 1389 619 1442 οῦτω
643 1390 802 1444 καλου
813 1391 957 1462 μένῳ
987 1395 1116 1462 νοσή
1127 1410 1276 1463 ματι.
1298 1394 1404 1445 πᾶν
1427 1391 1487 1444 τὸ
1507 1390 1666 1461 σῶμα
1689 1390 1781 1443 τοῦ
1815 1391 1954 1444 Ἰώϐ.

376 1479 490 1531 Ἐῶ
515 1480 623 1551 γὰρ
649 1481 716 1535 τὰ
743 1481 850 1534 ἀπὸ
879 1482 985 1535 τῶν
1018 1482 1365 1551 Εὐαγγελίων
1395 1484 1521 1554 περὶ
1554 1483 1646 1535 τοῦ
1679 1482 1958 1553 πειράζον-

358 1588 463 1634 τος
491 1570 579 1623 τὸν
605 1572 833 1643 Σωτῆρα
859 1573 1125 1639 διαϐόλου,
1155 1575 1241 1627 ἵνα
1272 1574 1346 1646 μὴ
1378 1575 1514 1639 δόξω
1539 1575 1645 1628 ἀπὸ
1678 1574 1957 1645 νεωτέρων

360 1660 601 1732 γραφῶν
644 1663 828 1735 φέρειν
869 1664 937 1717 τὰ
984 1665 1112 1736 περ)⁵
1161 1664 1253 1718 τοῦ
1300 1664 1629 1735 ζητουμένου
1678 1665 1815 1736 πρὸς
1864 1666 1956 1719 τὸν

361 1754 597 1808 Κέλσον.
633 1756 743 1808 Καὶ
777 1758 834 1809 ὲν
866 1758 976 1820 τοῖς
1012 1757 1339 1821 τελευταίοις
1368 1756 1425 1809 δὲ
1457 1756 1552 1810 τοῦ
1593 1755 1745 1821 Ἰὼϐ,
1776 1759 1834 1810 ὲν
1874 1752 1955 1819 οἷς

2068 577 2189 616 cum
2220 560 2329 615 sint
2360 560 2493 615 sorti
2525 559 2722 615 divina:
2764 556 3001 624 infensi,
3047 560 3296 628 procula
3342 560 3455 617 Deo
3493 562 3643 618 able-

2066 662 2281 723 gantur.
2324 652 2431 708 Sed
2462 660 2517 707 et
2562 651 2640 705 illi
2675 649 2775 705 ﬁlii
2821 648 3013 715 Belial,
3065 651 3131 706 de
3156 652 3356 721 quibus
3409 654 3465 708 in
3495 653 3639 709 libro

2065 744 2313 799 Judicum
2345 744 2425 810 ⁷⁸,
2471 744 2696 811 cujusne
2735 743 2828 798 ﬁlii
2861 753 3085 814 propter
3112 746 3520 817 improbitatem
3552 750 3638 805 di—

2066 845 2267 890 cuntur
2296 850 2438 903 esse,
2467 847 2831 907 praeterquam
2856 837 3098 906 ejusdem
3131 838 3276 895 illius
3301 841 3472 897 mali?
3496 842 3643 899 Prae»

2066 935 2212 982 terea
2244 928 2297 981 in
2329 927 2467 983 libro
2497 928 2658 985 Job"
2703 929 3017 1001 Moyseipso
3036 932 3359 1003 antiquioris
3390 934 3639 993 diabolus

2061 1017 2260 1087 legitur
2279 1020 2520 1075 astitisse
2552 1035 2735 1075 coram
2761 1022 2894 1085 Deo,
2929 1033 2983 1077 et
3014 1025 3237 1092 petiisse
3275 1034 3335 1079 ut
3366 1026 3473 1081 sibi
3501 1026 3638 1084 lice‘

2062 1119 2146 1164 ret
2176 1109 2324 1164 illum
2358 1111 2696 1179 gravissimis
2722 1111 2934 1168 aﬂicere
2959 1114 3223 1172 molestiis
3246 1156 3261 1182 ,
3291 1132 3356 1173 ac
3401 1119 3637 1187 primum

2063 1200 2282 1269 quidem
2330 1202 2571 1255 omnium
2620 1202 2945 1259 facultatum
2995 1206 3340 1277 ﬁliorumque
3376 1208 3636 1279 jactura,

2060 1291 2255 1345 deinde
2286 1292 2557 1347 horrendo
2592 1293 2683 1348 illo
2714 1294 2940 1361 morbo,
2978 1298 3072 1365 qui
3115 1298 3261 1369 lepra
3303 1302 3637 1357 nominatur.

2058 1384 2228 1455 666
2250 1383 2423 1440 Taceo
2448 1401 2569 1455 quae
2594 1397 2821 1442 narrant
2842 1389 3137 1459 Evangelia
3158 1391 3203 1423 ⁷²
3229 1391 3294 1446 de
3309 1393 3522 1448 diabolo
3542 1397 3636 1466 qui

2059 1478 2403 1535 Sztlvatorem
2445 1481 2698 1547 tentavit,
2725 1497 2793 1537 ne
2822 1483 2874 1537 in
2908 1497 3000 1548 re,
3051 1500 3171 1554 qua:
3199 1497 3389 1541 contra
3420 1488 3635 1545 Celsum

2058 1570 2260 1638 agitur,
2294 1572 2661 1625 recentiorum
2707 1574 3034 1643 scriptorum
3077 1579 3403 1633 auctoritate
3448 1579 3526 1634 nti
3556 1581 3636 1635 vi-

2059 1659 2208 1714 dear.
2241 1660 2304 1713 Et
2326 1660 2427 1714 sub
2452 1662 2614 1715 ﬁnem
2642 1662 2791 1729 libri,
2818 1665 2908 1733 qui
2935 1664 3056 1720 Jobi
3082 1682 3277 1722 nomen
3306 1669 3526 1737 praefert
3553 1669 3634 1738 ⁷⁸,

2057 1750 2148 1804 ubi
2175 1748 2434 1805 Dominus
2462 1767 2529 1807 ex
2564 1753 2779 1808 turbine
2809 1764 2863 1809 et
2891 1756 3128 1812 nubibus
3143 1772 3266 1812 cum
3295 1756 3431 1814 Jobo
3457 1760 3636 1830 loqui-

359 1846 394 1897 ὁ
443 1845 643 1924 Κύριος
678 1846 766 1900 διά
817 1847 1077 1912 λαίλαπος
1122 1848 1216 1902 καὶ
1266 1848 1505 1918 νεφελῶν
1547 1844 1668 1901 εἷπε
1709 1848 1787 1919 τῷ
1832 1847 1946 1902 Ἰὼϐ

2058 1850 2164 1908 tur,
2199 1857 2304 1898 non
2344 1858 2517 1914 pauca
2554 1843 2811 1914 leguntur
2852 1847 2921 1901 de
2951 1847 3211 1904 dracone.
3249 1848 3389 1916 Quid
3422 1866 3633 1907 memo-

356 1935 436 1991 τὰ
464 1936 926 2013 ἀναγεγραμμένα
955 1942 1013 1993 ὲν
1044 1943 1107 2011 τῇ
1138 1940 1413 2011 ὁμωνύμῳ
1442 1940 1609 2011 βίϐλῳ
1637 1939 1824 2005 αὑτοῦ,
1850 1941 1951 1995 ούκ

356 2025 521 2095 ὀλίγα
552 2028 667 2081 ἐστὶ
712 2030 841 2100 περὶ
885 2030 1179 2101 δράκοντος
1221 2033 1486 2104 εἰρημένα
1533 2031 1736 2087 λαϐεῖν.
1784 2031 1952 2086 Οὔπω

2058 1947 2171 1988 rem
2221 1949 2341 2003 quas
2390 1935 2525 1991 dicit
2564 1934 2823 1993 Ezechiel
2865 1940 3020 2008 quasi
3078 1940 3145 1995 de
3195 1939 3503 2009 Pharaone,
3538 1950 3634 1998 aut

2062 2024 2628 2093 Nabucltodonosore,
2658 2038 2750 2083 aut
2777 2030 3023 2099 principe
3051 2031 3180 2103 Tyri
3207 2033 3522 2101 loqueretur
3546 2033 3641 2089 "?

358 2114 508 2184 λέγω
534 2118 628 2171 καὶ
653 2117 721 2172 τὰ
745 2118 853 2173 ἀπὸ
885 2119 978 2172 τοῦ
1012 2119 1271 2192 Ἰεξεκιὴλ
1297 2121 1373 2183 ὼς
1390 2119 1517 2192 περὶ
1538 2118 1759 2190 Φαραὼ,
1781 2119 1813 2191 ἢ
1840 2120 1946 2172 Να-

2055 2116 2159 2173 Nec
2186 2116 2518 2174 etiamlsaia:
2538 2119 2603 2175 de
2633 2119 2924 2192 Babylonis
2939 2137 3068 2193 rege
3094 2122 3329 2180 referam
3365 2126 3631 2183 lamenta-

358 2207 746 2283 ϐουχοδονόσορ
782 2211 913 2283 (96),
955 2213 986 2284 ἢ
1020 2213 1279 2284 ἄρχοντος
1311 2214 1517 2286 Τύρου’
1554 2215 1588 2287 ἢ
1620 2213 1686 2267 τὰ
1720 2213 1827 2267 ἀπὸ
1855 2212 1946 2266 τοῦ

2055 2208 2250 2263 tionem
2277 2208 2323 2241 ⁷³
2344 2226 2357 2275 ;
2377 2223 2442 2264 ex
2469 2211 2668 2279 quibus
2683 2214 2933 2270 omnibus
2946 2215 3158 2272 discere
3189 2218 3412 2272 estliinc
3429 2219 3631 2277 malum

370 2298 630 2366 Ἡσαΐου,
680 2303 739 2355 ἐν
780 2298 862 2367 οἷς
886 2298 1181 2376 θρηνεῖται
1213 2307 1241 2357 ὀ
1289 2303 1542 2372 βασιλεὺς
1598 2304 1946 2367 Βαϐυλῶνος·

2055 2302 2315 2373 originem
2336 2310 2390 2357 et
2411 2303 2739 2373 principium
2770 2304 2993 2372 habere,
3046 2308 3190 2377 quod
3223 2309 3468 2378 quidam,
3510 2312 3633 2368 aliis

354 2390 455 2460 ἀφ’
503 2386 578 2447 ὧν
622 2396 722 2448 οὐκ
763 2393 920 2463 ὀλίγα
971 2413 1057 2460 τις
1102 2400 1167 2453 ἂν
1213 2396 1471 2467 μανθάνοι
1528 2397 1656 2467 περὶ
1698 2396 1799 2466 τῆς
1849 2414 1946 2450 κα-

2055 2395 2286 2459 amissis,
2318 2394 2467 2449 illum
2494 2396 2667 2454 secuti
2695 2399 2927 2467 suntqui
2956 2398 3164 2477 primus
3197 2398 3314 2454 aias
3340 2403 3626 2458 amiserat.

358 2486 516 2550 κίας,
588 2489 748 2543 ποίαν
816 2490 973 2560 ἔσχεν
1027 2491 1201 2562 ἀρχὴν
1269 2492 1365 2545 καὶ
1421 2492 1663 2561 γένεσιν,
1712 2491 1808 2545 καὶ
1853 2491 1938 2545 ὅτι
1982 2491 2090 2544 ἀπό
2128 2506 2291 2549 τινων
2345 2475 2869 2563 πτεροῤῥυησάντων
2918 2475 3030 2564 (97)
3080 2491 3177 2547 καὶ
3228 2494 3631 2567 κατακολουθη-

359 2578 573 2633 σάντων
635 2580 711 2651 τῷ
768 2582 970 2655 πρώτῳ
1015 2587 1484 2660 πτεροῤῥῡὴσαντι
1549 2587 1757 2658 ὑπέστη
1796 2589 1829 2658 ἡ
1874 2587 2056 2640 κακία.

434 2672 509 2725 Οὐ
562 2673 672 2745 γὰρ
714 2668 825 2729 οἷόν
873 2678 920 2729 τ’
967 2673 1035 2749 ἦν
1082 2679 1285 2748 ὁμοίως
1333 2676 1473 2734 εἶναι
1502 2681 1613 2750 (98)
1642 2680 1719 2752 τῷ
1750 2680 1945 2734 ούσιω-

358 2760 467 2824 δῶς
499 2761 689 2833 ἀγαθῷ
717 2764 921 2832 ἀγαθὸν
950 2765 1011 2819 τὸ
1043 2768 1185 2821 κατὰ
1219 2767 1587 2840 συμϐεϐηκὸς,
1624 2769 1720 2822 καὶ
1748 2767 1807 2832 ἐξ
1834 2771 1949 2821 ἐπι-

358 2851 670 2919 γενήματος
696 2852 900 2920 ἀγαθόν
924 2870 936 2883 ·
971 2855 1110 2926 ὅπερ
1135 2855 1212 2926 τῷ
1237 2857 1354 2927 μὲν,
1386 2858 1451 2911 ἵν’
1478 2857 1650 2921 οὕτως
1672 2858 1944 2929 ὀνομάσω,

357 2940 451 2993 τὸν
476 2938 655 3005 ζῶντα
684 2942 848 3013 ἄρτον
879 2945 1311 3017 ἀναλαμϐάνοντι
1338 2950 1418 3011 εἰς
1442 2948 1540 3019 τὴν
1559 2951 1788 3020 τήρησιν
1820 2951 1949 3003 ἑαυ-

2124 2680 2216 2735 44.
2240 2679 2352 2735 Nec
2379 2694 2512 2737 sane
2540 2680 2654 2737 ﬁeri
2688 2689 2904 2752 poterat
2928 2695 2987 2740 ut
3016 2686 3220 2741 bonum
3256 2700 3351 2756 per
3376 2685 3629 2743 accidens

2050 2780 2104 2828 et
2129 2774 2615 2841 communicatum,
2642 2774 2717 2831 illi
2741 2788 2887 2834 esset
2918 2777 3099 2833 simile
3129 2780 3273 2848 quod
3299 2787 3497 2833 natura
3525 2778 3627 2834 bo-

2050 2880 2179 2919 num
2201 2874 2302 2920 est.
2348 2866 2479 2920 Illud
2511 2877 2691 2922 tamen
2742 2870 3099 2926 adventitium
3140 2886 3419 2940 nunquam
3474 2870 3631 2926 deest

2049 2954 2147 3021 illi,
2175 2957 2263 3025 qui
2293 2957 2377 3010 sui
2408 2960 2765 3014 conservandi
2794 2975 2957 3015 causa
2990 2961 3195 3028 vivum,
3229 2972 3287 3017 ut
3314 2963 3386 3016 ita
3412 2962 3639 3033 loquar,

358 3033 454 3086 τοῦ
476 3075 489 3098 ,
524 3035 623 3088 ούκ
654 3034 720 3089 άν
750 3054 880 3090 ποτε
927 3040 1311 3113 άποσυμϐαίνῃ
1339 3042 1479 3110 (99)⁶
1509 3044 1557 3094 εἰ
1587 3042 1644 3094 δέ
1672 3059 1776 3094 τινι
1811 3044 1946 3096 ἀπο-

2055 3062 2241 3118 panem
2258 3048 2426 3103 sumit
2446 3050 2514 3102 ⁷³.
2547 3049 2700 3116 Quod
2731 3051 2774 3106 si
2801 3053 2885 3106 cui
2917 3052 3089 3120 deest,
3117 3053 3171 3108 in
3192 3053 3349 3123 culpa
3374 3056 3488 3125 ipse
3516 3065 3623 3123 est,

360 3124 681 3194 συμϐαίνει,
729 3126 879 3197 παρὰ
912 3127 1008 3199 τὴν
1046 3130 1225 3185 αἰτίαν
1262 3130 1472 3185 ἐκείνου
1517 3131 1937 3201 άποσυμϐαίνει,

361 3214 774 3285 ρᾳθυμήσαντος
808 3219 933 3288 περὶ
955 3219 1014 3272 τὸ
1040 3219 1477 3292 μεταλαμϐάνειν
1503 3222 1595 3276 τοῦ
1620 3221 1819 3287 ζῶντος
1840 3223 1941 3296 ἅρ-

359 3323 452 3359 του
476 3307 568 3360 καὶ
584 3308 675 3361 τοῦ
709 3310 963 3379 ἀληθινοῦ
997 3314 1162 3365 ποτοῦ
1184 3331 1196 3343 ·
1227 3315 1319 3383 ἀφ’
1350 3306 1424 3368 ὧν
1452 3314 1809 3386 τρεφόμενον,
1845 3318 1941 3371 καὶ

357 3394 655 3466 ἀρδόμενον
689 3400 1250 3466 ὲπικατασκευάζεται
1294 3403 1355 3456 τὸ
1399 3404 1628 3474 πτερὸν,
1663 3406 1759 3458 καὶ
1798 3405 1943 3459 κατά

356 3487 451 3541 τὸν
478 3487 786 3558 σοφώτατον
812 3490 1131 3563 Σολομῶντα
1163 3494 1384 3548 εἰπόντα
1407 3496 1532 3567 περί
1554 3495 1647 3549 τοῦ
1666 3499 1783 3550 κατ’
1807 3498 1941 3567 ἀλή-

358 3578 509 3634 θειαν
537 3581 789 3635 πλουσίου
810 3624 824 3649 ,
860 3584 974 3650 ὅτι,
1009 3604 1028 3637 ι
1064 3586 1451 3640 Κατεσκεύασε
1494 3587 1603 3659 γὰρ
1632 3588 1781 3659 αύτῷ
1813 3589 1942 3643 πτέ-

356 3689 530 3743 ρυγας
558 3673 707 3728 ὥσπε
718 3692 748 3746 ρ
774 3677 931 3742 ἀετὸς
964 3677 1062 3751 (1),
1093 3680 1185 3733 καὶ
1214 3680 1529 3752 ἐπιστρέφει
1557 3683 1637 3746 εἰς
1664 3681 1756 3737 τὸν
1794 3677 1942 3737 οἷκον

353 3766 448 3819 τοῦ
478 3769 878 3839 προεστηκότος
904 3771 1119 3826 ἑαυτοῦ.
1154 3790 1173 3823 ι
1219 3772 1417 3845 Ἐχρῆν
1451 3772 1560 3845 γὰρ
1591 3773 1683 3827 τὸν
1716 3773 1941 3827 ἐπιστά-

358 3875 518 3929 μενον
547 3860 884 3932 συγχρῆσθαι
907 3860 1041 3916 Θεὸν
1073 3864 1152 3925 εἰς
1186 3862 1302 3916 δέον
1335 3864 1429 3918 καί
1460 3867 1573 3928 τοῖς
1604 3864 1709 3917 ὑπὸ
1741 3863 1940 3928 κακίας

354 3950 624 4003 ἀποστᾶσι
653 3953 954 4017 κατατάξαι
986 3971 1089 4006 που
1114 3953 1208 4007 τοῦ
1236 3953 1436 4017 παντὸς
1466 3955 1591 4018 τοὺς
1622 3955 1819 4008 ούτωσὶ
1842 3972 1941 4009 κα-

354 4043 514 4107 κοὺς,
550 4044 642 4095 καὶ
674 4044 969 4113 γυμνάσιον
1006 4044 1066 4096 τὸ
1102 4045 1241 4116 ὑπὲρ
1268 4047 1470 4117 ἀρετῆς
1504 4046 1728 4117 ποιῆσαι
1761 4048 1941 4100 ἐκκεῖ-

357 4133 483 4187 σθαι
515 4138 625 4198 τοῖς
661 4135 1001 4206 βουλομένοις
1048 4137 1292 4208 νομίμως
1323 4138 1505 4191 ἀθλεῖν
1551 4139 1692 4211 ὑπὲρ
1724 4139 1817 4193 τοῦ
1851 4142 1941 4194 αύ-

356 4224 454 4296 τὴν
484 4226 766 4280 ἀναλαϐεῖν
787 4244 798 4257 ·
831 4227 896 4280 ἵν’
925 4228 1000 4290 ὠς
1025 4228 1221 4298 χρυσὸς
1253 4228 1310 4282 ὲν
1342 4229 1478 4298 πυρὶ
1521 4233 1584 4303 τῇ
1628 4230 1797 4284 τῶνδε
1842 4249 1940 4285 κα·-

355 4318 449 4387 κίξι
484 4317 917 4388 βασανισθέντες,
945 4320 1035 4372 καὶ
1070 4321 1246 4373 πάντα
1287 4320 1614 4393 πράξαντες,
1652 4322 1738 4375 ἵνα
1776 4323 1939 4393 μηδὲν

2046 3140 2139 3210 qui
2166 3140 2288 3194 vivo
2319 3155 2459 3208 pane
2491 3149 2547 3195 et
2568 3155 2697 3195 vero
2730 3150 2883 3211 potu,
2909 3158 3137 3213 quorum
3170 3144 3345 3200 altero
3368 3147 3623 3201 nutriun—

2045 3241 2136 3285 tur
2159 3229 2280 3295 alae,
2319 3230 2491 3286 altero
2518 3230 2837 3300 irrigantur,
2868 3231 2944 3286 uti
2981 3233 3239 3302 neglexit.
3274 3234 3351 3291 De
3385 3235 3473 3291 bis
3522 3235 3625 3290 alis

2044 3320 2430 3391 intelligendus
2454 3321 2891 3391 sapientissimus
2924 3321 3180 3379 Salomon
3242 3337 3367 3378 cum
3399 3324 3466 3379 de
3492 3337 3627 3379 vero

2047 3422 2213 3478 divite
2234 3422 2461 3491 loquens
2477 3420 2554 3474 ait
2578 3436 2590 3473 :
2622 3439 2639 3471 ι
2671 3417 3012 3489 Comparavit
3034 3417 3131 3471 sibi
3157 3432 3366 3487 pennas
3388 3425 3447 3470 ut
3468 3418 3621 3487 aqui-

2045 3510 2116 3575 la,
2141 3520 2196 3565 et
2214 3510 2502 3565 revertitur
2525 3510 2581 3563 in
2607 3509 2823 3563 domum
2846 3508 2929 3561 sui
2948 3506 3266 3576 praesidis".
3281 3525 3298 3555 ι
3316 3505 3451 3560 Cum
3473 3505 3618 3561 enim

2046 3598 2192 3653 Deus
2219 3599 2285 3653 ad
2314 3598 2515 3652 bonum
2544 3597 2707 3651 ﬁnem
2733 3597 2809 3651 uti
2839 3596 3050 3649 noverit
3081 3596 3242 3649 etiam
3274 3594 3339 3649 iis
3381 3596 3475 3664 qui
3520 3611 3619 3666 per

2045 3690 2302 3744 malitiam
2331 3689 2399 3743 ab
2430 3688 2545 3758 ipso
2569 3688 2902 3753 defecerunt,
2918 3686 3155 3755 oportuit
3179 3687 3348 3741 malos
3371 3686 3489 3741 illos
3516 3686 3619 3741 ali-

2045 3778 2171 3832 cubi
2217 3777 2379 3846 hujus
2415 3775 2779 3830 universitatis
2822 3775 3098 3841 collocari,
3131 3784 3185 3829 et
3210 3773 3346 3829 efﬁci
3381 3784 3440 3829 ut
3476 3784 3620 3829 esset

2045 3869 2311 3940 palaestra,
2329 3867 2442 3930 ubi,
2462 3866 2553 3935 qui
2576 3866 2795 3931 vellent,
2821 3865 2887 3919 ad
2909 3864 3341 3935 consequendam
3363 3864 3617 3919 virtutem

2044 3958 2280 4031 legitime
2301 3968 2509 4015 certare
2528 3966 2751 4029 possent
2772 3958 2835 4012 ⁷⁸.
2863 3956 3079 4011 Illorum
3099 3957 3244 4010 enim
3265 3955 3487 4022 malitia,
3506 3964 3618 4011 tan-

2043 4066 2203 4122 quam
2226 4066 2416 4107 aurum
2433 4051 2574 4122 igne,
2590 4049 2876 4104 examinati
2892 4059 2947 4103 et
2962 4048 3191 4119 purgati,
3207 4056 3263 4102 et
3282 4047 3489 4118 experti
3509 4061 3621 4099 om-

2044 4145 2133 4197 nia
2156 4159 2224 4198 ne
2248 4143 2377 4213 quid
2404 4142 2457 4196 in
2480 4156 2538 4197 se
2562 4140 2923 4196 adulterinum
2956 4140 3320 4203 admitterent,
3346 4138 3441 4192 sed
3470 4136 3616 4207 digiti

2044 4237 2359 4290 viderentur
2379 4236 2469 4306 qui
2492 4236 2558 4288 ad
2584 4236 2763 4288 divina
2779 4234 3152 4297 ascenderent,
3168 4232 3430 4286 tolluntur
3449 4229 3616 4286 verbo

2044 4329 2109 4383 ad
2138 4342 2430 4397 supernam
2450 4325 2691 4379 omnium
2712 4325 3021 4378 beatitatem
3042 4332 3095 4377 et
3115 4322 3183 4376 ad
3206 4322 3417 4376 culmen
3445 4320 3618 4375 bono-

352 4408 603 4467 κίϐδηλον
621 4411 897 4481 πρόωνται
920 4412 991 4481 (2)
1013 4412 1106 4464 ἐπὶ
1136 4411 1232 4482 τὴν
1262 4412 1485 4486 λογικὴν
1516 4413 1725 4468 ἑαυτῶν
1756 4415 1938 4484 φύσιν,

2055 4435 2189 4484 rum,
2221 4417 2263 4472 si
2296 4417 2369 4471 ita
2399 4417 2541 4486 loqui
2570 4416 2650 4469 fas
2676 4424 2779 4470 est.
2806 4413 3072 4469 Czeterum
3103 4414 3211 4477 ille,
3240 4412 3331 4482 qui
3354 4411 3625 4466 llebraicc-

352 4502 493 4569 ἄξιοι
524 4503 783 4571 φανέντες
806 4505 904 4575 τῆς
934 4505 1012 4567 εἰς
1044 4505 1113 4558 τά
1140 4506 1258 4559 θεῖα
1288 4505 1628 4569 ἀναϐάσεως,
1664 4506 1937 4579 ἀνιμηθῶ-

353 4611 436 4648 σιν
472 4595 577 4649 ὑπὸ
624 4596 718 4650 τοῦ
762 4595 919 4665 λόγου
953 4598 1047 4650 ἐπὶ
1082 4598 1179 4670 τὴν
1212 4600 1473 4653 ἀνωτάτω
1507 4598 1723 4652 πάντων
1757 4617 1933 4670 μακα-

354 4686 595 4756 ριότητα,
620 4690 734 4751 καὶ,
763 4689 827 4740 ἵν’
856 4689 1026 4753 οὕτως
1055 4689 1324 4761 ὀνομάσω,
1341 4690 1651 4763 ἀκρώρειαν
1678 4692 1785 4746 τῶν
1809 4695 1937 4762 ἀγα-

352 4772 478 4829 θῶν.
526 4778 585 4831 Ὀ
614 4778 657 4832 δ’
697 4779 962 4852 Ἐϐραίων
1011 4781 1274 4855 διαλέκτῳ
1305 4785 1484 4838 Σατᾶν
1507 4825 1522 4851 ,
1556 4787 1650 4840 καὶ
1698 4787 1935 4859 Ἑλληνι-

2044 4512 2229 4577 Satan,
2252 4520 2307 4564 et
2328 4509 2496 4579 magis
2521 4508 2704 4563 Graece
2728 4516 2948 4562 vocatur
2969 4521 2999 4560 a
3022 4505 3341 4576 quibusdam
3364 4503 3611 4567 Satanas,

2044 4604 2188 4658 idem
2203 4602 2388 4657 Grzeca
2407 4602 2587 4673 lingua
2610 4609 2767 4655 sonat
2787 4609 2949 4669 atque
2970 4598 3357 4653 adversarium.
3377 4594 3616 4661 Quicun-

2042 4708 2149 4763 que
2186 4700 2366 4746 autem
2408 4699 2645 4746 sectatur
2679 4689 2935 4743 malitiam
2960 4696 3016 4743 et
3039 4704 3106 4742 ex
3142 4686 3230 4742 illa
3254 4687 3418 4741 vitam
3445 4684 3610 4755 degit,

2044 4786 2110 4847 is,
2140 4800 2265 4840 cum
2290 4783 2475 4838 virtuti
2501 4782 2770 4838 contraria
2798 4781 2977 4847 faciat,
3007 4779 3233 4836 Satanas
3265 4788 3366 4846 est,
3398 4778 3503 4834 hoc
3529 4786 3615 4832 est

422 4910 470 4989 "_°
500 4924 621 4978 cap.
646 4913 930 4989 x1§,_22.__
951 4915 997 4989 ⁷]
1018 4930 1137 4985 cap.
1164 4932 1205 4975 ι.
1237 4917 1293 4972 2.
1367 4919 1413 4989 τ’
1443 4918 1631 4974 Matth.
1668 4936 1739 4978 tv.
1815 4921 1860 4953 ’⁷³
1884 4920 1946 4974 Jo

2055 4934 2114 4985 ι,
2139 4917 2228 4972 ‘20.
2305 4917 2580 4989 'ﬁEzech.
2605 4932 2778 4984 χχιιι,
2804 4915 2895 4973 28.
2972 4917 3018 4948 "
3042 4915 3145 4972 Isa.
3174 4928 3285 4981 XIV,
3309 4912 3345 4967 4
3370 4920 3428 4969 et
3455 4924 3610 4980 seqq.

344 4979 392 5012 "°
432 4977 590 5035 Joan.
620 4996 693 5046 vr,
722 4983 812 5035 51.
886 4984 930 5016 ⁷⁷
967 4977 1124 5041 Prov.
1170 5003 1328 5054 χχιιι,
1363 4988 1417 5044 5.
1493 4992 1540 5023 ⁷⁸
1572 4990 1614 5045 li
1648 4977 1789 5047 Tim.
1838 5007 1905 5056 ll,
1931 4991 1986 5048 5.

423 5125 534 5198 (9i)
576 5124 812 5193 Βελίαρ.
842 5124 1105 5197 Vulgatus
1144 5129 1267 5183 libri
1300 5128 1547 5184 Iudicum
1586 5138 1786 5196 textus,
1823 5148 1927 5183 πα-

349 5196 913 5341 ραῖἕῶωἶίωεοιιςξίῑιις
941 5275 995 5319 et
1030 5266 1367 5341 Spencerus,
1393 5273 1458 5341 τῇ
1512 5267 1655 5323 κατὰ
1687 5270 1927 5336 πάντων,

347 5339 445 5394 sed
476 5334 663 5388 ainss.
692 5334 846 5388 codd.
882 5346 1028 5389 recte
1057 5334 1209 5391 abest
1236 5340 1396 5392 κατά.

420 5405 534 5479 (96)
574 5403 1336 5479 litescbeiiusySpencerus
1366 5410 1418 5463 in
1453 5417 1627 5473 textu,
1660 5408 1932 5479 Ναϐουχο·

343 5477 586 5547 δονόσορ.
615 5473 708 5527 scd
743 5488 897 5547 tnss.,
922 5474 1257 5547 Βαϐυλῶνος.

416 5543 544 5618 (my
562 5543 1163 5618 Πτερορῤυησάντων.
1186 5545 1319 5603 Vide
1336 5547 1718 5605 adnotationes
1736 5549 1800 5603 ad
1827 5549 1921 5604 lib.

346 5615 435 5677 ιγ(
452 5615 601 5668 ιιιιιιι.
626 5615 715 5669 40.

367 5754 379 5756 _
420 5684 541 5756 (98)
592 5684 859 5756 Ὁμοίως-
884 5679 1055 5743 εἶναι.
1120 5686 1296 5742 Malim
1360 5705 1479 5744 cum
1540 5689 1820 5745 Balterclio
1874 5698 1923 5746 et

349 5750 563 5823 Gu‘icto,
595 5750 778 5826 ὅμοιον
810 5750 967 5809 εἶναι.

2099 5130 2215 5200 (99)
2248 5127 2597 5184 .lloesrbelius
2621 5126 3036 5200 etASpencerus,
3063 5123 3466 5196 ἀποσυμϐαίνῃ.
3500 5124 3612 5177 Ali-

2029 5198 2162 5269 quOt
2198 5216 2350 5262 mss.,
2382 5198 2760 5268 ἀποσυμϐαίη.

2101 5271 2198 5338 (1)
2254 5261 2677 5338 Κατεσκεύασε
2723 5261 2835 5337 ἓπὰρ
2873 5264 3034 5338 αύτῷ
3066 5263 3369 5338 πτέρυγας
3409 5261 3612 5333 ὥσπερ

2029 5332 2221 5405 ἀετόέι.
2271 5340 2346 5392 Ita
2397 5340 2567 5393 codex
2622 5332 3172 5408 Regius._}lmsclt_ei.
3222 5332 3607 5408 et_Spenc_er.,

2029 5400 2459 5479 κατεσκεύασται
2484 5408 2592 5479 γάρ
2615 5400 2764 5479 aut?)
2785 5405 3061 5479 πτέρυγας
3081 5401 3270 5479 ῶσπερ
3288 5400 3458 5464 ἀετός.
3480 5401 3610 5479 Aiax

2037 5479 2260 5546 Vulgata
2309 5470 2522 5539 Graeca.
2561 5470 2659 5530 καὶ
2706 5470 3056 5546 ὑποστρέφει.
3105 5470 3444 5546 P.aulo_post
3478 5470 3607 5523 ila:-

2035 5539 2271 5605 scitciius
2317 5550 2368 5602 in
2432 5557 2617 5612 tcxtu,
2668 5549 2781 5608 τοῖς
2841 5539 2969 5595 citi-:8
3023 5540 3223 5604 κακίας
3275 5539 3606 5604 ὑπόστασιν,

2034 5620 2196 5672 male.

2106 5688 2180 5757 (9.)
2224 5689 2542 5757 Πρόωνται.
2574 5684 2765 5743 Guieto
2802 5682 3148 5739 scribendum
3181 5682 3419 5748 videtur,
3447 5682 3610 5753 πρός·

2034 5776 2199 5811 ωνται
