3990 6158
343 282 483 338 £367

1809 280 2128 338 ORIGENIS

3460 286 3605 344 I368

343 399 480 452 Filio
513 399 606 456 Dei
637 399 1006 461 adversarius,
1038 397 1129 466 qui
1160 396 1333 452 Filius
1377 408 1462 453 est
1506 397 1741 468 iustitia,
1776 402 1918 455 veri-

2024 402 2262 472 κώτερον
2310 401 2414 455 ὑπό
2442 419 2598 456 τινων
2638 402 2958 473 ὀνομασθείς
3003 403 3243 466 Σατανᾶς
3267 446 3282 470 ,
3330 403 3610 475 μεταλαμ-

345 499 428 543 tas
458 499 513 544 et
548 490 834 560 sapientia.
867 489 974 544 Sed
1000 489 1172 557 magis
1194 489 1416 559 proprie
1464 491 1810 547 adversarius
1834 493 1923 549 ille

344 591 430 634 est
462 581 551 649 qui
581 583 786 650 primus
810 579 1100 634 frnentium
1126 593 1260 649 pace
1292 580 1558 650 beateque
1600 581 1920 649 viventium,

346 674 564 727 amissis
584 673 685 727 alis
719 671 920 727 excidit
954 671 1252 737 felicitate;
1297 672 1390 743 qui
1444 691 1463 724 ι
1514 674 1814 730 ambulavit
1841 677 1922 730 in-

345 764 647 832 culpabilis,
681 773 737 816 ut
774 762 1016 831 loquitur
1069 762 1346 830 Ezechiel,
1407 766 1461 818 in
1517 767 1768 822 omnibus
1821 768 1923 822 viis

346 857 480 922 suis,
516 855 690 910 donec
716 856 934 911 inventa
971 865 1053 912 est
1078 856 1340 926 iniquitas
1369 858 1503 911 ineo
1526 859 1606 923 79;
1649 878 1668 911 ι
1701 860 1921 929 quique,

342 962 468 1002 eum
491 955 634 1001 esset
665 965 684 997 ι
719 947 1058 1017 signaculum
1083 947 1458 1003 similitudinis
1485 946 1650 1019 667
1680 959 1734 1004 et
1761 964 1920 1006 coro-

345 1053 410 1093 na
445 1038 860 1108 pulchritudinis
891 1039 943 1094 in
972 1039 1228 1108 paradiso
1259 1039 1354 1095 Dei
1388 1038 1459 1104 3°,
1499 1057 1519 1092 ι
1565 1049 1728 1110 atque
1759 1043 1920 1098 bonis

342 1130 508 1184 veluti
557 1130 805 1197 satiatur,
859 1131 1039 1187 amisit
1091 1132 1308 1198 omnia;
1357 1135 1503 1203 quod
1563 1134 1780 1203 quidem
1846 1134 1922 1189 illi

344 1221 570 1292 mystice
598 1220 802 1277 dictum
827 1222 1006 1277 fuerat
1039 1245 1049 1277 :
1101 1243 1120 1274 ‹
1159 1224 1400 1278 Perditio
1423 1225 1599 1280 factus
1624 1240 1704 1288 es,
1732 1236 1788 1280 et
1814 1242 1918 1282 non

343 1313 451 1366 eris
478 1311 528 1366 in
556 1323 874 1382 perpetuum
910 1315 980 1368 ⁸³.
1010 1332 1030 1366 ι
1066 1315 1249 1385 Atque
1292 1317 1411 1370 haec
1449 1331 1622 1385 pauca
1656 1331 1756 1371 nec
1807 1317 1921 1372 for-

345 1415 488 1461 tasse
513 1405 807 1475 quidquam
853 1405 1136 1476 profutura
1181 1405 1307 1461 huic
1363 1407 1624 1476 opusculo
1675 1410 1920 1462 commit-

344 1507 458 1548 tere
485 1497 602 1550 ausi
629 1512 836 1552 sumus.
869 1495 926 1550 Si
951 1498 1073 1566 quis
1101 1505 1280 1551 autem
1309 1511 1585 1551 sacrarum
1610 1496 1920 1568 Scriptura-

344 1603 461 1641 rum
491 1587 914 1644 considerationi
939 1602 1145 1644 vacans
1172 1589 1227 1643 in
1257 1604 1422 1643 unum
1485 1589 1769 1659 colligeret
1799 1605 1921 1645 cor-

342 1693 442 1746 pus
465 1679 728 1749 quidquid
759 1681 958 1750 ubiqne
983 1680 1050 1734 de
1083 1680 1227 1735 malo
1279 1680 1484 1736 dictum
1513 1691 1618 1744 est,
1649 1683 1921 1750 quomodo

2025 491 2322 562 ὖανόμενος
2364 494 2444 556 εἰς
2502 491 2730 547 Ἐλλάδα
2783 494 2964 564 φωνήν
3018 494 3163 546 ἐστιν
3204 493 3603 563 ἀντικείμενος.

2022 585 2138 646 Πᾶς
2182 583 2240 636 δὲ
2285 586 2314 638 ὁ
2356 582 2456 654 τὴν
2492 584 2688 638 κακίαν
2739 584 2991 654 ἐλόμενος
3023 585 3118 638 καὶ
3156 583 3246 637 τὸν
3273 586 3396 638 κατ’
3428 584 3606 654 αὐτὴν

2027 672 2158 742 βίον,
2179 675 2254 738 ὡς
2273 676 2341 730 τὰ
2374 675 2592 729 ἐναντία
2620 674 2873 746 πράττων
2897 676 2961 746 τῇ
2982 675 3172 745 ἀρετῇ,
3193 675 3438 738 Σατανᾶς
3457 675 3604 740 ἐστι,

2022 767 2297 820 τουτέστιν
2331 767 2701 838 ἀντικείμενος
2733 763 2810 835 τῷ
2842 765 3060 836 Υίῷτοῢ
3079 765 3235 831 Θεοῦ,
3263 766 3376 819 ὄντι
3406 765 3608 820 δικαιο-

2026 859 2180 929 σύνη,
2212 861 2308 914 καὶ
2350 859 2596 932 ἀλήθεια,
2633 860 2727 912 καὶ
2761 859 2942 928 σοφία.
2973 858 3324 931 Κυριώτερον
3362 859 3421 912 δέ
3449 861 3604 914 ἀντι-

2024 951 2273 1020 κείμενός
2319 954 2463 1005 ἐστιν
2501 952 2529 1004 ό
2574 950 2788 1022 πρῶτος
2831 949 3047 1003 πάντων
3081 950 3466 1021 είρηνευόντων
3500 951 3606 1003 καὶ

2027 1043 2308 1115 μακαρίως
2329 1044 2619 1112 διαγόντων
2652 1044 3066 1116 πτερορρυήσας
3099 1043 3196 1113 (5),
3225 1043 3319 1095 καὶ
3349 1041 3606 1096 ἐκπεσὼν

2023 1136 2119 1206 τῆς
2154 1134 2551 1205 μακαριότητος
2571 1153 2583 1164 ·
2616 1135 2673 1198 ὃς
2696 1175 2712 1198 ,
2746 1134 2886 1188 κατά
2915 1134 3004 1186 τὸν
3048 1131 3326 1202 Ίεζεκιὴλ,
3365 1150 3385 1184 ι
3415 1148 3606 1203 περιε-

2023 1228 2262 1297 πάτησεν
2295 1226 2524 1297 ἄμωμος
2550 1229 2608 1280 ἐν
2633 1228 2834 1291 πάσαις
2865 1230 2985 1290 ταῖς
3015 1226 3152 1288 ὁδοῖς
3183 1223 3370 1288 αὑτοῦ,
3391 1225 3495 1288 ἕως
3518 1227 3605 1285 εὑ⁹

2028 1319 2155 1390 ρεθῇ
2187 1319 2382 1390 ἀνομία
2412 1320 2470 1373 ἐν
2499 1319 2647 1388 αὐτῷ
2672 1320 2744 1392 (4)
2767 1337 2781 1349 ο
2820 1339 2838 1372 ι
2875 1320 2970 1382 καὶ
3008 1317 3084 1372 ὢν
3115 1338 3132 1370 ‹
3167 1317 3604 1389 ἀποσφράγισμα

2023 1410 2356 1479 ὁμοιώσεως,
2390 1413 2485 1464 καὶ
2511 1411 2772 1478 στέφανος
2805 1411 3053 1474 κάλλους,
3088 1413 3145 1465 ἐν
3174 1411 3251 1482 τῷ
3286 1412 3602 1483 παραδείσῳ

2022 1498 2114 1552 τοῦ
2147 1499 2301 1566 Θεοῦ,
2329 1519 2347 1551 ι
2374 1499 2535 1552 οἱονεὶ
2565 1499 2843 1572 κορεσθεὶς
2873 1501 2980 1553 τῶν
3008 1501 3245 1569 ἀγαθῶν,
3269 1504 3326 1556 ἐν
3355 1501 3607 1573 ἀπωλείᾳ

2024 1591 2261 1658 ἐγένετο,
2299 1591 2438 1646 κατά
2460 1591 2549 1644 τὸν
2579 1591 2800 1645 εἰπόντα
2835 1591 3110 1662 μυστικῶς
3152 1593 3288 1662 πρὸς
3321 1591 3481 1645 αὑτὸν
3512 1591 3604 1644 λό-

2024 1697 2118 1748 γον
2285 1701 2303 1734 ι
2344 1681 2609 1735 ’Λπώλεια
2635 1683 2843 1752 ἐγένου,
2871 1683 2965 1736 καὶ
2995 1682 3092 1752 οὐχ
3119 1681 3380 1753 ὑπάρξεις
3411 1684 3488 1746 εἰς
3508 1681 3604 1734 τὸν

343 1779 522 1824 ortum
555 1771 647 1836 sit,
681 1779 735 1824 et
763 1771 1034 1840 quomodo
1065 1771 1330 1837 diluatur,
1363 1771 1566 1826 videbit
1599 1771 1691 1826 ille
1723 1772 1918 1842 llloysis

2024 1773 2211 1828 αίῶν-α.
2255 1793 2274 1827 ι
2309 1775 2489 1828 Ταῦτα
2521 1776 2620 1846 μὲν
2646 1770 2738 1829 οὖν
2769 1775 2925 1844 ὀλίγα
2954 1772 3476 1845 ἀποτετολμημένως
3504 1775 3604 1826 καὶ

343 1869 399 1913 et
424 1860 807 1930 prophetarum
831 1864 896 1919 de
921 1863 1126 1918 Satana
1153 1872 1390 1917 mentem
1419 1878 1486 1916 ne
1515 1876 1610 1931 per
1643 1863 1915 1918 somnium

344 1952 564 2020 quidem
596 1954 810 2011 aCelso
843 1955 1236 2026 deprehensam
1299 1954 1494 2020 fuisse,
1556 1968 1652 2009 nec
1702 1967 1731 2007 a
1779 1969 1918 2024 quo-

345 2044 478 2101 libet
513 2060 697 2102 eorum
741 2063 973 2119 quorum
1027 2049 1266 2103 animam
1321 2045 1496 2102 malus
1524 2045 1614 2100 ille
1649 2045 1859 2101 daemon
1885 2059 1918 2100 a

349 2137 485 2203 Deo,
520 2153 550 2191 a
573 2147 723 2192 recta
748 2139 814 2192 de
836 2138 928 2194 illo
956 2140 1201 2206 notione,
1236 2146 1291 2195 et
1325 2137 1392 2193 ab
1424 2136 1541 2206 eius
1586 2135 1768 2192 Verbo
1797 2137 1913 2194 dis-

325 2219 328 2222 ’
348 2229 516 2282 traxit
533 2229 702 2284 avulsi
711 2240 854 2298 tque.
1891 2263 1903 2288 ι

342 2319 452 2372 οὐδ’
483 2319 614 2392 ὄναρ
645 2323 956 2393 ἐφαντάσθη
1004 2323 1065 2377 τὸ
1090 2325 1366 2386 Μωῢσέως
1397 2325 1492 2376 καὶ
1519 2322 1628 2376 τῶν
1675 2321 1968 2393 προφητῶν

342 2409 451 2463 τῶν
487 2411 592 2463 ὑπὸ
623 2412 810 2465 τούτου
849 2413 943 2466 τοῦ
978 2414 1212 2486 πονηροῦ
1279 2414 1529 2484 δαίμονος
1575 2413 1990 2485 καθελκομένων

342 2503 508 2575 ὀρθῆς
544 2507 785 2571 ἐννοίας,
815 2506 909 2560 καὶ
941 2508 1048 2561 ἀπὸ
1077 2507 1172 2561 τοῦ
1203 2509 1377 2574 Λόγου
1410 2507 1592 2573 αὐτοῦ,
1625 2507 1724 2578 τὴν
1757 2506 1950 2578 ψυχήν.

416 2603 507 2658 45.
538 2601 804 2667 Quoniam
832 2615 962 2655 vero
994 2609 1048 2655 ct
1072 2601 1140 2656 de
1170 2615 1254 2665 eo,
1298 2599 1392 2669 qui
1425 2601 1802 2657 Antichristus
1823 2615 1916 2657 vo-

342 2699 519 2758 catur,
557 2695 890 2749 mentionem
921 2692 1110 2748 Celsus
1134 2693 1293 2759 facit;
1325 2693 1540 2748 tametsi
1565 2706 1666 2748 nec
1711 2708 1772 2750 ea
1798 2708 1917 2764 quae

343 2787 486 2856 apud
510 2785 1069 2854 Danielem,necqute
1100 2787 1243 2854 apud
1298 2784 1523 2839 Paulum
1571 2787 1714 2841 dicta
1764 2795 1917 2852 sunt,

344 2899 444 2936 nec
476 2895 596 2950 qua:
632 2881 700 2936 de
740 2880 832 2933 illo
868 2877 1119 2933 Salvator
1162 2877 1217 2930 in
1273 2878 1582 2946 Evangeliis
1626 2877 1915 2947 praedixit,

346 2974 574 3044 legerit;
659 2987 829 3041 pauca
897 2972 1060 3026 etiam
1126 2971 1192 3026 de
1245 2969 1336 3024 illo
1391 2971 1576 3024 dicere
1641 2969 1913 3024 convenit.

344 3065 814 3132 Quemadmodum
871 3062 1052 3116 vultus
1105 3078 1210 3116 non
1254 3070 1378 3115 sunt
1411 3059 1618 3117 similes
1658 3061 1914 3127 vultibus,
1943 3044 1988 3104 Ο

343 3157 425 3210 sic
447 3171 549 3211 nec
574 3156 772 3212 similia
799 3154 1239 3209 cordibuscorda
1264 3159 1393 3208 sunt
1425 3169 1439 3205 :
1467 3152 1610 3205 unde
1639 3161 1918 3220 patetcor-

343 3250 503 3304 dibus
527 3249 670 3304 inter
691 3261 752 3304 se
779 3247 998 3302 dillerre
1024 3246 1296 3311 homines,
1343 3252 1446 3298 tam
1473 3257 1567 3298 eos
1593 3243 1686 3312 qui
1716 3243 1782 3297 ad
1819 3243 1917 3298 bo-

344 3355 474 3396 num
509 3340 766 3410 propensi
795 3347 944 3403 sunt,
982 3335 1248 3406 siquidem
1277 3336 1483 3391 similes
1514 3335 1653 3389 inter
1677 3349 1736 3391 se
1763 3335 1830 3390 ad
1859 3335 1920 3389 il-

342 3435 438 3490 lud
459 3448 565 3488 non
598 3440 724 3488 sunt
745 3431 995 3495 formati;
1036 3444 1198 3498 quam
1245 3444 1359 3491 eos,
1392 3428 1483 3497 qui
1507 3429 1718 3484 honesti
1750 3429 1920 3497 negli-

343 3534 532 3594 gentes
559 3526 611 3579 iu
634 3522 912 3588 contraria
945 3521 1248 3591 praecipites
1275 3528 1463 3574 ruunt.
1499 3521 1637 3573 Sunt
1680 3519 1825 3574 enim
1851 3534 1918 3574 ex

343 3617 464 3672 istis
482 3617 576 3686 qui
607 3618 955 3671 vehementer
992 3612 1199 3666 malitia
1232 3612 1624 3681 perfunduntur
1649 3652 1663 3678 ,
1710 3621 1836 3667 sunt
1864 3621 1920 3666 et

340 3709 439 3778 qni
464 3709 518 3762 in
550 3722 670 3761 eam
696 3705 940 3762 ferantur
956 3704 1310 3758 moderatius.
1344 3704 1486 3770 Quid
1535 3703 1700 3774 igitur
1727 3703 1922 3758 absur-

343 3799 472 3852 dum
501 3799 636 3852 duas
666 3799 717 3851 in
742 3795 1051 3851 hominibus
1076 3805 1292 3860 esse,ut
1320 3796 1394 3848 ita
1423 3795 1641 3864 loquar,
1661 3794 1920 3848 extremis

345 3896 506 3956 tates,
527 3883 759 3942 “alteram
778 3886 927 3952 boni,
946 3885 1072 3939 mali
1092 3886 1342 3950 alteram,
1360 3885 1436 3939 ita
1465 3895 1520 3939 ut
1542 3885 1705 3939 altera
1727 3885 1778 3939 in
1795 3901 1918 3939 eum

341 3981 434 4050 qui
472 3979 768 4035 secundum
793 3976 977 4033 Jesum
1017 3975 1362 4046 intelligitur,
1419 3975 1695 4029 hominem
1737 3974 1915 4038 cadat,

342 4090 370 4126 a
405 4087 514 4143 quo
561 4085 731 4142 genus
790 4069 1068 4124 hominum
1107 4077 1214 4121 tam
1252 4067 1512 4137 praeclare
1567 4080 1914 4130 conversum,

341 4174 590 4220 curatum
621 4169 675 4218 et
709 4161 764 4218 in
802 4161 996 4217 melius
1020 4168 1334 4230 provectum
1365 4168 1480 4222 est;
1524 4157 1695 4211 altera
1738 4166 1914 4211 autem

342 4256 471 4312 mali
510 4256 564 4311 in
617 4269 740 4310 eum
789 4253 1080 4310 conveniat
1131 4253 1185 4305 in
1241 4265 1350 4320 quo
1397 4249 1773 4304 Anticltristus
1828 4247 1918 4302 ille

276 4343 286 4355 ’
342 4348 694 4418 agnoscitur?
717 4343 834 4400 Jam
862 4359 990 4400 vero
1021 4347 1181 4408 Deus,
1213 4341 1366 4411 cujus
1403 4340 1737 4410 praescientia
1762 4353 1913 4394 com-

2021 1866 2673 1937 παρακεκινδυνευμένως
2716 1869 2843 1938 τῇδε
2881 1870 2946 1940 τῇ
2992 1869 3176 1938 γραφῇ
3214 1865 3602 1926 πιστεύσαντες

2022 1955 2317 2027 ἐξεθέμεθα
2337 1957 2476 2027 τάχα
2501 1957 2653 2010 οὐδέν
2678 1975 2692 1989 ο
2719 1959 2767 2010 εί
2801 1956 2858 2011 δέ
2879 1975 2982 2020 τις,
3001 1958 3265 2027 σχολάσας
3285 1959 3350 2027 τῇ
3381 1954 3604 2025 βασάνῳ

2019 2045 2128 2098 τῶν
2183 2045 2346 2116 ἱερῶν
2401 2048 2773 2117 γραμμάτων,
2831 2047 3166 2117 πανταχόθεν
3219 2045 3600 2115 σωματοποιή-

2021 2153 2112 2190 σαι
2145 2136 2220 2207 (6)
2254 2136 2346 2190 τὸν
2374 2139 2502 2208 περὶ
2532 2138 2631 2208 τῆς
2660 2137 2860 2200 κακίας
2901 2137 3092 2205 λόγον,
3139 2138 3235 2190 καὶ
3277 2135 3352 2198 ὡς
3389 2136 3598 2205 ὑπέστη

2021 2227 2268 2297 πρῶτον,
2318 2230 2413 2280 καὶ
2461 2229 2581 2281 τίνα
2613 2230 2811 2300 τρόπον
2843 2229 3170 2284 καταλύεται
3197 2245 3210 2258 ο
3260 2228 3358 2281 ἴδοι
3387 2226 3484 2291 ἂν,
3515 2228 3599 2282 ὅτι

2019 2323 2146 2393 περ).
2199 2323 2292 2377 τοῦ
2349 2324 2562 2378 Σατανᾶ
2623 2323 2872 2395 βούλημα
2931 2323 3053 2377 οὔτε
3107 2323 3315 2386 Κέλσος
3354 2321 3478 2376 οὔτε
3513 2339 3599 2385 τις

2032 2415 2128 2468 καὶ
2180 2416 2626 2485 κατασπωμένων
2665 2415 2771 2468 ἀπὸ
2800 2414 2933 2469 Θεοῦ
2986 2415 3082 2468 καὶ
3131 2415 3229 2484 τῆς
3259 2415 3389 2486 περὶ
3433 2413 3601 2467 αὑτοῦ

2107 2604 2260 2657 Ἐπεὶ
2318 2604 2376 2657 δὲ
2401 2604 2494 2656 καὶ
2519 2604 2587 2656 τά
2645 2601 2902 2673 περὶτοῦ
2951 2601 3282 2672 καλουμένου
3337 2601 3598 2672 Ἀντιχρί-

2026 2711 2150 2746 στου
2181 2696 2551 2766 παραῤῥιπτεῖ
2597 2697 2626 2747 ὁ
2657 2694 2863 2756 Κέλσος
2886 2733 2900 2757 ,
2937 2691 3059 2746 οὔτε
3088 2693 3155 2746 τὰ
3183 2696 3241 2746 ἐν
3277 2693 3355 2762 τῷ
3381 2693 3596 2762 Δανιὴλ,

2023 2784 2144 2839 οὔτε
2178 2787 2246 2840 τὰ
2277 2789 2427 2857 παρά
2467 2786 2543 2855 τῷ
2580 2786 2776 2854 Παύλῳ
2809 2786 3071 2852 ἀναγνοὺς
3098 2786 3225 2856 περὶ
3257 2785 3418 2838 αὐτοῦ
3451 2788 3596 2858 εὶρη-

2027 2876 2183 2945 μένα,
2213 2877 2335 2930 οὒτε
2365 2875 2434 2929 τὰ
2469 2877 2526 2929 ἐν
2557 2879 2671 2939 τοῖς
2709 2875 3061 2944 Εὐαγγελίοις
3090 2874 3194 2927 ὑπὸ
3225 2873 3316 2927 τοῦ
3354 2873 3599 2946 Σωτῆρος

2024 2965 2467 3036 προφητευθέντα
2515 2967 2643 3036 περὶ
2685 2965 2786 3035 τῆς
2839 2963 3142 3034 παρουσίας
3185 2963 3350 3017 αὐτοῦ
3378 2980 3391 2992 ·
3444 2963 3599 3029 ὀλίγα

2021 3057 2114 3110 καὶ
2138 3059 2266 3127 περὶ
2294 3056 2482 3110 τούτου
2509 3056 2746 3110 λεκτέον·
2767 3057 2870 3122 ὅτι,
2897 3056 3084 3126 ὥσπερ
3113 3053 3209 3124 οὐχ
3240 3057 3401 3124 ὅμοια
3429 3054 3596 3126 πρόσ-

2019 3163 2144 3199 ωπα
2182 3146 2492 3216 προσώποις
2515 3185 2530 3210 ,
2579 3145 2755 3208 οὕτως
2788 3144 2897 3198 οὐδ’
2938 3146 2994 3198 αἱ
3027 3144 3246 3214 καρδίαι
3273 3147 3457 3215 ὅμοιαι
3479 3148 3597 3209 ταῖς

2019 3238 2265 3309 καρδίαις
2307 3239 2413 3293 τῶν
2451 3237 2785 3310 ἀνθρώπων·
2829 3237 2986 3308 δῆλον
3025 3233 3117 3290 οὖν
3153 3238 3262 3302 ὅτι,
3304 3234 3411 3290 εἷεν
3443 3236 3508 3291 ἂν
3537 3238 3595 3291 ἐν

2018 3334 2136 3393 ταῖς
2163 3331 2411 3402 καρδίαις
2439 3330 2546 3386 τῶν
2588 3330 2888 3401 ἀνθρώπων
2919 3329 3204 3400 διαφοραὶ,
3235 3329 3342 3382 τῶν
3374 3329 3510 3400 πρὸς
3537 3327 3596 3382 τὺ

2022 3421 2183 3475 καλὸν
2216 3421 2564 3487 νενευκότων,
2598 3423 2699 3474 οὐκ
2732 3421 2927 3492 ἐπίσης
2964 3422 3060 3474 καὶ
3087 3421 3482 3492 παραπλησίως
3512 3419 3598 3472 ἀλο

2019 3513 2201 3583 λήλοις
2250 3512 2467 3566 πάντων
2501 3512 2858 3568 τυπωθέντων
2892 3513 2989 3566 καὶ
3033 3512 3429 3584 μορφωθέντων
3461 3510 3597 3582 πρὸς

2019 3602 2171 3667 αὐτὸ,
2204 3604 2300 3655 καὶ
2327 3602 2436 3656 τῶν
2461 3603 2526 3656 δι’
2552 3602 2812 3673 ἀμέλειαν
2839 3602 2931 3656 τοῦ
2961 3603 3128 3657 καλοῦ
3163 3604 3258 3656 ἐπὶ
3286 3601 3355 3656 τά
3382 3603 3595 3655 ἐναντία

2019 3691 2304 3745 ἀττόντων.
2337 3692 2450 3744 Καὶ
2483 3693 2542 3746 ἐν
2584 3693 2795 3757 τούτοις
2825 3694 2965 3765 γὰρ,
2999 3696 3057 3746 ἐν
3105 3689 3186 3756 οἷς
3229 3693 3328 3764 μέν
3368 3693 3446 3762 (7)
3480 3696 3594 3746 ἐστι

2022 3785 2226 3855 σφόδρα
2249 3785 2520 3857 κεχυμένη
2554 3788 2590 3857 ἡ
2628 3785 2818 3850 κακία,
2852 3788 2910 3841 ἐν
2935 3783 3015 3850 οἷς
3045 3787 3089 3840 δ’
3130 3787 3217 3838 ἐπ’
3256 3786 3494 3838 ἔλαττον.
3531 3783 3593 3837 Τί

2018 3871 2110 3929 οὖν
2136 3876 2364 3940 ἄτοπον,
2393 3875 2506 3940 δύο,
2534 3875 2600 3928 ἵν’
2627 3873 2798 3940 οὕτως
2830 3875 3079 3946 ὀνομάσω
3097 3916 3111 3942 ,
3138 3875 3469 3946 ἀκρότητας,
3499 3873 3594 3945 τὴν

2023 3966 2122 4037 μὲν
2159 3967 2250 4020 τοῦ
2284 3966 2450 4020 καλοῦ
2471 4006 2486 4031 ,
2519 3965 2618 4038 τὴν
2659 3966 2718 4020 δὲ
2752 3967 2845 4020 τοῦ
2882 3968 3124 4022 ἐναντίου
3153 4007 3167 4031 ,
3203 3969 3260 4020 ἐν
3291 3965 3594 4037 ἀνθρώποις

2019 4055 2330 4125 γίγνεσθαι,
2371 4056 2511 4110 ὥστε
2541 4057 2637 4128 τὴν
2686 4057 2785 4128 μὲν
2827 4057 2922 4110 τοῦ
2954 4058 3118 4112 καλοῦ
3151 4058 3426 4129 ἀκρότητα
3459 4052 3593 4110 εἶναι

2020 4148 2078 4201 ἐν
2104 4147 2182 4218 τῷ
2212 4149 2351 4201 κατά
2382 4149 2471 4201 τὸν
2500 4147 2712 4219 Ἰησοῦν
2735 4149 3008 4220 νοουμένῳ
3031 4148 3324 4220 ἀνθρώπῳ,
3356 4149 3447 4217 ἀφ’
3471 4140 3529 4201 οὗ
3557 4150 3590 4218 ἡ

2019 4240 2250 4312 τοσαύτη
2285 4241 2510 4312 ἕρῤευσε
2533 4243 2611 4314 τῷ
2639 4242 2786 4312 γένει
2812 4242 2919 4297 τῶν
2936 4241 3238 4314 ἀνθρώπων
3270 4240 3590 4312 ἐπιστροφὴ,

2019 4331 2112 4383 καὶ
2136 4332 2419 4404 θεραπεία,
2448 4336 2542 4390 καὶ
2575 4335 2856 4405 βελτίωσις
2876 4351 2888 4364 ·
2923 4336 3022 4407 τὴν
3048 4334 3104 4387 δὲ
3134 4333 3226 4387 τοῦ
3260 4335 3504 4386 ἐναντίου
3537 4335 3591 4385 ἐν

341 4440 633 4506 prehendit
658 4437 860 4502 omnia,
891 4452 1017 4490 cum
1050 4435 1258 4490 videret
1280 4449 1344 4490 ea
1377 4448 1496 4501 quae
1529 4433 1596 4486 ad
1627 4441 1916 4500 utrumque

2024 4423 2098 4494 τῷ
2121 4426 2261 4479 κατά
2278 4427 2367 4480 τὸν
2392 4427 2787 4498 ὀνομαζόμενον
2813 4426 3177 4498 Ἀντίχριστον
3198 4444 3211 4492 ;
3230 4427 3416 4480 Πάντα
3439 4427 3494 4478 δὲ
3526 4429 3589 4496 τῇ

343 4530 639 4598 pertinent,
670 4529 839 4584 voluit
867 4535 1159 4594 utrumque
1187 4525 1501 4580 hominibus
1557 4539 1655 4594 per
1686 4524 1916 4593 prephe-

341 4628 427 4674 tas
456 4631 640 4674 notum
669 4619 806 4686 fieri,
850 4626 908 4670 ut
953 4617 1045 4685 qui
1094 4629 1280 4669 eorum
1328 4629 1608 4670 sermones
1645 4615 1914 4683 intellige-

342 4717 484 4770 rent,
517 4707 858 4761 adhaarercnt
889 4705 1050 4769 bono,
1105 4715 1159 4758 et.
1218 4704 1320 4760 sibi
1373 4718 1403 4756 a
1457 4704 1602 4757 malo
1643 4711 1910 4757 caverent.

341 4796 589 4867 Oportuit
615 4803 792 4848 autem
827 4803 884 4846 ut
915 4794 1053 4848 alter
1101 4794 1312 4848 illorum
1356 4802 1718 4848 extremorum
1765 4794 1914 4860 isque

342 4887 578 4950 nptitnus
607 4885 974 4954 appellaretur
1026 4886 1117 4940 Dei
1169 4885 1338 4939 Filius
1367 4895 1586 4952 propter
1630 4899 1784 4937 suam
1821 4897 1916 4938 ex-

339 4971 683 5035 cellentiam;
715 4971 852 5025 alter
880 4985 1007 5026 vero
1059 4973 1161 5040 ipsi
1194 4985 1261 5025 ex
1305 4972 1571 5026 diametro
1613 4971 1913 5041 oppositus,

343 5064 470 5117 mali
501 5063 786 5128 daemonis,
825 5061 1065 5130 Satanae,
1100 5061 1411 5130 diabolique
1444 5061 1584 5116 [ilius
1614 5061 1912 5117 diceretur.

444 5183 490 5214 ⁷³
524 5181 946 5252 Ετθριιηχκνιιι,
974 5177 1060 5249 15.
1137 5178 1183 5210 ⁸⁰
1215 5177 1349 5232 ibid.
1423 5177 1466 5209 ⁸³
1508 5175 1638 5232 ibid.
1669 5174 1754 5231 l9.

411 5296 488 5362 (3)
535 5291 1014 5362 Πτερορῤυήσας.
1046 5291 1179 5347 Vide
1216 5291 1589 5346 adnotationes
1622 5289 1689 5342 ad
1717 5287 1813 5343 lib.
1839 5304 1913 5354 tv,

338 5379 490 5504 una).
521 5366 748 5504 4\lotilgali
783 5431 983 5490 Ezech.
1014 5431 1173 5499 libb.,
1200 5431 1398 5502 εὑρέθη
1425 5429 1494 5484 τὰ
1521 5429 1831 5498 ἀδικήματα
1859 5429 1917 5480 ἐν

531 5575 715 5633 Codex
754 5575 976 5646 Regius,
1009 5575 1233 5629 εἰπόντα
1267 5573 1402 5644 πρὸς
1444 5569 1606 5628 αὐτὸν
1659 5567 1916 5648 μυστικὸν

2024 4517 2216 4570 ἑαυτοῦ
2244 4519 2547 4589 προγνώσει
2599 4519 2972 4591 ἐκπεριλαϐὼν
3007 4523 3034 4573 ὁ
3071 4520 3224 4583 Θεὸς,
3257 4520 3350 4572 κα).
3377 4517 3498 4571 tam
3526 4518 3592 4570 τά

2023 4623 2088 4659 πε
2100 4608 2152 4678 ρὶ
2179 4607 2499 4680 ἀμφοτέρων
2517 4608 2740 4674 τούτων,
2775 4609 3036 4680 ἐϐουλήθη
3075 4609 3202 4679 περὶ
3227 4607 3431 4662 τούτων
3457 4625 3591 4676 γνω-

2027 4698 2173 4767 ρίσαι
2205 4697 2292 4750 διὰ
2325 4697 2430 4750 τῶν
2458 4699 2752 4770 προφητῶν
2783 4703 2896 4762 τοῖς
2921 4698 3248 4770 ἀνθρώποις,
3282 4699 3368 4752 ἵνα
3397 4699 3446 4752 οἱ
3468 4715 3591 4750 συν-

2027 4789 2193 4852 ιέντες
2234 4789 2340 4842 τῶν
2374 4791 2545 4858 λόγων
2586 4791 2766 4844 αὐτῶν
2807 4791 3126 4844 οἰκειωθῶσι
3178 4791 3274 4860 μὲν
3305 4789 3382 4859 τῷ
3412 4789 3592 4862 κρείτ-

2021 4899 2154 4945 τονι,
2185 4881 2524 4950 φυλάξωνται
2551 4883 2605 4935 δὲ
2637 4883 2744 4936 ἀπὸ
2763 4883 2857 4936 τοῦ
2890 4884 3149 4938 ἐναντίου.
3191 4881 3391 4954 Ἐχρῆν
3414 4881 3472 4935 δὲ
3503 4881 3593 4934 τὸν

2027 4970 2126 5039 μὲν
2153 4969 2337 5040 ἕτερον
2359 4969 2466 5022 τῶν
2495 4970 2680 5041 ἄκρων
2719 4971 2811 5024 καὶ
2840 4968 3111 5039 βέλτιστον
3138 4970 3265 5024 Υίὺν
3303 4965 3594 5040 ἀναγορεύο

2024 5060 2179 5115 εσθαι
2210 5060 2303 5114 τοῦ
2323 5059 2454 5114 Θεοῦ
2477 5060 2564 5116 διὰ
2595 5062 2694 5133 τὴν
2723 5061 3015 5134 ὑπεροχὴν,
3039 5062 3134 5116 τὸν
3163 5061 3221 5115 δὲ
3246 5061 3418 5133 τούτῳ
3449 5060 3591 5116 κατά

2092 5289 2170 5363 (6)
2207 5292 2509 5362 Spencerns
2559 5291 2612 5345 in
2666 5300 2846 5354 textu,
2900 5291 3353 5363 σωματοποιήσῃ,
3398 5298 3586 5344 contra

2022 5361 2183 5416 fidem
2219 5361 2736 5430 manuscriptorum.

2091 5433 2168 5503 (7)
2348 5429 2438 5498 οἷς
2468 5426 2995 5514 μέν-..δετξὺοηᾱιμιη
3035 5426 3588 5514 νῖιίριιιτζεὲνίοιξκμέν

2021 5495 2158 5556 ἐστι’
2179 5503 2382 5576 σφόδρα
2413 5495 2702 5574 ’κεχυμένη
2740 5502 2772 5572 ἠ
2805 5501 3000 5566 κακία,
3042 5500 3204 5564 ἐνίοις
3238 5497 3282 5555 δ’
3319 5499 3407 5552 ἐπ’
3435 5495 3590 5555 ἔλατ-

2020 5591 2132 5628 τον.
