3990 6158
260 338 397 390 15ῐῶ

1457 328 1737 385 CONTRA
1772 329 2044 385 CELSUM
2084 328 2212 384 LIB.
2248 324 2337 381 VI.

3380 321 3518 375 1570

248 455 549 525 διάμετρον
599 449 837 506 ἐναντίον
878 448 992 501 υἱὸν
1024 444 1119 499 τοῦ
1162 445 1399 517 πονηροῦ
1440 447 1713 517 δαίμονος,
1747 448 1835 501 καὶ

1951 446 2153 502 Deinde
2186 442 2443 513 quoniam
2475 448 2588 495 tum
2621 437 2859 493 maxime
2899 435 3099 490 malum
3145 435 3411 491 cumulari
3460 446 3518 493 et

249 548 475 600 Σατανᾶ
498 586 512 610 ,
548 544 641 597 καὶ
688 540 955 594 διαϐόλου.
1002 535 1116 592 Εἶτ’
1167 538 1287 591 ἐπεὶ
1329 538 1451 591 τότε
1504 539 1739 607 μάλιστα
1781 539 1842 591 τὸ

248 637 463 708 φαῦλον
492 638 548 689 ἐν
569 636 634 705 τῇ
661 632 812 702 χύσει
831 632 930 702 τῆς
953 629 1151 693 κακίας
1176 629 1268 682 καὶ
1296 632 1362 700 τῇ
1387 628 1647 699 ἀκρότητι
1672 628 1843 698 αὐτῆς

245 726 397 782 εἶναι
433 723 923 798 χαρακτηρίζεται,
954 724 1043 775 ὅτε
1088 720 1438 790 ὑποκρίνεται
1470 720 1532 772 τὸ
1571 723 1838 790 κρεῖττον,

244 818 345 873 διὰ
373 818 531 871 τοῦτο
557 815 687 887 περὶ
716 814 807 868 τὸν
842 815 1059 884 χείρονα
1082 813 1294 880 γίνεται
1327 814 1390 863 ἐκ
1424 810 1710 879 συνεργίας
1741 809 1841 877 τῆς

244 907 354 960 τοῦ
383 906 586 977 πατρὸς
618 903 781 958 αὐτοῦ
806 904 1049 957 διαϐόλου
1086 906 1315 974 σημεῖα,
1348 904 1442 954 καὶ
1474 901 1677 971 τέρατα
1697 938 1710 962 ,
1743 898 1839 951 καὶ

246 999 515 1069 δυνάμεις
548 995 796 1065 ψεύδους.
845 994 1015 1065 Ὑπὲρ
1052 995 1161 1065 γὰρ
1199 994 1297 1057 τὰς
1337 994 1417 1055 είς
1467 992 1592 1054 τοὺς
1635 990 1839 1061 γόητας

246 1091 546 1160 γινομένας
576 1087 683 1141 ἀπὸ
725 1086 1000 1157 δαιμόνων
1048 1085 1338 1157 συνεργίας
1367 1084 1504 1155 πρὸς
1550 1083 1621 1136 τὰ
1647 1080 1842 1149 φαυλό-

245 1198 396 1233 τατα
435 1178 543 1232 τῶν
579 1177 898 1249 ἀνθρώπους
926 1174 1293 1237 ἀπατώντων,
1329 1173 1541 1240 γίνεται
1581 1171 1841 1243 συνεργία

245 1272 354 1323 ἀπ’
396 1269 561 1323 αὑτοῦ
595 1268 687 1321 τοῦ
734 1266 977 1320 διαϐόλου
1022 1267 1114 1318 ἐπὶ
1159 1266 1343 1338 ἀπάτῃ
1372 1262 1465 1315 τοῦ
1512 1262 1705 1330 γένους
1731 1261 1839 1314 τῶν

245 1359 581 1432 ἀνθρώπων.
615 1358 775 1426 Λέγει
809 1357 865 1410 δὲ
894 1358 922 1410 6
966 1355 1207 1419 Παῦλος,
1244 1356 1373 1425 περὶ
1402 1353 1593 1407 τούτου
1618 1351 1711 1404 τοῦ
1738 1367 1836 1405 κα·-

245 1451 516 1522 λουμένου
560 1451 926 1521 Ἀντιχρίστου
954 1448 1239 1508 διδάσκων,
1275 1446 1369 1500 καὶ
1403 1444 1673 1516 παριστὰς
1698 1442 1839 1513 μετά

245 1558 402 1604 τινος
435 1540 780 1610 ἐπικρύψεως
801 1540 921 1593 τίνα
948 1540 1145 1610 τρόπον
1179 1537 1529 1606 ἐπιδημήσει,
1550 1534 1644 1587 καὶ
1676 1533 1828 1594 πότε,

1947 538 2012 590 ad
2038 534 2311 601 fastigium
2342 528 2657 601 pervenisse
2692 527 3056 596 cognoscitur,
3086 539 3211 579 cum
3239 526 3363 580 boni
3395 541 3515 593 spe-

1944 628 2085 681 ciem
2120 624 2363 693 praefert,
2397 620 2601 675 idcirco
2618 617 2794 671 malus
2820 616 2930 681 ille,
2963 608 3333 670 collabOrante
3363 628 3516 684 patre

1943 718 2059 783 ejus
2093 712 2336 776 diabolo,
2368 711 2545 779 signa,
2577 707 2819 777 prodigia
2851 716 2908 761 et
2940 707 3172 761 virtutes
3224 707 3514 761 mendaces

1942 806 2137 859 exerit.
2192 802 2330 856 Nam
2368 815 2530 870 supra
2546 800 2748 854 auxilia
2776 813 2897 868 quae
2932 796 3203 852 daemones
3232 798 3401 869 668
3423 799 3514 851 ho.

1943 896 2152 949 initium
2190 896 2519 960 deceptores
2551 889 3033 962 praestigiatoribus
3074 888 3141 942 ad
3174 890 3402 958 pessima
3435 887 3516 941 fa-

1943 987 2130 1039 cinora
2180 985 2514 1047 ministram,
2560 982 2709 1037 aliud
2752 990 3042 1050 praestatur
3076 994 3105 1033 a
3145 979 3363 1034 diabolo
3397 981 3515 1047 ipso

1944 1075 2010 1129 ad
2039 1075 2338 1130 fallendum
2364 1087 2538 1146 genus
2571 1072 2877 1127 hominum.
2921 1071 3039 1127 Jam
3089 1069 3287 1124 Paulus
3338 1072 3409 1135 de
3449 1086 3515 1125 eo

1943 1169 2034 1239 qui
2070 1176 2295 1222 vocatur
2344 1164 2713 1220 Antichristus
2759 1163 3002 1231 loquitur
3040 1163 3327 1233 docetque,
3386 1164 3514 1217 licet

1943 1274 2065 1314 cum
2102 1259 2279 1326 aliqua
2303 1257 2659 1323 obscuritate,
2711 1255 2985 1324 quomodo
3017 1257 3068 1309 in
3118 1270 3289 1323 genus
3334 1257 3512 1309 homi-

1942 1366 2070 1404 num
2097 1349 2185 1404 ille
2216 1359 2270 1405 et
2293 1350 2515 1417 quando
2544 1356 2806 1401 venturus
2839 1348 2929 1410 sit,
2983 1355 3038 1400 et
3087 1361 3193 1415 qua
3234 1347 3301 1400 de
3328 1361 3512 1401 causa.

1941 1439 2011 1492 At
2040 1440 2159 1493 vide
2180 1454 2248 1491 an
2283 1454 2402 1507 qua:
2442 1438 2591 1492 dicat
2638 1451 2744 1491 non
2776 1438 3095 1506 gravissima
3137 1439 3270 1504 sint,
3309 1452 3408 1491 nec
3430 1437 3513 1492 vel

1942 1530 2163 1583 minima
2187 1514 2440 1583 irrisione
2463 1529 2643 1597 dgna.

246 1638 335 1708 τῷ
359 1637 503 1705 γένει
526 1636 635 1689 τῶν
670 1633 970 1706 ἀνθρώπων
996 1674 1011 1698 ,
1037 1634 1131 1686 καὶ
1158 1632 1245 1687 διὰ
1283 1632 1355 1684 τί.
1387 1630 1497 1685 Καὶ
1525 1632 1647 1701 ὅρα,
1693 1630 1741 1682 εί
1793 1626 1868 1697 μὴ
1902 1625 2206 1695 σεμνότατα
2233 1624 2592 1695 περὶτούτων
2620 1628 2648 1679 6
2681 1624 2894 1689 Παῦλος
2930 1623 3222 1690 ἐκτίθεται,
3274 1624 3371 1677 καὶ
3414 1624 3515 1679 οὐκ

250 1726 423 1793 ἀξίως
449 1726 647 1797 χλεύης
675 1728 818 1788 τινὸς
851 1725 952 1778 κᾶν
980 1725 1289 1795 ἐλαχίστης.

328 1818 491 1885 Λέγει
545 1818 602 1869 δέ
656 1817 860 1879 οὕτως’
900 1835 918 1866 ‹
962 1816 1284 1887 Ἐρωτῶμεν
1341 1815 1398 1868 δέ
1453 1816 1637 1885 ὑμᾶς,
1689 1811 1835 1865 ἀδελ-

2013 1807 2103 1862 46.
2136 1807 2259 1862 llaec
2279 1816 2461 1862 autem
2493 1808 2664 1863 dicit:
2690 1826 2708 1860 ι
2732 1808 3009 1875 Rogamus
3036 1820 3214 1864 autem
3246 1826 3367 1875 vos,
3406 1810 3515 1865 l'ra-

251 1910 379 1977 φοὶ,
429 1910 569 1980 ὑπὲρ
612 1910 711 1978 τῆς
748 1909 1049 1979 παρουσίας
1092 1907 1183 1959 τοῦ
1219 1907 1422 1977 Κυρίου
1462 1906 1620 1976 ἡμῶν
1661 1902 1834 1974 Ἰησοῦ

248 2001 496 2071 Χριστοῦ
536 2002 629 2054 καὶ
662 2000 815 2070 ἡμῶν
851 1999 1270 2068 ἐπισυναγωγῆς
1303 2000 1390 2049 ἐπ’
1424 1996 1585 2049 αὑτὸν
1608 2036 1622 2060 ,
1654 1997 1733 2058 είς
1776 1995 1837 2046 τὸ

253 2089 335 2159 μὴ
358 2088 431 2159 (8)
460 2088 777 2159 σαλευθῆναι
803 2089 944 2158 ὑμᾶς
965 2088 1073 2140 ἀπὸ
1090 2086 1184 2139 τοῦ
1206 2088 1341 2151 νοὸς,
1371 2087 1504 2157 μηδέ
1537 2084 1832 2156 θροεῖσθαι,

253 2176 398 2244 μήτε
423 2174 511 2226 διὰ
535 2174 694 2241 λόγου
714 2215 729 2238 ,
760 2178 894 2245 μήτε
929 2174 1017 2227 διά
1044 2174 1383 2244 πνεύματος,
1431 2176 1566 2246 μήτε
1597 2174 1683 2227 διὰ
1713 2174 1835 2227 ἐπι-

249 2260 450 2331 στολῆς
480 2261 555 2324 ὼς
593 2260 659 2313 δι’
697 2261 855 2331 ήμῶν
875 2302 889 2325 ,
911 2261 988 2324 ὡς
1031 2262 1113 2314 ὅτι
1144 2262 1431 2331 ἐνέστηκεν
1456 2264 1488 2332 ἡ
1532 2262 1717 2332 ἡμέρα
1743 2262 1831 2314 τοῦ

247 2353 481 2423 Κυρίου.
516 2353 606 2423 Μή
642 2370 723 2417 τις
748 2354 891 2423 ὑμᾶς
920 2352 1237 2424 ἐξαπατήσῃ
1278 2354 1419 2406 κατά
1463 2353 1667 2423 μηδένα
1712 2352 1835 2423 τρό-
1880 2417 1887 2425 _

246 2459 391 2497 πον·
438 2445 519 2496 ὅτι
545 2482 560 2507 ,
605 2443 703 2498 ἐὰν
754 2446 829 2515 μὴ
881 2444 1009 2518 ἔλθῃ
1059 2447 1093 2515 ή
1133 2444 1439 2497 ἀποστασία
1468 2443 1704 2513 πρῶτον,
1738 2444 1833 2497 καὶ

243 2533 610 2603 ἀποκαλυφθῇ
648 2535 675 2585 6
706 2534 989 2604 ἄνθρωπος
1018 2534 1119 2603 τῆς
1171 2531 1475 2602 ἁμαρτίας,
1514 2534 1542 2585 ὁ
1582 2532 1696 2594 υἱὸς
1732 2531 1834 2602 τῆς

245 2624 527 2687 ἀπωλείας
550 2663 565 2688 ,
604 2626 634 2677 6
668 2626 1042 2694 ἀντικείμενος
1066 2665 1080 2689 ,
1131 2626 1224 2678 καὶ
1268 2626 1693 2695 ὑπεραιρόμενος
1739 2626 1832 2679 ἐπὶ

247 2716 436 2770 πάντα
474 2716 765 2787 λεγόμενον
802 2717 933 2769 Θεὸν
969 2717 1002 2788 ἢ
1045 2717 1296 2788 σέϐασμα
1321 2733 1335 2747 ο
1375 2716 1515 2770 ὥστε
1555 2717 1715 2769 αὑτὸν
1752 2720 1833 2781 είς

244 2804 347 2858 τὸν
370 2805 494 2857 ναὸν
526 2804 745 2858 καθίσαι
769 2805 862 2858 τοῦ
894 2804 1027 2858 Θεοῦ
1054 2847 1068 2871 ,
1099 2806 1488 2860 ἀποδεικνύντα
1516 2806 1725 2872 ἐαυτὸν,
1751 2808 1832 2860 ὅτι

246 2896 371 2950 ἐστὶ
420 2896 571 2959 Θεός.
618 2898 690 2949 Οὐ
743 2897 1107 2967 μνημονεύετε
1146 2899 1264 2967 (9),
1305 2899 1420 2961 ὅτι,
1466 2899 1545 2951 ἔτι
1592 2898 1667 2952 ὢν
1695 2898 1834 2969 πρὸς

248 2989 419 3059 ὑμᾶς,
448 2987 599 3042 ταῦτ’
635 2988 818 3056 ἔλεγον
848 2990 976 3059 ὑμῖν
1004 3006 1017 3054 ;
1043 2989 1135 3042 καὶ
1164 2987 1260 3042 νῦν
1292 2988 1353 3041 τὸ
1378 2991 1604 3059 κατέχον
1634 2991 1830 3055 οἴδατε,

1942 1905 2072 1962 tres,
2111 1914 2208 1968 per
2236 1900 2526 1953 adventum
2580 1898 2797 1955 Domini
2843 1901 3015 1955 nostri
3056 1900 3182 1956 Jesu
3232 1900 3431 1956 (ΗΠ-ἰειί
3462 1915 3517 1956 et

1939 2000 2137 2045 nostra:
2168 1991 2602 2060 congregationis
2632 1990 2685 2045 iii
2720 1991 2921 2061 ipsum,
2965 2008 3035 2047 ne
3078 1995 3187 2049 cito
3231 1994 3514 2049 dimovea-

1938 2082 2069 2136 mini
2096 2096 2125 2134 a
2156 2090 2352 2147 mente,
2388 2094 2563 2149 neque
2601 2081 2915 2146 turbemini,
2950 2097 3135 2153 neque
3172 2099 3268 2154 per
3294 2099 3509 2141 sermo-

1938 2186 2280 2242 nem,neque
2314 2187 2410 2241 per
2437 2171 2714 2239 spiritum,
2746 2186 2921 2240 neque
2960 2188 3055 2243 per
3082 2175 3369 2243 epistolam
3401 2185 3518 2230 tan-

1937 2279 2098 2331 quam
2132 2278 2230 2333 per
2257 2278 2356 2317 nos
2403 2264 2642 2327 missam,
2692 2266 2849 2333 quasi
2897 2266 3062 2319 instet
3107 2266 3221 2321 dies
3278 2268 3512 2322 Domini.

1936 2353 2014 2408 Ne
2039 2354 2159 2423 quis
2208 2368 2305 2407 vos
2340 2353 2566 2407 seducat
2590 2352 2697 2406 ullo
2730 2353 2911 2406 modo.
2955 2352 3230 2418 Quoniam
3279 2356 3381 2409 nisi
3416 2371 3512 2411 ve-

1938 2444 2079 2498 terit
2129 2445 2400 2514 apostasia
2448 2445 2710 2513 primum,
2749 2452 2807 2497 et
2854 2445 3126 2499 revelatus
3158 2444 3321 2501 fuerit
3352 2447 3515 2503 homo

1935 2537 2167 2604 peccati,
2197 2535 2338 2589 ﬁlius
2359 2536 2708 2603 perditionis,
2741 2536 2831 2605 qui
2861 2536 3189 2591 adversatur
3207 2546 3262 2591 et
3297 2538 3515 2593 extolli-

1937 2637 2024 2680 tur
2044 2640 2209 2695 supra
2240 2641 2403 2683 omne
2430 2628 2575 2695 quod
2613 2626 2814 2681 dicitur
2838 2627 2978 2682 Deus
3001 2637 3091 2682 aut
3120 2628 3263 2697 quod
3287 2628 3510 2693 colitur,

1935 2718 2007 2770 ita
2040 2728 2097 2772 ut
2128 2721 2178 2772 in
2215 2719 2413 2787 templo
2443 2704 2764 2784 Dei'sedeat,
2800 2718 3096 2774 ostendens
3140 2734 3199 2774 se
3245 2722 3399 2790 quasi
3443 2722 3515 2777 ait

1937 2809 2098 2864 Deus.
2120 2810 2235 2864 Non
2261 2809 2511 2864 retinetis
2561 2811 2706 2879 quod
2761 2825 2888 2865 eum
2924 2810 3102 2867 adhuc
3141 2824 3315 2865 essent
3367 2813 3509 2881 apud

1936 2913 2049 2962 vos,
2082 2899 2196 2953 haec
2242 2900 2485 2954 dicebam
2540 2900 2732 2954 vobis?
2790 2901 2855 2955 Et
2893 2917 3036 2956 nunc
3084 2902 3216 2970 quid
3273 2903 3514 2958 detineat

1934 2991 2107 3055 scitis;
2135 3001 2190 3044 ut
2220 2992 2490 3045 reveletur
2517 2992 2568 3045 in
2604 3006 2703 3045 suo
2737 3001 2996 3058 tempore.
3017 2990 3153 3046 Nam
3192 2994 3512 3063 mysterium

246 3081 335 3143 είς
368 3080 429 3132 τὸ
454 3080 896 3149 ἀποκαλυφθῆναι
928 3079 1093 3132 αὐτὸν
1125 3079 1182 3132 ἐν
1210 3078 1289 3150 τῷ
1322 3080 1487 3133 αὑτοῦ
1530 3080 1725 3152 καιρῷ.
1759 3081 1831 3133 Τὸ

1937 3079 2039 3146 iam
2066 3082 2661 3151 operaturiniquitatis,
2690 3091 2903 3137 tantum
2940 3090 2999 3135 ut
3030 3083 3121 3152 qui
3159 3092 3304 3138 tenet
3343 3100 3510 3151 nunc,

247 3170 362 3241 γὰρ
400 3164 695 3240 μυστήριον
715 3144 828 3240 ’ἤδη
855 3171 1157 3240 ἐνεργεῖται
1323 3169 1551 3239 ἀνομίας
1574 3186 1586 3198 ·
1618 3144 1774 3239 μόνον
1803 3171 1831 3221 6

1938 3181 2133 3238 teneat,
2172 3148 2347 3225 donec
2396 3175 2462 3227 de
2504 3174 2686 3227 medio
2738 3172 2855 3226 ﬂat.
2902 3173 2964 3227 Et
2998 3182 3127 3229 tunc
3180 3175 3514 3230 revelabitur

250 3258 503 3327 κατέχων
527 3259 649 3327 ἄρτι
681 3257 786 3320 ἕως
814 3260 878 3309 ἐκ
919 3258 1084 3327 μέσου
1118 3258 1341 3327 γένηται
1368 3273 1381 3287 ο
1418 3258 1512 3309 καὶ
1538 3256 1656 3309 τότε
1697 3257 1832 3308 ἀποο

252 3348 663 3418 καλυφθήσεται
698 3351 726 3401 6
759 3349 993 3418 ἄνομος,
1026 3349 1086 3401 ὃν
1129 3353 1157 3401 6
1187 3348 1389 3418 Κύριος
1424 3347 1689 3401 ἀναλώσει
1720 3348 1830 3417 (10)

249 3438 335 3509 τῷ
362 3438 632 3509 πνεύματι
660 3438 754 3491 τοῦ
780 3440 1043 3509 στόματος
1065 3438 1250 3501 αὐτοῦ,
1280 3440 1373 3491 καὶ
1402 3439 1738 3508 καταργήσει
1763 3440 1831 3509 τῇ

252 3533 546 3604 ἐπιφανείᾳ
575 3534 675 3604 τῆς
706 3534 1010 3605 παρουσίας
1039 3532 1234 3586 αὑτοῦ·
1283 3528 1343 3587 οῦ
1377 3536 1522 3586 ἐστιν
1566 3534 1599 3602 ἡ
1635 3550 1836 3603 παρου-

254 3626 349 3678 σία
380 3627 499 3678 κατ’
524 3624 804 3701 ἐνέργειαν
831 3625 925 3678 τοῦ
964 3626 1177 3678 Σατανᾶ
1201 3627 1258 3678 ἐν
1287 3625 1436 3697 πάσῃ
1464 3626 1711 3695 δυνάμει,
1740 3626 1834 3678 καὶ

254 3718 534 3788 σημείοις,
573 3720 667 3772 καὶ
706 3718 899 3790 τέρασι
927 3718 1188 3788 ψεύδους,
1237 3721 1332 3773 καὶ
1375 3722 1434 3774 ἐν
1468 3720 1616 3790 πάσῃ
1649 3719 1832 3789 ἀπάτῃ

253 3809 468 3873 ἀδικίας
498 3812 611 3873 τοῖς
642 3810 1052 3880 ἀπολλυμένοις,
1088 3812 1203 3864 ἀνθ’
1244 3805 1320 3865 ὧν
1350 3811 1449 3881 τὴν
1486 3811 1706 3881 ἀγάπην
1735 3810 1833 3880 τῆς

253 3900 515 3971 ἀληθείας
558 3904 659 3955 οὐκ
687 3902 933 3965 ἐδέξαντο
972 3906 1051 3966 είς
1089 3902 1150 3955 τὸ
1190 3904 1428 3974 σωθῆναι
1472 3903 1688 3965 αὐτούς.
1724 3902 1833 3955 Καὶ

252 3992 345 4045 διὰ
363 3992 522 4048 τοῦτο
544 3994 747 4062 πέμψει
766 3994 874 4062 (Η)
900 3996 1081 4056 αὐτοῖς
1104 3996 1132 4046 6
1160 3995 1292 4057 Θεὸς
1318 3996 1598 4066 ἐνέργειαν
1628 3994 1833 4065 πλάνης

256 4086 338 4147 είς
388 4082 451 4136 τὸ
487 4084 771 4137 πιστεῦσαι
825 4086 1018 4147 αὐτοὺς
1059 4084 1136 4156 τῷ
1184 4086 1400 4154 ψεύδει,
1448 4088 1533 4139 ἴνα
1574 4088 1832 4158 κριθῶσιν

255 4174 497 4237 ἅπαντες
525 4175 574 4228 οἱ
599 4176 673 4246 μὴ
702 4174 1091 4238 πιστεύσαντες
1114 4179 1178 4247 τῇ
1210 4177 1456 4249 ἀληθείᾳ,
1480 4179 1592 4233 ἀλλ’
1617 4179 1835 4249 εὐδοκήο

259 4284 450 4330 σαντες
478 4268 534 4320 ἐν
556 4269 619 4338 τῇ
644 4266 842 4337 ἀδικίᾳ.
866 4285 884 4316 ι
916 4268 1181 4322 Ἕκαστον
1207 4269 1263 4321 δέ
1286 4269 1490 4322 τούτων
1518 4270 1830 4339 σαφηνίσαι,

255 4359 318 4411 ού
349 4360 415 4431 τῇ
450 4360 698 4430 παρούσῃ
733 4359 959 4429 ἁρμόζει
990 4360 1360 4431 πραγματείᾳ.
1401 4360 1464 4414 Ἦ
1508 4361 1635 4431 περὶ
1670 4362 1833 4414 αὐτοῦ

1937 3261 2024 3316 ille
2060 3262 2303 3332 iniquus,
2328 3279 2492 3332 quem
2520 3262 2781 3319 Dominus
2818 3264 3110 3320 interficiet
3155 3265 3354 3334 spiritu
3399 3267 3511 3322 oris

1934 3353 2037 3419 sui,
2073 3361 2127 3407 et
2177 3356 2420 3407 destruet
2471 3354 2838 3410 illustratione
2870 3355 3141 3410 adventus
3175 3356 3256 3409 sui
3296 3370 3312 3409 :
3352 3357 3512 3425 cujus

1904 3454 2019 3509 \est
2067 3446 2331 3499 adventus
2381 3447 2678 3500 secundum
2731 3448 3105 3516 operationem
3177 3446 3392 3503 Satanze
3458 3450 3512 3504 in

1933 3533 2079 3587 omni
2117 3535 2333 3598 virtute,
2392 3547 2445 3589 et
2476 3537 2698 3605 signis,
2732 3546 2787 3590 et
2824 3538 3081 3606 prodigiis
3134 3539 3510 3603 mendacibus,

1933 3636 1989 3681 et
2014 3627 2066 3681 in
2091 3628 2236 3680 omni
2268 3627 2588 3682 seduCtione
2640 3628 2947 3696 iniquitatis
2991 3627 3059 3683 iis
3106 3627 3198 3696 qui
3239 3638 3509 3696 pereunt:

1935 3732 2000 3772 eo
2037 3717 2180 3786 quod
2228 3718 2553 3771 cliaritatem
2615 3718 2865 3773 veritatis
2912 3733 3017 3771 non
3070 3730 3416 3786 receperunt,
3449 3728 3508 3773 ut

1934 3810 2065 3865 salvi
2122 3810 2335 3863 tierent.
2391 3808 2514 3862 ideo
2567 3810 2742 3863 mittet
2801 3808 2908 3863 illis
2955 3809 3094 3862 Deus
3126 3809 3503 3877 Operationetn

1935 3899 2174 3962 erroris,
2238 3907 2296 3952 ut
2336 3899 2566 3953 credant
2604 3899 2907 3963 mendacio,
2958 3898 3351 3966 utjudicentur
3393 3913 3513 3952 οιιι-

1934 4005 2031 4044 ites
2056 3991 2148 4059 qui
2180 4006 2286 4043 non
2315 3990 2665 4045 crediderunt
2697 3991 2931 4056 veritati,
2988 3992 3083 4046 sed
3112 4000 3509 4045 consenserunt

1938 4083 2210 4151 iniquitati
2234 4083 2302 4136 θ’.
2335 4102 2354 4135 ι
2382 4082 2607 4150 Singula
2640 4083 2753 4137 hsce
2782 4099 2975 4137 enarra
2990 4098 3044 4136 re
3084 4082 3370 4149 prmsentis
3400 4097 3508 4137 non

1935 4181 2018 4227 est
2046 4174 2300 4227 instituti.
2339 4173 2435 4227 Est
2464 4184 2519 4228 et
2551 4174 2615 4228 de
2666 4175 2856 4229 eodem
2918 4174 3157 4228 Danielis
3202 4172 3507 4241 prOplietia,

1936 4278 2053 4331 qum
2083 4265 2344 4333 ejusmodi
2377 4276 2481 4329 est,
2511 4274 2570 4319 ut
2602 4266 2924 4334 prudentem
2967 4265 3384 4333 candidumque.
3428 4265 3508 4318 le-

1939 4366 2145 4411 ctorem
2176 4360 2417 4412 traducat
2457 4359 2524 4413 ad
2554 4360 2994 4425 admirationem;
3023 4357 3158 4412 adeo
3192 4358 3429 4412 divinam
3452 4366 3507 4411 et

256 4449 315 4501 δὲ
343 4449 646 4521 προφητεία
676 4452 734 4503 ἐν
761 4450 837 4521 τῷ
874 4450 1072 4520 Δανιὴλ
1109 4450 1391 4516 λέλεκται,
1431 4451 1702 4522 δυναμένη
1742 4452 1832 4505 τὸν

1939 4450 2307 4517 pmplieticatn
2341 4449 2756 4517 inspirationem
2797 4450 2962 4518 sapit.
3011 4450 3086 4504 lbi
3119 4450 3259 4505 dicta
3286 4459 3412 4503 sunt
3443 4464 3509 4503 ea

258 4542 535 4613 φρονίμως
560 4542 652 4597 καὶ
672 4542 1027 4612 εὐγνωμόνως
1048 4541 1488 4611 ἀναγινώσκοντα
1506 4542 1829 4615 ἐπιστρέψαι

257 4633 347 4683 ἐπὶ
373 4632 434 4684 τὸ
457 4631 732 4702 θαυμάσαι
764 4633 888 4695 τοὺς
916 4632 1107 4699 λόγους
1140 4632 1215 4697 ὡς
1247 4633 1464 4701 ἀληθῶς
1487 4634 1705 4697 ἐνθέους
1737 4636 1831 4688 καὶ

258 4726 642 4791 προφητικοὺς,
662 4727 720 4777 ἐν
755 4720 836 4786 οἷς
859 4724 1105 4779 λέλεκται
1138 4725 1208 4779 τά
1238 4726 1365 4797 περὶ
1392 4727 1497 4779 τῶν
1522 4726 1832 4797 μελλουσῶν

260 4809 544 4877 βασιλειῶν
572 4854 589 4879 ,
656 4815 941 4886 ἀρξάμενα
1010 4817 1121 4870 ἀπὸ
1183 4816 1292 4871 τῶν
1356 4819 1563 4889 χρόνων
1639 4820 1837 4891 Δανιὴλ

263 4902 423 4973 μέχρι
489 4905 590 4973 τῆς
649 4907 853 4978 φθορᾶς
901 4908 995 4961 τοῦ
1051 4909 1280 4980 κόσμου.
1345 4910 1587 4965 Ἐνέσται
1640 4912 1697 4964 δέ
1759 4912 1837 4983 τῷ

262 4992 565 5065 βουλομένῳ
614 4998 855 5069 ἐντυχεῖν
887 5001 1047 5072 αὐτῇ.
1082 5002 1229 5073 Πλὴν
1276 5002 1346 5056 τὰ
1402 5005 1532 5075 περὶ
1568 5002 1663 5055 τοῦ
1718 5004 1836 5055 Ἀν-

256 5086 556 5154 τιχρίστου,
597 5086 698 5156 ὅρα
725 5091 772 5141 εἰ
812 5089 887 5159 μὴ
909 5090 1134 5147 τοιαῦτά
1169 5095 1321 5146 ἐστι·
1357 5111 1377 5144 ι
1415 5095 1525 5147 Καὶ
1563 5096 1650 5146 ἐπ’
1683 5094 1836 5162 ἐσχά-

326 5240 374 5276 ⁸³
409 5245 451 5299 ll
479 5245 669 5302 Thess.
709 5263 770 5314 ιι,
804 5250 915 5304 1-6.

264 5447 276 5458 ⁸
330 5375 577 5458 (8)_Post
610 5381 698 5458 ei;
736 5383 798 5434 τὸ
833 5384 960 5458 μή,Δ
987 5384 1123 5458 libb.
1172 5391 1300 5442 editi
1338 5391 1561 5455 addunt,
1592 5403 1647 5446 et
1680 5394 1831 5447 uncis

262 5449 538 5520 includunt
568 5453 797 5520 ταχέως,
822 5449 962 5519 quod
998 5456 1150 5510 abest
1182 5460 1251 5511 ab
1288 5449 1701 5517 etnnibus'niss.

449 5515 985 5600 ObAprﬁyo‘t-si’tfte.
1010 5524 1125 5600 _Si_e_
1146 5539 1293 5600 recte
1331 5529 1488 5581 codd.
1536 5515 1691 5600 Reg;
1730 5532 1832 5584 Va-

267 5592 470 5639 tit'attus
494 5597 557 5668 _et
603 5592 709 5643 duo
740 5593 1302 5668 :\nglicani._lloesclt.
1346 5609 1527 5652 autem
1562 5592 1645 5653 etv
1662 5602 1831 5668 Spen-

264 5671 403 5736 ςςιιτ,
454 5657 514 5709 οὑ
546 5662 981 5736 μνημονεύεται.
1046 5664 1213 5736 Paulo
1264 5679 1415 5736 post,
1466 5670 1603 5724 bene
1658 5657 1827 5727 codex

271 5723 485 5793 lit-gius,
511 5723 579 5780 τδ
599 5723 824 5802 κέτέχον
858 5733 1054 5788 οἴδατε.
1084 5723 1298 5793 Ηωδοιί.
1328 5748 1383 5794 et
1402 5723 1710 5810 'Spenccri,
1731 5723 1830 5798 κᾶξ

1938 4552 2058 4606 qua:
2103 4538 2169 4592 ad
2202 4553 2364 4607 regna
2398 4538 2582 4591 futura
2618 4548 2888 4607 spectant,
2922 4555 2951 4592 a
2985 4538 3209 4594 Daniele
3239 4540 3306 4594 ad
3339 4553 3511 4607 usque

1940 4629 2135 4684 mundi
2161 4629 2463 4685 interitum.
2491 4631 2725 4685 Cuilibet
2754 4631 2950 4686 volenti
2975 4632 3104 4686 licet
3152 4645 3269 4685 eam
3303 4629 3505 4700 legere.

1942 4716 2050 4776 Sed
2082 4739 2203 4793 quae
2254 4724 2320 4776 ad
2360 4724 2761 4779 Antirbristum
2814 4726 3106 4794 pertinent,
3162 4725 3285 4779 vide
3326 4738 3509 4777 annon

1940 4816 2050 4872 sint
2078 4815 2341 4883 ejusmodi
2377 4834 2390 4870 :
2422 4834 2439 4868 t
2480 4816 2547 4870 Et
2575 4816 2675 4871 sub
2727 4818 2886 4871 tinem
2919 4817 3072 4884 regni
3122 4829 3338 4879 eorum,
3383 4830 3506 4871 cum

1938 4910 2211 4964 creverint
2243 4910 2585 4979 iniquitates,
2625 4920 2920 4980 consurget
2946 4923 3038 4964 rex
3067 4909 3352 4979 impudens
3370 4907 3507 4961 facie

1938 5012 1994 5054 et
2018 5001 2321 5072 intelligens
2348 5002 2761 5072 propositiones,
2782 5011 2847 5071 et,
2874 5001 3223 5057 roborabitur
3251 4999 3510 5054 fortitudo

1939 5089 2086 5157 ejus,
2146 5101 2201 5145 et
2249 5091 2590 5147 admirabilia
2643 5092 2919 5156 destruet,
2974 5098 3029 5146 et
3075 5087 3506 5159 prosperabitur,

1930 5395 2085 5467 τέχον
2111 5396 2245 5453 οἶδα.

1993 5468 2113 5539 HO)
2150 5470 2332 5523 Codex
2382 5467 2604 5539 Regius,
2636 5468 2703 5539 ,ὃν
2741 5471 2769 5521 ό
2799 5467 3004 5539 Κύριος
3054 5463 3334 5539 demittite-st,
3377 5460 3503 5539 ξιω-

1928 5533 2164 5655 ῗνξιρίῖιιδ
2200 5552 2255 5594 et
2298 5533 2585 5609 Spetteet‘.,
2631 5538 2692 5591 ὃν
2737 5542 2765 5591 ὁ
2807 5533 3009 5607 Κύριος
3053 5533 3331 5607 [Ἰησοῦς]
3373 5534 3503 5587 ἀνθ’

1963 5622 2030 5657 ει.

1963 5645 2108 5759 iiii)
2152 5678 2329 5734 Codex
2378 5677 2597 5748 Regius.
2627 5674 2853 5745 πέμψει.
2885 5673 3102 5731 licescli.
3131 5682 3184 5730 et
3215 5673 3497 5743 Spenccr.,

1928 5761 2154 5816 πέμπει.
