3990 6158
524 272 657 329 15³11

2000 283 2323 341 ORIGEMS

3654 281 3680 333 Ι
3695 281 3815 335 572

523 394 692 467 669
718 404 774 452 et
797 396 979 464 faciet,
1005 408 1061 454 et
1097 400 1384 458 interﬁciet
1428 405 1678 461 robustos
1733 414 1786 461 et
1844 407 2097 477 populum

2205 425 2279 477 τῳ
2324 403 2425 475 τῆς
2477 400 2754 474 βασιλείας
2803 397 2981 453 αὐτῶν
3032 395 3145 470 (12)
3171 436 3186 462 ,
3235 394 3632 468 πληρουμένων
3683 395 3811 449 τῶν

525 497 795 553 sanctum,
828 500 881 544 et
902 491 1091 559 jugum
1122 492 1466 549 vinculorum
1500 496 1618 563 ejus
1662 499 2095 567 prosperabitur.

524 577 691 635 Dolus
717 580 770 634 in
798 595 958 636 manu
991 582 1107 652 ejus
1141 592 1195 638 et
1220 584 1273 638 in
1317 587 1482 641 corde
1507 586 1622 656 ejus
1645 589 2096 658 magniﬁcabitur.

523 668 658 723 Dolo
680 672 1045 739 pessumdabit
1066 673 1264 730 multos
1289 678 1535 733 etcstabit
1569 679 1623 732 in
1660 680 1955 735 multorum
1977 694 2102 748 per-

525 759 742 826 niciem,
767 770 823 815 et
854 771 1035 819 utova
1092 782 1252 822 manu
1297 780 1545 826 conteret
1563 771 1630 825 ⁸³.
1672 789 1690 824 ι
1727 772 1879 839 Quod
1911 787 2037 826 vero
2073 787 2103 826 a

522 846 689 904 Paulo
714 849 914 906 dictum
944 864 1027 910 εει
1052 855 1135 910 his
1159 857 1277 926 ejus
1301 874 1423 928 quae
1444 861 1731 915 citavimus
1766 860 1969 924 verbis,
1997 879 2016 911 (
2043 869 2103 915 ut

521 936 710 993 sedeat
737 939 790 995 in
814 944 1011 1010 templo
1031 945 1123 1001 Dei
1143 949 1437 1003 ostendens
1458 965 1517 1004 se
1532 952 1685 1018 quasi
1714 950 1788 1006 sit
1813 950 1955 1007 Deus
1972 952 2039 1015 ⁸³,
2076 969 2096 1004 ι

523 1030 755 1101 idipsum
792 1047 822 1085 a
858 1033 1077 1089 Daniele
1112 1052 1431 1108 expressum
1471 1050 1554 1096 est
1588 1043 1638 1094 in
1673 1042 1813 1098 hunc
1838 1043 2055 1097 modum
2084 1061 2099 1096 :

531 1139 552 1174 ι
582 1122 648 1178 Ει
681 1124 735 1178 in
771 1126 971 1195 templo
991 1128 1324 1185 abominatio
1355 1132 1732 1202 desolationis,
1766 1145 1820 1190 et
1844 1152 2016 1206 usque
2035 1139 2101 1192 ad

522 1218 1059 1273 consummationem
1085 1222 1345 1289 temporis
1372 1226 1773 1281 consummatio
1792 1226 2013 1283 dabitur
2034 1228 2102 1283 ad

523 1305 909 1361 desolationem
942 1308 1010 1364 ⁸⁸.
1054 1327 1073 1360 ι
1109 1310 1285 1379 Atque
1325 1313 1440 1367 haec
1478 1329 1545 1368 ex
1594 1316 1776 1371 multis
1848 1317 2104 1387 colligere

518 1395 755 1465 judicavi
785 1414 961 1468 operae
984 1403 1242 1468 pretium,
1272 1414 1352 1469 ut,
1378 1419 1497 1472 quae
1526 1406 1834 1461 divinarum
1860 1407 2104 1478 Scriptu-

523 1499 707 1540 rarum
734 1488 802 1541 de
833 1488 1049 1544 diabolo
1107 1498 1162 1544 et
1193 1490 1530 1549 AntichriSto
1578 1495 1650 1548 sit
1698 1511 1873 1561 mens,
1931 1497 2102 1552 lector

521 1576 865 1646 aliquatenus
912 1579 1262 1650 intelligeret.
1318 1582 1413 1639 His
1468 1586 1631 1654 igitur
1678 1585 1731 1640 in
1778 1587 1923 1641 hanc
1974 1603 2092 1643 rem

520 1670 792 1733 contenti,
822 1671 931 1738 jam
957 1672 1120 1727 alium
1144 1672 1285 1727 Celsi
1310 1674 1489 1730 locum
1517 1678 1797 1733 videamus
1823 1687 1877 1733 et
1910 1689 2099 1734 contra

523 1772 621 1826 pro
646 1761 850 1815 viribus
868 1764 1235 1819 decertemus.

2202 490 2487 562 ἁμαρτιῶν
2503 488 2700 553 αὐτῶν,
2721 488 3085 558 ἀναστήσεται
3106 486 3358 557 βασιλεὺς
3380 485 3605 558 ἀναιδὴς
3624 502 3806 556 προσ-

2202 585 2356 656 ώπῳ,
2380 584 2474 637 καὶ
2514 582 2709 636 συνιὼν
2742 579 3121 653 προϐλήματα,
3150 580 3243 632 καὶ
3282 577 3515 651 κραταιά
3549 580 3585 649 ἡ
3632 579 3803 648 ίσχὺς

2201 674 2401 741 αὐτοῦ,
2460 676 2554 729 καὶ
2604 671 2895 744 θαυμαστὰ
2948 670 3249 741 διαφθερεῖ,
3293 671 3387 723 καὶ
3439 668 3797 733 κατευθυνεῖ,

2204 769 2298 821 καὶ
2320 769 2553 839 ποιήσει,
2577 767 2671 820 καὶ
2691 764 2971 834 διαφθερεῖ
2989 764 3243 834 ἰσχυροὺς
3265 801 3279 825 ,
3309 762 3406 815 καὶ
3436 761 3560 814 λαὸν
3592 764 3760 829 ἅγιον
3780 778 3794 791 ’

2204 859 2298 911 καὶ
2324 859 2351 910 ό
2377 858 2541 926 ζυγὸς
2566 856 2661 909 τοῦ
2686 854 2867 908 κλοιοῦ
2895 852 3061 907 αὐτοῦ
3085 851 3419 905 κατευθυνεῖ.
3449 851 3609 914 Δόλος
3636 852 3696 903 ὲν
3726 853 3795 921 τῇ

2203 951 2344 1021 χειρὶ
2370 949 2556 1011 αὐτοῦ,
2602 947 2698 1001 καὶ
2744 947 2801 999 ὲν
2828 945 3024 1015 καρδίᾳ
3074 942 3239 997 αὑτοῦ
3297 942 3791 1013 μεγαλυνθήσεται.

2201 1040 2313 1093 Καὶ
2333 1038 2467 1108 δόλῳ
2489 1038 2601 1108 (15)
2649 1034 2929 1106 διαφθερεῖ
2978 1034 3206 1098 πολλοὺς
3226 1076 3242 1102 ,
3272 1031 3366 1087 καὶ
3390 1034 3483 1085 ἐπὶ
3509 1033 3795 1097 ἀπωλείας

2202 1129 2412 1190 πολλῶν
2443 1131 2714 1199 στήσεται,
2743 1127 2837 1180 καὶ
2863 1126 2939 1189 ὡς
2967 1126 3048 1179 ὠά
3073 1127 3216 1197 χειρὶ
3234 1125 3531 1197 συντρίψει.
3559 1144 3577 1176 ι
3610 1125 3792 1195 Ὅπερ

2200 1219 2256 1271 δὲ
2308 1218 2459 1290 παρά
2513 1217 2590 1289 τῷ
2621 1217 2816 1287 Παύλῳ
2847 1216 3097 1269 λέλεκται
3147 1218 3205 1268 ὲν
3320 1215 3583 1287 ἐξεθέμην
3616 1215 3787 1269 αὑτοῦ

2201 1309 2344 1377 λέξει
2380 1310 2663 1382 φασκούσῃ
2682 1350 2695 1373 ,
2737 1328 2755 1360 ι
2786 1307 2925 1361 ὥστε
2968 1307 3099 1361 αὐτὸ
3139 1309 3217 1370 είς
3248 1306 3339 1359 τὸν
3368 1306 3490 1359 ναὸν
3521 1306 3618 1360 τοῦ
3648 1306 3787 1360 Θεοῦ

2203 1402 2423 1455 καθίσαι
2453 1400 2841 1456 ἀποδεικνύντα
2874 1399 3065 1451 ἑαυτὸν
3093 1400 3174 1452 ὅτι
3205 1398 3322 1451 ἐστὶ
3361 1398 3491 1460 Θεός
3511 1415 3525 1427 ·
3559 1416 3578 1449 ι
3625 1398 3785 1452 τοῦτο

2202 1496 2297 1549 καὶ
2325 1497 2382 1547 ὲν
2417 1494 2496 1565 τῷ
2533 1491 2729 1562 Δανιὴλ
2756 1491 2944 1544 τοῦτον
2983 1490 3200 1560 εἴρηται
3232 1489 3323 1543 τὸν
3366 1489 3595 1560 τρόπον·
3632 1509 3650 1541 ‹
3674 1490 3783 1543 Καὶ

2202 1586 2296 1639 ἐπὶ
2339 1585 2402 1637 τὸ
2445 1583 2587 1654 ἱερὸν
2640 1582 2912 1652 βδέλυγμα
2957 1579 3065 1633 τῶν
3120 1578 3473 1650 ὲρημῶσεων,
3528 1578 3624 1631 καὶ
3678 1578 3781 1641 Em;

2206 1674 2511 1737 συντελείας
2536 1671 2725 1742 καιροῦ
2774 1670 3049 1723 συντέλεια
3088 1669 3370 1740 δοθήσεται
3402 1669 3494 1721 ἐπὶ
3530 1669 3630 1739 τὴν
3658 1669 3781 1741 ἐρή-

2128 1766 2172 1821 Β
2204 1784 2395 1839 μωσιν.
2429 1785 2448 1816 ι
2499 1763 2748 1818 Τοσαῦτα
2797 1761 2862 1834 δὴ
2910 1761 3018 1815 ἀπὸ
3057 1760 3315 1814 πλειόνων
3357 1760 3534 1825 ἔδοξεν
3566 1760 3780 1827 εῦλογον

523 1849 660 1905 εἷναί
693 1872 782 1924 μοι
809 1858 1182 1943 παραθέσθαι,
1217 1863 1298 1925 είς
1324 1862 1386 1914 τὸ
1409 1862 1510 1916 κᾶν
1542 1864 1629 1914 ἐπ’
1657 1863 1836 1933 ὀλίγον
1866 1867 2104 1920 συνιέναι
2140 1866 2232 1919 τὸν
2257 1863 2533 1933 ἀκροατὴν
2570 1860 2700 1931 περὶ
2726 1858 2819 1913 τοῦ
2872 1859 3211 1930 βουλήματος
3259 1857 3368 1910 τῶν
3392 1856 3551 1911 θείων
3590 1858 3778 1925 λόγων,

520 1943 875 1999 διδασκόντων
908 1948 975 2002 τά
1024 1952 1150 2020 περὶ
1182 1951 1277 2003 τοῦ
1308 1952 1553 2005 διαϐόλου
1597 1955 1812 2008 καὶτοῦ
1865 1956 2259 2026 Ἄντιχρίστου·
2311 1950 2393 2016 οἷς
2430 1955 2510 2016 είς
2555 1950 2727 2005 ταῦτα
2768 1948 3157 2020 ἀρκεσθέντες,
3214 1948 3411 2020 ἴδωμεν
3464 1950 3561 2003 καὶ.
3620 1949 3780 2021 ἄλλην

519 2039 615 2093 τοῦ
648 2042 858 2095 Κέλσου
886 2043 1057 2109 λέξιν,
1086 2046 1179 2097 xa‘t
1213 2047 1350 2116 πρὸς
1390 2047 1560 2116 αὐτὴν
1598 2049 1743 2103 κατά
1772 2051 1833 2103 τὸ
1876 2052 2099 2105 δυνατὸν
2126 2047 2544 2118 ἀγωνισώμεθα.

590 2134 680 2188 47.
722 2134 812 2189 Sic
853 2136 941 2189 ille
991 2137 1209 2205 pergit:
1248 2155 1266 2188 ι
1312 2137 1462 2191 Unde
1512 2139 1613 2194 hoc
1662 2141 1839 2211 ipsum
1891 2143 1995 2198 illis
2040 2142 2096 2196 in

521 2233 759 2279 mentem
794 2228 1017 2291 venerit,
1055 2226 1145 2283 Dei
1175 2227 1371 2281 Filium
1399 2240 1622 2295 vocare,
1652 2230 1764 2300 jam
1798 2242 1989 2287 notum
2014 2231 2094 2285 fa-

521 2316 629 2371 cio.
664 2316 886 2371 Scilicet
922 2328 1134 2372 veteres
1170 2319 1311 2375 hunc
1359 2322 1640 2388 mundum,
1698 2324 1851 2392 quasi
1881 2338 1949 2378 ex
1989 2324 2100 2379 Deo

520 2408 735 2478 genitus
758 2420 920 2473 esset,
961 2409 1053 2463 Dei
1108 2410 1273 2464 [ilium
1324 2420 1379 2465 et
1417 2413 1816 2468 adolescentem
1860 2416 2101 2485 appella-

520 2508 669 2555 runt.
698 2497 952 2568 Magnam
985 2509 1136 2553 certe
1169 2499 1312 2553 hunc
1346 2501 1487 2554 inter
1509 2510 1564 2555 et
1602 2501 1749 2555 illum
1780 2501 1873 2555 Dei
1901 2501 2097 2557 Filium

520 2589 966 2644 similitudinem!
1010 2608 1028 2642 ι
1063 2590 1214 2655 Quod
1245 2606 1373 2661 ergo
1402 2590 1492 2645 Dei
1520 2590 1715 2645 Filium
1761 2592 2011 2660 dicimus,
2045 2593 2097 2647 id

519 2697 619 2738 nos
640 2697 926 2753 perperam
963 2691 1235 2738 mutuatos
1268 2698 1389 2737 csse
1414 2683 1626 2752 putavit
1664 2698 1733 2737 ex
1766 2684 1833 2739 iis
1885 2700 2006 2755 quae
2032 2686 2099 2741 de

520 2775 720 2829 mundo
744 2773 941 2828 tradita
971 2783 1119 2841 sunt,
1140 2774 1293 2829 illum
1318 2776 1573 2831 videlicet
1607 2791 1674 2831 ex
1698 2778 1806 2831 Deo
1833 2777 2094 2847 genitum,

518 2865 616 2920 Dei
648 2858 813 2919 lilium
853 2875 907 2920 et
932 2864 1099 2920 Deum
1124 2880 1262 2920 esse.
1316 2866 1501 2936 Neque
1550 2870 1696 2924 enim
1737 2870 1939 2939 Moysis
1973 2884 2097 2937 pro-

519 2957 917 3027 phetarumque
944 2967 1156 3013 :etatem
1189 2959 1543 3015 considerare
1598 2961 1792 3030 potuit,
1848 2970 1907 3015 ut
1937 2961 2098 3016 intel-

2277 2138 2471 2206 Ἔλεγε
2511 2137 2574 2209 δὴ
2614 2134 2752 2206 μετὰ
2784 2134 2853 2189 τά
2892 2134 3186 2204 ἐκκείμενα
3220 2134 3476 2187 τοιαῦταο
3501 2154 3521 2187 ‹
3562 2135 3781 2191 Ὀπὸθεν

2203 2231 2260 2283 δὲ
2293 2231 2387 2283 καὶ
2421 2229 2554 2282 αὐτὸ
2578 2227 2735 2281 τοῦτο
2768 2227 3004 2298 ἐπῆλθεν
3034 2228 3237 2291 αὐτοῖς,
3268 2226 3402 2280 Θεοῦ
3429 2227 3559 2280 Υἰὸν
3576 2228 3779 2291 καλεῖν,

2207 2323 2473 2394 σημαίνω.
2495 2321 2718 2391 ’Ἄνδρες
2731 2320 2947 2373 παλαιοὶ
2964 2320 3109 2373 τόνδε
3126 2320 3218 2372 τὸν
3233 2319 3456 2390 κόσμον,
3474 2320 3549 2384 ὡς
3568 2323 3631 2374 ὲκ
3651 2321 3781 2373 Θεοῦ

2205 2416 2511 2485 γενόμενον,
2555 2413 2724 2466 παῖδά
2757 2428 2819 2464 τε
2862 2408 3029 2463 αὑτοῦ
3055 2410 3150 2464 καὶ
3182 2410 3363 2479 η’ίθεον
3399 2412 3511 2480 (14)
3568 2414 3784 2482 προσεῖ-

2203 2522 2323 2557 πον.
2357 2504 2503 2556 Πάνυ
2525 2502 2654 2571 γοῦν
2679 2502 2863 2571 ὅμοιος
2886 2494 3038 2564 οὗτός
3057 2518 3115 2553 τε
3136 2502 3387 2563 κάκεῖνος
3411 2501 3547 2565 Παῖς
3570 2501 3731 2555 Θεοῦί
3757 2522 3775 2554 ι

2216 2595 2380 2666 ᾭήθη
2414 2594 2541 2648 Υἱὸν
2570 2593 2704 2647 Θεοῦ
2739 2595 2887 2664 ἡμᾶς
2937 2592 3138 2660 λέγειν,
3174 2593 3662 2663 παραποιήσαντας
3713 2592 3780 2646 τὰ

2203 2688 2331 2759 περὶ
2364 2687 2458 2740 τοῦ
2493 2687 2721 2758 κόσμου,
2761 2686 2838 2750 ὡς
2874 2686 2938 2738 ὲκ
2975 2684 3111 2738 Θεοῦ
3157 2685 3475 2755 γενομένου,
3523 2684 3619 2738 καὶ⁵
3665 2683 3778 2738 υἱοῦ

2203 2777 2354 2842 ὄντος
2400 2776 2591 2843 αὐτοῦ,
2645 2778 2737 2831 καὶ
2770 2778 2911 2831 θεοῦ.
2956 2777 3032 2830 Οὐ
3077 2775 3183 2846 γάρ
3211 2775 3441 2847 ἐδυνήθη
3486 2775 3781 2845 ἐπιστήσας

2202 2873 2315 2932 τοῖς
2345 2869 2557 2939 χρόνοις
2603 2868 2881 2931 Μωῡσέως
2922 2867 3017 2920 καὶ
3058 2866 3167 2918 τῶν
3197 2864 3488 2937 προφητῶν
3526 2865 3674 2930 ἰδεῖν,
3701 2866 3782 2918 ὅτι

2205 2960 2433 3013 καθόλου
2473 2958 2535 3011 τὸ
2560 2954 2697 3011 εἷναί
2724 2974 2846 3011 τινα
2889 2957 3004 3009 υἱὸν
3045 2955 3179 3009 Θεοῦ
3208 2954 3314 3026 πρὸ
3354 2954 3640 3025 Ἑλλήνων,
3689 2955 3781 3007 καὶ

521 3046 1038 3117 ligeretludaeorum
1074 3052 1366 3119 prophetas
1419 3052 1486 3105 de
1537 3052 1770 3120 quodam
1818 3051 1914 3105 Dei
1960 3052 2097 3107 Filio

2205 3043 2281 3106 ὧν
2314 3067 2477 3120 φησιν
2522 3050 2550 3101 ό
2582 3048 2788 3111 Κέλσος
2830 3046 3074 3101 παλαιῶν
3110 3046 3340 3116 ἀνδρῶν,
3380 3049 3429 3100 oi
3474 3046 3604 3117 παρ’
3648 3046 3782 3100 ’1ου-

519 3137 680 3207 longe
703 3148 832 3194 ante
854 3138 1062 3194 locutos
1095 3154 1238 3206 esse,
1264 3154 1423 3207 quant
1457 3140 1634 3196 Graeci
1661 3150 1718 3195 et
1758 3142 1817 3205 ii,
1843 3156 1978 3209 quos
2009 3155 2097 3194 ve-

2205 3142 2373 3205 δαίοις
2412 3140 2685 3211 προφῆται
2716 3139 3143 3211 προεφήτευσαν.
3203 3136 3343 3189 Ἀλλ’
3374 3135 3484 3189 οὐδ’
3518 3136 3778 3207 ἐϐουλήθη

522 3237 673 3285 teres
698 3238 876 3295 vocat,
923 3230 1216 3300 prodirent.
1267 3230 1377 3285 Nec
1420 3231 1585 3285 etiam
1631 3232 1879 3302 proferre
1934 3233 2097 3288 voluit

2205 3233 2266 3285 τὸ
2295 3232 2447 3303 παρά
2476 3232 2725 3286 Πλάτωνι
2753 3232 2811 3285 ἐν
2852 3232 2972 3294 ταῖς
3004 3229 3312 3292 ἐπιστολαῖς
3342 3228 3680 3299 λελεγμένον,
3719 3220 3780 3281 οὖ

523 3321 890 3376 testimonium
926 3322 1070 3389 quod
1110 3336 1275 3391 supra
1314 3337 1383 3377 ex
1427 3322 1670 3377 Platonis
1713 3324 1956 3393 epistolis
1998 3324 2097 3378 ad-

521 3413 793 3480 duximus,
828 3413 916 3468 ubi
949 3414 1036 3468 hic
1072 3414 1140 3469 de
1170 3416 1327 3484 hujus
1364 3413 1738 3469 universitatis
1773 3414 1967 3485 opiﬁce
2012 3415 2095 3470 lo-

519 3508 705 3577 quitur
737 3519 992 3577 tanquam
1039 3508 1103 3562 de
1134 3506 1231 3561 Dei
1266 3506 1403 3561 Filio
1438 3506 1682 3561 :veritus
1708 3519 1776 3560 ne
1807 3522 1837 3560 a
1867 3506 2095 3562 Platone

521 3597 634 3665 illo,
673 3614 832 3668 quem
855 3613 1002 3669 διῆρε
1029 3598 1280 3654 laudibus
1308 3597 1525 3663 extulit,
1570 3606 1860 3666 cogeretur
1906 3612 2099 3653 assen-

524 3691 635 3756 tiri,
672 3690 832 3759 hujus
857 3689 1230 3745 universitatis
1263 3698 1547 3743 auctorem
1588 3702 1708 3743 esse
1736 3688 1832 3742 Dei
1870 3687 2095 3756 Filium,

523 3781 756 3851 primum
793 3791 976 3836 autem
1007 3789 1060 3834 et
1085 3796 1397 3851 supremum
1443 3779 1615 3835 Deum
1663 3779 1781 3848 ejus
1819 3793 1939 3834 esse
1990 3779 2098 3833 Pa-

526 3882 682 3925 trem.
747 3872 900 3937 Quod
959 3879 1139 3925 autem
1196 3871 1431 3926 dicimus
1488 3868 1726 3923 animam
1764 3867 1911 3923 illius
1966 3867 2096 3924 Jcsu

524 3972 672 4015 tanto
705 3962 797 4016 Dei
840 3962 953 4015 tilio
1001 3961 1190 4016 intima
1248 3960 1669 4031 participatione
1716 3960 1942 4027 unitum,
1996 3976 2098 4017 nec

524 4068 759 4123 unquam
789 4054 857 4108 ab
884 4053 972 4108 illo
1020 4051 1401 4123 separandam,
1428 4054 1479 4107 id
1514 4052 1737 4106 minime
1764 4052 1961 4106 mirum
1991 4064 2093 4108 est.

523 4145 656 4199 Nam
685 4148 737 4199 in
763 4146 935 4200 sacris
960 4145 1255 4216 Scripturis
1285 4145 1529 4214 reperire
1559 4144 1686 4198 licet
1713 4151 1769 4197 et
1799 4145 1926 4210 alia,
1951 4160 2096 4214 quae,

520 4236 770 4304 quamvis
809 4234 915 4290 duo
946 4244 1138 4290 natura
1179 4251 1276 4290 sua
1304 4236 1439 4301 sint,
1475 4245 1799 4307 reputantur
1831 4244 2011 4291 tamen
2041 4245 2099 4292 et

524 4342 712 4383 revera
744 4338 870 4384 sunt
896 4343 1061 4381 unum
1103 4347 1115 4382 :
1162 4326 1466 4402 cujusmodi
1494 4337 1578 4384 est
1613 4328 1757 4385 istud
1803 4328 1870 4384 de
1905 4330 2098 4384 marito

521 4428 577 4472 et
627 4433 797 4472 uxore
852 4436 869 4472 :
924 4436 944 4469 ι
1001 4418 1118 4474 Non
1164 4419 1402 4488 amplius
1468 4420 1575 4476 duo
1621 4432 1773 4490 sunt,
1832 4425 1929 4478 sed
1986 4437 2095 4477 una

2206 3325 2262 3375 ὲν
2291 3326 2402 3385 τοῖς
2434 3323 2691 3394 ἀνωτέρω
2887 3322 3126 3392 ἐμνήσθη
3137 3339 3254 3391 μεν,
3284 3320 3412 3390 περὶ
3459 3319 3552 3373 τοῦ
3598 3320 3779 3375 διακο-

2207 3414 2517 3485 σμήσαντος
2543 3413 2660 3466 τόδε
2690 3412 2754 3465 τὸ
2785 3415 2914 3477 πᾶν,
2958 3412 3032 3476 ὡς
3078 3412 3229 3475 ὄντος
3259 3410 3390 3464 Υίοῦ
3418 3411 3576 3476 Θεοῦ,
3609 3429 3782 3484 παρα-

2207 3503 2433 3558 θέσθαι·
2472 3504 2559 3558 ἵνα
2595 3505 2667 3575 μὴ
2714 3504 2807 3557 καὶ
2840 3504 3003 3567 αὐτὸς
3051 3503 3157 3556 ὑπὸ
3200 3501 3296 3556 τοῦ
3346 3502 3672 3566 Πλάτωνος,
3721 3504 3780 3555 ὃν

2205 3596 2465 3661 πολλάκις
2492 3597 2803 3667 ἐσέμνυνεν,
2833 3595 3149 3667 ἀναγκασθῇ
3179 3594 3605 3665 παραδέξασθαι,
3630 3594 3713 3646 ὅτι
3752 3596 3781 3647 ό

2209 3689 2308 3760 μὲν
2330 3687 2658 3759 δημιουργὸς
2689 3687 2846 3741 τοῦδε
2871 3687 2964 3741 τοῦ
2991 3688 3189 3750 παντὸς
3210 3686 3339 3747 Υίός
3358 3686 3473 3740 ἐστι
3503 3685 3598 3739 τοῦ
3623 3684 3779 3748 Θεοῦ,

2203 3783 2232 3834 ὁ
2262 3780 2320 3839 δὲ
2353 3781 2567 3852 πρῶτος
2596 3780 2692 3834 καὶ
2733 3781 2826 3833 ἐπὶ
2855 3782 2988 3833 πᾶσι
3018 3778 3150 3841 Θεὸς
3181 3778 3377 3849 Πατήρ
3414 3778 3561 3831 ἐστιν
3590 3776 3776 3829 αὐτοῦ.

2204 3870 2268 3923 El
2289 3869 2344 3923 δὲ
2371 3869 2449 3941 τῷ
2479 3870 2779 3941 τηλικούτῳ
2812 3870 2926 3940 Υίῷ
2953 3870 3048 3923 τοῦ
3081 3868 3215 3923 Θεοῦ
3257 3867 3525 3937 ἡνῶσθαι
3551 3869 3781 3938 φάσκον-

2203 3980 2293 4027 τες
2330 3963 2439 4035 (16)
2492 3968 2561 4036 τῇ
2607 3966 2752 4036 ἄκρᾳ
2799 3966 2998 4034 μετοχῇ
3046 3963 3255 4016 ἐκείνου
3300 3961 3400 4034 τὴν
3442 3959 3538 4015 τοῦ
3607 3959 3777 4029 Ἰησοῦ

2202 4052 2399 4125 ψυχὴν,
2432 4053 2630 4106 οὐκέτι
2660 4051 3035 4125 χωριζομένην
3068 4051 3163 4104 ἀπ’
3185 4051 3392 4105 ἐκείνου
3418 4050 3607 4122 αὐτὴν,
3627 4050 3778 4104 οὐδὲν

2204 4143 2534 4214 θαυμαστόν.
2558 4144 2741 4197 Οἴδασι
2758 4143 2867 4214 γὰρ
2891 4143 2942 4194 οἱ
2959 4141 3095 4213 ἱεροὶ
3119 4142 3226 4195 τῶν
3254 4140 3412 4195 θείων
3439 4142 3777 4215 γραμμάτων

2203 4235 2350 4304 λόγοι
2378 4235 2471 4289 καὶ
2492 4235 2646 4299 ἄλλα,
2669 4236 2761 4288 δύο
2786 4238 2853 4307 τῇ
2886 4234 3096 4290 ἑαυτῶν
3125 4235 3285 4303 φύσει
3311 4234 3667 4306 τυγχάνοντα,
3700 4236 3778 4297 εἰς

2203 4329 2261 4383 ἓν
2300 4328 2549 4400 ἀλλήλοις
2581 4322 2721 4381 εἶναι
2755 4326 3109 4397 λελογισμένα
3141 4326 3235 4379 καὶ
3282 4325 3410 4379 ὄντα
3432 4342 3446 4355 ’
3497 4319 3610 4377 οἷον
3655 4324 3780 4396 περὶ

2207 4420 2307 4492 μὲν
2351 4420 2544 4491 ἀνδρὸς
2576 4419 2670 4473 καὶ
2707 4418 2964 4488 γυναικὸς
2996 4417 3275 4471 λέλεκται·
3339 4436 3358 4469 ι
3384 4418 3497 4471 Ούκ
3541 4416 3622 4469 ἔτι
3674 4416 3780 4469 εἰσὶ

522 4525 653 4565 caro
684 4509 764 4575 '5;
803 4528 822 4562 ι
850 4518 906 4566 et
942 4511 1007 4565 de
1029 4512 1145 4566 viro
1174 4510 1415 4580 perfecto
1445 4521 1500 4567 et
1529 4512 1938 4570 adhaerescente
1968 4528 2097 4568 vero

2205 4514 2316 4576 δύο,
2353 4512 2488 4567 ἀλλὰ
2515 4512 2650 4584 σάρξ
2689 4512 2785 4584 μία
2807 4529 2821 4543 ο
2853 4532 2871 4563 ›
2899 4529 2964 4565 πε
2976 4512 3028 4582 ρ“ι
3057 4510 3113 4563 δὲ
3134 4509 3229 4564 τοῦ
3258 4508 3461 4562 τελείου
3483 4547 3497 4574 ,
3531 4509 3625 4561 καὶ
3655 4507 3781 4562 κολ-

520 4601 747 4655 Domino
772 4601 865 4669 qui
906 4601 1132 4655 verbum
1178 4610 1262 4654 est
1302 4609 1359 4655 et
1410 4602 1681 4673 sapientia
1727 4613 1782 4660 et
1834 4605 2042 4659 veritas
2080 4621 2092 4657 :

526 4712 547 4745 ι
588 4691 688 4759 Qui
720 4692 961 4746 adhteret
989 4692 1238 4757 Domino,
1274 4709 1415 4750 unus
1440 4696 1662 4764 spiritus
1706 4705 1791 4749 est
1826 4696 1893 4750 ⁸⁷.
1925 4716 1943 4749 ι
1974 4695 2095 4751 Jam

520 4799 650 4838 vero
671 4783 715 4837 si
740 4782 830 4848 qui
856 4782 1099 4837 adhaeret
1136 4782 1389 4849 Domino,
1426 4788 1578 4854 pnus
1608 4786 1831 4855 spiritus
1866 4795 1969 4854 est,
2005 4800 2095 4841 ec-

518 4873 640 4939 quis
677 4872 870 4941 magis,
902 4872 1010 4927 imo
1032 4873 1218 4942 ecquis
1245 4889 1397 4942 aeque
1424 4890 1488 4930 ac
1506 4877 1689 4931 anima
1729 4876 1880 4943 Iesu,
1915 4880 2097 4935 adiim-

519 4976 600 5015 rct
628 4963 879 5029 Domino,
906 4965 995 5034 qui
1028 4974 1114 5020 est
1147 4966 1374 5021 verbum
1412 4970 1609 5038 ipsum,
1651 4973 1915 5041 sapientia
1952 4974 2096 5043 ipsa,

518 5052 728 5109 veritas
759 5053 898 5122 ipsa,
933 5054 1163 5122 ipsamet
1185 5055 1435 5124 justitia?
1460 5060 1516 5114 Si
1547 5070 1727 5115 autem
1755 5076 1842 5118 res
1889 5064 1963 5118 ita
1993 5066 2094 5117 ha-

2203 4601 2448 4672 λωμένου
2482 4601 2560 4672 τῷ
2586 4600 2828 4673 ἀληθινῷ
2861 4601 3077 4672 Κυρίῳ,
3120 4600 3292 4669 λόγῳ,
3320 4598 3415 4653 καὶ
3457 4598 3642 4670 σοφία,
3691 4600 3781 4652 καὶ

2205 4693 2451 4765 ἀληθείᾳ,
2494 4694 2578 4747 ὅτι
2609 4713 2626 4745 ι
2664 4691 2720 4747 ’0
2748 4692 3085 4763 κολλώμενος
3113 4692 3191 4763 τῷ
3237 4690 3426 4761 Κυρίῳ
3468 4690 3525 4743 ἓν
3565 4690 3782 4761 πνεῦμά

2202 4786 2413 4838 ἐστιν.»
2471 4785 2536 4839 Εἰ
2562 4785 2664 4837 δ’ὁ
2695 4783 3032 4866 κολλώμενος
3087 4783 3164 4854 τῷ
3214 4784 3403 4853 Κυρίῳ
3455 4781 3512 4834 ἓν
3566 4781 3781 4850 πνεῦμά

2203 4882 2317 4934 ἐστι
2336 4920 2352 4945 ,
2386 4884 2471 4945 τίς
2508 4882 2708 4952 μᾶλλον
2739 4882 2854 4953 τῆς,
2879 4879 3051 4952 Ἰησοῦ
3075 4882 3251 4953 ψυχῆς
3282 4882 3314 4953 ἦ
3346 4882 3451 4935 κᾶν
3492 4880 3782 4952 παραπληο

2205 4972 2333 5035 σίως
2361 4972 2683 5044 κεκόλληται
2707 4973 2786 5043 τῷ
2836 4972 3045 5042 Κυρίῳ,
3079 4972 3156 5042 τῷ
3181 4972 3474 5042 αὐτολόγῳ,
3510 4972 3606 5024 καὶ
3624 4972 3781 5024 αὺτο-

2207 5063 2397 5135 σοφίᾳ,
2426 5064 2521 5116 καὶ
2545 5063 2905 5135 αὐτοαληθείᾳ
2925 5102 2939 5128 ,
2978 5065 3070 5117 καὶ
3118 5062 3604 5136 αὐτοδικαιοσύνῃς
3644 5062 3779 5131 ὅπερ

594 5200 640 5233 ⁸³
678 5201 812 5255 Dan.
841 5216 935 5256 νιιι
954 5243 969 5268 ,
998 5199 1089 5265 25,
1111 5201 1301 5268 24,25.
1376 5202 1423 5235 ³⁸
1454 5205 1495 5259 ιι
1523 5204 1714 5262 Thess.
1741 5224 1801 5274 ιι,
1827 5209 1881 5263 4.
1956 5211 2002 5242 ⁸⁸
2032 5209 2097 5265 Da

2205 5224 2275 5274 lx,
2304 5210 2396 5263 27.
2471 5209 2516 5240 ⁸⁸
2547 5209 2682 5263 Gen.
2709 5223 2776 5273 ιι,
2805 5207 2896 5260 Ἡ.
2973 5207 3014 5235 ⁸⁷
3052 5206 3067 5258 l
3101 5206 3226 5262 Cor.
3262 5221 3335 5271 vt,
3372 5204 3460 5260 17.

571 5343 709 5431 βξ)
754 5343 1010 5415 Vulgatus
1042 5345 1176 5399 Dan.
1203 5352 1399 5411 textus,
1427 5344 1671 5417 ἐσχάτων
1694 5347 1795 5419 τῆς
1827 5347 2100 5420 βασιλείας

525 5431 711 5603 Ζιδῖ
747 5484 876 5540 Mss.
905 5497 959 5541 ct
984 5485 1162 5556 Vulg.,
1190 5485 1285 5539 καὶ
1309 5484 1464 5557 δόλῳ.
1497 5486 1715 5543 lloesch.
1736 5498 1791 5542 ct
1818 5488 2098 5557 Spencer.,

557 5572 584 5603 ν
617 5571 768 5603 σολω.

529 5571 584 5605 ιν
617 5571 768 5607 σολω.

529 5690 557 5743 θ
600 5609 733 5694 {Mi
785 5627 1027 5682 Ὴίθεον.
1081 5627 1185 5683 Alii
1237 5629 1455 5685 mallent
1513 5629 1775 5696 ἀντίθεον,
1825 5630 1912 5685 alii
1967 5629 2102 5700 ήμίι

560 5710 665 5747 εον.

2278 5347 2388 5421 (15)
2429 5343 2511 5404 Οὗ
2540 5348 2609 5401 ἐν
2651 5346 2772 5413 τοῖς
2806 5345 3091 5414 ἀνωτέρω.
3136 5342 3269 5399 Vide
3307 5359 3470 5413 supra
3521 5354 3779 5397 numeros

2205 5418 2236 5474 8
2431 5488 2824 5561 dido'xortsc._
2868 5486 3181 5561 Boliercllus
3248 5484 3530 5561 legendum
3576 5490 3776 5561 putat:

2208 5552 2504 5627 φάσκομεν,
2549 5552 3002 5612 Ιιιίάριιιυιιςδριι.
3035 5558 3083 5609 in
3132 5566 3277 5627 textu
3308 5552 3506 5627 habet,
3537 5552 3637 5621 τὴν
3675 5552 3771 5606 τοῦ

2209 5625 2337 5682 Tim]
2365 5625 2556 5699 ψυχήν,
2587 5630 2772 5698 sicque
2804 5629 2906 5686 duo
2939 5626 3090 5683 codd.
3120 5625 3422 5695 Anglicani.
