3990 6158
266 336 410 397 1575

1436 332 1710 388 CONTRA
1747 330 2025 387 CELSUM
2064 328 2192 385 LIB.
2232 327 2320 382 Vi.

3378 322 3516 377 13’"

262 461 320 513 εί
351 456 524 522 οὕτως
568 457 713 527 ἔχει,
743 456 843 510 οὐκ
876 456 981 509 εἰσὶ
1015 454 1106 508 δύο
1144 457 1177 524 ἡ
1203 453 1347 525 ψυχὴ
1380 454 1471 508 τοῦ
1516 454 1689 526 Ἰησοῦ
1715 454 1812 526 πρὲ

1920 452 2064 517 ψει,
2119 451 2299 504 anima
2349 447 2474 502 Jesu
2532 453 2587 500 et
2646 443 2884 498 Verbum
2930 458 2950 492 ι
3007 438 3524 510 Primogenitusque

268 570 295 605 ‹
324 550 416 605 τὸν
448 551 628 620 πάσης
671 549 900 611 κτίσεως
929 546 1275 618 πρωτότοκον
1302 564 1320 597 ι
1352 545 1484 599 Θεὸν
1516 545 1707 612 Λόγον.

340 637 474 697 Εἶτα
521 641 615 695 ἐὰν
658 642 757 711 μὲν
802 640 903 711 τὴν
957 638 1129 710 αὐτὴν
1184 638 1386 710 ἀρετὴν
1450 637 1702 705 λέγοντες
1759 637 1853 689 ἁν-

259 732 487 806 θρὼπου
516 733 611 786 καὶ
636 731 774 785 Θεοῦ
795 735 842 785 οί
870 730 978 783 ἀπὸ
999 730 1099 800 τῆς
1122 730 1289 792 Στοᾶς
1310 728 1421 800 (l7)
1446 728 1742 798 φιλόσοφοι,
1774 728 1849 797 μὴ

256 824 746 895 εὐδαιμονέστερον
767 822 996 890 λέγωσιν
1022 816 1163 873 εἶναι
1185 820 1276 872 τὸν
1305 820 1396 872 ἐπὶ
1422 821 1553 872 πᾶσι
1585 818 1716 873 Θεὸν
1752 817 1847 870 τοῦ

254 916 325 968 ὲν
359 914 665 985 ἀνθρώποις
708 917 828 967 κατ’
849 914 1047 977 αὐτοὺς
1076 911 1238 982 σοφοῦ
1258 954 1272 977 ,
1301 912 1413 965 ἀλλ’
1437 912 1557 982 ἴσην
1588 907 1725 965 εἶναι
1750 911 1848 982 τὴν

250 1006 587 1077 ἀμφοτέρων
618 1004 964 1076 εὐδαιμονίαν
983 1023 998 1037 ο
1031 1006 1238 1067 Κέλσος
1265 1006 1324 1056 οὐ
1371 1004 1648 1074 καταγελᾷ
1673 1044 1686 1068 ,
1724 1004 1845 1056 οὐδὲ

249 1098 510 1168 χλευάζει
542 1098 603 1150 τὸ
642 1098 818 1168 δόγμα
839 1114 853 1128 ·
885 1097 979 1151 ἐὰν
1009 1098 1053 1149 δ’
1078 1099 1107 1150 ό
1136 1096 1276 1160 θεῖος
1304 1096 1461 1165 λόγος
1488 1098 1672 1169 φάσκῃ
1719 1096 1845 1149 κολ-

245 1188 455 1242 λᾶσθαι
483 1190 586 1243 ὑπὸ
612 1190 710 1260 τῆς
732 1190 935 1262 ἀρετῆς
954 1230 970 1254 ,
1000 1190 1094 1243 καὶ
1126 1188 1411 1243 ὲνοῦσθαι
1438 1188 1516 1259 τῷ
1555 1188 1843 1258 Αὐτολόγῳ

244 1280 351 1335 τὸν
392 1280 617 1345 τέλειον,
648 1281 724 1344 ὡς
746 1281 912 1350 ⁵κατεί
942 1281 1130 1336 τοῦτον
1163 1280 1568 1351 ἀναϐεϐηκότας
1596 1278 1729 1351 (18),
1767 1279 1842 1351 μὴ

242 1372 513 1443 χωρίζειν
563 1374 711 1443 ἡμᾶς
763 1372 860 1443 τὴν
911 1373 1086 1444 Ἰησοῦ
1120 1373 1297 1444 ψυχὴν
1346 1372 1441 1425 τοῦ
1496 1370 1839 1443 πρωτοτόκου

244 1465 440 1533 πάσης
467 1464 727 1529 κτίσεως,
760 1466 894 1536 γελᾷ
922 1466 981 1519 τὸ
1013 1466 1265 1535 λέγεσθαι
1295 1467 1421 1519 Υἱὸν
1441 1466 1574 1519 Θεοῦ
1609 1465 1835 1535 Ἰησοῦν,

238 1560 354 1629 οὐχ
385 1560 547 1632 ὀρῶν,
577 1563 697 1615 τίνα
732 1563 848 1615 ἐστὶ
882 1560 949 1615 τὰ
976 1563 1103 1633 περὶ
1124 1559 1286 1614 αὐτοῦ
1319 1561 1375 1613 ὲν
1403 1559 1697 1630 ἀπορρήτῳ
1733 1574 1837 1627 μυ-

239 1652 454 1716 στικῶς
501 1655 560 1706 ὲν
610 1657 728 1717 ταῖς
763 1654 934 1717 θείαις
972 1655 1216 1724 Γραφαῖς
1260 1652 1547 1723 λεγόμενα.
1610 1651 1723 1703 Ἵνα
1778 1649 1835 1703 δὲ

236 1745 691 1815 προσαγάγωμεν
723 1748 787 1815 τῇ
820 1746 1101 1817 παραδοχῇ
1134 1745 1226 1798 τοῦ
1271 1744 1563 1815 λεγομένου
1592 1742 1681 1796 τὸν
1706 1742 1834 1811 βου-

235 1832 474 1903 λόμενον
510 1836 854 1899 ἁκολουθίαις
886 1836 1174 1906 δογμάτων
1226 1834 1490 1899 ἕπεσθαι,
1546 1834 1640 1887 καὶ
1685 1834 1833 1903 ὠφε-

233 1923 488 1976 λεῖσθαι·
523 1924 775 1994 λέγομεν,
810 1924 891 1977 ὅτι
937 1924 1094 1993 σῶμα
1128 1923 1365 1995 Χριστοῦ
1397 1939 1560 1991 φασιν
1602 1917 1740 1974 εἶναι
1783 1923 1832 1974 οί

235 2014 380 2067 θεῖοι
409 2014 578 2083 λόγοι,
618 2014 722 2067 ὑπὸ
751 2014 845 2068 τοῦ
899 2013 1028 2066 Υίοῦ
1062 2012 1155 2066 τοῦ
1183 2013 1317 2066 Θεοῦ
1353 2013 1711 2084 ψυχούμενον,
1733 2013 1831 2083 τὴν

233 2108 427 2158 πᾶσαν
471 2105 564 2159 τοῦ
597 2105 732 2158 Θεοῦ
790 2105 1145 2176 Ἐκ-κλησίαν’
1200 2104 1334 2176 μέλη
1390 2106 1446 2157 δὲ
1495 2104 1682 2157 τούτου
1735 2106 1829 2158 τοῦ

232 2195 497 2266 σώματος
530 2193 669 2249 εἶναι
711 2197 787 2261 ὠς
824 2197 948 2250 ὅλου
980 2197 1170 2250 τούσδε
1199 2198 1351 2260 τινας
1377 2199 1505 2260 τοὺς
1546 2196 1830 2250 πιστεύον-

226 2303 337 2350 τας
363 2302 379 2316 ·
418 2288 672 2358 ἐπείπερ,
719 2286 910 2358 ῶσπερ
961 2288 1105 2359 ψυχὴ
1165 2287 1419 2352 ζωοποιεῖ
1446 2289 1541 2340 καὶ
1583 2289 1724 2339 κινεῖ
1768 2286 1828 2340 τὸ

231 2376 424 2447 σῶμα,
479 2378 541 2430 οὐ
596 2377 837 2446 πεφυκὸς
870 2378 962 2446 ἀφ’
996 2376 1188 2430 ἑαυτοῦ
1226 2375 1494 2429 κινεῖσθαι
1547 2375 1823 2441 ζωτικῶς,

223 2466 410 2530 οὕτως
441 2469 469 2519 ό
519 2467 726 2535 Λόγος,
774 2467 940 2520 κινῶν
972 2468 1066 2521 ἐπὶ
1096 2466 1167 2520 τὰ
1210 2467 1419 2528 δέοντα,
1454 2466 1548 2518 καὶ
1585 2464 1825 2536 ἐνεργῶν

221 2558 292 2612 τὸ
328 2558 448 2611 ὅλον
480 2557 637 2629 σῶμα
663 2559 762 2630 τὴν
800 2558 1149 2629 Ἐκκλησίαν,
1179 2561 1318 2610 κινεί
1343 2557 1437 2610 καὶ
1465 2557 1695 2609 ἕκαστον
1728 2557 1824 2626 μέ-

220 2649 325 2712 λος
362 2649 469 2701 τῶν
518 2649 626 2702 ἀπὸ
658 2649 755 2720 τῆς
817 2648 1143 2719 Ἐκκλησίας
1166 2688 1181 2712 ,
1236 2648 1387 2701 οὐδὲν
1438 2648 1609 2718 χωρὶς
1647 2646 1821 2715 Λόγου

222 2739 563 2811 πράττοντα.
599 2739 773 2811 Εἴπερ
801 2735 894 2794 οὗν
926 2740 1085 2794 τοῦτο
1105 2738 1205 2793 οὐκ
1228 2739 1720 2811 εὐκαταφρόνητον,
1745 2739 1820 2803 ὡς

218 2826 416 2903 οἶμαι,
471 2831 585 2901 ἔχει
626 2832 968 2896 ἀκολουθίαν,
1024 2833 1079 2885 τί
1111 2832 1367 2903 χαλεπὸν,
1412 2834 1479 2901 τῇ
1528 2831 1673 2901 ἄκρᾳ
1726 2832 1821 2883 καὶ

220 2922 626 2993 ἀνυπερϐλήτῳ
659 2924 913 2994 κοινωνίᾳ
940 2922 1078 2994 πρὸς
1105 2924 1196 2976 τὸν
1233 2922 1538 2989 Αὑτολόγον
1571 2922 1669 2993 τὴν
1711 2922 1817 2992 Ἰη-

220 3012 325 3065 σοῦ
381 3012 578 3083 ψυχὴν,
633 3014 727 3067 καὶ
779 3012 1115 3078 ἁπαξαπλῶς
1145 3014 1238 3065 τὸν
1296 3012 1501 3083 Ἰησοῦν
1537 3012 1611 3082 μὴ
1641 3028 1816 3081 κεχω-

223 3104 413 3177 ρίσθαι
448 3104 543 3157 τοῦ
586 3105 928 3175 Μονογενοῦς
966 3106 1060 3159 καὶ
1104 3105 1456 3174 Πρωτοτόκου
1489 3104 1670 3174 πάσης
1700 3106 1816 3157 κτί-
1841 3132 1884 3190 c

219 3214 367 3261 σεως
388 3236 404 3259 ,
431 3198 550 3267 μηδ’
575 3198 663 3252 ἒτε
671 3216 764 3271 ρον
789 3199 866 3253 ἔτι
894 3198 1180 3269 τυγχάνειν
1212 3198 1376 3255 αὐτοῦ
1398 3216 1414 3265 ;
1457 3198 1615 3251 Ἀλλὰ
1640 3198 1812 3251 ταῦτα

222 3289 328 3358 μὲν
365 3288 561 3359 ταύτῃ.

300 3379 530 3449 Ἰδωμεν
577 3380 635 3434 δὲ
676 3381 773 3434 καὶ
822 3380 889 3434 τὰ
924 3382 1084 3453 ἑξῆς,
1139 3382 1197 3434 ἐν
1228 3376 1310 3444 οἷς
1366 3383 1464 3452 μιᾷ
1494 3381 1637 3446 λέξει
1675 3384 1814 3435 ἀπο-

219 3471 571 3541 φηνάμενος,
621 3473 715 3525 καὶ
768 3474 902 3544 μηδὲ
952 3473 1092 3526 κατὰ
1155 3472 1215 3525 τὸ
1256 3472 1482 3525 πιθανόν
1528 3491 1579 3524 τι
1612 3473 1809 3540 λέγων,

218 3560 527 3634 κατηγορεῖ
573 3564 673 3635 τῆς
705 3566 847 3619 κατὰ
902 3566 1142 3620 Μωῦσέα
1172 3566 1555 3636 κοσμοποιίας,
1602 3564 1805 3618 εἰπών’

223 3674 243 3708 ι
276 3656 399 3709 Ἔτι
431 3671 493 3722 γε
528 3656 637 3727 μὴν
665 3658 758 3709 καὶ
783 3660 815 3728 ἠ
844 3658 1200 3727 κοσμογὲνεια
1226 3657 1372 3728 μάλα
1419 3656 1666 3728 εὐηθική.
1693 3676 1711 3707 ›
1746 3657 1810 3710 El

220 3747 325 3817 μὲν
372 3741 464 3800 οὖν
493 3747 585 3801 τὸν
630 3750 952 3819 φαινόμενον
987 3749 1136 3819 αὐτῷ
1180 3750 1379 3821 τρόπον
1411 3748 1501 3801 τοῦ
1546 3747 1807 3820 εὐηθικὴν

214 3834 357 3891 εἶναι
398 3837 601 3910 αὐτὴν,
660 3840 754 3892 καί
801 3858 954 3903 τινας
1006 3840 1373 3911 πιθανότητας
1406 3840 1804 3912 προηνέγκατο,

213 3927 320 3982 κᾶν
354 3929 742 3999 ἠγωνισάμεθα
784 3931 921 4001 πρὸς
964 3931 1169 3994 αὐτάς’
1222 3932 1322 3983 οὐκ
1365 3929 1586 4000 εὔλογον
1616 3931 1673 3984 δέ
1710 3949 1802 4003 μοι

215 4022 467 4091 φαίνεται
487 4021 635 4092 ,πρὸς
681 4022 781 4093 τὴν
832 4021 1107 4092 ἀπόφασιν
1154 4021 1320 4076 αὐτοῦ
1351 4022 1799 4089 κατασκευάσαι,

284 4177 331 4209 ⁸⁸
364 4175 575 4232 Coloss.
606 4192 647 4242 ι,
675 4177 763 4234 15.

285 4318 396 4393 (ίῖ)
440 4321 533 4393 ΟἱΔ
563 4319 683 4393 ἀπό
737 4316 846 4387 τῆς
907 4318 1116 4393 Στοᾶς.
1141 4317 1417 4393 _Seneca,
1447 4317 1623 4393 epist.
1669 4318 1735 4393 ’μ
1774 4336 1788 4371 :

217 4411 237 4444 ο
296 4389 303 4393 ⁷
338 4389 534 4456 Quanti
569 4390 904 4445 aestimamus
935 4389 1037 4444 hoc
1079 4390 1274 4453 otium,
1318 4390 1459 4457 quod
1492 4390 1633 4442 inter
1665 4390 1795 4443 deos

211 4462 409 4530 agitur,
444 4460 585 4528 quod
619 4460 750 4530 deos
794 4460 961 4514 facit?
1007 4459 1082 4514 ita
1126 4460 1272 4526 dico,
1306 4458 1519 4530 Lucili:
1552 4470 1606 4512 et
1630 4468 1693 4530 te
1740 4459 1792 4512 in

210 4519 406 4586 caelum
442 4519 848 4600 compendiario
887 4543 1042 4585 voco.
1078 4519 1302 4584 Solebat
1339 4528 1561 4600 Sextius
1588 4528 1791 4600 dicere,
1822 4519 1875 4580 D

211 4600 396 4656 Jovem
443 4597 697 4669 plus'non
739 4615 895 4668 posse
940 4615 1105 4669 quam
1158 4600 1360 4653 bonum
1398 4599 1594 4669 virum.
1627 4597 1790 4669 Plura

211 4669 418 4740 Jupiter
432 4668 617 4735 habet,
632 4685 753 4740 qua:
770 4668 988 4738 prieste’t
1013 4669 1355 4740 hominibus:
1377 4668 1472 4723 sed
1500 4669 1641 4723 inter
1655 4668 1790 4740 duos

213 4738 378 4793 bonos
408 4756 515 4792 non
560 4738 885 4802 est'melior,
917 4740 1008 4809 qui
1042 4739 1397 4809 locupletior;
1450 4754 1556 4792 non
1610 4738 1792 4809 magis

212 4824 373 4877 quam
420 4809 559 4878 inter
602 4812 756 4876 duos,
792 4811 988 4878 quibus
1019 4824 1119 4878 par
1151 4808 1377 4863 Scientia
1421 4808 1642 4878 regendi
1689 4823 1791 4875 gu-

213 4877 565 4932 bernaculum
596 4888 700 4944 est,
744 4877 1031 4934 meliorem
1061 4880 1285 4942 dixeris,
1320 4879 1408 4933 cui
1458 4877 1632 4944 majus
1664 4893 1789 4946 spe-

210 4946 523 5019 ciosiusque
559 4950 830 5019 navigium
865 4959 969 5004 est.
1004 4948 1218 5019 Jupiter
1253 4964 1360 5018 quo
1399 4948 1669 5019 antecedit
1712 4946 1791 4998 vi—

212 5032 329 5071 rum
368 5015 603 5070 bonum?
646 5015 847 5071 diutius
884 5015 1187 5073 bonus‘est.
1232 5015 1465 5088 Sapiens
1514 5018 1683 5071 nihilo
1729 5031 1789 5070 se

211 5088 437 5141 minoris
464 5088 716 5151 aestimat,
745 5089 886 5156 quod
922 5090 1153 5144 virtutes
1182 5088 1298 5155 ejus
1326 5090 1504 5157 spatio
1536 5088 1785 5141 breviore

210 5157 571 5236 clauduntur._
605 5158 1171 5236 Quemadmodumex
1205 5160 1413 5236 duobus
1446 5157 1789 5236 sapientibus

209 5227 300 5295 qui
328 5227 513 5280 senior
542 5227 797 5289 decessit,
825 5242 930 5295 non
962 5238 1045 5282 est
1086 5227 1299 5281 beatior
1324 5242 1413 5289 eo,
1445 5227 1597 5293 cujus
1645 5228 1787 5279 intra

210 5294 488 5364 pauciores
517 5310 691 5349 annos
728 5294 1022 5350 terminata
1052 5298 1226 5350 virtus
1248 5306 1361 5359 est;
1396 5296 1479 5350 sic
1508 5298 1649 5349 Deus
1681 5309 1787 5348 non

214 5365 375 5419 vincit
427 5366 727 5432 sapientem
776 5364 1071 5429 felicitate,
1120 5366 1336 5419 etiamsi
1390 5366 1557 5418 vincit
1605 5373 1785 5418 aetate.

210 5432 320 5487 Non
351 5445 432 5489 est
460 5436 633 5489 virtus
665 5435 854 5503 major,
900 5450 1023 5503 quae
1058 5435 1294 5503 longior.
1342 5432 1556 5503 Jupiter
1602 5434 1786 5490 omnia

212 5505 369 5559 habet
396 5524 410 5559 :
439 5505 534 5559 sed
566 5519 761 5573 nempe
789 5504 912 5559 aliis
940 5504 1165 5559 tradidit
1197 5505 1462 5558 habenda.
1493 5504 1575 5557 Ad
1608 5506 1784 5573 ipsum

214 5572 296 5626 hic
322 5590 460 5629 unus
488 5591 622 5629 usus
656 5572 911 5643 pertinet,
940 5576 1090 5645 quod
1120 5574 1303 5645 utendi
1334 5575 1495 5627 etiam
1530 5572 1783 5629 omnibus

212 5655 367 5713 causa
408 5654 511 5697 est.
560 5645 790 5713 Sapiens
840 5642 1148 5711 tam'zequo
1192 5642 1373 5713 animo
1421 5645 1603 5697 omnia
1644 5646 1782 5711 apud

219 5712 344 5784 alios
383 5714 526 5767 videt
558 5714 985 5784 contemnitque,
1030 5729 1192 5784 quam
1231 5712 1468 5780 Jupiter;
1499 5723 1555 5768 et
1595 5716 1697 5768 hoc
1727 5731 1784 5769 se

207 5782 378 5864 inagis
424 5784 680 5855 suspicit,
725 5783 867 5856 quod
902 5782 1109 5856 Jupiter
1152 5784 1250 5863 uti.
1278 5784 1384 5842 illis
1416 5800 1521 5843 non
1567 5796 1781 5857 potest,

1951 543 2130 597 omnis
2159 538 2509 603 creatum”,
2546 555 2566 590 ι
2600 536 2708 590 duo
2736 549 2845 589 non
2869 541 3020 588 sunt.

2018 633 2184 705 6'10
2210 632 2301 689 48.
2335 630 2543 685 Deinde
2574 642 2698 683 eum
2729 626 2883 680 aiunt
2916 622 3099 677 Stoici
3115 619 3359 676 eamdem
3399 634 3525 674 esse

1950 721 2193 775 hominis
2218 729 2271 774 et
2303 719 2397 773 Dei
2427 719 2706 779 virtutem,
2732 721 3042 783 negantque
3058 725 3327 765 summum
3353 708 3522 762 Deum

1949 830 2048 869 suo
2082 827 2201 867 esse
2234 812 2478 879 sapiente
2506 807 2826 868 beatiorem,
2857 804 2951 859 sed
2972 816 3153 872 parem
3181 815 3301 855 esse
3319 800 3526 855 utrius—

1948 916 2054 970 que
2084 902 2446 964 felicitatem;
2479 912 2584 953 non
2619 895 2810 951 irridet
2839 894 3050 958 Celsus,
3078 905 3182 946 non
3223 891 3523 945 subsannat

1948 994 2088 1047 hanc
2113 991 2465 1047 sententiam.
2488 988 2584 1043 Sin
2613 987 2765 1041 audit
2791 1000 2857 1040 ex
2890 984 3074 1039 divino
3128 995 3379 1036 sermone
3431 980 3515 1032 vi-

1947 1092 2065 1133 rum
2100 1080 2400 1150 perfectum
2456 1074 2781 1146 agglutinari
2824 1073 3023 1126 virtute
3056 1079 3113 1125 et
3145 1072 3284 1124 uniri
3336 1067 3518 1124 Verbo

1946 1171 2063 1239 ipsi,
2100 1184 2309 1238 nosque
2334 1183 2362 1222 a
2392 1166 2590 1222 minori
2645 1165 2712 1218 ad
2757 1161 3247 1231 majusinl‘erentes
3296 1162 3515 1219 docere,

1941 1259 2066 1315 Jesu
2108 1261 2344 1313 animam
2389 1272 2495 1313 non
2544 1254 2784 1323 separari
2824 1268 2855 1307 a
2922 1251 3284 1321 primogenito
3336 1253 3516 1305 omnis

1940 1359 2223 1415 creaturae,
2252 1350 2393 1404 ridet
2423 1348 2634 1403 scilicet
2666 1343 2850 1399 Jesum
2880 1343 2972 1397 Dei
3009 1341 3204 1395 Filium
3234 1340 3512 1409 appellari,

1939 1458 2046 1497 non
2111 1444 2303 1498 videns
2344 1456 2596 1511 quaenam
2650 1440 2763 1495 sint
2794 1452 2912 1507 quae
2968 1437 3034 1490 de
3082 1435 3173 1487 illo
3219 1434 3270 1486 in
3322 1432 3518 1486 divinis

1940 1535 2236 1604 Scripturis
2288 1546 2487 1587 arcane
2533 1532 2678 1587 dicta
2715 1541 2861 1586 sunt.
2920 1526 3029 1582 Nos
3071 1537 3274 1585 autem,
3318 1534 3374 1577 ut
3424 1523 3515 1591 qui

1937 1620 2189 1687 dogmata
2225 1620 2326 1674 sibi
2369 1620 2616 1688 apprime
2641 1629 3011 1673 consentanea
3039 1620 3193 1684 sequi
3228 1626 3282 1669 et
3312 1630 3377 1668 ex
3408 1614 3515 1667 illis

1935 1707 2200 1779 prolicere
2242 1708 2490 1775 voluerit,
2523 1709 2671 1763 illum
2722 1709 2789 1761 ad
2816 1706 3185 1774 recipiendum
3237 1704 3382 1773 quod
3433 1704 3516 1758 di-

1865 1797 1906 1852 B
1937 1809 2086 1854 ctum
2122 1810 2204 1855 est
2237 1801 2601 1866 adducamus;
2639 1800 2873 1855 dicimus
2899 1815 2966 1854 ex
2993 1798 3192 1852 divinis
3217 1794 3514 1864 Scripturis

1938 1902 2102 1948 lotam
2128 1893 2219 1948 Dei
2254 1893 2553 1948 Ecclesiam
2585 1908 2707 1949 esse
2732 1892 2933 1947 Christi
2950 1905 3147 1961 corpus
3183 1904 3213 1943 a
3252 1888 3343 1944 Dei
3372 1887 3514 1943 Filio

1933 1988 2256 2051 animatum,
2289 1987 2536 2041 membra
2561 1995 2739 2039 autem
2773 1985 2916 2039 illius
2946 1984 3214 2053 corporis,
3238 1990 3297 2035 ut
3319 1982 3509 2048 totius,

1931 2091 2026 2133 eos
2056 2090 2176 2131 esse
2202 2090 2388 2131 omnes
2416 2076 2508 2144 qui
2549 2076 2809 2140 credunt;
2840 2076 3119 2144 quoniam,
3153 2075 3295 2130 sicut
3324 2074 3510 2127 anima

1931 2168 2097 2221 vitam
2128 2175 2183 2221 et
2217 2176 2422 2220 motum
2489 2168 2731 2235 impertit
2789 2169 3030 2237 corpori,
3087 2166 3232 2236 quod
3260 2179 3290 2217 a
3326 2164 3511 2233 seipse

1930 2268 2124 2312 natura
2156 2259 2363 2312 moveri
2396 2258 2636 2313 vitaliter
2664 2273 2770 2312 non
2798 2267 3013 2327 potest;
3046 2257 3119 2310 ita
3149 2254 3392 2310 Verbum
3426 2262 3510 2308 to-

1929 2358 2040 2403 tum
2071 2364 2267 2420 corpus
2320 2364 2414 2404 seu
2456 2350 2756 2405 Ecclesiam
2814 2353 2882 2405 ad
2916 2365 2979 2405 ea
3017 2364 3139 2421 qua:
3187 2363 3324 2418 Opus
3354 2356 3503 2413 sunt,

1925 2455 2149 2496 movens
2185 2449 2239 2495 et
2267 2456 2456 2511 agens,
2480 2442 2648 2496 etiam
2678 2441 2891 2512 singula
2917 2442 3160 2496 membra
3193 2454 3382 2494 eorum
3410 2438 3505 2509 qui

1925 2536 1992 2589 ad
2038 2534 2337 2589 Ecclesiam
2389 2534 2683 2601 pertinent,
2724 2542 2929 2599 movet,
2970 2533 3043 2587 ita
3091 2542 3149 2585 ut
3196 2529 3333 2584 nibil
3385 2530 3505 2585 sine

1925 2624 2105 2680 Verbo
2140 2625 2366 2679 faciant.
2405 2623 2518 2680 lloc
2570 2626 2734 2693 igitur
2790 2627 2858 2691 si,
2912 2636 2972 2680 ut
3020 2624 3237 2694 opinor,
3280 2621 3503 2677 minime

1922 2719 2286 2788 spernendum
2312 2728 2473 2773 estet
2501 2720 2705 2786 optime
2732 2718 3012 2784 cohaaret;
3044 2715 3174 2784 quid
3198 2722 3344 2769 vetat
3364 2728 3501 2783 quo-

1924 2811 2106 2864 minus
2132 2823 2342 2864 summa
2383 2819 2437 2863 et
2466 2810 2760 2863 excellenti
2787 2809 3170 2863 communione
3211 2821 3334 2859 cum
3370 2802 3501 2858 Ver—

1921 2900 1992 2954 bo
2020 2900 2308 2968 conjuncta
2344 2900 2526 2953 anima
2562 2898 2715 2961 Jesu,
2750 2899 2860 2952 imo
2891 2907 3036 2951 lotus
3068 2894 3228 2951 Jesus
3266 2907 3374 2948 non
3409 2905 3497 2947 se-

1920 3002 2146 3057 paretur
2181 2993 2249 3046 ab
2287 2991 2587 3060 Unigenito
2609 3002 2660 3043 et
2685 2988 3054 3056 Primogenilo
3081 2995 3369 3049 creaturae,
3397 2998 3500 3037 nec

1919 3082 2063 3135 aliud
2089 3081 2161 3134 sit
2193 3081 2262 3135 ab
2286 3080 2415 3135 illo?
2454 3090 2619 3149 atque
2645 3082 2758 3133 lia-c
2786 3080 3065 3133 hactenus.

1984 3374 2073 3430 49.
2102 3373 2256 3431 Nunc
2298 3376 2365 3429 ad
2424 3377 2708 3446 sequentia
2748 3377 3163 3441 transeundum,
3214 3378 3265 3431 in
3296 3378 3495 3446 quibus

1915 3481 2021 3521 uno
2043 3468 2229 3530 verbo,
2260 3467 2516 3535 nulloque
2544 3468 2708 3523 allato
2740 3477 3080 3537 argumento,
3125 3468 3313 3521 mundi
3335 3481 3492 3523 crea-

1916 3559 2114 3612 tionem
2140 3573 2171 3613 a
2206 3558 2388 3629 Moyse
2428 3560 2754 3630 descriptam
2784 3559 3195 3628 reprehendens
3228 3575 3246 3613 :
3282 3576 3301 3610 ι
3346 3558 3489 3624 Quin

1910 3658 1967 3703 et
1996 3650 2085 3705 illa
2125 3651 2308 3705 mundi
2339 3652 2515 3720 origo,
2569 3649 2768 3719 inquit,
2811 3649 3006 3703 stolida
3064 3663 3288 3718 prorsus
3320 3658 3423 3704 est.
3464 3668 3485 3701 ι

1911 3742 2013 3809 Qui
2040 3743 2084 3798 si
2113 3743 2418 3812 aperuisset
2464 3742 2735 3812 quomodo
2785 3742 2860 3795 illi
2910 3741 3077 3796 stulta
3130 3741 3402 3805 videatur,
3435 3750 3492 3795 et

1912 3844 2237 3906 argumenta
2266 3834 2513 3905 quaedam
2539 3836 2831 3899 attulisset,
2874 3843 3065 3889 contra
3122 3834 3211 3888 illa
3251 3849 3492 3907 pugnas-

1907 3942 2129 3995 semus;
2189 3937 2246 3982 at
2301 3927 2433 3982 mihi
2484 3943 2592 3983 non
2643 3928 2858 3984 videtur
2905 3929 3240 3991 convenire,
3293 3936 3352 3980 ut
3394 3926 3488 3981 illo

1905 4022 2227 4092 simpliciter
2290 4019 2640 4088 afﬁrmante,
2717 4021 2943 4091 probem
3020 4036 3124 4090 ego
3213 4020 3487 4091 quomodo

1900 4317 2120 4387 sapiens
2167 4333 2275 4372 non
2324 4318 2459 4372 vult.
2508 4316 2809 4373 Credamus
2860 4317 3044 4386 itaque
3088 4316 3280 4373 Sextio
3325 4334 3481 4375 mon-

1901 4388 2106 4444 stranti
2145 4388 2571 4455 pulcherrimum
2604 4389 2728 4452 iter,
2757 4397 2812 4443 et
2844 4387 3104 4442 clamanti
3134 4405 3146 4441 :

1897 4510 1909 4527 ,
1977 4499 1992 4514 .
2017 4497 2031 4511 .
2053 4495 2068 4511 .
2090 4498 2102 4511 .
2126 4496 2141 4511 .
2166 4498 2180 4512 .
2200 4495 2217 4513 .
2264 4456 2384 4513 Hac
2429 4458 2539 4510 itur
2577 4459 2647 4510 ad
2694 4466 2861 4527 astro.
2894 4476 2914 4510 ι

2550 4527 2749 4601 (Yirg.,
2776 4526 3009 4601 Eneid._
3026 4539 3105 4590 Ix,
3137 4541 3189 4580 ν.
3209 4527 3372 4601 _640.)

1899 4596 2044 4651 Idem
2093 4595 2319 4665 epistola
2362 4596 2433 4651 54
2464 4616 2477 4652 :
2516 4616 2536 4649 ι
2563 4595 2766 4653 Omnes
2814 4596 3074 4651 mortales
3110 4597 3279 4652 multo
3317 4595 3474 4657 ante-

1896 4666 2080 4732 cedes,
2112 4668 2427 4722 non'multo
2465 4676 2519 4722 te
2560 4670 2634 4721 dii
2677 4669 3021 4721 antecedent.
3053 4665 3192 4732 Quid
3242 4671 3384 4724 inter
3430 4682 3481 4726 te

1893 4747 1951 4791 et
1980 4736 2101 4790 illos
2143 4738 2359 4791 interim
2389 4738 2628 4791 futurum
2667 4740 2756 4801 sit,
2785 4736 3033 4807 qureris?
3055 4737 3265 4792 Diutius
3293 4752 3477 4795 erunt.

1892 4808 1962 4877 At
1999 4807 2314 4877 mehercule
2365 4809 2541 4877 magni
2592 4805 2821 4861 artificis
2871 4816 2954 4861 est
2992 4805 3259 4862 clausisse
3305 4818 3475 4864 totum

1895 4876 1947 4929 in
1973 4878 2197 4944 exiguo.
2221 4876 2453 4931 Tantum
2466 4876 2703 4947 sapienti
2730 4892 2850 4939 sua,
2869 4888 3133 4945 quantum
3162 4877 3271 4933 Deo
3294 4882 3477 4935 omnis

1892 4958 2025 5018 actas
2046 4957 2219 5014 patet.
2242 4948 2337 5001 Est
2361 4949 2587 5018 aliquid,
2610 4963 2717 5017 quo
2739 4948 2957 5015 sapiens
2974 4949 3257 5001 antecedat
3280 4950 3473 5015 Deum;

1892 5016 1983 5069 ille
2019 5028 2232 5070 natura:
2268 5016 2530 5072 beneficio
2561 5034 2665 5072 non
2703 5020 2889 5083 timet;
2925 5032 3024 5069 suo
3062 5019 3303 5086 sapiens.
3336 5019 3476 5074 Ecce

1892 5101 1980 5139 res
2017 5101 2232 5155 magna,
2270 5087 2471 5142 habere
2501 5087 2933 5143 imbecillitatem
2974 5087 3232 5152 hominis,
3271 5091 3477 5143 securi-

1895 5166 2061 5209 tatem
2094 5158 2209 5211 Dei.
2234 5177 2253 5210 ι
2294 5158 2558 5212 SPENCER.

1963 5224 2076 5296 (l8)
2115 5227 2592 5295 ’Ara6e6‘nxdzaq.
2633 5229 2723 5283 Sic
2753 5228 2924 5282 codex
2954 5225 3205 5296 Jolianus
3237 5226 3473 5296 secunda

1891 5294 2074 5360 manu,
2104 5308 2161 5351 ut
2201 5294 2470 5353 referatur
2504 5299 2569 5351 ad
2621 5314 2875 5367 sequens,
2917 5298 3086 5366 ἡμᾶς.
3135 5294 3474 5367 llinschelius

1890 5366 2341 5439 et_Spcncerus,
2393 5365 2822 5439 idva6e6qxécoq.
2877 5365 3071 5439 Gttieto
3123 5365 3471 5439 scribendum

1888 5433 2127 5507 Eidetur,
2157 5437 2298 5491 κατὰ
2324 5437 2481 5491 τοῦτο
2502 5433 3007 5507 ἁναϐεὸηκότος,ίι1
3029 5443 3147 5507 est,
3164 5447 3229 5486 eo
3252 5433 3468 5507 sublati,
3519 5463 3525 5469 -

1888 5503 2059 5560 Totus
2093 5517 2274 5560 autem
2313 5509 2461 5563 locus
2492 5509 2541 5561 ei
2593 5511 2672 5563 sic
2707 5503 3011 5561 reddendus
3063 5506 3318 5557 videtur:
3360 5521 3380 5555 ε
3411 5504 3469 5558 Si

1888 5588 2018 5628 vero
2071 5575 2320 5631 doctrina
2374 5578 2555 5631 divina
2612 5577 2793 5631 tradat
2853 5575 3152 5642 perfectum
3193 5587 3223 5625 a
3264 5574 3472 5642 ivirtute

1889 5646 2212 5713 agglutinari
2240 5659 2291 5701 et
2323 5649 2461 5700 uniri
2496 5649 2593 5714 ipsi
2628 5646 2815 5711 verbo,
2852 5641 2923 5697 ita
2956 5652 3013 5696 ut
3038 5642 3216 5695 anima
3249 5641 3376 5697 Jesu
3403 5657 3470 5698 eo

1885 5716 2084 5768 Sublati
2121 5733 2150 5767 a
2186 5718 2341 5770 imbis
2373 5733 2474 5772 non
2504 5727 2787 5788 separetur
2817 5733 2843 5771 υ
2881 5715 3249 5784 l’rimogcmto
3293 5717 3470 5772 omnis

1889 5796 2173 5857 Crettlttrw,
2200 5805 2218 5838 ι
2255 5797 2358 5840 etc.
