3990 6158
533 300 673 360 1375

1987 293 2308 351 ORIGENIS

3677 291 3706 344 ί
3719 291 3849 347 376

534 419 732 476 stolida
801 431 906 472 non
970 416 1059 470 sit.
1109 412 1264 480 Quod
1313 412 1358 467 si
1415 412 1542 480 quis
1586 411 1771 464 videre
1830 411 2093 465 desiderat

2208 409 2329 460 τίνα
2359 406 2557 478 τρόπον
2600 407 2700 459 οὐκ
2742 404 2885 458 ἔστιν
2921 404 3170 475 εὐηθική.
3206 404 3271 458 Εἰ
3316 404 3375 457 δέ
3405 419 3490 467 τις
3537 401 3838 473 βούλεται

533 527 656 582 quae
709 509 864 564 nobis
910 507 1179 576 proditam
1239 518 1267 556 a
1307 502 1492 572 Moyse
1542 501 1724 554 mundi
1771 502 2103 556 creationem

533 601 928 672 persuadeant,
974 606 1030 652 ct
1068 596 1264 664 quibus
1305 596 1643 664 argumentis
1695 594 1786 647 illa
1820 595 2106 649 confirme-

536 703 645 757 tur,
673 697 847 745 sumat
868 690 918 743 in
949 703 1141 743 manus
1163 701 1283 755 quze
1307 688 1358 740 in
1384 687 1636 741 chcsim
1664 683 1733 739 ab
1757 685 1908 739 initio
1935 701 2107 754 usque

533 785 603 838 ad
631 784 780 836 lucc:
813 799 831 830 ‹
863 779 958 833 Hic
991 788 1074 834 est
1128 779 1266 831 liber
1320 777 1685 848 generationis
1732 778 2044 842 hominum,
2081 795 2099 828 ι

531 871 883 926 conuncntati
944 884 1149 923 sumus.
1207 867 1321 922 lllic
1381 882 1446 922 ex
1491 868 1625 936 ipsis
1667 867 1867 922 divinis
1907 867 2105 921 litteris

527 963 682 1034 6'7]
733 962 1009 1030 explicare
1066 961 1242 1014 conati
1284 974 1470 1013 sunms
1507 958 1636 1028 quid
1685 959 1754 1014 sit
1806 959 2004 1012 cwlum
2050 959 2103 1013 in

529 1053 799 1122 principio
853 1052 1274 1120 creatum,qnid
1319 1060 1484 1113 terra,
1533 1051 1665 1116 quid
1725 1061 1883 1104 terra)
1923 1050 2106 1104 invisi-

531 1145 640 1199 bile
670 1154 722 1198 et
758 1145 1193 1209 iucon'ipositum,
1230 1145 1358 1210 quid
1403 1141 1651 1210 abyssus,
1707 1143 1834 1211 quid
1869 1145 2104 1196 tenebris

529 1249 650 1304 quae
681 1245 834 1287 erant
865 1249 1028 1302 super
1054 1250 1197 1298 eam,
1229 1235 1355 1302 quid
1384 1250 1544 1302 aqua,
1572 1234 1702 1302 quid
1742 1235 1836 1288 Dei
1877 1236 2104 1302 spiritus

528 1327 620 1394 qui
653 1342 817 1395 super
846 1341 937 1380 eas
971 1327 1267 1392 ferebatur,
1295 1325 1424 1393 quid
1448 1325 1589 1380 facta
1619 1325 1733 1391 lux,
1768 1325 1894 1395 quid
1929 1326 2108 1380 firma-

531 1427 770 1471 mentum
797 1432 825 1470 a
847 1418 987 1470 cudo
1018 1419 1250 1484 primum
1281 1426 1464 1471 creato
1497 1419 1836 1483 distinctum,
1872 1428 1925 1470 et.
1946 1419 2021 1471 sic
2041 1419 2106 1473 de

529 1509 898 1576 sequentibus.
927 1509 1186 1563 Stolidam
1208 1525 1424 1580 quoque
1452 1525 1570 1565 esse
1595 1509 1824 1564 aliirmat
1846 1511 2103 1579 scriptam

529 1600 596 1651 de
644 1599 922 1651 hominum
961 1600 1236 1654 creatione
1277 1601 1581 1663 historiam,
1638 1616 1743 1656 non
1792 1601 2106 1656 memoratis

528 1693 734 1743 nostris
763 1693 1118 1760 argumentis,
1176 1708 1282 1746 non
1325 1693 1670 1760 impugnatis.
1725 1693 1966 1761 0pinor,’
1997 1707 2102 1746 non

2209 499 2277 552 τὰ
2309 499 2605 570 κινήσαντα
2635 497 2746 569 (19)
2775 499 2922 569 ἡμᾶς
2949 499 3044 551 καὶ
3081 496 3216 568 μετὰ
3240 496 3342 567 τῆς
3371 497 3651 567 φανείσης
3673 497 3837 550 ἁπο-

2207 591 2421 655 δείξεως
2472 589 2979 644 κατασκευασθέντα
3038 589 3166 660 περὶ
3213 587 3312 659 τῆς
3358 587 3502 641 κατὰ
3547 587 3830 642 Μωῢσέα

2207 683 2566 753 κοσμοποιίας
2600 681 2872 752 θεωρῆσαι
2893 697 2906 711 °
2955 679 3166 733 λα6έτω
3195 680 3262 733 τὰ
3295 681 3826 750 πραγματευθέντα

2207 777 2337 845 ἡμῖν
2385 777 2464 836 εἰς
2507 774 2605 845 τὴν
2653 775 2870 828 Γένεσιν
2905 774 3012 828 ἀπὸ
3053 773 3152 844 τῆς
3204 773 3378 845 ἀρχῆς
3425 773 3520 826 τοῦ
3584 773 3822 843 βιϐᾓίου

2209 867 2372 938 μέχρι
2399 865 2514 929 τοῦ,
2564 885 2582 917 r
2603 865 2750 936 Αὕτη
2779 866 2812 936 ἡ
2865 865 3040 938 βίϐλος
3071 865 3340 934 γενέσεως
3390 863 3716 935 ἀνθρώπων
3745 883 3761 895 ο
3793 884 3813 915 ι

2206 959 2264 1011 ὲν
2293 953 2373 1021 οἷς
2419 957 2805 1029 πεπειράμεθοι
2837 958 2931 1011 ἀπ’
2966 957 3145 1013 αὐτῶν
3185 958 3295 1012 τῶν
3328 959 3486 1012 θείων
3517 959 3812 1030 γραμμά-

2204 1067 2311 1102 των
2346 1050 2788 1112 κατασκευάσαι,
2807 1048 2888 1112 τίς
2917 1052 2944 1102 ὁ
2963 1050 3019 1103 ὲν
3049 1051 3190 1121 ἀρχῇ
3224 1050 3514 1120 γενόμενος
3533 1051 3806 1122 οὐρανὸς,

2205 1144 2300 1195 καί
2323 1144 2425 1212 γῆ,
2454 1144 2549 1194 καὶ¹
2571 1140 2631 1192 τὸ
2656 1141 2756 1210 τῆς
2787 1139 2890 1210 γῆς
2912 1140 3139 1211 ἀόρατον
3164 1142 3259 1192 καὶ
3281 1141 3802 1203 ἀκατασκεύαστον,

2206 1235 2300 1286 καὶ
2325 1233 2410 1295 τίς
2441 1233 2475 1303 ἡ
2520 1231 2752 1293 ἄϐυσσος
2773 1270 2788 1294 ,
2823 1233 2917 1283 καὶ
2953 1231 3016 1283 τὸ
3049 1231 3135 1284 ἐπ’
3168 1231 3339 1301 αὐτῆς
3367 1231 3554 1294 σκότος
3574 1271 3592 1294 ,
3642 1234 3700 1286 τί
3739 1251 3802 1285 τε

2204 1324 2266 1377 τὸ
2296 1323 2437 1394 ὕδωρ
2460 1324 2554 1376 καὶ
2584 1323 2642 1375 τὸ
2666 1323 3058 1393 ἐπιφερόμενον
3087 1322 3237 1393 αὐτῷ
3259 1323 3475 1394 πνεῦμα
3505 1323 3601 1376 τοῦ
3627 1323 3794 1386 Θεοῦ,

2206 1417 2300 1469 καί¹
2328 1415 2379 1468 τί
2410 1414 2470 1466 τὸ
2503 1415 2728 1485 γενητὸν
2757 1413 2904 1482 φῶς,
2937 1414 2991 1466 τί
3017 1430 3079 1466 τε
3105 1412 3168 1466 τὸ
3191 1415 3472 1486 στερέωμα
3503 1415 3662 1486 παρὰ
3697 1418 3793 1470 τὸν

2205 1509 2263 1560 ὲν
2296 1508 2435 1578 ἀρχῇ
2470 1507 2756 1575 γενόμενον
2784 1505 3035 1576 οὐρανὸν,
3065 1505 3158 1560 καὶ
3179 1505 3320 1559 οὕτω
3346 1507 3414 1560 τά
3437 1507 3584 1577 ἑξῆς.
3622 1510 3792 1560 Ἀπε-

2207 1599 2409 1668 φήνατο
2443 1597 2500 1650 δὲ
2537 1597 2680 1667 μάλα
2715 1596 2974 1667 εὐηθικὴν
3014 1591 3152 1649 εἶναι
3180 1597 3274 1650 καὶ
3301 1596 3398 1669 τήν
3423 1598 3551 1668 περί
3575 1599 3788 1670 ἀνθρώο

2207 1705 2323 1740 πων
2351 1688 2618 1756 γενέσεως
2640 1687 2879 1758 γραφὴν,
2915 1687 3051 1758 μήτε
3082 1687 3251 1751 τιθεὶς
3272 1687 3371 1750 τὰς
3399 1688 3624 1753 δείξεις,
3660 1691 3784 1759 μήτ’

527 1781 714 1836 habuit
745 1797 853 1849 quo
887 1793 1132 1838 evertere
1181 1794 1366 1852 posset
1396 1783 1565 1849 istud,
1616 1785 1885 1838 hominem
1937 1784 2093 1839 fuisse

2207 1777 2606 1848 ἀγωνιζόμενος
2636 1777 2771 1850 πρὸς
2802 1778 3001 1840 αὐτάς·
3030 1777 3091 1830 ού
3127 1779 3235 1848 γὰρ
3268 1775 3429 1848 εἶχεν,
3475 1775 3630 1847 οἶμαι
3651 1820 3665 1843 ,
3693 1778 3780 1831 λό-

525 1873 822 1924 secuudum
849 1871 1138 1942 imaginem
1168 1872 1262 1927 Dei
1290 1882 1557 1928 creatum.
1595 1873 1781 1944 Neque
1815 1875 1978 1928 etiam
2024 1875 2105 1928 in-

526 1961 718 2028 telligit
770 1961 897 2030 quid
953 1964 1023 2017 sit
1072 1963 1352 2033 paradisus
1405 1979 1434 2016 a
1489 1964 1596 2018 Deo
1633 1965 1927 2033 plantatus,
1975 1964 2104 2034 quid

525 2053 700 2124 prima
725 2055 778 2107 in
808 2054 898 2110 illo
929 2056 1164 2109 hominis
1187 2056 1319 2120 vita,
1345 2055 1438 2110 sed
1474 2056 1671 2111 misere
1701 2065 1926 2120 mutata,
1959 2066 2104 2124 post-

526 2159 687 2213 quam
713 2160 744 2200 e
769 2146 1022 2215 paradiso
1051 2146 1367 2201 deliciarum
1397 2147 1603 2215 cjectus
1635 2159 1858 2216 propter
1909 2162 2102 2216 pecca-

525 2245 662 2300 tum,
688 2251 754 2288 ex
785 2237 1014 2290 adverso
1035 2237 1321 2293 habitavit.
1355 2237 1547 2292 Verum
1579 2239 1687 2305 ille,
1720 2239 1810 2307 qui
1851 2239 1963 2292 haec
1982 2254 2100 2292 om-

523 2326 616 2379 nia
658 2326 821 2380 stulte
876 2327 1017 2383 dicta
1056 2344 1177 2384 esse
1221 2331 1562 2399 pronuntiat,
1619 2330 1832 2400 singula
1876 2345 2102 2399 quaeque

523 2426 823 2486 scrutetur,
843 2430 898 2474 et
933 2419 1181 2489 inprimis
1213 2422 1360 2476 istud
1395 2441 1408 2475 :
1445 2441 1464 2472 ι
1503 2423 1798 2477 Collocavit
1821 2422 2099 2476 cherubim

522 2520 580 2566 et
603 2509 913 2564 ﬂammeum
964 2511 1200 2580 gladium
1243 2521 1404 2582 atque
1436 2513 1746 2568 versatilem
1793 2513 1862 2567 ad
1917 2521 2098 2566 custo-

522 2601 772 2655 diendam
812 2603 954 2656 viam
1017 2602 1144 2672 ligni
1194 2603 1320 2657 vitae
1358 2602 1427 2659 ε’.
1485 2621 1503 2654 ι
1560 2601 1675 2656 Nisi
1716 2600 1853 2655 forte
1889 2600 2098 2670 Moyses

521 2692 638 2747 haec
670 2693 953 2762 scripserit
983 2695 1132 2748 nullo
1159 2695 1407 2757 consilio,
1463 2696 1556 2748 sed
1619 2693 1797 2748 simile
1845 2694 1974 2761 quid
2023 2693 2098 2745 fe-

521 2785 660 2838 cerit
687 2785 794 2840 illis
819 2788 1019 2841 veteris
1043 2790 1325 2842 eorumdia:
1359 2788 1557 2856 poetis,
1575 2788 1702 2856 joco
1731 2786 2097 2841 scribentibus

519 2875 991 2947 Bellerophontem
1019 2879 1362 2935 interfectum
1402 2896 1430 2933 a
1459 2879 1643 2936 Prteto
1678 2880 1868 2942 fuiSse,
1923 2879 2096 2947 Pega-

519 2981 641 3020 sum
676 2982 798 3021 esse
828 2983 893 3022 ex
924 2969 1180 3035 Arcadia;
1228 2982 1346 3036 quae
1404 2969 1582 3022 omnia
1617 2968 1955 3036 scripserunt
1999 2966 2095 3030 illi,

519 3068 580 3111 ut
625 3059 794 3113 risum
853 3071 1167 3124 moverent,
1222 3070 1278 3112 at
1340 3060 1617 3128 probabile
1667 3076 1772 3114 non
1829 3069 1944 3125 est,
2003 3059 2092 3127 qui

520 3145 824 3212 scripturas
866 3146 961 3198 toti
1012 3146 1158 3214 genti
1214 3147 1543 3215 relinqueret
1595 3163 1730 3216 quas
1772 3147 1985 3200 volebat
2026 3147 2092 3203 iis

519 3236 612 3303 qui
642 3235 784 3304 leges
836 3235 1196 3304 accipiebant,
1231 3238 1562 3306 persuadere
1589 3251 1618 3291 a
1657 3238 1766 3290 Deo
1797 3252 1917 3291 esse
1966 3254 2093 3304 pro-

517 3327 714 3391 feetas,
740 3341 861 3381 eum
893 3325 1127 3381 absurda
1163 3328 1450 3382 mandasse
1485 3329 1698 3392 litteris,
1736 3338 1790 3383 et
1831 3330 1948 3382 sine
1987 3329 2092 3384 ullo

519 3431 684 3471 sensu
719 3418 921 3472 dixisse
946 3419 1086 3472 istud
1115 3407 1130 3472 Ξ
1164 3438 1181 3470 ε
1223 3419 1523 3474 Collocavit
1555 3420 1834 3474 cherubim
1855 3428 1908 3473 et
1939 3419 2094 3474 llam-

517 3518 702 3557 meum
734 3505 972 3574 gladium
1016 3514 1177 3574 atque
1201 3507 1508 3562 versatilem
1555 3507 1621 3560 ad
1677 3511 2090 3565 custodiendam

514 3595 658 3649 viam
699 3595 824 3666 ligni
849 3597 969 3651 vita:
991 3598 1059 3661 ὀ,
1095 3617 1113 3649 ›
1149 3607 1240 3651 aut
1270 3599 1415 3652 aliud
1457 3600 1732 3670 quidpiam
1758 3615 1946 3656 eorum
1971 3618 2092 3670 quae

516 3686 584 3738 de
606 3685 885 3742 hominum
919 3689 1195 3743 creatione
1221 3690 1364 3743 dicta
1392 3699 1536 3754 sunt,
1576 3701 1632 3746 et
1674 3693 1871 3761 quibus
1921 3693 1974 3747 in
2010 3693 2092 3746 in-

515 3778 851 3845 vestigandis
895 3793 1053 3834 suam
1099 3777 1450 3837 Hebraeorum
1505 3784 1783 3852 sapientes
1820 3783 2092 3840 collocant

516 3880 756 3934 operam.

585 4051 674 4106 50.
716 4051 826 4107 Sub
851 4053 966 4108 haec
993 4053 1232 4110 collectis
1271 4057 1499 4115 diversis
1544 4062 1899 4129 quorumdam
1932 4075 2086 4120 vetc-

514 4158 633 4196 rum
657 4143 723 4198 de
749 4146 931 4198 mtmdi
961 4147 1349 4215 hominumque
1382 4151 1593 4220 origine
1639 4132 1944 4217 sententiis,
1994 4157 2087 4211 iis-

511 4247 619 4299 que
643 4232 958 4301 simpliciter
983 4237 1294 4304 propositis,
1321 4239 1400 4292 ait
1431 4256 1450 4288 ‹
1493 4238 1731 4310 Moysen]
1762 4253 1817 4297 et
1849 4247 2086 4314 propheo

513 4333 616 4389 tas,
649 4325 737 4390 qui
765 4336 976 4381 nostras
1012 4325 1321 4396 Scripturas
1369 4332 1728 4402 reliquerunt,
1783 4337 1909 4406 quia
1957 4353 2072 4392 nes-

2206 1885 2336 1936 γους
2363 1868 2662 1939 ἀνατρέψαι
2691 1867 3019 1939 δυναμένους
3052 1868 3114 1920 τὸ
3149 1869 3270 1922 κατ’
3306 1868 3488 1921 εἰκόνα
3508 1868 3644 1921 Θεοῦ
3686 1887 3781 1921 πε-

2205 1959 2462 2029 ποιῆσθαι
2497 1960 2586 2012 τὸν
2631 1959 2935 2030 ἄνθρωπον.
3015 1960 3152 2013 Ἀλλ’
3195 1959 3316 2011 οὐδὲ
3351 1959 3521 2012 συνίει
3553 1961 3644 2013 τὸν
3676 1961 3779 2013 ὑπὸ

2203 2049 2336 2102 Θεοῦ
2369 2050 2703 2118 φυτευθέντα
2735 2051 3082 2121 παράδεισον,
3115 2052 3210 2104 καί¹
3241 2050 3339 2122 τὴν
3363 2052 3778 2122 προηγουμένην

2203 2141 2261 2192 ἐν
2295 2139 2443 2210 αὐτῷ
2471 2140 2564 2193 τοῦ
2599 2140 2884 2212 ἀνθρώπου
2929 2141 3106 2213 ζωὴν,
3143 2143 3235 2196 καὶ
3274 2142 3372 2212 τὴν
3416 2144 3481 2195 ὲκ
3522 2143 3778 2212 περιστά-

2205 2249 2340 2295 σεως
2368 2232 2686 2303 γενομένην,
2712 2233 3065 2304 ἐκϐληθέντος
3103 2233 3190 2287 διὰ
3220 2235 3317 2304 τὴν
3351 2235 3643 2304 ἁμαρτίαν,
3684 2235 3776 2287 καὶ

2202 2323 2636 2386 κατοικισθέντος
2666 2325 2906 2378 ἐναντίον
2933 2325 3026 2378 τοῦ
3064 2325 3388 2397 παραδείσου
3419 2325 3517 2395 τῆς
3544 2325 3772 2398 τρυφῆς.

2213 2414 2273 2465 Ὀ
2302 2414 2356 2466 δὲ
2386 2414 2558 2481 λέγων
2596 2414 2737 2484 μάλα
2767 2415 3037 2486 εὐηθικῶς
3068 2416 3218 2469 ταῦτ’
3251 2414 3525 2486 εἰρῆσθαι,
3563 2417 3772 2486 πρῶτον

2201 2499 2547 2569 ἐπιστησάτω
2575 2503 2670 2554 καὶ
2701 2502 2913 2573 ἑκάστῳ
2939 2503 3057 2574 μὲν,
3087 2505 3182 2556 καὶ
3224 2503 3360 2573 τῷδε
3381 2519 3394 2533 ·
3434 2523 3453 2554 ι
3476 2503 3674 2570 Ἔταξε
3702 2503 3771 2558 τὰ

2201 2589 2524 2662 χερουόεἰμ,
2560 2593 2654 2644 καὶ
2685 2593 2784 2664 τὴν
2815 2594 3070 2664 φλογίνην
3101 2594 3392 2665 ῥομφαίαν,
3419 2596 3519 2665 τὴν
3547 2612 3768 2666 στρέφοι

2203 2683 2403 2754 μένην,
2435 2684 2728 2752 φυλάσσειν
2769 2686 2868 2758 τὴν
2903 2688 3019 2740 ὁδὸν
3065 2688 3159 2741 τοῦ
3203 2688 3360 2753 ξύλου
3392 2690 3492 2760 τῆς
3540 2690 3712 2762 ζωῆςο
3742 2710 3764 2744 ι

2199 2776 2246 2826 εἰ
2277 2775 2321 2826 δ’
2351 2776 2455 2847 ἄρα
2473 2776 2582 2847 (‘20)
2613 2778 2778 2848 μηδὲν
2801 2781 3000 2849 νοήσας
3025 2781 3265 2850 Μωῦσῆς
3287 2781 3560 2851 ἀνέγραψε
3579 2781 3764 2846 ταῦτα,

2198 2866 2332 2920 ἀλλὰ
2362 2869 2740 2940 παραπλήσιόν
2768 2889 2820 2923 τι
2855 2870 3024 2924 ποιῶν
3048 2866 3129 2935 οἷς
3164 2872 3446 2936 παίζοντες
3473 2875 3523 2927 οἰ
3548 2874 3646 2943 τῆς
3677 2875 3767 2945 ἀρ-

2199 2957 2355 3026 χαίας
2413 2960 2702 3030 κωμῳδίας
2769 2964 2989 3034 ποιηταὶ
3061 2963 3434 3034 ἀνεγράψαντο
3457 2982 3470 2996 ·
3549 2966 3766 3036 Προῖτος

2197 3046 2401 3101 ἔκτεινε
2416 3048 2524 3120 (2-1)
2560 3051 3010 3125 Βελλεροφόντην,
3042 3057 3070 3108 ό
3099 3054 3153 3107 δὲ
3185 3056 3439 3125 Πήγασος
3455 3051 3524 3128 ἦν
3555 3056 3614 3120 ἐξ
3644 3057 3764 3127 Ἀρ-

2148 3142 2165 3163 ⁴
2197 3139 2404 3204 καδίας.
2472 3143 2609 3196 Ἀλλ’
2649 3146 2845 3199 ἐκεῖνοι
2889 3147 3011 3217 μὲν,
3061 3148 3439 3214 γελωτοποιεῖν
3500 3148 3762 3213 θέλοντες,

2192 3233 2417 3286 τοιαῦτα
2476 3235 2798 3291 συνέταττον
2824 3255 2838 3269 ’
2897 3239 2957 3291 οὐ
2991 3239 3212 3292 πιθανὸν
3243 3240 3319 3306 δὲ,
3351 3241 3443 3294 τὸν
3495 3240 3600 3311 ὅλῳ
3627 3241 3764 3295 ἔθνει

2193 3324 2410 3392 γραφὰς
2441 3326 2830 3391 καταλιπόντα,
2878 3329 3005 3398 περὶ
3035 3323 3109 3384 ὧν
3151 3329 3400 3382 ἐϐούλετο
3428 3332 3610 3383 πεῖσαι
3641 3333 3765 3396 τοὺς

2193 3414 2710 3486 νομοθετουμένους,
2745 3419 2826 3472 ὅτι
2861 3416 2969 3472 εἶεν
3010 3423 3073 3473 ὲκ
3116 3420 3273 3487 Θεοῦ,
3319 3420 3630 3492 ἀπρόσ).ογα
3676 3438 3764 3490 γε-

2191 3506 2462 3575 γραφέναι
2484 3546 2498 3568 ,
2528 3509 2622 3560 καὶ
2660 3509 2828 3579 χωρίς
2855 3527 3000 3573 τινος
3030 3509 3122 3564 νοῦ
3161 3511 3437 3583 εἰρηκέναι
3464 3511 3544 3577 τὸ,
3571 3510 3758 3573 Ἔταξε

2190 3596 2258 3648 τὰ
2289 3598 2582 3668 χερουϐεὶμ
2610 3600 2742 3671 (2‘2),
2774 3602 2868 3653 καί¹
2913 3604 3012 3673 τὴν
3041 3603 3295 3674 φλογίνην
3330 3603 3618 3674 ῥομφαίαν,
3663 3603 3760 3675 τὴν

2192 3688 2598 3759 στρεφομένην,
2654 3692 2945 3760 φυλάσσειν
2996 3693 3094 3763 τὴν
3148 3694 3267 3747 ὁδὸν
3311 3693 3407 3746 τοῦ
3459 3693 3612 3758 ξύλου
3662 3694 3760 3764 τῆς

2190 3779 2364 3850 ζωῆς,
2395 3801 2413 3831 ι
2444 3783 2476 3853 ἢ
2513 3782 2639 3836 ἄλλο
2658 3801 2711 3835 τι
2734 3783 2843 3836 τῶν
2875 3785 3004 3856 περὶ
3031 3785 3131 3854 τῆς
3170 3785 3468 3856 ἀνθρώπων
3501 3787 3759 3855 γενέσεως

2190 3871 2514 3942 εἰρημένων,
2539 3875 2634 3926 καὶ
2665 3875 2769 3927 ὑπὸ
2802 3874 2914 3929 τῶν
2943 3876 3071 3949 παρ’
3108 3877 3381 3949 Ἑϐραίοις
3404 3877 3583 3948 σοφῶν
3606 3895 3760 3948 πεφν-

2188 3965 2386 4037 λοσοφη
2399 3967 2595 4038 μένων.

2270 4055 2429 4126 Ἑξῆς
2476 4057 2533 4110 δὲ
2592 4058 2830 4125 τούτοις,
2893 4062 3247 4132 συμφορήσας
3290 4061 3348 4114 ἐν
3390 4062 3573 4130 ψιλαῖς
3629 4063 3757 4116 ἀπο-

2187 4147 2383 4214 φάσεσι
2408 4148 2507 4212 τὰς
2531 4150 2793 4221 διαφορὰς
2823 4152 2931 4204 τῶν
2955 4153 3083 4222 περί
3112 4153 3316 4222 κόσμου
3345 4155 3438 4206 καὶ
3462 4152 3755 4224 ἀνθρώπων

2185 4240 2453 4307 γενέσεώς
2487 4260 2596 4295 τισι
2628 4243 2735 4296 τῶν
2772 4243 3018 4314 ἀρχαίων
3056 4243 3385 4315 εἰρημένας,
3422 4245 3589 4315 φησί’
3624 4245 3754 4307 Τοὺς

2185 4330 2252 4383 τὰ
2290 4332 2530 4404 ἡμέτερα
2552 4337 2958 4406 συγγράμματα
2981 4335 3236 4398 λιπόντας
3261 4335 3504 4390 Μωῢσέα
3523 4336 3615 4388 καὶ
3636 4336 3752 4398 τοὺς

508 4414 684 4466 eirent
713 4430 832 4482 qua:
860 4417 1044 4468 mundi
1071 4418 1143 4469 sit
1171 4426 1225 4470 et
1254 4418 1531 4472 hominum
1581 4431 1794 4486 natura,
1828 4434 2080 4492 propter-

2195 4425 2470 4492 προφήτας
2487 4462 2501 4485 ,
2530 4423 2629 4476 οὐκ
2667 4423 2870 4486 εἰδότας
2893 4424 3014 4493 ἥτις
3036 4425 3166 4477 ποτέ
3187 4426 3332 4478 ἐστιν
3373 4427 3406 4496 ή
3437 4425 3532 4478 τοῦ
3558 4427 3751 4496 κόσμου

508 4516 572 4555 ea
622 4503 827 4556 dixisse
856 4521 1078 4573 magnas
1112 4521 1300 4573 nugas.
1347 4526 1364 4558 ι
1399 4508 1454 4561 Si
1490 4509 1716 4566 dixisset
1745 4514 1873 4580 quid
1903 4528 2083 4567 causae

506 4601 648 4645 esset
675 4607 772 4645 cur
798 4593 992 4647 littera:
1015 4594 1210 4647 divina:
1228 4598 1514 4652 videantur
1539 4601 1638 4668 ipsi
1673 4617 1881 4667 magum
1906 4618 2080 4672 nugae,

509 4677 748 4731 rationes
795 4680 991 4744 quibus
1046 4679 1297 4736 inductus
1358 4685 1670 4754 Scripturas
1721 4705 1820 4757 pro
1871 4693 2082 4760 magnis

509 4767 668 4833 nugis
696 4767 908 4850 habuit,
944 4771 1185 4825 refutare
1241 4783 1556 4830 tentassem.
1594 4777 1744 4834 Nunc
1766 4793 1972 4844 autem,
2011 4783 2078 4836 il-

505 4856 618 4908 lum
645 4856 862 4910 imitans
884 4859 1206 4930 jocansquc,
1242 4865 1450 4921 allirmo
1491 4885 1634 4932 cum,
1692 4871 1817 4940 quia
1849 4873 2081 4926 nescivit

501 4959 756 5012 quamam
790 4960 939 5004 esset
966 4955 1167 5007 mentis
1201 4959 1579 5028 sermonisque
1611 4963 2074 5031 prophetieinatu-

502 5051 580 5099 ra,
619 5034 826 5091 ideirco
858 5054 1083 5109 magnas
1132 5043 1395 5104 eﬂ‘utiisse
1439 5052 1692 5120 ineptias,
1748 5069 1868 5107 cum
1922 5071 2078 5109 arro-

497 5133 692 5191 ganter
722 5139 880 5184 suum
931 5130 1130 5187 librum
1189 5133 1489 5208 inscripsit,
1528 5157 1707 5196 verum
1760 5160 2071 5201 sermonem.

495 5215 769 5280 Quoniam
812 5234 943 5278 vero
983 5224 1131 5280 clara
1164 5226 1268 5282 sibi
1300 5237 1356 5284 et
1381 5240 1640 5288 accurate
1684 5235 1960 5293 intellecta
2001 5241 2073 5294 vi-

570 5369 618 5403 ⁸⁸
647 5369 786 5430 Gen.
813 5391 910 5446 tu,
1016 5379 1107 5436 23.

1187 5381 1232 5415 ⁹⁰
1265 5383 1394 5440 ibid.

499 5526 684 5650 σαεξ)
727 5529 1062 5592 Ilmschelius
1095 5547 1150 5592 et
1185 5539 1491 5610 Spencerus
1531 5542 1581 5596 in
1626 5547 1888 5616 margine,
1922 5549 2072 5620 νική-

593 5669 680 5734 “20)
706 5670 775 5723 El
807 5669 858 5722 δ’
889 5671 1023 5740 ἄρα.
1056 5676 1367 5736 Boht‘rellus
1398 5680 1544 5752 legit,
1577 5685 1622 5736 εἰ
1656 5683 1730 5756 μὴ
1761 5686 1883 5758 ἄρα.

2186 4514 2412 4568 καὶτῶν
2447 4513 2749 4584 ἀνθρώπων
2785 4514 2976 4582 φύσις,
3015 4515 3285 4570 συνθεῖναι
3324 4515 3489 4587 λῆρον
3518 4517 3698 4587 βαθύν.
3731 4538 3749 4568 ι

2185 4604 2246 4654 Εἰ
2283 4604 2380 4673 μὲν
2409 4599 2501 4656 οὖν
2533 4606 2741 4676 εἰρήκει
2771 4606 2862 4659 τὸν
2914 4607 3176 4662 δοκοῦντα
3203 4608 3353 4679 αὐτῷ
3396 4609 3597 4679 τρόπον
3634 4611 3753 4680 περί

2181 4693 2276 4746 τοῦ
2304 4694 2469 4765 λῆρον
2498 4693 2636 4749 εἶναι
2673 4696 2841 4766 βαθὺν
2867 4697 2936 4750 τὰ
2968 4697 3084 4751 θεῖα
3115 4699 3440 4770 γράμματα,
3479 4701 3584 4754 κᾶν
3613 4702 3752 4753 ἐπει-

2187 4785 2429 4857 ράθημεν
2479 4788 2847 4841 ἁνασκευάσαι
2879 4789 2978 4852 τὰς
3015 4790 3274 4858 φανείσας
3314 4791 3506 4862 ἐκείνῳ
3539 4791 3753 4846 πιθανό-

2178 4894 2348 4946 τητας
2379 4879 2509 4947 περὶ
2541 4878 2633 4930 τοῦ
2678 4879 2841 4950 λῆρον
2869 4882 3006 4935 αὐτὰ
3037 4880 3178 4936 εἶναι
3211 4882 3378 4953 βαθύν
3403 4900 3418 4913 ·
3454 4885 3572 4936 νυνὶ
3612 4885 3667 4937 δὲ
3698 4884 3754 4936 τὸ

2175 4968 2360 5038 ὅμοιον
2381 4968 2576 5038 ἐκείνῳ
2610 4969 2944 5041 πράττοντες
2963 5012 2978 5036 ,
3011 4975 3105 5026 καί
3128 4973 3446 5038 παίζοντες,
3475 4977 3572 5028 καὶ
3601 4977 3753 5045 ἡμεῖς

2174 5059 2622 5131 ἀποφανούμεθα,
2665 5063 2747 5115 ὅτι
2787 5063 2872 5126 τίς
2915 5065 3046 5117 ποτέ
3090 5066 3237 5120 ἐστιν
3271 5067 3304 5137 ή
3345 5065 3506 5136 φύσις
3537 5065 3631 5119 τοῦ
3663 5065 3750 5118 νοῦ

2173 5149 2267 5201 καὶ
2292 5149 2386 5202 τοῦ
2416 5152 2473 5202 ὲν
2501 5155 2614 5215 τοῖς
2652 5155 2959 5224 προφήταις
2985 5154 3168 5222 λόγου,
3204 5156 3454 5227 οὐδαμῶς
3483 5159 3512 5210 ὁ
3549 5155 3750 5218 Κέλσος

2171 5239 2360 5306 εἰδὼς,
2417 5242 2581 5315 λῆρον
2640 5245 2906 5317 συνέθηκε
2964 5247 3154 5318 βαθὺν,
3206 5249 3542 5313 ὰλαζονικῶς
3591 5247 3748 5302 αὐτὸν

2253 5552 2362 5629 (Cll)
2388 5554 2726 5629 Ilmscbejius
2758 5557 2808 5612 in
2845 5566 3012 5629 lex-tu,
3047 5559 3239 5629 ἔγημε.

2251 5628 2363 5695 (νε)
2395 5627 2578 5680 Codex
2602 5627 2820 5699 Regius,
2854 5627 3040 5696 ἔταξεν
3065 5627 3095 5683 ό
3125 5627 3254 5692 Θεδς
3284 5627 3351 5682 τά
3373 5633 3657 5704 χερουῖέμ.
