3990 6158
239 333 268 386 1
283 331 386 388 577

1427 327 1706 383 CONTRA
1733 327 2010 387 CELSUM
2043 329 2172 386 LIB.
2214 329 2303 386 Vl.

3352 338 3497 393 1373

236 443 560 518 ἐπιγράψας
589 441 787 513 ἀληθῆ
829 444 1038 513 λόγον,
1109 443 1263 499 Ἐπεὶ
1313 443 1371 497 δὲ
1428 444 1506 509 ὡς
1528 435 1532 438 ’
1555 446 1699 517 σαφῆ
1740 447 1822 500 καλ

1935 448 2135 503 dentur
2174 435 2314 518 quae.
2349 447 2538 518 objicit
2585 451 2651 506 de
2697 449 2993 506 creationis
3042 451 3226 507 mundi
3284 452 3498 521 diebus,

233 536 489 610 ἀκριϐῶς
535 535 686 606 αὐτῷ
717 535 1014 606 νενοημένα
1057 535 1326 606 προφέρει
1362 535 1445 599 είς
1491 536 1823 606 κατηγορίαν

231 629 313 683 τὰ
348 629 476 702 περὶ
503 629 612 683 τῶν
632 628 732 698 τῆς
759 631 1118 697 κοσμοποιίας
1149 625 1394 698 ἡμερῶν,
1434 618 1509 681 ὧν
1535 643 1682 690 τινες
1725 626 1822 697 μὲν

233 720 376 791 πρὶν
403 718 520 788 φῶς
551 722 646 773 καὶ
675 717 904 788 οὐρανὸν
932 716 1218 786 γενέσθαι,
1257 717 1407 788 ἥλιόν
1425 734 1506 781 τε,
1537 717 1632 770 καὶ
1667 717 1824 789 σελή-

230 829 364 884 νην,
397 811 491 866 καὶ
521 810 788 881 ἀστέρας,
825 808 1262 880 παρεληλύθασι,
1290 809 1436 872 τινὲς
1463 807 1519 861 δὲ
1558 809 1696 879 μετὰ
1725 809 1822 880 τὴν

231 904 449 958 τούτων
472 904 690 972 γένεσιν
715 917 728 932 ·
761 901 919 954 τοῦτο
950 901 1110 968 μόνον
1139 899 1652 972 ἐπισημειωσόμεθα
1686 902 1824 973 πρὸς

230 996 428 1062 αὐτὸν,
463 996 546 1049 ὅτι
573 995 661 1067 ἄρ’
688 993 845 1047 ἔλαθε
875 993 1114 1046 Μωῦσέα
1140 993 1201 1046 τὸ
1239 993 1660 1064 προειρηκέναι,
1692 1012 1710 1044 ι
1733 993 1821 1046 Ἐν

228 1087 304 1153 ἓξ
329 1089 566 1159 ἡμέραις
599 1085 1005 1140 συντετελέσθαι
1039 1085 1130 1139 τὸν
1153 1086 1358 1156 κόσμον
1385 1085 1823 1156 δημιουργούμε-

228 1196 334 1234 νον
355 1195 370 1210 ⁶
399 1197 419 1231 ι
452 1180 546 1231 καὶ
575 1178 766 1231 ἑαυτοῦ
801 1177 1188 1247 ἐπιλαθόμενος
1213 1177 1422 1239 τούτοις
1459 1178 1710 1248 ἐπιφέρει
1737 1178 1820 1241 τὸ,

236 1287 259 1322 ι
289 1268 444 1344 Αὕτη
477 1270 511 1339 ἡ
543 1269 722 1338 βίϐλος
752 1269 1016 1338 γενέσεως
1048 1268 1350 1339 ἀνθρώπων
1375 1267 1484 1338 (25)
1507 1306 1522 1328 .
1633 1267 1822 1338 ἡμέρᾳ

229 1361 499 1431 ἐποίησεν
532 1363 563 1414 ό
588 1359 720 1421 Θεὸς
765 1359 857 1413 τὸν
901 1359 1127 1430 οὐρανὸν
1156 1357 1251 1411 καὶ
1298 1358 1398 1429 τὴν
1447 1359 1569 1429 γῆν·
1591 1377 1611 1410 ›
1681 1358 1820 1410 Ἀλλ’

227 1452 468 1525 οὐδεμία
511 1452 804 1522 πιθανότης
851 1451 994 1515 ἐστὶ,
1050 1451 1216 1521 μηδὲν
1260 1450 1552 1521 νενοηκότα
1582 1449 1821 1504 Μωῦσέα

227 1543 519 1615 εἰρηκέναι
547 1542 684 1615 μετὰ
711 1542 780 1596 τὰ
807 1542 934 1613 περὶ
962 1540 1069 1594 τῶν
1092 1542 1149 1607 ἓξ
1181 1541 1402 1613 ἡμερῶν
1430 1541 1511 1604 τὸ,
1545 1537 1822 1615 «ἡμέρᾳ

230 1637 497 1708 ἐποίησεν
527 1637 556 1689 ὁ
582 1633 715 1698 Θεὸς
745 1633 839 1688 τὸν
877 1634 1106 1706 οὐρανὸν
1136 1635 1232 1686 καὶ
1266 1633 1364 1705 τὴν
1390 1635 1511 1704 γῆν.
1541 1651 1561 1685 ι
1610 1633 1732 1686 Ἐάν
1760 1632 1818 1685 δέ

226 1745 324 1792 τις
355 1726 554 1800 νομίζῃ
584 1725 842 1779 δύνασθαι
873 1724 1024 1778 ταῦτ’
1051 1723 1419 1795 ἀναφέρεσθαι
1447 1723 1539 1776 ἐπὶ
1565 1722 1626 1776 τὸ
1645 1762 1660 1787 ,
1691 1743 1710 1774 ι
1733 1723 1821 1775 Ἐν

226 1821 381 1892 ἀρχῇ
408 1818 659 1889 ἐποίησεν
690 1817 720 1870 ὁ
753 1817 886 1880 Θεὸς
911 1816 1002 1869 τὸν
1033 1816 1262 1888 οὐρανὸν
1304 1817 1398 1869 καὶ
1433 1816 1534 1887 τὴν
1561 1814 1822 1884 γῆν,ἐπι-

1930 554 2163 609 quorum
2189 541 2444 606 aliicoeli,
2470 542 2623 607 solis,
2657 541 2822 605 luna),
2858 540 3133 596 Stellarum
3161 543 3498 598 creationem

1929 638 2352 698 praecesserunt,
2384 629 2475 685 alii
2501 630 2775 686 subsecuti
2804 640 2960 694 sunt;
2991 631 3096 685 boe
3118 647 3284 685 unum
3315 648 3382 686 ex
3408 635 3498 689 illo

1929 721 2256 790 quaesierim,
2293 722 2458 791 672
2492 737 2617 776 num
2645 723 2837 792 fugerit
2867 723 3101 794 Moysem
3131 732 3256 776 ante
3284 725 3351 778 ab
3386 726 3499 795 ipso

1929 810 2132 864 dictum
2165 810 2337 865 fuisse
2363 829 2377 865 :
2407 830 2427 863 ι
2463 811 2520 866 in
2545 828 2638 868 sex
2669 813 3155 882 diebus-perfectus
3211 823 3294 868 est
3351 832 3499 869 mun-

1929 899 2031 954 dus
2057 901 2137 965 ἐς
2181 918 2201 951 ι
2231 916 2359 954 num
2409 902 2494 956 sui
2535 902 2738 957 oblitus
2775 905 3042 959 addiderit
3079 928 3091 960 :
3124 924 3142 958 ι
3191 905 3288 959 Hie
3321 916 3403 960 est
3430 907 3500 961 li-

1929 991 2026 1047 ber
2046 993 2412 1062 generationis
2434 993 2747 1060 hominum,
2782 997 2833 1051 in
2880 995 2966 1051 die
2996 1013 3101 1065 quo
3142 996 3269 1051 fecit
3313 996 3500 1050 Domi-

1929 1097 2030 1136 nus
2056 1085 2252 1138 caelum
2284 1095 2342 1139 et
2376 1095 2577 1138 terram
2602 1085 2675 1140 ".
2709 1103 2728 1137 ι
2765 1085 2834 1139 At
2873 1088 3185 1141 nullomodo
3223 1087 3500 1157 probabile

1928 1183 2011 1228 est
2038 1174 2298 1244 Moysem,
2327 1186 2451 1245 post
2481 1175 2675 1230 factam
2704 1177 2768 1231 de
2796 1193 2891 1232 sex
2914 1179 3104 1233 diebus
3144 1181 3496 1242 mentionem,

1929 1264 2082 1321 nullo
2109 1267 2338 1322 consilio
2375 1268 2578 1324 dixisse
2609 1286 2623 1323 :
2666 1286 2686 1320 ι
2724 1269 2837 1335 Qua
2866 1269 2952 1324 die
2975 1271 3184 1325 creavit
3221 1270 3359 1323 Deus
3383 1285 3496 1326 cm-

1927 1354 2036 1410 lum
2060 1365 2116 1411 et
2145 1367 2369 1413 terram.
2423 1378 2441 1410 l
2494 1359 2646 1427 Quod
2673 1360 2718 1414 si
2774 1362 2898 1430 quis
2938 1362 3054 1416 haec
3108 1361 3379 1415 existimet
3414 1377 3498 1416 re-

1927 1445 2056 1502 ferri
2086 1463 2246 1519 posse
2281 1452 2347 1506 ad
2387 1451 2529 1505 istud
2561 1468 2577 1506 :
2617 1469 2638 1503 ι
2685 1451 2744 1506 lu
2796 1452 3063 1521 principio
3109 1453 3317 1506 creavit
3352 1454 3496 1508 Deus

1927 1537 2124 1593 emltun
2149 1549 2203 1595 et
2225 1549 2423 1595 terram
2451 1542 2518 1606 ⁸³,
2545 1561 2566 1594 ι
2597 1542 2734 1595 sciat
2773 1542 2818 1596 is
2850 1551 2976 1596 ante
3007 1541 3148 1596 boe:
3177 1559 3196 1592 ι
3231 1541 3353 1596 Fiat
3376 1542 3492 1606 lux,

1926 1637 1981 1682 et
2010 1626 2150 1682 facta
2175 1629 2381 1684 estJux
2409 1628 2496 1697 °‘;
2536 1650 2556 1683 ι
2594 1643 2650 1686 ει
2674 1640 2797 1688 ante
2822 1632 2962 1685 istud
2989 1650 3004 1686 :
3034 1649 3054 1684 ‹
3095 1630 3324 1686 Vocavit
3354 1633 3497 1690 Deus

1927 1721 2102 1777 lucem
2137 1723 2277 1776 diem
2315 1722 2384 1789 θ’,
2425 1740 2445 1774 ι
2479 1723 2682 1778 dictum
2698 1737 2822 1779 esse
2855 1740 2871 1778 :
2907 1741 2927 1776 ι
2964 1724 3022 1779 in
3047 1725 3315 1794 principio
3345 1740 3497 1782 erea-

1927 1813 2002 1868 vit
2023 1813 2164 1867 Deus
2187 1813 2380 1869 coelum
2403 1824 2457 1868 et
2476 1824 2675 1869 terram
2703 1814 2768 1868 ³⁸.

228 1914 513 1985 στησάτω,
541 1913 624 1967 ὅτι
655 1911 761 1984 πρὸ
786 1909 899 1974 τοῦ,
931 1928 950 1962 ι
973 1909 1262 1980 Γενηθήτω
1289 1909 1437 1978 φῶς,
1469 1909 1564 1961 καὶ
1600 1909 1816 1977 ἐγένετο
1863 1907 1978 1978 φῶς
2001 1946 2016 1971 ,
2068 1927 2086 1960 ι
2125 1907 2217 1961 καὶ
2258 1907 2374 1974 τοῦ,
2426 1927 2446 1962 t
2483 1909 2770 1964 Ἐκάλεσεν
2800 1910 2829 1963 ὁ
2870 1913 3002 1977 Θεος
3030 1911 3146 1983 φῶς
3189 1913 3423 1985 ἡμέραν,
3471 1933 3491 1967 ι

228 2010 486 2064 λέλεκται
510 2007 590 2071 τὸ,
631 2025 650 2060 t
673 2008 761 2061 Ἐν
787 2008 929 2077 ἀρχῇ
963 2005 1214 2076 ἐποίησεν
1245 2006 1274 2058 6
1307 2003 1438 2067 Θεὸς
1466 2004 1557 2058 τὸν
1585 2004 1808 2077 οὐρανὸν
1830 2003 1923 2056 καὶ
1950 2002 2047 2074 τὴν
2072 2003 2196 2073 γῆν.
2222 2020 2242 2055 ι

307 2100 424 2154 Νῦν
473 2100 532 2154 δὲ
589 2097 956 2171 διηγήσασθαι
1004 2099 1096 2151 τὸν
1160 2098 1290 2170 περὶ¹
1355 2097 1562 2169 νοητῶν
1599 2098 1696 2151 καὶ
1742 2099 1822 2152 ai-

2002 2097 2092 2150 51.
2121 2095 2238 2151 Jam
2288 2109 2419 2151 vero
2463 2098 2530 2154 de
2569 2097 2999 2168 intelligentibus
3048 2100 3498 2172 sensibilibusque

231 2188 453 2261 σθητῶν
501 2189 689 2256 λόγον,
733 2187 830 2241 καὶ
877 2187 998 2242 τίνα
1045 2187 1246 2258 τρόπον
1298 2187 1712 2258 διανενέμηνται
1766 2190 1822 2242 αἱ

227 2282 430 2352 φύσεις
454 2280 562 2334 τῶν
597 2279 821 2352 ἡμερῶν
846 2281 925 2344 είς
951 2279 1238 2351 ἀμφότερα
1264 2281 1333 2334 τὰ
1375 2279 1489 2350 εἴδη
1510 2318 1524 2342 ,
1576 2281 1637 2333 οὐ
1686 2281 1821 2353 πρό-

226 2389 450 2436 κειται,
493 2370 617 2423 οὐδὲ
664 2369 733 2422 τὰ
778 2369 920 2422 κατὰ
952 2370 1077 2433 τοὺς
1119 2370 1318 2432 τόπους
1356 2369 1640 2435 ἐξετάσαιο
1683 2369 1822 2424 ὅλων

228 2464 348 2536 γὰρ
379 2464 509 2534 ἡμῖν
534 2460 838 2525 συντάξεων
867 2461 1026 2531 χρεία
1051 2462 1130 2524 εἰς
1151 2462 1250 2531 τὴν
1280 2461 1530 2531 διήγησιν
1553 2461 1654 2532 τῆς
1682 2462 1824 2516 κατὰ

228 2554 480 2610 Μωῡσέα
527 2551 886 2622 κοσμοποιίας
938 2553 1074 2622 ὅπερ
1114 2552 1255 2605 κατὰ
1299 2551 1361 2605 τὸ
1419 2552 1640 2606 δυνατὸν
1690 2554 1822 2624 ἡμῖν

233 2645 350 2716 πρὸ
381 2643 622 2706 πλείονος
660 2644 852 2715 χρόνου
878 2643 976 2712 τῆς
1012 2643 1363 2714 ἐνεστηκυίας
1401 2641 1535 2713 πρὸς
1560 2643 1651 2695 τὸν
1683 2643 1824 2696 Κέλ-

235 2753 336 2790 σον
363 2735 669 2801 συντάξεως
703 2736 1078 2806 πεποιήκαμεν
1099 2773 1114 2799 ,
1159 2733 1267 2788 ἀπὸ
1305 2735 1404 2805 τῆς
1431 2736 1537 2806 πρὸ
1564 2735 1823 2790 πλειόνων

233 2827 380 2881 ἐτῶν
397 2827 562 2893 ἕξεως
576 2867 589 2891 ,
613 2823 680 2898 ἦς
703 2826 1016 2899 ἐχωροῦμεν
1037 2827 1183 2890 τότε,
1201 2827 1544 2890 διαλαϐόντες
1567 2827 1822 2897 περὶτῶν

230 2919 383 2975 κατὰ
423 2917 662 2972 Μωῦσέα
687 2917 796 2970 τῶν
833 2917 945 2987 (24)
969 2915 1027 2983 ἒξ
1065 2917 1167 2987 τῆς
1195 2919 1550 2987 κοσμοποιίας
1575 2918 1818 2989 ἡμερῶν.

230 3009 456 3065 Είδέναι
513 3010 696 3079 μέντοι
745 3024 807 3077 γε
855 3008 1003 3079 χρὴ,
1059 3009 1140 3061 ὅτι
1171 3011 1283 3071 τοῖς
1310 3009 1538 3072 δικαίοις
1586 3009 1674 3062 διὰ
1723 3009 1820 3063 τοῦ

244 3102 474 3155 Ἠσαίου
502 3101 531 3152 6
559 3100 716 3169 λόγος
762 3099 1186 3169 ἐπαγγέλλεται,
1234 3100 1291 3151 ἐν
1336 3101 1667 3154 καταστάσει
1703 3100 1823 3155 ἐσερ

237 3193 368 3247 σθαι
402 3189 646 3262 ἡμέρας,
680 3191 736 3243 ἐν
772 3184 807 3265 ᾗ
849 3208 867 3241 t
897 3191 970 3261 μὴ
998 3191 1181 3260 ἥλιος,
1222 3189 1337 3244 ἀλλ’
1372 3191 1533 3255 αὐτὸς
1558 3193 1586 3245 6
1617 3191 1820 3264 Κύριος

233 3286 359 3354 φῶς
393 3284 547 3336 ἔσται
592 3283 774 3345 αὐτοῖς
799 3281 1034 3347 αἰώνιον,
1066 3283 1160 3334 καὶ.
1187 3283 1216 3334 6
1242 3281 1375 3344 Θεὸς
1410 3281 1539 3346 δόξα
1581 3282 1815 3337 αὐτῶν.»

235 3374 604 3447 Παρακούσας
623 3374 690 3437 6‘,
715 3369 890 3443 οἶμαι,
924 3372 1201 3443 μοχθηρᾶς
1229 3372 1492 3442 αἱρέσεώς
1518 3390 1691 3438 τινος,
1725 3373 1820 3428 καὶ

1923 2189 2136 2244 naturis
2163 2189 2452 2252 disserere,
2483 2192 2774 2246 ostendere
2816 2193 3092 2261 quomodo
3119 2196 3343 2264 utrique
3379 2195 3498 2249 illa-

1924 2292 2044 2333 rum
2075 2280 2276 2349 speciei
2324 2280 2580 2334 destinati
2609 2283 2736 2335 sint
2767 2283 2904 2352 dies,
2936 2285 3053 2339 haec
3100 2285 3378 2354 sigillatim
3415 2286 3497 2340 in-

1923 2373 2140 2441 quirere
2164 2374 2334 2427 nostri
2368 2375 2632 2441 propositi
2662 2389 2765 2429 non
2789 2385 2895 2430 est.
2923 2375 3055 2430 Nam
3099 2378 3164 2430 ad
3194 2377 3496 2432 edisset-eu-

1921 2464 2046 2516 dam
2075 2473 2354 2518 narratam
2386 2479 2416 2517 a
2443 2464 2626 2534 Moyse
2652 2467 2835 2520 mutuli
2866 2468 3196 2523 creationem
3227 2483 3365 2540 Opus
3411 2484 3498 2525 es-

1923 2561 2008 2607 set
2052 2552 2277 2621 integris
2325 2554 2755 2609 commentariis.
2790 2555 2848 2610 Id
2879 2567 3060 2610 autent
3116 2571 3146 2611 a
3208 2558 3366 2612 nobis
3414 2569 3497 2613 est

1923 2645 2223 2715 praestitum
2252 2659 2349 2713 pro
2367 2645 2571 2698 viribus
2593 2645 2749 2714 longe
2776 2656 2927 2713 ante,
2949 2662 3110 2716 quam
3135 2649 3279 2702 hunc
3298 2649 3495 2704 librum

1926 2745 2122 2790 contra
2177 2734 2390 2789 Celsum
2448 2736 2850 2800 scriberemus;
2907 2749 3018 2794 tum
3050 2740 3322 2807 videlicet,
3371 2757 3495 2796 cum

1922 2835 2086 2895 prout
2125 2835 2309 2880 nostra
2365 2835 2490 2881 ante
2530 2829 2728 2883 multos
2766 2845 2938 2884 annos
2987 2831 3214 2889 facultas
3256 2833 3493 2902 ferebat,

1926 2917 2281 2972 disseruimus
2303 2917 2371 2973 de
2401 2933 2495 2972 sex
2529 2919 2755 2985 diebus,
2801 2921 2996 2989 quibus
3041 2923 3252 2992 Moyses
3309 2927 3496 2980 tnttndi

1926 3008 2258 3061 creationem
2306 3006 2605 3076 perfectam
2659 3006 2830 3064 fuisse
2886 3020 3092 3069 narrat.
3128 3011 3323 3068 Verum
3355 3016 3498 3071 seire

1924 3105 2136 3164 oportet
2164 3093 2400 3149 Verbum
2435 3111 2531 3164 per
2555 3095 2750 3150 Isaiam
2780 3097 2942 3167 justis
2985 3099 3229 3167 polliceri
3286 3101 3497 3158 futuros

1924 3200 2046 3241 esse
2072 3186 2211 3251 dies,
2248 3201 2370 3241 cum
2429 3203 2448 3238 ι
2496 3186 2600 3242 illis
2647 3203 2755 3245 non
2811 3190 2916 3254 sol,
2947 3191 3040 3244 sed
3072 3193 3186 3260 ipse
3235 3191 3497 3249 Dominus

1927 3279 2263 3346 sempiterna
2292 3280 2382 3333 lux
2415 3279 2544 3343 erit,
2565 3289 2619 3334 et
2642 3296 2829 3336 eorum
2863 3283 3059 3350 gloria,
3095 3283 3236 3338 Deus
3266 3285 3332 3341 ⁸⁷.
3362 3303 3394 3336 »ο
3414 3285 3495 3340 Ex

1925 3369 2130 3440 aliqua,
2177 3372 2392 3440 opinor,
2427 3373 2672 3442 improba
2725 3375 2917 3430 haeresi
2951 3387 3006 3429 et
3041 3375 3181 3430 male
3229 3377 3497 3445 interpre-

234 3465 428 3522 κακῶς
483 3463 890 3536 διηγησαμένης
964 3462 1026 3515 τὸ
1091 3463 1416 3534 (γενηθήτω
1499 3463 1647 3532 φῶς,
1675 3482 1694 3515 ι
1747 3465 1822 3528 ὡς

1930 3473 2073 3518 tante
2097 3452 2213 3519 hcce
2241 3463 2428 3528 verba,
2471 3483 2494 3516 ι
2546 3465 2640 3519 ﬁat
2683 3464 2794 3530 lux,
2847 3483 2866 3516 ι
2911 3465 3067 3535 quasi
3125 3481 3155 3519 a
3201 3466 3494 3520 Conditore

234 3555 510 3619 εὐκτικῶς
538 3553 646 3625 (‘25)
674 3553 780 3607 ὑπὸ
806 3551 902 3606 τοῦ
925 3551 1265 3625 Δημιουργοῦ
1295 3551 1603 3623 εἰρημένον,
1634 3547 1785 3606 εἶπεν
1803 3571 1819 3586 ο

240 3668 261 3701 ι
283 3649 362 3702 Οὐ
410 3649 519 3718 γάρ
564 3647 652 3717 δὴ,
699 3644 949 3716 καθάπερ
982 3645 1028 3698 el
1053 3645 1181 3708 τοὺς
1223 3643 1447 3713 λύχνους
1471 3645 1536 3697 ἐκ
1565 3643 1824 3712 γειτόνων

235 3741 556 3812 ἐναυὸμενοι
576 3779 590 3802 ,
619 3737 734 3807 φῶς
757 3739 962 3809 Δημιου
973 3735 1098 3808 ργὸς
1121 3735 1326 3790 ἄνωθεν
1352 3736 1641 3807 ἐχρήσατο.
1657 3754 1676 3788 ι
1714 3737 1826 3791 Καὶ

234 3831 407 3901 ἄλλης
434 3830 478 3883 δ’
507 3826 737 3891 ἀσεϐοὖς
763 3828 1030 3898 αἱρέσεως
1051 3825 1408 3899 παρακούσας
1430 3867 1444 3890 ,
1468 3821 1590 3882 εἷπε
1621 3829 1713 3882 καὶ
1738 3829 1822 3883 τόο

241 3941 261 3975 ι
285 3923 352 3976 El
397 3922 494 3990 μὲν
522 3921 762 3982 ἐναντίος
796 3937 881 3983 τις
924 3915 992 3990 ἦν
1019 3920 1127 3990 (26)
1167 3918 1246 3991 τῷ
1289 3919 1512 3992 μεγάλῳ
1546 3920 1666 3992 Θεῷ
1704 3921 1825 3985 θεὸς

236 4013 658 4083 κατηραμένος,
710 4015 739 4065 6
791 4011 964 4065 ταῦτα
1015 4010 1185 4064 ποιῶν
1234 4012 1387 4084 παρὰ
1439 4012 1666 4083 γνώμην
1724 4014 1826 4084 τὴν

237 4103 485 4166 ἐκείνου,
523 4103 578 4155 τί
614 4100 764 4172 αὐτῷ
779 4101 839 4154 τὸ
856 4100 970 4170 φῶς
1002 4102 1232 4172 ἐκίχρα;
1267 4121 1286 4154 ι
1313 4102 1456 4173 Πρὸς
1501 4103 1539 4156 ἃ.
1571 4103 1824 4157 τοσοῦτον

237 4193 546 4264 ἀποδέομεν
569 4192 970 4262 ἀπολογεῖσθαι,
1003 4192 1144 4245 ὥστε
1175 4193 1499 4264 τρανότερον
1526 4195 1674 4262 ἡμᾶς
1706 4193 1825 4246 ἐθέ-

239 4286 356 4340 λειν
395 4287 495 4355 τῆς
529 4285 751 4338 ἐκείνων
783 4284 940 4354 δόξης
974 4283 1049 4348 ὡς
1091 4283 1444 4354 ἐσφαλμένων
1475 4287 1820 4355 κατηγορεῖν,

240 4375 337 4428 καὶ
388 4373 636 4428 ἵστασθαι
689 4373 750 4427 οὐ
801 4373 939 4444 πρὸς
988 4371 1024 4426 ἃ
1065 4371 1140 4443 μὴ
1180 4373 1398 4443 οἴδαμεν
1439 4374 1639 4439 αὐτῶν,
1680 4375 1754 4436 ὡς
1794 4374 1824 4425 6

239 4467 490 4531 Κέλσος,
526 4465 662 4519 ἀλλὰ
697 4466 832 4537 πρὸς
870 4463 906 4519 ἃ.
932 4464 1176 4536 ἀκριϐῶς
1207 4463 1568 4536 γινώσκομεν,
1726 4465 1824 4536 μὲν

241 4557 340 4610 ἀπ’
405 4558 584 4612 αὐτῶν
635 4557 1100 4630 ἀκολουθήσαντες
1129 4559 1274 4630 (27),
1321 4559 1396 4630 πὴ
1445 4559 1500 4612 δὲ
1545 4562 1658 4622 τοῖς
1693 4575 1824 4626 συγ-

242 4649 566 4722 γράμμασιν
591 4649 770 4704 αύτῶν
804 4649 1079 4720 ἐπιμελῶς
1115 4651 1447 4720 ἐντυχόντες.

315 4739 468 4793 Μετὰ
511 4740 570 4795 δὲ
609 4740 781 4793 ταῦτα
833 4739 1042 4802 Κέλσος
1080 4741 1270 4810 φησίν
1330 4759 1350 4793 ι
1415 4740 1557 4810 Ἐγὼ
1590 4741 1646 4795 δὲ
1695 4743 1822 4814 περὶ

1926 3553 2067 3608 bane
2120 3555 2235 3609 tieri
2284 3563 2506 3623 optante
2560 3557 2704 3610 dicta
2755 3555 3004 3620 fuissent,
3049 3559 3256 3625 accepit
3308 3557 3422 3613 hate
3473 3574 3490 3612 :

1931 3659 1951 3694 ι
1989 3641 2102 3696 Non
2135 3643 2378 3711 profecto
2400 3643 2663 3697 Conditor
2701 3642 2881 3696 lumen
2933 3660 2961 3697 a
3004 3648 3213 3712 superis
3257 3659 3499 3699 commo-

1926 3732 2051 3787 dato
2075 3735 2301 3804 accepit,
2336 3743 2395 3787 ut
2422 3749 2521 3788 nos
2551 3749 2615 3788 ex
2661 3734 2824 3788 vicini
2873 3734 3094 3788 lucerna
3131 3743 3374 3789 nostram
3406 3749 3500 3789 ac-

1926 3823 2226 3880 cendimus.
2253 3843 2271 3875 ι
2305 3823 2385 3878 Ex
2412 3825 2515 3878 alia
2541 3825 2701 3893 impia
2731 3825 2920 3880 haeresi
2975 3826 3166 3881 leviter
3213 3836 3496 3896 perspecta

1925 3915 2076 3968 addit
2111 3933 2125 3967 :
2170 3931 2188 3965 ι
2227 3915 2284 3970 Si
2312 3917 2434 3985 quis
2460 3917 2782 3972 maledictus
2811 3917 2943 3972 deus
2984 3931 3180 3988 magno
3236 3917 3346 3973 Deo
3367 3902 3499 3974 con-

1929 4005 2125 4060 trarius
2149 4017 2284 4070 erat,
2315 4019 2366 4062 et
2395 4019 2582 4063 contra
2630 4009 2775 4065 illius
2810 4010 3144 4065 voluntatem
3185 4011 3302 4065 haec
3342 4011 3494 4074 fecit.

1927 4109 2022 4149 cur
2044 4095 2135 4150 hic
2157 4097 2233 4150 illi
2261 4099 2441 4152 lumen
2469 4101 2889 4154 commodabat?
2923 4118 2940 4150 ι
2961 4101 3089 4166 Quae
3115 4108 3320 4153 tantum
3341 4099 3498 4153 abest

1929 4194 1988 4239 ut
2021 4186 2392 4250 defendamus,
2424 4199 2482 4242 ut
2512 4189 2648 4241 hanc.
2674 4191 2982 4258 opinionem
3034 4198 3288 4258 tanquam
3311 4203 3380 4242 ex
3402 4203 3497 4242 er-

1932 4275 2180 4328 rantibus
2209 4277 2508 4344 profectam
2542 4280 2800 4332 damnare
2825 4279 3000 4346 parati
3025 4279 3217 4342 simus,
3246 4287 3300 4333 et
3335 4275 3500 4332 refel-

1928 4363 2039 4419 lere
2062 4380 2121 4419 ea
2157 4382 2277 4434 quze
2304 4381 2406 4420 non
2455 4369 2633 4431 ignota
2680 4371 2857 4435 nobis,
2910 4381 2970 4423 ut
2999 4369 3176 4436 Celso,
3212 4370 3304 4424 sed
3339 4385 3502 4426 accu-

1929 4462 2045 4506 rate
2081 4466 2366 4533 perspeecta
2401 4463 2545 4520 sunt,
2581 4471 2809 4524 quaeque
2840 4469 2952 4511 tum
2997 4472 3064 4512 ex
3116 4457 3243 4525 illis,
3281 4465 3392 4513 tum
3430 4473 3498 4514 ex

1926 4559 2112 4600 eorum
2137 4546 2289 4601 libris
2315 4547 2598 4617 diligenter
2627 4550 2801 4615 lectis,
2838 4551 3144 4605 didicimus.

1997 4748 2084 4803 52.
2129 4749 2220 4804 Sic
2251 4759 2436 4820 postea
2463 4750 2695 4807 Celsus:
2740 4771 2759 4804 ι
2813 4753 2888 4808 De
2916 4754 3130 4823 origine
3185 4762 3239 4809 et
3275 4752 3498 4809 interitu

250 4828 349 4899 μὲν
381 4829 650 4898 γενέσεως
699 4832 906 4903 κόσμου
954 4832 1048 4885 καὶ
1098 4833 1336 4904 φθορᾶς,
1369 4831 1402 4903 ἢ
1439 4832 1514 4898 ὡς
1564 4833 1822 4904 ἀγένητος

1935 4841 2144 4908 mundi,
2173 4843 2516 4898 iucreatnsne
2549 4845 2695 4899 sitet
2727 4845 3173 4915 incorruptibilis,
3211 4857 3501 4900 creatusne

246 4922 344 4975 καὶ
370 4921 663 4992 ἄφθαρτος,
696 4924 730 4993 ἢ
763 4925 839 4988 ὼς
865 4925 1090 4997 γενητὸς
1118 4927 1239 4998 μὲν,
1271 4925 1546 4997 ἄφθαρτος
1570 4926 1647 4992 δὲ,
1686 4927 1718 4998 ἦ
1748 4926 1822 4990 ὡς

1931 4934 2176 5002 quidem,
2205 4938 2297 4989 sed
2325 4935 2774 5004 ineormptibilis,
2814 4952 2880 4989 an
2908 4947 3117 5001 contra,
3145 4936 3278 4991 nihil
3308 4936 3410 4992 hac
3435 4938 3502 4993 de

245 5013 307 5067 τὸ
339 5013 596 5083 ἔμπαλιν,
636 5015 788 5068 οὐδὲν
829 5017 962 5088 περὶ⁸
982 5017 1175 5070 τούτου
1215 5018 1334 5072 νυνὶ
1368 5017 1530 5086 λέγω.
1558 5037 1574 5069 ι
1623 5019 1823 5090 Διόπερ

244 5107 354 5162 οὐδ’
382 5108 544 5180 ἡμεῖς
581 5108 712 5179 περὶ
743 5108 909 5162 τῶνδε
940 5111 1059 5163 νυνὶ
1091 5111 1323 5181 λέγομεν
1346 5126 1361 5142 ο
1410 5112 1472 5164 οὐ
1498 5110 1606 5182 γὰρ
1631 5112 1664 5181 ἡ
1689 5129 1823 5172 προ-

316 5266 358 5298 ⁹¹
386 5264 528 5322 Gen.
557 5281 599 5332 ι,
631 5261 721 5318 3i.
798 5263 846 5295 "
877 5262 1014 5319 Gen.
1047 5279 1110 5329 ιι,
1131 5264 1186 5318 4.
1261 5264 1308 5298 ³³
1339 5264 1478 5320 Gen.
1504 5281 1542 5332 ι,
1571 5268 1622 5322 1.
1699 5265 1746 5297 ³⁸
1781 5266 1908 5322 ibid.
1934 5269 1992 5324 5.

319 5408 435 5478 (.23)
481 5405 846 5478 Ἆγθρώπξων.
887 5404 1074 5478 Vulgo
1107 5420 1252 5478 nunc
1315 5406 1529 5474 legitur,
1590 5405 1821 5477 οὐρανοῦ

249 5476 343 5532 καὶ
373 5476 496 5549 γῆς,
531 5476 618 5532 ὅτε
655 5476 892 5549 ἐγένετο,
930 5485 985 5531 ει
1033 5476 1114 5532 sic
1175 5477 1292 5546 ipse
1342 5477 1602 5544 Origenes
1662 5476 1825 5544 infra,

255 5547 402 5604 num.
434 5547 502 5602 60
534 5550 691 5618 hujus
733 5547 883 5618 libri.

324 5617 435 5687 (24)
469 5614 766 5673 Deleitdum
801 5617 1015 5671 videtur
1050 5614 1192 5671 istud
1229 5617 1521 5684 posterius,
1553 5616 1680 5672 τῶν.

327 5688 438 5758 (25)
467 5688 809 5743 liteseliclius
840 5687 892 5740 in
923 5694 1096 5758 testu,
1122 5687 1442 5758 εὐεκτικῶς,
1495 5688 1656 5742 male.
1713 5688 1828 5742 Cte-

263 5757 432 5812 terum
473 5759 539 5812 de
573 5759 671 5812 bac
709 5759 827 5828 ipsa
873 5770 933 5812 re
980 5757 1232 5812 Clemens
1287 5757 1688 5814 Alexandrinus
1750 5762 1823 5815 lo-

1934 5039 1991 5078 re
2021 5041 2163 5080 mute
2203 5027 2342 5082 dico.
2381 5045 2399 5078 ›
2443 5025 2552 5082 Νεο
2587 5042 2685 5082 nos
2712 5029 3004 5098 quidquam
3033 5030 3099 5084 de
3123 5028 3190 5084 iis
3235 5029 3499 5084 dicemus.

1929 5113 2118 5182 Neque
2142 5115 2285 5169 enim
2317 5115 2367 5169 id
2397 5116 2632 5184 postulat
2660 5116 2888 5173 instituti
2925 5118 3086 5173 ratio.
3107 5116 3217 5174 Nec
3246 5118 3413 5174 etiam
3451 5117 3502 5169 in

2089 5268 2138 5302 ⁸⁸
2173 5268 2310 5325 ibid.
2359 5271 2414 5327 5.
2513 5271 2559 5304 ⁸⁸
2592 5273 2726 5328 ibid.
2771 5277 2824 5331 1.
2916 5274 2963 5308 ⁸⁷
3003 5273 3109 5328 lsa.
3148 5270 3360 5339 1.x,l9.

1924 5409 2184 5491 quitttr__in
2222 5410 2431 5491 Eclogis
2474 5411 2870 5491 Theodqtjgnis.
2909 5410 3044 5465 Vide
3067 5422 3230 5480 supra
3253 5415 3412 5463 notas
3441 5406 3506 5457 ad

1923 5479 2048 5534 libr.
2094 5480 2169 5534 De
2199 5479 2461 5548 oratidne,
2503 5498 2623 5551 pag.
2655 5483 2784 5535 2'57.
3136 5479 3146 5480 ί

1995 5551 2275 5626 (iﬁlldetn
2305 5551 2365 5626 in
2385 5561 2558 5626 textu,
2585 5551 2899 5626 ἐναντίωσις
2916 5543 3008 5626 ᾖν.
3052 5615 3085 5626 η
3309 5614 3345 5626 Α
3393 5613 3404 5626 .

1997 5614 2141 5692 (27⁷)
2205 5620 2772 5692 Ἁκολουθήσαντες.
2834 5614 3125 5675 Βυίίεῐθηο
3190 5627 3250 5674 ει
3305 5614 3502 5674 Guieto

1927 5690 2093 5751 scrib.
2127 5693 2362 5758 videtur,
2389 5690 2738 5754 ἀκούσαντες.
