3990 6158
513 240 653 298 1379

1986 227 2309 285 ORIGENIS

3624 232 3832 288 15ῒο

512 364 630 420 haec
671 358 890 415 verba:
946 375 965 409 ‹
1018 355 1255 425 Spiritus
1305 351 1521 406 Domini
1584 350 1861 407 ferebatur
1924 365 2084 419 super

2197 348 2413 419 κειμένη
2438 348 2688 414 σύνταξις
2710 346 2851 400 τοῦτ’
2868 347 3107 400 ἀπαιτεῖ.
3140 346 3277 399 Ἀλλ’
3293 344 3414 400 οὐδὲ
3436 346 3661 417 πνεῦμα
3697 349 3836 401 τοῦ

512 466 685 523 aquas
716 449 782 515 ⁸⁸,
818 467 838 501 ι
874 448 1104 500 dicimus
1133 444 1381 513 spiritum
1414 441 1610 496 summi
1640 442 1730 495 Dei
1758 440 1925 495 fuisse
1949 440 2080 509 illic,

515 550 766 609 tanquam
800 537 852 591 in
893 536 1053 609 rebus
1086 536 1151 588 ad
1175 549 1235 590 se
1279 534 1441 604 673
1490 548 1595 587 non
1630 532 2032 602 pertinentibus
2069 547 2084 594 ;

515 643 623 683 nec
646 627 717 681 ab
743 624 849 679 alio
874 631 1069 693 prazter
1096 637 1351 690 magnum
1397 621 1565 675 Deum
1606 623 1889 675 conditore
1941 635 2089 689 qure-

516 722 640 774 dam
680 718 918 772 dicimus
941 724 1128 771 contra
1153 716 1304 769 illum
1326 717 1601 784 spiritum,
1623 716 1781 785 idque
1804 716 2087 784 superiore

513 809 624 864 Deo
654 808 912 876 patiente,
959 807 1198 876 improbe
1226 805 1397 860 fuisse
1446 816 1695 875 suscepta
1747 822 1866 875 qua:
1913 807 2085 861 everti

512 900 839 968 oportuerit.
871 897 1102 954 Valeant
1127 898 1291 968 igitur
1331 906 1385 951 et
1414 898 1503 966 qui
1535 898 1649 952 lucc
1678 898 1885 964 dicunt,
1918 905 1972 953 et
1994 898 2085 966 qui

518 990 865 1059 indiligenter
893 1003 985 1043 eos
1011 988 1214 1043 refutat
1247 988 1479 1051 Celsus;
1508 989 1693 1042 debuit
1719 990 1859 1043 enim
1892 998 1984 1042 aut
2024 988 2089 1042 il-

513 1080 691 1136 lorum
722 1094 969 1135 errorum
1000 1094 1105 1133 non
1132 1079 1465 1142 meminisse,
1518 1088 1612 1132 aut
1650 1095 1751 1147 pro
1800 1080 1885 1132 illa
1924 1095 2086 1148 quam

513 1187 627 1241 prae
654 1187 715 1228 se
771 1173 874 1227 fert
910 1172 1247 1226 humanitate
1300 1172 1419 1225 illos
1459 1172 1747 1242 diligenter
1792 1187 2088 1240 exponere,

513 1270 569 1317 et
591 1262 908 1332 impugnare
940 1276 1058 1330 qum
1092 1262 1158 1314 ab
1180 1262 1395 1315 illorum
1418 1262 1733 1316 auctoribus
1762 1262 1923 1330 impie
1945 1263 2087 1317 dicta

516 1362 664 1409 sunt.
697 1353 887 1406 Datum
913 1363 1094 1407 autem
1152 1352 1321 1407 fuisse
1368 1352 1689 1407 conditoria
1735 1368 1930 1423 magno
1980 1353 2091 1407 Deo

516 1445 787 1515 spiritum,
811 1458 969 1513 quem
1018 1452 1204 1511 postea
1230 1444 1443 1512 repetit,
1497 1443 1551 1497 id
1589 1444 1899 1499 audivimus
1946 1460 2087 1498 nun-

516 1552 703 1607 quam.
734 1536 787 1588 ln
824 1537 921 1591 bos
952 1544 1130 1588 tamen
1165 1536 1357 1604 impios
1386 1550 1667 1590 sermones
1708 1535 1872 1590 stulte
1908 1537 2089 1590 insur-

514 1643 692 1700 gens:
729 1646 750 1679 ι
802 1627 1002 1696 Ecquis
1034 1626 1195 1692 Deus,
1244 1628 1445 1694 inquit.
1493 1627 1776 1697 quidpiam
1825 1628 1920 1681 dat
1948 1627 2089 1696 quod

515 1695 702 1790 postea
728 1695 1056 1786 repetiturus
1087 1718 1206 1771 est?
1228 1714 1524 1785 lndigeutis
1546 1695 1690 1771 enim
1714 1726 1796 1772 est
1827 1695 2090 1786 repetere,
2123 1695 2167 1754 Β

518 1810 722 1865 nullius
749 1818 931 1862 autem
960 1809 1035 1862 rei
1063 1809 1203 1862 Deus
1231 1808 1453 1876 indiget.
1488 1826 1505 1859 ι
1537 1808 1744 1872 Quibus
1771 1809 2092 1879 additqnasi

519 1902 649 1973 quid
704 1901 989 1955 admodum
1047 1898 1263 1966 sapiens
1315 1908 1504 1953 contra
1562 1902 1876 1967 quosdam:
1920 1918 1939 1951 ‹
1984 1899 2095 1955 Cur

520 1993 777 2054 nescivit,
803 2007 924 2046 cum
965 1990 1359 2053 commodaret,
1392 2003 1450 2043 se
1478 1993 1619 2044 male
1644 1991 2028 2045 commodare?
2068 2010 2087 2043 ι

519 2084 587 2139 Ει
621 2084 762 2137 istud
797 2100 811 2136 :
849 2100 867 2133 ι
902 2082 1012 2137 Cur
1044 2095 1232 2150 parum
1280 2090 1435 2134 curat
1469 2080 1669 2135 malum
1722 2081 2089 2147 conditorem,

517 2176 610 2245 qui
635 2176 735 2229 sibi
760 2173 1119 2227 adversatur?
1156 2189 1175 2223 ι

590 2266 678 2321 55,
701 2265 903 2319 Deinde
921 2265 1306 2331 miscens,meo
1325 2264 1543 2333 quidem
1557 2263 2093 2333 judicio,bteresibus

517 2355 773 2417 lia-roses,
800 2369 899 2408 nec
919 2353 1167 2407 iudicans
1188 2355 1291 2407 alia
1310 2369 1433 2408 esse
1448 2354 1694 2419 alterius,
1713 2354 1938 2408 alterius
1961 2356 2091 2420 alia,

517 2443 727 2514 profert
743 2460 863 2513 quae
887 2460 985 2499 nos
999 2444 1285 2513 objicimus
1306 2443 1585 2499 Marcioui.
1608 2443 1774 2498 Forte
1798 2445 1960 2499 etiam
1980 2446 2096 2499 hare

517 2537 643 2606 quia
666 2536 805 2591 male
821 2553 888 2591 ex
911 2536 1441 2604 vilibusquibusdam
1463 2544 1517 2589 et
1535 2536 1802 2604 imperitis
1821 2536 2094 2602 audierat,

517 2639 806 2698 propterea
832 2628 1179 2697 reprehendit
1210 2627 1693 2695 reprehensionem
1731 2628 1938 2696 ipsam,
1987 2642 2095 2697 qua

518 2722 574 2774 in
600 2736 661 2776 re
702 2736 809 2775 non
847 2736 1104 2789 magnum
1130 2732 1242 2786 przc
1268 2732 1329 2771 se
1370 2718 1473 2771 l'ert
1495 2717 1778 2787 judicium.
1807 2719 2096 2789 Exponeus

516 2814 684 2884 igitur
720 2827 841 2883 qua:
866 2822 1058 2865 contra
1089 2810 1419 2865 Mareionem
1459 2813 1737 2877 dicuntur,
1782 2814 1875 2866 sed
1926 2812 2090 2867 tacito

518 2906 687 2971 illius,
707 2921 867 2975 quem
894 2914 1074 2958 tamen
1097 2907 1426 2973 aggreditur,
1453 2906 1669 2960 nomine
1699 2923 1712 2957 :
1742 2923 1760 2955 ι
1793 2904 1904 2959 Cur
1925 2905 2088 2971 clam,

2187 440 2279 493 ἐπὶ
2319 441 2449 493 πᾶσι
2476 439 2610 492 Θεοῦ
2639 455 2819 509 φαμεν
2843 438 2918 501 ὡς
2954 438 3012 490 ἐν
3047 437 3350 508 ἀλλοτρίοις
3387 439 3501 501 τοῖς
3525 439 3656 509 τῇδε
3702 457 3836 508 γε-

2187 532 2420 600 γονέναι,
2444 532 2584 585 κατὰ
2610 534 2690 595 τὸ,
2716 551 2732 582 ι
2754 530 2978 601 Πνεῦμα
2994 529 3128 583 Θεοῦ
3147 530 3449 601 ἐπεφέρετο
3464 533 3656 586 ἐπάνω
3700 532 3836 586 τοῦ

2187 622 2393 684 ὕδατος·
2435 642 2453 673 ι
2492 622 2612 674 ούδέ
2645 620 2829 683 κακῶς
2865 620 3232 691 μηχανώμενά
3253 638 3396 685 τινα,
3413 622 3488 685 ὡς
3518 623 3625 677 ὑπὸ
3663 627 3830 678 ὲτὲ-

2190 728 2283 782 ρου
2315 710 2407 764 τοῦ
2439 710 2769 781 δημιουργοῦ
2810 711 2959 779 παρά
2984 710 3075 762 τὸν
3113 710 3287 780 μέγαν
3314 711 3468 776 Θεὸν,
3505 714 3657 767 κατά
3694 714 3825 767 τοῦ

2188 803 2498 873 πνεύματος
2550 803 2714 856 αὐτοῦ
2776 820 2976 873 φαμεν,
3042 800 3372 873 ἀνεχομένου
3426 803 3520 856 τοῦ
3572 806 3827 859 ἀνωτέ-

2193 914 2269 968 ρω
2292 896 2401 966 (‘28)
2425 895 2579 959 Θεοῦ,
2604 895 2877 966 δεδεῆσθαι
2906 894 3293 965 καθαιρέσεως.
3318 896 3521 966 Διόπερ
3557 898 3825 970 μακρὰν

2189 988 2525 1059 χαιρέτωσαν
2557 991 2605 1041 οἱ
2636 990 2808 1041 ταῦτα
2839 986 3107 1055 λέγοντες,
3158 989 3253 1040 καὶ
3289 990 3316 1041 ὀ
3350 988 3423 1059 μὴ
3452 1007 3813 1061 πραγματι-

2192 1077 2302 1140 κῶς
2348 1077 2527 1130 αὐτῶν
2557 1078 2875 1148 κατηγορῶν
2905 1078 3132 1142 Κέλσος·
3182 1079 3351 1150 ἐχρῆν
3377 1080 3487 1151 γὰρ
3528 1081 3709 1134 αὑτὸν
3768 1081 3808 1151 ἢ

2195 1169 2270 1240 μὴ
2307 1170 2677 1241 μνημονεῦσαι
2722 1170 2831 1222 τῶν
2883 1170 3160 1234 τοιούτων,
3195 1171 3251 1241 ἢ,
3285 1170 3428 1225 κατά
3473 1171 3534 1224 τὸ
3583 1172 3810 1227 δοκοῦν

2191 1259 2341 1330 αὐτῷ
2388 1260 2785 1333 φιλάνθρωπον,
2839 1261 3095 1314 ἐκθέσθαι
3150 1262 3288 1313 αὐτὰ
3333 1262 3631 1331 ἐπιμελῶς,
3687 1263 3808 1315 καὶ

2192 1352 2565 1419 ἀγωνίσασθαι
2607 1354 2742 1423 πρὸς
2788 1354 2857 1406 τά
2885 1352 3099 1416 ἀσεϐῶς
3137 1353 3229 1405 ὑπ’
3266 1353 3444 1406 αὐτῶν
3476 1352 3797 1423 λεγόμενα.

2193 1444 2334 1507 Οὐδ’,
2369 1446 2449 1497 ὅτι
2501 1443 2749 1508 δεδωκὼς
2791 1446 2820 1496 ὁ
2876 1447 3047 1515 μέγας
3083 1445 3214 1506 θεὸς
3261 1445 3338 1516 τῷ
3366 1443 3693 1516 δημιουργῷ
3732 1446 3803 1497 τὸ

2194 1538 2409 1608 πνεῦμα
2462 1538 2682 1592 ἀπαιτεῖ
2750 1536 2918 1598 αὐτὸ,
2981 1537 3297 1607 ἀκηκόαμεν
3364 1535 3612 1589 πώποτε.
3663 1532 3799 1588 Εἶθ’

2196 1629 2323 1699 ἐξῆς
2370 1629 2591 1682 ἀσεϐέσι
2648 1627 2826 1695 λόγοις
2878 1627 3074 1699 μωρῶς
3126 1628 3236 1697 ('29)
3302 1628 3550 1695 ἐγκαλῶν
3610 1644 3792 1697 φησι·

2203 1739 2221 1771 ι
2263 1720 2360 1783 Τίς
2392 1720 2523 1781 Θεὸς
2554 1718 2736 1772 δίδωσί
2768 1737 2841 1782 τι,
2875 1719 2949 1779 ὡς
2979 1719 3325 1789 ἀπαιτήσων;
3360 1719 3629 1787 Δεομένου
3672 1718 3795 1789 γὰρ

2194 1813 2254 1865 τὸ
2288 1814 2555 1877 ἀπαιτεῖν,
2589 1810 2759 1863 δεῖται
2801 1810 2857 1862 δὲ
2886 1809 3097 1872 οὐδενὸς
3118 1811 3146 1862 ὁ
3180 1809 3330 1873 Θεός.
3376 1828 3394 1861 ο
3431 1810 3540 1861 Καὶ
3567 1808 3798 1872 τούτοις

2196 1905 2569 1976 προστίθησιν,
2603 1903 2678 1964 ὡς
2712 1900 2872 1970 σοφὸν
2893 1900 2955 1970 δή
2982 1917 3034 1952 τι
3063 1901 3206 1953 κατά
3229 1918 3390 1953 τινων
3421 1900 3617 1968 λέγων·
3646 1918 3664 1949 r
3689 1900 3797 1953 Διὰ

2194 1998 2267 2061 τί,
2299 1996 2535 2067 ὁπηνίκα
2564 1994 2778 2065 ἐκίχρα,
2801 1992 2959 2062 κακῷ
2996 1991 3199 2062 κιχρῶν
3228 1992 3441 2062 invest;
3486 2011 3504 2043 ι
3540 1991 3712 2059 Λέγει
3736 1992 3796 2045 δὲ

2195 2087 2393 2149 καὶτὸ,
2424 2105 2441 2136 ι
2485 2084 2549 2137 Τί
2581 2085 2811 2155 περιορᾷ
2839 2082 3073 2154 πονηρὸν
3099 2081 3427 2153 δημιουργὸν
3485 2082 3797 2152 ἀντιπράτ-

2194 2197 2354 2233 τοντα
2382 2177 2559 2248 ἐαυτῷ
2576 2195 2589 2243 ;
2636 2196 2654 2228 ι

2268 2268 2403 2333 Εἶτ’,
2465 2267 2640 2340 οἶμαι,
2700 2268 2886 2341 φύρων
2940 2266 3179 2338 αἱρέσεις
3240 2266 3506 2337 αἱρέσεσι,
3563 2265 3661 2318 καὶ
3713 2264 3793 2336 μὴ

2198 2363 2709 2434 ἐπισημειούμενος,
2738 2363 2818 2414 ὅτι
2856 2360 2983 2413 τάδε
3020 2360 3118 2429 μὲν
3143 2358 3307 2429 ἄλλης
3337 2356 3604 2428 αἱρέσεώς
3644 2358 3786 2419 ἐστι,

2195 2454 2320 2509 τάδε
2360 2454 2417 2507 δὲ
2458 2454 2643 2525 ἄλλης,
2676 2452 2745 2506 τά
2780 2451 2917 2523 πρὸς
2975 2449 3276 2523 Μαρκίωνα
3331 2448 3440 2519 (50)
3496 2449 3583 2514 ὑφ’
3625 2446 3787 2517 ἡμῶν

2197 2546 2548 2618 ἀπορούμενα
2580 2543 2866 2616 προφέρει.
2891 2543 3043 2613 Τάχα
3074 2540 3131 2593 δὲ
3164 2539 3481 2593 καὶτούτων
3512 2537 3786 2607 παρακού-

2200 2656 2299 2700 σας
2331 2638 2440 2692 ἀπό
2471 2653 2633 2691 τινων
2683 2634 2916 2699 εὐτελῶς
2962 2633 3055 2687 καὶ
3106 2630 3387 2694 ἰδιωτικῶς
3422 2631 3641 2698 ἐγκαλεῖ
3672 2628 3783 2680 τῶν

2199 2729 2571 2799 ἐγκαλούντων
2600 2728 2793 2797 λόγων,
2826 2727 2889 2780 οὐ
2923 2726 3031 2796 μὴν
3076 2724 3216 2778 πάνυ
3254 2723 3505 2785 συνετῶς.
3543 2721 3784 2774 Ἐκτιθέ-

2200 2838 2359 2892 μενος
2392 2821 2491 2890 μὲν
2522 2815 2614 2873 οὖν
2643 2818 2713 2872 τὰ
2740 2818 2883 2871 κατὰ
2912 2816 3237 2887 Μαρκίωνος
3267 2815 3548 2883 λεγόμενα,
3580 2813 3672 2864 καὶ
3701 2812 3781 2882 μὴ

2198 2912 2759 2982 ἐπισημειωσὰμενος,
2792 2911 2873 2962 ὃτι
2911 2908 3045 2981 πρὸς
3075 2908 3236 2960 αὑτὸν
3264 2907 3421 2973 λέγει,
3457 2906 3602 2974 φησί·
3646 2923 3667 2954 ι
3710 2904 3785 2955 Τί

520 3000 713 3069 inquit,
752 2997 918 3051 mittit
939 3006 991 3051 et
1016 2996 1243 3049 destruit
1271 2998 1431 3065 hujus
1463 2998 1667 3065 Opera?
1696 2996 1807 3050 Cur
1846 2997 1989 3051 clam
2022 2998 2093 3052 ir-

2197 3006 2253 3059 δὲ
2278 3005 2451 3076 λάθρα
2498 3006 2727 3074 πέμπει,
2752 3005 2845 3057 καὶ
2874 3001 3179 3071 διαφθείρει
3211 3000 3278 3052 τά
3304 2999 3489 3052 τούτου
3518 3000 3753 3071 δημιουρ

522 3090 746 3159 rumpit,
778 3090 1061 3147 subornat,
1096 3087 1270 3139 fallit?
1312 3086 1508 3141 Curiis
1533 3103 1667 3155 quos
1716 3088 1802 3141 hic
1838 3104 1902 3142 ex
1941 3089 2094 3143 vobis

522 3182 794 3236 damnavit
830 3188 885 3232 ct
917 3187 1243 3232 exsecratus
1280 3187 1381 3243 est,
1410 3179 1718 3231 blanditur?
1748 3178 1855 3232 Cur
1894 3181 2096 3250 plagia—

523 3273 589 3327 rii
621 3285 769 3325 more
797 3267 1060 3337 surripit?
1087 3265 1195 3319 Cur
1228 3268 1349 3323 illos
1381 3268 1536 3322 docet
1574 3284 1604 3321 a
1637 3268 1863 3322 Domino
1919 3271 2097 3327 disce-

520 3363 683 3418 dere?
708 3361 926 3415 Patrem
967 3360 1184 3430 fugere?
1216 3359 1325 3413 Cur
1380 3359 1494 3427 ipse
1548 3375 1642 3413 eos
1702 3361 1926 3430 adoptat
1976 3366 2094 3417 sine

518 3470 784 3512 consensu
811 3454 1028 3508 Patris?
1058 3452 1194 3519 Quid
1225 3465 1282 3503 se
1304 3452 1435 3504 dicit
1462 3462 1669 3519 patrem
1714 3453 1952 3518 illorum,
2000 3455 2095 3524 qui

520 3558 648 3603 sunt
673 3544 937 3600 alterius?
971 3564 990 3596 ι
1024 3544 1099 3597 Ac
1133 3558 1254 3597 mox
1287 3542 1607 3596 admirantis
1636 3546 1831 3597 modo:
1868 3562 1885 3595 ι
1923 3546 2094 3613 Egre-

520 3644 667 3714 gium
702 3655 837 3696 sane
868 3640 1036 3693 Deum
1066 3638 1156 3707 qui
1182 3648 1530 3706 peccatorum
1550 3694 1551 3697 η
1572 3635 1640 3687 ab
1668 3635 1774 3689 alio
1812 3636 2095 3689 damnato-

522 3749 665 3799 rum,
710 3733 1059 3793 misererum,
1104 3736 1441 3792 stereorum,
1493 3734 1553 3779 ut
1602 3726 1704 3793 ipsi
1772 3725 2093 3793 loquuntur,

518 3835 674 3895 pater
705 3837 829 3877 esse
861 3820 1166 3875 desiderat!
1202 3820 1292 3889 qui
1320 3832 1482 3886 quem
1528 3816 1710 3881 misit,
1743 3816 2093 3871 rebellantem

519 3930 716 3985 capere
744 3925 906 3983 atque
930 3913 1122 3983 punire
1151 3928 1255 3965 non
1282 3918 1458 3978 potest
1481 3909 1493 3960 l
1523 3927 1540 3957 ι
1565 3907 1755 3962 Postea
1781 3909 1935 3977 quasi
1963 3924 2093 3962 con-

522 4017 605 4062 tra
634 4022 732 4061 nos
760 4014 970 4075 ageret,
996 4004 1088 4072 qui
1127 4002 1387 4056 mundum
1425 4001 1569 4054 hunc
1596 3999 1758 4052 alieni
1803 4000 2091 4069 cujusdam

520 4111 575 4155 et
596 4098 869 4170 peregrini
896 4096 989 4149 Dei
1014 4110 1118 4149 nou
1138 4108 1259 4148 esse
1275 4093 1602 4147 conﬁtemur
1634 4111 1647 4147 :
1681 4111 1698 4142 ι
1732 4092 1875 4158 ilice,
1895 4093 2092 4161 inquit,

520 4191 567 4247 si
605 4199 733 4244 sunt
764 4186 884 4256 ejus
910 4201 1096 4255 opera,
1129 4184 1399 4254 quomodo
1438 4185 1578 4239 Deus
1625 4183 1764 4237 mala
1819 4182 2092 4237 faciebat?

2196 3099 2455 3169 γήματα;
2489 3097 2552 3148 Τί
2599 3097 2655 3148 δὲ
2698 3094 3033 3159 εἰσϐιάζεται
3066 3093 3271 3164 κρύφα,
3308 3093 3397 3145 καὶ
3428 3094 3775 3162 πῃαπείθει,

2198 3187 2293 3239 καὶ
2320 3187 2531 3250 πλανᾶ;
2568 3185 2632 3237 Τί
2684 3185 2740 3236 δὲ
2786 3185 2911 3247 τοὺς
2943 3184 3046 3236 ὑπὸ
3076 3183 3264 3236 τούτου
3302 3183 3775 3253 κατεγνωσμένους

2198 3278 2231 3348 ἢ
2266 3277 2699 3349 κατηραμένοεδς,
2736 3275 2810 3338 ῶς
2846 3292 3002 3343 φατε,
3028 3274 3365 3343 ψυχαγωγεῖ,
3398 3274 3491 3325 xu‘t
3518 3273 3666 3342 δίκην
3688 3274 3773 3325 ἁν-

2195 3369 2545 3441 δραποδιστοῦ
2568 3386 2711 3430 τινος
2732 3367 3027 3435 ὑπεξάγει,
3062 3367 3125 3418 Τί
3148 3367 3203 3418 δὲ
3239 3367 3650 3438 ἀποδιδράσκειν
3668 3366 3771 3418 ἀπὸ

2194 3462 2289 3515 τοῦ
2322 3462 2527 3532 Κυρίου
2561 3461 2834 3523 διδάσκει;
2871 3460 2935 3511 Τί
2966 3461 3021 3512 δέ
3060 3459 3279 3529 φεύγειν
3316 3459 3406 3510 τὸν
3442 3458 3684 3529 Πατέρα;
3708 3458 3769 3510 Τί

2194 3554 2240 3606 δ’
2288 3554 2448 3616 αὐτὸς
2497 3555 2819 3605 εἰσποιεῖται
2855 3550 2930 3622 μὴ
2968 3550 3374 3623 συγχωροῦντος
3405 3549 3499 3601 τοῦ
3533 3548 3766 3618 Πατρόςς

2197 3644 2260 3698 Τί
2293 3645 2335 3696 δ’
2389 3642 2781 3712 ἐπαγγέλλεται
2825 3642 2931 3693 τῶν
2966 3641 3261 3710 ἀλλοτρίων
3300 3634 3440 3693 εἶναι
3489 3640 3706 3711 Hucine;
3747 3657 3764 3689 ι

2194 3737 2305 3789 Καὶ
2331 3734 2581 3807 ἐπιφέρει
2618 3750 2680 3801 γε
2714 3729 2895 3797 αὐτοῖς
2944 3733 3107 3785 οἱονεὶ
3133 3731 3515 3801 θαυμαστικῶς
3540 3731 3617 3792 τὸ,
3649 3749 3664 3779 ι
3686 3730 3766 3781 Σε-

2198 3826 2327 3897 μνός
2343 3843 2403 3894 γε
2427 3828 2455 3878 ὁ
2484 3825 2615 3888 Θεὸς
2639 3825 2744 3878 τῶν
2778 3825 2906 3896 παρ’
2941 3825 3082 3895 ἄλλῳ
3112 3823 3419 3877 καταδίκων
3445 3819 3764 3894 ὰμαρτωλῶι

2194 3919 2286 3972 καὶ
2302 3920 2553 3990 ἀκλήρων
2570 3918 2683 3979 καὶ,
2699 3918 2771 3981 ὡς
2788 3916 2938 3969 αὐτοὶ
2958 3918 3194 3984 λέγουσι,
3211 3914 3487 3969 σκυϐἀλων
3502 3912 3765 3983 ἐπιθυμῶν

2193 4003 2334 4060 εἶναι
2372 4007 2583 4075 πατήρι
2620 4008 2715 4058 καὶ
2766 4006 2825 4058 ὃν
2877 4023 2940 4073 γε
2987 4005 3320 4075 ἐξέπεμψεν,
3367 4003 3529 4059 αὑτοῦ
3575 4002 3762 4067 ὑπεξά-

2192 4115 2358 4166 γοντα
2388 4098 2520 4168 (51),
2554 4096 2741 4150 τοῦτον
2774 4097 2967 4149 ἁλόντα
2991 4097 3271 4166 ἐκδικῆσαι
3306 4096 3382 4167 μὴ
3403 4095 3709 4166 δυνάξἚνοςῐ
3738 4112 3755 4141 ι

2202 4189 2362 4259 Ἑξῆς
2396 4190 2453 4243 δὲ
2480 4189 2689 4252 τούτοις
2711 4188 2951 4259 ὡσπερεὶ
2969 4188 3105 4259 πρὸς
3136 4188 3280 4258 ἡμᾶς
3310 4189 3434 4250 τοὺς
3460 4184 3760 4256 ὁμολογοῦν-

522 4281 810 4352 Quomodo
850 4280 1182 4351 persuadere
1220 4287 1274 4331 et
1329 4278 1533 4332 bortari
1580 4292 1687 4332 non
1727 4277 1944 4346 potest?
1985 4276 2093 4331 Cur

2197 4297 2289 4344 τας
2329 4281 2429 4335 οὑκ
2474 4281 2753 4351 ἀλλοτρίου
2781 4280 2925 4345 τινὸς
2967 4276 3105 4335 εἶναι
3146 4280 3241 4331 καὶ
3274 4278 3426 4344 ξένου
3459 4276 3591 4331 Θεοῦ
3622 4275 3756 4329 τόνδε

519 4391 643 4433 eum
671 4373 925 4445 pmnituit
947 4372 1186 4440 ingratos
1225 4384 1446 4425 creasse
1470 4380 1526 4424 et
1556 4369 1989 4437 imprubos?Cur
2021 4370 2089 4425 de

2197 4373 2285 4428 τὸν
2310 4374 2539 4445 κόσμον,
2564 4372 2788 4426 τοιαῦτά
2822 4388 3002 4441 φησιν·
3034 4390 3053 4423 ι
3078 4372 3139 4423 Εἰ
3172 4370 3228 4422 δὲ
3261 4368 3423 4422 αὑτοῦ
3454 4368 3600 4421 ταῦτ’
3627 4367 3757 4422 ἐστὶν

523 4484 617 4522 sua
646 4468 812 4538 ipsius
833 4474 951 4521 arte
982 4465 1285 4533 quiritatur
1317 4476 1545 4530 eamque
1586 4454 1720 4517 odio'
1741 4462 1938 4517 habet?
1984 4460 2097 4517 Cur

523 4562 699 4617 minas
724 4559 958 4613 intendit
1007 4555 1369 4625 propriosque
1409 4553 1549 4608 ﬁlios
1595 4554 1947 4624 pessumdat?
1988 4554 2096 4607 Aut

521 4669 631 4723 quo
660 4651 876 4705 tandem
909 4648 1119 4717 ablegat
1144 4660 1212 4700 ex
1252 4645 1356 4700 hoc
1396 4645 1619 4711 mundo,
1647 4659 1809 4714 quem
1847 4645 1962 4714 ipse
2012 4644 2093 4700 [οε

523 4745 637 4799 cit?
674 4761 693 4794 ι
728 4741 913 4808 Neque
944 4742 1031 4795 hic
1067 4741 1199 4795 mibi
1250 4739 1466 4793 videtur
1521 4739 1804 4792 declarare
1841 4752 2091 4805 quaenam

523 4837 635 4890 sint
667 4832 831 4898 mala,
859 4846 1166 4901 quanquam
1199 4831 1339 4898 apud
1385 4829 1605 4885 Graacos
1653 4827 1820 4882 varia:
1871 4826 2094 4882 fuerunt

522 4927 589 4983 de
612 4924 771 4981 bouis
788 4935 843 4979 et
865 4924 1020 4978 malis
1049 4922 1355 4992 opiniones.
1407 4920 1646 4975 Tantum
1678 4919 1875 4989 arripit
1934 4920 2092 4989 quasi

594 5082 640 5116 "
671 5080 810 5138 Gen.
838 5095 881 5147 ι,
905 5079 966 5134 2.

594 5237 708 5311 (28)
737 5232 1076 5311 Hmsghelius
1102 5232 1158 5311 in
1187 5240 1361 5311 textu,
1391 5230 1684 5311 uvmépou.

595 5299 709 5377 (29')
729 5307 966 5375 Μωρῶς.
997 5304 1270 5361 Omissutu
1300 5304 1353 5357 in
1397 5299 1762 5357 antea'editis
1798 5302 2094 5357 restituunt

522 5394 712 5434 omnes
742 5380 898 5431 codd.
937 5389 1067 5429 mss.

595 5446 887 5519 (50)“11pdc
910 5444 1247 5519 Μαρκίωνα.
1266 5441 1399 5519 Yide
1431 5442 1809 5519 adnotationcs
1845 5441 1911 5495 ad
1940 5441 2093 5519 l_i_b.v,

527 5511 792 5572 numam.
826 5511 1148 5584 Paulo'post
1194 5514 1389 5584 Guieto
1423 5512 1639 5584 videtur
1678 5511 1820 5584 forte
1853 5513 2098 5584 scriben—

528 5589 652 5639 dum
687 5604 700 5640 :
743 5584 877 5637 Ἀπὸ
921 5580 1081 5637 τινων
1132 5583 1362 5636 εὐτελῶν
1416 5585 1507 5635 καὶ
1550 5582 1831 5636 ἰδιωτικῶν
1876 5580 2099 5648 ἐγκαλεῖ

528 5655 635 5707 τῶν
696 5654 1066 5723 ἐγκαλούντων
1111 5654 1271 5723 λόγῳ,
1327 5654 1386 5706 οὐ
1448 5655 1552 5722 μὴν
1604 5654 1741 5707 πάνυ
1779 5651 1980 5721 συνετῷ
2014 5652 2094 5706 vel

2205 4463 2361 4536 ἔργα,
2396 4463 2513 4528 πῶς
2551 4463 2651 4535 μὲν
2705 4464 2850 4518 κακὰ
2880 4466 2909 4518 ὁ
2939 4463 3070 4525 Θεὸς
3102 4461 3307 4525 ἐποίει;
3337 4460 3459 4524 Πῶς
3491 4459 3546 4512 δὲ
3573 4458 3757 4511 πείθειν

2204 4556 2299 4609 καὶ
2327 4556 2594 4609 νουθετεῖν
2619 4556 2900 4623 ἀδυνατεῖ;
2929 4554 3052 4617 Πῶς
3072 4553 3127 4607 δὲ
3158 4552 3241 4605 ἐπ’
3268 4553 3448 4615 αὐτοῖς
3469 4549 3757 4621 ἀχαρίστοις

2202 4647 2297 4700 καὶ
2347 4649 2600 4718 πονηροῖς
2631 4647 2939 4718 γενομένοις
2973 4643 3266 4715 μεταμέλει
3288 4659 3301 4707 ;
3325 4644 3419 4695 καὶ
3450 4641 3547 4713 τὴν
3584 4638 3757 4695 ἑαυτοῦ

2199 4739 2395 4809 τέχνην
2424 4737 2716 4809 μέμφεται,
2750 4739 2847 4791 xui.
2877 4738 3044 4807 μισεῖ,
3078 4735 3173 4789 καὶ
3192 4733 3423 4799 ἀπειλεῖ,
3446 4734 3540 4786 καὶ
3569 4732 3755 4802 φθείρει

2201 4829 2270 4884 τά
2315 4829 2422 4883 ἴδια
2469 4829 2704 4897 ἕκγονα;
2739 4830 2811 4882 Ἦ
2844 4830 2936 4881 ποῖ
2967 4843 3096 4881 ποτε
3137 4826 3396 4894 ὑπεξάγει
3426 4822 3520 4877 τοῦ
3570 4823 3753 4890 κόσμου

2202 4920 2375 4987 τοῦδε,
2405 4920 2465 4973 ὃν
2492 4920 2744 4991 ἐποίησεν
2765 4919 2927 4984 αὐτός
2946 4937 2961 4985 ;
2982 4919 3138 4973 Δοκεῖ
3159 4917 3216 4971 δέ
3248 4934 3339 4989 μοι
3368 4914 3464 4970 καὶ
3489 4915 3547 4969 ἐν
3571 4914 3753 4973 τούτοις

2198 5230 2421 5299 ἐγκαλεῖ
2441 5229 2567 5291 τοὺς
2593 5226 2955 5296 ἐγκαλοῦντας
2974 5225 3137 5297 λόγῳ,
3168 5224 3359 5299 οὐ-μὴν
3376 5221 3534 5299 πάνυΔ
3544 5218 3739 5299 συνετῷ.

2202 5292 2313 5369 Ego
2341 5303 2417 5378 sic
2458 5292 2644 5378 lego_§
2689 5298 2820 5378 ’λξπνξ
2860 5292 3289 5378 amoma-:13:thle
3314 5292 3435 5378 ’καὶ
3493 5292 3741 5377 ἰδιωτικῶν

2203 5364 2426 5437 ἐγκαλεῖ
2458 5364 2563 5420 τῶν
2593 5367 2968 5435 ἐγκαλούντων
2996 5367 3188 5435 λόγων,
3216 5367 3275 5418 οὐ
3310 5364 3417 5433 μὴν
3452 5364 3586 5415 πάνυ
3612 5376 3742 5412 συνε-

2202 5458 2387 5580 mal)
2432 5509 2840 5579 Ὑπεξιὶγοντα.
2873 5507 3099 5580 Guietus
3130 5506 3390 5580 dubitat,_
3422 5497 3740 5580 nuntianti-

2206 5573 2441 5701 beudtiqt
2468 5573 2792 5650 ύπέξαρχον,
2821 5580 2903 5635 vel
2934 5577 3325 5646 ὑπεξάρχοντα.
3353 5575 3465 5643 Ego
3495 5573 3614 5628 nihil
3641 5582 3739 5623 ωυ-

2207 5661 2305 5701 tan
2342 5665 2404 5701 vc
2433 5667 2522 5701 nn.
2783 5676 2788 5683 ~

2207 5661 2305 5705 lart
2342 5661 2522 5704 velint.
2783 5676 2788 5683 η
