3990 6158
242 344 380 402 1581

1407 337 1687 398 CONTRA
1722 339 2000 399 CELSUM
2055 343 2188 402 LIB.
2223 342 2317 400 VI.

3369 341 3510 397 £383

242 460 325 532 μὴ
377 458 689 531 σαφηνίζων
718 457 839 511 τίνα
887 459 1003 511 ἐστὶ
1031 459 1100 513 τὰ
1144 458 1309 512 κακά’
1347 458 1592 529 καίτοιγε
1631 461 1726 515 καὶ
1777 462 1814 514 ὲε

1943 463 2248 528 sententiae,
2283 474 2390 532 qua
2418 458 2674 514 mundum
2701 459 2845 514 hunc
2877 458 3042 531 674
3089 458 3183 516 Dei
3223 473 3356 528 opus
3389 471 3519 514 esse

242 549 472 621 Ἕλλησι
511 549 720 603 πολλῶν
775 549 1039 622 αίρέσεων
1087 548 1394 620 γενομένων
1438 551 1566 622 περὶ
1609 550 1826 620 ἀγαθῶν

238 643 338 696 καὶ
397 641 604 705 κακῶν,
653 642 1012 713 συναρπάζων
1062 641 1137 704 ὡς
1183 639 1473 713 ἀκόλουθον
1519 643 1670 712 ἡμῖν,
1714 645 1828 706 τοῖς

239 735 544 802 φάσκουσιν
593 733 730 806 ἔργα
760 732 854 786 τοῦ
891 733 982 787 ἐπὶ
1033 736 1164 786 πᾶσι
1197 711 1333 786 Θεοῦ
1367 729 1504 786 εἶναι
1533 735 1628 786 καὶ
1676 734 1827 787 τόνδε

238 824 334 878 τὸν
368 825 593 895 κόσμον,
643 825 703 878 τὸ
732 823 856 878 καθ’
888 825 1035 896 ἡμᾶς
1067 823 1254 878 κακῶν
1295 820 1434 879 εἶναι
1476 824 1708 896 ποιητὴν
1738 825 1829 879 τὸν

237 913 397 968 Θεόν.
443 915 643 985 Ἐχέτω
678 917 776 986 μὲν
807 909 900 970 οὖν
930 916 1078 978 ὅπως
1126 913 1258 968 ποτὲ
1309 913 1420 984 ἔχει
1461 914 1530 968 τά
1563 916 1689 986 περὶ
1720 914 1828 971 τῶν

239 1004 454 1072 κακῶν,
490 1006 717 1076 πότερον
761 1005 790 1057 6
815 1006 947 1070 Θεὸς
979 1005 1120 1059 αύτά
1170 1005 1468 1076 πεποίηκεν
1501 1005 1533 1078 ἢ
1579 1004 1674 1076 μὴ,
1714 1005 1829 1059 ἀλλ’

238 1097 308 1150 ἐκ
351 1097 888 1169 παρακολουθήσεως
949 1097 1060 1169 (52)
1097 1097 1389 1168 γεγένηται
1442 1099 1540 1168 τῆς
1584 1097 1722 1169 πρὸς
1760 1096 1831 1150 τὰ

238 1187 646 1261 προηγούμεναο
695 1189 962 1260 θαυμάζω
1007 1190 1065 1243 δὲ
1116 1190 1166 1243 εί
1218 1188 1293 1260 μὴ
1344 1189 1482 1260 ὅπερ
1531 1189 1683 1260 ἡμῖν,
1717 1190 1830 1254 τοῖς

240 1279 544 1347 φάσκουσιν
583 1280 719 1354 ἔργα
752 1279 891 1335 εἶναι
936 1281 1033 1334 τοῦ
1067 1281 1161 1334 ἐπὶ
1209 1285 1344 1335 πᾶσι
1376 1279 1511 1334 Θεοῦ
1545 1280 1638 1334 καὶ
1679 1281 1829 1335 τόνδε

237 1370 332 1424 τὸν
387 1371 609 1441 κόσμον,
640 1373 811 1426 οῐεται
840 1372 1154 1426 ἀκολουθεῖν
1183 1372 1312 1443 περὶ
1349 1371 1443 1424 τοῦ
1488 1371 1578 1425 τὸν
1597 1370 1730 1424 Θεὸν
1761 1371 1831 1424 τὰ

238 1461 392 1516 κακά
441 1462 822 1532 πεποιηκέναι,
875 1462 1159 1516 ἀκολουθεῖ
1187 1444 1310 1515 ὅσον
1340 1462 1426 1532 ἐφ’
1451 1454 1532 1525 οἷς
1556 1460 1707 1530 λέγει
1736 1459 1830 1513 καὶ

235 1552 420 1616 αὐτός.
451 1553 609 1606 Εἴποι
633 1552 742 1625 γὰρ
770 1554 835 1608 ἄν
865 1571 949 1618 τις
969 1553 1104 1625 πρὸς
1131 1554 1221 1608 τὸν
1242 1553 1469 1607 Κέλσονο
1509 1571 1528 1605 ι
1569 1553 1632 1606 El
1663 1551 1829 1604 αὐτοῦ

235 1641 393 1697 ταῦτ’
418 1643 566 1697 ἐστὶν
595 1643 752 1716 ἔργα,
781 1645 895 1709 πῶς
926 1645 1022 1716 μὲν
1055 1645 1202 1698 κακά
1232 1647 1262 1698 6
1291 1645 1426 1708 Θεὸς
1466 1643 1674 1709 ὲποίει;
1713 1641 1832 1705 πῶς

232 1735 294 1790 δὲ
327 1736 534 1792 πείθειν
563 1737 659 1790 καὶ
689 1737 959 1792 νουθετεῖν
996 1737 1282 1801 ἀδυνατεῖ;
1317 1755 1335 1788 ι
1374 1737 1558 1790 Κακία
1587 1735 1645 1788 δὲ
1670 1736 1703 1804 ὴ
1733 1749 1832 1805 με-

1928 555 2241 620 statuimus,
2312 560 2771 617 consentaneum,
2832 551 3003 605 Deum
3065 564 3186 606 esse
3243 551 3514 607 malorum

1929 647 2090 702 etiam
2142 654 2444 700 auctorem.
2503 640 2700 697 Verum
2763 640 3256 712 quomodocunque
3305 656 3365 697 se
3420 644 3515 698 han

1945 737 2111 790 beant
2135 735 2296 798 mala,
2331 747 2522 790 eorum
2552 741 2744 790 auctor
2780 735 2852 788 sit
2895 733 3059 800 Deus,
3086 734 3171 787 vel
3223 749 3355 798 non,
3414 733 3516 788 sed

1929 839 1997 878 ex
2031 824 2324 892 majoribus
2352 824 2754 894 praacipuisque
2804 824 2970 877 rebus
3016 832 3313 877 consecuta
3361 823 3510 890 sint,

1933 911 2163 966 multum
2193 911 2370 978 fallor,
2399 913 2445 966 si
2471 914 2612 980 quod
2628 928 2692 968 ex
2720 913 2788 967 iis
2815 926 2936 981 quae
2959 911 3211 976 dicimus,
3253 913 3512 966 mundum

1930 1005 2094 1060 istum
2129 1018 2158 1057 a
2208 1004 2315 1058 Deo
2359 1003 2561 1057 factum
2598 1017 2740 1070 esse,
2780 1017 3122 1072 consequens
3155 1017 3277 1057 esse
3332 1011 3513 1072 putat,

1930 1095 2097 1148 Deum
2131 1106 2250 1146 esse
2278 1091 2540 1145 malorum
2575 1090 2741 1146 etiam
2773 1097 3091 1155 auctorem;
3123 1089 3265 1142 idem
3293 1101 3514 1156 quoque

1930 1199 2036 1240 non
2073 1193 2334 1254 sequatur
2367 1198 2436 1240 ex
2463 1183 2530 1236 iis
2553 1197 2676 1251 quae
2709 1181 2860 1237 dicit.
2891 1182 3104 1249 Quaeret
3137 1180 3281 1234 enim
3313 1179 3514 1248 aliquis

1931 1290 1960 1330 a
1984 1275 2140 1330 Celso
2179 1293 2192 1329 :
2227 1293 2247 1327 ι
2275 1261 2338 1331 ἐἰ
2369 1274 2485 1329 lucc
2516 1274 2634 1346 ejus
2674 1288 2840 1344 opera
2874 1281 3026 1337 sunt,
3066 1271 3336 1340 quomodo
3370 1269 3514 1324 mala

1931 1366 2202 1422 faciebat?
2233 1365 2512 1434 Quomodo
2544 1365 2872 1434 persuadere
2912 1373 2969 1419 et
3007 1357 3214 1417 hortari
3262 1376 3368 1416 non
3415 1375 3514 1430 po-

1928 1457 2077 1514 test?
2106 1476 2126 1511 »
2155 1457 2250 1513 Est
2277 1465 2462 1512 autem
2502 1457 2691 1511 vitium
2743 1453 3128 1525 disputationis
3188 1453 3510 1518 maximum,

1930 1563 2056 1604 cum
2110 1549 2204 1618 qui
2272 1547 2713 1603 adversariorum
2779 1543 3034 1613 dogmata
3098 1543 3346 1612 quaedam
3427 1557 3513 1596 re-

1931 1639 2220 1709 prehendit
2257 1648 2312 1692 ut
2356 1653 2462 1692 non
2503 1651 2656 1700 sana,
2696 1637 2812 1705 ipse
2859 1637 3112 1704 dogmata
3166 1643 3332 1699 tenet,
3391 1649 3512 1704 quae

1932 1729 2100 1782 multo
2130 1727 2301 1796 magis
2331 1729 2566 1782 obnoxia
2589 1725 2994 1793 reprehensioni
3018 1730 3168 1779 sunt.

234 1828 405 1900 γίστη
437 1831 496 1883 ἐν
526 1829 705 1899 λόγοις
748 1831 916 1895 ἐστὶν,
958 1831 1046 1885 ὅτε
1075 1831 1297 1901 ἐγκαλεῖ
1312 1849 1392 1894 τις
1424 1833 1536 1894 τοῖς
1579 1827 1904 1901 ὲτεροδόξοις
1937 1823 2066 1896 περί
2090 1839 2249 1878 τινων
2279 1821 2564 1892 δογμάτων
2589 1820 2665 1885 ὡς
2692 1821 2790 1891 οὐχ
2815 1818 3004 1890 ὑγιῶν,
3034 1817 3212 1890 πολλῷ
3251 1818 3512 1892 πρότερον

231 1924 402 1990 αὐτὸς
432 1925 572 1996 ἔχων
603 1924 672 1980 τὰ
704 1926 1025 1997 ἐγκλήματα
1065 1926 1124 1980 ὲν
1171 1927 1282 1990 τοῖς
1314 1925 1465 1990 ἰδίοις
1513 1925 1798 1996 δόγμασιν.

312 2015 546 2088 ’Ἰδωμεν
584 2011 679 2069 οὖν
725 2017 888 2087 ἡμεῖς
927 2015 1015 2070 διὰ
1073 2016 1320 2087 βραχέων
1370 2016 1438 2071 τά
1499 2015 1627 2088 περῖ¹
1692 2015 1814 2084 ἀγα-

2006 2011 2099 2069 54,
2120 2009 2411 2064 Videamus
2442 2007 2609 2078 igitur
2638 2021 2736 2062 nos
2784 2005 3027 2061 breviter
3052 2004 3180 2074 quid
3212 2005 3512 2075 Scriptura:

234 2105 348 2160 θῶν
376 2107 471 2178 καὶ
488 2108 694 2173 κακῶν,
728 2108 834 2162 τῶν
857 2106 999 2162 κατά
1016 2107 1118 2171 τάς
1140 2107 1293 2172 θείας
1323 2108 1568 2178 Γραφάς·
1599 2107 1692 2161 καὶ
1711 2105 1814 2160 τίνι

1937 2103 2132 2158 divinae
2164 2103 2230 2157 de
2265 2099 2424 2156 bonis
2472 2109 2528 2154 et
2565 2099 2726 2155 malis
2775 2101 3028 2164 doceant,
3069 2107 3124 2152 ct
3171 2100 3300 2169 quid
3353 2101 3511 2155 nobis

233 2197 371 2268 ἡμῖν
404 2197 619 2253 λεκτέον
648 2199 786 2272 πρὸς
799 2199 883 2263 τὸ,
916 2219 934 2252 ι
972 2199 1096 2265 Πῶς
1120 2201 1218 2270 μὲν
1246 2198 1393 2253 κακά
1420 2202 1449 2254 ὁ
1472 2199 1604 2263 Θεὸς
1627 2199 1831 2263 ἐποίει;

232 2287 356 2354 πῶς
385 2289 442 2343 δὲ
475 2291 683 2346 πείθειν
713 2291 809 2345 καὶ
829 2290 1098 2346 νουθετεῖν
1131 2290 1412 2358 ἀδυνατεῖ;
1444 2311 1464 2343 ι
1497 2291 1720 2364 Κυρίως
1742 2289 1828 2362 δὴ,

231 2377 380 2433 κατά
423 2379 521 2444 τάς
550 2379 701 2446 Θείας
731 2382 978 2454 Γραφάς,
1011 2381 1193 2451 ἀγαθά
1225 2383 1364 2437 εἰσιν
1399 2383 1455 2435 αἱ
1491 2382 1685 2454 ἀρεταὶ
1735 2381 1831 2434 καὶ

232 2471 290 2524 αἱ
351 2471 496 2525 κατὰ
542 2472 746 2538 ταύτας
801 2473 1048 2545 πράξεις’
1109 2473 1297 2546 ὥσπερ
1345 2474 1554 2544 κυρίως
1588 2471 1830 2526 κακὰτά

233 2563 459 2617 ἐναντία
503 2563 732 2628 τούτοις.
781 2565 1260 2637 Ἀρκεσθησόμεθα
1285 2566 1341 2618 δὲ
1372 2565 1465 2618 ἐπὶ
1491 2563 1584 2617 τοῦ
1620 2566 1825 2636 παρόν-

232 2669 328 2714 τος
366 2650 545 2717 λέξεσι
577 2653 696 2716 ταῖς
724 2653 832 2707 ἀπὸ
873 2653 968 2706 τοῦ
1001 2653 1325 2726 τριακοστοῦ
1358 2652 1538 2724 τρίτου
1586 2653 1822 2722 ψαλμοῦ,

232 2743 399 2800 τοῦτο
453 2746 818 2818 παριστάσαις
849 2746 1039 2812 οὕτως’
1081 2767 1100 2800 ι
1139 2749 1201 2802 Οἱ
1247 2748 1303 2801 δὲ
1343 2745 1696 2818 ἐκζητοῦιῖτες
1732 2747 1824 2800 τὸν

232 2835 444 2907 Κύριον
471 2835 572 2889 οὐκ
617 2835 1076 2907 ἐλαττωθήσονται
1110 2836 1312 2900 παντὸς
1367 2836 1592 2906 ἀγαθοῦ.
1632 2835 1819 2904 Δεῦτε,

229 2927 425 2991 τέκνα,
463 2925 733 2982 ἀκούσατέ
775 2945 898 2998 μου·
949 2928 1113 2997 φόϐον
1154 2927 1360 3000 Κυρίου
1401 2929 1596 2996 διδάξω
1651 2930 1814 3000 ὑμᾶς.

232 3018 331 3081 Τίς
380 3019 530 3072 ἐστιν
561 3017 848 3091 ἅνθρωπος
890 3021 919 3074 6
945 3019 1112 3074 θέλων
1138 3019 1302 3092 ζωὴν,
1336 3021 1566 3090 ἀγαπῶν
1604 3021 1819 3093 ἡμέρας

229 3105 364 3161 ἶδεῖν
407 3108 646 3176 ἀγαθάς;
695 3110 911 3164 Παῦσον
941 3110 1040 3181 τὴν
1064 3113 1315 3180 γλῶσσάν
1348 3130 1441 3165 σου
1487 3111 1592 3165 ἀπὸ
1621 3113 1814 3176 κακοῦ,

230 3199 329 3251 καὶ
371 3199 524 3270 χείλη
559 3217 652 3252 σου
685 3201 776 3254 τοῦ
814 3203 888 3273 μὴ
914 3203 1143 3273 λαλῆσαι
1175 3203 1344 3257 δόλον.
1390 3204 1674 3257 Ἔκκλινον
1705 3203 1815 3258 ἀπὸ

233 3287 430 3351 κακοῦ,
459 3289 552 3340 καὶ
605 3289 828 3360 ποίησον
855 3291 1076 3360 ἀγαθόν.
1121 3311 1139 3343 ι
1190 3293 1263 3345 Τὸ
1293 3296 1422 3364 γὰρ,
1471 3312 1491 3345 ι
1529 3293 1813 3346 Ἔκκλινον

1937 2191 2370 2260 respondendum
2402 2189 2473 2242 sit
2501 2189 2568 2242 ad
2602 2188 2746 2244 istud
2783 2205 2798 2244 :
2835 2207 2854 2240 ι
2877 2189 3160 2256 Quomodo
3186 2189 3330 2244 Deus
3363 2188 3505 2244 mala

1935 2282 2200 2338 faciebat?
2253 2267 2528 2352 quomodo
2555 2279 2890 2350 persuadere
2937 2288 2992 2334 ct
3039 2281 3243 2336 hortari
3275 2297 3383 2336 non
3412 2297 3512 2351 po-

1932 2375 2080 2430 test?
2115 2393 2135 2427 »
2174 2374 2253 2428 Ac
2306 2373 2528 2443 proprie
2591 2373 2808 2442 quidem
2860 2373 2915 2427 in
2957 2371 3257 2442 Scripturis
3308 2374 3511 2428 divinis

1930 2473 2071 2528 bona
2100 2479 2226 2526 sunt
2285 2469 2517 2523 virtutes
2561 2475 2617 2521 et
2664 2468 2906 2521 actiones
2941 2481 3005 2521 ex
3045 2468 3151 2523 illis
3208 2469 3504 2539 profectas;

1928 2565 2070 2620 mala
2117 2572 2322 2629 autem,
2357 2560 2622 2632 quidquid
2658 2561 2766 2616 illis
2813 2561 2978 2616 rebus
3026 2566 3363 2617 contrarium
3401 2573 3506 2617 cst.

1928 2659 2073 2716 Satis
2105 2657 2210 2712 hoc
2252 2657 2374 2711 loco
2424 2655 2589 2710 fuerit.
2639 2655 2910 2710 adducere
2944 2654 3310 2710 testimonium
3361 2655 3508 2724 psal-

1924 2750 1996 2804 mi
2033 2763 2245 2812 χχχιιι,
2305 2746 2449 2814 quod
2513 2759 2626 2800 rem
2681 2745 2762 2800 sic
2815 2747 3012 2816 probat
3049 2764 3062 2800 :
3102 2763 3123 2798 ι
3165 2745 3508 2816 Inquirentes

1923 2840 2212 2896 Dominum
2243 2851 2350 2892 non
2387 2836 2705 2891 minuentur
2730 2839 2878 2891 omni
2916 2837 3082 2893 bono.
3118 2837 3335 2904 Venite,
3383 2838 3505 2903 filii,

1922 2932 2105 2985 audite
2127 2945 2214 2985 me
2249 2947 2264 2984 :
2300 2931 2549 2983 timorem
2577 2929 2791 2984 Domini
2857 2929 3066 2986 docebo
3109 2943 3229 2984 vos.
3263 2928 3395 2996 Quis
3423 2939 3507 2984 est

1919 3021 2085 3076 homo
2136 3021 2228 3090 qui
2280 3019 2394 3074 vult
2441 3021 2627 3087 vitam,
2683 3020 2863 3091 diligit
2919 3021 3036 3075 dies
3087 3023 3273 3076 videre
3309 3021 3502 3078 bonos.

1917 3112 2152 3168 Prohibe
2188 3114 2424 3183 linguam
2462 3123 2607 3168 tuam
2641 3128 2670 3168 a
2700 3112 2868 3180 malo,
2904 3121 2960 3168 et
2994 3113 3142 3168 labia
3175 3123 3266 3167 tua
3307 3127 3375 3167 ne
3424 3113 3501 3168 lo-

1917 3215 2152 3274 quantur
2175 3207 2375 3263 dolum.
2414 3207 2632 3261 Declina
2674 3220 2703 3258 a
2743 3204 2886 3260 malo
2918 3215 2970 3261 et
3011 3204 3096 3261 fac
3137 3205 3337 3260 bonum
3362 3205 3431 3261 ³⁸.
3476 3225 3496 3258 ι

1915 3296 2063 3352 Istud
2089 3298 2254 3363 enim,
2297 3317 2315 3351 ι
2369 3300 2578 3354 declina
2633 3313 2664 3352 a
2708 3297 2852 3351 malo
2880 3307 2935 3352 et
2967 3296 3052 3351 fac
3087 3295 3314 3362 bonum,
3353 3316 3370 3348 ι
3403 3312 3501 3351 nec

232 3379 340 3432 ἀπὸ
363 3379 556 3444 κακοῦ,
591 3382 682 3434 καὶ
711 3383 934 3452 ποίησον
962 3384 1180 3451 ἀγαθὸν,
1216 3403 1235 3434 ι
1266 3385 1389 3438 οὔτε
1416 3387 1544 3457 περὶ
1574 3387 1682 3443 τῶν
1711 3406 1814 3441 σω-

1924 3391 1986 3444 de
2010 3389 2167 3445 bonis
2196 3391 2424 3445 malisve
2447 3389 2749 3459 corporeis,
2784 3398 2841 3442 ut
2863 3388 3084 3456 quidam
3112 3396 3330 3455 vocant,
3367 3388 3500 3443 dici.

234 3471 485 3543 ματικῶν
514 3473 730 3543 λέγεται
774 3475 993 3544 ἀγαθῶν
1024 3476 1058 3547 ἢ
1112 3476 1318 3540 κακῶν,
1352 3476 1524 3542 οὕτως
1556 3470 1814 3550 ὀνομαζο-

234 3565 416 3634 μένων
462 3566 615 3637 παρά
645 3584 805 3632 τισιν,
835 3567 959 3621 οὔτε
989 3568 1117 3641 περὶ
1154 3568 1261 3624 τῶν
1289 3569 1465 3633 ὲκτόςο
1521 3570 1655 3624 ἀλλά
1684 3572 1814 3644 περὶ

229 3656 340 3710 τῶν
374 3659 517 3713 κατά
554 3659 730 3730 ψυχὴν
755 3660 974 3728 ἀγαθῶν
1006 3661 1038 3732 ἢ
1075 3661 1283 3726 κακῶν,
1319 3661 1547 3736 ἐπείπερ
1577 3663 1605 3716 6
1631 3663 1815 3717 ἐκκλί-

228 3764 327 3810 νας
370 3749 469 3818 μὲν
503 3749 610 3802 ἀπὸ
651 3751 760 3803 τῶν
807 3749 950 3803 οὕτω
995 3751 1176 3805 κακῶν
1210 3751 1346 3823 (55),
1387 3753 1619 3825 ποιήσας
1644 3752 1700 3806 δὲ
1745 3753 1814 3807 τά

227 3843 410 3897 τοιάδε
445 3843 648 3912 ἀγαθὰ,
679 3843 753 3907 ὡς
782 3843 952 3897 θέλων
987 3843 1086 3915 τὴν
1133 3842 1393 3915 ἀληθινὴν
1425 3843 1589 3916 ζωὴν,
1615 3843 1812 3913 γένοιτ’

229 3935 297 3990 ἂν
327 3938 386 3988 ὲν
423 3936 557 4006 αὐτῇ
605 3955 624 3987 ι
665 3935 894 4004 ἀγαπῶν
926 3935 1140 4006 ἡμέρας
1177 3936 1302 3989 ίδεῖν
1329 3935 1558 4004 ἀγαθὰς,
1609 3955 1626 3987 ι
1666 3929 1740 3990 ὧν
1782 3936 1811 3988 6

228 4026 404 4097 Λόγος
443 4027 539 4097 τῆς
583 4026 930 4095 δικαιοσύνης
973 4026 1120 4080 ἐστὶν
1153 4027 1322 4096 ἣλιος,
1355 4027 1557 4095 φθάσαι
1591 4027 1657 4080 ἂν
1698 4026 1809 4100 (54)

229 4120 315 4172 ἐπ’
349 4116 585 4179 ὲκείνας,
618 4115 1000 4187 ἐξαιρουμένου
1030 4115 1192 4170 αὐτὸν
1245 4115 1337 4168 τοῦ
1379 4115 1514 4168 Θεοῦ
1558 4115 1665 4169 ἀπὸ
1714 4115 1809 4168 τοῦ

230 4207 524 4270 ἐνεστῶτος
555 4203 748 4267 αίῶνος
791 4203 1051 4275 πονηροῦ,
1091 4205 1185 4258 καὶ
1234 4204 1342 4258 ἀπὸ
1387 4205 1495 4258 τῶν
1557 4204 1810 4276 πονηρῶν

1924 3489 2031 3546 tur,
2065 3496 2239 3550 neque
2263 3483 2332 3536 dc
2365 3482 2434 3536 iis
2473 3497 2595 3550 quae
2618 3481 2960 3536 extrinsecus
2983 3481 3268 3542 accidunt;
3311 3480 3404 3535 sed
3435 3482 3500 3536 de

1921 3571 2078 3626 bonis
2103 3581 2158 3626 et
2182 3572 2335 3626 malis
2365 3572 2560 3626 animas
2595 3571 3088 3640 :quandoquidem
3132 3571 3177 3626 is
3206 3570 3296 3638 qui
3332 3571 3498 3625 decli-

1923 3661 2227 3718 naveritab
2264 3663 2381 3717 istis
2414 3662 2575 3716 malis
2625 3660 2926 3731 feceritque
2978 3661 3078 3714 ista
3126 3661 3293 3722 bona,
3335 3661 3498 3730 idque

1922 3767 2066 3808 verte
2104 3753 2227 3807 vita:
2258 3752 2551 3817 desiderio,
2579 3771 2598 3804 ι
2637 3751 2937 3807 dilecturus
2969 3753 3040 3804 sit
3066 3752 3120 3806 in
3153 3750 3239 3804 illa
3275 3752 3391 3806 dies
3413 3751 3496 3805 ri-

1923 3845 2052 3899 dere
2076 3845 2269 3907 bonos,
2314 3863 2334 3896 ι
2369 3843 2458 3898 ubi
2490 3842 2727 3899 Verbum
2754 3842 2981 3915 iustitia:
3008 3843 3153 3914 Isolis
3204 3842 3323 3899 loco
3367 3845 3496 3902 erit.

1919 3934 1998 3988 Ad
2025 3935 2144 3991 illos
2171 3935 2468 4006 perveniet,
2504 3935 2618 3992 Deo
2656 3935 2808 3990 illum
2866 3934 3133 3990 liberante
3176 3949 3205 3988 a
3242 3936 3492 4002 praesenti

1918 4026 2118 4082 saeculo
2172 4039 2403 4097 nequam
2441 4026 2480 4091 ¹,
2533 4035 2590 4082 et
2635 4041 2665 4079 a
2720 4025 2913 4081 diebus
2967 4025 3150 4091 malis,
3197 4025 3264 4080 de
3298 4027 3494 4096 quibus

1917 4115 2118 4175 Paulus
2147 4117 2411 4187 loquitur,
2448 4133 2571 4172 cum
2605 4118 2684 4171 ait
2733 4130 2748 4170 :
2787 4134 2806 4168 ι
2854 4113 3204 4172 Redimentcs
3258 4125 3490 4187 tempus.
3537 4130 3544 4134 '

1917 4207 2176 4273 quoniam
2201 4207 2318 4263 dies
2348 4207 2472 4260 mali
2499 4215 2627 4261 sunt
2652 4207 2694 4260 ².
2730 4224 2750 4258 ι

226 4297 473 4370 ἡμερῶν,
508 4297 635 4368 περὶ
665 4289 740 4351 ὧν
773 4292 922 4350 εἶπεν
943 4296 970 4348 6
1004 4296 1214 4362 Παῦλος
1246 4297 1326 4362 τὸ,
1359 4315 1379 4349 ι
1433 4297 1918 4369 Ἐξαγοραζόμενοι
1952 4297 2044 4352 τὸν
2079 4299 2294 4371 καιρὸν,
2339 4301 2423 4352 ὅτι
2467 4301 2523 4351 αἱ
2553 4299 2757 4370 ἡμέραι
2788 4299 3021 4370 πονηραί
3053 4301 3209 4353 εἰσιν.
3257 4317 3279 4350 ι

299 4416 388 4471 55.
427 4416 688 4490 Εὐρεθείη
710 4416 756 4470 δ’
785 4416 852 4471 ἂν
885 4416 1464 4490 καταχρηστικώτερον
1492 4418 1586 4472 καὶ
1616 4417 1684 4471 τὰ
1710 4435 1810 4472 σω-

229 4507 438 4579 ματικά
464 4510 559 4564 καὶ
587 4509 656 4563 τὰ
681 4509 860 4575 ἐκτὸς,
890 4509 959 4564 τά
996 4509 1095 4580 μὲν
1129 4509 1546 4582 συμϐαλλόμενα
1597 4511 1677 4574 είς
1714 4509 1808 4563 τὸν

301 4670 346 4702 θ’
379 4671 521 4727 Psal.
547 4686 746 4738 xxxttr,
781 4670 848 4724 10
889 4680 940 4727 et
980 4686 1140 4743 seqq.

2111 4418 2307 4475 Videre
2336 4429 2420 4474 est
2452 4430 2630 4474 tamen
2660 4433 2726 4472 ex
2760 4418 2923 4474 rebus
2961 4422 3239 4490 corporeis
3277 4430 3331 4475 et
3371 4434 3493 4489 (tua;

1914 4510 2259 4566 extrinsecus
2287 4511 2564 4574 accidunt,
2611 4511 2745 4565 alias
2784 4527 2906 4582 qua}
2953 4511 3022 4567 ad
3077 4511 3341 4568 naturalis
3368 4515 3492 4568 vita:

1252 4673 1268 4703 ¹
1309 4670 1430 4727 Gal.
1459 4687 1507 4740 ι,
1533 4671 1593 4728 4.
1662 4673 1684 4704 ³
1717 4670 1921 4742 Epltcs.
1947 4687 1999 4724 ν.
2033 4670 2117 4725 16.

297 4803 414 4879 (52)
453 4808 606 4863 Ἀλλ’
633 4809 704 4864 ἐκ
732 4808 1334 4879 παρακολουθήσεως.
1364 4808 1458 4864 Sic
1485 4817 1635 4866 recte
1667 4825 1800 4865 mss.

1924 4809 2061 4864 .ilior
2082 4819 2139 4864 et
2171 4809 2380 4865 utilitas
2408 4807 2524 4878 ipsa
2551 4807 2732 4876 operis
2760 4806 3081 4877 postulavit,
3111 4816 3176 4862 ut
3229 4807 3488 4866 tenuissi-

232 4873 370 4928 Male
395 4873 577 4952 autem
626 4879 763 4952 libb.
791 4873 946 4952 editi,
977 4879 1091 4952 ἀλλξ
1141 4873 1248 4952 οὐκ
1279 4873 1370 4952 ἐκέ
1397 4880 1804 4952 παρακολουθήέ

232 4960 389 5006 σεως.
422 4947 629 5002 Abesse
654 4950 798 5004 enim
831 4951 991 5006 debet
1036 4950 1157 5004 οὐκ.
1196 4950 1328 5004 Vide
1360 4947 1498 5005 infra
1530 4966 1678 5007 num.
1727 4947 1799 5005 55

231 5014 394 5090 huius
417 5014 541 5090 libri
569 5026 796 5090 clauum.
828 5020 897 5076 68
924 5020 1020 5074 lib.
1064 5035 1160 5074 vn.
1186 5037 1205 5071 ι
1239 5019 1577 5090 Chrysippus
1623 5021 1805 5090 (apud

233 5085 297 5159 ᾼ.
333 5083 588 5159 Gellium,
615 5087 708 5159 lib.
739 5103 813 5152 vr,
839 5104 958 5159 cap.
985 5090 1010 5142 1
1046 5090 1065 5159 )
1122 5083 1400 5145 existimat
1441 5083 1566 5144 ἰὶοη
1629 5083 1799 5146 fuisse

230 5153 337 5208 hoc
365 5155 668 5224 principale
705 5153 921 5213 naturae.
948 5153 1259 5223 consilium,
1292 5168 1351 5213 ut
1384 5160 1591 5214 faceret
1620 5159 1798 5215 homi-

232 5239 330 5306 nes
367 5225 572 5281 morbis
610 5226 908 5306 obnoxios_;
956 5244 1236 5306 nunquam
1277 5230 1422 5283 enim
1456 5229 1561 5282 hoc
1591 5243 1795 5306 conve-

230 5297 379 5366 nisse
435 5306 645 5351 naturae
687 5297 919 5360 auctori,
955 5300 1272 5366 parentque
1331 5313 1509 5352 rerum
1551 5300 1794 5353 omnimn

233 5364 517 5437 bonarum.
545 5366 650 5421 Sed
711 5381 832 5419 cum
882 5364 1070 5427 multa,
1124 5364 1325 5435 induit,
1381 5378 1544 5437 atque
1600 5382 1794 5436 magna

233 5434 499 5503 gigneret,
545 5447 870 5504 pareretque
919 5434 1208 5506 aptissima
1235 5446 1290 5490 et
1325 5434 1640 5506 utilissima,
1691 5434 1795 5493 alia

233 5520 446 5575 qttoquc
473 5507 632 5560 simul
663 5517 857 5574 agnata
887 5505 1370 5560 suntincommoda
1395 5507 1462 5561 iis
1494 5507 1650 5575 ipsis,
1679 5521 1797 5575 qua:

235 5571 484 5637 faciebat,
517 5571 876 5638 cohaerentia;
913 5591 1088 5644 eaque
1119 5591 1223 5630 non
1266 5591 1362 5642 per
1392 5571 1664 5642 naturam,
1696 5571 1795 5632 sed

232 5655 328 5707 per
358 5648 605 5717 sequelas
627 5649 887 5717 quasdam
916 5647 1251 5717 necessarias
1279 5647 1418 5703 facta
1451 5647 1602 5709 dicit,
1650 5649 1792 5716 quod

235 5727 343 5775 Ipse
368 5714 597 5785 appellat
638 5714 778 5770 κατά
821 5716 1309 5787 παρακολούθησιν.
1371 5717 1541 5781 Sicut,
1591 5714 1786 5786 inquit,

232 5795 349 5836 cum
375 5801 599 5856 corpora
632 5789 909 5845 hominum
944 5796 1135 5842 natura
1171 5789 1426 5861 fingeret,
1486 5788 1623 5843 ratio
1657 5794 1786 5845 sub-

1907 4881 2011 4934 mis
2043 4881 2376 4948 minutisque
2405 4879 2658 4934 ossiculis
2707 4887 2870 4948 caput
2921 4879 3322 4947 compingeret;
3388 4881 3488 4936 sed

1903 4948 2045 5020 hanc
2084 4949 2372 5020 utilitatem
2405 4949 2481 5004 rei
2509 4948 2738 5015 majoris
2765 4948 2868 5002 alia
2911 4951 3156 5020 quaedam
3187 4949 3488 5004 incommo-

1902 5019 2046 5073 ditas
2070 5019 2420 5075 extrinsecus
2458 5026 2750 5080 consecuta
2784 5028 2870 5073 est
2933 5018 2948 5074 ξ
2991 5028 3053 5088 ut
3112 5018 3270 5076 fieret
3318 5029 3487 5088 caput

1905 5091 2139 5144 tenuiter
2205 5091 2472 5144 munitum
2516 5128 2532 5152 ,
2591 5097 2647 5144 et
2714 5089 2914 5143 ictibus
2975 5087 3486 5158 oﬂ'eusionibusque

1901 5160 2082 5227 parvis
2117 5158 2340 5228 fragile;
2375 5159 2602 5228 proinde
2631 5161 2806 5212 morbi
2848 5174 3063 5228 quoque
3087 5169 3142 5214 et
3198 5160 3481 5228 aegritudi-

1901 5242 1999 5282 nes
2039 5227 2391 5298 partte’sunt,
2420 5231 2548 5284 dum
2573 5229 2721 5283 salus
2753 5227 2988 5296 paritur.
3025 5228 3117 5283 Sic
3143 5227 3368 5290 Hercle,
3399 5227 3485 5279 in-

1903 5298 2044 5365 quit,
2083 5300 2212 5353 dum
2249 5301 2423 5352 virtus
2455 5299 2770 5355 hominibus
2808 5313 2906 5364 per
2933 5298 3224 5353 consilium
3273 5307 3484 5349 natura:

1899 5368 2160 5436 gignitur,
2189 5369 2337 5440 vitia,
2366 5369 2564 5424 ibidem
2619 5384 2718 5440 per
2772 5368 3092 5422 allinitatem
3143 5365 3481 5420 contrariam

1901 5451 2026 5492 nata
2066 5450 2211 5492 sunt.
2249 5458 2268 5490 ι
2316 5439 2579 5494 Spencen.

1970 5508 2081 5578 (53)
2124 5509 2394 5578 Ἐκπείπερ
2436 5513 2468 5563 o'
2516 5511 2805 5574 ἐκκλίνας
2845 5505 2964 5576 μὲν
2989 5502 3110 5559 ἀπὸ
3159 5503 3278 5558 τῶν
3324 5505 3480 5559 οὕτω

1898 5577 2116 5632 κακῶν.
2148 5577 2277 5634 Hzec
2301 5577 2423 5645 quae
2456 5581 2508 5633 in
2535 5593 2690 5633 antea
2722 5578 2885 5633 editis
2922 5578 3124 5630 omissa
3178 5588 3356 5639 erant,
3403 5591 3481 5631 re-

1899 5650 2128 5703 Stituunt
2164 5665 2352 5704 omnes
2377 5651 2534 5703 codd.
2565 5663 2700 5702 mss.

1968 5718 2079 5789 (54)
2121 5719 2351 5773 Φθιὶσαι
2382 5718 2478 5772 ἄν.
2518 5717 2879 5789 Serjltemlum
2922 5715 3167 5780 videtur,
3211 5717 3305 5771 καὶ
3350 5716 3480 5787 φθά-

1899 5786 1986 5844 σαι
2021 5786 2106 5856 ἄν,
2139 5799 2192 5844 ct
2223 5790 2294 5842 ita
2332 5789 2561 5843 reddidit
2598 5786 2857 5843 Gelenius
2885 5789 3170 5855 interpres.
