3990 6158
536 292 563 348 1
573 282 683 350 585

1997 276 2321 337 ORlGENlS

3676 270 3707 325 Ι
3723 270 3856 328 581

547 406 1015 470 conservationem
1048 405 1379 469 conducunt,
1406 402 1613 469 bonas;
1648 400 1805 467 alias,
1833 413 1953 470 quae
1990 402 2104 457 vita

2220 397 2363 454 κατὰ
2389 395 2551 467 φύσιν
2583 393 2696 466 βίον
2750 389 3081 463 νομιζόμενα
3110 388 3312 459 ἀγαθὰ,
3352 388 3424 441 τὰ
3454 387 3499 443 δ’
3534 388 3850 442 Eva-rum-

537 512 773 569 uocent,
817 500 987 556 malas
1037 495 1468 568 perabusionem
1522 494 1687 566 675
1739 494 1944 551 vocari.
1996 494 2115 550 Hoc

536 592 679 651 enim
709 605 868 645 sensu
899 587 999 642 Job
1038 587 1105 639 ad
1139 599 1358 639 uxorem
1389 584 1525 639 dicit
1556 601 1569 637 :
1608 603 1627 636 ‹
1661 584 1717 638 Si
1750 585 1887 638 bona
1920 599 2111 640 susce-

535 684 712 752 pimus
745 680 813 735 de
851 692 1011 731 manu
1054 676 1169 740 Dei,
1216 675 1360 729 mala
1406 689 1514 728 non
1563 676 1959 730 sustinebimus
1990 675 2051 728 δῖ)
2087 693 2106 727 ι

534 771 801 839 Quoniam
833 770 998 838 igitur
1024 768 1079 823 in
1119 767 1316 821 divinis
1347 765 1649 835 Scripturis
1684 766 1878 821 alicubi
1909 767 2117 820 inveni-

534 876 624 919 tur
657 879 721 918 ex
752 876 983 931 persona
1033 858 1128 913 Dei
1166 858 1369 913 dictum
1403 874 1418 911 :
1453 876 1473 909 ‹
1509 859 1619 927 Ego
1661 857 1869 913 faciens
1924 873 2113 926 pacem

532 967 587 1012 et
618 969 812 1010 crcans
862 952 1003 1006 mala
1050 950 1103 1017 ‘;
1166 969 1186 1003 ›
1251 959 1307 1004 et
1351 949 1459 1003 alio
1509 950 1562 1002 in
1614 949 1730 1003 loco
1772 950 1838 1003 de
1876 952 2110 1006 eodem:

535 1065 556 1099 ι
593 1042 878 1100 Descendit
903 1041 1101 1097 malum
1136 1041 1424 1110 aﬁDomino
1463 1040 1514 1093 in
1544 1049 1733 1110 portas
1778 1038 2109 1107 Jerusalem,

530 1138 795 1205 strepitus
840 1149 1101 1189 curruum
1128 1142 1179 1187 et
1203 1132 1443 1199 equitum
1474 1132 1529 1199 5;
1568 1150 1587 1185 ι
1611 1146 1729 1201 quae
1764 1131 1880 1187 loca
1915 1133 2115 1189 multos

529 1228 941 1297 Scripturarum
1007 1224 1292 1279 turbavere
1349 1222 1605 1286 lectores,
1659 1223 1750 1291 qui
1804 1225 2115 1293 perspicere

530 1336 636 1375 non
669 1327 919 1390 poterant
940 1331 1128 1371 earum
1157 1316 1223 1371 de
1255 1314 1415 1369 bonis
1446 1325 1500 1367 et
1545 1314 1703 1367 malis
1750 1316 2119 1383 sententiam;

532 1411 662 1468 hinc
690 1408 983 1465 verisimile
1015 1414 1098 1461 est
1128 1414 1301 1459 ortam
1327 1421 1449 1459 esse
1477 1404 1636 1458 Celso
1670 1405 1955 1459 baesitandi
1985 1420 2117 1459 cau-

529 1519 645 1558 sam
670 1511 724 1557 et
758 1499 1120 1567 interrogandi
1154 1516 1167 1551 :
1199 1516 1217 1549 ‹
1249 1499 1531 1564 Quomodo
1581 1497 1725 1552 Deus
1767 1497 1907 1552 mala
1948 1497 2116 1553 facie-

528 1596 665 1651 bat?
688 1614 707 1647 ι
740 1595 907 1649 Forte
933 1595 1097 1647 etiam
1132 1592 1248 1645 hzcc
1280 1592 1436 1655 dixit,
1490 1592 1615 1659 quia
1669 1592 1876 1645 audivit
1926 1605 2115 1660 quem-

530 1686 700 1754 piam,
727 1685 821 1755 qui
864 1691 1162 1737 memorata
1191 1683 1328 1734 hanc
1357 1681 1800 1755 inquaestionem
1834 1680 2002 1733 verba
2034 1678 2115 1731 in-

2223 507 2361 562 μενα
2386 490 2580 560 τούτῳ,
2626 485 2793 541 κακά.
2829 482 2984 537 Οὖτω
3014 482 3124 554 γὰρ
3144 484 3174 534 6
3210 480 3333 535 Ἰὼϐ
3370 480 3517 550 λέγει
3548 480 3702 554 πρὸς
3735 484 3847 551 τὴν

2216 587 2451 655 γυναῖκα
2478 583 2555 635 τό·
2594 601 2613 633 ι
2654 583 2718 634 Εἰ
2750 577 2859 649 γάρ
2880 576 2950 630 τὰ
2982 575 3165 644 ἀγαθά
3196 574 3501 646 ἐδεξάμεθα
3533 578 3603 630 ὲκ
3631 579 3842 649 χειρὸς

2217 675 2446 747 Κυρίου,
2475 672 2544 726 τά
2590 673 2736 725 κακά
2784 674 2882 741 οὐχ
2913 669 3237 737 ὑποίσομεν;
3281 688 3300 718 ι
3351 667 3505 720 Ἐπεὶ
3530 662 3630 721 οὖν
3665 670 3841 740 εὑρί-

2219 782 2408 820 σκεται
2431 765 2489 818 ἐν
2519 766 2641 827 ταῖς
2662 763 2835 826 θείαις
2863 762 3103 834 Γραφαῖς
3130 760 3263 812 ὅπου
3294 758 3393 828 μὲν
3418 761 3484 811 ὲκ
3512 761 3841 832 προσώπου

2217 856 2353 910 Θεοῦ
2377 858 2456 917 τὸ,
2494 875 2513 907 ι
2559 853 2700 923 Ἐγὼ
2727 856 2756 907 ὀ
2786 854 2954 907 ποιῶν
2982 853 3228 923 εἰρήνην,
3251 852 3348 904 καὶ
3374 850 3575 915 κτίζων
3609 853 3797 907 κακά·
3817 872 3839 903 ι

2215 949 2351 1002 ὅπου
2378 949 2435 1000 δὲ
2466 947 2624 1000 πάλιν
2655 947 2784 1017 περὶ
2812 944 3000 1010 αὑτοῦ,
3032 946 3134 1007 ὅτι,
3171 962 3190 995 ι
3226 943 3446 1014 Κατέεη
3476 944 3631 997 κακά
3666 946 3841 1014 παρά

2217 1040 2425 1111 Κυρίου
2458 1039 2551 1092 ἐπὶ
2579 1038 2753 1101 πύλας
2789 1037 3174 1109 Ἰηρουσαλὴμ,
3216 1036 3387 1105 ψόφος
3422 1037 3698 1108 ἁρμάτων
3732 1038 3842 1088 καὶ

2219 1132 2576 1187 ἱππευόντων⁸
2638 1150 2656 1182 ι
2695 1132 2838 1203 άπερ
2872 1128 3101 1201 ἐτάραξε
3131 1129 3359 1193 πολλοὺς
3405 1130 3512 1183 τῶν
3545 1130 3837 1199 ἐντυγχα-

2216 1226 2414 1279 νόντων
2459 1227 2524 1295 τῇ
2574 1224 2785 1293 Γραφῇ,
2822 1222 2895 1293 μὴ
2924 1220 3254 1291 δυναμένους
3301 1219 3535 1291 καθορᾷν
3570 1220 3646 1273 τά
3694 1225 3833 1273 κατ’

2216 1316 2387 1386 αὐτὴν
2449 1315 2580 1386 περί
2632 1314 2854 1383 ἀγαθῶν
2882 1313 2977 1366 καὶ
3011 1312 3197 1366 κακῶν
3228 1312 3626 1382 σημαινόμενα·
3672 1314 3837 1375 εἰκὸς

2216 1406 2464 1459 ἐντεῦθεν
2518 1406 2634 1476 ἤτοι
2687 1405 2777 1458 τὸν
2816 1405 3023 1458 Κέλσον
3071 1404 3452 1474 ὲπαποροῦντα
3502 1406 3825 1475 εἰρηκέναι·

2222 1516 2241 1549 ι
2280 1497 2405 1560 Πῶς
2437 1497 2534 1567 μὲν
2572 1496 2717 1550 κακὰ
2746 1500 2773 1549 ὀ
2800 1496 2933 1559 Θεὸς
2960 1496 3164 1560 ὲπόίει;
3213 1514 3231 1547 ι
3263 1496 3295 1566 ἢ
3328 1496 3644 1548 ἀκούσαντά
3672 1514 3827 1557 τινος

2220 1585 2628 1657 ἰδιωτικώτερον
2654 1584 3048 1654 πρεσϐεύοντος
3076 1583 3205 1653 περὶ
3234 1582 3342 1633 τῶν
3368 1581 3509 1634 κατὰ
3538 1583 3631 1634 τὸν
3648 1583 3824 1633 τόπον

2216 1677 2315 1747 τὴν
2354 1675 2685 1746 ἐκκειμένην
2713 1674 2857 1738 λέξιν
2894 1673 3166 1727 ἐκτιθέναι
3212 1673 3344 1743 (55).
3389 1673 3581 1743 Ἡμεῖς
3616 1674 3680 1725 δέ
3709 1690 3822 1741 φα-

529 1776 741 1828 doctius
800 1772 964 1827 fuerit
1021 1772 1433 1839 interpretatus.
1510 1768 1620 1823 Nos
1674 1782 1805 1822 vero
1879 1768 2104 1822 dicimus

2223 1785 2345 1839 μεν,
2379 1768 2460 1821 ὅτι
2488 1766 2634 1821 κακά
2668 1766 2787 1836 μὲν,
2823 1767 2856 1836 ἢ
2885 1766 2983 1837 τὴν
3012 1766 3211 1818 κακίαν
3244 1768 3341 1819 καὶ
3370 1764 3468 1827 τὰς
3505 1766 3601 1816 ἀπ’
3643 1766 3819 1834 αὐτῆς

532 1858 701 1920 Deum
751 1876 857 1918 non
899 1876 1019 1915 esse
1065 1860 1332 1915 malorum
1383 1874 1481 1913 seu
1527 1857 1648 1912 vitii
1680 1859 2107 1927 vitiosarumque

531 1950 806 2005 actionum
854 1955 1152 2001 auctorem.
1211 1946 1367 2012 Quod
1422 1946 1467 2001 si
1495 1961 1680 2001 revera
1729 1957 1873 2002 esset
1919 1963 2105 2002 eormn

531 2051 751 2105 auctor,
814 2039 1084 2109 quomodo
1118 2039 1446 2093 consisteret
1491 2038 1570 2104 id,
1623 2040 1768 2108 quod
1811 2038 1877 2094 de
1903 2038 2107 2107 judicio

529 2134 880 2204 praedicatur,
914 2132 1082 2187 malos
1124 2146 1226 2201 pro
1259 2138 1605 2201 peccatorum
1663 2132 1876 2186 ratione
1918 2148 2105 2203 poenas

538 2224 785 2289 daturos,
812 2236 907 2277 eos
929 2236 1060 2277 vero
1103 2221 1192 2290 qui
1243 2222 1499 2275 virtutem
1551 2223 1848 2277 consectati
1898 2232 2024 2277 sunt
2054 2234 2107 2279 et

528 2314 718 2369 virtuti
753 2329 1025 2369 consonas
1052 2314 1295 2368 actiones
1318 2311 1584 2380 iecerunt,
1612 2312 1800 2369 beatos
1836 2313 1953 2368 fore
1984 2324 2038 2368 et
2074 2331 2104 2367 a

530 2407 644 2460 Deo
668 2404 890 2473 praemia
915 2402 1342 2458 consecuturos?
1369 2402 1470 2468 Qui
1500 2402 1642 2457 mala
1674 2402 1791 2457 ﬁeri
1831 2418 1858 2455 a
1892 2404 2002 2458 Deo
2032 2404 2108 2459 di-

528 2513 657 2553 cere
685 2499 908 2559 audent,
929 2494 1057 2563 quia
1089 2510 1193 2549 non
1223 2502 1453 2563 possunt
1477 2496 1859 2549 demonstrare
1905 2510 2104 2550 conso-

528 2606 655 2647 nam
704 2591 805 2644 sibi
861 2604 984 2645 esse
1043 2588 1409 2659 Scripturam,
1443 2603 1586 2659 qum,
1631 2590 1757 2645 licet
1812 2600 2103 2660 peccantes

526 2684 748 2738 damnet
802 2690 860 2736 et
915 2681 1055 2735 bene
1120 2693 1339 2751 agentes
1396 2684 1696 2752 approbet,
1750 2683 2104 2739 nihilominus

528 2764 698 2842 pauca
732 2772 976 2841 quaedam
1004 2771 1135 2827 dicit
1156 2772 1359 2842 quibus
1391 2772 1627 2841 imperiti
1660 2774 1969 2829 divinarum
2002 2775 2107 2830 Lit-

528 2874 768 2918 terarum
801 2863 1032 2917 lectores
1054 2862 1369 2917 conturbari
1403 2865 1675 2930 vidcntur,
1701 2876 1784 2921 sat
1812 2868 1925 2922 scio
1958 2883 2105 2935 quae-

529 2954 658 3009 dam
688 2951 986 3022 Scriptura:
1017 2953 1134 3008 loca
1172 2954 1240 3008 ad
1277 2968 1431 3008 suam
1479 2957 1804 3011 sententiam
1862 2959 2102 3013 trahent.

530 3046 654 3100 Haec
704 3056 886 3100 tamen
948 3046 1225 3115 explicare
1271 3047 1426 3107 loca.
1471 3049 1596 3116 quia
1654 3049 1820 3102 multa
1876 3061 2002 3104 sunt
2052 3061 2106 3105 et

527 3152 717 3191 eorum
788 3137 1166 3205 interpretatio
1245 3136 1473 3191 multum
1536 3152 1714 3206 operae
1794 3139 2105 3195 meditatio—

527 3227 722 3295 nisque
767 3227 1027 3298 postulat,
1096 3242 1202 3282 non
1251 3228 1426 3281 visum
1479 3236 1563 3281 est
1617 3227 1743 3281 huic
1788 3231 2101 3286 tractationi

526 3320 875 3374 conveniens.
936 3317 1072 3372 Mala
1125 3318 1307 3386 igitur,
1380 3318 1426 3373 si
1480 3319 1602 3387 quis
1665 3320 1754 3374 illa
1816 3319 1918 3376 hoc
1974 3339 2101 3391 pro-

527 3410 649 3480 prio
680 3424 843 3465 sensu
871 3409 1155 3476 intelligat.
1192 3410 1334 3463 Deus
1377 3425 1487 3464 non
1545 3411 1690 3466 fecit.
1760 3411 1866 3467 Sed
1918 3420 2098 3469 tamen

526 3517 719 3573 pauca,
747 3502 791 3555 si
824 3502 890 3555 ad
943 3501 1104 3569 hujus
1153 3501 1537 3556 universitatis
1614 3504 2101 3572 composititionem

522 3603 762 3663 spectes,
789 3607 857 3647 ex
898 3593 1183 3662 prmcipuis
1203 3591 1321 3659 ejus
1348 3593 1609 3661 Operibus
1640 3604 1934 3649 consecuta
1956 3606 2100 3650 sunt.

523 3685 992 3752 Quemadmodum
1016 3700 1085 3739 ex
1116 3684 1409 3754 praecipuis
1438 3684 1579 3741 fabri
1599 3688 1857 3757 operibus
1903 3690 2100 3744 tortilia

526 3777 767 3845 segmina
799 3776 1100 3845 scobesque
1138 3787 1585 3845 consequuntur;
1624 3781 1767 3834 sicut
1805 3781 1969 3835 etiam
2017 3798 2104 3835 ar-

525 3866 781 3923 chitectis
822 3866 990 3921 tribui
1042 3882 1202 3935 posse
1261 3868 1515 3923 videntur
1568 3871 1773 3925 sordidi
1823 3871 1897 3926 illi
1963 3874 2105 3942 frag-

527 3958 736 4010 minum
801 3956 1149 4027 pulverisque
1210 3957 1435 4022 acervi,
1486 3960 1577 4029 qui
1639 3975 1811 4031 prope
1876 3962 2103 4019 aedilicia

525 4058 674 4103 sunt.

597 4232 687 4285 56.
722 4232 815 4285 Sin
842 4239 1023 4286 autem
1058 4233 1125 4288 de
1156 4232 1314 4288 malis
1339 4233 1617 4303 corporeis
1643 4242 1697 4288 et
1716 4235 2101 4301 exterioribus,

525 4340 646 4393 quae
698 4338 795 4392 per
848 4323 1165 4381 abusionem
1218 4336 1487 4381 vocantur
1540 4327 1702 4391 mala,
1762 4342 1942 4383 sermo
1987 4329 2100 4393 liat,

524 4416 887 4471 concedemus
914 4416 1211 4486 aliquando
1253 4418 1546 4487 contigisse
1580 4427 1639 4471 ut
1673 4419 1816 4475 Deus
1852 4420 2099 4488 quaedam

2214 1858 2465 1930 πράξεις,
2494 1860 2523 1910 6
2554 1858 2685 1922 Θεὸς
2714 1859 2814 1910 οὑκ
2844 1857 3087 1927 ἐποίησε.
3134 1855 3259 1918 Πῶς
3292 1856 3400 1926 γὰρ
3428 1852 3541 1908 οἶόν
3568 1858 3619 1907 τ’
3655 1851 3725 1925 ἧν
3754 1856 3818 1907 τὸ

2213 1950 2346 2021 περί
2398 1950 2636 2021 κρίσεως
2682 1950 2943 2021 κήρυγμα
3002 1947 3315 2018 παρρησίαν
3348 1946 3512 2017 ἔχειν,
3555 1947 3815 2000 διδάσκον

2213 2043 2537 2107 κολάζεσθαι
2574 2043 2673 2113 μὲν
2713 2043 2807 2094 ὲπί
2835 2044 2956 2104 ταῖς
2986 2041 3125 2094 κατά
3156 2041 3355 2095 κακίαν
3390 2039 3627 2111 πράξεσι
3688 2041 3812 2092 κατ’

2213 2138 2507 2205 ἀναλογίαν
2540 2136 2650 2190 τῶν
2688 2134 3095 2207 ἡμαρτημένων
3136 2136 3262 2197 τοὺς
3313 2134 3571 2203 φαύλους·
3625 2152 3807 2202 μακα-

2216 2229 2365 2300 ρίους
2392 2228 2435 2281 δ’
2473 2222 2632 2293 εἶναι,
2683 2228 2778 2281 καὶ
2822 2226 3107 2291 τεύξεσθαι
3141 2226 3246 2278 τῶν
3278 2225 3387 2279 ἀπὸ
3419 2224 3555 2277 Θεοῦ
3601 2226 3806 2294 γερῶν,

2212 2320 2338 2383 τοὺς
2369 2320 2487 2374 κατ’
2519 2319 2722 2391 ἀρετὴν
2752 2317 3074 2389 βιώσαντας,
3102 2318 3134 2389 ἢ
3162 2319 3260 2381 τάς
3290 2319 3410 2369 κατ’
3437 2317 3639 2386 ἀρετὴν
3670 2319 3809 2388 πρά-

2212 2410 2325 2475 ξεις
2354 2411 2702 2480 ποιήσανταςο
2739 2411 2788 2461 εἰ
2815 2409 2885 2461 τά
2923 2408 3091 2471 ὅντως
3128 2407 3276 2459 κακά
3304 2408 3602 2478 πεποίηκεν
3638 2407 3747 2476 (36)
3780 2411 3807 2460 ὀ

2211 2500 2374 2566 Θεός;
2403 2495 2477 2554 Εὖ
2509 2495 2646 2564 οῖδα,
2677 2501 2761 2553 ὅτι
2801 2499 2939 2571 ῥητά
2956 2516 3076 2551 τινα
3108 2498 3519 2568 παραλήψονται
3542 2500 3642 2567 τῆς
3664 2500 3703 2551 Γ
3710 2516 3803 2570 ρα-

2212 2592 2319 2661 φῆς
2346 2592 2395 2643 οἱ
2428 2590 2523 2643 καὶ¹
2574 2591 2752 2645 ταῦτα
2805 2591 3120 2661 βουλόμενοι
3166 2589 3372 2659 τολμᾶν
3415 2590 3645 2658 φάσκειν
3695 2590 3802 2642 άπὸ

2212 2682 2346 2737 Θεοῦ
2382 2683 2685 2752 γεγονέναυ
2721 2683 2797 2753 μὴ
2825 2683 3113 2752 δυνάμενοι
3144 2682 3200 2735 ἓν
3230 2681 3364 2748 ὕφος
3396 2681 3675 2745 ἀποδεῖξαι
3702 2681 3801 2750 τῆς

2212 2775 2442 2847 Γραςρῆς
2477 2775 2809 2845 αἰτιωμένης
2846 2774 2946 2844 μὲν
2974 2775 3102 2836 τοὺς
3137 2774 3568 2843 ἁμαρτάνοντας,
3600 2772 3765 2825 ἀποδε
3787 2802 3798 2810 -

2211 2867 2449 2937 χομένης
2477 2868 2535 2920 δὲ
2560 2867 2687 2930 τοὺς
2716 2863 2774 2920 εὖ
2809 2865 3165 2937 πράττοντας,
3201 2866 3296 2920 καὶ
3324 2866 3470 2919 οὐδὲν
3501 2860 3662 2934 ἧττον
3697 2867 3804 2917 κά-

2212 2963 2365 3013 κεῐνα
2397 2960 2681 3030 λεγούσης,
2707 2961 2862 3013 ἆτινα
2884 2961 3159 3030 περισπᾶν
3176 2959 3324 3012 δοκεῖ
3340 2959 3481 3025 ὀλίγα
3511 2957 3638 3009 ὄντα
3660 2958 3800 3021 τοὺς

2213 3050 2442 3121 ἀμαθῶς
2485 3052 2557 3105 τά
2603 3052 2721 3106 θεῖα
2758 3051 3062 3124 γράμματα
3113 3051 3635 3121 ἀναγιγνώσκοντας.
3678 3049 3802 3102 Ἐκ·

2135 3158 2177 3215 C
2210 3142 2453 3196 τίθεσθαι
2486 3143 2544 3195 δὲ
2563 3144 2657 3198 νῦν
2684 3145 2783 3207 τάς
2816 3145 3171 3215 περισπώσας
3202 3144 3397 3208 λέξεις,
3439 3141 3637 3205 πολλὰς
3667 3159 3799 3210 τυγ-

2207 3234 2498 3304 χανούσας,
2534 3236 2627 3288 καὶ
2681 3236 2780 3299 τὰς
2812 3237 3108 3307 ἑρμηνείας
3153 3235 3334 3288 αὐτῶν
3386 3234 3584 3304 πολλῆς
3630 3250 3794 3286 κατα-

2207 3325 2410 3395 σκευῆς
2455 3327 2736 3397 δεομένας,
2776 3328 2875 3397 οὐχ
2915 3327 3211 3397 ἡγησάμην
3257 3322 3398 3380 εἶναι
3430 3324 3669 3396 ἁρμόζον
3728 3326 3794 3394 τῇ

2207 3417 2545 3491 προκειμένῃ
2568 3418 2837 3484 συντάξει.
2880 3417 3044 3471 Κακά
3064 3419 3263 3479 τοίνυν,
3294 3419 3342 3469 εἰ
3380 3418 3478 3487 μὲν
3498 3416 3566 3469 τὰ
3596 3416 3795 3488 κυρίως

2204 3505 2378 3569 οὕτως
2406 3507 2779 3578 ὀνομαζόμενα
2795 3507 3039 3571 ὲξακοὺοι
3068 3524 3170 3571 τις,
3188 3511 3215 3561 ὀ
3235 3508 3365 3571 θεὸς
3387 3509 3445 3561 οὐ
3478 3509 3790 3578 πεποίηκεν⁹

2207 3598 2343 3652 ἀλλὰ
2374 3600 2487 3662 τοῖς
2506 3601 2934 3671 προηγουμένοις
2964 3599 3129 3653 αὐτοῦ
3158 3600 3341 3671 ἔργοις
3361 3600 3537 3669 ὀλίγα,
3570 3601 3645 3664 ὡς
3663 3600 3795 3672 πρὸς

2206 3691 2305 3760 τὴν
2332 3688 2440 3743 τῶν
2482 3690 2619 3743 ὅλων
2653 3691 2897 3758 διάταξιν
2943 3693 3299 3764 τυγχάνοντα,
3331 3692 3787 3764 ἐπηκολούθησεν·

2208 3782 2399 3852 ὥσπερ
2428 3782 2784 3836 ἐπακολουθεῖ
2813 3787 2925 3848 τοῖς
2958 3786 3392 3856 προηγουμένοις
3419 3783 3514 3837 τοῦ
3545 3785 3791 3846 τέκτονος
3886 3842 3889 3845 ,

2206 3873 2388 3944 ἔργοις
2409 3874 2477 3927 τά
2506 3874 2774 3946 ἑλικοειδῆ
2809 3876 3051 3947 ξέσματα
3084 3878 3179 3930 καὶ
3206 3876 3510 3947 πρίσματα,
3539 3878 3635 3929 καὶ
3681 3879 3790 3938 τοῖς

2203 3967 2507 4036 οἰκοδόμοις
2532 3969 2705 4019 ποιεῖν
2733 3966 2909 4021 δοκεῖν
2935 3968 3004 4021 τά
3037 3969 3418 4040 παρακείμενα
3450 3971 3569 4032 ταῖς
3591 3968 3789 4022 οἰκοδο-

2208 4059 2337 4128 μαῖς
2355 4056 2597 4129 ὡσπερεὶ
2614 4059 2817 4129 κόπρια
2849 4059 3228 4115 ἀποπίπτοντα
3255 4060 3365 4114 τῶν
3394 4059 3555 4114 λίθων
3586 4060 3787 4129 καὶτῆς

2206 4147 2413 4211 κονίας.

2274 4241 2337 4292 Εἰ
2349 4240 2404 4293 δὲ
2420 4240 2487 4294 τά
2501 4242 2951 4313 καταχρηστικῶς
2964 4241 3135 4306 οὕτως
3146 4241 3539 4315 ὀνομαζόμενα,
3568 4243 3787 4314 λεγόμε-

2205 4349 2272 4385 να
2310 4333 2597 4403 σωματικά
2633 4334 2778 4386 κακὰ
2800 4335 2894 4388 καὶ
2920 4335 3095 4400 ἐκτὸς,
3119 4336 3204 4398 τίς
3228 4354 3393 4407 φησι·
3421 4336 3651 4389 δεδόσθω
3678 4336 3785 4406 (57)

2205 4422 2317 4475 ἔσθ’
2340 4423 2427 4476 ὅτε
2442 4424 2645 4476 τούτων
2666 4426 2787 4478 τινὰ
2812 4428 3169 4498 πεποιηκέναι
3184 4427 3274 4481 τὸν
3298 4428 3451 4495 Θεὸν,
3467 4428 3555 4481 ἶνα
3572 4428 3661 4479 διΞι
3677 4427 3786 4480 τού⁴

522 4525 714 4566 corum
739 4511 960 4577 faceret,
1013 4512 1181 4580 idque
1216 4520 1275 4565 ut
1302 4514 1512 4581 aliquos
1543 4528 1640 4580 per
1693 4512 1781 4567 illa
1817 4522 2100 4567 converte-

2214 4530 2309 4566 των
2328 4515 2631 4588 ἐπιστρέψῃ
2641 4516 2811 4579 τινάς.
2840 4516 2951 4568 Καὶ
2966 4517 3017 4568 τί
3043 4516 3240 4571 ἄτοπον
3256 4520 3284 4570 6
3307 4518 3464 4586 λόγος
3482 4519 3567 4588 ἔχε
3578 4537 3625 4571 ιν
3639 4516 3785 4571 δύνα·

523 4609 632 4656 ret.
656 4601 723 4654 Et
756 4602 887 4670 quid
909 4602 1130 4655 absurdi
1163 4604 1277 4657 haec
1318 4604 1575 4658 doctrina
1615 4604 1820 4659 habere
1884 4604 2103 4674 petest?

524 4690 867 4756 Sicutenim,
896 4692 1148 4759 quamvis
1166 4707 1261 4759 per
1292 4693 1609 4747 abusionem
1669 4694 1809 4746 maia
1862 4694 2099 4762 appelle-

516 4773 645 4835 mus
680 4795 867 4849 poenas
901 4783 1041 4849 illas,
1083 4798 1218 4854 quas
1252 4795 1457 4852 patres,
1501 4784 1767 4854 magistri,
1818 4785 2100 4856 paedagogi

522 4872 772 4942 inﬂigunt
802 4873 869 4927 iis
906 4888 1043 4940 quos
1066 4875 1345 4938 erudiunt,
1374 4886 1430 4930 et
1465 4877 1663 4931 medici
1718 4876 1785 4930 iis
1821 4890 1957 4946 quos
2004 4892 2097 4931 sa-

524 4964 687 5018 nandi
710 4978 872 5018 causa
897 4972 1061 5018 urunt
1104 4966 1190 5020 vel
1224 4977 1434 5030 secant,
1475 4977 1530 5023 et
1582 4967 1828 5023 dicamus
1887 4976 2095 5037 patrem

524 5054 669 5121 ﬁliis,
696 5054 864 5127 676
889 5063 983 5108 aut
1011 5054 1322 5127 magistros,
1370 5067 1461 5113 aut
1489 5059 1828 5130 paedagogos,
1862 5069 1958 5113 aut
1982 5074 2098 5114 me-

521 5147 671 5202 dicos
706 5148 848 5202 mala
871 5146 1086 5215 facere;
1133 5163 1242 5204 non
1288 5160 1465 5205 tamen
1513 5165 1837 5207 accusamus
1868 5166 1964 5210 eos
2000 5153 2095 5223 qui

534 5331 545 5339 -
592 5296 767 5358 ’Job.
809 5318 872 5372 ιι,
920 5300 1010 5359 10.
1086 5302 1236 5359 l*lsa.
1262 5318 1390 5369 xcv,
1415 5304 1469 5358 7.
1534 5304 1926 5375 'Mich.r,12.

588 5457 706 5529 (55)
754 5456 1092 5512 Ἐκτιθέναι.
1131 5458 1287 5513 Libb.
1322 5459 1453 5514 editi
1484 5460 1533 5513 in
1563 5461 1826 5529 margine,
1853 5461 2100 5515 τεθεικέ-

522 5528 847 5598 vatt,_sicque
875 5530 1204 5598 Anglicanus
1238 5530 1412 5585 codex
1451 5528 1740 5585 secundus.
1777 5531 1895 5586 Mox
1932 5549 2090 5595 inss..

524 5596 823 5673 Maiﬁmpév,
852 5598 887 5669 ἢ
920 5596 1018 5667 τῆν
1042 5599 1260 5673 κακίαν.
1293 5600 1346 5655 In
1373 5612 1530 5673 antea
1562 5602 1722 5656 editis
1749 5602 2018 5657 omittitur
2041 5603 2094 5673 ἡ.

595 5665 719 5736 (66)’
741 5665 1051 5739 Speticcrus
1076 5671 1129 5725 in
1160 5678 1336 5739 textu,
1370 5670 1440 5725 τὰ
1466 5671 1635 5734 ὅντως
1668 5673 1811 5728 κακά
1870 5665 2099 5744 πεποιῆ-

2207 4621 2298 4658 ται
2320 4604 2542 4677 ,ὥσπερ
2570 4606 2699 4678 γὰρ,
2722 4609 2771 4660 εἰ
2796 4607 3253 4678 καταχρηστικῶς
3288 4609 3595 4663 ἀκουόντων
3633 4609 3782 4679 ἡμῶν

2207 4696 2355 4748 κακὰ
2381 4698 2508 4760 τοὺς
2537 4698 2983 4769 προσαγομένους
3010 4698 3205 4761 πόνους
3225 4699 3338 4762 τοῖς
3375 4699 3782 4768 παιδευομένοις

2208 4788 2313 4840 ὑπὸ
2331 4788 2602 4859 πατέρων,
2622 4790 2716 4843 καὶ
2734 4790 3089 4857 διδασκάλων,
3108 4790 3205 4845 καὶ
3222 4788 3605 4858 παιδαγωγῶν,
3624 4791 3658 4860 ἦ
3684 4790 3783 4843 ὑπὸ

2212 4879 2410 4951 ἰατρῶν
2431 4884 2541 4944 τοῖς
2576 4881 2872 4953 θεραπείας
2893 4883 3079 4935 ἕνεκεν
3116 4881 3468 4953 τεμνομένοις
3509 4882 3542 4953 ἢ
3584 4900 3783 4952 καυτη-

2210 4971 2552 5043 ριαζομένοις
2595 4972 2828 5043 λέγομεν
2882 4973 2974 5027 τὸν
3026 4972 3240 5045 πατέρα
3293 4975 3611 5025 κακοποιεῖν
3674 4975 3782 5033 τοῖς

2207 5065 2360 5129 υἱοῖς,
2406 5063 2440 5133 ἢ
2487 5065 2614 5128 τοὺς
2656 5066 3057 5134 παιδαγωγοὺς,
3087 5065 3122 5136 ἢ
3154 5064 3281 5130 τοὺς
3333 5062 3707 5127 διδασκάλους,
3751 5062 3779 5132 ἢ

2204 5155 2331 5218 τοὺς
2375 5156 2608 5227 ἰατρούς
2645 5157 2796 5211 οὐδὲν
2842 5158 2908 5213 ἂν
2940 5158 3328 5230 κατηγοροῖντο
3355 5158 3406 5211 οἰ
3433 5154 3780 5224 τύπτοντεςῆ

2200 5481 2303 5540 κει,
2331 5463 2616 5540 δοιί-ῐηςεν
2651 5465 2716 5540 τὰ
2736 5464 2878 5540 οὕτω
2937 5467 3084 5522 κακά
3115 5471 3428 5540 πεποιήκει.

2272 5535 2385 5612 (ζῇ)
2417 5533 2754 5612 Hoesehelius
2785 5539 2836 5593 in
2883 5547 3057 5608 textu,
3088 5533 3334 5608 διδόσθω,
3365 5542 3555 5612 sicque
3604 5539 3777 5599 codex

2198 5604 2533 5674 Anglicanus
2576 5608 2623 5658 l.
