3990 6158
338 296 480 361 1585

1583 293 1866 358 CONTRA
1901 297 2183 356 CELSUM
2219 298 2349 356 LIB.
2390 297 2479 355 Vl.

3463 303 3599 360 I586

322 424 694 491 οἱτέμνοντε.,’
718 418 985 488 ούτωςεὶὁ
1012 419 1144 485 Θεὸς
1165 418 1382 489 λέγεται
1398 419 1465 473 τὰ
1487 419 1660 474 τοιαδὶ
1688 419 1912 489 ἐπάγειν

2025 418 2420 475 verberantvel
2445 426 2636 474 secant
2671 419 2789 474 :sic
2837 419 2970 474 nihil
3013 420 3230 476 absurdi
3291 429 3373 476 est
3416 423 3605 478 dicere

332 515 666 585 ἐπιστροφῆς
690 514 781 566 καὶ
800 509 1091 582 θεραπείας
1111 509 1294 562 ἕνεκεν
1317 507 1423 561 τῶν
1447 508 1715 579 δεομένων
1741 510 1914 562 τοιού-

331 622 440 659 των
472 605 669 668 πόνων,
722 603 870 656 οὐδὲν
898 601 964 656 ἂν
996 601 1194 655 ἄτοπον
1237 603 1266 652 ό
1305 599 1462 668 λόγος
1507 599 1638 670 ἔχοιο
1685 597 1796 653 οὔτ’
1845 600 1911 653 ἂν

337 715 357 747 ι
391 696 696 768 καταὸαίνῃ
723 693 870 747 κακὰ
888 693 1047 765 παρὰ
1071 691 1279 764 Κυρίου
1309 692 1401 745 ἐπὶ
1427 691 1601 754 πύλας
1641 692 1910 762 Ἰερουσα-

331 785 464 858 λὴμ,
505 807 523 839 ι
554 787 652 859 τὴν
683 785 980 840 ὑπόστασιν
1015 783 1206 855 ἔχοντα
1240 783 1300 837 ἐν
1337 785 1453 847 τοῖς
1480 781 1587 837 ἀπὸ
1614 782 1722 835 τῶν
1754 783 1912 836 πολε-

336 880 476 949 μίων
509 879 711 942 πόνοις,
754 876 1188 950 προσαγομένοις
1217 876 1401 938 αὐτοῖς
1425 876 1505 938 εἰς
1553 875 1908 945 ὲπιστροφήψ

332 971 444 1024 οὒτ’
468 970 535 1026 ἂν
569 989 588 1023 ι
633 971 1034 1040 ὲπισκέπτηται
1065 969 1121 1021 ὲν
1152 966 1330 1038 ῥάϐδῳ
1366 967 1465 1030 τὰς
1497 962 1724 1037 ἀνομίας
1760 985 1778 1016 ι
1807 965 1913 1018 τῶν

335 1062 804 1131 ἐγκαταλιπόντων
829 1061 919 1114 τὸν
950 1060 1114 1130 νόμον
1134 1057 1226 1111 τοῦ
1253 1057 1408 1122 Θεοῦ,
1445 1077 1463 1108 ι
1488 1057 1580 1111 καὶ
1609 1059 1666 1110 ὲν
1695 1056 1913 1128 μάστιξι

331 1153 432 1217 τὰς
464 1154 738 1226 ἁμαρτίας
759 1152 957 1206 αὐτῶν·
999 1171 1017 1203 ι
1054 1149 1165 1204 οὒτ’
1196 1151 1261 1204 ἂν
1287 1149 1419 1220 λέγῃ
1450 1151 1530 1214 τὸ,
1564 1167 1582 1199 ι
1615 1149 1801 1218 Ἔχεις
1823 1149 1915 1202 άν-

333 1244 545 1316 θρακας
581 1241 775 1317 πυρὸς,
812 1243 1032 1297 κάθισαι
1066 1242 1152 1294 ἐπ’
1183 1238 1396 1302 αὐτούς·
1428 1234 1570 1293 οὗτοι
1593 1237 1802 1291 ἔσονταί
1834 1255 1916 1292 σοι

335 1335 572 1409 βοήθεια.
623 1355 642 1388 ι
678 1335 877 1389 Τοῦτον
904 1335 960 1388 δὲ
993 1334 1083 1387 τὸν
1112 1333 1312 1405 τρόπον
1348 1333 1437 1385 καὶ
1467 1337 1548 1394 τὸ,
1582 1350 1599 1382 ι
1646 1330 1704 1384 '0
1747 1331 1915 1384 ποιῶν

332 1429 578 1502 εἰρήνην,
615 1429 708 1483 καὶ
733 1426 931 1490 κτίζων
958 1425 1124 1490 κακὰ,
1160 1424 1512 1495 διηγούμεθω
1553 1443 1570 1474 ι
1609 1421 1784 1487 κτίζει
1807 1423 1915 1494 γὰρ

331 1523 400 1576 τὰ
435 1519 723 1591 σωματικά
749 1518 783 1588 ἢ
816 1516 885 1570 τὰ
934 1517 1089 1580 ἐκτὸς
1120 1515 1285 1580 κακὰ,
1340 1514 1616 1586 καθαίρων
1655 1515 1748 1568 καὶ
1793 1532 1916 1568 παι-

331 1612 501 1667 δεύων
531 1612 656 1674 τοὺς
684 1608 757 1680 μὴ
793 1607 1152 1680 βουληθέντας
1172 1606 1523 1677 παιδευθῆναι
1545 1606 1688 1675 λόγῳ
1717 1608 1810 1660 καὶ
1835 1607 1915 1660 δι-

332 1702 599 1774 δασκαλίᾳ
641 1703 801 1770 ὑγιεῖ.
839 1701 949 1752 Καὶ
984 1699 1156 1753 ταῦτα
1191 1698 1392 1768 μενεῖς
1415 1703 1501 1758 τὸ,
1541 1716 1558 1748 ι
1591 1697 1716 1761 Πῶς
1743 1700 1840 1768 μὲν
1887 1699 1915 1750 ό

332 1795 464 1857 Θεὸς
485 1794 629 1848 κακά
663 1793 868 1858 ὲποίει;
921 1812 939 1843 ι

405 1888 498 1950 Εἰς
551 1887 607 1940 δὲ
664 1889 746 1951 τὸ,
777 1904 795 1937 ι
832 1884 956 1947 Πῶς
996 1882 1203 1937 πείθειν
1256 1884 1350 1936 καὶ
1397 1882 1665 1935 νουθετεῖν
1729 1882 1919 1936 ἀδυνα-

328 1982 441 2043 τεῖ;
482 1998 500 2028 ι
529 1977 847 2049 προείρηται
883 1975 1002 2044 μὲν,
1034 1976 1115 2028 ὅτι
1149 1975 1311 2026 πᾶσιν
1341 1963 1426 2037 ἂν,
1462 1975 1618 2044 εἴπερ
1668 1973 1920 2045 ἔγκλημά

328 2073 445 2122 ἐστι
472 2070 531 2122 τὸ
558 2068 817 2130 τοιοῦτον,
851 2069 1178 2136 προσάγοιτο
1211 2068 1243 2137 ἡ
1271 2066 1363 2119 τοῦ
1399 2066 1606 2119 Κέλσου
1643 2067 1786 2132 λέξις
1807 2071 1920 2132 τοῖς

325 2160 744 2230 ἀποδεχομένοις
777 2159 1063 2229 Πρόνοιαν·
1105 2158 1505 2228 ἀπολογήσαιτο
1533 2157 1576 2208 δ’
1609 2159 1672 2211 ἀν
1710 2175 1812 2221 τις,
1837 2160 1918 2212 ὅτι

325 2249 627 2303 νουθετεῖν
652 2249 751 2319 μὲν
776 2248 875 2302 οὐκ
903 2249 1154 2302 ἀδυνατεῖ
1179 2250 1206 2300 ὁ
1228 2248 1378 2310 Θεός·
1411 2247 1654 2301 νουθετεῖ
1679 2248 1788 2319 γάρ
1830 2248 1920 2302 διὰ

328 2344 516 2413 πάσης
545 2341 785 2414 γραφῆς,
818 2343 915 2397 καὶ
941 2342 1030 2396 διὰ
1054 2341 1162 2394 τῶν
1191 2341 1372 2412 χάριτι
1399 2341 1756 2396 διδασκόντων
1784 2343 1918 2396 Θεοῦ

322 2435 447 2497 τοὺς
472 2433 787 2497 ἀκούοντας.
810 2435 874 2488 Εἰ
903 2434 977 2506 μὴ
1010 2436 1117 2508 ἄρα
1139 2434 1269 2488 ἴδιόν
1290 2452 1339 2487 τι
1367 2434 1767 2505 σημαινόμενον
1806 2433 1921 2498 ὲξα-

324 2526 537 2580 κούοιτο
588 2528 668 2590 είς
696 2525 756 2579 τὸ
783 2528 1090 2581 νουθετεῖν
1130 2527 1264 2598 (58),
1300 2527 1359 2578 τὸ
1411 2527 1502 2579 καὶ
1538 2526 1920 2596 ἐπιτυγχάνειν

326 2619 386 2671 ὲν
413 2617 492 2688 τῷ
516 2617 939 2688 νουθετουμένῳ,
973 2618 1068 2672 καὶ
1091 2617 1308 2672 ἀκούειν
1338 2617 1430 2672 τὸν
1453 2617 1545 2670 τού
1577 2617 1920 2683 διδάσκοντος

327 2708 504 2777 λόγον·
533 2710 671 2780 ὅπερ
717 2708 833 2762 ἐστὶ
873 2708 1024 2781 παρὰ
1054 2708 1152 2780 τὴν
1189 2709 1396 2763 ἔννοιαν
1422 2709 1516 2763 τοῦ
1555 2710 1917 2781 τετριμμένου

329 2803 390 2854 ἐν
417 2803 480 2872 τῇ
516 2799 770 2872 συνηθείᾳ
803 2799 1224 2871 σημαινομένου.
1261 2801 1356 2864 Εἰς
1382 2799 1438 2852 δὲ
1466 2803 1523 2858 τὸ
1543 2841 1556 2865 ,
1595 2819 1612 2850 ι
1650 2799 1776 2862 Πῶς
1803 2798 1921 2851 πεί-

328 2893 446 2946 θειν
477 2892 763 2956 ἀδυνατεῖ;
807 2913 824 2944 ι
873 2892 968 2946 καὶ
1015 2891 1144 2945 αὐτὸ
1202 2891 1473 2963 προαχθὲν
1508 2891 1572 2944 ἂν
1619 2892 1757 2944 πᾶσι
1809 2893 1919 2953 τοῖς

332 2982 596 3054 Πρόνοιαν
622 2981 1104 3056 παραδεχομένοις,
1140 2981 1311 3035 ταῦτα
1332 2980 1568 3033 λεκτέον.
1613 2979 1827 3050 Ἐπειδὴ
1860 2978 1920 3030 τὸ

330 3073 641 3129 πείθεσθαι
677 3073 786 3144 (59)
820 3071 1059 3142 ὡσπερεὶ
1078 3070 1188 3123 τῶν
1220 3067 1568 3138 καλουμένων
1599 3069 1920 3120 ἀντιπεπον-

2021 510 2163 565 mala
2195 512 2442 580 quaedam
2469 526 2498 564 a
2541 510 2652 565 Deo
2692 511 2876 565 induci
2917 513 2982 565 ad
3009 515 3405 568 convertendos
3435 521 3492 568 et
3517 528 3606 569 sa-

2022 603 2230 656 nandos
2258 603 2349 671 qui
2379 600 2689 670 hujusmodi
2745 602 3010 658 molestiis
3053 618 3188 683 opus
3224 605 3449 660 habent.
3480 605 3602 661 Non

2022 693 2318 748 absurdum
2360 694 2526 748 etiam
2583 710 2602 744 ι
2662 693 2802 747 mala
2831 708 2860 746 a
2893 693 3122 750 Domino
3177 696 3511 753 descendere
3541 698 3603 753 in

2023 793 2207 852 portas
2240 782 2542 839 Jerusalem
2571 785 2620 850 θ,
2664 801 2684 837 ι
2714 799 2836 855 quae
2857 786 2996 840 mala
3024 787 3202 858 posita
3223 797 3382 843 erant
3410 789 3464 843 in
3487 801 3604 842 mo.

2023 872 2202 929 lestiis
2217 888 2354 942 quas
2378 875 2568 931 hostes
2597 877 2908 946 pariebant,
2939 888 2994 933 et
3056 893 3177 947 quae
3224 880 3604 936 conversionis

2022 981 2186 1020 causa
2211 963 2627 1037 inﬁigebantur;
2657 984 2678 1019 ι
2710 968 2926 1022 visitari
2958 969 3010 1023 in
3049 971 3201 1039 virga
3231 971 3549 1041 iniquitates
3578 991 3598 1025 ι

2025 1058 2194 1128 legem
2225 1058 2320 1113 Dei
2353 1058 2797 1128 relinquentium,
2837 1081 2856 1113 ι
2901 1070 2957 1116 ει
2981 1062 3032 1116 in
3062 1063 3381 1119 verberibus
3405 1079 3602 1133 pecca-

2025 1155 2078 1204 ta
2097 1149 2362 1214 eorum";
2402 1167 2420 1200 ι
2452 1158 2506 1204 ει
2531 1150 2672 1204 istud
2708 1150 2852 1204 dici:
2889 1167 2907 1200 ι
2943 1149 3120 1206 Habes
3137 1153 3405 1208 carbones
3434 1154 3600 1225 ignis,

2025 1239 2153 1295 sede
2178 1253 2341 1308 super
2368 1253 2486 1304 eos,
2529 1239 2631 1308 ipsi
2672 1242 2767 1296 tibi
2796 1251 2961 1296 erunt
2999 1245 3206 1298 auxilio
3232 1246 3274 1298 ⁸.
3311 1265 3330 1297 ι
3364 1245 3420 1298 In
3446 1261 3602 1302 eam-

2025 1330 2147 1384 dem
2192 1331 2519 1385 sententiam
2572 1331 2715 1386 istud
2765 1332 3088 1400 exponimus
3138 1353 3200 1388 ε(
3249 1335 3362 1404 Ego
3398 1335 3606 1392 faciens

2025 1435 2215 1490 pacem
2257 1431 2309 1475 et
2337 1436 2533 1476 ereans
2563 1423 2704 1476 maia
2731 1423 2792 1489 9;
2827 1442 2845 1474 ι
2889 1433 3042 1479 creat
3075 1425 3220 1480 enim
3260 1441 3522 1495 corporea
3552 1439 3606 1484 et

2024 1514 2298 1567 exteriora
2322 1514 2482 1580 mala,
2503 1515 2680 1585 iisque
2709 1525 2901 1585 purgat
2931 1528 2987 1572 et
3015 1519 3323 1587 eru'dit,qui
3358 1522 3524 1575 verbo
3549 1532 3606 1578 et

2023 1603 2272 1658 doctrina
2321 1619 2459 1658 sana
2503 1607 2721 1660 erudiri
2758 1607 2966 1661 nolunt.
2997 1609 3177 1678 Atque
3204 1610 3316 1666 haec
3342 1611 3394 1665 in
3425 1613 3601 1668 istud'

2031 1711 2050 1744 ι
2081 1692 2370 1760 Quomodo
2408 1693 2550 1749 Deus
2583 1695 2724 1750 mala
2755 1696 3035 1753 faciebat?
3087 1720 3104 1749 ι

2095 1877 2185 1932 5⁸7.
2222 1875 2379 1932 Νιιηε
2426 1878 2492 1931 ad
2543 1877 2668 1932 illud
2714 1893 2728 1932 :
2775 1897 2793 1930 ι
2849 1881 3136 1948 Quomodo
3174 1887 3508 1952 persuadere
3551 1897 3608 1944 et

2024 1968 2231 2022 hortari
2271 1984 2375 2023 non
2411 1970 2632 2038 potest?
2666 1989 2684 2021 ι
2722 1969 2840 2025 Jam
2866 1971 2998 2036 dixi,
3032 1973 3083 2028 id
3119 1976 3259 2043 quod
3287 1977 3476 2033 Celsus
3515 1979 3605 2035 hic

2023 2060 2233 2128 objicit,
2265 2061 2309 2114 si
2337 2071 2625 2131 propterea
2661 2062 2712 2115 in
2742 2062 2830 2130 jus
2881 2065 3063 2118 vocari
3113 2081 3430 2144 possumus,
3463 2070 3606 2140 obji-

2023 2153 2277 2207 ciendum
2318 2167 2440 2207 esse
2499 2155 2756 2210 omnibus
2801 2156 3206 2213 Providentiam
3265 2161 3606 2217 admittenti-

2023 2243 2143 2298 bus.
2177 2243 2536 2314 Résponderit
2565 2248 2731 2300 etiam
2759 2247 2959 2317 aliquis
2995 2250 3158 2302 Deum
3185 2249 3393 2305 hortari
3423 2267 3602 2321 posse,

2022 2336 2457 2404 quandoquidem
2507 2351 2603 2406 per
2646 2347 2814 2392 totam
2851 2339 3189 2408 Scripturam
3229 2343 3502 2406 hortatur,
3547 2356 3604 2401 et

2023 2442 2120 2496 per
2149 2441 2241 2481 eos
2274 2428 2362 2497 qui
2395 2428 2489 2482 Dei
2522 2430 2700 2496 gratia
2730 2430 2930 2484 docent
2965 2431 3276 2486 audientes.
3323 2431 3434 2488 Nisi
3465 2433 3606 2491 forte

2024 2520 2238 2588 propria
2277 2521 2522 2589 quasdam
2563 2520 2653 2575 isti
2689 2523 2854 2576 verbo
2882 2521 3084 2576 hortari
3127 2524 3450 2594 signiﬁcatio
3501 2529 3603 2583 tri-

2025 2609 2238 2673 buntur,
2293 2608 2446 2678 quasi
2505 2608 2644 2663 idem
2699 2610 3030 2679 exprimeret
3103 2627 3165 2668 ac
3217 2624 3502 2683 penetrare
3546 2619 3602 2672 in

2024 2699 2264 2754 animum
2321 2688 2444 2768 ejus
2474 2701 2542 2754 ad
2573 2714 2732 2770 quem
2783 2701 3022 2758 hortatio
3066 2703 3153 2768 ﬁt,
3189 2715 3245 2760 et
3293 2706 3510 2764 efﬁcere
3545 2719 3604 2764 ut

2024 2805 2332 2846 sermonem
2377 2792 2626 2846 docentis
2659 2792 2968 2862 intelligat;
3008 2797 3058 2848 id
3105 2799 3249 2866 quod
3283 2801 3350 2854 ab
3400 2801 3598 2856 usitata

2023 2883 2427 2954 signiﬁcatione
2453 2885 2678 2939 recedit.
2727 2883 2780 2936 lu
2825 2884 2969 2938 istud
3017 2900 3146 2943 vero
3186 2907 3199 2941 :
3245 2908 3264 2940 ι
3319 2890 3604 2957 Quomodo

2025 2975 2359 3044 persuadere
2395 2991 2499 3030 non
2527 2979 2746 3045 potest?
2789 2995 2806 3029 ι
2841 2979 2984 3047 quod
3015 2989 3068 3034 et
3099 2981 3271 3049 ipsum
3309 2982 3605 3040 Providen-

2028 3066 2156 3118 tiam
2215 3066 2640 3122 admittentibus
2674 3069 2838 3139 objiei
2878 3078 3076 3138 potest,
3125 3071 3435 3138 dicendum,
3471 3076 3601 3144 quia

329 3166 498 3218 θότων
529 3165 698 3230 ἐστὶν,
732 3164 991 3232 ἀνάλογον
1006 3161 1083 3232 τῷ
1100 3161 1398 3229 κείρεσθαι
1427 3158 1733 3227 ἄνθρωπον,
1765 3159 1912 3224 ἐνερ-

2025 3157 2125 3211 hoc
2151 3158 2374 3211 verbum
2419 3160 2728 3224 persuaderi
2780 3175 2847 3213 ex
2892 3161 3181 3214 verborum
3240 3177 3467 3218 numero
3517 3175 3605 3221 est

330 3253 528 3321 γοῦντα
564 3254 626 3305 τὸ
656 3253 914 3322 παρέχειν
942 3249 1128 3304 ἑαυτὸν
1159 3251 1236 3319 τῷ
1269 3249 1523 3320 κείροντι·
1560 3247 1646 3301 διὰ
1674 3246 1830 3300 τοῦτο
1855 3247 1912 3298 ού

335 3343 503 3412 μόνης
533 3342 702 3394 δεῖται
741 3343 837 3411 τῆς
866 3339 961 3393 τοῦ
995 3338 1273 3401 πείθοντος
1307 3336 1606 3407 ἐνεργείας,
1637 3336 1772 3389 ἀλλά
1825 3335 1917 3389 καὶ

332 3433 453 3501 τῆς,
500 3432 566 3484 ἵν’
597 3431 769 3494 οὕτως
811 3431 1084 3502 ὀνομάσω,
1119 3427 1486 3491 ύποπτώσεως
1516 3427 1652 3498 πρὸς
1680 3428 1770 3480 τὸν
1801 3429 1919 3479 πεί-

331 3522 514 3589 θοντα,
552 3525 584 3594 ἢ
620 3523 936 3595 παραδοχῆς
974 3522 1082 3574 τῶν
1132 3519 1440 3591 λεγομένων
1498 3519 1602 3572 ὑπὸ
1659 3518 1754 3572 τοῦ
1799 3520 1919 3572 πεί-

329 3616 534 3682 θοντος.
573 3617 670 3670 Διά
720 3616 880 3669 τοῦτο
945 3616 1006 3668 ού
1071 3615 1223 3686 παρὰ
1272 3612 1336 3667 τὸ
1389 3613 1464 3685 μὴ
1518 3609 1778 3666 δύνασθαι
1824 3611 1916 3664 τὸν

325 3709 460 3762 Θεὸν
511 3709 716 3762 πείθειν
755 3707 975 3762 λεκτέον
1004 3709 1131 3772 τοὺς
1172 3707 1248 3779 μὴ
1286 3705 1642 3777 πειθομένους
1677 3706 1752 3777 μὴ
1789 3703 1912 3757 πεί-

328 3797 535 3864 θεσθαι,
587 3797 724 3853 ἀλλά
776 3798 928 3869 παρά
967 3797 1027 3851 τὸ
1080 3797 1319 3860 ἐκείνους
1369 3797 1444 3867 μὴ
1498 3793 1749 3866 δέχεσθαι
1789 3795 1916 3858 τοὺς

329 3890 612 3952 πιστικοὺς
666 3888 777 3960 (40)
822 3888 1014 3958 λόγους
1049 3887 1140 3941 τοῦ
1189 3887 1343 3941 Θεοῦ.
1397 3887 1566 3940 Τοῦτο
1615 3887 1672 3940 δὲ
1709 3886 1800 3940 καὶ
1830 3889 1915 3940 ἐπ’

326 3979 630 4049 ἀνθρώπων
645 3979 818 4048 λέγων
843 3999 947 4043 τις,
965 3978 1378 4050 ὀνομαζομένων
1407 3979 1626 4042 πειθοῦς
1656 3979 1916 4050 δημιουρ-

327 4072 459 4139 γῶν,
501 4073 601 4124 ούκ
648 4071 714 4124 ἂν
760 4072 995 4143 ἁμάρτοι
1053 4071 1188 4143 (41)·
1242 4069 1466 4124 δυνατὸν
1520 4071 1628 4143 γὰρ
1681 4072 1774 4124 καὶ
1823 4072 1915 4125 τὸν

327 4163 511 4233 ἄκρως
547 4163 910 4233 κατειληφότα
947 4164 1015 4216 τά
1062 4163 1161 4232 τῆς
1210 4163 1508 4235 ῥητορικῆς
1558 4163 1910 4234 θεωρήματα,

327 4254 422 4306 καὶ
455 4253 681 4316 δεόντως
705 4253 887 4316 αὐτοῖς
913 4253 1212 4325 χρώμενον,
1246 4257 1426 4308 πάντα
1453 4255 1551 4326 μὲν
1577 4257 1748 4308 ποιεῖν
1779 4256 1914 4327 πρὸς

325 4343 386 4396 τὸ
421 4343 646 4408 πείθειν,
700 4346 774 4415 μὴ
807 4346 1142 4415 τυγχάνοντα
1176 4347 1232 4400 δὲ
1271 4347 1370 4417 τῆς
1391 4347 1764 4418 προαιρέσεως
1817 4347 1912 4400 τοῦ

325 4435 633 4505 ὀφείλοντος
663 4437 944 4492 πείθεσθαι
965 4439 1140 4493 δοκεῖν
1173 4441 1245 4511 μὴ
1281 4441 1506 4494 πείθειν.
1549 4442 1668 4493 ’Ότι
1700 4440 1775 4505 δὲ,
1812 4441 1912 4494 κᾶν

2023 3262 2144 3317 qua:
2193 3247 2461 3317 duplicem
2499 3250 2766 3303 actionem
2814 3249 3094 3314 iudicant;
3163 3252 3466 3322 enjusmodi
3517 3265 3605 3311 est

2031 3341 2261 3406 tonderi,
2293 3341 2437 3408 quod
2463 3341 2734 3412 signiﬁcat
2769 3350 2822 3396 et
2869 3344 3142 3397 actionem
3201 3346 3502 3412 tondentis,
3545 3357 3603 3404 et

2022 3432 2290 3486 actionem
2321 3429 2442 3499 ejus
2477 3433 2566 3502 qui
2601 3446 2661 3488 se
2695 3433 2896 3501 prmbet
2934 3436 3263 3491 tondendum
3301 3455 3313 3490 :
3350 3449 3604 3507 propter-

2019 3535 2083 3577 ea
2138 3538 2243 3576 non
2288 3523 2464 3578 solum
2488 3537 2627 3592 opus
2663 3538 2784 3578 esse
2816 3527 3197 3593 persuadentis
3243 3529 3477 3594 actione,
3505 3531 3599 3584 sed

2022 3615 2185 3668 etiam
2209 3623 2264 3668 ut
2295 3618 2385 3683 qui
2420 3615 2806 3683 persuadetur,
2828 3630 2910 3679 se,
2945 3625 3005 3668 ut
3034 3616 3104 3669 ita
3128 3616 3337 3686 loquar,
3369 3633 3598 3687 persua-

2022 3706 2167 3761 denti
2191 3705 2496 3769 submittat,
2524 3714 2616 3760 aut
2639 3705 2870 3774 recipiat
2901 3721 3020 3774 qua:
3065 3720 3094 3761 a
3127 3709 3488 3775 persuadente
3517 3711 3601 3764 di-

2021 3806 2238 3851 cuntur.
2277 3795 2639 3862 Quamobrem
2673 3798 2716 3851 si
2756 3800 2846 3866 qui
2873 3813 2981 3852 non
3023 3799 3438 3868 persuadeatur,
3492 3817 3599 3857 nou

2021 3891 2224 3945 idcirco
2255 3889 2541 3944 dicendum
2566 3888 2618 3944 id
2650 3888 2776 3943 inde
2816 3890 2971 3954 oriri,
3002 3891 3148 3958 quod
3186 3891 3326 3946 Deus
3371 3908 3600 3962 persua-«

2019 3982 2149 4036 dere
2168 3994 2273 4034 non
2295 3979 2491 4048 possit,
2529 3980 2624 4035 sed
2684 3979 2826 4049 quod
2864 3979 2938 4034 illi
2975 3980 3068 4035 Dei
3113 3997 3396 4039 sermones
3420 3985 3486 4039 ad
3514 3985 3601 4039 fa.

2019 4072 2266 4127 ciendam
2304 4071 2467 4126 ﬁdem
2498 4081 2655 4141 aptos
2698 4087 2803 4126 non
2853 4073 3169 4129 admittant.
3204 4073 3348 4128 Idem
3388 4077 3478 4143 qui
3514 4077 3598 4132 di-

2017 4173 2172 4219 ceret
2202 4170 2268 4219 de
2295 4163 2406 4218 illis
2427 4163 2746 4217 hominibus
2793 4179 2934 4232 quos
2962 4167 3325 4233 persuadendi
3354 4167 3598 4224 artiﬁces

2019 4271 2300 4323 vocamus,
2329 4270 2435 4309 non
2467 4255 2769 4310 falleretur.
2806 4254 2950 4309 Fieri
2981 4257 3128 4310 enim
3175 4266 3353 4324 potest
3400 4267 3459 4312 ut
3496 4259 3598 4313 ali-

2018 4349 2140 4418 quis
2175 4348 2418 4417 apprime
2445 4347 2727 4401 rhetorica:
2755 4358 3025 4416 przecepta
3060 4349 3267 4404 callens
3324 4350 3502 4420 iisque
3537 4359 3599 4406 ut

2017 4453 2119 4508 par
2147 4449 2228 4494 est
2251 4448 2408 4492 utens
2425 4439 2611 4492 omnia
2633 4437 2699 4491 ad
2721 4439 3157 4505 persuadendum
3185 4439 3368 4509 faciat,
3396 4457 3495 4497 nec
3515 4449 3600 4497 ta-

322 4531 385 4582 τὸ
410 4532 690 4594 πιστικοὺς
723 4530 832 4603 (42)
882 4531 1134 4598 λέγεσθαι
1187 4531 1376 4601 λόγους
1421 4532 1532 4585 ἀπὸ
1580 4532 1716 4585 Θεοῦ
1748 4532 1912 4603 ἔρχη-

2025 4548 2138 4587 men
2173 4532 2428 4585 videatur
2476 4533 2835 4600 persuadere,
2867 4541 3152 4600 propterea
3192 4533 3334 4601 quod
3379 4533 3599 4587 vincere

324 4639 437 4684 ται,
464 4624 524 4677 τό
553 4641 614 4692 γε
652 4621 932 4676 πείθεσθαι
968 4624 1068 4676 οὐκ
1109 4625 1256 4677 ἔστιν
1307 4623 1416 4677 ἀπὸ
1455 4621 1610 4677 Θεοῧο
1644 4623 1831 4693 σαφῶς
1876 4624 1906 4674 ὁ

325 4714 533 4778 Παῦλος
562 4716 822 4782 διδάσκει,
857 4715 1050 4784 λέγων·
1086 4735 1103 4765 ι
1151 4712 1216 4768 Ἦ
1246 4715 1514 4786 πεισμονὴ
1548 4715 1648 4768 ούκ
1701 4716 1766 4768 ἐκ
1807 4714 1902 4768 τοῦ

326 4805 614 4870 καλοῦντος
645 4807 788 4877 ὑμᾶς
823 4807 956 4875 (45).
994 4827 1013 4858 ι
1052 4806 1303 4860 Τοιοῦτόν
1333 4809 1448 4860 ἐστι
1471 4808 1562 4861 καὶ
1595 4811 1683 4874 τὸ,
1716 4827 1734 4858 ι
1779 4807 1904 4860 Ἐὰν

325 4895 538 4982 eam:
573 4901 664 4951 καὶ
691 4899 1043 4970 εἰσακούσητέ
1069 4916 1193 4970 μου,
1223 4900 1291 4952 τά
1318 4899 1500 4969 ἀγαθά
1529 4899 1628 4970 τῆς
1662 4900 1768 4970 γῆς
1798 4900 1902 4968 φά-

2017 4641 2123 4681 non
2157 4632 2334 4693 potest
2353 4623 2470 4692 ejus
2496 4623 2833 4690 voluntatem
2857 4623 2946 4692 qui
2985 4624 3299 4692 persuaderi
3331 4623 3511 4679 debet.
3531 4625 3600 4678 Et

2015 4733 2147 4772 sane
2183 4718 2326 4785 quod
2359 4731 2446 4770 res
2485 4715 2740 4770 dicantur
2777 4715 2842 4769 ad
2884 4715 3322 4785 persuadendum
3365 4717 3593 4782 idoneas,

2018 4811 2068 4862 id
2123 4825 2152 4863 a
2202 4808 2311 4862 Deo
2361 4808 2758 4877 proﬁciscitur,
2817 4809 3194 4876 persuasionis
3247 4815 3431 4863 autem
3485 4825 3595 4865 non

2016 4902 2160 4955 Deus
2219 4907 2304 4952 est
2356 4910 2548 4954 auctor
2601 4915 2613 4950 :
2675 4900 2839 4968 idque
2900 4901 3183 4970 perspicue
3236 4900 3397 4956 docet
3455 4901 3598 4956 Pau-

397 5051 421 5084 ⁸
452 5049 614 5131 Mich.
648 5067 684 5119 ι,
714 5053 803 5106 ιε.
881 5054 900 5082 ⁷
929 5053 1068 5110 Psal.
1095 5067 1364 5122 Lxxxvm,
1392 5053 1483 5110 52.
1562 5054 1583 5084 ⁸
1616 5054 1718 5109 lsa.
1744 5069 1912 5118 XLVII,

2025 5094 2035 5117 ,
2067 5053 2156 5110 15.
2235 5054 2255 5086 ³
2288 5054 2390 5110 lsa.
2419 5071 2543 5119 XLV,
2573 5055 2626 5108 7.

406 5204 518 5277 (58)
554 5205 710 5260 Libb.
757 5216 911 5277 antea
958 5207 1089 5261 editi
1135 5209 1186 5261 in
1224 5206 1475 5277 margine
1518 5207 1742 5271 habent,
1780 5207 1909 5261 ῖδιόν

320 5275 423 5342 τις
441 5277 836 5348 σημαινόμενον
859 5275 1112 5348 ἐξακούει
1140 5279 1200 5330 τὸ
1231 5275 1526 5348 νουθετεῖν.

393 5346 780 5417 (59)“Έπειδὴ
807 5347 874 5400 τὸ
900 5348 1230 5408 πείθεσθαι,
1255 5357 1364 5402 etc.
1417 5347 1595 5402 Locus
1639 5348 1727 5401 hic
1763 5348 1903 5401 inte-

320 5434 422 5489 ger
446 5433 567 5473 esse
597 5435 705 5472 non
741 5419 951 5489 videtur
976 5417 1174 5489 Guieto
1209 5419 1300 5489 qui
1333 5417 1564 5489 dubitat
1603 5432 1671 5469 au
1720 5417 1790 5489 ita
1833 5419 1906 5489 sit

321 5485 675 5559 corrigendus
713 5505 726 5541 :
776 5487 991 5560 Ἐπειδὴ
1015 5487 1084 5560 το
1132 5485 1460 5560 πείθεσθαι,
1510 5485 1752 5560 ὡσπερεὶ
1791 5488 1899 5560 τῶν

321 5557 668 5631 καλούμένων
708 5557 1173 5631 ἀντιπεπονθότων
1227 5557 1306 5631 ὃν,
1343 5559 1604 5631 ἀνάλογον
1789 5559 1901 5610 κεί-

325 5627 542 5700 ρεσθαι,
593 5630 759 5700 ἤγουν
815 5628 893 5700 τῷ
954 5629 1214 5699 παρέχειν
1267 5628 1460 5700 ἑαυτὸν
1511 5627 1589 5698 τῷ
1637 5627 1892 5700 κείροντι.

321 5693 504 5768 itaque
532 5693 963 5777 τάξάνθρωπον,
1017 5693 1071 5777 (ξι
1101 5693 1445 5777 ’ἐνεργοῦντα
1469 5737 1482 5761 ,
1532 5693 1678 5777 mera
1720 5693 1897 5777 suspi-

325 5780 476 5825 catur
497 5786 618 5826 esse
641 5769 990 5838 glosSemata.
1023 5769 1137 5836 Qua
1166 5787 1296 5825 vero
1324 5770 1390 5825 de
1414 5784 1574 5825 causa
1610 5770 1687 5826 sic
1709 5769 1894 5838 opi'nco

643 5864 914 5931 PATROL.
959 5862 1075 5922 Gn.
1126 5863 1230 5922 ΧΙ.

2016 5217 2126 5273 tur,
2169 5209 2427 5277 ignorare
2461 5225 2548 5265 me
2589 5211 2784 5277 fateor,
2835 5227 2933 5267 nec
2968 5214 3154 5270 videre
3191 5228 3288 5267 cur
3326 5206 3592 5278 ejusmodi

2012 5281 2354 5351 correctione
2402 5282 2644 5350 indigeat
2679 5297 2920 5348 praesens
2974 5284 3152 5348 locus,
3196 5284 3250 5337 in
3291 5298 3399 5351 quo
3457 5283 3589 5337 nihil

2007 5350 2172 5402 etiam
2201 5351 2315 5403 vitii
2343 5354 2564 5419 agnovit
2593 5351 2934 5406 Boherellus.

2099 5419 2188 5488 40)
2213 5418 2556 5487 Πιστιίκούς.
2582 5422 2810 5476 Guietus
2836 5421 3049 5482 scribit.
3084 5418 3423 5483 πειστικούς.

2099 5419 2188 5488 40)
2213 5423 2556 5487 Πιστικούς.
2582 5422 2810 5476 Guietus
2836 5421 3049 5482 scribit.
3084 5419 3423 5483 πειστικούς.

2076 5419 2188 5565 ίιι)
2213 5489 2367 5556 Μεε.,
2401 5493 2659 5564 ἁμάρτοι.
2692 5490 2912 5545 litesch.
2948 5500 3000 5544 et
3025 5492 3335 5559 Speucerus
3367 5528 3382 5556 ,
3412 5491 3586 5565 ἀμάρο

2002 5572 2101 5614 τει.

2100 5632 2188 5702 42)
2217 5634 2560 5702 Πίστικους.
2598 5632 2751 5702 Legit
2776 5630 3026 5702 Guietus,
3057 5629 3391 5702 πειστικούς.

2100 5634 2188 5702 42)
2217 5634 2560 5695 Πιστικους.
2598 5634 2751 5698 Legit
2776 5634 3026 5694 Guietus,
3057 5634 3391 5692 πειστικούς.

2076 5634 2192 5773 ίλιό)
2228 5697 2374 5766 Μὶεη
2403 5702 2568 5769 ὑμᾶς.
2604 5701 2947 5756 llocschelius
2981 5710 3037 5754 et
3060 5699 3390 5768 Speucerus.
3414 5699 3588 5773 ἡμᾶς.

3198 5854 3273 5912 sit
