3990 6158
423 284 447 338 ἡ
458 285 557 341 δεῖ

1925 272 2243 331 ORIGENIS

3537 260 3687 319 1588

420 402 539 467 lus,
602 415 723 456 cum
783 399 859 453 ait
902 416 913 452 :
964 416 982 448 ι
1038 395 1329 450 Persuasio
1380 408 1487 449 non
1537 400 1619 445 est
1668 405 1735 446 ex
1779 404 1845 446 eo
1902 391 1993 459 qui

2112 386 2291 455 γεσθε·
2340 383 2434 435 ὲάν
2479 381 2535 434 δὲ
2588 379 2660 449 μὴ
2705 378 2915 448 θέλητε,
2966 377 3097 448 μηδὲ
3148 374 3503 446 εἰσακούσητέ
3552 394 3704 437 μου,

419 492 584 562 677
632 498 785 544 vocat
842 502 959 541 vos.
989 486 1033 517 ³⁸
1068 504 1086 536 ι
1122 486 1396 552 Ejusmodi
1460 492 1543 539 est
1596 483 1761 537 etiam
1794 481 1935 536 istud
1983 498 1997 533 :

428 608 447 634 ι
488 584 545 638 Si
581 581 859 637 volueritis
880 587 936 631 et
967 576 1251 631 audieritis
1273 590 1379 640 me,
1402 575 1544 629 bona
1576 582 1734 627 terrm
1757 573 2000 626 comede-

424 676 526 739 tis;
556 673 700 743 quod
730 672 772 725 si
803 669 1107 733 nolueritis,
1141 681 1317 737 neque
1339 665 1625 720 audieritis
1646 678 1753 725 me,
1792 663 2000 733 gladius

421 764 707 819 devorabit
740 764 837 815 vo's
858 760 924 815 ¹¹.
957 777 976 812 ι
1020 759 1091 815 Ut
1120 759 1265 814 enim
1310 758 1508 826 aliquis
1539 755 1671 809 velit
1700 770 1822 823 qua:
1864 753 1999 808 dicit

421 858 685 915 hortator,
720 864 775 906 et
818 851 924 907 illis
956 851 1251 906 obsecutus
1283 848 1506 919 dignum
1544 862 1603 903 se
1642 846 1878 918 pra-heat
1906 845 1995 913 qui

418 947 512 1002 Dei
561 944 829 1014 promissa
884 949 1275 1012 consequatur,
1311 954 1449 1008 opus
1491 948 1575 993 est
1628 947 1687 991 ut
1745 936 1999 990 voluntas

418 1033 687 1087 audientis
744 1031 1063 1100 acquiescat
1126 1039 1179 1083 et
1237 1029 1399 1084 dictis
1449 1028 1809 1083 assentiatur.
1851 1027 1996 1093 Qua-

416 1133 639 1194 propter
666 1121 719 1175 in
756 1120 1177 1175 Deuteronomio
1196 1118 1466 1173 luculente
1496 1117 1627 1172 mihi
1652 1117 1851 1170 dictum
1875 1130 1995 1172 esse

416 1216 668 1270 videtur:
705 1230 725 1263 ι
751 1213 816 1267 Ει
850 1227 1015 1275 nunc,
1041 1211 1227 1276 Israel,
1260 1211 1385 1279 quid
1415 1210 1673 1266 Dominus
1704 1207 1844 1263 Deus
1870 1216 1995 1263 tuus

416 1306 553 1376 petit
600 1321 631 1359 a
684 1313 770 1369 te,
808 1304 912 1358 nisi
962 1312 1021 1355 ut
1050 1301 1255 1369 timeas
1298 1302 1582 1354 Dominum
1620 1299 1782 1352 Deum
1819 1308 1993 1361 tuum,

414 1406 468 1452 et
500 1397 744 1451 ambules
777 1395 830 1449 in
862 1393 1111 1449 omnibus
1142 1393 1245 1447 viis
1277 1392 1414 1461 ejus,
1447 1402 1501 1446 et
1530 1391 1725 1460 diligas
1761 1405 1905 1452 eum,
1940 1397 1996 1444 et

415 1488 694 1544 cusmdias
719 1487 967 1539 mandata
997 1484 1216 1553 ejus“?
1258 1503 1277 1535 ι

488 1575 577 1629 58.
611 1573 816 1628 Deinde
855 1571 1206 1627 refellendum
1240 1573 1389 1626 venit
1423 1571 1567 1625 istud
1606 1589 1619 1625 :
1655 1590 1671 1624 ι
1714 1572 1824 1627 Cur
1866 1587 1989 1626 eum

416 1667 643 1734 pmnitet
697 1665 939 1733 ingratos
984 1678 1201 1717 creasse
1247 1672 1302 1717 et
1332 1663 1627 1732 improbos,
1650 1664 1717 1717 de
1740 1680 1837 1717 sua
1873 1673 1991 1718 arte

2105 474 2351 544 μάχαιρα
2384 473 2527 541 ὑμᾶς
2562 471 2884 547 κατέδεται..
2907 489 2924 519 ι
2967 466 3082 521 Ἵνα
3112 468 3221 538 γάρ
3253 484 3335 529 τις
3369 466 3501 539 θέλῃ
3534 468 3700 539 ἅπερ

2100 567 2249 635 λέγει
2274 568 2302 619 6
2330 562 2613 627 νουθετῶν,
2648 564 2742 616 καὶ
2768 562 3093 624 εἰσακούσας
3121 560 3298 613 αὑτῶν
3330 559 3478 623 ἄξιος
3512 559 3693 628 γένη-

2098 677 2189 712 ται
2233 657 2340 711 τῶν
2388 656 2481 709 τοῦ
2530 655 2663 707 Θεοῦ
2727 653 3089 722 ἐπαγγελιῶν,
3158 652 3257 722 τῆς
3308 651 3699 722 προαιρέσεως

2100 749 2191 802 τοῦ
2239 749 2527 810 ἀκούοντος
2562 746 2659 811 δεῖ,
2703 746 2796 799 καὶ
2840 746 2939 815 τῆς
2974 744 3109 814 πρὸς
3142 742 3209 795 τὰ
3242 742 3512 812 λεγόμενα
3560 744 3695 794 ἑπι-

2099 844 2351 908 νεύσεως.
2387 844 2585 913 Διόπερ
2619 844 2677 895 ὲν
2710 840 3115 912 Δευτερονομίῳ
3148 838 3497 909 ἐμφαντικῶς
3531 839 3694 908 εἰρῆ-

2101 935 2223 987 σθαί
2261 952 2349 1004 μοι
2383 934 2529 987 δοκεῖ
2574 942 2673 996 τὸ,
2706 952 2723 983 ι
2767 931 2878 985 Καὶ
2909 931 3024 995 νῦν,
3072 931 3309 1002 Ἰσραὴλ,
3341 930 3391 983 τί
3424 930 3629 1001 Κύριος
3660 934 3696 985 ὁ

2098 1028 2229 1089 Θεός
2262 1044 2353 1080 σου
2389 1027 2528 1079 αἰτεῖ
2562 1026 2672 1095 (44)
2708 1026 2858 1094 παρὰ
2885 1023 3001 1086 σοῦ,
3036 1023 3149 1077 ἀλλ’
3182 1025 3215 1093 ἢ
3250 1022 3532 1090 φοϐεῖσθαι
3568 1022 3693 1075 Κύ-

2102 1135 2213 1187 ριον
2247 1119 2337 1170 τὸν
2384 1118 2516 1169 Θεόν
2552 1135 2669 1180 σου,
2704 1117 2798 1169 καὶ
2839 1114 3167 1185 πορεύεσθαι
3216 1117 3274 1167 ὲν
3321 1114 3520 1177 πάσαις
3562 1117 3694 1178 ταῖς

2096 1209 2232 1271 ὁδοῖς
2266 1208 2451 1269 αὑτοῦ,
2501 1206 2595 1261 καὶ¹
2629 1208 2850 1277 ἀγαπᾷν
2883 1206 3067 1270 αὑτὸν,
3116 1205 3210 1260 καί
3244 1204 3539 1273 φυλάσσειν
3583 1203 3693 1267 τάς

2094 1300 2314 1365 ἐντολὰς
2352 1298 2514 1353 αὑτοῦ
2544 1316 2557 1365 ;
2603 1316 2620 1351 ι

2163 1572 2274 1630 Εἶθ’
2305 1576 2433 1646 ἑξῆς
2467 1579 2614 1629 ἐστιν
2648 1575 2961 1645 ἀπαντῆσαι
2998 1573 3133 1645 πρὸς
3172 1576 3257 1637 τὺ,
3297 1591 3317 1625 ‹
3365 1572 3488 1635 Πῶς
3516 1569 3559 1624 δ’
3599 1555 3695 1624 ἐπ’

2095 1670 2277 1733 αὑτοῖς
2310 1669 2625 1740 ἀχαρίστοις
2661 1669 2755 1721 καὶ
2790 1670 3047 1739 πονηροῖς
3091 1666 3406 1735 γενομένοις
3440 1664 3695 1735 μεταμέ-

417 1759 795 1830 couqueritur,
822 1767 877 1812 et
897 1758 1021 1813 odio
1056 1757 1240 1820 habet,
1272 1756 1505 1809 intendit
1536 1756 1732 1821 minas,
1777 1768 1832 1810 et
1869 1770 1993 1825 pro-

2112 1765 2203 1825 λει,
2235 1761 2327 1813 καὶ
2355 1761 2452 1831 τὴν
2480 1759 2676 1812 ἑαυτοῦ
2702 1759 2897 1829 τέχνην
2936 1758 3230 1828 μέμφεται,
3266 1758 3359 1810 καὶ
3395 1759 3562 1827 μισεῖ,
3594 1754 3696 1807 καὶ

418 1852 568 1922 prios
606 1850 743 1904 ﬁlios
796 1849 1146 1919 pessumdat?
1184 1866 1204 1900 ι
1243 1848 1336 1903 Sic
1381 1848 1602 1902 lacessit
1631 1849 1916 1904 calumniis
1942 1859 1998 1904 et

416 1957 582 2012 prave
625 1943 912 2011 detorquet
949 1955 1069 2009 quae
1110 1940 1163 1994 in
1195 1938 1393 1994 Genesi
1428 1948 1720 1992 narrantur
1750 1940 1804 1993 in
1852 1940 1998 1995 hunc

419 2036 637 2090 modum
675 2051 689 2088 :
730 2052 748 2083 ι
784 2033 981 2087 Videns
1020 2040 1201 2086 autem
1229 2031 1375 2086 Deus
1415 2033 1718 2100 completas
1741 2047 1862 2087 esse
1896 2033 1999 2086 ini-

419 2124 661 2193 quitates
710 2123 990 2178 hominum
1050 2122 1106 2176 in
1172 2134 1343 2186 terra,
1395 2130 1452 2175 et
1511 2136 1702 2177 omnes
1738 2123 1792 2176 in
1834 2122 1999 2177 corde

417 2217 662 2285 eugitare
695 2216 760 2268 de
794 2214 950 2268 malis
995 2224 1138 2268 totos
1180 2214 1317 2277 dies,
1345 2212 1667 2281 recogitavit
1700 2212 1843 2267 Deus
1867 2212 1997 2282 quid

418 2312 694 2366 hominem
742 2308 962 2365 fecisset
1002 2309 1057 2362 in
1089 2318 1259 2372 terra,
1290 2290 1353 2361 et
1371 2307 1604 2361 versavit
1630 2305 1680 2360 in
1706 2306 1870 2360 corde
1899 2320 2000 2360 suo

418 2417 475 2462 et
520 2406 657 2461 dixit
681 2406 823 2460 Deus
864 2421 878 2457 :
912 2400 1110 2456 Deleho
1156 2401 1431 2456 hominem
1465 2414 1627 2468 quem
1662 2397 1766 2453 l'eci
1796 2413 1825 2452 a
1861 2397 2000 2452 facie

420 2509 603 2565 terrae,
631 2497 700 2552 ab
732 2496 952 2551 homine
979 2494 1046 2547 ad
1072 2492 1396 2556 animantia,
1421 2506 1450 2545 a
1495 2491 1673 2561 reptili
1716 2504 1889 2559 usque
1931 2488 2000 2543 ad

418 2591 669 2647 volucres
695 2588 843 2653 coeli,
865 2583 1161 2655 recOgitavi
1189 2584 1334 2638 enim
1361 2583 1503 2652 quod
1524 2596 1617 2636 eos
1641 2580 1861 2636 fecerim
1886 2582 1949 2633 ¹³.
1976 2598 1995 2630 ι

420 2684 552 2749 Quae
581 2682 782 2749 scripta
817 2690 921 2731 non
945 2686 1071 2731 sunt
1108 2676 1340 2745 profert,
1370 2673 1528 2741 quasi
1560 2672 1624 2725 iis
1648 2686 1772 2739 qua:
1798 2669 2000 2738 scripta

419 2786 548 2829 sunt
593 2772 938 2835 iudicentur;
984 2767 1131 2821 nulla
1159 2770 1305 2822 enim
1336 2767 1387 2818 in
1417 2764 1539 2819 istis
1573 2764 1639 2817 de
1681 2762 2000 2832 pmnitentia

421 2865 517 2920 Dei
546 2864 748 2920 mentio
772 2870 876 2925 est,
906 2874 1005 2915 nec
1020 2861 1085 2914 de
1101 2874 1195 2913 sua
1229 2868 1347 2912 arte
1376 2858 1556 2925 queri,
1598 2870 1701 2909 nec
1734 2870 1854 2909 eam
1879 2854 2004 2907 odio

424 2958 629 3011 habere
660 2955 877 3023 legitur.
898 2953 1053 3020 Quod
1086 2960 1269 3004 autem
1301 2948 1439 3001 Deus
1472 2946 1715 3001 minitari
1742 2946 2001 3001 diluvium

421 3056 477 3103 et
522 3047 614 3103 illo
668 3046 919 3114 proprios
963 3042 1103 3095 ﬁlios
1148 3041 1365 3094 videtur
1405 3039 1781 3107 exstinguere,
1816 3037 2073 3138 dicen-c

422 3142 575 3205 dum,
616 3152 738 3192 cum
784 3133 1109 3189 immortalis
1158 3131 1439 3203 hominum
1478 3130 1661 3182 anima
1697 3129 1792 3193 sit,
1827 3129 2003 3184 minas

422 3232 547 3286 illas
575 3244 639 3283 eo
672 3227 897 3282 consilio
944 3222 1175 3286 intendi,
1199 3232 1257 3275 ut
1280 3221 1375 3289 qui
1408 3221 1635 3274 audiunt
1676 3229 1999 3274 convertan-

424 3332 548 3387 tur;
581 3318 1008 3374 internecionem
1050 3323 1233 3368 autem
1272 3312 1555 3365 hominum
1608 3326 1704 3380 per
1741 3311 1999 3365 diluvium

422 3428 546 3469 esse
570 3422 730 3467 terra:
754 3409 1169 3479 purgationem;
1199 3406 1247 3459 id
1272 3409 1417 3476 quod
1448 3403 1751 3459 doctissimi
1784 3404 2003 3459 Graeco-

424 3520 547 3559 rum
604 3501 906 3573 philosophi
952 3500 1149 3553 docent
1180 3498 1266 3551 his
1308 3497 1488 3551 verbis
1533 3514 1546 3550 :
1599 3514 1615 3547 t
1654 3497 1880 3562 Quando
1928 3494 2001 3548 dii

426 3606 631 3653 terram
668 3593 1041 3664 purgaverint.
1093 3610 1112 3643 ι
1154 3591 1422 3646 (Σωιετυιιι
1452 3589 1519 3642 de
1556 3588 1725 3653 locis,
1766 3588 1855 3641 ubi
1888 3588 2000 3641 Deo

425 3688 741 3743 tribuuntur
782 3682 1004 3739 humani
1039 3680 1305 3746 ali‘ectus,
1345 3696 1453 3735 non
1499 3693 1673 3749 pauca
1710 3678 1865 3734 nobis
1885 3677 1999 3748 jam

425 3778 569 3832 dicta
602 3783 730 3830 sunt
759 3773 810 3827 in
839 3773 1241 3844 superioribus.

2104 1852 2334 1916 ἀπειλεῖ,
2367 1852 2461 1905 καὶ
2504 1850 2716 1921 φθείρει
2750 1853 2817 1904 τά
2865 1851 2971 1903 ἴδια
3004 1852 3235 1919 ἒκγονας
3290 1869 3307 1901 2
3357 1849 3696 1917 Συκοφαντεῖ

2100 1942 2144 1995 δ’
2181 1943 2238 1994 ὲν
2282 1941 2491 2005 τούτοις
2538 1943 2633 1995 καὶ
2678 1942 3077 2011 καταψεύδεται
3115 1942 3225 1996 τῶν
3262 1944 3320 1995 ὲν
3361 1946 3426 2012 τῇ
3468 1941 3693 1993 Γενέσει

2103 2036 2502 2106 γεγραμμένων
2551 2036 2643 2088 τὸν
2693 2036 2891 2106 τρόπον
2929 2036 3137 2091 τοῦτον·
3188 2037 3331 2091 Ἰδὼν
3375 2036 3432 2088 δὲ
3480 2034 3692 2104 Κύριος

2102 2127 2131 2178 6
2154 2126 2304 2189 Θεὸς,
2340 2126 2423 2177 ὅτι
2456 2125 2868 2196 έπληθύνθησαν
2893 2127 2946 2179 αἰ
2974 2126 3163 2180 κακίαι
3196 2128 3303 2180 τῶν
3329 2128 3422 2180 ἐπὶ
3444 2125 3544 2197 τῆς
3573 2126 3693 2195 (45)

2103 2217 2224 2285 γῆς,
2268 2215 2361 2267 καὶ
2409 2216 2516 2277 πᾶς
2547 2232 2633 2279 τις
2665 2215 2957 2268 διανοεῖται
2990 2217 3049 2269 ὲν
3077 2219 3141 2287 τῇ
3179 2216 3375 2287 καρδίᾳ
3409 2215 3691 2284 ἐπιμελῶς

2106 2307 2197 2359 ἐπὶ
2224 2308 2290 2359 τὰ
2316 2305 2525 2377 πονηρά
2549 2305 2727 2369 πάσας
2747 2307 2845 2370 τὰς
2873 2306 3108 2378 ἡμέρας,
3133 2306 3442 2377 ἐνεθυμήθη
3467 2308 3495 2359 6
3524 2305 3690 2370 Θεὸς,

2103 2398 2185 2450 ὅτι
2221 2398 2440 2467 ἐποίησε
2468 2398 2557 2450 τὸν
2584 2398 2871 2468 ἄνθρωπον
2904 2400 2995 2450 ἐπὶ
3019 2398 3116 2468 τῆς
3141 2399 3244 2469 γῆς
3267 2415 3279 2427 ·
3318 2398 3412 2450 καὶ
3439 2396 3690 2467 διενοήθη

2103 2492 2160 2543 ὲν
2193 2493 2258 2561 τῇ
2293 2490 2488 2561 καρδίᾳ
2522 2489 2709 2551 αὑτοῦ,
2759 2491 2856 2544 καὶ¹
2906 2486 3057 2543 εἶπεν
3104 2491 3133 2541 6
3169 2490 3319 2553 Θεός’
3377 2490 3693 2558 Ἀπαλείψω

2103 2582 2194 2634 τὸν
2228 2582 2533 2650 ἄνθρωπον,
2568 2582 2627 2633 ὃν
2669 2582 2920 2650 ἐποίησα,
2966 2582 3073 2635 ἀπὸ
3109 2582 3403 2653 προσώπου
3432 2584 3529 2653 τῆς
3562 2583 3689 2651 γῆς,

2106 2674 2216 2727 ἀπὸ
2251 2674 2535 2744 ἀνθρώπου
2569 2674 2673 2738 ἕως
2720 2675 2968 2744 κτήνους,
3010 2674 3104 2727 καὶ
3138 2675 3247 2727 ἀπὸ
3296 2674 3542 2747 ἑρπετῶν
3586 2674 3691 2737 ἕως

2104 2764 2211 2818 τῶν
2238 2765 2497 2819 πετεινῶν
2530 2765 2621 2819 τοῦ
2657 2766 2909 2837 ούρανοῦ·
2952 2768 3033 2818 ὅτι
3068 2766 3409 2837 ἐνεθυμήθην
3439 2767 3571 2837 (46),
3606 2768 3691 2819 ὅτι

2104 2848 2585 2926 ἐποίησαἀὑτούς·
2629 2877 2645 2908 ι
2685 2858 2751 2910 τὰ
2789 2857 2863 2927 μὴ
2911 2858 3275 2929 γεγραμμένα
3319 2859 3686 2928 ἐκτιθέμενος,

2104 2947 2179 3011 ὡς
2228 2948 2530 3019 δηλούμενα
2580 2950 2687 3003 ἀπὸ
2734 2949 2840 3001 τῶν
2884 2951 3306 3021 γεγραμμένων.
3347 2952 3683 3021 Μεταμέλεια

2106 3040 2215 3111 γὰρ
2262 3042 2319 3092 ἐν
2368 3040 2577 3103 τούτοις
2627 3040 2726 3093 οὑκ
2776 3040 3069 3112 ὠνομάσθη
3104 3041 3262 3106 Θεοῦ,
3311 3043 3415 3095 οὐδ’
3457 3042 3535 3094 ὅτι
3586 3041 3687 3113 τὴν

2107 3132 2299 3186 ἑαυτοῦ
2343 3133 2535 3203 τέχνην
2586 3134 2858 3204 μέμφεται
2902 3136 2995 3187 καὶ
3043 3138 3207 3204 μισεῖ.
3271 3136 3333 3187 Εἰ
3377 3134 3432 3187 δὲ
3465 3134 3609 3187 δοκεῖ
3662 3138 3693 3188 6

2107 3225 2239 3286 Θεὸς
2274 3224 2517 3277 ἀπειλεῖν
2550 3224 2618 3278 τὰ
2645 3225 2738 3278 τοῦ
2786 3226 3193 3296 κατακλυσμοῦ,
3230 3227 3324 3279 καὶ
3360 3226 3599 3297 φθείρειν
3636 3228 3693 3277 ἐν

2108 3314 2257 3385 αὑτῷ
2300 3315 2369 3368 τὰ
2409 3316 2523 3369 ἴδια
2574 3315 2792 3385 ἔκγονα·
2840 3318 3080 3381 λεκτέον,
3125 3319 3226 3382 ὅτι,
3275 3318 3544 3371 ἀθανάτου
3594 3319 3694 3388 τῆς

2107 3407 2285 3478 ψυχῆς
2318 3408 2427 3461 τῶν
2462 3408 2765 3477 ἀνθρώπων
2822 3408 3216 3478 τυγχανούσης,
3262 3410 3294 3477 ὴ
3335 3409 3434 3477 μὲν
3476 3410 3693 3477 νομιζο-

2108 3498 2246 3570 μένη
2282 3499 2477 3570 ἀπειλὴ
2521 3499 2872 3569 ἐπιστρέφειν
2911 3499 3156 3568 βούλεται
3198 3500 3324 3562 τοὺς
3371 3498 3687 3561 ἀκούοντας·

2111 3592 2143 3661 ἡ
2176 3591 2220 3643 δ’
2252 3593 2306 3643 ὲν
2340 3590 2418 3660 τῷ
2441 3590 2811 3660 κατακλυσμῷ
2839 3590 3104 3661 διαφθορὰ
3136 3590 3243 3643 τῶν
3276 3590 3578 3663 ἀνθρώπων
3604 3609 3697 3645 κα-

2110 3684 2331 3755 θάρσιόν
2362 3687 2479 3737 ἐστι
2512 3684 2609 3753 τῆς
2643 3684 2765 3753 γῆς,
2804 3683 2879 3747 ὡς
2913 3684 3006 3736 καὶ
3050 3685 3319 3755 Ἑλλήνων
3347 3686 3394 3737 οἰ
3431 3684 3508 3755 μὴ
3534 3685 3721 3737 εὑκαοι

2108 3775 2457 3844 ταφρονήτως
2494 3773 2950 3843 φιλοσοφήσαντες
2982 3775 3265 3845 εἰρήκασιν
3298 3775 3353 3826 ὲν
3381 3774 3487 3843 τῷ·
3527 3774 3695 3826 Ὅταν

423 3868 470 3924 δ’
501 3868 552 3923 oi
596 3867 707 3919 θεοὶ
752 3864 850 3936 τὴν
881 3866 985 3934 γῆν
1028 3864 1329 3935 καθαίρωσι
1382 3864 1515 3934 (47).
1571 3884 1589 3916 ι
1638 3864 1774 3934 Περὶ
1816 3863 1872 3916 δὲ
1920 3862 2028 3916 τῶν
2077 3864 2318 3937 ὡσπερεὶ
2352 3864 2800 3935 ἀνθρωποπαθῶν
2853 3865 3074 3932 λέξεων,
3127 3866 3549 3936 ἀναφερομένων
3601 3866 3697 3919 ἐπὶ

425 3962 518 4017 τὸν
547 3960 701 4024 Θεὸν,
741 3960 842 4013 οὑκ
872 3960 1026 4028 ὀλίγα
1059 3961 1189 4031 ἡμῖν
1227 3961 1318 4014 καὶ
1362 3963 1422 4013 ὲν
1462 3963 1576 4025 τοῖς
1622 3961 1878 4031 ἀνωτέρω
1911 3960 2179 4015 λέλεκται.

498 4052 591 4106 59.
624 4050 818 4105 Postea
840 4048 1034 4106 Celsus
1073 4062 1171 4104 aut
1230 4052 1519 4121 suspicans
1558 4062 1651 4103 aut
1697 4052 2006 4120 lntelligens

429 4139 563 4210 quid
591 4137 668 4193 illi
703 4137 1016 4209 responderi
1045 4139 1217 4208 possit
1243 4140 1309 4195 de
1342 4139 1411 4193 iis
1434 4140 1529 4208 qui
1554 4140 1763 4196 diluvio
1794 4142 2006 4195 exstin-

429 4232 504 4286 cti
535 4243 685 4297 sunt,
708 4230 786 4284 ait
819 4246 832 4284 :
872 4248 891 4281 ι
933 4230 1044 4285 Aut
1077 4232 1121 4284 si
1160 4246 1267 4285 non
1296 4232 1550 4300 proprios
1593 4231 1734 4286 ﬁlios
1765 4246 2007 4301 pessum~

431 4325 545 4390 dat,
575 4338 686 4393 quo
718 4323 935 4378 tandem
966 4322 1182 4393 ablegat
1208 4337 1275 4377 ex
1312 4324 1414 4377 hoc
1449 4324 1651 4377 mundo
1694 4338 1852 4392 quem
1892 4323 2006 4391 ipse

2194 4052 2572 4124 ’Υπειδόμενος
2604 4054 2649 4106 δ’
2684 4054 2809 4126 ἑξῆς
2834 4057 2864 4107 6
2900 4055 3125 4119 Κέλσος,
3154 4055 3291 4125 τάχα
3323 4053 3379 4107 δὲ
3409 4056 3502 4105 καὶ
3533 4053 3695 4117 αὑτὸς

2114 4144 2359 4209 συνιδὼν,
2395 4147 2476 4199 ὅτι
2511 4146 2731 4200 δύναται
2759 4148 3015 4219 λεχθῆναι
3050 4149 3155 4201 ὑπὸ
3185 4147 3292 4199 τῶν
3326 4146 3695 4215 ἀπολογουμέ-

2112 4256 2217 4291 νων
2264 4239 2393 4309 περί
2442 4238 2551 4292 τῶν
2612 4242 2670 4291 ὲν
2716 4241 2795 4311 τῷ
2844 4240 3213 4310 κατακλυσμῷ
3267 4238 3690 4309 διαφθαρέντων,

2112 4328 2297 4399 φησίν·
2351 4348 2369 4379 ι
2412 4330 2475 4383 Ei
2522 4330 2578 4381 δὲ
2620 4330 2695 4401 μὴ
2741 4330 3143 4403 διαφθείρειτά
3194 4331 3299 4383 ἴδια
3335 4332 3550 4399 ἔκγονα,
3602 4333 3696 4383 ποῖ

429 4389 608 4468 fecit?‘
629 4432 649 4466 ι
678 4413 762 4467 Ad
794 4414 939 4482 quod
965 4429 1064 4469 nos
1094 4389 1327 4469 dicimus
1350 4429 1445 4470 eos
1482 4416 1573 4484 qui
1598 4389 1803 4469 diluvio
1827 4389 2001 4483 perie-

2112 4436 2239 4471 ποτε
2274 4420 2412 4473 αὑτά
2442 4420 2703 4488 ὑπεξάγει
2738 4421 2833 4473 τοῦ
2876 4422 3082 4493 κόσμου
3128 4421 3303 4486 τοῦδε,
3340 4422 3398 4475 ὃν
3439 4421 3694 4491 ἐποίησεν

431 4516 581 4571 runt,
610 4520 716 4560 non
759 4508 1027 4562 removeri
1063 4507 1286 4561 omnino
1332 4522 1361 4560 a
1399 4516 1513 4561 toto
1548 4509 1650 4562 hoc
1688 4508 1885 4561 mundo
1914 4508 2005 4575 qui

430 4611 464 4652 e
495 4596 632 4651 caalo
653 4604 706 4650 et
737 4605 880 4652 terra
910 4606 1171 4661 constat,
1218 4597 1317 4651 sed
1366 4598 1434 4652 ab
1477 4597 1567 4651 illa
1612 4599 1721 4651 vita
1776 4614 1897 4667 quae
1954 4598 2005 4651 in

432 4701 600 4741 carne
636 4685 855 4753 vivitur;
888 4696 942 4741 et
964 4688 1159 4740 solutis
1185 4688 1506 4756 corporibus
1525 4705 1619 4744 eos
1652 4690 1764 4744 tolli
1790 4708 1817 4743 c
1839 4702 2006 4753 terra,

433 4792 595 4843 quam
621 4780 903 4848 Scriptura
941 4779 1126 4833 multis
1168 4780 1221 4832 in
1258 4780 1392 4835 locis
1424 4780 1683 4835 mundum
1717 4781 1885 4851 678
1911 4798 2003 4835 vo-

432 4885 561 4923 care
611 4868 772 4923 solet.
818 4868 927 4924 Sed
976 4872 1212 4924 maxime
1254 4871 1306 4925 in
1352 4873 1645 4944 Evangelio
1704 4874 2004 4927 secundum

429 4959 695 5014 Joannem
732 4959 981 5016 invenire
1007 4972 1093 5016 est
1124 4962 1299 5018 locum
1346 4965 1492 5019 hunc
1538 4976 1814 5021 terrenum
1850 4982 2003 5019 mun-

433 5053 560 5106 dum
590 5049 880 5120 appellari;
915 5052 1057 5108 sicut
1091 5068 1216 5109 cum
1245 5055 1445 5109 dicitur
1476 5074 1489 5109 :
1520 5074 1538 5105 ι
1589 5056 1719 5110 Erat
1750 5056 1839 5111 lux
1874 5072 2002 5112 vera

432 5156 552 5213 quae
587 5140 854 5197 illuminat
882 5158 1100 5199 omnem
1135 5145 1410 5200 hominem
1434 5148 1742 5202 venientem
1776 5149 1829 5202 in
1864 5151 2005 5204 hunc

505 5278 549 5311 ¹⁰
585 5274 704 5333 Gal.
730 5292 780 5342 v,
810 5275 863 5331 8.
943 5279 981 5309 “
1017 5278 1118 5335 lsa.
1153 5294 1188 5341 ι,
1222 5278 1306 5344 19,
1337 5278 1429 5331 20.

504 5388 617 5461 (Η)
650 5390 859 5459 Vulgati
894 5392 1183 5446 Deuteron.
1224 5394 1376 5459 lihh.,
1400 5395 1654 5447 αἰτεῖται.

467 5531 477 5542 .
502 5461 624 5541 (45),
654 5463 927 5516 Articulus
953 5462 1053 5531 τῆς
1076 5464 1226 5517 deest
1259 5464 1308 5516 in
1335 5474 1489 5517 antea
1511 5466 1699 5526 editis,
1723 5465 1816 5517 sed
1850 5480 2007 5533 repe-

434 5543 573 5582 ritur
614 5547 663 5581 ιιι
695 5547 826 5585 mss.

438 5598 1083 5681 ημϋλἙνεᾷυμήθηνε
1125 5602 1463 5681 Ilrcescir‘clius
1520 5604 1571 5657 in
1624 5614 1770 5681 textu
1820 5605 2001 5670 habet,

435 5668 738 5737 ἑθυμώθην.
766 5668 1037 5726 Caeterum
1071 5674 1430 5744 ἐνεθυμήθην,
1468 5685 1655 5730 contra
1682 5668 2002 5745 Ut'igencrn,

1509 5280 1551 5309 "
1584 5280 1737 5333 Deut.
1767 5282 2055 5345 x,12,15.

2110 4511 2303 4577 αὑτός;
2340 4532 2357 4563 ι
2401 4513 2511 4565 Καὶ
2546 4513 2681 4583 πρὸς
2722 4513 2880 4568 τοῦτο
2918 4514 2974 4567 δὲ
3022 4514 3276 4585 λέγομεν,
3324 4516 3406 4567 ὅτι
3451 4513 3543 4566 τοῦ
3592 4512 3693 4582 μὲν

2112 4604 2313 4668 παντὸς
2342 4604 2570 4675 κόσμου,
2610 4606 2943 4671 συνεστῶτος
2986 4608 3046 4673 ἐξ,
3073 4610 3132 4661 οὑ
3147 4607 3309 4679 ρανοῦ
3343 4608 3439 4661 καὶ
3474 4607 3597 4676 γῆς,
3628 4606 3689 4657 οὑ

2112 4696 2324 4758 πάντως
2359 4696 2618 4765 ὑπεξάγει
2640 4699 2766 4761 τοὺς
2797 4700 2887 4752 τὸν
2913 4700 3294 4769 κατακλυσμὸν
3318 4698 3651 4760 πεπονθότας
3672 4715 3686 4727 ·

2112 4784 2441 4839 ἀπαλλάττει
2474 4784 2519 4838 δ’
2549 4785 2746 4849 αὑτοὺς
2770 4788 2867 4857 τῆς
2898 4788 2955 4840 ἐν
2983 4789 3147 4857 σαρκί
3177 4786 3342 4857 ζωῆς,
3368 4789 3462 4840 καὶ
3492 4785 3690 4839 ἀπολύ-

2116 4891 2212 4935 σας
2244 4873 2352 4927 τῶν
2381 4874 2647 4945 σωμάτων
2672 4876 2896 4929 ἀπολύει
2924 4877 3041 4949 ἅμα
3069 4877 3164 4930 καὶ
3187 4876 3279 4929 τοῦ
3313 4878 3407 4929 ἐπὶ
3432 4877 3537 4946 γῆς
3564 4893 3692 4943 τυγ-

2114 4967 2316 5037 χάνειν,
2351 4967 2413 5037 ἣν
2450 4966 2715 5037 πολλαχοῦ
2750 4967 2857 5019 τῶν
2903 4968 3134 5039 Γραφῶν
3178 4968 3295 5031 ἔθος
3332 4967 3688 5038 ὀνομάζεσθαι

2114 5058 2333 5126 κόσμον.
2369 5057 2617 5111 Μάλιστα
2645 5058 2687 5110 δ’
2720 5061 2777 5111 ὲν
2797 5058 2875 5129 τῷ
2900 5060 3039 5113 κατά
3085 5059 3336 5129 Ἰωάννην
3364 5059 3475 5129 (48)
3511 5060 3689 5127 Εὐαγ-

2114 5146 2277 5217 γελίῳ
2322 5147 2578 5211 πολλάκις
2634 5150 2780 5200 ἐστὶν
2825 5150 3002 5220 εὑρεῖν
3046 5150 3245 5219 κόσμον
3280 5151 3368 5201 τὸν
3416 5150 3687 5218 περίγειον
3731 5128 3738 5144 ’

2134 5286 2175 5315 ¹³
2202 5286 2339 5343 Gen.
2373 5306 2449 5353 v1,
2476 5289 2528 5354 5,
2560 5290 2613 5356 6,
2644 5291 2693 5342 7.

2125 5401 2503 5472 μετεμελήθην
2538 5402 2755 5472 exponit
2784 5402 3227 5472 Chrysostomus.

2189 5418 2503 5523 ιτεᾷιεληυην
2538 5418 2755 5470 exponit
2784 5418 3227 5480 uurysostomus.

2283 5476 2300 5541 )
2332 5473 2507 5525 Ὅταν
2536 5471 2586 5523 δ’
2610 5475 2669 5543 oi
2695 5474 2811 5525 θεοὶ
2841 5472 2955 5543 τὴν
2989 5488 3105 5541 γῆν
3139 5470 3485 5537 καθαίρωσι.
3534 5466 3690 5522 Plats

2116 5539 2170 5591 in
2201 5539 2418 5612 Tinam),
2457 5558 2576 5612 pag.
2612 5542 2700 5595 22.

2187 5610 2295 5682 (48)
2327 5608 2492 5666 Codd.
2532 5608 2730 5679 lle-gius
2762 5621 2815 5666 et
2840 5612 3368 5682 Basilcensisxati
3410 5608 3685 5682 Ἰωάννην.

2117 5679 2453 5737 llmscbcltus
2478 5684 2880 5753 et-Spencerus,
2908 5683 3046 5735 κατά
3094 5681 3361 5746 Ἰωάννου,
3388 5679 3552 5734 male.
