3990 6158
423 240 563 328 isse

1613 258 1894 318 CONTRA
1930 263 2212 325 CELSUM
2251 270 2380 328 LIB.
2421 272 2509 327 Vl.

3529 291 3668 349 i590

419 350 819 424 ὀνομαζόμενον
848 357 1010 411 τόπον
1030 378 1042 390 ·
1069 361 1257 430 ὥσπερ
1287 365 1378 418 καὶ
1407 368 1464 420 ἐν
1486 369 1563 440 τῷ
1585 388 1597 400 ·
1628 392 1646 423 ι
1675 369 1784 428 τΗν
1804 376 1864 429 τὸ
1886 379 1967 446 φῶ

419 441 475 468 ,ι
526 444 772 468 2.\._n,-.1“
837 449 858 468 ιι
916 467 920 468 ,
1033 452 1080 468 ον
1228 456 1238 468 .
1387 459 1407 468 ..
1450 460 1469 468 -

2108 385 2367 441 mundum
2392 386 2477 455 H;
2517 405 2537 440 ι
2570 395 2625 445 et
2660 409 2672 445 :
2707 408 2727 442 ι
2775 390 2831 446 ln
2868 397 3070 452 mundo
3106 413 3417 468 pressuram
3446 402 3672 459 habebi-

417 441 478 496 τὸ
523 444 792 517 ἀληθινὸν,
834 449 862 501 ὃ
895 452 1130 518 ,φωτίζει
1170 456 1345 510 πάντα
1378 459 1662 532 ἄνθρωπον
1702 441 1995 540 ἐρχόμενον

416 532 496 594 εις
511 532 601 586 τὸν
623 535 846 605 κόσμονο
876 558 892 588 ι
917 540 1012 592 και
1033 560 1050 591 ι
1088 543 1174 594 Ἐν
1189 544 1266 614 τῷ
1289 546 1478 619 κόσμῳ
1496 549 1672 620 θλίψιν
1693 532 1992 629 sisi-sita),

415 620 551 676 ἀλλά
591 624 858 700 θαρσεῖτε,
895 628 1004 697 ἐγὼ
1038 633 1296 703 νενίκηκα
1328 635 1419 690 τὸν
1453 639 1676 710 κόσμον.
1725 662 1742 692 ι
1792 620 1876 698 Ei~

415 711 507 770 οὖν
553 717 738 773 ἀκούει
779 737 860 784 τις
893 722 1006 787 τοῦ,
1040 717 1298 794 ὑπεξάγει
1339 727 1434 782 τοῦ
1468 731 1671 803 κόσμου
1705 734 1856 789 τοῦδε
1900 738 1992 790 τοῦ

415 811 692 883 περιγείου
726 811 910 878 τόπου,
947 817 1098 870 οὐδὲν
1131 817 1330 873 ἄτοπον
1360 820 1574 896 ἀπαντᾷ
1613 824 1690 897 τῷ
1723 825 1898 899 λόγῳο
1945 831 1992 883 εί

412 900 468 954 δὲ
508 902 710 972 κόσμον
741 904 802 957 τὸ
834 905 893 972 ἐξ
931 906 1159 978 ούρανοῦ
1190 910 1284 962 καὶ
1321 912 1426 982 γῆς
1457 914 1708 988 σύστημα
1737 917 1990 990 ὀνομάζει

410 1009 512 1056 τις,
561 993 621 1045 ού
657 995 871 1060 πάντως
902 998 950 1049 οί
981 997 1072 1052 τὸν
1114 1002 1494 1073 κατακλυσμὸν
1538 1008 1798 1073 παθόντες
1827 1011 1990 1078 ὑπεξ-

411 1086 632 1152 ἀγονται
675 1087 783 1140 ἀπὸ
813 1087 902 1141 τοῦ
953 1089 1126 1156 οὕτως
1167 1093 1278 1163 (50)
1321 1096 1721 1170 ὀνομαζομένου
1760 1103 1984 1175 κόσμου.

409 1175 667 1244 Καίτοιγε
701 1177 845 1231 εἴποι
894 1178 958 1232 ἄν
1001 1197 1105 1244 τις,
1151 1184 1350 1254 νοήσας
1393 1186 1474 1251 τὸ,
1522 1189 1595 1260 μὴ
1646 1193 1986 1248 σκοπούντων

407 1269 562 1338 ἡμῶν
583 1269 650 1322 τὰ
673 1269 998 1340 βλεπόμενα,
1025 1272 1156 1326 ἀλλᾶ
1182 1276 1247 1327 τὰ
1267 1275 1340 1348 μὴ
1365 1276 1690 1350 βλεπόμενα·
1728 1304 1745 1332 ι
1779 1285 1871 1340 καὶ
1901 1284 1983 1350 τὸ,

410 1377 428 1406 ι
464 1359 543 1411 Τὰ
591 1359 700 1432 γὰρ
742 1361 946 1432 ἀόρατα
992 1364 1160 1418 αὑτοῦ
1199 1367 1306 1420 ἀπὸ
1349 1369 1576 1436 κτίσεως
1624 1374 1828 1445 κόσμου
1876 1381 1986 1441 τοῖς

407 1449 670 1519 ποιήμασι
708 1456 972 1521 νοούμενα
1011 1454 1341 1524 καθορᾶται·
1393 1477 1412 1509 ι
1449 1460 1530 1519 ὅτι
1561 1461 1697 1532 πρὸς
1723 1467 1836 1528 τοῖς
1871 1466 1981 1537 (51)

403 1538 674 1608 ἀοράτοις,
712 1542 804 1593 καὶ
825 1542 1175 1607 ἁπαξαπλῶς
1203 1544 1622 1618 ὀνομαζομένοις
1670 1553 1745 1624 μὴ
1793 1554 1984 1624 βλεπο-

403 1631 587 1697 μένοις
629 1631 931 1700 τυγχάνων,
981 1633 1244 1705 ὑπεξῆλθε
1290 1638 1379 1691 τὸν
1423 1642 1645 1711 κόσμον,
1681 1643 1774 1696 τοῦ
1807 1645 1979 1715 Λόγου

400 1720 562 1773 αὐτὸν
597 1721 956 1790 ὑπεξάγοντος
988 1725 1257 1790 ἐντεῦθεν,
1293 1730 1384 1782 καὶ
1429 1732 1522 1783 ἐπὶ
1554 1732 1645 1786 τὸν
1674 1734 1979 1807 ὑπερουρά-
2017 1723 2054 1776 Β

398 1829 508 1865 νιον
545 1812 655 1884 (52)
691 1815 783 1867 ἐπὶ
815 1819 878 1887 τῇ
915 1816 1012 1889 θέᾳ
1033 1818 1140 1872 τῶν
1166 1820 1348 1873 καλῶν
1381 1825 1758 1892 μετατιθέντος
1789 1828 1975 1882 τόπον.

469 1905 625 1958 Μετὰ
657 1907 713 1959 δὲ
753 1908 850 1979 τὴν
893 1908 1273 1973 ἐξετασθεῖσαν
1302 1914 1467 1980 λέξιν,
1502 1916 1739 1992 ὡσπερεὶ
1774 1922 1974 1974 σκοπὸν

397 1994 534 2065 ἔχων
569 1997 630 2050 τὸ
661 1999 808 2062 ὅπως
842 2001 970 2053 ποτὲ
1001 2002 1209 2057 πολλῶν
1240 2005 1411 2072 λόγων
1445 2007 1730 2080 πληρῶσαι
1778 2011 1840 2064 τὸ
1892 2012 1974 2082 βι-

396 2086 564 2151 ϐλίον,
601 2089 787 2153 ἄλλαις
819 2091 995 2158 λέξεσι
1021 2093 1088 2146 τὰ
1118 2096 1473 2168 παραπλήσιά
1500 2116 1630 2171 φησι
1659 2104 1771 2165 τοῖς
1811 2103 1974 2174 ὀλίγῳ

395 2180 650 2252 ἀνωτέρω
701 2181 1086 2250 ὲξετασθεῖσιν,
1131 2186 1191 2239 ἐν
1239 2184 1319 2249 οἷς
1371 2188 1547 2259 ἔλεγε·
1604 2210 1622 2242 ι
1677 2194 1884 2266 Μακρῷ
1929 2195 1973 2248 δ’

392 2269 746 2344 εὐηθέστερον
792 2273 872 2339 τὸ,
920 2275 1014 2328 καὶ
1063 2276 1274 2348 ἡμέρας
1313 2278 1464 2343 τινὲς
1500 2281 1861 2355 ὲπιδιανεῖμαι
1904 2289 1970 2358 τῇ

393 2363 741 2434 κοσμογονίᾳ,
784 2366 910 2436 πρὶν
941 2362 1077 2420 εἶναι
1123 2368 1355 2439 ἡμέρας·
1402 2372 1630 2442 οὐρανοῦ
1675 2375 1783 2447 γὰρ
1816 2376 1968 2430 οὔπω

390 2455 692 2522 γεγονότος,
721 2456 840 2509 οὐδὲ
871 2459 972 2528 γῆς
998 2477 1083 2512 πω
1103 2460 1518 2534 ὲρηρεισμένης,
1549 2466 1655 2518 οὐδ’
1685 2467 1836 2537 ἡλίου
1869 2487 1969 2522 που

391 2545 514 2616 τῇδε
549 2546 661 2617 (55)
702 2549 1024 2618 φερομένου,
1077 2551 1193 2615 πῶς
1234 2554 1436 2624 ἡμέραι
1479 2551 1649 2626 ﬁat-av;
1698 2577 1715 2608 ι
1764 2560 1828 2612 Τί
1861 2560 1970 2632 γὰρ

388 2635 630 2708 διαφέρει
672 2638 841 2693 ταῦτα
871 2641 984 2706 τοῦ,
1020 2662 1036 2692 ι
1080 2644 1197 2696 Ἔτι
1230 2645 1274 2696 δ’
1320 2646 1524 2700 ἄνωθεν
1562 2648 1817 2714 λαθόντες
1844 2653 1966 2704 ἐπι-

393 2727 740 2800 σκεψώμεθα,
776 2731 892 2796 πῶς
938 2734 1040 2786 οὐκ
1086 2734 1149 2787 ἂν
1183 2736 1493 2808 ἄτοποςείἠ
1535 2740 1670 2804 Θεὸς
1697 2743 1724 2794 ὁ
1752 2743 1966 2813 πρῶτος

390 2821 483 2873 καὶ
520 2826 547 2875 ὀ
581 2824 853 2894 μέγιστος,
887 2826 1142 2890 κελεύων,
1179 2829 1418 2896 γενέσθω
1463 2832 1598 2898 τόδε,
1652 2834 1745 2888 κοιλ¹
1781 2835 1966 2917 ἓτερον

385 2914 523 2980 τόδε,
572 2917 604 2988 ἢ
643 2918 788 2970 τόδε·
824 2920 916 2971 καὶ
954 2921 1052 2990 μιᾷ
1089 2921 1186 2990 μὲν
1221 2924 1404 2995 ἡμέρᾳ
1437 2925 1648 2978 τοσόνδε
1683 2929 1963 2983 τεκταινό-

387 3024 567 3076 μενος,
597 3011 660 3080 τῇ
692 3009 918 3080 δευτέρᾳ
962 3011 1005 3062 δ’
1037 3007 1193 3076 αὖθις
1238 3013 1436 3084 τοσῷδε
1467 3017 1648 3082 πλέον,
1682 3022 1775 3073 καὶ
1804 3022 1961 3095 τρίτῃ

385 3103 477 3154 καὶ
510 3103 761 3174 τετάρτῃ,
795 3105 888 3156 καὶ
918 3103 1142 3176 πέμπτῃ
1175 3107 1266 3158 καὶ
1299 3107 1449 3179 ἕκτῃ.
1493 3129 1510 3159 ι
1549 3113 1786 3182 Δυνάμει
1813 3112 1856 3165 δ’
1889 3114 1966 3165 εῖ-

384 3208 556 3262 πομεν
591 3192 703 3262 (ΞΒ-ί)
735 3193 828 3247 καὶ
861 3196 938 3258 εἰς
965 3196 1042 3259 τὸ,
1073 3215 1090 3246 ι
1131 3197 1401 3263 Κελεύων,
1435 3201 1676 3268 γενέσθω
1706 3203 1843 3269 τόδε,
1871 3207 1966 3258 καὶ

383 3282 569 3353 ἕτερον
602 3284 740 3348 τόδε,
776 3284 809 3355 ἢ
842 3285 978 3337 τόδε·
1019 3306 1036 3336 ι
1069 3287 1157 3340 ὅτε
1188 3290 1591 3362 παρετιθέμεθα
1620 3295 1699 3355 τὸ,
1741 3315 1756 3346 ι
1793 3296 1962 3360 Αὐτὸς

382 3369 622 3430 εἴπεικαὶ
651 3375 1005 3446 ἐγενήθησαν,
1041 3379 1200 3442 αὐτὸς
1231 3381 1549 3448 ἐνετείλατο,
1582 3387 1676 3438 καὶ
1703 3386 1959 3458 ἐκτίσθη-

384 3482 496 3518 σαν·
529 3487 546 3517 ι
581 3465 830 3534 λέγοντες
855 3468 944 3520 τὸν
968 3469 1064 3538 μὲν
1095 3472 1374 3541 προσεχῶς
1402 3474 1728 3547 δημιουργὸν
1757 3477 1866 3548 (55)
1885 3473 1962 3532 εἷ-

382 3573 466 3609 ναι
498 3557 590 3610 τὸν
621 3557 749 3610 Υίὸν
776 3557 868 3612 τοῦ
900 3557 1033 3612 Θεοῦ
1059 3557 1248 3628 Λόγοιῖ,
1277 3565 1369 3615 καὶ
1394 3564 1633 3637 ὡσπερεὶ⁸
1665 3569 1960 3641 αὐτουργὸν

380 3649 468 3702 τοῦ
501 3650 735 3720 κόσμου·
780 3651 870 3704 τὸν
911 3652 964 3705 δὲ
997 3655 1216 3727 Πατέρα
1255 3656 1347 3710 τού
1384 3659 1578 3727 Λόγου,
1616 3660 1692 3731 τῷ
1733 3680 1960 3733 προστε-

377 3741 594 3810 ταχέναι
640 3742 718 3814 τῷ
752 3743 866 3814 Υἱῴ
895 3745 1086 3799 ἑαυτοῦ
1132 3748 1290 3820 Λόγῳ
1332 3751 1556 3821 ποιῆσαι
1602 3753 1690 3806 τὸν
1731 3754 1956 3826 κόσμον,

379 3825 512 3886 εἶναι
535 3833 765 3905 πρώτως
790 3837 982 3906 δημιου
993 3838 1139 3909 ργόν.
1164 3839 1298 3912 Περὶ
1322 3841 1378 3894 δὲ
1406 3841 1500 3895 τοῦ
1529 3845 1626 3914 μιᾷ
1653 3844 1750 3915 μὲν
1772 3825 1958 3918 ἡμέρᾳ

378 3924 652 3991 γεγονέναι
681 3926 742 3978 τὸ
772 3927 904 3994 φῶς,
930 3929 1157 4002 δευτέρᾳ
1189 3931 1244 3985 δὲ
1277 3931 1337 3984 τὸ
1372 3936 1675 4004 στερέωμα,
1712 3938 1870 4012 τρίτῃ
1901 3938 1958 3991 δὲ

377 4014 637 4083 συνῆχθαι
690 4016 758 4067 τὰ
807 4017 1062 4071 ὑποκάτω
1115 4020 1208 4073 τοῦ
1247 4022 1476 4094 οὐρανοῦ
1525 4024 1808 4091 ὕδατα-είς
1857 4028 1956 4092 τὰς

376 4107 701 4175 συναγωγὰς
733 4109 932 4173 αὐτῶν,
970 4113 1062 4165 καὶ
1092 4113 1233 4166 οὕτω
1270 4114 1690 4186 βεϐλαστηκέναι
1718 4120 1816 4191 τὴν
1851 4123 1954 4194 γῆν

373 4199 442 4250 τὰ
493 4198 599 4250 ὑπὸ
655 4199 822 4269 μόνης
873 4200 1088 4268 φύσεως
1133 4205 1500 4275 διοικούμενα,
1564 4211 1656 4262 καὶ
1717 4213 1952 4287 τετάρτῃ

369 4291 495 4352 τοὺς
521 4292 814 4363 φωστῆρας
845 4295 938 4346 καὶ
974 4281 1229 4367 ἀστέρας,
1267 4299 1364 4350 καὶ
1398 4299 1626 4374 πέμπτῃ
1659 4302 1726 4356 τά
1753 4306 1947 4375 νηκτὰ,

2100 476 2200 543 tis;
2235 480 2330 534 sed
2365 481 2643 548 confidite,
2666 485 2787 555 'ego
2811 485 2914 541 vici
2946 490 3289 545 mundum”.
3341 511 3362 546 ι
3406 493 3463 548 Si
3499 495 3668 565 igitur

2101 569 2290 623 mundi
2325 572 2549 628 nomine
2578 576 2730 644 regio
2762 575 2878 631 haec
2903 584 3119 635 terrena
3167 581 3524 654 intelligatur,
3553 587 3670 641 'ab-

2101 662 2322 714 surdum
2352 679 2456 718 non
2481 673 2564 719 est
2589 665 2708 722 illos
2736 681 2802 722 ex
2840 669 2943 724 hoc
2973 673 3176 727 mundo
3203 676 3433 733 eductos
3454 679 3663 748 fuisse;

2100 750 2145 803 si
2179 764 2357 807 autem
2392 757 2576 811 mundi
2602 774 2735 815 voce
2764 762 3125 832 signiﬁcatam
3151 765 3284 821 velis
3317 770 3442 824 caeli
3478 759 3662 828 terra:-

2095 858 2202 911 que
2246 859 2607 918 compagem,
2663 867 2770 906 non
2817 856 3040 911 omnino
3086 861 3415 930 ablegantur
3448 881 3514 918 ex
3563 866 3666 922 hoc

2096 935 2297 990 mundo
2354 936 2433 991 illi
2465 941 2556 1008 qui
2591 942 2852 999 diluvium
2878 949 3028 1015 passi
3070 959 3217 1004 sunt.
3262 953 3585 1025 Quanquam
3617 958 3664 1011 si

2100 1025 2476 1082 consideretur
2516 1031 2660 1087 istud
2696 1050 2711 1087 :
2752 1053 2770 1086 ι
2813 1035 2929 1093 Νοιι
2973 1043 3467 1113 contemplantibus
3508 1047 3668 1103 nobis

2091 1131 2209 1184 quze
2227 1119 2494 1186 videntur,
2509 1125 2603 1177 sed
2624 1141 2742 1194 quae
2767 1141 2871 1181 non
2892 1130 3142 1186 videntur
3159 1133 3233 1201 ¹⁸;
3260 1153 3278 1186 ι
3305 1145 3359 1190 et
3375 1137 3475 1192 hoc
3506 1155 3557 1192 ιι
3581 1137 3667 1193 Ιη-

2092 1212 2324 1267 visibilia
2338 1217 2480 1270 enim
2505 1220 2712 1290 ipsiusa
2747 1234 2996 1280 creatura
3019 1230 3200 1284 mundi
3235 1246 3331 1300 per
3359 1248 3420 1287 ea
3444 1249 3564 1304 quae
3583 1238 3665 1291 fa-

2090 1312 2176 1357 cta
2198 1314 2324 1359 sunt
2348 1307 2618 1366 intellecta
2641 1315 3052 1383 conspiciuntur
3071 1322 3135 1387 ‘7;
3153 1340 3187 1373 ,ι
3209 1324 3312 1377 dici
3333 1336 3662 1394 potesteum,

2087 1395 2176 1462 qui
2201 1397 2265 1450 ad
2290 1398 2598 1469 invisibilia,
2625 1407 2762 1462 etad
2779 1421 2840 1461 ea
2872 1425 2990 1478 qua:
3018 1426 3122 1465 non
3147 1414 3416 1484 videntur,
3444 1419 3665 1476 utScri-

2089 1497 2245 1554 ptura
2279 1494 2579 1559 generatim
2627 1507 2811 1563 vocat,
2863 1499 3110 1572 adiungit
3157 1504 3422 1574 animum,
3447 1525 3511 1564 ex
3557 1511 3661 1568 hoc

2087 1578 2288 1634 mundo
2309 1596 2587 1652 egressum
2617 1602 2762 1652 esse.
2788 1591 2963 1650 Verbo
2997 1594 3122 1648 hinc
3142 1595 3290 1652 illum
3314 1601 3577 1659 educente
3606 1616 3663 1661 et

2088 1671 2452 1727 transferente
2476 1676 2528 1728 in
2562 1677 2710 1731 illum
2737 1695 2898 1750 supra
2929 1683 3096 1739 caelos
3129 1685 3337 1752 locum,
3365 1691 3453 1745 ubi
3480 1708 3660 1750 rerum

2088 1761 2585 1828 pulcherrimarum
2617 1774 3080 1842 contemplatione
3103 1776 3340 1834 fruatur.
3402 1821 3423 1840 .

2151 1917 2240 1972 60.
2281 1918 2414 1978 Post
2442 1924 2810 1981 examinatum
2849 1930 2993 1986 hunc
3021 1931 3199 1989 locum
3223 1974 3238 2000 .
3268 1939 3426 2007 quasi
3471 1941 3524 1997 id
3554 1943 3656 2000 sibi

2080 2011 2417 2078 propositum
2454 2024 2600 2068 esset
2658 2016 3133 2093 qualibuscunque
3187 2028 3352 2083 rebus
3402 2030 3656 2088 volumen

2080 2101 2310 2172 implere
2335 2144 2349 2169 ,
2407 2105 2532 2160 aliis
2562 2107 2744 2162 verbis
2772 2109 2888 2165 fere
2919 2115 3111 2170 eadem
3158 2118 3293 2174 dicit
3341 2136 3406 2178 ac
3439 2138 3503 2179 ea
3535 2140 3659 2195 qua!

2082 2194 2243 2261 paulo
2275 2197 2529 2265 superius
2564 2201 2938 2268 expendimus.
2963 2205 3056 2262 Sic
3071 2209 3216 2263 enim
3249 2227 3263 2265 :
3299 2230 3317 2263 ι
3353 2213 3503 2271 Istud
3530 2194 3658 2274 vero

2078 2283 2240 2354 longe
2265 2286 2439 2357 magis
2471 2287 2783 2356 ridiculum,
2816 2291 3067 2349 distribui
3099 2302 3287 2356 mundi
3317 2307 3654 2364 creationem

2080 2375 2133 2430 in
2162 2376 2428 2446 plurimos
2453 2378 2570 2434 dies
2592 2418 2607 2443 ,
2659 2389 2952 2451 antequam
3000 2388 3117 2444 dies
3169 2402 3373 2448 essent.
3406 2395 3658 2468 Namque

2075 2467 2214 2523 cmlo
2254 2471 2494 2525 nondum
2534 2483 2756 2542 creato,
2801 2488 2943 2533 terra
2985 2483 3217 2538 nondum
3259 2486 3472 2542 firmata
3506 2530 3522 2556 ,
3561 2507 3654 2547 so-

2075 2557 2124 2612 le
2162 2560 2398 2614 nondum
2440 2562 2770 2622 circumacto
2803 2611 2818 2635 ,
2871 2572 2961 2640 qui
3011 2573 3129 2630 dies
3182 2579 3388 2634 erant?
3442 2599 3461 2633 ι
3530 2581 3655 2640 Haec

2074 2651 2216 2704 enim
2245 2653 2376 2722 quid
2401 2656 2715 2726 discrepant
2746 2660 2817 2716 ab
2839 2662 3001 2717 istis?
3033 2682 3052 2716 ι
3086 2667 3165 2721 lie
3201 2669 3361 2726 altius
3401 2676 3651 2742 repetita,

2076 2739 2489 2799 consideremus
2544 2763 2727 2802 annon
2782 2751 3052 2809 absurdus
3105 2757 3196 2812 ille
3247 2761 3316 2814 sit
3366 2764 3571 2832 primus
3597 2777 3655 2824 et

2075 2833 2346 2888 maximus
2367 2834 2530 2900 Dens,
2551 2839 2641 2907 qui
2665 2839 2982 2910 imperando
2999 2847 3131 2901 dicit
3157 2868 3168 2902 :
3188 2850 3311 2906 Fiat
3331 2855 3430 2909 hoc
3449 2866 3498 2910 et
3520 2858 3652 2914 illud

2073 2934 2128 2978 et
2146 2925 2314 2992 aliud,
2340 2937 2395 2981 et
2414 2938 2592 2984 tamen
2619 2935 2791 3001 prima
2817 2937 2902 2990 die
2925 2954 3086 2993 unam
3115 2958 3224 2996 rem
3247 2945 3477 3016 aliquam
3496 2949 3647 3014 fecit,

2075 3014 2310 3067 secunda
2342 3015 2546 3085 aliquid
2574 3022 2832 3090 amplius,
2857 3036 2911 3078 et
2937 3029 3020 3083 sic
3045 3033 3228 3098 tertia,
3254 3014 3468 3104 quarta,
3498 3042 3652 3108 quiu-

2077 3111 2147 3166 tu,
2178 3118 2330 3158 sexta
2363 3107 2414 3159 iu
2447 3107 3072 3183 fabricandoprocedit.
3111 3139 3129 3172 ι
3161 3121 3279 3178 Jam
3310 3142 3406 3194 pro
3441 3107 3650 3188 viribus

2073 3194 2373 3252 refellimns
2412 3199 2556 3255 istud
2594 3219 2607 3255 :
2651 3222 2668 3254 ι
2720 3205 3040 3275 lmperaudo
3068 3213 3200 3270 dicit
3252 3235 3266 3270 τ
3304 3217 3424 3274 Fiat
3465 3220 3568 3278 ltoc
3594 3233 3650 3279 et

2067 3284 2198 3340 illud
2249 3297 2305 3342 et
2353 3290 2531 3360 aliud;
2578 3314 2596 3345 ι
2635 3311 2756 3350 cum
2817 3301 3068 3358 videlicet
3113 3310 3458 3376 exposuimus
3491 3314 3644 3373 ista:

2076 3391 2094 3425 ι
2134 3376 2252 3444 Ipse
2279 3378 2416 3435 dixit
2443 3392 2499 3437 et
2522 3382 2664 3439 facta
2701 3399 2829 3442 sunt
2859 3430 2873 3453 ,
2907 3391 3023 3462 ipse
3057 3399 3423 3467 mandavit,et
3462 3417 3644 3460 creata

2069 3468 2276 3521 sunt“.
2331 3489 2350 3522 ι
2409 3473 2652 3530 Diximus
2697 3481 2910 3536 scilicet
2951 3488 3258 3553 proximum
3303 3497 3640 3554 conditorem

2070 3572 2190 3613 csse
2224 3560 2454 3617 Verbum
2485 3566 2574 3621 Dei
2608 3569 2829 3638 Filitnn,
2871 3577 3019 3631 illum
3070 3579 3239 3638 fuisse
3273 3589 3455 3643 tnundi
3485 3593 3643 3660 quasi

2067 3650 2358 3719 ipsummct
2391 3657 2682 3727 opiﬁcem;
2733 3662 2894 3719 Verbi
2934 3683 3062 3724 vero
3116 3671 3332 3730 Patrem
3370 3650 3643 3751 esse'pri-

2067 3741 2304 3798 marium
2333 3747 2694 3813 conditorem,
2729 3767 2794 3808 eo
2823 3760 2968 3825 quod
2999 3757 3171 3816 Verbo
3189 3780 3286 3820 suo
3317 3766 3452 3823 Filio
3482 3787 3638 3827 man-

2063 3835 2213 3888 davit
2245 3848 2301 3890 ut
2345 3843 2604 3895 mundum
2642 3844 2872 3905 laceret.
2909 3849 3063 3916 Quod
3116 3865 3297 3910 autem
3342 3861 3519 3928 prima
3551 3866 3639 3922 die

2063 3925 2262 3993 lucem,
2285 3934 2524 3987 secunda
2553 3935 2955 3995 ﬁrmamentum
2983 3949 3269 4013 creaverit,
3297 3953 3450 4006 tertia
3483 3970 3639 4026 aqua!

2061 4031 2180 4083 quae
2203 4019 2304 4073 sub
2327 4022 2470 4078 cwlo
2492 4035 2650 4080 erant
2679 4029 2733 4083 in
2761 4032 2874 4086 suis
2903 4031 3109 4089 fuerint
3129 4038 3370 4095 collectae
3394 4057 3639 4114 recepta-

2059 4110 2218 4175 culis,
2243 4121 2404 4180 atque
2431 4117 2506 4169 ita
2551 4127 2694 4173 terra
2725 4121 2893 4176 solius
2924 4135 3134 4181 natura:
3156 4130 3637 4192 administratione

2059 4215 2188 4255 suos
2223 4201 2438 4260 fructus
2468 4209 2794 4277 protulerit;
2825 4216 2968 4280 quod
2991 4228 3187 4284 quarta
3223 4233 3406 4278 creata
3431 4223 3638 4282 fuerint

2059 4289 2351 4347 luminaria
2382 4304 2438 4349 et
2483 4297 2678 4363 stellas,
2722 4303 2909 4370 quinta
2963 4319 3097 4360 vero
3147 4312 3417 4378 natatilia,
3475 4328 3633 4373 sexta

371 4380 464 4434 καὶ
501 4381 635 4454 ’ἐκτῃ
667 4384 735 4434 τὰ
784 4387 1030 4455 χερσαῖα,
1081 4388 1174 4439 καὶ
1220 4387 1310 4440 τὸν
1347 4388 1652 4460 ἄνθρωπον·
1702 4394 1842 4446 κατὰ
1886 4395 1950 4448 τὸ

2079 4381 2273 4436 lentum
2300 4389 2576 4441 terrestria
2605 4399 2660 4444 et
2683 4392 2869 4458 homo,
2903 4395 3018 4451 haec
3041 4401 3245 4464 omnia,
3268 4416 3427 4472 prout
3461 4407 3635 4464 facul-

369 4473 593 4527 δυνατὸν
652 4477 782 4546 ἡμῖν
841 4477 899 4530 ἐν
955 4479 1068 4541 τοῖς
1110 4481 1655 4547 Πραγματευθεῖσιν
1695 4486 1782 4550 εις
1832 4484 1949 4553 τὴν

367 4565 624 4619 Γένεσιν
653 4568 955 4639 εἰρήκαμεν
974 4586 987 4599 ·
1019 4570 1116 4622 καὶ
1149 4569 1206 4621 ὲν
1234 4572 1346 4634 τοῖς
1379 4571 1633 4643 ἀνωτέρω
1664 4574 1741 4638 δὲ,
1781 4575 1950 4644 ἐγκα-

368 4657 582 4722 λοῦντες
623 4661 734 4722 τοῖς
777 4659 918 4713 κατὰ
968 4661 1068 4733 τὴν
1106 4663 1534 4734 προχειροτέραν
1577 4665 1803 4738 ἐκδοχὴν
1848 4670 1951 4738 φή-

371 4766 492 4802 σασι
525 4751 748 4821 χρόνους
779 4752 888 4820 (56)
941 4752 1000 4816 ἒξ
1044 4754 1264 4825 ἡμερῶν
1310 4755 1684 4826 διεληλυθέναι
1735 4761 1815 4822 είς
1848 4760 1947 4831 τὴν

371 4844 740 4912 κοσμοποιίαν,
777 4845 1185 4917 παρετιθέμεθα
1216 4851 1299 4913 τὸ,
1337 4868 1354 4898 ι
1392 4848 1539 4920 Αὕτη
1576 4851 1608 4920 ή
1644 4849 1823 4920 βίϐλος
1855 4868 1946 4920 γε-

370 4931 567 4996 νέσεως
593 4935 820 5009 ούρανοῦ
848 4938 942 4991 καὶ
965 4938 1087 5008 γῆς,
1114 4940 1204 4993 ὅτε
1225 4939 1440 5007 ἐγένετο
1456 4957 1469 4970 ο
1496 4935 1732 5014 ᾖήμὲρᾳ
1757 4943 1946 5012 ἐποίη-

372 5037 463 5073 σεν
485 5024 512 5074 ό
535 5022 664 5086 Θεὸς
694 5025 785 5079 τὸν
812 5026 1038 5098 οὐρανὸν
1071 5030 1166 5082 καὶ
1192 5029 1292 5098 τὴν
1324 5029 1446 5099 γῆν.

441 5141 484 5172 ⁸⁵
517 5139 675 5197 Joan.
705 5159 742 5208 ι,
776 5143 830 5198 9.
908 5146 950 5178 ’⁸
988 5144 1145 5202 Joau.
1172 5163 1286 5213 xw,
1329 5145 1417 5202 5'5.

439 5291 552 5364 (l9)
603 5291 770 5346 [idem
827 5308 998 5360 mss.,
1053 5294 1224 5360 ἕξετε.
1279 5293 1501 5349 Ιιωεριι.
1550 5304 1606 5349 et
1653 5294 1940 5365 Spcncer.,

367 5360 550 5504 ἔχῖζθ)
595 5371 828 5516 Οὲτως..
857 5431 1054 5513 Guieto
1070 5432 1444 5516 “scribendum
1478 5434 1716 5516 videtur,
1743 5434 1935 5516 ovatus.

437 5501 548 5575 (Si)
579 5505 697 5557 ’Ότι
723 5501 871 5570 πρὸς
895 5502 1038 5569 τοῖς.
1068 5503 1380 5560 Bolierellus
1410 5504 1570 5574 legit,
1615 5506 1696 5557 ὅτι
1733 5506 1760 5556 ό
1804 5503 1938 5574 πρὸς

377 5591 552 5715 Ὀιὲέὲ)
584 5645 920 5703 Ηαςεοιιθιῖιιε
955 5644 1007 5699 ἰιι
1041 5654 1210 5712 textu,
1240 5644 1332 5697 ἐπὶ
1353 5643 1442 5698 τὸν
1474 5644 1612 5714 ὑπὲρ
1648 5645 1735 5697 τὸν
1769 5644 1934 5714 ούρα-

367 5729 496 5770 νιον.

1495 5147 1539 5178 ¹⁶
1571 5145 1754 5203 llCor.
1786 5163 1856 5213 tv,
1888 5145 1976 5200 18.

2061 4479 2142 4526 tas
2177 4474 2320 4541 tulit,
2361 4477 2412 4531 iu
2440 4481 2645 4535 nostris
2669 4481 2726 4538 in
2758 4482 2999 4539 Genesim
3035 4498 3430 4552 commentariis
3455 4501 3632 4569 expli-

2059 4566 2324 4622 cavimus.
2368 4569 2506 4636 Quin
2539 4583 2594 4626 et
2627 4588 2793 4643 supra
2828 4587 3016 4632 contra
3040 4596 3136 4637 eos
3165 4585 3255 4652 qui
3278 4587 3439 4644 obvio
3465 4605 3630 4649 sensu

2059 4655 2400 4727 Scripturam
2463 4662 2888 4733 interpretantes
2937 4684 3195 4727 asserunt
3244 4691 3338 4730 sex
3395 4681 3511 4736 dies
3561 4685 3632 4740 ad

2055 4750 2392 4804 creationem
2429 4755 2616 4808 mundi
2646 4755 2954 4826 insumptos
2987 4762 3154 4833 679
3180 4763 3374 4831 fuisse,
3400 4771 3632 4828 adduxi-

2057 4855 2186 4895 mus-
2209 4843 2351 4896 hunc
2380 4841 2555 4898 locum
2582 4860 2596 4898 :
2634 4863 2653 4896 ι
2686 4845 2794 4902 Iste
2824 4859 2908 4904 est
2933 4850 3071 4906 liber
3098 4860 3473 4924 generationis
3505 4864 3629 4920 caeli

2055 4944 2105 4989 et
2136 4943 2297 4990 terra:
2331 4938 2552 5005 quando
2580 4953 2764 4995 creata
2795 4953 2940 5008 sunt,
2972 4944 3024 4999 in
3060 4947 3146 5002 die
3175 4964 3283 5017 quo
3324 4951 3455 5008 fecit
3482 4956 3626 5012 Deus

2054 5027 2252 5082 malum
2282 5036 2336 5081 et.
2367 5037 2568 5083 terram
2588 5031 2652 5086 ‘9.
2693 5051 2711 5083 ι

2057 5148 2096 5178 ¹⁷
2132 5146 2287 5200 Rom.
2320 5163 2358 5212 ι,
2384 5145 2473 5200 20.
2553 5149 2594 5179 ¹⁸
2629 5147 2770 5204 Psal.
2804 5167 2976 5217 χχχιι,
3011 5155 3064 5209 9.
3145 5157 3187 5188 ¹⁹
3222 5159 3354 5212 Gen.
3383 5161 3519 5222 “,4.

2258 5294 2414 5384 Ιίἱιιῒις
2442 5295 2584 5384 editi
2606 5297 2667 5384 iri
2692 5299 2954 5384 margine,
2977 5317 3064 5352 πω

2118 5363 2232 5434 (54)
2259 5363 2511 5439 Δμνάμει
2532 5365 2584 5418 δ’
2610 5363 2876 5439 saepe}.
2898 5368 3074 5422 Locus
3095 5363 3160 5422 ad
3186 5386 3342 5437 quem
3374 5371 3618 5439 remittit,

2047 5433 2278 5488 habetur
2304 5436 2394 5488 lib.
2428 5450 2490 5488 ιιι
2522 5446 2707 5488 contra
2739 5433 2966 5501 Celsum,
2998 5454 3144 5491 num.
3173 5433 3206 5492 9

2119 5504 2380 5586 (55).Τὸν
2401 5505 3286 5593 μὲννςτρσσεχῶς·δῃμιουργιξιξ,
3323 5520 3430 5566 etc.
3487 5510 3619 5568 Vide

2049 5573 2487 5641 Origenianorum
2515 5574 2607 5628 lib.
2638 5591 2697 5634 tt.
2723 5586 2914 5643 quSl.
2944 5573 2998 5639 2,
3033 5573 3179 5629 ιιιι-ιιι.
3212 5579 3295 5632 15.

2117 5631 2226 5714 (ῧϐ)
2257 5647 2546 5716 ¹Χρόνους.
2574 5631 2754 5697 Μιιιίρί
2780 5631 3028 5711 Guietus,
3064 5646 3273 5716 χρόνον.
