3990 6158
408 254 538 308 1591

475 366 565 421 61.
594 364 797 420 Deinde
845 378 972 420 cum
1027 364 1142 420 haec
1196 379 1304 420 non
1354 366 1711 425 intellexisset

401 555 458 601 et
508 543 745 601 cessavit
798 544 852 598 in
901 543 989 599 die
1033 543 1264 613 septimo
1308 549 1376 602 ab
1421 550 1678 606 omnibus
1714 555 1970 623 operibus

401 639 518 695 suis
551 651 670 706 quae
699 635 844 700 fecit,
881 642 938 690 et
975 632 1256 688 benedixit
1294 638 1436 693 Deus
1469 641 1575 696 diei
1616 645 1848 714 septimo
1870 684 1885 711 ,
1910 653 1968 701 et

401 727 762 784 Sanctificavit
785 726 957 792 illum,
978 728 1105 796 quia
1133 727 1185 781 in
1214 728 1332 797 ipso
1356 744 1672 789 cessaverat
1699 737 1769 792 ab
1792 739 1969 793 omn’i-

401 817 506 873 bus
534 817 793 886 operibus
824 815 972 882 suis,
1005 830 1128 884 quae
1155 829 1398 887 cteperat
1433 822 1574 878 Deus
1611 824 1791 882 facere
1811 828 1855 859 '°
1886 844 1901 893 ;
1940 846 1960 882 ι

398 919 632 977 cumque
688 906 828 961 idem
855 921 978 961 esse
1015 906 1387 974 existimaret,
1423 929 1443 964 ι
1478 916 1715 970 cessavit
1752 918 1839 972 die
1880 932 1966 972 se.

395 998 589 1070 ptimo,
614 1017 633 1052 ι
657 1007 731 1063 et,
755 1013 776 1049 ι
797 995 1166 1066 requievitdie
1181 999 1433 1067 septimo,
1460 1021 1479 1056 ι
1502 1004 1581 1058 ait
1605 1023 1618 1059 :
1647 1023 1666 1056 ι
1693 1006 1790 1063 His
1808 1008 1964 1064 factis
2005 1080 2013 1088 _

400 1090 584 1146 factus
618 1100 699 1145 est
729 1089 923 1144 similis
954 1088 1119 1145 inerti
1146 1092 1500 1162 improboque
1543 1097 1723 1165 opitici
1763 1108 1817 1153 et
1863 1102 1961 1155 de-

398 1182 544 1236 fesso
565 1190 729 1250 atque
762 1180 917 1236 feriis
942 1195 1076 1250 opus
1101 1184 1323 1239 habenti
1368 1193 1427 1239 ut
1459 1187 1724 1254 quiescat.
1758 1207 1778 1242 ι
1804 1189 1962 1261 igno-

395 1274 538 1328 ravit
569 1273 716 1328 enim
738 1271 862 1342 quis
893 1272 1154 1328 creationi
1187 1286 1491 1344 operatum:
1522 1282 1764 1348 quandiu
1797 1298 1958 1337 mun-

392 1364 495 1420 dus
528 1364 858 1428 constiterit,
901 1377 1261 1422 succcssurus
1314 1369 1387 1423 sit
1435 1370 1655 1426 Sabbati
1684 1381 1739 1428 et
1767 1389 1958 1429 cessa-

393 1454 556 1510 tionis
582 1453 677 1508 Dei
705 1453 842 1517 dies,
874 1465 1034 1521 quem
1058 1469 1179 1507 cum
1212 1456 1322 1512 Deo
1366 1458 1566 1514 festum
1615 1472 1779 1532 agent
1830 1465 1955 1533 qui-

389 1560 628 1616 cunque,
656 1553 942 1614 postquam
980 1561 1074 1601 sua
1122 1562 1288 1617 opera
1331 1565 1429 1605 sex
1470 1553 1664 1608 diebus
1713 1555 1958 1623 perfece-

392 1638 501 1692 rint
522 1636 768 1706 nihilque
787 1650 1071 1689 munerum
1087 1651 1304 1693 suorum
1329 1644 1802 1709 praetermiserim,
1824 1645 1956 1700 sub-

1886 257 2206 318 ORICENIS

3512 276 3663 333 1592

1768 388 1781 423 :
1827 388 1844 421 t
1908 372 1972 427 Et
2000 379 2046 434 Λ
2144 367 2276 425 Εἶτα
2302 373 2460 428 πάλιν
2498 375 2572 446 μὴ
2600 378 2944 443 κατακούσας
2970 381 3083 435 τοῦ·
3119 401 3136 434 ι
3171 384 3279 438 Καὶ
3307 387 3660 442 συνετέλεσεν

287 483 291 486 ν
402 454 690 525 complevit
734 454 879 509 Deus
910 454 964 508 in
1001 452 1088 508 die
1124 465 1281 510 sexto
1326 470 1491 527 opera
1537 472 1632 514 sua
1661 474 1782 529 qua:
1816 460 1975 528 fecit,

2071 464 2099 514 6
2119 462 2251 527 Θεὸς
2275 466 2334 518 ἐν
2355 468 2421 537 τῇ
2442 468 2627 540 ἡμέρᾳ
2643 472 2710 540 τῇ
2727 468 2862 544 ἕκτῃ
2882 471 2952 525 τά
2975 472 3110 545 ἔργα
3137 476 3321 543 αὑτοῦ,
3342 477 3379 532 ἃ
3400 479 3655 551 ἐποίησε,

2070 556 2165 608 καὶ⁵
2190 557 2536 611 κατέπαυσεν
2561 561 2618 612 ὲν
2642 563 2707 632 τῇ
2734 562 2920 635 ἡμέρα
2950 568 3018 637 τῇ
3053 566 3256 641 ἐϐδόμῃ
3287 569 3396 624 ἀπὸ
3429 572 3659 626 πάντων

2068 645 2176 700 τῶν
2198 647 2374 718 ἔργων
2404 649 2588 718 αὐτοῦ,
2620 647 2695 705 ὧν
2720 654 2965 726 ἐποίησε,
2997 659 3090 711 καὶ
3119 660 3412 733 εὐλόγησεν
3443 663 3471 715 6
3518 663 3659 729 Θεὸς

2067 731 2165 822 τὴν
2198 733 2409 805 ἡμέραν
2440 734 2537 807 τὴν
2578 736 2835 811 ἑϐδόμην,
2866 743 2962 797 καὶ
2997 745 3225 815 ἡγίασεν
3254 731 3445 822 αύτὴν,
3476 753 3559 807 ὅτι
3591 756 3659 808 ἐν

2066 821 2201 893 αὐτῇ
2234 823 2577 881 κατέπαυσεν
2610 826 2718 884 ἀπὸ
2745 833 2963 888 πάντων
2992 835 3101 889 τῶν
3130 837 3309 910 ἔργων
3350 821 3538 907 αὐτοῦ,
3570 837 3658 899 ὧν

2066 910 2267 983 ἤρξατο
2303 914 2331 965 6
2376 915 2515 981 Θεὸς
2556 920 2800 991 ποιῆσαι·
2840 943 2859 976 ο
2894 926 2990 980 καὶ
3021 929 3225 999 οίηθεὶς
3264 933 3462 987 ταύτὸν
3507 931 3653 991 εἶναι

2063 1002 2142 1066 τὸ,
2175 1004 2518 1061 κατέπαυσε
2549 1009 2626 1079 τῇ
2647 1012 2838 1082 ἡμέρᾳ
2876 1006 2952 1084 τῇ
2994 1018 3237 1091 ἐϐδόμῃ,
3267 1023 3360 1075 καὶ
3390 1023 3473 1089 τὸ,
3508 1026 3655 1081 ἁνε-

2064 1096 2340 1150 παύσατο
2366 1096 2442 1165 τῇ
2469 1099 2660 1168 ἡμέρᾳ
2694 1103 2770 1181 τῇ
2793 1104 3037 1177 ἐϐδόμῃ,
3066 1112 3222 1182 φησι⁹
3257 1130 3275 1164 ι
3306 1112 3455 1169 Μετά
3486 1116 3652 1171 τοῦτο

2066 1187 2170 1259 μὴν
2195 1189 2383 1262 ὥσπερ
2414 1210 2498 1257 τις
2529 1195 3036 1272 ἀτεχνῶςβονηρὸς
3082 1204 3433 1278 χειροτέχνης
3470 1209 3648 1262 ἐκκα-

2065 1279 2201 1350 μὼν,
2227 1283 2477 1356 καὶπρὸς
2500 1285 2804 1342 ἀνάπαυσιν
2829 1290 3026 1362 ἀργίας
3054 1294 3164 1366 (57)
3190 1294 3420 1367 δεηθείς.
3458 1318 3475 1350 ι
3507 1301 3648 1354 Οὐδὲ

2060 1370 2172 1443 γάρ
2218 1369 2348 1437 οἶδε,
2378 1374 2463 1438 τίς
2490 1371 2549 1446 ᾖ,
2598 1377 2734 1447 μετά
2769 1380 2869 1452 τὴν
2903 1382 3025 1436 ὅσον
3055 1386 3086 1438 6
3132 1386 3336 1457 κόσμος
3383 1388 3649 1459 συνέστη-

2059 1477 2153 1515 κεν
2188 1463 2300 1535 (58)
2332 1466 2727 1539 ἐνεργουμένην
2754 1473 3135 1541 κοσμοποιίαν,
3164 1478 3197 1546 ἡ
3231 1476 3326 1530 τοῦ
3360 1478 3646 1534 Σαϐὄάτου

2058 1553 2151 1606 καὶ
2183 1554 2281 1625 τῆς
2315 1556 2714 1642 καταπαύσεως
2748 1559 2841 1613 τοῦ
2875 1562 3009 1615 Θεοῦ
3045 1566 3251 1636 ἡμέρα,
3285 1568 3343 1620 ἐν
3375 1562 3409 1642 ᾗ
3450 1569 3647 1640 ἐορτά-

2061 1658 2245 1696 σουσιν
2285 1643 2404 1715 ἅμα
2437 1634 2519 1716 τῷ
2551 1646 2670 1716 Θεῷ
2712 1649 2761 1699 οἱ
2795 1649 2970 1702 πάντα
3007 1651 3074 1705 τὰ
3109 1652 3245 1724 ἔργα
3281 1656 3488 1709 ἐαυτῶν
3520 1661 3645 1723 ταῖς

386 1728 479 1783 lati
550 1737 713 1782 erunt
757 1729 823 1783 ad
869 1708 1383 1797 contemplationem
1437 1742 1744 1802 ctetumque
1779 1734 1940 1803 justo-

2059 1733 2118 1800 εξ
2143 1708 2378 1809 ἡμέραις
2405 1708 2787 1807 messae,
2811 1740 2906 1793 καὶ
2933 1740 3022 1794 διὰ
3042 1743 3102 1795 τὸ
3129 1708 3296 1816 esset,
3318 1708 3645 1817 παραλελὸί-

387 1835 508 1873 rum
539 1833 604 1876 ac
631 1819 937 1875 beatorum.
965 1820 1161 1876 Postea
1186 1822 1342 1891 quasi
1368 1822 1668 1893 Scriptura:
1708 1828 1957 1885 dicerent

384 1919 480 1965 aut
532 1925 633 1966 nos
678 1911 781 1980 ipsi
839 1912 1146 1967 diceremus
1187 1913 1352 1969 Deum
1408 1917 1682 1973 defessum
1738 1921 1952 1990 requie-

384 2004 528 2058 visse
562 2022 576 2059 :
614 2023 633 2056 ι
664 2004 769 2060 Fas
802 2021 907 2060 non
956 2013 1061 2073 est,
1096 2006 1296 2076 inquit,
1346 2008 1581 2077 primum
1633 2010 1802 2066 Deum
1831 2012 1950 2067 fati-

383 2095 525 2162 gari,
558 2098 808 2154 manibus
840 2100 1086 2157 laborem
1123 2115 1414 2163 exercere,
1453 2112 1550 2155 aut
1594 2101 1887 2171 imperare.
1926 2123 1943 2157 ι

379 2183 469 2237 Ait
504 2198 633 2255 ergo
657 2184 845 2242 Celsus
877 2188 960 2243 fas
992 2204 1099 2244 non
1149 2205 1272 2245 esse
1324 2191 1560 2258 primum
1597 2192 1762 2247 Deum
1816 2194 1946 2249 iati-

379 2277 494 2347 gari
523 2294 538 2343 ;
575 2292 671 2333 nos
691 2289 871 2334 autem
896 2281 1128 2337 dicimus
1159 2294 1225 2335 ne
1261 2280 1428 2336 Deum
1452 2283 1670 2352 quidem
1711 2286 1943 2342 Verbum

376 2367 618 2437 fatigari,
643 2385 818 2442 neque
848 2373 1012 2427 ullmn
1034 2387 1243 2438 eorum,
1272 2373 1364 2442 qui
1392 2376 1459 2428 ad
1492 2375 1773 2432 meliorem
1803 2395 1945 2434 nunc

375 2470 431 2514 et
459 2461 780 2517 diviniorem
808 2464 1059 2518 ordinem
1096 2465 1394 2532 pertinent.
1428 2465 1563 2520 Nam
1597 2466 1847 2537 fatigatio
1888 2471 1942 2524 in

376 2567 472 2607 eos
501 2554 653 2608 cadit
683 2554 775 2623 qui
813 2553 866 2609 in
900 2569 1129 2625 corpore
1156 2565 1306 2611 sunt.
1332 2557 1455 2626 Ipse
1493 2572 1625 2614 vero
1658 2561 1942 2629 quaesieris

377 2658 442 2697 an
472 2644 524 2699 in
553 2659 646 2701 cos
678 2647 768 2715 qui
796 2650 1172 2719 qualecunque
1193 2664 1387 2718 corpus
1410 2651 1632 2716 habent,
1664 2668 1731 2706 an
1771 2652 1824 2707 in
1848 2668 1943 2708 eos

370 2738 462 2806 qui
494 2747 770 2792 terrenum
800 2738 941 2806 quod
961 2740 1120 2809 paulo
1139 2739 1331 2794 sitisto
1360 2744 1723 2809 praestantius.
1753 2742 1940 2812 Neque

373 2830 452 2882 l‘as
480 2830 643 2884 etiam
670 2830 900 2901 primum
930 2831 1097 2887 Deum
1121 2832 1372 2886 manibus
1394 2832 1634 2887 laborem
1656 2848 1935 2914 exercere.

368 2920 482 2973 into
507 2920 552 2974 si
572 2922 670 2976 has
693 2936 852 2977 VOCeS
872 2921 1097 2991 proprie
1125 2923 1424 2990 acceperis,
1444 2938 1616 2993 neque
1639 2927 1960 2981 secundum.

2056 1825 2214 1878 πέναι
2246 1826 2354 1879 τῶν
2386 1827 2801 1892 ἐπιϐαλλόντων,
2834 1831 3215 1899 ἀναϐαίνοντες
3244 1837 3339 1890 ἐπὶ
3369 1839 3467 1911 τὴν
3497 1840 3640 1895 θεω-

2057 1917 2175 1987 ρίαν
2224 1918 2319 1971 καὶ
2344 1917 2441 1989 τὴν
2494 1920 2552 1972 ἐν
2604 1920 2740 1991 αὐτῇ
2786 1921 2895 1975 τῶν
2938 1923 3160 1979 δικαίων
3202 1928 3294 1981 καὶ
3347 1932 3637 2003 μακαρίων

2052 2007 2378 2079 πανήγυριν.
2413 2004 2568 2073 Εἶτα,
2609 2010 2684 2072 ὡς
2718 2010 2834 2080 ἤτοι
2871 2013 2980 2068 τῶν
3009 2016 3241 2087 Γραφῶν
3276 2020 3419 2075 οὕτω
3448 2023 3641 2093 λεγου⁴

2051 2099 2180 2163 σῶν,
2203 2100 2236 2170 ἢ
2266 2100 2361 2153 καὶ
2385 2101 2543 2171 ἡμῶν
2560 2102 2740 2156 αὐτῶν
2762 2105 2905 2158 οὓτω
2921 2107 3295 2180 διηγουμένων
3318 2115 3442 2186 περὶ
3472 2115 3638 2177 Θεοῦ,

2049 2191 2128 2242 ὅτι
2163 2190 2356 2262 καμὼν
2396 2192 2761 2260 ἀνεπαύσατο,
2798 2198 2984 2268 φησὶν,
3026 2199 3127 2265 ὅτι,
3180 2221 3198 2252 ι
3241 2204 3316 2256 O6
3357 2205 3514 2276 θέμις
3542 2207 3638 2259 τὸν

2048 2282 2261 2352 πρῶτον
2303 2283 2435 2338 Θεὸν
2482 2286 2734 2357 κάμνειν,
2792 2288 2914 2342 οὔτε
2958 2297 3317 2364 χειρουργείν,
3364 2296 3487 2350 οὔτε
3534 2316 3630 2351 κε-

2051 2373 2251 2427 λεύειν.
2290 2394 2308 2425 ι
2356 2375 2412 2428 Ὁ
2447 2378 2544 2447 μὲν
2570 2374 2663 2431 οῦν
2694 2380 2902 2443 Κέλσος
2928 2383 3110 2452 φησὶν,
3143 2386 3225 2438 ὅτι
3246 2388 3308 2439 06
3341 2389 3497 2459 θέμις
3517 2390 3631 2461 (59)

2045 2463 2134 2516 τὸν
2165 2466 2378 2536 πρῶτον
2408 2467 2541 2522 Θεὸν
2575 2471 2802 2540 κάμνειν
2821 2490 2834 2502 ·
2865 2476 3028 2544 ἡμεῖς
3053 2475 3110 2528 δὲ
3141 2476 3391 2548 εἴποιμεν
3424 2480 3509 2545 ἂν,
3544 2484 3628 2535 ὅτι

2045 2553 2155 2606 οὐδ’
2188 2557 2217 2608 6
2249 2555 2383 2620 Θεὸς
2427 2557 2599 2627 Λόγος
2633 2561 2854 2631 κάμνει,
2899 2564 3007 2618 οὐδ’
3048 2556 3162 2619 ὅσοι
3195 2568 3294 2638 τῆς
3325 2571 3627 2640 κρείττονος

2044 2645 2142 2716 ἤδη
2178 2648 2270 2700 καὶ
2300 2646 2578 2722 θειοτέρας
2620 2651 2826 2718 τάξεως
2859 2655 3072 2726 ἔχονται
3093 2674 3107 2687 ·
3153 2657 3215 2711 τὸ
3247 2659 3356 2730 γὰρ
3397 2662 3626 2733 κάμνειν

2042 2737 2158 2789 ἐστὶ
2199 2738 2307 2793 τῶν
2341 2742 2398 2793 ἐν
2451 2741 2681 2814 σώματι.
2723 2748 2989 2816 Ζητήσεις
3036 2748 3117 2813 δὲ,
3174 2750 3403 2822 πότερον
3436 2753 3467 2824 ἦ
3508 2754 3614 2807 τῶν

2039 2827 2098 2879 ἐν
2136 2829 2430 2895 οίῳποτοῦν
2463 2832 2695 2902 σώματι,
2749 2836 2921 2906 ἢτῶν
2956 2841 3014 2890 ἐν
3042 2839 3118 2909 τῷ
3146 2842 3340 2912 γηΐνῳ,
3375 2845 3467 2898 καὶ
3504 2846 3606 2898 ὀλί-

2039 2934 2133 2985 γον
2166 2920 2352 2974 τούτου
2407 2923 2654 2993 βελτίονι.
2708 2927 2843 2980 Ἀλλ’
2886 2930 3007 2983 οὐδὲ
3043 2931 3201 3001 θέμις
3246 2935 3341 2987 τὸν
3394 2937 3594 3007 πρῶτον

370 3006 558 3077 Deum,
588 3028 765 3084 neque
794 3014 938 3067 aliud
964 3014 1239 3082 quidpiam
1270 3029 1334 3069 ex
1355 3014 1711 3071 divinioribus
1743 3017 1825 3073 fas
1850 3028 1936 3073 est

2044 3009 2172 3065 Θεὸν
2214 3020 2574 3085 χειρουργεῖν·
2614 3018 2709 3071 ἐὰν
2754 3019 2809 3072 δὲ
2844 3021 3049 3092 κυρίως
3098 3024 3339 3098 ἀκούσῃς
3371 3006 3462 3080 τοῦ
3497 3046 3606 3099 χει-

367 3105 619 3158 ιιιςιιιίὶιιιε
640 3104 881 3173 operari.
915 3103 1022 3159 Sed
1052 3104 1137 3158 fac
1174 3120 1267 3158 cas
1302 3119 1467 3159 voces
1496 3121 1594 3174 per
1614 3107 1932 3164 abusionem

2044 3100 2312 3172 ρουργεῐν,
2343 3105 2462 3157 οὑδέ
2486 3107 2576 3160 τὸν
2595 3107 2868 3180 δεύτερον,
2896 3110 3005 3164 οὐδ’
3036 3112 3164 3166 ἄλλο
3197 3132 3249 3167 τι
3283 3117 3393 3169 τῶν
3418 3117 3614 3173 θειοτέ-

367 3205 459 3249 aut
491 3195 722 3264 figurate
755 3196 1027 3263 usurpari,
1049 3205 1108 3250 ut
1131 3196 1465 3265 explicemus
1493 3200 1634 3254 istud
1662 3218 1676 3255 :
1708 3220 1726 3252 ι
1759 3201 1933 3270 Opera

368 3301 624 3343 manuum
653 3289 769 3360 ejus
793 3290 1077 3344 annuntiat
1107 3291 1503 3346 firmamentum
1522 3296 1563 3325 ²¹
1593 3310 1606 3359 ;
1648 3314 1666 3347 ι
1695 3305 1750 3351 et
1786 3298 1887 3352 hoc
1915 3315 1928 3352 :

368 3397 387 3430 ι
421 3378 607 3435 Manus
649 3380 764 3450 ejus
817 3381 1223 3436 constituerunt
1267 3381 1561 3453 uelum";
1594 3404 1613 3438 ι
1657 3396 1713 3442 et
1750 3388 1929 3457 siquid

364 3471 453 3526 bis
504 3471 709 3526 dictum
756 3480 839 3527 est
883 3471 1080 3542 simile,
1131 3475 1219 3530 ubi
1272 3474 1569 3544 allegorice
1631 3494 1823 3536 manus
1875 3492 1931 3536 et

361 3560 606 3616 membra
665 3561 761 3617 Dei
802 3563 1268 3632 interpretamur,
1320 3565 1450 3634 quid
1508 3567 1801 3624 absurdum
1844 3581 1928 3627 est

361 3649 526 3705 Deum
553 3650 656 3705 hoc
689 3634 851 3708 sensu
882 3652 1132 3708 manibus
1156 3654 1413 3723 operari?
1458 3655 1579 3712 Jam
1622 3673 1751 3714 vero
1781 3661 1928 3716 sicut

360 3756 464 3794 non
493 3743 784 3797 absurdum
805 3752 889 3798 est
914 3743 1083 3798 Deum
1103 3747 1321 3814 operari
1347 3747 1617 3817 manibus,
1648 3750 1725 3804 ita
1751 3767 1926 3822 neque

352 3836 567 3904 jubere.
600 3836 715 3897 Hoc
745 3840 863 3906 ipso
893 3840 1039 3893 enim
1063 3841 1322 3908 praeclara
1351 3852 1406 3898 et
1429 3843 1586 3901 laude
1613 3848 1773 3920 digna
1801 3861 1928 3905 sunt

356 3941 479 3998 quae
506 3928 634 3982 facit
663 3929 708 3986 is
734 3930 827 3999 qui
857 3929 1238 4001 facerejussus
1262 3943 1369 4002 est,
1393 3939 1522 4006 quia
1553 3939 1694 3996 Deus
1716 3951 1802 3997 est
1830 3945 1924 4013 qui

359 4018 472 4071 ticri
501 4016 686 4086 jussit.

424 4153 512 4209 62.
549 4154 786 4211 Rursum
812 4156 1006 4214 Celsus
1059 4158 1294 4218 fortasse
1332 4162 1475 4219 male
1515 4165 1659 4221 istud
1696 4181 1923 4239 accepe~

356 4257 439 4300 rat
479 4265 495 4302 :
526 4265 544 4298 ι
582 4246 657 4302 Os
675 4249 888 4305 Domini
921 4250 1165 4306 locutum
1191 4263 1274 4308 est
1298 4255 1507 4321 bare";
1535 4276 1555 4310 ι
1594 4257 1734 4315 forte
1756 4263 1920 4317 etiam

352 4337 470 4393 ioca
504 4339 767 4408 ejusmodi
820 4338 1039 4397 fuerant
1082 4343 1160 4397 illi
1205 4344 1274 4399 ab
1321 4346 1590 4417 imperitis
1626 4365 1917 4420 perperam

2044 4362 2116 4415 cal.
2158 4364 2269 4418 τῶν
2321 4366 2541 4420 ἰδιωτῶν
2586 4373 3111 4443 προπετευσαμένων
3163 4376 3289 4447 περὶ

2038 3205 2167 3258 ρων.
2230 3192 2368 3245 Ἀλλ’
2403 3193 2544 3249 ἔστω
2581 3201 3036 3270 καταχρηστικῶς
3083 3202 3337 3272 λέγεσθαι
3384 3207 3444 3261 τὸ
3493 3227 3606 3279 χει-

2037 3284 2303 3352 ρουργεῖν,
2357 3283 2391 3354 ἢ
2447 3288 2743 3356 τροπικῶς,
2808 3291 2895 3343 ἵνα
2946 3291 3334 3366 διηγησῶμεθα
3387 3300 3480 3351 καὶ
3530 3298 3612 3362 τὸ,

2038 3385 2058 3418 ι
2085 3368 2306 3434 Ποίησιν
2327 3370 2383 3424 δὲ
2405 3374 2603 3445 χειρῶν
2629 3376 2791 3431 αὐτοῦ
2818 3379 3139 3447 ἀναγγέλλει
3165 3383 3225 3436 τὸ
3251 3388 3554 3458 στερέωμασ
3585 3407 3607 3440 ι

2030 3457 2152 3522 καὶ,
2185 3478 2203 3509 ι
2239 3461 2304 3513 Αἱ
2333 3467 2510 3533 χεῖρες
2544 3464 2704 3518 αὑτοῦ
2748 3466 2980 3539 ἔστησαν
3015 3470 3106 3524 τὸν
3138 3473 3385 3545 οὐρανόν·
3441 3478 3532 3529 καὶ
3560 3478 3612 3529 εἰ

2028 3564 2081 3599 τι
2137 3549 2347 3615 τούτοις
2395 3554 2609 3625 εἴρηται
2671 3560 3084 3630 παραπλησίως,
3138 3565 3608 3634 τροπολογούντων

2030 3634 2185 3705 ἡμῶν
2207 3641 2395 3709 χεῖρας
2421 3644 2515 3695 καὶ
2547 3642 2681 3716 μέλη
2708 3644 2803 3698 τοῦ
2832 3647 2966 3701 Θεοῦ
2986 3665 3000 3679 °
3031 3650 3086 3702 τί
3115 3647 3208 3704 οὖν
3238 3652 3436 3707 ἄτοπον
3463 3655 3606 3710 οὕτω

2028 3732 2366 3799 χειρουργεῖν
2413 3731 2579 3798 Θεόν;
2625 3735 2714 3798 Ὠς
2742 3737 2841 3790 οῦκ
2870 3738 3070 3794 ἄτοπον
3103 3742 3159 3795 δὲ
3184 3742 3328 3797 οὕτω
3354 3763 3604 3821 χειρουρ-

2027 3819 2144 3883 γείν
2171 3819 2501 3886 Θεὸννοῦτως
2519 3825 2639 3878 οὐδὲ
2669 3828 2728 3880 τὸ
2752 3829 2995 3885 κελεύειν
3017 3834 3198 3899 αὐτὸν,
3228 3837 3318 3891 ἵνα
3346 3840 3486 3893 καλά
3513 3819 3607 3895 καὶ

2025 3905 2282 3961 ἐπαινετά
2403 3912 2468 3965 τὰ
2497 3913 2600 3967 ὑπὸ
2646 3916 2739 3970 τοῦ
2784 3919 3141 3992 κελευομένω
3183 3927 3602 4000 ἐπιτελούμενα,

2024 3996 2102 4066 τῷ
2132 3997 2264 4052 Θεὸν
2291 3995 2430 4055 εἶναι
2459 4004 2553 4058 τὸν
2577 4007 2938 4065 κεκελευκότα
2962 4015 3090 4085 περὶ
3118 4016 3319 4070 αὐτῶν.

2097 4176 2265 4233 Πάλιν
2297 4198 2355 4234 τε
2387 4176 2453 4234 αὖ
2490 4183 2518 4236 ὀ
2544 4184 2747 4249 Κέλσος
2783 4187 2924 4258 τάχα
2965 4191 3061 4260 μὲν
3092 4193 3450 4262 παρακούσας
3482 4196 3595 4259 τοῦ,

2028 4286 2047 4319 ο
2089 4270 2162 4323 Τὸ
2191 4272 2298 4344 γὰρ
2332 4276 2507 4346 στόμα
2549 4276 2754 4347 Κυρίου
2800 4278 3029 4351 ἐλάλησε
3068 4282 3257 4347 ταῦτα,
3299 4303 3316 4336 ι
3360 4287 3500 4357 τάχα
3541 4288 3595 4340 δὲ

3334 4395 3435 4448 της
3489 4397 3595 4433 των

350 4426 640 4496 explicata,
675 4438 731 4485 et
773 4444 879 4484 non
921 4431 1233 4503 intelligens
1278 4436 1368 4490 Dei
1420 4437 1654 4495 virtutes
1683 4442 1916 4512 exprimi

2044 4454 2278 4508 :0t061tov
2318 4426 2643 4530 διηγήσεως,
2666 4433 2671 4437 9
2695 4460 2771 4532 μὴ
2814 4426 3015 4533 νοήσας
3131 4426 3433 4523 ἐπἰιτίνωῦ
3468 4471 3596 4524 τάσ-

349 4516 658 4571 uominibus
680 4519 1048 4575 membrorum
1071 4525 1338 4592 corporis,
1366 4526 1505 4582 dixit
1532 4547 1544 4581 :
1591 4547 1610 4580 ι
1646 4529 1832 4600 Neque
1853 4548 1916 4588 os

349 4606 399 4658 ei
422 4615 525 4671 est,
560 4622 734 4676 neque
757 4625 883 4666 vox.
912 4631 933 4665 ›
957 4611 1117 4668 Certe
1143 4614 1252 4671 Deo
1279 4633 1383 4672 vox
1415 4634 1523 4674 non
1549 4629 1655 4687 est,
1680 4623 1725 4677 si
1746 4624 1914 4695 680

349 4709 452 4747 VOX
482 4706 566 4750 εει
601 4711 694 4751 aer
726 4714 1037 4767 percussus,
1061 4713 1160 4758 aut
1184 4720 1474 4765 succussus
1497 4714 1664 4779 aeris,
1700 4726 1794 4770 aut
1819 4732 1914 4774 ae-

348 4783 427 4837 ris
455 4784 684 4851 species,
707 4796 801 4840 aut
820 4791 1084 4860 quidquid
1110 4808 1233 4848 eam
1266 4808 1389 4853 esse
1415 4798 1685 4856 definiunt
1720 4807 1911 4861 harum

347 4887 530 4929 rerum
560 4874 720 4942 periti
754 4880 893 4941 ;sed
935 4895 1056 4949 quae
1102 4883 1195 4939 Dei
1226 4900 1334 4940 vox
1371 4889 1598 4957 dicitur,
1626 4909 1689 4947 ea
1727 4895 1911 4963 hujus-

347 4964 493 5018 modi
539 4974 641 5032 est,
694 4976 752 5020 ut
784 4982 904 5023 eam
950 4988 981 5026 a
1023 4975 1221 5043 populo
1250 4980 1420 5034 videri
1463 4985 1784 5042 testificetur
1820 4992 1908 5047 hic

345 5055 496 5112 locus
529 5076 542 5111 :
574 5078 593 5110 I
636 5058 827 5118 Omnis
855 5064 1089 5133 p0pulus
1117 5067 1254 5121 vidit
1282 5084 1468 5126 vocem
1497 5075 1589 5163 Dei
1608 5076 1687 5141 ";
1728 5097 1748 5129 ι
1778 5095 1908 5137 voce

2024 4562 2174 4599 σεται
2219 4547 2288 4600 τά
2336 4547 2561 4618 ὀνόμασι
2614 4551 2727 4622 (60)
2766 4555 3092 4622 σωματικῶν
3129 4558 3307 4627 μελῶν
3352 4562 3447 4613 ἐπὶ
3489 4560 3595 4614 τῶν

2023 4636 2304 4707 δυνάμεων
2335 4640 2428 4693 τοῦ
2460 4642 2598 4695 Θεοῦ
2635 4643 2925 4715 λεγόμενα,
2976 4648 3153 4717 φησίν·
3198 4670 3215 4701 ι
3255 4653 3390 4706 Οὐδὲ
3422 4654 3594 4723 στόμα

2017 4726 2166 4796 αὐτῷ
2195 4729 2365 4791 ἐστιν,
2397 4730 2517 4782 οὐδὲ
2567 4733 2738 4803 φωνή.
2781 4751 2800 4783 ι
2862 4733 3098 4804 ’Λληθῶς
3143 4736 3253 4808 γὰρ
3292 4739 3395 4792 οὐκ
3439 4738 3592 4793 ἔσται

2012 4817 2093 4887 τῷ
2120 4818 2238 4883 Θεῷ
2259 4820 2433 4888 φωνὴ,
2460 4821 2622 4892 εἴπερ
2642 4824 2788 4876 ἐστὶν
2815 4827 2846 4893 ὴ
2873 4825 3021 4895 φωνὴ
3047 4825 3154 4896 ἀὴρ
3179 4829 3587 4899 πεπληγμένος,

2013 4908 2043 4978 ἢ
2079 4909 2260 4980 πληγὴ
2294 4911 2474 4982 ἀέρος,
2504 4913 2536 4983 ἢ
2571 4909 2711 4978 εἶδος
2737 4916 2917 4987 ἀέρος,
2952 4917 2984 4987 ἥ
3020 4918 3048 4971 ὅ
3074 4935 3126 4970 τι
3152 4919 3355 4989 δήποτε
3385 4921 3592 4993 ὁρίζον-

2011 5016 2101 5052 ται
2134 4997 2272 5053 εἷναι
2301 5002 2400 5072 τὴν
2428 5002 2610 5072 φωνὴν
2640 5005 2689 5057 οἱ
2722 5007 2848 5077 περὶ
2872 5007 3043 5061 ταῦτα
3065 5008 3224 5062 δεινοί
3248 5028 3260 5039 ο
3291 5010 3408 5063 ἀλλ’
3437 5013 3471 5082 ἡ
3497 5012 3588 5063 λεν

2009 5089 2214 5161 γομένη
2265 5092 2415 5163 φωνὴ
2458 5093 2617 5158 Θεοῦ,
2646 5094 2721 5159 ὡς
2753 5097 2885 5149 Θεοῦ
2932 5098 3081 5169 φωνὴ
3108 5100 3339 5170 ὁρᾶσθαι
3371 5101 3593 5171 λέγεται
3621 5106 3635 5119 ”

412 5242 459 5277 ⁸⁸
487 5245 620 5301 Gen.
658 5263 718 5313 tt,
750 5247 807 5315 2,
838 5251 891 5306 5.
971 5251 1015 5282 “
1050 5251 1197 5308 Psal.
1226 5267 1380 5322 xvrtt,
1414 5257 1469 5313 Ι.
1547 5262 1591 5292 ¹¹
1621 5260 1764 5319 Psal.
1794 5281 1867 5330 ct,
1892 5269 1940 5322 21

2059 5274 2106 5306 ³³
2138 5273 2239 5329 lsa.
2260 5279 2306 5342 ἱ,
2331 5276 2425 5332 20.
2510 5279 2558 5311 ’⁸
2585 5279 2755 5337 Exod.
2789 5283 2993 5350 11,18.

413 5401 525 5540 (ΡξἾζ
566 5402 809 5474 Ἁργίας.
837 5406 1181 5468 Πωείιιιείῖιιε
1207 5412 1257 5467 in
1293 5424 1463 5481 textu,
1490 5418 1685 5490 ἀργοῦ.

415 5472 504 5539 (ὒὸ
575 5476 734 5529 Μετὰ
790 5478 907 5540 τὴν
958 5480 1110 5537 ὅσον
1154 5485 1189 5537 ὀ
1222 5486 1448 5540 κόσαοο
1496 5492 1685 5540 συνέσ

415 5472 524 5555 (θὶβ)
575 5472 734 5555 Merci:
764 5472 907 5548 ’τὴν
958 5480 1110 5555 ὅσον
1134 5485 1189 5555 ᾃό
1222 5472 1463 5555 κόσμος(
1496 5472 1894 5555 άυὶεέἀτηκεν.

346 5535 862 5630 §1|1llgquiw|3lllenlr
900 5535 1439 5630 scribentium—'63:;
1480 5535 1899 5630 ti];

346 5605 917 5688 κόσμρςξσυνέστηκενε
940 5605 1412 5688 Εςὸ-ἧῑίιῖίηιιιῖιῖοί

419 5676 529 5746 (59)
553 5678 676 5735 Mss.
703 5676 863 5754 Reg.,
891 5676 1211 5763 Βεέῖιοοιιὲέ,
1238 5676 1482 5757 Ϋειιίξξιη.
1519 5706 1574 5756 et
1608 5699 1890 5772 Anglican.

2005 5435 2301 5556 ἒξειιῗὲιῗ,
2337 5435 2418 5489 ὅτι
2441 5436 2503 5490 οὒ
2534 5436 2713 5509 θέμις.
2764 5438 3101 5496 ΗωεεΙιεΙίυε
3138 5452 3194 5498 et
3243 5443 3583 5515 Spencerus,

2070 5517 2085 5552 ι
2118 5518 2147 5553 Ο
2232 5522 2256 5556 ε
2286 5546 2300 5556 .

2070 5517 2085 5552 ι
2118 5517 2179 5555 Οῡ
2200 5517 2300 5560 σει.

2099 5570 2186 5654 60)
2215 5572 2410 5654 G_uie_lo
2436 5573 2779 5654 scribemlttm
2813 5580 3044 5647 videtur,
3085 5580 3153 5635 τὰ
3168 5581 3445 5654 -ὀνόματα,
3478 5588 3580 5646 sed

2008 5643 2222 5712 vulgata
2248 5643 2407 5700 lectio
2433 5644 2562 5701 ferri
2590 5659 2784 5718 potest.
