3990 6158
362 399 385 452 1
398 396 500 453 595

1563 396 1840 452 CONTRA
1881 396 2158 453 CELSUM
2200 397 2326 457 LIB.
2368 397 2453 453 Vl.

3476 399 3610 454 15⁷94

359 518 461 570 ὑπὸ
493 513 586 570 τοῦ
624 515 749 568 λαοῦ
793 517 848 567 ὲν
895 515 992 586 τῷ,
1036 534 1053 566 ‹
1089 516 1202 578 Πᾶς
1236 518 1262 568 6
1295 516 1420 579 λαὸς
1454 515 1597 586 ἐώρα
1628 518 1728 588 τὴν
1760 519 1934 589 φωνὴν

2050 521 2216 572 rideri
2249 529 2484 587 sumpta,
2544 528 2602 571 ut
2643 532 2704 570 ex
2741 517 3131 570 consuetudine
3182 514 3475 586 Scriptum
3526 518 3608 572 lo-

357 609 449 662 τοῦ
488 607 645 660 Θεοῦ⁴
683 627 700 658 ι
747 606 838 660 τοῦ
887 606 1138 675 ὁρᾶσθαι
1183 606 1616 678 λαμϐανομένου,
1667 610 1755 662 ἵνα
1795 609 1934 662 κατὰ

357 701 456 770 τὴν
485 700 770 770 συνήθειαν
812 700 1061 770 ὀνομάσω
1103 700 1201 770 τῆς
1233 701 1472 770 Γραφῆς,
1504 701 1930 770 πνευματικῶς.

370 791 508 846 Ἀλλ’
568 809 587 843 ι
632 792 739 844 οὐδ’
788 791 914 844 ἄλλο
966 792 1127 860 φησὶν
1181 786 1317 844 εἶναι
1365 790 1442 861 τῷ
1486 791 1605 861 Θεῷ
1646 785 1719 844 ὧν
1775 794 1935 860 ἡμεῖς

360 884 534 954 ἴσμενο
575 902 593 934 ι
630 883 805 936 Τίνων
833 883 876 936 δ’
906 885 1066 953 ἡμεῖς
1101 883 1278 952 ἴσμεν,
1310 885 1370 936 οὐ
1407 883 1708 953 σαφηνίζει.
1741 885 1800 936 Εἰ
1838 885 1934 952 μὲν

358 975 464 1048 γὰρ
493 974 689 1045 μελῶν,
718 974 1013 1046 σύμφαμεν
1051 975 1221 1046 αὐτῷ,
1252 975 1765 1044 προσυπακούοντες
1812 995 1828 1025 ι
1859 969 1934 1028 ὧν

361 1065 516 1134 ἴσμεν
558 1084 576 1116 ι
632 1064 957 1135 σωματικῶς
1007 1067 1101 1118 καὶ
1151 1066 1456 1135 κοινότερον
1503 1067 1928 1139 ὀνομαζομένων·

358 1157 487 1210 εἰδὲ
515 1155 742 1210 καθόλου
769 1155 1060 1226 ἀκούοιμεν
1090 1155 1180 1208 τοῦ
1212 1174 1228 1206 t
1262 1149 1337 1209 ὧν
1363 1157 1521 1226 ἡμεῖς
1549 1157 1725 1227 ἴσμεν,
1757 1177 1775 1209 t
1809 1158 1933 1210 πολ-

358 1244 465 1298 λῶν
492 1248 652 1316 ἡμεῖς
683 1245 839 1316 ἴσμεν
859 1246 1274 1316 ὲξακουομένου·
1303 1246 1416 1298 ἔστι
1441 1247 1549 1318 γὰρ
1570 1248 1717 1318 αὐτῷ
1743 1249 1930 1318 ἀρετὴ,

359 1338 449 1390 καὶ
484 1338 839 1409 μακαριότης,
877 1339 970 1391 καὶ
1006 1337 1236 1408 θειότης.
1282 1339 1345 1391 Εἰ
1377 1338 1433 1391 δέ
1470 1355 1552 1400 τις
1579 1338 1764 1392 ἀκούοι
1795 1338 1933 1409 ὑψη-

358 1427 576 1500 λότερον
606 1427 698 1480 τοῦ
733 1447 750 1480 ι
780 1422 854 1480 ὧν
883 1430 1040 1498 ἡμεῖς
1077 1429 1254 1498 ἴσμεν,
1292 1448 1310 1479 ι
1350 1431 1472 1482 ἐπεὶ
1501 1431 1675 1484 πάντα
1707 1429 1742 1483 ἃ
1779 1431 1934 1499 ἴσμεν

359 1517 614 1571 ἐλάττονά
659 1520 775 1570 ἐστι
827 1517 918 1569 τοῦ
962 1517 1127 1570 Θεοῦ-
1171 1518 1324 1570 οὐδὲν
1371 1518 1602 1580 ἄτοπον,
1649 1520 1741 1571 καὶ
1789 1519 1934 1589 ἡμᾶς

357 1609 786 1680 παραδέξασθαι,
812 1610 892 1662 ὅτι
914 1609 1068 1663 οὐδέν
1092 1611 1207 1662 ἐστι
1227 1609 1304 1679 τῷ
1330 1610 1449 1681 Θεῷ
1471 1604 1544 1663 ὧν
1566 1613 1728 1681 ἡμεῖς
1754 1609 1929 1680 ἴσμενο

360 1699 642 1770 κρείττονα
673 1701 780 1772 γάρ
809 1703 924 1752 ἐστι
969 1701 1206 1763 πάντων,
1242 1695 1316 1755 ὧν
1349 1697 1488 1754 οἶδεν
1521 1702 1581 1755 οὐ
1613 1702 1746 1774 μόνη
1777 1703 1810 1770 ἡ
1841 1702 1932 1754 τοῦ

359 1790 649 1861 ἀνθρώπου·
691 1792 871 1859 φύσις,
915 1792 1049 1845 ἀλλὰ
1100 1793 1192 1844 καὶ
1233 1791 1341 1844 τῶν
1376 1792 1932 1862 ὑπεραναϐεόηκότων

2045 627 2200 680 quar,
2238 610 2611 678 spiritualiler.
2643 610 2823 674 Addit,
2853 628 2872 660 ι
2916 609 3055 664 nihil
3083 609 3378 678 quidquam
3419 624 3606 665 eorum

2044 718 2164 770 qua:
2211 702 2617 772 cognoscimus,
2667 701 2847 755 inesse
2877 700 3006 755 Deo.
3057 719 3074 750 ι
3113 697 3310 754 Verum
3360 714 3610 768 quantam

2043 792 2152 847 sint
2181 791 2270 845 illa
2294 805 2415 860 qum
2444 794 2845 858 cognoscimus,
2875 803 2977 842 non
3011 788 3274 843 declarat.
3311 785 3445 842 Nam
3472 787 3516 842 si
3544 789 3612 843 de

2045 883 2304 936 membris
2336 882 2593 950 loquitur,
2627 881 2766 934 idem
2823 894 2888 934 ac
2932 879 3020 934 ille
3051 880 3358 944 sentimus;
3413 878 3612 933 intelli-

2043 981 2230 1042 gentes
2262 989 2280 1024 ‹
2329 986 2392 1027 ea
2447 986 2566 1039 quae
2604 971 2984 1042 cognoscimus
3024 989 3041 1020 ι
3081 971 3146 1025 de
3178 971 3246 1024 iis
3283 970 3446 1024 rebus
3476 983 3612 1038 quas

2043 1078 2140 1131 per
2163 1077 2358 1131 corpus
2385 1062 2790 1133 cognoscimus,
2829 1070 2888 1115 ut
2919 1061 3022 1114 lert
3051 1061 3322 1130 vulgatior
3356 1058 3611 1128 loquendi

2044 1153 2206 1208 ratio.
2262 1153 2388 1208 llaec
2438 1165 2620 1207 autem
2647 1192 2661 1215 ,
2719 1169 2737 1202 ι
2789 1167 2907 1220 qum
2939 1165 3036 1206 nos
3071 1152 3474 1221 cognoscimus,
3516 1169 3534 1202 ι
3565 1149 3612 1204 si

2043 1246 2386 1315 accipiantur
2418 1245 2710 1300 universim
2738 1281 2752 1306 ,
2783 1243 2950 1298 multa
2987 1243 3368 1313 cognoscimus
3401 1255 3523 1312 quae
3555 1242 3610 1296 in

2045 1338 2134 1392 illo
2166 1347 2312 1394 sunt.
2345 1335 2488 1391 Sunt
2520 1337 2664 1391 enim
2701 1335 2752 1388 iu
2787 1334 2878 1390 illo
2915 1335 3109 1408 virtus,
3147 1333 3450 1398 beatitudo,
3481 1333 3611 1389 divi-

2043 1429 2207 1486 nitas.
2261 1427 2414 1492 Quod
2454 1428 2499 1482 si
2534 1429 2654 1498 quis
2705 1443 2724 1477 ι
2773 1439 2835 1479 ea
2867 1440 2986 1493 qttze
3025 1439 3125 1479 nos
3169 1424 3551 1494 cognoscimus
3586 1442 3606 1474 ι

2044 1520 2347 1575 sublimiori
2389 1535 2550 1574 sensu
2589 1519 2872 1588 intelligat,
2918 1517 3176 1586 quoniam
3212 1515 3472 1571 inferiora
3502 1517 3612 1571 Deo

2043 1621 2168 1665 sunt
2200 1625 2540 1680 quacunque
2563 1610 2970 1680 cognoscimus,
2999 1607 3139 1661 nihil
3177 1607 3472 1662 absurdum
3510 1612 3614 1662 erit

2044 1703 2154 1756 ida
2197 1703 2356 1757 nobis
2383 1702 2637 1766 admitti,
2671 1700 2722 1754 in
2775 1698 2885 1754 Deo
2918 1697 3055 1751 nihil
3083 1712 3274 1753 eorum
3323 1712 3445 1753 esse
3491 1713 3612 1766 qua:

2047 1795 2446 1864 cognoscimus.
2503 1792 2631 1858 Quae
2683 1790 2826 1846 enim
2858 1789 2911 1844 in
2947 1805 3011 1846 eo
3037 1799 3200 1855 sunt,
3236 1804 3300 1844 ea
3352 1798 3614 1859 superant

359 1886 547 1956 αὐτὴν,
578 1885 645 1938 τὰ
677 1884 948 1956 προσόντα
998 1882 1135 1952 Θεῷ.
1172 1884 1237 1936 Εἰ
1278 1884 1322 1934 δ’
1369 1882 1666 1950 ἀνεγνώκει
1699 1881 1807 1952 (61)
1839 1884 1934 1946 τὰς

2044 1901 2150 1938 nou
2186 1885 2360 1939 solum
2394 1885 2646 1937 humanae
2675 1893 2882 1938 naturae
2910 1881 3299 1951 cognitionem,
3324 1881 3418 1934 sed
3449 1881 3612 1933 etiam

358 1976 464 2032 τῶν
494 1975 784 2047 προφητῶν
815 1975 1004 2040 λέξεις,
1039 1971 1133 2025 τοῦ
1169 1974 1266 2042 μὲν
1296 1972 1459 2025 Δαυῖδ
1502 1973 1768 2040 λέγοντος·
1811 1992 1828 2022 ε
1863 1973 1936 2024 Σὺ

357 2067 411 2119 δὲ
439 2069 466 2120 6
498 2066 656 2129 αὐτὸς
689 2059 739 2116 εἷ
759 2081 771 2094 ·
805 2083 822 2116 ι
860 2062 956 2116 τοῦ
988 2063 1045 2115 δὲ
1072 2063 1350 2132 Μαλαχίου
1370 2079 1382 2092 ·
1415 2083 1432 2112 (
1486 2061 1626 2131 Ἐγώ
1658 2064 1772 2132 εἰμι
1803 2062 1935 2131 (62),

361 2158 454 2209 καὶ
511 2158 610 2209 οὐκ
657 2155 974 2224 ἡλλοὶωμαι·
1034 2172 1050 2200 ι
1113 2152 1258 2223 ἑώρα
1305 2152 1391 2215 ἂν,
1449 2153 1528 2204 ὅτι
1573 2152 1745 2215 οὐδεὶς
1785 2151 1939 2221 ἡμῶν

357 2265 519 2318 φησιν
547 2244 681 2300 εἶναι
706 2245 1002 2320 μεταϐολὴν
1031 2245 1088 2297 ὲν
1120 2243 1196 2314 τῷ
1220 2243 1338 2313 Θεῴ
1364 2241 1473 2295 οὔτ’
1500 2243 1646 2313 ἔργῳ
1677 2241 1786 2295 οὔτ’
1822 2244 1940 2294 ἐπι-

357 2341 494 2411 νοίᾳ.
527 2339 716 2396 Μένων
747 2337 855 2408 γὰρ
889 2338 917 2389 6
943 2335 1106 2398 αὐτὸς
1152 2335 1341 2387 διοικεῖ
1379 2333 1446 2386 τὰ
1485 2332 1817 2404 μεταϐλητὰ,
1864 2333 1938 2395 ὡς

359 2429 590 2499 πέφυκε,
624 2429 717 2481 καὶ
749 2428 904 2494 λόγος
929 2425 1091 2478 αὐτοῦ
1116 2427 1260 2496 αἱρεῖ
1285 2424 1394 2494 (63)
1428 2422 1741 2477 διοικεῖσθαι
1776 2425 1930 2476 αὐτὰ.

427 2692 562 2748 Εἶτά
604 2711 764 2764 φησιν
804 2696 832 2748 ό
876 2695 1102 2759 Κέλσος,
1142 2695 1214 2764 μὴ
1255 2694 1437 2746 ἐνιδὼν
1472 2697 1535 2764 τῇ
1574 2695 1804 2764 διαφορᾷ
1846 2694 1936 2746 τοῦ

364 2805 382 2838 ¢
419 2787 536 2840 κατ’
570 2787 751 2840 εἰκόνα
773 2786 938 2849 Θεοῦ,
973 2806 990 2836 ι
1028 2786 1122 2839 καὶ
1156 2805 1173 2836 ι
1212 2786 1310 2855 τῆς
1337 2785 1545 2846 εἰκόνος
1576 2785 1762 2847 αὑτοῦ,
1805 2805 1822 2834 ι
1857 2786 1937 2837 ὅτι

357 2879 520 2932 εἰκὼν
552 2880 648 2949 μὲν
679 2878 770 2931 τοῦ
796 2878 929 2931 Θεοῦ
958 2880 986 2930 6
1017 2897 1034 2928 ε
1066 2878 1416 2948 Πρωτότοκος
1444 2878 1624 2948 πάσης
1652 2876 1882 2940 κτίσεώς
1915 2897 1930 2926 ι

355 2973 524 3035 ἐστιν,
560 2972 587 3023 ὁ
619 2970 935 3037 Αὑτολόγος,
985 2970 1077 3022 καὶ
1125 2969 1158 3039 ἡ
1208 2969 1588 3039 αὐτοαλὴθεια,
1633 2969 1714 3021 ἔτι
1756 2969 1812 3022 δὲ
1846 2971 1939 3022 καὶ

357 3064 389 3131 ἡ
417 3062 730 3129 αὐτοσοφία,
779 3080 797 3111 ι
829 3060 990 3114 εἰκὼν
1029 3055 1164 3114 οὖσα
1191 3060 1292 3129 τῆς
1324 3060 1658 3129 ἀγαοότητος
1691 3060 1874 3125 αὑτοῦ,
1915 3079 1932 3110 ι

2041 1989 2225 2027 carum
2256 1983 2599 2035 naturarum,
2633 1989 2752 2043 qum
2801 1975 3098 2028 humanam
3149 1971 3502 2026 antecellunt.
3553 1971 3614 2026 Si

2044 2067 2255 2136 legisset
2286 2067 2428 2118 inter
2471 2065 2862 2132 prephetarum
2905 2061 3216 2117 testimonia
3264 2063 3408 2117 istud
3445 2061 3613 2115 Davi-

2042 2155 2126 2209 dis
2155 2173 2172 2212 ;
2207 2174 2225 2206 ‹
2262 2155 2340 2207 Tit
2371 2167 2548 2208 autem
2595 2156 2710 2224 ipse
2733 2157 2851 2207 es”
2876 2194 2890 2217 ,
2924 2173 2940 2206 ι
2994 2163 3048 2207 et
3099 2152 3226 2206 illud
3275 2149 3556 2204 Malachizc
3591 2165 3606 2204 :

2047 2263 2063 2292 ι
2107 2244 2216 2314 Ego
2238 2259 2355 2298 sum
2383 2254 2438 2298 et
2466 2260 2570 2298 nou
2599 2245 2838 2300 mutor"
2867 2264 2880 2309 ;
2917 2264 2932 2297 ι
2963 2244 3191 2298 vidisset
3221 2242 3426 2295 nullutn
3459 2256 3490 2294 e
3517 2253 3614 2295 no-

2039 2335 2169 2390 Stris
2201 2335 2447 2389 tribuere
2479 2336 2586 2391 Deo
2616 2337 2970 2390 mutationem
2998 2342 3090 2387 aut
3114 2332 3248 2385 facti
3285 2340 3383 2384 aut
3405 2330 3614 2398 cogita-

2043 2429 2222 2482 tionis.
2254 2427 2388 2480 Nam
2431 2428 2570 2481 idem
2627 2428 2740 2495 ipse
2795 2442 3019 2478 manens
3069 2423 3350 2478 mutabilia
3386 2436 3484 2490 pro
3513 2436 3610 2474 eo-

2044 2535 2161 2572 rum
2199 2529 2392 2573 uatura
2427 2519 2796 2583 administrat,
2837 2530 2888 2573 et
2923 2519 3064 2572 ratio
3101 2514 3344 2587 postulat
3391 2513 3480 2569 illa
3513 2513 3613 2566 ad-

2043 2612 2366 2666 ministrari.

2110 2705 2197 2760 63.
2230 2703 2432 2759 Deinde
2459 2703 2664 2767 Celsus,
2697 2718 2816 2756 cunt
2841 2717 2944 2756 non
2977 2701 3270 2770 dispiceret
3310 2699 3408 2752 hoc
3437 2698 3609 2750 inter-

2041 2811 2160 2851 esse
2201 2795 2493 2851 discrimen
2545 2796 2690 2849 inter
2744 2813 2761 2844 ι
2809 2809 2928 2848 esse
2965 2793 3260 2847 secundum
3313 2790 3602 2859 imaginem

2045 2888 2133 2942 Dei
2171 2906 2189 2940 ι
2222 2896 2276 2941 et
2304 2905 2322 2938 ‹
2346 2902 2475 2942 esse
2500 2886 2619 2955 ejus
2654 2887 2949 2954 imaginem
2975 2925 2990 2947 ,
3039 2903 3058 2935 ι
3093 2884 3236 2950 quod
3288 2883 3466 2951 imago
3514 2879 3607 2934 Dei

2041 2979 2109 3031 sit
2172 2994 2190 3026 ι
2231 2976 2634 3045 Primogeuitus
2671 2977 2849 3029 omnis
2888 2982 3155 3028 creaturae
3175 2976 3217 3005 ’⁷
3249 3015 3264 3039 ,
3318 2993 3334 3024 ι
3373 2971 3605 3025 Verbum

2042 3067 2248 3135 ipsum,
2291 3068 2492 3121 veritas
2524 3068 2638 3135 ipsa
2661 3106 2676 3127 .
2725 3068 2994 3135 sapientia
3026 3067 3188 3122 etiam
3219 3067 3334 3132 ipsa
3370 3077 3491 3131 quae
3521 3071 3607 3114 est

357 3155 478 3206 κατ’
509 3154 691 3206 εἰκόνα
716 3153 771 3206 δὲ
797 3152 893 3205 τοῦ
933 3152 1068 3204 Θεοῦ
1107 3151 1134 3201 6
1161 3149 1448 3220 ἅνθρωπος
1493 3151 1786 3221 πεποίηται
1807 3168 1819 3179 ·
1854 3149 1934 3203 ἔτι

2045 3181 2063 3211 ‹
2099 3161 2279 3231 imago
2311 3160 2572 3213 bonitatis
2603 3159 2812 3226 eius";
2851 3179 2870 3210 ι
2908 3160 3068 3213 homo
3087 3165 3267 3210 autem
3304 3155 3604 3208 secundum

355 3242 412 3294 δὲ
439 3243 532 3296 καὶ
563 3245 644 3295 ὅτι
675 3243 784 3304 πᾶς
812 3242 971 3311 ἀνὴρ,
1005 3236 1066 3293 οὗ
1095 3241 1326 3311 Χριστός
1354 3243 1468 3293 ἐστι
1499 3240 1730 3310 κεφαλὴ,
1770 3240 1931 3293 εἰκὼν

360 3333 452 3384 καὶ
484 3331 611 3396 δόξα
644 3331 777 3384 Θεοῦ
811 3333 1074 3401 ὑπάρχει·
1103 3331 1217 3382 ἀλλ’
1255 3332 1374 3384 οὐδὲ
1406 3334 1705 3402 ἐπιστήσας
1739 3335 1795 3384 έν
1825 3333 1931 3385 τίνι

358 3420 467 3474 τῶν
499 3420 592 3473 τοῦ
620 3419 904 3490 ἀνθρώπου
927 3420 983 3470 16
1014 3419 1133 3470 κατ’
1161 3419 1345 3472 εἰκόνα
1374 3419 1466 3472 τοῦ
1491 3420 1625 3473 Θεοῦ
1660 3439 1937 3491 χαρακτη-

362 3510 587 3582 ρίζεται·
621 3512 715 3564 καὶ
734 3511 814 3563 ὅτι
841 3511 896 3562 έν
921 3513 985 3579 τῇ
1018 3510 1090 3580 μὴ
1123 3513 1410 3582 ἐσχηκυίᾳ,
1447 3513 1478 3581 ἢ
1512 3514 1706 3582 μηκέτι
1736 3513 1934 3584 ἐχούσῃ

364 3619 382 3650 ε
423 3599 524 3652 τὸν·
545 3600 772 3653 παλαιὸν
805 3600 1088 3672 ἄνθρωπον
1125 3603 1219 3655 σὺν
1242 3605 1363 3664 ταῖς
1398 3601 1658 3673 πράξεσιν
1687 3604 1874 3668 αὐτοῦ,
1911 3625 1928 3655 ι

358 3693 423 3744 ὲκ
469 3690 562 3744 τοῦ
613 3691 686 3761 μὴ
732 3690 874 3761 ἔχειν
920 3690 1091 3744 ταῦτα
1140 3693 1548 3762 χρηματιζοόσῃ
1592 3695 1712 3746 κατ’
1754 3695 1936 3747 εἰκόνα

357 3782 450 3834 τοῦ
475 3783 758 3845 κτίσαντος
779 3783 910 3853 φησί
935 3783 1047 3853 (lii)
1078 3783 1159 3847 16,
1193 3784 1330 3836 «οὐδ’
1362 3783 1646 3854 ἄνθρωπον
1680 3786 1934 3856 ἐποίησεν

358 3873 540 3925 εἰκόνα
568 3871 760 3924 αὐτοῦ·
799 3873 857 3924 οῦ
889 3873 996 3944 γὰρ
1025 3873 1228 3926 τοιόσδε
1250 3876 1277 3926 6
1305 3873 1457 3938 Θεὸς,
1489 3873 1599 3927 061’
1635 3875 1778 3946 ἄλλῳ
1805 3878 1936 3930 εῖδει

357 3963 530 4016 οὐδέν).
565 3963 744 4031 ὅμοιος
765 3979 776 3991 ·
843 3982 860 4012 ι
909 3957 1018 4016 οἷον
1051 3964 1094 4015 δ’
1129 3963 1243 4016 ἔστι
1276 3964 1387 4033 (65)
1423 3965 1515 4016 τοῦ
1557 3966 1809 4020 συνθέτου
1841 3968 1937 4020 ἀν-

359 4052 576 4126 θρώπου
607 4051 683 4122 τῷ
716 4055 918 4123 χείρονι
949 4054 1124 4122 μέρει,
1162 4054 1304 4121 λέγω
1341 4055 1396 4106 δὲ
1421 4054 1496 4124 τῷ
1520 4055 1752 4125 σώματι,
1782 4059 1935 4127 νομί-

359 4144 470 4207 ζειν
514 4144 837 4213 ἐνυπάρχειν
866 4144 924 4195 16
971 4145 1087 4196 κατ’
1136 4145 1318 4196 εἰκόνα
1359 4144 1453 4197 τοῦ
1499 4145 1654 4209 Θεοῦ,
1709 4148 1784 4210 ὡς
1827 4149 1870 4201 δ’
1909 4153 1937 4201 ὁ

359 4231 566 4295 Κέλσος
601 4231 709 4301 (66)
769 4232 1067 4301 ἐξειληφεν,
1111 4233 1240 4285 αὐτὸ
1293 4228 1432 4285 εἶναι
1479 4234 1542 4286 16
1588 4237 1704 4289 κατ’
1755 4238 1938 4290 εἰκόνα

359 4319 522 4374 αὐτοῦ
545 4337 558 4386 ;
591 4321 650 4372 Εἰ
678 4321 785 4390 γὰρ
815 4321 877 4372 τὸ
900 4321 1017 4376 κατ’
1039 4321 1222 4374 εἰκόνα
1243 4319 1337 4374 106
1369 4320 1501 4374 Θεοῦ
1535 4325 1591 4375 ὲν
1618 4324 1695 4393 τῷ
1727 4324 1937 4395 σώματί

359 4413 473 4464 ἐστι
517 4411 680 4481 μόνῳ,
726 4411 1014 4482 ἐστέρηται
1061 4413 1121 4464 τὸ
1155 4415 1397 4482 κρεῖττον
1433 4414 1466 4482 ἡ
1498 4413 1642 4483 ψυχὴ
1691 4414 1785 4466 τοῦ
1817 4418 1935 4468 κατ’

2042 3249 2331 3317 imaginem
2369 3247 2463 3302 Dei
2507 3248 2577 3302 sit
2621 3247 2828 3312 factus;
2880 3261 3002 3301 cum
3053 3256 3314 3313 prmterea
3370 3243 3609 3297 nesciret

2038 3354 2250 3394 omnem
2279 3341 2478 3403 virum,
2509 3337 2663 3406 cujus
2697 3347 2860 3406 caput
2883 3338 2955 3392 sit
3004 3337 3257 3393 Christus
3277 3375 3292 3398 ,
3317 3335 3608 3404 imaginem

2039 3440 2094 3484 et
2124 3430 2352 3500 gloriam
2390 3430 2480 3484 Dei
2518 3445 2640 3484 esse
2661 3431 2738 3494 ”;
2772 3445 2949 3498 neque
2977 3429 3438 3481 animadverteret
3478 3427 3607 3494 quid

2041 3525 2090 3573 in
2125 3521 2343 3578 homine
2375 3521 2446 3574 sit
2480 3522 2568 3575 tibi
2613 3524 2943 3590 imprimitur
2971 3521 3258 3572 character
3297 3518 3372 3569 rei
3415 3532 3608 3570 secun-

2040 3607 2170 3661 dum
2197 3607 2487 3674 imaginem
2521 3609 2610 3662 Dei
2642 3609 2817 3673 factm,
2842 3622 3073 3674 eumque
3109 3606 3287 3660 inesse
3323 3607 3374 3657 in
3408 3615 3604 3658 natura

2040 3712 2163 3767 qua:
2195 3712 2299 3751 non
2337 3698 2528 3751 habuit
2566 3709 2658 3752 aut
2687 3700 2798 3764 jam
2836 3715 2941 3753 non
2971 3698 3134 3750 habet
3174 3715 3192 3747 ι
3231 3704 3471 3749 veterem
3511 3695 3607 3751 ho-

2042 3789 2242 3843 minem
2277 3804 2396 3843 cum
2423 3788 2630 3844 actibus
2657 3791 2770 3845 suis
2791 3790 2858 3854 ³ο,
2895 3809 2914 3841 ι
2945 3802 3176 3855 eumque
3199 3787 3269 3840 ob
3298 3795 3499 3838 statum
3525 3783 3608 3838 di-

2040 3875 2182 3927 citur
2207 3875 2507 3929 secundum
2545 3877 2634 3931 Dei
2666 3877 2955 3946 imaginem
2986 3875 3162 3939 facta;
3191 3874 3271 3928 sic
3302 3874 3546 3943 loquitur
3584 3889 3599 3926 :

2046 3982 2064 4012 ‹
2104 3961 2218 4016 Non
2259 3964 2386 4018 fecit
2419 3965 2694 4020 hominem
2742 3978 2801 4020 ut
2843 3969 2960 4037 ejus
3014 3968 3192 4039 imago
3223 3977 3367 4022 esset
3409 3983 3422 4020 :
3461 3963 3604 4019 Deus

2039 4055 2185 4108 enim
2221 4071 2320 4110 nec
2355 4057 2582 4122 homini,
2610 4073 2711 4112 nec
2740 4051 2834 4111 ulli
2860 4060 2947 4113 alii
2974 4060 3174 4128 speciei
3212 4057 3408 4113 similis
3429 4065 3533 4112 est.
3579 4072 3598 4105 ι

2041 4145 2350 4214 Cujusmodi
2401 4159 2484 4203 est
2527 4150 2640 4203 haec
2673 4148 2812 4204 Celsi
2863 4144 3127 4205 sententia
3154 4191 3168 4213 ,
3205 4151 3258 4203 in
3291 4148 3512 4201 homine
3539 4160 3607 4199 ex

2041 4238 2243 4304 duplici
2288 4250 2439 4306 parte
2491 4226 2834 4306 composito,
2903 4239 3230 4293 deteriorem
3279 4251 3401 4290 esse
3465 4251 3603 4298 rem,

2040 4339 2236 4394 corpus
2270 4327 2424 4390 dico,
2474 4342 2595 4396 qua:
2643 4328 2940 4381 secundum
2993 4327 3283 4396 imaginem
3336 4325 3425 4379 Dei
3461 4324 3606 4378 facta

2041 4414 2154 4468 sit?
2189 4413 2319 4476 Nam
2357 4415 2401 4467 si
2439 4416 2611 4469 solum
2649 4431 2845 4484 corpus
2871 4416 3166 4470 secundum
3196 4416 3286 4469 Dei
3318 4414 3606 4482 imaginem

360 4503 560 4567 εἰκόνα,
593 4505 684 4556 καί
709 4503 854 4556 ἐστιν
895 4504 950 4554 ἐν
972 4503 1048 4574 τῷ
1086 4503 1309 4574 φθαρτῷ
1345 4503 1580 4576 σώματι,
1605 4507 1740 4577 ὅπερ
1766 4506 1934 4569 οὐδεὶς

2046 4503 2244 4557 factum
2276 4505 2369 4570 sit,
2407 4506 2508 4559 hoc
2536 4505 2690 4560 titulo
2719 4507 2924 4575 privata
2956 4506 3055 4560 fuit
3083 4506 3286 4572 anima,
3315 4521 3440 4574 pars
3467 4519 3605 4573 pra:-

358 4596 514 4666 ἡμῶν
545 4595 689 4663 λέγει
709 4611 722 4624 ⁸
761 4597 807 4648 εἰ
840 4597 882 4648 δ’
915 4595 1062 4647 ἔστιν
1106 4597 1162 4648 ὲν
1192 4595 1269 4666 τῷ
1307 4597 1703 4667 συναμφοτέρῳ
1727 4598 1786 4650 16
1819 4601 1935 4650 κατ’

362 4687 543 4739 εἰκόνα
564 4685 657 4738 τοῦ
684 4685 840 4749 Θεοῦ,
871 4687 1082 4756 ἀνάγκη
1109 4685 1362 4740 σύνθετον
1397 4683 1533 4756 εἶναι
1556 4687 1645 4741 τὸν
1667 4687 1818 4751 Θεὸν,
1847 4689 1940 4740 καὶ

361 4777 520 4827 οἰονεί
551 4777 856 4829 συνεστῶτα
902 4778 994 4829 καὶ
1034 4777 1194 4829 αὐτὸν
1225 4777 1335 4848 (67)
1379 4780 1442 4831 ἐκ
1465 4752 1660 4848 ’ψυχῆς
1711 4778 1804 4830 καὶ
1839 4777 1942 4828 σώ-

366 4879 554 4934 ματος,
581 4867 666 4918 ἵνα
697 4867 756 4920 τὸ
794 4869 888 4936 μὲν
921 4869 1039 4920 κατ’
1087 4867 1272 4934 εἰκόνα
1310 4869 1370 4920 16
1421 4871 1664 4939 κρεῖττον
1774 4868 1830 4918 ἐν
1875 4870 1940 4936 τῇ

362 4949 527 5022 ψυχῇ,
576 4953 636 5005 16
664 4953 707 5006 δ’
744 4954 986 5018 ἔλαττον,
1030 4957 1122 5008 καί
1160 4957 1299 5009 κατὰ
1327 4956 1388 5009 τὸ
1425 4957 1604 5026 σῶμα,
1636 4957 1692 5008 ὲν
1731 4953 1809 5025 τῷ
1840 4955 1946 5008 σώ-

435 5089 480 5121 "
513 5087 654 5142 Psal.
684 5103 755 5153 ot,
787 5089 875 5144 28.
955 5091 1000 5122 "
1022 5091 1251 5147 Malaclt.
1283 5109 1365 5156 Ill,
1398 5094 1452 5149 6.

435 5308 546 5380 (Gl)
587 5305 923 5380 Hmscltelius
947 5307 998 5380 in
1022 5316 1193 5380 textu,
1218 5310 1325 5361 οὐδ’
1358 5309 1673 5379 ἀνεγνώκει,
1701 5311 1859 5364 male.

439 5378 548 5446 (6'2)
577 5379 930 5446 Malaxlov"
955 5378 1100 5445 Ἐγώ
1125 5382 1266 5446 εἰμι,
1295 5389 1398 5431 etc.
1447 5378 1520 5434 lta
1574 5389 1717 5434 recte
1775 5380 1931 5435 codd.

365 5448 563 5518 Regius
589 5456 642 5500 et
672 5446 1027 5518 Basileensis;
1062 5448 1392 5503 llteschelius
1421 5459 1599 5501 autem
1627 5462 1680 5503 et
1699 5449 1935 5518 Speuce-

367 5513 478 5577 rtts'.
504 5518 808 5587 Μαλαχίου,
837 5513 1010 5586 οἶμαι,
1044 5520 1157 5583 καί,
1188 5528 1296 5572 etc.
1395 5561 1398 5565 .

436 5589 546 5657 (65)
595 5586 934 5643 lluzsebelius
974 5590 1025 5643 in
1057 5597 1224 5654 testu,
1256 5590 1389 5658 ἐρεῖ.
1429 5586 1735 5657 Legendum
1783 5598 1929 5658 puto,

367 5659 630 5731 καίλόγος
659 5659 816 5731 αὐτῆς
839 5661 1006 5731 αἱρεῖ,
1031 5659 1200 5731 utlib.
1232 5674 1496 5731 tumtum.
1529 5658 1578 5713 7.

436 5729 544 5798 (64)
570 5731 740 5798 φῃσί.
773 5728 914 5798 Lego
945 5745 1064 5783 cum
1101 5729 1376 5790 Bttlicrcllo
1397 5728 1571 5794 φύσει.

439 5794 545 5868 (65)
575 5794 711 5852 Οἷςν
737 5798 788 5851 δ’
819 5794 971 5866 irim,
1015 5810 1119 5857 etc.
1151 5799 1272 5857 llaec
1299 5801 1458 5856 verba
1503 5809 1626 5857 sunt
1656 5797 1924 5870 Origenis,

1531 5095 1572 5125 "
1595 5093 1803 5150 Coloss.
1832 5111 1870 5160 ι,
1901 5094 1983 5147 15.

2033 4592 2321 4658 etautior;
2353 4592 2443 4647 illo
2469 4603 2719 4649 ornatum
2772 4593 2872 4647 fuit
2918 4595 3217 4648 obnoxium
3270 4592 3605 4662 corruptioui

2041 4697 2258 4749 corpus.
2289 4681 2451 4752 Atqui
2481 4699 2642 4738 nemo
2677 4692 2920 4737 nostrum
2955 4683 3007 4736 id
3043 4683 3264 4739 dixerit.
3296 4683 3390 4736 Sin
3425 4691 3608 4736 autem

2041 4773 2092 4826 in
2123 4781 2353 4841 utraque
2377 4781 2532 4841 parte
2551 4781 2634 4828 est
2665 4773 2718 4827 id
2752 4773 2896 4842 quod
2929 4773 3228 4827 secundum
3273 4773 3364 4826 Dei
3414 4765 3610 4838 imagi-

2042 4879 2161 4918 nem
2195 4864 2395 4919 factum
2453 4872 2556 4929 est,
2619 4876 2846 4920 necesse
2893 4862 3000 4918 erit
3055 4863 3227 4920 Deum
3272 4862 3438 4917 etiam
3487 4876 3610 4916 esse
3666 4932 3673 4940 '

2043 4955 2408 5023 compositum
2453 4963 2505 5009 et
2545 4969 2612 5008 ex
2655 4955 2842 5008 'auima
2895 4966 2950 5011 et
2979 4968 3212 5024 corpore
3245 4953 3397 5023 quasi
3445 4951 3606 5021 681

2064 5094 2108 5126 ’⁸
2137 5093 2263 5163 Sap.
2287 5110 2381 5159 vn,
2402 5094 2493 5150 ‘26.
2571 5097 2615 5128 ’³
2646 5095 2663 5149 l
2691 5096 2817 5152 Cor.
2846 5113 2923 5164 XI,
2947 5098 3000 5164 5,
3028 5100 3082 5154 7.
3159 5099 3202 5131 ³⁰
3222 5098 3426 5153 Coloss.
3449 5110 3530 5158 ιιι,
3552 5099 3603 5154 9.

2043 5324 2148 5363 non
2195 5309 2355 5373 Celsi,
2383 5321 2438 5363 ttt
2483 5311 2623 5364 male
2664 5311 2872 5380 putavit
2922 5309 3194 5380 Gelenius.
3249 5307 3382 5360 Nota
3411 5305 3609 5380 _igi_tur

2044 5381 2487 5447 interrogationis
2513 5374 2802 5448 rejicieuda
2835 5381 2934 5431 fuit
2976 5378 3198 5448 inferius
3223 5386 3343 5448 post
3364 5374 3548 5431 αὐτοῦ.

2137 5449 2225 5518 66)
2256 5445 2355 5516 Ὦς
2393 5450 2444 5503 δ’
2475 5453 2508 5503 ὀ
2537 5445 2790 5514 Κέλσος.
2819 5449 3110 5518 Particulo,
3140 5447 3204 5508 δ’,
3233 5445 3482 5500 delenda.

2133 5513 2223 5590 67)
2254 5513 2364 5574 Καὶ
2395 5521 2599 5573 αὐτόν.
2621 5522 2711 5574 Sic
2740 5513 2866 5590 mss.
2897 5516 3042 5572 Libri
3072 5526 3250 5590 autem
3273 5524 3430 5590 antea
3453 5513 3604 5590 editi,

2041 5584 2130 5642 τὸν
2167 5584 2319 5644 Θεόν.
2351 5591 2467 5644 Mox
2504 5591 2640 5653 loco,
2669 5589 2755 5641 ἵνα
2776 5588 2835 5640 τὸ
2866 5590 2961 5656 μὲν
2986 5585 3103 5639 κατ’
3132 5585 3314 5656 εἰκόνα
3347 5584 3407 5656 τὸ
3435 5587 3608 5656 κρεῖτ-

2040 5675 2152 5718 τον.
2179 5659 2296 5726 lego
2327 5674 2448 5712 cum
2481 5659 2782 5720 Boherello,
2813 5654 2898 5709 ἵνα
2932 5656 3024 5710 τοῦ
3058 5656 3154 5726 μὲν
3186 5655 3307 5726 κατί
3333 5654 3519 5726 εἰκόνα
3547 5655 3608 5709 τὸ

2041 5724 2305 5797 κρεῖττόν.
2346 5728 2512 5782 Paulo
2538 5738 2657 5797 post
2691 5743 2842 5793 tuss.,
2875 5725 3124 5784 καὶκατὰ
3151 5725 3210 5778 16
3244 5724 3420 5795 σῶμα.
3447 5725 3603 5781 Libb.

2037 5796 2187 5862 editi,
2222 5799 2312 5852 mi.
2345 5799 2480 5867 μετὰ
2505 5798 2562 5849 16
2591 5796 2761 5866 σῶμα.
