3990 6158
425 345 448 398 Ι
458 343 566 401 395

1917 339 2242 400 ORIGENIS
2305 349 2310 355 “

3557 343 3708 400 1396

421 469 793 526 constantem,
822 469 879 519 ut
911 462 991 518 rei
1027 462 1330 518 secundum
1371 461 1662 533 imaginem
1697 460 1854 515 factae
1874 471 1988 529 part

2113 478 2260 532 ματι,
2310 460 2445 530 ὅπερ
2479 458 2653 523 οὐδεὶς
2687 458 2844 530 ἡμῶν
2878 475 3031 529 φησι.
3066 456 3326 511 Δείπεται
3363 455 3429 528 δὴ
3459 453 3520 509 τὸ
3566 455 3710 510 κατ’

422 555 778 620 praestantior
811 553 886 607 sit
919 554 971 607 in
1005 553 1214 618 anima,
1250 553 1414 609 vilior
1447 563 1627 608 autem
1668 563 1724 607 et
1759 567 1881 622 quae
1907 566 2000 605 se-

422 646 662 700 cundum
687 660 884 714 corpus
914 653 1018 708 est,
1054 645 1109 699 in
1141 660 1374 715 corpore
1403 647 1476 700 sit
1511 664 1524 702 :
1552 647 1606 700 id
1644 647 1788 714 quod
1820 643 2001 698 nullus

421 751 453 788 e
490 736 694 790 nostris
721 737 874 791 dicit.
912 736 1201 806 Reliquum
1227 747 1310 792 est
1336 737 1505 808 igitur
1538 746 1597 790 ut
1629 735 1772 802 quod
1803 748 2001 789 secun-

420 824 550 879 dum
581 825 871 894 imaginem
897 825 990 881 Dei
1027 825 1227 880 factum
1256 834 1340 881 est
1362 866 1376 892 ,
1413 826 1466 881 id
1500 825 1840 892 intelligatur
1876 835 1999 876 esse

419 917 475 968 in
515 933 533 965 ι
576 916 795 972 homine
821 917 1089 984 interiori,
1135 937 1154 970 ι
1191 928 1248 972 ιιι
1272 932 1554 982 vocamus,
1592 935 1612 967 ι
1644 915 1734 986 qui
1769 927 2003 969 renova-

421 1015 514 1060 tur
546 1007 612 1072 ³¹,
653 1026 672 1060 ι
711 1015 766 1064 et
817 1009 1046 1063 idoneus
1081 1018 1164 1065 est
1208 1009 1324 1062 ﬁeri
1364 1007 1661 1063 secundum
1709 1004 1999 1072 imaginem

374 1095 384 1098 ’
419 1097 750 1154 Conditoris.
777 1099 931 1166 Quod
965 1110 1077 1154 tum
1108 1100 1330 1166 accidit,
1357 1114 1482 1154 cum
1509 1096 1707 1165 aliquis
1726 1093 2001 1163 perfectus

418 1190 514 1254 sit,
542 1208 561 1241 ‹
591 1198 650 1243 ιιι
684 1189 848 1245 Pater
870 1190 1106 1246 caelestis
1150 1191 1425 1261 perfectus
1448 1200 1532 1244 est
1561 1190 1635 1255 ³²;
1669 1208 1688 1241 ι
1709 1201 1830 1242 cum
1852 1200 1996 1254 prae-

419 1292 576 1348 cepto
636 1282 725 1337 isti
781 1283 1126 1351 obtemperat
1162 1299 1175 1336 :
1215 1300 1235 1334 ι
1287 1282 1472 1337 Sancti
1510 1281 1688 1346 eritis,
1729 1277 1993 1348 quoniam

419 1385 522 1441 ego
562 1383 787 1428 sanctus
839 1373 1106 1428 Dominus
1149 1373 1290 1427 Deus
1321 1382 1500 1427 vester
1529 1372 1615 1434 ⁸³,
1652 1389 1670 1422 ι
1707 1384 1831 1424 cum
1863 1367 1992 1422 edoo

417 1473 536 1518 ctus
593 1465 737 1518 istud
788 1483 802 1520 :
843 1483 862 1518 ‹
901 1465 1088 1519 Estote
1123 1465 1430 1518 imitatores
1464 1464 1559 1518 Dei
1583 1461 1628 1494 ”
1652 1500 1669 1526 ,
1700 1480 1719 1513 ι
1755 1457 1986 1526 suscipit

419 1553 471 1605 in
509 1569 605 1607 sua
655 1556 838 1610 anima
881 1556 1177 1612 virtutibus
1221 1566 1416 1610 ornata
1463 1557 1559 1611 Dei
1609 1549 1992 1608 characteres.

2110 551 2296 604 εἰκόνα
2344 549 2439 603 τοῦ
2478 549 2613 603 Θεοῦ
2658 552 2714 602 ὲν
2759 549 2838 620 τῷ
2876 549 2996 602 καθ’
3031 550 3178 619 ἡμᾶς
3210 547 3489 619 λεγομένῳ
3527 566 3545 598 ι
3581 547 3712 599 ἔσω

2111 641 2404 713 ἀνθρώπῳ,
2427 641 2523 694 καὶ
2546 639 3011 710 ἀνακαινουμένῳ,
3053 658 3071 691 ιι
3101 640 3194 690 καὶ
3217 636 3480 706 πεφυκότι
3502 635 3708 704 γίγνε-

2111 733 2232 786 σθαι
2277 733 2398 786 κατ’
2449 731 2635 784 εἰκόνα
2681 729 2775 783 τοῦ
2827 729 3127 792 κτίσαντος,
3182 726 3415 780 νοεῖσθαι
3461 726 3522 779 τὸ
3568 723 3709 779 κατ’

2110 821 2294 874 εἰκόνα
2326 820 2460 890 (68),
2491 821 2580 874 ὅτε
2612 821 2819 889 γίνεταί
2859 838 2940 884 τις
2964 820 3188 884 τέλειος,
3227 837 3246 869 ι
3291 819 3368 881 ὡς
3390 819 3418 871 6
3447 818 3632 889 πατὴρ
3670 819 3707 871 ὁ

2106 912 2356 983 οὐράνιος
2377 910 2583 976 τέλειός
2609 913 2725 964 ἐστι
2757 930 2774 961 ι
2812 912 2906 965 καὶ
2951 911 3159 974 ἀκούει,
3187 910 3268 962 ὅτι
3309 927 3328 958 ε
3370 909 3549 976 Ἀγιοι
3577 907 3706 977 (69)

2107 1001 2314 1066 ἔσεσθε,
2346 1002 2427 1055 ὅτι
2465 1000 2577 1074 ἐγὼ
2627 1002 2781 1070 ἅγιος
2824 1001 3029 1073 Κύριος
3065 1004 3093 1055 6
3133 1001 3265 1064 Θεὸς
3304 999 3480 1070 ὑμῶν’
3530 1019 3550 1051 ι
3595 1001 3710 1053 καὶ

2110 1093 2394 1162 μανθάνων
2413 1093 2542 1164 τάξι
2568 1095 2822 1165 Μιμηταὶ
2845 1092 2938 1147 τοῦ
2963 1093 3098 1147 Θεοῦ
3121 1093 3358 1162 γίνεσθε,
3391 1111 3409 1144 ι
3445 1092 3708 1173 ἀναλαμ-

2107 1184 2258 1239 ϐάνει
2287 1187 2368 1248 εἰς
2396 1187 2495 1256 τὴν
2526 1186 2722 1239 ἑαυτοῦ
2761 1188 3014 1257 ἐνάρετον
3042 1185 3223 1256 ψυχὴν
3251 1186 3376 1248 τοὺς
3405 1184 3705 1256 χαρακτῆ-

2111 1292 2210 1346 ρας
2234 1273 2329 1328 τοῦ
2358 1275 2493 1328 Θεοῦ
2514 1293 2526 1305 ·
2556 1276 2638 1328 ὅτι
2673 1275 2764 1330 καὶ
2799 1277 2927 1339 ναός
2955 1277 3071 1329 ἐστι
3096 1276 3190 1328 τοῦ
3222 1275 3334 1347 (70)
3369 1277 3427 1327 ἐν
3457 1274 3535 1344 τῷ
3566 1276 3702 1327 κατ’

2103 1363 2286 1416 εἰκόνα
2331 1364 2683 1436 ἀνειληφότος
2724 1366 2818 1420 τοῦ
2855 1366 2989 1420 Θεοῦ
3023 1367 3091 1420 τά
3126 1366 3221 1422 τοῦ
3260 1365 3396 1418 Θεοῦ
3429 1367 3489 1418 τὸ
3527 1365 3704 1435 σῶμα.

2101 1455 2194 1510 τοῦ
2229 1458 2484 1530 τοιαύτην
2521 1460 2736 1530 ἔχοντος
2775 1460 2976 1532 ψυχὴν,
3011 1462 3104 1515 καὶ
3139 1461 3198 1513 ὲν
3240 1463 3306 1530 τῇ
3338 1459 3482 1530 ψυχῇ
3510 1457 3600 1513 διὰ
3626 1456 3702 1513 τὺ

2103 1548 2222 1600 κατ’
2251 1549 2433 1602 εἰκόνα
2455 1551 2546 1604 τὸν
2571 1550 2724 1605 Θεόν.

415 1646 530 1703 lino
567 1650 828 1719 templum
883 1650 977 1706 Dei
1013 1659 1098 1707 est
1132 1666 1333 1720 corpus
1361 1650 1479 1720 ejus
1524 1649 1639 1719 qui,
1675 1646 1883 1702 habens
1936 1641 2204 1711 ejusmodi
2258 1644 2496 1699 animam
2550 1655 2605 1700 et
2645 1646 2825 1701 factus
2885 1647 3188 1703 secundum
3235 1647 3522 1716 imaginem
3563 1645 3697 1713 Dei,

417 1740 588 1796 Deum
618 1742 799 1812 ipsum
825 1745 878 1799 in
908 1746 1090 1800 anima
1129 1746 1393 1816 suscepit.

487 1857 839 1916 6LRursum
880 1861 1068 1918 Celsus
1118 1864 1350 1934 plurima
1401 1863 1554 1933 quasi
1603 1879 1632 1918 a
1673 1861 1834 1935 nobis
1867 1874 1988 1916 con-

2176 1851 2344 1906 Πάλιν
2379 1853 2423 1906 δ’
2455 1843 2522 1908 αῦ
2556 1853 2733 1926 ἐαυτῷ
2759 1855 2995 1926 συνείρει
3020 1854 3240 1909 πλείονα
3270 1854 3463 1923 λέγων,
3491 1855 3567 1920 ὡς
3593 1856 3696 1925 ὑφ’

414 1964 572 2003 cessa
617 1951 721 2006 sibi
764 1953 949 2020 sumit,
1013 1971 1134 2024 quae
1188 1966 1369 2012 tamen
1418 1971 1580 2012 nemo
1631 1971 1764 2012 sana
1812 1963 1996 2009 mente

415 2039 760 2097 Christianus
791 2045 1064 2100 concedit.
1102 2044 1288 2115 Neque
1341 2048 1485 2102 enim
1519 2047 1666 2103 ullus
1717 2061 1749 2102 e
1791 2047 1996 2102 nostris

414 2129 547 2183 dicit
579 2149 598 2182 ι
640 2130 871 2200 ﬁguram
903 2146 996 2190 aut
1024 2136 1268 2192 colorem
1298 2139 1352 2192 in
1383 2139 1552 2192 Deum
1594 2139 1922 2204 convenire;
1968 2158 1986 2190 ι

414 2235 518 2274 nec
567 2233 742 2277 motus
796 2228 1060 2296 competit
1101 2229 1200 2296 illi,
1254 2231 1347 2300 qui
1400 2241 1626 2301 propter
1647 2240 1992 2287 constantem

414 2328 577 2368 suam
616 2325 672 2370 et
702 2319 950 2374 stabilem
989 2331 1238 2376 naturam
1265 2325 1476 2392 justum
1510 2327 1761 2380 hortatur
1801 2334 1861 2379 ut
1893 2325 1995 2379 hac

411 2404 467 2458 in
505 2421 562 2460 re
594 2407 792 2464 similis
819 2410 919 2479 ipsi
951 2412 1023 2468 sit
1059 2431 1073 2467 :
1104 2433 1122 2466 ι
1155 2414 1234 2469 Tu
1269 2431 1422 2480 vero,
1457 2435 1476 2469 ι
1510 2417 1711 2486 inquit,
1748 2438 1764 2468 ι
1797 2418 1882 2472 hic
1910 2426 1992 2471 sta

411 2500 735 2556 mecttm”.t
761 2501 916 2568 Quod
949 2505 996 2559 si
1025 2507 1271 2575 quaedam
1291 2508 1456 2563 verba
1484 2518 1694 2562 motum
1723 2509 1802 2563 illi
1823 2511 1995 2564 ascri-

410 2587 571 2655 ltunl,
604 2601 664 2645 ut
719 2593 864 2648 istud
907 2613 922 2650 :
983 2614 1003 2649 ‹
1061 2596 1375 2654 Audierunt
1403 2614 1593 2655 vocem
1629 2601 1842 2656 Domini
1894 2602 1992 2658 Dei

410 2679 817 2740 deambulantis
869 2686 923 2740 in
955 2689 1214 2756 paradiso
1251 2689 1352 2744 sub
1383 2706 1668 2761 vesperam
1691 2694 1765 2760 ³⁶;
1823 2712 1842 2744 ι
1876 2695 1994 2749 haec

411 2772 494 2828 sic
525 2774 842 2842 accipienda
875 2785 1022 2845 sunt,
1065 2782 1244 2849 quasi,
1275 2782 1369 2852 qui
1392 2796 1793 2852 peccaverant,
1821 2785 1991 2841 Deum

409 2865 616 2919 moveri
657 2865 1066 2945 existimassem
1111 2890 1124 2926 :
1170 2881 1263 2926 aut
1293 2873 1348 2926 in
1379 2875 1623 2930 eamdem
1665 2878 1991 2932 sententiam

413 2951 772 3022 intelligenda
794 2995 809 3020 ,
846 2965 1014 3027 atque
1043 2974 1271 3016 somnus
1301 2962 1593 3033 allegorice
1630 2965 1808 3021 dictus
1829 3006 1844 3032 ,
1870 2968 1951 3021 ira
1973 3007 1989 3033 ,

409 3051 505 3096 aut
535 3042 680 3098 aliud
709 3045 904 3100 simile.
941 3048 1124 3118 Neque
1162 3052 1331 3105 etiam
1359 3055 1685 3110 substantias
1717 3058 1993 3126 particeps

409 3141 494 3186 cst
529 3129 673 3186 Deus
706 3136 1043 3206 :participes
1071 3139 1215 3193 enim
1251 3139 1385 3195 facit
1427 3145 1606 3212 potius
1631 3185 1645 3208 ,
1678 3161 1839 3213 quam
1873 3147 1991 3214 ipse

2101 1941 2256 2013 ήμῶν
2289 1942 2562 2013 διδόμενα,
2594 1945 2736 2016 ἅπερ
2761 1946 2936 2010 οὐδεὶς
2961 1946 3070 2000 τῶν
3098 1948 3155 2000 ὲν
3187 1948 3533 2018 Χριστιανοῖς
3559 1947 3694 2001 νοῦν

2099 2033 2328 2102 ἐχόντων
2371 2032 2617 2087 δίδωσιν’
2653 2035 2713 2088 οὐ
2744 2035 2851 2105 γάρ
2882 2035 3014 2106 φησί
3042 2052 3127 2099 τις
3157 2035 3333 2106 ἡμῶν,
3369 2035 3450 2087 ὅτι
3490 2054 3508 2086 ‹
3551 2053 3693 2104 μετ-

2099 2123 2210 2194 έχει
2251 2127 2528 2196 σχήματος
2565 2128 2594 2179 6
2631 2126 2762 2190 Θεὸς
2800 2127 2833 2197 ἢ
2869 2126 3180 2198 χρώματος·
3215 2147 3232 2177 ι
3281 2127 3394 2180 ἀλλ’
3427 2127 3546 2180 οὐδὲ
3597 2145 3693 2181 κι-

2097 2215 2333 2283 νήσεως
2360 2217 2577 2288 μετέχει
2604 2220 2654 2284 6,
2678 2219 2765 2272 διὰ
2786 2218 2848 2271 τὸ
2870 2218 3157 2290 ὲστηκέναι
3182 2220 3276 2273 καὶ
3299 2219 3520 2288 βεϐαίαν
3542 2215 3690 2274 εἶναι

2098 2307 2196 2378 τὴν
2219 2309 2378 2375 φύσιν
2410 2309 2597 2378 αὐτοῦ,
2627 2310 3068 2381 προκαλούμενος
3092 2295 3186 2363 καὶ
3217 2311 3308 2365 τὸν
3349 2311 3557 2366 δίκαιον
3591 2313 3690 2364 ἐπὶ

2096 2399 2165 2452 τὰ
2195 2399 2566 2472 παραπλήσια,
2603 2402 2697 2455 καὶ
2725 2402 2897 2470 λέγων
2933 2423 2951 2455 t
2993 2403 3065 2455 Σὺ
3094 2404 3151 2456 δὲ
3183 2404 3348 2456 αὐτοῦ
3384 2404 3536 2475 στῆθι
3563 2405 3685 2475 μετ’

2097 2490 2231 2562 ἐμοῦ
2253 2491 2387 2561 (71).
2420 2509 2438 2542 ι
2465 2491 2616 2558 Είδδέ
2635 2509 2779 2555 τινες
2798 2492 2973 2558 λέξεις
3000 2494 3163 2546 οἱονεὶ
3183 2493 3397 2565 κίνησίν
3423 2511 3544 2547 τινα
3570 2511 3682 2549 πα-

2098 2583 2346 2655 ριστᾶσιν
2392 2583 2579 2649 αὑτοῦ,
2629 2583 2706 2648 ὡς
2743 2585 2899 2655 καὶὴ
2934 2583 3166 2653 λέγουσα
3195 2604 3212 2636 ι
3253 2586 3530 2639 Ἤκουσαν
3567 2586 3685 2657 (72)

2097 2673 2302 2745 Κυρίου
2341 2673 2436 2728 τοῦ
2462 2673 2597 2728 Θεοῦ
2637 2675 3068 2746 περιπατοῦντος
3089 2679 3146 2730 ὲν
3175 2674 3252 2745 τῷ
3287 2676 3600 2748 παραδείσῳ
3622 2676 3682 2730 τὸ

2094 2765 2320 2818 δειλινόν
2339 2783 2352 2795 ·
2389 2786 2408 2817 ι
2438 2766 2611 2830 οὕτως
2632 2766 3059 2821 ἀκουστέονλτῶν
3092 2767 3370 2832 τοιούτων,
3401 2769 3476 2830 ώς
3500 2785 3683 2821 κινου-

2099 2858 2263 2928 μένου
2293 2858 2584 2929 νοουμένου
2603 2859 2698 2912 τοῦ
2726 2858 2860 2912 Θεοῦ
2884 2861 2996 2924 τοῖς
3021 2859 3400 2930 ἡμαρτηκόσιν
3416 2876 3429 2888 ·
3453 2858 3485 2927 ἢ
3510 2858 3676 2920 οὕτως

2096 2951 2389 3004 ἀκουστέον
2422 2951 2531 3004 τῶν
2566 2952 2843 3015 τοιούτων,
2879 2952 2954 3016 ώς
2997 2951 3091 3004 καὶ
3120 2950 3288 3004 ὕπνου
3319 2949 3453 3003 Θεοῦ
3491 2965 3674 3019 τροπι-

2097 3040 2208 3105 κῶς
2255 3041 2572 3111 λεγομένου,
2622 3043 2655 3113 ἢ
2704 3044 2892 3116 ὀργῆς,
2953 3043 2986 3113 ἦ
3035 3060 3180 3106 τινος
3225 3042 3333 3095 τῶν
3387 3040 3676 3112 παραπλη-

2098 3143 2231 3196 σίων
2264 3143 2395 3216 (75).
2441 3144 2578 3197 Ἀλλ’
2608 3146 2715 3199 οὐδ’
2739 3147 2929 3210 οὐσίας
2953 3146 3167 3218 μετέχει
3197 3148 3228 3200 6
3259 3146 3390 3210 Θεός
3411 3165 3422 3176 ·
3455 3147 3677 3216 μετέχε-

413 3229 500 3276 est
529 3223 845 3295 particeps;
874 3236 927 3280 et
963 3228 1256 3299 participes
1288 3207 1546 3302 sunt-qui
1583 3207 1674 3289 Dei
1695 3207 1988 3304 -Spirit-um

2101 3251 2188 3288 ται
2227 3207 2572 3306 γάρμᾶλλον
2603 3237 2637 3307 ἢ
2670 3207 2922 3308 μετέχειί
2953 3207 3051 3291 καὶ
3085 3207 3387 3308 ’μετέχεται
3432 3207 3539 3290 ύπὺ
3568 3207 3680 3289 τῶν

411 3313 642 3370 habent.
679 3314 866 3384 Neque
890 3316 1144 3373 Salvator
1172 3330 1361 3378 noster
1406 3325 1684 3394 particeps
1716 3335 1801 3381 est
1824 3327 1989 3396 justi-

409 3403 505 3458 tia:
534 3443 550 3472 ,
602 3405 698 3460 sed
752 3421 876 3461 cum
919 3408 1134 3478 justitia
1193 3411 1308 3478 sit,
1339 3412 1473 3483 justi
1531 3414 1650 3483 ejus
1692 3416 1991 3486 participes

407 3495 568 3552 ﬁunt.
625 3496 896 3555 Caeterum
939 3501 1030 3556 illa
1081 3503 1147 3559 de
1174 3505 1484 3561 substantia
1535 3511 1768 3578 quaestio
1827 3509 1986 3581 longa

407 3595 584 3644 estet
631 3599 878 3646 scrutatu
929 3591 1161 3649 diﬂici‘lis
1213 3611 1230 3650 :
1279 3596 1517 3652 maxime
1560 3615 1631 3654 an
1677 3601 1984 3659 substantia

405 3693 736 3748 permanens
759 3693 815 3740 et
834 3699 1031 3755 expers
1059 3691 1325 3759 corporis,
1348 3693 1654 3750 substantia
1676 3698 1747 3752 sit
1768 3701 1988 3769 pr0prie

408 3771 554 3826 dicta
597 3791 612 3826 :
664 3786 721 3827 ut
763 3777 1074 3834 inveniatur
1120 3781 1337 3837 Deusne
1385 3788 1640 3854 superior
1671 3791 1980 3846 substantia

405 3861 586 3918 ofﬁcio
614 3874 671 3920 et
727 3878 1002 3935 potestate
1044 3871 1412 3932 substantiam
1466 3879 1536 3935 iis
1593 3884 1982 3950 communicet,

407 3954 608 4022 quibus
633 3960 932 4013 secundum
963 3976 1120 4016 suum
1153 3965 1387 4020 Verbum
1423 3977 1478 4022 et
1505 3969 1606 4037 ipsi
1631 3971 1811 4026 Verbo
1839 3988 1982 4026 com-

405 4045 683 4114 municat;
744 4065 810 4103 an
868 4052 984 4120 ipse
1041 4055 1112 4108 sit
1141 4056 1476 4125 substantia,
1516 4065 1767 4131 quamvis
1791 4075 1980 4119 natura

405 4137 624 4194 dicatur
671 4141 958 4199 invisibilis
1012 4146 1065 4200 in
1116 4148 1218 4203 hoc
1245 4150 1542 4220 Scriptura:
1579 4154 1644 4209 de
1701 4155 1983 4212 Salvatorc

402 4234 524 4288 loco
560 4253 574 4288 :
614 4252 632 4287 ι
657 4236 757 4304 Qui
787 4248 870 4293 est
906 4241 1204 4310 imago-Dei
1235 4243 1620 4314 invisibilis";
1662 4265 1806 4319 aqua
1842 4251 1980 4304 invi-

401 4326 574 4382 sibilis
604 4343 732 4384 voce
749 4332 1091 4400 signiﬁcatur
1111 4350 1311 4405 expers
1334 4339 1597 4408 corporis.
1617 4341 1980 4406 Quaerendum

401 4427 550 4474 esset
583 4430 843 4488 praeterea
892 4433 1075 4480 utrum
1118 4426 1441 4498 Unigenitus
1486 4440 1540 4484 et
1579 4431 1983 4502 Primngenitus

2100 3328 2342 3398 ἐχόντων
2369 3328 2595 3398 Πνεῦμα
2611 3327 2768 3381 Θεοῦ.
2795 3331 2908 3382 Καὶ
2926 3330 2954 3381 6
2981 3328 3172 3400 Σωτὴρ
3195 3329 3351 3400 ἡμῶν
3377 3329 3435 3381 οὐ
3459 3329 3678 3399 μετέχει

2103 3422 2199 3491 μὲν
2226 3420 2591 3490 δικαιοσύνης
2614 3421 2928 3492 δικαιοσύνη
2947 3421 3003 3473 δὲ
3022 3419 3117 3487 ὢν,
3146 3420 3550 3491 μετέχεταιὺπύ
3565 3419 3679 3491 (74)

2096 3511 2205 3566 τῶν
2237 3511 2482 3566 δικαίων.
2510 3512 2686 3574 Πολὺς
2717 3512 2762 3565 δ’
2802 3514 2832 3566 6
2875 3513 3003 3584 περὶ
3040 3513 3139 3583 τῆς
3169 3512 3357 3576 οὐσίας
3383 3513 3542 3580 λόγος
3580 3514 3678 3565 καὶ

2096 3600 2497 3674 δυσθεώρητος·
2542 3604 2636 3656 καὶ
2679 3601 2933 3673 μάλιστα,
2978 3599 3130 3676 ὲάνῇ
3176 3602 3381 3672 κυρίως
3420 3603 3598 3666 οὐσία,
3641 3602 3675 3673 ἢ

2096 3693 2310 3748 ἑστῶσα
2352 3693 2463 3764 (75)
2511 3694 2606 3747 καὶ
2639 3694 2927 3765 ἀσώματος
3077 3693 3143 3746 ἵν’
3185 3692 3403 3764 εὑρεθῇ,
3449 3695 3677 3766 πότερον

2095 3785 2356 3838 ἐπέκεινα
2384 3785 2571 3848 οὐσίας
2612 3769 2728 3838 ἐστὶ
2766 3786 3033 3857 πρεσϐείᾳ
3071 3786 3166 3839 καὶ
3211 3787 3436 3858 δυνάμει
3474 3789 3502 3840 6
3544 3786 3675 3855 Θεὸς

2097 3877 2409 3947 μεταδιδοὺς
2451 3878 2659 3941 οὐσίας,
2707 3871 2788 3939 οἷς
2822 3879 3142 3946 μεταδίδωσι
3183 3880 3325 3933 κατά
3359 3881 3451 3934 τὸν
3480 3880 3674 3932 ἑαυτοῦ

2092 3969 2264 4036 Λόγον
2279 3968 2373 4021 κα).
2399 3969 2545 4038 αὐτῷ
2557 3970 2732 4040 Λόγῳ·
2759 3971 2789 4040 ἢ
2811 3971 2903 4023 καὶ
2919 3970 3236 4032 αὐτόςὲστιν
3254 3971 3430 4034 οὐσία,
3453 3970 3590 4040 πλὴν
3606 3973 3670 4040 τῇ

2095 4059 2255 4127 φύσει
2283 4061 2512 4131 ἀόρατος
2540 4060 2760 4129 λέγεται
2782 4063 2841 4114 ἐν
2865 4061 2944 4130 τῷ
2976 4063 3103 4132 περί
3128 4062 3224 4115 τοῦ
3251 4063 3505 4133 Σωτῆρος
3531 4062 3670 4132 λόγῳ

2095 4151 2378 4220 φάσκοντι,
2421 4171 2438 4203 ι
2471 4153 2529 4216 ὃς
2563 4153 2708 4206 ἐστιν
2741 4152 2905 4206 εἰκὼν
2930 4153 3025 4208 τοῦ
3053 4153 3188 4207 Θεοῦ
3223 4154 3317 4208 τοῦ
3353 4155 3604 4227 ἀοράτουο
3646 4175 3664 4204 ι

2095 4245 2418 4314 σημαίνεται
2450 4245 2506 4298 δὲ
2539 4247 2603 4297 ὲκ
2644 4246 2745 4316 τῆς
2779 4246 3034 4315 ἀοράτου
3064 4247 3246 4318 φωνῆς
3289 4249 3317 4300 6
3360 4247 3664 4319 ἀσώματος.

2093 4335 2365 4406 Ζητητέον
2407 4336 2462 4390 δὲ
2488 4338 2582 4390 καὶ
2615 4340 2662 4390 εί
2691 4339 2876 4391 οὐσίαν
2921 4341 3019 4410 μὲν
3059 4340 3254 4393 οὐσιῶν
3297 4340 3537 4404 λεκτέον,
3578 4343 3670 4396 καὶ

2095 4428 2235 4481 ἰδέαν
2260 4429 2432 4493 ἰδεῶν,
2462 4430 2553 4481 καὶ
2578 4430 2769 4501 ἀρχὴν,
2798 4431 2888 4484 τὸν
2909 4433 3189 4504 Μονογενῆ
3208 4436 3300 4488 καὶ
3324 4435 3668 4507 Πρωτότοκον

401 4510 583 4564 omnis
612 4523 877 4569 creaturae
908 4517 1176 4573 dicendus
1198 4520 1270 4574 sit
1302 4521 1609 4576 substantia
1640 4528 1979 4582 substantia-

2101 4519 2272 4588 πάσης
2299 4521 2527 4583 κτίσεως
2548 4538 2560 4550 ·
2592 4521 2850 4575 ἐπέκεινα
2877 4523 2934 4577 δὲ
2964 4525 3181 4578 πάντων
3209 4525 3410 4581 τούτων
3437 4527 3528 4580 τὸν
3561 4543 3665 4579 πα-

401 4615 547 4665 rum,
582 4601 700 4657 idea
725 4605 969 4661 idearum
1008 4619 1061 4663 et
1094 4611 1444 4682 principium,
1472 4623 1527 4669 et
1561 4615 1700 4673 Deus
1733 4621 1850 4688 ejus
1880 4621 1982 4677 Pa-

404 4700 488 4743 ter
517 4692 604 4746 bis
631 4696 888 4750 omnibus
920 4698 994 4752 sit
1017 4701 1291 4767 superior.

474 4809 867 4915 :nfntzleosls.‘tg,
898 4816 983 4871 10.
1062 4819 1106 4850 ³³
1139 4819 1328 4876 Matth.
1361 4841 1418 4891 ν,
1457 4827 1548 4882 48.
1627 4831 1670 4862 ³³
1704 4833 1880 4890 chit.
1910 4855 1988 4892 xu

2101 4848 2130 4897 ἱ.
2206 4843 2252 4877 ³⁸
2278 4843 2478 4915 Ephes.
2511 4861 2560 4913 ν,
2588 4849 2639 4901 1.

401 4876 446 4909 ³⁷
472 4878 676 4934 Coloss.
704 4898 740 4948 ι,
771 4884 858 4937 15.

469 5021 586 5110 (βε)
615 5024 896 5110 ῌοεῒοέθᾳι
926 5029 990 5081 τὸ
1025 5033 1151 5082 κατ’
1179 5034 1406 5092 εἰκόνα.
1441 5036 1570 5094 Dele
1593 5041 1732 5110 hate,
1764 5044 1826 5098 τὸ
1860 5050 1979 5100 κατ’

399 5094 601 5165 εἰκόνα.
627 5095 740 5159 jatn
775 5099 920 5149 enim
943 5113 1358 5165 praecesserunt.

469 5163 584 5305 (69)
621 5167 739 5217 Ὅτι
770 5163 1124 5237 ἄγιοιξιιεςὶι
1159 5171 1491 5240 Bobcrellns,
1517 5179 1611 5232 τοῦ
1647 5181 1813 5251 ἆγιοι.

469 5236 561 5305 (70
610 5236 729 5288 Ὅτι
759 5237 857 5290 καί
889 5240 1036 5304 ναός
1058 5239 1190 5293 ἐστι
1219 5242 1344 5304 τοῦ,
1404 5255 1512 5301 etc.
1577 5249 1704 5305 llzec
1767 5265 1813 5305 tu

469 5236 581 5305 (70)
610 5236 729 5288 Ὅτι
889 5240 1036 5304 ναός
1058 5236 1190 5293 ἐστι
1219 5242 1344 5312 toﬁ,
1404 5236 1512 5301 etc.
1577 5236 1708 5305 liter;
1753 5236 1978 5312 turbata

398 5314 586 5385 ξίιιιιἰ
620 5322 741 5385 qua?
787 5309 879 5385 _sic
936 5313 1190 5385 \‘Idettltlr
1251 5310 1534 5385 Doltcrcllo
1600 5309 1979 5385 restituenda;

395 5375 478 5450 ότι
503 5376 596 5450 καὶ
631 5375 755 5450 ναός
783 5379 898 5450 ἐστι
928 5379 1020 5450 τοῦ
1054 5379 1188 5450 Θεοῦ
1235 5381 1295 5434 τὸ
1326 5383 1421 5436 τοῦ
1448 5387 1503 5438 ἐν
1538 5388 1615 5450 τῷ
1644 5375 1982 5450 κατ’ήή

396 5445 746 5535 ἀπειληφότος
770 5447 836 5498 τὰ
863 5448 956 5500 τοῦ
987 5449 1121 5502 Θεοῦ
1164 5451 1324 5532 σῶμα
1353 5453 1445 5535 τοῦ
1477 5441 1742 5535 τριοὶύέήζί

394 5515 595 5600 ένχήὴ
629 5515 860 5601 ϐιιξυιειπ
888 5529 1070 5599 autem
1092 5523 1220 5601 “sic
1249 5515 1627 5601 'scrib_etitlttttt
1659 5515 1977 5601 existimat:

397 5585 474 5666 ἔτι
512 5586 606 5637 καὶ
638 5585 766 5676 ναός
795 5588 912 5640 ἐστι
932 5589 1034 5676 τοῦ
1087 5591 1222 5676 Θεοῦ
1257 5593 1352 5676 ταδ’.
1375 5595 1533 5676 σῶμα
1571 5600 1664 5652 τοῦ
1687 5585 1698 5587 ἡ

395 5654 832 5732 ἔχοντος-ψυχὴν,
854 5659 1038 5732 ᾐκαίᾕὲν
1068 5663 1132 5730 τῇ
1163 5663 1306 5732 ψυχῇ
1324 5663 1409 5718 διὰ
1443 5654 1503 5720 τὸ
1531 5673 1648 5722 κατ’

397 5720 550 5778 Θεόν.
585 5720 791 5780 εξειὲὶή
816 5730 866 5781 ei
899 5728 1076 5784 aliena
1107 5720 1434 5791 'ét'add'ilitia
1469 5720 1743 5798 videntur.

2089 4607 2226 4680 τέρα
2251 4610 2415 4662 αὐτοῦ
2440 4611 2535 4664 καὶ
2564 4611 2714 4666 Θεόν.
2743 4626 2748 4630 ·

2737 4847 2781 4879 ³⁸
2810 4847 2964 4905 Deut.
2993 4865 3041 4915 ν,
3074 4849 3166 4925 51.
3257 4850 3304 4882 ³⁸
3337 4850 3474 4905 Gen.
3504 4866 3585 4918 III,
3609 4851 3662 4906 8.

2304 5054 2649 5132 Ilmscbelius
2678 5057 2730 5111 in
2756 5067 2929 5132 textu,
2959 5061 3075 5130 μετ’
3104 5060 3260 5132 ἐμοῦ.

2163 5124 2276 5208 (Ίῖ)
2319 5124 2680 5208 llmschelins
2717 5139 2771 5182 et
2833 5124 3172 5208 §pencerus',
3227 5145 3361 5208 post?
3400 5136 3661 5208 ἤκουσαν,

2092 5196 2234 5316 Ξμέηι
2261 5195 2550 5316 ἓὲἓίμυιοε
2581 5197 2782 5252 addunt
2810 5195 2907 5271 τῆς
2960 5201 3165 5271 φωνῆς,
3225 5195 3365 5272 quod
3419 5195 3577 5262 abest
3630 5195 3663 5260 ti

2131 5282 2141 5315 Ι
2179 5277 2222 5316 8.
2368 5283 2418 5316 (Ι.

2093 5277 2222 5316 mss.
2261 5266 2418 5319 codd.

2490 5335 2620 5390 editi
2651 5336 2702 5390 in
2739 5337 3017 5414 margine.
3038 5344 3448 5414 παραπλησίαν.

2304 5405 2488 5484 Libb._
2514 5416 2688 5484 an_tea_
2718 5401 2884 5484 editi;
2912 5401 3039 5484 ἀπό,
3105 5401 3159 5464 ιὶι
3214 5401 3373 5482 supra
3439 5415 3660 5484 legitur,

2085 5471 2368 5552 μετέχεται
2396 5473 2642 5552 ὐπέλτῶν
2673 5471 2925 5546 ἐχόντων.
2952 5471 3096 5552 ΕΙ·έο
3119 5494 3174 5536 ct
3197 5471 3292 5538 Ιιίό
3309 5471 3662 5541 scribendum

2083 5541 2184 5595 fuit
2217 5541 2320 5596 ὐπὸ
2352 5544 2462 5596 τῶν
2496 5541 2740 5601 δικαίωνξ

2152 5611 2271 5693 (75)
2303 5610 2501 5693 ’βὰνῇ
2532 5617 2759 5693 accpit-ig"
2784 5619 2984 5693 οὐσία,
3013 5621 3050 5690 ἢ
3081 5621 3340 5693 ἑστῶσα,
3368 5634 3474 5680 etc.
3514 5624 3660 5693 Lego

2083 5696 2203 5738 cum
2232 5684 2540 5752 Boherello,
2563 5686 2658 5741 ἐὰν
2693 5690 2956 5761 ὴλκυρίως
2982 5684 3154 5755 οὐσία,
3188 5695 3219 5762 ἡ
3255 5684 3616 5762 ὲστῶσα,θιρῖ
