3990 6158
351 334 492 390 1597

1592 336 1873 393 CONTRA
1912 336 2188 393 CELSUM
2231 337 2358 393 LIB.
2406 339 2465 392 Vl

3463 342 3594 397 1598

432 446 491 499 Ὀ
529 448 627 517 μὲν
651 439 744 501 οὖν
771 446 975 510 Κέλσος
1004 464 1132 518 περι
1157 446 1291 500 Θεοῦ
1319 465 1504 517 φησιν,
1532 449 1614 501 ὅτι
1650 468 1668 498 ι
1716 447 1801 515 Ἐξ
1832 449 1910 500 αύ-

2108 449 2196 504 65.
2225 449 2357 504 Cum
2388 451 2452 505 dc
2488 450 2596 503 Deo
2622 448 2809 503 Celsus
2841 449 2969 501 dicit
2998 467 3010 502 :
3045 467 3063 499 ι
3098 450 3169 504 Ex
3196 451 3283 504 illo
3306 454 3484 505 omnia
3507 493 3521 517 ,
3569 469 3589 502 ι

348 539 443 592 τοῦ
485 543 553 592 τὰ
576 539 771 600 πάντα,
806 557 824 588 ›
856 538 1151 602 ἀπολύσας,
1181 539 1281 592 ούκ
1306 535 1401 592 οἶδ’
1434 541 1601 603 ὅπως,
1642 541 1710 593 τά
1752 542 1927 595 πάντα

347 632 517 687 αὐτοῦ
554 632 683 703 (76)·
713 636 741 686 6
769 634 812 686 δ’
838 634 1107 704 ἡμέτερος
1130 632 1358 696 Παῦλος,
1394 651 1412 683 ι
1437 631 1529 698 Ἐξ
1547 632 1731 696 αὐτοῦ,
1757 632 1924 700 λέγει,

347 725 443 778 καὶ
474 725 542 777 δι’
586 724 771 789 αὑτοῦ,
822 726 915 779 καὶ
944 727 1023 788 εἰς
1054 724 1217 777 αὑτὸν
1252 725 1321 776 τά
1348 724 1547 791 πάντα,
1594 743 1611 774 ›
1652 724 1927 794 παριστὰς

347 819 447 886 τὴν
489 818 662 888 ἀρχὴν
703 818 801 887 τῆς
841 817 948 869 τῶν
1000 817 1216 870 πάντων
1256 818 1605 881 ὑποστάσεως
1651 820 1708 870 ἐν
1749 817 1825 888 τῷ
1858 817 1928 880 ἐξ

346 907 554 971 αὑτοῦ,
602 909 696 960 καὶ
731 907 831 977 τὴν
872 908 1102 978 συνοχὴν
1150 909 1205 959 ἐν
1242 906 1320 976 τῷ
1359 906 1433 958 δι’
1482 907 1687 963 αὑτοῦ.
1738 906 1829 959 καὶ
1867 906 1927 957 τὸ

345 999 500 1062 τέλος
529 1001 586 1051 ὲν
609 997 685 1068 τῷ
708 1002 795 1064 εὶς
811 1000 1016 1051 αὐτόν.
1059 996 1299 1067 Ἀληθῶς
1323 997 1380 1049 δὲ
1401 996 1459 1062 ἐξ
1485 997 1694 1059 οὐδενὸς
1723 999 1750 1049 6
1771 997 1920 1061 Θεὸς.

357 1089 511 1142 Ἐπεὶ
537 1089 593 1142 δέ
628 1107 808 1160 φησιν,
837 1090 938 1151 ὅτι,
977 1108 994 1138 ι
1029 1088 1149 1141 οὐδὲ
1177 1087 1318 1157 λόγῳ
1344 1088 1562 1155 ὲφικτός
1582 1106 1594 1116 ·
1636 1108 1650 1137 ι
1684 1088 1925 1140 διαστέλ-

344 1179 504 1248 λομαι
536 1179 598 1231 τὸ
640 1179 1057 1250 σημαινόμενον,
1097 1178 1190 1230 καί
1236 1194 1397 1247 φημι,
1436 1179 1485 1230 εἰ
1532 1178 1629 1248 μὲν
1666 1178 1807 1247 λόγῳ
1846 1177 1926 1247 τῷ

341 1271 402 1321 ὲν
434 1271 585 1340 ἡμῖν,
631 1268 739 1322 εἴτε
786 1269 1093 1339 ὲνδιαθέτῳ,
1142 1270 1250 1321 εἴτε
1299 1268 1392 1320 καὶ
1435 1267 1783 1339 προφορικῴ·
1831 1268 1924 1319 καὶ

344 1362 504 1431 ἡμεῖς
527 1365 788 1433 φήσομεν,
814 1363 895 1414 ὅτι
918 1361 1014 1414 ούκ
1038 1360 1184 1412 ἔστιν
1212 1361 1431 1428 ὲφικτὸς
1454 1359 1531 1429 τῷ
1550 1359 1693 1429 λόγῳ
1718 1361 1746 1413 6
1769 1358 1920 1422 Oaég'

341 1453 391 1503 el
425 1452 500 1515 δὲ,
524 1454 812 1523 νοήσαντες
836 1452 900 1505 τὸ
916 1494 930 1518 ,
954 1471 971 1503 ι
1020 1453 1106 1505 Ἐν
1134 1453 1273 1523 ἀρχῇ
1300 1448 1368 1523 ἦν
1391 1454 1421 1504 6
1442 1452 1631 1520 Λόγος,
1656 1451 1749 1505 καὶ
1773 1454 1801 1505 6
1826 1452 1924 1503 Λό-

340 1556 436 1608 γος
460 1537 527 1612 ἦν
565 1544 701 1613 πρὸς
739 1543 829 1595 τὸν
867 1543 1019 1607 Θεὸν,
1056 1546 1148 1596 καὶ
1178 1542 1311 1606 Θεὸς
1345 1538 1413 1613 ἦν
1452 1545 1479 1596 6
1510 1543 1697 1611 Λόγος·
1735 1563 1753 1593 ι
1786 1544 1920 1595 ἀπο-

258 1676 263 1679 .
341 1633 664 1704 φαινόμεθα,
696 1635 777 1687 ὅτι
799 1635 974 1705 τούτῳ
996 1634 1073 1705 τῷ
1105 1635 1265 1705 Λόγῳ
1288 1634 1508 1703 ὲφικτός
1538 1636 1686 1687 ἐστιν
1710 1637 1739 1686 6
1768 1634 1919 1698 Θεὸς,

339 1725 399 1777 οὐ
458 1725 601 1795 μόνῳ
638 1726 787 1796 αὐτῷ
825 1727 1395 1797 καταλαμϐανόμενος,
1446 1726 1582 1780 ἀλλὰ
1628 1728 1719 1778 καὶ
1767 1719 1810 1793 ᾧ
1856 1726 1922 1779 ἂν

2031 542 2439 595 evertitnescio
2463 540 2736 609 quomodo
2777 553 2874 594 sua
2921 540 3033 608 ipse
3082 541 3366 610 principia.
3399 541 3595 596 Noster

2030 643 2163 684 vero
2192 630 2391 684 Paulus
2426 648 2441 683 :
2478 647 2497 681 ‹
2539 630 2617 684 Ex
2661 630 2797 696 ipso,
2830 629 3043 697 inquit,
3074 631 3238 701 682
3280 642 3333 688 et
3372 647 3467 701 per
3507 632 3594 701 ip-

2031 736 2173 788 sum,
2204 729 2260 775 et
2291 720 2344 774 in
2371 722 2545 791 ipsum
2576 728 2704 775 sunt
2729 720 3014 785 omnia";
3057 740 3077 773 ι
3113 722 3201 775 ubi
3235 722 3318 776 ha:
3350 738 3509 778 voces
3530 740 3595 777 ex

2028 813 2141 879 ipso
2171 811 2482 881 signiticant
2508 812 2607 881 ipsi
2636 820 2917 879 acceptum
2953 811 3143 867 referri
3170 814 3312 882 quod
3348 814 3462 867 sint
3498 830 3584 869 res

2027 918 2243 959 omnes:
2273 920 2363 957 ver
2390 904 2584 968 ipsum,
2613 919 2705 958 eas
2735 905 2803 955 ah
2831 903 2921 955 illo
2938 906 3285 971 conservari;
3314 906 3366 957 in
3396 906 3591 972 ipsum,

2027 1007 2146 1046 eum
2181 1007 2302 1048 esse
2336 993 2515 1045 linem.
2542 992 2684 1046 Vere
2710 1003 2888 1047 autem
2919 993 3056 1048 Deus
3075 1009 3105 1046 a
3131 994 3278 1047 nullo
3299 1002 3402 1049 est.
3430 994 3582 1060 Quod

2027 1093 2204 1137 autem
2237 1084 2405 1149 addit,
2442 1102 2459 1133 ι
2504 1085 2667 1137 Deum
2726 1101 2791 1137 ne
2821 1085 2989 1137 verbo
3039 1086 3259 1154 quidem
3292 1100 3411 1139 esse
3440 1100 3590 1140 com»

2021 1176 2478 1245 prehensibilem,
2520 1197 2538 1229 ›
2598 1178 2650 1231 id
2702 1178 3141 1249 distinguendum
3200 1193 3322 1234 esse
3371 1193 3588 1233 censeo.

2025 1264 2158 1319 Nam
2206 1267 2249 1320 si
2297 1267 2361 1321 de
2408 1267 2579 1322 verbo
2629 1269 2770 1337 quod
2822 1269 2874 1323 in
2924 1270 3079 1323 nobis
3131 1279 3236 1332 est,
3302 1267 3416 1321 sive
3452 1268 3591 1321 inle-

2026 1358 2177 1423 riori,
2204 1357 2319 1412 sive
2350 1358 2418 1411 de
2450 1371 2515 1412 eo
2547 1358 2690 1426 quod
2719 1356 3029 1427 profertur,
3074 1372 3257 1411 sermo
3289 1356 3382 1410 ﬁat
3405 1400 3419 1424 ,
3454 1358 3591 1413 fate-

2024 1449 2202 1502 bimur
2249 1459 2303 1502 et
2362 1464 2460 1503 nos
2518 1450 2686 1503 Deum
2741 1448 3291 1517 eomprehensibilem
3338 1463 3442 1501 non
3470 1463 3593 1503 esse

2022 1539 2208 1595 verbo.
2245 1539 2340 1594 Sin
2374 1551 2556 1593 autem
2605 1540 3015 1595 considerantes
3059 1539 3200 1593 istud
3234 1557 3249 1592 :
3290 1559 3308 1591 ‹
3346 1540 3401 1593 ln
3436 1542 3592 1610 prin-

2022 1628 2165 1696 cipio
2191 1638 2312 1682 erat
2345 1630 2578 1683 Verbum
2609 1640 2664 1683 et
2697 1628 2932 1683 Verbum
2971 1640 3087 1682 erat
3129 1630 3268 1698 apud
3303 1628 3464 1683 Deum
3486 1670 3500 1691 ,
3536 1641 3590 1683 ct

2026 1718 2164 1774 Deus
2201 1728 2322 1774 erat
2350 1719 2587 1774 Verbum
2610 1723 2674 1787 ³³,
2714 1741 2731 1772 ι
2771 1722 3222 1776 atiirmaverimus
3256 1721 3381 1775 huic
3410 1720 3590 1775 Verbo

338 1788 499 1879 αὐτὸς
530 1788 854 1889 ἀποκαλύψῃ
894 1818 985 1870 τὸν
1027 1788 1270 1887 ίΙατέρα,
1299 1816 1759 1887 ψευδοποιήσομεν
1782 1788 1910 1885 ,(⁵77)

2022 1812 2573 1880 comprehensibilem
2621 1828 2741 1867 esse
2795 1813 2984 1878 Deum,
3037 1827 3137 1868 nec
3174 1812 3363 1866 abillo
3412 1812 3591 1866 solum

339 1905 443 1977 τὴν
486 1905 693 1958 Κέλσου
738 1907 900 1971 λέξιν,
948 1908 1264 1976 φάσκοντος·
1320 1907 1453 1960 Οὐδὲ
1495 1907 1654 1977 Λόγῳ
1698 1908 1919 1975 ὲφικτός

338 1995 486 2047 ἐστιν
518 1996 545 2046 ὁ
572 1994 722 2058 Θεός.
754 1996 862 2047 Καὶ
884 1996 943 2048 τὸ
978 2016 994 2046 ι
1023 1997 1121 2048 οὐκ
1146 1996 1447 2066 ὀνομαστὸς
1478 1996 1555 2061 δὲ,
1588 2016 1606 2046 ι
1635 1995 1916 2066 διαστολῆς

335 2085 523 2140 δεῖται.
562 2088 624 2139 ΕΞ
666 2089 763 2157 μὲν
798 2089 925 2161 γὰρ,
955 2090 1038 2142 ὃτι
1070 2090 1223 2143 οὐδὲν
1255 2090 1365 2143 τῶν
1391 2094 1448 2144 ὲν
1478 2091 1655 2155 λέξεσι
1689 2093 1784 2145 καὶ
1817 2110 1915 2162 σηη

340 2175 684 2246 μαινομένοις
730 2177 951 2231 δύναται
996 2180 1349 2249 παραστῆσαι
1376 2180 1475 2245 τὰς
1520 2182 1788 2252 ἰδιότητας
1820 2184 1913 2237 τοῦ

334 2266 490 2329 Θεοῦ,
534 2267 730 2337 ἀληθές
770 2270 885 2321 ἐστι
926 2270 986 2322 τὸ
1022 2271 1339 2341 λεγόμενονο
1390 2271 1444 2324 εἴ
1478 2289 1542 2340 γε
1587 2274 1682 2327 καὶ
1725 2274 1915 2327 πολλαὶ

334 2358 617 2429 ποιότητες
646 2361 744 2412 οὐκ
770 2361 905 2411 εἰσιν
936 2361 1253 2432 ὀνομασταί.
1288 2363 1383 2427 Τίς
1416 2363 1522 2435 γὰρ
1547 2364 1769 2418 δύναται
1802 2366 1917 2417 ὀνό-

336 2467 466 2519 μασι
508 2449 767 2522 διαφοράν
784 2452 965 2505 δοῦναι
991 2455 1270 2524 ποιότητος
1294 2455 1626 2526 γλυκύτητος
1652 2457 1915 2525 φοίνικος,

332 2542 425 2596 καὶ
452 2543 786 2613 γλυκύτητος
814 2547 1024 2615 ἰσχάδος
1047 2563 1060 2608 ;
1084 2547 1180 2609 Τίς
1213 2548 1269 2599 δὲ
1300 2548 1522 2617 ὀνόματι
1545 2549 1769 2602 δύναται
1802 2550 1915 2602 δια-

334 2634 643 2687 στείλασθαι
684 2636 778 2687 καὶ
811 2638 1157 2706 παραστῆσαι
1190 2638 1288 2708 τὴν
1323 2639 1553 2691 ἑκάστου
1583 2638 1721 2691 ἰδίαν
1764 2640 1915 2690 ποιό-

330 2739 468 2791 τητα
486 2739 503 2786 ;
535 2724 698 2777 Οὐδὲν
726 2721 817 2776 οὖν
850 2723 1184 2795 θαυμαστὸν,
1222 2729 1270 2779 εἰ
1300 2729 1399 2780 οὐκ
1428 2728 1571 2780 ἔστιν
1598 2727 1771 2791 οὕτως
1796 2730 1914 2781 ὀνομ-

334 2813 537 2881 μαστὸς
576 2816 604 2866 6
632 2814 782 2877 Θεός.
825 2816 888 2867 Εἰ
932 2815 986 2869 δὲ
1026 2817 1086 2868 τὸ
1121 2818 1420 2887 ὀνομαστὸν
1449 2817 1745 2887 λαμϐάνεις
1778 2819 1913 2872 καθὸ

330 2899 439 2957 οἷόν
463 2904 520 2956 τέ
554 2906 698 2958 ἐστιν
736 2907 961 2976 ὀνόμασι
988 2908 1338 2978 παραστῆσαί
1366 2927 1417 2963 τι
1460 2909 1567 2963 τῶν
1594 2910 1721 2981 περὶ
1745 2910 1909 2964 αὐτοῦ

330 2995 410 3058 εἰς
436 2997 496 3048 τὸ
521 2998 928 3067 χειραγωγῆσαι
952 2999 1042 3051 τὸν
1074 3000 1369 3071 ἀκροατὴν,
1399 3001 1492 3053 καὶ
1534 3000 1755 3070 ποιῆσαι
1789 3002 1911 3071 νοῆ-

2020 1906 2427 1971 comprehendi,
2466 1905 2558 1959 sed
2591 1907 2759 1960 etiam
2792 1906 2858 1960 ab
2894 1904 2961 1958 iis
2983 1946 2996 1967 ,
3023 1904 3226 1972 quibus
3253 1904 3469 1959 Patrem
3498 1919 3586 1957 re—

2019 1994 2279 2050 velaverit
2307 2011 2322 2050 :
2347 1996 2467 2051 falsi
2492 1999 2875 2053 convincemus
2907 1999 3048 2067 quod
3074 1999 3153 2053 ait
3181 1997 3389 2059 Celsus,
3419 1997 3586 2050 Deum

2019 2102 2087 2141 ne
2128 2088 2303 2142 Verbo
2335 2090 2554 2158 quidem
2606 2092 3161 2157 comprehensibilem
3197 2106 3338 2147 esse.
3383 2092 3589 2145 Distin-

2018 2180 2106 2247 gui
2157 2179 2319 2234 etiam
2367 2190 2581 2249 oportet
2635 2182 2821 2248 istud,
2877 2201 2894 2233 ι
2956 2183 3122 2236 Deum
3165 2183 3436 2237 nominari
3478 2196 3587 2235 non

2019 2284 2199 2337 posse.
2238 2290 2259 2324 ›
2304 2271 2440 2327 Nam
2475 2272 2519 2327 si
2545 2273 2798 2342 intelligit
2834 2274 2999 2326 verba
3031 2283 3123 2328 aut
3160 2289 3248 2327 res
3291 2273 3476 2327 verbis
3509 2273 3588 2326 si-

2017 2361 2305 2428 gniticatas
2341 2378 2447 2415 non
2479 2378 2600 2418 esse
2624 2404 2637 2425 ,
2690 2379 2810 2431 qure
2862 2364 2952 2416 Dei
2990 2365 3353 2433 proprietates
3384 2379 3589 2431 reprae-

2018 2462 2277 2518 sentent,
2334 2470 2522 2508 verum
2586 2456 2746 2519 dicit;
2802 2457 3070 2524 siquidem
3124 2455 3307 2509 multas
3363 2468 3582 2523 quoque

2017 2555 2145 2599 sunt
2173 2545 2462 2614 qualitates
2496 2561 2615 2616 quae
2640 2546 2821 2601 verbis
2877 2549 3110 2616 exprimi
3165 2562 3273 2600 non
3333 2555 3580 2614 possunt.

2016 2637 2149 2703 Quis
2173 2639 2313 2691 enim
2344 2639 2526 2693 verbis
2559 2642 2835 2708 exprimat
2858 2640 3151 2693 discrimen
3182 2637 3325 2706 quod
3355 2636 3585 2691 interest

2014 2727 2355 2783 dulcedinem
2390 2729 2639 2798 palmulis
2674 2730 2816 2784 inter
2858 2738 2913 2783 et
2954 2729 3293 2783 dulcedinem
3346 2726 3584 2782 caricae?

2014 2818 2131 2884 Quo
2155 2820 2375 2874 nomine
2413 2821 2714 2890 distinguas
2752 2831 2807 2875 et
2858 2821 3135 2889 signiﬁces
3166 2820 3446 2889 propriam
3502 2814 3579 2870 rei

2014 2908 2273 2978 cujusque
2300 2910 2620 2979 qualitatem
2646 2911 2669 2964 ?
2697 2911 2844 2966 Nihil
2866 2926 2999 2980 ergo
3032 2911 3229 2963 mirum
3276 2910 3444 2963 Deum
3479 2924 3581 2961 no-

2016 3002 2211 3057 minari
2256 3018 2365 3059 non
2412 3018 2594 3073 posse.
2642 3005 2700 3059 Si
2738 3014 2915 3058 autem
2944 3004 3078 3058 velis
3119 3004 3393 3057 nominare
3444 3002 3581 3057 nihil

332 3103 420 3139 σαι
446 3090 570 3158 περὶ
596 3088 729 3141 Θεοῦ
760 3088 901 3141 κατά
934 3090 994 3142 τὸ
1023 3090 1242 3159 ἐφικτὸν
1271 3094 1338 3161 τῇ
1376 3090 1690 3162 ἀνθρωπίνῃ
1726 3092 1904 3161 φύσει,

2014 3108 2134 3149 esse
2169 3094 2336 3161 aliud,
2368 3109 2529 3163 quam
2564 3096 2778 3165 aliquas
2804 3096 3038 3150 virtutes
3076 3095 3194 3162 ejus
3225 3095 3407 3149 verbis
3441 3094 3582 3147 indi-

328 3178 451 3230 τινὰ
474 3178 581 3232 τῶν
604 3181 732 3249 περὶ
754 3180 915 3232 αὑτοῦ
937 3198 947 3210 ·
981 3182 1131 3235 οὐδὲν
1155 3181 1355 3236 ἄτοπον
1385 3184 1565 3253 λέγειν
1593 3185 1757 3238 αὐτὸν
1790 3187 1906 3238 ὀνο-

332 3270 558 3338 μαστόν.
594 3270 752 3323 Οὕτω
782 3271 839 3324 δὲ
862 3271 1285 3344 διαστελούμεθα
1310 3276 1405 3328 καὶ
1427 3277 1517 3342 τὸ,
1542 3295 1561 3327 ι
1598 3277 1761 3330 Οὐδὲν
1796 3278 1903 3350 γὰρ

332 3359 600 3413 πέπονθεν
633 3361 856 3429 ὀνόματι
886 3364 1253 3435 καταληπτόν.
1300 3386 1319 3415 ι
1366 3367 1590 3438 Ἀληθὲς
1618 3369 1675 3422 δὲ
1709 3371 1802 3423 καὶ
1838 3370 1899 3423 τὸ

329 3450 435 3516 ἔξω
465 3452 665 3516 παντὸς
708 3451 913 3517 πάθους
960 3451 1225 3511 εἶναι’τὸν
1265 3456 1419 3511 Θεόν.
1450 3459 1569 3513 Καὶ
1596 3460 1769 3514 ταῦτα
1808 3462 1905 3531 μὲν

328 3554 519 3610 ταυτῃ.

401 3816 628 3888 Ἴδωμεν
666 3820 721 3873 δὲ
751 3825 841 3875 καὶ
869 3825 966 3894 τὴν
994 3818 1121 3895 ¹ἑξῆς
1154 3825 1320 3880 αὑτοῦ
1355 3826 1522 3895 λέξιν,
1553 3828 1621 3883 δι’
1650 3825 1717 3902 ἦς
1742 3831 1903 3886 οἱονεὶ

324 3910 819 3975 προσωποποιεῖταί
870 3928 1014 3976 τινα,
1087 3912 1223 3982 μετά
1273 3914 1334 3966 τὸ
1397 3915 1624 3968 ἀκοῦσαι
1677 3918 1902 3981 τούτων,

324 3996 549 4049 τοιαῦτα
575 3997 821 4065 λέγονται
857 4020 873 4050 ι
917 4002 1038 4065 Πῶς
1066 3998 1158 4055 οὖν
1187 4004 1300 4071 γνῶ
1330 4004 1420 4057 τὸν
1449 4006 1613 4071 Θεόν;
1648 4008 1759 4060 Καὶ
1788 4007 1904 4073 πῶς

326 4086 428 4155 τὴν
455 4088 632 4139 ἐκεῖσε
657 4087 773 4142 ὁδὸν
797 4090 985 4160 μάοω;
1016 4092 1127 4144 Καὶ
1153 4092 1269 4155 πῶς
1292 4094 1455 4147 αὐτόν
1480 4113 1572 4164 μοι
1599 4094 1901 4164 δεικνύειςς

340 4177 425 4241 Ὠς
452 4178 545 4232 νῦν
570 4196 635 4248 γε
663 4180 850 4233 σκότον
876 4199 977 4251 μου
999 4183 1106 4236 τῶν
1131 4183 1423 4254 ὀφθαλμῶν
1445 4187 1786 4256 προϐάλλεις,
1809 4191 1904 4241 καὶ

324 4272 474 4324 οὐδὲν
510 4270 738 4342 ἐναργὲς
774 4272 972 4341 βλέπω.
1020 4294 1036 4323 ι
1080 4270 1213 4328 Εἶτα
1256 4276 1391 4346 πρὸς
1430 4278 1519 4329 τὸν
1564 4277 1736 4347 οὕτως
1780 4281 1905 4333 ἐπα-

325 4361 641 4433 πορήσαντα
682 4362 843 4414 οἱονεὶ
884 4365 1262 4435 ἀποκρίνεται,
1310 4369 1406 4420 καὶ
1454 4368 1551 4437 τὴν
1591 4369 1771 4422 αἰτίαν
1809 4372 1902 4424 τοῦ

326 4450 515 4504 σκότον
536 4449 643 4504 τῶν
661 4450 953 4524 ὀφθαλμῶν
972 4451 1081 4525 (78)
1112 4455 1517 4525 κατακεχύσθαι
1539 4456 1633 4508 τοῦ
1659 4459 1906 4522 εἰπόντος

2014 4457 2159 4527 ejus,
2196 4459 2285 4526 qui
2319 4457 2477 4511 modo
2515 4455 2892 4523 interrogabat
2938 4473 2952 4508 :

322 4542 391 4596 τὰ
427 4544 797 4614 προειρημένα
830 4543 1135 4599 ἀποδιδόναι
1176 4546 1403 4617 νομίζει,
1434 4548 1676 4616 φάσκωνο
1725 4568 1743 4601 ι
1790 4549 1897 4613 Οὓς

321 4630 387 4685 ἄν
414 4649 497 4696 τις
526 4633 605 4697 εἰς
644 4632 895 4706 λαμπρὸν
931 4636 1047 4704 φῶς
1086 4636 1152 4689 ὲκ
1188 4636 1412 4702 σκότους
1443 4640 1733 4713 προαγάγῃ
1759 4641 1891 4713 (79),

322 4720 559 4786 τούτους,
590 4723 663 4795 μὴ
689 4724 1018 4795 δυναμένους
1045 4726 1291 4796 ἀντέχειν
1324 4730 1443 4791 ταῖς
1478 4733 1889 4800 μαρμαρυγαῖς,

246 4872 250 4889 ³
324 4811 644 4875 κολάζεσθαι
680 4815 779 4886 τὴν
817 4816 957 4885 ὄψιν,
1002 4817 1095 4870 καὶ
1138 4817 1488 4887 βλάπτεσθαι,
1522 4821 1622 4874 καὶ
1657 4822 1895 4892 νομίζειν

325 4904 648 4973 πηροῦσθαι.
683 4926 701 4959 ι
740 4910 851 4962 Καὶ
880 4910 1017 4980 πρὸς
1039 4910 1213 4963 ταῦτα
1242 4911 1300 4964 δὲ
1322 4913 1590 4983 φήσομεν,
1626 4914 1896 4986 καθῆσθαι

328 4991 425 5060 μὲν
455 4993 511 5044 ὲν
536 4994 709 5064 σκότῳ
727 5034 741 5057 ,
773 4998 864 5050 καὶ
888 4998 1133 5068 ἱδρύσθαι
1160 5000 1217 5051 ὲν
1244 4998 1393 5070 αὐτῷ
1418 5002 1646 5068 πάντας,
1672 5005 1798 5069 τοὺς
1818 5006 1899 5069 εἰς

396 5146 441 5179 ³⁸
474 5144 632 5203 Rom.
661 5161 736 5212 xi,
762 5146 852 5201 50.
930 5149 972 5181 "
999 5149 1159 5206 Joan.
1192 5168 1232 5214 ι,
1266 5153 1320 5206 1.

557 5321 905 5393 mollique,
937 5325 1048 5378 οὐκ
1079 5323 1188 5378 οἷδ’
1219 5328 1377 5393 ὅπως
1400 5370 1412 5389 ,
1448 5331 1520 5383 τὰ
1546 5330 1740 5383 πάντα
1784 5332 1893 5384 ai)—

510 5395 590 5467 ’1ξο
620 5390 806 5467 αὑτοῦ,
832 5393 967 5467 legit
988 5393 1305 5467 lioherellus
1332 5390 1520 5458 αὐτοῦ,
1554 5412 1605 5451 et
1636 5402 1890 5467 explicat,

395 5322 509 5447 9a

324 5412 449 5449 του.

327 5482 345 5514 ι
382 5462 748 5539 propria_ipse
797 5462 1061 5539 principia
1123 5466 1267 5539 (qua:
1313 5476 1438 5539 sunt
1488 5462 1727 5539 Epicuri)
1761 5471 1896 5523 sub-

321 5547 503 5654 ;neris'.
544 5549 563 5582 ι
597 5531 662 5586 Et
716 5530 856 5586 forte
893 5546 992 5601 pro
1026 5530 1324 5604 ἀπολύσας,
1366 5530 1652 5607 legendum
1711 5530 1889 5608 putat,

360 5619 423 5654 va
457 5618 610 5654 υσας.

360 5618 610 5654 ναΛυσας.

394 5618 719 5795 ζῖἒιῖαξέιιιθ.
750 5668 1245 5751 ψευδοποιῂσομεν,
1290 5674 1484 5734 Guieto
1554 5678 1724 5733 restit.
1785 5681 1889 5735 vid.

394 5780 395 5788 η
423 5778 437 5795 .
499 5756 580 5795 ,ειη
611 5739 746 5795 mlnl
772 5741 895 5795 add:
923 5743 1101 5795 velim.

325 5739 437 5795 καί.
470 5739 580 5809 Ego
611 5739 746 5795 nihil
772 5741 895 5797 addi
923 5739 1101 5798 velim.

2010 3199 2159 3249 care,
2200 3192 2261 3240 ut
2293 3186 2511 3240 auditor
2560 3186 2625 3241 ad
2679 3185 2958 3255 quidpiam
2992 3184 3060 3240 de
3100 3185 3207 3239 illis
3247 3197 3579 3253 cognoscen-

2010 3278 2135 3330 dum
2168 3284 2429 3346 quantum
2464 3277 2711 3331 humanae
2738 3285 2945 3331 natura:
2972 3275 3447 3345 licet,adjuvetur,
3473 3290 3580 3328 non

2008 3368 2307 3423 absurdum
2341 3367 2507 3423 fuerit.
2535 3368 2725 3425 dicere
2762 3367 2912 3423 illum
2946 3367 3219 3423 nominari
3247 3381 3427 3436 posse.
3454 3366 3579 3422 Dis-

2008 3460 2304 3525 tinguimus
2337 3470 2393 3514 et
2435 3460 2577 3515 istud
2631 3478 2645 3514 :
2678 3479 2696 3512 ι
2729 3460 2786 3515 In
2815 3475 2939 3515 eum
2969 3460 3112 3514 enim
3146 3458 3328 3513 nullus
3352 3458 3580 3515 all‘ectus

2008 3552 2153 3605 cadit
2177 3551 2268 3620 qui
2301 3551 2483 3604 verbis
2510 3550 2744 3619 eXprimi
2780 3551 2973 3620 possit.
3024 3566 3043 3600 ι
3080 3548 3282 3602 Verum
3314 3549 3461 3602 enim
3492 3557 3578 3602 est

2008 3641 2186 3696 nullos
2216 3643 2268 3695 in
2297 3642 2465 3695 Deum
2501 3639 2728 3695 affectus
2756 3639 3071 3695 convenire.
3101 3639 3207 3696 Sed
3228 3641 3295 3695 de
3325 3639 3409 3693 his
3434 3638 3577 3694 dicta

2007 3732 2295 3788 suliiciant.

2080 3824 2173 3880 66.
2211 3824 2329 3880 Jam
2366 3823 2652 3879 videamus
2685 3838 2807 3897 quae
2837 3823 3177 3894 'sequuntur,
3237 3822 3330 3878 ubi
3385 3836 3574 3891 quem-

2008 3917 2174 3985 piam,
2205 3914 2287 3969 his
2309 3913 2535 3979 auditis,
2560 3914 2639 3969 sic
2664 3914 3087 3985 interrogantem
3116 3913 3321 3969 inducit
3347 3932 3359 3967 :
3387 3931 3405 3963 ι
3436 3912 3580 3978 Quo-

2008 4008 2168 4063 modo
2203 4008 2369 4078 igitur
2417 4008 2585 4062 l)eum
2622 4008 2983 4078 cognoscam?
3021 4007 3301 4075 Quomodo
3337 4006 3477 4060 viam
3509 4007 3577 4058 ad

2008 4100 2156 4153 illum
2189 4098 2435 4153 discam?
2465 4098 2741 4164 Quomodo
2772 4113 2893 4152 eum
2919 4098 3047 4151 mihi
3078 4096 3444 4150 monstrabis?
3469 4093 3575 4147 Te—

2009 4191 2210 4244 nebras
2236 4190 2409 4244 oculis
2462 4189 2598 4242 meis
2652 4187 2911 4255 oﬂ'undis,
2965 4197 3021 4241 et
3070 4186 3206 4240 nihil
3258 4187 3574 4241 distinctum

2009 4292 2195 4333 cerno.
2238 4297 2257 4329 ι
2307 4277 2509 4332 Deinde
2563 4278 2873 4344 respondet,
2930 4286 2985 4330 et
3046 4290 3265 4330 causam
3331 4274 3577 4330 attulisse

2009 4370 2115 4424 sibi
2149 4369 2365 4423 videtur
2421 4382 2520 4420 cur
2574 4366 2815 4420 tenebris
2867 4364 3375 4420 circunil‘undantur
3429 4365 3572 4419 oculi

3011 4473 3029 4505 ι
3067 4455 3212 4521 Quos
3244 4470 3274 4508 e
3309 4454 3572 4519 tenebris,

2007 4550 2205 4619 inquit,
2248 4549 2301 4602 in
2339 4547 2682 4619 splendidam
2711 4545 2887 4600 lucem
2922 4545 3301 4611 transtuleris,
3331 4545 3409 4609 ii,
3448 4560 3573 4598 cum

2003 4643 2354 4713 splendorem
2384 4638 2654 4694 sustinere
2701 4652 2806 4691 non
2860 4636 3094 4706 possint,
3140 4634 3258 4691 laedi
3312 4637 3489 4690 visum
3520 4643 3577 4688 et

2001 4729 2320 4787 labefactari
2364 4739 2528 4800 atque
2582 4728 2775 4784 cmeari
2810 4742 2871 4782 se
2898 4727 3237 4782 existimant.
3272 4745 3291 4778 ι
3337 4727 3417 4780 Ad
3458 4726 3575 4781 btet:

2002 4837 2101 4879 nos
2148 4823 2496 4890 reponimus,
2528 4825 2718 4877 sedere
2750 4828 2806 4875 et
2850 4818 3059 4874 haerere
3092 4819 3145 4872 in
3182 4815 3424 4873 tenebris
3449 4816 3574 4885 qui-

1999 4931 2235 4985 cunque,
2266 4916 2556 4983 pictorum,
2593 4914 2864 4976 lictorum,
2918 4910 3365 4980 seulptorumque
3414 4908 3574 4963 malis

2001 5006 2256 5076 operibus
2284 5004 2725 5069 lntenti,n01nnt
2764 5016 2979 5058 sursum
3014 4999 3202 5056 oculos
3243 4998 3430 5053 tollere
3456 5008 3513 5052 et
3540 5011 3574 5050 a

2055 5330 2358 5412 3’78)‘Libb.
2417 5343 2576 5412 antea
2632 5335 2785 5412 editi,
2850 5335 2964 5412 καὶ.
3004 5331 3186 5412 [φησι]
3238 5333 3340 5412 τὴν
3388 5329 3568 5412 αἰτίαν

1987 5397 2106 5471 τοῦ.
2155 5397 2420 5471 Spencer.
2452 5404 2667 5467 σκότου,
2720 5397 3023 5471 limschel.;
3042 5397 3252 5454 ’σκότον
3285 5397 3423 5453 εἶναι
3461 5400 3569 5455 τῶν

1989 5470 2308 5543 ὀφθαλμῶν,
2344 5482 2453 5527 etc.
2485 5474 2595 5543 sed
2628 5473 2761 5543 φησί
2793 5482 2936 5527 recte
2974 5470 3127 5543 abest
3169 5487 3199 5524 a
3246 5471 3405 5543 codd.
3464 5472 3568 5523 An-

1990 5539 2207 5610 glicanb
2233 5545 2410 5610 primo
2441 5552 2495 5595 et
2530 5539 2816 5608 Vaticano,
2848 5556 2948 5594 nec
2995 5539 3137 5593 ullus
3187 5549 3269 5594 est
3316 5541 3407 5606 qui
3460 5555 3578 5595 non

1992 5609 2170 5675 videat
2197 5609 2422 5666 verbum
2454 5609 2591 5665 εἶναι
2617 5609 2783 5666 fuisse
2811 5610 3014 5679 pariter
3040 5611 3452 5676 expungendum

2064 5682 2173 5752 (79)
2200 5683 2384 5738 Codex
2418 5682 2749 5750 Anglicanus
2780 5681 3067 5747 secundus,
3101 5679 3422 5753 παραγάγῃ.
