3990 6158
430 284 574 353 rasa,

1900 279 2221 350 ORIGENIS

3571 293 3594 346 -Ι
3605 293 3719 351 400

429 405 594 460 rebus
620 403 877 460 omnibus
901 418 1020 475 quae
1052 406 1152 459 sub
1184 406 1402 458 Sensum
1448 403 1653 456 cadunt
1711 400 1894 454 animo
1946 401 2009 454 ad

2121 400 2218 464 τάς
2259 403 2367 455 τῶν
2405 403 2731 476 ζωγράφων,
2783 407 2876 459 καὶ
2925 406 3197 474 πλαστῶν,
3245 412 3340 465 καὶ
3386 412 3716 484 ἀνδριαντο-

429 495 590 567 hujus
619 497 993 554 universitatis
1014 495 1396 559 Conditorem,
1425 494 1516 563 qui
1550 495 1646 547 lux
1683 503 1788 559 est,
1822 507 2010 548 aseeu-

432 589 595 653 dere;
637 589 689 644 in
726 588 846 643 luce
876 597 1058 642 autem
1087 601 1208 642 esse
1246 600 1464 654 omnes,
1496 586 1592 655 qui
1628 584 1788 639 Verbi
1829 585 2010 639 radios

431 689 756 748 sequuntur,
813 694 843 732 a
887 693 1000 748 quo
1050 678 1364 734 didicerunt
1397 679 1622 748 quanta'
1654 677 1963 747 ignorantia
1992 715 2006 741 ,

404 774 632 840 'quanta
662 770 938 840 impietas,
979 780 1292 841 quantaque
1319 770 1485 842 683
1505 770 1794 840 stupiditas
1822 768 2006 834 fuerit,

430 865 676 935 neglecto
708 865 855 927 Deo,
913 880 1002 919 res
1044 865 1353 934 hujusmodi
1392 867 1662 929 adorare;
1719 873 1771 919 et
1821 879 1850 919 a
1899 880 2008 934 quo

430 972 584 1011 meus
623 957 854 1012 volentis
883 958 1113 1012 salutem
1147 959 1412 1027 consequi
1435 998 1450 1022 ,
1509 958 1575 1011 ad
1625 959 1929 1013 increatum
1954 968 2011 1012 et

430 1064 702 1103 summum
754 1049 918 1102 Deum
968 1049 1302 1117 perducitur.
1354 1069 1372 1101 ι
1406 1049 1643 1118 Populus
1691 1051 1837 1104 enim
1871 1066 2007 1120 gen-

431 1140 567 1194 tium
596 1141 685 1210 qui
718 1140 944 1194 sedebat
977 1141 1028 1192 iu
1066 1141 1328 1206 tenebris,
1365 1141 1499 1194 vidit
1530 1141 1707 1194 lucem
1733 1155 2008 1211 magnam,

431 1243 486 1287 et
514 1233 827 1287 sedentibus
876 1232 927 1284 in
976 1231 1094 1287 loco
1140 1241 1195 1286 et
1240 1232 1432 1287 umbra
1485 1234 1680 1287 mortis
1740 1232 1829 1286 lux
1889 1241 2010 1288 orta

431 1324 600 1388 est“,
643 1342 659 1373 ι
693 1324 832 1376 Deus
864 1320 1045 1379 Jesus.
1095 1321 1267 1377 Nemo
1302 1323 1470 1390 igitur
1508 1322 1856 1376 Christianus
1927 1334 2011 1375 re-

426 1414 871 1486 sponderitCelso
897 1422 989 1468 aut
1030 1413 1122 1468 ulli
1167 1428 1235 1467 ex
1282 1415 1550 1470 doctrina:
1576 1413 1904 1470 Christianae
1928 1428 2014 1468 ca-

431 1505 854 1559 lumniatoribus
902 1523 917 1559 :
971 1522 990 1556 l
1030 1506 1320 1572 Quomodo
1369 1506 1541 1560 Deum
1580 1505 1951 1573 cognoscam?
1986 1522 2004 1556 3

431 1595 628 1666 singuli
659 1597 803 1650 enim
832 1610 1020 1650 eorum
1043 1637 1058 1661 ,
1086 1605 1350 1664 quantum
1380 1597 1544 1662 licet,
1590 1595 1760 1650 Deum
1802 1610 2009 1665 cogno-

433 1698 616 1744 scunt.
649 1688 834 1757 Neque
857 1687 1000 1744 ullus
1046 1689 1245 1744 dixerit
1283 1708 1297 1742 :
1341 1708 1360 1742 ι
1406 1687 1690 1754 Quomodo
1752 1688 1895 1742 viam
1943 1689 2008 1742 ad

432 1780 583 1834 illum
620 1780 868 1834 discam?
919 1799 938 1832 3
971 1781 1172 1850 quippe
1216 1781 1307 1848 qui
1355 1779 1606 1832 audivit:
1646 1797 1664 1829 ι
1723 1777 1837 1848 Ego
1890 1794 2007 1834 sum

431 1874 549 1940 via,
610 1872 811 1926 veritas
847 1883 902 1926 et
935 1873 1105 1926 vita“
1134 1915 1148 1938 ,
1188 1892 1204 1923 ι
1261 1872 1554 1940 eundoque
1601 1880 1863 1940 expertus
1925 1880 2009 1926 est

431 1978 680 2034 quaenam
719 1965 848 2018 hinc
884 1965 1222 2035 percipiatur
1251 1965 1482 2019 utilitas.
1514 1963 1624 2018 Nec
1659 1963 1945 2031 quisquam
1979 1978 2009 2016 e

433 2061 762 2115 Christianis
798 2075 827 2112 a
871 2059 1030 2113 Celso
1076 2057 1352 2126 quaesierit
1406 2046 1489 2109 ε’(
1527 2055 1812 2123 Quomodo
1877 2053 2005 2108 mihi

431 2153 764 2208 monstrabis
792 2151 998 2206 Deum?
1033 2169 1051 2200 3

501 2336 593 2391 67.
619 2335 734 2390 Hoc
757 2345 940 2390 autem
973 2348 1102 2389 vere
1130 2349 1292 2402 supra
1333 2334 1469 2386 dixit
1499 2332 1715 2396 Celsus,
1741 2333 2005 2402 aliquem,

429 2437 720 2498 postquam
749 2427 923 2497 ipsum
951 2428 1031 2481 sic
1059 2425 1392 2494 loquentem
1417 2425 1588 2478 audiit
1632 2425 1878 2492 viditque
1922 2426 2009 2492 ip-

433 2523 550 2577 sius
581 2520 728 2574 dicta
757 2534 937 2574 meras
968 2533 1090 2574 esse
1125 2517 1402 2582 tenebras,
1437 2517 1777 2585 respondere
1809 2535 1822 2571 :
1856 2535 1875 2568 ι
1906 2517 2012 2572 Teo

434 2615 636 2670 nebras
666 2614 840 2668 oculis
865 2611 1000 2668 meis
1021 2611 1278 2666 oll‘undis.
1319 2629 1338 2662 3
1372 2611 1563 2665 Celsus
1594 2610 1762 2680 igitur
1784 2609 2012 2679 ejusque

433 2705 644 2760 similes
667 2713 922 2774 quaerunt
954 2704 1162 2758 nostris
1186 2703 1362 2758 oculis
1403 2703 1654 2757 tenebras
1680 2701 1964 2758 oll‘undere
1991 2719 2007 2769 ;

434 2799 528 2853 sed
558 2812 657 2852 nos
689 2797 980 2864 impiorum
1006 2795 1319 2864 dogmatqu
1342 2795 1594 2848 tenebras
1620 2794 1775 2848 Verbi
1807 2793 2012 2848 lumine

434 2888 789 2958 dissipamus.
820 2887 1173 2943 Christianus
1219 2885 1366 2940 enim
1395 2885 1558 2940 Celso
1607 2885 1742 2938 nihil
1795 2885 2012 2954 perspi-

434 2992 620 3044 cuum,
646 2979 781 3032 nihil
816 2993 1004 3032 verum
1036 2977 1237 3032 dicenti
1269 2986 1494 3045 reponet
1525 2995 1538 3030 :
1584 2995 1602 3026 ι
1641 2975 1790 3029 Nihil
1821 2977 1875 3030 in
1906 2974 2013 3029 tuis

435 3066 784 3122 sermonibus
823 3066 1144 3119 distinctum
1197 3066 1374 3120 video.
1413 3084 1431 3115 3
1469 3064 1588 3118 Non
1618 3079 1752 3132 ergo
1795 3080 1893 3120 nos
1931 3084 1949 3116 ι
1981 3081 2011 3121 e

437 3155 678 3212 tenebris
723 3157 779 3209 in
813 3154 1155 3223 splendidam
1208 3156 1385 3210 lucem
1424 3173 1443 3206 3
1481 3155 1736 3222 producit
1777 3156 2004 3222 Celsus;

434 3250 530 3304 sed
563 3264 594 3304 e
618 3247 738 3302 luce
768 3249 820 3301 in
855 3247 1108 3302 tenebras
1141 3263 1241 3303 nos
1291 3247 1588 3302 transferre
1639 3247 1786 3313 vult;
1831 3263 2008 3320 quan-

434 3340 724 3410 doquidem
749 3340 902 3409 ponit
931 3341 1192 3394 tenebras
1226 3353 1350 3394 esse
1373 3340 1630 3402 lueem,et
1658 3339 1832 3395 lucem
1861 3349 2011 3395 tene-

432 3435 586 3499 bras,
621 3432 811 3500 sicque
849 3431 1142 3487 damuatur
1167 3433 1272 3485 hac
1301 3431 1561 3499 praeclara
1597 3431 1745 3487 Isaizie
1783 3441 2009 3487 sentem

434 3524 508 3579 tia
545 3537 562 3575 :
598 3539 619 3573 ι
655 3522 749 3576 Vae
785 3521 880 3589 qui
932 3521 1136 3590 ponitis
1187 3525 1442 3576 tenebras
1473 3520 1650 3576 lucem
1709 3532 1764 3577 et
1819 3523 1997 3578 lucem

435 3614 692 3670 tenebras
706 3613 776 3668 “—.
808 3633 826 3665 ι
854 3613 962 3670 Nos
979 3627 1131 3679 vero,
1154 3612 1333 3667 Verbo
1362 3613 1549 3668 oculos
1581 3615 1778 3670 anima:
1810 3624 2012 3671 nostrae

431 3704 749 3773 aperiente,
782 3703 921 3758 lucis
948 3718 978 3757 a
1021 3703 1262 3757 tenebris
1295 3703 1588 3758 discrimen
1635 3705 1917 3770 videntes,
1956 3706 2008 3759 in

431 3795 642 3850 lumine
668 3805 818 3849 Stare
852 3794 1000 3847 omni
1045 3795 1226 3848 studio
1270 3795 1658 3864 contendimus
1699 3795 2011 3866 nullamque

431 3883 683 3938 volumus
715 3898 834 3937 cum
865 3884 1106 3938 tenebris
1133 3884 1454 3939 societatem
1503 3885 1732 3942 habere.
1777 3886 2008 3942 Cuinam

432 3981 618 4028 autem
657 3973 936 4041 splendor,
967 3975 1185 4027 cuinam
1220 3974 1309 4028 lux
1340 3975 1678 4030 ostendenda
1707 3977 1816 4044 sit,
1858 3979 2012 4032 novit

432 4076 564 4118 vera
601 4063 690 4118 illa
725 4073 890 4132 atque
914 4065 1155 4119 animata
1197 4067 1310 4122 lux.
1356 4067 1454 4121 Est
1477 4066 1624 4121 enim
1658 4068 1745 4122 cui
1788 4076 2012 4138 propter

433 4155 685 4211 inﬁrmos
716 4155 894 4211 adhuc
922 4155 1114 4211 oculos
1141 4157 1488 4226 splendorem
1520 4173 1680 4212 suum
1717 4173 1825 4213 non
1861 4160 2010 4214 dete-

429 4255 547 4317 gat.
575 4247 730 4314 Quod
754 4248 798 4302 si
829 4266 848 4300 ι
891 4247 1121 4318 alicujus
1152 4249 1303 4304 visus
1335 4249 1496 4305 laesus
1525 4257 1690 4320 atque
1715 4249 2010 4305 labefacta-

433 4347 520 4394 tus
549 4359 568 4391 3
586 4341 847 4396 dicendus
869 4351 974 4407 est,
999 4342 1282 4411 cujusnam
1308 4343 1494 4397 oculos
1521 4343 1638 4397 lucc
1667 4342 2008 4398 incommoda

2114 491 2281 546 ποιῶν
2327 495 2628 564 ὲνορῶντας
2687 500 3062 567 κακοτεχνίας,
3117 501 3190 572 μὴ
3247 501 3614 574 βουλομένους
3662 506 3716 561 δ’

2113 586 2412 655 ἀναϐλέψαι
2439 588 2531 640 καὶ
2560 589 2830 658 ἀναϐῆναι
2855 589 2932 660 τῷ
2955 591 3030 662 νῷ
3055 592 3162 646 άπὸ
3183 594 3394 664 ὁρατῶν
3431 597 3528 648 καὶ¹
3561 597 3715 653 πάν-

2113 696 2218 731 των
2241 678 2514 749 αἰσθητῶν
2544 682 2634 733 ἐπὶ
2664 681 2758 733 τὸν
2785 681 2922 734 ὅλων
2950 685 3312 755 Δημιουργὺν,
3337 688 3398 750 ὃς
3421 689 3541 742 ἐστι

2113 775 2171 826 ὲν
2199 775 2336 843 φωτὶ
2364 774 2420 826 δὲ
2449 774 2738 843 τυγχάνειν
2766 773 2966 837 πάντα,
2996 777 3088 828 τὸν
3125 779 3246 840 ταῖς
3279 777 3374 830 τοῦ
3405 780 3584 848 Λόγου
3609 783 3716 837 σὺ·

2111 867 2235 933 γαῖς
2261 863 2722 934 ἀκολουθήσαντα,
2763 863 3038 929 δείξαντος
3067 866 3159 933 ἀφ’
3189 868 3323 935 ὅσης
3347 869 3575 935 ἀγνοίας
3615 874 3715 924 καὶ

2111 958 2363 1022 ἀσεϐείας
2392 959 2486 1011 καὶ
2517 957 2619 1027 τῆς
2640 959 2774 1028 περὶ
2802 959 2860 1012 τὸ
2897 959 3051 1011 Θεῖον
3095 959 3335 1029 ἀμαθίας
3371 959 3546 1014 ταῦτα
3587 964 3716 1017 ἀντὶ

2111 1050 2205 1103 τοῦ
2240 1049 2373 1102 Θεοῦ
2406 1050 2818 1120 προσεκυνεῖτο·
2853 1048 2947 1100 καὶ
2970 1049 3479 1119 χειραγωγήσαντος
3500 1050 3594 1104 τὸν
3613 1051 3714 1103 τοῦ
3809 1112 3812 1114 _

2115 1139 2438 1208 βουλομένου
2496 1136 2760 1200 σώζεσθαι
2793 1136 2917 1190 νοῦν
2955 1137 3093 1207 πρὸς
3118 1137 3210 1189 τὸν
3244 1138 3541 1208 ἀγέννητον
3595 1139 3716 1208 (80)

2114 1234 2206 1286 καὶ
2228 1234 2320 1284 ἐπὶ
2354 1233 2488 1284 πᾶσι
2515 1229 2666 1283 Θεόν.
2706 1247 2724 1280 ι
2761 1229 2904 1292 Λαὸς
2935 1228 3043 1298 γὰρ
3072 1231 3104 1282 ό
3136 1227 3446 1300 καθήμενος
3473 1231 3536 1285 ἐν
3574 1248 3715 1284 σκο-

2111 1326 2218 1396 τίᾳ,
2258 1344 2274 1373 ι
2312 1326 2340 1377 ό
2367 1322 2472 1376 τῶν
2505 1320 2692 1383 ἐθνῶν,
2720 1339 2738 1371 ι
2775 1320 2891 1388 φῶς
2922 1315 3029 1374 εἶδε
3062 1322 3203 1390 μέγα
3222 1340 3233 1350 ·
3263 1322 3355 1374 καὶ
3386 1324 3500 1386 τοῖς
3538 1323 3719 1393 καθη-

2117 1418 2296 1487 μένοις
2325 1417 2382 1467 ὲν
2411 1414 2566 1485 χώρᾳ
2594 1414 2687 1467 καὶ
2718 1415 2844 1483 σκιᾷ
2871 1412 3100 1467 θανάτου
3135 1413 3249 1482 φῶς
3281 1413 3574 1478 ἀνέτειλεν,
3629 1433 3651 1464 3
3690 1416 3720 1466 ὁ

2112 1507 2244 1569 Θεὸς
2293 1503 2521 1575 Ἰησοῦς.
2551 1503 2739 1565 Οὐδεὶς
2775 1498 2869 1556 οὖν
2901 1503 3223 1573 Χριστιανὸς
3245 1503 3602 1574 ἀποκρίνεται
3635 1506 3720 1576 τῷ

2113 1598 2325 1668 Κέλσῳ,
2359 1597 2393 1666 ἦ
2421 1613 2526 1650 τινι
2565 1594 2674 1650 τῶν
2708 1594 3154 1665 κατηγορούντων
3194 1593 3288 1647 τοῦ
3339 1595 3480 1647 θείου
3524 1591 3722 1659 λόγους

2115 1690 2360 1758 φάσκωψ
2395 1705 2413 1738 ι
2457 1685 2583 1748 Πῶς
2615 1685 2728 1754 γνῶ
2751 1685 2843 1738 τὸν
2867 1686 3035 1749 Θεόν;
3069 1703 3086 1736 3
3118 1685 3344 1746 ἕκαστος
3369 1685 3478 1756 γὰρ
3503 1685 3717 1748 αὐτῶν,

2117 1783 2191 1843 ὼς
2220 1780 2474 1849 ἐγχωρεῖ,
2529 1777 2668 1846 ἔγνω
2700 1777 2792 1831 τὸν
2821 1776 2974 1831 Θεόν.
3011 1778 3120 1828 Καὶ
3147 1775 3321 1839 οὐδείς
3346 1793 3506 1846 φησι·
3537 1795 3557 1826 ‹
3585 1776 3723 1840 Πῶς

2117 1874 2214 1945 τὴν
2239 1873 2418 1923 ἐκεῖσε
2446 1869 2562 1924 ὁδὸν
2595 1867 2782 1938 μάθω;
2825 1887 2844 1920 3
2884 1868 2978 1921 ἅτε
3021 1867 3261 1930 ἀκούσας
3288 1867 3382 1920 τοῦ
3417 1869 3676 1930 εἰπόντος
3703 1886 3717 1897 ·

2124 1983 2141 2016 ι
2194 1961 2334 2031 Ἐγώ
2362 1962 2477 2031 εἰμι
2502 1963 2535 2032 ἡ
2569 1959 2706 2022 ὁδὸς,
2736 1961 2827 2011 καὶ
2855 1961 2888 2030 ἡ
2917 1958 3164 2030 ἀλήθεια,
3201 1959 3348 2028 καὶὴ
3376 1957 3489 2029 ζωή
3509 1979 3524 1989 ·
3569 1979 3587 2010 ι
3617 1959 3722 2012 καὶ

2117 2055 2452 2124 γευσάμενος
2485 2053 2544 2107 ὲν
2575 2052 2654 2122 τῷ
2681 2050 2886 2105 ὁδεύειν
2918 2050 3018 2119 τῆς
3047 2049 3154 2102 ἀπὸ
3182 2048 3278 2102 τοῦ
3315 2049 3523 2102 ὁδεύειν
3567 2050 3724 2119 ὡφε-

2117 2146 2284 2209 λείας.
2323 2147 2432 2198 Καὶ
2461 2143 2636 2206 οὐδεὶς
2666 2143 2732 2197 ἂν
2761 2139 3102 2213 Χριστιανῶν
3146 2140 3295 2208 λέγοι
3326 2140 3436 2211 (81)
3469 2140 3670 2211 Κέλσῳ
3705 2160 3720 2172 ·

2123 2258 2140 2291 ι
2184 2238 2309 2302 Πῶς
2344 2256 2432 2309 μοι
2462 2237 2725 2298 δεικνύεις
2753 2236 2842 2289 τὸν
2872 2233 3040 2298 Θεόν;
3078 2253 3097 2285 3

2187 2340 2357 2394 Τοῦτο
2416 2339 2473 2391 δὲ
2527 2340 2586 2392 ἐν
2644 2339 2754 2399 τοῖς
2815 2336 3198 2408 προκειμένοις
3232 2337 3260 2387 ό
3313 2334 3522 2396 Κέλσος
3559 2328 3720 2386 εἶπεν

2120 2433 2333 2502 ἀληθὲς,
2364 2432 2446 2484 ὄτι
2487 2429 2722 2490 ἀκούσας
2750 2445 2834 2490 τις
2861 2426 3024 2481 αὑτοῦ
3054 2427 3163 2480 τῶν
3202 2426 3377 2494 λόγων
3417 2425 3720 2497 ἀποκρίνε-

2118 2530 2226 2588 ται,
2266 2522 2387 2577 ἰδὼν
2409 2521 2452 2574 δ’
2479 2522 2558 2573 ὅτι
2750 2520 2898 2588 λόγοι
2929 2518 3152 2581 σκότους
3194 2518 3327 2571 εἰσὶν
3361 2518 3411 2569 oi
3439 2516 3588 2584 λόγοι
3612 2517 3718 2569 αύ-

2117 2615 2232 2679 τοῦ,
2261 2615 2342 2666 ὅτι
2370 2631 2389 2664 ι
2426 2610 2624 2673 Σκότος
2668 2626 2768 2680 μου
2803 2609 2912 2662 τῶν
2946 2606 3238 2677 ὀφθαλμῶν
3294 2604 3635 2676 προϐάλλεις.
3690 2625 3713 2656 3

2119 2707 2321 2769 Κέλσος
2353 2705 2452 2775 μὲν
2479 2699 2573 2756 οὖν
2600 2703 2694 2754 καὶ
2720 2703 2766 2753 οἱ
2792 2701 3160 2772 παραπλήσιοι
3195 2699 3342 2770 αὐτῷ
3388 2699 3718 2770 προῆάλλειν

2122 2800 2310 2854 σκότον
2352 2797 2459 2850 τῶν
2511 2792 2804 2864 ὀφθαλμῶν
2837 2793 2993 2864 ὴμῶν
3034 2792 3277 2846 θέλουσιν
3305 2810 3318 2822 ·
3354 2795 3512 2862 ἡμεῖς
3541 2793 3598 2846 δὲ
3629 2794 3716 2862 τῷ

2121 2894 2259 2962 φωτὶ
2289 2889 2383 2943 τοῦ
2409 2888 2580 2957 Λόγου
2611 2885 3006 2956 ὲξαφανίζομεν
3033 2884 3094 2938 τὸ
3125 2885 3318 2947 σκότος
3350 2885 3457 2938 τῶν
3497 2884 3708 2938 ἀσεϐῶν

2119 2985 2422 3056 δογμάτων.
2454 2982 2610 3036 Εἴποι
2640 2980 2684 3034 δ’
2709 2979 2773 3032 ἂν
2795 2981 2823 3032 ὁ
2850 2979 3174 3049 Χριστιανὸς
3203 2977 3336 3050 πρὸς
3366 2977 3587 3039 Κέλσον,
3613 2977 3708 3030 οὺ-

2039 3092 2081 3149 C
2114 3079 2201 3137 δὲν
2232 3073 2460 3146 ἐναργὲς
2485 3073 2518 3143 ἦ
2549 3070 2748 3141 ἀληθὲς
2781 3068 2894 3141 (85)
2922 3069 3167 3138 λέγοντα,
3191 3073 3283 3132 τὸ,
3305 3088 3322 3121 ι
3359 3069 3523 3124 Οὐδὲν
3551 3071 3716 3140 ἐναρ-

2111 3172 2205 3241 γὲς
2237 3167 2416 3239 βλέπω
2453 3165 2511 3217 ἐν
2547 3166 2658 3226 τοῖς
2707 3164 2821 3225 σοῖς
2875 3161 3070 3230 λόγοις.
3112 3180 3130 3214 3
3175 3163 3289 3214 Οὐκ
3327 3181 3345 3211 ι
3405 3164 3469 3215 ὲκ
3517 3162 3712 3214 σκότου

2113 3262 2290 3315 τοίνυν
2325 3259 2404 3321 είς
2433 3255 2687 3326 λαμπρὸν
2733 3253 2869 3322 φῶς,
2901 3273 2919 3304 3
2955 3253 3186 3324 προάγει
3217 3255 3362 3324 ἡμᾶς
3395 3255 3424 3306 ὁ
3457 3253 3667 3315 Κέλσος
3695 3269 3713 3284 .

2113 3353 2248 3409 ἀλλὰ
2267 3351 2512 3423 βούλεται
2529 3350 2593 3401 ὲκ
2620 3347 2796 3416 φωτὸς
2824 3346 3160 3416 μεταστῆσαι
3190 3347 3274 3409 είς
3297 3345 3506 3404 σκότον,
3540 3343 3714 3406 τιθεὶς

2113 3447 2173 3500 τὸ
2207 3443 2396 3506 σκότος
2418 3434 2558 3492 εἶναι
2590 3436 2726 3505 φῶς,
2768 3437 2861 3488 καὶ
2893 3436 2955 3487 τὸ
2988 3434 3102 3503 φῶς
3135 3435 3344 3498 σκότος,
3367 3435 3459 3488 καὶ
3489 3434 3716 3488 ὑποκεί-

2117 3553 2277 3609 μενος
2314 3532 2393 3603 τῷ
2439 3528 2621 3592 καλῶς
2653 3527 2928 3598 εἰρημένῳ
2984 3526 3086 3578 ὑπὸ
3127 3521 3347 3580 Ἦσαῖου
3387 3527 3477 3581 τὸν
3510 3528 3714 3598 τρόπον

2112 3628 2319 3684 τοῦτον·
2354 3643 2371 3676 ι
2411 3622 2548 3676 Ούαὶ
2574 3623 2623 3674 oi.
2649 3619 2889 3682 τιθέντες
2912 3618 2971 3670 τὸ
3000 3618 3188 3680 σκότος
3218 3617 3352 3687 φῶς,
3383 3619 3478 3670 καὶ
3507 3617 3566 3671 τὸ
3596 3618 3711 3688 φῶς

2115 3720 2323 3781 σκότος.
2363 3734 2382 3767 3
2435 3712 2574 3766 Ἀλλ’
2628 3714 2809 3781 ἡμεῖς,
2864 3709 3174 3775 ὰνοίξαντος
3225 3708 3320 3764 τοῦ
3359 3709 3534 3777 Λόγου
3584 3710 3709 3773 τοὺς

2113 3806 2423 3878 ὀφθαλμοὺς
2443 3803 2544 3872 τῆς
2567 3800 2745 3870 ψυχῆς
2776 3799 2955 3870 ἡμῶν,
2980 3798 3214 3868 ὁρῶντες
3241 3797 3501 3866 διαφοράν
3536 3797 3710 3866 φωτὸς

2114 3897 2206 3951 καὶ
2231 3895 2474 3958 σκότους,
2505 3893 2562 3945 ὲν
2584 3891 2723 3958 φωτὶ
2755 3889 2853 3958 μὲν
2875 3889 3038 3941 παντὶ
3065 3887 3254 3957 τρόπῳ
3285 3885 3538 3939 ἵστασθαι
3569 3903 3707 3956 προ-

2113 3986 2445 4060 αιρούμεθα,
2479 3983 2558 4055 τῷ
2588 3983 2643 4035 δὲ
2671 3982 2847 4052 σκότῳ
2891 3980 3140 4050 οὐδαμῶς
3193 3982 3471 4050 προσεῖναι
3523 3978 3706 4048 βουλό-

2116 4081 2276 4152 μεθα.
2299 4081 2362 4132 Ἔ
2373 4076 2581 4150 μψυχον
2619 4075 2674 4128 δὲ
2697 4072 2962 4142 τυγχάνον
2983 4072 3044 4124 τὸ
3067 4071 3315 4142 ἀληθινὸν
3345 4070 3460 4140 φῶς
3487 4069 3709 4122 ἐπίστα-

2112 4190 2223 4238 ται,
2252 4171 2358 4227 τίνι
2389 4170 2485 4242 μὲν
2512 4167 2752 4222 δεικτέον
2787 4165 2937 4217 ἔσται
2965 4163 3064 4227 τὰς
3098 4163 3487 4234 μαρμαρυγὰς,
3519 4162 3627 4215 τίνι
3650 4161 3707 4215 δὲ

2115 4265 2262 4333 φῶς³
2295 4263 2356 4315 ού
2401 4261 2764 4332 παριστάντος
2821 4255 2984 4309 αὑτοῦ
3041 4255 3138 4325 τὴν
3190 4253 3300 4324 (84)
3352 4253 3706 4323 λαμπρότητα

2114 4351 2342 4416 ἑαυτοῦ,
2399 4349 2488 4402 διὰ
2532 4348 2630 4419 τὴν
2690 4346 2769 4400 ἔτι
2817 4345 3224 4416 ἐνυπάρχουσαν
3270 4342 3554 4396 ἀσθένειαν
3597 4347 3703 4407 τοῖς

429 4431 540 4500 pati
565 4432 793 4498 aiemus,
825 4442 1186 4503 praeterquam
1215 4434 1332 4502 ejus
1361 4435 1449 4504 qui
1476 4435 1778 4504 ignorantia
1802 4435 1869 4490 de
1895 4435 2005 4489 Deo

2119 4442 2408 4512 ὀφθαλμοῖς
2463 4440 2692 4493 ἐκείνου.
2727 4438 2790 4489 Εἰ
2815 4436 2858 4489 δ’
2892 4436 3029 4499 ὅλως
3069 4435 3173 4506 χρὴ
3204 4434 3380 4502 λέγειν
3417 4453 3435 4484 ι
3480 4427 3702 4497 κολάζεί

431 4525 669 4592 laborat,
702 4527 901 4596 cuique
934 4544 1029 4597 per
1056 4526 1286 4584 aﬂ‘ectus
1317 4545 1422 4584 non
1456 4527 1587 4584 licet
1627 4530 1822 4586 intueri
1857 4531 2001 4585 veri-

433 4619 640 4672 tatem?
666 4618 965 4673 Christiani
1012 4629 1162 4675 certe
1212 4635 1563 4690 nequaquam
1613 4636 1672 4676 se
1709 4631 1907 4691 putant
1938 4623 2008 4676 ab

433 4707 620 4774 impiis
651 4709 794 4763 Celsi
829 4721 921 4763 aut
947 4710 1171 4766 alterius
1197 4713 1499 4782 cujuspiam
1538 4715 1758 4784 profani
1800 4730 2012 4770 sermo-

433 4798 595 4852 nibus
621 4800 909 4856 obcaecari.
937 4804 1038 4869 Qui
1083 4819 1214 4859 vero
1237 4821 1295 4859 se
1315 4807 1558 4860 sentiunt
1581 4815 1816 4862 emeatus
1838 4847 1853 4872 ,
1888 4823 2012 4876 pro-

433 4897 623 4959 pterea
681 4891 824 4960 quod
880 4893 1093 4960 plebem
1151 4904 1429 4950 errantem
1491 4908 1798 4966 gentesque
1857 4897 2011 4952 festis

433 4982 626 5037 diebus
660 4983 930 5038 daemonia
966 4984 1208 5040 colentes
1244 4999 1546 5056 sequuntur
1573 5027 1587 5052 ,
1645 4989 1722 5042 illi
1767 4989 1832 5044 ad
1874 4988 2010 5043 Ver-

432 5073 561 5129 bum
593 5076 740 5145 quod
784 5075 973 5130 oculos
1008 5075 1238 5146 largitur
1268 5079 1532 5133 accedant
1569 5097 1582 5132 :
1617 5089 1710 5146 ut,
1748 5083 2011 5150 quemad-

433 5165 652 5220 modum
680 5179 948 5234 pauperes
975 5174 1032 5220 et
1057 5165 1185 5218 caeci
1223 5165 1278 5248 in
1321 5165 1403 5219 via
1435 5169 1718 5236 prostrati,
1748 5170 1875 5237 quia
1899 5169 2013 5224 cla-

507 5284 556 5320 “
589 5284 781 5342 Matth.
811 5299 885 5351 IV,
911 5285 1000 5340 l6.
1078 5281 1298 5340 “Joan.
1327 5299 1438 5349 xw,
1471 5283 1526 5338 6.
1603 5285 1648 5317 ’δ’
1680 5285 1784 5341 lsa.
1809 5303 1865 5350 ν,
1891 5286 1980 5341 20.

508 5440 622 5513 (80)
678 5443 794 5496 Duo
827 5442 986 5513 codd.
1025 5439 1346 5511 Anglican.,
1373 5440 1691 5511 ἀγέννητον.
1735 5440 2013 5498 llceschel.

432 5523 488 5570 et
506 5511 789 5582 Speucer.,
817 5511 1099 5582 ἀγένητον.

510 5581 621 5652 (Si)
649 5581 803 5652 Mss.,
842 5580 1010 5652 λέγοι.
1046 5582 1322 5639 lleesehel.
1351 5591 1408 5637 et
1429 5581 1914 5652 δρέπει-φλέγει.

535 5651 622 5721 82)
660 5649 820 5721 Ἰδὼν
848 5651 898 5703 δ’
918 5649 1037 5706 θὸτι.
1073 5653 1390 5708 Boherellus
1414 5649 1694 5721 ex'ptiugit,
1723 5651 1791 5706 δ’.

541 5720 629 5789 83)
658 5719 807 5776 Codd
867 5722 1003 5797 lica.
1029 5731 1081 5778 ci
1105 5722 1294 5792 Basil.,
1324 5723 1357 5798 ἢ
1394 5719 1919 5804 άλγγθέςξ-Ηωεριιει.
1963 5732 2017 5780 et

2113 4533 2235 4586 σθαι
2266 4533 2360 4589 καὶ
2397 4529 2729 4600 βλάπτεσθαι
2762 4527 2904 4596 ὄψιν,
2961 4547 2980 4579 3
3013 4527 3154 4589 τίνος
3175 4525 3240 4578 ἂν
3261 4525 3421 4579 ἀλλου
3461 4527 3702 4594 φήσομεν

2111 4624 2236 4687 τοὺς
2267 4621 2578 4692 ὀφθαλμοὺς
2604 4619 2776 4672 ταῦτα
2806 4618 3057 4688 πάσχειν,
3085 4617 3117 4686 ἢ
3157 4617 3252 4670 τοῦ
3288 4617 3393 4669 ὑπὸ
3434 4617 3534 4686 τῆς
3579 4613 3702 4687 περὶ

2112 4715 2246 4770 Θεοῦ
2306 4714 2526 4782 ἀγνοίας
2582 4711 2958 4782 συνεχομένου,
2993 4713 3085 4764 καὶ
3111 4710 3205 4764 τοῦ
3236 4710 3338 4763 ὑπὸ
3367 4709 3477 4765 τῶν
3517 4708 3704 4762 παθῶν

2116 4804 2538 4878 ὲμποδιζομένου
2570 4803 2785 4873 βλέπειν
2814 4802 3098 4874 ἀλήθειανς
3137 4801 3452 4873 Χριστιανοὶ
3491 4801 3589 4871 μὲν
3611 4797 3704 4853 οὖν

2117 4896 2366 4968 οὐδαμῶς
2393 4895 2674 4965 νομίζουσι
2702 4895 3007 4969 πηροῦσθαι
3050 4895 3156 4948 ὑπὸ
3185 4894 3293 4946 τῶν
3331 4893 3540 4947 Κέλσου
3563 4893 3597 4962 ἦ
3626 4909 3703 4944 τι-

2118 5006 2206 5052 νος
2245 4987 2522 5058 ἀλλοτρίου
2576 4986 2885 5049 θεοσεϐείας
2924 4986 3128 5054 λόγων·
3165 4987 3214 5037 οἱ
3249 4985 3293 5038 δ’
3328 4982 3704 5052 αἰσθανόμενοι

2117 5079 2325 5135 ἑαυτῶν
2377 5080 2735 5151 πηρουμένων
2779 5079 2882 5132 ὑπὸ
2921 5078 3016 5132 τοῦ
3066 5076 3486 5132 κατακολουθεῖν
3526 5074 3702 5146 ὄχλοις

2120 5173 2501 5243 πλανωμένων,
2553 5172 2646 5225 καὶ
2688 5172 2894 5239 ἔθνεσι-ν
2934 5171 3044 5242 (85)
3099 5168 3463 5242 ἑορταζόντων
3512 5167 3702 5240 δαιμοσ

2127 5442 2412 5512 Spencer.,
2438 5442 2530 5495 καὶ
2565 5441 2886 5512 πληκτικὸν.

2196 5511 2306 5584 (84)
2332 5512 2611 5584 articulus
2641 5509 2862 5584 τήνῳιί
2895 5510 3129 5566 habetur
3161 5511 3214 5566 in
3253 5527 3382 5568 mss.
3411 5509 3693 5568 desidera-

2128 5581 2218 5634 tur
2242 5581 2293 5636 in
2331 5581 2462 5636 libb.
2494 5593 2651 5636 antea
2684 5581 2867 5637 editis.

2177 5651 2524 5775 i(.:i5)g610dd.
2578 5653 2738 5732 Reg.‘
2770 5661 2822 5708 et
2878 5651 3225 5720 Basileensis,
3258 5651 3490 5707 ἔθνεσιν.
3534 5648 3697 5710 Libo:

2197 5737 2274 5775 ll.
2381 5737 2514 5775 εσιν.

2125 5737 2274 5789 cum,
2318 5737 2514 5783 ευεσιν.
