3990 6158
303 330 449 390 1401
1507 326 1784 416 CONTRA
1830 324 2102 382 CELSUM
2145 325 2270 380 LIB.
2314 325 2400 380 Vl.
3199 363 3208 366 -
3431 316 3570 375 HO?-

305 451 468 518 νίοις,
499 451 840 523 προσίτωσαν
866 449 942 520 τῷ
969 446 1310 519 χαριζομένῳ
1356 446 1668 518 ὀφθαλμοὺς
1701 447 1858 517 Λόγῳ
1883 466 1888 479 ·

2004 455 2286 501 maverant
2316 461 2330 498 :
2363 462 2382 496 ι
2424 441 2523 496 Fili
2555 438 2722 494 David
2749 477 2764 502 ,
2797 437 3059 493 miserere
3090 434 3194 490 mei
3211 433 3258 467 “
3279 473 3296 500 ,
3332 453 3350 485 ι
3381 449 3410 486 a
3439 431 3566 488 Jcsu

306 545 401 605 ἵν’,
449 522 650 612 ὁμοίως
700 544 814 605 τοῖς
851 542 1004 613 παρά
1031 543 1098 610 τῇ
1137 538 1242 609 6δῷ
1280 539 1630 610 ἐρῤιμμένοις
1663 542 1888 609 πτωχοῖς

2000 537 2176 591 sanati
2230 545 2396 599 sunt;
2457 534 2530 587 ita
2561 541 2617 584 ct
2670 528 2770 596 ipsi
2818 527 3243 582 misericordiam
3289 522 3570 580 consecuti

309 635 409 687 καὶ
439 635 660 701 τυφλοῖς
703 633 808 686 ὑπὸ
837 633 931 686 τοῦ
985 630 1160 702 Ἰησοῦ
1187 630 1588 703 θεραπευθείσι,
1619 631 1707 683 διὰ
1730 631 1790 683 τὸ
1817 633 1888 684 εἱ-

2000 626 2188 681 uculos
2222 626 2494 694 recipiant
2517 619 2688 694 684
2722 634 2923 686 novos,
2948 618 3152 684 honos,
3183 615 3373 686 quales
3404 629 3435 668 a
3469 614 3567 673 Dei

312 725 539 796 ρηκέναι
571 725 741 795 αὐτῷ,
781 745 799 776 ι
832 725 928 777 Υἱέ
955 721 1130 785 Δαυῒδ,
1159 722 1380 792 ἐλέησόν
1412 725 1508 790 ’με,
1542 740 1560 770 ι
1589 720 1888 789 ἐλεηθέντες

2004 718 2181 774 Verbo
2211 717 2433 772 formari
2458 731 2555 785 par
2579 723 2686 768 est.

305 815 623 868 ἀπολάϐωσι
671 817 800 877 τοὺς
869 813 1178 882 ὀφθαλμοὺς
1231 812 1450 875 καινοὺς
1510 813 1602 864 καὶ
1663 812 1894 875 καλοὺς,

304 906 528 970 ὁποίους
551 908 722 974 Λόγος
747 904 880 958 Θεοῦ
910 904 1312 974 δημιουργήσαι
1336 903 1421 957 ἄν.

381 997 577 1067 Διόπερ
629 996 723 1049 ἐὰν
768 995 955 1066 ἔρηται
1002 995 1150 1065 ἡμᾶς
1196 993 1429 1057 Κέλσος,
1491 992 1607 1056 πῶς
1674 991 1899 1062 οἰόμεθα

305 1089 596 1160 γνωρίζειν
625 1088 732 1158 (86)
755 1088 846 1140 τὸν
873 1086 1026 1148 Θεὸν,
1052 1084 1147 1138 καὶ
1172 1084 1290 1147 πῶς
1320 1084 1457 1156 πρὸς
1501 1083 1666 1138 αὑτοῦ
1727 1084 1900 1156 σωθή-

310 1180 537 1234 σεσθαι·
571 1177 1032 1248 ἀποκρινούμεθα,
1069 1164 1152 1229 ϐτι
1188 1176 1372 1239 ἱκανός
1409 1177 1557 1229 ἐστιν
1585 1177 1613 1227 ὁ
1641 1174 1736 1228 τοῦ
1763 1174 1897 1228 Θεοῦ

307 1272 502 1338 Λόγος,
537 1271 825 1340 γενόμενος
853 1270 911 1321 ἐν
927 1271 1046 1331 -τοῖς
1072 1265 1324 1338 ζητοῦσιν
1357 1267 1544 1330 αὑτὸν,
1571 1267 1603 1337 ἢ
1633 1270 1746 1331 τοῖς
1779 1269 1901 1320 ἐπι-

309 1362 631 1432 φαινόμενον
663 1360 822 1412 αὑτὸν
852 1358 1326 1429 παραδεχομένοις,
1355 1359 1617 1428 γνωρίσαι
1641 1360 1735 1412 καὶ
1763 1359 1899 1412 ἀπο-

307 1451 549 1520 καλύψαι
585 1449 676 1502 τὸν
717 1449 956 1519 Πατέρα,
1006 1449 1112 1518 πρὸ
1139 1448 1240 1518 τῆς
1277 1450 1576 1519 παρουσίας
1601 1449 1762 1503 αὑτοῦ
1802 1451 1899 1520 οὐχ

307 1541 608 1612 ὁρώμενον.
649 1538 744 1601 Τίς
783 1538 827 1590 δ’
859 1537 1015 1602 ἀλλος
1060 1538 1231 1592 σῶσαι
1276 1539 1371 1592 καὶ
1415 1541 1782 1608 προσαγαγεῖν
1823 1535 1899 1606 τῷ

310 1632 406 1684 ἐπὶ
435 1633 566 1684 πᾶσι
737 1629 960 1682 δύναται
989 1629 1087 1699 τὴν
1115 1630 1211 1682 τοῦ
1251 1629 1541 1702 ἀνθρώπου
1575 1630 1752 1701 ψυχὴν
1794 1630 1826 1698 ἢ
1869 1629 1888 1682 ἐ

2003 1627 2170 1681 Deum
2201 1627 2495 1695 perducere
2533 1624 2824 1677 humanam
2861 1620 3096 1672 animam
3141 1628 3356 1686 potest,
3411 1633 3571 1685 quam

308 1724 442 1786 Θεὸς
487 1723 698 1788 Λόγος;
755 1722 906 1784 ὅστις
950 1722 1007 1776 ἐν
1037 1722 1177 1793 ἀρχῇ
1223 1722 1360 1792 πρὸς
1402 1723 1494 1776 τὸν
1521 1722 1653 1774 Θεὸν
1681 1721 1776 1783 ὢν,
1809 1721 1888 1773 διὰ

2003 1718 2148 1771 Deus
2176 1715 2452 1771 Verbum?
2498 1713 2589 1781 qui
2645 1727 2768 1766 cum
2816 1721 2960 1765 esset
3019 1709 3072 1762 in
3120 1709 3382 1777 principio
3430 1710 3574 1777 apud

307 1817 437 1878 τοὺς
467 1814 822 1885 κολληθέντας
851 1817 917 1885 τῇ
953 1815 1116 1885 σαρκὶ
1142 1815 1236 1868 καὶ
1268 1813 1588 1884 γενομένους
1616 1813 1727 1883 (87)
1757 1814 1888 1881 ὅπερ

2000 1811 2191 1874 Deum,
2217 1815 2437 1877 propter
2465 1820 2560 1860 eos
2585 1805 2676 1873 qui
2705 1802 2866 1858 carni
2901 1801 3229 1871 agglutinati
3255 1841 3270 1867 ,
3312 1802 3423 1856 imo
3445 1815 3577 1855 caro

2073 991 2162 1046 68.
2202 990 2547 1058 Quapropter
2574 988 2619 1042 si
2650 985 2839 1041 Celsus
2869 1000 2898 1038 a
2929 983 3084 1038 nobis
3109 981 3406 1050 quaesierit,
3436 996 3570 1051 quo-

2001 1084 2162 1138 modo
2201 1082 2370 1136 Deum
2386 1093 2718 1149 cognoscere
2741 1085 3000 1146 putamus
3031 1084 3088 1129 et
3120 1075 3187 1128 ab
3219 1073 3311 1127 illo
3339 1072 3569 1127 salutem

2000 1174 2251 1244 accipere
2277 1211 2292 1237 ,
2327 1168 2779 1240 respondebimus
2808 1166 3042 1221 Verbum
3071 1204 3087 1229 ,
3118 1164 3260 1234 quod
3299 1173 3386 1218 est
3416 1164 3470 1216 in
3503 1163 3571 1216 iis

2000 1265 2093 1334 qui
2117 1265 2291 1334 ipsum
2316 1269 2589 1330 quaerunt,
2617 1267 2713 1313 aut
2739 1260 2937 1329 ipsum,
2969 1272 3090 1312 cum
3123 1271 3184 1312 se
3224 1253 3569 1309 manifestum

2000 1355 2157 1420 facit,
2186 1354 2482 1423 accipiunt,
2508 1350 2760 1406 sulIicere
2787 1348 3120 1404 notilicando
3142 1354 3217 1400 -et
3280 1345 3570 1400 revelaudo

2002 1447 2172 1511 Patri,
2205 1447 2320 1515 qui,
2355 1453 2644 1512 antequam
2677 1441 2915 1497 Verbum
2947 1439 3255 1500 adveniret,
3290 1453 3395 1491 non
3422 1438 3573 1491 vidc-

2002 1540 2182 1592 batur.
2211 1538 2277 1592 Et
2307 1537 2430 1606 quis
2455 1536 2592 1589 alius
2623 1533 2826 1590 salvam
2869 1531 3049 1584 facere
3095 1537 3151 1582 et
3185 1529 3253 1581 ad
3301 1543 3574 1582 summum

311 1905 466 1976 σὰρξ,
499 1906 716 1974 ἐγένετο
749 1905 902 1974 σὰρξ,
939 1905 1025 1958 ἵνα
1057 1904 1276 1975 χωρηθῇ
1309 1905 1413 1957 ὑπὸ
1434 1903 1546 1959 τῶν
1579 1904 1652 1975 μὴ
1671 1903 1894 1975 δυναμέ-

308 2014 415 2071 νων
443 1996 603 2048 αὑτὸν
630 1995 849 2065 βλέπειν
881 1995 1016 2048 καθὸ
1045 1996 1218 2064 Λόγος
1242 1991 1330 2066 ἦν,
1363 1996 1457 2049 καὶ
1492 1995 1630 2068 πρὸς
1665 1996 1795 2049 Θεὸν
1824 1991 1891 2066 ἦν

307 2086 401 2137 καὶ
432 2085 561 2146 Θεὸς
591 2080 658 2156 ἦν
682 2102 695 2116 ’
731 2087 824 2138 καὶ
859 2084 1184 2155 σωματικῶς
1209 2101 1270 2152 γε
1312 2085 1470 2138 λαλού
1479 2103 1656 2155 μενος,
1697 2086 1790 2138 καὶ
1817 2086 1892 2149 ὡς

310 2175 443 2244 σάρξ
474 2175 943 2244 ἀπαγγελλόμενος
973 2176 1106 2246 (88),
1135 2176 1219 2245 ἐφ’
1259 2176 1449 2231 ἑαυτὸν
1472 2177 1626 2230 καλεῖ
1655 2178 1783 2239 τοὺς
1809 2177 1894 2229 ὅν-

303 2279 404 2326 τας
434 2262 637 2333 σάρκα,
675 2263 738 2317 ἵν’
787 2265 986 2326 αὐτοὺς
1033 2265 1235 2337 ποιήσῃ
1283 2265 1496 2335 πρῶτον
1541 2265 1893 2336 μορφωθῆναι

303 2353 445 2406 κατὰ
506 2353 598 2407 τὸν
646 2355 845 2423 Λόγον,
886 2355 975 2408 τὸν
1020 2357 1310 2425 γενόμενον
1364 2357 1561 2427 σάρκα,
1614 2357 1709 2409 καλν
1759 2355 1896 2426 μετὰ

302 2442 460 2495 τοῦτο
493 2444 689 2507 αὐτοὺς
717 2444 1021 2515 ἀναϐιϐάσῃ
1071 2447 1162 2498 ἐπὶ
1192 2446 1252 2498 τὸ
1280 2446 1405 2498 ἰδεῖν
1437 2446 1620 2509 αὑτὸν,
1664 2447 1799 2517 ὅπερ
1825 2441 1894 2516 ἦν

303 2532 434 2603 πρὶν
458 2533 678 2604 γένηται
708 2534 872 2604 σάρξο
905 2534 1046 2588 ὥστε
1100 2536 1316 2598 αὐτοὺς,
1362 2535 1761 2606 ὠφεληθέντας,
1799 2537 1895 2589 καὶ

302 2625 610 2688 ἀναϐάντας
648 2626 756 2680 ἀπὸ
780 2627 879 2695 τῆς
921 2627 1062 2680 κατὰ
1110 2626 1290 2696 σάρκα
1346 2627 1671 2697 εἰσαγωγῆς,
1723 2628 1895 2680 εἰπεῖν

303 2718 387 2779 τὸ,
423 2734 442 2766 ι
483 2717 544 2769 Εἰ
577 2717 670 2768 καὶ
712 2717 946 2787 Χριστόν
985 2733 1116 2770 ποτε
1162 2715 1302 2769 κατὰ
1337 2717 1514 2787 σάρκα
1554 2716 1894 2787 ἐγνώκαμεν,

302 2806 439 2860 ἀλλά
465 2807 558 2860 νῦν
589 2808 689 2860 οὐκ
719 2807 799 2860 ἔτι
848 2808 1206 2878 γινώσκομεν.
1252 2827 1270 2858 ι
1320 2807 1464 2878 Σάρξ
1495 2804 1587 2862 οὖν
1637 2808 1855 2876 ἐγένετο
1878 2826 1890 2838 ·

303 2899 398 2952 καὶ
450 2898 737 2967 γενόμενος
771 2897 906 2968 σάρξ
943 2917 960 2947 ι
1002 2899 1312 2968 ἐσκήνωσεν
1339 2899 1398 2951 ἐν
1424 2902 1574 2968 ἡμῖν,
1609 2918 1627 2949 ι
1661 2899 1760 2951 οὐκ
1792 2898 1896 2963 ἔξω

306 2988 587 3058 γινόμενος
611 2988 790 3059 ήμῶν.
824 2988 1116 3060 Σκηνώσας
1133 2989 1191 3042 δὲ
1216 2991 1310 3042 καὶ
1339 2990 1628 3059 γενόμενος
1652 2991 1710 3042 ἐν
1742 2993 1892 3060 ἡμῖν,

301 3079 401 3132 οὐκ
431 3079 642 3149 ἔμεινεν
671 3081 763 3132 ἐπὶ
802 3081 899 3149 τῆς
929 3077 1152 3150 πρώτης
1195 3079 1427 3150 μορφῆς,
1464 3077 1578 3131 ἀλλ’
1631 3079 1895 3140 ἀναϐιϐά,

1999 1911 2148 1965 sunt,
2180 1900 2356 1954 factus
2385 1907 2469 1953 est
2500 1911 2653 1960 caro,
2680 1904 2737 1948 ut
2768 1893 3016 1962 capiatur
3042 1893 3110 1948 ab
3153 1893 3234 1948 eis
3266 1894 3360 1962 qui
3392 1893 3575 1946 videre

2002 1994 2177 2064 ipsum
2234 2008 2340 2045 non
2395 2000 2671 2060 poterant,
2722 1994 2990 2056 quatenus
3025 1987 3266 2042 Verbum
3321 1995 3461 2054 erat,
3519 1995 3577 2040 et

2001 2082 2141 2151 apud
2173 2082 2338 2135 Deum
2376 2089 2513 2144 erat,
2549 2088 2606 2133 et
2631 2081 2771 2134 Deus
2802 2089 2954 2144 erat;
2999 2079 3092 2147 qui
3137 2091 3268 2132 voce
3315 2091 3576 2146 corporea

2003 2190 2133 2229 usus
2179 2182 2235 2228 et
2282 2182 2338 2227 ut
2369 2187 2495 2227 caro
2543 2172 2848 2241 praedicans
2877 2212 2892 2235 ,
2937 2187 3031 2226 eos
3074 2173 3142 2225 ad
3191 2185 3248 2225 se
3278 2178 3436 2225 vocat
3480 2169 3576 2236 qui

2002 2280 2134 2320 caro
2187 2271 2350 2328 sunt,
2404 2270 2464 2315 ut
2506 2277 2635 2324 eos,
2694 2261 2928 2330 primum
2975 2260 3188 2324 Verbo,
3257 2260 3399 2327 quod
3448 2274 3578 2314 caro

2004 2357 2210 2410 factum
2241 2363 2345 2418 est,
2376 2351 2686 2408 conl‘ormes
2737 2350 2954 2415 reddat,
3003 2351 3200 2404 deinde
3246 2349 3460 2403 attollat
3510 2351 3578 2403 ad

2004 2449 2290 2502 videndum
2344 2448 2554 2514 ipsum,
2609 2444 2913 2514 cujusmodi
2967 2451 3085 2498 erat
3127 2451 3418 2512 antequam
3444 2457 3578 2497 caro

2003 2543 2200 2608 ﬁeret;
2229 2543 2303 2596 ita
2335 2549 2394 2594 ut
2432 2540 2691 2596 meliores
2726 2539 2854 2592 facti
2892 2546 2947 2591 et
2988 2552 3149 2606 supra
3194 2537 3333 2590 hanc
3376 2552 3576 2591 secun-

2003 2637 2130 2688 dum
2156 2647 2378 2686 carnem
2411 2630 2869 2685 iutroductionem
2907 2629 3098 2692 evecti,
3143 2630 3325 2683 dicant
3358 2647 3370 2681 :
3410 2649 3427 2679 ι
3463 2629 3575 2682 Etsi

2004 2723 2296 2792 aliquando
2318 2720 2598 2776 Christum
2618 2727 2916 2774 secundum
2947 2735 3165 2775 carnem
3197 2721 3571 2790 cognovimus,

2004 2813 2096 2871 sed
2124 2831 2267 2870 nunc
2289 2815 2400 2885 jam
2434 2829 2542 2868 non
2575 2813 2912 2869 novimus“.
2951 2833 2969 2866 ι
3006 2813 3146 2869 Caro
3195 2813 3359 2882 igitur
3393 2811 3573 2867 factus

2003 2919 2110 2971 est,
2143 2918 2197 2962 et
2233 2907 2407 2960 factus
2454 2919 2583 2959 caro
2612 2923 2630 2956 ι
2665 2906 2930 2958 habitavit
2975 2906 3028 2958 in
3074 2906 3231 2959 nobis
3251 2905 3318 2967 ",
3377 2925 3395 2956 ι
3463 2919 3572 2958 non

2003 3007 2159 3053 extra
2181 3011 2276 3050 nos
2311 2995 2508 3049 factus.
2539 2995 2799 3049 llabitans
2825 3005 3001 3048 autem
3029 3005 3082 3048 et
3103 2995 3277 3049 factus
3305 2996 3357 3047 in
3396 2994 3576 3058 nobis,

2005 3087 2060 3140 in
2092 3086 2265 3154 prima
2293 3098 2390 3137 sua
2421 3083 2594 3137 forma
2642 3097 2748 3136 non
2790 3082 3124 3149 permansit,
3175 3081 3269 3136 sed
3322 3082 3476 3135 nobis
3523 3083 3578 3135 in

304 3189 401 3234 σας
422 3172 569 3241 ἡμᾶς
598 3173 689 3223 ἐπὶ
716 3171 777 3222 τὸ
802 3171 1016 3239 λογικὸν
1070 3169 1271 3238 ὑψηλὸν
1328 3169 1452 3240 ὅρος
1471 3209 1486 3234 ,
1537 3168 1734 3233 ἔδειξεν
1761 3171 1888 3240 ήμῖν

2003 3183 2244 3230 montem
2275 3173 2550 3228 excelsum
2583 3187 2814 3240 eumque
2838 3172 3132 3240 spiritalem
3159 3172 3438 3241 perductis
3463 3171 3580 3240 glo-

300 3265 399 3334 τὴν
429 3263 634 3327 ἔνδοξον
666 3263 877 3334 μορφὴν
912 3260 1127 3325 ἐαυτοῦ,
1151 3261 1245 3314 καὶ
1268 3261 1368 3330 τὴν
1397 3259 1756 3330 λαμπρότητα
1783 3259 1890 3313 τῶν

301 3353 614 3424 ἐνδυμάτων
649 3353 834 3405 αὐτοῦ’
873 3353 966 3406 καὶ
996 3354 1094 3421 οὐχ
1123 3351 1314 3404 ἐαυτοῦ
1343 3369 1406 3419 γε
1432 3351 1615 3419 μόνου,
1641 3351 1775 3404 ἀλλὰ
1798 3353 1892 3404 καὶ

301 3444 396 3497 τοῦ
425 3442 790 3512 πνευματικοῦ
819 3444 1003 3512 νόμου,
1031 3443 1089 3505 ὃς
1118 3443 1263 3494 ἐστιν
1291 3442 1348 3495 ἐν
1376 3441 1501 3512 δόξῃ
1532 3441 1717 3510 ὀφθεὶς
1752 3441 1890 3512 μετὰ

315 3535 487 3605 Ἰησοῦ
523 3534 763 3605 Μωῦσῆς
783 3553 795 3564 ·
822 3533 984 3597 ἔδειξε
1007 3534 1051 3586 δ’
1076 3534 1206 3604 ἡμῖν
1233 3533 1326 3586 καὶ
1350 3534 1529 3585 πᾶσαν
1552 3519 1891 3602 προφητείαν

300 3620 434 3679 οὐδὲ
476 3625 614 3698 μετά
655 3626 717 3678 τὸ
770 3624 1188 3696 ἐνανθρωπῆσαι
1241 3622 1709 3693 ἀποθνήσκουσαν,
1771 3623 1884 3675 ἀλλ⁹

300 3717 814 3787 ἀναλαμϐανομένην
851 3717 930 3778 εἰς
965 3715 1193 3787 οὐρανὸν
1214 3754 1228 3778 ,
1264 3711 1333 3787 ἧς
1387 3713 1651 3784 σύμϐολον
1699 3712 1884 3776 Ἠλίας

297 3801 385 3876 ἦν.
427 3807 482 3859 '0
501 3806 556 3859 δὲ
577 3806 747 3859 ταῦτα
777 3805 1057 3881 θεωρήσας
1080 3805 1223 3858 εἴποι
1247 3804 1313 3858 ἂν
1343 3808 1424 3869 τὸ,
1449 3825 1466 3856 ι
1513 3804 1884 3874 Ἐθεασάμεθα

296 3895 392 3967 τὴν
417 3895 572 3960 δόξαν
601 3896 784 3959 αὐτοῦ,
820 3894 974 3960 δόξαν
1007 3897 1080 3959 ὡς
1114 3896 1430 3966 μονογενοῦς
1470 3896 1616 3967 παρά
1645 3897 1877 3966 Πατρός

299 3987 510 4057 πλήρης
540 3987 760 4058 χάριτος
789 3988 884 4040 καὶ
911 3986 1185 4056 ἀληθείας.
1225 4007 1243 4038 ι
1271 3988 1476 4050 Κέλσος
1508 3987 1605 4056 μὲν
1621 3983 1712 4040 οὖν
1742 3988 1880 4041 ἰδιω-

295 4076 588 4146 τικώτερον
618 4077 919 4130 ἀνέπλασεν
958 4078 992 4130 δι
1030 4077 1198 4130 οἴεται
1236 4080 1380 4148 ἡμᾶς
1425 4077 1595 4142 λέξειν
1644 4081 1780 4149 πρὸς
1819 4079 1880 4132 τὸ

297 4167 486 4237 πύσμα
524 4167 717 4220 αὐτοῦ’
767 4186 786 4217 ι
831 4167 954 4229 Πῶς
1000 4168 1220 4237 οἰόμεθα
1257 4169 1542 4237 γνωρίσειν
1576 4169 1666 4220 τὸν
1706 4169 1874 4236 Θεόν;

297 4258 389 4312 καὶ
418 4257 536 4321 πῶς
570 4258 904 4328 σωθήσεσθαι
924 4259 1060 4328 πρὸς
1085 4259 1247 4312 αὑτοῦ
1279 4260 1385 4331 (89)
1411 4277 1425 4326 ;
1457 4263 1614 4331 ἡμεῖς
1635 4262 1691 4314 δὲ
1714 4263 1878 4316 εἴποι-

299 4364 398 4418 μεν
426 4348 490 4401 ἂν
520 4347 589 4401 τὰ
620 4350 1039 4418 προεκκείμενα.

367 4439 513 4510 Πλήν
577 4455 739 4509 φησιν
800 4441 828 4491 ὁ
873 4439 1080 4502 Κέλσος
1152 4441 1297 4510 ἡμᾶς
1349 4441 1736 4512 ἀποκρίνεσθαι
1795 4444 1872 4496 εἱ-

2001 3267 2202 3319 riosam
2257 3277 2420 3318 suam
2471 3264 2703 3317 formam
2755 3265 3314 3331 vestimentorumque
3349 3277 3574 3316 suorum

2000 3357 2342 3426 splendorem
2375 3354 2679 3410 ostendit“
2721 3366 2736 3407 :
2780 3369 2958 3421 neque
3007 3354 3090 3408 sui
3131 3354 3301 3408 solius
3333 3353 3580 3424 splendo-

2000 3464 2112 3503 rem
2138 3447 2392 3513 ostendit,
2426 3449 2518 3502 sed
2547 3446 2711 3500 etiam
2740 3445 3003 3513 spiritalis
3029 3445 3185 3512 legis,
3227 3459 3390 3513 quam
3417 3443 3571 3514 Moy-

1997 3555 2086 3596 ses
2120 3541 2173 3593 in
2204 3538 2372 3609 gloria
2411 3552 2531 3591 cum
2559 3532 2687 3588 Jesn
2723 3537 2876 3588 visus
2925 3535 3382 3602 repraesentabat;
3416 3549 3576 3588 mon-

1994 3631 2189 3687 stravit
2239 3638 2500 3700 praeterea
2559 3640 2777 3680 omnem
2829 3625 3219 3693 pr0phetiam,
3275 3641 3396 3694 qua:
3460 3641 3570 3680 non

1993 3728 2206 3773 mortua
2223 3727 2306 3774 est
2332 3727 2620 3787 postquam
2644 3714 2823 3768 factus
2842 3714 3004 3768 homo
3028 3724 3132 3779 est,
3158 3717 3253 3770 sed
3293 3716 3345 3768 in
3374 3715 3574 3770 cmlum

1993 3810 2206 3865 sublata
2235 3818 2340 3875 est,
2374 3808 2642 3876 cujusque
2670 3805 2820 3861 Elias
2845 3807 3015 3876 ﬁgura
3044 3815 3184 3863 erat.
3223 3805 3317 3860 llis
3340 3821 3575 3876 conspe-

1991 3899 2120 3961 ctis,
2157 3896 2341 3950 dicere
2369 3896 2492 3963 quis
2533 3895 2747 3964 possit:
2790 3913 2810 3944 (
2842 3893 3094 3951 Vidimus
3142 3896 3371 3965 gloriam
3417 3895 3569 3964 ejus,

1990 3989 2212 4058 gloriam
2227 3986 2379 4056 quasi
2398 3985 2656 4055 nnigeniti
2671 4000 2701 4039 a
2720 3985 2901 4052 Patre,
2922 3988 3136 4056 plenum
3155 3988 3342 4057 gratia:
3361 3996 3414 4040 et
3431 3988 3574 4040 veri'

1989 4077 2225 4132 tatis"?»
2248 4078 2428 4146 Inepte
2446 4076 2806 4146 igiturCelsus
2825 4080 3089 4132 conﬁnxit
3106 4094 3224 4148 quae
3242 4093 3339 4131 nos
3357 4091 3573 4145 respon.

1987 4188 2147 4229 suros
2167 4174 2446 4228 existimat
2468 4173 2534 4228 ad
2551 4187 2702 4226 suam
2728 4174 3234 4242 interrogationem,
3260 4192 3278 4225 ι
3301 4174 3574 4240 quomodo

1987 4281 2319 4336 cognoscere
2342 4267 2507 4319 Deum
2535 4277 2787 4336 putemus
2811 4276 2866 4321 et
2888 4267 2954 4318 ab
2981 4264 3072 4317 illo
3103 4263 3327 4317 salutem
3359 4262 3573 4326 accipe-

1989 4356 2072 4411 re?
2091 4355 2227 4410 »Νοε
2242 4369 2422 4410 autem
2440 4373 2560 4425 qua:
2577 4357 2735 4410 modo
2746 4355 2989 4426 exposita
3012 4363 3138 4408 sunt
3154 4353 3566 4424 respondemus.

2063 4444 2151 4500 69.
2195 4446 2582 4502 Verumtamen
2622 4446 2858 4500 aﬂirmat
2900 4445 3090 4498 Celsus
3135 4459 3237 4498 nos
3281 4443 3570 4497 verisimili

297 4530 412 4584 κότι
445 4508 755 4602 στοχασμῷ,
786 4531 1062 4602 ὁμολογῶν
1085 4508 1420 4603 ἀναγράφειν
1456 4508 1610 4604 ἡμῶν
1632 4534 1728 4604 τὴν
1750 4534 1886 4588 ἀπό·

2000 4535 2310 4603 conjectnra
2338 4537 2704 4606 respondere,
2749 4545 2803 4613 et
2842 4535 2943 4604 ipsi
2992 4535 3166 4589 visum
3202 4542 3286 4589 est
3323 4542 3570 4588 nostram

297 4639 473 4693 κρίσιν
504 4621 676 4684 οὕτως
698 4621 944 4691 ἔχουσαν·
975 4639 994 4671 ‹
1043 4621 1260 4691 Ἐπειδὴ
1295 4622 1465 4692 μέγας
1497 4624 1612 4675 ἐστὶ
1631 4625 1724 4676 καὶ
1753 4624 1881 4677 δυσυ

298 4710 568 4782 θεώρητος
602 4714 629 4765 ό
659 4711 814 4775 Θεὸς,
875 4711 1090 4781 πνεῦμα
1147 4710 1275 4765 ἴδιον
1324 4711 1576 4782 ἐμϐαλὼν
1604 4714 1685 4775 είς
1723 4712 1882 4783 σῶμα

298 4801 427 4870 ἡμῖν
452 4803 634 4871 ὅμοιον
680 4802 837 4872 δεῦρο
876 4802 1224 4872 κατέπεμψεν
1249 4842 1264 4865 ,
1301 4803 1376 4866 ὼς
1417 4802 1478 4856 Ξιν
1525 4803 1883 4874 δυνηθείημεν

297 4890 524 4944 ἀκοῦσαι
564 4895 693 4964 παρ’
725 4894 889 4948 αὑτοῦ
918 4897 1011 4948 καὶ
1039 4894 1250 4965 μαθεῖν.
1284 4915 1302 4944 ι
1337 4895 1410 4948 Οὐ
1445 4895 1603 4965 μόνος
1628 4895 1684 4948 δὲ
1709 4896 1882 4965 μέγας

297 4982 417 5039 καθ’
448 4985 593 5054 ἡμᾶς
620 4986 766 5038 ἐστιν
802 4989 830 5040 ὁ
867 4987 976 5040 τῶν
1008 4987 1144 5041 ὅλων
1168 4988 1300 5052 Θεὸς
1335 4989 1428 5041 καὶ
1461 4989 1649 5059 Πατήρ
1670 5005 1683 5018 °
1723 4990 1882 5058 μετέ-

299 5075 435 5128 δωκε
459 5074 566 5146 γὰρ
598 5076 786 5130 ἐαυτοῦ
815 5079 908 5131 καὶ
931 5080 1032 5149 τῆς
1065 5079 1474 5152 μεγαλειότητος
1496 5081 1571 5151 τῷ
1592 5083 1886 5149 Μονογενεῖ

304 5167 396 5221 καὶ
445 5168 781 5239 Πρωτοτόκῳ
831 5169 1010 5240 πάσης
1043 5171 1265 5235 κτίσεως
1292 5190 1305 5202 ·
1358 5173 1445 5235 ἵν’,
1503 5171 1666 5226 εἰκὼν
1721 5172 1884 5236 αὐτὸς

1992 4628 2401 4696 responsionem
2434 4627 2638 4681 referre
2674 4627 2759 4680 his
2784 4627 2963 4680 verbis
3015 4642 3027 4678 :
3060 4642 3079 4676 ι
3127 4625 3398 4690 Quoniam
3453 4639 3571 4676 ma-

1991 4731 2127 4787 gnus
2149 4726 2233 4772 est
2269 4726 2323 4772 et
2354 4719 2725 4788 contemplatu
2775 4716 3011 4772 difﬁcilis
3045 4717 3188 4771 Deus
3213 4759 3228 4784 ,
3281 4716 3568 4785 proprium

1988 4809 2238 4878 spiritum
2267 4809 2320 4862 in
2353 4823 2550 4879 corpus
2581 4820 2768 4870 nostro
2798 4807 2977 4862 simile
3004 4807 3297 4862 infundens
3323 4806 3428 4860 huc
3460 4804 3567 4858 mi-

1989 4901 2083 4965 sit,
2121 4909 2180 4954 ut
2211 4900 2358 4954 illum
2390 4901 2580 4954 audire
2623 4910 2677 4954 et
2723 4901 2790 4955 ab
2834 4899 2924 4953 illo
2963 4900 3150 4954 doceri
3208 4913 3508 4967 possemus.
3543 4916 3564 4950 ι

1993 4991 2062 5043 At
2095 4999 2282 5044 nostra
2313 4991 2587 5045 sententia
2614 5003 2723 5044 non
2758 4999 2842 5044 est
2869 4989 3046 5044 solum
3087 5003 3270 5044 rerum
3322 4989 3567 5043 omnium

1993 5081 2158 5135 Deum
2185 5097 2249 5136 ac
2269 5081 2478 5136 Patrem
2503 5094 2622 5136 esse
2644 5095 2896 5150 magnum
2937 5093 2952 5133 :
2979 5095 3088 5136 suae
3113 5081 3256 5134 enim
3290 5078 3565 5148 magnitu-

1991 5172 2134 5228 dinis
2161 5173 2480 5242 participem
2519 5173 2650 5229 fecit
2680 5171 3030 5244 Unigenitum
3059 5179 3114 5227 et
3140 5169 3565 5238 Primogcnltum

365 5350 414 5386 “
439 5349 572 5406 Luc.
602 5365 756 5419 xvm,
787 5350 876 5406 '58.
949 5351 997 5382 δ’
1026 5350 1065 5405 ll
1098 5350 1222 5409 Cor.
1249 5368 1304 5418 ν,
1335 5353 1421 5407 lti.
1517 5353 1563 5385 ⁸⁸
1592 5351 1750 5409 Joan.
1795 5371 1849 5419 ι,
1884 5374 1888 5383 ι

2066 5353 2112 5386 ⁵⁸
2141 5353 2331 5408 Matth.
2363 5319 2498 5422 xvii,
2529 5356 2552 5409 1
2589 5363 2644 5412 et
2676 5367 2831 5426 seqq.
2905 5351 2948 5385 δ’
2981 5350 3141 5407 Joan.
3167 5365 3205 5415 ι,
3240 5350 3323 5403 14.

369 5501 480 5578 (86)
515 5504 853 5578 Γνωρίζείιν.
879 5504 1196 5578 Boherellus
1241 5504 1370 5578 legit
1423 5506 1730 5578 vaptcstv.
1774 5505 1879 5578 lbi-

300 5574 416 5633 dem
457 5574 614 5648 codd.
644 5574 849 5648 Regius
881 5585 935 5629 et
964 5574 1317 5648 Dasilcensis,
1343 5575 1482 5648 πρὸς
1513 5574 1679 5648 αὐτοῦ
1698 5574 1873 5648 σωθή-

302 5648 506 5716 σεσθαι.
538 5646 691 5702 Libb.
716 5645 870 5712 clliti,
896 5645 1032 5716 πρὸς
1063 5645 1222 5716 αὑτὸν
1257 5645 1616 5716 σωθήσεσθαι.

374 5715 484 5788 (87)
543 5717 710 5774 Codd.
773 5717 907 5788 Reg.
944 5713 1014 5772 ὀι
1070 5713 1261 5784 Basil.,
1317 5713 1658 5788 γενομένους.
1706 5715 1864 5772 ωω).

1985 5506 2067 5562 edi
2079 5508 2137 5578 ti,
2171 5507 2500 5578 γενομένοις.

2055 5577 2164 5647 (88)
2182 5569 2387 5647 'lide'nr
2410 5569 2571 5647 codd.
2630 5589 2787 5641 mss.,
2840 5569 3340 5646 ἀπαγγδλριιεοδος.
3389 5573 3550 5636 Libh.

1981 5645 2131 5707 cdi’ti,
2145 5645 2188 5699 ὴὲ
2198 5645 2653 5714 παγγελλόμενος.

2049 5714 2160 5789 (89)
2201 5711 2350 5783 ussg,
2383 5711 2567 5772 αὐτοῦ.
2606 5713 2762 5773 Libb.
2791 5720 2947 5770 antea
2971 5711 3124 5780 cditi,
3159 5713 3339 5768 αὐτόν.
3396 5781 3407 5796 κ
