3990 6158
523 277 664 334 1403

1975 285 2295 342 ORIGENIS

3684 305 3800 359 140
3815 307 3842 360 Ι»

525 399 705 452 omnis
734 408 1004 455 creaturae
1033 417 1045 466 ;
1077 409 1152 469 ut,
1190 401 1280 470 qui
1323 403 1498 475 imago
1535 415 1616 461 est
1646 407 1932 462 invisibilis
1982 408 2048 462 De

2155 408 2484 479 [τυγχάνων
2535 409 2628 464 τοῦ
2677 411 2906 484 ἀοράτου
2966 415 3138 483 Θεοῦ,
3170 421 3288 481 ¹καὶ
3343 421 3402 472 ὲν
3452 421 3532 492 τῷ
3589 423 3836 490 μεγέθει

521 490 567 543 is
622 490 786 544 etiam
833 494 1204 562 magnitudine
1255 495 1438 551 Patris
1492 497 1781 569 imaginem
1841 500 2090 555 referret.

517 580 659 634 Fieri
683 582 825 634 enim
847 598 951 636 non
981 593 1188 652 poterat
1220 595 1275 640 ut
1298 588 1722 660 pulchraimago
1739 601 1883 645 esset
1914 592 2094 648 etDeo

512 667 679 740 635
709 669 962 724 invisibili
989 674 1360 742 responderet,
1395 691 1513 743 qua:
1535 679 1927 746 magnitudinis
1954 679 2091 732 ima-

514 761 692 827 ginem
733 775 837 816 non
882 765 1172 830 prteberet.
1227 764 1498 821 Praeterea
1546 783 1834 823 censemus
1868 769 2088 838 quidem

516 851 702 916 Deum,
734 854 856 921 quia
886 857 1133 923 corporis
1175 872 1375 926 expers
1412 869 1516 925 est,
1561 861 1890 916 invisibilem
1919 877 2038 918 esse
2069 883 2084 930 ;

509 943 866 999 nihilominus
897 936 1245 1012 tamencum,
1289 950 1378 1015 qui
1423 955 1868 1023 contemplationi
1917 958 2082 1012 dediti

505 1043 655 1100 sunt,
709 1046 937 1104 possunt
988 1040 1176 1102 corde,
1225 1039 1276 1092 id
1338 1053 1425 1096 εει
1469 1044 1650 1098 animo
1706 1049 2079 1117 contemplari,

502 1126 687 1190 corde,
712 1127 957 1194 inquam,
980 1144 1087 1182 non
1111 1129 1497 1201 qualicunque,
1520 1135 1612 1188 sed
1631 1149 1789 1204 puro.
1811 1137 1915 1193 Cor
1938 1140 2079 1192 enim

501 1217 933 1271 contaminatum
995 1219 1160 1274 Deum
1211 1223 1570 1292 contemplari
1617 1241 1724 1281 non
1778 1237 1954 1297 potest
1984 1247 1998 1284 :
2027 1238 2080 1284 et

499 1315 716 1374 oportet
755 1323 948 1375 purum
1001 1325 1146 1372 esse,
1195 1316 1337 1382 quod
1394 1325 1644 1371 naturam
1709 1320 1842 1373 adeo
1886 1336 2077 1390 puram

499 1396 660 1466 digne
691 1397 1044 1466 contemplari
1080 1412 1261 1470 queat.
1299 1403 1430 1459 Esto
1464 1420 1596 1461 vero
1640 1406 1709 1461 sit
1752 1405 1896 1460 Dens
1945 1424 2077 1462 con-

498 1492 758 1561 templatu
788 1494 1046 1560 dillicilis,
1075 1505 1131 1550 at
1161 1513 1266 1552 non
1299 1498 1468 1553 solus.
1501 1498 1633 1553 Nam
1660 1501 1778 1570 ejus
1811 1498 2075 1570 Uuigeni-

496 1591 605 1645 tus,
642 1583 784 1637 Deus
813 1585 1072 1650 Verbum,
1105 1597 1188 1643 est
1215 1590 1381 1644 etiam
1410 1591 1781 1659 contemplatu
1815 1589 2068 1658 dillicilis,

493 1674 638 1727 sicut
669 1684 724 1727 ct
749 1677 1017 1744 sapientia
1063 1679 1113 1732 in
1149 1694 1252 1748 qua
1293 1682 1477 1735 omnia
1505 1683 1658 1735 Deus‘
1692 1680 1845 1736 fecit.
1872 1682 2072 1751 Ecquis

492 1765 635 1818 enim
665 1766 715 1818 in
750 1767 911 1821 rebus
940 1771 1193 1826 oumibus
1237 1773 1601 1841 contemplari
1639 1781 1816 1840 potest
1849 1775 2070 1842 sapien-

2203 500 2352 574 σώζῃ
2381 502 2482 574 τὴν
2515 505 2699 560 εἰκόνα
2729 506 2825 559 τοῦ
2869 509 3105 580 Πατρός.
3147 512 3224 564 Οὐ
3255 512 3363 584 γὰρ
3403 512 3515 569 οἷόν
3545 517 3598 567 τ’
3632 507 3712 582 ἦν
3742 519 3829 570 εἷ-

2199 610 2285 646 ναι
2318 594 2652 667 σύμμετρον,
2677 599 2744 651 ἵν’
2776 598 2950 665 οὕτως
2977 603 3252 674 ὀνομάσω,
3283 608 3379 659 καὶ
3405 609 3587 679 καλὴν
3621 611 3827 666 εἰκόνα

2195 684 2287 737 τοῦ
2317 687 2547 760 ἀοράτου
2578 689 2735 755 Θέοῦ,
2771 692 2846 764 μὴ
2879 694 2973 746 καὶ
3009 696 3100 748 τοῦ
3161 700 3423 768 μεγέθους
3453 707 3826 772 παριστᾶσιν

2191 774 2291 848 τὴν
2323 779 2523 833 εἰκόνα.
2559 782 2720 835 Ἀλλὰ
2744 785 2837 836 καὶ
2869 788 2898 837 6
2924 786 3056 851 Θεὸς
3099 789 3219 843 καθ’
3270 793 3418 862 ἡμᾶς
3451 793 3530 863 τῷ
3584 796 3696 864 μὲν
3738 799 3818 867 μὴ

2189 862 2330 920 εἶναι
2371 870 2528 941 σῶμα
2559 873 2792 944 ἀόρατός
2817 878 2964 930 ἐστιν
2989 896 3002 908 ·
3051 883 3165 944 τοῖς
3189 880 3244 934 δὲ
3269 882 3634 954 θεωρητικοῖς
3665 904 3814 958 καρ-

2190 958 2279 1030 δίᾳ
2331 960 2624 1034 θεωρητὸς,
2677 969 2926 1023 τουτέστι
2976 970 3078 1041 νῷ·
3117 974 3313 1045 καρδίᾳ
3364 975 3420 1027 δὲ
3462 978 3524 1028 οὐ
3570 981 3642 1048 τῇ
3717 997 3812 1032 τυ-

2186 1050 2393 1122 χούσῃ,
2434 1054 2569 1108 ἀλλὰ
2605 1059 2672 1127 τῇ
2713 1059 2963 1132 καθαρᾷ·
2993 1063 3054 1114 οὐ
3093 1063 3202 1134 γὰρ
3251 1064 3406 1135 θέμις
3441 1067 3813 1138 μεμολυσμέ·

2184 1157 2281 1212 νην
2313 1145 2539 1215 καρδίαν
2560 1149 2749 1220 ἐνορᾷν
2770 1152 2908 1222 Θεῷ,
2937 1153 3072 1208 ἀλλὰ
3093 1155 3174 1208 δεῖ
3192 1155 3429 1227 καθαρὸν
3453 1157 3600 1212 εἶναι
3617 1162 3685 1212 τὸ
3710 1161 3810 1216 τοῦ

2183 1235 2426 1307 καθαροῦ
2479 1243 2597 1293 κατ’
2627 1241 2780 1306 ἀξίαν
2820 1245 3172 1319 θεωρητικόν.
3227 1250 3405 1302 Ἔστω
3429 1251 3493 1323 δὴ
3527 1253 3631 1305 καὶ
3669 1254 3802 1306 δυσ-

2184 1323 2694 1396 θεώρητοςδΘεόςο
2755 1332 2870 1386 ἀλλ’
2913 1336 2974 1388 οὐ
3027 1337 3187 1406 μόνος
3231 1338 3616 1411 δυσθεώρητός
3678 1345 3818 1401 ὲστίι

2179 1433 2322 1484 τινι,
2386 1420 2520 1474 ἀλλὰ
2565 1426 2658 1477 καὶ
2713 1427 2742 1478 6
2796 1428 3106 1497 Μονογενὴς
3157 1431 3338 1483 αὑτοῦ.
3392 1433 3799 1504 Δυσθεώρητος

2178 1508 2289 1579 γὰρ
2340 1513 2368 1563 6
2421 1511 2554 1577 Θεὸς
2595 1515 2767 1583 Λόγος
2793 1555 2808 1580 ,
2867 1519 3242 1591 δυσθεώρητος
3288 1523 3344 1574 δὲ
3403 1524 3610 1578 οὑτωσὶ
3674 1525 3792 1594 (911)

2179 1601 2272 1652 καὶ
2343 1603 2504 1672 σοφία
2565 1606 2751 1673 ἐστὶν,
2810 1609 2866 1661 ἐν
3016 1610 3084 1663 τὰ
3154 1613 3330 1666 πάντα
3398 1615 3713 1686 πεποίηκεν
3759 1620 3790 1671 6

2178 1691 2308 1756 Θεός
2335 1710 2348 1723 ο
2407 1695 2489 1759 τίς
2521 1697 2629 1770 γὰρ
2673 1698 2893 1754 δύναται
2942 1703 3066 1754 καθ’
3120 1702 3349 1759 ἕκαστον
3397 1706 3506 1759 τῶν
3557 1708 3789 1762 πάντων

2179 1785 2275 1854 τὴν
2331 1789 2542 1857 σοφίαν,
2593 1793 2651 1844 ὲν
2779 1795 2806 1846 6
2843 1794 2974 1859 Θεὸς
3004 1798 3097 1850 καὶ
3135 1798 3362 1853 ἕκαστον
3404 1800 3514 1853 τῶν
3555 1803 3788 1856 πάντων

493 1855 622 1906 tiam
655 1855 707 1908 in
757 1871 862 1926 qua
907 1857 1049 1913 Deus
1109 1859 1239 1915 fecit
1290 1876 1376 1916 res
1427 1863 1716 1930 singulas?
1751 1862 1865 1917 Non
1901 1864 2048 1932 igitu:

2176 1878 2463 1950 πεποίηκε,
2484 1881 2788 1954 θεωρῆσαι;
2811 1889 2885 1939 Οὐ
2907 1887 2994 1942 διὰ
3012 1889 3070 1941 τὸ
3085 1889 3458 1962 δυσθεώρητος
3472 1890 3567 1948 οῦν
3594 1898 3626 1948 ὀ
3649 1896 3784 1961 Θεὸς

493 1945 656 2010 Deus,
687 1948 814 2016 quia
845 1952 1212 2022 contemplatu
1241 1953 1478 2009 difficilis
1503 1966 1644 2018 erat,
1677 1955 1884 2010 idcirco
1922 1955 2069 2010 misit

489 2036 710 2104 Filium,
736 2043 892 2110 quasi
921 2043 968 2097 is
994 2055 1139 2100 esset
1161 2044 1306 2102 Deus
1331 2047 1695 2116 contemplatu
1719 2048 1912 2102 facilis.
1937 2048 2068 2114 Quae

485 2131 708 2198 quidem
740 2147 844 2186 non
877 2135 1246 2191 consideravit
1292 2137 1505 2202 Celsus,
1550 2154 1671 2192 cum
1714 2155 1812 2194 nos
1859 2139 2068 2194 inducit

484 2240 768 2296 dicentes:
803 2261 822 2295 ι
843 2243 1108 2310 Quoniam
1131 2255 1213 2301 est
1235 2249 1604 2316 contemplatu
1635 2250 1869 2306 dillicilis
1893 2253 2058 2318 Dens,

483 2329 758 2398 proprium
794 2333 1046 2402 spiritum
1081 2337 1132 2389 in
1174 2351 1373 2406 corpus
1421 2349 1615 2393 nostro
1654 2340 1830 2394 simile
1878 2338 2059 2394 infun-

481 2420 743 2478 tleushuc
792 2425 958 2491 misit,
1013 2437 1070 2482 ut
1099 2429 1247 2483 illum
1292 2434 1481 2486 audire
1533 2442 1586 2486 et
1633 2432 1703 2486 ab
1735 2431 1827 2486 illo
1874 2433 2056 2488 doceri

479 2525 784 2580 possemus.
823 2538 841 2569 ι
884 2517 1016 2584 Sed,
1072 2531 1130 2574 ut
1183 2537 1345 2591 supra
1407 2524 1608 2578 dictum
1673 2533 1787 2588 est,
1840 2525 2055 2579 tametsi

476 2604 648 2664 Filius
693 2612 857 2666 etiam
917 2625 1063 2669 esset
1115 2619 1484 2689 contemplatu
1535 2617 1803 2684 difﬁcilis,
1867 2627 2056 2690 utpote

476 2702 654 2757 minus
675 2702 944 2763 habitavit
969 2707 1023 2762 in
1057 2707 1214 2765 nobis
1242 2710 1306 2764 ⁸⁸.

546 2819 632 2874 70.
662 2819 780 2874 Jam
813 2822 856 2876 si
881 2821 1072 2878 Celsus
1094 2839 1155 2880 ea
1182 2841 1303 2893 quae
1332 2828 1398 2881 de
1426 2827 1632 2897 Spiritu
1669 2829 1761 2884 Dei
1816 2829 2050 2884 dicimus

471 2909 848 2981 intellexisset,
898 2923 952 2968 et
995 2933 1013 2966 ι
1057 2917 1373 2984 quicunque
1419 2920 1611 2988 spiritu
1648 2921 1743 2975 Dei
1787 2933 2045 2992 aguntur,

470 3016 564 3056 eos
589 3018 710 3058 esse
740 3003 882 3057 ﬁlius
913 3004 1006 3059 Dei
1031 3005 1075 3038 ‘9
1102 3023 1117 3072 ;
1158 3025 1176 3057 ι
1219 3024 1326 3062 non
1359 3010 1498 3063 istud
1528 3012 1630 3066 sibi
1681 3015 2050 3084 respondisset

471 3093 628 3156 quasi
683 3108 752 3146 ex
807 3095 962 3149 nobis
1008 3107 1333 3164 sumptum:
1386 3119 1404 3150 ι
1443 3102 1611 3156 Deum
1664 3105 1771 3158 huc
1833 3107 2050 3163 misisse

468 3196 625 3235 suum
673 3181 925 3250 spiritum
968 3200 1200 3254 corpore
1245 3189 1516 3244 indutum.
1548 3211 1567 3244 ι
1613 3194 1841 3265 Semper
1899 3198 2044 3252 enim

2175 1965 2337 2035 εἶναι,
2375 1971 2450 2035 ὡς
2487 1973 2828 2047 εὐθεώρητον
2869 1981 2961 2031 τὸν
3001 1980 3135 2034 Θεὸν
3177 1983 3270 2036 τὸν
3323 1985 3447 2040 Υἱὸν
3498 1986 3776 2058 ἔπεμψεν.

2177 2061 2356 2133 Ἂπερ
2393 2064 2466 2136 μὴ
2519 2068 2720 2136 νοήσας
2754 2071 2782 2122 6
2812 2071 3016 2136 Κέλσος
3059 2069 3209 2128 εἶπεν
3257 2077 3332 2139 ὡς
3371 2079 3434 2130 ὲκ
3471 2081 3780 2150 προσώπου

2173 2152 2350 2222 ἡμῶν·
2381 2173 2399 2206 ι
2439 2157 2536 2210 Διὰ
2569 2157 2629 2209 τὸ
2648 2159 3018 2233 δυσθεώρητος
3053 2159 3210 2232 εἶναι,
3248 2167 3464 2238 πνεῦμα
3509 2171 3644 2225 ἴδιον
3670 2176 3774 2244 ἐμ-

2173 2242 2350 2297 ϐαλὼν
2376 2247 2456 2309 είς
2486 2249 2647 2319 σῶμα
2667 2253 2797 2322 ἡμῖν
2812 2256 3015 2325 ὅμοιον,
3037 2258 3195 2330 δεῦρο
3211 2262 3582 2332 κατέπεμψεν,
3603 2267 3685 2331 ὡς
3704 2267 3774 2321 ἂν

2164 2335 2412 2411 δυνηθείη
2425 2359 2520 2411 μεν
2533 2343 2763 2399 ἀκοῦσαί
2780 2365 2837 2400 τε
2856 2366 2931 2401 πα
2941 2350 3154 2421 ρἀὑτοῦ
3173 2355 3266 2407 καὶ
3285 2355 3494 2424 μαθεῖν.
3515 2358 3679 2420 Ἀλλ’,
3695 2360 3772 2424 ὡς

2165 2429 2600 2504 ἀποδεδώκαμεν,
2627 2440 2720 2491 καὶ
2742 2441 2769 2491 6
2801 2440 2926 2504 Υἱὸς
2949 2443 3322 2516 δυσθεώρητος
3343 2447 3440 2511 ὢν,
3461 2451 3560 2503 ἆτε
3592 2452 3768 2519 Λόγος

2165 2521 2397 2585 Θεὸς,δι’
2427 2519 2486 2578 οῦ
2517 2527 2585 2580 τὰ
2601 2529 2779 2584 πάντα
2809 2532 3042 2600 ἐγένετο,
3062 2535 3154 2587 καὶ
3185 2538 3491 2610 ἐσκήνωσεν
3523 2545 3581 2594 ἐν
3603 2545 3761 2612 ἡμῖν.

2115 2622 2262 2676 Deus
2321 2621 2554 2678 Verbum
2617 2643 2715 2696 per
2755 2644 2917 2698 quem
2961 2633 3146 2686 omnia
3185 2632 3322 2689 facta
3357 2645 3505 2700 sunt,
3560 2639 3762 2693 nihilu-

2233 2811 2293 2864 Εί
2337 2810 2390 2866 δὲ
2446 2816 2614 2868 συνίει
2677 2816 2787 2886 (9i)
2822 2819 3027 2883 Κέλσος
3065 2820 3100 2874 ἆ
3136 2821 3363 2894 λέγομεν
3408 2827 3538 2898 περὶ
3579 2830 3755 2883 Πνεῦ-

2158 2921 2328 2974 ματος
2361 2907 2516 2970 Θεοῦ,
2556 2909 2650 2961 καὶ
2685 2910 2764 2961 ὅτι
2795 2911 2908 2964 ὅσοι
2939 2932 2957 2964 ι
2997 2915 3274 2985 Πνεῦματι
3323 2917 3459 2970 Θεοῦ
3501 2920 3744 2986 ἄγονται,

2156 2991 2303 3052 οὗτοι
2335 3000 2438 3052 υἱοὶ
2468 3001 2602 3054 Θεοῦ
2646 3004 2782 3055 εἰσιν
2803 3021 2814 3033 ·
2854 3024 2872 3054 ι
2908 3005 3008 3058 οὐκ
3050 3006 3115 3059 ἂν
3151 3008 3328 3078 ἑαυτῷ
3369 3011 3447 3073 ὡς
3474 3012 3561 3080 ἀφ’
3588 3013 3748 3082 ἡμῶν

2154 3090 2492 3160 ἀπεφήνατο,
2528 3092 2630 3155 ὄτι,
2668 3111 2686 3144 t
2730 3095 2946 3165 πνεῦμα
2979 3096 3108 3150 ἴδιον
3136 3099 3386 3169 ἐμϐαλὼν
3423 3105 3502 3165 εἰς
3531 3104 3690 3174 σῶμα
3722 3109 3751 3159 ὁ

2154 3178 2286 3242 Θεὸς
2317 3180 2475 3250 δεῦρο
2506 3183 2874 3254 κατέπεμψεν.
2920 3205 2939 3237 ι
3001 3188 3110 3264 Ἀεὶ
3152 3188 3261 3261 γὰρ
3288 3190 3317 3241 6
3357 3191 3488 3256 Θεὸς
3525 3195 3748 3262 μεταδίο-

467 3270 611 3325 Deus
643 3273 923 3342 proprium
964 3277 1218 3347 spiritum
1261 3285 1636 3340 communicat
1677 3262 1800 3342 cum
1845 3289 1914 3345 iis
1950 3291 2044 3360 qui

2155 3271 2301 3338 ὗωσι,
2364 3277 2477 3337 τοῖς
2538 3275 2858 3346 δυναμένοις
2927 3278 3174 3349 μετέχειν
3224 3283 3410 3348 αὐτοῦ,
3472 3285 3567 3337 τοῦ
3615 3287 3746 3339 ἰδίου

465 3354 613 3417 illius
646 3364 939 3436 participes
977 3381 1100 3424 esse
1138 3382 1388 3441 possunt,
1418 3383 1473 3428 et
1502 3391 1624 3431 cum
1675 3380 1905 3448 spiritus
1956 3354 2045 3438 ille

465 3453 518 3507 in
549 3454 640 3524 iis,
674 3457 768 3526 qui
800 3457 916 3528 ipso
941 3462 1085 3531 digni
1116 3473 1264 3530 sunt,
1294 3464 1526 3532 habitat,
1568 3483 1677 3524 non
1711 3471 1922 3529 idcirco
1951 3491 2041 3530 se-

457 3557 686 3612 paratur
717 3557 773 3603 et
801 3550 1079 3609 dividitur.
1109 3553 1295 3625 Neque
1327 3558 1470 3613 enim
1510 3563 1766 3630 spiritum
1807 3565 2042 3624 dicimus

458 3651 581 3693 esse
605 3653 842 3709 corpus;
861 3653 916 3698 ut
943 3659 1120 3714 neque
1149 3662 1350 3720 corpus
1381 3660 1465 3708 est
1497 3654 1660 3723 ignis,
1684 3670 1846 3726 quem
1866 3657 2037 3714 Deum

457 3741 580 3783 esse
630 3741 864 3788 testatur
907 3737 1094 3792 istud:
1146 3756 1165 3789 ‹
1220 3741 1363 3798 Deus
1409 3756 1596 3803 noster
1650 3749 1791 3819 ignis
1829 3765 2034 3808 consu-

457 3833 613 3872 mens
649 3834 732 3875 est
756 3823 823 3876 "°.
846 3843 864 3875 ι
899 3824 1022 3880 llaec
1041 3829 1184 3883 enim
1207 3832 1390 3908 omnia
1416 3835 1646 3903 ﬁgurate
1668 3841 1946 3908 dicuntur,
1978 3853 2036 3898 ut

456 3907 814 3979 iutelligibilis
848 3926 1044 3972 natura
1073 3935 1139 3974 ex
1172 3907 1387 3980 usitatis
1423 3929 1886 4002 sensibilibusque
1930 3907 2032 3990 no-

452 3998 694 4056 minibus
732 4005 888 4061 nobis
935 4007 1265 4069 innotescat.
1299 4017 1366 4070 Et
1412 4020 1554 4075 sicut
1601 3998 1851 4091 quamvis
1900 4039 2030 4092 pec-

449 4099 572 4145 cata
621 4106 879 4152 vocentur
931 4117 950 4150 ι
999 4101 1184 4172 ligna,
1230 4104 1417 4163 fenum
1469 4122 1524 4166 et
1574 4114 1794 4183 stipula,
1834 4135 1852 4168 ι
1921 4133 2027 4171 non

446 4191 733 4252 propterea
751 4188 980 4247 dicimus
1001 4205 1220 4262 peccata
1245 4213 1363 4255 esse
1385 4217 1643 4271 corpora,
1665 4219 1838 4275 neque
1859 4211 2025 4263 etiam

445 4274 680 4332 dicimus
710 4279 846 4336 bona
873 4299 1038 4354 opera
1071 4302 1191 4345 esse
1228 4286 1482 4362 con-pera,
1519 4299 1735 4354 tametsi
1763 4300 1850 4354 illa
1885 4320 1903 4353 ι
1931 4317 2027 4356 au-

443 4381 586 4435 rum,
618 4383 904 4440 argentum
937 4389 990 4434 et
1023 4379 1160 4450 lapis
1193 4387 1470 4453 pretiosus
1495 4389 1538 4421 “
1576 4410 1595 4443 ι
1648 4394 2019 4463 appellentur;

441 4458 524 4514 sic
551 4463 653 4515 etsi
692 4464 831 4521 Deus
877 4468 1079 4524 dicitur
1124 4487 1245 4529 esse
1294 4477 1434 4546 ignis
1474 4495 1800 4539 consumens
1851 4485 2020 4556 ligna,

2147 3363 2475 3435 πνεύματος,
2505 3367 2566 3420 οὑ
2593 3368 2735 3421 κατὰ
2773 3370 3055 3443 ἀποτομὴν
3081 3374 3175 3426 καὶ
3219 3373 3483 3444 διαίρεσιν
3529 3378 3745 3443 ἐγγινο-

2147 3458 2310 3528 μένου
2351 3452 2464 3523 τοῖς
2514 3459 2703 3525 ἀξίοις.
2751 3463 2885 3516 Οὐδὲ
2930 3465 3038 3535 γὰρ
3097 3463 3261 3536 σῶμα
3308 3465 3372 3517 τὸ
3418 3467 3542 3520 καθ’
3593 3471 3744 3538 ἡμᾶς

2141 3547 2378 3616 πνεῦμα,
2426 3548 2501 3612 ὡς
2533 3551 2654 3602 οὐδὲ
2715 3551 2873 3622 σῶμα
2911 3553 2971 3606 τὸ
3017 3552 3148 3624 πῦρ,
3181 3556 3318 3626 ὅπερ
3355 3552 3494 3610 εῖναι
3520 3557 3742 3626 λέγεται

2140 3637 2272 3701 Θεὸς
2304 3641 2362 3691 ἐν
2421 3639 2515 3710 τῷ,
2549 3660 2567 3692 ι
2621 3644 2649 3694 ὁ
2677 3642 2806 3705 Θεὸς
2859 3642 3014 3712 ἡμῶν
3062 3645 3196 3717 πῦρ,
3236 3648 3631 3704 καταναλίσκον
3659 3669 3671 3680 ·
3718 3671 3736 3703 ι

2139 3732 2314 3784 πάντα
2366 3732 2472 3802 γὰρ
2504 3733 2676 3786 ταῦτα
2724 3737 2995 3806 τροπικῶς
3029 3738 3244 3807 λέγεται
3273 3743 3351 3802 είς
3391 3741 3737 3810 παράστασιν

2135 3827 2229 3898 τὴν
2243 3816 2350 3880 άπὸ
2366 3827 2471 3880 τῶν
2490 3829 2728 3899 συνήθων
2749 3832 2843 3885 καὶ
2863 3833 3186 3903 σωματικῶν
3201 3834 3479 3905 ὀνομάτων
3493 3835 3593 3905 τῆς
3621 3852 3738 3905 vos].

2132 3921 2234 3991 τῆς
2270 3921 2502 3990 φύσεως.
2537 3924 2644 3977 Καὶ
2668 3925 2876 3996 ὥσπερ,
2898 3926 2994 3979 ἐὰν
3023 3926 3244 3998 λέγηται
3272 3928 3338 3980 τὰ
3357 3930 3744 4018 ἁμαρτήματα.

2140 4041 2157 4072 ι
2197 4021 2328 4086 ξύλα
2351 4018 2510 4086 εἶναι,
2538 4023 2632 4076 καὶ
2655 4023 2866 4094 χόρτος,
2900 4023 2995 4076 καὶ
3034 4023 3276 4093 καλάμη,
3316 4042 3334 4076 ι
3365 4025 3465 4076 οὐκ
3494 4024 3728 4094 ἐροῦμεν

2131 4112 2270 4170 εἶναι
2313 4115 2379 4167 τὰ
2408 4116 2781 4186 ἁμαρτήματα
2821 4114 3076 4184 σώματαο
3111 4116 3205 4168 καὶ
3246 4115 3340 4169 ἐὰν
3388 4116 3613 4188 λέγηται
3660 4117 3725 4169 τά

2129 4209 2593 4280 ἀνδραγαθήματα
2654 4227 2672 4258 ‹
2727 4208 2924 4279 χρυσὸς
2957 4205 3127 4271 εἶναι,
3183 4209 3276 4262 καὶ
3324 4209 3582 4279 ἄργυρος,
3630 4220 3725 4272 καὶ

2128 4300 2272 4364 λίθος
2325 4299 2527 4372 τίμιος,
2578 4319 2596 4351 ι
2654 4301 2715 4353 οὑ
2778 4300 3024 4370 φήσομεν
3084 4297 3220 4353 εἶναι
3267 4300 3338 4353 τὰ
3383 4301 3720 4372 ἀνδραγαθή-

2130 4412 2276 4464 ματα
2305 4392 2532 4464 σώματα
2554 4408 2567 4424 '
2616 4391 2776 4454 οὕτω,
2813 4392 2917 4446 κᾶν
2956 4393 3184 4463 λέγηται
3213 4396 3240 4446 ὁ
3271 4394 3404 4457 Θεὸς
3432 4389 3568 4446 εἶναι
3610 4392 3718 4464 πῦρ

2125 4484 2518 4538 καταναλίσκον
2545 4484 2614 4537 τὰ
2639 4483 2790 4551 ξύλα,
2826 4485 2920 4536 καὶ
2951 4485 3044 4539 τὸν
3071 4485 3283 4555 χόρτον,
3313 4485 3406 4537 καὶ
3433 4484 3530 4556 τὴν
3554 4484 3717 4537 καλά-

441 4551 650 4619 fcnum,
691 4557 968 4626 stipulam,
997 4572 1053 4617 et
1085 4579 1303 4622 omnem
1353 4575 1561 4638 peccati
1613 4551 2016 4644 substantiam:

2155 4595 2259 4649 ιην,
2294 4579 2386 4630 καὶ
2419 4579 2597 4632 πᾶσαν
2628 4575 2816 4630 ουσίαν
2843 4551 3119 4646 ἁμαρτίας
3139 4551 3259 4646 ’(92)
3281 4617 3296 4640 ,
3331 4578 3391 4630 οὐ
3423 4551 3582 4647 σι’ῦμα
3620 4577 3715 4630 αὐ-

437 4657 547 4696 ηοη
573 4644 779 4701 idcirco
817 4649 966 4704 illum
996 4669 1193 4723 corpus
1228 4673 1350 4732 esse
1387 4666 1786 4733 cogitabimus;
1826 4685 2015 4737 quem-

436 4730 752 4799 admodum,
773 4736 898 4792 licet
923 4741 1063 4807 ignis
1087 4730 1330 4814 vocetur,
1355 4730 1604 4808 nouvideo
1634 4770 1831 4824 corpus
1859 4758 2012 4812 illum

433 4821 832 4881 existimamus.
862 4828 953 4884 Sic
983 4837 1196 4890 tametsi
1230 4838 1370 4894 Deus
1389 4843 1602 4898 dicatur
1623 4821 1873 4914 spiritus,
1902 4864 2009 4904 non

431 4910 502 4966 ob
543 4911 689 4967 hanc
728 4929 842 4969 rem
868 4918 1098 4976 dicimus
1135 4938 1259 4979 eum
1286 4942 1410 4984 esse
1447 4910 1668 5002 corpus.
1697 4935 1766 4990 Ut
1805 4938 1950 4992 enim
1979 4956 2009 4994 a

430 5003 597 5059 rebus
640 5005 990 5065 seusibilibus
1031 5011 1436 5086 distinguantur
1490 5024 1878 5095 iutelligibiles,
1913 5018 2010 5087 bas

430 5095 708 5166 appellare
755 5100 896 5155 solet
923 5100 1205 5174 Scriptura
1251 5110 1470 5172 spiritus
1492 5124 1546 5169 et
1572 5118 1861 5185 spiritales.
1913 5124 2008 5179 Sic

425 5204 550 5243 cum
584 5191 663 5245 ait
688 5191 922 5249 Paulus:
969 5216 986 5249 ι
1027 5196 1133 5252 Sed
1181 5201 1502 5258 sullicieutia
1553 5219 1736 5266 nostra
1784 5219 1850 5268 ex
1897 5218 2006 5272 Deo

424 5291 530 5350 est,
558 5285 649 5354 qui
675 5296 728 5341 et
758 5287 982 5346 idoneos
1014 5307 1111 5347 nos
1159 5292 1289 5350 fecit
1329 5297 1608 5357 ministros
1645 5303 1778 5361 Novi
1809 5309 2001 5367 Testa-

2121 4671 2215 4722 τὸν
2239 4671 2502 4740 νοήσομεν
2526 4687 2538 4697 ·
2582 4669 2658 4731 ὡς
2689 4669 2795 4722 οὐδ’
2839 4669 2933 4722 ἐὰν
2959 4669 3069 4739 (95)
3101 4669 3326 4740 λέγηται
3363 4670 3506 4742 πῦρ,
3554 4669 3713 4740 σῶμα

2122 4756 2350 4827 νοοῦμεν
2371 4758 2551 4810 αὐτόν.
2583 4756 2770 4821 Οὕτως
2794 4757 2888 4810 ἐὰν
2911 4757 3135 4828 λέγηται
3171 4758 3386 4830 πνεῦμα
3408 4761 3437 4812 ὁ
3473 4759 3625 4823 Θεὸς,
3648 4759 3709 4811 οὐ

2124 4851 2284 4921 σῶμα
2312 4851 2472 4905 αὐτὸν
2506 4852 2732 4922 λέγομεν
2758 4848 2912 4906 εἶναι.
2973 4853 3113 4924 Πρὸς
3155 4853 3262 4923 γὰρ
3303 4853 3708 4924 ἀντιδιαστολὴν

2119 4942 2228 4996 τῶν
2285 4943 2558 5013 αἰσθητῶν
2606 4943 2724 5006 ἔθος
2766 4946 2831 5014 τῇ
2868 4944 3058 5014 Γραφῇ
3107 4943 3173 4996 τὰ
3214 4944 3380 5015 νοητὰ
3425 4945 3705 5015 ὀνομάζειν

2120 5035 2456 5103 πνεύματα,
2488 5037 2582 5088 καὶ
2613 5037 2986 5108 πνευματικὰ
3007 5055 3020 5067 ·
3055 5033 3167 5092 οἷον
3190 5038 3284 5093 ἐὰν
3322 5039 3456 5110 λέγῃ
3491 5041 3520 5091 6
3559 5038 3703 5090 Παῦ-

2116 5121 2226 5188 λος,
2268 5143 2286 5176 ‹
2341 5125 2474 5179 Ἀλλ’
2508 5128 2541 5197 ὴ
2584 5126 2835 5200 ἱκανότης
2871 5128 3027 5199 ἡμῶν
3055 5132 3119 5183 ὲκ
3164 5131 3256 5184 τοῦ
3311 5130 3466 5195 Θεοῦ,
3505 5132 3565 5196 ὃς
3608 5134 3702 5186 καὶ

2115 5216 2378 5270 ἱκάνωσεν
2405 5219 2551 5288 ἡμᾶς
2576 5219 2856 5283 διακόνους
2886 5222 3094 5293 Καινῆς
3119 5225 3410 5296 Διαθήκης,
3435 5228 3494 5282 οῦ
3518 5229 3698 5298 γράμ-

2117 5330 2302 5384 ματος,
2343 5314 2479 5370 me
2516 5313 2821 5384 πνεύματος
2852 5330 2864 5342 ·
2894 5316 2958 5369 τὸ
2977 5315 3085 5388 γὰρ
3105 5319 3339 5391 γράμμα
3363 5322 3694 5391 ἀποκτείνει,

494 5401 540 5434 ⁸⁸
573 5402 731 5458 Joan.
765 5422 803 5473 ι,
831 5407 864 5460 5
894 5419 947 5463 et
980 5410 1064 5465 14.
1141 5414 1185 5446 ⁵³
1220 5414 1374 5472 Rom.
1408 5433 1526 5485 vm,
1561 5423 1647 5478 14.
1724 5426 1768 5458 ⁸⁰
1801 5427 1968 5485 Ποιηκ
2008 5451 2048 5488 x1

2155 5436 2220 5492 l9.
2300 5438 2341 5472 "
2382 5439 2396 5492 I
2425 5437 2546 5494 Cor.
2576 5454 2656 5506 ιη,
2686 5437 2770 5492 12.

494 5555 607 5650 (ρο)
640 5559 992 5650 lllmschelius.
1014 5568 1066 5650 in
1097 5580 1245 5650 textu
1278 5575 1484 5645 οὑτοσί,
1512 5593 1609 5648 pro
1641 5596 1749 5650 quo
1781 5583 2007 5642 Guietus

421 5628 768 5702 scribendum
799 5634 1127 5702 conjiciebat
1154 5641 1368 5701 τούτου.

491 5696 605 5766 (at)
644 5699 818 5757 Codd.
858 5696 1017 5772 m'ss..
1047 5711 1234 5768 συνίει.
1266 5696 1422 5776 Libb.
1456 5721 1608 5794 editi,
1648 5725 1847 5799 συνῄει.

2341 5583 2904 5666 οὺσίίιιῖνάμαρτίας.
2949 5596 3080 5653 Vide
3104 5601 3198 5655 lib.
3230 5619 3302 5666 Iv,
3323 5619 3469 5658 num.
3501 5605 3585 5657 15.

2196 5663 2310 5742 (9ξν)
2353 5663 2444 5729 Ὡς
2469 5665 2595 5742 o_t_'v6_'
2629 5663 2768 5742 ξάῄ,
2791 5663 2898 5742 etc.
2925 5667 3015 5742 _Sic
3045 5672 3204 5726 codd.
3228 5663 3377 5742 Reg.
3423 5685 3476 5727 et
3529 5674 3690 5734 Basil‘.

2116 5732 2265 5805 Libri
2297 5749 2422 5790 vero
2446 5736 2596 5802 editi,
2628 5737 2703 5800 ὡς
2728 5737 2770 5792 δ’
2797 5738 2890 5792 ἐὰν
2923 5738 3147 5810 λέγηται
3180 5741 3309 5812 πῦρ,
3328 5732 3404 5796 Ἔδὺ
3439 5744 3619 5815 σῶμα.
