3990 6158
241 338 394 396 1605

1474 333 1752 389 CONTRA
1791 332 2067 389 CELSUM
2104 332 2232 388 LIB.
2276 330 2367 389 Vl.

3374 329 3397 381 1
3408 329 3509 384 Δ506

232 459 309 508 τὸ
338 458 393 509 δὲ
418 434 633 527 μα
662 436 916 522 ζωοποιεῖ
938 479 950 492 θ
999 480 1018 513 ι
1068 458 1304 531 γράμμα
1335 457 1432 526 μὲν
1459 459 1557 528 τὴν
1583 457 1843 528 αἰσθητὴν

1956 458 2137 522 menti,
2169 472 2273 510 non
2308 455 2510 518 littera,
2551 453 2644 508 sed
2678 452 2890 521 spiritu.
2918 449 3121 505 Littera
3168 449 3309 504 enim
3362 450 3513 503 occi-

233 548 531 617 ὼνόμασεν
562 549 790 620 ἐκδοχὴν
820 551 926 603 τῶν
953 552 1111 605 θείων
1140 547 1500 620 γραμμάτων,
1537 546 1751 617 πνεῦμα
1784 549 1840 600 δὲ

234 638 350 707 τὴν
405 640 620 709 νοητήν.
680 638 836 693 Οῦτω
894 642 1071 693 τοίνυν
1106 641 1199 693 καὶ
1232 641 1289 691 ἐν
1320 638 1419 707 τῷ,
1480 657 1497 688 ι
1558 639 1772 708 πνεῦμα
1812 640 1841 691 6

236 728 402 792 Θεός.
449 750 467 780 ι
519 731 669 782 Ἐπεὶ
700 732 792 784 καὶ
824 733 1093 802 Σαμαρεῖς
1127 732 1219 785 καὶ
1252 731 1492 784 Ἰουδαῖοι
1519 732 1842 801 σωματικῶς

238 821 347 873 καὶ
372 821 620 884 τυπικῶς
662 822 875 875 ἐποίουν
906 824 973 875 τὰ
1007 822 1451 893 προσταττόμενα
1496 820 1599 873 ὑπὸ
1630 820 1723 873 τοῦ
1757 821 1843 872 νό-

242 927 382 980 μου,
418 905 568 962 εῐπεν
589 912 616 963 6
642 911 831 981 Σωτὴρ
868 912 1005 981 πρὸς
1032 911 1128 980 τὴν
1156 911 1505 979 Σαμαρεῖτιν,
1534 910 1635 977 ὅτι,
1667 929 1685 961 ι
1713 911 1843 981 ’Ἑρ⁶

239 1018 406 1070 χεται
469 1000 607 1071 ὥρα,
643 1002 730 1054 ὅτε
764 1001 885 1053 οὗτε
931 1004 987 1053 ἐν
1032 999 1441 1072 Ἱεροσολύμοις,
1507 1000 1627 1053 οὔτε
1677 1002 1733 1053 ὲν
1766 1001 1842 1071 τῷ

237 1089 368 1159 ὄρει
405 1090 577 1159 τούτῳ
627 1091 1060 1161 προσκυνήσουσι
1103 1090 1209 1159 (94)
1268 1088 1348 1158 τῷ
1380 1090 1577 1160 Πατρί.
1619 1088 1844 1160 Πνεῦμα

238 1180 275 1229 ὁ
302 1178 463 1242 Θεὸς,
499 1180 593 1232 καὶ
624 1180 749 1244 τοὺς
780 1181 1218 1251 προσκυνοῦντας
1266 1182 1429 1235 αὐτὸν
1474 1183 1529 1233 ὲν
1573 1182 1842 1252 πνεύματι

241 1273 347 1324 καὶ
395 1272 622 1343 ἀληθείᾳ
667 1274 747 1326 δεῖ
793 1278 1114 1344 προσκυνεῖν
1140 1292 1152 1303 ’
1199 1293 1217 1324 ι
1252 1274 1318 1327 δι’
1359 1267 1433 1326 ὧν
1476 1273 1731 1338 ἐδίδαξεν,
1764 1275 1822 1326 ὅτ

238 1363 351 1414 οὐκ
384 1365 441 1415 ὲν
475 1365 638 1433 σαρκὶ
672 1364 753 1416 δεῖ
786 1368 1110 1435 προσκυνεῖν
1166 1366 1258 1418 κα)⁴
1300 1366 1584 1435 σαρκίναις
1637 1365 1845 1429 θυσίαις

239 1452 343 1505 τὸν
376 1453 528 1515 Θεὸν,
563 1453 677 1506 ἀλλ’
718 1473 736 1505 ι
773 1456 830 1507 ὲν
859 1454 1147 1525 πνεύματι.
1188 1476 1204 1507 ι
1243 1458 1351 1509 Καὶ
1376 1456 1483 1527 γὰρ
1517 1457 1678 1520 αὐτὸς
1710 1457 1843 1511 ἀνά-

241 1541 407 1610 λογον
438 1546 495 1596 ἐν
530 1543 799 1614 πνεύματι
851 1546 963 1616 (95)
1008 1548 1101 1599 καὶ
1151 1548 1358 1617 νοητῶς
1406 1548 1685 1619 λατρεύειν
1722 1548 1845 1601 τινὰ

242 1631 401 1701 αύτῷ
435 1632 650 1702 πνεῦμα
684 1633 903 1706 νοηθείη
937 1634 1023 1689 ἄν.
1072 1636 1231 1690 Ἀλλὰ
1280 1638 1373 1690 καὶ
1418 1639 1519 1691 οὐκ
1551 1638 1607 1689 ἐν
1654 1636 1845 1694 τύποις

245 1727 576 1793 προσκυνεῖν
598 1723 677 1776 δεῖ
712 1725 788 1796 τῷ
823 1727 997 1797 Πατρὶ
1026 1728 1157 1797 (96),
1190 1728 1304 1781 ἀλλ’
1338 1730 1395 1781 ἐν
1440 1729 1690 1799 ἀληθείᾳ,
1722 1729 1843 1798 1ητις

252 1833 273 1865 ι
313 1814 400 1867 διὰ
446 1815 619 1885 Ἰησοῦ
652 1817 890 1887 Χριστοῦ
939 1819 1155 1885 ἐγένετο
1180 1859 1193 1883 ,
1238 1839 1256 1870 ι
1301 1820 1438 1889 μετὰ
1476 1839 1494 1870 t
1539 1820 1599 1872 τὸ
1630 1820 1843 1889 δοθῆναι

244 1903 345 1954 τὸν
378 1905 539 1973 νόμον
568 1904 654 1957 διὰ
687 1906 983 1969 Μωῡσέως.
1031 1909 1219 1960 Ἦνίκα
1281 1908 1409 1978 γὰρ,
1452 1908 1545 1961 ἐὰν
1586 1909 1844 1980 ἐπιστρέ-

244 1994 443 2064 ψωμεν
476 1996 610 2067 πρὸς
654 1997 857 2068 Κύριον
891 1998 956 2069 (6
988 2000 1046 2052 δὲ
1096 2000 1302 2070 Κύριος
1329 2001 1389 2052 τὸ
1411 1999 1629 2070 πνεῦμά
1682 2001 1842 2071 ἐστι),

248 2091 615 2157 περιαιρεῖται
660 2089 721 2142 τὸ
773 2092 838 2159 τῇ
902 2091 1099 2162 καρδίᾳ
1164 2091 1428 2163 κάλυμμα
1480 2093 1841 2163 ἐπικείμενον,

248 2175 415 2243 ἡνίκα
450 2176 514 2228 ἂν
552 2177 989 2249 ἀναγινώσκηται
1022 2180 1280 2250 Μωῦσῆς.
1328 2200 1345 2231 ι

340 2252 422 2327 Ὠς
460 2266 533 2336 μὴ
568 2268 767 2336 νοήσας
828 2268 890 2338 δὴ
950 2268 1021 2321 τὰ
1076 2270 1200 2339 περὶ
1244 2269 1339 2323 τοῦ
1384 2271 1698 2340 Πνεύματος
1751 2270 1842 2323 τοῦ

246 2356 387 2408 Θεοῦ
422 2359 449 2409 6
478 2357 684 2420 Κέλσος
719 2359 737 2428 (
778 2376 796 2409 t
830 2359 1058 2428 ψυχικὸς
1090 2361 1199 2432 γὰρ
1222 2361 1508 2432 ἄνθρωπος
1540 2364 1597 2414 o6
1633 2361 1844 2432 δέχεταί

246 2448 320 2499 τά
352 2447 446 2499 τοῦ
482 2448 796 2519 Πνεύματος
826 2451 919 2504 τοῦ
949 2452 1081 2505 Θεοῦ
1108 2470 1121 2482 °
1161 2453 1340 2524 μωρία
1373 2453 1481 2525 γὰρ
1515 2453 1663 2523 αὐτῷ
1704 2457 1845 2519 ἐστι,

249 2539 347 2591 καὶ
381 2539 441 2592 οὐ
474 2539 693 2593 δύναται
744 2541 976 2609 γνῶναι,
1019 2545 1102 2595 ὅτι
1135 2544 1517 2614 πνευματικῶς
1566 2546 1851 2617 ἀνακρίνε-

247 2629 365 2697 ται)
404 2648 424 2681 ι
461 2630 638 2700 ἐαυτῷ
674 2633 932 2685 συνάπτει
968 2633 1099 2705 (97),
1121 2636 1363 2704 οἰόμενος
1396 2637 1562 2706 ἡμᾶς,
1597 2637 1849 2705 λέγοντας

251 2721 474 2790 πνεῦμα
532 2718 668 2773 εἶναι
714 2723 804 2775 τὸν
857 2724 1009 2788 Θεὸν,
1067 2725 1230 2796 μηδὲν
1262 2728 1319 2779 ὲν
1349 2728 1521 2799 τούτῳ
1572 2729 1850 2801 διαφέρειν

248 2816 363 2868 τῶν
398 2818 526 2886 παρ’
563 2816 785 2886 Ἕλλησι
827 2818 1078 2870 Στωϊκῶν
1110 2818 1261 2888 (98),
1299 2821 1651 2888 φασκόντων,
1698 2822 1779 2874 ὅτι
1824 2824 1851 2875 6

249 2907 389 2968 Θεὸς
424 2905 642 2976 πνεῦμά
670 2909 785 2959 ἐστι
812 2907 900 2959 διὰ
933 2909 1149 2961 πάντων
1195 2910 1505 2980 διεληλυθὸς
1528 2951 1543 2975 ,
1574 2912 1666 2964 καὶ
1696 2914 1849 2967 πάντ’

251 3002 314 3051 ἐν
340 2997 518 3068 ἑαυτῷ
568 3000 841 3069 περιέχον.
891 3002 1079 3070 Διήκει
1117 3001 1215 3071 μὲν
1244 3001 1353 3072 γὰρ
1387 3004 1419 3072 ἠ
1455 3004 1728 3074 ὲπισκοπὴ
1759 3004 1851 3056 καὶ

254 3093 290 3161 ἡ
317 3090 539 3161 πρόνοια
570 3090 664 3143 τοῦ
694 3091 828 3144 Θεοῦ
859 3091 945 3145 διὰ
975 3092 1214 3156 πάντων,
1261 3093 1375 3146 ἀλλ’
1409 3095 1507 3164 οὐχ
1546 3094 1620 3155 ὡς
1652 3095 1712 3147 τὸ
1742 3095 1851 3147 τῶν

255 3182 510 3235 Στωϊκῶν
541 3183 790 3253 πνεῦμαο
836 3185 930 3237 καὶ
958 3185 1134 3238 πάντα
1168 3186 1266 3255 μὲν
1291 3186 1531 3257 περιέχει
1562 3186 1629 3239 τὰ
1661 3204 1852 3257 προνο-

1947 551 2045 614 dit,
2112 549 2338 619 spiritus
2380 555 2561 601 autem
2609 545 2851 599 viviﬁcat
2886 545 2968 609 '5';
3003 562 3021 595 ι
3077 543 3306 597 litteram
3352 549 3515 595 vocat

1948 640 2117 710 686
2164 639 2468 693 divinarum
2529 636 2937 704 Scripturarnm
3011 633 3515 703 interpretationem

1943 745 2067 800 quae
2109 730 2361 784 sensibus
2407 727 2847 783 accommodatur
2874 743 2889 787 ;
2921 725 3169 795 spiritum
3208 738 3361 785 vero,
3393 737 3517 777 eam

1943 835 2067 889 qua:
2098 821 2165 873 ad
2196 819 2529 874 intellectum
2576 821 2833 886 pertinet.
2868 816 3011 870 Idem
3048 816 3311 883 judicium
3359 814 3518 868 sitde

1945 917 2049 970 isto
2068 916 2215 979 loco,
2246 932 2265 965 ι
2301 912 2541 983 Spiritus
2560 921 2646 966 est
2674 911 2813 965 Deus
2844 910 2913 963 ⁸³.
2954 928 2973 961 ι
3013 908 3148 962 Nam
3173 924 3295 962 cum
3321 908 3515 961 Sama-

1946 1007 2107 1061 ritani
2133 1017 2187 1061 et
2213 1005 2382 1060 Judazi
2428 1004 2557 1073 legis
2585 1011 2856 1073 praecepta
2893 1000 3257 1069 corporaliter
3288 1010 3343 1054 et
3384 1000 3521 1069 ligu-

1945 1104 2063 1149 rate
2088 1096 2460 1160 observarent,
2485 1092 2626 1147 dixit
2654 1091 2902 1145 Salvator
2941 1090 3297 1145 Samaritana:
3320 1107 3334 1143 :
3371 1108 3389 1141 ι
3415 1090 3522 1145 Ve-

1946 1186 2024 1238 nit
2070 1184 2201 1239 hora
2248 1185 2466 1253 quando
2513 1196 2688 1251 neque
2722 1182 2775 1235 in
2800 1178 3211 1248 Hierosolymis,
3259 1193 3431 1247 neque
3465 1180 3522 1234 in

1945 1284 2127 1330 monte
2164 1276 2267 1329 hoc
2294 1273 2600 1329 adorabunt
2629 1270 2849 1325 Patrem
2873 1269 2940 1324 ⁵⁸.
2977 1269 3215 1338 Spiritus
3244 1278 3329 1324 est
3356 1270 3519 1333 Deus,

1946 1374 1998 1420 et
2023 1379 2139 1431 eos,
2165 1365 2256 1433 qui
2292 1366 2523 1417 adorant
2551 1376 2695 1426 eum,
2717 1362 2771 1415 in
2801 1360 2996 1428 spiritu
3034 1368 3087 1413 et
3112 1358 3337 1413 veritate
3363 1373 3524 1427 opor-

1948 1466 2023 1511 tet
2048 1458 2279 1512 adorare
2308 1457 2374 1509 δδ.
2414 1475 2432 1506 ι
2462 1454 2671 1518 Quibus
2691 1454 2875 1506 docuit
2904 1466 3008 1505 non
3036 1465 3201 1504 carne
3229 1460 3283 1502 et
3309 1451 3522 1504 carneis

1946 1548 2186 1601 victimis
2226 1546 2392 1599 Deum
2440 1545 2724 1599 colendum
2770 1557 2911 1606 esse,
2949 1542 3040 1595 sed
3099 1559 3117 1591 ι
3152 1540 3205 1592 in
3248 1540 3458 1608 spiritu.
3496 1558 3515 1591 ι
3582 1578 3591 1583 -

1946 1638 2063 1706 Ipse
2088 1639 2231 1693 enim
2265 1637 2671 1692 existimahilur
2701 1650 2821 1689 esse
2852 1633 3100 1702 Spiritus,
3132 1642 3294 1701 prout
3330 1632 3523 1700 spiritu

1945 1740 1999 1783 et
2036 1728 2391 1796 intelligentia
2428 1727 2657 1781 coletur.
2687 1726 2871 1793 Neque
2895 1726 3057 1778 etiam
3090 1724 3143 1776 in
3176 1722 3361 1792 ﬁguris
3394 1724 3523 1778 adu.

1953 1835 2075 1875 rare
2096 1820 2308 1875 Patrem
2348 1827 2583 1889 oportet,
2613 1819 2705 1873 sed
2721 1800 2791 1870 ’in
2825 1819 3074 1880 veritate,
3108 1830 3227 1884 qua:
3259 1834 3276 1866 ι
3318 1830 3414 1884 per
3439 1814 3529 1870 Je-

1951 1926 2070 1967 snm
2112 1910 2386 1967 Christum
2438 1911 2580 1965 iacta
2612 1918 2696 1964 est
2730 1910 2798 1975 ",
2862 1928 2881 1962 ι
2932 1919 3215 1978 postquam
3260 1925 3278 1958 ι
3312 1908 3399 1962 lex
3430 1922 3528 1978 per

1954 2003 2190 2072 Moysem
2225 2003 2349 2056 data
2383 2002 2562 2057 fuerat
2594 2003 2659 2057 ⁸⁷.
2697 2019 2716 2053 ι
2770 2000 2904 2056 Nam
2940 2019 2958 2051 ι
3002 2016 3124 2054 cum
3152 2002 3529 2055 convertimur

1953 2093 2019 2146 ad
2050 2091 2333 2145 Dominum
2366 2090 2648 2162 (Dominus
2675 2100 2856 2145 autem
2882 2090 3104 2160 spiritus
3129 2097 3256 2158 est),
3284 2088 3530 2144 aufertur

1955 2181 2199 2237 velamen
2228 2182 2460 2250 positum
2481 2198 2646 2251 super
2668 2198 2784 2245 cor,
2812 2198 2933 2236 cum
2964 2183 3160 2251 legitur
3190 2182 3402 2251 Moyses
3421 2182 3522 2235 ⁸⁸.»

2027 2274 2116 2327 71.
2139 2274 2477 2343 Quapropter
2498 2289 2620 2328 cum
2669 2290 2732 2329 ea
2774 2290 2894 2343 quae
2922 2277 2985 2329 de
3017 2274 3220 2343 Spiritu
3255 2273 3346 2327 Dei
3386 2274 3526 2328 dicta

1954 2376 2099 2430 sunt,
2126 2381 2232 2420 non
2263 2365 2590 2437 intelligeret
2617 2365 2806 2421 Celsus
2832 2366 2979 2437 (nam
3020 2384 3037 2417 ι
3070 2364 3320 2418 animalis
3367 2366 3529 2418 homo

1953 2472 2059 2511 non
2108 2457 2339 2526 percipit
2388 2472 2453 2512 ea
2487 2473 2606 2526 quae
2657 2467 2783 2512 sunt
2839 2458 3065 2525 spiritus
3107 2457 3242 2521 Dei;
3294 2455 3529 2510 stultitia

1952 2548 2096 2602 enim
2131 2557 2215 2600 est
2248 2546 2346 2611 illi,
2380 2556 2435 2599 et
2482 2563 2587 2601 non
2624 2555 2799 2615 potest
2836 2546 3161 2615 intelligere,
3207 2544 3335 2613 quia
3367 2543 3530 2612 spiri-

1955 2636 2179 2689 tualiter
2210 2636 2555 2689 examinatur
2580 2635 2648 2703 ⁵⁸)
2676 2652 2689 2699 ;
2736 2654 2754 2686 ι
2784 2634 2995 2704 colligit
3023 2649 3086 2687 ex
3124 2648 3190 2687 eo
3216 2630 3358 2700 quod
3396 2631 3531 2685 dici-

1954 2740 2073 2779 mus
2103 2726 2356 2797 spiritum
2391 2740 2513 2781 esse
2560 2727 2752 2789 Deum,
2784 2726 2917 2779 nihil
2958 2740 3055 2779 nos
3109 2726 3212 2780 hac
3243 2724 3295 2778 in
3332 2739 3391 2777 re
3432 2721 3532 2777 dif-

1956 2816 2096 2872 l‘erre
2124 2833 2156 2873 a
2186 2816 2410 2881 Stoicis,
2437 2817 2528 2887 qui
2563 2819 2702 2884 apud
2732 2818 2949 2873 Graecos
2980 2817 3176 2871 docent
3210 2819 3379 2871 Deum
3411 2831 3531 2871 esse

1954 2904 2202 2972 spiritum
2254 2905 2436 2959 omnia
2490 2914 2863 2973 permeantem
2895 2914 2951 2960 et
2978 2906 3160 2959 omnia
3205 2906 3259 2959 in
3293 2919 3352 2959 se
3380 2920 3530 2960 com-

1955 2995 2407 3064 prehendentem.
2467 2995 2607 3051 Cura
2661 2997 2878 3065 quidem
2925 3005 2980 3051 et
3023 2999 3364 3068 providentia
3432 2998 3530 3055 Dei

1954 3087 2205 3156 pervadit
2244 3089 2451 3152 omnia,
2481 3088 2575 3142 sed
2608 3103 2714 3142 non
2750 3098 2808 3143 ut
2839 3089 3148 3144 Stoicorum
3179 3091 3445 3158 spiritus;
3477 3100 3532 3148 et

1954 3176 2294 3245 providentia
2328 3176 2546 3245 quidem
2593 3178 2840 3247 continet
2880 3181 3065 3235 omnia
3117 3181 3317 3250 quibus
3348 3182 3530 3251 provi-

254 3272 464 3341 ούμενα
510 3275 544 3343 ἡ
588 3275 835 3344 πρόνοια,
880 3276 975 3329 καὶ
1025 3277 1376 3347 περιείληφεν
1428 3278 1597 3331 αὑτά·
1639 3278 1737 3348 οὐχ
1776 3278 1846 3343 ὡς

1956 3271 2067 3335 det,
2096 3278 2149 3322 et
2173 3285 2235 3324 ea
2262 3270 2677 3339 comprehendit
2707 3288 2721 3336 ;
2762 3271 2856 3326 sed
2890 3287 2994 3327 non
3032 3280 3092 3326 ut
3136 3286 3334 3341 corpus
3362 3272 3534 3327 conti-
3562 3264 3573 3267 ’

260 3362 418 3432 σῶμα
444 3363 499 3415 δὲ
526 3364 777 3434 περιέχον
808 3366 1069 3436 περιέχει,
1103 3366 1183 3419 ὅτι
1208 3369 1302 3420 καὶ
1338 3367 1497 3438 σῶμά
1525 3367 1631 3439 (99)
1658 3371 1772 3422 ἐστι
1790 3369 1851 3422 τὸ

257 3456 672 3524 περιεχόμενον·
708 3455 823 3508 ἀλλ’
856 3458 932 3520 ὼς
963 3457 1192 3527 δύναμις
1218 3459 1337 3512 θεία
1357 3460 1449 3512 καὶ
1470 3461 1850 3531 περιειληφυῖα

253 3541 326 3595 τὰ
384 3544 764 3613 περιεχόμενα.
836 3546 993 3599 Κατὰ
1070 3547 1168 3617 μὲν
1233 3543 1326 3601 οὖν
1384 3549 1510 3611 τοὺς
1583 3549 1690 3601 ἀπὸ
1752 3550 1851 3619 τῆς

255 3638 429 3700 Στοᾶς
463 3637 536 3707 (1)
575 3638 894 3709 σωματικὰς
923 3639 1177 3708 λέγοντας
1212 3635 1349 3694 εῖναι
1383 3640 1482 3705 τὰς
1514 3642 1722 3712 ἀρχὰς,
1760 3644 1851 3696 καὶ

255 3730 345 3782 διὰ
395 3728 554 3782 τοῦτο
588 3732 764 3785 πάντα
809 3731 1162 3803 φθείροντας,
1220 3734 1627 3799 κινδυνεύοντας
1661 3735 1717 3787 δὲ
1758 3737 1852 3788 καὶ

257 3822 419 3873 αὑτὸν
454 3820 670 3891 φθεῖραι
703 3822 794 3875 τὸν
823 3823 915 3874 ἐπὶ
943 3824 1076 3875 πᾶσι
1106 3824 1261 3887 Θεὸν,
1294 3826 1342 3876 εί
1379 3823 1453 3895 μὴ
1489 3825 1629 3878 πάνυ
1666 3826 1849 3894 ἀπεμ-

258 3915 446 3980 φαῖνον
495 3912 639 3963 τοῦτ’
673 3913 853 3975 αὐτοῖς
898 3913 1070 3967 ἐδόκει
1111 3915 1401 3985 τυγχάνειν
1425 3955 1439 3979 ,
1494 3918 1587 3969 καὶ
1620 3919 1648 3968 6
1681 3918 1851 3984 Λόγος

256 4003 351 4056 τοῦ
376 4004 533 4068 Θεοῦ,
567 4008 594 4058 6
628 4006 788 4075 μέχρι
831 4006 1134 4076 ἀνθρώπων
1165 4009 1257 4060 καὶ
1288 4009 1397 4061 τῶν
1431 4008 1725 4079 ἐλαχίστων
1755 4025 1851 4060 κα-

258 4095 561 4158 ταϐαίνων,
606 4097 756 4149 οὐδὲν
784 4096 908 4149 ἄλλο
940 4100 1116 4163 ἐστιν,
1161 4099 1193 4169 ἢ
1240 4099 1456 4168 πνεῦμα
1501 4100 1846 4168 σωματικόνσ

258 4186 400 4237 κατὰ.
429 4184 485 4237 δὲ
521 4186 687 4254 ἡμᾶς,
744 4186 837 4237 καὶ
877 4185 973 4255 τὴν
1012 4188 1233 4257 λογικὴν
1271 4188 1446 4258 ψυχὴν
1482 4189 1851 4259 πειρωμένους

258 4276 639 4330 ἀποδεικνύναι
686 4278 969 4347 κρείττονα
1018 4281 1197 4349 πάσης
1254 4282 1572 4351 σωματικῆς
1615 4280 1847 4348 φύσεως,

258 4365 353 4419 καὶ
385 4366 571 4419 οὐσίαν
606 4366 835 4435 ἀόρατον
868 4367 959 4419 καὶ
989 4367 1297 4438 ἀσώματον,
1333 4370 1433 4422 οὐκ
1470 4369 1535 4423 ἂν
1570 4370 1728 4440 σῶμα
1760 4371 1844 4441 εἴη

256 4458 287 4510 6
329 4458 461 4521 Θεὸς
517 4459 709 4527 Λόγος,
743 4459 809 4511 δι’
850 4453 911 4511 οῦ
964 4460 1031 4513 τὰ
1065 4461 1240 4514 πάντα
1273 4462 1508 4530 ἐγένετο,
1540 4464 1569 4514 6
1611 4462 1847 4530 φθάνων,

261 4547 346 4601 ἵνα
402 4551 580 4603 πάντα
609 4550 697 4603 διὰ
730 4550 889 4619 λόγου
948 4551 1214 4622 γένηται,
1258 4554 1357 4623 οὐχ
1402 4552 1507 4615 ἓως
1550 4552 1851 4623 ἀνθρώπων

1955 3375 2089 3414 nens
2112 3360 2163 3413 id
2190 3361 2332 3429 quod
2373 3371 2429 3416 et
2456 3362 2627 3430 ipsum
2658 3376 2857 3431 corpus
2897 3372 2980 3418 est
3014 3379 3028 3429 ;
3062 3364 3157 3418 sed
3192 3372 3249 3417 ut
3290 3371 3534 3434 potestas

1953 3452 2133 3505 divina
2161 3466 2283 3519 qua-
2311 3452 2695 3520 complectitur
2726 3453 2989 3522 quidquid
3018 3454 3132 3523 ipsa
3176 3455 3535 3523 comprehen-

1953 3543 2121 3596 ditur.
2149 3543 2319 3612 Igitur
2340 3545 2384 3597 si
2413 3543 2546 3599 ﬁdes
2571 3552 2653 3597 est
2685 3545 2906 3606 Stoicis,
2937 3546 3029 3613 qni
3056 3546 3323 3614 principia
3342 3545 3535 3601 dicunt

1954 3648 2076 3688 esse
2105 3650 2369 3705 corporea
2402 3645 2460 3690 et
2488 3646 2777 3704 propterea
2812 3637 3145 3706 corruptioni
3190 3638 3371 3691 omnia
3404 3638 3534 3693 sub-

1948 3722 2158 3791 jacere,
2198 3726 2402 3794 quique
2431 3741 2499 3781 ne
2535 3741 2810 3781 summum
2854 3727 3069 3795 quidem
3117 3729 3287 3784 Deum
3334 3730 3404 3783 ab
3443 3729 3532 3785 illa

1954 3816 2308 3884 corruptione
2333 3817 2663 3882 eximerent,
2696 3818 2798 3872 nisi
2831 3817 2939 3872 illis
2972 3819 3114 3873 istud
3149 3820 3310 3875 nimis
3339 3822 3534 3876 absur-

1954 3907 2080 3958 dmn
2111 3920 2232 3959 esse
2256 3906 2557 3972 videretur,
2592 3907 2766 3976 ipsum
2802 3907 2894 3961 Dei
2927 3906 3165 3961 Verbum
3196 3910 3337 3979 quod
3364 3926 3533 3979 usque

1954 3999 2019 4049 ad
2048 3996 2296 4051 homines
2325 3997 2464 4051 etad
2492 4012 2585 4052 res
2619 3998 2874 4053 minimas
2897 3999 3198 4063 descendit,
3230 4000 3363 4054 nihil
3388 4001 3532 4055 aliud

1954 4097 2218 4157 estquam
2252 4103 2547 4157 corporeus
2584 4091 2832 4159 spiritus.
2876 4092 2948 4145 At
2976 4106 3042 4146 ex
3077 4090 3257 4157 nobis,
3304 4093 3397 4161 qui
3442 4094 3535 4147 de-

1955 4190 2261 4232 monstrare
2281 4194 2549 4233 conamur
2574 4181 2810 4233 animam
2841 4182 3054 4236 ratione
3078 4182 3359 4249 praeditam
3383 4185 3529 4237 omni

1955 4279 2167 4341 naturae
2198 4285 2475 4340 corporeae
2514 4271 2839 4326 antecellere
2871 4281 2924 4325 et
2956 4273 3318 4326 substantiam
3350 4274 3533 4328 invisi.

1953 4361 2117 4413 bilem
2164 4374 2291 4415 esse
2332 4370 2495 4428 atque
2541 4360 2965 4430 incorporalem,
3003 4362 3226 4416 multum
3274 4363 3424 4418 abest
3474 4374 3533 4417 ut

1954 4466 2151 4519 corpus
2182 4451 2252 4504 sit
2285 4450 2426 4506 Deus
2454 4450 2712 4519 Verbum,
2751 4467 2850 4521 per
2878 4469 3035 4523 quem
3076 4454 3216 4507 facta
3267 4464 3391 4509 sunt
3415 4472 3533 4511 om-

1955 4544 2067 4605 nia,
2101 4544 2326 4611 quique,
2358 4552 2415 4595 nl
2440 4544 2619 4597 omnia
2668 4546 2879 4600 ratione
2924 4548 3138 4610 tierent,
3170 4564 3406 4616 praesens
3441 4553 3532 4604 ad-

263 4638 436 4707 μόνων
463 4638 560 4709 (2),
596 4639 729 4692 ἀλλὰ
763 4642 856 4693 καὶ
903 4640 1009 4693 τῶν
1044 4642 1340 4711 ἐλαχίστων
1376 4638 1513 4695 εἶναι
1563 4642 1846 4712 νομιζομέ-

1959 4634 2061 4689 fuit
2094 4652 2198 4692 non
2230 4634 2539 4692 hominibus
2571 4642 2807 4703 tantum,
2864 4640 2956 4692 sed
2992 4649 3045 4693 et
3085 4641 3247 4695 rebus
3281 4657 3401 4711 qua:
3435 4658 3533 4712 pro

259 4744 363 4779 νων
394 4730 487 4781 καὶ
511 4731 615 4782 67:6
649 4730 861 4799 φύσεως
892 4729 1294 4802 διοικουμένων.
1334 4733 1517 4786 Πάντα
1555 4734 1653 4803 μὲν
1684 4728 1776 4785 οὖν
1796 4740 1848 4791 οἱ

262 4817 367 4869 ἀπὸ
383 4819 479 4887 τῆς
508 4821 674 4884 Στοᾶς
696 4823 771 4892 (5)
803 4822 1243 4895 ἐκπυρούτωσαν·
1280 4826 1438 4894 ἡμεῖς
1460 4824 1516 4877 δὲ
1552 4822 1843 4892 ἀσώματον

261 4908 444 4962 οὐσίαν
474 4910 573 4963 οὐκ
606 4914 761 4983 ίσμεν
790 4915 1227 4985 ὲκπυρουμένην,
1256 4914 1365 4967 οὐδ’
1398 4917 1477 4978 εἰς
1503 4916 1611 4986 πῦρ
1634 4914 1849 4967 (Ξιναιλυο⁴

266 5000 432 5071 μένην
455 5003 553 5073 τὴν
583 5005 866 5075 ἀνθρώπου
895 5006 1070 5079 ψυχὴν
1095 5049 1109 5075 ,
1144 5008 1177 5078 ἢ
1219 5008 1316 5079 τὴν
1360 5007 1626 5077 ἀγγέλων,
1664 5007 1696 5078 ἢ
1724 5008 1850 5079 θρό-

333 5118 379 5149 "
411 5116 450 5170 ll
481 5119 605 5174 Cor.
636 5135 719 5181 ιιι,
747 5121 800 5182 5,
827 5122 879 5176 6.
945 5132 951 5137 '
988 5124 1034 5156 ⁸³
1064 5123 1221 5177 Joan.
1250 5141 1325 5189 tv,
1357 5123 1449 5179 24.

265 5190 391 5243 (ἴοι.
418 5204 497 5251 ιιι,
529 5189 613 5256 16,
644 5190 730 5254 17,
766 5192 852 5245 15.
947 5194 992 5225 ⁸³
1027 5195 1042 5246 l
1075 5194 1199 5248 Cor.
1230 5211 1289 5279 ιι,
1322 5195 1408 5248 14.

478 5307 731 5380 Vulgata,
766 5312 1201 5380 προσκυνήσετε.

334 5375 448 5449 (95)
499 5375 821 5449 Ἄνάλογονλ
844 5380 914 5432 ἐν
939 5375 1250 5448 πνεύματι,
1285 5380 1429 5449 Lego
1475 5395 1600 5435 cum
1649 5380 1847 5436 Guieto

268 5456 320 5500 et
345 5447 635 5520 ‘Boherello
668 5449 1043 5520 άνάλογοντῷ
1073 5447 1129 5501 ὲν
1161 5447 1455 5520 πνεύματι.

480 5517 637 5591 Mss.,_
669 5516 1245 5591 napi—[Libbtantea
1278 5516 1407 5575 editi
1429 5561 1443 5583 ,
1474 5520 1771 5591 Πνεύματι.

476 5586 801 5660 Συνάπζειζ
818 5589 1016 5660 ῨΜιιΙΙθι
1044 5589 1293 5654 Guietus,
1328 5591 1562 5660 συνᾴδει.

339 5656 771 5729 (98)Στωῖκῶν.
815 5659 944 5715 Vide
982 5661 1077 5715 lib.
1128 5674 1236 5729 ιιι,
1272 5656 1571 5729 ιιιιιιι.’71;
1634 5660 1725 5717 lib.
1771 5677 1843 5729 tv,

274 5741 417 5781 num.
442 5728 509 5782 14
538 5738 592 5784 et
623 5728 711 5785 68.

1554 5125 1601 5156 δ”
1633 5123 1786 5179 Joan.
1836 5141 1908 5191 tv,
1935 5124 2028 5179 9-1.

1962 4729 2199 4784 minimis
2223 4730 2489 4784 habentur
2512 4739 2565 4785 et
2580 4745 2609 4783 a
2630 4738 2824 4783 natura
2844 4730 3313 4786 administrantur.
3332 4734 3535 4799 Quam-

1957 4825 2146 4878 obrem
2173 4826 2355 4878 omnia
2383 4825 2505 4894 igne
2544 4822 2913 4878 consumenda
2947 4836 3068 4877 esse
3114 4826 3282 4879 velint
3315 4824 3481 4883 Stoici
3515 4844 3533 4890 ς

1961 4929 2059 4969 nos
2081 4929 2209 4970 vero
2233 4929 2336 4968 non
2363 4915 2638 4969 credimus
2664 4913 2790 4983 igne
2832 4915 3225 4970 absutnendam
3257 4932 3379 4972 esse
3405 4918 3535 4973 sub-

1960 5007 2217 5061 Stantiam
2246 5007 2668 5076 incorporalem,
2710 5021 2884 5075 neque
2916 5007 2967 5060 in
3003 5008 3181 5077 ignem
3216 5008 3530 5065 solvendam

2133 5124 2178 5155 "
2211 5123 2341 5181 ibid.
2368 5124 2461 5179 24.
2560 5123 2607 5155 ⁸⁸
2651 5122 2809 5178 Joan.
2840 5139 2878 5191 ι,
2914 5122 2995 5177 17.
3112 5124 3156 5155 ⁸⁷
3187 5124 3313 5178 ibid.
3403 5125 3448 5155 ⁵⁸
3490 5120 3530 5178 ιι

2025 5309 2138 5378 (99)
2174 5308 2346 5365 Codd.
2380 5308 2515 5378 Reg.
2550 5319 2601 5363 et
2639 5309 2971 5378 Basileensis
2994 5347 3008 5371 ,
3043 5308 3130 5360 ὅτε
3157 5305 3250 5358 καὶ
3280 5304 3459 5378 σῶμαὶ

2024 5374 2098 5450 (1)
2122 5374 2278 5446 ’Τοὺς
2309 5374 2575 5450 ἀπὸίὶῆς
2608 5377 2818 5450 Στοᾶς.
2850 5378 2982 5430 Vide
3151 5391 3385 5450 t,_nunt.
3426 5374 3529 5444 εις

1952 5444 2050 5505 lib.
2083 5444 2172 5513 in,
2212 5444 2359 5504 num.
2391 5449 2482 5514 74,
2520 5444 2575 5502 et
2612 5449 2801 5511 lib.tv,
2828 5461 2979 5499 num.
3007 5446 3080 5514 14
3106 5454 3161 5497 et
3187 5444 3279 5498 68.

2023 5519 2101 5589 (2)
2128 5520 2299 5575 Codd.
2334 5513 2474 5587 Reg.
2493 5527 2548 5589 et
2570 5516 2762 5589 B_asil.,
2795 5514 2973 5589 μόνον.
2996 5513 3171 5589 Pan-lo
3196 5523 3325 5589 post
3344 5514 3530 5569 mallet

1950 5582 2297 5655 Bobérellus,
2358 5582 2731 5658 νομιζομένων
2777 5582 2883 5638 τῶν
2916 5583 3020 5636 ὑπὸ
3052 5582 3267 5651 φύσεως
3302 5583 3532 5638 διοικου-

1956 5660 2193 5801 μέἴὲἰνὸί
2226 5724 2478 5800 ἀπε-τὸτῆς
2504 5723 2709 5792 Στοᾶς.
2748 5722 2884 5780 Vide
2912 5723 3007 5779 lib.
3050 5740 3100 5793 v,
3136 5739 3287 5779 num.
3321 5722 3418 5779 20.
