3990 6158
505 307 643 364 ιιοι

505 533 660 582 num,
697 517 1122 586 principatuum,
1159 523 1491 584 potestatum
1522 524 1793 568 naturam.

570 609 738 680 687
763 607 849 664 72.
881 607 1063 674 Quare
1093 604 1253 661 Celso
1299 606 1563 661 nescienti
1595 621 1716 675 quae
1762 613 1892 660 sunt
1927 605 2082 674 spiri-

502 707 592 755 tus
629 699 743 765 Dei,
770 699 970 754 frustra
1009 698 1154 753 dicta
1185 708 1307 753 sunt
1337 699 1454 754 hazc
1483 716 1496 752 :
1539 715 1558 748 ι
1590 697 1855 763 Quoniam
1905 695 2080 751 Filius

500 791 553 846 in
580 791 816 847 humano
840 801 1006 845 natus
1037 805 1268 861 corpore
1289 791 1515 861 spiritus
1538 801 1620 845 est
1655 805 1685 843 a
1724 787 1832 844 Deo
1856 790 2076 852 missus,

500 896 598 935 nec
651 881 767 950 ipse
826 881 923 936 Dei
987 883 1158 938 Filius
1219 881 1546 937 immortalis
1613 895 1735 936 esse
1794 883 2010 950 poterit.
2053 903 2070 934 ι

498 973 706 1029 Deinde
759 989 950 1029 rursus
995 990 1153 1030 suum
1200 975 1316 1044 ipse
1368 989 1674 1028 sermonem
1715 976 2074 1037 confundens,

497 1065 648 1132 quasi
678 1081 708 1120 e
740 1067 940 1121 nostris
972 1067 1195 1135 quidam
1231 1076 1416 1121 essent
1460 1069 1552 1134 qui
1597 1083 1699 1122 non
1739 1069 1929 1136 Deum,
1980 1070 2075 1124 sed

495 1155 690 1211 Filium
731 1157 848 1225 ejus
880 1158 1133 1227 spiritum
1175 1172 1295 1213 esse
1328 1159 1737 1227 profiterentur,
1786 1162 1853 1215 iis
1881 1177 2075 1237 occur-

494 1260 616 1301 rere
649 1247 750 1302 sibi
780 1249 1015 1314 videtur,
1047 1250 1298 1314 dicendo,
1337 1268 1356 1302 ε
1399 1249 1598 1303 nullatn
1646 1252 1872 1319 Spiritus
1917 1264 2074 1307 natu-

495 1350 611 1390 ram
635 1352 755 1392 esse
779 1339 1081 1406 lmjusmodi
1115 1356 1234 1410 qum
1258 1355 1470 1408 semper
1499 1351 1830 1410 permaneat.
1872 1361 1888 1394 ι
1921 1344 2071 1410 Quod

494 1426 636 1481 idem
664 1439 744 1483 est
770 1445 832 1485 ac
871 1431 916 1484 si
958 1433 1115 1491 nobis
1160 1434 1328 1487 Deum
1379 1433 1697 1489 vocantibus
1727 1435 1908 1505 ignem
1944 1454 2072 1493 con-

493 1527 822 1584 sumentem,
883 1519 1147 1588 objiceret
1197 1524 1403 1579 nullam
1458 1527 1602 1597 ignis
1655 1538 1906 1583 naturam
1951 1545 2072 1585 esse

491 1607 751 1676 ejusmodi
797 1625 918 1679 quae
977 1623 1291 1680 permaneat
1339 1630 1594 1684 semper;
1655 1635 1760 1673 non
1819 1621 2068 1674 animad-

490 1706 710 1754 vertens
761 1713 859 1754 nec
893 1715 1000 1769 quo
1037 1717 1196 1757 sensu
1235 1702 1401 1757 Deum
1449 1716 1695 1760 nostrum
1736 1710 2068 1776 appellemus

493 1788 693 1856 ignem,
733 1804 833 1846 nec
871 1805 1117 1860 quanam
1169 1793 1280 1848 sint
1320 1809 1409 1849 res
1455 1797 1559 1852 illae
1593 1812 1730 1866 quas
1776 1803 2070 1866 consum't,

490 1878 748 1933 nimirum
787 1893 1008 1951 peccata
1037 1891 1092 1937 et
1126 1885 1338 1938 vitium.
1379 1885 1585 1942 Bonum
1617 1891 1758 1942 enim
1789 1891 1951 1945 Deum
1976 1893 2072 1946 de-

489 1977 580 2023 cet
613 1981 895 2042 postquam
942 1976 1274 2031 athletarum
1318 1980 1551 2048 quisque
1587 1983 1850 2036 certando
1889 1985 2070 2052 qualis

489 2061 562 2114 sit
587 2062 931 2119 manifestum
973 2066 1183 2131 fecerit,
1221 2069 1347 2122 vitia
1375 2082 1660 2138 poenarum
1712 2072 1837 2141 igne
1875 2088 2073 2128 consu-

492 2167 662 2208 mere.
708 2153 914 2210 Rursus
957 2159 1150 2227 arripit
1198 2159 1302 2214 sibi
1351 2163 1494 2229 quod
1546 2163 1771 2216 minime
1816 2164 2068 2230 dicimus,

491 2259 688 2316 nempe
745 2267 763 2299 ι
796 2253 1164 2306 necessarium
1223 2251 1427 2318 fuisse,
1474 2263 1534 2308 ut
1581 2253 1738 2311 Jesus
1789 2257 2070 2313 moriendo

489 2337 658 2393 Deum
701 2339 949 2408 efﬂaret;
1003 2346 1144 2397 unde
1187 2357 1532 2412 consequens
1583 2356 1663 2400 est
1717 2346 1904 2401 Jcsum
1965 2362 2068 2401 non

487 2431 728 2498 potuisse
761 2445 882 2485 cum
907 2448 1135 2502 corpore
1171 2448 1479 2501 resurgere.
1522 2433 1709 2502 Neque
1749 2435 1893 2490 enim
1928 2435 2071 2490 Deus

489 2522 782 2590 recepisset
805 2539 966 2592 quem
1007 2525 1524 2594 dedcratspiritum,
1552 2528 1594 2581 si
1635 2529 1678 2581 is
1717 2537 1914 2580 natura
1949 2543 2069 2581 cor-

486 2613 634 2683 poris
675 2617 1078 2672 contaminatus
1113 2618 1326 2674 fuisset.
1367 2639 1384 2671 ο
1441 2621 1519 2673 Ad
1571 2621 1685 2674 hmc
1737 2619 1901 2688 igitur
1946 2633 2068 2673 cum

489 2715 673 2760 nostra
701 2722 808 2762 non
836 2711 964 2776 sint,
1005 2712 1226 2767 Stultum
1273 2723 1416 2770 esset
1462 2715 1616 2782 quasi
1649 2713 1713 2767 ad
1759 2721 1944 2768 nostra
1981 2726 2066 2767 re-

487 2798 776 2865 spondere.

559 2890 649 2945 75.
682 2892 927 2949 Posthaec
955 2895 1143 2949 cadent
1171 2897 1376 2951 iterans
1408 2897 1547 2950 redit
1573 2897 1840 2952 adortum
1871 2894 1965 2949 Dei
2001 2908 2068 2949 ex

490 2980 714 3053 Virgine
745 2984 796 3038 in
833 2974 992 3052 quem
1030 2987 1140 3052 jam
1188 3001 1350 3054 supra
1379 2990 1544 3041 multa
1594 2988 1852 3041 disseruit
1892 2989 2066 3042 dicte-

1960 289 2282 360 ORIGENIS

501 438 622 482 esse
651 427 944 482 humanam
971 424 1234 490 animam,
1262 431 1354 479 aut
1379 422 1719 493 angelorum,
1754 421 2067 477 dominatio

2187 436 2311 483 νων,
2337 416 2368 488 ἢ
2396 416 2752 488 κυριοτήτων,
2777 417 2808 487 ἢ
2835 416 3037 486 ἀρχῶν,

3665 297 3688 350 1
3709 295 3826 350 Δίῦδ

3135 416 3396 481 ἐξουσιῶν
3452 416 3686 468 ὑπόστα
3699 433 3816 470 σιν.

2258 599 2453 669 Διόπερ
2502 599 2696 671 Ιμάτην
2757 600 3002 656 λέλεκται
3058 601 3158 671 τῷ
3194 601 3409 672 Κέλσῳ,
3451 601 3530 663 ὡς
3594 602 3681 671 μὴ
3723 603 3815 654 ei-

2179 689 2288 743 δότι
2341 690 2411 743 τὰ
2457 690 2548 743 τοῦ
2601 692 2915 761 Πνεῦματος
2947 693 3040 745 τοῦ
3085 692 3240 756 Θεοῦ,
3291 695 3394 752 ὅτι,
3436 713 3456 746 ‹
3511 695 3810 766 Ἔτι-εἰπερ

2181 779 2398 849 πνεῦμά
2425 783 2569 832 εστιν
2601 781 2708 833 ἀπὸ
2739 782 2833 834 τοῦ
2868 783 3002 836 Θεοῦ
3022 786 3050 835 ὁ
3074 783 3201 846 Υἱὸς
3235 787 3292 836 ὲν
3324 784 3679 855 ἀνθρωπίνῳ
3705 803 3810 854 γε·

2180 875 2352 944 γονὼς
2409 875 2640 947 σώματι,
2703 877 2810 930 οὐδ’
2865 878 2930 931 ἂν
2982 880 3141 942 αὐτὸς
3177 881 3259 951 εἴη
3306 881 3587 944 ἀθάνατος
3619 884 3652 935 ὁ
3698 884 3799 936 τοῦ

2177 968 2310 1021 Θεοῦ
2359 969 2503 1032 Υἱός.
2544 989 2562 1020 ι
2599 965 2731 1022 Εἶτα
2761 970 2922 1024 πάλιν
2952 971 3130 1043 ἑαυτῷ
3161 973 3317 1044 φύρει
3350 975 3441 1026 τὸν
3462 974 3666 1041 λόγον,
3719 975 3800 1037 ὥς

2174 1079 2337 1116 τινων
2365 1062 2457 1131 ἀφ’
2481 1061 2639 1133 ἡμῶν
2668 1064 2764 1134 οὐχ
2788 1064 3239 1136 ὁμολογησάντων
3262 1066 3336 1137 (4)
3366 1067 3599 1137 πνεῦμα
3645 1063 3798 1120 εἶναι

2174 1153 2266 1206 τὸν
2309 1154 2461 1218 Θεὸν,
2489 1154 2621 1208 ἀλλὰ
2657 1156 2748 1209 τὸν
2799 1157 2925 1210 Υἱὸν
2972 1157 3156 1221 αὐτοῦ,
3188 1160 3282 1212 καὶ
3313 1161 3484 1212 οῐεται
3514 1161 3796 1229 ἀπαντᾷν

2175 1243 2368 1310 λέγων,
2396 1243 2476 1296 ὅτι
2512 1263 2529 1294 ι
2568 1244 2805 1315 Οὐδεμία
2827 1247 3048 1315 τοιαύτη
3088 1247 3246 1314 φύσις
3274 1248 3391 1299 ἐστὶ
3423 1247 3792 1317 πνεύματος,

2175 1333 2302 1385 ὥστ’
2336 1334 2421 1386 ἀεὶ
2445 1335 2738 1404 διαμένεινο
2777 1356 2794 1384 ι
2837 1337 2969 1390 ὡσεὶ
3012 1339 3124 1402 καὶ,
3155 1339 3423 1406 λεγόντων
3455 1343 3490 1409 ἡ
3504 1341 3661 1411 μῶν,
3706 1343 3789 1393 ὅτι

2174 1428 2201 1478 ὀ
2228 1426 2360 1489 Θεὸς
2407 1426 2516 1497 πῦρ
2563 1429 2676 1480 ἐστι
2726 1428 3141 1495 καταναλίσκον,
3194 1431 3375 1499 ἔλεγεν
3418 1433 3506 1483 ὅτι
3536 1432 3788 1500 οὐδεμία

2172 1516 2395 1587 τοιαύτη
2443 1519 2557 1569 ἐστὶ
2591 1517 2751 1585 φύσις
2801 1519 2992 1590 πυρὸς,
3023 1519 3150 1572 ὥστ’
3179 1521 3265 1573 ἀεὶ
3311 1521 3621 1592 διαμένειν·
3685 1523 3786 1593 οὐχ

2172 1607 2313 1678 ὀρῶν
2335 1607 2450 1670 πῶς
2477 1608 2705 1678 λέγομεν
2738 1605 2873 1662 εἶναι
2908 1610 3019 1682 πῦρ
3059 1612 3150 1664 τὸν
3183 1613 3313 1666 Θεὸν
3345 1613 3526 1684 ἡμῶν,
3565 1615 3680 1667 καὶ
3703 1615 3786 1667 τί-

2173 1716 2277 1752 νων
2305 1701 2657 1765 ἁναλωτικὸν,
2687 1703 2769 1756 ὅτι
2799 1703 3213 1774 ἁμαρτημάτων
3257 1706 3349 1758 καὶ
3395 1707 3496 1776 τῆς
3537 1708 3779 1769 κακίας.

2175 1791 2382 1860 Πρέπει
2423 1791 2530 1862 γὰρ
2558 1791 2675 1862 Θεῷ
2708 1792 2917 1863 ἀγαθῷ,
2958 1795 3095 1864 μετὰ
3147 1795 3207 1847 τὸ
3247 1795 3480 1849 ἕκαστον
3530 1801 3778 1868 φανῆναι

2176 1883 2599 1953 ἀγωνισάμενον,
2656 1888 2838 1949 ὁποῖος
2894 1887 3116 1955 γέγονεν
3167 1889 3498 1960 ἀγωνιστὴς,
3552 1891 3778 1943 ἀναλῶ-

2178 1989 2265 2025 σαι
2414 1974 2490 2044 τῷ
2520 1977 2652 2045 πυρὶ
2682 1976 2789 2029 τῶν
2817 1977 3090 2030 κολάσεων
3117 1979 3214 2049 τὴν
3237 1980 3451 2031 κακίαν.
3482 1977 3627 2033 Εἶτα
3669 1983 3777 2034 πά-

2174 2064 2257 2118 λιν
2296 2065 2473 2136 ὲαυτῷ
2509 2067 2571 2118 τὸ
2610 2067 2682 2137 μὴ
2710 2067 2997 2139 λεγόμενον
3033 2069 3120 2137 ὑφ’
3161 2069 3316 2139 ἡμῶν
3356 2071 3656 2140 λαμϐάνει,
3692 2074 3776 2126 ὅτι

2180 2169 2197 2201 ι
2247 2152 2564 2221 Ἀναγκαῖόν
2593 2157 2707 2207 ἐστι
2737 2157 2795 2208 τὸ
2844 2157 3309 2211 ἀναπεπνευκέναι
3347 2161 3437 2213 τὸν
3464 2162 3624 2213 Θεόνκ
3679 2165 3776 2215 καὶ

2171 2241 2345 2312 τούτῳ
2394 2243 2682 2298 ἀκόλουθον
2738 2249 2798 2299 τὸ
2851 2248 2925 2320 μὴ
2979 2248 3236 2303 δύνασθαι
3270 2252 3571 2322 ἀναστῆναι
3623 2254 3774 2324 μετὰ

2171 2333 2264 2386 τοῦ
2327 2334 2576 2404 σώματος
2629 2337 2716 2390 τὸν
2787 2338 3009 2410 Ἰησοῦν.
3067 2343 3181 2396 Οὐκ
3241 2342 3305 2396 ἂν
3358 2343 3466 2415 γὰρ
3533 2345 3745 2415 ἀπειλή

2175 2443 2261 2494 φει
2308 2425 2336 2477 ὃ
2367 2425 2563 2480 δέδωκε
2600 2429 2814 2499 πνεῦμα
2866 2433 2894 2484 ὁ
2929 2432 3060 2496 Θεὸς
3107 2437 3668 2508 καταμεμολυσμένον
3698 2442 3765 2509 τῇ

2172 2516 2264 2570 τοῦ
2320 2517 2570 2588 σώματος
2623 2521 2800 2589 φύσει.
2845 2543 2863 2574 ι
2913 2523 3118 2596 Εῦηθες
3169 2523 3262 2580 οὖν
3314 2531 3565 2601 ἁπαντᾷν
3608 2534 3765 2602 furi;

2173 2608 2309 2679 πρὸς
2360 2611 2487 2674 τοὺς
2535 2611 2758 2681 λόγους,
2813 2615 2887 2679 ὡς
2942 2619 3261 2689 ἡμετέρους,
3311 2621 3436 2686 τους
3491 2623 3570 2695 μὴ
3621 2625 3759 2696 ἠμε-

2171 2698 2378 2770 τέρους.

2242 2876 2354 2935 Εἶθ’
2401 2883 2527 2955 ἑξῆς
2577 2887 2936 2957 ταυτολογῶν,
2995 2894 3133 2962 μετὰ
3174 2894 3236 2946 τὸ
3295 2897 3464 2951 πολλὰ
3519 2900 3576 2951 ἐν
3629 2905 3756 2964 τοῖς

2170 2972 2426 3046 ἀνωτέρω
2453 2979 2644 3043 εἰπεῖν,
2670 2981 2764 3032 καὶ
2800 2983 3058 3051 χλευάσαι
3093 2987 3190 3057 τὴν
3221 2989 3284 3041 ἐκ
3318 2990 3589 3061 Παρθένου
3623 2993 3756 3060 γέν-

491 3073 681 3142 riaque
711 3075 849 3130 fudit
873 3093 993 3145 quae
1025 3093 1122 3146 pro
1157 3079 1362 3140 viribus
1393 3079 1773 3133 refutavimus.
1817 3099 1835 3129 ‹
1877 3079 1932 3134 Si
1969 3095 2066 3135 vo-

2174 3081 2326 3134 νησιν
2346 3064 2442 3118 τοῦ
2475 3067 2632 3133 Θεοῦ,
2665 3070 2799 3140 πρὸς
2831 3072 2898 3142 ἢν
2928 3073 3069 3126 κατὰ
3091 3076 3150 3127 τὸ
3176 3076 3399 3131 δυνατὸν
3419 3079 3549 3149 ἡμῖν
3573 3081 3754 3152 ἀπην-

488 3165 662 3232 lebat,
712 3165 911 3234 inquit,
958 3184 1022 3221 ex
1081 3169 1263 3239 seipso
1316 3170 1570 3238 spiritum
1619 3171 1888 3236 emittere,
1941 3173 2065 3241 quid

485 3270 627 3326 Opus
667 3257 769 3311 fuit
817 3268 878 3312 ut
924 3260 1073 3314 illutn
1122 3261 1176 3314 in
1227 3262 1443 3316 feminae
1488 3273 1699 3316 uterum
1731 3264 2066 3331 inspiraret?

485 3344 605 3403 lam
640 3348 784 3402 enim
830 3349 1080 3404 homines
1123 3349 1440 3405 eﬂ‘ormandi
1496 3352 1724 3420 peritus,
1770 3356 1945 3420 potuit
1976 3354 2062 3408 isti

487 3443 901 3496 accommodare
933 3457 1152 3511 corpus,
1182 3458 1285 3496 non
1318 3457 1448 3497 vero
1497 3443 1777 3513 proprium
1811 3446 2065 3514 spiritum

487 3533 716 3604 injicere
748 3536 798 3590 in
834 3545 1037 3590 tantam
1069 3536 1310 3592 sordium
1337 3539 1633 3591 sentinam.
1670 3536 1725 3591 Si
1753 3538 1884 3593 sice
1907 3555 2063 3607 supe-

488 3622 564 3684 ris
616 3631 862 3700 proxime
907 3633 1299 3694 descendisset,
1346 3631 1488 3684 nulla
1536 3630 1730 3686 fuisset
1769 3631 2064 3687 increduli-

489 3732 589 3776 tas.
628 3739 648 3773 ι
683 3723 748 3777 Ει
776 3725 892 3777 hsce
928 3725 1080 3791 dixit,
1108 3727 1230 3793 quia
1258 3725 1490 3780 nescivit
1517 3739 1679 3793 quam
1709 3739 1876 3794 purus
1901 3732 1955 3778 et
1980 3727 2063 3779 in-

489 3813 785 3865 taminatus
837 3812 999 3866 fuerit
1047 3830 1077 3867 e
1127 3814 1343 3883 Virgine
1402 3829 1556 3869 ortus
1623 3815 1866 3881 corporis
1922 3815 2064 3884 quod

486 3899 649 3953 saluti
693 3902 968 3955 hominum
1007 3903 1399 3958 inserviturum
1437 3915 1576 3958 erat.
1623 3904 1782 3958 Putat
1823 3905 1932 3969 ille,
1972 3906 2063 3974 qui

488 3989 706 4048 Stoicos
744 4007 1025 4049 sermones
1060 3995 1233 4048 fundit
1263 4005 1316 4051 et
1350 4005 1526 4050 tamen
1570 4011 1758 4051 eorum
1790 3998 1856 4052 de
1904 3998 2065 4051 indif-

485 4081 792 4141 ferentibus
843 4085 1007 4140 rebus
1063 4085 1366 4140 doctrinam
1414 4087 1668 4157 ignorare
1715 4102 1774 4142 se
1817 4087 2060 4156 simulat,

484 4176 724 4230 divinam
767 4185 1021 4231 naturam
1066 4177 1118 4232 in
1158 4180 1346 4234 sordes
1388 4178 1534 4248 injici
1573 4187 1627 4233 et
1677 4179 2058 4242 contaminari,

484 4270 600 4324 sive
622 4270 676 4324 in
717 4270 935 4324 femina:
981 4285 1212 4342 corpore
1245 4281 1466 4326 maneat
1500 4273 1671 4327 donec
1717 4271 1817 4342 ipsi
1866 4287 2063 4341 corpus

485 4359 774 4426 formetur,
802 4361 920 4416 sive
961 4378 1155 4432 corpus
1192 4371 1435 4417 assumat
1469 4376 1484 4415 :
1521 4363 1663 4431 quod
1714 4363 1941 4431 perinde
1981 4371 2063 4417 est

2171 3156 2434 3226 τήσαμεν,
2481 3160 2662 3228 φησίν·
2701 3181 2718 3211 ε
2758 3163 2819 3215 Εἰ
2856 3164 2900 3216 δ’
2932 3164 3181 3221 ἐϐούλετο
3222 3168 3436 3240 πνεῦμα
3471 3172 3528 3236 ἐξ
3559 3173 3754 3226 ἑαυτοῦ

2169 3246 2544 3317 καταπέμψαι,
2565 3251 2618 3302 τί
2650 3252 2818 3305 ἐδεῖτο
2843 3257 2923 3318 είς
2936 3260 3194 3324 γυναικὸς
3220 3263 3462 3333 γαστέρα
3487 3267 3753 3336 ὲμπνεῖν;

2182 3337 2432 3392 Ἐδύνατο
2479 3341 2587 3412 γὰρ
2628 3344 2726 3415 ἤδη
2776 3345 3036 3401 πλάσσειν
3079 3351 3400 3422 ἀνθρώπους
3433 3356 3609 3421 εἰδὼς,
3662 3360 3755 3411 καὶ

2166 3428 2340 3499 τούτῳ
2367 3433 2697 3502 περιπλάσαι
2729 3435 2906 3507 σῶμα,
2939 3441 3032 3492 καὶ
3064 3442 3136 3512 μὴ
3171 3445 3231 3495 τὸ
3266 3445 3392 3496 ἴδιον
3421 3447 3639 3517 πνεῦμα
3675 3451 3753 3515 εἰς

2166 3520 2418 3575 τοσοῦτον
2453 3524 2665 3594 μίασμα
2704 3528 2976 3597 ὲμϐαλεῖνο
3005 3530 3178 3597 οὕτως
3210 3535 3355 3604 μέντ’
3385 3536 3451 3590 ἂν
3479 3539 3589 3590 οὐδ’
3621 3542 3751 3609 ἠπι-

2169 3614 2363 3678 στεῖτο,
2402 3615 2450 3666 εἰ
2479 3613 2683 3668 ἄνωθεν
2711 3618 2871 3680 εὐθὺς
2904 3619 3163 3691 ἔσπαρτο.
3209 3642 3226 3673 ι
3265 3626 3370 3677 Καὶ
3398 3627 3547 3679 ταῦτ’
3573 3625 3749 3694 εἶπεν,

2166 3704 2289 3756 ἐπεὶ
2327 3705 2400 3775 μὴ
2435 3701 2541 3758 οῘδε
2572 3707 2645 3778 (6)
2668 3709 2766 3779 τὴν
2802 3711 3048 3782 καθαρὰν
3071 3716 3165 3766 καὶ
3189 3716 3523 3788 παρθενικὴν
3556 3720 3752 3792 γέννη-

2169 3813 2251 3849 σιν
2281 3799 2373 3849 καὶ
2403 3798 2510 3850 ἀπὸ
2555 3800 2827 3870 μηδεμιᾶς
2873 3803 3079 3874 φθορᾶς
3107 3805 3199 3857 τοῦ
3233 3808 3516 3876 μέλλοντος
3546 3811 3750 3884 ὑπηρε-

2165 3887 2433 3956 τήσασθαι
2460 3892 2525 3960 τῇ
2560 3891 2858 3962 ἀνθρώπων
2895 3897 3136 3966 σωτηρία
3182 3897 3449 3969 σώματος.
3499 3920 3518 3952 ι
3565 3904 3747 3968 Οἴετᾳι

2165 3979 2222 4031 δὲ
2254 3980 2281 4032 ὁ
2305 3980 2397 4034 τὸν
2421 3982 2655 4035 Στωϊκὸν
2687 3985 2760 4054 (7)
2790 3985 2945 4055 λόγον
2968 3988 3332 4058 ἐκτιθέμενος,
3369 3993 3462 4046 καὶ
3493 3994 3566 4064 μὴ
3593 4013 3747 4066 προσ·

2166 4072 2484 4142 ποιούμενος
2507 4073 2574 4126 τὰ
2610 4077 2735 4147 περὶ
2761 4077 3065 4149 ἀδιαφόρων
3091 4081 3481 4151 μεμαθηκέναι,
3520 4087 3601 4149 είς
3625 4090 3743 4156 μία-

2167 4179 2278 4234 σμα
2331 4164 2698 4236 ἐμϐεϐλῆσθαι
2742 4167 2840 4239 τὴν
2890 4170 3037 4223 θείαν
3083 4172 3265 4240 φύσιν,
3321 4175 3415 4228 καὶ
3452 4178 3742 4247 μεμιάσθαι

2163 4254 2272 4308 εἴτε
2305 4257 2601 4327 γενομένην
2629 4260 2687 4311 ὲν
2719 4263 2974 4329 γυναικὸς
3009 4263 3240 4334 σώματι,
3276 4267 3380 4330 ἕως
3404 4270 3740 4341 περιπλασθῇ

2166 4347 2300 4418 αὐτῇ
2336 4348 2396 4401 τὸ
2432 4349 2608 4419 σῶμα,
2645 4351 2754 4403 εἴτε
2792 4352 2950 4423 σῶμα
2970 4354 3341 4426 ἀνειληφυῖαν·
3369 4360 3740 4431 παραπλήσιόν

484 4465 551 4506 ac
578 4451 710 4507 illud
736 4454 878 4521 quod
921 4453 1524 4520 nonnulliexistimant,
1576 4454 1706 4508 solis
1732 4454 1913 4508 radios
1942 4454 2060 4523 pol-

2174 4453 2218 4490 τι
2244 4437 2410 4490 ποιῶν
2435 4441 2548 4500 τοῖς
2561 4441 2825 4510 οἰομένοις
2844 4443 2942 4506 τὰς
2962 4445 3136 4512 αὐγὰς
3157 4446 3250 4499 τοῦ
3273 4447 3420 4517 ἡλίου
3443 4449 3740 4518 μιαίνεσθαι

483 4542 583 4607 lui,
601 4557 722 4598 cum
742 4543 795 4597 in
815 4559 1030 4599 caenum
1051 4554 1148 4599 aut
1171 4545 1512 4601 maleolentia
1535 4560 1760 4616 corpora
1789 4545 2056 4610 incidunt,

484 4647 586 4688 nec
616 4633 686 4688 ibi
718 4650 882 4702 puros
910 4650 1152 4690 manere.
1185 4635 1292 4690 Sed
1321 4637 1571 4704 quamvis
1598 4651 1797 4704 corpus
1830 4634 1978 4700 Jesu,
2005 4645 2064 4690 ut

483 4723 672 4778 Celsus
717 4724 916 4779 factum
971 4725 1140 4781 fuisse
1175 4725 1356 4791 vellet,
1407 4726 1702 4780 formatum
1759 4727 1881 4780 sine
1939 4735 2061 4779 ortu

486 4814 704 4880 fuisset,
734 4829 838 4868 nou
870 4817 1126 4870 continuo
1171 4817 1303 4871 illud
1346 4820 1436 4885 qui
1474 4819 1771 4881 vidissent,
1798 4816 2060 4870 credidis-

484 4914 610 4962 sent
633 4918 736 4959 non
772 4913 956 4959 natum
993 4908 1330 4963 fuisse.-Nec
1356 4909 1500 4963 enim
1546 4910 1601 4963 id
1635 4907 1782 4977 quod
1823 4906 2062 4969 videtur,

487 4996 726 5054 declarat
771 5005 1020 5052 naturam
1071 5013 1102 5054 a
1142 5014 1249 5068 qua
1285 5011 1464 5056 ortum
1515 5008 1620 5056 est.
1669 4999 1778 5054 Fac
1831 4997 2064 5065 exempli

485 5100 650 5142 causa
676 5086 779 5140 mel
805 5099 927 5141 esse
953 5089 1096 5155 quod
1126 5097 1306 5142 ortum
1351 5104 1458 5142 non
1503 5088 1666 5143 fuerit
1711 5089 1779 5142 ab
1830 5087 2062 5157 apibus;

487 5179 616 5232 licet
643 5177 772 5232 illud
809 5188 900 5232 aut
935 5189 1120 5250 gustes
1154 5187 1248 5234 aut
1290 5179 1498 5245 videas,
1534 5193 1640 5232 non
1694 5179 1880 5233 statim
1924 5177 2067 5234 scies

493 5267 620 5327 illud
642 5285 746 5326 non
770 5271 936 5328 fuisse
960 5273 1027 5329 ab
1053 5272 1245 5344 apibus
1267 5280 1642 5328 constructum
1671 5287 1686 5324 :
1714 5282 1771 5324 ut
1796 5272 1900 5327 hoc
1922 5267 2066 5339 quod

559 5451 639 5524 (ξ)
667 5451 1006 5524 llmscbelius
1033 5454 1086 5508 in
1104 5462 1290 5524 textu,
1329 5451 1772 5524 ὁμολογησάντων

563 5522 642 5589 (Si)
690 5521 1032 5579 Ἀγαλῶσαι.
1072 5523 1202 5578 Vide
1231 5525 1324 5579 lib.
1363 5521 1434 5585 iv,
1471 5538 1623 5578 num.
1650 5523 1737 5589 l52

570 5585 646 5660 (6)
682 5592 865 5646 Codex
894 5593 1113 5660 Regius,
1146 5591 1277 5647 οἶδε.
1311 5594 1473 5649 Libh.
1506 5593 1661 5657 editi,
1695 5585 1823 5646 εἶδε.

568 5660 648 5727 (7)
678 5665 960 5718 Στωϊκόν.
988 5663 1118 5717 Vide
1151 5666 1246 5718 lih.
1281 5680 1354 5727 IV,
1383 5681 1531 5717 num.
1560 5663 1626 5716 14
1665 5675 1719 5718 et
1747 5661 1834 5715 68.

568 5663 624 5710 t7
678 5665 960 5718 Στωϊκόν.
988 5663 1118 5717 Vide
1151 5666 1246 5718 lih.
1281 5680 1354 5727 IV,
1383 5681 1531 5717 num.
1560 5663 1626 5716 14
1665 5675 1719 5718 et
1747 5663 1834 5715 68.

565 5663 648 5798 (εί
668 5731 864 5797 Εὐθὺς
891 5731 968 5789 ἂν
998 5735 1070 5800 01,
1096 5742 1198 5788 etc.
1235 5733 1596 5790 Scribendum
1617 5734 1827 5789 videtur
1854 5731 2068 5794 Guieto,

2165 4530 2222 4582 ὲν
2254 4533 2365 4592 τοῖς
2409 4531 2688 4604 βορϐόροις
2716 4535 2808 4586 καὶ
2847 4538 2959 4599 τοῖς
2989 4535 3248 4590 δυσώδεσι
3279 4539 3513 4609 σώμασι,
3547 4543 3640 4595 καὶ
3673 4543 3740 4612 μὴ

2169 4622 2349 4692 μένειν
2404 4625 2564 4676 κάκεῖ
2605 4625 2871 4698 καθαράς.
2908 4628 3017 4680 Καὶ
3055 4630 3103 4680 εἰ
3134 4629 3274 4682 κατὰ
3302 4631 3401 4701 τὴν
3435 4631 3643 4684 Κέλσου
3686 4632 3739 4685 δὲ

2166 4713 2420 4767 ὑπόθεσιν
2446 4716 2613 4787 χωρὶς
2631 4719 2935 4786 γεννήσεως
2955 4719 3357 4790 περιεπλάσατο
3382 4723 3442 4774 τὸ
3479 4722 3636 4792 σῶμα
3667 4724 3739 4794 τῷ

2177 4804 2372 4875 Ἰησοῦ,
2405 4805 2566 4868 εὐθὺς
2595 4806 2660 4859 ἂν
2679 4809 2726 4860 οἱ
2757 4807 2829 4878 (8)
2857 4809 3143 4878 βλέποντες
3165 4813 3224 4864 τὸ
3253 4813 3410 4882 σῶμα
3440 4814 3737 4876 ἐπίστευον,

2165 4902 2246 4954 ὅτι
2280 4902 2379 4955 οὐκ
2411 4903 2518 4957 ἀπὸ
2552 4906 2858 4976 γεννήσεως
2892 4901 2978 4975 ἦν·
3015 4903 3135 4956 οὐδὲ
3171 4904 3278 4975 γὰρ
3321 4906 3382 4958 τὸ
3415 4905 3736 4976 βλεπόμενον

2167 4995 2498 5063 ἀπαγγέλλει
2529 4996 2603 5067 (9)
2638 4999 2730 5052 καὶ
2767 4998 2864 5068 τὴν
2890 4997 3069 5064 φύσιν,
3101 4996 3221 5050 ὅθεν
3255 4999 3593 5068 γεγέννηται.
3621 4996 3736 5052 υίον

2168 5090 2216 5140 εἰ
2245 5088 2365 5141 καθ’
2401 5087 2656 5142 ὑπόθεσιν
2689 5089 2811 5159 μέλι
2842 5085 2910 5159 ἦν
2936 5107 2989 5140 τι
3023 5088 3098 5160 μὴ
3115 5089 3224 5142 ἀπὸ
3251 5089 3536 5160 μελισσῶν,
3564 5091 3736 5144 οὐκᾶν

2166 5178 2326 5232 τοῦτὸ
2358 5196 2440 5243 τις
2459 5180 2796 5250 ἀπήγγελλεν
2824 5180 2932 5233 ἀπὸ
2958 5181 3056 5250 τῆς
3087 5181 3325 5249 γεύσεως
3352 5181 3384 5251 ἢ
3418 5182 3518 5252 τῆς
3547 5182 3732 5251 ὅψεως,

2168 5270 2248 5323 ὅτι
2273 5268 2346 5339 μὴ
2374 5269 2482 5323 ἀπὸ
2512 5269 2777 5340 μελισσῶν
2806 5271 2974 5326 ἐστιν·
3001 5271 3078 5335 ὡς
3099 5272 3222 5326 οὐδὲ
3246 5274 3307 5326 τὸ
3335 5272 3444 5326 ἀπὸ
3474 5272 3734 5343 μελισσῶν

2169 5453 2270 5507 οὐκ
2300 5452 2461 5514 εὐθὺς
2486 5451 2553 5505 ἂν
2576 5451 2650 5516 οἱ,
2685 5461 2810 5524 etc.
2840 5451 3013 5524 _Certe
3065 5453 3331 5524 particula
3359 5451 3607 5524 negativa
3639 5453 3730 5505 οὐκ

2171 5524 2396 5577 omnino
2427 5523 2732 5577 necessaria
2765 5522 2998 5578 videtur.

2243 5591 2508 5669 (9)_M_ss.,
2566 5591 2916 5669 ἀπαγγέλλει.
2965 5592 3118 5647 Libb.
3171 5592 3334 5669 editi,
3395 5590 3729 5669 ἐπαγγέλλει,

2172 5660 2470 5783 Ιὶἓξὶίιιῖω
2505 5676 2611 5716 non
2649 5662 2814 5724 semel
2841 5663 3062 5736 legatur
3105 5663 3291 5718 eodem
3333 5677 3496 5718 sensu
3561 5660 3733 5730 ἀπὶγο

2172 5749 2204 5783 Υ
2259 5767 2270 5783 κ
2305 5748 2370 5783 ει.

2172 5748 2370 5800 γελλεμ

3935 2933 3947 3066 1

3942 3064 3947 3083 Ἰ

3945 3208 3948 3244 l

3942 3471 3945 3490 ί
