3990 6158
207 285 236 338 1
251 283 363 339 409

1420 281 1697 337 CONTRA
1731 279 2010 337 CELSUM
2053 281 2183 337 LIB.
2227 278 2320 336 Vl.

3359 285 3493 341 1410

205 378 551 447 δείκνυσιτῇ
587 375 831 446 αἰσθήσει
855 373 953 446 τὴν
989 372 1185 446 ἀρχὴν,
1207 371 1320 426 ἀλλ’
1352 373 1384 443 ὴ
1414 378 1575 445 πεῖρα
1606 372 1805 427 δείκνυ-

1917 371 2200 441 abapibus
2221 370 2529 426 confectum
2562 379 2666 436 est,
2699 371 2881 426 sensui
2910 371 3080 442 638
3115 371 3318 428 indicat
3339 387 3492 428 suam

206 487 328 534 σιν,
361 471 440 523 ὅτι
467 468 611 521 τοῦτ’
636 467 743 520 ἀπὸ
770 465 1040 536 μελισσῶν
1057 466 1223 517 ἐστιν.
1259 463 1413 516 Οῦτω
1440 463 1496 516 δὲ
1513 465 1607 516 καὶ
1632 466 1665 536 ἡ
1689 468 1806 518 πεῖ-

208 577 290 631 ρα
320 561 580 627 διδάσκει,
615 560 697 612 ὅτι
727 558 974 629 ἀμπέλου
1003 560 1030 610 ὁ
1057 553 1218 619 οἶνοςσ
1252 556 1312 608 οὐ
1341 555 1449 626 γὰρ
1482 556 1742 626 ἀναφέρει
1773 557 1806 625 ή

203 652 410 720 γεῦσις
436 651 498 704 τὸ
524 652 632 704 ἀπὸ
660 649 929 721 ἀμπέλου.
977 648 1080 700 Τὸν
1108 647 1271 700 αὐτὸν
1303 646 1500 716 τρόπον
1531 645 1708 697 τοίνυν
1748 645 1809 697 τὸ

205 744 478 813 αἰσθητὸν
518 743 678 812 σῶμα
707 741 806 793 οὐκ
835 737 1164 806 ἀπαγγέλλει
1195 737 1285 789 τὸν
1316 735 1516 807 τρόπον
1547 736 1646 805 τῆς
1678 735 1810 787 ὑπο-

205 839 466 899 στάσεως
486 833 669 889 αὑτοῦ.
691 830 1052 904 Προσαχθήσῃ
1074 829 1130 882 δὲ
1153 826 1230 898 τῷ
1259 827 1536 896 λεγομένῳ
1563 826 1671 879 ἀπὸ
1701 825 1808 878 τῶν

204 931 273 982 ἐν
304 931 576 999 οὐρανοῖς,
601 919 675 980 ὧν
692 927 790 996 τῆς
815 924 1166 986 ὑποστάσεως
1189 924 1284 976 καὶ
1304 924 1403 992 τῆς
1430 922 1810 993 λαμπρότητος

203 1019 542 1090 αίσθόμεθα,
581 1017 866 1086 βλέποντες
913 1016 1070 1069 αὐτά’
1108 1014 1223 1066 ἀλλ’
1259 1013 1318 1065 οὐ
1355 1013 1528 1082 δήπου
1559 1015 1592 1083 ἡ
1621 1012 1810 1083 αἴσθη-

206 1127 305 1173 σις
336 1111 465 1180 ἡμῖν
496 1107 806 1170 ὑποϐάλλει,
834 1107 1060 1177 πότερον
1084 1104 1284 1176 γενητὰ
1309 1104 1341 1174 ἢ
1369 1105 1608 1175 ἁγένητά
1641 1106 1804 1157 ἐστιν’

203 1202 467 1272 αἱρέσεις
512 1199 642 1269 γοῦν
689 1199 782 1252 κα).
816 1199 944 1268 περὶ
987 1197 1190 1250 τούτων
1240 1198 1592 1268 συνέστησαν.
1649 1195 1811 1250 Ἀλλὰ

203 1293 315 1344 καὶ
369 1293 416 1344 οἱ
450 1290 699 1357 λέγοντες
751 1287 890 1342 αὐτὰ
954 1286 1181 1356 γενητὰ,
1216 1287 1314 1357 οὐχ
1345 1285 1632 1356 ὁμονοοῦσι
1683 1287 1811 1357 περὶ

203 1381 309 1434 τοῦ
380 1379 496 1443 πῶς
553 1383 668 1432 ἐστι
723 1379 956 1449 γενητά·
1015 1377 1134 1429 οὐδὲ
1193 1376 1302 1448 γὰρ
1359 1377 1652 1430 ὑποϐάλλει
1714 1379 1810 1430 καὶ

204 1473 475 1545 αἴσθησις
513 1472 713 1535 αὐτῶν,
767 1470 866 1524 κᾶν
916 1471 1239 1542 βιασάμενος
1267 1472 1295 1522 ὁ
1340 1470 1494 1539 λόγος
1542 1468 1699 1542 εὕρῃ,
1731 1471 1810 1523 ὅτι

204 1570 424 1639 γενητὰ
451 1569 586 1631 ἐστι,
617 1568 747 1636 περὶ
777 1562 868 1618 τοῦ
900 1563 1022 1618 τίνα
1054 1565 1252 1635 τρόπον
1283 1565 1596 1634 γεγένηται.

287 1656 406 1713 Εἶθ’
469 1657 596 1728 ἑξῆς
649 1655 1112 1727 ὲπαναλαμϐάνει,
1181 1654 1440 1718 πολλάκις
1492 1655 1591 1726 ἤδη
1641 1653 1810 1706 εἰπὼν

1909 464 2196 535 originem,
2224 462 2317 516 sed
2348 462 2685 530 experientia
2711 463 2869 518 docet
2892 463 3024 519 illud
3050 479 3171 519 esse
3196 479 3267 520 ex
3299 465 3494 535 apibus

1909 555 2219 611 oriundum.
2253 553 2347 608 Sic
2395 553 2561 607 etiam
2616 555 2957 624 experientia
3013 556 3270 610 docemur
3305 556 3492 610 vinum

1909 647 2039 701 oriri
2088 662 2154 701 ex
2209 647 2333 700 vite.
2371 643 2522 702 llauc
2565 649 2709 700 enim
2769 647 3035 716 originem
3079 661 3145 701 ex
3181 655 3338 717 gustu
3386 663 3494 701 non

1911 738 2191 791 discimus.
2226 737 2429 792 Eodem
2479 740 2646 806 igitur
2693 739 2852 792 modo
2891 739 3090 793 sensile
3143 753 3340 808 corpus
3385 753 3491 792 non

1911 827 2156 882 declarat
2189 829 2330 881 unde
2379 829 2576 885 habeat
2614 831 2757 899 quod
2788 838 2895 884 est.
2944 830 2999 884 ld
3045 829 3402 884 continuatur
3426 844 3493 884 ex

1911 922 2229 988 corporibus
2287 923 2642 985 coelestibus,
2688 936 2807 990 quae
2853 936 2977 976 esse
3018 932 3073 975 et
3119 921 3496 991 splendescere

1912 1013 2195 1078 sentimus,
2231 1014 2357 1066 dum
2385 1012 2471 1066 illa
2508 1012 2784 1066 intuemur
2812 1029 2826 1078 ;
2857 1013 2952 1066 sed
2983 1025 3174 1067 sensus
3195 1012 3283 1066 ille
3305 1022 3494 1069 notum

1914 1109 2070 1162 nobis
2101 1123 2204 1162 nou
2236 1107 2363 1162 facit
2390 1107 2610 1161 factane
2633 1104 2742 1157 sint
2769 1120 2974 1158 annon.
3021 1103 3291 1170 Quocirca
3317 1104 3497 1171 variae

1914 1198 2130 1252 fuerunt
2183 1200 2284 1253 hac
2317 1199 2382 1252 de
2414 1213 2472 1253 re
2519 1197 2846 1252 sententiae:
2907 1206 2963 1251 et
3014 1198 3107 1266 qui
3144 1199 3359 1252 initium
3406 1196 3496 1251 illa

1913 1288 2165 1342 habuisse
2192 1289 2406 1355 dicunt,
2456 1288 2730 1357 quomodo
2780 1289 3072 1343 habuerint
3120 1304 3224 1344 non
3265 1305 3498 1346 consen-

1917 1379 2074 1433 tiunt.
2118 1379 2300 1449 Neque
2345 1382 2490 1435 enim
2525 1395 2741 1446 sensus,
2797 1383 2960 1434 etiam
3013 1391 3297 1450 postquam
3355 1383 3497 1438 ratio

1913 1471 2085 1524 mul:o
2124 1472 2311 1528 labore
2339 1473 2547 1528 invenit
2582 1488 2701 1530 esse
2727 1473 2896 1538 facta,
2934 1475 3091 1529 docet
3111 1475 3380 1542 quomodo
3406 1475 3492 1531 illa

1916 1562 2056 1617 facta
2083 1564 2212 1618 sint.

1986 1657 2072 1709 74.
2104 1655 2299 1711 Postea
2339 1657 2539 1725 repetit
2581 1673 2703 1726 quae
2744 1657 2858 1726 jam
2919 1671 3062 1727 saepe
3103 1657 3171 1711 de
3223 1659 3495 1712 sententia

203 1751 282 1803 τὰ
311 1751 438 1822 περὶ
468 1725 566 1820 τῆς
601 1749 825 1819 γνώμης
854 1725 1199 1819 Μαρκίωνος,
1226 1748 1320 1799 καὶ
1349 1745 1426 1817 πῆ
1470 1747 1566 1814 μὲν
1584 1725 1805 1817 άληθῶς

1916 1733 2207 1803 Marcionis
2237 1749 2471 1813 dixerat,
2533 1725 2790 1820 illiusque
2828 1725 3026 1818 placita
3077 1751 3274 1818 partim
3319 1753 3494 1818 cujus-
3539 1805 3542 1807 ,

203 1845 279 1898 τὰ
317 1845 642 1917 Μαρκίωνος
660 1842 952 1907 ἐκτίθεται,
992 1843 1064 1912 πὴ
1087 1841 1140 1894 δὲ
1171 1841 1438 1894 κάκείνων
1470 1840 1806 1910 παρήκουσε

203 1936 358 2007 πρὸς
403 1937 469 2005 ἣν
514 1935 614 1987 οὐκ
645 1935 943 2001 ἀναγκαῖον
976 1935 1122 2003 ἡμᾶς
1157 1931 1423 2000 ἁπαντᾷν,
1532 1932 1625 1982 καὶ
1657 1929 1810 1996 ἐλέγ-

204 2043 353 2095 χειν.
384 2021 517 2078 Εἷτα
551 2024 710 2078 πάλιν
737 2022 913 2094 ἑαυτῴ
935 2021 1184 2092 ἐπιφέρει
1213 2021 1287 2073 τὰ
1309 2021 1449 2091 ὑπὲρ
1479 2021 1811 2090 Μαρκίωνος

203 2119 308 2169 καὶ
338 2117 406 2170 τὰ
432 2117 552 2171 κατ’
602 2116 789 2178 αὑτοῦ,
840 2115 1012 2183 λέγων
1036 2114 1156 2166 τίνα
1185 2115 1280 2182 μὲν
1322 2112 1651 2182 ἐκφεύγουσι
1700 2111 1809 2164 τῶν

202 2212 600 2283 ἐγκλημάτων,
626 2212 736 2264 τίσι
756 2212 812 2264 δὲ
853 2210 1264 2282 περιπίπτουσι·
1298 2210 1392 2262 καὶ
1438 2209 1526 2261 ὅτε
1553 2209 1810 2279 βούλεται

203 2303 600 2372 συναγορεύειν
623 2301 700 2371 τῷ
723 2301 985 2370 φάσκοντι
1007 2300 1148 2369 λόγῳ
1168 2339 1182 2363 ,
1206 2299 1686 2370 πεπροφητεῦσθαι
1715 2301 1810 2351 αύ-

201 2393 324 2454 τὸν,
367 2393 452 2445 ἵνα
489 2394 844 2464 κατηγορήσῃ
881 2390 1206 2461 Μαρκίωνος
1230 2391 1322 2443 καὶ
1344 2389 1450 2441 τῶν
1481 2390 1573 2441 ἀπ’
1621 2387 1806 2452 αὑτοῦ,

204 2483 406 2551 σαφῶς
431 2501 614 2554 φησιν,
649 2485 753 2544 ὃτι,
790 2502 806 2533 ι
843 2482 1012 2534 Πόθεν
1040 2481 1490 2551 ἀποδειχθήσεται
1514 2480 1646 2532 Θεοῦ
1675 2481 1811 2544 Παῖς

201 2578 232 2627 ὁ
259 2574 489 2627 τοιαῦτα
512 2573 816 2638 κολασθεὶς,
845 2576 893 2626 εἰ
923 2573 997 2644 μὴ
1024 2573 1155 2642 περὶ
1175 2572 1366 2624 τούτου
1396 2572 1752 2642 προείρηται;
1787 2590 1804 2621 ι

202 2662 350 2718 Εἶτα
379 2665 537 2718 πάλιν
581 2664 788 2729 παίζει,
837 2665 930 2716 καὶ
966 2663 1041 2726 ὼς
1068 2663 1188 2726 ἔθος
1227 2662 1377 2732 αὐτῷ
1402 2662 1678 2733 χλευάζει,
1719 2661 1811 2714 δύο

203 2757 452 2824 εἰσάγων
473 2758 620 2820 υἱοὺς
646 2755 803 2819 Θεῶν,
830 2754 922 2808 τοῦ
947 2754 1278 2825 δημιουργοῦ
1301 2754 1416 2816 ἕνα,
1440 2754 1533 2806 καὶ
1550 2753 1642 2805 τοῦ
1669 2753 1809 2806 κατὰ

201 2842 518 2912 Μαρκίωνα
544 2842 655 2914 (10)
699 2841 820 2895 θεοῦ
847 2843 1051 2913 ἕτερον’
1101 2843 1196 2894 καὶ
1222 2842 1610 2912 ἀναζωγραφεῖ
1631 2841 1809 2893 αὐτῶν

207 2933 554 3002 μονομαχίας
597 2933 730 3001 (11),
769 2932 943 2999 λέγων
971 2933 1142 2995 αὑτὰς
1167 2929 1306 2985 εἶναι
1334 2932 1409 2995 ὡς
1431 2932 1539 2984 τῶν
1565 2932 1809 3003 ὀρτύγων

204 3023 303 3075 καὶ
328 3021 439 3075 τῶν
483 3022 734 3094 πατέρων
781 3023 1079 3093 θεομαχίας
1103 3022 1234 3094 (12)·
1260 3022 1292 3092 ἢ
1320 3022 1408 3075 διὰ
1433 3023 1610 3093 γῆρας
1635 3024 1808 3094 ἀχρή-

205 3133 379 3178 στους
429 3116 624 3178 αὐτοὺς
669 3115 851 3179 ὄντας,
891 3116 984 3168 καὶ
1009 3114 1329 3185 ληροῦντας,
1374 3115 1538 3185 μηδὲν
1576 3116 1672 3186 μὲν
1709 3115 1804 3168 ἀλ-

204 3210 409 3280 λήλους
457 3206 776 3270 διατιθέναι,
824 3207 923 3277 ὲᾷν
967 3206 1023 3259 δὲ
1070 3207 1196 3270 τοὺς
1245 3207 1444 3270 παῖδας
1511 3207 1802 3277 μάχεσθαι.

207 3304 396 3369 ’Ὁπερ
422 3299 532 3369 (15)
559 3292 650 3350 οὖν
674 3293 826 3349 εἶπεν
853 3299 910 3349 ὲν
934 3301 1044 3360 τοῖς
1071 3298 1349 3369 ἀνωτέρω,
1376 3297 1536 3351 τοῦτο
1560 3301 1805 3370 φήσομεν

206 3391 351 3463 πρὸς
399 3389 583 3442 αὐτόν⁸
642 3407 660 3438 ι
700 3387 828 3442 ποία
867 3389 1040 3458 γραῦς
1084 3391 1557 3443 καταϐαυκαλῶσα
1597 3390 1805 3444 παιδίον

203 3483 310 3534 οὐκ
340 3479 724 3550 αἰδεσθήσεται
745 3479 969 3531 τοιαῦτα
1009 3479 1208 3546 λέγειν,
1237 3499 1254 3530 ι
1281 3482 1438 3533 ὁποῖα
1462 3475 1616 3543 οὗτος
1640 3483 1698 3533 ὲν
1729 3481 1806 3550 τῷ

206 3571 645 3641 ὲπιγραφομένω
686 3568 1084 3639 ἀληθεῖλόγῳ
1102 3586 1121 3633 ;
1156 3570 1284 3624 Δέον
1306 3569 1415 3641 γὰρ
1444 3566 1606 3622 αὺτὸν
1636 3587 1808 3640 πραγ-

209 3661 463 3733 ματικῶς
488 3663 676 3732 στῆναι
702 3661 838 3730 πρὸς
859 3661 983 3724 τοὺς
1008 3661 1215 3731 λόγους
1235 3663 1263 3714 ὁ
1287 3660 1343 3714 δὲ
1361 3661 1524 3725 ἐάσας
1550 3662 1617 3714 τὰ
1639 3661 1807 3733 πράγ-

210 3771 362 3824 ματα
399 3753 578 3817 παίζει
602 3755 694 3806 καὶ
713 3753 1032 3824 βωμολοχεί,
1063 3753 1308 3823 οἰόμενος
1351 3753 1550 3824 μίμους
1573 3753 1806 3825 γράφειν

205 3846 242 3914 ἦ
266 3862 395 3897 τινα
415 3843 738 3914 σκώμματα,
760 3844 856 3914 οὐχ
881 3844 1044 3916 ὁρῶν,
1073 3846 1155 3897 ὅτι
1176 3846 1209 3915 ή
1235 3845 1456 3916 τοιαύτη
1479 3845 1671 3916 ἀγωγὴ
1695 3844 1804 3898 τῶν

207 3938 387 4007 λόγων
415 3937 564 4007 παρὰ
587 3937 684 4006 τὴν
721 3936 974 4007 πρόθεσιν
999 3937 1097 4007 τὴν
1119 3937 1281 3989 αὑτοῦ
1307 3939 1446 3998 ἐστι,
1482 3937 1803 4009 βουλομένου

211 4029 613 4090 καταλιπόντας
651 4029 802 4097 ἡμᾶς
836 4027 1262 4097 Χριστιανισμὸν
1313 4029 1602 4098 προσέχειν
1639 4029 1803 4083 αὐτοῦ

209 4123 326 4182 τοῖς
352 4119 636 4188 δόγμασινο
687 4118 866 4178 ἅτινα,
917 4119 966 4168 εί
1016 4117 1115 4186 μὲν
1150 4119 1515 4188 ἐσεμνολόγει,
1543 4119 1680 4188 τάχα
1712 4137 1804 4171 πι-

213 4209 496 4279 θανώτερα
546 4203 634 4280 ἦν’
666 4208 788 4261 ἐπεὶ
830 4207 885 4259 δὲ
912 4208 1180 4277 χλευάζει,
1211 4210 1305 4261 καὶ
1341 4208 1543 4273 παίζει,
1581 4210 1672 4261 καὶ
1703 4210 1805 4278 βω-

216 4299 454 4370 μολοχεῖ,
480 4300 743 4369 φήσομεν,
767 4297 849 4350 ὅτι
883 4297 1085 4368 ἀπορίᾳ
1124 4298 1335 4367 σεμνῶν
1358 4299 1532 4366 λόγων
1573 4297 1655 4368 (οὐ
1699 4299 1804 4368 γὰρ

1915 1841 2058 1892 tuodi
2092 1854 2277 1894 revera
2315 1850 2443 1894 sunt
2471 1850 2761 1906 memorat,
2787 1841 2988 1910 partim
3027 1841 3200 1911 utqui
3228 1841 3314 1895 illa
3353 1844 3496 1897 male

1915 1933 2268 1987 intellexerit.
2296 1933 2402 1988 Sed
2435 1949 2498 1988 ea
2529 1949 2557 1986 a
2593 1934 2750 1988 nobis
2783 1933 2952 1988 refelli
2980 1942 3143 2004 atque
3172 1935 3495 2004 reprehendi

1911 2023 2046 2076 nihil
2073 2038 2295 2078 necesse
2332 2033 2435 2078 est.
2484 2023 2622 2078 lliuc
2662 2040 2851 2079 rursus
2881 2040 2980 2093 pro
3013 2034 3068 2079 et
3101 2034 3296 2081 contra
3348 2026 3496 2082 Mar-

1913 2113 2123 2167 cionem
2155 2115 2394 2180 disserit,
2421 2114 2509 2168 ubi
2535 2116 2801 2184 quosdam
2826 2114 2942 2182 ejus
2961 2129 3177 2170 errores
3202 2129 3491 2181 excusans,

1912 2204 2173 2272 quosdam
2207 2205 2372 2258 etiam
2399 2203 2748 2259 condemnat.
2796 2204 2862 2257 Et
2890 2204 3108 2273 quando
3158 2205 3271 2258 vult
3314 2215 3496 2274 patro-

1914 2295 2088 2349 cinari
2139 2296 2269 2350 huic
2322 2305 2522 2352 nostra:
2571 2295 2854 2361 doctrinae,
2878 2294 3060 2350 Jesum
3105 2296 3274 2351 fuisse
3302 2311 3332 2349 a
3373 2311 3495 2365 pro-

1914 2385 2091 2456 phetis
2137 2387 2581 2455 praenuntiatum,
2608 2395 2666 2439 ut
2700 2386 3027 2441 Marcionem
3059 2386 3286 2456 ejusque
3308 2403 3497 2456 sequa-

1915 2493 2006 2532 ces
2043 2489 2280 2543 accuset,
2329 2480 2615 2534 manifeste
2668 2481 2741 2531 ait
2772 2493 2786 2532 :
2830 2497 2847 2528 ι
2882 2478 3164 2545 Quomodo
3204 2480 3294 2548 qui
3331 2481 3496 2533 tantis

1914 2571 2144 2624 allectus
2173 2580 2253 2623 est
2284 2571 2589 2639 suppliciis,
2645 2571 2815 2625 Filius
2856 2586 2975 2626 esse
3028 2572 3118 2624 Dei
3151 2571 3494 2625 demonstra-

1914 2669 2081 2722 retur,
2133 2660 2238 2714 nisi
2289 2661 2392 2714 boc
2437 2662 2677 2714 futurum
2703 2676 2824 2716 esse
2855 2661 3170 2731 prmdictum
3209 2661 3438 2716 fuisset?
3469 2679 3490 2714 ι

1912 2751 2124 2806 Deinde
2149 2753 2345 2808 ludens
2379 2768 2476 2821 pro
2507 2768 2606 2805 suo
2633 2767 2785 2806 more
2826 2761 2879 2806 et
2903 2753 3119 2822 jocans,
3175 2753 3310 2806 duos
3343 2753 3498 2808 indu-

1911 2842 1984 2896 cit
2013 2843 2238 2897 deorum
2277 2841 2440 2905 filios,
2474 2842 2708 2896 alterum
2737 2842 3061 2908 conditoris,
3096 2841 3325 2897 alterum
3359 2842 3497 2896 Mar-

1911 2932 2154 2989 cionitici
2197 2935 2280 2988 dei
2335 2934 2527 2987 filium.
2560 2934 2784 2988 Patrum
2841 2934 3022 3002 prmlia
3075 2935 3359 2998 describit,
3407 2935 3494 2988 illa

1913 3041 2036 3080 curn
2065 3026 2269 3096 praeliis
2300 3026 2645 3079 coturnicum
2688 3024 3012 3088 conferens;
3045 3035 3101 3079 et
3145 3027 3290 3094 ipsos
3321 3028 3396 3080 ait
3425 3028 3497 3082 ob

1912 3129 2250 3174 senectutem
2278 3118 2483 3170 inertes
2511 3127 2565 3170 et
2589 3117 2888 3171 delirantes
2918 3117 3174 3171 desinere
3209 3118 3310 3172 sibi
3361 3120 3498 3172 invi-

1911 3224 2027 3264 cem
2056 3208 2296 3264 infensos
2329 3222 2470 3272 esse,
2505 3206 2752 3276 ﬁliosque
2783 3223 3024 3277 pugnare
3049 3209 3251 3262 sinere.
3277 3210 3359 3262 Ad
3383 3210 3498 3265 hate

1911 3303 2154 3357 dicemus
2209 3301 2260 3354 id
2311 3300 2454 3369 quod
2509 3299 2624 3367 ipse
2684 3300 2935 3369 superius
2985 3300 3162 3354 dixit:
3200 3319 3218 3353 ι
3253 3302 3496 3371 Ecquam

1912 3393 2184 3448 aniculam
2209 3392 2474 3462 sopieudo
2512 3406 2682 3460 puero
2716 3405 2820 3444 non
2855 3392 3084 3460 puderet
3121 3393 3372 3448 cecinere
3399 3408 3499 3446 nu-

1909 3502 2029 3552 gas,
2062 3505 2081 3537 ι
2110 3485 2300 3552 quales
2330 3483 2421 3537 ille
2459 3484 2510 3536 in
2539 3496 2726 3548 opere,
2769 3496 2930 3550 quem
2978 3499 3155 3537 verum
3203 3500 3494 3538 sermonem

1912 3572 2226 3640 inscripsit?
2247 3570 2382 3624 Nam
2409 3586 2536 3623 cum
2565 3570 2839 3624 decuisset
2863 3571 3005 3624 serio
3025 3572 3328 3640 disputare,
3362 3588 3495 3628 con-

1913 3673 1992 3716 tra
2033 3661 2140 3724 ille,
2171 3659 2389 3714 omissis
2429 3658 2613 3721 rebus,
2670 3668 2910 3726 nugatur
2961 3669 3015 3714 et
3067 3676 3316 3715 scurram
3379 3663 3490 3732 agit

1909 3755 2063 3822 quasi
2099 3751 2398 3808 comoedias
2428 3759 2523 3803 aut
2555 3759 2769 3820 satyras
2819 3752 3087 3807 scriberet
3117 3771 3131 3807 :
3166 3769 3270 3808 non
3307 3755 3495 3811 videns

1911 3846 2052 3898 hanc
2075 3843 2385 3912 disputandi
2418 3843 2688 3896 rationem
2725 3843 2964 3897 alienam
2989 3857 3110 3898 esse
3146 3859 3176 3899 a
3213 3847 3494 3916 proposito

1909 3936 2166 4000 hominis,
2199 3949 2295 3989 nos
2318 3950 2345 3987 a
2379 3932 2692 3988 Christiana
2725 3935 2986 4004 religione
3010 3936 3076 3990 ad
3103 3952 3200 3991 sua
3235 3939 3492 4010 dogmata

1908 4027 2197 4080 traducere
2228 4027 2477 4082 volentis.
2512 4025 2570 4082 Si
2604 4026 2672 4082 de
2703 4027 2807 4082 illis
2843 4029 3083 4099 graviter
3106 4028 3301 4085 fuisset
3341 4031 3496 4086 locu-

1911 4128 2036 4184 tus,
2095 4119 2464 4186 probabiliora
2517 4119 2750 4175 fortasse
2808 4120 3155 4175 reddidisset.
3221 4121 3493 4187 Quoniam

1907 4225 2038 4264 vero
2077 4211 2284 4274 irridet,
2331 4211 2484 4276 ludit,
2539 4223 2844 4273 scurratur,
2888 4213 3135 4266 dicemus
3175 4213 3324 4266 illum
3358 4230 3490 4283 gra-

1910 4301 2052 4352 vium
2111 4303 2382 4355 rationum
2437 4303 2687 4369 penuria,
2720 4318 2854 4370 quas
2913 4318 3098 4357 revera
3155 4319 3255 4358 nec
3298 4304 3492 4361 habuit

212 4389 359 4462 εἷχεν
408 4391 625 4456 αὐτοὺς,
675 4389 796 4443 οὐδὲ
835 4389 1122 4460 ἠπίστατο)
1168 4392 1248 4453 είς
1283 4389 1552 4461 τοσαύτην
1575 4390 1801 4443 ἐνέπεσε

1916 4403 2010 4444 nec
2040 4390 2320 4458 cognovit,
2351 4390 2404 4442 in
2438 4399 2644 4444 tantam
2696 4391 3062 4460 nugacitatem
3100 4393 3378 4451 incidisse.

215 4487 506 4559 φλυαρίαν.

294 4581 456 4650 Ἑξῆς
501 4579 712 4642 τούτοις
772 4578 940 4647 λέγει,
988 4579 1091 4644 ὅτι,
1126 4596 1144 4628 ι
1195 4577 1413 4649 Ἐπειδὴ
1462 4577 1603 4630 θεῖον
1643 4577 1806 4629 Πνεῦ-

219 4689 294 4739 μα
317 4667 384 4741 ἦν
423 4674 479 4724 έν
509 4670 739 4742 σώματι,
764 4672 979 4734 πάντως
1008 4687 1061 4722 τι
1099 4668 1493 4741 παραλλάττειν
1533 4666 1664 4720 αὐτὸ
1692 4665 1803 4736 (Mt)

215 4761 324 4813 τῶν
347 4761 548 4816 λοιπῶν
575 4763 744 4834 ἐχρῆν
796 4762 938 4815 κατὰ
965 4761 1211 4834 μέγεθος,
1236 4760 1268 4830 ἣ
1307 4759 1520 4823 κάλλος,
1546 4758 1579 4829 ἢ
1607 4759 1800 4828 ἀλκὴν,

216 4853 249 4923 ἦ
279 4851 478 4922 φωνὴν,
512 4853 544 4922 ἢ
576 4853 932 4926 κατάπληξιν,
967 4852 1000 4923 ἢ
1038 4851 1228 4906 πειθώο
1261 4849 1539 4922 ἀμήχανον
1569 4850 1677 4921 γὰρ
1699 4850 1804 4919 ὅτῳ

218 4943 360 4995 θεῖόν
381 4959 432 4994 τι
459 4943 620 4996 πλέον
664 4944 772 4997 τῶν
802 4945 912 5017 (15)
956 4945 1128 4999 ἄλλων
1158 4943 1391 5014 προσῆν,
1437 4944 1602 5015 μηδὲν
1637 4943 1798 4998 ἄλλου

215 5035 509 5104 διαφέρειν.
533 5035 702 5087 Τοῦτο
725 5035 780 5088 δὲ
795 5038 943 5089 οὐδὲν
959 5038 1116 5092 ἄλλου
1139 5037 1402 5108 διέφερεν⁹
1433 5037 1545 5090 ἁλλ’
1569 5037 1643 5101 ὥς
1668 5053 1801 5106 φασι

221 5129 412 5200 μικρὸν
444 5129 536 5182 καὶ
556 5128 790 5192 δυσειδὲς
815 5131 908 5183 καὶ
929 5131 1118 5198 ἀγενὲς
1150 5128 1240 5202 ἦν.
1285 5151 1302 5182 ι
1330 5131 1579 5184 Φαίνεται
1606 5130 1668 5200 δὴ
1703 5129 1798 5182 καὶ

218 5220 515 5286 ἐντούτοις,
542 5221 645 5285 ὅτι,
693 5220 788 5273 ἐὰν
815 5221 912 5289 μὲν
937 5227 1262 5293 κατηγορεῖν
1301 5223 1432 5295 θέλῃ
1467 5222 1560 5275 τοῦ
1596 5219 1796 5292 Ἰησοῦ,

297 5377 400 5450 HO)
432 5378 774 5450 Mapm'wra.
807 5376 946 5450 Vide
979 5377 1071 5450 lib.
1109 5392 1166 5450 γ,
1202 5392 1349 5450 nnm_.
1376 5377 1464 5431 54.

293 5444 400 5521 (11)
455 5444 859 5521 Μόνομαχίας.
891 5447 1268 5521 Alii_tna|lent
1317 5444 1781 5521 0§O§L_1Zt’<_1;..MOX

222 5514 442 5573 Guietus
481 5531 599 5586 post
617 5514 902 5587 ’ὀρτύγων,
943 5517 1085 5572 delet
1114 5517 1206 5570 καὶ
1249 5525 1304 5570 et
1359 5514 1486 5586 legit
1514 5514 1784 5586 opmiwa

223 5588 334 5661 τῶν
357 5590 625 5661 πατέρων.
649 5588 804 5656 Quod
831 5605 938 5661 non
969 5588 1162 5661 probo.

295 5657 783 5730 (12)Θέομαχιάςῗ.
831 5658 934 5714 Alii
985 5658 1208 5730 mallent
1255 5657 1635 5730 μονομαχίαςκ
1662 5657 1781 5730 Mox

229 5729 374 5798 prof;
399 5731 484 5785 διὰ
516 5727 712 5800 γῆρας,
735 5729 929 5788 Guieto
953 5727 1300 5787 scribendum
1326 5727 1555 5797 videtur,
1587 5727 1677 5791 οὓς
1695 5727 1783 5780 διὰ

1981 4571 2066 4625 75.
2122 4571 2409 4642 Subjttngit
2455 4574 2612 4628 hmo:
2665 4590 2686 4626 ι
2721 4573 2989 4640 Quoniam
3045 4574 3259 4631 divinus
3324 4577 3495 4647 spiri-

1911 4675 1999 4720 tus
2062 4676 2184 4719 erat
2229 4665 2284 4720 in
2331 4681 2582 4736 corpore,
2653 4666 2874 4721 omnino
2915 4667 3153 4736 oportuit
3197 4668 3346 4724 illum
3393 4687 3492 4726 an-

1909 4755 2165 4811 teeellere
2217 4762 2434 4812 caeteris
2489 4767 2584 4811 aut
2639 4758 3052 4827 magnitudine,
3100 4769 3197 4813 aut
3247 4763 3491 4831 pulchri-

1906 4849 2112 4913 tudine,
2144 4857 2238 4903 aut
2271 4849 2500 4914 viribus,
2563 4858 2656 4903 aut
2713 4864 2866 4915 voce,
2927 4849 3096 4920 689
3141 4861 3236 4906 aut
3315 4859 3486 4931 maje-

1911 4949 2181 5008 state,aut
2217 4941 2546 5011 eloquentia.
2598 4941 2742 4996 Fieri
2793 4941 2937 4997 enim
2997 4958 3102 4998 non
3155 4955 3372 5014 potest,
3431 4957 3490 5001 ut

1910 5041 1963 5087 tn
2015 5049 2122 5103 quo
2179 5045 2263 5089 est
2312 5033 2514 5103 aliquid
2565 5035 2804 5088 divinum
2867 5038 3010 5103 quod
3069 5037 3161 5091 alii
3211 5054 3319 5094 non
3388 5040 3490 5096 ha-

1910 5128 2058 5190 bent,
2107 5126 2155 5180 is
2209 5125 2343 5180 nihil
2389 5126 2458 5180 ab
2508 5125 2618 5180 alio
2651 5125 2885 5181 differat.
2917 5127 3017 5183 llic
3040 5139 3221 5196 autem
3251 5129 3382 5184 nihil
3418 5133 3489 5184 ab

1909 5217 2016 5271 alio
2053 5217 2442 5288 discrepabat;
2479 5217 2611 5283 imo,
2662 5229 2720 5274 ut
2765 5219 2952 5291 aiunt.)
3007 5229 3215 5275 statura
3265 5221 3486 5288 exigua,

1890 5375 2090 5445 γῆρας·

1961 5443 2074 5516 (1.5)
2103 5443 2264 5516 _Llss.,
2299 5445 2458 5516 ὅπερ.
2486 5443 2652 5516 Lini).
2682 5445 2838 5516 editi,
2877 5445 3011 5516 ace,
3043 5445 3320 5500 mendose.

1962 5513 2076 5584 (14)
2101 5514 2336 5580 Pbiloc.,
2362 5513 2516 5568 αὐτό.
2572 5514 2848 5584 Ileaschel.
2882 5523 2938 5568 et
2975 5513 3262 5581 Spencer.,
3291 5516 3476 5575 αὐτόν.

1888 5583 2089 5639 Ibidem
2118 5586 2349 5650 l’biloc.,
2375 5585 2418 5653 fr}
2456 5584 2596 5637 κατὰ
2631 5583 2879 5653 μέγεθος,
2917 5584 2948 5653 ἢ
2982 5585 3124 5638 κατὰ
3156 5585 3370 5650 κάλλος.

1962 5657 2071 5725 (15)
2100 5656 2336 5720 l’hiloc.,
2366 5651 2416 5721 ᾧ
2442 5655 2503 5706 τὸ
2533 5651 2867 5725 θεῖονπλέον
2892 5651 2947 5705 τι
2974 5653 3101 5710 τῶν.
3141 5654 3262 5711 Mox
3285 5659 3478 5715 eadem

1889 5723 2118 5793 Philoc.,
2153 5726 2212 5778 τὸ
2243 5725 2300 5779 δέ
2331 5742 2393 5793 γε
2426 5725 2576 5778 οὐδὲν
2610 5724 2767 5778 ἄλλου
2795 5723 3058 5798 διέφερεν.
