3990 6158
261 291 447 349 1115
1464 283 1743 340 CONTRA
1782 281 2062 342 CELSUM
2098 279 2227 336 LIB.
2265 276 2357 337 Vl.
3420 275 3576 338 MM

268 393 439 459 ἀλλὰ
458 403 520 458 τὸ
557 396 694 467 εἶδος
708 401 873 456 αὐτοῦ
911 399 1125 470 ἄτιμον,
1159 397 1250 450 καὶ
1289 394 1538 450 ἐκλεῖπον
1570 395 1722 466 παρὰ
1766 394 1890 460 τοὺς

2002 409 2173 468 neque
2203 395 2400 466 gloria,
2435 400 2491 448 et
2523 391 2758 448 vidimus
2795 407 2942 458 eum,
2985 401 3038 448 et
3069 408 3174 448 non
3210 392 3442 448 habebat
3469 393 3568 449 de-
3621 406 3626 412 '

265 496 450 558 υἱοὺς
477 495 590 548 τῶν
615 491 936 562 ἀνθρώπων.
973 510 991 541 ι
1028 486 1154 560 ⁷Αρ¹
1188 483 1282 541 οῦν
1313 487 1518 541 τούτων
1563 488 1661 558 μὲν
1693 488 1723 538 ὁ
1750 485 1889 538 Κέλ-

2002 503 2197 554 :orem,
2259 500 2434 555 neque
2488 483 2994 553 pulchritudinem;
3043 485 3138 540 sed
3191 485 3402 554 species
3450 483 3572 553 ejus

265 603 382 650 σος
417 588 634 658 ἤκουεν,
663 585 784 639 ἐπεὶ
811 583 948 655 ᾣετο
968 581 1115 650 αὐτῷ
1143 581 1388 652 χρήσιμα
1413 576 1548 631 εἶναι
1566 581 1645 642 είς
1675 577 1732 630 τὸ
1757 594 1890 630 κατ-

2002 577 2271 640 indecora.
2305 585 2360 630 et
2390 574 2651 631 deﬁciens
2681 589 2794 643 prae
2831 574 2958 629 ﬁliis
2983 576 3260 630 hominum
3292 576 3358 630 ⁸ο.
3393 594 3413 628 ι
3445 575 3573 631 Haec

260 675 616 746 ηγορεῖσθαι
659 674 753 727 τὸν
790 673 1014 744 Ἰησοῦν·
1046 672 1229 725 οὐκέτι
1257 670 1312 723 δὲ
1353 669 1623 742 προσέσχε
1651 670 1764 730 τοῖς
1797 667 1887 719 λε-

2002 667 2200 723 audivit
2237 665 2448 730 Celsus,
2481 665 2610 734 quia
2646 665 2750 720 sibi
2798 663 2866 718 ad
2896 663 3340 719 calumniandum
3383 664 3570 721 Jesum

263 781 344 832 γο
353 766 552 834 μένοις
582 767 640 818 ὲν
663 749 1087 834 τεσσαρακοστῷ
1109 761 1354 832 τετάρτῳ
1373 759 1572 829 ψαλμῷ
1602 757 1735 829 (19),
1766 756 1887 808 τίνα

2002 756 2150 810 utilia
2195 769 2318 810 esse
2343 755 2703 815 videbantur;
2748 769 3093 823 nequaquam
3124 765 3303 809 autem
3343 758 3574 811 attendit

260 856 500 925 τρόπον
541 855 778 924 λέγεται·
813 873 831 905 t
876 853 1186 922 Περίζωσαι
1232 851 1328 921 τὴν
1367 849 1640 922 ῥομφαίαν
1673 865 1764 901 σου
1797 845 1890 898 ἐπὶ

2002 847 2060 899 ad
2091 847 2190 900 ista
2224 845 2421 914 psalmi
2446 862 2572 900 xuv
2601 863 2615 900 :
2655 864 2674 897 ι
2715 844 3022 915 Accingere
3059 845 3240 915 gladio
3286 847 3454 917 690
3482 859 3574 902 tuo

261 948 378 1000 τὸν
439 948 612 1019 μηρόν
660 963 776 1011 σου,
809 945 1019 999 δυνατέ.
1073 946 1152 1016 Τῇ
1192 942 1483 1013 ὡραιότητί
1525 958 1618 994 σου
1673 942 1767 1019 καὶ
1813 935 1890 1006 τῷ

2002 950 2157 1004 super
2203 935 2380 989 femur
2416 943 2589 1003 tuum,
2625 945 2841 1006 potens.
2876 937 3068 1005 Specie
3102 947 3195 991 tua
3225 947 3281 992 et
3331 940 3573 1007 pulchri-

267 1015 623 1091 Xlet-ZLHO’OU
647 1039 743 1091 καὶ
777 1036 1011 1090 ἔντεινον
1040 1015 1173 1107 (20),
1199 1035 1293 1088 καὶ
1325 1032 1634 1094 κατευοδοῦ,
1671 1015 1764 1086 καὶ
1796 1033 1890 1103 βα-

2002 1029 2179 1084 tudine
2199 1035 2311 1093 tua,
2342 1027 2586 1096 intende,
2619 1043 2881 1098 prospere
2913 1030 3149 1099 procede
3172 1039 3230 1084 et
3259 1031 3511 1100 regna“.
3547 1050 3566 1083 ι

268 1129 502 1181 σίλευε.
543 1147 560 1178 ι

360 1220 554 1272 Ἔστω
619 1217 678 1271 δὲ
747 1217 820 1288 μὴ
885 1215 1248 1284 ἀνεγνωκέναι
1315 1214 1475 1268 αὐτὸν
1538 1215 1638 1283 τὴν
1686 1231 1892 1286 προφη-

268 1310 470 1372 τείαν,
502 1311 536 1379 ἢ
563 1309 908 1378 ἀνεγνωκότα
940 1306 1341 1379 περιεσπᾶσθαι
1390 1307 1494 1358 ὑπὸ
1538 1305 1648 1358 τῶν
1683 1323 1893 1377 παρερ-

275 1400 644 1468 μηνευόντων
685 1400 876 1469 αὐτὴν,
910 1400 982 1461 ὡς
1017 1398 1076 1450 οὐ
1112 1397 1240 1468 περὶ
1281 1397 1453 1468 Ἰησοῦ
1479 1397 1715 1469 Χριστοῦ
1753 1416 1890 1470 προ-

273 1490 700 1559 φητευομένην·
727 1490 778 1541 τί
801 1492 960 1559 φήσει
998 1489 1106 1559 (21)
1136 1491 1228 1543 καὶ
1256 1491 1386 1560 περὶ⁹
1410 1489 1503 1542 τοῦ
1533 1491 1886 1559 Εὐαγγελίου,

273 1583 344 1633 ὲν
383 1573 456 1648 ᾧ,
479 1581 684 1645 ἀναϐὰς
707 1584 786 1644 είς
803 1581 1004 1653 ὑψηλὸν
1047 1582 1192 1654 ὅρος,
1249 1581 1642 1654 μετεμορφώθη
1683 1583 1890 1656 ἔμπρο-

278 1671 428 1726 σθεν
443 1671 553 1725 τῶν
582 1671 859 1740 μαθητῶν,
887 1673 982 1726 καὶ
998 1672 1154 1744 ὤφθη
1179 1675 1235 1726 ἐν
1253 1673 1377 1744 δόξῃ
1398 1691 1412 1738 ;
1432 1674 1518 1725 ὅτε
1542 1675 1636 1726 καὶ⁹
1650 1676 1889 1746 Μωῦσῆς

2066 1210 2153 1265 76.
2181 1210 2311 1266 Esto
2344 1225 2476 1266 vero
2509 1219 2611 1266 aut
2652 1227 2758 1267 non
2787 1213 2927 1268 hanc
2957 1212 3151 1284 legerit
3192 1214 3533 1285 prophetiam
3555 1254 3573 1279 ,

1993 1309 2086 1355 aut
2113 1301 2310 1371 legerit
2331 1301 2578 1370 quidem,
2615 1302 2707 1356 sed
2738 1304 2997 1373 deceptus
3021 1304 3186 1358 fuerit
3212 1305 3281 1359 ab
3307 1306 3574 1375 imperitis

1996 1393 2392 1461 interpretibus
2423 1394 2515 1462 qui
2563 1393 2711 1447 illam
2745 1397 2811 1449 ad
2843 1394 3030 1449 Jesum
3081 1396 3359 1464 pertinere
3405 1413 3572 1468 nega-

1996 1491 2118 1536 rent
2147 1500 2160 1536 :
2195 1482 2326 1552 quid
2361 1483 2427 1537 de
2461 1483 2757 1554 Evangelio
2790 1486 2935 1539 dicet
2983 1483 3072 1539 ubi
3134 1495 3394 1540 narratur
3429 1488 3475 1520 ⁸³
3518 1489 3571 1542 in

1996 1581 2232 1627 montem
2256 1574 2534 1629 excelsum
2587 1577 2926 1644 ascendisse,
2954 1577 3374 1647 transﬁguratus
3405 1578 3574 1634 fuisse

1994 1679 2179 1716 coram
2211 1664 2497 1732 discipulis
2535 1675 2590 1718 et
2641 1668 2790 1721 visus
2847 1669 3012 1722 fuisse
3048 1667 3102 1722 in
3135 1667 3328 1738 gloria,
3379 1670 3470 1724 ubi
3521 1680 3578 1725 et

275 1763 393 1815 καὶ
443 1762 628 1826 Ἠλίας
651 1763 905 1830 ὀφθέντες
939 1767 995 1816 ὲν
1021 1763 1148 1835 δόξῃ
1187 1783 1205 1814 ‹
1237 1763 1420 1831 ἔλεγον
1443 1765 1542 1835 τὴν
1573 1764 1750 1828 ἔξοδον
1795 1767 1890 1819 αὑ-

2002 1753 2211 1823 Moyscs
2237 1765 2294 1811 et
2331 1755 2482 1812 Elias
2515 1756 2617 1810 visi
2650 1756 2702 1811 in
2734 1758 2906 1827 gloria
2950 1777 2969 1808 ο
3009 1759 3266 1812 dicebant
3292 1774 3575 1814 excessum

277 1850 418 1918 τοῦ,
453 1851 728 1922 ’ὴν-ἔμελλε
755 1850 995 1922 πληροῦν
1015 1853 1072 1904 ὲν
1111 1852 1479 1923 Ἰερουσαλήμ.
1516 1873 1534 1903 ι
1573 1855 1644 1906 ’Ἡ
1671 1853 1765 1908 ἐὰν
1789 1853 1888 1924 μὲν

279 1943 588 2014 προφήτης
619 1941 772 2013 λέγῃ,
801 1961 820 1993 r
853 1942 1078 2012 Είδομεν
1109 1942 1288 2007 αὐτὸν,
1307 1943 1402 1996 καὶ
1433 1945 1532 1997 οὐκ
1552 1939 1697 2015 εἶχεν
1726 1941 1886 2011 εἶδος,

280 2035 421 2088 οὐδὲ
443 2033 656 2098 κάλλος,
703 2053 721 2085 ι
752 2034 844 2086 καὶ
880 2033 947 2086 τὰ
985 2033 1134 2103 ἑξῆς·
1167 2033 1261 2086 καὶ
1285 2035 1316 2087 ό
1346 2033 1555 2098 Κέλσος
1589 2037 1890 2107 παραδέχε-

280 2141 388 2177 ται
442 2122 540 2193 τὴν
575 2123 909 2194 προφητείαν
953 2121 1154 2191 ταύτην
1184 2121 1278 2174 ἐπὶ⁷
1303 2121 1394 2174 τὸν
1433 2120 1640 2193 Ἰησοῦν
1686 2123 1890 2191 ἀναφέ-

284 2213 513 2284 ρεσθαι,
559 2212 882 2282 τυφλώττων
912 2213 1040 2284 περὶ
1076 2212 1174 2283 τὴν
1203 2211 1518 2283 παραδοχὴν
1541 2211 1636 2264 τοῦ
1660 2212 1891 2284 λεγομέ-

283 2322 415 2366 νου,
468 2304 562 2357 καὶ
593 2305 690 2374 οὐχ
719 2304 882 2375 ὁρῶν,
915 2304 996 2356 ὅτι
1030 2303 1238 2374 μεγάλη
1287 2304 1598 2372 κατασκευή
1632 2306 1747 2356 ἐστι
1794 2303 1888 2356 τοῦ

281 2394 386 2448 τὸν
421 2395 667 2466 ἄμορφον
698 2389 837 2447 εἶναι
869 2391 1128 2447 δοκοῦντα
1172 2390 1376 2462 Ἰησοῦν
1410 2391 1536 2444 Υίὸν
1573 2388 1711 2445 εἶναι
1734 2391 1890 2454 Θεοῦ,

283 2490 354 2543 τὸ
388 2490 498 2560 πρὸ
511 2487 718 2542 πολλῶν
747 2487 855 2559 (22)
892 2487 1028 2540 ἐτῶν
1049 2486 1150 2555 τῆς
1186 2485 1452 2553 γενέσεως
1484 2483 1648 2537 αὐτοῦ
1689 2499 1895 2555 προπε-

288 2579 607 2652 φητεῦσθαι
653 2580 748 2632 καὶ
791 2579 918 2648 περὶ
961 2577 1054 2630 τοῦ
1087 2577 1260 2638 εἴδους
1311 2575 1495 2628 αὐτοῦ·
1530 2575 1624 2628 ἐὰν
1656 2576 1711 2628 δὲ
1738 2575 1894 2639 ἄλλος

288 2673 589 2742 προφήτης
619 2671 929 2740 ὡραιότητα
957 2671 1051 2722 καὶ
1085 2668 1279 2731 κάλλος
1311 2663 1450 2721 εἶναι
1473 2668 1606 2739 λέγῃ
1638 2668 1766 2739 περὶ
1797 2669 1894 2721 αὐ-

291 2764 415 2828 τὸν,
446 2762 627 2814 οὐκέτι
653 2760 898 2830 βούλεται
926 2761 1024 2831 τὴν
1049 2757 1384 2830 προφητείαν
1417 2759 1495 2822 είς
1510 2758 1554 2811 Χ
1564 2760 1744 2829 ριστὸν
1781 2760 1890 2831 (‘23)

289 2858 702 2928 ἀναφέρεσθαι;
728 2858 838 2910 Καὶ
859 2859 906 2910 εἰ
927 2858 1025 2927 μὲν
1061 2856 1246 2926 σαφῶς
1268 2853 1334 2928 ἦν
1364 2858 1471 2910 ἀπὸ
1511 2859 1618 2909 τῶν
1646 2857 1888 2925 Εὐαγγε-

291 2953 432 3005 λίων
451 2953 654 3016 λαϐεῖν,
683 2953 786 3014 ὅτι,
823 2969 841 3001 ‹
873 2952 985 3003 Οὐκ
1014 2945 1156 3019 εἶχεν
1190 2944 1349 3013 εἶδος,
1367 2951 1486 3002 οὐδὲ
1516 2949 1731 3015 κάλλος,
1756 2949 1893 3004 ἀλλὰ

295 3044 362 3097 τὸ
396 3039 540 3106 εἶδος
575 3042 736 3095 αὑτοῦ
789 3043 980 3112 ἄτιμον
1026 3039 1114 3115 ἦν,
1154 3043 1247 3097 καὶ
1279 3041 1527 3096 ἐκλεῖπον
1577 3043 1724 3114 παρὰ
1768 3044 1892 3106 τοὺς

1997 1845 2139 1914 ejus,
2171 1860 2334 1915 quem
2361 1846 2735 1916 completurus
2765 1858 2885 1902 erat
2911 1847 2966 1902 in
2993 1847 3300 1905 Jerusalem
3326 1850 3410 1905 ιιι
3444 1870 3464 1903 ›
3492 1855 3577 1906 An

1996 1955 2118 1994 cum
2160 1940 2425 2009 propheta
2457 1939 2632 1996 dicit:
2668 1958 2688 1992 ι
2732 1941 2975 1998 Vidimus
3006 1958 3128 1999 eum
3163 1954 3220 1999 et
3246 1959 3355 2000 non
3407 1945 3578 2000 habe-

1998 2031 2092 2086 bat
2139 2031 2416 2096 decorem,
2442 2045 2618 2098 neque
2663 2031 3125 2103 pulchritudinem
3154 2035 3224 2101 “,
3263 2055 3282 2088 ι
3325 2046 3459 2103 etc.,
3485 2037 3579 2092 ad-

2001 2119 2171 2175 mittit
2201 2120 2394 2176 Celsus
2435 2121 2581 2176 hanc
2614 2123 2956 2190 prophetiam
2993 2123 3060 2179 ad
3104 2123 3290 2179 Jesum
3327 2136 3578 2195 spectare

2001 2210 2335 2284 (quanquam
2361 2227 2538 2267 caecus
2569 2227 2697 2276 erga
2725 2213 2885 2283 hujus
2911 2216 3014 2270 loci
3047 2216 3576 2287 interpretationem,

1998 2318 2105 2357 non
2142 2303 2292 2358 videt
2324 2318 2522 2373 magno
2555 2314 2879 2383 argumento
2902 2321 3022 2361 esse
3049 2305 3235 2362 Jesum
3279 2307 3450 2373 illum,
3483 2309 3577 2378 qui

1996 2395 2264 2450 deformis
2297 2396 2612 2460 videbatur,
2665 2395 2758 2471 Dei
2792 2412 2912 2452 esse
2961 2397 3184 2466 Filium,
3214 2400 3358 2468 quod
3389 2399 3578 2454 multis

1998 2494 2294 2554 antequam
2355 2496 2673 2542 nasceretur
2701 2476 2864 2541 anuis
2894 2489 3209 2557 prtedictum
3247 2490 3416 2545 fuerit
3468 2505 3579 2560 qua

1997 2571 2173 2627 forma
2206 2573 2424 2628 futurus
2452 2573 2649 2645 esset);
2680 2591 2803 2630 cum
2841 2583 2970 2633 v‘ero
2997 2578 3136 2633 alter
3165 2580 3428 2650 propheta
3455 2593 3581 2650 spe-

1997 2664 2083 2718 cie
2118 2664 2266 2719 illum
2298 2675 2352 2720 et
2378 2665 2779 2735 pulchritudine
2808 2669 3093 2738 praeditum
3121 2685 3244 2726 esse
3266 2671 3578 2736 tlicit,hanc

1999 2756 2342 2826 prophetiam
2372 2758 2439 2811 ad
2459 2757 2738 2813 Christum
2773 2759 2980 2816 referre
3009 2777 3113 2815 non
3145 2763 3289 2816 vult?
3319 2762 3375 2816 Si
3404 2763 3582 2817 Evan-

1999 2847 2140 2917 gelia
2161 2847 2309 2902 clare
2329 2850 2706 2918 exprimerent
2740 2870 2758 2903 t
2793 2851 2998 2907 nullqu
3027 2853 3171 2908 illius
3214 2853 3384 2910 fuisse
3415 2857 3579 2910 deco-

1999 2955 2114 2994 rem
2151 2949 2246 2994 aut
2289 2940 2771 3010 pulchritudinem,
2812 2944 2905 2998 sed
2959 2943 3189 2998 formam
3245 2947 3368 3016 ejus
3400 2948 3576 3018 inglo-

2002 3033 2136 3085 riam
2167 3032 2334 3087 fuisse
2356 3045 2409 3088 et
2433 3035 2776 3090 deﬁcientem
2803 3051 2912 3104 prae
2942 3037 3068 3093 liliis
3097 3040 3439 3108 hominum,»
3461 3043 3578 3098 hmo

294 3135 454 3197 υἱοὺς
509 3135 614 3186 τῶν
666 3131 984 3204 ἀνθρώπων·
1042 3154 1060 3184 ι
1097 3135 1240 3187 εἴποι
1287 3133 1352 3188 ἄν
1398 3150 1500 3197 τις,
1555 3134 1614 3185 οὐ
1653 3133 1790 3186 κατὰ
1831 3132 1890 3186 τὸ

2002 3122 2181 3177 dicere
2207 3123 2330 3191 quis
2366 3136 2548 3193 posset
2577 3142 2606 3178 a
2633 3127 2791 3191 Celso
2822 3144 2926 3180 non
2949 3143 3015 3181 ex
3061 3130 3362 3198 prophetis,
3389 3134 3482 3186 sed
3510 3150 3578 3188 ex

296 3225 642 3295 προφητικὸν
665 3224 944 3294 εἰρηκέναι
967 3223 1140 3278 ταῦτα
1165 3225 1256 3278 τὸν
1299 3226 1526 3286 Κέλσον,
1565 3223 1700 3276 ἀλλὰ
1749 3223 1893 3277 κατὰ

295 3317 362 3370 τὸ
397 3315 750 3382 εὑαγγελικόν
797 3315 930 3385 (24)·
968 3318 1088 3368 νυνὶ
1127 3316 1203 3382 δὲ,
1229 3315 1354 3369 οὔτε
1382 3316 1487 3369 τῶν
1521 3315 1890 3383 Εὐαγγελίων,

299 3404 421 3458 ἀλλ’
452 3405 574 3456 οὐδὲ
601 3403 707 3456 τῶν
734 3405 1045 3457 ἀποστόλων
1094 3406 1486 3475 ἐμφαινόντων,
1517 3407 1596 3458 ὅτι
1623 3405 1722 3458 οὐκ
1749 3401 1893 3474 εἶχεν

300 3491 470 3559 εἶδος,
497 3495 614 3548 οὐδὲ
642 3495 857 3558 κάλλος,
888 3496 1076 3564 σαφὲς,
1101 3497 1182 3548 ὅτι
1209 3495 1268 3547 τὸ
1296 3497 1402 3548 ἀπὸ
1425 3497 1523 3566 τῆς
1557 3497 1892 3567 προφητείας

298 3585 674 3654 ἀναγκάζεται
726 3587 1146 3658 παραδέχεσθαι,
1199 3587 1275 3648 ὼς.-
1321 3586 1715 3657 ἀληθευόμενον
1766 3587 1894 3656 περὶ

299 3677 565 3752 Χριστοῦ·
594 3679 730 3748 ὅπερ
753 3678 931 3732 οὐκέτι
966 3679 1252 3749 ἐπιτρέπει
1279 3677 1377 3740 τὰς
1401 3678 1528 3748 περὶ
1559 3675 1733 3748 Ἰησοῦ
1759 3693 1893 3730 κατ-

300 3772 535 3844 ηγορίας
567 3772 898 3843 προϐαίνειν.

391 3864 561 3918 Πάλιν
614 3881 673 3916 τε
725 3859 791 3917 αῦ
845 3867 872 3917 ὁ
927 3863 1135 3932 λέγων,
1175 3883 1193 3915 ι
1229 3862 1446 3935 Ἐπειδὴ
1491 3861 1631 3916 θεῖον
1679 3861 1895 3933 πνεῦμα

299 3953 369 4028 ἦν
399 3958 457 4009 ὲν
483 3954 710 4025 σώματι,
744 3955 957 4019 πάντως
982 3955 1376 4026 παραλλάττειν
1400 3955 1529 4008 αὐτὸ
1553 3955 1662 4008 τῶν
1692 3955 1892 4008 λοιπῶν

303 4045 534 4118 ἐχρῆνῆ
569 4045 708 4096 κατὰ
741 4044 988 4114 μέγεθος,
1029 4045 1062 4114 ἢ
1115 4045 1319 4113 φωνὴν,
1356 4043 1390 4112 ἢ
1433 4044 1624 4114 ἀλκὴν,
1655 4043 1688 4113 ἢ
1732 4045 1895 4098 κατά-

305 4139 524 4209 πληξιν,
578 4135 611 4206 ἢ
646 4135 837 4188 πειθώ·
888 4155 906 4186 ι
947 4135 1061 4198 πῶς
1091 4137 1188 4205 οὐχ
1240 4134 1384 4207 ἑώρα
1413 4135 1473 4188 τὸ
1516 4135 1890 4204 παραλλάττον

305 4229 401 4282 τοῦ
436 4227 684 4298 σώματος
714 4227 878 4280 αὑτοῦ
910 4227 1045 4296 πρὸς
1075 4226 1136 4279 τὸ
1164 4229 1275 4289 τοῖς
1305 4225 1472 4295 ὁρῶσι
1510 4225 1754 4289 δυνατὸν,
1801 4227 1895 4279 καὶ

306 4321 397 4374 διὰ
430 4319 589 4373 τοῦτο
620 4321 909 4390 χρήσιμον,
944 4317 1151 4370 τοιοῦτο
1186 4317 1528 4387 φαινόμενον,
1574 4318 1756 4368 ὁποῖον
1790 4317 1893 4370 ἔδει

1998 3213 2309 3284 Evangeliis
2341 3217 2533 3271 hausta
2575 3219 2771 3285 fuisse;
2800 3236 2927 3276 cum
2969 3229 3152 3275 autem
3197 3237 3298 3276 nec
3333 3223 3579 3295 Evange-

1997 3304 2068 3357 lia
2098 3319 2197 3360 nec
2232 3306 2463 3374 apostoli
2493 3309 2775 3363 declarent
2799 3311 3002 3366 nullam
3031 3313 3106 3367 illi
3141 3313 3308 3370 fuisse
3338 3319 3576 3387 speciem

1995 3406 2049 3450 et
2102 3397 2605 3466 pulchritudinem,
2655 3403 2880 3459 evidens
2931 3413 3017 3460 est
3064 3407 3183 3476 cogi
3235 3407 3454 3464 Celsum
3510 3412 3578 3466 ad

1997 3489 2369 3545 conﬁtendum
2425 3494 2770 3562 prOphetiam
2820 3496 2964 3550 hanc
3008 3499 3060 3550 in
3113 3499 3330 3554 Christo
3387 3503 3580 3572 imple-

1999 3593 2108 3636 tam
2142 3583 2310 3640 fuisse
2345 3602 2357 3637 :
2394 3586 2446 3642 id
2483 3588 2630 3656 quod
2663 3587 2780 3655 ejus
2811 3588 2878 3643 de
2901 3587 3029 3644 Jesu
3067 3591 3371 3649 calumnias
3399 3598 3576 3666 repri-

1998 3673 2118 3730 tnit.

2069 3853 2157 3908 77.
2183 3853 2416 3911 Rursum
2454 3868 2577 3910 cum
2606 3855 2737 3914 dicit
2768 3874 2782 3913 :
2830 3877 2849 3913 t
2881 3860 3148 3929 Quoniam
3186 3866 3402 3923 divinus
3446 3868 3575 3940 Spi-

2002 3947 2139 4001 ritus
2172 3947 2227 4002 in
2259 3963 2492 4018 corpore
2518 3961 2662 4019 erat,
2691 3953 2915 4008 omnino
2958 3957 3196 4024 oportuit
3236 3959 3384 4013 illum
3415 3971 3578 4017 ca-te-

1997 4039 2074 4093 ris
2101 4050 2362 4108 praestare
2386 4045 2890 4116 autmagnitudine,
2917 4056 3011 4102 aut
3035 4063 3190 4116 voce,
3224 4060 3318 4105 aut
3347 4051 3576 4118 viribus,

1995 4141 2092 4187 aut
2121 4135 2428 4204 majestate,
2481 4147 2576 4192 aut
2605 4139 2952 4208 eloquentia;
2996 4161 3014 4193 ι
3047 4143 3321 4210 quomodo
3355 4159 3464 4198 non
3493 4146 3579 4199 vi-

1995 4223 2077 4277 dit
2100 4240 2296 4295 corpus
2329 4227 2457 4281 illud
2490 4229 2591 4284 hoc
2617 4233 2834 4286 caeteris
2866 4233 3276 4298 antecelluisse,
3308 4234 3451 4300 quod
3477 4250 3576 4304 pro

1997 4316 2259 4384 cujusque
2308 4328 2473 4386 captu
2525 4329 2580 4374 et
2605 4330 2766 4387 prout
2790 4321 2920 4376 utile
2956 4331 3097 4390 erat,
3136 4322 3242 4376 tale
3272 4323 3576 4390 videretur,

309 4410 526 4480 ἑκάστῳ
549 4409 873 4479 βλέπεσθαι;
909 4409 1020 4461 Καὶ
1043 4407 1104 4460 οὐ
1137 4407 1467 4478 θαυμαστὸν,
1485 4408 1580 4478 τὴν
1608 4407 1890 4478 φύσειβδ)

2002 4408 2159 4476 quale
2180 4408 2410 4478 singulis
2443 4411 2612 4465 videri
2647 4412 2974 4480 oportebat?
3002 4412 3185 4483 Neque
3212 4430 3340 4470 vero
3376 4416 3574 4471 mirum

307 4503 548 4573 τρεπτὴν
581 4503 674 4555 καὶ
705 4501 1021 4569 ἀλλοιωτὴν,
1051 4499 1143 4553 καὶ
1175 4501 1255 4563 είς
1290 4499 1464 4552 πάντα
1508 4497 1544 4551 δι
1601 4497 1845 4568 βούλεται
1868 4501 1896 4553 ὁ

308 4594 636 4665 δημιουργὸς
665 4593 795 4664 ὓλην
842 4591 1201 4664 μεταϐλητὴν,
1252 4592 1345 4644 καὶ
1390 4591 1584 4670 πάσης.
1609 4590 1893 4660 ποιότητος

311 4685 377 4755 ἣν
399 4689 427 4738 ό
452 4685 700 4756 τεχνίτης
735 4683 980 4756 βούλεται
1014 4683 1287 4754 δεκτικὴν,
1327 4682 1417 4734 ὁτὲ
1445 4681 1541 4752 μὲν
1569 4681 1711 4752 ἔχειν
1751 4681 1896 4734 ποιό-

312 4790 468 4844 τητα,
515 4776 636 4829 καθ’
683 4775 747 4845 ἣν
780 4774 996 4842 λέγεται
1033 4771 1254 4840 (26)rb_,
1283 4790 1301 4822 ι
1339 4772 1474 4824 Ὀὐκ
1526 4768 1672 4840 εἶχεν
1729 4766 1888 4834 εἶδος,

313 4863 434 4917 οὐδὲ
483 4865 691 4930 κάλλος·
746 4886 764 4917 ι
826 4865 915 4919 ὁτὲ
960 4864 1016 4917 δὲ
1080 4863 1250 4926 οὕτως
1307 4860 1514 4927 ἔνδοξον
1576 4861 1672 4915 καὶ
1715 4879 1891 4916 κατα-

386 5002 430 5032 ⁶⁶
461 5003 562 5058 lsa.
590 5017 706 5066 Lm,
744 5002 795 5068 1,
824 5002 887 5067 2,
922 5003 975 5057 3.

1073 5000 1114 5034 ⁶¹
1150 4999 1290 5056 Psal.
1328 5016 1474 5067 κων,
1504 5001 1559 5070 4,
1591 5002 1645 5058 5.

318 5073 363 5105 ⁸⁸
391 5071 522 5128 Ibid.

1750 5001 1794 5033 ⁸³
1827 5001 2020 5060 Matth.
2073 5018 2209 5069 xvu,
2242 5003 2268 5057 1
2306 5012 2362 5058 et
2383 5020 2540 5076 seqq.

2001 4505 2085 4552 est
2114 4498 2378 4564 tuateria3,
2402 4514 2543 4567 quae,
2571 4509 2629 4554 ut
2661 4500 2939 4556 Conditori
2966 4501 3112 4566 libet,
3142 4504 3196 4557 in
3226 4505 3409 4559 omnia
3435 4506 3575 4562 verti

1999 4600 2056 4643 et
2104 4590 2303 4643 mutari
2343 4600 2524 4660 potest
2566 4608 2892 4662 omnemque
2938 4610 3035 4664 pro
3066 4595 3295 4652 artiﬁcis
3347 4597 3578 4654 arbitrio

2000 4681 2318 4749 qualitatem
2353 4684 2620 4752 accipere,
2656 4683 2816 4739 modo
2869 4687 3088 4754 quidem
3138 4687 3317 4743 inesse
3343 4688 3578 4759 qualita-

1952 4852 1959 4858 -
2001 4781 2107 4824 tem
2142 4787 2263 4840 qua:
2309 4771 2519 4827 dederit
2574 4773 2749 4829 locutu
2812 4775 3072 4831 dicendi:
3113 4794 3133 4828 ι
3166 4777 3286 4833 Non
3338 4778 3576 4834 habebat

1999 4863 2253 4917 decorem
2274 4878 2447 4933 neque
2463 4864 2932 4936 pulchritudinem
2951 4867 3018 4935 ⁸⁸,
3045 4887 3064 4920 ι
3085 4868 3244 4924 modo
3267 4878 3446 4926 autem
3464 4879 3573 4924 tam

2645 5004 2690 5036 ⁸⁸
2717 5002 2850 5059 Luc.
2880 5019 2958 5072 Ix,
2985 5005 3076 5062 5|.
3155 5006 3202 5046 ⁸⁸
3235 5006 3338 5062 lsa.
3363 5022 3482 5071 Llll,
3510 5006 3566 5061 2.

384 5217 768 5302 (1.9)ιΨαλμῷ.
812 5219 940 5273 Post
964 5220 1112 5299 ~hanc
1141 5235 1326 5276 vocem
1382 5219 1533 5274 addit
1562 5219 1880 5288 Philocalia,

2002 5222 2244 5302 πολέἑῖῗνικ
2253 5232 2364 5302 βΡΡ·

313 5285 400 5359 τῷ
417 5285 557 5359 ὑπὲρ
586 5285 680 5342 τοῦ
709 5289 1012 5359 ἀγαπητοῦ.

363 5308 390 5342 υ
417 5308 520 5340 υπε
586 5308 680 5342 του
709 5308 1012 5359 αγαπητου.

363 5342 494 5432 ’(20)
525 5308 755 5424 Bhiloc.,
785 5359 1275 5432 ἔντεινεηηφεςὶιη
1301 5358 1740 5432 ἐντειναιεΡοιιΙρ
1765 5371 1886 5429 post

316 5427 542 5493 Philoc.,
578 5429 974 5501 περιεσπᾶσθαι
1000 5429 1104 5501 ὑπὸ
1133 5428 1258 5480 τῶν.
1319 5427 1590 5483 Ηωεειιθι.
1624 5441 1678 5484 ct
1707 5427 1883 5501 Spen-

317 5516 445 5562 cer.,
476 5498 844 5570 περισπᾶσθαι
876 5500 980 5552 ὑπὸ
1014 5498 1141 5552 τῶν.

385 5568 495 5640 (‘21)
529 5568 761 5633 Philoc.,
799 5571 950 5640 φησί.

382 5639 489 5728 (2‘2)
523 5640 754 5728 Philum,
781 5639 932 5728 μέγα
946 5642 1012 5710 τῇ
1038 5641 1343 5728 κατασκευῇ
1370 5639 1680 5728 emicare»;
1707 5641 1880 5728 ᾀμορ;⁸

317 5696 407 5772 φον
436 5696 571 5766 εἶναι
603 5696 873 5764 δοκοῦντα
896 5696 1101 5780 Ἰησοῦν
1136 5711 1258 5765 Υίὸν
1290 5696 1425 5768 εἷ’ναι
1463 5711 1620 5777 Θεοῦ,
1649 5696 1882 5783 καῖπρὸ

1993 5364 2112 5416 dem

1989 5432 2088 5487 ἀνθ
2146 5431 2158 5450 ’
2176 5450 2321 5485 πων·
2355 5431 2596 5488 εἶπενᾶν
2621 5451 2725 5497 τις.
3023 5431 3034 5435 ⁷
3190 5468 3192 5470 τ

2061 5449 2175 5556 (ἕϊῖ
2199 5502 2428 5556 Philoc..
2460 5503 2596 5556 ἀλλὰ
2631 5504 2768 5556 κατὰ
2792 5504 2851 5556 τὸ
2881 5501 3192 5556 Εὐαγγέλιοη

2063 5292 2547 5372 (⁸25)-Ιξίιίιοεηιείς
2588 5294 2805 5372 Ἰησοῦν
2824 5295 3078 5372 Χριστόνἶ
3137 5293 3450 5372 Paulopost
3477 5306 3569 5372 ef.-

2189 5364 2406 5435 hi‘loc.,_
2422 5365 2614 5433 ἄτιμον
2652 5363 2908 5418 ’ἐκλεῖπον
2938 5363 3092 5435 παρὰ
3119 5366 3244 5427 τοὺς
3269 5363 3416 5429 υἱοὺς
3460 5363 3569 5420 τῶν

2119 5502 2172 5570 4)
2199 5502 2428 5568 Philoc.,
2460 5503 2596 5556 ἀλλὰ
2631 5504 2768 5557 κατὰ
2792 5504 2851 5557 τὸ
2881 5501 3232 5570 Εὐαγγέλιον.

2061 5501 2150 5573 (‘24
2199 5502 2428 5568 Philoc.,
2460 5503 2596 5556 ἀλλὰ
2631 5504 2768 5557 κατὰ
2792 5504 2851 5557 τὸ
2881 5501 3232 5570 Εὐαγγέλιον.

2061 5502 2172 5642 (25;
2203 5574 2544 5643 Haaschelius
2578 5574 2629 5626 in
2666 5583 2835 5643 textu,
2871 5572 3054 5642 φύσιν,
3086 5573 3249 5630 male.

2061 5644 2172 5715 (26)
2202 5643 2435 5709 Philoc.,
2465 5642 2731 5695 λέλεκται.
