3990 6158
493 229 632 288 ΝΙΒ

1937 225 2258 284 ORIGENIS

3656 232 3830 290 1416

487 349 848 420 splendidam.
883 351 1202 420 stupendam
1255 357 1417 420 atque
1444 348 1843 416 admirabilem,
1874 359 1932 404 ut
1955 359 2044 405 tre:

2173 346 2476 419 πληκτικὴν
2527 347 2620 402 καὶ
2665 345 3006 418 θαυμαστὴν,
3055 349 3130 412 ὡς
3188 347 3283 402 ἐπὶ
3331 347 3649 420 πρόσωπον
3710 366 3828 402 τπ-

491 441 718 511 apostoli
744 440 836 508 qui
867 456 992 495 cum
1019 441 1148 496 Jesu
1170 441 1529 496 ascenderant
1549 451 1604 496 et
1632 448 1796 494 tantae
1824 439 2062 510 pulchri-

489 531 694 587 tudinis
719 531 933 586 fuerant
959 541 1318 600 spectatores,
1346 532 1398 586 in
1421 531 1618 587 faciem
1644 532 1975 602 prociderint
1993 531 2059 585 ‘°.

486 621 686 679 Verum
719 623 832 679 hazc
862 633 920 677 ut
943 633 998 678 et
1025 632 1220 679 czetera
1241 640 1360 694 qua:
1387 625 1452 678 de
1470 624 1596 680 Jesu
1618 633 1908 678 narrantur
1933 638 2062 693 pro-

487 717 630 788 digia
667 732 764 790 pro
796 716 1070 787 figmentis
1103 718 1347 783 habebit,
1383 727 1437 772 et
1483 718 1616 772 nihil
1649 733 1678 772 a
1731 717 1928 773 fabulis
1971 717 2060 773 di-

487 823 645 862 versa
675 821 794 863 esse
842 809 1023 864 dicet:
1057 811 1200 879 quod
1221 808 1335 878 jam
1371 825 1534 879 supra
1582 809 1768 865 multis
1798 809 2061 864 refutavi-

484 910 626 950 mus.
656 893 776 950 Jam
809 912 938 950 vero
986 897 1039 952 in
1098 900 1200 952 hac
1233 899 1480 953 doctrina
1527 901 1658 969 quid
1690 914 1950 954 arcanum
1978 909 2062 955 est

484 1001 589 1055 quo
611 987 869 1042 docemur
902 989 1082 1044 varias
1097 989 1257 1061 691
1284 987 1410 1045 Jesu
1443 989 1646 1046 formas
1676 991 2060 1060 intelligendas

483 1092 604 1134 esse
635 1081 700 1132 de
725 1079 892 1133 divini
931 1080 1086 1134 Verbi
1119 1091 1334 1146 natura,
1367 1097 1486 1151 quae
1520 1095 1626 1136 non
1678 1083 1866 1138 eadem
1901 1084 2058 1152 vulgo

481 1178 705 1237 apparet
732 1181 894 1240 atque
923 1171 990 1225 iis
1019 1172 1110 1241 qui
1145 1174 1196 1227 in
1247 1183 1485 1228 montem
1523 1174 1802 1229 excelsum
1841 1190 1870 1228 a
1903 1176 2060 1229 nobis

477 1260 802 1329 explicatum
839 1263 991 1330 sequi
1028 1262 1158 1318 illud
1189 1273 1433 1334 possunt.
1468 1265 1567 1332 Qui
1596 1266 1738 1321 enim
1764 1267 1941 1320 adhuc
1974 1268 2058 1320 in-

481 1352 561 1406 fra
593 1361 740 1416 sunt,
771 1355 1002 1409 necdum
1030 1356 1328 1410 ascendere
1357 1359 1554 1426 parati,
1595 1372 1724 1428 erga
1759 1358 1892 1413 istos
1920 1357 2055 1413 Ver-

476 1442 606 1498 buni
638 1444 842 1499 nullum
895 1447 1170 1512 decorem,
1226 1446 1430 1502 nullam
1484 1448 1646 1503 habet
1696 1448 2060 1520 pulchritudi-

477 1549 635 1602 nem;
676 1551 799 1590 nam
845 1552 972 1606 erga
1001 1539 1268 1608 ejusmodi
1304 1541 1553 1596 homines
1582 1540 1756 1596 forma
1798 1542 1944 1597 illius
1973 1544 2059 1596 in-

477 1624 650 1695 gloria
683 1636 768 1681 est
796 1637 851 1682 et
899 1627 1125 1684 inferior
1159 1631 1532 1695 sermonibus,
1572 1631 1664 1700 qui
1698 1646 1765 1686 ex
1816 1633 2062 1686 homini-

2172 441 2284 491 σεῖν
2327 441 2454 501 τοὺς
2499 439 2696 502 θεατὰς
2743 437 2836 491 τοῦ
2895 438 3213 508 τηλικούτου
3269 438 3526 502 κάλλους,
3591 455 3824 492 συναν-

2170 526 2423 590 ελθόντας
2478 527 2556 597 τῷ
2609 527 2784 598 Ἰησοῦ
2837 531 2987 599 τρεῖς
3055 529 3402 593 ἀποστόλους,
3463 529 3621 582 Ἀλλ’
3681 531 3823 600 ὲρεῙ

2167 615 2318 669 ταῦτ’
2347 613 2486 670 εἶναι
2545 618 2857 688 πλάσματα,
2892 617 2986 671 καὶ
3049 617 3235 688 μύθων
3284 619 3436 671 οὐδὲν
3484 617 3818 686 διαφέρον·

2169 724 2257 771 τα,
2311 710 2389 771 ὡς
2444 710 2538 761 κού⁴
2593 709 2660 762 τὰ
2715 708 2880 762 λοιπά
2935 709 3045 760 τῶν
3105 710 3234 781 περὶ
3287 709 3467 782 Ἰησοῦ
3529 711 3816 780 παραδό-

2171 800 2294 866 ξων·
2347 803 2440 854 καὶ
2486 802 2623 872 πρὸς
2667 803 2788 856 τόδε
2823 803 2919 872 μὲν
2956 798 3049 855 οὖν
3100 801 3190 854 διὰ
3233 802 3497 855 πλειόνων
3549 805 3620 855 ὲν
3676 805 3812 864 τοῖς

2169 894 2274 964 πρὸ
2303 894 2507 948 τούτων
2555 895 3033 966 ἀπελογησάμεθα.
3084 895 3238 964 Ἔχει
3268 895 3326 947 δέ
3362 912 3413 947 τι
3447 897 3550 948 καὶ
3585 912 3810 964 μυστι-

2167 989 2261 1040 κὸν
2289 987 2441 1059 (27)ό
2456 987 2631 1056 λόγος,
2655 987 3014 1056 ἀπαγγέλλων
3029 987 3127 1050 τὰς
3150 986 3245 1039 τοῦ
3272 987 3448 1056 Ἰησοῦ
3470 986 3805 1056 διαφόρους

2170 1077 2384 1148 μορφὰς
2425 1077 2537 1147 (28)
2577 1075 2944 1146 ἀναφέρεσθαι
2989 1077 3082 1128 ἐπὶ
3127 1075 3222 1146 τὴν
3265 1075 3358 1127 τοῦ
3405 1075 3559 1127 θείου
3599 1076 3803 1143 Λόγου

2168 1168 2347 1236 φύσιν,
2383 1169 2480 1238 οὺχ
2527 1169 2729 1239 ὁμοίως
2773 1169 3100 1238 φαινομένου
3149 1169 3262 1230 τοῖς
3306 1184 3365 1218 τε
3409 1167 3645 1229 πολλοῖς
3691 1168 3800 1219 καὶ

2165 1262 2277 1322 τοῖς
2329 1259 2640 1313 ἀκολουθεῖν
2687 1260 2836 1330 αύτῷ
2873 1263 2953 1324 είς
2997 1259 3198 1329 ὑψηλὸν
3258 1258 3287 1310 ὂ
3333 1257 3794 1327 ἀποδεδιέικαμεν

2165 1350 2290 1422 ὅρος
2315 1351 2634 1422 δυναμένοις
2655 1368 2667 1380 ·
2699 1355 2815 1415 τοῖς
2847 1351 2946 1424 μὲν
2968 1351 3077 1423 γὰρ
3107 1350 3188 1403 ἐτι
3218 1350 3368 1404 κάτω
3395 1351 3784 1419 τυγχάνουσι,

2167 1444 2260 1498 καὶ
2293 1444 2517 1514 μηδέπω
2543 1444 2637 1497 ἐπὶ
2669 1443 2730 1496 τὸ
2763 1443 3075 1497 ἀναϐαίνειν
3116 1443 3703 1514 παρεσκευασμένοις,
3753 1447 3786 1496 ὀ

2165 1536 2337 1605 Λόγος
2367 1536 2466 1589 οὐκ
2493 1535 2605 1606 ἔχει
2634 1531 2791 1600 εἶδος,
2819 1535 2940 1588 οὺδέ
2955 1535 3151 1597 κάλλος
3170 1552 3182 1563 ·
3201 1533 3262 1586 τὸ
3282 1534 3390 1604 γὰρ
3420 1529 3567 1597 εἶδος
3600 1533 3782 1587 αὐτοῦ

2164 1631 2276 1690 τοῖς
2314 1627 2576 1690 τοιούτοις
2625 1626 2774 1679 ἐστὶν
2805 1627 3008 1697 κᾶτιμον
3037 1627 3130 1678 καὶ
3160 1625 3410 1678 ἐκλεῖπον
3435 1625 3602 1695 παρά
3643 1627 3778 1690 τοὺς

477 1717 581 1771 bus
627 1719 898 1783 oriuntur,
930 1734 1165 1790 eamque
1210 1722 1281 1776 ob
1314 1736 1541 1776 causam
1588 1724 1642 1776 in
1678 1723 1782 1777 illis
1824 1723 2044 1794 figurate

2159 1721 2264 1775 ὑπὸ
2307 1719 2609 1791 ἀνθρώπων
2654 1719 3054 1790 γεγενημένους
3116 1719 3329 1787 λόγους,
3373 1719 3670 1789 τροπικῶς
3714 1721 3778 1771 ἐν

477 1807 582 1877 ﬁlii
615 1811 884 1866 hominum
917 1823 1202 1868 vocantur.
1233 1812 1302 1868 Et
1327 1815 1548 1884 quidem
1587 1815 1695 1870 diei
1725 1825 1908 1885 potest
1935 1815 2056 1884 phi-

476 1898 826 1968 losophorum
851 1918 1149 1968 sermones,
1179 1904 1271 1974 qui
1301 1904 1394 1958 filii
1419 1905 1700 1960 hominum
1722 1915 1867 1971 sunt,
1885 1906 2054 1961 multo

475 1992 832 2058 speeiosiores
856 2009 978 2048 esse
1013 2010 1266 2050 sermone
1309 1997 1426 2060 Dei,
1454 1997 1570 2066 qtti,
1603 2012 1728 2051 cum
1760 1998 1923 2066 vulgo
1951 2013 2049 2051 att-

473 2081 776 2149 nuntiatur,
823 2103 841 2135 ι
886 2085 1170 2140 stultitiam
1208 2088 1620 2157 prtedicationis
1647 2090 1691 2120 ⁶⁷
1732 2109 1749 2140 ι
1784 2091 2049 2156 exhibet,

470 2182 526 2228 et
559 2174 765 2229 ideirco
795 2175 973 2230 locum
1005 2179 1205 2247 przebet
1241 2179 1381 2232 hanc
1415 2197 1434 2229 ι
1468 2179 1754 2233 stultitiam
1788 2181 2050 2250 prmdica-

473 2270 642 2326 tionis
682 2288 700 2322 ι
757 2273 932 2326 solam
993 2275 1368 2342 spectantibus
1418 2275 1634 2328 dicendi
1679 2291 1691 2326 :
1739 2294 1757 2326 ι
1810 2276 2048 2329 Vidimus

468 2378 593 2417 eum
633 2373 688 2416 et
715 2379 822 2418 non
867 2365 1105 2419 habebat
1139 2365 1420 2432 decorem,
1471 2381 1646 2435 neque
1684 2367 2050 2435 pulchritudi-

469 2465 589 2504 nem
617 2452 682 2505 ⁸⁸.
719 2471 737 2504 ι
777 2451 882 2507 Sed
909 2469 1036 2524 erga
1079 2469 1172 2509 cos
1199 2455 1290 2523 qui
1318 2458 1386 2510 ad
1421 2455 1571 2509 illum
1595 2456 1933 2526 sequendum
1962 2457 2047 2510 vel

466 2560 589 2598 cum
621 2545 671 2598 in
695 2545 966 2600 excelsum
995 2558 1231 2604 montem
1259 2549 1674 2604 ascenditvires
1693 2557 2046 2617 acceperunt,

466 2635 792 2691 diviniorem
852 2635 1085 2691 formam
1139 2639 1321 2693 habet.
1375 2639 1525 2694 llanc
1582 2639 2044 2710 eontemplantur,

463 2725 577 2794 qui,
609 2735 670 2780 ut
701 2725 912 2789 Petrus,
947 2727 1242 2782 Ecelesiam
1273 2745 1302 2780 a
1342 2728 1521 2783 Verbo
1555 2729 1876 2782 aedificatam
1903 2731 1956 2783 in
1988 2743 2047 2783 se

464 2821 668 2874 habent
702 2821 787 2886 “9;
841 2822 933 2890 qui
977 2822 1244 2892 ejusmodi
1284 2823 1529 2875 habitum
1587 2833 2047 2891 comparaverunt

465 2920 524 2962 nt
570 2911 716 2964 nulla
751 2912 912 2966 inferi
963 2924 1118 2982 porta
1170 2914 1461 2983 praevaleat
1499 2915 1760 2968 adversus
1795 2929 1922 2978 eos;
1953 2913 2042 2981 qui

464 3019 559 3072 per
605 3002 841 3057 Verbum
889 3005 1112 3059 exaltati
1165 3006 1366 3058 fuerint
1403 3007 1468 3059 de
1517 3005 1692 3073 portis
1739 3007 1954 3066 mortis.
1985 3013 2043 3057 nt

2158 1812 2366 1877 τούτοις
2424 1813 2791 1883 καλουμένους
2853 1812 3024 1878 υἱοὺς
3071 1812 3416 1879 ἀνθρώπων.
3485 1811 3772 1880 Εἲποιμεν

2160 1906 2268 1976 (‘29)
2296 1905 2405 1976 γὰρ
2451 1904 2514 1958 ἂν
2563 1904 2742 1975 πολλῴ
2774 1903 3138 1974 ὡραιοτέρους
3167 1902 3451 1972 φαίνεσθαι
3486 1903 3626 1964 τοὺς
3656 1903 3772 1955 τῶν

2158 1998 2591 2068 φιλοσοφούντων
2633 1997 2846 2065 λόγους,
2887 1996 3046 2058 ὄντας
3075 1996 3224 2058 υἱοὺς
3242 1993 3580 2064 ἀνθρώπων,
3605 1996 3768 2065 παρά

2154 2093 2245 2146 τὸν
2275 2096 2388 2154 τοῖς
2427 2092 2642 2154 πολλοῖς
2677 2108 2744 2160 κη
2757 2087 3084 2159 ρυσσόμενον
3114 2085 3250 2138 Θεοῦ
3271 2085 3447 2154 λόγον,
3468 2086 3531 2148 ὃς
3561 2086 3766 2155 ἐμφαίο

2153 2201 2231 2237 νει
2257 2184 2351 2236 καὶ
2383 2203 2400 2234 ι
2430 2183 2644 2254 μωρίαν
2683 2180 3067 2252 κηρύγματος·
3105 2196 3123 2228 ι
3146 2177 3238 2230 καὶ
3269 2177 3359 2230 διὰ
3377 2177 3474 2247 τὴν
3489 2177 3762 2247 ἐμφαινο-

2156 2275 2323 2346 μένην
2380 2293 2399 2326 ι
2463 2273 2674 2345 μωρίαν
2721 2270 2817 2324 τοῦ
2889 2270 3248 2341 κηρύγματος
3314 2289 3332 2319 ι
3385 2268 3646 2337 λέγουσιν
3708 2272 3762 2322 οἱ

2151 2366 2309 2419 τοῦτο
2358 2368 2516 2438 μόνον
2554 2362 2882 2435 θεωροῦντες
2904 2378 2917 2392 ⁸
2969 2381 2986 2413 ι
3044 2362 3275 2432 Εἶδομεν
3303 2360 3486 2424 αὑτὸν,
3522 2362 3620 2414 καὶ
3652 2363 3757 2415 οὐκ

2151 2454 2295 2530 εἶχεν
2323 2455 2481 2524 εἶδος,
2512 2458 2633 2510 ούδέ
2674 2456 2885 2518 κάλλος.
2939 2474 2957 2506 ι
3011 2455 3136 2517 Τοῖς
3199 2454 3383 2524 μέντοι
3435 2453 3756 2508 ἀκολουθεῖν

2151 2551 2300 2621 αὐτῷ
2329 2551 2558 2621 δύναμιν
2603 2548 2919 2620 ἀνειληφόσι
2956 2547 3092 2617 πρὸς
3133 2546 3194 2598 τὸ
3229 2546 3458 2599 ἕπεσθαι
3489 2548 3587 2600 καὶ
3612 2549 3749 2600 ἀνα-

2150 2642 2388 2696 ϐαίνοντι
2417 2640 2567 2709 αύτῷ
2596 2642 2674 2703 εἰς
2706 2640 2767 2692 τὸ
2795 2637 2998 2709 ὑψηλὸν
3039 2638 3164 2709 ὅρος
3201 2637 3478 2710 θειοτέραν
3527 2640 3748 2710 μορφὴν

2149 2734 2263 2805 ἔχει
2284 2753 2296 2765 ο
2335 2735 2403 2803 ἧν
2440 2734 2749 2804 βλέπουσιν,
2781 2729 2836 2784 εἴ
2863 2730 2947 2793 τίς
2976 2731 3092 2782 ἐστι
3125 2729 3332 2802 Πέτρος
3359 2731 3619 2801 χωρήσας
3643 2731 3746 2801 τὴν

2148 2827 2247 2896 τῆς
2311 2825 2636 2895 Ἐκκλησίας
2679 2827 2737 2876 ἐν
2780 2821 2960 2891 ἐαυτῷ
2998 2820 3109 2892 (50)
3160 2821 3450 2892 οἰκοδομὴν
3504 2822 3609 2874 ἀπὸ
3637 2821 3745 2874 τοῦ

2149 2917 2354 2986 Λόγουο
2407 2918 2501 2970 καὶ
2549 2915 2817 2984 τοσαύτην
2863 2914 2974 2979 ἐξιν
3009 2912 3314 2975 ἀναλαϐὼν,
3351 2911 3428 2975 ὡς
3471 2911 3741 2981 μηδεμίαν

2149 3009 2325 3080 πύλην
2372 3008 2499 3079 ᾅδου
2553 3007 2902 3078 κατισχύσειν
2950 3004 3146 3059 αὐτοῦ·
3188 3003 3493 3074 ὑψωθέντος
3517 3003 3605 3056 διὰ
3640 3004 3742 3058 τοῦ

462 3094 790 3147 annuntian
841 3107 1031 3148 omnes
1064 3094 1406 3148 laudationes
1465 3093 1555 3147 Dei
1613 3094 1666 3145 in
1712 3094 1882 3160 portis
1920 3093 2044 3147 filia:

2153 3071 2321 3168 Λόγου
2368 3071 2478 3169 (5t)
2511 3100 2574 3151 ἐκ
2615 3071 2955 3151 τῶν-πυλῶν
2999 3095 3095 3150 τοῦ
3142 3071 3412 3160 θανάτου,
3467 3097 3619 3159 ὅπως
3671 3096 3742 3148 ἂν

462 3187 594 3241 Sion
631 3188 713 3252 7°;
739 3193 856 3240 'ant
891 3186 1057 3240 etiam
1097 3185 1164 3250 ii,
1208 3185 1405 3253 quibus
1447 3183 1706 3238 nativitas
1738 3185 1931 3254 obtigit
1975 3200 2040 3237 ex

462 3279 644 3334 verbis
676 3293 878 3346 magna
915 3291 1045 3331 voce
1079 3275 1345 3346 praeditis,
1383 3285 1439 3329 et
1489 3276 1686 3344 quibus
1727 3274 1858 3328 nihil
1889 3276 2043 3330 deest

461 3380 521 3424 ut
545 3369 639 3424 filii
667 3369 892 3425 tonitrui
922 3369 1050 3423 sint.
1088 3366 1193 3421 Sed
1223 3367 1366 3422 unde
1390 3367 1547 3422 Celso
1571 3366 1846 3435 Verbique
1873 3366 2040 3420 divini

462 3461 707 3517 hostibus
762 3473 860 3512 nec
915 3458 1195 3527 religionis
1231 3457 1564 3512 Christiana:
1619 3458 1872 3526 dogmata
1908 3471 2042 3511 can-

461 3553 586 3606 dide
630 3551 1006 3607 scrutantibus
1056 3550 1298 3604 vcnissct
1343 3550 1396 3601 in
1445 3557 1681 3603 mentem
1726 3561 1836 3615 quo
1877 3547 2042 3600 varia:

459 3643 587 3698 .lesu
612 3643 798 3699 formae
820 3641 1166 3710 pertineant?
1189 3656 1288 3710 ego
1306 3650 1486 3694 autem
1517 3639 1658 3693 addo
1673 3639 1838 3694 etiam
1865 3639 2041 3692 artatis

459 3734 683 3802 gradus,
735 3743 938 3798 etquae
968 3739 1257 3799 antequam
1317 3739 1597 3798 pateretur
1639 3738 1692 3782 et
1731 3743 1852 3798 qua:
1890 3739 2039 3798 post-

461 3837 627 3900 quam
655 3819 952 3874 I'esarrexit
981 3834 1043 3873 ex
1089 3821 1340 3884 mortuis,
1371 3819 1563 3888 gessit.

533 4094 622 4151 ‘78.
651 4092 967 4162 Sequuntur
1003 4094 1116 4149 Inec
1145 4095 1285 4164 apud
1316 4093 1534 4149 Celsum
1567 4110 1582 4146 :
1628 4111 1647 4145 ι
1687 4093 1958 4149 Praeterea
1993 4093 2038 4148 si

462 4187 625 4252 Deus.
653 4200 711 4244 ut
743 4188 956 4259 Jupiter
986 4188 1289 4254 contmdize,
1342 4187 1508 4256 longo
1545 4201 1740 4242 somno
1791 4201 2040 4255 experre-

456 4293 577 4337 ctus
629 4283 930 4336 humanum
990 4295 1162 4351 genus
1197 4282 1265 4335 ab
1321 4281 1498 4350 ipsius
1532 4280 1692 4335 malis
1741 4280 2035 4335 liberatum

455 4374 696 4440 volebat,
745 4388 1006 4442 quorsum
1044 4373 1196 4427 illum
1251 4387 1417 4442 quem
1462 4371 1645 4426 dicitis
1684 4371 1949 4440 Spiritum
1982 4371 2034 4424 in

455 4481 622 4521 unum
657 4476 816 4520 terra:
848 4466 1103 4534 angulum
1149 4463 1339 4518 misit?
1367 4461 1626 4532 Oportuit
1652 4463 1819 4517 simili
1873 4464 2035 4516 modo

458 4556 736 4612 lnsulllare
764 4557 912 4610 illum
953 4558 1005 4608 in
1039 4556 1208 4609 multa
1240 4570 1476 4624 corpora
1505 4562 1559 4609 et
1614 4555 1666 4607 in
1717 4555 2031 4608 universum

453 4651 642 4704 orbem
692 4649 964 4702 emittere.
1004 4648 1072 4700 At
1097 4646 1400 4710 commdus,
1436 4657 1498 4699 nt
1521 4646 1574 4699 in
1609 4645 1828 4699 theatro
1859 4645 2032 4698 risum

455 4741 743 4801 excitaret,
780 4737 998 4806 scripsit
1020 4737 1347 4792 Mercurium
1387 4739 1454 4791 ab
1485 4737 1873 4807 expergefacto
1899 4735 2030 4790 Jove

457 4829 683 4883 missum
705 4828 772 4882 ad
799 4829 1159 4884 Athenienses
1185 4837 1240 4884 et
1268 4827 1706 4884 Lacedremonios
1737 4827 1904 4883 fuisse
1929 4844 1943 4892 ;
1976 4837 2032 4881 ιιι

535 4991 578 5024 ⁸ο
605 4991 796 5046 Matth.
825 5007 961 5060 xvu,
988 4993 1042 5048 6.
1121 4993 1164 5027 ⁸⁷
1200 4994 1221 5048 1
1252 4994 1376 5050 Cor.
1418 5011 1456 5059 ι,
1493 4996 1584 5049 2!.

511 5156 641 5243 '(27)
670 5155 1006 5214 Hmsehelius
1051 5167 1104 5212 et
1134 5157 1394 5230 Speneer.
1430 5160 1480 5213 in
1516 5159 1782 5229 margine,
1841 5177 2030 5232 μυστι-

456 5243 999 5370 καῖῗὸςοῖιαςοόρους
1018 5298 1272 5370 μορφάς.
1315 5298 1450 5370 Vide
1479 5299 1574 5353 lib.
1604 5315 1665 5364 ιι,
1691 5315 1840 5355 num.
1865 5301 1956 5354 64.

503 5368 642 5452 ’(29)
675 5368 957 5437 Philoeal.,
1007 5368 1253 5442 εἴπομεν.
1321 5369 1501 5425 Mallet
1529 5370 1779 5436 Guietus,
1827 5371 2031 5425 εἴποιεν

457 5439 892 5649 ταξδιῆνίιιῖθῗιὶη
922 5510 1117 5582 ἐαυτῷ.
1150 5510 1424 5568 Ηωεοιιοι.
1454 5523 1507 5567 et
1536 5510 1820 5582 Speneer.,
1858 5510 2026 5582 αύτῷ.

468 5647 482 5649 _
531 5580 612 5644 (3|
670 5581 771 5634 Διά
803 5582 906 5636 τοῦ
938 5584 1144 5649 λόγου.
1207 5585 1299 5638 Sic
1348 5593 1493 5638 recte
1543 5583 1700 5638 codd.
1731 5583 1929 5649 Regius
1977 5591 2026 5636 et

531 5580 642 5653 (δι)
670 5581 771 5653 Διᾴ
803 5582 906 5636 τοῦ
938 5580 1144 5652 λόγου.
1207 5585 1299 5638 Sic
1348 5593 1493 5638 recte
1543 5580 1700 5638 cedd.
1731 5583 1929 5653 Regius
1977 5580 2031 5636 et

463 5647 803 5738 Basilii-ensis.
853 5647 1192 5728 lloeschcli’us
1218 5664 1423 5721 autem,
1461 5655 1770 5725 Speneerus
1815 5647 1870 5710 ct
1898 5652 2028 5707 Phi-

1663 4995 1706 5027 ⁶⁸
1740 4995 1849 5051 lsa.
1882 5012 2003 5064 Lm,
2035 4995 2090 5050 2.

2146 3189 2436 3260 ἐξαγγείλῃ
2466 3190 2646 3253 πάσας
2691 3190 2790 3252 τὰς
2833 3189 3070 3252 αἰνέσεις
3102 3188 3200 3241 τοῦ
3233 3188 3370 3242 Θεοῦ
3402 3190 3460 3242 ἐν
3491 3190 3613 3252 ταῖς
3638 3189 3741 3241 πύσ-

2145 3284 2263 3345 λαις
2287 3282 2388 3351 τῆς
2416 3283 2682 3352 θυγατρὸς
2712 3282 2850 3334 Σιών
2869 3298 2881 3312 ο
2919 3282 3012 3334 καὶ
3051 3281 3103 3333 εἴ
3124 3282 3267 3344 τινές
3302 3283 3438 3333 εἰσιν
3471 3283 3534 3333 ἐκ
3566 3280 3742 3347 λόγων

2143 3375 2240 3445 τὴν
2286 3373 2500 3441 γένεσιν
2556 3375 2813 3445 λαχόντες
2872 3371 3293 3443 μεγαλοφώνων,
3348 3373 3546 3434 οἵτινες
3586 3371 3741 3426 οὐδὲν

2144 3464 2465 3518 ἀποδέουσιν
2496 3464 2600 3516 υἱοὶ
2629 3464 2729 3533 τῆς
2766 3462 2997 3534 βροντῆς
3033 3462 3145 3531 (52)
3181 3457 3340 3513 εἶναι.
3388 3460 3545 3512 Ἀλλά
3573 3461 3740 3514 πόθεν

2154 3552 2347 3623 Κέλσῳ
2376 3553 2470 3606 καὶ⁸
2501 3557 2612 3616 τοῖς
2643 3552 2858 3623 ἐχθροῖς
2880 3551 2972 3606 τοῦ
3005 3551 3148 3604 θείου
3171 3552 3367 3619 Λόγου,
3387 3552 3482 3604 καὶ
3514 3552 3590 3622 μὴ
3623 3551 3742 3620 φιλ-

2146 3644 2360 3718 αλήθως
2389 3645 2458 3698 τὰ
2485 3647 2527 3697 Χ
2538 3644 2916 3717 ριστιανισμοῦ
2935 3643 3273 3708 ἐξετάσασιν,
3306 3644 3580 3697 εἰδέναιτὸ
3613 3645 3736 3715 βού-

2145 3733 2209 3802 λη
2219 3751 2294 3803 μα
2323 3733 2432 3786 τῶν
2454 3734 2724 3805 διαφόρων
2745 3734 2839 3786 τοῦ
2873 3731 3049 3804 Ἰησοῦ
3087 3733 3309 3804 μορφῶν
3330 3751 3343 3798 ;
3366 3734 3478 3802 ἐγὼ
3505 3734 3562 3786 δὲ
3598 3734 3739 3803 λέγω

2141 3827 2236 3878 καὶ
2266 3825 2508 3896 ἡλικιῶν,
2543 3827 2634 3878 καὶ
2666 3825 2718 3877 εἴ
2741 3843 2791 3878 τι
2825 3825 2932 3878 τῶν
2960 3826 3066 3899 πρὸ
3107 3826 3199 3878 τοῦ
3235 3825 3427 3880 παθεῖν
3455 3826 3606 3896 αύτῷ
3637 3843 3733 3878 πε-

2143 3917 2492 3987 πραγμένων,
2546 3917 2638 3970 καὶ
2691 3917 2800 3970 τῶν
2853 3918 2990 3989 μετά
3043 3919 3103 3972 τὸ
3139 3919 3437 3987 ἀναστῆναι
3485 3919 3594 3971 ἀπὸ
3625 3918 3734 3970 τῶν

2141 4009 2372 4079 νεκρῶν.

2224 4097 2382 4170 Ἑξῆς
2437 4099 2492 4152 δὲ
2546 4098 2770 4153 τοιαῦτά
2807 4115 2926 4153 τινα
2987 4101 3136 4168 λέγει
3197 4103 3225 4152 ό
3284 4101 3519 4162 Κέλσος·
3585 4120 3604 4150 ι
3652 4100 3730 4153 ἐτι

2145 4194 2252 4264 μὴν
2283 4192 2442 4264 εἴπερ
2472 4193 2725 4246 ἐϐούλετο
2761 4197 2788 4247 ό
2825 4194 2976 4256 Θεὸς,
3025 4193 3214 4264 ὥσπερ
3253 4195 3281 4245 ό
3327 4193 3475 4264 παρά
3517 4193 3595 4262 τῷ
3626 4211 3727 4246 κω-

2144 4285 2304 4356 μῳδῷ
2331 4286 2484 4349 Ζεὺς,
2509 4287 2575 4337 ἐκ
2595 4285 2690 4338 τοῦ
2717 4287 2930 4357 μακροῦ
2961 4286 3129 4341 ὓπνου
3155 4287 3438 4347 διυπνίσας
3465 4284 3726 4355 ῥύσασθαι

2071 4407 2112 4461 D
2140 4376 2201 4428 τὸ
2224 4375 2332 4428 τῶν
2360 4373 2664 4446 ἀνθρώπων
2687 4376 2844 4442 γένος
2870 4378 2933 4430 ἐκ
2961 4377 3147 4431 κακῶν
3167 4395 3178 4406 ·
3205 4377 3256 4430 τί
3276 4376 3472 4446 δήποτε
3495 4376 3576 4438 εἰς
3605 4373 3727 4444 μίαν

2142 4467 2345 4534 γωνίαν
2390 4465 2600 4538 ἔπεμψε
2630 4468 2797 4543 ,τοῦτο
2841 4471 2869 4521 ὅ
2917 4487 3053 4538 φατε
3097 4470 3356 4539 Πνεῦμα;
3385 4467 3515 4520 Δέον
3561 4465 3726 4519 πολλά

2142 4560 2345 4630 ὁμοίως
2412 4559 2744 4630 διαφυσῆσαι
2823 4561 3090 4632 σώματα,
3183 4562 3276 4614 καὶ
3347 4559 3488 4614 κατά
3551 4562 3724 4611 πᾶσαν

2144 4650 2461 4703 ἀποστεῖλαι
2509 4653 2609 4721 τὴν
2648 4653 2988 4723 οἰκουμένην.
3036 4653 3164 4707 Ἀλλ’
3193 4653 3221 4705 ό
3250 4652 3348 4722 μὲν
3375 4650 3636 4721 κωμῳδὸς
3672 4651 3720 4702 ἐι

2141 4741 2219 4812 τῷ
2259 4739 2471 4813 θεάτρῳ
2500 4743 2877 4811 γελωτοποιῶν
2927 4745 3282 4814 συνέγραψεν,
3323 4744 3404 4796 ὅτι
3429 4743 3565 4804 Ζεὺς
3609 4741 3723 4804 ego-

2143 4830 2384 4895 πνισθεὶς
2435 4833 2737 4902 ’Λθηναίοις
2774 4835 2869 4886 καὶ
2911 4835 3355 4906 Λακεδαιμονίοις
3377 4834 3468 4888 τὸν
3514 4832 3722 4904 Ἑρμῆν

2170 4997 2212 5028 θ’
2248 4996 2437 5051 Matth.
2470 5013 2580 5063 xw,
2609 4999 2694 5054 18.
2771 5001 2816 5033 ὀ
2853 5000 2992 5056 Psal.
3026 5000 3218 5065 1x,15.

2138 5159 2354 5283 letalia,
2384 5160 2474 5215 ὃιά
2495 5160 2588 5217 τὸν
2606 5163 2798 5233 Λόγον.
2822 5164 3022 5221 Ibidem
3050 5164 3280 5229 Philoc.,
3308 5163 3454 5228 ὅπως
3473 5163 3540 5216 ἂν
3565 5161 3718 5230 ἐξαγ-

2138 5247 2202 5283 γε
2259 5247 2328 5283 οι.

2177 5247 2328 5284 ειΑοι.

2138 5247 2576 5375 Philoc.,
2613 5303 2867 5375 λαχόντες
2919 5303 3337 5375 μεγαλοφὼνων,
3371 5303 3570 5375 οἵτινες
3617 5320 3716 5374 μη-

2137 5371 2226 5426 δὲν
2271 5371 2559 5429 ἀποδέουσι
2595 5371 2794 5445 νοητῆς
2817 5371 3062 5498 ἕξοντῆς.
3102 5371 3442 5430 lluaschelius
3465 5390 3520 5457 et
3547 5371 3716 5441 Spen-

2138 5456 2316 5498 cerus.
2347 5443 2619 5498 λαϐόντες.
2656 5446 2828 5498 μεγαλ
2864 5463 3027 5498 υωνοι
3075 5464 3238 5498 τινες.
3277 5445 3430 5498 οὐδὲν
3459 5442 3714 5498 ἀποδέου-

2138 5456 2316 5508 cerus,
2347 5443 2619 5510 λαϐόντες,
2656 5442 3027 5515 nmmum
3075 5464 3238 5510 τινες,
3277 5445 3430 5498 οὐδὲν
3459 5442 3714 5515 ἀποδέουέ

2141 5527 2225 5564 σιν
2256 5516 2304 5565 οἱ
2347 5517 2446 5586 τῆς
2477 5516 2726 5638 βροντῆς,
2757 5517 2944 5583 sicque
2976 5516 3132 5571 codd.
3175 5517 3306 5582 lies.
3332 5527 3397 5595 et_
3414 5514 3577 5568 Basil.
3615 5514 3712 5591 nisi

2141 5584 2281 5638 Quod
2333 5601 2431 5638 nro
2479 5603 2507 5638 ο
2573 5587 2669 5638 τῆς
2716 5585 2938 5638 Βροντῆς
2973 5587 3172 5638 habent
3205 5585 3309 5638 υίοὶ
3338 5602 3438 5638 της
3489 5585 3712 5638 Βροντῆς

2139 5584 2281 5668 quod
2332 5584 2431 5654 pro
2479 5584 2529 5640 οι
2573 5587 2669 5655 τῆς
2716 5585 2938 5658 βροντῆς
2973 5587 3172 5644 habent
3205 5585 3309 5639 υἱοὶ
3338 5585 3438 5655 τῆς
3488 5584 3712 5656 βροντῆς

2140 5668 2296 5706 ειναι.
