3990 6158
314 302 475 361 1417

1529 303 1808 357 CONTRA
1846 305 2124 362 CELSUM
2158 308 2285 363 LIB.
2332 309 2416 364 Vl.

3442 320 3577 376 Ml8

315 420 577 492 έπεμψε·
613 421 676 473 σὺ
703 421 760 473 δὲ
800 420 899 473 οὐκ
940 419 1041 472 οἴει
1086 420 1614 491 καταγελαστότερον
1654 423 1764 493 (55)
1809 441 1888 476 πε‹

2013 439 2142 478 vero
2176 440 2280 478 non
2320 437 2474 496 putas
2528 437 2576 483 te
2620 429 2790 497 magis
2822 444 2942 485 esse
2999 430 3308 496 ridiculum,
3354 435 3444 503 qui
3482 436 3574 491 Dei

317 513 618 582 ποιηκέναι
646 511 919 573 Ἰουδαίοις
940 510 1288 581 πεμπόμενον
1313 512 1404 564 τοῦ
1420 512 1553 565 Θεοῦ
1578 514 1669 565 τὸν
1696 514 1855 578 Υίόν;
1884 533 1900 564 ι

322 603 478 675 ’Όρα
516 603 579 673 δὴ
611 602 704 655 καὶ
728 603 786 655 ἐν
808 601 1017 664 τούτοις
1040 602 1101 655 τὸ
1125 604 1357 673 ἄσεμνον
1400 603 1749 666 τοῦ’Κέλσου,
1780 605 1906 672 ἀφι-

318 691 579 761 λοσόφως
636 690 927 761 κωμῳδίας
983 693 1212 762 ποιητὴν
1257 691 1613 759 γελωτοποιὸν
1665 692 1907 763 παραλαο

314 783 537 851 δόντος,
592 786 685 839 καὶ
729 786 806 855 τῷ
850 784 979 856 παρ’
1023 784 1172 854 αὐτῷ
1215 785 1574 838 διυπνισθέντι
1633 785 1905 855 πέμποντι

326 872 550 949 Ἐρμῆν
579 876 1014 948 παραϐάλλοντος
1057 876 1147 929 τὸν
1194 876 1288 928 τοῦ
1336 877 1533 939 παντὸς
1576 876 1904 947 δημιουργὸν

314 968 464 1020 Θεὸν
501 968 676 1037 ἡμῶν.
725 967 963 1037 Εἴπομεν
990 966 1100 1036 (54)
1126 966 1187 1036 δὴ
1214 968 1269 1018 ἐν
1294 969 1406 1036 τοῖς
1432 967 1536 1037 πρὸ
1573 967 1798 1027 τούτων,
1823 968 1903 1019 ὅτι

313 1060 430 1129 οὐχ
485 1059 670 1131 ὥσπερ
712 1058 819 1111 ἀπὸ
867 1057 1075 1129 μακροῦ
1131 1056 1298 1110 ῦπνου
1358 1057 1646 1121 διαναστὰς
1702 1060 1729 1111 ὁ
1772 1059 1902 1121 Θεὸς

311 1150 540 1219 ἔπεμψε
582 1151 671 1203 τον
725 1149 929 1220 Ἰησοῦν
974 1148 1051 1219 τῷ
1086 1149 1231 1216 γένει
1278 1148 1386 1200 τῶν
1434 1148 1764 1218 ἀνθρώπων,
1805 1150 1902 1220 τὴν

316 1242 433 1311 μὲν
471 1240 611 1294 κατά
635 1240 731 1311 τὴν
772 1240 1153 1309 ἐνσωμάτωσιν
1182 1238 1490 1309 οἰκονομίαν
1527 1240 1619 1292 νῦν
1660 1241 1727 1293 δι’
1754 1240 1902 1293 εὐλό-

310 1346 459 1398 γους
494 1330 669 1393 αίτίας
710 1329 1071 1401 πληρώσαντα
1110 1329 1241 1399 (55),
1270 1331 1356 1383 ἀεὶ
1397 1330 1454 1383 δέ
1502 1330 1561 1383 τὸ
1606 1330 1761 1398 γένος
1791 1331 1898 1384 τῶν

312 1418 629 1490 ἀνθρώπων
672 1419 1120 1490 εὐεργετήσαντα.
1151 1419 1315 1471 Οὐδὲν
1342 1418 1449 1490 γὰρ
1472 1418 1580 1474 τῶν
1608 1421 1664 1473 ἐν
1691 1420 1900 1491 ἀνθρώ-

316 1526 453 1572 ποις
485 1509 663 1562 καλῶν
690 1507 998 1579 γεγένηται,
1029 1508 1101 1580 μὴ
1126 1508 1218 1561 τοῦ
1246 1509 1388 1562 θείου
1416 1509 1587 1578 Λόγου
1626 1511 1897 1589 ἐπιδημή-

317 1617 519 1662 σαντος
558 1602 676 1662 ταῖς
698 1600 893 1670 ψυχαῖς
917 1599 1025 1653 τῶν
1054 1599 1158 1653 κᾶν
1184 1600 1362 1668 ὀλίγον
1392 1600 1580 1672 καιρὸν
1608 1601 1899 1673 δεδυνημέ-

313 1707 431 1743 νων
465 1691 716 1756 δέξασθαι
750 1692 848 1755 τὰς
872 1691 1081 1745 τοιάσδε
1106 1693 1199 1744 τοῦ
1228 1692 1368 1746 θείου
1396 1694 1568 1761 Λόγου
1595 1694 1889 1765 ἐνεργείας.

2008 515 2204 568 Filium
2251 519 2317 571 ad
2349 516 2561 571 Judaeos
2592 520 2814 573 missum
2849 535 2967 575 esse
3005 523 3326 577 contendis?
3361 542 3379 574 ι
3418 524 3481 578 Et
3520 528 3575 579 in

2008 607 2092 660 his
2129 608 2357 662 observa
2410 624 2573 677 quam
2627 611 2972 666 inhonestum
3026 622 3079 667 et
3126 615 3450 686 phil050pho
3490 619 3574 672 in-

2006 694 2228 765 dignum
2260 699 2332 753 sit
2363 701 2667 755 comoedum
2698 702 2751 756 in
2779 701 3015 756 medium
3045 704 3337 772 adducere,
3375 719 3575 763 etcum

2008 785 2161 854 Jove,
2189 789 2278 856 qui
2309 790 2450 859 apud
2482 790 2630 845 illum
2666 793 2833 847 mittit
2866 794 3227 862 Mercurium,
3256 812 3574 866 comparare

2006 876 2172 930 Deum
2208 888 2454 932 uosuum
2476 879 2637 947 hujus
2664 882 3039 938 universitatis
3070 887 3423 941 conditorem.
3449 888 3571 943 Jam

2007 978 2167 1032 supra
2202 967 2438 1021 diximus
2462 982 2490 1020 a
2531 970 2639 1022 Deo
2662 985 2769 1024 non
2802 973 2953 1040 quasi
2983 987 3048 1026 ex
3078 973 3237 1043 longo
3262 990 3455 1031 somno
3478 992 3573 1031 ex-

2005 1056 2172 1109 citato
2206 1055 2273 1109 ad
2310 1057 2605 1109 humanum
2656 1074 2823 1127 genus
2875 1060 3099 1115 missum
3150 1061 3323 1118 fuisse
3352 1064 3568 1128 Iesum,

2002 1143 2164 1214 692
2217 1144 2309 1213 qui
2364 1146 2522 1201 bonis
2560 1148 2626 1201 de
2655 1150 2834 1202 eausis
2867 1164 3009 1205 nunc
3038 1152 3253 1220 quidem
3283 1166 3569 1209 exsecutus

2002 1246 2084 1288 est
2116 1235 2508 1292 lncarnatiouis
2537 1238 2850 1302 consilium,
2898 1244 2991 1295 sed
3019 1256 3233 1311 semper
3262 1260 3431 1313 genus
3463 1246 3568 1299 hu‘

2005 1338 2221 1378 manum
2255 1325 2538 1382 beneficiis
2577 1327 2780 1383 affecit.
2813 1328 2958 1383 Nihil
2982 1332 3123 1384 enim
3169 1333 3295 1387 bOui
3322 1334 3373 1387 in
3399 1336 3570 1390 horni-

2001 1415 2161 1470 nibus
2215 1415 2425 1473 factum
2475 1430 2577 1484 est,
2620 1420 2723 1475 nisi
2771 1422 2895 1489 quia
2949 1421 3191 1477 divinum
3228 1422 3459 1480 Verbum
3499 1427 3567 1483 ad

2000 1517 2189 1559 eorum
2248 1509 2459 1565 animas
2505 1511 2758 1577 advenit,
2799 1515 2890 1583 qui
2927 1513 3008 1567 vel
3048 1515 3116 1568 ad
3148 1515 3313 1572 breve
3352 1527 3566 1587 tempus

1998 1604 2291 1663 potuerunt
2323 1599 2421 1654 has
2457 1600 2542 1653 vel
2571 1600 2693 1655 illas
2714 1601 2879 1655 divini
2908 1601 3071 1657 Verbi
3097 1605 3340 1673 recipere
3372 1622 3567 1676 opera.

2005 1685 2202 1740 tiones.
2234 1684 2402 1741 Justis
2422 1688 2585 1742 etiam
2620 1689 2687 1743 de
2713 1692 2891 1744 causis
2935 1690 3136 1745 factum
3182 1700 3285 1757 est,
3321 1703 3381 1748 ut
3406 1692 3563 1750 Jesus

327 1782 495 1835 Ἀλλά
529 1750 680 1853 καὶὴ
718 1750 947 1834 δοκοῦσα
974 1784 1053 1845 είς
1092 1782 1218 1853 μίαν
1263 1783 1463 1852 γωνίαν
1484 1750 1755 1856 ’ἐπιδημίά
1797 1750 1888 1838 τοῦ

1999 1773 2053 1827 in
2097 1790 2263 1830 unum
2321 1777 2579 1847 angulum
2627 1779 2889 1835 advenire
2923 1781 3212 1835 videretur.
3266 1782 3566 1852 Oportebat

326 1871 509 1942 Ἰησοῦ
533 1872 767 1940 εὐλόγως
789 1873 1107 1942 γεγένηται⁶
1148 1872 1379 1944 ἐπείπερ
1426 1874 1594 1945 ἐχρῆν
1638 1876 1751 1938 τοῖς
1796 1875 1895 1929 ἕνα

310 1962 453 2015 Θεὸν
493 1963 850 2034 μεμαθηκόσι,
887 1964 981 2015 καὶ
1015 1964 1142 2027 τοὺς
1188 1965 1475 2035 προφήτας
1509 1964 1673 2018 αὐτοῦ
1706 1967 1894 2034 ἀναγι-

311 2053 643 2123 γνώσκουσι,
670 2056 763 2107 καὶ
805 2055 1207 2125 κηρυσσόμενον
1238 2054 1469 2124 Χριστὸν
1514 2056 1890 2126 μανθάνουσιν,

312 2147 648 2217 ἐπιδημῆσαι
685 2146 774 2198 τὸν
816 2146 1309 2216 προφητευόμενον,
1341 2147 1433 2200 καὶ
1467 2147 1797 2219 ἐπιδημῆσαι
1836 2144 1895 2201 ὲν

312 2238 517 2309 καιρῷ,
546 2239 622 2291 ὅτ’
654 2237 874 2309 ἔμελλεν
921 2236 1195 2307 ἐκχεῖσθαι
1223 2236 1330 2291 ἀπὸ
1353 2240 1483 2309 μιᾶς
1505 2239 1707 2308 γωνίας
1733 2241 1760 2292 ό
1792 2240 1892 2293 Λό-

308 2344 414 2397 γος
440 2328 549 2399 (56)
574 2329 667 2382 ἐπὶ
690 2330 869 2382 πᾶσαν
893 2328 991 2399 τὴν
1019 2328 1361 2400 οἰκουμένην.

387 2422 479 2475 Διὸ
527 2424 619 2476 κα)⁵
644 2423 801 2492 χρεία
840 2423 940 2475 οὐκ
983 2416 1049 2492 ἦν
1099 2421 1270 2475 πολλὰ
1323 2422 1573 2491 γενέσθαι
1616 2425 1888 2495 πανταχοῦ

310 2509 569 2579 σώματα,
596 2511 689 2562 καὶ
732 2509 900 2563 πολλά
940 2510 1200 2579 ἀνάλογον
1225 2511 1303 2580 τῷ
1358 2512 1533 2581 Ἰησοῦ
1581 2513 1884 2582 πνεύματα,

309 2600 405 2652 ἵνα
446 2601 479 2669 ή
518 2603 666 2653 πᾶσα
698 2599 808 2653 τῶν
836 2600 1136 2670 ἀνθρώπων
1178 2600 1468 2672 οἰκουμένη
1512 2604 1753 2674 φωτισθῇ
1810 2603 1887 2673 τῷ

308 2690 474 2760 Λόγῳ
502 2688 595 2741 τοῦ
625 2688 778 2742 Θεοῦ.
836 2690 1033 2760 Ἤρκει
1058 2688 1166 2759 γὰρ
1199 2691 1227 2742 ό
1252 2682 1332 2753 εἷς
1368 2688 1559 2758 Λόγος,
1586 2692 1663 2755 ὡς
1689 2691 1889 2745 δικαιο-

312 2780 486 2849 σύνης
520 2779 670 2849 ἥλιος
720 2779 1001 2843 ἀνατείλας
1050 2778 1155 2833 ἀπὸ
1180 2782 1277 2851 τῆς
1326 2780 1575 2845 Ἰουδαίας
1612 2783 1887 2853 ἐκπέμψαι

308 2870 420 2932 τὰς
442 2871 533 2922 ἐπὶ
563 2869 659 2940 τὴν
683 2870 859 2940 ψυχὴν
885 2869 994 2923 τῶν
1017 2870 1351 2942 βουλομένων
1378 2872 1537 2925 αὐτὸν
1592 2874 1889 2945 παραδέξα-

312 2962 444 3015 σθαι
475 2960 778 3031 φθανούσας
797 2962 988 3029 αὑγάς.
1009 2962 1072 3013 Ei
1098 2961 1154 3014 δὲ
1180 2962 1273 3014 καὶ
1303 2962 1471 3015 πολλά
1496 2981 1578 3026 τις
1603 2964 1756 3017 ποθεῖ
1785 2963 1888 3018 σώ-

1996 1865 2165 1933 enim,
2199 1876 2259 1922 ut
2286 1870 2377 1938 qui
2397 1885 2561 1924 unum
2586 1871 2755 1925 Deum
2786 1871 2926 1926 docti
2952 1871 3183 1939 fuerant,
3210 1875 3301 1944 qui
3328 1878 3565 1946 propbec

1999 1963 2080 2009 tas
2116 1955 2233 2024 ejus
2262 1959 2538 2027 legebant,
2571 1960 2957 2033 Christumque
2983 1964 3090 2019 illic
3115 1968 3441 2035 promissum
3468 1985 3566 2022 au-

1996 2048 2238 2114 diebant,
2274 2050 2342 2104 ad
2372 2050 2492 2106 illos
2519 2051 2565 2107 is
2590 2052 2685 2121 qui
2720 2054 3013 2121 praedictus
3057 2055 3235 2111 fuerat
3260 2057 3561 2117 adveniret.

1995 2147 2049 2191 ot
2075 2154 2139 2193 eo
2173 2141 2391 2209 quidem
2428 2151 2694 2212 tempore,
2726 2160 2835 2214 quo
2859 2148 2912 2201 in
2935 2148 3240 2203 universam
3267 2160 3460 2203 terram
3493 2163 3562 2205 ex

1996 2245 2102 2283 uno
2138 2231 2336 2301 angulo
2369 2233 2601 2287 Verbum
2634 2234 2835 2292 eﬂ‘uudi
2868 2238 3116 2293 debebat.

2061 2414 2150 2469 79.
2187 2416 2370 2484 Itaque
2403 2424 2460 2470 ut
2487 2417 2737 2471 universa
2766 2425 2911 2471 terra
2945 2416 3121 2472 Verbo
3167 2419 3258 2473 Dei
3290 2418 3560 2473 illumina-

1994 2515 2166 2572 retur,
2205 2508 2339 2561 nihil
2392 2521 2613 2562 necesse
2644 2507 2748 2563 fuit
2784 2508 2952 2562 multa
3010 2509 3123 2564 fieri
3156 2526 3386 2578 corpora
3419 2511 3557 2563 mul-

1992 2605 2183 2665 tosque
2217 2599 2440 2667 Spiritus
2468 2613 2589 2654 esse
2615 2597 2742 2653 Jesu
2770 2599 2994 2654 similes.
3026 2599 3159 2654 Nam
3184 2602 3315 2655 Satis
3349 2611 3469 2654 erat
3500 2612 3556 2656 ut

1990 2703 2156 2742 untuu
2192 2688 2449 2755 Verbum,
2478 2689 2668 2759 quisol
2700 2690 3045 2759 estjustitize,
3087 2691 3140 2743 in
3165 2690 3345 2746 Iudaea
3372 2694 3557 2747 exori-

1990 2790 2164 2846 retur,
2198 2780 2431 2849 hincque
2453 2795 2582 2834 suos
2612 2782 2790 2835 radios
2817 2781 2868 2835 in
2902 2781 3139 2836 animam
3174 2796 3359 2835 eorum
3392 2783 3553 2837 emite

1991 2878 2161 2935 teret,
2216 2871 2304 2939 qui
2360 2872 2529 2939 ipsum
2573 2872 2861 2925 admittere
2894 2871 3113 2925 vellent.
3147 2870 3300 2937 Quod
3341 2870 3385 2925 si
3429 2874 3554 2937 quis

1989 2963 2156 3014 multa
2185 2976 2412 3029 corpora
2446 2962 2626 3017 videre
2653 2962 2931 3016 desiderat
2979 2961 3163 3017 divino
3195 2961 3403 3035 Spiritu
3450 2961 3554 3014 im-

312 3069 465 3123 ματα
496 3052 897 3124 πεπληρωμένα
924 3052 1065 3105 θείου
1092 3052 1403 3121 Πνεῦματος
1450 3054 1595 3115 ἰδεῖν,
1629 3055 1887 3123 ἀνάλογον

1993 3052 2133 3119 pleta
2182 3061 2234 3106 et
2267 3052 2547 3106 hominum
2577 3052 2764 3117 saluti,
2815 3053 3271 3122 quemadmodum
3298 3068 3438 3108 unus
3464 3053 3554 3109 ille

306 3144 507 3214 ἐκείνῳ
554 3144 631 3213 τῷ
675 3145 755 3198 ἐνὶ
800 3142 1022 3214 Χριστῷ
1068 3142 1459 3214 διακονούμενα
1506 3146 1570 3215 τῇ
1610 3144 1884 3215 πανταχοῦ

306 3233 422 3285 τῶν
468 3234 767 3305 ἀνθρώπων
817 3235 1059 3305 σωτηρίᾳ
1085 3250 1097 3264 ⁸
1154 3236 1483 3288 κατανοείτω
1510 3236 1637 3298 τοὺς
1679 3253 1883 3289 παντα-

310 3323 411 3394 Χοῧ
444 3324 613 3391 ὑγιῶς
642 3326 736 3377 καὶ
764 3324 902 3394 μετὰ
940 3325 1055 3394 βίου
1082 3325 1240 3396 ὀρθοῦ
1266 3325 1611 3387 διδάσκοντας
1648 3324 1737 3378 τὸν
1780 3328 1884 3397 Ἰη-

312 3411 410 3464 σοῦ
443 3411 619 3479 λόγον,
642 3413 896 3482 χριστοὺς
928 3413 1022 3466 καὶ
1048 3414 1244 3477 αὐτοὺς
1281 3414 1381 3467 ὑπὸ
1411 3414 1519 3465 τῶν
1562 3414 1717 3467 θείων
1746 3415 1885 3485 Γρα-

310 3502 430 3570 (pth
465 3502 828 3573 καλουμένους
854 3504 913 3555 ὲν
940 3503 1035 3573 τῷ·
1085 3522 1105 3555 ι
1140 3504 1228 3574 Μὴ
1258 3503 1491 3557 ἅπτεσθε
1521 3504 1627 3555 τῶν
1651 3504 1885 3573 χριστῶν

312 3610 441 3662 μου,
470 3594 563 3646 καὶ
599 3594 655 3647 ἐν
689 3597 800 3657 τοῖς
841 3596 1143 3665 προφήταις
1187 3610 1287 3665 μου
1319 3595 1393 3664 μὴ
1439 3592 1822 3664 πονηρεῦεσθε.
1859 3612 1878 3643 ι

306 3685 420 3737 Καὶ
439 3684 546 3754 γὰρ
571 3685 757 3757 ὥσπερ
780 3686 1112 3755 ἠκούσαμεν,
1141 3685 1220 3737 ὅτι
1257 3684 1616 3755 Ἀντίχριστος
1645 3684 1881 3755 ἔρχεται,

308 3776 406 3827 καὶ
428 3774 578 3827 οὐδὲν
606 3769 767 3845 ἦττον
795 3774 1211 3844 μεμαθήκαμεν,
1243 3774 1324 3826 ὅτι
1350 3774 1678 3845 ἀντίχριστοι
1701 3773 1883 3825 πολλοί

308 3866 450 3915 εἰσιν
491 3864 547 3914 ἐν
575 3863 653 3933 τῷ
690 3862 918 3932 κόσμῳο
962 3847 1242 3916 τὸνάὑτὸν
1286 3862 1483 3935 τρόπον
1531 3864 1612 3915 ὃτι
1653 3862 1883 3936 Χριστὸς

305 3955 676 4025 ἐπιδεδήμηκε
708 3952 945 4020 γνόντες,
992 3952 1324 4024 θεωροῦμεν,
1350 3954 1431 4006 ὅτι
1464 3952 1529 4005 δι’
1558 3953 1717 4005 αὑτὸν
1751 3952 1881 4005 πολ⁸

306 4046 392 4098 ito).
421 4042 761 4114 lpida-01,37)
786 4040 1071 4110 γεγόνασιν
1104 4045 1161 4096 ἐν
1190 4043 1267 4111 τῷ
1295 4043 1502 4114 κόσμῳ,
1533 4044 1726 4106 οἵτινες
1752 4042 1882 4096 ἀνά-

307 4137 464 4203 λογον
503 4133 691 4203 ἐκείνῳ
730 4135 1019 4205 ἠγάπησαν
1064 4133 1440 4203 δικαιοσύνην,
1474 4134 1567 4186 κα)⁹
1615 4134 1883 4203 ἐμίσησαν

310 4225 556 4278 ἀδικίαν
594 4226 688 4277 καὶ
736 4225 821 4278 διὰ
859 4224 1017 4277 τοῦτο
1055 4224 1237 4294 ἔχρισε
1276 4226 1369 4277 κα)⁹
1411 4224 1607 4287 αὐτοὺς
1645 4228 1674 4278 ὁ
1718 4225 1876 4291 Θεὸς,

308 4321 337 4370 ὁ
372 4317 502 4379 Θεὸς
533 4317 626 4369 τοῦ
660 4315 917 4387 Χριστοῦ,
946 4315 1110 4386 ἐλαίῳ
1135 4314 1524 4382 ἀγαλλιάσεως.
1571 4314 1708 4367 Ἀλλ’
1738 4316 1880 4369 ἐκεῖ·

1991 3143 2260 3205 Cliristus,
2289 3144 2488 3209 ubique
2516 3143 2918 3208 ministranlia;
2948 3143 3257 3197 consideret
3287 3142 3408 3197 illos
3436 3159 3550 3196 om-

1991 3251 2106 3299 nes,
2126 3235 2216 3303 qui
2244 3250 2429 3302 puram
2466 3234 2590 3288 Jesu
2623 3235 2927 3289 doctrinam
2956 3235 3253 3303 praedicant
3285 3233 3554 3302 simulque

1990 3335 2138 3379 recte
2170 3326 2376 3389 vivunt,
2414 3334 2467 3378 et
2488 3340 2625 3393 quos
2661 3326 2854 3379 divina:
2896 3324 3192 3393 Scripturze
3208 3324 3442 3380 christos
3459 3340 3554 3379 vo-

1987 3425 2114 3469 cant
2139 3404 2223 3468 his
2247 3417 2425 3469 verbis
2458 3432 2472 3468 :
2513 3434 2530 3466 ι
2562 3416 2737 3470 Nolite
2778 3426 2996 3486 tangere
3030 3415 3268 3470 christos
3295 3430 3464 3479 meos,
3499 3425 3551 3470 et

1987 3505 2041 3558 in
2077 3505 2356 3573 prophetis
2406 3506 2543 3559 meis
2578 3506 2743 3559 nolite
2796 3506 3083 3575 malignari
3108 3506 3175 3557 “.
3215 3524 3233 3556 ι
3275 3506 3343 3559 U't
3370 3506 3512 3560 enim
3536 3545 3550 3568 .

1992 3597 2203 3650 tametsi
2229 3596 2625 3649 Antichristum
2660 3605 2942 3649 venturum
2978 3610 3099 3650 esse
3126 3596 3461 3649 audierimus
3482 3597 3552 3657 τ’.

1986 3686 2342 3740 nihilominus
2368 3687 2571 3740 scimus
2600 3686 2794 3740 multos
2827 3686 2880 3739 in
2914 3688 3115 3741 mundo
3142 3700 3263 3740 esse
3289 3685 3553 3740 antichri-

1986 3785 2130 3841 stos;
2167 3776 2248 3829 sic
2296 3777 2542 3830 novimus
2572 3775 2856 3829 advenisse
2885 3776 3180 3842 Christum,
3218 3786 3273 3831 et
3302 3775 3551 3830 videmus

1988 3865 2185 3918 multos
2235 3866 2285 3918 in
2338 3867 2537 3920 mundo
2578 3866 2645 3919 ab
2688 3865 2778 3920 illo
2834 3866 3009 3921 factos
3056 3866 3224 3921 fuisse
3276 3868 3545 3928 christos.

1985 3966 2121 4020 quos
2144 3954 2291 4021 quia,
2334 3955 2470 4007 sicut
2495 3964 2549 4007 et
2573 3953 2681 4017 ille,
2711 3954 3013 4008 dilexerunt
3036 3952 3299 4022 justitiam
3343 3964 3397 4012 et
3422 3958 3552 4013 ode-

1986 4053 2114 4097 runt
2159 4044 2529 4112 iniquitatem,
2572 4053 2859 4114 propterea
2893 4046 3047 4099 unxit
3076 4046 3252 4111 Deus.
3284 4046 3427 4102 Deus
3460 4048 3549 4101 ille

1982 4132 2342 4199 Cbristi,oleo
2374 4134 2754 4190 πρηΰτετῆΑο
2776 4135 2864 4189 ille
2887 4137 3269 4206 quidem,cum
3285 4151 3395 4205 prae
3431 4152 3552 4201 par-

1986 4225 2243 4293 ticipibus
2270 4226 2387 4293 ejus
2421 4226 2677 4281 dilexerit
2709 4226 2977 4293 justitiam
3012 4235 3067 4281 et
3093 4226 3271 4281 oderit
3301 4226 3551 4295 iniquita-

1987 4324 2115 4380 tem,
2152 4316 2425 4384 primitias
2451 4316 2612 4386 hnjus
2634 4316 2911 4369 unctionis
2952 4315 3183 4383 accepit,
3220 4316 3351 4384 imo,
3398 4318 3442 4370 si
3468 4317 3548 4371 sic

306 4427 397 4473 νος
431 4410 529 4480 μὲν
566 4406 655 4461 οὖν
684 4410 823 4480 ὑπὲρ
863 4408 1119 4479 μετόχους
1163 4406 1328 4459 αὐτοῦ
1359 4408 1650 4477 ἀγαπήσας
1677 4407 1880 4460 δικαιο-

1993 4406 2133 4474 loqui
2160 4414 2392 4473 oportet,
2424 4415 2589 4460 totam
2619 4406 2927 4460 unctionem
2967 4392 3124 4472 hujus
3162 4406 3263 4460 olei
3300 4407 3497 4461 laetitiae
3526 4423 3540 4467 ;

308 4501 495 4571 σύνην,
537 4502 629 4553 καὶ
674 4503 909 4571 μισήσας
949 4499 1196 4568 ἀνομίαν,
1242 4499 1336 4551 καὶ
1376 4498 1473 4569 τήν
1514 4499 1764 4570 ἀπαρχὴν
1795 4500 1873 4551 εί-

306 4595 442 4664 ληφε
482 4591 575 4644 τοῦ
625 4592 922 4663 χρίσματος
960 4590 1083 4655 καὶ,
1124 4591 1171 4642 εί
1218 4588 1321 4659 χρὴ
1369 4588 1538 4651 οὕτως
1589 4591 1873 4657 ὀνομάσαι,

305 4684 423 4735 ὅλον
467 4683 527 4735 τὸ
571 4684 776 4754 χρίσμα
818 4680 910 4733 τοῦ
944 4682 1042 4751 τῆς
1079 4680 1446 4749 ἀγαλλιάσεως
1487 4678 1661 4732 ἐλαίου
1684 4697 1696 4711 ο
1732 4681 1780 4731 οἱ
1811 4681 1868 4732 δὲ

313 4773 522 4840 μέτοχοι
555 4772 738 4835 αὐτοῦ,
768 4771 994 4833 ἕκαστος
1029 4770 1104 4834 ὡς
1132 4767 1432 4840 κεχώρηκε,
1477 4768 1731 4839 μετέσχον
1757 4768 1866 4839 (58)

308 4865 400 4916 καὶ
433 4864 524 4915 τοῦ
553 4865 849 4933 χρίσματος
876 4861 1061 4915 αὐτοῦ.
1108 4862 1323 4932 Διόπερ,
1356 4861 1475 4913 ἐπεὶ
1507 4860 1738 4931 Χριστὸς
1777 4877 1869 4913 κε-

310 4952 448 5021 φαλή
480 4953 593 5004 ἐστι
619 4953 719 5022 τῆς
763 4951 1106 5022 Ἐκκλησίας,
1139 4951 1215 5013 ὡς
1257 4946 1395 5003 εἶναι
1432 4950 1489 5003 ἓν
1528 4950 1686 5019 σῶμα
1738 4951 1871 5019 Χρι-

311 5044 432 5099 στὸν
482 5043 574 5096 καὶ
626 5044 723 5113 τὴν
796 5042 1151 5114 Ἐκκλησίανσ
1205 5043 1265 5094 τὸ
1315 5043 1483 5113 μύρον
1534 5041 1641 5094 ἀπὸ
1692 5058 1867 5109 κεφα-

377 5187 421 5220 "
461 5186 603 5243 Psal.
641 5203 749 5253 CIV,
793 5190 878 5242 15.
954 5190 1000 5220 ⁷¹
1036 5189 1235 5243 lJoan.
1281 5188 1459 5252 11,18.
1538 5187 1583 5218 ⁷³
1620 5186 1761 5240 Psal.
1806 5201 1950 5249 κων,

377 5397 490 5466 (35)
544 5394 813 5466 Παξςιρῐιριἐ
854 5402 908 5446 et
955 5393 1213 5466 S__pen_cer.
1250 5391 1306 5466 in
1352 5398 1533 5466 testu,
1564 5388 1867 5456 καταγέλα-

309 5460 430 5520 στόν
474 5460 557 5520 ’Λι
600 5466 758 5518 codd.
787 5464 943 5533 ch.,
969 5460 1293 5515 Basileeusis
1332 5470 1387 5513 et
1418 5460 1728 5523 Vaticanus,
1768 5475 1868 5513 κα-

305 5537 779 5605 ταγελαστότερον.

378 5596 486 5679 (54)
514 5596 680 5668 Mssa,-
709 5601 954 5673 εἴπομεν,
993 5600 1264 5656 Ιῐαὲεοιιθι.
1300 5609 1352 5654 et
1383 5600 1668 5670 Speucer.,
1696 5596 1868 5651 εἴποι-

327 5695 424 5729 ιεν.

312 5694 323 5745 ι
377 5748 486 5817 (55)
519 5747 685 5800 Codd.
714 5744 842 5812 Reg.
867 5752 919 5795 et
955 5741 1297 5807 Basileensis,
1323 5739 1700 5810 πληρώσαντα.
1744 5739 1865 5792 Ιίαςι

586 5841 850 5899 Ρηιιοι..
897 5836 1013 5897 Gn.
1066 5835 1174 5895 XI.

1984 4497 2079 4549 sed
2109 4494 2226 4561 ejus
2247 4495 2561 4565 participes,
2584 4504 2745 4564 prout
2764 4509 2952 4550 eorum
2985 4496 3213 4563 quisque
3243 4510 3436 4564 capere
3459 4511 3544 4564 po-

1981 4584 2105 4649 tuit,
2134 4584 2276 4638 illius
2289 4585 2561 4639 unctionis
2582 4594 2734 4654 parte
2752 4586 2933 4640 donati
2958 4594 3104 4641 sunt.
3129 4585 3299 4651 Quam
3322 4584 3391 4640 ob
3419 4601 3546 4638 cau-

1978 4690 2093 4730 sam
2124 4690 2246 4730 cum
2279 4675 2532 4731 Christus
2559 4676 2631 4731 sit
2659 4685 2819 4745 caput
2843 4675 3178 4741 Ecclesiae“,
3208 4675 3283 4730 ita
3304 4684 3364 4731 ut
3387 4673 3544 4730 Chri-

1974 4776 2090 4819 stus
2115 4774 2172 4819 et
2209 4765 2454 4820 Ecclesia
2483 4780 2684 4835 corpus
2742 4781 2909 4819 unum
2965 4766 3095 4827 sint.
3144 4774 3477 4832 unguentum
3514 4780 3543 4817 a

1974 4858 2155 4928 capite
2184 4858 2458 4913 descendit
2497 4859 2553 4914 in
2613 4859 2836 4913 barbam
2884 4859 3061 4911 Aaron
3092 4858 3161 4922 ⁷⁸,
3204 4871 3325 4927 qua:
3368 4856 3541 4910 barba

1977 4949 2152 5002 virum
2200 4947 2506 5017 perfectum
2541 4948 2838 5016 signiﬁcat,
2878 4956 2930 5001 et
2971 4948 3024 5001 in
3052 4962 3203 5002 oram
3238 4945 3541 5000 vestimenti

1975 5039 2110 5108 ejus.
2143 5028 2320 5109 Atque
2343 5041 2462 5095 haec
2488 5039 2595 5093 dixi
2640 5048 2829 5093 contra
2879 5039 3192 5094 indecorqu
3225 5038 3360 5092 illud
3400 5034 3542 5091 Celsi

1992 5186 2045 5238 8.
2123 5185 2169 5215 ⁷³
2213 5184 2388 5239 Colos.
2438 5200 2489 5249 ι,
2529 5185 2615 5237 18.
2693 5181 2739 5215 ⁷⁸
2769 5182 3139 5244 Psal.cxxxn,
3167 5180 3223 5233 2.

1974 5389 2209 5443 schelius
2232 5400 2282 5443 et
2313 5390 2636 5455 Spencerus,
2666 5384 3136 5457 ἐπικληρώσαντα.

2045 5459 2154 5529 (56)
2196 5458 2258 5511 ⁸0
2284 5449 2490 5528 Λὸγος.
2557 5449 2901 5513 υιέεὶἀθηιιὺὶ·
2933 5457 2984 5508 in
3034 5463 3188 5506 antea
3231 5451 3412 5515 editis,
3447 5449 3539 5504 sed

1975 5530 2205 5583 habetur
2236 5531 2286 5581 in
2321 5546 2449 5581 mss.

2044 5598 2154 5667 (57)
2182 5600 2440 5666 Χριστοὶ.
2470 5598 2648 5667 Codex
2676 5594 3001 5667 Anglicanus
3028 5589 3255 5659 primus,
3280 5591 3539 5662 Χριστια-

1973 5655 2285 5734 νοί’,“εἰ’ρ‹ιῖιο
2320 5669 2520 5733 legerat
2553 5655 2805 5719 Geleniiis
2835 5655 3119 5729 interpres.

2047 5738 2155 5807 (58)
2191 5729 2458 5792 llocschel.
2500 5747 2552 5788 et
2596 5736 2863 5803 Spencer.
2894 5737 2947 5808 in
2979 5730 3243 5800 margine,
3294 5729 3519 5801 μετέσχε

3155 5824 3231 5883 liii
