3990 6158
468 247 606 303 1119
1914 253 2239 313 ORIGENIS
3607 266 3749 321 tm

465 365 709 420 dictum:
745 383 763 415 ι
796 363 1048 435 Oportuit
1073 364 1233 420 simili
1267 366 1423 421 modo
1462 368 1608 423 illum
1661 369 1934 427 iusuﬂlare
1979 375 2030 429 in

2171 378 2234 447 ῆς
2264 376 2375 447 (39)
2424 378 2801 451 καταϐέϐηκεν
2837 379 2930 433 ἐπὶ
2969 379 3062 434 τὸν
3100 375 3369 451 πώγωνα,
3396 381 3465 437 τά
3494 382 3747 457 σῦμεολο

465 452 633 507 tuulta
661 469 886 524 corpora
929 453 1068 508 etin
1109 456 1420 510 universam
1462 465 1663 511 terram
1691 462 1968 516 emittere.
2012 483 2033 517 ι

2170 467 2230 521 οὗ
2274 468 2480 522 τελείου
2519 470 2746 542 ἀνδρὸς,
2796 470 3027 543 Ἀαρὼν,
3054 475 3148 527 καὶ
3181 474 3384 543 ἕᾳθασε
3411 478 3745 532 καταϐαῖνον

462 540 739 598 Caeterum
789 544 1031 599 comicus
1072 544 1159 599 ille
1208 554 1389 615 poeta,
1431 557 1489 601 ιιι
1538 548 1707 603 risum
1744 552 2037 621 excitaret,

2159 557 2294 611 τοῦτο
2325 560 2386 611 τὸ
2433 559 2603 630 μύρον
2642 560 2735 613 ἐπὶ
2775 561 2875 633 τὴν
2909 557 3021 616 ὧαν
3063 564 3158 616 τοῦ
3199 565 3497 635 ἐνδύματος
3535 567 3735 620 αὐτοῦ.

464 635 688 702 scripsit
716 632 906 689 Jovem
959 636 1136 704 prium
1190 637 1451 704 sopitum,
1493 637 1687 694 deinde
1714 644 2037 712 expergefa-

2154 649 2245 702 (αἱ
2275 649 2446 702 ταῦτα
2483 651 2540 703 δέ
2590 668 2680 721 μοι
2731 632 2977 706 λέλεκται
3027 655 3162 725 πρὸς
3198 656 3291 708 τὸν
3331 632 3581 727 Ἵάσεμνον
3625 657 3730 712 τοῦ

464 734 609 779 clum
642 726 707 778 ad
738 724 962 781 Graecos
991 728 1204 783 misisse
1226 729 1391 799 693
1421 730 1786 800 Mercurium;
1816 745 1871 790 at
1895 739 2038 792 ratio

2156 739 2343 791 (έλσου
2373 740 2528 808 λόγον
2558 742 2830 806 εἰπόντος’
2871 762 2889 794 ε
2935 745 3061 797 Δέον
3076 724 3253 798 πολλά
3284 724 3488 816 ὁμοίως
3530 748 3732 816 διαπρυ-

461 828 582 883 qua:
613 812 782 868 Deum
812 816 963 868 novit
993 825 1190 870 natura
1217 833 1322 871 non
1347 833 1467 874 esse
1494 834 1687 876 somno
1711 824 2033 891 obnoxium,

2162 829 2302 899 ιῆσαι
2348 829 2597 901 σώματα,
2634 833 2728 885 καὶ
2758 832 2897 886 κατά
2943 835 3121 886 πᾶσαν
3150 836 3463 889 ἀποστεῖλαι
3515 838 3622 907 τὴν
3654 840 3738 890 οξ-

463 906 656 958 doccat
681 919 779 959 nos
811 920 899 959 res
934 904 1096 973 hujus
1123 907 1306 960 mundi
1337 923 1436 976 pro
1473 918 1774 980 temporum
1799 914 2036 968 circnm-

2160 920 2425 991 εουμένην.
2468 941 2486 972 ι
2548 922 2606 974 Ὀ
2649 923 2747 993 μὲν
2785 920 2878 976 οὖν
2920 926 3180 995 κωμῳδὸς
3218 927 3604 995 γελωτοποιῶν
3638 929 3736 981 τὸν

460 995 677 1052 stantiis
706 1006 760 1051 et
782 1006 947 1065 prout
973 998 1110 1052 ratio
1143 998 1402 1068 postulat,
1427 1002 1598 1058 a'Deo
1630 1005 2028 1061 administrari.

2160 1011 2243 1063 lia
2270 1010 2610 1082 κοιμώμενον
2646 1014 2913 1084 πεποίηκέ
2934 1032 2991 1067 τε
3038 1016 3132 1068 καὶ
3170 1016 3596 1087 διυπνιζὸμενον,
3635 1021 3736 1072 καὶ

458 1083 664 1142 Verum
698 1087 834 1142 nihil
873 1088 1177 1142 mirandum
1210 1101 1314 1152 est.
1344 1094 1602 1161 quoniam
1658 1097 1749 1151 Dei
1779 1116 1798 1149 ‹
1829 1097 2032 1168 judicia

2154 1103 2206 1152 τέ
2216 1118 2427 1171 μποντα
2443 1102 2577 1173 πρὸς
2604 1105 2730 1165 τοὺς
2749 1105 3014 1173 ’Έλληνας
3036 1106 3126 1160 τὸν
3153 1107 3359 1177 Ἑρμῆν
3380 1125 3394 1139 ·
3423 1111 3451 1160 ὁ
3474 1108 3730 1176 δὲλόγος,

459 1193 659 1249 magna
687 1187 815 1233 sunt
835 1188 892 1235 et
925 1181 1202 1249 erplicatu
1231 1184 1422 1250 ardua,
1451 1187 1885 1255 intlisciplinatas
1913 1192 2032 1244 ani-

2156 1192 2337 1246 ἱῦπνον
2378 1194 2738 1264 ἐπιστάμενος
2781 1195 2941 1264 φύσιν
2981 1198 3080 1267 τὴν
3111 1198 3205 1250 τοῦ
3240 1198 3396 1261 Θεοῦ,
3425 1198 3732 1253 διδασκέτω

458 1284 598 1338 mas,
633 1288 653 1321 ι
696 1279 860 1340 atque
897 1271 1031 1325 adeo
1073 1272 1285 1327 Celsum
1323 1293 1343 1325 ι
1379 1288 1566 1331 errare
1591 1280 1658 1332 ⁷ο.
1692 1298 1713 1332 ι
1751 1279 1867 1335 Non
1900 1298 2032 1351 ergo

2151 1284 2301 1353 ῇμᾶς,
2351 1285 2433 1337 ὅτι
2495 1287 2633 1341 κατά
2681 1288 2903 1358 καιροὺς
2949 1290 3224 1358 οἰκονομεῖ
3251 1289 3321 1342 τὰ
3365 1288 3459 1342 τοῦ
3513 1291 3727 1360 κόσμου

410 1362 428 1374 "
457 1362 749 1419 ridiculum
803 1372 886 1417 est
923 1362 1016 1418 Dei
1056 1363 1257 1420 Filium
1306 1369 1373 1422 ad
1420 1368 1657 1439 Jutlmos,
1707 1375 1850 1442 apud
1893 1390 1986 1442 qut

2151 1375 2440 1445 πράγματα
2477 1379 2505 1429 ὁ
2533 1377 2684 1441 Θεὸς,
2733 1378 2808 1441 ὡς
2840 1380 3058 1430 άπαιτεί
3101 1379 3163 1431 τὸ
3208 1378 3446 1446 εὔλογον.
3482 1382 3556 1433 Οὐ
3589 1382 3727 1435 θαυ-

457 1461 742 1532 prophetae
767 1461 1014 1525 fuerunt,
1054 1461 1281 1517 missum
1320 1459 1521 1529 luisse;
1564 1474 1623 1518 ut
1655 1464 1781 1518 inde
1809 1481 2029 1519 cursum

2148 1466 2339 1547 auo-tow
2375 1468 2432 1520 δὲ
2462 1469 2532 1530 εἰ,
2572 1468 2659 1521 διὰ
2687 1469 2747 1521 τὸ
2780 1488 2796 1519 ι
2841 1469 3082 1539 μεγάλας
3111 1466 3248 1522 εἶναι
3290 1470 3382 1523 καὶ
3427 1470 3724 1543 δυσδιηγὴι

457 1564 619 1604 orsus
650 1563 902 1618 corpore,
934 1549 1135 1604 virtute
1168 1557 1221 1603 et
1251 1551 1441 1620 spiritu
1473 1553 1781 1607 exoriretur
1818 1554 2031 1606 anima-

2146 1571 2256 1617 τους
2282 1554 2381 1618 τὰς
2410 1556 2621 1625 κρίσεις
2649 1554 2742 1608 τοῦ
2773 1556 2929 1622 Θεοῦ,
2975 1556 3032 1608 αἱ
3067 1555 3380 1609 ἀπαίδευτοι
3411 1554 3722 1609 πλανῶνται

457 1657 579 1696 rum
619 1649 806 1703 terra}.
843 1654 963 1708 quae
991 1640 1101 1697 Deo
1143 1656 1250 1696 non
1283 1641 1515 1712 amplius
1546 1644 1761 1710 privata
1784 1656 1904 1699 esse
1938 1658 2030 1697 vo-

2146 1640 2317 1711 )ιυχαὶ,
2371 1662 2389 1693 ι
2439 1642 2532 1695 καὶ
2579 1643 2785 1707 Κέλσος
2830 1645 2928 1697 σὺν
2974 1645 3180 1708 aurati;
3212 1646 3377 1698 Οὐδὲν
3405 1641 3498 1698 οὗν
3542 1662 3722 1700 κατα-

457 1730 621 1788 lcbat.
2138 1732 2396 1799 γέλαστὸν
2427 1736 2574 1786 ἐστιν
2609 1737 2665 1787 ἐν
2704 1735 2782 1804 τῷ
2831 1736 3118 1800 Ἰουδαίοις,
3155 1738 3284 1808 παρ’
3310 1731 3392 1801 οἷς
3431 1737 3723 1806 γεγόνασιν

455 1825 506 1877 οἱ
556 1821 1242 1895 προφῆται,’πεπέμφθαι
1288 1821 1381 1876 τὸν
1437 1820 1562 1875 Υἰδν
1607 1820 1703 1877 τοῦ
1776 1821 1943 1876 Θεοῦο
1994 1822 2060 1876 ἵν’
2114 1823 2323 1876 ἐκεῖθεν
2377 1823 2678 1894 ἀρξάμενος
2741 1826 3065 1896 σωματικῶς
3118 1826 3342 1896 δυνάμει
3390 1828 3483 1880 καὶ
3548 1826 3720 1881 πνεύ-

460 1935 591 1989 ματι
617 1918 875 1991 ἀνατείλῃ
903 1921 970 1989 τῇ
1004 1918 1203 1989 μηκέτι
1236 1917 1536 1989 βουλομένῃ
1560 1917 1751 1989 ἐρήμῳ
1781 1917 1917 1971 Θεοῦ
1951 1918 2239 1989 τυγχάνειν
2272 1919 2562 1990 οἰκουμένῃ
2594 1919 2782 1990 ψυχῶν
2817 1921 2947 1992 (40).

538 2012 629 2070 80.
662 2013 860 2069 Posma
894 2014 1065 2067 visunt
1088 2022 1173 2068 cst
1196 2013 1352 2068 Celso
1370 2012 1651 2067 Chaldaeos
1683 2026 1882 2067 vocare
1908 2028 2037 2080 gen-
2071 2019 2112 2073 Β

2258 2013 2416 2083 Ἑξῆς
2472 2013 2527 2065 δὲ
2576 2014 2789 2077 τούτοις
2859 2014 3160 2070 ὲνθεώτατα
3207 2016 3265 2082 ἐξ
3327 2017 3504 2088 ἀρχῆς
3567 2019 3717 2086 ἔδοξε

453 2114 564 2159 tem
582 2104 694 2174 jam
720 2119 749 2158 a
779 2104 967 2175 primis
991 2105 1324 2175 temporibus
1348 2118 1573 2172 prorsus
1596 2104 1859 2166 divinam,
1884 2105 2028 2159 unde

2141 2102 2321 2173 Κέλσῳ
2344 2102 2522 2171 λέγειν
2555 2102 2681 2174 ἔθνη
2700 2103 2998 2167 Χαλδαίους
3015 2105 3146 2175 (41),
3165 2099 3343 2174 ἀφ’ὧν
3372 2109 3405 2177 η
3438 2108 3717 2181 ἀπατηλὸς

456 2204 636 2250 tamen
677 2194 731 2250 in
775 2196 1022 2250 homines
1057 2196 1304 2251 derivata
1336 2203 1420 2249 est
1452 2193 1612 2248 fallax
1645 2209 1712 2249 ex
1744 2195 1911 2248 natali
1942 2197 2032 2251 die

2139 2193 2530 2263 γενεθλιαλογία
2560 2193 2850 2264 νενέμηται
2874 2196 2999 2257 τοὺς
3025 2195 3364 2267 ἀνθρώπους.
3408 2198 3567 2252 Ἀλλά
3617 2202 3715 2254 καὶ

454 2286 735 2341 divinandi
762 2285 1073 2356 disciplina.
1107 2286 1309 2341 Eodem
1345 2286 1462 2340 loco
1496 2294 1552 2339 et
1602 2300 1830 2340 numero
1864 2287 2027 2341 habet

2137 2286 2339 2357 μάγους
2366 2290 2477 2350 τοῖς
2511 2286 2862 2350 ὲνθεωτάτοις
2903 2287 3225 2342 κατατάττει
3251 2288 3458 2343 ἔθνεσιν
3496 2293 3526 2344 ὁ
3568 2293 3713 2345 Κέλο

453 2391 643 2447 magos
668 2390 697 2431 a
739 2376 937 2448 quibus
973 2393 1063 2433 ars
1100 2378 1306 2448 magica
1332 2392 1530 2433 nomen
1560 2392 1716 2431 suum
1761 2378 1945 2443 traxit,
1971 2386 2028 2432 et

2129 2390 2241 2441 σος,
2268 2377 2360 2446 ἀφ’
2404 2370 2479 2431 ὧν
2514 2379 2547 2447 ἡ
2584 2375 2910 2448 παρώνυμος
2948 2378 3042 2431 τοῦ
3074 2378 3258 2443 ἔθνους
3290 2380 3471 2434 αὐτῶν
3501 2385 3702 2452 μαγεία

454 2468 508 2522 in
536 2477 762 2523 caeteras
791 2478 981 2540 gentes
1012 2470 1077 2523 ad
1114 2470 1343 2525 exitium
1370 2486 1433 2524 ea
1477 2470 1747 2524 utentium
1782 2468 2028 2522 dimana-

2132 2470 2223 2522 καὶ
2245 2472 2356 2532 τοῖς
2380 2470 2586 2533 λοιποῖς
2619 2470 2826 2524 ἔθνεσιν
2844 2471 2937 2522 ἐπὶ
2964 2470 3226 2543 διαφθορᾷ
3255 2472 3350 2524 καὶ
3365 2472 3571 2544 ὀλέθρῳ
3597 2474 3708 2528 τῶν

450 2554 553 2609 vit.
577 2556 659 2610 Ad
682 2554 970 2628 Egyptios
990 2557 1133 2626 quod
1164 2568 1395 2628 spectat,
1420 2559 1613 2614 Celsus
1640 2574 1732 2613 eos
1756 2558 1811 2612 in
1838 2573 2026 2613 errore

2133 2560 2422 2639 χρωμένων
2454 2561 2591 2631 αὐτῇ
2626 2560 3010 2631 ἐπιδεδήμηκε.
3047 2564 3155 2615 Καὶ
3188 2562 3476 2631 Αἰγύπτιοι
3512 2566 3611 2635 μὲν
3647 2568 3709 2617 ἐν

452 2646 664 2702 versari
691 2648 945 2718 superius
973 2647 1275 2718 judicabat,
1311 2659 1370 2704 ut
1396 2650 1488 2720 qui
1511 2650 1874 2719 elegantiores
1910 2652 2028 2717 qui-

2132 2651 2230 2720 μὲν
2270 2653 2382 2714 τοῖς
2418 2652 2671 2722 ἀνωτέρω
2719 2654 2813 2705 καὶ
2847 2652 3004 2723 παρά
3042 2652 3118 2721 τῷ
3150 2653 3344 2724 Κέλσῳ
3375 2654 3705 2723 ἐπλανῶντο,

449 2739 575 2794 dem
604 2740 869 2796 haberent
895 2740 1221 2811 templorum
1251 2757 1372 2812 qua:
1420 2756 1577 2797 sacra
1612 2741 2022 2807 existimabant,

2128 2739 2202 2802 ὡς
2220 2740 2446 2809 σεμνοὺς
2474 2739 2569 2808 μὲν
2592 2738 2804 2809 ἔχοντες
2859 2739 3173 2811 περιϐόλους
3200 2740 3309 2793 τῶν
3340 2741 3704 2813 νομιζομένων

452 2830 705 2899 ambitus,
729 2831 822 2888 sed
850 2832 984 2887 nihil
1013 2834 1161 2888 intus
1191 2844 1389 2902 praeter
1411 2834 1622 2898 simias,
1651 2843 1745 2890 aut
1776 2836 2026 2891 crocodi-

2128 2828 2308 2899 ἱερῶν,
2323 2828 2468 2881 ἔνδον
2490 2829 2546 2881 δὲ
2577 2828 2727 2881 οὐδὲν
2744 2829 2856 2882 ἀλλ’
2881 2831 2913 2900 ἧ
2932 2830 3213 2902 πιθήκους,
3232 2830 3265 2902 ἢ
3301 2832 3693 2900 κροκοδείλους,

451 2923 553 2991 las,
586 2932 680 2979 aut
708 2939 921 2995 capras,
952 2933 1046 2980 aut
1068 2926 1306 2995 aspides,
1339 2933 1432 2981 aut
1454 2926 1600 2980 aliud
1623 2926 2025 2982 animal.Nunc

2126 2922 2159 2991 ἢ
2194 2919 2375 2991 αἶγας,
2410 2922 2444 2994 ἢ
2497 2922 2751 2987 ἀσπίδας,
2785 2923 2819 2993 ἦ
2853 2940 2904 2975 τι
2946 2922 3055 2975 τῶν
3088 2922 3273 2986 ζώων·
3324 2924 3416 2976 νῦν
3449 2924 3505 2977 δὲ
3545 2920 3695 2988 ἔδοξε

450 3030 584 3071 vero
613 3015 734 3071 illos
779 3016 1053 3087 appellare
1098 3016 1226 3072 libet
1265 3026 1478 3087 gentem
1524 3018 1920 3073 divinissimam
1972 3028 2026 3081 et

2127 3013 2318 3083 Κέλσῳ
2370 3011 2697 3067 ἐνθεώτατον
2743 3015 2915 3067 εἰπεῖν
2958 3014 3052 3068 καὶ
3095 3015 3154 3067 τὸ
3185 3015 3492 3083 Αἰγυπτίων
3521 3014 3701 3080 ἔθνος,

452 3106 848 3161 divinissimam
884 3106 954 3161 ab
977 3105 1166 3170 initio;
1220 3106 1438 3173 opinor,
1471 3107 1615 3176 quod
1644 3107 1714 3161 ab
1747 3108 1901 3161 initio
1927 3098 2023 3162 ai-

2127 3101 2222 3154 καὶ
2265 3099 2593 3154 ὲνθεὼτατον
2637 3100 2695 3167 ἐξ
2749 3102 2952 3172 ἀρχῆς·
2984 3103 3128 3173 τάχα
3177 3103 3299 3155 ἐπεὶ
3350 3104 3614 3166 Ἰουδαίοις
3641 3103 3702 3171 ἐξ

450 3197 581 3252 ἀωίε
607 3195 807 3252 infensi
836 3195 1059 3251 fuerint.
1104 3196 1285 3251 Persae
1330 3198 1517 3263 etiam,
1547 3198 1641 3265 qui
1675 3207 1878 3253 matres
1920 3199 2023 3254 sibi

2128 3192 2301 3263 ἀρχῆς
2342 3191 2916 3263 προσπεπολεμήκασι.
2960 3194 3070 3247 Καὶ
3121 3193 3328 3264 Πέρσαι
3373 3193 3463 3258 δὲ,
3505 3196 3555 3248 οι
3602 3195 3702 3257 τὰς

449 3284 701 3355 copulant
731 3293 787 3340 et
825 3299 952 3341 cum
995 3284 1207 3342 ﬁliabus
1246 3300 1448 3355 corpus
1492 3287 1746 3352 miscent,
1780 3303 1914 3357 gens
1939 3289 2024 3343 di-

2137 3283 2377 3353 μητέρας
2420 3283 2742 3354 γαμοῦντες,
2773 3283 2869 3337 καὶ
2898 3284 3199 3355 θυγατράσι
3242 3284 3585 3356 μιγνύμενοι,
3618 3282 3704 3339 εν-

449 3378 576 3433 vina
609 3391 731 3433 esse
756 3377 916 3433 Celso
943 3377 1193 3445 videtur;
1240 3392 1447 3433 necnon
1480 3377 1617 3445 ludi,
1660 3395 1890 3449 quorum
1945 3391 2024 3434 ta-

2128 3375 2248 3428 θεον
2279 3375 2429 3439 ἔθνος
2466 3353 2603 3428 εἶναι
2636 3374 2714 3445 τῷ
2747 3375 2942 3446 Κέλσῳ
2964 3353 3213 3429 δοκοῦσιν
3230 3353 3253 3406 'V
3284 3353 3426 3430 ἀλλά
3469 3378 3562 3432 καὶ
3607 3379 3704 3431 Ἰν-

450 3483 574 3524 men
612 3467 903 3524 nonnullos
947 3484 1111 3538 supra
1145 3468 1281 3522 dixit
1325 3484 1520 3525 carnes
1562 3470 1830 3525 humanas
1860 3474 2024 3527 devo-

2129 3467 2207 3519 δοί
2247 3467 2356 3538 (42)
2388 3459 2463 3523 ὧν
2505 3484 2656 3530 τινας
2692 3468 2751 3520 ὲν
2792 3469 2905 3529 τοῖς
2954 3466 3369 3538 προειρημένοις
3404 3467 3556 3536 ἔλεγε
3608 3469 3705 3522 καὶ

450 3574 593 3615 rare.
618 3557 837 3616 Judaos
865 3573 1000 3614 vero
1026 3559 1117 3629 qui
1148 3559 1288 3614 nihil
1325 3561 1520 3616 horum
1556 3562 1936 3628 committunt,
1969 3572 2023 3619 et

2126 3558 2477 3631 ἀνθρωπείων
2526 3557 2819 3627 γεγεῦσθαι
2866 3556 3103 3627 σαρκῶν.
3150 3558 3332 3629 Μηδὲν
3381 3558 3438 3611 δὲ
3498 3557 3702 3614 τούτων

447 3661 663 3709 veteres
695 3652 1022 3723 praesertim,
1055 3668 1162 3709 non
1193 3654 1367 3709 solum
1406 3669 1513 3710 non
1557 3655 1689 3711 dicit
1713 3670 1834 3710 esse
1880 3657 2019 3711 divi-

2136 3652 2442 3715 Ἰουδαίους,
2479 3650 2710 3721 μάλιστα
2745 3653 2869 3713 τοὺς
2894 3649 3083 3713 πάλαι,
3125 3650 3465 3719 πράττοντας
3502 3650 3563 3702 οὐ
3601 3651 3702 3721 μό-

448 3743 726 3807 nissimos,
774 3744 867 3798 sed
903 3742 1068 3796 etiam
1121 3741 1276 3796 brevi
1322 3743 1629 3813 perituros;
1665 3744 1828 3812 idque
1875 3744 2021 3799 velut

2124 3758 2210 3795 νον
2238 3742 2337 3794 οὐκ
2369 3737 2519 3793 εἶπεν
2550 3739 2930 3804 ὲνθεωτάτους,
2962 3740 3099 3793 ἀλλά
3123 3740 3217 3793 καὶ
3245 3739 3441 3815 αὒτίκα
3467 3740 3700 3795 ἀπολουο

447 3848 517 3886 ex
563 3832 777 3901 tripode
814 3833 1151 3902 pronuntiat.
1186 3832 1454 3886 Nimirum
1488 3848 1593 3887 non
1624 3833 1856 3887 advertit
1899 3832 2018 3886 ani-

2124 3832 2337 3904 μένους.
2386 3832 2556 3885 Τοῦτο
2592 3833 2690 3902 μὲν
2723 3832 2823 3903 ἤδη
2856 3832 2950 3885 καὶ
2977 3832 3052 3895 ὡς
3093 3830 3353 3902 μαντικὸς
3385 3830 3532 3899 λέγει
3570 3832 3699 3905 περὶ

447 3938 596 3978 mum
627 3925 695 3977 ad
721 3939 910 3978 curam
943 3938 1159 3982 omnem
1185 3939 1346 3993 quam
1373 3923 1516 3978 Deus
1543 3923 1610 3977 de
1630 3921 1831 3978 ludatis
1866 3922 2019 3976 adbi-

2126 3922 2330 3977 αὐτῶν·
2386 3923 2484 3992 οὐχ
2526 3922 2670 3993 ὁρῶν
2720 3923 2899 3975 πᾶσαν
2930 3922 3027 3993 τὴν
3065 3921 3195 3993 περὶ
3239 3919 3544 3987 Ἰουδαίους,
3604 3921 3702 3974 καὶ

445 4015 587 4081 buit,
612 4031 711 4071 nec
742 4016 808 4071 ad
851 4024 1074 4071 sanctas
1105 4015 1251 4084 leges
1283 4028 1419 4082 quas
1450 4014 1564 4082 ipse
1596 4013 1707 4067 illis
1752 4011 1879 4067 olim
1917 4011 2020 4065 im-

2117 4015 2216 4087 τὴν
2251 4014 2452 4086 σεμνὴν
2486 4014 2651 4068 πάλαι
2690 4013 2965 4068 πολιτείαν
2998 4014 3199 4077 αὐτῶν,
3230 4012 3323 4069 τοῦ
3369 4010 3505 4067 Θεοῦ
3552 4013 3693 4069 οἰκο-

445 4109 671 4179 posuit:
706 4108 983 4169 nonvidit
1032 4126 1052 4160 ι
1108 4106 1321 4160 illorum
1354 4103 1548 4181 delicto
1588 4103 1815 4159 salutem
1850 4102 2018 4157 fuisse

2118 4108 2341 4177 νομίαν·
2378 4105 2472 4160 καὶ
2515 4105 2591 4168 ὡς
2638 4123 2657 4156 ι
2704 4104 2782 4175 τῷ
2826 4106 3048 4158 ἐκείνων
3088 4100 3492 4176 παραπτώματι
3526 4108 3559 4177 ὴ
3593 4124 3693 4159 σω-

445 4198 720 4269 gentibus,
749 4198 1007 4255 delictum
1043 4197 1258 4252 illorum
1311 4194 1530 4250 divitias
1566 4208 1688 4249 esse
1716 4193 1923 4259 mundi,
1962 4201 2017 4247 et

2116 4194 2281 4265 τηρία
2315 4194 2603 4264 γεγένηται
2633 4195 2743 4256 τοῖς
2775 4191 2981 4246 ἔθνεσι·
3003 4192 3096 4247 καὶ
3127 4193 3188 4245 τὸ
3216 4196 3562 4266 παράπτωμα
3592 4196 3692 4249 αὑ-

442 4289 862 4344 diminutionem
900 4303 1111 4353 eorum,
1136 4286 1357 4343 divitias
1386 4285 1653 4356 gentium,
1689 4283 1861 4339 donec
1898 4284 2014 4353 ple-

2115 4284 2245 4347 τῶν,
2279 4284 2504 4347 πλοῦτος
2534 4282 2738 4353 κόσμου
2758 4300 2770 4312 ’
2808 4283 2903 4336 καὶ
2933 4282 2993 4336 τὸ
3029 4284 3250 4355 ἥττημα
3283 4284 3481 4350 αὐτῶν,
3526 4284 3689 4337 πλοῦ-

443 4382 635 4437 nitudo
689 4382 929 4452 gentium
993 4381 1310 4446 introierit,
1360 4397 1382 4432 ι
1432 4389 1495 4432 ut
1539 4385 1725 4446 postea
1775 4394 1797 4428 ι
1839 4378 2015 4431 omnis

2114 4393 2206 4438 τος
2254 4374 2421 4428 ἐθνῶν
2450 4392 2462 4405 ·
2525 4394 2543 4425 ι
2603 4373 2708 4437 ἕως
2762 4374 2823 4426 τδ
2878 4374 3152 4447 πλήρωμα
3210 4374 3320 4444 (45)
3361 4375 3470 4428 τῶν
3522 4374 3688 4427 ἐθνῶν

445 4473 637 4539 Israel,
678 4491 698 4527 ι
739 4488 903 4543 quem
938 4473 1068 4541 quid
1109 4472 1181 4526 sit
1218 4485 1328 4526 non
1364 4469 1508 4540 capit
1531 4467 1755 4535 Celsus,
1792 4467 2010 4522 «salvus

2115 4464 2349 4536 εἰσέλθῃ,
2383 4463 2471 4516 ἵνα
2506 4462 2640 4532 μετὰ
2676 4461 2833 4516 τοῦτο
2859 4481 2880 4516 ‹
2919 4465 3049 4530 πᾶς,
3090 4482 3109 4516 ι
3136 4464 3196 4517 ὃν
3229 4464 3290 4517 οὑ
3324 4467 3434 4517 νοεῖ
3460 4463 3690 4528 Κέλσος,

442 4565 612 4621 liat".
644 4583 664 4617 ι

2121 4575 2139 4606 ι
2194 4555 2410 4626 Ἰσραὴλ
2438 4554 2604 4626 σωθῇ.
2652 4573 2668 4604 ι

510 4655 599 4710 81.
623 4652 743 4708 Jam
772 4654 955 4709 nescio
988 4654 1259 4721 quomodo
1281 4652 1485 4749 dixerit
1518 4669 1537 4702 ι
1576 4648 1878 4749 Deum,_qui
1924 4663 2014 4704 no-
2044 4695 2086 4749 Β

2225 4644 2338 4696 Οὐκ
2391 4639 2511 4697 οἶδα
2556 4644 2599 4695 δ’
2644 4643 2791 4707 ὅπως
2845 4644 2979 4714 φησὶ
3028 4643 3155 4715 περί
3197 4642 3292 4695 τοῦ
3355 4640 3531 4705 Θεοῦ,
3573 4642 3693 4707 ὅτι,-

439 4750 519 4800 vit
545 4746 749 4813 omnia,
774 4744 1073 4800 nescivisse
1106 4757 1165 4798 se
1198 4744 1416 4799 mittere
1442 4742 1638 4799 Filium
1668 4743 1735 4797 ad
1762 4743 2008 4797 homines

2120 4755 2139 4788 ‹
2188 4736 2247 4789 ’0
2277 4734 2453 4788 πάντα
2469 4732 2624 4796 εἰδὼς
2648 4732 2805 4786 τοῦτο
2831 4734 2935 4786 οὐκ
2962 4735 3246 4802 ἠπίστατο,
3270 4734 3351 4786 ὄτι
3379 4735 3567 4796 κακοῖς
3595 4733 3689 4785 ἀν·-

438 4834 613 4890 malos
658 4842 712 4889 et
752 4844 1090 4902 peccaturos,
1139 4832 1231 4901 qui
1281 4832 1427 4886 illum
1460 4820 1724 4902 supplicio
1759 4828 2004 4885 an‘ecturi

2114 4826 2371 4897 θρώποις,
2421 4826 2515 4879 καὶ
2567 4824 3062 4897 ἁμαρτησομένοις,
3105 4825 3199 4878 καὶ
3237 4824 3557 4878 κολάσουσιν
3590 4824 3690 4876 αι’)-

436 4932 615 4983 erant.
652 4944 672 4978 ι
699 4925 771 4979 At
792 4924 881 4979 hic
904 4924 1117 4979 videtur
1139 4924 1205 4978 de
1236 4922 1500 4978 industria
1533 4921 1776 4977 oblivisci
1809 4928 2010 4975 nostra:

2112 4918 2207 4972 τοῦ
2247 4919 2336 4970 τὸν
2367 4917 2495 4970 Υίὸν
2543 4917 2769 4987 πέμπει.
2807 4935 2828 4968 ›
2877 4915 3013 4968 Ἀλλ’
3064 4914 3208 4968 ἔοικε
3255 4914 3351 4967 νῦν
3396 4914 3495 4984 μὲν
3544 4910 3687 4966 ἑκὼν

439 5016 701 5073 doctrinae
725 5031 843 5087 quae
862 5015 958 5081 ait,
990 5016 1276 5084 pr0phetas
1309 5016 1400 5069 Dei
1432 5015 1613 5069 divino
1637 5011 1838 5081 Spiritu
1870 5026 2009 5079 prte-

2114 5007 2461 5078 ἐπιλελῆσθαι
2504 5007 2596 5060 τοῦ
2643 5007 2942 5076 φάσκοντος
2982 5006 3169 5076 λόγου,
3198 5006 3396 5067 πάντα,
3427 5004 3465 5057 ἃ
3501 5002 3684 5056 πείσε-

436 5107 640 5163 vidisse
682 5116 738 5163 et
778 5102 1102 5178 praedixisse
1147 5121 1486 5176 quaecunque
1536 5103 1699 5159 Jesus
1748 5116 2008 5172 passurus

2158 5120 2204 5158 ιιι
2249 5099 2455 5173 Ἰησοῦς
2499 5103 2528 5153 ὁ
2576 5100 2842 5171 Χριστὸς,
2894 5097 3308 5172 προεωρακέναι
3354 5097 3482 5168 θείῳ
3512 5095 3685 5149 Πνεύο
3716 5131 3734 5144 ..

507 5231 553 5264 ⁷⁸
583 5230 713 5302 Sap.
742 5245 875 5298 xvn,
909 5230 959 5284 Ι.
1034 5228 1078 5261 ⁷⁷
1114 5228 1273 5282 Rom.
1301 5241 1378 5294 Si,
1410 5226 1497 5296 11,
1525 5224 1614 5293 12,
1641 5224 1711 5280 25
1739 5233 1793 5280 et
1819 5225 1913 5280 26.

506 5372 618 5443 ('59)
646 5368 982 5429 ﬂmschelius
1031 5375 1085 5422 et
1116 5364 1422 5436 Spencerus
1470 5362 1525 5418 in
1561 5370 1732 5426 textu,
1778 5361 1870 5414 ἐπὶ
1908 5378 2000 5415 κε-

1958 5378 2000 5413 z-
2108 5360 2251 5414 δαῖα.

2188 5430 2292 5443 ιιΛι
2341 5431 2386 5443 ι-
2435 5428 2461 5443 Α
2508 5429 2520 5443 1
2583 5426 2624 5443 I‘
2734 5441 2776 5443 κ-
2811 5428 2862 5443 II
2923 5429 2938 5443 ι
3032 5428 3065 5443 Ιο
3110 5440 3123 5443 Α
3180 5426 3193 5438 ⁸
3260 5426 3297 5443 π
3337 5423 3437 5443 (δην.
3499 5426 3534 5443 ,⁸

541 5424 615 5454 ῖ.“¹
648 5424 795 5429 ““’“”
1158 5424 1174 5436 ⁵
1718 5424 1725 5426 “

541 5459 628 5498 ης.

2182 5430 2296 5497 (42)
2341 5428 2538 5483 Ἰνδοί.
2583 5426 2698 5483 Duo
2723 5428 2883 5483 codd.
2910 5426 3221 5498 Anglicani,
3260 5424 3460 5489 Ἰνδῶν,
3493 5426 3685 5495 sicque

651 5508 905 5582 ‘P‘vxér._
949 5509 1042 5572 Τὸ,
1090 5506 1296 5578 ψυχῶν,
1331 5503 1530 5561 Guieto
1562 5510 1868 5569 suspectum
1919 5508 2002 5555 est

2182 5444 2296 5497 (42)
2343 5444 2538 5483 'er'ot.
2584 5444 2698 5483 mlo
2723 5444 2883 5483 εοαιι.
2910 5444 3221 5498 Altgllcanl,
3266 5444 3460 5489 'tvowv,
3493 5444 3607 5495 5th

2109 5499 2731 5582 Ηφξεὲιςιέυείηθοδὶηπ
3243 5574 3286 5582 --

435 5563 828 5635 ct‘addititiu‘m
858 5563 1117 5635 videtur.‘
1167 5563 1200 5577 n
1284 5563 1294 5571 ⁷
1657 5563 1672 5569 ’

2114 5638 2119 5639 ν
2180 5569 2290 5639 (45)
2322 5569 2472 5633 ’Έως
2498 5568 2562 5621 τὸ
2594 5567 2897 5634 πλήρωμα.
2925 5565 3031 5639 ,Διιτι
3081 5579 3209 5639 ηιξε.
3235 5574 3292 5639 et
3338 5563 3682 5620 llmschclius

512 5629 1224 5720 ῥῦνὶζὶαδαίοῦξιξπῦοιίοι
1243 5645 1573 5718 Anglicanus
1595 5642 1823 5714 primus,
1859 5639 2007 5693 Χαλ-

1914 5639 2007 5693 αλ-
2107 5638 2161 5694 in
2187 5629 2363 5695 ‘tcx'tu.
2405 5629 2887 5720 speticerus've'ro,
2916 5636 3074 5707 ἄχρις
3105 5629 3166 5688 οὗ
3194 5634 3490 5706 πλήρωμα..
