3990 6158
417 249 552 305 “2!

1569 259 1845 316 CONTRA
1879 261 2158 320 CELSUM
2196 235 2341 318 1.th
2365 264 2480 322 vn.

3541 282 3680 341 1422

420 385 571 438 ματι,
605 369 698 423 καὶ
733 375 1236 442 πεπροφητευκέναι
1294 378 1419 440 τοὺς
1467 378 1560 430 τοῦ
1599 379 1734 432 Θεοῦ
1781 383 1954 451 προφῆ

2062 446 2068 455 δ
2092 395 2227 436 erat.
2245 382 2396 448 Quod
2408 392 2553 438 certe
2569 398 2673 439 non
2689 385 2923 441 cohaeret
2945 401 3067 442 cum
3085 388 3232 445 dicto
3257 391 3423 458 Celsi,
3451 411 3471 445 ι
3503 395 3676 452 Deum

416 473 535 522 τας.
588 455 683 524 Οἷς
711 464 810 533 οὐχ
853 465 1046 519 ἕπεται
1092 487 1110 518 ‹
1148 468 1208 522 τὸ
1259 468 1333 538 μὴ
1380 471 1675 537 ἐγνωκέναι
1722 473 1812 525 τὸν
1842 474 1994 540 Θεὸν,

415 547 497 603 ὃτι
547 557 737 618 κακοῖς
787 557 881 609 καὶ
925 559 1396 629 ἁμαρτησομένοις
1435 563 1738 632 ἀνθρώποις
1787 565 1996 635 πέμπει

413 643 508 698 τὸν
549 645 700 711 Υίὸν,
747 648 841 701 καὶ
889 650 1208 703 κολάσουσιν
1240 652 1421 704 αὐτόν.
1470 671 1488 702 ›
1523 653 1736 717 Εὐθέως
1757 655 1814 707 δὲ
1848 656 1994 723 λέγει

355 795 372 811 η
411 735 495 799 τὸ,
523 737 690 791 πάλαι
717 739 889 792 ταῦτα
918 741 1298 811 προειρῆσθαι,
1334 743 1389 794 ἐν
1421 743 1684 814 ἀπολογίᾳ.
1713 745 1801 812 ὑφ’
1835 746 1992 816 ἡμῶν

411 829 682 898 λέγεσθαι.
735 832 892 897 Ἀλλ’,
930 835 1052 886 ἐπεὶ
1097 830 1340 906 αὑτᾶρκη
1384 837 1730 907 περιγραφὴν
1771 838 1991 908 εἴληφεν

408 923 438 974 ὁ
467 921 623 986 ἐκτος
659 923 812 993 ἡμῶν
841 923 1023 994 τόμος,
1055 925 1216 996 αὑτοῦ
1251 943 1350 978 που
1387 927 1837 991 καταπαύσαντες
1899 930 1990 982 τὸν

407 1007 586 1077 λόγον,
620 1012 915 1081 ἀρξόμεθα,
942 1013 1076 1066 Θεοῦ
1106 1014 1354 1077 διδόντος,
1381 1017 1607 1087 ἑϐδόμου
1625 1036 1636 1046 ·
1660 1004 1723 1068 ἐν
1753 1013 1796 1086 ᾧ
1823 1021 1990 1072 ἁπαν-

404 1103 505 1171 τᾷν
538 1102 746 1172 νομίζει
783 1104 918 1175 πρὸς
959 1104 1020 1156 τὸ
1052 1106 1141 1174 ὑφ’
1180 1106 1338 1176 ἡμῶν
1380 1107 1652 1175 λέγεσθαι.
1696 1111 1822 1173 τοὺς
1855 1128 1987 1181 προ-

403 1195 580 1263 φήτας
641 1195 818 1247 πάντα
878 1195 948 1248 τὰ
993 1197 1122 1267 περὶ
1181 1197 1274 1249 τοῦ
1343 1199 1514 1268 Ἰησοῦ
1574 1201 1982 1272 προειρηκέναι.

404 1283 582 1354 Ἀπερ
613 1285 734 1338 ἐπεὶ
774 1286 994 1339 πλείονα
1029 1289 1166 1352 ἐστι,
1217 1289 1310 1341 καὶ
1353 1289 1592 1352 πλείονος
1622 1290 1780 1357 λόγου,
1811 1291 1982 1344 δεῖται

396 1376 492 1431 τοῦ
515 1377 652 1448 πρὸς
691 1378 857 1430 αὑτά·
893 1377 1016 1431 οὔτε
1049 1379 1299 1449 διακόψαι
1333 1380 1722 1452 ἐϐουλήθημεν,
1756 1383 1859 1435 ὑπὸ
1885 1384 1980 1438 τοῦ

400 1467 665 1536 μεγέθους
689 1466 1119 1538 ἀναγκαζόμενοι
1158 1470 1252 1523 τοῦ
1287 1471 1512 1540 βιϐλίου,
1549 1472 1691 1535 οὔτε,
1719 1474 1856 1544 ὑπὲρ
1887 1475 1977 1528 τοῦ

398 1559 473 1628 μὴ
499 1559 751 1628 διακόψαι
780 1561 871 1612 τὸν
889 1561 1043 1628 λόγον
1061 1600 1074 1624 ,
1099 1561 1351 1630 μέγιστον
1389 1564 1716 1634 ποιῆσαικαὶ
1751 1565 1888 1636 ὑπὲρ
1917 1565 1978 1618 τὸ

395 1649 709 1720 σύμμετρον
739 1651 829 1705 τὸν
859 1652 1016 1705 ἐκτον
1048 1653 1232 1722 τόμον.

1294 1839 3540 1870 mw“

907 1951 1846 2085 ΩΡΙΓΕΝΟΥΣ
1921 1869 2388 2084 ΚΑΤΑ
2459 1955 3144 2093 ΚΕΛΣοΥ

2105 479 2406 532 nescivisse
2439 493 2497 532 se
2527 479 2744 535 mittere
2781 479 2977 535 Filium
3015 484 3081 537 ad
3121 485 3370 544 homines
3402 490 3573 546 malos
3620 501 3677 546 et

2102 580 2445 636 peccaturos,
2482 571 2572 639 qui
2623 570 2770 624 illum
2818 581 2974 628 erant
3018 577 3283 645 supplicio
3333 578 3604 638 ail'ecturi.
3647 602 3668 637 ι

2103 658 2221 713 Mox
2247 669 2426 715 tamen
2459 659 2661 716 fatetur
2685 663 2757 717 ita
2791 663 2905 718 haec
2929 679 2956 717 a
2988 668 3148 721 nobis
3181 669 3417 735 defendi,
3447 681 3506 726 ut
3532 687 3674 742 prae;

2099 748 2240 802 dicta
2271 751 2400 804 olim
2430 749 2598 805 fuisse
2634 751 2896 806 dicamus.
2923 752 3190 820 Quoniam
3211 761 3672 832 ver06945exti

2100 837 2267 906 hujus
2318 839 2437 894 libri
2463 841 2575 910 jam
2601 840 2746 908 justa
2782 843 2954 897 moles
2981 855 3084 909 est,
3121 847 3212 901 hic
3259 848 3419 904 ﬁnem
3452 854 3526 906 illi
3567 855 3670 907 im-

2095 928 2368 996 ponimus,
2406 929 2672 998 inccpturi
2708 933 2816 986 Deo
2841 933 3004 988 dante
3041 939 3354 1005 septimum,
3396 944 3489 997 ubi
3516 959 3668 1000 ever-

2096 1025 2210 1071 tere
2236 1034 2293 1072 se
2322 1029 2470 1087 putat
2499 1022 2549 1074 id
2583 1023 2721 1090 quod
2756 1024 3009 1088 dicimus,
3049 1041 3386 1098 quaecunque
3419 1026 3546 1088 Jesu
3570 1050 3664 1091 ac-

2094 1107 2368 1170 ciderunt,
2396 1125 2423 1162 a
2462 1111 2746 1178 prephetis
2786 1109 2952 1165 fuisse
2981 1118 3360 1181 praenuntiata.
3400 1120 3504 1174 Sed
3537 1125 3664 1192 quia

2091 1197 2207 1252 hazc
2237 1199 2404 1252 multa
2447 1212 2572 1254 sunt
2604 1217 2774 1271 eaque
2826 1218 2930 1257 non
2964 1206 3066 1258 nisi
3099 1209 3282 1264 multis
3332 1217 3659 1282 pertractari

2090 1303 2336 1360 possunt,
2378 1295 2649 1349 noluimus
2690 1305 2783 1350 aut
2817 1298 3143 1356 intercidere
3177 1318 3480 1360 sermonem
3506 1310 3569 1362 ad
3609 1311 3660 1364 id

2090 1383 2267 1436 coacti
2299 1385 2591 1438 voluminis
2617 1387 2959 1455 prolixitate;
3013 1400 3128 1455 aut,
3160 1408 3228 1447 ne
3266 1409 3448 1450 sermo
3491 1399 3662 1453 inter-

2089 1474 2325 1540 cidatur,
2371 1487 2583 1531 sextum
2625 1479 2766 1532 hunc
2799 1479 2997 1536 librum
3033 1486 3334 1551 producere
3383 1489 3449 1542 ad
3488 1489 3658 1544 maxi-

2085 1582 2230 1620 mam
2263 1568 2690 1639 longitudinem,
2734 1580 2788 1626 et
2832 1587 2953 1641 qua:
2996 1575 3198 1641 justum
3237 1578 3452 1634 modum
3488 1593 3654 1637 exce-

2085 1660 2256 1716 deret.

1504 2183 1888 2281 ΤΟΜΟΣ
1951 2188 2497 2280 ΕΒΔΟΜΟΣ.

595 2449 1176 2554 ORIGENIS
1247 2457 1723 2554 CONTRA
1798 2460 2262 2552 CELSUM
2338 2458 2690 2550 LIBER
2770 2461 3402 2557 SEPTIMUS.

477 2745 568 2797 Ἐν
613 2743 672 2808 ἐξ
699 2744 813 2807 τοῖς
851 2743 958 2814 πρὸ
982 2741 1206 2807 τούτων,
1258 2744 1370 2816 ίερὲ
1423 2744 1616 2814 ἁδελφέ
1650 2745 1954 2818 Ἀμϐρόσιε,

2137 2745 2192 2803 1.
2227 2748 2282 2802 ln
2307 2762 2400 2802 sex
2436 2745 2709 2815 prioribus
2739 2745 2912 2813 libris,
2942 2746 3029 2815 pie
3051 2747 3219 2802 frater
3239 2747 3512 2814 Ambrosi.
3545 2754 3636 2808 dcc

378 2836 798 2905 ἀγωνισάμενοι,
833 2835 973 2888 κατὰ
1005 2835 1066 2887 τὸ
1107 2835 1326 2889 δυνατὸν
1371 2837 1521 2906 ἡμῖν,
1567 2836 1790 2905 βιϐλίοις
1822 2841 1956 2909 πρὸς

374 2927 472 2991 τὰς
507 2927 714 2980 Κέλσου
735 2927 875 2979 κατὰ
900 2926 1240 2997 Χριστιανῶν
1269 2927 1618 2998 κατηγορίας,
1651 2928 1743 2981 καί
1763 2929 1950 2999 μηδὲν,

372 3018 472 3088 ὅση
499 3019 746 3088 δύναμις,
782 3017 1138 3070 ἀϐασάνιστον
1165 3017 1258 3068 καὶ
1289 3017 1641 3081 ἀνεξέταστον
1668 3019 1948 3084 ἐάσαντες,

375 3108 510 3179 μηδέ
538 3107 919 3178 παρελθόντες,
950 3106 1084 3178 πρὸς
1113 3107 1161 3171 ὂ,
1190 3107 1264 3170 ὡς
1293 3102 1402 3160 οἶόν
1427 3125 1486 3159 τε
1517 3109 1666 3178 ἡμῖν,
1702 3109 1949 3179 ἀπηντή-

373 3215 568 3268 σαμεν,
589 3199 718 3252 Θεὸν
741 3199 1191 3268 ἐπικαλεσάμενοι
1214 3198 1280 3250 δι’
1303 3199 1466 3252 αὑτοῦ
1493 3199 1666 3270 Ἰησοῦ
1685 3200 1948 3272 Χριστοῦ,

371 3288 466 3340 τοῦ
495 3289 964 3359 κατηγορουμένου
1007 3289 1113 3341 ὑπὸ
1139 3288 1368 3353 Κέλσου,
1407 3290 1474 3344 ἵν’
1504 3292 1535 3360 ἡ
1547 3291 1660 3360 μῶν
1700 3291 1947 3363 mde

370 3377 432 3428 ἐν
475 3378 541 3446 τῇ
587 3376 801 3448 καρδίᾳ,
853 3376 1081 3446 ἀλήθεια
1115 3377 1420 3445 τυγχάνων,
1466 3378 1533 3430 τά
1580 3379 1950 3450 ἁνατρεπτικὰ

369 3467 462 3520 τοῦ
503 3466 750 3536 ψεύδους,
781 3466 1061 3538 ἀρχόμεθα
1093 3467 1186 3519 καὶ
1221 3468 1450 3538 ἑϐδόμου
1489 3472 1942 3542 συγγράμματος,

366 3558 429 3610 τὸ
461 3558 796 3629 προφητικὸν
823 3560 999 3612 ἐκεῖνο
1025 3560 1082 3613 ἐν
1104 3561 1167 3630 τῇ
1196 3560 1331 3630 πρὸς
1361 3560 1490 3612 θεὸν
1511 3560 1758 3628 λέγοντες
1787 3564 1942 3634 εὐχῇ,

365 3649 444 3715 τὸ,
497 3650 600 3703 Ἐν
623 3649 696 3717 τῇ
710 3651 958 3718 ἀληθείᾳ
982 3665 1097 3704 σου
1127 3651 1569 3720 ἐξολόθρευσον
1595 3654 1834 3720 αὐτοὺς,
1854 3655 1945 3726 δῆ-

362 3741 454 3794 λον
481 3739 527 3795 δ’
566 3741 647 3794 ὅτι
688 3742 814 3803 τοὺς
851 3741 1121 3804 ἐναντίους
1166 3743 1230 3812 τῇ
1264 3741 1491 3813 ἀληθείᾳ
1538 3739 1761 3811 λόγους⁶
1797 3740 1943 3800 οὗτοι

362 3830 471 3903 γὰρ
501 3831 725 3902 ἀληθείᾳ
748 3832 882 3884 Θεοῦ
915 3832 1346 3903 ἐξολοθρεύονται
1365 3850 1378 3863 ·
1414 3834 1502 3897 ἵν’,
1533 3835 1942 3906 ἐξολοθρευθέν-

361 3938 470 3974 των
515 3921 713 3986 αὐτῶν,
757 3922 807 3973 οἱ
852 3921 1049 3985 πάντες
1082 3923 1466 3994 περισπασμοῦ
1502 3923 1614 3995 (44)
1650 3924 1942 3979 ἀπολυθέν-

363 4029 472 4076 τες,
487 4011 680 4064 εἴπωσι
706 4013 765 4063 τὸ
781 4012 906 4082 ἑξῆς
930 4013 1142 4082 ἐκείνῳ,
1161 4014 1242 4078 τὸ,
1286 4015 1613 4081 Ἑκουσίως
1635 4017 1797 4070 θύσω
1817 4032 1937 4080 σοι,

2062 2837 2398 2893 certavimus
2429 2835 2605 2903 quoad
2645 2835 2875 2888 facultas
2899 2834 3021 2888 tulit
3045 2847 3230 2889 contra
3259 2837 3398 2892 Celsi
3426 2841 3619 2894 adver-

2057 2942 2152 2982 sus
2204 2925 2545 2980 Christianos
2577 2925 3030 2990 criminationes,
3067 2926 3216 2980 nulla
3263 2933 3630 2997 praetermissa

2057 3032 2134 3080 re,
2171 3031 2289 3086 qua:
2321 3029 2416 3082 pro
2437 3014 2643 3068 viribus
2666 3029 2771 3067 nou
2803 3013 3067 3080 discussa,
3095 3017 3404 3072 examinata
3467 3027 3630 3089 atque

2055 3106 2284 3162 refutata
2339 3105 2520 3159 fuerit.
2569 3105 2724 3159 Nunc
2775 3107 3063 3175 septiuuun
3094 3110 3473 3178 aggredimur,
3508 3129 3616 3166 non

2052 3206 2177 3250 ante
2201 3207 2403 3260 tamen,
2435 3211 2594 3264 quam
2624 3211 2652 3249 a
2690 3197 2798 3249 Deo
2821 3212 2916 3264 per
2947 3191 3130 3250 Jesum
3158 3198 3428 3254 Christum
3455 3215 3624 3272 quem

2050 3287 2240 3343 Celsus
2277 3288 2627 3352 crimiuatur,
2670 3287 3010 3354 petierimus,
3037 3297 3116 3352 ut,
3158 3303 3278 3342 cum
3300 3291 3371 3344 sit
3399 3293 3624 3358 veritas.

2049 3393 2145 3433 cor
2195 3387 2438 3432 nostrmn
2490 3376 2756 3430 illuminet
2787 3385 2842 3429 et
2873 3375 3066 3430 doceat
3111 3392 3230 3447 qua:
3277 3381 3622 3437 mendacium

2050 3468 2335 3537 dissipent.
2365 3469 2541 3534 Atque
2569 3468 2705 3520 hanc
2734 3467 2784 3520 in
2825 3482 2938 3520 rem
2976 3467 3122 3520 istud
3158 3472 3535 3538 propheticum
3565 3473 3619 3527 in

2048 3557 2252 3614 nostris
2299 3557 2365 3610 ad
2411 3556 2577 3608 Deum
2615 3557 2867 3624 precibus
2913 3572 3237 3624 usurpamus
3271 3557 3377 3611 ειη
3407 3562 3622 3614 veritate

2045 3658 2136 3701 tua
2159 3649 2399 3715 disperde
2421 3647 2538 3699 illos
2563 3644 2630 3711 ⁷⁸,
2657 3660 2936 3699 sermones
2967 3645 3218 3699 videlicet
3250 3646 3463 3702 veritati
3489 3663 3619 3702 con-

2047 3740 2246 3794 trarios
2293 3737 2368 3808 (hi
2403 3738 2546 3791 enim
2579 3737 2669 3790 Dei
2711 3736 2941 3789 veritate
2993 3736 3437 3810 disperduntur),
3470 3750 3526 3794 ut
3551 3741 3617 3797 iis

2045 3828 2382 3900 disperditis,
2423 3842 2611 3882 armies
2645 3842 2673 3880 a
2711 3826 2902 3879 fraude
2931 3826 3142 3879 liberati
3175 3827 3359 3882 dicant
3391 3831 3442 3885 id
3470 3835 3614 3901 quod

2045 3921 2293 3990 sequitur
2334 3933 2350 3974 :
2394 3919 2704 3973 Voluntaria
2754 3917 3064 3986 sacriﬁcabo
3112 3920 3207 3972 tibi
3249 3921 3318 3985 7°,
3373 3925 3615 3978 rationa.

2044 4013 2254 4082 lemque
2282 4021 2349 4068 et
2398 4012 2531 4067 fumi
2589 4018 2867 4079 expertem
2902 4023 3159 4078 supremo
3193 4010 3301 4066 Deo
3330 4012 3606 4068 victimam

361 4102 584 4171 λογικὴν
618 4103 712 4154 καὶ
743 4102 980 4156 ἅκαπνον
1025 4103 1215 4156 θυσίαν
1249 4104 1649 4175 προσφέροντες
1697 4105 1775 4177 τῷ
1817 4106 1936 4177 Θεῷ

2062 4105 2284 4160 dferant.

358 4193 466 4245 τῶν
500 4193 655 4247 ὅλων.

430 4286 720 4356 Πρόκειται
797 4285 855 4338 δέ
914 4283 1009 4339 νῦν
1049 4285 1126 4357 τῷ
1159 4280 1376 4358 Κέλσῳ,
1417 4286 1790 4358 κατηγορῆσαι
1839 4286 1932 4340 τοῦ

359 4375 660 4445 φάσκοντος
688 4377 868 4445 λόγου,
899 4377 1004 4430 ὑπὸ
1028 4378 1134 4432 τῶν
1162 4376 1312 4449 παρὰ
1340 4377 1615 4440 Ἰουδαίοις
1641 4377 1932 4447 προφητῶν

357 4468 792 4541 προφητεύεσθαι
837 4470 904 4523 τὰ
949 4469 1077 4541 περὶ
1123 4471 1214 4522 τὸν
1268 4468 1502 4540 Χριστὸν
1546 4467 1770 4539 Ἰησοῦν.
1821 4467 1930 4521 Καὶ

354 4561 569 4633 πρῶτόν
608 4578 670 4628 γε
720 4560 838 4614 κατ’
868 4561 1043 4632 ἀρχὰς
1090 4559 1412 4630 ἐξετάζομεν
1458 4553 1533 4612 ὧν
1577 4559 1746 4611 οἴεται
1795 4558 1926 4628 (45),

351 4655 476 4716 τοὺς
525 4653 625 4723 μὲν
656 4651 812 4705 ἄλλον
847 4652 1266 4722 εἰσηγουμένους
1308 4651 1440 4704 Θεὸν
1483 4648 1633 4721 παρὰ
1665 4648 1756 4702 τὸν
1803 4650 1902 4701 Ἰου

352 4743 515 4797 δαίων
561 4745 695 4798 Θεὸν
742 4745 1007 4817 μηδαμῶς
1052 4745 1310 4798 δύνασθαι
1352 4743 1599 4812 ὰπαντᾷν
1651 4739 1786 4812 πρὸς
1832 4739 1930 4802 τὰς

354 4834 720 4908 ἐπαπορήσεις
760 4839 952 4892 αὐτοῦ’
997 4841 1143 4909 ἡμᾶς
1171 4837 1246 4901 δὲ,
1271 4836 1396 4898 τοὺς
1428 4835 1519 4888 τὸν
1563 4833 1724 4886 αὑτὸν
1754 4833 1925 4903 τηρή·

355 4941 551 4990 σαντας
575 4928 724 4992 Θεὸν,
741 4930 1102 4999 καταφεύγειν
1131 4930 1224 4981 ἐπὶ
1238 4928 1334 4999 τὴν
1351 4927 1438 4980 διὰ
1462 4926 1567 4978 τῶν
1587 4939 1923 4996 προφητευσ-

355 5015 531 5085 μὲνων
590 5020 715 5090 περὶ
781 5022 1013 5092 Χριστοῦ
1071 5021 1381 5089 ἀπολογίαν.
1448 5018 1559 5072 Καί
1612 5034 1742 5088 φησι
1788 5014 1922 5086 πρὸς

350 5105 559 5159 ταῦτα’
608 5107 855 5176 Ἷδωμεν
896 5112 1012 5177 ὅπη
1063 5109 1469 5178 ἐφευρήσουσι
1522 5108 1916 5175 παραίτησινο

420 5225 468 5256 ⁷⁸
501 5225 646 5281 Psal.
672 5243 789 5292 Llll,
822 5229 870 5282 7.
949 5230 992 5260 ⁷⁹
1027 5231 1156 5284 ibid.
1193 5231 1248 5284 8.

421 5343 534 5425 (4.4)
567 5343 901 5427 Hmschelius
932 5355 984 5399 et
1034 5345 1340 5427 Spencerus
1390 5347 1440 5398 in
1498 5353 1698 5423 textu.~
1721 5357 1910 5414 πειραο
1949 5349 1954 5400 J

2062 5357 2176 5427 ιιιιῐικ
2220 5340 2446 5427 aboiito,
2484 5337 2885 5427 advveritatem‘3
2923 5331 3438 5427 aluimus-“applicari

350 5401 638 5486 σμοῦ,ἐο‹1
679 5416 875 5486 melius
900 5431 1030 5468 mss.
1060 5401 1293 5476 codices.
1324 5413 1726 5486 περισπασμοῦ,
1753 5401 1912 5486 nien-

2062 5429 2122 5466 ue
2160 5411 2381 5481 λογικὴν
2413 5401 2507 5462 καὶ
2558 5409 2798 5461 ἄκαπνον
2858 5404 3047 5457 θυσίαν
3093 5417 3191 5457 suo
3234 5402 3429 5456 oﬂcrre
3478 5401 3585 5456 Deo

351 5483 500 5562 dacia
533 5485 730 5562 quippe
761 5500 823 5537 ac
855 5485 983 5562 falsa
1015 5486 1236 5562 omnino
1267 5483 1796 5562 sunt'wsptcmtcpeq
1826 5485 1910 5535 ille

2062 5491 2212 5562 uigil:
2248 5549 2347 5562 ...ι-
2437 5547 2491 5562 ον
2661 5537 2689 5562 τ
2794 5542 2963 5562 ,ει-----
3027 5539 3308 5562 η--ι-ε.-ι.,..
3361 5539 3457 5562 ραι

347 5569 456 5623 quo
484 5539 731 5608 ho'mi'n'es
765 5569 793 5606 ο
848 5556 1072 5608 veritate
1101 5555 1460 5616 abducuntur,
1490 5539 1541 5607 et
1587 5539 1910 5623 addiv'ersa

2089 5551 2199 5618 (45)
2248 5539 2736 5623 Ἐξετάζομξνῷγ
2783 5542 2986 5621 οἴεται.
3027 5539 3315 5597 Dubitabat
3360 5539 3587 5595 CuictuI

350 5611 527 5678 omnia
564 5623 961 5687 distrahuntur,
1004 5640 1104 5678 nec
1132 5624 1236 5676 ulla
1268 5633 1351 5677 est
1379 5611 1582 5676 homini
1615 5621 1680 5675 ad
1711 5623 1910 5674 verita-

2062 5611 2490 5683 n‘scribeuduut,
2510 5611 2786 5681 ἐξετάζων
2811 5611 3004 5666 οἴεται.
3115 5679 3122 5687 _

352 5704 456 5750 tem
487 5697 567 5751 via
597 5695 806 5759 relicta,
836 5695 936 5749 nisi
967 5709 1066 5763 per
1102 5693 1223 5748 fa!si
1255 5693 1646 5750 abolitionem:
1673 5705 1782 5761 quo
1815 5693 1909 5746 θυι
3318 5777 3329 5785 .
3608 5719 3622 5790 ἶ

2106 4287 2161 4341 9..
2182 4286 2335 4341 Nunc
2355 4287 2513 4341 Celso
2543 4284 2874 4354 propositum
2899 4291 2982 4338 est
3005 4283 3208 4338 adoriri
3244 4283 3382 4339 istud
3404 4294 3603 4340 nostra:

2035 4380 2316 4442 doctrinae,
2336 4393 2364 4430 a
2390 4377 2698 4430 Judaeorum
2733 4375 3010 4443 prophetis
3041 4375 3399 4441 prwnuutiata
3437 4375 3603 4431 fuisse

2037 4481 2371 4537 quaecunque
2394 4463 2522 4519 Jesu
2553 4463 2772 4518 Christo
2799 4463 3129 4517 acciderunt.
3157 4464 3233 4516 Ac
3251 4463 3480 4532 primum
3505 4481 3602 4520 ex-

2036 4559 2334 4628 pendemus
2357 4558 2498 4625 quod
2530 4554 2804 4623 opinatur,
2839 4568 2900 4608 ea
2931 4569 3048 4623 quae
3078 4555 3266 4625 objicit
3292 4571 3396 4611 non
3440 4572 3600 4627 posse

2022 4651 2241 4706 refutari
2271 4650 2339 4703 ab
2371 4651 2436 4704 iis
2465 4650 2554 4718 qui
2584 4650 2744 4702 alium
2775 4665 2802 4701 a
2832 4649 3137 4702 Iudaeorum
3166 4649 3276 4703 Deo
3305 4648 3468 4702 Deum
3504 4650 3588 4701 in-

2022 4743 2229 4798 ducunt
2266 4757 2278 4791 :
2313 4755 2411 4793 nos
2450 4754 2580 4793 vero
2623 4738 2712 4806 qui
2747 4739 2996 4791 eumdem
3045 4752 3107 4789 ac
3153 4736 3226 4788 illi
3271 4735 3584 4799 retinemus,

2023 4844 2083 4890 ut
2109 4850 2210 4888 nos
2236 4831 2608 4890 defendamus.
2645 4831 2710 4883 ad
2740 4829 3122 4899 prophetarum
3155 4826 3221 4880 de
3253 4824 3469 4879 Christo
3485 4839 3588 4876 va‘

2024 4925 2205 4980 ticinia
2238 4923 2548 4992 confugere.
2578 4921 2708 4988 Ejus
2753 4921 2854 4972 hac
2882 4919 2948 4973 de
2986 4934 3042 4972 re
3073 4919 3236 4972 verba
3271 4922 3397 4969 sunt
3427 4915 3540 4968 habe
3573 4926 3585 4964 :

2028 5014 2303 5070 Videamus
2329 5029 2488 5084 quam
2519 5012 2615 5064 sibi
2658 5011 3000 5064 de’ensionem
3029 5009 3271 5077 paraturi
3299 5007 3399 5060 sint
3428 5020 3445 5057 :
3476 5002 3592 5056 nula

2028 5101 2133 5152 lam
2168 5100 2428 5153 invenient
2452 5099 2490 5150 ii
2509 5096 2696 5168 quibus
2715 5096 2879 5150 alium
2898 5093 3064 5146 Deum
3099 5092 3345 5143 inducere
3367 5091 3589 5159 placuit,
