3972 6160
319 286 465 343 1H3

1483 277 1760 334 CONTRA
1800 275 2080 335 CELSUM
2117 273 2246 330 LIB.
2283 270 2376 331 Vl.

3438 269 3593 332 MM

322 385 457 453 ἀλλά
476 397 538 452 τδ
573 388 713 460 εἶδος
726 394 891 449 αὐτοῦ
929 393 1143 463 ἄτιμον,
1177 390 1268 444 καὶ
1307 387 1556 444 ἐκλεῖπον
1589 389 1740 460 παρὰ
1785 387 1908 453 τοὺς

2019 403 2191 461 neque
2222 388 2419 460 gloria,
2453 395 2509 442 et
2541 385 2776 442 vidimus
2813 401 2960 453 eum,
3003 395 3057 442 ct
3087 402 3192 442 non
3228 386 3460 442 habebat
3487 387 3586 443 de-
3639 399 3645 405 '

319 490 468 552 υἱοὺς
496 487 608 542 τῶν
633 484 955 555 ἀνθρώπων.
992 503 1010 534 ι
1046 479 1173 554 Ἀρ*
1207 477 1300 535 οῦν
1332 480 1536 534 τούτων
1582 481 1679 550 μὲν
1713 481 1742 532 ὁ
1768 479 1907 532 Κέλ-

321 599 410 645 σος
437 581 652 652 ἤκουεν,
680 578 802 633 ἐπεὶ
830 576 966 647 ᾤετο
986 574 1134 643 αὑτῷ
1161 574 1406 645 χρήσιμα
1431 569 1566 625 εἶναι
1585 574 1664 635 εἰς
1693 570 1752 622 τὸ
1776 587 1908 623 κατ-

317 669 634 741 ηγορεῖσθαι
677 668 771 721 τὸν
809 666 1033 738 Ἰησοῦν·
1065 665 1246 718 οὐκέτι
1275 664 1330 716 δὲ
1371 663 1641 736 προσέσχε
1670 663 1783 722 τοῖς
1815 659 1906 712 λε-

319 759 570 829 γομένοις
601 761 658 811 ὲν
681 742 1106 826 τεσσαρακοστῷ
1127 754 1372 824 τετάρτῳ
1391 752 1590 823 ψαλμῷ
1621 750 1754 821 (1'9),
1784 749 1906 802 τίνα

319 850 518 919 τρόπον
559 849 796 916 λέγεταιο
832 867 849 898 ι
895 847 1203 916 Περίζωσαι
1251 844 1347 915 τὴν
1385 843 1659 914 ῥομφαίαν
1691 858 1783 893 σου
1815 838 1909 892 ἐπὶ

318 942 411 994 τὸν
459 940 630 1012 μηρόν
679 956 795 1004 σου,
828 938 1038 993 δυνατέ.
1091 939 1170 1008 Τῇ
1210 935 1501 1006 ὡραιότητί
1544 951 1636 986 σου
1691 935 1785 1016 καὶ
1831 929 1909 1000 τῷ

321 1031 506 1084 κάλλει
550 1048 642 1084 σου
665 1032 761 1084 καὶ
795 1030 1029 1083 ἕντεινον
1059 1028 1192 1100 (20),
1216 1028 1312 1081 καὶ
1344 1025 1652 1086 κατευοδοῦ,
1689 1026 1783 1080 καὶ
1814 1026 1910 1096 βα-

321 1123 520 1174 σίλευε.
561 1140 579 1172 ι

394 1213 572 1264 Ἔστω
637 1211 696 1264 δὲ
767 1211 839 1281 μὴ
903 1209 1266 1278 ἀνεγνωκέναι
1333 1207 1493 1262 αὑτὸν
1557 1209 1655 1276 τὴν
1704 1224 1911 1280 προφη-

319 1304 489 1367 τείαν,
521 1304 554 1372 ἢ
582 1303 926 1371 ἀνεγνωκότα
960 1299 1359 1372 περιεσπᾶσθαι
1408 1301 1512 1352 ὑπὸ
1557 1299 1666 1352 τῶν
1701 1317 1911 1370 παρερ-

325 1393 663 1462 μηνευόντων
704 1393 895 1462 αὐτὴν,
929 1393 1002 1454 ὡς
1036 1391 1094 1444 οὐ
1131 1391 1259 1462 περὶ
1298 1390 1471 1462 Ἰησοῦ
1497 1391 1734 1462 Χριστοῦ
1771 1410 1909 1464 προ-

321 1483 718 1553 φητευομένην·
746 1483 797 1534 τί
819 1485 979 1552 φήσει
1016 1483 1125 1552 (2|)
1155 1484 1246 1536 ml.
1275 1484 1404 1554 περὶ
1429 1483 1522 1535 τοῦ
1550 1484 1904 1552 Εὐαγγελίου,

320 1577 378 1626 ὲν
410 1567 474 1641 ᾧ,
498 1575 703 1638 ἀναϐὰς
726 1577 805 1638 είς
821 1575 1022 1646 ὑψηλὸν
1065 1576 1210 1647 ὄρος,
1267 1575 1661 1648 μετεμορφώθη
1701 1577 1909 1650 ἔμπρο-

323 1664 447 1719 σθεν
461 1665 572 1718 τῶν
601 1665 878 1734 μαθητῶν,
905 1667 1000 1720 καὶ
1017 1666 1172 1737 ὤφθη
1198 1669 1253 1719 ἐν
1272 1667 1395 1738 δόξῃ
1417 1684 1430 1733 ;
1450 1668 1537 1720 ὅτε
1560 1668 1654 1720 καὶ
1669 1669 1907 1740 Μωῦσῆς

2009 496 2215 547 corem,
2277 493 2454 549 neque
2507 477 3012 547 pulchritudinem;
3061 479 3156 534 sed
3209 479 3419 549 species
3468 477 3590 547 ejus

2008 571 2290 633 indecora.
2323 578 2378 623 et
2408 568 2669 625 deﬁciens
2699 583 2812 637 prae
2849 567 2976 624 ﬁliis
3001 570 3278 624 hominum
3310 570 3376 624 ⁸ο.
3411 588 3430 622 ι
3463 569 3591 625 Haec

2009 661 2219 715 audivit
2256 659 2466 723 Celsus,
2499 659 2629 728 quia
2663 658 2768 713 sibi
2816 658 2884 712 ad
2915 658 3358 713 calumniandum
3401 658 3589 716 Jesum

2013 749 2168 803 utilia
2213 762 2336 803 esse
2362 749 2721 808 videbantur;
2767 763 3111 817 nequaquam
3142 759 3321 802 autem
3361 752 3592 805 attendit

2011 840 2078 892 ad
2111 840 2209 893 ista
2243 839 2440 907 psalmi
2465 855 2634 894 xuv:
2673 857 2692 890 ι
2734 839 3040 909 Accingere
3077 839 3258 909 gladio
3303 841 3472 911 690
3499 853 3591 896 tuo

2010 943 2176 998 super
2222 928 2398 982 femur
2434 937 2608 997 tuum,
2643 939 2860 1000 potens.
2894 931 3086 999 Specie
3119 940 3213 984 tua
3243 941 3299 986 et
3348 933 3592 1001 pulchri-

2015 1022 2198 1077 tudine
2218 1029 2330 1086 tua,
2361 1021 2604 1089 intende,
2638 1037 2899 1092 prospere
2931 1023 3166 1093 procede
3190 1032 3248 1078 et
3277 1025 3528 1094 regna“.
3564 1043 3584 1077 ι

2085 1203 2173 1259 76.
2201 1203 2330 1258 Esto
2364 1219 2494 1259 vero
2529 1213 2630 1260 aut
2671 1221 2777 1260 non
2805 1207 2946 1261 hanc
2975 1207 3169 1276 legerit
3210 1208 3590 1278 prophetiam,

2011 1303 2104 1348 aut
2131 1295 2328 1363 legerit
2350 1295 2596 1364 quidem,
2633 1296 2726 1350 sed
2756 1297 3016 1366 deceptus
3039 1297 3204 1352 fuerit
3230 1298 3298 1352 ab
3326 1299 3592 1368 imperitis

2014 1387 2412 1454 interpretibus
2441 1387 2534 1455 qui
2582 1387 2730 1441 illam
2763 1390 2830 1442 ad
2862 1387 3049 1442 Jesum
3099 1389 3377 1458 pertinere
3423 1406 3590 1462 nega-

2014 1485 2136 1530 rent
2166 1494 2179 1530 :
2214 1475 2345 1546 quid
2379 1476 2446 1530 de
2480 1477 2776 1548 Evangelia
2808 1479 2953 1533 dicet
3002 1477 3090 1532 ubi
3153 1489 3412 1533 narratur
3447 1481 3492 1513 ⁶²
3536 1483 3588 1535 in

2014 1575 2251 1621 montem
2274 1567 2554 1622 excelsum
2606 1571 2944 1638 ascendisse,
2973 1570 3392 1641 transﬁguratus
3423 1571 3593 1628 fuisse

2012 1673 2198 1710 coram
2229 1658 2516 1726 discipulis
2553 1668 2609 1713 et
2659 1661 2809 1715 visus
2866 1663 3030 1716 fuisse
3066 1661 3120 1715 in
3153 1661 3346 1732 gloria,
3397 1663 3489 1717 ubi
3539 1672 3595 1718 et

321 1756 417 1808 καὶ
463 1756 646 1819 Ἠλίας
671 1756 923 1823 ὀφθέντες
958 1759 1014 1809 ὲν
1039 1757 1167 1828 δόξῃ
1206 1777 1224 1808 ‹
1255 1757 1438 1825 ἔλεγον
1462 1759 1561 1830 τὴν
1592 1757 1768 1822 ἔξοδον
1813 1761 1908 1813 αὐ-

2019 1747 2230 1817 llloyses
2256 1760 2312 1804 et
2351 1749 2500 1806 Elias
2535 1750 2636 1803 visi
2669 1751 2720 1804 in
2753 1752 2925 1821 gloria
2969 1771 2988 1802 ο
3027 1753 3284 1806 dicebant
3310 1767 3594 1808 excessum

321 1843 438 1910 τοῦ,
471 1843 749 1915 ἣνοέμελλε
775 1843 1014 1914 πληροῦν
1034 1847 1092 1897 ὲν
1130 1846 1498 1917 Ἰερουσαλήμ.
1535 1867 1553 1897 ›
1592 1849 1662 1900 ’Ἠ
1689 1847 1782 1901 ἐὰν
1808 1847 1906 1918 μὲν

321 1936 606 2007 προφήτης
637 1934 792 2006 λέγῃ,
820 1954 839 1986 ‹
873 1935 1098 2006 Εἴδομεν
1128 1937 1308 2000 αὐτὸν,
1326 1938 1420 1990 καὶ
1451 1939 1552 1991 οὐκ
1571 1933 1714 2009 εἶχεν
1745 1935 1904 2004 εἶδος,

321 2028 440 2081 οὐδὲ
461 2027 676 2090 κάλλος,
722 2046 741 2078 ι
771 2027 864 2079 καὶ
900 2027 967 2080 τὰ
1005 2027 1154 2096 ἐξῆςο
1187 2027 1281 2080 καὶ
1302 2029 1334 2081 ὁ
1365 2027 1574 2092 Κέλσος
1607 2030 1908 2101 παραδέχε-

321 2134 412 2170 ται
461 2116 559 2186 τὴν
594 2115 928 2187 προἌ-τείαν
973 2114 1174 2184 ταύτην
1204 2115 1297 2167 ἐπὶ
1321 2115 1413 2168 τὸν
1451 2114 1659 2187 Ἰησοῦν
1705 2117 1908 2185 ἀναφέ-

323 2207 532 2277 ρεσθαι,
578 2205 902 2275 τυφλώττων
933 2206 1060 2277 περὶ
1096 2206 1193 2276 τὴν
1223 2205 1536 2276 παραδοχὴν
1561 2204 1655 2258 τοῦ
1678 2206 1910 2276 λεγομέ-

322 2315 436 2360 νου,
487 2297 582 2350 καὶ
612 2297 710 2368 οὐχ
739 2297 903 2369 ὁρῶν,
935 2298 1016 2349 ὅτι
1050 2296 1257 2368 μεγάλη
1307 2297 1616 2366 κατασκευή
1651 2300 1765 2349 ἐστι
1813 2297 1907 2350 τοῦ

319 2387 411 2441 τὸν
441 2389 686 2460 ἄμορφον
718 2383 857 2441 εἶναι
889 2385 1147 2440 δοκοῦντα
1191 2384 1395 2454 Ἰησοῦν
1428 2384 1554 2437 Υἰὸν
1592 2382 1730 2438 εἶναι
1752 2384 1909 2448 Θεοῦ,

322 2483 384 2536 τὸ
413 2484 517 2553 πρὸ
530 2481 738 2536 πολλῶν
767 2480 875 2552 (‘22)
913 2480 1048 2534 ὲτῶν
1069 2479 1170 2548 τῆς
1205 2478 1470 2546 γενέσεως
1503 2477 1666 2530 αὐτοῦ
1707 2493 1913 2548 προπε-

325 2573 626 2644 φητεῦσθαι
672 2573 767 2626 καὶ
810 2573 937 2642 περὶ
980 2558 1074 2623 τοῦ
1106 2570 1279 2631 εἴδους
1331 2568 1514 2621 αὐτοῦ·
1549 2569 1643 2621 ἐὰν
1675 2570 1730 2622 δὲ
1757 2569 1912 2632 ἄλλος

325 2666 608 2736 προφήτης
639 2664 948 2734 ὡραιότητα
977 2664 1071 2715 καὶ
1105 2661 1298 2724 κάλλος
1330 2656 1469 2714 εἶναι
1492 2661 1624 2733 λέγῃ
1656 2662 1784 2732 περὶ
1816 2662 1912 2715 αὐ-

325 2757 437 2822 τὸν,
466 2756 646 2808 οὐκέτι
673 2754 917 2824 βούλεται
946 2754 1043 2825 τὴν
1069 2751 1403 2824 προφητείαν
1435 2753 1514 2816 εἰς
1529 2751 1573 2804 Χ
1583 2753 1763 2822 ριστὸν
1799 2753 1908 2824 (25)

324 2852 721 2922 ἀναφέρεσθαι;
747 2852 857 2904 Καὶ
879 2853 925 2904 εξ
947 2853 1044 2921 μὲν
1080 2849 1265 2919 σαφῶς
1287 2846 1353 2922 ἦν
1383 2851 1490 2903 ἀπὸ
1531 2852 1638 2902 τῶν
1663 2850 1907 2918 Εὐαγγε-

326 2946 453 2999 λίων
471 2947 672 3010 λαϐεῖν,
703 2947 805 3008 ὅτι,
843 2963 860 2995 ι
892 2945 1005 2997 Οὐκ
1034 2940 1176 3013 εἶχεν
1209 2939 1368 3007 εἶδος,
1387 2944 1506 2996 οὐδὲ
1536 2943 1749 3008 κάλλος,
1775 2942 1911 2997 ἀλλὰ

329 3038 389 3090 τὸ
420 3033 559 3101 εἶδος
593 3036 756 3090 αὐτοῦ
808 3038 999 3106 ἄτιμον
1046 3033 1134 3109 ἦν,
1175 3037 1266 3090 καὶ
1298 3035 1546 3089 ἐκλεῖπον
1595 3035 1743 3107 παρὰ
1787 3037 1911 3099 τοὺς

327 3129 474 3191 υἱοὺς
527 3129 633 3180 τῶν
685 3125 1004 3199 ἀνθρώπων·
1062 3149 1079 3178 ι
1116 3129 1260 3181 εἴποι
1307 3127 1371 3181 ἄν
1417 3144 1519 3190 τις,
1575 3128 1632 3178 οὐ
1671 3127 1810 3180 κατά
1849 3125 1910 3179 τὸ

328 3219 660 3288 προφητικὸν
684 3219 964 3289 εἰρηκέναι
985 3203 1159 3272 ταῦτα
1183 3219 1275 3272 τὸν
1317 3220 1545 3280 Κέλσον,
1585 3217 1720 3270 ἀλλὰ
1768 3216 1912 3271 κατὰ

325 3309 388 3362 τὸ
419 3309 769 3376 εὐαγγελικόν
988 3311 1106 3362 νυνὶ
1146 3310 1222 3376 δὲ,
1249 3309 1373 3362 οὔτε
1401 3310 1506 3363 τῶν
1541 3309 1908 3377 Εὐαγγελίων,

329 3397 442 3450 ἀλλ’
471 3398 592 3450 οὐδὲ
619 3397 726 3450 τῶν
752 3399 1064 3451 ἀποστόλων
1113 3399 1505 3468 ἐμφαινόντων,
1535 3400 1614 3452 ὅτι
1643 3399 1740 3452 οῦκ
1768 3395 1912 3468 εἶχεν

329 3484 489 3552 εἶδος,
515 3489 634 3542 οὐδὲ
661 3489 876 3551 κάλλος,
907 3489 1095 3557 σαφὲς,
1120 3490 1201 3542 ὅτι
1227 3489 1287 3541 τὸ
1314 3490 1420 3542 ἀπὸ
1445 3490 1541 3560 τῆς
1577 3491 1910 3560 προφητείας

327 3579 692 3648 ἀναγκάζεται
744 3580 1166 3652 παραδέχεσθαι,
1218 3581 1293 3642 ὼς
1339 3580 1733 3651 ἀληθευόμενον
1785 3580 1912 3650 περὶ

327 3672 585 3744 Χριστοῦο
613 3673 749 3741 ὅπερ
772 3672 950 3726 οὐκέτι
985 3672 1271 3743 ἐπιτρέπει
1298 3671 1396 3734 τὰς
1420 3671 1548 3741 περ)⁹
1577 3669 1752 3742 Ἰησοῦ
1777 3687 1912 3724 κατ-

327 3766 556 3838 ηγορίας
587 3766 918 3837 προϐαίνειν.

415 3858 581 3912 Πάλιν
634 3875 692 3911 τε
745 3853 810 3911 αὖ
864 3860 891 3910 ὁ
946 3857 1154 3924 λέγων,
1194 3877 1213 3909 ι
1249 3855 1465 3928 Ἐπειδὴ
1511 3855 1650 3909 θεῖον
1699 3855 1914 3927 πνεῦμα

326 3945 394 4021 ἦν
422 3951 477 4004 ὲν
503 3948 730 4019 σώματι,
763 3949 977 4012 πάντως
1001 3949 1396 4019 παραλλάττειν
1419 3949 1549 4001 αὐτὸ
1573 3949 1681 4001 τῶν
1711 3948 1911 4002 λοιπῶν

329 4039 553 4111 ἐχρῆνῆ
589 4039 728 4091 κατὰ
760 4038 1008 4108 μέγεθος,
1049 4039 1082 4108 ἢ
1134 4038 1339 4106 φωνὴν,
1376 4037 1409 4106 ἢ
1453 4037 1642 4108 ἀλκὴν,
1674 4037 1707 4107 ἢ
1751 4039 1914 4091 κατά-⁸

330 4131 544 4202 πληξιν,
598 4130 630 4200 ἢ
667 4129 856 4182 πειθώ·
907 4149 926 4180 ι
964 4129 1082 4192 πῶς
1110 4131 1208 4199 οὐχ
1259 4128 1404 4200 ἑώρα
1432 4129 1492 4181 τὸ
1535 4129 1909 4198 παραλλάττον

329 4223 422 4276 τοῦ
456 4222 704 4292 σώματος
734 4221 896 4274 αὐτοῦ
929 4221 1063 4291 πρὸς
1094 4221 1156 4273 τὸ
1184 4223 1294 4283 τοῖς
1325 4219 1491 4288 ὁρῶσι
1529 4219 1772 4283 δυνατὸν,
1819 4221 1913 4273 καὶ

328 4315 416 4368 διὰ
450 4313 608 4366 τοῦτο
639 4315 928 4384 χρήσιμον,
964 4312 1170 4364 τοιοῦτο
1206 4311 1548 4380 φαινόμενον,
1593 4311 1775 4362 ὁποῖον
1809 4310 1912 4364 ἔδει

2015 1839 2158 1908 ejus,
2189 1854 2352 1909 quem
2380 1840 2754 1910 completurus
2784 1851 2904 1896 erat
2930 1841 2984 1896 in
3011 1841 3318 1899 Jerusalem
3345 1844 3430 1899 "7
3463 1863 3482 1897 ›
3510 1848 3596 1899 Αιι

2015 1948 2136 1988 cum
2179 1933 2444 2002 propheta
2476 1933 2651 1990 dicit:
2687 1952 2706 1985 ι
2749 1934 2994 1991 Vidimus
3025 1952 3146 1992 eum
3182 1948 3374 1994 etnon
3426 1939 3596 1994 hahe-

2017 2025 2111 2080 bat
2158 2025 2435 2089 decorem,
2461 2038 2638 2091 neque
2682 2025 3143 2096 pulchritudinem
3172 2028 3242 2094 “,
3281 2049 3300 2081 ι
3343 2039 3477 2096 etc.,
3503 2031 3597 2086 atl-

2019 2113 2190 2170 mittit
2219 2113 2412 2169 Celsus
2453 2114 2600 2169 hanc
2631 2115 2975 2183 prophetiam
3011 2115 3078 2171 ad
3123 2116 3308 2172 Jesum
3347 2129 3596 2188 spectare

2020 2204 2354 2278 (quanquam
2380 2221 2556 2260 caecus
2587 2220 2715 2269 erga
2744 2206 2903 2276 hujus
2930 2209 3032 2263 loci
3065 2209 3595 2280 interpretationem,

2017 2311 2124 2351 non
2161 2297 2310 2351 videt
2342 2312 2541 2366 magno
2573 2307 2897 2377 argumento
2921 2315 3041 2354 esse
3067 2298 3254 2355 Iesum
3298 2301 3468 2366 illum,
3501 2302 3595 2371 qui

2015 2388 2282 2444 deformis
2315 2390 2630 2453 videbatur,
2683 2388 2776 2444 Dei
2810 2405 2931 2446 esse
2979 2391 3201 2458 Filium,
3233 2393 3376 2462 quod
3408 2393 3596 2447 multis

2016 2488 2312 2548 antequam
2373 2490 2692 2534 nasceretur
2719 2481 2882 2534 annis
2911 2483 3227 2550 prmdictum
3265 2483 3434 2538 fuerit
3486 2497 3597 2553 qua

2017 2564 2190 2620 forma
2224 2566 2442 2622 futurus
2470 2566 2668 2637 esset);
2698 2584 2822 2622 eum
2860 2576 2988 2625 v'ero
3015 2571 3154 2626 alter
3183 2573 3447 2643 propheta
3473 2586 3598 2642 spe-

2016 2658 2101 2711 cie
2137 2658 2285 2712 illum
2316 2667 2370 2712 et
2395 2658 2797 2727 pulchritudine
2827 2662 3110 2730 praeditum
3140 2678 3261 2718 esse
3284 2664 3597 2728 dicit,hanc

2018 2749 2360 2818 prophetiam
2389 2750 2456 2804 ad
2478 2750 2756 2805 Christum
2791 2752 2998 2808 referre
3027 2770 3131 2807 non
3162 2756 3308 2810 vult?
3337 2755 3392 2809 Si
3422 2756 3600 2810 Evano

2018 2840 2158 2910 gelia
2180 2839 2327 2894 clare
2347 2842 2724 2910 exprimerent
2758 2862 2776 2895 ‹
2811 2844 3016 2899 nullum
3045 2845 3189 2901 illius
3232 2846 3402 2902 fuisse
3434 2851 3597 2904 decu-

2017 2947 2132 2987 rcm
2169 2941 2264 2986 aut
2308 2933 2789 3002 pulchritudinem,
2830 2935 2924 2991 sed
2977 2935 3207 2991 formam
3263 2939 3386 3008 ejus
3417 2941 3594 3012 inglo-

2020 3026 2154 3078 riam
2186 3024 2352 3080 fuisse
2374 3037 2428 3080 ct
2451 3028 2795 3083 deﬁcientem
2821 3044 2930 3097 prae
2961 3030 3086 3086 liliis
3116 3032 3458 3101 hominum,n
3480 3036 3595 3090 hare

1939 3087 1980 3145 ο
2015 3115 2200 3170 dicere
2225 3115 2348 3184 quis
2385 3129 2566 3186 posset
2596 3134 2624 3171 a
2651 3119 2810 3184 Celso
2840 3137 2944 3174 non
2969 3135 3034 3174 ex
3080 3122 3380 3191 prophetis,
3404 3087 3500 3180 sed
3528 3143 3596 3180 ex

2017 3206 2328 3278 Evangeliis
2360 3210 2552 3264 hausta
2594 3211 2790 3278 fuisse;
2819 3229 2945 3270 cum
2988 3223 3172 3268 autem
3215 3231 3316 3270 nec
3351 3217 3596 3288 Evange-

2016 3297 2086 3351 lia
2117 3313 2216 3353 uec
2251 3299 2481 3368 apostoli
2512 3302 2794 3358 declarent
2818 3305 3021 3360 nullam
3050 3307 3125 3360 illi
3159 3306 3327 3363 fuisse
3357 3313 3594 3380 speciem

2013 3399 2068 3443 et
2121 3391 2624 3459 pulchritudinem,
2675 3397 2899 3453 evidens
2949 3406 3035 3453 est
3083 3400 3202 3469 cogi
3254 3401 3472 3457 Celsum
3528 3405 3596 3459 ad

2016 3483 2388 3539 conﬁtendum
2444 3488 2789 3555 prophetiam
2839 3489 2983 3543 hanc
3027 3493 3078 3544 in
3132 3492 3348 3547 Christo
3406 3496 3598 3565 imple-

2017 3587 2126 3630 tam
2161 3577 2329 3633 fuisse
2364 3596 2375 3631 :
2413 3579 2466 3635 id
2503 3582 2648 3649 quod
2681 3581 2798 3649 ejus
2829 3581 2897 3636 de
2919 3581 3048 3636 Jesu
3085 3584 3390 3642 calumnias
3417 3591 3594 3658 repri—

2016 3667 2137 3722 mit.

2087 3845 2176 3902 77.
2201 3846 2436 3904 Rursum
2472 3862 2596 3903 cum
2624 3848 2756 3907 dicit
2787 3867 2801 3905 :
2848 3870 2868 3906 ι
2899 3853 3167 3922 Quoniam
3204 3858 3420 3915 divinus
3465 3860 3594 3932 Spi-

2021 3941 2158 3995 ritus
2191 3940 2246 3994 in
2277 3955 2511 4012 corpore
2537 3953 2680 4012 erat,
2710 3945 2934 4001 omnino
2977 3950 3214 4017 oportuit
3254 3951 3402 4005 illum
3434 3963 3598 4009 cmle-

2015 4033 2092 4087 ris
2120 4042 2381 4102 praestare
2405 4038 2908 4109 autmagnitudine,
2935 4049 3030 4095 aut
3054 4056 3208 4108 voce,
3243 4053 3336 4097 aut
3365 4044 3596 4109 viribus,

2015 4134 2111 4180 aut
2139 4127 2447 4197 majestate,
2499 4140 2595 4185 aut
2624 4132 2970 4202 eloquentia;
3014 4154 3033 4186 ›
3067 4135 3340 4203 quomodo
3374 4151 3482 4190 non
3513 4138 3599 4190 vi-

2015 4217 2095 4270 dit
2119 4234 2315 4288 c0rptts
2348 4220 2475 4275 illud
2509 4223 2610 4277 hoc
2637 4226 2852 4278 caneris
2884 4225 3294 4290 antecelluisse,
3326 4227 3470 4292 quod
3496 4242 3596 4296 pro

2017 4309 2278 4377 cujusque
2327 4321 2491 4380 captu
2544 4323 2599 4367 et
2623 4323 2786 4380 prout
2809 4315 2938 4369 utile
2975 4324 3115 4383 erat,
3155 4314 3262 4368 tale
3290 4315 3595 4382 videretur,

331 4403 545 4474 ἑκάστῳ
569 4403 859 4473 βλέπεσθαι
881 4419 892 4464 ;
928 4403 1039 4455 Καὶ
1063 4402 1123 4455 οὐ
1156 4401 1486 4471 θαυμαστὸν,
1504 4401 1600 4470 τὴν
1626 4400 1908 4471 φύσει(25)

2019 4401 2178 4470 quale
2199 4401 2429 4472 singulis
2462 4404 2631 4458 videri
2666 4405 2992 4473 oportebat?
3020 4405 3204 4475 Neque
3230 4421 3359 4462 vero
3395 4408 3592 4462 mirttm

328 4498 567 4567 τρεπτὴν
601 4496 694 4549 καὶ
726 4495 1040 4564 ἀλλοιωτὴν,
1070 4493 1162 4547 καὶ
1194 4495 1274 4556 είς
1310 4492 1484 4545 πάντα
1527 4491 1563 4544 ἃ
1619 4490 1864 4561 βούλεται
1887 4495 1914 4546 ὁ

329 4587 656 4659 δημιουργὸς
685 4587 815 4658 ῦλην
863 4586 1220 4658 μεταϐλητὴν,
1271 4586 1365 4637 καὶ
1409 4585 1603 4663 πάσης.
1628 4585 1912 4654 ποιότητος

332 4679 396 4748 ἢν
419 4682 446 4733 ὁ
471 4680 720 4750 τεχνίτης
756 4677 1001 4749 βούλεται
1033 4676 1307 4747 δεκτικὴν,
1346 4675 1436 4728 ὁτὲ
1465 4675 1560 4745 μὲν
1588 4674 1731 4745 ἔχειν
1769 4674 1914 4726 ποιό-

333 4785 486 4838 τητα,
535 4770 655 4824 καθ’
703 4769 768 4840 ἣν
801 4767 1017 4835 λέγεται
1053 4765 1273 4834 (26)τὸ,,
1303 4783 1320 4816 ‹
1358 4765 1493 4817 ὐὑκ
1545 4761 1692 4834 εἶχεν
1748 4759 1907 4828 εἶδος,

332 4859 453 4913 οὐδὲ
502 4859 712 4924 κάλλος·
767 4880 785 4910 ι
847 4859 936 4912 ὁτὲ
981 4859 1036 4910 δὲ
1099 4857 1270 4920 οῦτως
1327 4854 1534 4920 ἔνδοξον
1597 4855 1692 4908 καὶ
1733 4872 1910 4909 κατα-

404 4998 450 5028 ⁶⁶
480 4998 581 5052 lsa.
609 5011 727 5060 Llll,
763 4997 816 5062 l,
844 4996 908 5061 2,
943 4997 996 5051 5.
1093 4994 1134 5027 ⁶¹
1169 4993 1311 5050 Psal.
1347 5009 1494 5060 xmv,
1523 4993 1579 5062 4,
1611 4995 1664 5052 5.

335 5068 381 5101 ⁸⁸
409 5067 542 5123 Ibid.

403 5212 524 5285 (l9),
547 5213 787 5285 Ψαλμῷ.
832 5213 959 5266 Post
986 5213 1131 5285 hanc
1160 5228 1346 5269 vocem
1402 5213 1553 5267 addit
1582 5213 1900 5282 Philocalia,

330 5283 419 5355 τῷ
438 5283 577 5355 ὑπὲρ
591 5283 700 5355 ,τοῦ
729 5283 1031 5355 ἀγαπητοῦ.

404 5355 514 5436 (αθ)
545 5351 775 5418 Philoc.,
804 5351 1294 5436 evastve..ll‘tnseh.,
1321 5351 1759 5436 {vsstvat._Pattlg
1785 5365 1905 5423 post

330 5421 561 5487 Philoc.,
597 5423 992 5494 περιεσπᾶσθαι
1019 5423 1123 5494 ὑπὸ
1153 5421 1277 5473 τῶν.
1339 5421 1610 5476 Haaschel.
1643 5434 1697 5477 et
1727 5421 1903 5494 Spen-

332 5512 465 5556 cer.,
495 5491 864 5563 περισπᾶσθαι
895 5494 999 5546 ὑπὸ
1033 5491 1160 5544 τῶν.

403 5562 515 5633 (⁸21)
549 5562 781 5628 Philoc.,
819 5564 969 5634 φησί.

401 5632 509 5722 (22)
544 5634 774 5722 Philoct
801 5632 950 5722 μέγαΙ
965 5635 1031 5704 τῇ
1058 5633 1364 5722 κατασκευῇ
1391 5632 1900 5722 ὲστιὶτοητὸν

329 5703 426 5765 φον
457 5703 592 5759 εἶναι
623 5703 878 5758 δοκοῦντα
915 5703 1120 5773 Ἰησοῦν
1156 5703 1278 5756 Υίὸν
1311 5703 1445 5758 εἶναι
1483 5703 1640 5767 Θεοῦ,
1669 5703 1766 5758 καὶ
1796 5703 1902 5775 πρὸ

1770 4995 1814 5027 ⁶²
1847 4994 2039 5053 Matth.
2093 5011 2228 5062 xvn,
2261 4997 2288 5050 1
2325 5005 2380 5052 et
2403 5013 2559 5068 seqq.

2019 4499 2103 4546 est
2132 4491 2396 4558 materiae,
2421 4507 2562 4560 quae,
2589 4502 2648 4546 ut
2680 4492 2958 4548 Conditori
2985 4493 3131 4558 libet,
3161 4496 3214 4550 in
3245 4497 3428 4551 omnia
3454 4497 3594 4553 verti

2018 4593 2074 4636 et
2123 4583 2322 4636 mutari
2363 4593 2543 4653 potest
2584 4600 2911 4655 omnemque
2956 4602 3054 4656 pro
3085 4588 3314 4644 artiﬁcis
3366 4589 3597 4646 arbitrio

2019 4673 2337 4743 qualitatem
2371 4677 2639 4745 accipere,
2675 4676 2836 4732 modo
2888 4679 3106 4747 quidem
3157 4679 3336 4735 inesse
3362 4679 3597 4750 qualita-

2021 4774 2126 4818 tem
2161 4779 2282 4834 quae
2328 4764 2538 4820 dederit
2593 4767 2768 4822 locum
2831 4767 3092 4824 dicendi:
3132 4786 3152 4821 ι
3185 4769 3305 4826 Non
3357 4770 3595 4826 habebat

1972 4846 1978 4852 ’
2019 4856 2271 4911 decorem
2293 4871 2466 4926 neque
2483 4857 2952 4928 pulchritudinem
2970 4860 3038 4928 ⁸⁸,
3063 4878 3082 4913 ι
3103 4860 3263 4917 modo
3287 4871 3466 4919 autem
3483 4871 3593 4917 tam

2665 4997 2709 5029 ⁸⁸
2736 4995 2870 5052 Luc.
2899 5012 2977 5065 ιι,
3005 4998 3096 5055 51.
3175 4999 3221 5039 ⁸⁸
3255 4999 3359 5056 lsa.
3383 5015 3503 5063 Llll,
3531 4999 3586 5053 2.

2014 5215 2245 5270 πολλῶν.
2276 5225 2384 5270 etc.

2083 5231 2456 5410 fﬁvbﬁiféc"
2487 5287 2566 5350 εἰς
2607 5287 2816 5358 Ἰησοῦν
2844 5287 3094 5358 Χριστόν.
3157 5285 3322 5339 Paulo
3350 5292 3470 5351 post
3498 5297 3588 5339 ca-

2084 5373 2131 5410 m
2209 5357 2398 5410 hi‘loc..
2441 5357 2634 5410 ἄτιμον
2680 5359 2926 5410 ἐκλεῖπον
2958 5353 3111 5410 παρὰ
3139 5356 3263 5410 τοὺς
3288 5353 3435 5410 υἱοὺς
3479 5353 3588 5410 τῶν

2012 5353 2131 5410 dem
2166 5353 2425 5426 Philoc.,_
2441 5357 2634 5426 ἄτιμον
2671 5353 2926 5410 ’ἐκλεῖπον
2958 5353 3111 5426 παρά
3139 5356 3263 5417 τοὺς
3288 5353 3435 5419 υἱοὺς
3479 5353 3588 5410 τῶν

2011 5425 2311 5490 ἀνθρώπων
2328 5443 2341 5456 ο
2375 5423 2525 5480 εἶπεν
2537 5423 2615 5480 ’ἄν
2641 5444 2745 5490 τις.

2082 5491 2192 5568 (‘24)
2218 5495 2615 5568 Philoc.,idtitldt
2650 5496 2788 5549 κατὰ
2811 5496 2871 5548 τὸ
2900 5491 3250 5568 Εῦαγγέλιον.

2081 5562 2190 5635 (25)
2223 5567 2563 5621 Haeschelius
2597 5567 2648 5618 in
2685 5575 2854 5635 textu,
2890 5563 3072 5633 φύσιν,
3105 5562 3268 5618 male.

2082 5634 2193 5708 (26)
2222 5636 2454 5702 Philoc.,
2484 5634 2750 5687 λέλεκται.
