3972 6160
418 263 557 323 lli-l5

1861 260 2018 318 ORIC
2026 261 2181 317 ENIS

3547 265 3691 324 1416

359 371 362 374 ’
413 384 770 455 splendidam.
806 386 1125 455 stupendam
1178 391 1341 453 atque
1368 382 1767 450 admirabilem,
1797 392 1856 437 ut
1878 393 1969 439 tre:

2096 379 2399 452 πληκτικὴν
2451 379 2543 434 καὶ
2589 378 2929 452 θαυμαστὴν,
2979 381 3054 444 ὼς
3112 378 3206 434 ἐπὶ
3254 378 3544 451 πρόσωπον
3590 399 3690 436 m-

414 475 642 546 apostoli
667 475 760 543 qui
790 490 915 529 cum
941 475 1071 530 Jesu
1093 474 1453 530 ascenderant
1473 483 1528 529 et
1556 481 1721 527 tantae
1747 473 1986 543 pulchri-

413 566 617 621 tudinis
642 566 857 620 fuerant
883 575 1242 634 spectatores,
1269 565 1324 619 in
1345 565 1542 620 faciem
1569 565 1898 635 prociderint
1916 564 1983 618 ".

410 655 610 713 Verum
643 657 757 713 haec
786 667 844 711 ut
867 667 921 712 et
949 666 1144 712 caetera
1165 673 1284 728 qua:
1311 658 1376 712 de
1394 657 1520 712 Jesu
1543 667 1832 711 narrantur
1857 671 1986 726 pro-

411 751 554 822 digia
591 767 688 822 pro
721 749 994 820 figmentis
1027 751 1270 816 habebit,
1307 760 1361 805 et
1407 751 1540 805 nihil
1573 766 1602 804 a
1654 749 1851 806 fabulis
1895 751 1984 806 di-

411 857 569 896 versa
600 856 719 897 esse
767 843 948 898 dicet:
981 841 1259 913 quodjam
1295 858 1458 912 supra
1505 842 1692 898 multis
1721 842 1985 897 refutavi-

409 943 550 983 mus.
581 927 701 983 Jam
734 945 863 984 vero
910 931 963 986 in
1023 933 1124 986 bac
1156 933 1404 987 doctrina
1451 934 1582 1002 quid
1614 948 1874 988 arcanum
1902 942 1986 988 est

409 1035 514 1089 quo
535 1021 794 1075 docemur
827 1023 1006 1077 varias
1021 1022 1180 1094 691
1209 1021 1333 1078 Jesu
1367 1023 1570 1079 formas
1600 1025 1983 1093 intelligendas

407 1126 530 1166 esse
559 1115 625 1166 de
649 1113 817 1166 divini
855 1114 1010 1168 Verbi
1043 1124 1258 1179 natura,
1291 1130 1411 1184 quae
1443 1129 1550 1170 non
1602 1116 1790 1170 eadem
1825 1117 1982 1186 vulgo

406 1211 630 1270 apparet
657 1213 818 1273 atque
847 1204 914 1258 iis
945 1205 1035 1274 qui
1069 1207 1120 1260 in
1172 1216 1409 1262 montem
1448 1208 1726 1262 excelsum
1765 1223 1794 1261 a
1827 1209 1983 1262 nobis

402 1293 727 1362 explicatum
763 1296 916 1364 sequi
953 1295 1083 1351 illud
1113 1307 1357 1367 possunt.
1392 1299 1492 1366 Qui
1521 1299 1663 1356 enim
1689 1301 1865 1354 adhuc
1898 1301 1982 1353 in-

406 1385 487 1440 fra
519 1394 664 1450 sunt,
695 1388 926 1443 necdum
954 1390 1252 1444 ascendere
1281 1392 1478 1460 parati,
1519 1405 1649 1462 erga
1683 1391 1816 1446 istos
1845 1390 1979 1446 Ver-

401 1475 532 1531 bum
563 1477 766 1532 nullum
819 1480 1094 1546 decorem,
1150 1480 1355 1536 nullam
1408 1481 1571 1537 habet
1620 1482 1983 1553 pulchritudi-

401 1582 560 1635 nem;
601 1585 724 1623 nam
769 1585 896 1639 erga
925 1571 1192 1642 ejusmodi
1228 1574 1478 1629 homines
1506 1573 1681 1629 forma
1722 1575 1868 1630 illius
1898 1577 1983 1628 iu-

402 1657 574 1728 gloria
608 1669 693 1714 est
721 1669 776 1715 et.
823 1659 1050 1716 inferior
1083 1664 1456 1728 sermonibus,
1497 1665 1589 1733 qtti
1623 1679 1690 1718 ex
1741 1666 1986 1719 homini.

2095 473 2207 523 σεῖν
2250 473 2377 534 τοὺς
2423 471 2620 534 θεατὰς
2665 470 2758 524 τοῦ
2817 471 3136 541 τηλικούτου
3192 469 3440 534 κάλλους,
3495 487 3689 525 συναν-

2093 559 2345 624 ελθόντας
2401 560 2478 630 τῷ
2531 560 2707 631 Ἰησοῦ
2761 563 2910 631 τρεῖς
2978 561 3326 624 ἀποστόλους,
3383 561 3522 615 Ἀλλ’
3571 562 3688 634 ἐρεῖ

2091 648 2241 703 ταῦτ’
2271 646 2408 704 εἷναι
2468 650 2780 720 πλάσματα,
2815 650 2908 703 καὶ
2972 649 3158 721 μύθων
3207 649 3358 702 οὐδὲν
3404 649 3686 718 διαφέρον-

2092 757 2180 805 τα,
2234 743 2312 804 ὡς
2368 743 2461 795 καὶ
2516 742 2584 794 τά
2639 741 2802 794 λοιπά
2858 741 2968 794 τῶν
3027 741 3156 813 περὶ
3210 740 3387 812 Ἰησοῦ
3445 742 3687 812 παραδό-

2094 834 2218 899 ξων*
2271 837 2364 887 καὶ
2409 835 2546 906 πρὸς
2591 834 2710 888 τόδε
2746 835 2842 904 μὲν
2879 830 2972 887 οὖν
3023 833 3112 886 διά
3157 833 3417 887 πλειόνων
3463 836 3521 887 ἐν
3571 837 3684 897 τοῖς

2091 928 2198 998 πρὸ
2226 928 2430 981 τούτων
2478 927 2956 998 ἀπελογησάμεθα.
3007 927 3160 996 Ἔχει
3191 926 3249 980 δέ
3286 943 3338 979 τι
3369 927 3465 980 καὶ
3493 944 3682 997 μυστι-

2091 1021 2185 1074 κὸν
2213 1020 2322 1092 (27)
2337 1024 2364 1074 ὁ
2379 1021 2554 1089 λόγος,
2578 1019 2937 1088 ἀπαγγέλλων
2951 1019 3050 1082 τὰς
3072 1017 3167 1070 τοῦ
3194 1017 3371 1089 Ἰησοῦ
3391 1018 3680 1088 διαφόρους

2094 1110 2307 1181 μορφὰς
2348 1109 2460 1180 (28)
2500 1107 2869 1178 ἀναφέρεσθαι
2912 1109 3006 1160 ἐπὶ
3049 1107 3144 1178 τὴν
3187 1106 3282 1159 τοῦ
3331 1107 3474 1159 θείου
3506 1107 3680 1175 Λόγου

2091 1200 2271 1269 φύσιν,
2307 1202 2403 1271 οὐχ
2451 1201 2652 1272 ὁμοίως
2697 1200 3024 1270 φαινομένου
3072 1201 3184 1262 τοῖς
3229 1216 3289 1250 τε
3335 1198 3546 1261 πολλοῖς
3586 1199 3680 1250 καὶ

2089 1295 2201 1355 τοῖς
2253 1291 2564 1345 ἀκολουθεῖν
2611 1292 2759 1363 αὐτῷ
2797 1295 2876 1355 είς
2920 1290 3120 1360 ὑψηλὸν
3181 1290 3210 1342 ὃ
3257 1288 3676 1359 ἀποδεδώκαμεν

2089 1384 2213 1455 ὄρος
2238 1383 2558 1454 δυναμένοις
2579 1401 2592 1413 ·
2624 1387 2738 1447 τοῖς
2771 1384 2869 1456 μὲν
2890 1383 3000 1455 γὰρ
3029 1382 3111 1435 ἔτι
3140 1381 3291 1435 κάτω
3320 1381 3670 1450 τυγχάνουσι,

2091 1477 2184 1530 καὶ
2217 1476 2441 1547 μηδέπω
2468 1477 2561 1529 ἐπὶ
2593 1476 2654 1529 τὸ
2687 1475 2999 1529 ἀναϐαίνειν
3039 1475 3603 1546 παρεσκευασμένοις,
3646 1477 3676 1528 ὁ

2089 1568 2260 1638 Λόγος
2291 1569 2390 1621 οὐκ
2417 1568 2530 1638 ἔχει
2557 1562 2715 1633 εἶδος,
2743 1568 2863 1621 οὐδὲ
2878 1567 3074 1629 κάλλος
3093 1583 3106 1595 ·
3124 1565 3185 1618 τὸ
3205 1565 3315 1636 γάρ
3345 1561 3485 1628 εἶδος
3512 1563 3673 1618 αὐτοῦ

2088 1663 2201 1722 τοῖς
2238 1660 2500 1723 τοιούτοις
2549 1659 2698 1711 ἐστὶν
2731 1659 2931 1729 ἄτιμον
2961 1659 3053 1711 καὶ
3083 1657 3334 1710 ἐκλεῖπον
3361 1655 3514 1727 παρά
3549 1657 3673 1720 τοὺς

402 1751 505 1805 bus
551 1751 822 1815 oriuntur,
855 1766 1090 1823 eamque
1135 1755 1206 1809 ob
1239 1769 1466 1810 causam
1513 1757 1566 1808 in
1602 1755 1707 1810 illis
1748 1755 1969 1826 figurate

2083 1754 2188 1807 ὑπὸ
2232 1751 2534 1824 ἀνθρώπων
2578 1751 2978 1823 γεγενημένους
3041 1751 3253 1818 λόγους,
3297 1749 3575 1820 τροπικῶς
3617 1750 3674 1802 ἐν

400 1841 506 1911 ﬁlii
537 1844 807 1899 hominum
841 1856 1127 1901 vocantur.
1159 1845 1226 1900 Et
1252 1847 1473 1918 quidem
1511 1847 1620 1902 dici
1650 1857 1832 1916 potest
1860 1847 1980 1916 phi-

400 1932 749 2002 losophorum
775 1950 1074 2002 sermones,
1104 1937 1196 2007 qui
1226 1937 1320 1991 filii
1343 1937 1624 1993 hominum
1647 1947 1792 2004 sunt,
1809 1939 1979 1993 multo

398 2026 755 2092 spcciosiores
778 2042 902 2082 esse
937 2043 1191 2083 sermone
1235 2030 1351 2093 Dei,
1379 2029 1494 2098 qui,
1528 2044 1653 2084 cum
1685 2029 1848 2098 vulgo
1876 2045 1974 2083 an.

396 2115 699 2183 nuntiatur,
745 2137 764 2168 ι
809 2119 1094 2174 stultitiam
1132 2121 1546 2190 praedicationis
1572 2122 1615 2153 ⁸⁷
1657 2139 1673 2173 ι
1709 2123 1973 2188 exhibet,

393 2216 448 2261 et.
482 2208 687 2263 idcirco
717 2209 896 2263 locum
929 2213 1130 2280 prteth
1165 2212 1306 2265 hanc
1340 2229 1359 2262 ι
1394 2211 1679 2266 stultitiam
1713 2213 1975 2282 [medica-

396 2303 564 2359 tionis
605 2321 623 2355 ι
680 2305 856 2358 solam
917 2307 1292 2374 spectantibus
1344 2307 1559 2361 dicendi
1604 2324 1616 2358 :
1663 2326 1682 2359 ‹
1735 2308 1974 2362 Vidimus

393 2410 516 2448 eum
556 2406 611 2449 et
638 2411 745 2450 non
791 2397 1029 2452 habebat
1064 2397 1345 2464 decorem,
1396 2413 1572 2467 neque
1610 2399 1975 2468 pulchritudi—

393 2498 513 2536 nem
542 2484 606 2537 ⁸⁸.
643 2503 661 2535 ι
701 2483 806 2539 Sed
832 2501 960 2556 erga
1004 2501 1098 2541 cos
1125 2487 1215 2554 qui
1244 2490 1312 2542 ad
1347 2487 1496 2541 illum
1521 2489 1858 2557 sequendum
1887 2489 1972 2543 vel

390 2591 513 2631 cum
545 2576 595 2630 in
619 2577 890 2632 excelsum
920 2589 1156 2635 montem
1185 2581 1601 2636 ascenditvires
1619 2590 1971 2649 acceperunt,

391 2667 715 2722 diviniorem
777 2666 1010 2723 formam
1065 2671 1247 2725 habet.
1301 2670 1451 2726 Ilanc
1507 2670 1969 2741 coutemplantur,

389 2757 502 2825 qui,
533 2767 594 2811 ut
625 2757 837 2820 Petrus,
872 2758 1168 2813 Ecclesiam
1199 2776 1227 2812 a
1267 2759 1448 2815 Verbo
1481 2761 1801 2814 redilicatam
1829 2762 1881 2814 in
1913 2775 1972 2814 se

389 2852 592 2905 habent
625 2851 711 2917 ⁶⁰;
766 2853 857 2921 qui
902 2854 1170 2923 ejusmodi
1209 2854 1454 2907 habitum
1513 2863 1972 2923 comparaverunt

390 2951 448 2994 ut
494 2942 640 2995 nulla
675 2943 836 2997 inferi
888 2954 1044 3012 porta
1096 2945 1387 3014 prmvaleat
1425 2945 1686 3000 adversus
1721 2961 1847 3009 eos;
1877 2945 1967 3012 qui

389 3049 483 3102 per
529 3033 764 3088 Verbum
813 3036 1037 3089 exaltati
1089 3037 1292 3088 fuerint
1329 3037 1394 3090 de
1442 3037 1618 3104 portis
1664 3037 1878 3096 mortis,
1911 3044 1968 3087 ut

2082 1845 2291 1910 τούτοις
2349 1845 2716 1916 καλουμένους
2777 1845 2948 1910 υἱοὺς
2996 1843 3340 1911 ἀνθρώπων.
3408 1841 3673 1912 Εἶποιμεν

2084 1939 2193 2008 (‘29)
2221 1938 2330 2009 γὰρ
2375 1937 2439 1991 ἂν
2487 1936 2666 2007 πολλῷ
2698 1935 3063 2006 ὡραιοτέρους
3091 1933 3376 2004 φαίνεσθαι
3409 1933 3538 1995 τοὺς
3565 1933 3674 1986 τῶν

2082 2031 2516 2100 φιλοσοφούντων
2558 2029 2771 2097 λόγους,
2812 2027 2971 2089 ὄντας
2999 2027 3148 2090 υἱοὺς
3166 2025 3468 2096 ἀνθρώπων
3485 2065 3500 2088 ,
3521 2025 3673 2096 παρά

2078 2127 2170 2179 τὸν
2201 2129 2313 2187 τοῖς
2352 2124 2566 2185 πολλοῖς
2601 2139 2669 2191 κη
2681 2119 3008 2191 ρυσσόμενον
3039 2117 3174 2169 Θεοῦ
3195 2117 3372 2186 λόγον,
3393 2117 3452 2179 ὃς
3481 2115 3673 2186 ἐμφαί-

2077 2235 2156 2270 νει
2183 2217 2277 2269 καὶ
2307 2235 2325 2266 ι
2354 2215 2568 2287 μωρίαν
2608 2211 2992 2283 κηρύγματος⁸
3030 2227 3048 2260 ι
3069 2209 3163 2262 καὶ
3193 2209 3283 2261 διὰ
3302 2207 3399 2278 τὴν
3412 2207 3671 2277 ἐμφαινο-

2081 2308 2248 2378 μένην
2305 2325 2324 2358 ι
2389 2305 2599 2377 μωρίαν
2647 2302 2742 2356 τοῦ
2815 2301 3172 2372 κηρύγματος
3239 2319 3257 2350 ι
3311 2299 3561 2368 λέγουσιν
3619 2301 3672 2352 οἱ

2076 2398 2234 2452 τοῦτο
2284 2400 2442 2471 μόνον
2479 2393 2807 2467 θεωροῦντες
2830 2409 2842 2423 '
2895 2413 2912 2444 ι
2970 2392 3200 2462 Εῖδομεν
3227 2391 3409 2455 αὐτὸν,
3443 2391 3538 2443 καὶ
3569 2391 3670 2444 οὐκ

2077 2486 2220 2562 εἶχεν
2248 2487 2407 2557 εἶδος,
2438 2489 2559 2543 οὐδὲ
2600 2488 2810 2549 κάλλος.
2865 2506 2882 2536 ι
2937 2486 3062 2548 Τοῖς
3124 2484 3308 2555 μέντοι
3358 2483 3671 2537 ἀκολουθεῖν

2076 2583 2226 2654 αὐτῷ
2255 2583 2483 2653 δύναμιν
2529 2579 2845 2651 ἀνειληφόσι
2882 2577 3018 2648 πρὸς
3058 2576 3118 2629 τὸ
3153 2577 3382 2630 ἕπεσθαι
3412 2577 3506 2630 καὶ
3533 2578 3665 2629 ἀνα-

2076 2674 2314 2728 ϐαίνοντι
2344 2672 2493 2741 αὐτῷ
2522 2675 2600 2735 είς
2631 2672 2692 2724 τὸ
2721 2669 2924 2741 ὑψηλὸν
2965 2669 3090 2740 ὅρος
3126 2668 3402 2741 θειοτέραν
3451 2669 3665 2740 μορφὴν

2075 2765 2188 2836 ἔχει
2209 2785 2222 2797 ο
2261 2767 2329 2835 ἣν
2367 2766 2675 2836 βλέπουσιν,
2707 2761 2761 2815 εἴ
2788 2761 2873 2824 τίς
2901 2762 3018 2814 ἐστι
3051 2760 3256 2834 Πέτρος
3285 2761 3542 2831 χωρήσας
3565 2760 3662 2831 τὴν

2073 2858 2173 2928 τῆς
2238 2857 2562 2926 Ἐκκλησίας
2605 2859 2662 2908 ἐν
2705 2852 2885 2923 ἐαυτῷ
2923 2851 3035 2923 (50)
3086 2852 3374 2922 οἰκοδομὴν
3430 2851 3537 2905 ἀπὸ
3566 2850 3663 2904 τοῦ

2074 2949 2279 3017 Λόγου·
2332 2949 2426 3000 καὶ
2475 2946 2742 3015 τοσαύτην
2787 2945 2899 3009 ἕξιν
2933 2941 3239 3007 ἀναλαϐὼν,
3275 2942 3351 3006 ὡς
3398 2942 3664 3013 μηδεμίαν

2075 3039 2250 3110 πύλην
2297 3039 2425 3109 ᾅδου
2479 3037 2826 3107 κατισχύσειν
2874 3034 3071 3089 αὐτοῦ’
3113 3033 3418 3104 ὑψωθέντος
3445 3034 3533 3088 διὰ
3568 3035 3662 3088 τοῦ

387 3124 714 3176 annuntient
765 3137 956 3177 omnes
989 3125 1331 3178 laudationes
1390 3124 1481 3177 Dei
1539 3125 1592 3176 in
1637 3124 1808 3191 portis
1845 3124 1969 3178 filiae

2078 3102 2246 3197 Λόγου
2293 3102 2404 3199 (51)
2437 3130 2499 3180 ὲκ
2540 3102 2654 3180 τῶν
2664 3102 2879 3180 ⁷πυλῶν
2923 3126 3020 3180 τοῦ
3067 3102 3298 3190 θανάτου
3323 3149 3362 3192 ,·
3391 3128 3542 3190 ὅπως
3594 3126 3662 3180 ἂν

387 3216 518 3270 Sion
556 3217 637 3280 7°;
663 3221 780 3269 'aut
815 3215 981 3269 etiam
1022 3215 1089 3280 ii,
1133 3214 1330 3283 quibus
1372 3214 1632 3268 nativitas
1663 3215 1856 3284 obtigit
1901 3231 1965 3267 ex

387 3307 568 3362 verbis
600 3321 802 3375 magna
839 3321 970 3361 voce
1003 3306 1270 3376 praeditis,
1308 3315 1364 3360 et
1415 3305 1611 3374 quibus
1652 3305 1784 3358 nihil
1814 3306 1968 3360 deest

387 3409 445 3453 ut
469 3398 564 3453 filii
591 3398 817 3453 tonitrui
846 3399 975 3452 sint.
1012 3395 1118 3452 Sed
1147 3397 1291 3452 unde
1315 3397 1473 3453 Celso
1496 3396 1772 3465 Verbique
1798 3397 1966 3451 divini

386 3489 632 3546 hostibus
686 3503 785 3541 nec
840 3489 1120 3558 religionis
1155 3487 1490 3542 Christiana:
1545 3488 1798 3555 dogmata
1833 3501 1968 3541 cau-

385 3583 510 3636 dide
555 3581 932 3636 scrutantibus
980 3581 1224 3634 venisset
1269 3581 1321 3631 in
1370 3586 1606 3633 mentem
1653 3591 1762 3645 quo
1803 3576 1968 3630 varia)

384 3673 511 3728 Jesu
536 3673 722 3729 formae
744 3672 1091 3740 pertineant?
1114 3687 1214 3740 ego
1231 3681 1411 3724 autem
1443 3669 1584 3724 addo
1599 3669 1764 3724 etiam
1791 3669 1967 3721 :etatis

383 3765 607 3834 gradus,
659 3775 712 3816 et
743 3778 862 3830 qua:
893 3771 1183 3830 antequam
1242 3769 1523 3829 pateretur
1565 3768 1618 3812 et
1657 3773 1778 3827 quae
1815 3768 1964 3827 post-

384 3868 551 3923 quam
579 3851 876 3907 t'esarrexit
906 3865 968 3904 ex
1013 3851 1265 3913 mortuis,
1296 3849 1489 3918 gessit.

459 4119 547 4182 78.
575 4123 892 4193 Sequuntur
928 4124 1042 4179 haec
1070 4125 1210 4193 apud
1240 4121 1458 4178 Celsum
1491 4139 1506 4175 :
1553 4139 1571 4174 ι
1611 4121 1882 4178 Praeterea
1917 4121 1963 4176 si

387 4219 550 4282 Deus,
578 4230 636 4274 ut
668 4218 881 4288 Jupiter
911 4217 1214 4283 conimdire,
1268 4215 1433 4286 longe
1470 4230 1665 4271 somno
1715 4229 1964 4283 experre-

381 4323 503 4367 ctus
556 4313 856 4366 humanum
916 4324 1088 4380 genus
1122 4309 1190 4363 ab
1247 4309 1423 4378 ipsius
1457 4308 1617 4363 malis
1666 4309 1960 4362 iiberatum

381 4403 622 4468 volebat,
672 4417 932 4471 quorsum
971 4402 1122 4455 illum
1177 4415 1343 4470 quem
1388 4399 1571 4454 dicitis
1611 4399 1876 4468 Spiritum
1909 4399 1959 4451 in

381 4510 548 4549 unum
583 4505 744 4549 terra:
775 4494 1029 4562 angulum
1075 4492 1266 4546 misit?
1294 4489 1551 4560 Oportult
1578 4490 1746 4545 simili
1799 4491 1961 4544 modo

384 4585 663 4642 insuﬂlare
691 4585 839 4638 illum
879 4586 932 4638 iu
965 4584 1135 4636 multa
1167 4597 1402 4652 corpora
1431 4590 1486 4636 et
1541 4584 1592 4634 in
1644 4582 1958 4636 universum

381 4681 569 4734 orbem
619 4677 891 4730 emittere.
931 4677 999 4728 At
1023 4675 1327 4737 contmdus,
1363 4673 1501 4727 utin
1535 4673 1755 4727 theatro
1784 4673 1958 4726 risqu

381 4770 670 4831 excitaret,
707 4767 924 4835 scripsit
947 4766 1274 4820 Mercurium
1312 4765 1380 4819 ab
1411 4764 1800 4835 expergefacta
1825 4763 1957 4818 Jove

384 4860 610 4913 missum
631 4857 698 4912 ad
726 4858 1086 4912 Athenienses
1111 4865 1168 4912 et
1195 4856 1633 4913 Lacedmmonios
1664 4855 1831 4910 fuisse
1855 4872 1870 4921 ;
1903 4865 1959 4909 tu

462 5021 506 5054 “
532 5021 722 5077 Matth.
752 5037 888 5090 xvn,
915 5022 970 5076 6.
1049 5022 1091 5056 ⁶⁷
1126 5023 1148 5077 Ι
1179 5022 1304 5078 Cor.
1344 5039 1383 5088 ι,
1420 5024 1511 5078 21.

440 5186 569 5273 ν(27)
597 5184 934 5243 Hceschelius
979 5197 1032 5241 et
1062 5186 1320 5258 Spencer.
1357 5187 1408 5240 iu
1443 5187 1708 5256 margine,
1768 5203 1958 5258 μυστι-

384 5273 926 5398 ἾΧιαςρόρους
946 5327 1199 5398 μορφάς.
1242 5326 1378 5398 Vide
1406 5326 1502 5398 lib.
1530 5343 1592 5391 ll,
1618 5343 1767 5382 num.
1793 5327 1884 5380 65.

432 5397 886 5482 ⁸(⁸21)..)Ριιὶιοίέιιιη
936 5397 1180 5470 εἴπομεν.
1248 5397 1428 5453 Mallet
1456 5397 1706 5463 Guietus,
1754 5398 1959 5451 εἴποιεν

385 5469 494 5540 γὰρ
531 5469 616 5533 ἄν,
650 5479 758 5525 etc.
1070 5469 1076 5470 ⁷

459 5540 569 5611 (50)
597 5540 821 5605 Ρὴί1‹ιο.,
851 5538 1046 5611 ἐαυτῷ.
1078 5538 1352 5595 Hoeschel.
1381 5549 1435 5594 et
1463 5537 1748 5611 Spencer.,
1786 5537 1955 5608 αὐτῷ.

460 5609 571 5679 (51)
599 5611 700 5662 Διὰ
733 5611 836 5664 τοῦ
867 5609 1072 5680 λόγου.
1135 5612 1227 5666 Sic
1277 5621 1422 5665 recte
1470 5609 1628 5665 codd.
1659 5611 1857 5680 Regius
1906 5617 1959 5663 et

391 5674 732 5768 Basileensis.
783 5674 1121 5758 lloescheliius
1146 5691 1352 5747 autem,
1389 5681 1698 5751 Spencerus
1742 5674 1798 5738 Et
1825 5680 1957 5734 Phi-

1589 5023 1632 5055 ⁶⁸
1667 5023 1775 5078 lsa.
1809 5039 1930 5091 LIII,
1962 5023 2017 5076 2.

2071 3219 2361 3290 ἐξαγγείλῃ
2392 3219 2570 3282 πάσας
2616 3220 2714 3282 τὰς
2757 3219 2994 3282 αἱνέσεις
3027 3218 3124 3272 τοῦ
3159 3219 3294 3273 Θεοῦ
3327 3221 3384 3274 ἐν
3415 3221 3535 3282 ταῖς
3561 3219 3662 3272 πύ-

2071 3313 2188 3375 λαις
2211 3312 2313 3381 τῆς
2341 3313 2608 3382 θυγατρὸς
2637 3311 2805 3365 Σιών·
2842 3312 2938 3365 καὶ
2976 3312 3029 3365 εἴ
3049 3313 3192 3375 τινές
3227 3314 3364 3365 εἰσιν
3395 3314 3460 3365 ὲκ
3491 3311 3664 3378 λόγων

2068 3404 2166 3475 τὴν
2211 3404 2425 3471 γένεσιν
2482 3403 2740 3476 λαχόντες
2798 3403 3219 3474 μεγαλοφώνων,
3274 3404 3470 3466 οἵτινες
3508 3402 3663 3457 οὐδὲν

2070 3494 2390 3548 ἀποδέουσιν
2422 3493 2526 3546 υἱοὶ
2556 3494 2656 3563 τῆς
2693 3493 2923 3564 βροντῆς
2959 3493 3070 3562 (52)
3107 3489 3265 3544 εἶναι.
3312 3491 3469 3543 ’Λλλά
3496 3491 3664 3544 πόθεν

2080 3582 2274 3652 Κέλσῳ
2302 3583 2396 3636 καὶ
2427 3587 2539 3646 τοῖς
2569 3583 2783 3652 ἐχθροῖς
2806 3581 2897 3635 τοῦ
2931 3581 3073 3634 θείου
3095 3581 3290 3647 Λόγου,
3310 3582 3404 3632 καὶ
3437 3582 3511 3651 μὴ
3543 3581 3668 3650 φιλ·-

2072 3674 2286 3747 αλήθως
2315 3675 2384 3727 τὰ
2410 3677 2452 3727 Χ
2463 3673 2840 3745 ριστιανισμοῦ
2859 3672 3196 3735 ὲξετάσασιν,
3228 3671 3500 3723 εἰδέναιτὸ
3531 3674 3662 3742 βού-

2071 3762 2219 3832 λημα
2248 3762 2356 3815 τῶν
2379 3763 2648 3832 διαφόρων
2669 3761 2763 3813 τοῦ
2797 3758 2972 3831 Ἰησοῦ
3010 3759 3230 3830 μορφῶν
3251 3776 3265 3824 ;
3288 3759 3399 3828 ἐγὼ
3427 3760 3483 3812 δὲ
3516 3760 3668 3830 λέγω

2066 3856 2160 3906 καὶ
2190 3853 2432 3924 ἡλικιῶν,
2467 3854 2557 3905 καὶ
2589 3852 2715 3904 εἴτι
2748 3851 2854 3904 τῶν
2882 3853 2989 3925 πρδ
3030 3852 3122 3905 τοῦ
3157 3851 3350 3905 παθεῖν
3379 3851 3528 3922 αύτῷ
3559 3870 3660 3906 πε-

2067 3944 2416 4015 πραγμένων,
2470 3945 2562 3997 καὶ
2615 3943 2723 3996 τῶν
2777 3945 2914 4015 μετά
2967 3947 3027 3998 τὸ
3063 3944 3361 4013 ἀναστῆναι
3410 3944 3518 3997 ἀπὸ
3549 3945 3662 3997 τῶν

2064 4035 2296 4107 νεκρῶν.

2149 4125 2308 4197 Ἑξῆς
2361 4127 2417 4179 δέ
2471 4125 2696 4180 τοιαῦτά
2732 4142 2852 4180 τινα
2913 4127 3062 4194 λέγει
3123 4128 3152 4178 ό
3209 4126 3446 4189 Κέλσος·
3511 4147 3529 4176 ι
3576 4126 3658 4180 ἐτι

2069 4221 2178 4292 μὴν
2209 4221 2367 4291 εἴπερ
2398 4220 2651 4273 ἐϐούλετο
2687 4223 2715 4274 ό
2751 4220 2903 4282 Θεὸς,
2953 4219 3140 4291 ὥσπερ
3179 4221 3207 4271 ό
3253 4219 3401 4290 παρὰ
3443 4220 3520 4289 τῷ
3550 4236 3656 4272 κω-

2069 4312 2230 4384 μῳδῴ
2258 4313 2410 4375 Ζεὺς,
2435 4313 2501 4364 ἐκ
2520 4312 2616 4364 τοῦ
2644 4313 2856 4384 μακροῦ
2887 4312 3056 4368 ὕπνου
3083 4313 3363 4373 διυπνίσας
3392 4309 3656 4381 ῥύσασθαι

1995 4435 2038 4489 D
2066 4403 2127 4455 τὸ
2150 4401 2259 4455 τῶν
2287 4400 2590 4473 ἀνθρώπων
2613 4403 2770 4470 γένος
2797 4404 2860 4456 ἐκ
2889 4404 3074 4458 κακῶν
3094 4421 3105 4433 ·
3131 4403 3182 4455 τί
3202 4402 3399 4472 δήποτε
3423 4401 3501 4464 είς
3530 4397 3657 4470 μίαν

2068 4495 2272 4562 γωνίαν
2317 4492 2527 4565 έπεμψε
2555 4495 2724 4570 ’τοῦτο
2767 4497 2796 4548 ὅ
2844 4514 2980 4564 φατε
3023 4496 3244 4565 Πνεῦμα
3269 4511 3281 4558 ;
3311 4493 3441 4546 Δέον
3486 4490 3656 4545 πολλά

2068 4587 2272 4657 ὁμοίως
2339 4587 2670 4658 διαφυσήσαι
2749 4587 2977 4658 σώματα
3003 4627 3017 4649 ,
3109 4588 3202 4640 καὶ
3273 4585 3414 4640 κατά
3476 4587 3654 4636 πᾶσαν

2070 4677 2388 4730 ἀποστεῖλαι
2435 4680 2535 4748 τὴν
2575 4681 2915 4750 οἰκουμένην.
2963 4679 3091 4734 Ἀλλ’
3120 4680 3147 4731 ὁ
3177 4679 3274 4748 μὲν
3302 4675 3561 4746 κωμῳδὸς
3598 4677 3650 4727 ἐκ

2067 4769 2146 4839 τῷ
2185 4767 2398 4840 θεάτρῳ
2426 4770 2804 4838 γελωτοποιῶν
2853 4771 3208 4840 συνέγραψεν,
3249 4770 3329 4822 ὅτι
3355 4769 3490 4830 Ζεὺς
3535 4766 3654 4830 ἐξυ-

2069 4857 2311 4922 πνισθεὶς
2362 4859 2664 4928 ’Λθηναίοις
2701 4861 2794 4913 καὶ
2837 4861 3281 4932 Λακεδαιμονίοις
3303 4860 3394 4914 τὸν
3441 4857 3654 4929 Ἑρμῆν

2097 5024 2140 5054 θθ
2175 5023 2364 5078 Matth.
2396 5039 2506 5088 XVI,
2535 5025 2620 5079 18.
2697 5027 2743 5059 ’¹⁰
2779 5026 2919 5082 Psal.
2953 5043 3029 5090 ix,
3059 5026 3145 5082 15.

2065 5185 2280 5310 letalia,
2311 5187 2401 5241 διὰ
2422 5186 2514 5243 τὸν
2533 5188 2724 5259 Λόγον.
2748 5189 2948 5246 Ibidem
2977 5189 3206 5254 Philoc.,
3235 5188 3380 5254 ὅπως
3399 5187 3467 5242 ἂν
3490 5185 3651 5255 ἐξαγ-

2065 5274 2129 5310 γε
2186 5274 2254 5310 οι.

2104 5274 2254 5312 ειλοι.

2065 5274 2504 5402 T_82§125).Philoc.,
2539 5327 2794 5402 λαχόντες
2846 5328 3264 5402 μεγαλοφώνων,
3299 5327 3505 5402 οἵτινες
3545 5345 3649 5399 μη-

2065 5397 2154 5452 δὲν
2199 5397 2486 5455 ἀποδέουσι
2523 5397 2720 5471 νοητῆς
2744 5397 2990 5524 θέροντῖκ.
3030 5397 3369 5457 Ιῐαξεειιθιίιιε
3392 5415 3447 5483 et
3475 5397 3648 5466 Speu-

2067 5483 2243 5524 cerus.
2274 5471 2547 5524 λαϐόντες.
2584 5473 2756 5524 μεγαλ
2791 5473 2954 5524 ιοωνοί
3003 5490 3167 5524 τινες.
3205 5471 3356 5524 οὐδὲν
3385 5467 3647 5524 ἀποδέου-

2067 5483 2243 5535 certis,
2274 5471 2547 5536 λαϐόντες,
2584 5467 2954 5542 μεγαλόφωνόί
3003 5490 3167 5536 τινες,
3205 5471 3370 5542 οὐδὲν
3385 5467 3647 5542 ἀποδέουτ

2068 5554 2153 5592 σιν
2184 5543 2231 5593 0i
2275 5543 2374 5613 τῆς
2404 5539 2870 5664 βροντῆς,εῑε(ιιιο
2904 5541 3060 5597 codd.
3103 5543 3234 5608 Reg.
3260 5554 3312 5595 et
3341 5539 3505 5594 Basil.
3541 5539 3646 5616 nisi

2068 5611 2210 5664 Quod
2261 5628 2359 5664 ι)το
2407 5629 2435 5664 0
2500 5613 2597 5664 τῆς
2643 5612 2865 5664 Βροντῆς
2900 5613 3101 5664 habent
3134 5611 3238 5664 υἱοὶ
3265 5611 3366 5664 τῆς
3416 5611 3645 5664 Βροντῆς

2068 5611 2210 5695 q'uod
2260 5611 2359 5682 pro
2407 5611 2456 5667 οἱ
2500 5611 2597 5682 τῆς
2643 5612 2865 5683 βροντῆς
2900 5613 3101 5670 habent.
3134 5611 3238 5666 υἱοὶ
3265 5611 3366 5682 τῆς
3415 5611 3645 5682 βροντῆς

2068 5696 2224 5733 ειναι.
2841 5730 2847 5736 .
