3972 6160
356 295 496 352 ΜΠ

1550 295 1830 351 CONTRA
1867 297 2146 354 CELSUM
2180 300 2306 356 LIB.
2352 301 2438 358 Vl.

3463 313 3599 370 MIB

355 413 599 484 ἔπειμιψε.⁹
634 413 698 465 σὺ
725 412 781 466 δὲ
821 413 921 465 οὐκ
962 411 1064 464 οἴει
1108 412 1636 484 καταγελαστότερον
1675 416 1786 484 (55)
1830 433 1908 468 πει

2035 432 2164 471 vero
2197 433 2302 472 non
2341 430 2496 489 putas
2549 429 2597 476 te
2641 422 2812 490 magis
2843 437 2963 478 esse
3019 423 3329 490 ridiculum,
3375 428 3465 497 qui
3503 429 3596 485 Dei

355 505 641 575 ποιηκέναι
667 503 940 565 Ἰουδαίοις
961 503 1310 574 πεμπόμενον
1333 503 1426 557 τοῦ
1441 504 1575 557 Θεοῦ
1600 507 1691 558 τὸν
1718 507 1876 570 Υίόν;
1905 526 1921 557 ι

361 597 500 668 Ὅρα
537 596 601 666 δὴ
633 594 726 648 καὶ
750 596 808 648 ἐν
829 593 1040 657 τούτοις
1062 595 1122 647 τὸ
1147 596 1380 665 ἄσεμνον
1421 595 1771 660 τοῦἭέλσου,
1801 598 1927 665 ἀφι-

356 684 600 754 λοσὸφως
657 683 950 754 κωμῳδίας
1005 685 1234 755 ποιητὴν
1279 684 1634 752 γελωτοποιὸν
1686 685 1928 755 παραλα-

354 777 559 843 ϐόντος,
613 778 706 831 καὶ
750 778 828 848 τῷ
872 777 1002 848 παρ’
1044 777 1194 847 αὐτῷ
1237 777 1596 830 διυπνισθέντι
1654 777 1926 848 πέμποντι

364 867 571 942 Ἑρμῆν
600 868 1035 940 παραϐάλλοντος
1078 869 1169 921 τὸν
1216 868 1310 921 τοῦ
1357 868 1556 932 παντὸς
1598 869 1926 939 δημιουργὸν

354 961 486 1013 Θεὸν
523 961 698 1030 ήμῶν.
747 960 985 1030 Εἴπομεν
1011 958 1121 1029 (54)
1147 958 1208 1029 δὴ
1235 961 1291 1011 ἐν
1316 962 1427 1028 τοῖς
1453 959 1558 1030 πρὸ
1594 960 1819 1021 τούτων,
1844 960 1925 1013 ὅτι

352 1052 451 1121 οὐχ
507 1051 691 1123 ὥσπερ
734 1051 840 1104 ἀπὸ
889 1050 1096 1122 μακροῦ
1152 1049 1320 1103 ὕπνου
1379 1049 1667 1114 διαναστὰς
1723 1052 1750 1104 ὁ
1793 1052 1924 1114 Θεὸς

351 1142 562 1212 ἔπεμψε
603 1141 692 1195 τὸν
746 1142 951 1213 Ἰησοῦν
995 1141 1072 1211 τῷ
1107 1142 1253 1208 γένει
1299 1141 1408 1194 τῶν
1456 1141 1786 1211 ἀνθρώπων,
1826 1143 1924 1212 τὴν

353 1234 454 1305 μὲν
493 1232 632 1286 κατὰ
657 1233 752 1303 τὴν
794 1233 1174 1302 ἐνσωμάτωσιν
1203 1232 1511 1302 οἰκονομίαν
1548 1232 1640 1285 νῦν
1681 1234 1748 1286 δι’
1775 1233 1923 1285 εὐλό-

348 1339 480 1390 γους
514 1323 690 1386 αἰτίας
730 1321 1092 1393 πληρώσαντα
1132 1322 1263 1392 (55),
1291 1323 1378 1376 ἀεὶ
1418 1323 1475 1376 δέ
1522 1322 1583 1376 τὸ
1627 1323 1782 1391 γένος
1812 1323 1919 1378 τῶν

348 1411 650 1482 ἀνθρώπων
693 1411 1142 1483 εὐεργετήσαντα.
1173 1412 1336 1464 Οὐδὲν
1363 1411 1470 1484 γὰρ
1493 1411 1601 1467 τῶν
1628 1414 1685 1466 ἐν
1711 1412 1922 1484 ἀνθρώ-

350 1518 474 1564 ποις
506 1501 685 1554 καλῶν
710 1499 1019 1572 γεγένηται,
1050 1501 1122 1573 μὴ
1148 1501 1239 1554 τοῦ
1267 1501 1409 1556 θείου
1436 1502 1608 1571 Λόγου
1647 1505 1918 1582 ἐπιδημή-

350 1609 540 1655 σαντος
579 1594 698 1654 ταῖς
719 1593 916 1662 ψυχαῖς
938 1592 1046 1646 τῶν
1074 1591 1179 1646 κᾶν
1205 1593 1383 1662 ὀλίγον
1413 1593 1600 1664 καιρὸν
1628 1593 1920 1666 δεδυνημέ-

346 1699 452 1736 νων
486 1683 738 1749 δέξασθαι
771 1684 870 1747 τὰς
893 1684 1103 1737 τοιάσδε
1127 1685 1220 1738 τοῦ
1249 1685 1389 1739 θείου
1418 1686 1588 1754 Λόγου
1615 1687 1910 1759 ἐνεργείας.

357 1773 516 1827 Ἀλλὰ
549 1775 701 1845 καὶὴ
739 1773 968 1827 δοκοῦσα
995 1775 1074 1838 είς
1113 1775 1239 1846 μίαν
1284 1777 1484 1845 γωνίαν
1513 1779 1776 1850 ἐπιδημία
1818 1777 1913 1832 τοῦ

357 1863 530 1934 Ἰησοῦ
553 1864 788 1933 εὐλόγως
810 1865 1129 1935 γεγένηται’
1169 1865 1400 1938 ἐπείπερ
1447 1867 1615 1938 ἐχρῆν
1659 1869 1772 1930 τοῖς
1818 1868 1916 1922 ἕνα

343 1954 474 2008 Θεὸν
514 1956 872 2026 μεμαθηκόσι,
908 1957 1002 2008 καὶ
1037 1957 1163 2020 τοὺς
1209 1959 1495 2028 προφήτας
1530 1957 1693 2012 αὐτοῦ
1726 1959 1915 2027 ἀναγι-

343 2044 665 2115 γνώσκουσι,
691 2048 785 2100 καὶ
826 2048 1228 2118 κηρυσσόμενω
1260 2047 1490 2118 Χριστὸν
1535 2049 1911 2120 μανθάνουσιν,

343 2139 670 2210 ἐπιδημῆσαι
707 2137 796 2191 τὸν
837 2139 1330 2209 προφητευόμενον,
1362 2141 1454 2193 καὶ
1488 2140 1818 2212 ἐπιδημῆσαι
1857 2139 1917 2195 ἐν’

341 2230 538 2301 καιρῷ,
567 2231 644 2284 ὅτ’
675 2229 896 2302 ἔμελλεν
942 2229 1218 2300 ἐκχεῖσθαι
1243 2228 1351 2285 ἀπὸ
1375 2233 1504 2302 μιᾶς
1525 2232 1728 2300 γωνίας
1754 2235 1782 2286 ὁ
1813 2233 1913 2286 Λό-

338 2336 435 2390 γος
461 2321 570 2392 (56)
595 2321 688 2374 ἐπὶ
712 2322 891 2374 πᾶσαν
915 2321 1013 2392 τὴν
1041 2321 1382 2393 οἰκουμένην.

409 2415 500 2468 Διὸ
547 2416 641 2468 καὶ
666 2415 822 2485 χρεία
861 2415 962 2468 οὐκ
1005 2408 1071 2484 ἦν
1120 2414 1291 2468 πολλά
1343 2415 1594 2484 γενέσθαι
1636 2418 1908 2489 πανταχοῦ

339 2501 590 2572 σώματα,
617 2503 710 2556 καὶ
753 2502 922 2556 πολλὰ
961 2503 1220 2571 ἀνάλογον
1246 2503 1324 2574 τῷ
1378 2505 1554 2574 Ἰησοῦ
1602 2505 1904 2576 πνεύματα,

337 2584 426 2645 ἵνα
467 2594 500 2662 ή
538 2595 687 2646 πᾶσα
720 2591 830 2646 τῶν
857 2592 1156 2663 ἀνθρώπων
1198 2594 1489 2666 οἰκουμένη
1533 2597 1774 2667 φωτισθῇ
1830 2597 1908 2666 τῷ

336 2683 495 2753 Λόγῳ
523 2681 616 2734 τοῦ
645 2681 800 2736 Θεοῦ.
857 2683 1054 2753 Ἤρκει
1078 2681 1186 2750 γὰρ
1219 2683 1248 2735 ὁ
1272 2676 1352 2746 εἷς
1389 2683 1580 2751 Λόγος,
1607 2685 1682 2748 ὼς
1710 2685 1910 2739 δικαιο-

338 2772 507 2842 σύνης
540 2772 691 2842 ἥλιος
740 2771 1022 2835 ἀνατείλας
1070 2771 1176 2826 ἀπὸ
1201 2775 1298 2844 τῆς
1346 2773 1596 2838 Ἰουδαίας
1632 2775 1908 2846 ἐκπέμψαι

334 2862 441 2925 τὰς
463 2863 554 2914 ἐπὶ
583 2861 680 2933 τὴν
704 2863 879 2933 ψυχὴν
905 2862 1015 2915 τῶν
1037 2863 1371 2935 βουλομένων
1398 2865 1558 2918 αὐτὸν
1612 2868 1910 2938 παραδέξα-

337 2955 465 3008 σθαι
496 2953 799 3024 φθανούσας
817 2955 1010 3022 αὐγὰς.
1030 2955 1092 3006 Εἰ
1119 2953 1175 3007 δὲ
1201 2955 1294 3007 καὶ
1323 2955 1492 3008 πολλά
1517 2973 1599 3018 τις
1624 2957 1776 3010 ποθεί
1805 2955 1908 3012 σώ-

2029 507 2225 562 Filinm
2272 512 2339 564 ad
2369 509 2582 564 Judaaos
2613 512 2837 567 missum
2870 528 2989 568 esse
3026 516 3347 570 contendis?
3382 536 3400 568 ι
3438 518 3502 572 Ει
3541 521 3596 574 in

2029 599 2114 653 his
2150 600 2380 655 observa
2431 617 2593 670 quam
2648 604 2993 659 inhonestum
3047 615 3100 660 et
3147 608 3471 680 philosopho
3510 612 3595 666 in-

2027 687 2249 758 dignum
2282 691 2353 746 sit
2383 693 2688 748 comoedum
2720 695 2773 748 in
2799 694 3037 749 medium
3065 697 3358 766 adducere,
3395 712 3449 756 et
3472 718 3596 757 cum

2029 777 2183 847 Jove,
2211 783 2298 849 qui
2329 783 2472 852 apud
2503 784 2651 838 illum
2688 786 2855 840 mittit
2887 786 3249 856 Mercurium,
3277 805 3595 860 comparare

2027 868 2194 922 Deum
2229 881 2476 924 nostrum
2498 871 2658 940 hujus
2684 875 3060 932 universitatis
3091 881 3444 936 conditorem.
3471 881 3591 937 Jam

2028 971 2188 1025 supra
2223 959 2459 1014 diximus
2484 976 2512 1013 a
2552 963 2660 1016 Deo
2683 979 2790 1017 non
2823 966 2975 1034 quasi
3003 980 3069 1019 ex
3099 966 3258 1036 longo
3283 983 3476 1025 somno
3499 986 3595 1025 cx-

2027 1048 2194 1102 citato
2227 1047 2294 1102 ad
2331 1050 2626 1102 humanum
2677 1066 2844 1120 genus
2895 1054 3120 1108 missum
3171 1055 3344 1112 fuisse
3373 1057 3590 1122 Jesum,

2022 1136 2184 1207 692
2239 1137 2330 1206 qui
2386 1138 2543 1194 bonis
2581 1141 2648 1194 de
2676 1142 2855 1196 causis
2887 1157 3031 1199 nunc
3058 1145 3275 1214 quidem
3304 1159 3590 1203 exsecutus

2023 1239 2105 1281 est
2136 1227 2530 1286 incarnationis
2558 1231 2870 1296 consilium,
2919 1237 3012 1288 sed
3039 1249 3254 1305 semper
3283 1253 3452 1306 genus
3484 1240 3589 1293 hu-

2025 1331 2242 1371 manum
2275 1318 2559 1375 beneﬁciis
2597 1320 2801 1376 all‘ecit.
2833 1321 2979 1377 Nihil
3003 1325 3145 1378 enim
3190 1327 3316 1381 boni
3342 1328 3394 1380 in
3421 1329 3591 1384 horni-

2022 1408 2182 1463 nibus
2235 1408 2445 1466 factum
2495 1422 2598 1477 est,
2641 1413 2744 1468 nisi
2793 1415 2916 1483 quia
2969 1415 3213 1470 divinum
3249 1416 3480 1473 Verbum
3519 1421 3588 1477 ad

2021 1509 2210 1552 eorum
2268 1501 2480 1558 animas
2526 1504 2779 1570 advenit,
2820 1509 2911 1576 qui
2948 1507 3029 1560 vel
3069 1509 3137 1562 ad
3170 1508 3334 1566 breve
3373 1520 3587 1580 tempus

2019 1597 2312 1656 potuerunt
2344 1591 2442 1648 has
2478 1592 2563 1647 vel
2592 1593 2714 1649 illas
2735 1595 2900 1650 divini
2929 1594 3092 1651 Verbi
3118 1598 3362 1667 recipere
3393 1615 3588 1669 opera-

2025 1678 2223 1733 tiones.
2254 1677 2423 1735 Iustis
2443 1681 2607 1736 etiam
2641 1682 2708 1735 de
2733 1685 2912 1738 causis
2955 1683 3157 1738 factum
3203 1693 3306 1750 est,
3342 1697 3403 1742 ut
3427 1685 3584 1744 Jesus

2020 1766 2074 1820 in
2118 1783 2284 1824 unum
2341 1771 2600 1840 angulum
2647 1773 2910 1828 advenire
2943 1774 3233 1829 videretur.
3287 1776 3586 1847 Oportebat

2017 1858 2186 1926 enim,
2219 1869 2279 1915 ut
2306 1862 2582 1931 quiunum
2607 1863 2776 1918 Deum
2806 1864 2947 1919 docti
2973 1865 3204 1932 fuerant,
3231 1869 3322 1938 qui
3350 1872 3585 1940 prophe-

2020 1957 2100 2002 tas
2137 1949 2254 2017 ejus
2282 1951 2559 2020 legebant,
2591 1954 2978 2026 Christumque
3004 1957 3112 2012 illic
3136 1961 3462 2029 promissum
3488 1979 3587 2017 au-

2017 2040 2258 2107 diebant,
2295 2043 2362 2098 ad
2393 2043 2514 2099 illos
2539 2045 2586 2101 is
2610 2046 2705 2115 qui
2740 2047 3034 2115 praedictus
3078 2048 3256 2106 fuerat
3282 2050 3582 2111 adveniret.

2015 2140 2070 2186 ot
2095 2147 2160 2187 eo
2193 2134 2412 2202 quidem
2449 2143 2714 2206 tempore,
2746 2153 2855 2208 quo
2880 2141 2932 2195 in
2955 2141 3261 2197 universam
3287 2153 3482 2196 terram
3513 2157 3583 2199 ex

2016 2239 2123 2277 uno
2158 2225 2356 2295 angulo
2388 2227 2622 2281 Verbum
2654 2227 2856 2286 eil'undi
2888 2231 3137 2287 debebat.

2081 2407 2170 2462 79.
2207 2409 2390 2477 Itaque
2423 2417 2480 2464 ut
2508 2409 2757 2465 universa
2786 2418 2932 2464 terra
2965 2409 3141 2465 Verbo
3187 2412 3279 2466 Dei
3311 2410 3581 2466 illumina-

2013 2508 2186 2565 retur,
2225 2501 2359 2555 nihil
2411 2515 2633 2556 necesse
2663 2500 2768 2556 fuit
2804 2501 2972 2556 multa
3029 2502 3143 2557 ﬁeri
3176 2518 3407 2571 corpora
3439 2504 3578 2556 mul-

2012 2598 2203 2659 tosque
2237 2592 2459 2660 spiritus
2488 2607 2609 2648 esse
2635 2590 2762 2646 Jesu
2790 2593 3014 2647 similes.
3046 2591 3180 2646 Nam
3205 2592 3336 2648 satis
3370 2603 3490 2648 erat
3521 2605 3577 2649 ut

2011 2696 2176 2735 unum
2211 2682 2469 2749 Verbum,
2498 2682 2589 2752 qui
2609 2683 2688 2736 sol
2720 2683 3064 2752 estjustitize,
3106 2684 3160 2736 in
3185 2683 3366 2739 Iudaea
3393 2687 3577 2740 σκοτία

2010 2782 2184 2839 retur,
2219 2773 2450 2842 hincque
2473 2789 2602 2828 suos
2633 2775 2810 2828 radios
2836 2774 2888 2828 in
2921 2774 3158 2830 animam
3194 2790 3380 2828 eorum
3413 2775 3574 2830 emit-

2011 2872 2182 2929 teret,
2236 2865 2324 2933 qui
2379 2865 2549 2932 ipsum
2593 2865 2880 2918 admittere
2913 2864 3133 2918 vellent.
3166 2863 3320 2930 Quod
3362 2863 3406 2918 si
3449 2866 3574 2931 quis

2009 2955 2176 3008 multa
2205 2969 2433 3022 corpora
2465 2955 2647 3010 videre
2673 2955 2952 3010 desiderat
2999 2954 3184 3011 divino
3215 2954 3424 3028 Spiritu
3471 2954 3574 3007 im-

337 3061 487 3115 ματα
517 3044 918 3116 πεπληρωμένα
945 3045 1086 3097 θείου
1113 3045 1424 3114 Πνεύματος
1471 3047 1616 3108 ίδεῖν,
1649 3047 1908 3116 ἀνάλογον

2016 3046 2154 3113 pleta
2202 3055 2254 3099 et
2287 3045 2568 3100 hominum
2597 3045 2785 3110 saluti,
2835 3046 3292 3116 quemadmodum
3318 3061 3459 3102 unus
3484 3047 3574 3102 illo

331 3135 528 3206 ἐκείνῳ
575 3135 652 3206 τῷ
696 3137 775 3190 ἐνὶ
822 3135 1044 3208 Χριστῷ
1089 3135 1480 3206 διακονούμενα
1527 3139 1591 3208 τῇ
1631 3137 1905 3209 πανταχοῦ

2016 3136 2281 3199 Christus,
2309 3137 2508 3203 ubique
2536 3137 2937 3202 ministrantia;
2967 3136 3277 3191 consideret
3307 3135 3429 3191 illos
3456 3152 3571 3190 om-

330 3225 442 3278 τῶν
489 3226 788 3298 ἀνθρώπων
838 3227 1118 3298 σωτηρίᾳ·
1175 3228 1504 3281 κατανοείτω
1531 3229 1658 3291 τοὺς
1699 3246 1905 3282 παντα-

332 3317 432 3387 χοῦ
464 3316 633 3383 ὑγιῶς
662 3318 756 3370 καὶ
785 3317 923 3387 μετὰ
961 3317 1075 3386 βίου
1102 3318 1261 3389 ὀρθοῦ
1287 3317 1632 3381 διδάσκοντας
1668 3317 1758 3372 τὸν
1801 3320 1905 3390 Ἰη-

334 3404 430 3457 σοῦ
463 3403 638 3472 λόγον,
663 3407 916 3475 χριστοὺς
948 3404 1042 3459 καὶ
1068 3407 1266 3470 αὐτοὺς
1301 3407 1402 3460 ὑπὸ
1432 3407 1540 3459 τῶν
1582 3407 1738 3460 θείων
1767 3408 1906 3479 Γρα-

331 3495 450 3563 φῶν
485 3495 849 3566 καλουμένους
874 3497 933 3550 ἐν
960 3496 1056 3567 τῷο
1105 3515 1124 3548 ι
1159 3497 1249 3567 Μὴ
1279 3496 1512 3549 ἅπτεσθε
1541 3497 1648 3548 τῶν
1672 3497 1906 3566 χριστῶν

332 3603 460 3655 μου,
490 3588 584 3639 καὶ
619 3588 675 3640 ἐν
709 3589 820 3650 τοῖς
860 3588 1163 3658 προφήταις
1207 3603 1308 3659 μου
1339 3588 1413 3657 μὴ
1458 3585 1842 3657 πονηρεύεσθε.
1880 3605 1899 3636 ›

327 3678 440 3731 Καὶ
460 3676 566 3747 γὰρ
591 3677 778 3749 ὥσπερ
801 3678 1132 3748 ἠκούσαμεν,
1161 3677 1240 3730 ὅτι
1277 3677 1637 3748 Ἀντίχριστος
1665 3677 1901 3748 ἔρχεται,

328 3769 426 3821 καὶ
448 3767 598 3820 οὐδὲν
626 3761 788 3838 ἦττον
815 3767 1232 3838 μεμαθήκαμεν,
1263 3768 1344 3820 ὅτι
1370 3767 1699 3839 ἀντίχριστοι
1721 3766 1904 3819 πολλοί

327 3859 471 3909 εἰσιν
511 3856 568 3906 ἐν
595 3855 674 3926 τῷ
711 3855 940 3926 κόσμῳ·
983 3840 1263 3910 τὸνάὐτὸν
1306 3856 1504 3929 τρόπον
1552 3857 1632 3909 ὅτι
1673 3855 1904 3930 Χριστὸς

326 3947 696 4018 ἐπιδεδήμηκε
729 3945 966 4014 γνόντες,
1013 3945 1345 4017 θεωροῦμεν,
1370 3947 1451 4000 ὅτι
1484 3947 1550 3998 δι’
1578 3945 1738 3999 αὑτὸν
1772 3945 1901 3998 πολ-

326 4039 410 4091 λοι
439 4037 660 4106 χριστοὶ,
674 4035 782 4104 (57)
806 4031 1092 4103 γεγόνασιν
1125 4037 1182 4088 ἐν
1211 4036 1288 4105 τῷ
1315 4035 1522 4107 κόσμῳ,
1553 4037 1746 4100 οἵτινες
1773 4035 1903 4089 ἀνά-

326 4131 484 4196 λογον
522 4126 712 4197 ἐκείνῳ
751 4127 1040 4197 ἠγάπησαν
1085 4125 1460 4196 δικαιοσύνην,
1494 4127 1588 4178 καὶ
1635 4127 1903 4196 ἐμίσησαν

328 4218 576 4272 ἀδικίαν·
614 4219 708 4270 καὶ
756 4217 842 4270 διὰ
879 4216 1038 4270 τοῦτο
1074 4216 1257 4287 ἔχρισε
1297 4218 1390 4269 καὶ
1431 4217 1627 4280 αὐτοὺς
1665 4220 1694 4270 ὁ
1738 4217 1896 4284 Θεὸς,

325 4314 356 4364 ὁ
390 4311 522 4373 Θεὸς
552 4310 646 4363 τοῦ
679 4307 937 4380 Χριστοῦ,
966 4308 1131 4378 ἐλαίῳ
1156 4307 1544 4376 ἀγαλλιάσεως.
1591 4307 1728 4360 Ἀλλ’
1757 4308 1900 4362 ἐκεῖ·

2011 3243 2126 3293 nes,
2147 3229 2236 3296 qui
2265 3243 2450 3295 puram
2487 3227 2611 3282 Jesu
2643 3229 2946 3282 doctrinam
2976 3228 3273 3297 praedicant
3305 3226 3575 3295 simulque

2011 3328 2158 3372 recte
2191 3320 2396 3383 vivunt,
2435 3327 2488 3372 et
2509 3332 2645 3386 quos
2680 3319 2874 3372 divina:
2916 3317 3212 3386 Scriptura:
3228 3317 3463 3372 christos
3481 3333 3575 3372 vo-

2008 3418 2134 3462 cant
2159 3396 2244 3461 his
2268 3410 2446 3462 verbis
2479 3425 2492 3461 :
2533 3427 2550 3458 ι
2583 3408 2757 3462 Nolite
2799 3419 3016 3479 tangere
3050 3408 3288 3463 christos
3315 3423 3485 3472 meos,
3520 3418 3572 3463 ct

2008 3498 2062 3551 in
2097 3498 2376 3566 prephetis
2426 3498 2563 3552 meis
2597 3499 2764 3552 nolite
2817 3499 3103 3567 malignari
3128 3498 3194 3550 τί.
3234 3516 3254 3549 ι
3296 3499 3364 3553 Ut
3390 3499 3570 3561 enim,

2012 3590 2222 3644 tametsi
2249 3589 2644 3643 Antichristum
2681 3598 2962 3642 venturum
2998 3603 3119 3643 esse
3145 3589 3481 3643 audierimus
3502 3590 3573 3650 "'.

2006 3679 2362 3734 nihilominus
2389 3680 2590 3734 scimus
2621 3679 2814 3732 multos
2848 3678 2902 3732 in
2934 3680 3134 3734 mundo
3162 3693 3284 3733 esse
3310 3678 3574 3733 antichri-

2005 3778 2150 3834 stos;
2187 3769 2268 3822 sic
2315 3769 2563 3823 novimus
2592 3768 2876 3822 advenisse
2905 3768 3201 3835 Christum,
3237 3779 3293 3823 et
3321 3768 3572 3823 videmus

2008 3858 2206 3912 multos
2255 3858 2304 3911 in
2358 3859 2557 3913 mundo
2598 3859 2666 3912 ab
2708 3857 2798 3913 illo
2854 3858 3029 3914 factos
3076 3857 3244 3914 fuisse
3296 3860 3566 3921 christos.

2005 3959 2141 4014 quos
2164 3947 2310 4015 quia,
2354 3948 2490 4000 sicut
2514 3957 2570 4000 et
2593 3946 2702 4011 ille,
2731 3945 3320 4015 dilexeruntjustitiam
3364 3958 3418 4006 et
3443 3951 3573 4006 ode-

2006 4045 2134 4090 runt
2179 4037 2549 4106 iniquitatem,
2592 4045 2879 4107 propterea
2914 4039 3067 4092 unxit
3096 4038 3272 4104 Deus,
3305 4039 3448 4095 Deus
3481 4040 3570 4094 ille

2002 4125 2225 4193 Christi,
2243 4129 2362 4184 oleo
2393 4127 2594 4184 la’titiae
2613 4129 2681 4183 ".
2698 4129 2774 4183 Ac
2796 4127 2884 4182 ille
2907 4130 3150 4199 quidem,
3169 4145 3290 4184 cum
3306 4144 3416 4198 pra:
3452 4145 3572 4194 paro

2005 4218 2263 4286 tieipibus
2290 4219 2408 4286 ejus
2440 4219 2698 4274 dilexerit
2728 4219 2996 4287 justitiam
3033 4227 3088 4274 et
3114 4220 3292 4274 oderit
3322 4218 3572 4288 iniquita-

2007 4317 2135 4373 tem,
2173 4309 2446 4378 primitias
2470 4309 2631 4378 hujus
2654 4308 2931 4363 unctionis
2971 4308 3204 4376 accepit,
3241 4309 3372 4377 imo,
3418 4310 3463 4363 si
3489 4310 3569 4364 sic

324 4420 417 4465 νος
451 4402 549 4473 μὲν
585 4399 675 4454 οὖν
703 4402 843 4473 ὑπὲρ
883 4400 1141 4472 μετόχους
1183 4399 1348 4452 αὐτοῦ
1379 4400 1670 4470 ἀγαπήσας
1697 4399 1901 4453 δικαιο-

2016 4398 2154 4466 loqui
2180 4407 2411 4466 oportet,
2444 4408 2608 4453 totam
2638 4399 2946 4453 unctionem
2986 4383 3145 4466 hujus
3183 4398 3284 4453 olei
3320 4399 3560 4460 laetitia;

324 4493 516 4564 σύνην.
557 4494 649 4546 καὶ
694 4496 930 4564 μισήσας
970 4491 1217 4561 ἀνομίαν,
1263 4491 1356 4543 καὶ
1396 4490 1493 4562 τὴν
1534 4491 1784 4562 ἀπαρχὴν
1815 4492 1894 4545 εί-

323 4587 463 4656 ληφε
501 4583 596 4637 τοῦ
646 4584 942 4656 χρίσματος
981 4583 1104 4648 καὶ,
1145 4584 1191 4635 εἰ
1238 4582 1341 4653 χρὴ
1389 4580 1559 4645 οὕτως
1609 4583 1900 4650 ὀνομάσαι,

322 4676 444 4728 ὅλον
487 4675 547 4728 τὸ
592 4676 796 4747 χρίσμα
838 4673 931 4726 τοῦ
965 4674 1062 4744 τῆς
1099 4672 1467 4741 ἀγαλλιάσεως
1507 4672 1716 4726 ἐλαίου·
1752 4674 1800 4725 οἱ
1831 4674 1888 4726 δέ

329 4765 543 4834 μέτοχοι
575 4765 758 4828 αὑτοῦ,
788 4763 1015 4826 ἕκαστος
1050 4762 1124 4826 ὡς
1153 4761 1453 4833 κεχώρηκε,
1497 4761 1751 4833 μετέσχον
1778 4762 1886 4832 (58)

324 4857 420 4909 καὶ
453 4857 545 4908 τοῦ
573 4858 870 4927 χρίσματος
897 4853 1082 4908 αὐτοῦ.
1129 4854 1344 4925 Διόπερ,
1376 4853 1497 4906 ἐπεὶ
1527 4853 1758 4925 Χριστὸς
1797 4871 1890 4906 κε-

326 4944 468 5014 φαλή
500 4945 614 4998 ἐστι
639 4947 740 5015 τῆς
783 4944 1128 5015 Ἐκκλησίας,
1160 4945 1235 5006 ὡς
1277 4939 1417 4996 εἶναι
1452 4943 1510 4996 ἓν
1549 4943 1706 5013 σῶμα
1758 4944 1892 5014 Χρι-

327 5035 452 5092 στὸν
502 5035 594 5088 καὶ
646 5037 744 5106 τὴν
815 5035 1172 5107 Ἐκκλησίαν·
1225 5035 1286 5088 τὸ
1335 5035 1504 5107 μύρον
1554 5035 1661 5089 ἀπὸ
1712 5051 1887 5102 κειρα-

395 5179 442 5211 “
482 5178 624 5235 Psal.
662 5195 770 5245 CIV,
813 5183 899 5234 15.
975 5183 1021 5213 ⁷⁸
1056 5182 1256 5236 lJoau.
1301 5182 1480 5246 11,18.
1559 5181 1604 5211 ⁷³
1640 5179 1782 5234 Psal.
1826 5195 1970 5243 XLIV,

395 5389 511 5459 (53)
564 5386 834 5459 ΠσθεριιρΙἐ
875 5394 929 5438 et
975 5385 1234 5459 S__peu_cer.
1270 5384 1327 5459 in
1373 5391 1553 5459 testu,
1584 5381 1887 5449 καταγέλα-

323 5453 449 5513 στον
495 5453 578 5513 Ἀι
621 5458 778 5512 codd.
807 5457 964 5525 ch.,
989 5453 1313 5508 Basileensis
1352 5462 1408 5507 et
1439 5453 1749 5516 Vaticanus,
1787 5469 1888 5505 κα·

319 5529 801 5597 ταγελαστότερον.
1015 5593 1055 5597 __
1178 5593 1190 5597 Α
1241 5551 1246 5556 ·

395 5589 507 5671 (54)
534 5589 700 5662 Mss.,'
729 5593 975 5665 εἴπομεν,
1015 5593 1284 5649 Ιιωεοὶιοι.
1321 5601 1373 5647 et
1403 5593 1688 5663 Spencer.,
1716 5589 1889 5644 εἴποι-

325 5687 506 5809 μςῖῒλῦ)
539 5740 706 5793 Codd.
735 5737 863 5806 Reg.
888 5745 941 5789 et
975 5733 1318 5799 Basilecnsis,
1343 5730 1721 5802 πληρώσαντα.
1764 5731 1886 5784 Ποε-

607 5834 870 5892 Ρηιιοι..
919 5830 1034 5890 Gn.
1087 5827 1195 5888 Xl.

2004 4489 2100 4541 sed
2129 4486 2246 4554 ejus
2267 4487 2581 4557 participes,
2604 4496 2765 4556 prout
2784 4501 2972 4542 eorum
3005 4489 3233 4556 quisque
3263 4502 3456 4557 capere
3479 4503 3566 4556 po-

2001 4577 2126 4642 tuit,
2153 4577 2296 4631 illius
2309 4576 2581 4631 unctionis
2602 4587 2754 4646 parte
2772 4577 2953 4632 donati
2978 4587 3124 4634 sunt.
3149 4578 3319 4644 Quam
3343 4577 3411 4634 ob
3439 4593 3567 4631 cauo

1997 4683 2112 4723 sam
2143 4683 2266 4722 cum
2299 4667 2552 4724 Christus
2579 4669 2652 4724 sit
2679 4677 2839 4738 caput
2863 4668 3198 4734 Ecclesiae“,
3228 4668 3303 4724 ita
3324 4678 3385 4724 ut
3407 4665 3565 4723 Chri—

1995 4769 2111 4813 stus
2135 4767 2192 4812 et
2228 4757 2474 4814 Ecclesia
2502 4773 2704 4828 corpus
2763 4773 2930 4812 unum
2986 4759 3115 4820 sint.
3164 4767 3498 4825 unguentum
3535 4773 3564 4811 a

1995 4852 2175 4921 capite
2204 4851 2478 4906 descendit
2517 4852 2573 4908 in
2633 4852 2856 4906 barbam
2905 4852 3082 4904 Aaron
3112 4851 3182 4916 ⁷⁵,
3225 4865 3345 4920 qua:
3387 4848 3562 4903 barba

1996 4942 2172 4996 virum
2220 4939 2526 5011 perfectum
2561 4941 2859 5009 signiﬁcat,
2899 4950 2951 4994 et
2992 4941 3044 4994 in
3073 4955 3225 4996 oram
3258 4939 3562 4993 vestimenti

1995 5033 2131 5101 ejus.
2162 5021 2340 5103 Atque
2364 5034 2483 5088 hac
2508 5032 2616 5086 dixi
2661 5041 2849 5087 contra
2900 5032 3212 5087 indecorum
3245 5031 3380 5086 illud
3420 5026 3562 5085 Celsi

2011 5179 2065 5232 8.
2143 5179 2188 5208 ⁷⁵
2233 5177 2409 5233 Colos.
2458 5193 2510 5242 ι,
2549 5178 2636 5231 18.
2713 5174 2760 5209 ⁷⁸
2790 5173 3243 5238 Psal.cxxxn,2.

1993 5383 2229 5437 schelius
2251 5393 2302 5436 et
2333 5383 2657 5449 Spcncerns,
2686 5377 3157 5450 ἐπικληρῶσαντα.

2065 5452 2174 5522 (56)
2215 5451 2277 5506 '0
2303 5442 2511 5521 Λόγος.
2579 5442 2922 5508 Desiderantur
2953 5450 3004 5501 in
3054 5456 3208 5500 antea
3251 5443 3432 5510 editis,
3467 5442 3560 5498 sed

1995 5523 2226 5576 habetur
2256 5525 2306 5575 in
2341 5539 2470 5575 mss.

2065 5591 2175 5659 (57)
2203 5593 2461 5660 Χριστοί.
2490 5591 2669 5660 Codex
2696 5587 3022 5660 Anglicanus
3049 5583 3275 5652 primus,
3301 5585 3560 5655 Χριστια-

1994 5648 2305 5727 νοί’,ἐί’ρ‹]ἶιθ
2340 5663 2540 5726 legerat
2573 5648 2826 5713 Gelenius
2855 5648 3141 5722 interpres.

2068 5730 2176 5800 (⁵58)
2212 5723 2478 5785 Πωεριιει.
2519 5740 2573 5781 et
2616 5728 2884 5796 Spencer.
2914 5729 2968 5800 in
2999 5723 3264 5793 margine,
3315 5724 3540 5794 μετέσχε

3176 5817 3252 5876 Ιιὸ
