3972 6160
426 202 564 258 Hm

1871 210 2196 270 ORIGENIS

3556 225 3691 281 “20

422 319 666 376 dictum:
702 339 719 372 ι
753 319 1004 391 Oportuit
1029 321 1189 376 simili
1225 322 1381 377 modo
1419 324 1566 379 illum
1618 325 1891 384 insulilare
1937 332 1978 384 in

2093 334 2191 404 λῆς
2222 333 2332 404 (59)
2380 336 2757 410 καταϐέϐηκεν
2793 337 2886 391 ἐπὶ
2927 338 3018 393 τὸν
3056 333 3323 409 πώγωνα,
3350 339 3419 396 τὰ
3447 340 3689 414 σύμϐολα

421 408 589 463 multa
617 425 842 479 corpora
885 416 939 464 et
970 409 1024 462 in
1065 411 1378 466 universam
1419 420 1621 467 terram
1649 417 1925 472 emittere.
1970 439 1990 472 ι

418 495 695 553 Cazterum
745 500 987 555 comicus
1028 499 1116 554 ille
1164 510 1346 571 poeta,
1388 512 1446 555 ut
1495 503 1665 558 risum
1701 507 1995 577 excitaret,

420 590 644 657 scripsit
672 588 862 643 Jovem
915 590 1093 659 primo
1147 592 1408 659 sepltum,
1450 593 1645 649 deinde
1671 600 1994 669 expergefa-

419 688 565 734 ctum
597 681 663 733 ad
694 679 918 737 Graecos
947 682 1160 738 misisse
1183 684 1347 755 693
1378 685 1742 756 Mercurium;
1773 701 1828 746 at
1852 695 1995 749 ratio

417 783 538 837 qua:
570 766 738 822 Deum
769 770 919 823 novit
949 779 1147 825 natura
1173 789 1278 826 non
1304 789 1423 829 esse
1450 790 1644 832 somno
1668 780 1990 848 obnoxium,

419 860 612 912 doceat
637 873 736 913 nos
768 874 855 914 res
890 859 1052 928 hujus
1079 863 1263 915 mundi
1293 878 1392 932 pro
1430 874 1731 937 temporum
1755 870 1992 925 circnm-

416 949 633 1006 stantiis
661 960 715 1005 et
738 960 902 1019 prout
929 953 1066 1007 ratio
1098 955 1357 1023 postulat,
1382 966 1429 1011 a‘
1447 959 1554 1014 Deo
1586 961 1984 1017 administrari.

415 1037 619 1096 Verum
654 1041 789 1096 nihil
829 1042 1133 1097 mirandmn
1165 1056 1270 1107 est.
1300 1051 1557 1117 quoniam
1614 1053 1704 1107 Dei
1735 1072 1754 1104 ‹
1784 1053 1988 1124 judicia

415 1146 614 1203 magna
643 1142 770 1188 sunt
790 1142 848 1189 et
881 1136 1157 1204 erplicatu
1187 1140 1377 1205 ardua,
1407 1143 1841 1212 indisciplinatas
1868 1148 1987 1200 ani-

414 1237 554 1290 tnas,
589 1242 608 1275 ι
651 1233 815 1294 atque
852 1225 986 1280 adeo
1027 1227 1240 1282 Celsum
1279 1248 1299 1281 ι
1334 1244 1521 1287 errare
1547 1236 1614 1288 ⁷ο.
1648 1253 1668 1288 ι
1706 1235 1823 1291 Non
1855 1254 1987 1307 ergo

366 1314 384 1328 ”
413 1316 704 1372 ridiculum
757 1327 841 1372 est
877 1317 971 1373 Dei
1010 1318 1212 1376 Filium
1261 1324 1329 1377 ad
1375 1323 1612 1395 Jndaeos,
1662 1331 1804 1398 apud
1848 1345 1987 1398 quos

412 1415 697 1486 prephetce
721 1415 968 1481 fuerunt,
1008 1416 1236 1472 missum
1276 1415 1477 1484 fuisse;
1519 1429 1578 1474 ut
1610 1420 1735 1475 inde
1764 1436 1984 1475 cursum

412 1518 574 1559 orsus
605 1517 857 1572 corpore,
888 1504 1090 1558 virtute
1122 1513 1175 1559 et
1206 1506 1396 1575 spiritu
1428 1509 1736 1563 exoriretnr
1772 1510 1985 1563 anima-

412 1611 534 1650 rum
573 1603 760 1658 terrae,
797 1609 917 1664 qua:
945 1595 1055 1652 Deo
1097 1611 1205 1652 non
1238 1597 1470 1667 amplius
1500 1599 1714 1666 privata
1738 1612 1858 1655 esse
1891 1614 1984 1654 vo-

412 1685 575 1742 lebat.

2093 424 2187 477 τοῦ
2232 425 2437 479 τελείου
2476 428 2669 500 ἀνδρὸς
2689 468 2703 493 ,
2752 429 2982 501 Ἀαρὼν,
3009 434 3104 485 καὶ
3136 432 3337 501 ἔεθασε
3365 436 3689 490 καταϐαῖνον

2091 513 2251 568 τοῦτο
2281 517 2342 569 τὸ
2389 517 2559 588 μύρον
2598 518 2691 571 ἐπὶ
2731 520 2830 592 τὴν
2865 515 2977 574 ὧαν
3018 522 3113 575 τοῦ
3154 523 3450 593 ἐνδύματος
3489 526 3680 578 αὐτοῦ.

2091 605 2201 659 Καὶ
2232 606 2402 660 ταῦτα
2440 608 2496 660 δέ
2547 626 2636 679 μοι
2687 610 2932 664 λέλεκται
2982 613 3117 684 πρὸς
3152 614 3244 666 τὸν
3297 614 3533 685 ἄσεμνον
3577 615 3675 670 τοῦ

2091 696 2300 749 Κέλσου
2328 697 2484 765 λόγον
2514 700 2786 764 εἰπόντος’
2827 721 2845 753 t
2891 704 3016 755 Δέον
3042 703 3208 757 πολλὰ
3239 705 3441 774 ὁμοίως
3483 707 3678 775 διαφυ-

2094 785 2258 856 σῆσαι
2304 786 2553 858 σώματα,
2590 790 2853 844 καὶκατὰ
2898 793 3074 844 πᾶσαν
3105 794 3417 847 ἀποστεῖλαι
3468 796 3572 865 τὴν
3604 799 3683 849 οἰ-

2090 877 2381 949 κουμένην.
2423 899 2442 929 ι
2504 880 2562 932 '0
2605 880 2703 950 μὲν
2741 878 2834 934 οῦν
2876 884 3134 953 κωμῳδὸς
3172 885 3555 952 γελωτοποιῶν
3588 887 3680 940 τὸν

2098 968 2198 1021 Δία
2225 967 2566 1039 κοιμώμενον
2602 972 2868 1041 πεποίηκέ
2889 990 2947 1025 τε
2993 974 3086 1025 καὶ
3124 973 3549 1045 διυπνιζόμενον,
3587 979 3682 1030 καὶ

2095 1059 2383 1128 πέμποντα
2399 1059 2533 1130 πρὸς
2560 1062 2685 1123 τοὺς
2705 1061 2969 1131 ’Έλληνας
2991 1064 3080 1118 τὸν
3107 1065 3312 1135 Ἑρμῆν
3333 1083 3347 1097 ο
3378 1069 3405 1118 ὁ
3427 1066 3483 1119 δὲ
3496 1067 3675 1135 λόγος,

2090 1148 2293 1203 ἄϋπνον
2334 1151 2693 1221 ἐπιστάμενος
2736 1152 2896 1222 φύσιν
2936 1156 3035 1224 τὴν
3065 1155 3159 1208 τοῦ
3194 1156 3349 1220 Θεοῦ,
3378 1157 3677 1212 διδασκέτω

2087 1240 2257 1309 ἡμᾶς,
2306 1241 2388 1294 ὅτι
2448 1244 2588 1297 κατὰ
2637 1245 2859 1315 καιροὺς
2904 1247 3178 1316 οἰκονομεῖ
3206 1247 3275 1300 τὰ
3319 1246 3413 1300 τοῦ
3466 1249 3673 1319 κόσμου

2091 1332 2396 1402 πράγματα
2433 1336 2460 1386 ὁ
2488 1334 2639 1397 Θεὸς,
2689 1335 2763 1398 ὡς
2795 1337 3012 1388 ἁπαιτεί
3055 1336 3117 1388 τὸ
3162 1334 3401 1405 εὔλογον.
3435 1340 3509 1391 Οὐ
3541 1340 3672 1394 θαυα

2092 1423 2294 1503 μαστον
2330 1424 2387 1476 δὲ
2418 1426 2486 1488 εἰ,
2527 1425 2613 1478 διὰ
2642 1426 2702 1478 τὸ
2735 1445 2752 1476 ι
2796 1427 3037 1497 μεγάλας
3065 1423 3202 1479 εἶναι
3243 1428 3337 1480 καὶ
3380 1428 3673 1501 δυσδιηγή-

2085 1528 2211 1574 τους
2237 1511 2336 1575 τὰς
2365 1513 2576 1582 κρίσεις
2604 1512 2697 1565 τοῦ
2728 1512 2884 1580 Θεοῦ,
2929 1514 2987 1566 αἱ
3022 1513 3334 1567 ἀπαίδευτοι
3364 1513 3671 1568 πλανῶνται

2084 1596 2271 1668 ψυχαὶ,
2325 1619 2344 1650 ι
2395 1600 2487 1653 καὶ
2533 1601 2740 1665 Κέλσος
2785 1602 2882 1655 σὺν
2928 1603 3134 1666 αὐταῖς.
3165 1604 3332 1657 Οὐδὲν
3358 1598 3451 1656 οὖν
3496 1620 3671 1659 κατα-

2092 1689 2350 1755 γέλαστὸν
2382 1693 2528 1743 ἐστιν
2563 1694 2619 1744 ἐν
2658 1692 2737 1762 τῷ
2786 1694 3072 1758 Ἰουδαίοις,
3109 1696 3238 1766 παρ’
3265 1689 3347 1759 οἷς
3384 1695 3671 1764 γεγόνασιν

409 1779 460 1831 οἱ
510 1776 1196 1849 προφῆται,¹¹πεπέμφθαι
1242 1776 1335 1832 τὸν
1389 1776 1516 1831 Υίδν
1561 1776 1657 1833 τοῦ
1730 1778 1897 1832 Θεοῦ·
1948 1780 2014 1833 ἵν’
2069 1781 2276 1833 ἐκεῖθεν
2332 1780 2633 1852 ἀρξάμενος
2695 1784 3018 1853 σωματικῶς
3072 1784 3296 1855 δυνάμει
3344 1786 3436 1838 καὶ
3502 1785 3668 1839 πνεύ-

414 1890 546 1944 ματι
571 1872 828 1947 ἀνατείλῃ
856 1876 923 1945 τῇ
956 1872 1156 1944 μηκέτι
1190 1872 1489 1946 βουλομένῃ
1514 1873 1705 1945 ἐρήμῳ
1735 1874 1871 1928 Θεοῦ
1904 1875 2193 1946 τυγχάνειν
2225 1877 2516 1948 οἰκουμένῃ
2548 1877 2734 1948 ψυχῶν
2771 1880 2901 1950 (40).

492 1966 583 2025 80.
616 1968 813 2024 Postea
848 1969 1019 2023 visum
1041 1977 1126 2023 est
1150 1969 1306 2024 Celso
1324 1967 1606 2023 Chaldaeos
1637 1983 1837 2023 vocare
1862 1984 1990 2037 qen-
2025 1976 2066 2029 Β

406 2069 517 2115 tem
535 2058 647 2129 jam
673 2074 702 2113 a
732 2060 920 2130 primis
944 2060 1278 2130 temporibus
1301 2073 1528 2127 prorsus
1550 2060 1813 2123 divinam,
1838 2062 1981 2116 unde

410 2159 590 2205 tamen
630 2149 685 2204 in
728 2150 975 2205 homines
1011 2151 1257 2207 derivata
1290 2160 1374 2205 est
1406 2149 1566 2204 fallax
1598 2166 1666 2204 ex
1698 2151 1864 2205 natali
1895 2153 1986 2207 die

407 2241 689 2296 divinandi
715 2240 1027 2310 disciplina.
1061 2242 1262 2297 Eodem
1298 2242 1416 2296 loco
1450 2250 1506 2295 et
1556 2256 1784 2297 numero
1817 2243 1981 2298 habet

407 2345 596 2402 magos
621 2346 650 2386 a
692 2331 892 2402 quibus
928 2348 1019 2388 ars
1054 2333 1260 2403 magica
1285 2347 1484 2388 nomen
1514 2348 1670 2387 suum
1715 2334 1898 2400 traxit,
1925 2343 1982 2388 et

408 2422 462 2476 in
490 2431 715 2478 czeleras
744 2433 935 2494 gentes
966 2425 1031 2478 ad
1068 2425 1296 2480 exitium
1324 2440 1387 2479 ea
1430 2425 1701 2479 utentium
1736 2425 1982 2478 dimanao

404 2509 506 2564 vit.
531 2509 612 2564 Ad
635 2508 923 2582 Egyptios
944 2512 1087 2581 quod
1117 2523 1347 2590 spectat,
1373 2514 1566 2569 Celsus
1594 2529 1686 2568 eos
1711 2513 1765 2567 in
1793 2529 1983 2568 errore

405 2601 618 2657 versari
644 2603 898 2673 superius
926 2601 1229 2673 judicabat,
1264 2614 1323 2658 ut
1349 2606 1441 2675 qui
1464 2605 1828 2675 elegantiores
1865 2608 1983 2673 qui-

403 2692 529 2748 dem
557 2694 822 2751 haberent
848 2696 1175 2766 templorum
1204 2712 1325 2766 quae
1373 2711 1530 2752 sacra
1565 2697 1977 2764 existimabant,

405 2785 659 2854 ambitus,
682 2786 775 2843 sed
802 2787 937 2842 nihil
966 2788 1114 2843 intus
1144 2799 1342 2858 praeter
1363 2789 1575 2853 simias,
1605 2799 1699 2845 aut
1730 2792 1980 2847 crocodi-

404 2877 507 2944 los,
540 2887 633 2933 aut
661 2894 874 2949 capras,
904 2890 998 2936 aut
1021 2882 1259 2952 aspides,
1292 2888 1385 2937 aut
1406 2882 1552 2936 aliud
1576 2882 1979 2939 animal.Nunc

403 2985 537 3025 vero
567 2969 686 3025 illos
732 2971 1005 3041 appellare
1051 2972 1177 3028 libet
1216 2983 1430 3043 gentem
1476 2974 1873 3029 divinissimam
1925 2983 1981 3037 et

404 3060 801 3116 divinissimam
836 3062 905 3116 ab
929 3061 1118 3125 initio;
1170 3062 1389 3129 Opinor,
1422 3063 1567 3131 quod
1596 3063 1666 3117 ab
1698 3064 1853 3117 initio
1879 3056 1975 3118 Ju—

402 3152 533 3208 dacis
559 3151 759 3208 infensi
788 3151 1010 3207 fuerint.
1057 3151 1235 3207 Persae
1281 3154 1469 3218 etiam,
1498 3153 1591 3221 qui
1625 3163 1830 3208 matres
1872 3154 1975 3209 sibi

401 3240 653 3312 copulant
683 3249 738 3296 et
777 3255 904 3296 cum
946 3240 1158 3297 ﬁliabus
1196 3256 1398 3311 corpus
1444 3242 1707 3307 miscent,
1731 3258 1865 3312 gens
1890 3244 1975 3298 di-

402 3335 529 3389 vina
561 3347 683 3389 esse
708 3332 868 3389 Celso
895 3332 1144 3400 videtur;
1191 3348 1398 3389 necnon
1431 3333 1568 3400 indi,
1611 3351 1842 3405 quorum
1897 3346 1976 3389 ta-

402 3438 527 3479 men
565 3423 855 3480 nonnullos
899 3439 1063 3493 supra
1096 3423 1232 3478 dixit
1275 3439 1471 3481 carnes
1514 3425 1782 3480 humanas
1812 3429 1977 3482 devo-

402 3529 546 3571 rare.
571 3513 790 3571 Iudaeos
818 3528 951 3569 vero
977 3515 1069 3584 qui
1101 3515 1239 3570 nihil
1277 3517 1472 3572 horum
1508 3518 1889 3583 committunt,
1921 3527 1974 3574 et

400 3616 616 3663 veteres
649 3607 974 3679 praesertim,
1008 3622 1114 3664 non
1145 3610 1319 3663 solum
1358 3624 1464 3666 non
1508 3610 1640 3666 dicit
1664 3626 1786 3666 esse
1833 3612 1971 3666 divi-

400 3698 679 3762 nissimos,
728 3698 820 3753 sed
856 3697 1021 3751 etiam
1073 3696 1227 3751 brevi
1274 3699 1580 3768 perituros;
1617 3699 1779 3768 idque
1826 3699 1973 3754 velut

398 3803 468 3841 ex
515 3787 729 3855 tripode
767 3787 1103 3857 pronuntiat.
1138 3787 1406 3843 Nimirum
1439 3804 1544 3843 non
1575 3789 1808 3843 advertit
1850 3788 1970 3842 ani-

398 3893 546 3933 mum
578 3879 646 3933 ad
673 3893 861 3933 curam
894 3892 1110 3938 omnem
1136 3895 1298 3949 quam
1324 3880 1467 3934 Deus
1494 3880 1561 3933 de
1582 3877 1783 3934 Iudaeis
1818 3877 1970 3932 adhi-

395 3970 538 4036 buit,
562 3984 662 4026 nec
693 3971 759 4025 ad
803 3979 1025 4027 sanctas
1057 3971 1203 4039 leges
1235 3984 1371 4038 quas
1401 3970 1515 4038 ipse
1547 3969 1657 4023 illis
1703 3967 1830 4022 olim
1868 3968 1971 4020 im-

395 4063 622 4133 posuit:
658 4063 936 4124 nonvidit
984 4081 1003 4116 ι
1060 4062 1273 4116 illorum
1306 4059 1498 4137 delicto
1539 4059 1766 4114 salutem
1801 4057 1968 4113 fuisse

395 4153 672 4224 gentibus,
701 4153 960 4210 delictum
996 4152 1211 4208 illarum
1264 4150 1481 4206 divitias
1518 4163 1639 4205 esse
1667 4148 1875 4213 mundi,
1914 4156 1968 4202 et

394 4244 815 4299 diminutionem
853 4258 1064 4308 eorum,
1089 4242 1311 4298 divitias
1339 4240 1605 4310 gentium,
1641 4239 1813 4294 donec
1850 4239 1965 4308 ple-

394 4337 587 4392 nitudo
641 4337 883 4407 gentium
946 4335 1264 4400 introierit,
1313 4351 1335 4387 ι
1386 4343 1448 4387 ut
1491 4339 1677 4401 postea
1727 4349 1750 4383 ι
1791 4333 1968 4386 omnis

396 4429 589 4495 Israel,
631 4446 650 4482 ι
692 4443 856 4498 quem
892 4428 1021 4496 quid
1062 4427 1134 4483 sit
1171 4441 1281 4481 non
1318 4425 1461 4495 capit
1484 4422 1707 4491 Celsus,
1744 4422 1963 4477 «salvus

394 4520 565 4574 ﬁat".
597 4538 616 4572 θ

463 4608 553 4663 81.
576 4606 695 4662 Jam
724 4609 908 4664 nescio
941 4609 1212 4677 quomodo
1234 4607 1438 4662 dixerit
1471 4624 1490 4657 ι
1528 4606 1717 4671 Deum,
1739 4604 1830 4674 qui
1876 4618 1967 4660 no-

391 4703 472 4754 vit
498 4700 701 4768 omnia,
726 4698 1026 4755 nescivisse
1059 4712 1117 4753 se
1151 4699 1369 4754 mittere
1396 4697 1590 4753 Filium
1620 4697 1686 4751 ad
1714 4698 1961 4751 homines

390 4789 566 4844 malos
611 4796 664 4843 et
705 4798 1042 4857 peccaturos,
1092 4787 1184 4855 qui
1233 4787 1380 4841 illum
1412 4785 1677 4856 supplicio
1712 4782 1956 4839 all‘eeturi

388 4887 568 4937 erant.
605 4897 624 4932 ι
652 4879 723 4933 At
745 4878 834 4933 hic
856 4878 1070 4932 videtur
1092 4878 1158 4931 de
1188 4876 1453 4932 industria
1486 4875 1729 4931 oblivisci
1762 4882 1962 4928 nostrae

392 4970 654 5027 doctrinae
677 4986 795 5041 quae
815 4969 910 5034 ait,
942 4970 1228 5038 prophetas
1262 4969 1352 5023 Dei
1385 4968 1566 5023 divino
1590 4964 1792 5036 Spiritu
1822 4979 1961 5032 pra:-

390 5062 592 5118 vidisse
636 5069 691 5116 et
731 5056 1055 5131 pradixisse
1100 5074 1439 5129 quaecunque
1488 5056 1655 5112 Iesus
1700 5069 1961 5125 passurus

460 5184 507 5218 ⁷⁸
536 5183 666 5255 Sap.
696 5199 828 5252 xvtt,
862 5183 912 5237 l.
987 5182 1031 5214 ⁷⁷
1068 5181 1226 5235 Rom.
1255 5194 1331 5247 XI,
1362 5179 1450 5248 ll,
1478 5177 1567 5246 12,
1593 5178 1664 5233 25
1692 5187 1745 5233 et
1771 5177 1866 5233 26.

460 5325 572 5407 Q9)
599 5322 934 5382 Hoesebelius
984 5329 1039 5375 et
1069 5318 1376 5388 Spencerus
1423 5315 1478 5371 in
1515 5323 1684 5379 textu,
1731 5315 1823 5367 ἐπὶ
1860 5331 1953 5368 κε-

388 5397 582 5464 φαλῆς.

605 5462 859 5536 Ψυχῶνη
890 5462 995 5536 Τὸ,
1044 5459 1249 5532 ψυχῶν,
1284 5456 1483 5515 Guieto
1514 5463 1820 5523 suspectum
1871 5462 1955 5508 est

389 5544 445 5586 et
470 5533 781 5586 addititium
811 5533 1043 5587 videtur.

467 5602 574 5672 Ml)
602 5600 956 5669 Χαλδαίους.
997 5600 1178 5658 Codex
1197 5598 1527 5671 Anglicanus
1549 5595 1775 5667 primus,
1812 5592 1960 5646 Χαλ-

2211 1970 2369 2041 Ἐξῆς
2426 1971 2482 2024 δὲ
2530 1972 2742 2035 τούτοις
2813 1972 3114 2028 ὲνθεὼτατα
3161 1974 3219 2040 ἐξ
3280 1975 3457 2047 ἀρχῆς
3521 1977 3667 2044 ἔδοξε

2083 2058 2274 2131 Κέλσῳ
2298 2059 2475 2128 λέγειν
2509 2060 2634 2132 ἔθνη
2653 2061 2951 2125 Χαλδαίους
2968 2064 3100 2134 (41),
3120 2058 3296 2133 ἀφ’ὧν
3326 2067 3358 2136 ἡ
3391 2067 3666 2139 ἀπατηλὸς

2081 2151 2484 2220 γενεθλιαλογὶα
2514 2151 2803 2221 νενέμηται
2826 2154 2952 2215 τοὺς
2977 2153 3317 2225 ἀνθρώπους.
3360 2156 3519 2211 Ἀλλὰ
3569 2161 3663 2213 καὶ

2085 2244 2292 2313 μάγους
2319 2247 2430 2308 τοῖς
2465 2243 2815 2308 ἐνθεωτάτοις
2857 2246 3178 2300 κατατάττει
3205 2247 3411 2301 ἔθνεσιν
3449 2251 3478 2301 ὁ
3519 2251 3661 2303 Κέλ-

2083 2346 2194 2398 σος,
2222 2334 2314 2403 ἀφ’
2358 2329 2432 2388 ὧν
2468 2336 2500 2404 ἡ
2538 2333 2863 2406 παρώνυμος
2901 2337 2994 2389 τοῦ
3027 2337 3211 2401 ἔθνους
3243 2339 3425 2394 αὐτῶν
3453 2343 3652 2411 μαγεία

2081 2427 2176 2479 καὶ
2199 2430 2309 2489 τοῖς
2335 2427 2539 2490 λοιποῖς
2572 2427 2779 2481 ἔθνεσιν
2797 2429 2890 2481 ἐπὶ
2918 2428 3179 2501 διαφθορᾷ
3209 2430 3302 2483 καὶ
3318 2430 3523 2502 ὀλέθρῳ
3549 2432 3660 2486 τῶν

2081 2517 2376 2597 χρωμένων
2407 2518 2544 2588 αὐτῇ
2580 2518 2963 2590 ἐπιδεδήμηκε.
3000 2522 3109 2573 Καὶ
3141 2521 3428 2589 Αἰγύπτιοι
3464 2524 3562 2593 μὲν
3599 2525 3660 2576 ὲν

2086 2607 2184 2676 μὲν
2224 2609 2336 2671 τοῖς
2371 2609 2625 2680 ἀνωτέρω
2672 2612 2767 2663 καὶ
2800 2610 2955 2680 παρὰ
2996 2610 3072 2680 τῷ
3104 2612 3296 2682 Κέλσῳ
3328 2612 3657 2681 ἐπλανῶντο,

2080 2695 2155 2758 ὡς
2174 2697 2400 2765 σεμνοὺς
2427 2696 2522 2766 μὲν
2545 2696 2757 2766 ἔχοντες
2813 2697 3126 2770 περιϐόλους
3154 2698 3262 2752 τῶν
3293 2699 3656 2771 νομιζομένων

2082 2784 2261 2855 ιερῶν,
2276 2785 2421 2839 ἔνδον
2443 2786 2499 2839 δὲ
2530 2786 2680 2839 οὐδὲν
2697 2787 2809 2839 ἀλλ’
2834 2788 3217 2860 ῆπιθήκους,ἢ
3254 2791 3649 2858 κροκοδείλους,

2080 2879 2112 2947 ἢ
2147 2875 2327 2948 αἶγας,
2362 2879 2397 2950 ἣ
2450 2879 2703 2943 ἀσπίδας,
2738 2879 2771 2950 ἦ
2805 2897 2856 2932 τι
2899 2879 3007 2931 τῶν
3041 2879 3226 2943 ζώων·
3276 2883 3370 2934 νῦν
3408 2883 3468 2937 δὲ
3509 2871 3655 2948 ἔδοξε

2080 2969 2270 3039 Κέλσῳ
2322 2967 2648 3023 ὲνθεώτατον
2694 2971 2867 3023 εἰπεῖν
2911 2971 3005 3024 καὶ
3047 2972 3106 3024 τὸ
3137 2974 3450 3040 Αἰγυπτίων
3480 2973 3653 3038 ἔθνος,

2080 3057 2173 3109 καὶ
2216 3054 2544 3110 ὲνθεὼτατον
2589 3054 2649 3123 ἐξ
2700 3057 2904 3128 ἀρχῆς·
2937 3059 3081 3129 τάχα
3129 3061 3252 3113 ἐπεὶ
3301 3062 3568 3125 Ἰουδαίοις
3593 3063 3655 3130 ἐξ

2080 3148 2253 3218 ἀρχῆς
2293 3147 2867 3219 προσπεπολεμήκασι.
2912 3151 3022 3203 Καὶ
3072 3150 3280 3222 Πέρσαι
3325 3151 3415 3217 δὲ,
3458 3153 3508 3207 οι
3554 3152 3655 3216 τὰς

2089 3239 2329 3309 μητέρας
2372 3238 2693 3310 γαμοῦντες,
2724 3239 2820 3293 καὶ
2850 3240 3152 3312 θυγατράσι
3196 3242 3537 3314 μιγνύμενοι,
3570 3241 3657 3297 ἱν-

2080 3330 2199 3383 θεον
2231 3330 2381 3394 ἔθνος
2418 3326 2554 3384 εἶναι
2587 3330 2666 3402 τῷ
2699 3330 2894 3402 Κέλσῳ
2916 3332 3197 3387 δοκοῦσινσ
3237 3334 3378 3388 ἀλλὰ
3421 3336 3514 3390 καὶ
3559 3337 3657 3389 Ἰν-

2080 3422 2159 3475 δοὶ
2199 3422 2307 3494 (42)
2340 3414 2416 3479 ὧν
2456 3440 2608 3487 τινας
2644 3424 2702 3476 ὲν
2744 3426 2857 3486 τοῖς
2906 3424 3320 3494 προειρημένοις
3353 3424 3507 3492 ἔλεγε
3558 3426 3660 3480 καὶ

2078 3514 2429 3586 ἀνθρωπείων
2478 3513 2770 3583 γεγεῦσθαι
2817 3513 3054 3582 σαρκῶν.
3101 3513 3282 3583 Μηδὲν
3330 3512 3387 3565 δὲ
3446 3513 3660 3569 τούτων

2090 3607 2394 3671 Ἰουδαίους,
2431 3605 2661 3675 μάλιστα
2695 3607 2819 3666 τοὺς
2844 3604 3033 3666 πάλαι,
3075 3603 3412 3672 πράττοντας
3451 3604 3511 3656 οὐ
3551 3606 3657 3676 μό-

2074 3712 2161 3750 νον
2189 3697 2288 3749 οὐκ
2320 3691 2469 3747 εἶπεν
2500 3693 2879 3757 ὲνθεωτάτους,
2912 3693 3049 3747 ἀλλὰ
3073 3693 3168 3746 καὶ
3195 3692 3390 3768 αὐτίκα
3417 3695 3654 3750 ἀπολουο

2075 3787 2288 3859 μένους.
2336 3786 2506 3839 Τοῦτο
2542 3787 2640 3856 μὲν
2673 3785 2773 3856 ἤδη
2805 3786 2900 3838 καὶ
2926 3785 3002 3849 ὡς
3043 3783 3303 3856 μαντικὸς
3336 3784 3483 3852 λέγει
3521 3787 3653 3860 περὶ

2071 3877 2281 3932 αὐτῶν⁸
2336 3877 2434 3946 οὐχ
2478 3875 2620 3947 ὁρῶν
2670 3876 2850 3929 πᾶσαν
2880 3875 2978 3946 τὴν
3016 3874 3146 3947 περὶ
3190 3873 3496 3941 Ἰουδαίους,
3556 3876 3655 3929 καὶ

2068 3970 2167 4043 τὴν
2202 3968 2403 4041 σεμνὴν
2437 3968 2602 4022 πάλαι
2641 3966 2916 4022 πολιτείαν
2950 3966 3151 4031 αὐτῶν,
3182 3965 3276 4023 τοῦ
3323 3963 3457 4021 Θεοῦ
3504 3967 3647 4024 οἱκο-

2068 4062 2292 4133 νομίαν·
2329 4059 2424 4114 καὶ
2466 4059 2542 4123 ὡς
2589 4077 2609 4110 α
2656 4057 2733 4129 τῷ
2778 4059 3000 4112 ἐκείνων
3040 4054 3443 4130 παραπτώματι
3478 4062 3510 4132 ἡ
3543 4078 3647 4113 σω-

2068 4149 2231 4220 τηρία
2266 4148 2556 4217 γεγένηται
2586 4149 2695 4210 τοῖς
2728 4145 2934 4200 ἔθνεσι·
2955 4146 3049 4200 κοιλ⁹
3080 4147 3141 4199 τὸ
3169 4150 3514 4220 παράπτωμα
3543 4151 3645 4202 αὐ-

2068 4239 2197 4303 τῶν,
2232 4238 2457 4302 πλοῦτος
2487 4237 2723 4308 κόσμου’
2760 4237 2856 4299 καὶ
2886 4238 2946 4291 τὸ
2982 4238 3203 4309 ἥττημα
3235 4238 3433 4304 αὐτῶν,
3478 4237 3643 4290 πλοῦ-

2066 4347 2158 4393 τος
2207 4329 2374 4383 ἐθνῶν
2402 4346 2415 4360 ο
2477 4348 2496 4380 ›
2556 4328 2661 4392 ἕως
2715 4328 2775 4381 τὸ
2831 4329 3105 4402 πλήρωμα
3163 4328 3271 4399 (45)
3313 4329 3422 4381 τῶν
3473 4328 3642 4381 ἐθνῶν

2068 4418 2302 4492 εἰσέλθῃ,
2336 4419 2424 4471 ἵνα
2458 4417 2593 4488 μετὰ
2628 4416 2786 4471 τοῦτο
2812 4436 2833 4470 ι
2872 4420 3001 4484 πᾶς,
3042 4437 3060 4470 ι
3089 4418 3147 4471 ὃν
3181 4419 3242 4471 οὐ
3276 4420 3386 4472 νοεῖ
3413 4417 3641 4482 Κέλσος,

2074 4530 2091 4561 ι
2147 4510 2362 4581 Ἰσραὴλ
2390 4510 2557 4581 σωθῇ.
2605 4528 2622 4559 ι

2177 4599 2290 4651 Οὐκ
2343 4594 2463 4651 οἶδα
2508 4598 2551 4650 δ’
2597 4598 2743 4661 ὅπως
2797 4598 2931 4668 φησὶ
2980 4597 3106 4669 περὶ
3148 4596 3244 4650 τοῦ
3306 4595 3480 4659 Θεοῦ,
3523 4596 3647 4661 ὅτι,

2072 4710 2091 4742 ‹
2140 4691 2198 4743 '0
2229 4689 2405 4742 πάντα
2421 4686 2577 4751 εἰδὼς
2601 4686 2757 4740 τοῦτο
2782 4688 2887 4740 οὐκ
2914 4689 3198 4756 ἠπίστατο,
3221 4688 3302 4741 ὅτι
3331 4688 3518 4750 κακοῖς
3545 4687 3642 4739 ἀν-

2065 4780 2323 4851 θρώποις,
2373 4780 2467 4832 καὶ
2519 4778 3013 4851 ἁμαρτησομένοις,
3056 4779 3150 4831 καὶ
3189 4778 3507 4832 κολάσουσιν
3539 4778 3640 4830 αύ-

2063 4871 2158 4925 τοῦ
2198 4872 2288 4924 τὸν
2319 4871 2446 4923 Υἱὸν
2495 4870 2720 4940 πέμπει.
2759 4889 2780 4921 ι
2828 4868 2965 4921 Ἀλλ’
3015 4868 3160 4922 ἔοικε
3207 4868 3302 4922 νῦν
3347 4868 3445 4937 μὲν
3493 4864 3638 4919 ἑκὼν

2065 4960 2413 5032 ἐπιλελῆσθαι
2455 4960 2548 5013 τοῦ
2594 4960 2892 5029 φάσκοντος
2933 4959 3117 5028 λόγου,
3149 4959 3347 5021 πάντα,
3377 4958 3417 5011 ἃ
3452 4955 3636 5010 πείσε-

2066 5073 2155 5110 ται
2200 5052 2407 5126 Ἰησοῦς
2451 5055 2480 5106 ὁ
2527 5053 2793 5125 Χριστὸς,
2846 5051 3259 5125 προεωρακέναι
3305 5050 3432 5122 θείῳ
3460 5048 3635 5102 Πνεύ-
3667 5084 3689 5099 ..

2060 5314 2250 5450 δαῖῗῖὶ)
2294 5382 2490 5436 Ἰνδοί.
2534 5380 2650 5436 Duo
2676 5382 2834 5437 codd.
2862 5380 3171 5452 Anglicani,
3212 5378 3410 5442 Ἰνδῶν,
3444 5378 3638 5448 sicque

2062 5452 2403 5508 Hmschelius
2428 5454 2477 5505 in
2510 5461 2684 5504 textu.

2133 5522 2244 5591 (45)
2275 5522 2425 5587 Ἕως
2450 5521 2514 5575 τὸ
2545 5520 2849 5588 πλήρωμα.
2878 5518 2983 5591 ,ιω
3033 5533 3161 5591 ηιξε.
3186 5529 3242 5591 et
3288 5517 3633 5574 licesrhclius

2061 5591 2114 5647 in
2141 5584 2315 5647 ‘teitu.
2358 5584 2839 5676 spettcerus've'ro,
2869 5588 3025 5660 ἄχρις
3057 5584 3117 5642 οῦ
3145 5587 3441 5660 πλήρωμα..
