  <div class='ocr_page' id='page_1' title='image "/cluster/home/n/w/nwhite01/storage/ocr_20150623/11/mdp.39015013266690/730.png"; bbox 0 0 3972 6160; ppageno 0'>
   <div class='ocr_carea' id='block_1_1' title="bbox 435 215 570 272">
    <p class='ocr_par' dir='ltr' id='par_1_1' title="bbox 435 215 570 272">
     <span class='ocr_line' id='line_1_1' title="bbox 435 215 570 272; baseline 0.03 -3"><span class='ocrx_word' id='word_1_1' title='bbox 435 215 570 272; x_wconf 67' lang='lat' dir='ltr'><strong>HQ!</strong></span> 
     </span>
    </p>
   </div>
   <div class='ocr_carea' id='block_1_2' title="bbox 1586 203 2498 290">
    <p class='ocr_par' dir='ltr' id='par_1_2' title="bbox 1586 203 2498 290">
     <span class='ocr_line' id='line_1_2' title="bbox 1586 203 2498 290; baseline 0.008 -7"><span class='ocrx_word' id='word_1_2' title='bbox 1586 227 1863 284; x_wconf 71' lang='lat' dir='ltr'><strong>comm</strong></span> <span class='ocrx_word' id='word_1_3' title='bbox 1897 229 2175 288; x_wconf 84' lang='lat' dir='ltr'><strong>CELSUM</strong></span> <span class='ocrx_word' id='word_1_4' title='bbox 2213 203 2358 286; x_wconf 68' lang='lat' dir='ltr'><strong>Ltu.&#39;</strong></span> <span class='ocrx_word' id='word_1_5' title='bbox 2382 232 2498 290; x_wconf 89' lang='lat' dir='ltr'><strong>vn.</strong></span> 
     </span>
    </p>
   </div>
   <div class='ocr_carea' id='block_1_3' title="bbox 3557 250 3696 309">
    <p class='ocr_par' dir='ltr' id='par_1_3' title="bbox 3557 250 3696 309">
     <span class='ocr_line' id='line_1_3' title="bbox 3557 250 3696 309; baseline 0.014 -4"><span class='ocrx_word' id='word_1_6' title='bbox 3557 250 3696 309; x_wconf 69' lang='lat'><strong>“23</strong></span> 
     </span>
    </p>
   </div>
   <div class='ocr_carea' id='block_1_4' title="bbox 437 337 1968 426">
    <p class='ocr_par' dir='ltr' id='par_1_4' title="bbox 437 337 1968 419">
     <span class='ocr_line' id='line_1_4' title="bbox 437 337 1968 419; baseline 0.01 -33"><span class='ocrx_word' id='word_1_7' title='bbox 437 351 588 405; x_wconf 81' lang='grc' dir='ltr'>ματι,</span> <span class='ocrx_word' id='word_1_8' title='bbox 623 337 716 390; x_wconf 75' lang='grc' dir='ltr'>καὶ</span> <span class='ocrx_word' id='word_1_9' title='bbox 750 343 1252 410; x_wconf 81' lang='grc' dir='ltr'>πεπροφητευκέναι</span> <span class='ocrx_word' id='word_1_10' title='bbox 1311 345 1436 407; x_wconf 78' lang='grc' dir='ltr'>τοὺς</span> <span class='ocrx_word' id='word_1_11' title='bbox 1483 345 1577 398; x_wconf 88' lang='grc' dir='ltr'><strong>τοῦ</strong></span> <span class='ocrx_word' id='word_1_12' title='bbox 1617 347 1752 400; x_wconf 88' lang='grc' dir='ltr'>Θεοῦ</span> <span class='ocrx_word' id='word_1_13' title='bbox 1799 352 1968 419; x_wconf 63' lang='grc' dir='ltr'>προφί</span> 
     </span>
    </p>
   </div>
   <div class='ocr_carea' id='block_1_5' title="bbox 2078 337 3692 426">
    <p class='ocr_par' dir='ltr' id='par_1_5' title="bbox 2078 350 3692 426">
     <span class='ocr_line' id='line_1_5' title="bbox 2078 350 3692 426; baseline 0.01 -22"><span class='ocrx_word' id='word_1_14' title='bbox 2078 413 2085 422; x_wconf 29' lang='grc'><strong><em>⁵</em></strong></span> <span class='ocrx_word' id='word_1_15' title='bbox 2109 363 2244 404; x_wconf 86' lang='lat' dir='ltr'><strong>erat.</strong></span> <span class='ocrx_word' id='word_1_16' title='bbox 2263 350 2412 416; x_wconf 87' lang='lat' dir='ltr'><strong>Quod</strong></span> <span class='ocrx_word' id='word_1_17' title='bbox 2425 360 2570 406; x_wconf 89' lang='lat' dir='ltr'><strong>certe</strong></span> <span class='ocrx_word' id='word_1_18' title='bbox 2586 366 2690 407; x_wconf 89' lang='lat' dir='ltr'><strong>non</strong></span> <span class='ocrx_word' id='word_1_19' title='bbox 2706 354 2940 409; x_wconf 74' lang='lat' dir='ltr'><strong>coluerat</strong></span> <span class='ocrx_word' id='word_1_20' title='bbox 2963 369 3084 410; x_wconf 91' lang='lat' dir='ltr'><strong>cum</strong></span> <span class='ocrx_word' id='word_1_21' title='bbox 3102 357 3250 413; x_wconf 83' lang='lat' dir='ltr'><strong>dicto</strong></span> <span class='ocrx_word' id='word_1_22' title='bbox 3273 359 3440 426; x_wconf 80' lang='lat' dir='ltr'><strong>Celsi,</strong></span> <span class='ocrx_word' id='word_1_23' title='bbox 3468 379 3488 414; x_wconf 73' lang='grc' dir='ltr'><strong>ι</strong></span> <span class='ocrx_word' id='word_1_24' title='bbox 3519 363 3692 420; x_wconf 87' lang='lat' dir='ltr'><strong>Deum</strong></span> 
     </span>
    </p>
   </div>
   <div class='ocr_carea' id='block_1_6' title="bbox 433 423 2011 508">
    <p class='ocr_par' dir='ltr' id='par_1_6' title="bbox 433 423 2011 508">
     <span class='ocr_line' id='line_1_6' title="bbox 433 423 2011 508; baseline 0.01 -29"><span class='ocrx_word' id='word_1_25' title='bbox 433 440 552 490; x_wconf 84' lang='grc' dir='ltr'>τας.</span> <span class='ocrx_word' id='word_1_26' title='bbox 605 423 700 492; x_wconf 72' lang='grc' dir='ltr'><strong>Οἷς</strong></span> <span class='ocrx_word' id='word_1_27' title='bbox 729 431 827 501; x_wconf 77' lang='grc' dir='ltr'>οὐχ</span> <span class='ocrx_word' id='word_1_28' title='bbox 871 432 1062 486; x_wconf 75' lang='grc' dir='ltr'>ἕπεται</span> <span class='ocrx_word' id='word_1_29' title='bbox 1109 453 1127 485; x_wconf 76' lang='grc' dir='ltr'><strong>ι</strong></span> <span class='ocrx_word' id='word_1_30' title='bbox 1165 436 1225 489; x_wconf 86' lang='grc' dir='ltr'><strong>τὸ</strong></span> <span class='ocrx_word' id='word_1_31' title='bbox 1277 436 1350 506; x_wconf 82' lang='grc' dir='ltr'>μὴ</span> <span class='ocrx_word' id='word_1_32' title='bbox 1398 439 1692 504; x_wconf 76' lang='grc' dir='ltr'>ἐγνωκέναι</span> <span class='ocrx_word' id='word_1_33' title='bbox 1739 441 1830 493; x_wconf 85' lang='grc' dir='ltr'><strong>τὸν</strong></span> <span class='ocrx_word' id='word_1_34' title='bbox 1859 442 2011 508; x_wconf 82' lang='grc' dir='ltr'>Θεὸν,</span> 
     </span>
    </p>
   </div>
   <div class='ocr_carea' id='block_1_7' title="bbox 432 515 2013 603">
    <p class='ocr_par' dir='ltr' id='par_1_7' title="bbox 432 515 2013 603">
     <span class='ocr_line' id='line_1_7' title="bbox 432 515 2013 603; baseline 0.011 -34"><span class='ocrx_word' id='word_1_35' title='bbox 432 515 514 570; x_wconf 83' lang='grc' dir='ltr'>ὃτι</span> <span class='ocrx_word' id='word_1_36' title='bbox 564 524 755 585; x_wconf 83' lang='grc' dir='ltr'>κακοῖς</span> <span class='ocrx_word' id='word_1_37' title='bbox 805 525 898 576; x_wconf 80' lang='grc' dir='ltr'><strong>καὶ</strong></span> <span class='ocrx_word' id='word_1_38' title='bbox 943 527 1412 597; x_wconf 88' lang='grc' dir='ltr'>άμαρτησομένοις</span> <span class='ocrx_word' id='word_1_39' title='bbox 1453 530 1755 600; x_wconf 83' lang='grc' dir='ltr'>ἀνθρώποις</span> <span class='ocrx_word' id='word_1_40' title='bbox 1803 533 2013 603; x_wconf 82' lang='grc' dir='ltr'>πέμπει</span> 
     </span>
    </p>
   </div>
   <div class='ocr_carea' id='block_1_8' title="bbox 430 611 2011 691">
    <p class='ocr_par' dir='ltr' id='par_1_8' title="bbox 430 611 2011 691">
     <span class='ocr_line' id='line_1_8' title="bbox 430 611 2011 691; baseline 0.008 -28"><span class='ocrx_word' id='word_1_41' title='bbox 430 611 525 666; x_wconf 86' lang='grc' dir='ltr'><strong>τὸν</strong></span> <span class='ocrx_word' id='word_1_42' title='bbox 566 613 718 679; x_wconf 88' lang='grc' dir='ltr'>Υίὸν,</span> <span class='ocrx_word' id='word_1_43' title='bbox 765 616 858 668; x_wconf 74' lang='grc' dir='ltr'><strong>καὶ</strong></span> <span class='ocrx_word' id='word_1_44' title='bbox 907 617 1225 670; x_wconf 83' lang='grc' dir='ltr'>κολάσουσιν</span> <span class='ocrx_word' id='word_1_45' title='bbox 1258 619 1438 672; x_wconf 80' lang='grc' dir='ltr'>αὐτόν.</span> <span class='ocrx_word' id='word_1_46' title='bbox 1488 638 1505 669; x_wconf 75' lang='grc' dir='ltr'><strong>ι</strong></span> <span class='ocrx_word' id='word_1_47' title='bbox 1540 621 1754 684; x_wconf 78' lang='grc' dir='ltr'><strong>Εὐθέως</strong></span> <span class='ocrx_word' id='word_1_48' title='bbox 1775 622 1831 674; x_wconf 83' lang='grc' dir='ltr'>δὲ</span> <span class='ocrx_word' id='word_1_49' title='bbox 1865 623 2011 691; x_wconf 81' lang='grc' dir='ltr'>λέγει</span> 
     </span>
    </p>
   </div>
   <div class='ocr_carea' id='block_1_9' title="bbox 373 703 2010 783">
    <p class='ocr_par' dir='ltr' id='par_1_9' title="bbox 373 703 2010 783">
     <span class='ocr_line' id='line_1_9' title="bbox 373 703 2010 783; baseline 0.006 -28"><span class='ocrx_word' id='word_1_50' title='bbox 373 763 390 778; x_wconf 34' lang='grc' dir='ltr'><em>η</em></span> <span class='ocrx_word' id='word_1_51' title='bbox 428 703 512 767; x_wconf 82' lang='grc' dir='ltr'><strong>τὸ,</strong></span> <span class='ocrx_word' id='word_1_52' title='bbox 540 704 707 759; x_wconf 83' lang='grc' dir='ltr'>πάλαι</span> <span class='ocrx_word' id='word_1_53' title='bbox 734 706 907 760; x_wconf 86' lang='grc' dir='ltr'>ταῦτα</span> <span class='ocrx_word' id='word_1_54' title='bbox 935 709 1315 779; x_wconf 80' lang='grc' dir='ltr'><strong>προειρῆσθαι,</strong></span> <span class='ocrx_word' id='word_1_55' title='bbox 1351 711 1407 762; x_wconf 84' lang='grc' dir='ltr'><strong>ὲν</strong></span> <span class='ocrx_word' id='word_1_56' title='bbox 1438 710 1700 781; x_wconf 69' lang='grc' dir='ltr'>ἀπολογίᾳ</span> <span class='ocrx_word' id='word_1_57' title='bbox 1730 713 1818 780; x_wconf 81' lang='grc' dir='ltr'><strong>ὑφ’</strong></span> <span class='ocrx_word' id='word_1_58' title='bbox 1853 714 2010 783; x_wconf 77' lang='grc' dir='ltr'>ἡμῶν</span> 
     </span>
    </p>
   </div>
   <div class='ocr_carea' id='block_1_10' title="bbox 428 797 2008 876">
    <p class='ocr_par' dir='ltr' id='par_1_10' title="bbox 428 797 2008 876">
     <span class='ocr_line' id='line_1_10' title="bbox 428 797 2008 876; baseline 0.005 -26"><span class='ocrx_word' id='word_1_59' title='bbox 428 797 700 865; x_wconf 84' lang='grc' dir='ltr'>λέγεσθαι.</span> <span class='ocrx_word' id='word_1_60' title='bbox 752 799 909 864; x_wconf 85' lang='grc' dir='ltr'>Ἀλλ’,</span> <span class='ocrx_word' id='word_1_61' title='bbox 948 802 1069 854; x_wconf 74' lang='grc' dir='ltr'>ἐπεὶ</span> <span class='ocrx_word' id='word_1_62' title='bbox 1114 798 1358 874; x_wconf 73' lang='grc' dir='ltr'>αὐτάρκη</span> <span class='ocrx_word' id='word_1_63' title='bbox 1401 805 1747 874; x_wconf 78' lang='grc' dir='ltr'>περιγραφὴν</span> <span class='ocrx_word' id='word_1_64' title='bbox 1789 806 2008 876; x_wconf 73' lang='grc' dir='ltr'>εἴληφεν</span> 
     </span>
    </p>
   </div>
   <div class='ocr_carea' id='block_1_11' title="bbox 425 888 2007 963">
    <p class='ocr_par' dir='ltr' id='par_1_11' title="bbox 425 888 2007 963">
     <span class='ocr_line' id='line_1_11' title="bbox 425 888 2007 963; baseline 0.006 -23"><span class='ocrx_word' id='word_1_65' title='bbox 425 890 455 941; x_wconf 82' lang='grc' dir='ltr'>ὁ</span> <span class='ocrx_word' id='word_1_66' title='bbox 485 888 640 952; x_wconf 76' lang='grc' dir='ltr'>ἕκτος</span> <span class='ocrx_word' id='word_1_67' title='bbox 677 891 830 960; x_wconf 85' lang='grc' dir='ltr'>ἡμῶν</span> <span class='ocrx_word' id='word_1_68' title='bbox 858 891 1041 962; x_wconf 75' lang='grc' dir='ltr'>τόμος,</span> <span class='ocrx_word' id='word_1_69' title='bbox 1072 892 1234 963; x_wconf 83' lang='grc' dir='ltr'>αὑτοῦ</span> <span class='ocrx_word' id='word_1_70' title='bbox 1268 911 1367 945; x_wconf 85' lang='grc' dir='ltr'><strong>που</strong></span> <span class='ocrx_word' id='word_1_71' title='bbox 1405 895 1854 959; x_wconf 74' lang='grc' dir='ltr'>καταπαύσαντες</span> <span class='ocrx_word' id='word_1_72' title='bbox 1915 897 2007 949; x_wconf 84' lang='grc' dir='ltr'><strong>τὸν</strong></span> 
     </span>
    </p>
   </div>
   <div class='ocr_carea' id='block_1_12' title="bbox 424 972 2007 1055">
    <p class='ocr_par' dir='ltr' id='par_1_12' title="bbox 424 972 2007 1055">
     <span class='ocr_line' id='line_1_12' title="bbox 424 972 2007 1055; baseline 0.008 -27"><span class='ocrx_word' id='word_1_73' title='bbox 424 975 603 1044; x_wconf 87' lang='grc' dir='ltr'>λόγον,</span> <span class='ocrx_word' id='word_1_74' title='bbox 637 979 932 1048; x_wconf 69' lang='grc' dir='ltr'>ἀρξόμεθα,</span> <span class='ocrx_word' id='word_1_75' title='bbox 960 980 1094 1033; x_wconf 88' lang='grc' dir='ltr'>Θεοῦ</span> <span class='ocrx_word' id='word_1_76' title='bbox 1123 981 1372 1045; x_wconf 74' lang='grc' dir='ltr'>διδόντος,</span> <span class='ocrx_word' id='word_1_77' title='bbox 1398 984 1654 1055; x_wconf 75' lang='grc' dir='ltr'>ἑϐδόμου·</span> <span class='ocrx_word' id='word_1_78' title='bbox 1677 972 1740 1036; x_wconf 69' lang='grc' dir='ltr'>ἒν</span> <span class='ocrx_word' id='word_1_79' title='bbox 1771 981 1814 1054; x_wconf 81' lang='grc' dir='ltr'>ᾧ</span> <span class='ocrx_word' id='word_1_80' title='bbox 1840 989 2007 1041; x_wconf 84' lang='grc' dir='ltr'>ἀπαν-</span> 
     </span>
    </p>
   </div>
   <div class='ocr_carea' id='block_1_13' title="bbox 421 1070 2004 1148">
    <p class='ocr_par' dir='ltr' id='par_1_13' title="bbox 421 1070 2004 1148">
     <span class='ocr_line' id='line_1_13' title="bbox 421 1070 2004 1148; baseline 0.007 -28"><span class='ocrx_word' id='word_1_81' title='bbox 421 1071 522 1138; x_wconf 77' lang='grc' dir='ltr'>τᾷν</span> <span class='ocrx_word' id='word_1_82' title='bbox 555 1070 764 1139; x_wconf 73' lang='grc' dir='ltr'>νομίζει</span> <span class='ocrx_word' id='word_1_83' title='bbox 799 1072 936 1142; x_wconf 84' lang='grc' dir='ltr'>πρὸς</span> <span class='ocrx_word' id='word_1_84' title='bbox 977 1072 1036 1124; x_wconf 85' lang='grc' dir='ltr'><strong>τὸ</strong></span> <span class='ocrx_word' id='word_1_85' title='bbox 1069 1073 1159 1141; x_wconf 79' lang='grc' dir='ltr'>ὑφ’</span> <span class='ocrx_word' id='word_1_86' title='bbox 1197 1073 1355 1143; x_wconf 75' lang='grc' dir='ltr'>ἡμῶν</span> <span class='ocrx_word' id='word_1_87' title='bbox 1398 1075 1670 1142; x_wconf 81' lang='grc' dir='ltr'>λέγεσθαι,</span> <span class='ocrx_word' id='word_1_88' title='bbox 1713 1079 1838 1140; x_wconf 69' lang='grc' dir='ltr'>τοὺς</span> <span class='ocrx_word' id='word_1_89' title='bbox 1873 1096 2004 1148; x_wconf 75' lang='grc' dir='ltr'>προο</span> 
     </span>
    </p>
   </div>
   <div class='ocr_carea' id='block_1_14' title="bbox 420 1162 1999 1239">
    <p class='ocr_par' dir='ltr' id='par_1_14' title="bbox 420 1162 1999 1239">
     <span class='ocr_line' id='line_1_14' title="bbox 420 1162 1999 1239; baseline 0.005 -27"><span class='ocrx_word' id='word_1_90' title='bbox 420 1162 597 1231; x_wconf 78' lang='grc' dir='ltr'>φήτας</span> <span class='ocrx_word' id='word_1_91' title='bbox 658 1163 835 1216; x_wconf 87' lang='grc' dir='ltr'>πάντα</span> <span class='ocrx_word' id='word_1_92' title='bbox 895 1163 965 1215; x_wconf 74' lang='grc' dir='ltr'>τὰ</span> <span class='ocrx_word' id='word_1_93' title='bbox 1011 1164 1140 1234; x_wconf 83' lang='grc' dir='ltr'>περὶ</span> <span class='ocrx_word' id='word_1_94' title='bbox 1197 1165 1292 1217; x_wconf 85' lang='grc' dir='ltr'><strong>τοῦ</strong></span> <span class='ocrx_word' id='word_1_95' title='bbox 1361 1166 1532 1236; x_wconf 83' lang='grc' dir='ltr'>Ἰησοῦ</span> <span class='ocrx_word' id='word_1_96' title='bbox 1591 1169 1999 1239; x_wconf 72' lang='grc' dir='ltr'>προειρηκέναι.</span> 
     </span>
    </p>
   </div>
   <div class='ocr_carea' id='block_1_15' title="bbox 421 1251 1998 1325">
    <p class='ocr_par' dir='ltr' id='par_1_15' title="bbox 421 1251 1998 1325">
     <span class='ocr_line' id='line_1_15' title="bbox 421 1251 1998 1325; baseline 0.004 -21"><span class='ocrx_word' id='word_1_97' title='bbox 421 1251 599 1322; x_wconf 81' lang='grc' dir='ltr'>Ἀπερ</span> <span class='ocrx_word' id='word_1_98' title='bbox 631 1253 752 1305; x_wconf 74' lang='grc' dir='ltr'>ἐπεὶ</span> <span class='ocrx_word' id='word_1_99' title='bbox 791 1254 1011 1306; x_wconf 80' lang='grc' dir='ltr'>πλείονά</span> <span class='ocrx_word' id='word_1_100' title='bbox 1047 1256 1184 1319; x_wconf 77' lang='grc' dir='ltr'>ἐστι,</span> <span class='ocrx_word' id='word_1_101' title='bbox 1235 1257 1328 1308; x_wconf 74' lang='grc' dir='ltr'>καὶ</span> <span class='ocrx_word' id='word_1_102' title='bbox 1370 1256 1610 1319; x_wconf 87' lang='grc' dir='ltr'>πλείονος</span> <span class='ocrx_word' id='word_1_103' title='bbox 1639 1258 1795 1325; x_wconf 86' lang='grc' dir='ltr'>λόγου</span> <span class='ocrx_word' id='word_1_104' title='bbox 1828 1259 1998 1312; x_wconf 82' lang='grc' dir='ltr'>δεῖται</span> 
     </span>
    </p>
   </div>
   <div class='ocr_carea' id='block_1_16' title="bbox 412 1343 1996 1419">
    <p class='ocr_par' dir='ltr' id='par_1_16' title="bbox 412 1343 1996 1419">
     <span class='ocr_line' id='line_1_16' title="bbox 412 1343 1996 1419; baseline 0.004 -21"><span class='ocrx_word' id='word_1_105' title='bbox 412 1343 509 1399; x_wconf 82' lang='grc' dir='ltr'><strong>τοῦ</strong></span> <span class='ocrx_word' id='word_1_106' title='bbox 532 1345 669 1416; x_wconf 85' lang='grc' dir='ltr'>πρὸς</span> <span class='ocrx_word' id='word_1_107' title='bbox 708 1345 874 1398; x_wconf 83' lang='grc' dir='ltr'>αὐτά·</span> <span class='ocrx_word' id='word_1_108' title='bbox 910 1345 1034 1398; x_wconf 73' lang='grc' dir='ltr'>οὔτε</span> <span class='ocrx_word' id='word_1_109' title='bbox 1066 1346 1316 1416; x_wconf 62' lang='grc' dir='ltr'>διακόψαι</span> <span class='ocrx_word' id='word_1_110' title='bbox 1350 1347 1739 1419; x_wconf 77' lang='grc' dir='ltr'>ἐϐουλήθημεν,</span> <span class='ocrx_word' id='word_1_111' title='bbox 1773 1350 1876 1403; x_wconf 80' lang='grc' dir='ltr'>ὑπὸ</span> <span class='ocrx_word' id='word_1_112' title='bbox 1902 1352 1996 1405; x_wconf 89' lang='grc' dir='ltr'><strong>τοῦ</strong></span> 
     </span>
    </p>
   </div>
   <div class='ocr_carea' id='block_1_17' title="bbox 418 1433 1994 1512">
    <p class='ocr_par' dir='ltr' id='par_1_17' title="bbox 418 1433 1994 1512">
     <span class='ocr_line' id='line_1_17' title="bbox 418 1433 1994 1512; baseline 0.007 -27"><span class='ocrx_word' id='word_1_113' title='bbox 418 1434 682 1503; x_wconf 86' lang='grc' dir='ltr'>μεγέθους</span> <span class='ocrx_word' id='word_1_114' title='bbox 707 1433 1136 1506; x_wconf 75' lang='grc' dir='ltr'>ἀναγκαζόμενοι</span> <span class='ocrx_word' id='word_1_115' title='bbox 1175 1438 1269 1490; x_wconf 89' lang='grc' dir='ltr'><strong>τοῦ</strong></span> <span class='ocrx_word' id='word_1_116' title='bbox 1305 1438 1530 1507; x_wconf 86' lang='grc' dir='ltr'>βιϐλίου,</span> <span class='ocrx_word' id='word_1_117' title='bbox 1566 1439 1708 1503; x_wconf 76' lang='grc' dir='ltr'>οὔτε,</span> <span class='ocrx_word' id='word_1_118' title='bbox 1737 1442 1873 1512; x_wconf 79' lang='grc' dir='ltr'>ὑπὲρ</span> <span class='ocrx_word' id='word_1_119' title='bbox 1903 1443 1994 1496; x_wconf 88' lang='grc' dir='ltr'><strong>τοῦ</strong></span> 
     </span>
    </p>
   </div>
   <div class='ocr_carea' id='block_1_18' title="bbox 415 1525 1994 1603">
    <p class='ocr_par' dir='ltr' id='par_1_18' title="bbox 415 1525 1994 1603">
     <span class='ocr_line' id='line_1_18' title="bbox 415 1525 1994 1603; baseline 0.004 -25"><span class='ocrx_word' id='word_1_120' title='bbox 415 1526 490 1595; x_wconf 83' lang='grc' dir='ltr'>μὴ</span> <span class='ocrx_word' id='word_1_121' title='bbox 516 1525 768 1595; x_wconf 64' lang='grc' dir='ltr'>διακόψαι</span> <span class='ocrx_word' id='word_1_122' title='bbox 797 1528 888 1579; x_wconf 90' lang='grc' dir='ltr'><strong>τὸν</strong></span> <span class='ocrx_word' id='word_1_123' title='bbox 906 1528 1091 1595; x_wconf 79' lang='grc' dir='ltr'>λόγον,</span> <span class='ocrx_word' id='word_1_124' title='bbox 1115 1529 1368 1598; x_wconf 81' lang='grc' dir='ltr'>μέγιστον</span> <span class='ocrx_word' id='word_1_125' title='bbox 1407 1532 1732 1602; x_wconf 78' lang='grc' dir='ltr'>ποιῆσαικαὶ</span> <span class='ocrx_word' id='word_1_126' title='bbox 1769 1533 1905 1603; x_wconf 81' lang='grc' dir='ltr'>ὑπὲρ</span> <span class='ocrx_word' id='word_1_127' title='bbox 1934 1533 1994 1586; x_wconf 89' lang='grc' dir='ltr'><strong>τὸ</strong></span> 
     </span>
    </p>
   </div>
   <div class='ocr_carea' id='block_1_19' title="bbox 412 1617 1250 1690">
    <p class='ocr_par' dir='ltr' id='par_1_19' title="bbox 412 1617 1250 1690">
     <span class='ocr_line' id='line_1_19' title="bbox 412 1617 1250 1690; baseline 0.005 -22"><span class='ocrx_word' id='word_1_128' title='bbox 412 1617 726 1688; x_wconf 82' lang='grc' dir='ltr'>σύμμετρον</span> <span class='ocrx_word' id='word_1_129' title='bbox 756 1619 846 1672; x_wconf 84' lang='grc' dir='ltr'><strong>τὸν</strong></span> <span class='ocrx_word' id='word_1_130' title='bbox 875 1620 1033 1672; x_wconf 84' lang='grc' dir='ltr'>’ἐκτον</span> <span class='ocrx_word' id='word_1_131' title='bbox 1065 1621 1250 1690; x_wconf 77' lang='grc' dir='ltr'>τόμον.</span> 
     </span>
    </p>
   </div>
   <div class='ocr_carea' id='block_1_20' title="bbox 1311 1807 3556 1838">
    <p class='ocr_par' dir='ltr' id='par_1_20' title="bbox 1311 1807 3556 1838">
     <span class='ocr_line' id='line_1_20' title="bbox 1311 1807 3556 1838; baseline 0.003 -6"><span class='ocrx_word' id='word_1_132' title='bbox 1311 1807 3556 1838; x_wconf 46' lang='grc' dir='ltr'><strong>*ἯΜ--ῄη</strong></span> 
     </span>
    </p>
   </div>
   <div class='ocr_carea' id='block_1_21' title="bbox 851 1805 3162 2060">
    <p class='ocr_par' dir='ltr' id='par_1_21' title="bbox 924 1837 3162 2060">
     <span class='ocr_line' id='line_1_21' title="bbox 924 1837 3162 2060; baseline 0.005 -14"><span class='ocrx_word' id='word_1_133' title='bbox 924 1919 1863 2053; x_wconf 76' lang='grc' dir='ltr'><strong>ΩΡΙΓΕΝΟΥΣ</strong></span> <span class='ocrx_word' id='word_1_134' title='bbox 1938 1837 2404 2052; x_wconf 78' lang='grc' dir='ltr'>ΚΑΤΑ</span> <span class='ocrx_word' id='word_1_135' title='bbox 2475 1923 3162 2060; x_wconf 84' lang='grc' dir='ltr'><strong>ΚΕΛΣοΥ</strong></span> 
     </span>
    </p>
   </div>
   <div class='ocr_carea' id='block_1_22' title="bbox 2123 446 3694 514">
    <p class='ocr_par' dir='ltr' id='par_1_22' title="bbox 2123 446 3694 514">
     <span class='ocr_line' id='line_1_22' title="bbox 2123 446 3694 514; baseline 0.011 -17"><span class='ocrx_word' id='word_1_136' title='bbox 2123 446 2423 500; x_wconf 84' lang='lat' dir='ltr'><strong>nescivisse</strong></span> <span class='ocrx_word' id='word_1_137' title='bbox 2457 461 2514 500; x_wconf 90' lang='lat' dir='ltr'><strong>se</strong></span> <span class='ocrx_word' id='word_1_138' title='bbox 2544 447 2761 503; x_wconf 92' lang='lat' dir='ltr'><strong>mittere</strong></span> <span class='ocrx_word' id='word_1_139' title='bbox 2797 447 2994 503; x_wconf 85' lang='lat' dir='ltr'><strong>Filium</strong></span> <span class='ocrx_word' id='word_1_140' title='bbox 3033 451 3098 505; x_wconf 88' lang='lat' dir='ltr'><strong>ad</strong></span> <span class='ocrx_word' id='word_1_141' title='bbox 3138 453 3387 512; x_wconf 85' lang='lat' dir='ltr'><strong>homines</strong></span> <span class='ocrx_word' id='word_1_142' title='bbox 3419 458 3590 514; x_wconf 86' lang='lat' dir='ltr'><strong>malos</strong></span> <span class='ocrx_word' id='word_1_143' title='bbox 3637 469 3694 514; x_wconf 83' lang='lat' dir='ltr'><strong>et</strong></span> 
     </span>
    </p>
   </div>
   <div class='ocr_carea' id='block_1_23' title="bbox 2120 538 3685 613">
    <p class='ocr_par' dir='ltr' id='par_1_23' title="bbox 2120 538 3685 613">
     <span class='ocr_line' id='line_1_23' title="bbox 2120 538 3685 613; baseline 0.011 -25"><span class='ocrx_word' id='word_1_144' title='bbox 2120 548 2462 604; x_wconf 91' lang='lat' dir='ltr'><strong>peccaturos,</strong></span> <span class='ocrx_word' id='word_1_145' title='bbox 2499 539 2589 607; x_wconf 94' lang='lat' dir='ltr'><strong>qui</strong></span> <span class='ocrx_word' id='word_1_146' title='bbox 2640 538 2787 592; x_wconf 88' lang='lat' dir='ltr'><strong>illum</strong></span> <span class='ocrx_word' id='word_1_147' title='bbox 2835 549 2992 596; x_wconf 87' lang='lat' dir='ltr'><strong>erant</strong></span> <span class='ocrx_word' id='word_1_148' title='bbox 3035 545 3299 613; x_wconf 89' lang='lat' dir='ltr'><strong>supplicio</strong></span> <span class='ocrx_word' id='word_1_149' title='bbox 3351 546 3621 605; x_wconf 77' lang='lat' dir='ltr'><strong>affecturi.</strong></span> <span class='ocrx_word' id='word_1_150' title='bbox 3664 570 3685 605; x_wconf 69' lang='grc' dir='ltr'><strong>ι</strong></span> 
     </span>
    </p>
   </div>
   <div class='ocr_carea' id='block_1_24' title="bbox 2120 626 3691 710">
    <p class='ocr_par' dir='ltr' id='par_1_24' title="bbox 2120 626 3691 710">
     <span class='ocr_line' id='line_1_24' title="bbox 2120 626 3691 710; baseline 0.011 -32"><span class='ocrx_word' id='word_1_151' title='bbox 2120 626 2238 680; x_wconf 85' lang='lat' dir='ltr'><strong>Mox</strong></span> <span class='ocrx_word' id='word_1_152' title='bbox 2265 636 2443 682; x_wconf 88' lang='lat' dir='ltr'><strong>tamen</strong></span> <span class='ocrx_word' id='word_1_153' title='bbox 2476 627 2678 684; x_wconf 87' lang='lat' dir='ltr'><strong>fatetur</strong></span> <span class='ocrx_word' id='word_1_154' title='bbox 2703 631 2773 685; x_wconf 87' lang='lat' dir='ltr'><strong>ita</strong></span> <span class='ocrx_word' id='word_1_155' title='bbox 2808 631 2922 685; x_wconf 69' lang='lat' dir='ltr'><strong>haec</strong></span> <span class='ocrx_word' id='word_1_156' title='bbox 2947 647 2973 685; x_wconf 91' lang='lat' dir='ltr'><strong>a</strong></span> <span class='ocrx_word' id='word_1_157' title='bbox 3006 635 3164 689; x_wconf 91' lang='lat' dir='ltr'><strong>nobis</strong></span> <span class='ocrx_word' id='word_1_158' title='bbox 3198 637 3434 703; x_wconf 78' lang='lat' dir='ltr'><strong>defendi,</strong></span> <span class='ocrx_word' id='word_1_159' title='bbox 3464 649 3523 694; x_wconf 85' lang='lat' dir='ltr'><strong>ut</strong></span> <span class='ocrx_word' id='word_1_160' title='bbox 3549 656 3691 710; x_wconf 59' lang='lat' dir='ltr'><strong>prmo</strong></span> 
     </span>
    </p>
   </div>
   <div class='ocr_carea' id='block_1_25' title="bbox 2116 716 3689 800">
    <p class='ocr_par' dir='ltr' id='par_1_25' title="bbox 2116 716 3689 800">
     <span class='ocr_line' id='line_1_25' title="bbox 2116 716 3689 800; baseline 0.011 -32"><span class='ocrx_word' id='word_1_161' title='bbox 2116 716 2257 770; x_wconf 88' lang='lat' dir='ltr'><strong>dicta</strong></span> <span class='ocrx_word' id='word_1_162' title='bbox 2288 718 2416 771; x_wconf 92' lang='lat' dir='ltr'><strong>olim</strong></span> <span class='ocrx_word' id='word_1_163' title='bbox 2447 717 2615 772; x_wconf 83' lang='lat' dir='ltr'><strong>fuisse</strong></span> <span class='ocrx_word' id='word_1_164' title='bbox 2651 719 2913 774; x_wconf 79' lang='lat' dir='ltr'><strong>dicamus.</strong></span> <span class='ocrx_word' id='word_1_165' title='bbox 2940 721 3206 788; x_wconf 80' lang='lat' dir='ltr'><strong>Quoniam</strong></span> <span class='ocrx_word' id='word_1_166' title='bbox 3227 740 3354 780; x_wconf 88' lang='lat' dir='ltr'><strong>vero</strong></span> <span class='ocrx_word' id='word_1_167' title='bbox 3369 729 3689 800; x_wconf 63' lang='lat' dir='ltr'><strong>6945mm</strong></span> 
     </span>
    </p>
   </div>
   <div class='ocr_carea' id='block_1_26' title="bbox 2117 805 3688 877">
    <p class='ocr_par' dir='ltr' id='par_1_26' title="bbox 2117 805 3688 877">
     <span class='ocr_line' id='line_1_26' title="bbox 2117 805 3688 877; baseline 0.011 -19"><span class='ocrx_word' id='word_1_168' title='bbox 2117 805 2284 874; x_wconf 86' lang='lat' dir='ltr'><strong>hujus</strong></span> <span class='ocrx_word' id='word_1_169' title='bbox 2335 807 2454 861; x_wconf 86' lang='lat' dir='ltr'><strong>libri</strong></span> <span class='ocrx_word' id='word_1_170' title='bbox 2479 809 2592 877; x_wconf 90' lang='lat' dir='ltr'><strong>jam</strong></span> <span class='ocrx_word' id='word_1_171' title='bbox 2618 809 2762 876; x_wconf 89' lang='lat' dir='ltr'><strong>justa</strong></span> <span class='ocrx_word' id='word_1_172' title='bbox 2799 811 2971 865; x_wconf 90' lang='lat' dir='ltr'><strong>moles</strong></span> <span class='ocrx_word' id='word_1_173' title='bbox 2998 823 3100 877; x_wconf 92' lang='lat' dir='ltr'><strong>est,</strong></span> <span class='ocrx_word' id='word_1_174' title='bbox 3138 815 3228 869; x_wconf 89' lang='lat' dir='ltr'><strong>hic</strong></span> <span class='ocrx_word' id='word_1_175' title='bbox 3276 816 3436 872; x_wconf 89' lang='lat' dir='ltr'><strong>finem</strong></span> <span class='ocrx_word' id='word_1_176' title='bbox 3469 822 3543 873; x_wconf 85' lang='lat' dir='ltr'><strong>illi</strong></span> <span class='ocrx_word' id='word_1_177' title='bbox 3585 823 3688 874; x_wconf 89' lang='lat' dir='ltr'><strong>im-</strong></span> 
     </span>
    </p>
   </div>
   <div class='ocr_carea' id='block_1_27' title="bbox 2112 896 3686 974">
    <p class='ocr_par' dir='ltr' id='par_1_27' title="bbox 2112 896 3686 974">
     <span class='ocr_line' id='line_1_27' title="bbox 2112 896 3686 974; baseline 0.014 -27"><span class='ocrx_word' id='word_1_178' title='bbox 2112 896 2384 964; x_wconf 87' lang='lat' dir='ltr'><strong>ponimus,</strong></span> <span class='ocrx_word' id='word_1_179' title='bbox 2422 897 2689 966; x_wconf 88' lang='lat' dir='ltr'><strong>incepturi</strong></span> <span class='ocrx_word' id='word_1_180' title='bbox 2725 901 2833 954; x_wconf 90' lang='lat' dir='ltr'><strong>Deo</strong></span> <span class='ocrx_word' id='word_1_181' title='bbox 2858 900 3021 956; x_wconf 83' lang='lat' dir='ltr'><strong>dante</strong></span> <span class='ocrx_word' id='word_1_182' title='bbox 3058 907 3371 974; x_wconf 81' lang='lat' dir='ltr'><strong>septimum,</strong></span> <span class='ocrx_word' id='word_1_183' title='bbox 3413 911 3506 964; x_wconf 88' lang='lat' dir='ltr'><strong>ubi</strong></span> <span class='ocrx_word' id='word_1_184' title='bbox 3533 927 3686 968; x_wconf 84' lang='lat' dir='ltr'><strong>ever-</strong></span> 
     </span>
    </p>
   </div>
   <div class='ocr_carea' id='block_1_28' title="bbox 2114 990 3682 1067">
    <p class='ocr_par' dir='ltr' id='par_1_28' title="bbox 2114 990 3682 1067">
     <span class='ocr_line' id='line_1_28' title="bbox 2114 990 3682 1067; baseline 0.013 -29"><span class='ocrx_word' id='word_1_185' title='bbox 2114 993 2227 1039; x_wconf 90' lang='lat' dir='ltr'><strong>tere</strong></span> <span class='ocrx_word' id='word_1_186' title='bbox 2253 1002 2310 1040; x_wconf 89' lang='lat' dir='ltr'><strong>se</strong></span> <span class='ocrx_word' id='word_1_187' title='bbox 2339 997 2487 1056; x_wconf 88' lang='lat' dir='ltr'><strong>putat</strong></span> <span class='ocrx_word' id='word_1_188' title='bbox 2517 990 2565 1041; x_wconf 90' lang='lat' dir='ltr'><strong>id</strong></span> <span class='ocrx_word' id='word_1_189' title='bbox 2600 990 2738 1058; x_wconf 85' lang='lat' dir='ltr'><strong>quod</strong></span> <span class='ocrx_word' id='word_1_190' title='bbox 2773 991 3026 1056; x_wconf 84' lang='lat' dir='ltr'><strong>dicimus,</strong></span> <span class='ocrx_word' id='word_1_191' title='bbox 3066 1009 3403 1067; x_wconf 71' lang='lat' dir='ltr'><strong>qnmcunque</strong></span> <span class='ocrx_word' id='word_1_192' title='bbox 3435 995 3562 1056; x_wconf 82' lang='lat' dir='ltr'><strong>Jesu</strong></span> <span class='ocrx_word' id='word_1_193' title='bbox 3587 1018 3682 1059; x_wconf 89' lang='lat' dir='ltr'><strong>ac-</strong></span> 
     </span>
    </p>
   </div>
   <div class='ocr_carea' id='block_1_29' title="bbox 2111 1075 3682 1160">
    <p class='ocr_par' dir='ltr' id='par_1_29' title="bbox 2111 1075 3682 1160">
     <span class='ocr_line' id='line_1_29' title="bbox 2111 1075 3682 1160; baseline 0.013 -34"><span class='ocrx_word' id='word_1_194' title='bbox 2111 1075 2385 1138; x_wconf 85' lang='lat' dir='ltr'><strong>ciderunt,</strong></span> <span class='ocrx_word' id='word_1_195' title='bbox 2413 1092 2440 1129; x_wconf 91' lang='lat' dir='ltr'><strong>a</strong></span> <span class='ocrx_word' id='word_1_196' title='bbox 2480 1079 2762 1146; x_wconf 88' lang='lat' dir='ltr'><strong>pr0phetis</strong></span> <span class='ocrx_word' id='word_1_197' title='bbox 2803 1077 2968 1134; x_wconf 89' lang='lat' dir='ltr'><strong>fuisse</strong></span> <span class='ocrx_word' id='word_1_198' title='bbox 2997 1086 3376 1148; x_wconf 77' lang='lat' dir='ltr'><strong>prtenuntiata.</strong></span> <span class='ocrx_word' id='word_1_199' title='bbox 3417 1088 3520 1142; x_wconf 87' lang='lat' dir='ltr'><strong>Sed</strong></span> <span class='ocrx_word' id='word_1_200' title='bbox 3555 1093 3682 1160; x_wconf 84' lang='lat' dir='ltr'><strong>quia</strong></span> 
     </span>
    </p>
   </div>
   <div class='ocr_carea' id='block_1_30' title="bbox 2109 1165 3676 1250">
    <p class='ocr_par' dir='ltr' id='par_1_30' title="bbox 2109 1165 3676 1250">
     <span class='ocr_line' id='line_1_30' title="bbox 2109 1165 3676 1250; baseline 0.012 -32"><span class='ocrx_word' id='word_1_201' title='bbox 2109 1165 2224 1219; x_wconf 62' lang='lat' dir='ltr'><strong>haec</strong></span> <span class='ocrx_word' id='word_1_202' title='bbox 2254 1167 2420 1220; x_wconf 89' lang='lat' dir='ltr'><strong>multa</strong></span> <span class='ocrx_word' id='word_1_203' title='bbox 2464 1181 2589 1222; x_wconf 90' lang='lat' dir='ltr'><strong>sunt</strong></span> <span class='ocrx_word' id='word_1_204' title='bbox 2621 1185 2792 1238; x_wconf 90' lang='lat' dir='ltr'><strong>eaque</strong></span> <span class='ocrx_word' id='word_1_205' title='bbox 2843 1186 2947 1225; x_wconf 91' lang='lat' dir='ltr'><strong>non</strong></span> <span class='ocrx_word' id='word_1_206' title='bbox 2981 1174 3082 1226; x_wconf 87' lang='lat' dir='ltr'><strong>nisi</strong></span> <span class='ocrx_word' id='word_1_207' title='bbox 3115 1176 3298 1232; x_wconf 92' lang='lat' dir='ltr'><strong>multis</strong></span> <span class='ocrx_word' id='word_1_208' title='bbox 3348 1185 3676 1250; x_wconf 88' lang='lat' dir='ltr'><strong>pertractari</strong></span> 
     </span>
    </p>
   </div>
   <div class='ocr_carea' id='block_1_31' title="bbox 2106 1262 3677 1332">
    <p class='ocr_par' dir='ltr' id='par_1_31' title="bbox 2106 1262 3677 1332">
     <span class='ocr_line' id='line_1_31' title="bbox 2106 1262 3677 1332; baseline 0.013 -21"><span class='ocrx_word' id='word_1_209' title='bbox 2106 1271 2353 1328; x_wconf 88' lang='lat' dir='ltr'><strong>possunt,</strong></span> <span class='ocrx_word' id='word_1_210' title='bbox 2395 1262 2666 1317; x_wconf 86' lang='lat' dir='ltr'><strong>noluimus</strong></span> <span class='ocrx_word' id='word_1_211' title='bbox 2707 1274 2800 1317; x_wconf 87' lang='lat' dir='ltr'><strong>aut</strong></span> <span class='ocrx_word' id='word_1_212' title='bbox 2835 1266 3159 1323; x_wconf 83' lang='lat' dir='ltr'><strong>intercidere</strong></span> <span class='ocrx_word' id='word_1_213' title='bbox 3193 1286 3497 1328; x_wconf 89' lang='lat' dir='ltr'><strong>sermonem</strong></span> <span class='ocrx_word' id='word_1_214' title='bbox 3523 1278 3587 1329; x_wconf 90' lang='lat' dir='ltr'><strong>ad</strong></span> <span class='ocrx_word' id='word_1_215' title='bbox 3627 1279 3677 1332; x_wconf 88' lang='lat' dir='ltr'><strong>id</strong></span> 
     </span>
    </p>
   </div>
   <div class='ocr_carea' id='block_1_32' title="bbox 2107 1351 3679 1424">
    <p class='ocr_par' dir='ltr' id='par_1_32' title="bbox 2107 1351 3679 1424">
     <span class='ocr_line' id='line_1_32' title="bbox 2107 1351 3679 1424; baseline 0.011 -21"><span class='ocrx_word' id='word_1_216' title='bbox 2107 1351 2284 1404; x_wconf 92' lang='lat' dir='ltr'><strong>coacti</strong></span> <span class='ocrx_word' id='word_1_217' title='bbox 2316 1352 2607 1407; x_wconf 86' lang='lat' dir='ltr'><strong>voluminis</strong></span> <span class='ocrx_word' id='word_1_218' title='bbox 2633 1355 2976 1422; x_wconf 82' lang='lat' dir='ltr'><strong>prolixitate;</strong></span> <span class='ocrx_word' id='word_1_219' title='bbox 3029 1369 3144 1424; x_wconf 91' lang='lat' dir='ltr'><strong>aut,</strong></span> <span class='ocrx_word' id='word_1_220' title='bbox 3177 1375 3245 1414; x_wconf 89' lang='lat' dir='ltr'><strong>ne</strong></span> <span class='ocrx_word' id='word_1_221' title='bbox 3283 1377 3464 1417; x_wconf 87' lang='lat' dir='ltr'><strong>sermo</strong></span> <span class='ocrx_word' id='word_1_222' title='bbox 3507 1366 3679 1420; x_wconf 83' lang='lat' dir='ltr'><strong>inter-</strong></span> 
     </span>
    </p>
   </div>
   <div class='ocr_carea' id='block_1_33' title="bbox 2106 1442 3674 1519">
    <p class='ocr_par' dir='ltr' id='par_1_33' title="bbox 2106 1442 3674 1519">
     <span class='ocr_line' id='line_1_33' title="bbox 2106 1442 3674 1519; baseline 0.01 -23"><span class='ocrx_word' id='word_1_223' title='bbox 2106 1442 2342 1508; x_wconf 89' lang='lat' dir='ltr'><strong>cidatur,</strong></span> <span class='ocrx_word' id='word_1_224' title='bbox 2389 1455 2600 1498; x_wconf 80' lang='lat' dir='ltr'><strong>sextum</strong></span> <span class='ocrx_word' id='word_1_225' title='bbox 2642 1447 2782 1500; x_wconf 93' lang='lat' dir='ltr'><strong>hunc</strong></span> <span class='ocrx_word' id='word_1_226' title='bbox 2816 1447 3014 1503; x_wconf 89' lang='lat' dir='ltr'><strong>librum</strong></span> <span class='ocrx_word' id='word_1_227' title='bbox 3050 1453 3351 1519; x_wconf 88' lang='lat' dir='ltr'><strong>producere</strong></span> <span class='ocrx_word' id='word_1_228' title='bbox 3400 1457 3466 1510; x_wconf 89' lang='lat' dir='ltr'><strong>ad</strong></span> <span class='ocrx_word' id='word_1_229' title='bbox 3505 1456 3674 1512; x_wconf 78' lang='lat' dir='ltr'><strong>maxi-</strong></span> 
     </span>
    </p>
   </div>
   <div class='ocr_carea' id='block_1_34' title="bbox 2102 1535 3672 1609">
    <p class='ocr_par' dir='ltr' id='par_1_34' title="bbox 2102 1535 3672 1609">
     <span class='ocr_line' id='line_1_34' title="bbox 2102 1535 3672 1609; baseline 0.011 -22"><span class='ocrx_word' id='word_1_230' title='bbox 2102 1549 2247 1587; x_wconf 88' lang='lat' dir='ltr'><strong>mam</strong></span> <span class='ocrx_word' id='word_1_231' title='bbox 2280 1535 2706 1606; x_wconf 70' lang='lat' dir='ltr'><strong>longitudinem,</strong></span> <span class='ocrx_word' id='word_1_232' title='bbox 2750 1548 2806 1594; x_wconf 88' lang='lat' dir='ltr'><strong>et</strong></span> <span class='ocrx_word' id='word_1_233' title='bbox 2849 1555 2970 1608; x_wconf 70' lang='lat' dir='ltr'><strong>qum</strong></span> <span class='ocrx_word' id='word_1_234' title='bbox 3013 1543 3216 1609; x_wconf 84' lang='lat' dir='ltr'><strong>justum</strong></span> <span class='ocrx_word' id='word_1_235' title='bbox 3254 1546 3468 1601; x_wconf 81' lang='lat' dir='ltr'><strong>modum</strong></span> <span class='ocrx_word' id='word_1_236' title='bbox 3505 1561 3672 1604; x_wconf 83' lang='lat' dir='ltr'><strong>exce-</strong></span> 
     </span>
    </p>
   </div>
   <div class='ocr_carea' id='block_1_35' title="bbox 2102 1627 2272 1684">
    <p class='ocr_par' dir='ltr' id='par_1_35' title="bbox 2102 1627 2272 1684">
     <span class='ocr_line' id='line_1_35' title="bbox 2102 1627 2272 1684; baseline 0.018 -3"><span class='ocrx_word' id='word_1_237' title='bbox 2102 1627 2272 1684; x_wconf 85' lang='lat' dir='ltr'><strong>deret.</strong></span> 
     </span>
    </p>
   </div>
   <div class='ocr_carea' id='block_1_36' title="bbox 1521 2151 2514 2249">
    <p class='ocr_par' dir='ltr' id='par_1_36' title="bbox 1521 2151 2514 2249">
     <span class='ocr_line' id='line_1_36' title="bbox 1521 2151 2514 2249; baseline 0 -5"><span class='ocrx_word' id='word_1_238' title='bbox 1521 2151 1905 2249; x_wconf 87' lang='grc' dir='ltr'><strong>ἸῸΜΟΣ</strong></span> <span class='ocrx_word' id='word_1_239' title='bbox 1968 2155 2514 2247; x_wconf 86' lang='grc' dir='ltr'><strong>ΕΒΔΟΜΟΣ.</strong></span> 
     </span>
    </p>
   </div>
   <div class='ocr_carea' id='block_1_37' title="bbox 613 2419 3419 2524">
    <p class='ocr_par' dir='ltr' id='par_1_37' title="bbox 613 2419 3419 2524">
     <span class='ocr_line' id='line_1_37' title="bbox 613 2419 3419 2524; baseline 0.001 -4"><span class='ocrx_word' id='word_1_240' title='bbox 613 2419 1193 2522; x_wconf 84' lang='lat' dir='ltr'><strong>ORIGENIS</strong></span> <span class='ocrx_word' id='word_1_241' title='bbox 1263 2425 1740 2522; x_wconf 83' lang='lat' dir='ltr'><strong>CONTRA</strong></span> <span class='ocrx_word' id='word_1_242' title='bbox 1815 2429 2279 2520; x_wconf 88' lang='lat' dir='ltr'><strong>CELSUM</strong></span> <span class='ocrx_word' id='word_1_243' title='bbox 2355 2427 2706 2518; x_wconf 81' lang='lat' dir='ltr'><strong>LIBER</strong></span> <span class='ocrx_word' id='word_1_244' title='bbox 2786 2428 3419 2524; x_wconf 87' lang='lat' dir='ltr'><strong>SEPTIMUS.</strong></span> 
     </span>
    </p>
   </div>
   <div class='ocr_carea' id='block_1_38' title="bbox 494 2709 2056 2786">
    <p class='ocr_par' dir='ltr' id='par_1_38' title="bbox 494 2709 2056 2786">
     <span class='ocr_line' id='line_1_38' title="bbox 494 2709 2056 2786; baseline 0.002 -20"><span class='ocrx_word' id='word_1_245' title='bbox 494 2713 584 2766; x_wconf 83' lang='grc' dir='ltr'>Ἐν</span> <span class='ocrx_word' id='word_1_246' title='bbox 629 2711 689 2776; x_wconf 81' lang='grc' dir='ltr'><strong>ἒξ</strong></span> <span class='ocrx_word' id='word_1_247' title='bbox 716 2712 830 2775; x_wconf 87' lang='grc' dir='ltr'>τοῖς</span> <span class='ocrx_word' id='word_1_248' title='bbox 868 2710 974 2782; x_wconf 83' lang='grc' dir='ltr'><strong>πρὸ</strong></span> <span class='ocrx_word' id='word_1_249' title='bbox 999 2709 1223 2776; x_wconf 74' lang='grc' dir='ltr'>τούτων,</span> <span class='ocrx_word' id='word_1_250' title='bbox 1275 2711 1387 2784; x_wconf 81' lang='grc' dir='ltr'>ίερὲ</span> <span class='ocrx_word' id='word_1_251' title='bbox 1440 2711 1634 2782; x_wconf 82' lang='grc' dir='ltr'>ἀδελφὲ</span> <span class='ocrx_word' id='word_1_252' title='bbox 1667 2711 1976 2786; x_wconf 78' lang='grc' dir='ltr'>Ἀμϐρὸσιε,</span> <span class='ocrx_word' id='word_1_253' title='bbox 2009 2724 2056 2783; x_wconf 77' lang='grc' dir='ltr'><strong>Β</strong></span> 
     </span>
    </p>
   </div>
   <div class='ocr_carea' id='block_1_39' title="bbox 395 2802 1972 2877">
    <p class='ocr_par' dir='ltr' id='par_1_39' title="bbox 395 2802 1972 2877">
     <span class='ocr_line' id='line_1_39' title="bbox 395 2802 1972 2877; baseline 0.002 -20"><span class='ocrx_word' id='word_1_254' title='bbox 395 2804 814 2872; x_wconf 76' lang='grc' dir='ltr'>ἀγωνισάμενοι,</span> <span class='ocrx_word' id='word_1_255' title='bbox 851 2803 990 2856; x_wconf 89' lang='grc' dir='ltr'><strong>κατά</strong></span> <span class='ocrx_word' id='word_1_256' title='bbox 1022 2803 1084 2855; x_wconf 91' lang='grc' dir='ltr'><strong>τὸ</strong></span> <span class='ocrx_word' id='word_1_257' title='bbox 1123 2802 1343 2857; x_wconf 86' lang='grc' dir='ltr'>δυνατὸν</span> <span class='ocrx_word' id='word_1_258' title='bbox 1388 2805 1538 2874; x_wconf 78' lang='grc' dir='ltr'>ἡμῖν,</span> <span class='ocrx_word' id='word_1_259' title='bbox 1583 2803 1806 2873; x_wconf 80' lang='grc' dir='ltr'>βιϐλίοις</span> <span class='ocrx_word' id='word_1_260' title='bbox 1838 2808 1972 2877; x_wconf 86' lang='grc' dir='ltr'>πρὸς</span> 
     </span>
    </p>
   </div>
   <div class='ocr_carea' id='block_1_40' title="bbox 391 2894 1966 2967">
    <p class='ocr_par' dir='ltr' id='par_1_40' title="bbox 391 2894 1966 2967">
     <span class='ocr_line' id='line_1_40' title="bbox 391 2894 1966 2967; baseline 0.002 -20"><span class='ocrx_word' id='word_1_261' title='bbox 391 2895 490 2959; x_wconf 84' lang='grc' dir='ltr'>τὰς</span> <span class='ocrx_word' id='word_1_262' title='bbox 524 2895 731 2948; x_wconf 81' lang='grc' dir='ltr'>Κέλσου</span> <span class='ocrx_word' id='word_1_263' title='bbox 753 2895 892 2948; x_wconf 77' lang='grc' dir='ltr'>κατὰ</span> <span class='ocrx_word' id='word_1_264' title='bbox 917 2894 1257 2965; x_wconf 79' lang='grc' dir='ltr'>Χριστιανῶν</span> <span class='ocrx_word' id='word_1_265' title='bbox 1286 2895 1635 2966; x_wconf 81' lang='grc' dir='ltr'>κατηγορίας,</span> <span class='ocrx_word' id='word_1_266' title='bbox 1667 2896 1760 2948; x_wconf 81' lang='grc' dir='ltr'><strong>καὶ</strong></span> <span class='ocrx_word' id='word_1_267' title='bbox 1781 2897 1966 2967; x_wconf 84' lang='grc' dir='ltr'>μηδὲν,</span> 
     </span>
    </p>
   </div>
   <div class='ocr_carea' id='block_1_41' title="bbox 389 2984 1965 3056">
    <p class='ocr_par' dir='ltr' id='par_1_41' title="bbox 389 2984 1965 3056">
     <span class='ocr_line' id='line_1_41' title="bbox 389 2984 1965 3056; baseline 0.002 -18"><span class='ocrx_word' id='word_1_268' title='bbox 389 2986 489 3055; x_wconf 83' lang='grc' dir='ltr'>ὅση</span> <span class='ocrx_word' id='word_1_269' title='bbox 516 2986 764 3056; x_wconf 82' lang='grc' dir='ltr'>δύναμις,</span> <span class='ocrx_word' id='word_1_270' title='bbox 799 2984 1156 3038; x_wconf 81' lang='grc' dir='ltr'>ἀϐασάνιστον</span> <span class='ocrx_word' id='word_1_271' title='bbox 1182 2985 1275 3036; x_wconf 71' lang='grc' dir='ltr'><strong>καὶ</strong></span> <span class='ocrx_word' id='word_1_272' title='bbox 1306 2984 1657 3048; x_wconf 78' lang='grc' dir='ltr'>ἀνεξέταστον</span> <span class='ocrx_word' id='word_1_273' title='bbox 1685 2987 1965 3052; x_wconf 78' lang='grc' dir='ltr'>ἐάσαντες,</span> 
     </span>
    </p>
   </div>
   <div class='ocr_carea' id='block_1_42' title="bbox 393 3069 1966 3147">
    <p class='ocr_par' dir='ltr' id='par_1_42' title="bbox 393 3069 1966 3147">
     <span class='ocr_line' id='line_1_42' title="bbox 393 3069 1966 3147; baseline 0.001 -19"><span class='ocrx_word' id='word_1_274' title='bbox 393 3076 527 3147; x_wconf 80' lang='grc' dir='ltr'>μηδὲ</span> <span class='ocrx_word' id='word_1_275' title='bbox 556 3075 936 3146; x_wconf 79' lang='grc' dir='ltr'>παρελθόντες,</span> <span class='ocrx_word' id='word_1_276' title='bbox 967 3073 1102 3146; x_wconf 87' lang='grc' dir='ltr'>πρὸς</span> <span class='ocrx_word' id='word_1_277' title='bbox 1131 3075 1178 3138; x_wconf 90' lang='grc' dir='ltr'>ὂ,</span> <span class='ocrx_word' id='word_1_278' title='bbox 1207 3075 1282 3137; x_wconf 83' lang='grc' dir='ltr'>ὡς</span> <span class='ocrx_word' id='word_1_279' title='bbox 1311 3069 1503 3128; x_wconf 74' lang='grc' dir='ltr'>οἷόντε</span> <span class='ocrx_word' id='word_1_280' title='bbox 1534 3077 1684 3146; x_wconf 78' lang='grc' dir='ltr'>ἡμῖν,</span> <span class='ocrx_word' id='word_1_281' title='bbox 1719 3076 1966 3147; x_wconf 86' lang='grc' dir='ltr'>ἀπηντή-</span> 
     </span>
    </p>
   </div>
   <div class='ocr_carea' id='block_1_43' title="bbox 391 3166 1964 3240">
    <p class='ocr_par' dir='ltr' id='par_1_43' title="bbox 391 3166 1964 3240">
     <span class='ocr_line' id='line_1_43' title="bbox 391 3166 1964 3240; baseline 0.003 -22"><span class='ocrx_word' id='word_1_282' title='bbox 391 3183 584 3236; x_wconf 86' lang='grc' dir='ltr'>σαμεν,</span> <span class='ocrx_word' id='word_1_283' title='bbox 605 3167 735 3220; x_wconf 87' lang='grc' dir='ltr'>Θεὸν</span> <span class='ocrx_word' id='word_1_284' title='bbox 758 3167 1208 3236; x_wconf 77' lang='grc' dir='ltr'>ἐπικαλεσάμενοι</span> <span class='ocrx_word' id='word_1_285' title='bbox 1231 3166 1297 3218; x_wconf 87' lang='grc' dir='ltr'>δι’</span> <span class='ocrx_word' id='word_1_286' title='bbox 1321 3166 1482 3219; x_wconf 83' lang='grc' dir='ltr'>αὐτοῦ</span> <span class='ocrx_word' id='word_1_287' title='bbox 1511 3167 1684 3238; x_wconf 89' lang='grc' dir='ltr'>Ἰησοῦ</span> <span class='ocrx_word' id='word_1_288' title='bbox 1703 3168 1964 3240; x_wconf 81' lang='grc' dir='ltr'>Χριστοῦ,</span> 
     </span>
    </p>
   </div>
   <div class='ocr_carea' id='block_1_44' title="bbox 389 3256 1964 3331">
    <p class='ocr_par' dir='ltr' id='par_1_44' title="bbox 389 3256 1964 3331">
     <span class='ocr_line' id='line_1_44' title="bbox 389 3256 1964 3331; baseline 0.003 -23"><span class='ocrx_word' id='word_1_289' title='bbox 389 3256 483 3308; x_wconf 88' lang='grc' dir='ltr'><strong>τοῦ</strong></span> <span class='ocrx_word' id='word_1_290' title='bbox 512 3256 982 3326; x_wconf 79' lang='grc' dir='ltr'>κατηγορουμένου</span> <span class='ocrx_word' id='word_1_291' title='bbox 1024 3257 1130 3309; x_wconf 80' lang='grc' dir='ltr'><strong>ὑπὸ</strong></span> <span class='ocrx_word' id='word_1_292' title='bbox 1156 3256 1386 3321; x_wconf 78' lang='grc' dir='ltr'>Κέλσου,</span> <span class='ocrx_word' id='word_1_293' title='bbox 1425 3258 1490 3311; x_wconf 82' lang='grc' dir='ltr'>ἵν’</span> <span class='ocrx_word' id='word_1_294' title='bbox 1521 3259 1678 3328; x_wconf 87' lang='grc' dir='ltr'>ἡμῶν</span> <span class='ocrx_word' id='word_1_295' title='bbox 1717 3258 1964 3331; x_wconf 72' lang='grc' dir='ltr'>ὲλλάμψῃ</span> 
     </span>
    </p>
   </div>
   <div class='ocr_carea' id='block_1_45' title="bbox 387 3343 1966 3418">
    <p class='ocr_par' dir='ltr' id='par_1_45' title="bbox 387 3343 1966 3418">
     <span class='ocr_line' id='line_1_45' title="bbox 387 3343 1966 3418; baseline 0.003 -22"><span class='ocrx_word' id='word_1_296' title='bbox 387 3344 448 3396; x_wconf 85' lang='grc' dir='ltr'>ἐν</span> <span class='ocrx_word' id='word_1_297' title='bbox 492 3346 557 3414; x_wconf 81' lang='grc' dir='ltr'>τῇ</span> <span class='ocrx_word' id='word_1_298' title='bbox 603 3343 819 3414; x_wconf 79' lang='grc' dir='ltr'>καρδίᾳ,</span> <span class='ocrx_word' id='word_1_299' title='bbox 871 3344 1098 3413; x_wconf 87' lang='grc' dir='ltr'>ἀλήθεια</span> <span class='ocrx_word' id='word_1_300' title='bbox 1133 3346 1438 3412; x_wconf 79' lang='grc' dir='ltr'>τυγχάνων,</span> <span class='ocrx_word' id='word_1_301' title='bbox 1483 3346 1550 3398; x_wconf 85' lang='grc' dir='ltr'><strong>τά</strong></span> <span class='ocrx_word' id='word_1_302' title='bbox 1597 3347 1966 3418; x_wconf 82' lang='grc' dir='ltr'>ἀνατρεπτικά</span> 
     </span>
    </p>
   </div>
   <div class='ocr_carea' id='block_1_46' title="bbox 386 3433 1960 3510">
    <p class='ocr_par' dir='ltr' id='par_1_46' title="bbox 386 3433 1960 3510">
     <span class='ocr_line' id='line_1_46' title="bbox 386 3433 1960 3510; baseline 0.005 -24"><span class='ocrx_word' id='word_1_303' title='bbox 386 3434 478 3487; x_wconf 82' lang='grc' dir='ltr'><strong>τοῦ</strong></span> <span class='ocrx_word' id='word_1_304' title='bbox 519 3434 766 3504; x_wconf 74' lang='grc' dir='ltr'>ψεύδους,</span> <span class='ocrx_word' id='word_1_305' title='bbox 798 3433 1078 3506; x_wconf 86' lang='grc' dir='ltr'>ἀρχόμεθα</span> <span class='ocrx_word' id='word_1_306' title='bbox 1110 3435 1202 3487; x_wconf 77' lang='grc' dir='ltr'><strong>καὶ</strong></span> <span class='ocrx_word' id='word_1_307' title='bbox 1238 3435 1468 3506; x_wconf 82' lang='grc' dir='ltr'>ἑϐδόμου</span> <span class='ocrx_word' id='word_1_308' title='bbox 1507 3440 1960 3510; x_wconf 80' lang='grc' dir='ltr'>συγγράμματος,</span> 
     </span>
    </p>
   </div>
   <div class='ocr_carea' id='block_1_47' title="bbox 383 3526 1958 3602">
    <p class='ocr_par' dir='ltr' id='par_1_47' title="bbox 383 3526 1958 3602">
     <span class='ocr_line' id='line_1_47' title="bbox 383 3526 1958 3602; baseline 0.005 -25"><span class='ocrx_word' id='word_1_309' title='bbox 383 3526 446 3578; x_wconf 89' lang='grc' dir='ltr'><strong>τὸ</strong></span> <span class='ocrx_word' id='word_1_310' title='bbox 478 3526 812 3597; x_wconf 75' lang='grc' dir='ltr'>προφητικὸν</span> <span class='ocrx_word' id='word_1_311' title='bbox 840 3527 1016 3579; x_wconf 84' lang='grc' dir='ltr'>ἐκεῖνο</span> <span class='ocrx_word' id='word_1_312' title='bbox 1043 3528 1099 3579; x_wconf 78' lang='grc' dir='ltr'>ἐν</span> <span class='ocrx_word' id='word_1_313' title='bbox 1121 3529 1184 3597; x_wconf 82' lang='grc' dir='ltr'>τῇ</span> <span class='ocrx_word' id='word_1_314' title='bbox 1213 3527 1348 3598; x_wconf 87' lang='grc' dir='ltr'>πρὸς</span> <span class='ocrx_word' id='word_1_315' title='bbox 1377 3527 1507 3580; x_wconf 82' lang='grc' dir='ltr'>Θεὸν</span> <span class='ocrx_word' id='word_1_316' title='bbox 1528 3528 1775 3596; x_wconf 82' lang='grc' dir='ltr'>λέγοντες</span> <span class='ocrx_word' id='word_1_317' title='bbox 1803 3532 1958 3602; x_wconf 76' lang='grc' dir='ltr'>εὐχῇ,</span> 
     </span>
    </p>
   </div>
   <div class='ocr_carea' id='block_1_48' title="bbox 381 3617 1962 3694">
    <p class='ocr_par' dir='ltr' id='par_1_48' title="bbox 381 3617 1962 3694">
     <span class='ocr_line' id='line_1_48' title="bbox 381 3617 1962 3694; baseline 0.004 -24"><span class='ocrx_word' id='word_1_318' title='bbox 381 3617 461 3683; x_wconf 90' lang='grc' dir='ltr'><strong>τὸ,</strong></span> <span class='ocrx_word' id='word_1_319' title='bbox 514 3618 617 3670; x_wconf 78' lang='grc' dir='ltr'><strong>Ἐν</strong></span> <span class='ocrx_word' id='word_1_320' title='bbox 640 3617 713 3685; x_wconf 76' lang='grc' dir='ltr'>τῇ</span> <span class='ocrx_word' id='word_1_321' title='bbox 727 3618 975 3685; x_wconf 79' lang='grc' dir='ltr'>ἀληθείᾳ</span> <span class='ocrx_word' id='word_1_322' title='bbox 999 3633 1114 3671; x_wconf 82' lang='grc' dir='ltr'><strong>σου</strong></span> <span class='ocrx_word' id='word_1_323' title='bbox 1143 3618 1586 3687; x_wconf 72' lang='grc' dir='ltr'>ἐξολόθρευσον</span> <span class='ocrx_word' id='word_1_324' title='bbox 1612 3622 1851 3687; x_wconf 82' lang='grc' dir='ltr'>αὐτοὺς,</span> <span class='ocrx_word' id='word_1_325' title='bbox 1870 3623 1962 3694; x_wconf 81' lang='grc' dir='ltr'><strong>δῆ-</strong></span> 
     </span>
    </p>
   </div>
   <div class='ocr_carea' id='block_1_49' title="bbox 379 3707 1960 3781">
    <p class='ocr_par' dir='ltr' id='par_1_49' title="bbox 379 3707 1960 3781">
     <span class='ocr_line' id='line_1_49' title="bbox 379 3707 1960 3781; baseline -0.003 -20"><span class='ocrx_word' id='word_1_326' title='bbox 379 3709 470 3762; x_wconf 88' lang='grc' dir='ltr'><strong>λον</strong></span> <span class='ocrx_word' id='word_1_327' title='bbox 498 3707 544 3763; x_wconf 75' lang='grc' dir='ltr'>δ’</span> <span class='ocrx_word' id='word_1_328' title='bbox 583 3709 664 3761; x_wconf 80' lang='grc' dir='ltr'>ὅτι</span> <span class='ocrx_word' id='word_1_329' title='bbox 705 3709 832 3770; x_wconf 81' lang='grc' dir='ltr'>τοὺς</span> <span class='ocrx_word' id='word_1_330' title='bbox 869 3709 1138 3772; x_wconf 78' lang='grc' dir='ltr'>ἐναντίους</span> <span class='ocrx_word' id='word_1_331' title='bbox 1183 3711 1248 3780; x_wconf 84' lang='grc' dir='ltr'>τῇ</span> <span class='ocrx_word' id='word_1_332' title='bbox 1281 3709 1508 3781; x_wconf 78' lang='grc' dir='ltr'>ἀληθείᾳ</span> <span class='ocrx_word' id='word_1_333' title='bbox 1555 3709 1778 3779; x_wconf 71' lang='grc' dir='ltr'>λόγους»</span> <span class='ocrx_word' id='word_1_334' title='bbox 1814 3707 1960 3767; x_wconf 68' lang='grc' dir='ltr'>οὗτοι</span> 
     </span>
    </p>
   </div>
   <div class='ocr_carea' id='block_1_50' title="bbox 378 3798 1959 3874">
    <p class='ocr_par' dir='ltr' id='par_1_50' title="bbox 378 3798 1959 3874">
     <span class='ocr_line' id='line_1_50' title="bbox 378 3798 1959 3874; baseline 0.004 -22"><span class='ocrx_word' id='word_1_335' title='bbox 378 3798 488 3870; x_wconf 80' lang='grc' dir='ltr'>γὰρ</span> <span class='ocrx_word' id='word_1_336' title='bbox 518 3799 742 3870; x_wconf 80' lang='grc' dir='ltr'>ἀληθείᾳ</span> <span class='ocrx_word' id='word_1_337' title='bbox 767 3799 899 3852; x_wconf 85' lang='grc' dir='ltr'>Θεοῦ</span> <span class='ocrx_word' id='word_1_338' title='bbox 932 3799 1396 3871; x_wconf 71' lang='grc' dir='ltr'>ὲξολοθρεύονταιο</span> <span class='ocrx_word' id='word_1_339' title='bbox 1431 3802 1518 3865; x_wconf 79' lang='grc' dir='ltr'>ἵν’,</span> <span class='ocrx_word' id='word_1_340' title='bbox 1551 3802 1959 3874; x_wconf 79' lang='grc' dir='ltr'>ὲξολοθρευθέν-</span> 
     </span>
    </p>
   </div>
   <div class='ocr_carea' id='block_1_51' title="bbox 377 3889 1959 3963">
    <p class='ocr_par' dir='ltr' id='par_1_51' title="bbox 377 3889 1959 3963">
     <span class='ocr_line' id='line_1_51' title="bbox 377 3889 1959 3963; baseline 0.004 -23"><span class='ocrx_word' id='word_1_341' title='bbox 377 3906 487 3941; x_wconf 84' lang='grc' dir='ltr'><strong>των</strong></span> <span class='ocrx_word' id='word_1_342' title='bbox 531 3889 730 3954; x_wconf 75' lang='grc' dir='ltr'>αὐτῶν,</span> <span class='ocrx_word' id='word_1_343' title='bbox 774 3890 824 3941; x_wconf 89' lang='grc' dir='ltr'>οἱ</span> <span class='ocrx_word' id='word_1_344' title='bbox 869 3889 1066 3952; x_wconf 82' lang='grc' dir='ltr'>πάντες</span> <span class='ocrx_word' id='word_1_345' title='bbox 1100 3891 1483 3961; x_wconf 81' lang='grc' dir='ltr'>περισπασμοῦ</span> <span class='ocrx_word' id='word_1_346' title='bbox 1519 3892 1630 3963; x_wconf 68' lang='grc'><strong>(44)</strong></span> <span class='ocrx_word' id='word_1_347' title='bbox 1667 3892 1959 3947; x_wconf 88' lang='grc' dir='ltr'>ἀπολυθέν-</span> 
     </span>
    </p>
   </div>
   <div class='ocr_carea' id='block_1_52' title="bbox 379 3979 1954 4050">
    <p class='ocr_par' dir='ltr' id='par_1_52' title="bbox 379 3979 1954 4050">
     <span class='ocr_line' id='line_1_52' title="bbox 379 3979 1954 4050; baseline 0.004 -18"><span class='ocrx_word' id='word_1_348' title='bbox 379 3996 488 4042; x_wconf 88' lang='grc' dir='ltr'>τες,</span> <span class='ocrx_word' id='word_1_349' title='bbox 503 3979 698 4032; x_wconf 79' lang='grc' dir='ltr'>εἴπωσι</span> <span class='ocrx_word' id='word_1_350' title='bbox 723 3981 782 4031; x_wconf 87' lang='grc' dir='ltr'><strong>τὸ</strong></span> <span class='ocrx_word' id='word_1_351' title='bbox 798 3980 923 4049; x_wconf 78' lang='grc' dir='ltr'>ἑξῆς</span> <span class='ocrx_word' id='word_1_352' title='bbox 948 3980 1160 4050; x_wconf 77' lang='grc' dir='ltr'>ἐκείνῳ,</span> <span class='ocrx_word' id='word_1_353' title='bbox 1178 3982 1259 4046; x_wconf 86' lang='grc' dir='ltr'><strong>τὸ,</strong></span> <span class='ocrx_word' id='word_1_354' title='bbox 1304 3983 1630 4048; x_wconf 81' lang='grc' dir='ltr'>Ἑκουσίως</span> <span class='ocrx_word' id='word_1_355' title='bbox 1652 3985 1814 4038; x_wconf 84' lang='grc' dir='ltr'>θύσω</span> <span class='ocrx_word' id='word_1_356' title='bbox 1833 3999 1954 4048; x_wconf 86' lang='grc' dir='ltr'>σοι,</span> 
     </span>
    </p>
   </div>
   <div class='ocr_carea' id='block_1_53' title="bbox 2153 2712 3653 2783">
    <p class='ocr_par' dir='ltr' id='par_1_53' title="bbox 2153 2712 3653 2783">
     <span class='ocr_line' id='line_1_53' title="bbox 2153 2712 3653 2783; baseline 0.003 -12"><span class='ocrx_word' id='word_1_357' title='bbox 2153 2717 2208 2771; x_wconf 78' lang='grc'><strong>1.</strong></span> <span class='ocrx_word' id='word_1_358' title='bbox 2242 2715 2299 2770; x_wconf 84' lang='grc' dir='ltr'>1η</span> <span class='ocrx_word' id='word_1_359' title='bbox 2324 2730 2416 2771; x_wconf 81' lang='lat' dir='ltr'><strong>sex</strong></span> <span class='ocrx_word' id='word_1_360' title='bbox 2453 2713 2726 2783; x_wconf 84' lang='lat' dir='ltr'><strong>prioribus</strong></span> <span class='ocrx_word' id='word_1_361' title='bbox 2754 2712 2928 2781; x_wconf 80' lang='lat' dir='ltr'><strong>libris,</strong></span> <span class='ocrx_word' id='word_1_362' title='bbox 2959 2713 3046 2782; x_wconf 89' lang='lat' dir='ltr'><strong>pie</strong></span> <span class='ocrx_word' id='word_1_363' title='bbox 3067 2715 3235 2769; x_wconf 89' lang='lat' dir='ltr'><strong>frater</strong></span> <span class='ocrx_word' id='word_1_364' title='bbox 3254 2713 3529 2780; x_wconf 82' lang='lat' dir='ltr'><strong>Ambrosi,</strong></span> <span class='ocrx_word' id='word_1_365' title='bbox 3562 2721 3653 2775; x_wconf 67' lang='lat' dir='ltr'><strong>deo</strong></span> 
     </span>
    </p>
   </div>
   <div class='ocr_carea' id='block_1_54' title="bbox 2079 2802 3635 2870">
    <p class='ocr_par' dir='ltr' id='par_1_54' title="bbox 2079 2802 3635 2870">
     <span class='ocr_line' id='line_1_54' title="bbox 2079 2802 3635 2870; baseline 0.001 -10"><span class='ocrx_word' id='word_1_366' title='bbox 2079 2805 2414 2860; x_wconf 77' lang='lat' dir='ltr'><strong>certavimus</strong></span> <span class='ocrx_word' id='word_1_367' title='bbox 2445 2802 2621 2870; x_wconf 85' lang='lat' dir='ltr'><strong>quoad</strong></span> <span class='ocrx_word' id='word_1_368' title='bbox 2661 2802 2891 2856; x_wconf 81' lang='lat' dir='ltr'><strong>facultas</strong></span> <span class='ocrx_word' id='word_1_369' title='bbox 2915 2802 3038 2855; x_wconf 87' lang='lat' dir='ltr'><strong>tulit</strong></span> <span class='ocrx_word' id='word_1_370' title='bbox 3062 2814 3246 2858; x_wconf 90' lang='lat' dir='ltr'><strong>contra</strong></span> <span class='ocrx_word' id='word_1_371' title='bbox 3275 2805 3414 2860; x_wconf 91' lang='lat' dir='ltr'><strong>Celsi</strong></span> <span class='ocrx_word' id='word_1_372' title='bbox 3442 2809 3635 2861; x_wconf 86' lang='lat' dir='ltr'><strong>adver-</strong></span> 
     </span>
    </p>
   </div>
   <div class='ocr_carea' id='block_1_55' title="bbox 2074 2892 3647 2964">
    <p class='ocr_par' dir='ltr' id='par_1_55' title="bbox 2074 2892 3647 2964">
     <span class='ocr_line' id='line_1_55' title="bbox 2074 2892 3647 2964; baseline 0.003 -15"><span class='ocrx_word' id='word_1_373' title='bbox 2074 2909 2169 2950; x_wconf 90' lang='lat' dir='ltr'><strong>sus</strong></span> <span class='ocrx_word' id='word_1_374' title='bbox 2220 2893 2562 2948; x_wconf 86' lang='lat' dir='ltr'><strong>Christianos</strong></span> <span class='ocrx_word' id='word_1_375' title='bbox 2594 2892 3046 2957; x_wconf 87' lang='lat' dir='ltr'><strong>criminationes,</strong></span> <span class='ocrx_word' id='word_1_376' title='bbox 3083 2893 3231 2948; x_wconf 88' lang='lat' dir='ltr'><strong>nulla</strong></span> <span class='ocrx_word' id='word_1_377' title='bbox 3279 2900 3647 2964; x_wconf 70' lang='lat' dir='ltr'><strong>przetermissa</strong></span> 
     </span>
    </p>
   </div>
   <div class='ocr_carea' id='block_1_56' title="bbox 2073 2980 3647 3056">
    <p class='ocr_par' dir='ltr' id='par_1_56' title="bbox 2073 2980 3647 3056">
     <span class='ocr_line' id='line_1_56' title="bbox 2073 2980 3647 3056; baseline 0.003 -18"><span class='ocrx_word' id='word_1_378' title='bbox 2073 2999 2151 3048; x_wconf 90' lang='lat' dir='ltr'><strong>re,</strong></span> <span class='ocrx_word' id='word_1_379' title='bbox 2187 2998 2306 3053; x_wconf 69' lang='lat' dir='ltr'><strong>qua:</strong></span> <span class='ocrx_word' id='word_1_380' title='bbox 2337 2997 2434 3049; x_wconf 92' lang='lat' dir='ltr'><strong>pro</strong></span> <span class='ocrx_word' id='word_1_381' title='bbox 2454 2981 2660 3035; x_wconf 90' lang='lat' dir='ltr'><strong>viribus</strong></span> <span class='ocrx_word' id='word_1_382' title='bbox 2683 2997 2788 3034; x_wconf 91' lang='lat' dir='ltr'><strong>non</strong></span> <span class='ocrx_word' id='word_1_383' title='bbox 2819 2980 3084 3048; x_wconf 87' lang='lat' dir='ltr'><strong>discussa,</strong></span> <span class='ocrx_word' id='word_1_384' title='bbox 3111 2984 3420 3038; x_wconf 82' lang='lat' dir='ltr'><strong>examinata</strong></span> <span class='ocrx_word' id='word_1_385' title='bbox 3484 2994 3647 3056; x_wconf 84' lang='lat' dir='ltr'><strong>atque</strong></span> 
     </span>
    </p>
   </div>
   <div class='ocr_carea' id='block_1_57' title="bbox 2071 3072 3632 3145">
    <p class='ocr_par' dir='ltr' id='par_1_57' title="bbox 2071 3072 3632 3145">
     <span class='ocr_line' id='line_1_57' title="bbox 2071 3072 3632 3145; baseline 0.003 -17"><span class='ocrx_word' id='word_1_386' title='bbox 2071 3074 2301 3130; x_wconf 89' lang='lat' dir='ltr'><strong>refutata</strong></span> <span class='ocrx_word' id='word_1_387' title='bbox 2356 3072 2537 3127; x_wconf 83' lang='lat' dir='ltr'><strong>fuerit.</strong></span> <span class='ocrx_word' id='word_1_388' title='bbox 2586 3072 2740 3126; x_wconf 87' lang='lat' dir='ltr'><strong>Nunc</strong></span> <span class='ocrx_word' id='word_1_389' title='bbox 2793 3074 3080 3142; x_wconf 86' lang='lat' dir='ltr'><strong>septimum</strong></span> <span class='ocrx_word' id='word_1_390' title='bbox 3111 3077 3489 3145; x_wconf 79' lang='lat' dir='ltr'><strong>aggredimur,</strong></span> <span class='ocrx_word' id='word_1_391' title='bbox 3523 3095 3632 3134; x_wconf 89' lang='lat' dir='ltr'><strong>non</strong></span> 
     </span>
    </p>
   </div>
   <div class='ocr_carea' id='block_1_58' title="bbox 2069 3159 3641 3239">
    <p class='ocr_par' dir='ltr' id='par_1_58' title="bbox 2069 3159 3641 3239">
     <span class='ocr_line' id='line_1_58' title="bbox 2069 3159 3641 3239; baseline 0.003 -21"><span class='ocrx_word' id='word_1_392' title='bbox 2069 3174 2194 3218; x_wconf 88' lang='lat' dir='ltr'><strong>ante</strong></span> <span class='ocrx_word' id='word_1_393' title='bbox 2219 3174 2420 3227; x_wconf 90' lang='lat' dir='ltr'><strong>tamen,</strong></span> <span class='ocrx_word' id='word_1_394' title='bbox 2452 3179 2612 3232; x_wconf 88' lang='lat' dir='ltr'><strong>quam</strong></span> <span class='ocrx_word' id='word_1_395' title='bbox 2641 3178 2670 3216; x_wconf 90' lang='lat' dir='ltr'><strong>a</strong></span> <span class='ocrx_word' id='word_1_396' title='bbox 2707 3165 2815 3217; x_wconf 87' lang='lat' dir='ltr'><strong>Deo</strong></span> <span class='ocrx_word' id='word_1_397' title='bbox 2838 3179 2933 3232; x_wconf 90' lang='lat' dir='ltr'><strong>per</strong></span> <span class='ocrx_word' id='word_1_398' title='bbox 2964 3159 3146 3218; x_wconf 78' lang='lat' dir='ltr'><strong>Jesum</strong></span> <span class='ocrx_word' id='word_1_399' title='bbox 3175 3166 3445 3222; x_wconf 85' lang='lat' dir='ltr'><strong>Christum</strong></span> <span class='ocrx_word' id='word_1_400' title='bbox 3472 3182 3641 3239; x_wconf 88' lang='lat' dir='ltr'><strong>quem</strong></span> 
     </span>
    </p>
   </div>
   <div class='ocr_carea' id='block_1_59' title="bbox 2067 3255 3641 3325">
    <p class='ocr_par' dir='ltr' id='par_1_59' title="bbox 2067 3255 3641 3325">
     <span class='ocr_line' id='line_1_59' title="bbox 2067 3255 3641 3325; baseline 0.002 -14"><span class='ocrx_word' id='word_1_401' title='bbox 2067 3255 2258 3311; x_wconf 89' lang='lat' dir='ltr'><strong>Celsus</strong></span> <span class='ocrx_word' id='word_1_402' title='bbox 2295 3255 2643 3321; x_wconf 87' lang='lat' dir='ltr'><strong>criminatur,</strong></span> <span class='ocrx_word' id='word_1_403' title='bbox 2687 3255 3026 3322; x_wconf 83' lang='lat' dir='ltr'><strong>petierimus,</strong></span> <span class='ocrx_word' id='word_1_404' title='bbox 3054 3265 3132 3319; x_wconf 91' lang='lat' dir='ltr'><strong>ut,</strong></span> <span class='ocrx_word' id='word_1_405' title='bbox 3175 3271 3294 3310; x_wconf 88' lang='lat' dir='ltr'><strong>cum</strong></span> <span class='ocrx_word' id='word_1_406' title='bbox 3317 3259 3387 3312; x_wconf 87' lang='lat' dir='ltr'><strong>sit</strong></span> <span class='ocrx_word' id='word_1_407' title='bbox 3415 3261 3641 3325; x_wconf 85' lang='lat' dir='ltr'><strong>veritas,</strong></span> 
     </span>
    </p>
   </div>
   <div class='ocr_carea' id='block_1_60' title="bbox 2066 3344 3639 3414">
    <p class='ocr_par' dir='ltr' id='par_1_60' title="bbox 2066 3344 3639 3414">
     <span class='ocr_line' id='line_1_60' title="bbox 2066 3344 3639 3414; baseline 0.003 -14"><span class='ocrx_word' id='word_1_408' title='bbox 2066 3360 2163 3400; x_wconf 86' lang='lat' dir='ltr'><strong>cor</strong></span> <span class='ocrx_word' id='word_1_409' title='bbox 2211 3355 2455 3400; x_wconf 91' lang='lat' dir='ltr'><strong>nostrum</strong></span> <span class='ocrx_word' id='word_1_410' title='bbox 2507 3344 2773 3398; x_wconf 85' lang='lat' dir='ltr'><strong>illuminet</strong></span> <span class='ocrx_word' id='word_1_411' title='bbox 2804 3353 2859 3397; x_wconf 90' lang='lat' dir='ltr'><strong>et</strong></span> <span class='ocrx_word' id='word_1_412' title='bbox 2891 3344 3084 3399; x_wconf 84' lang='lat' dir='ltr'><strong>doceat</strong></span> <span class='ocrx_word' id='word_1_413' title='bbox 3128 3360 3246 3414; x_wconf 69' lang='lat' dir='ltr'><strong>quae</strong></span> <span class='ocrx_word' id='word_1_414' title='bbox 3294 3349 3639 3404; x_wconf 84' lang='lat' dir='ltr'><strong>mendacium</strong></span> 
     </span>
    </p>
   </div>
   <div class='ocr_carea' id='block_1_61' title="bbox 2067 3435 3636 3505">
    <p class='ocr_par' dir='ltr' id='par_1_61' title="bbox 2067 3435 3636 3505">
     <span class='ocr_line' id='line_1_61' title="bbox 2067 3435 3636 3505; baseline 0.003 -15"><span class='ocrx_word' id='word_1_415' title='bbox 2067 3436 2353 3504; x_wconf 87' lang='lat' dir='ltr'><strong>dissipent.</strong></span> <span class='ocrx_word' id='word_1_416' title='bbox 2383 3437 2557 3501; x_wconf 81' lang='lat' dir='ltr'><strong>Atque</strong></span> <span class='ocrx_word' id='word_1_417' title='bbox 2585 3436 2722 3488; x_wconf 90' lang='lat' dir='ltr'><strong>hanc</strong></span> <span class='ocrx_word' id='word_1_418' title='bbox 2751 3435 2801 3488; x_wconf 94' lang='lat' dir='ltr'><strong>in</strong></span> <span class='ocrx_word' id='word_1_419' title='bbox 2842 3450 2956 3487; x_wconf 92' lang='lat' dir='ltr'><strong>rem</strong></span> <span class='ocrx_word' id='word_1_420' title='bbox 2994 3435 3138 3488; x_wconf 90' lang='lat' dir='ltr'><strong>istud</strong></span> <span class='ocrx_word' id='word_1_421' title='bbox 3175 3439 3551 3505; x_wconf 88' lang='lat' dir='ltr'><strong>propheticum</strong></span> <span class='ocrx_word' id='word_1_422' title='bbox 3582 3441 3636 3495; x_wconf 89' lang='lat' dir='ltr'><strong>in</strong></span> 
     </span>
    </p>
   </div>
   <div class='ocr_carea' id='block_1_62' title="bbox 2064 3524 3638 3592">
    <p class='ocr_par' dir='ltr' id='par_1_62' title="bbox 2064 3524 3638 3592">
     <span class='ocr_line' id='line_1_62' title="bbox 2064 3524 3638 3592; baseline 0.001 -12"><span class='ocrx_word' id='word_1_423' title='bbox 2064 3525 2270 3581; x_wconf 86' lang='lat' dir='ltr'><strong>nostris</strong></span> <span class='ocrx_word' id='word_1_424' title='bbox 2316 3525 2382 3578; x_wconf 85' lang='lat' dir='ltr'><strong>ad</strong></span> <span class='ocrx_word' id='word_1_425' title='bbox 2429 3524 2594 3576; x_wconf 75' lang='lat' dir='ltr'><strong>Deum</strong></span> <span class='ocrx_word' id='word_1_426' title='bbox 2631 3524 2884 3592; x_wconf 84' lang='lat' dir='ltr'><strong>precibus</strong></span> <span class='ocrx_word' id='word_1_427' title='bbox 2930 3539 3254 3592; x_wconf 84' lang='lat' dir='ltr'><strong>usurpamus</strong></span> <span class='ocrx_word' id='word_1_428' title='bbox 3287 3545 3299 3578; x_wconf 92' lang='lat'><strong>:</strong></span> <span class='ocrx_word' id='word_1_429' title='bbox 3328 3525 3394 3579; x_wconf 88' lang='lat' dir='ltr'><strong>In</strong></span> <span class='ocrx_word' id='word_1_430' title='bbox 3423 3530 3638 3581; x_wconf 78' lang='lat' dir='ltr'><strong>veritate</strong></span> 
     </span>
    </p>
   </div>
   <div class='ocr_carea' id='block_1_63' title="bbox 2062 3611 3635 3682">
    <p class='ocr_par' dir='ltr' id='par_1_63' title="bbox 2062 3611 3635 3682">
     <span class='ocr_line' id='line_1_63' title="bbox 2062 3611 3635 3682; baseline 0 -13"><span class='ocrx_word' id='word_1_431' title='bbox 2062 3625 2153 3669; x_wconf 86' lang='lat' dir='ltr'><strong>tua</strong></span> <span class='ocrx_word' id='word_1_432' title='bbox 2175 3616 2416 3682; x_wconf 73' lang='lat' dir='ltr'><strong>disperde</strong></span> <span class='ocrx_word' id='word_1_433' title='bbox 2438 3614 2555 3666; x_wconf 74' lang='lat' dir='ltr'><strong>illos</strong></span> <span class='ocrx_word' id='word_1_434' title='bbox 2581 3611 2646 3678; x_wconf 79' lang='grc'><strong>⁷³,</strong></span> <span class='ocrx_word' id='word_1_435' title='bbox 2673 3627 2953 3666; x_wconf 88' lang='lat' dir='ltr'><strong>sermones</strong></span> <span class='ocrx_word' id='word_1_436' title='bbox 2984 3612 3234 3666; x_wconf 84' lang='lat' dir='ltr'><strong>videlicet</strong></span> <span class='ocrx_word' id='word_1_437' title='bbox 3266 3613 3480 3669; x_wconf 83' lang='lat' dir='ltr'><strong>veritati</strong></span> <span class='ocrx_word' id='word_1_438' title='bbox 3505 3631 3635 3669; x_wconf 83' lang='lat' dir='ltr'><strong>con-</strong></span> 
     </span>
    </p>
   </div>
   <div class='ocr_carea' id='block_1_64' title="bbox 2063 3703 3634 3778">
    <p class='ocr_par' dir='ltr' id='par_1_64' title="bbox 2063 3703 3634 3778">
     <span class='ocr_line' id='line_1_64' title="bbox 2063 3703 3634 3778; baseline 0.001 -16"><span class='ocrx_word' id='word_1_439' title='bbox 2063 3708 2263 3762; x_wconf 90' lang='lat' dir='ltr'><strong>trarios</strong></span> <span class='ocrx_word' id='word_1_440' title='bbox 2311 3705 2385 3775; x_wconf 88' lang='lat' dir='ltr'><strong>(hi</strong></span> <span class='ocrx_word' id='word_1_441' title='bbox 2420 3705 2564 3758; x_wconf 90' lang='lat' dir='ltr'><strong>enim</strong></span> <span class='ocrx_word' id='word_1_442' title='bbox 2596 3705 2686 3758; x_wconf 90' lang='lat' dir='ltr'><strong>Dei</strong></span> <span class='ocrx_word' id='word_1_443' title='bbox 2728 3703 2958 3756; x_wconf 80' lang='lat' dir='ltr'><strong>veritate</strong></span> <span class='ocrx_word' id='word_1_444' title='bbox 3010 3703 3453 3778; x_wconf 84' lang='lat' dir='ltr'><strong>disperduntur),</strong></span> <span class='ocrx_word' id='word_1_445' title='bbox 3486 3717 3543 3761; x_wconf 90' lang='lat' dir='ltr'><strong>ut</strong></span> <span class='ocrx_word' id='word_1_446' title='bbox 3567 3708 3634 3764; x_wconf 84' lang='lat' dir='ltr'><strong>iis</strong></span> 
     </span>
    </p>
   </div>
   <div class='ocr_carea' id='block_1_65' title="bbox 2062 3793 3631 3868">
    <p class='ocr_par' dir='ltr' id='par_1_65' title="bbox 2062 3793 3631 3868">
     <span class='ocr_line' id='line_1_65' title="bbox 2062 3793 3631 3868; baseline 0.001 -15"><span class='ocrx_word' id='word_1_447' title='bbox 2062 3796 2400 3868; x_wconf 87' lang='lat' dir='ltr'><strong>disperditis,</strong></span> <span class='ocrx_word' id='word_1_448' title='bbox 2440 3810 2628 3850; x_wconf 88' lang='lat' dir='ltr'><strong>omnes</strong></span> <span class='ocrx_word' id='word_1_449' title='bbox 2662 3809 2690 3847; x_wconf 87' lang='lat' dir='ltr'><strong>a</strong></span> <span class='ocrx_word' id='word_1_450' title='bbox 2727 3793 2919 3846; x_wconf 81' lang='lat' dir='ltr'><strong>fraude</strong></span> <span class='ocrx_word' id='word_1_451' title='bbox 2948 3793 3158 3846; x_wconf 86' lang='lat' dir='ltr'><strong>liberati</strong></span> <span class='ocrx_word' id='word_1_452' title='bbox 3191 3795 3375 3850; x_wconf 89' lang='lat' dir='ltr'><strong>dicant</strong></span> <span class='ocrx_word' id='word_1_453' title='bbox 3406 3798 3458 3852; x_wconf 90' lang='lat' dir='ltr'><strong>id</strong></span> <span class='ocrx_word' id='word_1_454' title='bbox 3487 3803 3631 3868; x_wconf 84' lang='lat' dir='ltr'><strong>quod</strong></span> 
     </span>
    </p>
   </div>
   <div class='ocr_carea' id='block_1_66' title="bbox 2061 3885 3631 3958">
    <p class='ocr_par' dir='ltr' id='par_1_66' title="bbox 2061 3885 3631 3958">
     <span class='ocr_line' id='line_1_66' title="bbox 2061 3885 3631 3958; baseline 0.001 -14"><span class='ocrx_word' id='word_1_455' title='bbox 2061 3889 2310 3958; x_wconf 86' lang='lat' dir='ltr'><strong>sequitur</strong></span> <span class='ocrx_word' id='word_1_456' title='bbox 2350 3901 2367 3941; x_wconf 85' lang='lat'><strong>:</strong></span> <span class='ocrx_word' id='word_1_457' title='bbox 2411 3887 2721 3940; x_wconf 74' lang='lat' dir='ltr'><strong>Voluntarie</strong></span> <span class='ocrx_word' id='word_1_458' title='bbox 2771 3885 3082 3953; x_wconf 77' lang='lat' dir='ltr'><strong>sacriﬁcabo</strong></span> <span class='ocrx_word' id='word_1_459' title='bbox 3129 3888 3223 3939; x_wconf 88' lang='lat' dir='ltr'><strong>tibi</strong></span> <span class='ocrx_word' id='word_1_460' title='bbox 3265 3888 3334 3953; x_wconf 66' lang='lat'><strong>7°,</strong></span> <span class='ocrx_word' id='word_1_461' title='bbox 3389 3892 3631 3945; x_wconf 82' lang='lat' dir='ltr'><strong>rationa-</strong></span> 
     </span>
    </p>
   </div>
   <div class='ocr_carea' id='block_1_67' title="bbox 2061 3977 3623 4050">
    <p class='ocr_par' dir='ltr' id='par_1_67' title="bbox 2061 3977 3623 4050">
     <span class='ocr_line' id='line_1_67' title="bbox 2061 3977 3623 4050; baseline 0.001 -16"><span class='ocrx_word' id='word_1_462' title='bbox 2061 3981 2271 4050; x_wconf 85' lang='lat' dir='ltr'><strong>lemque</strong></span> <span class='ocrx_word' id='word_1_463' title='bbox 2299 3988 2366 4035; x_wconf 76' lang='lat' dir='ltr'><strong>et</strong></span> <span class='ocrx_word' id='word_1_464' title='bbox 2415 3979 2548 4034; x_wconf 91' lang='lat' dir='ltr'><strong>fumi</strong></span> <span class='ocrx_word' id='word_1_465' title='bbox 2607 3986 2885 4047; x_wconf 83' lang='lat' dir='ltr'><strong>expertem</strong></span> <span class='ocrx_word' id='word_1_466' title='bbox 2919 3991 3176 4046; x_wconf 86' lang='lat' dir='ltr'><strong>supremo</strong></span> <span class='ocrx_word' id='word_1_467' title='bbox 3209 3977 3318 4032; x_wconf 90' lang='lat' dir='ltr'><strong>Deo</strong></span> <span class='ocrx_word' id='word_1_468' title='bbox 3346 3979 3623 4034; x_wconf 90' lang='lat' dir='ltr'><strong>victimam</strong></span> 
     </span>
    </p>
   </div>
   <div class='ocr_carea' id='block_1_68' title="bbox 378 4068 2301 4145">
    <p class='ocr_par' dir='ltr' id='par_1_68' title="bbox 378 4068 2301 4145">
     <span class='ocr_line' id='line_1_68' title="bbox 378 4068 2301 4145; baseline 0.002 -24"><span class='ocrx_word' id='word_1_469' title='bbox 378 4069 602 4139; x_wconf 81' lang='grc' dir='ltr'>λογικὴν</span> <span class='ocrx_word' id='word_1_470' title='bbox 636 4071 730 4122; x_wconf 70' lang='grc' dir='ltr'>καὶ</span> <span class='ocrx_word' id='word_1_471' title='bbox 759 4070 998 4123; x_wconf 83' lang='grc' dir='ltr'>ἄκαπνον</span> <span class='ocrx_word' id='word_1_472' title='bbox 1042 4071 1232 4123; x_wconf 85' lang='grc' dir='ltr'>θυσίαν</span> <span class='ocrx_word' id='word_1_473' title='bbox 1266 4072 1666 4143; x_wconf 80' lang='grc' dir='ltr'>προσφέροντες</span> <span class='ocrx_word' id='word_1_474' title='bbox 1713 4073 1792 4144; x_wconf 74' lang='grc' dir='ltr'>τῷ</span> <span class='ocrx_word' id='word_1_475' title='bbox 1833 4074 1953 4145; x_wconf 84' lang='grc' dir='ltr'>Θεῷ</span> <span class='ocrx_word' id='word_1_476' title='bbox 1980 4068 2024 4130; x_wconf 91' lang='lat' dir='ltr'><strong>C</strong></span> <span class='ocrx_word' id='word_1_477' title='bbox 2055 4073 2301 4128; x_wconf 76' lang='lat' dir='ltr'><strong>offerant.</strong></span> 
     </span>
    </p>
   </div>
   <div class='ocr_carea' id='block_1_69' title="bbox 375 4160 672 4214">
    <p class='ocr_par' dir='ltr' id='par_1_69' title="bbox 375 4160 672 4214">
     <span class='ocr_line' id='line_1_69' title="bbox 375 4160 672 4214; baseline 0 -2"><span class='ocrx_word' id='word_1_478' title='bbox 375 4160 483 4212; x_wconf 89' lang='grc' dir='ltr'><strong>τῶν</strong></span> <span class='ocrx_word' id='word_1_479' title='bbox 517 4161 672 4214; x_wconf 83' lang='grc' dir='ltr'>ὅλων.</span> 
     </span>
    </p>
   </div>
   <div class='ocr_carea' id='block_1_70' title="bbox 447 4251 1949 4326">
    <p class='ocr_par' dir='ltr' id='par_1_70' title="bbox 447 4251 1949 4326">
     <span class='ocr_line' id='line_1_70' title="bbox 447 4251 1949 4326; baseline 0.001 -20"><span class='ocrx_word' id='word_1_480' title='bbox 447 4253 737 4324; x_wconf 86' lang='grc' dir='ltr'>Πρόκειται</span> <span class='ocrx_word' id='word_1_481' title='bbox 815 4253 872 4306; x_wconf 83' lang='grc' dir='ltr'><strong>δὲ</strong></span> <span class='ocrx_word' id='word_1_482' title='bbox 931 4251 1026 4307; x_wconf 88' lang='grc' dir='ltr'><strong>νῦν</strong></span> <span class='ocrx_word' id='word_1_483' title='bbox 1066 4253 1143 4325; x_wconf 81' lang='grc' dir='ltr'>τῷ</span> <span class='ocrx_word' id='word_1_484' title='bbox 1177 4253 1393 4326; x_wconf 78' lang='grc' dir='ltr'><strong>Κέλσῳ⁹</strong></span> <span class='ocrx_word' id='word_1_485' title='bbox 1433 4254 1806 4326; x_wconf 80' lang='grc' dir='ltr'>κατηγορῆσαι</span> <span class='ocrx_word' id='word_1_486' title='bbox 1855 4254 1949 4308; x_wconf 82' lang='grc' dir='ltr'><strong>τοῦ</strong></span> 
     </span>
    </p>
   </div>
   <div class='ocr_carea' id='block_1_71' title="bbox 376 4343 1949 4417">
    <p class='ocr_par' dir='ltr' id='par_1_71' title="bbox 376 4343 1949 4417">
     <span class='ocr_line' id='line_1_71' title="bbox 376 4343 1949 4417; baseline -0.001 -19"><span class='ocrx_word' id='word_1_487' title='bbox 376 4343 676 4413; x_wconf 81' lang='grc' dir='ltr'>φάσκοντος</span> <span class='ocrx_word' id='word_1_488' title='bbox 705 4345 884 4412; x_wconf 84' lang='grc' dir='ltr'>λόγου,</span> <span class='ocrx_word' id='word_1_489' title='bbox 916 4345 1020 4398; x_wconf 85' lang='grc' dir='ltr'><strong>ὑπὸ</strong></span> <span class='ocrx_word' id='word_1_490' title='bbox 1045 4346 1150 4399; x_wconf 88' lang='grc' dir='ltr'><strong>τῶν</strong></span> <span class='ocrx_word' id='word_1_491' title='bbox 1178 4344 1328 4417; x_wconf 79' lang='grc' dir='ltr'>παρὰ</span> <span class='ocrx_word' id='word_1_492' title='bbox 1357 4344 1632 4408; x_wconf 79' lang='grc' dir='ltr'>Ἰουδαίοις</span> <span class='ocrx_word' id='word_1_493' title='bbox 1658 4344 1949 4415; x_wconf 80' lang='grc' dir='ltr'>προφητῶν</span> 
     </span>
    </p>
   </div>
   <div class='ocr_carea' id='block_1_72' title="bbox 374 4435 1946 4509">
    <p class='ocr_par' dir='ltr' id='par_1_72' title="bbox 374 4435 1946 4509">
     <span class='ocr_line' id='line_1_72' title="bbox 374 4435 1946 4509; baseline -0.002 -20"><span class='ocrx_word' id='word_1_494' title='bbox 374 4436 810 4509; x_wconf 86' lang='grc' dir='ltr'>προφητεύεσθαι</span> <span class='ocrx_word' id='word_1_495' title='bbox 854 4437 921 4491; x_wconf 71' lang='grc' dir='ltr'>τὰ</span> <span class='ocrx_word' id='word_1_496' title='bbox 967 4437 1094 4509; x_wconf 73' lang='grc' dir='ltr'>περὶ</span> <span class='ocrx_word' id='word_1_497' title='bbox 1139 4438 1230 4490; x_wconf 94' lang='grc' dir='ltr'><strong>τὸν</strong></span> <span class='ocrx_word' id='word_1_498' title='bbox 1284 4435 1518 4508; x_wconf 84' lang='grc' dir='ltr'>Χριστὸν</span> <span class='ocrx_word' id='word_1_499' title='bbox 1562 4435 1787 4507; x_wconf 87' lang='grc' dir='ltr'>Ἰησοῦν.</span> <span class='ocrx_word' id='word_1_500' title='bbox 1838 4435 1946 4489; x_wconf 75' lang='grc' dir='ltr'>Καὶ</span> 
     </span>
    </p>
   </div>
   <div class='ocr_carea' id='block_1_73' title="bbox 371 4520 1943 4600">
    <p class='ocr_par' dir='ltr' id='par_1_73' title="bbox 371 4520 1943 4600">
     <span class='ocr_line' id='line_1_73' title="bbox 371 4520 1943 4600; baseline -0.002 -18"><span class='ocrx_word' id='word_1_501' title='bbox 371 4529 586 4600; x_wconf 86' lang='grc' dir='ltr'>πρῶτόν</span> <span class='ocrx_word' id='word_1_502' title='bbox 625 4545 687 4597; x_wconf 89' lang='grc' dir='ltr'><strong>γε</strong></span> <span class='ocrx_word' id='word_1_503' title='bbox 737 4528 855 4582; x_wconf 89' lang='grc' dir='ltr'>κατ’</span> <span class='ocrx_word' id='word_1_504' title='bbox 885 4528 1060 4599; x_wconf 77' lang='grc' dir='ltr'>ἀρχὰς</span> <span class='ocrx_word' id='word_1_505' title='bbox 1106 4528 1429 4598; x_wconf 78' lang='grc' dir='ltr'>ἐξετάζομεν</span> <span class='ocrx_word' id='word_1_506' title='bbox 1475 4520 1549 4580; x_wconf 85' lang='grc' dir='ltr'><strong>ῶν</strong></span> <span class='ocrx_word' id='word_1_507' title='bbox 1594 4526 1762 4579; x_wconf 84' lang='grc' dir='ltr'>οἴεται</span> <span class='ocrx_word' id='word_1_508' title='bbox 1811 4525 1943 4596; x_wconf 68' lang='lat' dir='ltr'><strong>(bii),</strong></span> 
     </span>
    </p>
   </div>
   <div class='ocr_carea' id='block_1_74' title="bbox 368 4615 1918 4692">
    <p class='ocr_par' dir='ltr' id='par_1_74' title="bbox 368 4615 1918 4692">
     <span class='ocr_line' id='line_1_74' title="bbox 368 4615 1918 4692; baseline -0.002 -21"><span class='ocrx_word' id='word_1_509' title='bbox 368 4623 494 4684; x_wconf 73' lang='grc' dir='ltr'>τοὺς</span> <span class='ocrx_word' id='word_1_510' title='bbox 543 4621 642 4692; x_wconf 87' lang='grc' dir='ltr'><strong>μὲν</strong></span> <span class='ocrx_word' id='word_1_511' title='bbox 673 4619 829 4674; x_wconf 82' lang='grc' dir='ltr'>ἄλλον</span> <span class='ocrx_word' id='word_1_512' title='bbox 865 4621 1284 4690; x_wconf 74' lang='grc' dir='ltr'>εἰσηγουμένους</span> <span class='ocrx_word' id='word_1_513' title='bbox 1325 4618 1457 4672; x_wconf 86' lang='grc' dir='ltr'>Θεὸν</span> <span class='ocrx_word' id='word_1_514' title='bbox 1501 4616 1650 4688; x_wconf 82' lang='grc' dir='ltr'><strong>παρά</strong></span> <span class='ocrx_word' id='word_1_515' title='bbox 1682 4615 1774 4670; x_wconf 85' lang='grc' dir='ltr'><strong>τὸν</strong></span> <span class='ocrx_word' id='word_1_516' title='bbox 1819 4617 1918 4669; x_wconf 80' lang='grc' dir='ltr'>’1ου</span> 
     </span>
    </p>
   </div>
   <div class='ocr_carea' id='block_1_75' title="bbox 369 4707 1946 4784">
    <p class='ocr_par' dir='ltr' id='par_1_75' title="bbox 369 4707 1946 4784">
     <span class='ocr_line' id='line_1_75' title="bbox 369 4707 1946 4784; baseline -0.003 -21"><span class='ocrx_word' id='word_1_517' title='bbox 369 4712 532 4765; x_wconf 87' lang='grc' dir='ltr'>δαίων</span> <span class='ocrx_word' id='word_1_518' title='bbox 577 4713 712 4766; x_wconf 84' lang='grc' dir='ltr'>Θεὸν</span> <span class='ocrx_word' id='word_1_519' title='bbox 759 4712 1024 4784; x_wconf 79' lang='grc' dir='ltr'>μηδαμῶς</span> <span class='ocrx_word' id='word_1_520' title='bbox 1070 4712 1326 4766; x_wconf 85' lang='grc' dir='ltr'>δύνασθαι</span> <span class='ocrx_word' id='word_1_521' title='bbox 1369 4711 1616 4780; x_wconf 85' lang='grc' dir='ltr'>ἀπαντᾷν</span> <span class='ocrx_word' id='word_1_522' title='bbox 1668 4708 1803 4780; x_wconf 86' lang='grc' dir='ltr'>πρὸς</span> <span class='ocrx_word' id='word_1_523' title='bbox 1849 4707 1946 4770; x_wconf 83' lang='grc' dir='ltr'>τὰς</span> 
     </span>
    </p>
   </div>
   <div class='ocr_carea' id='block_1_76' title="bbox 371 4800 1942 4876">
    <p class='ocr_par' dir='ltr' id='par_1_76' title="bbox 371 4800 1942 4876">
     <span class='ocr_line' id='line_1_76' title="bbox 371 4800 1942 4876; baseline 0.001 -23"><span class='ocrx_word' id='word_1_524' title='bbox 371 4802 737 4876; x_wconf 74' lang='grc' dir='ltr'>ἐπαπορήσεις</span> <span class='ocrx_word' id='word_1_525' title='bbox 777 4807 970 4860; x_wconf 80' lang='grc' dir='ltr'>αὑτοῦ·</span> <span class='ocrx_word' id='word_1_526' title='bbox 1015 4809 1160 4876; x_wconf 78' lang='grc' dir='ltr'>ἡμᾶς</span> <span class='ocrx_word' id='word_1_527' title='bbox 1187 4805 1263 4869; x_wconf 79' lang='grc' dir='ltr'><strong>δὲ,</strong></span> <span class='ocrx_word' id='word_1_528' title='bbox 1287 4804 1414 4866; x_wconf 73' lang='grc' dir='ltr'>τοὺς</span> <span class='ocrx_word' id='word_1_529' title='bbox 1445 4803 1536 4856; x_wconf 85' lang='grc' dir='ltr'><strong>τὸν</strong></span> <span class='ocrx_word' id='word_1_530' title='bbox 1580 4801 1742 4854; x_wconf 78' lang='grc' dir='ltr'>αὑτὸν</span> <span class='ocrx_word' id='word_1_531' title='bbox 1771 4800 1942 4871; x_wconf 82' lang='grc' dir='ltr'>τηρή-</span> 
     </span>
    </p>
   </div>
   <div class='ocr_carea' id='block_1_77' title="bbox 372 4893 1940 4967">
    <p class='ocr_par' dir='ltr' id='par_1_77' title="bbox 372 4893 1940 4967">
     <span class='ocr_line' id='line_1_77' title="bbox 372 4893 1940 4967; baseline 0 -23"><span class='ocrx_word' id='word_1_532' title='bbox 372 4908 567 4958; x_wconf 88' lang='grc' dir='ltr'>σαντας</span> <span class='ocrx_word' id='word_1_533' title='bbox 592 4896 742 4960; x_wconf 88' lang='grc' dir='ltr'>Θεὸν,</span> <span class='ocrx_word' id='word_1_534' title='bbox 758 4898 1118 4966; x_wconf 77' lang='grc' dir='ltr'>καταφεύγειν</span> <span class='ocrx_word' id='word_1_535' title='bbox 1148 4898 1240 4949; x_wconf 72' lang='grc' dir='ltr'><strong>ἐπὶ</strong></span> <span class='ocrx_word' id='word_1_536' title='bbox 1255 4895 1352 4967; x_wconf 82' lang='grc' dir='ltr'>τὴν</span> <span class='ocrx_word' id='word_1_537' title='bbox 1369 4894 1455 4947; x_wconf 78' lang='grc' dir='ltr'>διὰ</span> <span class='ocrx_word' id='word_1_538' title='bbox 1479 4893 1585 4946; x_wconf 91' lang='grc' dir='ltr'><strong>τῶν</strong></span> <span class='ocrx_word' id='word_1_539' title='bbox 1604 4908 1940 4964; x_wconf 85' lang='grc' dir='ltr'>προφητευο-</span> 
     </span>
    </p>
   </div>
   <div class='ocr_carea' id='block_1_78' title="bbox 372 4982 1940 5060">
    <p class='ocr_par' dir='ltr' id='par_1_78' title="bbox 372 4982 1940 5060">
     <span class='ocr_line' id='line_1_78' title="bbox 372 4982 1940 5060; baseline -0.001 -24"><span class='ocrx_word' id='word_1_540' title='bbox 372 4983 547 5053; x_wconf 80' lang='grc' dir='ltr'>μένων</span> <span class='ocrx_word' id='word_1_541' title='bbox 606 4987 731 5058; x_wconf 76' lang='grc' dir='ltr'>περὶ</span> <span class='ocrx_word' id='word_1_542' title='bbox 798 4989 1031 5060; x_wconf 84' lang='grc' dir='ltr'>Χριστοῦ</span> <span class='ocrx_word' id='word_1_543' title='bbox 1089 4989 1398 5056; x_wconf 85' lang='grc' dir='ltr'>ἀπολογίαν.</span> <span class='ocrx_word' id='word_1_544' title='bbox 1465 4985 1576 5039; x_wconf 84' lang='grc' dir='ltr'><strong>Καί</strong></span> <span class='ocrx_word' id='word_1_545' title='bbox 1629 5001 1760 5056; x_wconf 84' lang='grc' dir='ltr'>φησι</span> <span class='ocrx_word' id='word_1_546' title='bbox 1805 4982 1940 5054; x_wconf 85' lang='grc' dir='ltr'>πρὸς</span> 
     </span>
    </p>
   </div>
   <div class='ocr_carea' id='block_1_79' title="bbox 367 5073 1933 5146">
    <p class='ocr_par' dir='ltr' id='par_1_79' title="bbox 367 5073 1933 5146">
     <span class='ocr_line' id='line_1_79' title="bbox 367 5073 1933 5146; baseline 0.001 -21"><span class='ocrx_word' id='word_1_547' title='bbox 367 5073 576 5126; x_wconf 85' lang='grc' dir='ltr'>ταῦτα·</span> <span class='ocrx_word' id='word_1_548' title='bbox 625 5075 872 5144; x_wconf 75' lang='grc' dir='ltr'>Ἴδωμεν</span> <span class='ocrx_word' id='word_1_549' title='bbox 913 5079 1028 5144; x_wconf 82' lang='grc' dir='ltr'><strong>ὅπη</strong></span> <span class='ocrx_word' id='word_1_550' title='bbox 1081 5077 1486 5146; x_wconf 62' lang='grc' dir='ltr'>ἐφευρήσουσι</span> <span class='ocrx_word' id='word_1_551' title='bbox 1539 5075 1933 5143; x_wconf 77' lang='grc' dir='ltr'>παραίτησιν·</span> 
     </span>
    </p>
   </div>
   <div class='ocr_carea' id='block_1_80' title="bbox 436 5193 1264 5261">
    <p class='ocr_par' dir='ltr' id='par_1_80' title="bbox 436 5193 1264 5261">
     <span class='ocr_line' id='line_1_80' title="bbox 436 5193 1264 5261; baseline 0.006 -14"><span class='ocrx_word' id='word_1_552' title='bbox 436 5193 484 5224; x_wconf 78' lang='grc'><strong>⁷⁸</strong></span> <span class='ocrx_word' id='word_1_553' title='bbox 517 5193 662 5248; x_wconf 88' lang='lat' dir='ltr'><strong>Psal.</strong></span> <span class='ocrx_word' id='word_1_554' title='bbox 689 5211 806 5261; x_wconf 86' lang='lat' dir='ltr'><strong>LIII,</strong></span> <span class='ocrx_word' id='word_1_555' title='bbox 839 5196 887 5250; x_wconf 90' lang='lat'><strong>7.</strong></span> <span class='ocrx_word' id='word_1_556' title='bbox 965 5197 1010 5228; x_wconf 71' lang='grc'>⁷⁸</span> <span class='ocrx_word' id='word_1_557' title='bbox 1044 5198 1172 5252; x_wconf 88' lang='lat' dir='ltr'><strong>ibid.</strong></span> <span class='ocrx_word' id='word_1_558' title='bbox 1211 5199 1264 5252; x_wconf 92' lang='lat'><strong>8.</strong></span> 
     </span>
    </p>
   </div>
   <div class='ocr_carea' id='block_1_81' title="bbox 2123 4250 3620 4322">
    <p class='ocr_par' dir='ltr' id='par_1_81' title="bbox 2123 4250 3620 4322">
     <span class='ocr_line' id='line_1_81' title="bbox 2123 4250 3620 4322; baseline -0.001 -14"><span class='ocrx_word' id='word_1_559' title='bbox 2123 4255 2178 4308; x_wconf 74' lang='lat'><strong>2.</strong></span> <span class='ocrx_word' id='word_1_560' title='bbox 2199 4255 2352 4309; x_wconf 87' lang='lat' dir='ltr'><strong>Nunc</strong></span> <span class='ocrx_word' id='word_1_561' title='bbox 2372 4255 2530 4309; x_wconf 82' lang='lat' dir='ltr'><strong>Celso</strong></span> <span class='ocrx_word' id='word_1_562' title='bbox 2561 4253 2891 4322; x_wconf 87' lang='lat' dir='ltr'><strong>propositum</strong></span> <span class='ocrx_word' id='word_1_563' title='bbox 2916 4259 2999 4306; x_wconf 87' lang='lat' dir='ltr'><strong>est</strong></span> <span class='ocrx_word' id='word_1_564' title='bbox 3021 4250 3225 4305; x_wconf 87' lang='lat' dir='ltr'><strong>adoriri</strong></span> <span class='ocrx_word' id='word_1_565' title='bbox 3260 4251 3398 4306; x_wconf 89' lang='lat' dir='ltr'><strong>istud</strong></span> <span class='ocrx_word' id='word_1_566' title='bbox 3420 4261 3620 4307; x_wconf 69' lang='lat' dir='ltr'><strong>nostra:</strong></span> 
     </span>
    </p>
   </div>
   <div class='ocr_carea' id='block_1_82' title="bbox 2052 4343 3619 4411">
    <p class='ocr_par' dir='ltr' id='par_1_82' title="bbox 2052 4343 3619 4411">
     <span class='ocr_line' id='line_1_82' title="bbox 2052 4343 3619 4411; baseline -0.001 -11"><span class='ocrx_word' id='word_1_567' title='bbox 2052 4348 2333 4410; x_wconf 63' lang='lat' dir='ltr'><strong>doctrinm,</strong></span> <span class='ocrx_word' id='word_1_568' title='bbox 2353 4361 2381 4398; x_wconf 91' lang='lat' dir='ltr'><strong>a</strong></span> <span class='ocrx_word' id='word_1_569' title='bbox 2407 4345 2714 4398; x_wconf 84' lang='lat' dir='ltr'><strong>Judaeorum</strong></span> <span class='ocrx_word' id='word_1_570' title='bbox 2751 4343 3026 4411; x_wconf 64' lang='lat' dir='ltr'><strong>prolihetis</strong></span> <span class='ocrx_word' id='word_1_571' title='bbox 3057 4343 3415 4408; x_wconf 66' lang='lat' dir='ltr'><strong>praenuntiata</strong></span> <span class='ocrx_word' id='word_1_572' title='bbox 3452 4343 3619 4399; x_wconf 84' lang='lat' dir='ltr'><strong>fuisse</strong></span> 
     </span>
    </p>
   </div>
   <div class='ocr_carea' id='block_1_83' title="bbox 2053 4430 3618 4506">
    <p class='ocr_par' dir='ltr' id='par_1_83' title="bbox 2053 4430 3618 4506">
     <span class='ocr_line' id='line_1_83' title="bbox 2053 4430 3618 4506; baseline -0.001 -17"><span class='ocrx_word' id='word_1_573' title='bbox 2053 4449 2387 4506; x_wconf 62' lang='lat' dir='ltr'><strong>quiscunque</strong></span> <span class='ocrx_word' id='word_1_574' title='bbox 2411 4431 2540 4487; x_wconf 86' lang='lat' dir='ltr'><strong>Jesu</strong></span> <span class='ocrx_word' id='word_1_575' title='bbox 2569 4431 2788 4486; x_wconf 88' lang='lat' dir='ltr'><strong>Christo</strong></span> <span class='ocrx_word' id='word_1_576' title='bbox 2815 4431 3145 4484; x_wconf 79' lang='lat' dir='ltr'><strong>acciderunt.</strong></span> <span class='ocrx_word' id='word_1_577' title='bbox 3173 4431 3249 4484; x_wconf 86' lang='lat' dir='ltr'><strong>Ac</strong></span> <span class='ocrx_word' id='word_1_578' title='bbox 3267 4430 3496 4500; x_wconf 84' lang='lat' dir='ltr'><strong>primum</strong></span> <span class='ocrx_word' id='word_1_579' title='bbox 3521 4448 3618 4487; x_wconf 78' lang='lat' dir='ltr'><strong>ex-</strong></span> 
     </span>
    </p>
   </div>
   <div class='ocr_carea' id='block_1_84' title="bbox 2052 4521 3616 4596">
    <p class='ocr_par' dir='ltr' id='par_1_84' title="bbox 2052 4521 3616 4596">
     <span class='ocr_line' id='line_1_84' title="bbox 2052 4521 3616 4596; baseline -0.001 -14"><span class='ocrx_word' id='word_1_580' title='bbox 2052 4527 2352 4596; x_wconf 85' lang='lat' dir='ltr'><strong>pendemus</strong></span> <span class='ocrx_word' id='word_1_581' title='bbox 2373 4525 2515 4592; x_wconf 91' lang='lat' dir='ltr'><strong>quod</strong></span> <span class='ocrx_word' id='word_1_582' title='bbox 2547 4521 2820 4591; x_wconf 88' lang='lat' dir='ltr'><strong>opinatur,</strong></span> <span class='ocrx_word' id='word_1_583' title='bbox 2855 4535 2917 4575; x_wconf 91' lang='lat' dir='ltr'><strong>ea</strong></span> <span class='ocrx_word' id='word_1_584' title='bbox 2947 4536 3065 4590; x_wconf 64' lang='lat' dir='ltr'><strong>quae</strong></span> <span class='ocrx_word' id='word_1_585' title='bbox 3094 4522 3282 4592; x_wconf 87' lang='lat' dir='ltr'><strong>objicit</strong></span> <span class='ocrx_word' id='word_1_586' title='bbox 3307 4537 3412 4578; x_wconf 91' lang='lat' dir='ltr'><strong>non</strong></span> <span class='ocrx_word' id='word_1_587' title='bbox 3456 4539 3616 4594; x_wconf 86' lang='lat' dir='ltr'><strong>posse</strong></span> 
     </span>
    </p>
   </div>
   <div class='ocr_carea' id='block_1_85' title="bbox 2039 4615 3604 4686">
    <p class='ocr_par' dir='ltr' id='par_1_85' title="bbox 2039 4615 3604 4686">
     <span class='ocr_line' id='line_1_85' title="bbox 2039 4615 3604 4686; baseline -0.004 -12"><span class='ocrx_word' id='word_1_588' title='bbox 2039 4619 2258 4674; x_wconf 89' lang='lat' dir='ltr'><strong>refutari</strong></span> <span class='ocrx_word' id='word_1_589' title='bbox 2289 4618 2356 4672; x_wconf 88' lang='lat' dir='ltr'><strong>ab</strong></span> <span class='ocrx_word' id='word_1_590' title='bbox 2387 4619 2453 4671; x_wconf 88' lang='lat' dir='ltr'><strong>iis</strong></span> <span class='ocrx_word' id='word_1_591' title='bbox 2482 4617 2571 4686; x_wconf 92' lang='lat' dir='ltr'><strong>qui</strong></span> <span class='ocrx_word' id='word_1_592' title='bbox 2600 4617 2761 4669; x_wconf 90' lang='lat' dir='ltr'><strong>alium</strong></span> <span class='ocrx_word' id='word_1_593' title='bbox 2791 4632 2818 4668; x_wconf 89' lang='lat' dir='ltr'><strong>a</strong></span> <span class='ocrx_word' id='word_1_594' title='bbox 2849 4615 3154 4669; x_wconf 65' lang='lat' dir='ltr'><strong>Judteornm</strong></span> <span class='ocrx_word' id='word_1_595' title='bbox 3183 4617 3292 4670; x_wconf 89' lang='lat' dir='ltr'><strong>Deo</strong></span> <span class='ocrx_word' id='word_1_596' title='bbox 3321 4616 3484 4670; x_wconf 90' lang='lat' dir='ltr'><strong>Deum</strong></span> <span class='ocrx_word' id='word_1_597' title='bbox 3519 4617 3604 4669; x_wconf 82' lang='lat' dir='ltr'><strong>in-</strong></span> 
     </span>
    </p>
   </div>
   <div class='ocr_carea' id='block_1_86' title="bbox 2038 4701 3599 4774">
    <p class='ocr_par' dir='ltr' id='par_1_86' title="bbox 2038 4701 3599 4774">
     <span class='ocr_line' id='line_1_86' title="bbox 2038 4701 3599 4774; baseline -0.008 -8"><span class='ocrx_word' id='word_1_598' title='bbox 2038 4711 2246 4766; x_wconf 87' lang='lat' dir='ltr'><strong>ducunt</strong></span> <span class='ocrx_word' id='word_1_599' title='bbox 2283 4725 2295 4758; x_wconf 90' lang='lat'><strong>:</strong></span> <span class='ocrx_word' id='word_1_600' title='bbox 2330 4722 2428 4761; x_wconf 91' lang='lat' dir='ltr'><strong>nos</strong></span> <span class='ocrx_word' id='word_1_601' title='bbox 2467 4721 2598 4761; x_wconf 90' lang='lat' dir='ltr'><strong>vero</strong></span> <span class='ocrx_word' id='word_1_602' title='bbox 2639 4705 2728 4774; x_wconf 91' lang='lat' dir='ltr'><strong>qui</strong></span> <span class='ocrx_word' id='word_1_603' title='bbox 2764 4705 3013 4758; x_wconf 84' lang='lat' dir='ltr'><strong>eumdem</strong></span> <span class='ocrx_word' id='word_1_604' title='bbox 3062 4719 3124 4756; x_wconf 91' lang='lat' dir='ltr'><strong>ac</strong></span> <span class='ocrx_word' id='word_1_605' title='bbox 3170 4703 3242 4756; x_wconf 86' lang='lat' dir='ltr'><strong>illi</strong></span> <span class='ocrx_word' id='word_1_606' title='bbox 3287 4701 3599 4766; x_wconf 88' lang='lat' dir='ltr'><strong>retinemus,</strong></span> 
     </span>
    </p>
   </div>
   <div class='ocr_carea' id='block_1_87' title="bbox 2040 4791 3605 4866">
    <p class='ocr_par' dir='ltr' id='par_1_87' title="bbox 2040 4791 3605 4866">
     <span class='ocr_line' id='line_1_87' title="bbox 2040 4791 3605 4866; baseline -0.01 -8"><span class='ocrx_word' id='word_1_607' title='bbox 2040 4813 2100 4858; x_wconf 89' lang='lat' dir='ltr'><strong>ut</strong></span> <span class='ocrx_word' id='word_1_608' title='bbox 2126 4818 2228 4857; x_wconf 90' lang='lat' dir='ltr'><strong>nos</strong></span> <span class='ocrx_word' id='word_1_609' title='bbox 2254 4799 2625 4858; x_wconf 88' lang='lat' dir='ltr'><strong>defendamus,</strong></span> <span class='ocrx_word' id='word_1_610' title='bbox 2661 4798 2727 4851; x_wconf 90' lang='lat' dir='ltr'><strong>ad</strong></span> <span class='ocrx_word' id='word_1_611' title='bbox 2757 4796 3139 4866; x_wconf 89' lang='lat' dir='ltr'><strong>prophetarum</strong></span> <span class='ocrx_word' id='word_1_612' title='bbox 3171 4793 3238 4847; x_wconf 91' lang='lat' dir='ltr'><strong>de</strong></span> <span class='ocrx_word' id='word_1_613' title='bbox 3269 4791 3485 4846; x_wconf 89' lang='lat' dir='ltr'><strong>Christo</strong></span> <span class='ocrx_word' id='word_1_614' title='bbox 3501 4806 3605 4844; x_wconf 76' lang='lat' dir='ltr'><strong>va-</strong></span> 
     </span>
    </p>
   </div>
   <div class='ocr_carea' id='block_1_88' title="bbox 2041 4881 3601 4960">
    <p class='ocr_par' dir='ltr' id='par_1_88' title="bbox 2041 4881 3601 4960">
     <span class='ocr_line' id='line_1_88' title="bbox 2041 4881 3601 4960; baseline -0.01 -13"><span class='ocrx_word' id='word_1_615' title='bbox 2041 4894 2223 4948; x_wconf 87' lang='lat' dir='ltr'><strong>ticinia</strong></span> <span class='ocrx_word' id='word_1_616' title='bbox 2256 4890 2564 4960; x_wconf 77' lang='lat' dir='ltr'><strong>confugere.</strong></span> <span class='ocrx_word' id='word_1_617' title='bbox 2595 4889 2725 4956; x_wconf 71' lang='lat' dir='ltr'><strong>Ejus</strong></span> <span class='ocrx_word' id='word_1_618' title='bbox 2770 4889 2871 4940; x_wconf 90' lang='lat' dir='ltr'><strong>hac</strong></span> <span class='ocrx_word' id='word_1_619' title='bbox 2899 4887 2966 4940; x_wconf 92' lang='lat' dir='ltr'><strong>de</strong></span> <span class='ocrx_word' id='word_1_620' title='bbox 3003 4901 3060 4939; x_wconf 90' lang='lat' dir='ltr'><strong>re</strong></span> <span class='ocrx_word' id='word_1_621' title='bbox 3090 4884 3253 4939; x_wconf 82' lang='lat' dir='ltr'><strong>verba</strong></span> <span class='ocrx_word' id='word_1_622' title='bbox 3287 4889 3414 4937; x_wconf 91' lang='lat' dir='ltr'><strong>sunt</strong></span> <span class='ocrx_word' id='word_1_623' title='bbox 3442 4881 3556 4936; x_wconf 72' lang='lat' dir='ltr'><strong>hrec</strong></span> <span class='ocrx_word' id='word_1_624' title='bbox 3589 4893 3601 4932; x_wconf 86' lang='lat'><strong>:</strong></span> 
     </span>
    </p>
   </div>
   <div class='ocr_carea' id='block_1_89' title="bbox 2045 4970 3608 5051">
    <p class='ocr_par' dir='ltr' id='par_1_89' title="bbox 2045 4970 3608 5051">
     <span class='ocr_line' id='line_1_89' title="bbox 2045 4970 3608 5051; baseline -0.01 -13"><span class='ocrx_word' id='word_1_625' title='bbox 2045 4982 2320 5038; x_wconf 81' lang='lat' dir='ltr'><strong>Videamus</strong></span> <span class='ocrx_word' id='word_1_626' title='bbox 2347 4997 2505 5051; x_wconf 87' lang='lat' dir='ltr'><strong>quam</strong></span> <span class='ocrx_word' id='word_1_627' title='bbox 2537 4980 2632 5032; x_wconf 82' lang='lat' dir='ltr'><strong>sibi</strong></span> <span class='ocrx_word' id='word_1_628' title='bbox 2675 4978 3017 5031; x_wconf 60' lang='lat' dir='ltr'><strong>defensionem</strong></span> <span class='ocrx_word' id='word_1_629' title='bbox 3046 4977 3288 5044; x_wconf 83' lang='lat' dir='ltr'><strong>paraturi</strong></span> <span class='ocrx_word' id='word_1_630' title='bbox 3315 4975 3416 5027; x_wconf 83' lang='lat' dir='ltr'><strong>sint</strong></span> <span class='ocrx_word' id='word_1_631' title='bbox 3444 4988 3461 5025; x_wconf 90' lang='lat'><strong><em>:</em></strong></span> <span class='ocrx_word' id='word_1_632' title='bbox 3492 4970 3608 5024; x_wconf 75' lang='lat' dir='ltr'><strong>nul-</strong></span> 
     </span>
    </p>
   </div>
   <div class='ocr_carea' id='block_1_90' title="bbox 2045 5058 3606 5134">
    <p class='ocr_par' dir='ltr' id='par_1_90' title="bbox 2045 5058 3606 5134">
     <span class='ocr_line' id='line_1_90' title="bbox 2045 5058 3606 5134; baseline -0.008 -14"><span class='ocrx_word' id='word_1_633' title='bbox 2045 5069 2150 5120; x_wconf 86' lang='lat' dir='ltr'><strong>lam</strong></span> <span class='ocrx_word' id='word_1_634' title='bbox 2185 5067 2445 5120; x_wconf 81' lang='lat' dir='ltr'><strong>invenient</strong></span> <span class='ocrx_word' id='word_1_635' title='bbox 2469 5066 2507 5118; x_wconf 85' lang='lat' dir='ltr'><strong>ii</strong></span> <span class='ocrx_word' id='word_1_636' title='bbox 2526 5064 2713 5134; x_wconf 71' lang='lat' dir='ltr'><strong>quibus</strong></span> <span class='ocrx_word' id='word_1_637' title='bbox 2732 5063 2896 5118; x_wconf 82' lang='lat' dir='ltr'><strong>alium</strong></span> <span class='ocrx_word' id='word_1_638' title='bbox 2915 5060 3082 5114; x_wconf 87' lang='lat' dir='ltr'><strong>Deum</strong></span> <span class='ocrx_word' id='word_1_639' title='bbox 3115 5059 3362 5110; x_wconf 81' lang='lat' dir='ltr'><strong>inducere</strong></span> <span class='ocrx_word' id='word_1_640' title='bbox 3384 5058 3606 5126; x_wconf 80' lang='lat' dir='ltr'><strong>placuit,</strong></span> 
     </span>
    </p>
   </div>
   <div class='ocr_carea' id='block_1_91' title="bbox 437 5297 3604 5382">
    <p class='ocr_par' dir='ltr' id='par_1_91' title="bbox 437 5297 3604 5382">
     <span class='ocr_line' id='line_1_91' title="bbox 437 5297 3604 5382; baseline -0.005 -16"><span class='ocrx_word' id='word_1_641' title='bbox 437 5311 550 5381; x_wconf 70' lang='grc' dir='ltr'><strong>(Μ)</strong></span> <span class='ocrx_word' id='word_1_642' title='bbox 583 5311 917 5366; x_wconf 74' lang='lat' dir='ltr'><strong>Hmschelius</strong></span> <span class='ocrx_word' id='word_1_643' title='bbox 949 5323 1001 5366; x_wconf 91' lang='lat' dir='ltr'><strong>et</strong></span> <span class='ocrx_word' id='word_1_644' title='bbox 1051 5313 1356 5382; x_wconf 77' lang='lat' dir='ltr'><strong>Spencerus</strong></span> <span class='ocrx_word' id='word_1_645' title='bbox 1407 5315 1457 5366; x_wconf 90' lang='lat' dir='ltr'><strong>in</strong></span> <span class='ocrx_word' id='word_1_646' title='bbox 1514 5321 1713 5382; x_wconf 52' lang='lat' dir='ltr'><strong>textu,</strong></span> <span class='ocrx_word' id='word_1_647' title='bbox 1738 5325 1926 5382; x_wconf 74' lang='grc' dir='ltr'>πειραι-</span> <span class='ocrx_word' id='word_1_648' title='bbox 1967 5314 2008 5368; x_wconf 94' lang='lat' dir='ltr'><strong>D</strong></span> <span class='ocrx_word' id='word_1_649' title='bbox 2039 5324 2188 5382; x_wconf 80' lang='lat' dir='ltr'><strong>mum</strong></span> <span class='ocrx_word' id='word_1_650' title='bbox 2237 5307 2463 5382; x_wconf 85' lang='lat' dir='ltr'><strong>abolito,</strong></span> <span class='ocrx_word' id='word_1_651' title='bbox 2501 5307 2564 5382; x_wconf 83' lang='lat' dir='ltr'><strong>ad</strong></span> <span class='ocrx_word' id='word_1_652' title='bbox 2582 5304 2899 5382; x_wconf 32' lang='lat' dir='ltr'><strong>feritatem“</strong></span> <span class='ocrx_word' id='word_1_653' title='bbox 2939 5303 3150 5382; x_wconf 77' lang='lat' dir='ltr'><strong>animus</strong></span> <span class='ocrx_word' id='word_1_654' title='bbox 3201 5299 3454 5382; x_wconf 66' lang='lat' dir='ltr'><strong>applicari</strong></span> <span class='ocrx_word' id='word_1_655' title='bbox 3491 5297 3604 5382; x_wconf 75' lang='lat' dir='ltr'><strong>sic-</strong></span> 
     </span>
    </p>
   </div>
   <div class='ocr_carea' id='block_1_92' title="bbox 367 5381 1930 5454">
    <p class='ocr_par' dir='ltr' id='par_1_92' title="bbox 367 5381 1930 5454">
     <span class='ocr_line' id='line_1_92' title="bbox 367 5381 1930 5454; baseline -0.001 -20"><span class='ocrx_word' id='word_1_656' title='bbox 367 5382 530 5454; x_wconf 80' lang='grc' dir='ltr'>σμοῦ,</span> <span class='ocrx_word' id='word_1_657' title='bbox 562 5385 655 5436; x_wconf 86' lang='lat' dir='ltr'><strong>sed</strong></span> <span class='ocrx_word' id='word_1_658' title='bbox 697 5383 892 5454; x_wconf 67' lang='lat' dir='ltr'><strong>melius</strong></span> <span class='ocrx_word' id='word_1_659' title='bbox 917 5399 1047 5454; x_wconf 87' lang='lat' dir='ltr'><strong>mss.</strong></span> <span class='ocrx_word' id='word_1_660' title='bbox 1076 5381 1310 5454; x_wconf 84' lang='lat' dir='ltr'><strong>codices,</strong></span> <span class='ocrx_word' id='word_1_661' title='bbox 1341 5381 1743 5453; x_wconf 84' lang='grc' dir='ltr'>περισπασμοῦ,</span> <span class='ocrx_word' id='word_1_662' title='bbox 1770 5381 1930 5454; x_wconf 79' lang='lat' dir='ltr'><strong>men-</strong></span> 
     </span>
    </p>
   </div>
   <div class='ocr_carea' id='block_1_93' title="bbox 367 5452 1927 5522">
    <p class='ocr_par' dir='ltr' id='par_1_93' title="bbox 367 5452 1927 5522">
     <span class='ocr_line' id='line_1_93' title="bbox 367 5452 1927 5522; baseline -0.002 -16"><span class='ocrx_word' id='word_1_663' title='bbox 367 5452 517 5507; x_wconf 80' lang='lat' dir='ltr'><strong>(iacia</strong></span> <span class='ocrx_word' id='word_1_664' title='bbox 550 5454 747 5520; x_wconf 82' lang='lat' dir='ltr'><strong>quippe</strong></span> <span class='ocrx_word' id='word_1_665' title='bbox 777 5468 840 5505; x_wconf 89' lang='lat' dir='ltr'><strong>ac</strong></span> <span class='ocrx_word' id='word_1_666' title='bbox 872 5452 1000 5505; x_wconf 86' lang='lat' dir='ltr'><strong>falsa</strong></span> <span class='ocrx_word' id='word_1_667' title='bbox 1031 5453 1253 5506; x_wconf 83' lang='lat' dir='ltr'><strong>omnino</strong></span> <span class='ocrx_word' id='word_1_668' title='bbox 1283 5452 1813 5522; x_wconf 80' lang='grc' dir='ltr'>ειιηῑπερισπασμός</span> <span class='ocrx_word' id='word_1_669' title='bbox 1843 5452 1927 5503; x_wconf 87' lang='lat' dir='ltr'><strong>ille</strong></span> 
     </span>
    </p>
   </div>
   <div class='ocr_carea' id='block_1_94' title="bbox 365 5522 1927 5592">
    <p class='ocr_par' dir='ltr' id='par_1_94' title="bbox 365 5522 1927 5592">
     <span class='ocr_line' id='line_1_94' title="bbox 365 5522 1927 5592; baseline -0.003 -16"><span class='ocrx_word' id='word_1_670' title='bbox 365 5537 473 5592; x_wconf 89' lang='lat' dir='ltr'><strong>quo</strong></span> <span class='ocrx_word' id='word_1_671' title='bbox 501 5523 810 5592; x_wconf 76' lang='lat' dir='ltr'><strong>hominesa</strong></span> <span class='ocrx_word' id='word_1_672' title='bbox 865 5524 1088 5575; x_wconf 84' lang='lat' dir='ltr'><strong>veritate</strong></span> <span class='ocrx_word' id='word_1_673' title='bbox 1118 5523 1477 5592; x_wconf 85' lang='lat' dir='ltr'><strong>abducuntur,</strong></span> <span class='ocrx_word' id='word_1_674' title='bbox 1507 5531 1558 5575; x_wconf 90' lang='lat' dir='ltr'><strong>et</strong></span> <span class='ocrx_word' id='word_1_675' title='bbox 1590 5522 1927 5592; x_wconf 84' lang='lat' dir='ltr'><strong>_ad_dive_rsa</strong></span> 
     </span>
    </p>
   </div>
   <div class='ocr_carea' id='block_1_95' title="bbox 367 5589 1926 5655">
    <p class='ocr_par' dir='ltr' id='par_1_95' title="bbox 367 5589 1926 5655">
     <span class='ocr_line' id='line_1_95' title="bbox 367 5589 1926 5655; baseline -0.003 -10"><span class='ocrx_word' id='word_1_676' title='bbox 367 5589 544 5646; x_wconf 74' lang='lat' dir='ltr'><strong>oumia</strong></span> <span class='ocrx_word' id='word_1_677' title='bbox 581 5591 978 5655; x_wconf 86' lang='lat' dir='ltr'><strong>distrahuntur,</strong></span> <span class='ocrx_word' id='word_1_678' title='bbox 1021 5607 1120 5646; x_wconf 91' lang='lat' dir='ltr'><strong>nec</strong></span> <span class='ocrx_word' id='word_1_679' title='bbox 1149 5591 1253 5643; x_wconf 89' lang='lat' dir='ltr'><strong>ulla</strong></span> <span class='ocrx_word' id='word_1_680' title='bbox 1285 5601 1368 5644; x_wconf 89' lang='lat' dir='ltr'><strong>est</strong></span> <span class='ocrx_word' id='word_1_681' title='bbox 1395 5590 1600 5644; x_wconf 87' lang='lat' dir='ltr'><strong>homini</strong></span> <span class='ocrx_word' id='word_1_682' title='bbox 1633 5589 1698 5642; x_wconf 88' lang='lat' dir='ltr'><strong>ad</strong></span> <span class='ocrx_word' id='word_1_683' title='bbox 1728 5590 1926 5641; x_wconf 87' lang='lat' dir='ltr'><strong>verita-</strong></span> 
     </span>
    </p>
   </div>
   <div class='ocr_carea' id='block_1_96' title="bbox 368 5660 1926 5730">
    <p class='ocr_par' dir='ltr' id='par_1_96' title="bbox 368 5660 1926 5730">
     <span class='ocr_line' id='line_1_96' title="bbox 368 5660 1926 5730; baseline -0.002 -15"><span class='ocrx_word' id='word_1_684' title='bbox 368 5672 472 5717; x_wconf 91' lang='lat' dir='ltr'><strong>tem</strong></span> <span class='ocrx_word' id='word_1_685' title='bbox 505 5665 584 5719; x_wconf 85' lang='lat' dir='ltr'><strong>via</strong></span> <span class='ocrx_word' id='word_1_686' title='bbox 614 5663 822 5727; x_wconf 87' lang='lat' dir='ltr'><strong>relicta,</strong></span> <span class='ocrx_word' id='word_1_687' title='bbox 853 5663 954 5716; x_wconf 90' lang='lat' dir='ltr'><strong>nisi</strong></span> <span class='ocrx_word' id='word_1_688' title='bbox 985 5677 1083 5730; x_wconf 88' lang='lat' dir='ltr'><strong>per</strong></span> <span class='ocrx_word' id='word_1_689' title='bbox 1119 5660 1240 5715; x_wconf 81' lang='lat' dir='ltr'><strong>falsi</strong></span> <span class='ocrx_word' id='word_1_690' title='bbox 1271 5661 1664 5717; x_wconf 87' lang='lat' dir='ltr'><strong>abolitionem:</strong></span> <span class='ocrx_word' id='word_1_691' title='bbox 1690 5673 1799 5728; x_wconf 91' lang='lat' dir='ltr'><strong>quo</strong></span> <span class='ocrx_word' id='word_1_692' title='bbox 1833 5660 1926 5712; x_wconf 69' lang='grc' dir='ltr'>δυο</span> 
     </span>
    </p>
   </div>
   <div class='ocr_carea' id='block_1_97' title="bbox 2035 5369 3602 5448">
    <p class='ocr_par' dir='ltr' id='par_1_97' title="bbox 2035 5369 3602 5448">
     <span class='ocr_line' id='line_1_97' title="bbox 2035 5369 3602 5448; baseline -0.005 -18"><span class='ocrx_word' id='word_1_693' title='bbox 2035 5395 2140 5448; x_wconf 87' lang='lat' dir='ltr'><strong>que</strong></span> <span class='ocrx_word' id='word_1_694' title='bbox 2177 5379 2398 5448; x_wconf 80' lang='grc' dir='ltr'>λογικὴν</span> <span class='ocrx_word' id='word_1_695' title='bbox 2430 5369 2524 5430; x_wconf 75' lang='grc' dir='ltr'><strong>καὶ</strong></span> <span class='ocrx_word' id='word_1_696' title='bbox 2575 5376 2815 5428; x_wconf 86' lang='grc' dir='ltr'>ἄκαπνον</span> <span class='ocrx_word' id='word_1_697' title='bbox 2875 5371 3063 5424; x_wconf 84' lang='grc' dir='ltr'>θυσίαν</span> <span class='ocrx_word' id='word_1_698' title='bbox 3109 5385 3208 5424; x_wconf 92' lang='lat' dir='ltr'><strong>suo</strong></span> <span class='ocrx_word' id='word_1_699' title='bbox 3251 5369 3444 5423; x_wconf 78' lang='lat' dir='ltr'><strong>ollerre</strong></span> <span class='ocrx_word' id='word_1_700' title='bbox 3495 5369 3602 5422; x_wconf 78' lang='lat' dir='ltr'><strong>Deo</strong></span> 
     </span>
    </p>
   </div>
   <div class='ocr_carea' id='block_1_98' title="bbox 2035 5459 3603 5586">
    <p class='ocr_par' dir='ltr' id='par_1_98' title="bbox 2035 5459 3603 5586">
     <span class='ocr_line' id='line_1_98' title="bbox 2035 5459 3603 5586; baseline -0.003 -18"><span class='ocrx_word' id='word_1_701' title='bbox 2035 5459 2228 5586; x_wconf 50' lang='grc' dir='ltr'><strong>υοξὲςέ).</strong></span> <span class='ocrx_word' id='word_1_702' title='bbox 2265 5514 2641 5586; x_wconf 67' lang='grc' dir='ltr'>Ἐξετάζομεν</span> <span class='ocrx_word' id='word_1_703' title='bbox 2800 5509 3002 5586; x_wconf 55' lang='grc' dir='ltr'>οἴεται.</span> <span class='ocrx_word' id='word_1_704' title='bbox 3043 5507 3331 5564; x_wconf 86' lang='lat' dir='ltr'><strong>Dubitabat</strong></span> <span class='ocrx_word' id='word_1_705' title='bbox 3377 5506 3603 5563; x_wconf 73' lang='lat' dir='ltr'><strong>Cuictul</strong></span> 
     </span>
    </p>
   </div>
   <div class='ocr_carea' id='block_1_99' title="bbox 2037 5578 3020 5651">
    <p class='ocr_par' dir='ltr' id='par_1_99' title="bbox 2037 5578 3020 5651">
     <span class='ocr_line' id='line_1_99' title="bbox 2037 5578 3020 5651; baseline -0.009 -9"><span class='ocrx_word' id='word_1_706' title='bbox 2037 5578 2120 5642; x_wconf 44' lang='lat' dir='ltr'><strong>an‘</strong></span> <span class='ocrx_word' id='word_1_707' title='bbox 2135 5578 2507 5651; x_wconf 69' lang='lat' dir='ltr'><strong>scribendum,</strong></span> <span class='ocrx_word' id='word_1_708' title='bbox 2528 5578 2803 5649; x_wconf 69' lang='grc' dir='ltr'>’ἐξετάζων</span> <span class='ocrx_word' id='word_1_709' title='bbox 2829 5578 3020 5633; x_wconf 80' lang='grc' dir='ltr'>οἴεται.</span> 
     </span>
    </p>
   </div>
   <div class='ocr_carea' id='block_1_100' title="bbox 3625 5685 3634 5710">
    <p class='ocr_par' dir='ltr' id='par_1_100' title="bbox 3625 5685 3634 5710">
     <span class='ocr_line' id='line_1_100' title="bbox 3625 5685 3634 5710; baseline 0 0"><span class='ocrx_word' id='word_1_710' title='bbox 3625 5685 3634 5710; x_wconf 83' lang='lat' dir='ltr'><strong>l</strong></span> 
     </span>
    </p>
   </div>
  </div>
