3972 6160
334 243 473 302 “23

1803 217 2120 278 ORIGENIS

3423 186 3568 252 ttat

330 361 379 413 hi
412 372 526 409 vero
557 354 647 423 qui
687 351 925 406 eumdem
949 349 1158 410 habent,
1182 359 1363 396 rursus
1395 343 1529 395 idem
1557 340 1712 406 illud,
1741 339 1894 400 illud,

2021 337 2054 423 >ί
2082 332 2196 401 μὲν
2227 330 2417 383 ἄλλον
2445 327 2853 396 εἰσηγούμενοι
2889 323 3036 377 Θεὸν
3079 319 3391 388 οὐδεμίαν·
3429 318 3480 368 οὶ
3508 313 3575 366 δὲ

331 453 562 518 inquam,
594 445 800 513 sapiens
819 440 1031 507 effatum
1057 435 1312 498 occinent,
1336 433 1414 486 sic
1438 431 1731 500 oportuisse
1751 429 1893 496 ﬁeri.

331 515 472 606 Quid
486 537 557 590 ita
574 535 600 588 τ
617 531 859 601 quiajam
881 527 1005 580 olim
1027 527 1138 578 [nec
1157 522 1408 591 pra'dicta
1429 520 1654 588 fuerant.
1677 516 1757 571 Ad
1777 515 1896 569 haec

333 641 433 695 ego
451 619 769 690 respondeo,
788 617 857 668 ita
881 612 1095 668 inﬁrma
1116 624 1235 666 esse
1254 624 1373 678 quae
1389 607 1546 680 paulo
1564 615 1686 659 ante
1707 613 1894 659 contra

333 717 512 772 Jesum
541 721 595 765 ct
617 706 960 764 Christianos
993 702 1152 767 dixit,
1182 709 1239 754 ut
1271 699 1437 756 etiam
1472 697 1568 763 illi,
1607 697 1698 764 qui
1735 695 1896 762 impie

340 811 501 862 Deum
537 802 698 854 alium
738 794 1026 856 inducunt,
1058 789 1207 845 nullo
1243 787 1458 860 negotio
1491 785 1697 855 possint
1727 783 1829 838 sibi
1865 795 1893 834 a

334 893 496 967 695
519 890 676 946 Celso
708 885 917 955 objecta
941 880 1206 936 refutare:
1228 889 1283 934 et
1312 878 1414 932 nisi
1439 877 1730 932 absurdum
1760 873 1898 926 foret

333 985 609 1058 quidpiam
655 979 836 1033 dicere.
886 989 992 1044 quo
1037 971 1363 1026 inﬁrmiores
1411 969 1476 1023 ad
1522 965 1895 1034 amplectenda

335 1054 606 1130 deteriora
620 1069 868 1137 dogmata
894 1061 1274 1122 incitarentur,
1306 1058 1359 1112 id
1384 1071 1480 1128 ego
1503 1057 1614 1124 ipse
1637 1054 1895 1115 facerem,

334 1164 750 1224 evinceremque
774 1165 938 1224 quam
973 1150 1166 1203 falsum
1204 1149 1346 1202 istud
1370 1148 1461 1214 sit,
1486 1133 1577 1215 qui
1614 1144 1777 1197 alium
1819 1142 1900 1194 itt-

335 1255 538 1307 ducunt
579 1248 768 1309 Deum,
797 1257 891 1296 eos
937 1253 1042 1294 non
1073 1251 1233 1308 posse
1257 1237 1420 1292 tutari
1463 1249 1522 1290 se
1543 1235 1804 1288 adversus
1837 1245 1898 1285 ea

335 1359 456 1416 qua:
500 1339 688 1396 Celsus
727 1332 944 1400 objicit:
987 1331 1081 1385 sed
1111 1341 1256 1382 nunc
1282 1329 1348 1381 ad
1394 1325 1642 1379 tuendam
1671 1322 1900 1391 prophe-

339 1414 515 1492 tarum
549 1442 788 1492 causam,
815 1439 936 1494 age,
971 1421 1172 1491 aliquid
1201 1414 1524 1488 supradictis
1550 1414 1830 1468 addamus.

1996 422 2104 475 τόν
2130 419 2316 474 αὐτὸν
2343 418 2513 483 αὖθις
2544 419 2610 470 τὸ
2643 416 2789 469 αὐτὸ
2832 413 3094 481 ἐροῦσιν,
3137 408 3329 462 ἐκεῖνο
3381 404 3456 471 δὴ
3508 403 3576 456 τὸ

1998 511 2215 580 σορὸν,
2247 509 2336 562 ὅτι
2379 506 2568 576 ἐχρῆν
2597 507 2749 560 οὕτω
2780 503 3079 575 γενέσθαι.
3120 496 3442 569 Τεκμήριον
3467 494 3535 547 δέ
3558 509 3575 525 ·

1997 599 2181 652 πάλαι
2241 597 2350 667 γὰρ
2398 596 2583 649 ταῦτα
2633 594 2967 664 προείρητο.
3031 591 3280 660 Φήσομεν
3339 587 3395 640 δὲ
3443 584 3580 656 πρὸς

1996 690 2198 754 ταῦτα,
2269 689 2352 742 ὃτι
2428 687 2601 751 οὕτως
2674 687 2820 740 ἐστὶν
2894 683 3096 752 ἀσθενῆ
3164 682 3232 734 τὰ
3316 678 3581 750 εἰρημένα

1998 781 2125 852 περ).
2182 779 2276 833 τοῦ
2321 780 2492 850 Ἰησοῦ
2555 779 2648 832 καὶ
2717 775 3057 846 Χριστιανῶν
3122 775 3179 826 ἐν
3250 773 3362 834 τοῖς
3414 767 3580 837 ὀλίγῳ

1999 871 2105 941 πρὸ
2144 870 2368 944 τούτων,
2406 870 2481 932 ὡς
2518 870 2610 923 καὶ
2641 871 2766 931 τοὺς
2791 867 2945 921 ἄλλον
2977 864 3396 936 εἰσηγουμένους
3424 859 3579 921 Θεὸν,

1999 963 2092 1014 καὶ
2131 960 2287 1014 τοῦτο
2332 960 2669 1031 πράττοντας
2712 957 2946 1018 ἀσεϐῶς,
2992 955 3357 1024 εὐχερέστατα
3404 950 3582 1003 ἀπαν-

1998 1052 2158 1121 τῆσαι
2214 1052 2350 1124 πρὸς
2402 1051 2470 1103 τὰ
2513 1050 2617 1102 ὑπὸ
2666 1049 2872 1100 Κέλσου
2924 1048 3212 1117 λεγόμενα⁹
3270 1042 3363 1096 καὶ
3405 1042 3454 1092 εί
3505 1037 3585 1109 μὴ

1999 1142 2197 1195 ἄτοπον
2227 1140 2294 1212 ἦν
2321 1142 2573 1212 ἀφορμὰς
2604 1139 2800 1192 διδόναι
2833 1141 2942 1202 τοῖς
2990 1134 3401 1205 ἀσθενεστέροις
3439 1130 3579 1199 πρδς

2007 1231 2314 1302 παραδοχὴν
2347 1230 2600 1301 χειρόνων
2643 1228 2947 1298 δογμάτων,
2979 1226 3075 1280 καὶ
3125 1228 3285 1296 ἡμεῖς
3332 1223 3397 1276 ἂν
3426 1222 3585 1275 τοῦτο

2008 1323 2420 1392 πεποιήκειμεν,
2449 1322 2514 1373 ἵν’
2541 1320 2842 1389 ὲλέγξωμεν
2865 1317 3057 1386 ψεῦδος
3082 1318 3140 1369 τὸ
3168 1317 3294 1386 περὶ
3323 1313 3436 1376 τοῦ,
3459 1315 3584 1376 τοὺς

2010 1413 2166 1467 ἄλλον
2198 1412 2619 1483 εἰσηγουμένους
2663 1410 2792 1463 Θεὸν
2826 1408 3091 1480 μηδεμίαν
3124 1406 3262 1477 ἔχειν
3295 1404 3588 1472 ἀπολογίαν

338 1528 474 1599 πρὸς
502 1525 572 1579 τὰ
594 1523 697 1577 ὑπὸ
725 1519 932 1573 Κέλσου
957 1513 1252 1585 λελεγμένα
1285 1527 1298 1541 ⁸
1332 1511 1451 1564 νυν)⁴
1497 1507 1554 1562 δὲ
1593 1507 1774 1578 ἡμεῖς,
1817 1506 1971 1578 φέρε,
2013 1510 2141 1579 περὶ
2170 1508 2276 1560 τῶν
2307 1507 2596 1580 προφητῶν
2645 1505 2778 1576 πρὸς
2818 1506 2932 1567 τοῖς
2981 1503 3232 1574 ἀνωτέρω
3279 1499 3585 1572 εἰρημένοις

339 1615 825 1688 ἀπολογησώμεθα.

412 1716 465 1767 5.
521 1681 612 1764 εἷς
653 1681 807 1762 ille:
855 1701 984 1768 Qua:
1031 1696 1259 1768 Pythia,
1311 1694 1630 1758 Dodonida,
1679 1692 1910 1754 Clarius,

2082 1687 2248 1757 Φησὶν
2282 1682 2373 1739 οὖν
2394 1703 2407 1715 ο
2459 1684 2541 1738 Τὰ
2577 1684 2692 1753 μὲν
2741 1683 2855 1737 ὑπὸ
2887 1681 2994 1750 τῆς
3028 1682 3268 1747 Πυθίας,
3323 1683 3361 1750 ἢ
3391 1682 3588 1735 Δωδωο

346 1800 686 1861 Branchidw,
730 1795 973 1857 Ammon,
1021 1789 1363 1844 sexcentialii
1412 1795 1551 1840 vates
1602 1784 1912 1853 pronuntia-

343 1903 522 1950 verunt
569 1887 804 1949 oracula,
832 1899 925 1954 pro
992 1881 1152 1935 nihilo
1190 1880 1405 1942 habent,
1444 1874 1684 1944 quamvis
1732 1887 1912 1924 eorum

344 1987 502 2039 ductu
535 1981 731 2052 factum
753 1990 866 2030 esse
889 1976 1128 2029 videatur
1152 1979 1207 2025 ut
1233 1973 1286 2023 in
1309 1978 1470 2022 totum
1494 1965 1666 2017 orbem
1698 1962 1914 2016 colonia:

347 2075 651 2144 migrarent.
681 2067 811 2134 Qua:
838 2080 960 2120 vero
1003 2063 1059 2115 in
1107 2059 1323 2121 Judrra,
1372 2069 1515 2109 more
1541 2053 1730 2122 gentis,
1773 2051 1913 2101 dicta

347 2139 467 2220 sunt
495 2170 586 2216 aut
612 2175 712 2212 non
734 2158 899 2219 dicta,
934 2149 1228 2220 cujusmodi
1263 2149 1546 2201 etiamnum
1579 2143 1719 2209 apud
1757 2139 1912 2193 Phae-

347 2257 484 2311 nices
524 2262 572 2306 et
611 2249 924 2305 Palwstinos
959 2245 1222 2314 feruntur,
1249 2255 1309 2293 ea
1340 2234 1676 2290 admirabilia
1716 2243 1762 2286 et
1811 2232 1912 2282 im-

345 2345 622 2402 mutabilia
664 2343 1015 2397 arbitrantur.
1054 2333 1164 2388 Nos
1218 2332 1399 2400 itaque
1444 2329 1496 2382 in
1533 2327 1647 2380 haec
1694 2323 1911 2378 oracula

347 2441 612 2500 dicamus,
666 2448 770 2489 non
820 2443 993 2501 pauca
1024 2439 1090 2480 ex
1123 2422 1414 2477 Aristotele
1453 2429 1507 2474 et
1542 2415 1914 2484 Peripateticis

349 2530 527 2600 colligi
561 2540 745 2599 posse,
786 2523 985 2593 quibus
1006 2525 1346 2574 everteretur
1369 2506 1822 2600 quidquid-modo
1851 2505 1916 2557 de

351 2590 542 2691 Pythia
563 2590 898 2680 'eazterisque
921 2604 1160 2663 oraculis
1192 2607 1552 2655 memoratum
1581 2590 1780 2648 aCclso
1809 2596 1912 2643 est.

352 2687 430 2768 Eii
461 2709 691 2780 Epicuro
730 2705 894 2760 etiam
934 2709 992 2754 et
1027 2697 1094 2752 iis
1120 2693 1213 2765 qui
1234 2691 1352 2760 ejus
1383 2692 1485 2745 hac
1507 2687 1573 2742 de
1597 2698 1660 2740 re
1695 2690 1913 2738 senten-

353 2807 484 2859 tiam
505 2771 836 2873 sequuntur,
879 2801 1185 2862 promptum
1229 2793 1374 2841 esset
1397 2779 1708 2842 ostendere,
1743 2771 1854 2829 tolli
1887 2785 1917 2824 e

351 2895 530 2954 medio
565 2870 603 2948 av
623 2889 941 2963 quibusdam
973 2882 1176 2940 Graecis
1196 2879 1379 2934 omnia
1408 2876 1498 2930 illa
1527 2870 1766 2936 oracula,
1799 2877 1919 2934 quae

354 2990 406 3043 in
449 2995 563 3042 tota
612 2960 820 3039 Graecia
855 2989 1137 3047 tantOpere
1194 2967 1543 3026 admirationi
1605 2971 1751 3019 sunt.
1810 2960 1917 3014 Sed

353 3079 476 3133 volo
507 3075 756 3147 Pythiam
788 3081 842 3126 et
878 3068 1100 3125 oracula
1157 3072 1352 3118 caetera
1384 3071 1493 3113 non
1528 3054 1693 3110 fuisse
1713 3052 1781 3106 ab
1818 3051 1917 3104 bo-

355 3145 593 3228 minibus
641 3162 871 3220 conﬁcta
913 3168 972 3223 ut.
1019 3153 1268 3224 inspiruti
1318 3166 1348 3204 a
1405 3147 1513 3201 Deo
1569 3145 1917 3198 viderentur:

355 3261 633 3315 videamus
663 3268 730 3307 an
760 3265 864 3304 non
898 3244 1139 3302 cordatis
1161 3243 1419 3297 harumce
1451 3250 1628 3290 rerum
1657 3240 1924 3287 scrutato-

358 3351 506 3406 ribus
527 3344 741 3417 probari
765 3340 955 3410 possit,
973 3334 1187 3391 etiamsi
1221 3333 1335 3386 hac
1359 3327 1578 3384 oracula
1613 3337 1737 3380 esse
1768 3325 1924 3378 dare-

358 3452 468 3506 tur,
505 3453 611 3492 non
648 3435 771 3489 inde
803 3442 979 3486 tamen
1023 3423 1334 3481 necessario
1365 3416 1621 3486 consequi
1661 3413 1922 3482 quosdam

359 3533 489 3586 deos
515 3528 620 3583 illis
643 3537 896 3594 praeesse,
915 3518 1006 3574 sed
1027 3512 1332 3572 eeontrario
1355 3509 1615 3579 quosdam
1637 3505 1909 3560 daemones

362 3619 534 3675 malos
562 3625 615 3672 et
644 3593 868 3685 spiritus
923 3610 1158 3663 lmmano
1207 3601 1394 3673 generi
1437 3596 1697 3660 infensos,
1725 3593 1926 3664 quique

363 3684 682 3779 impediunt
716 3704 977 3761 animum,
1023 3710 1091 3751 ne
1136 3695 1202 3749 ad
1259 3690 1456 3747 malum
1501 3687 1736 3752 nitatur,
1787 3684 1926 3737 viam

361 3777 578 3851 virtutis
599 3792 836 3852 incedat,
863 3796 917 3842 et
941 3785 1006 3840 ad
1024 3783 1193 3838 Deum
1222 3794 1348 3835 vera
1371 3777 1574 3848 pietate
1600 3782 1924 3830 revertatur.

364 3891 428 3942 Ει
476 3885 691 3954 quidem
730 3880 798 3932 de
849 3875 1062 3945 Pythia,
1099 3869 1242 3940 quod
1283 3865 1629 3922 oraculorum
1686 3860 1926 3918 omnium

363 3979 578 4032 vldetur
600 3985 719 4026 esse
751 3967 1138 4026 clarissimum,
1190 3966 1440 4013 narratur
1476 3956 1616 4008 banc
1667 3950 1929 4020 Apollinis

361 4080 540 4124 vatem
563 4077 658 4118 ore
705 4057 922 4116 Castalii
956 4067 1148 4123 specus
1195 4049 1513 4104 insidentem
1545 4042 1789 4112 accipere
1816 4041 1926 4113 spi-

366 4163 525 4214 ritum
567 4169 661 4224 per
707 4148 1008 4222 pudendam
1043 4144 1124 4199 sui
1182 4139 1428 4208 corporis
1478 4144 1710 4206 partem,
1758 4144 1931 4200 eoque

365 4253 444 4307 sic
485 4247 745 4317 repletam
794 4241 1018 4295 l'ttndere
1061 4232 1323 4304 prmclara
1355 4228 1443 4283 illa
1465 4224 1709 4281 etdivina
1751 4231 1808 4275 ut
1837 4236 1932 4290 pu-

2014 1780 2157 1832 νίων
2175 1778 2304 1850 (46),
2327 1778 2365 1846 ἢ
2385 1779 2666 1845 Κλαρίου,
2689 1776 2726 1845 ἣ
2748 1776 2818 1829 ἐν
2833 1774 3205 1844 Βραγχίδαις,
3224 1774 3261 1842 ἢ
3283 1774 3352 1827 ἐν
3376 1775 3589 1843 Ἀμμω-

2013 1888 2119 1937 νος
2139 1870 2256 1924 ὐπὸ
2273 1871 2500 1938 μυρίων
2514 1886 2576 1922 τε
2593 1869 2796 1923 ἄλλων
2811 1868 3153 1938 θεοπρόπων
3173 1865 3586 1935 προειρημένα,

2014 1963 2114 2030 ὑφ’
2151 1956 2238 2016 ὧν
2267 1961 2539 2026 ἐπιεικῶς
2566 1960 2733 2014 πᾶσα
2765 1959 2840 2030 γῆ
2873 1960 3230 2026 κατῳκίσθη,
3265 1958 3449 2012 ταῦτα
3473 1957 3591 2026 μὲν

2015 2054 2212 2108 οὐδενὶ
2243 2054 2400 2124 λόγῳ
2430 2053 2684 2106 τίθενται
2702 2069 2714 2080 ·
2742 2052 2813 2105 τὰ
2846 2050 2913 2103 δὲ
2941 2051 3058 2104 ὑπὸ
3093 2048 3210 2102 τῶν
3239 2049 3310 2103 ἐν
3341 2049 3592 2116 Ἰουδαίᾳ

2013 2145 2094 2210 τῷ
2121 2145 2365 2199 ἐκείνων
2396 2145 2589 2214 τρόπῳ
2619 2141 2926 2212 λεχθέντα,
2957 2139 2994 2208 ἣ
3023 2139 3107 2208 μὴ
3145 2139 3454 2210 λεχθέντα,
3487 2141 3587 2194 καὶ

2014 2236 2214 2303 ὥσπερ
2241 2234 2516 2289 εἰώθασιν
2552 2236 2637 2288 ἔτι
2664 2234 2780 2287 νῦν
2817 2235 2871 2286 οἱ
2903 2231 3035 2300 περὶ
3075 2230 3362 2299 Φοινίκην
3392 2247 3456 2284 τε
3489 2230 3591 2284 και

2015 2328 2442 2395 Παλαιστίνην,
2476 2324 2661 2379 ταῦτά
2685 2340 2751 2392 τε
2777 2322 3088 2392 θαυμαστὰ
3124 2321 3221 2376 καὶ
3245 2320 3593 2390 ἀπαράλῑαο

2016 2437 2126 2474 κτα
2161 2419 2464 2490 ἡγοῦνται.
2510 2417 2770 2487 Λέγωμεν
2808 2411 2899 2469 οὖν
2934 2415 3059 2484 περ).
3092 2413 3200 2468 τῶν
3244 2412 3595 2483 κατειλεγμέ-

2017 2530 2120 2565 νων
2154 2511 2520 2582 χρηστηρίων,
2556 2510 2637 2561 ὅτι
2679 2507 2897 2560 δυνατὸν
2945 2506 3040 2577 μὲν
3087 2507 3238 2575 ἡμῖν,
3276 2505 3595 2574 συνάγουσιν

2018 2605 2124 2656 ἀπὸ
2170 2601 2566 2674 Ἀριστοτέλους
2603 2599 2736 2669 (47),
2773 2599 2864 2652 καὶ
2908 2596 3015 2650 τῶν
3051 2595 3120 2650 τὰ
3159 2595 3251 2650 τοῦ
3284 2595 3594 2666 Περιπάτου

2019 2692 2510 2763 φιλοσοφησάντων,
2562 2690 2662 2742 οὐκ
2717 2688 2872 2756 ὀλίγα
2927 2689 3099 2741 εἰπεῖν
3151 2688 3229 2752 είς
3287 2685 3594 2758 ἀνατροπὴν

2018 2783 2114 2851 τὴν
2161 2781 2255 2834 τοῦ
2289 2782 2416 2850 περὶ
2449 2780 2548 2849 τῆς
2594 2778 2798 2840 Πυθίας
2831 2777 2925 2830 καὶ
2970 2777 3078 2830 τῶν
3124 2776 3328 2831 λοιπῶν
3360 2793 3596 2848 χρηστη-

2021 2872 2151 2941 ρίων
2194 2871 2351 2938 λόγου
2377 2887 2389 2900 ·
2437 2868 2657 2923 δυνατὸν
2685 2869 2741 2921 δὲ
2769 2869 2862 2920 καὶ
2892 2867 2960 2920 τὰ
3001 2866 3300 2938 λελεγμένα
3327 2866 3406 2938 τῷ
3447 2867 3593 2921 Ἐπι-

2021 2961 2200 3031 κούρῳ
2234 2960 2367 3029 (48),
2402 2960 2496 3013 καὶ
2527 2961 2637 3022 τοῖς
2677 2959 3075 3030 ἀσπαζομένοις
3108 2957 3272 3012 αὑτοῦ
3318 2959 3409 3013 τὸν
3440 2957 3597 3026 λόγον

2021 3052 2148 3121 περὶ
2180 3049 2287 3102 τῶν
2311 3049 2510 3112 αὐτῶν,
2538 3048 2910 3120 παραθέμενον
2940 3047 3126 3115 δεῖξαι,
3157 3049 3238 3102 ὅτι
3275 3049 3368 3104 καὶ
3416 3047 3598 3118 Ἐλλή-

2020 3159 2126 3195 νων
2157 3141 2302 3203 τινὲς
2332 3139 2699 3210 ἀνατρέπουσι
2731 3139 2829 3202 τὰς
2863 3138 3220 3210 νομιζομένας
3269 3139 3366 3194 καὶ
3410 3137 3602 3192 τεθαυ-

2023 3229 2304 3302 μασμένας
2347 3230 2404 3281 ὲν
2443 3228 2594 3300 πάσῃ
2638 3227 2842 3282 Ἑλλάδι
2896 3227 3273 3300 θεοπροπείας.
3311 3227 3470 3282 Ἀλλά
3493 3227 3601 3300 γὰρ

2022 3321 2276 3384 δεδόσθω,
2309 3319 2384 3390 μὴ
2418 3317 2553 3372 εἶναι
2587 3319 2903 3390 πλάσματα,
2937 3319 3070 3391 μηδὲ
3094 3319 3482 3391 προσποιήσεις
3512 3319 3606 3372 ἁν-

2025 3413 2256 3486 θρώπων
2290 3414 2416 3483 περὶ
2455 3411 2760 3483 θεοφορίας,
2792 3410 2860 3464 τὰ
2886 3411 3013 3482 περὶ
3042 3411 3140 3481 τὴν
3167 3410 3372 3465 Πυθίαν
3397 3409 3492 3464 καὶ
3534 3408 3603 3463 τὰ

2024 3515 2186 3570 λοιπά
2229 3513 2533 3585 χρηστήρια
2554 3528 2568 3542 ·
2624 3512 2821 3581 ἴδω-μεν
2853 3504 2966 3576 οὖν,
2999 3511 3048 3562 εἰ
3094 3509 3169 3579 μὴ
3212 3509 3306 3561 καὶ
3335 3507 3481 3561 οὕτω
3512 3508 3604 3560 δύ-

2025 3625 2181 3662 ναται
2223 3611 2332 3669 τοῖς
2365 3601 2671 3674 φιλαλήθως
2711 3601 3018 3667 ἐξετάζουσι
3056 3598 3124 3651 τά
3162 3597 3461 3667 πράγματα
3488 3597 3607 3668 (49)

2026 3695 2457 3759 ἀποδείκνυσθαι,
2485 3697 2566 3747 ὅτι
2594 3691 2786 3760 καὶτῷ
2813 3687 3235 3760 παραδεχομένῳ
3262 3682 3399 3740 εἶναι
3428 3686 3602 3741 ταῦτα

2025 3789 2094 3842 τά
2133 3788 2355 3858 μαντεῖα
2383 3785 2482 3837 οὐκ
2525 3784 2819 3849 ἀναγκαῖον
2856 3778 3173 3853 προσέσθαι,
3206 3779 3288 3832 ὅτι
3315 3776 3427 3832 θεοί
3462 3781 3604 3841 τινές

2028 3880 2132 3931 εἰσι
2164 3877 2293 3943 παρ’
2327 3873 2524 3936 αὐτοῖς,
2565 3870 2677 3924 ἀλλ’
2706 3871 2770 3924 ὲκ
2814 3867 3122 3923 τούναντίου
3166 3865 3414 3938 δαίμονές
3458 3883 3605 3930 τινες

2029 3968 2237 4040 φαῦλοι,
2264 3969 2358 4020 καὶ
2382 3963 2662 4035 πνεύματα
2686 3961 2856 4033 ἐχθρά
2882 3959 2960 4032 τῷ
2985 3959 3133 4028 γένει
3155 3959 3260 4014 τῶν
3281 3956 3603 4032 ἀνθρώπων,

2029 4063 2123 4114 καὶ
2155 4058 2428 4112 κωλύοντα
2460 4055 2556 4126 τὴν
2586 4054 2683 4124 τῆς
2711 4053 2887 4124 ψυχῆς
2933 4050 3137 4115 ἄνοδον,
3180 4049 3275 4104 καὶ
3315 4050 3381 4104 δι’
3409 4049 3606 4122 ἀρετῆς

2031 4152 2273 4222 πορείαν,
2314 4151 2408 4202 καὶ
2435 4147 2533 4218 τῆς
2581 4145 2835 4216 ἀληθινῆς
2863 4143 3140 4206 εὐσεϐείας
3169 4140 3606 4196 ἀποκατάστασιν

2033 4242 2168 4314 πρὸς
2193 4241 2283 4293 τὸν
2304 4238 2453 4292 Θεόν.
2470 4236 2768 4306 Ἰστόρηται
2789 4233 2896 4303 (50)
2914 4231 3090 4285 τοίνυν
3107 4233 3232 4302 περὶ
3252 4231 3350 4301 τῆς
3370 4229 3597 4292 Πυθίας,

367 4313 565 4396 tantur
583 4335 822 4392 oracula.
843 4329 962 4387 Jam
997 4327 1117 4380 vide
1152 4336 1343 4378 annon
1365 4321 1494 4375 hinc
1518 4326 1627 4372 tota
1651 4329 1709 4370 se
1735 4313 1914 4384 prodat

2030 4313 2164 4405 ὅπερ
2184 4332 2330 4385 δοκεῖ
2348 4330 2453 4382 τῶν
2483 4326 2654 4382 ἄλλων
2695 4324 2953 4395 μαντείων
2996 4322 3367 4393 λαμπρότερον
3402 4319 3606 4390 τυγχά.

367 4434 574 4500 itnpura
619 4426 841 4496 spiritus
871 4422 1014 4476 illius
1063 4414 1344 4486 spurcitia,
1393 4409 1507 4480 qui,
1560 4407 1694 4462 utin
1733 4403 1926 4459 vatici-

367 4521 548 4576 nantis
573 4518 806 4571 auimam
843 4512 1055 4574 subeat,
1083 4523 1186 4561 non
1211 4503 1512 4574 ingreditur
1545 4513 1639 4568 per
1663 4506 1848 4550 tenues
1877 4502 1933 4548 et

369 4610 754 4679 inconspicuos
782 4612 990 4657 meatus
1019 4597 1266 4666 pudenda
1301 4602 1454 4663 parte
1475 4590 1644 4644 multo
1663 4588 1931 4656 puriores,

369 4702 462 4756 sed
491 4715 586 4769 per
620 4712 731 4758 eos,
768 4710 902 4763 quos
933 4689 1018 4743 vel
1057 4686 1258 4740 homini
1301 4681 1606 4737 verecundo
1667 4677 1931 4744 aspicere,

370 4791 674 4853 nominare,
727 4794 822 4839 aut
878 4784 1040 4835 etiam
1086 4784 1378 4832 attrectare
1411 4770 1582 4823 nefas.
1614 4768 1683 4838 At
1715 4779 1841 4818 vero
1880 4762 1930 4815 id

371 4884 548 4937 facere
571 4892 674 4931 non
702 4873 866 4928 semel
903 4881 1063 4936 atque
1097 4869 1312 4924 iterum,
1339 4861 1480 4930 quod
1529 4868 1673 4912 esset
1706 4855 1934 4908 fortasse

375 4966 739 5029 tolerabilius;
781 4965 871 5017 sed
918 4961 1092 5018 toties.
1120 4955 1288 5028 696
1335 4950 1544 5021 quaties
1578 4947 1666 5001 illa
1717 4943 1935 4997 amante

371 5063 615 5134 Apolline
667 5055 916 5112 vaticinia
946 5051 1108 5105 edere
1155 5047 1426 5106 creditur;
1478 5041 1607 5109 quin
1663 5047 1715 5092 ct
1747 5035 1932 5090 vatici-

443 5240 554 5313 (46)
592 5235 920 5313 Δωδωνίιιζν.
937 5225 1338 5313 imgevel‘cqm
1363 5220 1557 5313 (ariete
1580 5215 1926 5313 Δωδωναίιων,

371 5285 461 5367 vei
493 5285 666 5379 putius
695 5323 814 5360 cum
846 5285 1158 5379 ίιιριιι-ιῇιιρι,
1186 5291 1523 5379 Δωδωνίδων,
1555 5298 1618 5368 tu
1651 5285 1789 5339 inira
1828 5285 1931 5379 itu-

701 5355 856 5451 vnfum.
881 5373 912 5424 6
938 5383 988 5425 et
1018 5372 1069 5422 7.
1101 5355 1220 5421 Mox
1253 5362 1526 5417 Haascltcl.
1555 5357 1607 5412 in
1642 5365 1790 5410 textu
1827 5355 1926 5407 ba-

379 5445 482 5511 bet,
505 5451 562 5502 ὲν
586 5445 917 5517 Βραχίδαιςλ
1071 5465 1075 5469 ~

586 5489 1050 5583 3i£t$}3%'é.zoe’¢.
1101 5507 1232 5560 Vide
1259 5499 1469 5587 _Ettselt.
1512 5497 1605 5549 lib.
1633 5508 1704 5587 IV],
1747 5505 1864 5587 ρηιι.
1894 5489 1930 5542 2

379 5563 1066 5707 et‘5,'4l:riirpar.evang.”
1111 5587 1165 5631 ct
1205 5573 1586 5629 atlnutatioucs
1630 5567 1694 5617 ad
1748 5563 1842 5614 lib.
1879 5576 1922 5624 ι,

384 5672 528 5707 ltum.
595 5673 644 5707 ι).

2029 4440 2161 4485 νειν,
2183 4424 2263 4474 ὅτι
2297 4414 2757 4487 περικαθεζομένη
2804 4413 2865 4465 τὸ
2905 4413 3002 4481 τῆς
3033 4409 3342 4472 Κασταλίας
3368 4407 3605 4478 ιστόμιον

2035 4517 2066 4584 ὴ
2100 4512 2192 4566 τοῦ
2235 4509 2564 4570 Ἀπόλλωνος
2593 4504 2857 4575 προφῆτις
2879 4502 3088 4572 δέχεται
3135 4499 3350 4570 πνεῦμα
3383 4496 3470 4552 διά
3497 4496 3607 4549 τῶν

2033 4602 2357 4672 γυναικείων
2407 4599 2649 4650 κόλπων·
2700 4591 2762 4648 οὗ
2814 4592 3160 4662 πληρωθεῖσα
3202 4588 3609 4659 ἀποφθέγγεται

2033 4695 2103 4747 τά
2149 4691 2480 4764 νομιζόμενα
2521 4683 2659 4741 εἶναι
2706 4685 2876 4756 σεμνά
2925 4684 3019 4736 καὶ
3065 4681 3183 4735 θεῖα
3233 4679 3602 4751 μαντεύματα.

2037 4785 2178 4857 ’Ὀρα
2209 4783 2272 4853 δὴ
2309 4781 2394 4835 διὰ
2427 4778 2648 4840 τούτων,
2675 4779 2723 4830 εί
2759 4775 2834 4846 μὴ
2862 4772 3034 4827 τὸτοῦ
3060 4770 3364 4842 πνεύματος
3399 4767 3608 4821 ἐκείνου

2037 4873 2340 4944 ἀκάθαρτον
2383 4870 2475 4923 καὶ
2529 4867 2752 4936 βέϐηλον
2801 4864 3140 4934 ἐμφαίνεται,
3178 4861 3252 4932 μὴ
3297 4860 3384 4914 διὰ
3424 4858 3607 4929 μανῶν

2039 4966 2132 5018 καὶ
2164 4961 2382 5031 ἀφανῶν
2430 4959 2629 5028 πόρων,
2677 4955 2770 5009 καὶ
2815 4952 2991 5023 πολλῷ
3035 4951 3356 5022 γυναικείων
3393 4950 3608 5003 κόλπων

2040 5053 2455 5125 καθαρωτέρων,
2498 5047 2734 5101 ἐπεισιὸν
2770 5048 2835 5116 τῇ
2883 5044 3027 5114 ψυχῇ
3078 5043 3176 5112 τῆς
3223 5039 3602 5109 θεσπιζούσης,
3632 5053 3653 5081 \-

2102 5213 2211 5285 (i8)
2262 5211 2605 5285 Ἐπικούρῳ.
2637 5205 2772 5285 _V_ide
2810 5203 3014 5260 Euseb.
3063 5201 3260 5256 ibidem
3289 5207 3346 5254 et
3373 5197 3606 5252 adnota-

2035 5277 2209 5338 tioites
2237 5285 2302 5333 ad
2341 5283 2434 5335 lib.
2467 5296 2502 5337 ι,
2543 5297 2594 5330 u.
2625 5277 2717 5331 45.

2103 5333 2213 5422 (ιθ)
2257 5333 2523 5422 licescltel.
2559 5357 2613 5402 et
2660 5347 2919 5422 §pencer.
2955 5341 3008 5422 in
3066 5337 3335 5422 margine3
3371 5333 3608 5422 προστάς

2030 5402 2233 5491 γματσί.
2260 5402 2444 5491 Pauli!
2469 5402 2472 5403 ν
2493 5426 2612 5484 post
2661 5402 2855 5469 ibidem
2884 5414 2936 5465 in
2973 5419 3117 5463 textu
3139 5449 3152 5474 ,
3195 5402 3492 5475 ἷῖτεροέσθαι,
3538 5402 3610 5457 ad

2031 5487 2181 5545 erant
2218 5487 2538 5559 προσέσθαι.

2105 5560 2216 5631 (50)
2261 5546 2607 5623 Ἶστιὶρηται.
2645 5553 2772 5608 Vide
2808 5548 3024 5606 Diodor.
3057 5547 3168 5603 Sic.
3201 5546 3298 5602 lib.
3324 5558 3436 5597 ενι.
