3972 6160
344 344 370 398 1
381 344 485 399 425

1516 339 1794 398 CONTRA
1827 341 2103 398 CELSUM
2139 341 2263 397 LIB.
2308 342 2413 395 ΥΠ.

3449 341 3586 394 1-4Ξὸ

337 455 469 511 ἀλλὰ
505 456 591 509 διὰ
621 456 842 520 τούτων,
892 459 928 512 ἃ
972 458 1090 511 οὐδὲ
1137 458 1292 528 θέμις
1328 453 1395 525 ἦν
1438 457 1516 526 τῷ
1550 456 1781 528 σώφρονι
1814 459 1894 510 κα)

2013 469 2232 513 nantem
2272 466 2423 510 extra
2457 471 2514 511 se
2545 457 2797 527 abripere
2819 466 2871 511 et
2914 458 2967 510 in
3006 456 3248 511 furorem
3289 469 3471 525 agere,
3531 465 3590 510 ut

335 546 601 618 ἀνθρώπῳ
646 548 882 617 βλέπειν,
915 548 1064 602 οὔπω
1096 549 1346 617 λέγεσθαι
1379 548 1489 619 (51)
1526 548 1559 618 ἢ
1597 549 1691 602 καὶ
1744 550 1915 602 ἄπτε-

333 635 477 699 σθαι,
509 638 604 689 καὶ
635 638 790 692 τοῦτο
818 643 988 692 ποιεῖν
1020 640 1117 709 οὐχ
1149 639 1297 703 ἅπαξ
1340 656 1462 702 που,
1500 638 1617 691 οὐδὲ
1650 639 1728 700 δ’ὶς
1766 640 1916 705 (ἴσως

339 726 436 798 γάρ
465 726 640 794 ἔδοξεν
677 730 1026 802 ἀνεκτότερον
1070 731 1131 784 τὸ
1172 731 1378 784 τοιοῦτο
1418 728 1750 799 τυγχάνειν),
1782 728 1916 782 ἀλλὰ

331 819 684 885 τοσαυτάκις,
744 822 933 886 ὁσάκις
994 823 1353 893 προφητεύειν
1408 821 1590 891 ἐκείνη
1655 820 1761 872 ἀπὸ
1816 819 1912 871 τοῦ

341 910 669 975 Ἀπόλλωνος
697 912 1071 967 πεπίστευται.
1118 913 1275 967 Ἀλλὰ
1322 911 1413 966 καὶ
1452 913 1511 965 τὸ
1544 913 1624 975 εἰς
1654 911 1910 965 ἔκστασιν

330 1001 421 1056 καὶ
459 1003 689 1075 μανικὴν
724 1003 835 1074 (52)
869 1003 1022 1073 ἄγειν
1053 1006 1384 1058 κατάστασιν
1436 1006 1532 1074 τὴν
1577 1004 1733 1075 δῆθεν
1781 1020 1913 1073 προ-

328 1092 685 1159 φητεύουσαν,
715 1093 790 1157 ὡς
841 1093 1103 1163 μηδαμῶς
1151 1095 1317 1165 αὐτὴν
1366 1097 1529 1165 ἑαυτῇ
1575 1094 1914 1165 παρακολου-

2023 548 2124 604 sibi
2184 548 2301 618 ipsa
2357 557 2609 601 constare
2653 561 2759 600 non
2813 548 3005 617 possit,
3063 547 3115 601 id
3148 555 3296 602 certe
3351 544 3590 617 Spiritus

2023 641 2187 696 divini
2228 654 2335 694 non
2365 648 2450 693 est
2476 653 2633 708 opus.
2687 637 2912 707 Oportet
2957 638 3102 693 enim
3141 647 3200 692 ut
3254 637 3349 707 qui
3405 637 3590 691 divino

2023 731 2228 801 Spiritu
2283 726 2495 785 amatus
2518 739 2621 793 est,
2653 729 2699 783 is
2732 728 2889 799 longe
2921 738 3049 783 ante
3080 742 3173 783 eos
3201 729 3293 796 qui
3344 726 3587 782 discendi

2018 838 2185 878 causa
2221 823 2349 891 quid
2388 823 2455 876 ad
2488 821 2700 876 civilem
2731 829 2825 874 aut
2860 820 3158 874 naturalem
3185 819 3351 872 vitam
3384 817 3588 873 condu-

2017 923 2125 977 cat,
2155 914 2283 983 quid
2302 912 2552 981 quaestui,
2577 911 2707 980 quid
2740 909 3027 965 commodo
3066 909 3156 972 sit,
3190 905 3412 962 oracula
3445 919 3586 960 con-

2018 1002 2221 1069 suiunt,
2264 1002 2551 1057 utilitatem
2583 999 2710 1055 inde
2761 1000 3046 1070 percipiat,
3090 1014 3154 1053 ac
3199 1007 3311 1051 tum
3352 994 3587 1050 maxime

2018 1093 2113 1149 ﬁat
2142 1092 2448 1162 perspicax,
2477 1105 2814 1146 cumnumen
2855 1091 2960 1160 ipsi
3002 1089 3368 1158 conjungitur.

327 1182 454 1247 θεῖν,
481 1184 539 1236 ού
569 1184 712 1239 θείου
754 1185 1065 1257 Πνεύματος
1117 1187 1273 1258 ἔργον
1323 1188 1499 1240 ἐστίν·
1553 1189 1717 1259 ἐχρῆν
1764 1187 1871 1258 γὰρ
1898 1186 2008 1258 (55)
2038 1187 2127 1240 τὸν
2183 1188 2409 1256 κάτοχον
2455 1185 2531 1256 τῷ
2587 1186 2714 1257 θείῳ
2767 1186 3059 1257 Πνεύματι,
3106 1186 3286 1255 πολλῷ
3324 1184 3586 1257 πρότερον

326 1279 523 1343 παντὸς
553 1280 860 1334 οὑτινοσοῦν
910 1279 1004 1334 τοῦ
1060 1282 1168 1335 ἀπὸ
1199 1281 1306 1335 τῶν
1348 1282 1608 1353 χρησμῶν
1643 1282 2026 1352 διδασκομένου
2080 1284 2143 1335 τὸ
2180 1282 2617 1352 συμϐαλλόμενον
2665 1283 2743 1344 εἰς
2775 1281 2867 1334 τὸν
2908 1282 3068 1351 μέσον
3102 1281 3195 1334 καὶ
3228 1281 3366 1335 κατὰ
3422 1279 3582 1349 φύσιν

325 1366 457 1441 βίδν,
506 1374 540 1445 ἢ
598 1376 735 1446 πρὸς
781 1375 841 1428 τὸ
886 1376 1175 1441 λυσιτελὲς,
1231 1377 1433 1446 ἣπρὸς
1463 1378 1523 1430 τὸ
1578 1377 1874 1447 συμφέρον,
1920 1376 2285 1449 ὠφεληθῆναι,
2321 1379 2414 1431 καὶ
2442 1374 2887 1446 διορατικώτερον
2937 1374 3065 1445 παρ’
3122 1376 3296 1427 ἐκεῖνο
3353 1374 3579 1444 μάλιστα

325 1469 511 1540 καιροῦ
546 1471 832 1541 τυγχάνειν
864 1473 950 1525 ὅτε
984 1472 1227 1526 σύνεστιν
1258 1472 1406 1543 αὐτῷ
1438 1473 1498 1525 τὸ
1532 1472 1692 1526 θεῖον.

395 1568 558 1622 Ὅθεν
592 1570 754 1639 ἡμεῖς
798 1570 1211 1641 άποδείκνυμεν,
1266 1570 1587 1637 συνάγοντες
1639 1568 1747 1622 ἀπὸ
1798 1568 1894 1621 τῶι

2080 1565 2135 1619 4.
2161 1564 2338 1634 Atque
2361 1579 2481 1619 eam
2504 1565 2573 1620 ob
2602 1579 2715 1618 rem
2744 1578 2841 1617 nos
2873 1575 2903 1615 e
2928 1560 3102 1617 sacris
3128 1560 3426 1630 Scripturis
3478 1563 3576 1617 de-

323 1660 485 1731 ίερῶν
524 1661 891 1731 Γραμμάτων,
952 1661 1032 1715 ὅτι
1089 1663 1139 1714 οἱ
1186 1663 1243 1713 ὲν
1284 1660 1554 1722 Ἰουδαίοις
1609 1661 1894 1731 προφῆται,

2013 1664 2408 1721 monstramus,
2450 1653 2762 1709 Iudaeorum
2815 1656 3107 1721 prophetas
3156 1652 3338 1707 divino
3370 1651 3577 1722 Spiritu

321 1745 721 1816 ὲλ·λαμπόμενοι
769 1747 874 1800 ὑπὸ
923 1748 1018 1800 τοῦ
1064 1748 1208 1801 θείου
1259 1748 1578 1818 Πνεύματος
1628 1749 1894 1813 τοσοῦτον,

2004 1746 2330 1809 illustratus,
2358 1755 2619 1814 quantum
2659 1744 2788 1814 ipsis
2818 1743 2947 1799 utile
2980 1743 3103 1807 fuit,
3149 1744 3356 1813 primos
3407 1743 3580 1799 fuisse

320 1836 443 1888 ὅσον
473 1832 540 1907 ἦν
562 1838 656 1890 καὶ
683 1838 864 1901 αὐτοῖς
885 1841 994 1903 τοῖς
1025 1837 1423 1909 προφητεύουσι
1451 1840 1738 1910 χρήσιμον,
1768 1856 1901 1909 προ-

321 1927 593 1981 απέλαυον
626 1928 733 1999 (54)
765 1930 861 1999 τῆς
897 1929 991 1982 τοῦ
1024 1931 1327 2001 κρείττονος
1370 1933 1449 1993 είς
1495 1933 1690 1994 αὐτοὺς
1718 1932 1902 2001 ἐπιδη-

321 2017 483 2086 μίαςο
517 2019 609 2070 καὶ
646 2018 732 2070 διὰ
767 2019 866 2089 τῆς
895 2019 1029 2091 πρὸς
1058 2020 1156 2091 τὴν
1184 2020 1359 2091 ψυχὴν
1399 2022 1599 2085 αὐτῶν,
1634 2022 1699 2075 ἵν’
1730 2021 1901 2086 οὕτως

320 2106 601 2177 ὀνομάσω,
663 2109 807 2179 ἁφῆς
859 2109 952 2162 τοῦ
998 2110 1331 2181 καλουμένου
1380 2113 1535 2179 ἁγίου
1588 2112 1901 2183 Πνεύματος

316 2194 753 2268 διορατικώτεροί
797 2215 853 2250 τε
902 2200 993 2252 τὸν
1038 2199 1160 2253 νοῦν
1192 2199 1430 2268 ἐγίνοντο
1465 2202 1557 2254 καὶ
1600 2200 1695 2271 τὴν
1724 2200 1900 2271 ψυχὴν

316 2284 708 2358 λαμπρότεροι·
729 2288 862 2342 ἀλλὰ
879 2291 972 2343 καὶ
988 2290 1049 2343 τὸ
1077 2290 1235 2362 σῶμα
1248 2292 1496 2361 οὐδαμῶς
1517 2291 1595 2344 ἔτι
1616 2292 1900 2360 ἀντιπράτ-

312 2396 403 2431 τον
432 2378 542 2449 (55)
586 2378 663 2450 τῷ
698 2382 816 2433 κατ’
840 2382 1037 2452 ἀρετὴν
1070 2381 1189 2453 βίῳ,
1219 2384 1314 2435 ἅτε
1350 2382 1489 2435 κατὰ
1520 2381 1580 2434 τὸ
1617 2385 1745 2453 παρ’
1766 2385 1900 2453 ἡμῖν

313 2467 641 2538 καλούμενον
674 2469 927 2539 φρόνημα
956 2470 1055 2539 τῆς
1088 2469 1285 2542 σαρκὸς
1318 2469 1698 2539 νεκρούμενον.
1730 2468 1900 2522 Πνεύ-

316 2574 447 2627 ματι
482 2559 590 2629 γὰρ
622 2558 877 2630 θειοτέρῳ
909 2559 1015 2625 τὰς
1058 2560 1162 2614 τοῦ
1195 2559 1467 2628 σώματος
1511 2558 1775 2627 πράξεις,
1807 2562 1898 2613 καὶ

312 2648 421 2699 ἀπὸ
449 2647 543 2703 τοῦ
584 2650 929 2719 φρονήματος
964 2650 1063 2720 τῆς
1106 2649 1308 2721 σαρκὸς
1351 2649 1659 2720 ἀρχομένας
1700 2649 1897 2720 ἔχθρας

262 2770 265 2771 ν
311 2739 597 2809 τυγχάνειν
620 2738 729 2811 (56)
763 2741 897 2812 πρὸς
924 2740 1077 2805 Θεὸν,
1108 2740 1505 2795 θανατοῦσθαι
1537 2739 1892 2810 πεπείσμεθα.

310 2831 374 2883 Εἰ
405 2831 450 2883 δ’
485 2828 782 2895 ἐξίσταται,
831 2831 925 2884 καὶ
974 2831 1072 2884 οὐκ
1119 2834 1177 2884 ὲν
1229 2832 1393 2903 ἑαυτῇ
1443 2833 1587 2884 ἐστιν
1629 2833 1661 2901 ἡ
1700 2830 1893 2894 Πυθία,

310 2923 398 2974 ὅτε
428 2921 778 2993 μαντεύεταυ
814 2923 1052 2976 ποδαπὸν
1086 2923 1365 2993 νομιστέον
1404 2922 1640 2993 πνεῦμα,
1673 2922 1735 2976 τὸ
1769 2922 1894 2975 σκό-

308 3030 398 3065 τον
447 3014 721 3084 καταχέαν
765 3013 860 3067 τοῦ
910 3012 1002 3066 νοῦ
1051 3016 1144 3066 καὶ
1195 3012 1303 3066 τῶν
1332 3013 1627 3084 λογισμῶν,
1655 3014 1689 3084 ἢ
1722 3011 1896 3066 τοιοῦ-

308 3121 398 3158 τον
430 3105 610 3159 ὁποῖόν
641 3107 757 3159 ἐστι
791 3106 885 3160 καὶ
928 3106 988 3158 τὸ
1018 3107 1124 3158 τῶν
1160 3105 1427 3177 δαιμόνων
1458 3105 1634 3175 γένος,
1665 3105 1758 3169 οὒς
1792 3108 1891 3159 οὑκ

309 3195 479 3263 ὀλίγοι
525 3186 864 3268 Χριστιανῶν
908 3197 1267 3252 ἀπελαύνουσι
1308 3198 1415 3251 τῶν
1454 3198 1767 3269 πασχόντων
1798 3199 1892 3251 σὺν

309 3286 483 3339 οὐδενὶ
511 3288 784 3357 περιέργῳ
820 3289 912 3341 καὶ
955 3288 1170 3358 μαγικῷ
1210 3288 1243 3358 ἢ
1292 3288 1721 3359 φαρμακευτικῷ
1754 3290 1892 3359 πρά-

310 3393 503 3445 γματι,
537 3376 670 3430 ἀλλὰ
718 3377 853 3447 μόνῃ
900 3377 1032 3447 εὐχῇ
1082 3377 1176 3429 καὶ
1217 3377 1511 3448 ὁρκώσεσιν
1545 3379 1652 3447 (57)
1687 3378 1891 3433 ἁπλου-

314 3466 551 3537 στέραις,
590 3468 684 3521 καὶ
710 3468 809 3521 ὅσα
843 3467 909 3521 ἂν
939 3467 1152 3521 δύναιτο
1185 3468 1479 3537 προσάγειν
1527 3468 1893 3541 ἁπλούστεμδς

310 3557 627 3630 ἄνθρωπος;
663 3559 748 3624 Ὠς
770 3558 971 3613 ἐπίπαν
994 3558 1100 3632 γὰρ
1134 3559 1337 3613 ἰδιῶται
1364 3561 1424 3613 τὸ
1451 3559 1688 3614 τοιοῦτον
1714 3562 1888 3632 πράτ-

308 3663 481 3712 τουσι,
513 3649 850 3721 παριστάσης
879 3649 981 3720 τῆς
1019 3649 1076 3703 ὲν
1114 3650 1191 3721 τῷ
1220 3649 1361 3721 λόγῳ
1398 3650 1631 3721 Χριστοῦ
1669 3651 1888 3722 χάριτος

2003 1838 2092 1906 qui
2117 1836 2507 1905 przestantioris
2536 1844 2742 1889 natura:
2780 1837 3008 1891 adventu
3047 1834 3375 1901 fruerentur,
3400 1843 3449 1889 et
3479 1849 3579 1905 per

2001 1928 2175 1983 sancti
2208 1926 2441 1996 Spiritus
2474 1934 2807 1989 contactum,
2860 1933 2919 1978 ut
2965 1925 3036 1979 ita
3086 1925 3299 1993 loquar,
3337 1934 3574 1981 mentem

2001 2031 2185 2071 eorum
2238 2013 2689 2084 perspicaciorem
2740 2014 3087 2083 animamque
3154 2014 3572 2084 splendidiorem

2001 2107 2199 2161 fictam
2238 2106 2429 2162 fuisse.
2474 2104 2593 2159 Sed~
2631 2119 2805 2173 neque
2846 2104 3061 2158 illorum
3088 2118 3285 2172 corpus
3324 2105 3375 2157 in
3422 2118 3571 2158 mora

1999 2197 2227 2268 amplius
2255 2206 2373 2253 erat
2413 2210 2479 2249 ne
2506 2195 2692 2248 virtuti
2721 2194 3024 2259 studerent,
3046 2194 3243 2264 quippe
3267 2195 3409 2264 quod
3434 2210 3567 2261 pru-

2000 2288 2197 2342 dentiae
2230 2287 2431 2352 carnis,
2476 2296 2535 2341 ut
2579 2300 2854 2351 vocamus,
2893 2294 3203 2341 emortuum
3254 2295 3395 2340 erat.
3438 2286 3571 2339 Per-

1998 2394 2217 2436 suasum
2259 2381 2401 2435 enim
2438 2381 2590 2434 nobis
2623 2389 2707 2434 est
2758 2379 2897 2446 facta
2938 2379 3193 2446 corporis,
3244 2386 3297 2432 et
3338 2386 3487 2431 ortas
3536 2392 3567 2431 a

1998 2471 2283 2540 prudentia
2321 2472 2505 2526 carnis
2537 2486 2659 2525 cum
2700 2470 2812 2525 Deo
2849 2469 3164 2523 inimicitias
3226 2469 3408 2522 divino
3445 2468 3567 2537 Spi-

1999 2562 2106 2616 ritu
2136 2561 2470 2629 morti/icari.
2516 2560 2573 2617 Si
2602 2570 2781 2615 autem
2837 2570 2995 2616 extra
3028 2574 3089 2614 se
3130 2560 3359 2628 rapitur,
3394 2562 3438 2613 si
3483 2560 3564 2613 sui

1998 2667 2213 2721 compos
2248 2668 2351 2706 non
2376 2661 2460 2706 est
2483 2651 2677 2722 Pythia
2695 2652 2822 2706 dum
2840 2652 3094 2705 vaticinia
3127 2651 3256 2714 edit,
3282 2650 3564 2720 cujnsnam

1996 2743 2133 2796 alius
2185 2743 2399 2812 generis
2442 2746 2656 2798 censeri
2718 2751 2932 2813 oportet
2980 2742 3226 2811 spiritum
3284 2741 3431 2794 illurn
3472 2741 3562 2808 qui

1996 2835 2160 2888 menti
2195 2842 2248 2888 et
2273 2836 2472 2890 rationi
2505 2835 2757 2891 tenebras
2784 2834 3033 2894 offundit.
3057 2847 3420 2904 praeterquam
3448 2834 3564 2887 ῑιιυο

1996 2938 2115 2975 rum
2169 2924 2515 2989 daemonum,
2574 2939 2708 2993 quos
2780 2940 2844 2977 ex
2900 2924 3135 2978 obsessis
3184 2922 3468 2993 proﬂigant
3532 2937 3565 2976 e

1996 3013 2323 3069 Christianis
2360 3016 2533 3079 ntulti,
2572 3015 2735 3083 idque
2763 3015 2881 3069 sine
2911 3015 3016 3067 ullo
3044 3016 3221 3069 inutili
3248 3017 3433 3085 magiae
3467 3024 3564 3067 aut

1917 3086 1959 3144 (ἶ
1995 3105 2377 3161 incantationis
2426 3105 2648 3171 auxilio,
2687 3105 2781 3160 sed
2819 3104 2948 3159 solis
3001 3105 3255 3173 precibus
3301 3104 3562 3174 simplici-

1990 3194 2199 3264 bnsque
2239 3196 2669 3266 adjurationibus
2691 3205 2745 3251 et
2771 3198 2961 3265 quales
2984 3196 3067 3252 vel
3088 3197 3382 3268 simplicior
3402 3198 3563 3252 homo

1990 3289 2161 3353 possit
2186 3288 2479 3343 adbibere?
2513 3286 2625 3344 lloc
2653 3288 2797 3343 enim
2826 3289 3147 3358 plerumque
3190 3288 3399 3343 faciunt
3427 3288 3561 3343 idio-

1990 3374 2075 3431 ιω.
2146 3376 2262 3444 Quo
2311 3378 2530 3447 quidem
2570 3393 2633 3432 ea
2686 3393 2806 3447 quae
2848 3379 3111 3433 doctrinae
3153 3388 3354 3433 nOSlt‘IB
3421 3378 3562 3432 inest

1990 3469 2163 3537 gratia
2187 3467 2412 3531 Christi,
2438 3467 2723 3523 manifeste
2749 3470 2927 3537 prodit
2976 3468 3423 3523 contemnendam
3450 3472 3560 3523 dae—

1988 3576 2208 3615 monum
2252 3560 2643 3625 inﬁrmitatem,
2684 3573 2830 3626 cum,
2868 3559 3256 3626 utvincantur,
3282 3558 3473 3612 cedant
3505 3568 3559 3611 et

1987 3667 2055 3707 ex
2098 3652 2277 3706 anima
2306 3664 2639 3721 corporaque
2676 3650 2914 3704 hominis
2960 3649 3237 3718 fugentur,
3277 3664 3382 3704 non
3420 3666 3558 3718 opus

307 3738 369 3790 τὸ
400 3738 507 3792 τῶν
543 3740 810 3813 δαιμόνων
840 3741 948 3812 (58)
980 3742 1191 3805 εὐτελὲς
1230 3742 1323 3796 καὶ
1360 3741 1601 3806 ἀσθενὲς,
1645 3744 1706 3797 οὐ
1747 3744 1883 3798 πάν-

1999 3745 2054 3798 sit
2092 3744 2334 3812 sapiente
2359 3752 2414 3798 et
2446 3746 2499 3797 in
2525 3741 2817 3813 probandis
2845 3741 2970 3795 ﬁdei
3020 3742 3177 3796 rebus
3208 3753 3445 3796 versato.

309 3848 416 3896 τως
446 3832 718 3905 δεόμενον,
770 3835 905 3907 πρὸς
952 3835 1013 3888 τὸ
1042 3836 1361 3907 ἡττηθῆναι,
1398 3838 1492 3890 καὶ
1525 3833 1673 3904 εἶξαν
1722 3836 2034 3904 ὑπεξελθεῖν
2084 3835 2193 3890 ἀπὸ
2233 3836 2410 3907 ψυχῆς
2449 3836 2734 3907 ἀνθρώπου
2770 3834 2865 3889 καί⁵
2905 3833 3171 3904 σώματος,
3223 3832 3384 3904 σοφοῦ
3415 3851 3557 3900 τινος

310 3925 405 3976 καὶ
428 3924 651 3980 δυνατοῦ
683 3927 739 3980 ὲν
765 3930 886 3990 ταῖς
915 3927 1155 3997 λογικαῖς
1185 3930 1312 4001 περὶ
1345 3930 1443 4000 τῆς
1481 3932 1714 3995 πίστεως
1740 3932 2095 3999 ἀποδείξεσιν.

396 4018 553 4070 Ἀλλὰ
572 4020 666 4073 καὶ
698 4019 854 4090 εἴπερ
889 4020 1239 4075 πεπίστευται
1280 4023 1337 4076 οὐ
1370 4024 1521 4094 παρὰ
1547 4026 1890 4098 Χριπιανοῖς

317 4113 409 4162 καὶ
442 4109 714 4174 Ἰουδαίοις
746 4113 945 4182 μόνοις,
988 4112 1121 4167 ἀλλὰ
1164 4115 1255 4168 καὶ
1298 4115 1427 4186 παρ’
1465 4114 1641 4179 ἄλλοις
1680 4116 1892 4180 πολλοῖς

323 4199 589 4270 Ἑλλήνων
618 4201 709 4252 καὶ
735 4201 1041 4274 βαρϐάρων,
1061 4205 1142 4257 ὅτι
1174 4203 1238 4276 ζῇ
1264 4205 1356 4260 καὶ
1382 4206 1614 4277 ὑπάρχει
1642 4206 1779 4276 μετὰ
1797 4206 1889 4261 τὸν

311 4290 419 4343 ἀπὸ
444 4287 537 4343 τοῦ
571 4288 817 4361 σώματος
849 4293 1125 4363 χωρισμὸν
1164 4296 1198 4365 ἡ
1238 4294 1549 4366 ἀνθρωπίνη
1579 4295 1758 4368 ψυχή’
1795 4299 1889 4350 καὶ

310 4380 388 4450 τῷ
432 4380 575 4453 λόγῳ
617 4382 966 4452 παρίσταται,
996 4385 1077 4438 ὅτι
1103 4387 1136 4455 ὴ
1166 4385 1263 4455 μὲν
1308 4386 1521 4457 καθαρά
1549 4388 1641 4440 καὶ
1687 4388 1761 4458 μὴ
1791 4388 1888 4458 βα-

2064 4026 2116 4079 5.
2148 4025 2411 4081 Praeterea
2435 4025 2728 4079 sicreditur
2748 4041 2855 4079 non
2887 4040 2914 4078 a
2941 4026 3264 4081 Christianis
3289 4036 3339 4081 ct
3358 4027 3558 4082 Jnda‘is

1996 4127 2226 4182 tantum,
2258 4119 2350 4173 sed
2380 4120 2543 4173 etiam
2576 4133 2605 4170 a
2635 4117 2816 4172 multis
2847 4117 2963 4173 aliis
2984 4117 3186 4172 Graecis
3209 4128 3261 4172 ct
3287 4120 3551 4179 barbaris,

1991 4210 2172 4264 vivere
2205 4218 2259 4264 et
2289 4223 2573 4277 superesse
2610 4208 2897 4261 humanam
2930 4208 3163 4263 animam
3197 4217 3317 4277 post
3343 4224 3493 4263 suam
3521 4223 3550 4260 a

1993 4312 2220 4368 corpore
2264 4299 2686 4367 separationem.
2744 4298 2799 4353 Si
2831 4298 3120 4353 conﬁrmat
3170 4298 3313 4352 ratio
3361 4313 3553 4366 puram

1996 4402 2095 4443 nec
2130 4388 2349 4444 malitiae
2382 4390 2535 4459 quasi
2564 4405 2743 4444 massa
2778 4390 3024 4459 plumbea
3048 4400 3350 4456 oneratam,
3388 4392 3555 4446 subli-

314 4470 549 4542 ρουμένη
585 4472 690 4525 ὑπὸ
728 4470 835 4525 τῶν
865 4472 963 4542 τῆς
1000 4472 1196 4537 κακίας
1245 4473 1593 4545 μολιϐδίδωνν
1624 4474 1893 4546 μετέωρος

1999 4494 2135 4534 mem
2187 4480 2404 4536 evolare
2438 4482 2505 4535 ad
2547 4496 2610 4536 ea
2652 4480 2791 4547 loca,
2828 4482 2919 4538 ubi
2960 4482 3242 4553 puriorum
3291 4493 3346 4539 et
3383 4485 3551 4537 aethe-

313 4564 535 4635 φέρεται
566 4564 659 4617 ἐπὶ
689 4565 814 4628 τοὺς
845 4564 1039 4628 τόπους
1066 4564 1174 4619 τῶν
1198 4565 1595 4638 καθαρωτέρων
1626 4568 1719 4621 καὶ
1744 4567 1889 4621 αίθε-

314 4655 444 4723 ρίων
477 4652 764 4724 σωμάτων,
796 4654 1169 4709 καταλιποῦσα
1195 4656 1263 4709 τὰ
1294 4656 1417 4727 τῇδε
1442 4656 1617 4726 παχέα
1665 4656 1887 4727 σώματα

312 4745 408 4796 καὶ
444 4744 511 4798 τὰ
556 4746 614 4799 ὲν
658 4745 841 4809 αὐτοῖς
880 4747 1197 4816 μιάσματα·
1230 4750 1284 4818 ή’
1310 4747 1366 4801 δὲ
1406 4748 1604 4818 φαύλη,
1642 4750 1734 4803 καὶ
1782 4749 1887 4803 ὑπὸ

312 4832 418 4885 τῶν
450 4835 772 4905 ἁμαρτάδων
817 4836 1187 4907 καθελκομένη
1223 4838 1315 4890 ἐπὶ
1350 4838 1448 4909 τὴν
1479 4838 1601 4909 γῆν,
1637 4841 1729 4893 καὶ
1765 4841 1884 4910 μηδ’

313 4922 643 4978 ἀναπνεῦσαι
673 4924 967 4997 δυναμένη,
996 4927 1120 4999 τῇδε
1150 4929 1370 5000 φέρεται
1409 4930 1505 4983 καὶ
1544 4928 1882 4993 καλινδεῖται,
1910 4922 1913 4925 ’

388 5052 521 5178 (ξιξ
558 5055 871 5125 Λέγεσθαι.
919 5059 1088 5117 Recte
1144 5077 1276 5118 mss.
1326 5061 1464 5115 Male
1517 5024 1721 5117 autem
1750 5064 1879 5118 libb.

314 5127 466 5189 e.htt,
523 5124 729 5192 έγεται.

387 5195 515 5267 (52)-
550 5194 843 5262 Μανικήν.
890 5196 1103 5267 Optime
1135 5214 1264 5255 mss.
1308 5199 1465 5255 Libb.
1496 5211 1678 5256 autem
1719 5202 1881 5267 editi,

318 5265 774 5408 μαῶἕρνᾞρχῆν
794 5334 927 5408 γάρ,
955 5323 1062 5390 etc.
1104 5334 1395 5408 Locushie
1441 5338 1531 5405 qui
1566 5338 1697 5408 mihi
1731 5353 1885 5408 teque

315 5417 380 5455 ac
434 5404 721 5460 BOherello
754 5405 971 5459 videtur
1019 5419 1205 5469 sanus,
1253 5406 1535 5460 videbatur
1579 5404 1885 5462 Guieto'ex

316 5470 597 5548 luxatione
626 5475 915 5548 obseurus,
937 5482 993 5530 et
992 5474 1482 5548 __sic_corrigendus
1508 5491 1522 5529 :
1556 5477 1751 5548 Ἐχρῆν
1776 5477 1884 5548 γὰρ

316 5493 597 5529 utxattone
626 5493 915 5538 Obscurus,
937 5493 993 5530 et
1023 5493 1102 5529 etc
1128 5493 1482 5545 corrtgenaus
1508 5493 1522 5529 :
1560 5493 1646 5545 ἰιχ
1722 5496 1751 5530 ν
1776 5493 1884 5548 γαρ

314 5540 406 5616 τδν
437 5544 663 5616 κάτοχον
695 5543 773 5615 τῷ
813 5542 941 5615 θείῳ
992 5543 1297 5616 Πνεύματι,
1320 5544 1410 5597 τὸν
1446 5493 1884 5616 συμθαλςτόμενον

319 5612 398 5674 είς
435 5616 526 5687 τρν
566 5612 728 5687 μέσον
746 5612 853 5687 ’καὶ
884 5612 1216 5687 κατὰφύσιν
1246 5614 1378 5683 βίον,
1406 5612 1593 5687 πολλῷ
1624 5612 1883 5687 πρότερον

319 5683 516 5754 παντὸς
530 5682 833 5754 οὑτινοσοῦν
847 5684 940 5736 τοῦ
956 5683 1067 5754 ἀπὸ,
1082 5682 1187 5735 τῶν
1208 5682 1470 5754 χρησμῶν
1480 5682 1856 5754 διδασκομένου
1866 5727 1878 5751 ,

319 5747 353 5817 ἠ
374 5753 505 5823 πρὸς
522 5753 580 5807 τὸ
600 5752 890 5820 λυσιτελὲς,
916 5755 948 5825 ἢ
980 5753 1113 5825 πρὸς
1143 5747 1496 5827 τὸσυρον
1516 5747 1876 5827 ὠφεληθῆναι.

1992 4585 2204 4625 reorum
2249 4586 2534 4640 corporum
2585 4574 2742 4628 sedes
2773 4586 2875 4636 εει,
2920 4572 3125 4630 relictis
3156 4574 3246 4630 hic
3297 4576 3549 4629 deorsum

1989 4663 2187 4718 crassis
2214 4664 2533 4733 corporibus
2572 4678 2869 4734 eorumque
2893 4662 3177 4731 sordibus;
3202 4663 3397 4719 malam
3423 4680 3552 4719 vero

1988 4762 2041 4807 et
2062 4754 2126 4807 ad
2144 4760 2343 4808 terram
2372 4755 2610 4823 peccatis
2624 4754 2930 4823 depressam
2957 4756 3119 4826 697
3151 4771 3253 4812 nec
3283 4759 3552 4825 respirare

1988 4843 2271 4910 valentem,
2305 4846 2392 4900 hic
2423 4845 2605 4915 vagari
2636 4854 2693 4901 et
2722 4846 2979 4912 volutari,
3006 4846 3169 4901 aliam
3192 4849 3337 4905 circa
3370 4849 3551 4919 sepul-

1986 4948 2100 5001 cra,
2165 4934 2252 4990 ubi
2304 4936 2606 4990 animarum
2670 4936 2957 4992 simulacra
3010 4940 3322 4994 umbrarum
3378 4942 3551 4995 instar

2058 5068 2167 5141 (54)
2207 5070 2653 5137 Προαπέλαυον.
2703 5071 2872 5129 Recte
2919 5074 3138 5141 omnino
3172 5073 3335 5129 habet
3379 5075 3547 5128 codex

1985 5138 2334 5258 gztsileettsis.
2395 5142 2448 5194 ltt
2511 5152 2668 5197 antea
2723 5144 2882 5199 editis
2947 5138 3175 5215 legitur,
3236 5143 3547 5213 προαπέλα-

2019 5224 2096 5259 ον.

2057 5247 2179 5343 (55)
2232 5278 2656 5346 Ἀπιπρὰττον.
2698 5281 2892 5335 Gttieto
2941 5283 3030 5336 itic
3076 5280 3297 5336 omnino
3330 5280 3545 5333 deside-

1990 5348 2094 5398 rari
2161 5348 2474 5413 videbatur,
2538 5346 2700 5419 εἷχον.
2767 5350 3084 5406 Bohcrcllus
3162 5350 3324 5417 legit,
3389 5347 3544 5403 ιὶιντέ⁹

2032 5433 2096 5466 οα
2197 5459 2209 5472 ,

1986 5433 2189 5555 π’(ῑξῧε
2207 5486 2543 5541 "(BSt'ilPiills
2573 5487 2625 5540 iu
2658 5497 2829 5548 textu,
2855 5486 3230 5556 τυγχάνοντος,
3260 5485 3418 5542 male.

2025 5556 2318 5679 1¹(15⁸7)(2Καὶ
2387 5557 2735 5624 όρκώσεσιν.
2783 5558 2911 5611 Vide
2968 5558 3207 5610 adnotat.
3243 5556 3309 5610 ad
3357 5556 3451 5613 lib.
3495 5573 3542 5625 t,

1986 5642 2131 5679 num.
2169 5642 2224 5679 τι.

2055 5696 2168 5767 (58)
2210 5695 2478 5752 llmscltcl.
2516 5696 2566 5749 in
2602 5704 2768 5762 textu,
2798 5693 3106 5765 δαιμονίων.
