3972 6160
323 308 464 364 1429

1505 293 1792 351 CONTRA
1825 289 2101 348 CELSUM
2135 291 2262 347 LIB.
2301 290 2412 345 VII.

3439 285 3574 341 “'50

319 427 359 479 T
367 421 766 498 ραγῳδιοποιῶν
778 415 868 474 οὖν
882 419 1056 495 σοφῶν
1070 418 1098 470 ὑ
1107 417 1159 470 π’
1172 415 1332 470 αὐτοῦ
1344 414 1700 484 λελεγμένων,
1715 427 1748 462 κ
1757 426 1811 481 ρε
1821 408 1891 461 ίτ-

2013 409 2214 479 vulgari
2230 407 2678 477 praemioinsecna
2691 411 2742 459 et
2755 405 3036 460 orchestra
3056 404 3334 460 decertant
3349 414 3402 456 et
3420 405 3578 459 modo

320 535 426 569 των
451 512 586 567 εἶναι
606 511 878 581 νομισθεὶς
911 512 938 563 ὁ
973 507 1264 578 Σωκράτης
1295 506 1402 558 τῶν
1436 506 1526 558 ἐπὶ
1561 503 1659 572 τῆς
1683 500 1891 573 σκηνῆς

323 610 415 661 καὶ
437 606 534 675 τῆς
551 605 858 675 ὀρχήστρας
873 600 964 653 τοῦ
981 600 1228 669 τυχόντος
1248 597 1406 651 ἄθλου
1430 596 1612 648 ἕνεκεν
1636 592 1892 662 ἀγωνιζο-

326 703 521 772 μένων,
545 701 637 752 καὶ
671 701 802 752 ὅπου
832 699 930 768 μὲν
964 697 1137 757 λύπας
1173 695 1265 747 καὶ
1295 692 1508 752 οἴκτους
1536 691 1645 750 τοῖς
1675 688 1890 748 θεαταῖς

325 793 732 863 ἐμποιούντων,
758 793 889 844 ὅπου
933 791 986 842 δέ
1037 787 1302 856 ἀσέμνους
1352 785 1592 852 γέλωτας
1635 779 1891 850 (τοιοῦτον

324 886 434 956 γάρ
465 904 516 938 τι
547 883 791 954 βούλεται
813 882 880 935 τά
906 878 1167 949 σατυρικὰ
1189 874 1480 946 δράματα)-
1507 873 1565 924 οὐ
1595 871 1731 924 πάνυ
1757 886 1808 922 τι
1833 866 1894 919 τὸ

325 978 416 1031 διὰ
451 975 763 1045 φιλοσοφίαν
800 973 891 1026 καὶ
917 970 1167 1040 ἀλήθειαν
1190 966 1440 1037 ἐμφαίνει
1471 963 1662 1031 σεμνὸν
1689 962 1780 1013 καὶ
1808 957 1893 1011 διὰ

321 1076 381 1111 σε
392 1060 627 1128 μνότητα
654 1057 950 1111 ἐπαινετόν.
978 1056 1087 1107 Καὶ
1115 1054 1254 1122 τάχα
1281 1052 1340 1102 οὐ
1371 1048 1620 1102 τοσοῦτον
1649 1047 1735 1099 διὰ
1761 1047 1908 1115 φιλο-

323 1150 513 1218 σοφίαν
548 1149 752 1219 ἀνδρῶν
774 1143 923 1200 εἶπεν
953 1146 1114 1198 αὐτὸν
1141 1144 1395 1196 ἁπάντων
1427 1140 1757 1208 σοφώτατον,
1783 1140 1906 1190 ὅσον

319 1239 410 1292 διὰ
442 1240 538 1303 τάς
571 1240 780 1303 θυσίας,
814 1239 904 1290 καὶ
940 1238 1003 1298 ἂς
1039 1235 1377 1305 προσήνεγκε
1419 1231 1526 1300 (66)
1561 1230 1784 1290 κνίσσας
1813 1229 1908 1282 αὐ-

317 1330 401 1401 τῷ
431 1349 491 1383 τε
535 1332 630 1383 καὶ
661 1334 771 1393 τοῖς
800 1330 1005 1390 λοιποῖς
1053 1326 1288 1396 δαίμοσι.
1325 1325 1432 1376 Καὶ
1480 1321 1564 1374 διά
1595 1321 1765 1375 ταῦτα
1805 1320 1908 1372 ἐοί-

319 1440 452 1475 γασι
481 1423 681 1492 μᾶλλον
711 1425 881 1473 ποιεῖν
909 1422 957 1471 οί
985 1419 1234 1487 δαίμονες
1261 1415 1327 1467 τὰ
1357 1413 1649 1482 ἀξιούμενα
1674 1412 1778 1463 ὑπὸ
1799 1410 1907 1464 τῶν

320 1513 505 1573 αὐτοῖς
535 1510 938 1581 προσαγόντων,
972 1508 1004 1577 ἦ
1035 1505 1120 1558 διὰ
1148 1504 1216 1557 τὰ
1243 1504 1377 1574 ἔργα
1405 1502 1504 1570 τῆς
1544 1500 1763 1571 ἀρετῆς.
1794 1500 1909 1551 Διό-

322 1620 431 1673 περ
465 1602 776 1672 διαγράφων
809 1600 879 1650 τὰ
910 1599 1167 1666 γινόμενα
1199 1598 1225 1649 ὁ
1269 1595 1375 1646 τῶν
1425 1592 1660 1661 ποιητῶν
1692 1591 1908 1662 ἄριστος

322 1694 592 1765 Ὅμηρος,
629 1693 721 1746 καὶ
765 1691 1046 1751 διδάσκων,
1076 1689 1195 1740 τίνα
1251 1687 1483 1757 μάλιστά
1531 1687 1647 1736 ἐστι
1679 1684 1747 1736 τὰ
1787 1685 1907 1737 πεί-

323 1782 486 1836 θοντα
515 1783 638 1843 τοὺς
676 1781 931 1850 δαίμονας
974 1780 1144 1832 ποιεῖν
1189 1777 1224 1830 ἃ
1269 1775 1544 1844 βούλονται
1581 1774 1629 1825 οἱ
1673 1772 1907 1836 θύοντες,

324 1875 584 1944 εἰσήγαγε
617 1872 707 1924 τὸν
740 1870 962 1941 Χρύσην
1004 1869 1186 1922 ἕνεκεν
1230 1866 1423 1932 ὀλίγων
1474 1863 1774 1931 στεφάνων,
1819 1863 1911 1922 καὶ

324 1963 537 2032 μηρίων
558 1962 772 2032 ταύρων
796 1961 889 2012 καὶ
916 1960 1104 2026 αἰγῶν,
1133 1955 1464 2025 τυγχάνοντα
1492 1947 1565 2006 ὧν
1593 1953 1763 2024 ᾔτησε
1788 1951 1907 2005 καθ’

335 2053 599 2124 Ἑλλήνων
630 2052 716 2105 διὰ
753 2052 849 2122 τὴν
900 2050 1190 2120 θυγατέρα,
1238 2048 1325 2099 ἵνα
1372 2045 1731 2116 λοιμώξαντες
1780 2045 1913 2096 ἁπο-

317 2145 546 2198 δὼσειαν
581 2143 727 2214 αὐτῷ
756 2143 850 2214 τὴν
880 2141 1172 2213 Χρυσηΐδα.
1202 2139 1396 2210 Μέμνη
1407 2155 1504 2208 μαι
1545 2137 1601 2190 δέ
1631 2137 1780 2206 παρά
1806 2153 1909 2189 τινι

317 2237 429 2293 τῶν
488 2235 866 2306 Πυθαγορείων
915 2234 1047 2304 (67),
1098 2231 1468 2302 ἁναγράψαντι
1516 2230 1644 2300 περὶ
1695 2229 1802 2282 τῶν
1852 2230 1910 2281 ἐν

318 2327 548 2397 ὑπονοίᾳ
583 2328 734 2397 παρὰ
761 2326 838 2396 τῷ
887 2328 1081 2395 ποιητῇ
1123 2324 1482 2392 λελεγμένων,
1518 2322 1801 2388 ἀναγνοὺς,
1829 2320 1909 2371 ὅτι

315 2423 391 2469 τὰ
432 2417 524 2469 τοῦ
571 2417 788 2487 Χρύσου
824 2417 958 2485 πρὸς
1002 2415 1092 2466 τὸν
1138 2413 1443 2465 Ἀπόλλωνα
1485 2412 1611 2480 ἔπη,
1657 2411 1749 2463 καὶ
1783 2412 1809 2461 ὁ
1852 2407 1910 2474 ἐξ

330 2507 664 2568 Ἀπόλλωνος
707 2502 1072 2574 ἐπιπεμφθεὶς
1111 2507 1224 2565 τοῖς
1253 2502 1473 2571 Ἕλλησι
1519 2501 1722 2570 λοιμὸς,
1771 2499 1911 2552 διδά-

319 2615 462 2662 σκει,
494 2598 574 2648 δτι
602 2596 868 2665 ἠπίστατο
895 2595 1140 2664 ’Όμηρος
1167 2592 1436 2662 πονηρούς
1455 2609 1604 2654 τινας
1629 2592 1907 2661 δαίμονας,

319 2689 614 2757 χαίροντας
639 2689 760 2749 ταῖς
805 2687 1052 2748 κνίσσαις
1096 2685 1193 2738 καὶ
1237 2687 1358 2746 ταῖς
1413 2683 1641 2745 θυσίαις,
1689 2681 1910 2752 μισθοὺς

318 2778 628 2831 ἀποδιδόναι
656 2780 768 2839 τοῖς
799 2775 992 2829 θύσασι
1025 2775 1121 2845 τὴν
1148 2774 1348 2846 ἐτέρων
1377 2773 1605 2844 φθορὰν.
1628 2774 1675 2825 εἰ
1702 2771 1910 2824 τοιοῦτο

319 2867 600 2930 οίθύοντες
629 2865 884 2937 εὔχοιντο.
922 2868 1031 2918 Καὶ
1063 2870 1094 2918 ὀ
1125 2864 1406 2930 Δωδώνης
1432 2864 1498 2916 δὲ
1521 2863 1747 2932 μεδέων
1765 2861 1911 2916 δυσ-

320 2960 616 3028 χειμέρου,
649 2959 782 3027 παρ’
815 2951 862 3024 ᾧ
903 2961 1058 3011 εἰσιν
1089 2960 1140 3010 οἱ
1186 2957 1484 3023 προφῆται
1529 2956 1636 3027 (68)
1671 2956 1910 3010 ἀνιπτό-

320 3052 522 3117 ποδες,
558 3051 927 3120 χαμαιεῦναι,
977 3049 1382 3118 ἀποδοκιμάσας
1433 3047 1494 3098 τὸ
1544 3047 1652 3099 τῶν
1702 3046 1908 3117 ἀνδρῶν

318 3146 400 3206 είς
431 3144 763 3212 προφητείαν
796 3142 970 3211 γένος,
994 3144 1110 3203 ταῖς
1141 3140 1412 3193 Δωδωνίσι
1452 3139 1670 3210 χρῆται,
1711 3139 1786 3200 ὼς
1816 3138 1915 3197 καὶ,

317 3233 576 3294 ὁΚέλσος
622 3234 982 3302 παρέστησεν.
1023 3233 1202 3283 Ἔστω
1249 3230 1305 3282 δέ
1353 3248 1437 3292 τις
1475 3229 1684 3292 τούτοις
1742 3246 1909 3299 παρα-

319 3323 547 3393 πλήσιος
579 3323 834 3392 Κλάριος,
867 3324 960 3374 καὶ
991 3323 1174 3392 ἕτερος
1207 3323 1264 3374 ἐν
1300 3321 1642 3391 Βραγχίδαις,
1679 3320 1772 3372 καὶ
1817 3320 1909 3374 ἄλ-

2014 501 2255 557 dulorem
2293 508 2347 554 et
2377 499 2777 553 miserationem
2808 497 3203 566 spectatoribus
3236 495 3576 563 ingenerant,

2013 595 2194 659 modo,
2249 592 2300 644 id
2351 590 2493 659 quod
2519 599 2741 658 captant
2767 588 3000 657 satyrica
3036 586 3296 649 dramata,
3336 587 3402 638 ad
3437 582 3580 637 risus

2014 680 2335 734 inhonestos
2371 681 2648 743 excitant;
2705 679 2758 732 id
2806 693 2910 730 non
2945 683 3265 744 argumento
3310 675 3397 728 ‘est
3429 673 3579 727 illum

2015 772 2348 842 philosophia
2377 783 2430 826 et
2455 771 2698 825 veritatis
2716 782 2897 822 amore
2912 766 3074 821 fuisse
3093 763 3575 819 con'imendabilem

2014 865 2083 919 ob
2117 876 2316 932 easque
2341 863 2570 915 virtutes
2628 861 2787 914 laude
2832 859 3070 925 dignum.
3105 857 3168 909 Et
3196 856 3428 910 fortasse
3470 869 3576 908 non

2015 964 2122 1008 tam
2156 963 2377 1023 propter
2402 951 2796 1021 philosophiam
2826 950 2972 1006 illum
2998 947 3133 1001 dixit
3153 945 3431 1000 hominum
3461 957 3580 998 esse

2014 1045 2494 1115 sapientissimum,
2523 1059 2682 1114 quam
2725 1053 2942 1111 propter
2975 1041 3223 1094 victimas
3254 1039 3579 1105 nidoresqtte

2013 1153 2150 1207 quos
2175 1135 2438 1191 oﬂ‘erebat
2486 1146 2596 1189 tum
2631 1134 2839 1188 illitum
2871 1132 3092 1199 reliquis
3126 1130 3477 1185 dmmonibns.
3513 1129 3580 1184 Et

2014 1230 2089 1282 illi
2140 1231 2408 1282 daemones
2456 1237 2676 1296 propter
2730 1227 2843 1279 hmo
2884 1224 3057 1293 magis
3120 1222 3417 1275 exaudiunt
3453 1229 3578 1273 vota

2014 1321 2456 1382 sacriﬁcantium,
2492 1333 2654 1388 quam
2703 1327 2920 1386 pr0pter
2954 1314 3171 1368 virtutis
3217 1328 3400 1382 opera.
3431 1311 3578 1378 Quaa-

2012 1419 2231 1478 propter
2248 1407 2512 1461 Homerus
2527 1414 2804 1475 poetarum
2819 1405 3078 1474 optimus,
3098 1403 3149 1455 id
3167 1403 3308 1472 quod
3331 1402 3580 1456 accidere

2013 1499 2151 1552 solet
2199 1497 2531 1559 describens,
2559 1506 2612 1548 et
2661 1496 2860 1549 docens
2893 1492 3212 1561 quibusdam
3243 1491 3576 1560 potissimum

2016 1590 2288 1644 dmmones
2312 1587 2385 1640 illi
2417 1596 2698 1639 moventur
2715 1585 2779 1638 ad
2804 1581 3168 1636 exaudiendus
3186 1595 3368 1634 eorum
3392 1594 3580 1649 preces

2017 1680 2104 1749 qui
2155 1686 2395 1730 mactant
2435 1676 2702 1738 victimas,
2759 1674 2968 1727 induxit
3014 1672 3254 1742 Chrysen
3281 1671 3351 1737 3°,
3386 1671 3581 1726 oblatis

2011 1771 2200 1842 paucis
2225 1769 2445 1823 coronis
2478 1777 2526 1820 et
2558 1776 2830 1820 taurorum
2855 1778 3249 1833 caprarumque
3281 1762 3580 1817 femoribus

2013 1864 2352 1919 obtinentem
2389 1861 2648 1929 quidquid
2688 1867 2881 1914 contra
2919 1857 3138 1912 Graecos
3165 1856 3494 1926 postulabat,
3520 1864 3583 1910 ut

2012 1965 2163 2026 peste
2195 1951 2698 2027 adaetiChryseida
2745 1951 2845 2005 sibi
2882 1949 3188 2003 redderent.
3237 1947 3450 2002 Memini
3497 1961 3582 2000 me

2012 2049 2191 2116 legere
2223 2046 2362 2114 apud
2389 2045 2678 2112 quemdam
2728 2043 3167 2114 Pythagoricum,
3223 2043 3314 2110 qui
3366 2041 3582 2109 scripsit

2012 2142 2076 2196 de
2112 2141 2570 2196 reconditioribus
2629 2137 2788 2206 hujus
2830 2149 3000 2208 poeta:
3043 2139 3327 2203 sensibus,
3364 2138 3583 2207 Chrysa!

2014 2233 2176 2287 verba
2200 2232 2264 2284 ad
2284 2231 2609 2300 Apollinem,
2633 2241 2684 2284 et
2712 2230 3226 2284 immissamGrtecis
3249 2231 3315 2282 ab
3333 2229 3582 2298 Apolline

2009 2323 2375 2392 pestilentiam
2408 2337 2505 2375 nos
2528 2324 2744 2387 docere,
2771 2321 3004 2375 Homero
3035 2337 3141 2375 non
3169 2322 3379 2389 ignotos
3415 2319 3583 2372 fuisse

2012 2415 2181 2468 malos
2239 2414 2497 2482 quosdam
2537 2415 2827 2480 dmmones,
2882 2414 2972 2482 qui
3024 2413 3212 2467 nidore
3262 2420 3315 2465 et
3349 2411 3582 2465 victimis

2010 2504 2268 2573 gaudent,
2298 2513 2352 2556 et
2383 2504 2650 2558 mercedis
2698 2505 2818 2558 loco
2852 2504 3074 2557 exitium
3111 2503 3338 2556 aliorum
3370 2501 3585 2556 sacriﬁ-

2012 2595 2260 2648 cantibus
2291 2595 2610 2659 concedunt,
2648 2594 2693 2648 si
2721 2594 2878 2648 modo
2917 2595 2966 2647 id
2993 2593 3284 2662 postulent.
3325 2593 3391 2646 Et
3414 2601 3585 2646 rector

2011 2683 2104 2736 ille
2127 2684 2361 2738 Dodona:
2389 2686 2605 2738 hiberno
2633 2696 2860 2753 tempore
2889 2685 3115 2752 infestae,
3150 2684 3236 2737 ubi
3266 2695 3405 2737 uales
3431 2684 3584 2737 habet

2011 2777 2098 2844 qui
2122 2792 2210 2829 nec
2238 2776 2416 2830 lavant
2441 2778 2594 2845 pedes
2617 2786 2665 2830 et
2704 2779 2848 2829 humi
2877 2778 3065 2844 cubant
3100 2776 3171 2842 ⁸¹,
3205 2777 3407 2846 rejecto
3440 2775 3584 2832 virili

2013 2880 2170 2931 sexu,
2200 2867 2567 2922 Dodonidibus
2593 2870 2754 2921 etiam
2783 2870 2847 2922 ad
2876 2869 3059 2922 futura
3087 2867 3425 2937 praedicenda
3453 2883 3582 2921 usus

2011 2970 2114 3026 est,
2145 2969 2202 3012 ut
2230 2962 2342 3028 ipse
2380 2961 2568 3015 Celsus
2599 2961 3000 3015 animadvertit.
3031 2962 3107 3015 Do
3142 2975 3272 3014 vero
3302 2961 3434 3014 alios
3467 2961 3583 3015 istis

2011 3064 2130 3103 esse
2171 3051 2398 3115 similes,
2426 3061 2484 3104 ut
2513 3051 2790 3117 Clarium,
2818 3053 3047 3106 alterum
3083 3052 3302 3119 insuper
3327 3055 3378 3104 in
3403 3050 3582 3104 Bran-

2013 3141 2207 3205 chidis,
2241 3143 2409 3194 alium
2441 3142 2494 3195 in
2527 3143 2809 3196 Ammonis
2841 3128 3041 3211 templo
3075 3150 3169 3195 aut
3199 3143 3377 3196 ubivis
3408 3151 3582 3196 terra-

2016 3247 2154 3296 rum,
2206 3234 2297 3301 qui
2355 3233 2584 3287 reddant
2615 3235 2874 3289 oracula:
2913 3235 3053 3289 unde
3096 3233 3471 3303 probabuntur
3507 3232 3582 3287 dii

2014 3337 2132 3378 esse
2161 3325 2398 3390 quidem,
2427 3341 2532 3378 non
2567 3341 2694 3379 vero
2722 3327 3018 3392 tlremonia?

318 3415 409 3479 λος
439 3419 497 3469 ἐν
531 3418 843 3487 Ἄμμωνος,
889 3416 922 3486 ἦ
969 3415 1090 3467 ὅποι
1144 3413 1273 3467 ποτὲ
1327 3416 1431 3485 γῆς
1482 3413 1900 3485 μαντευόμενον
1938 3417 2096 3470 πόθεν
2123 3413 2216 3481 οὖν
2243 3418 2601 3489 δειχθήσεται,
2632 3420 2726 3474 καὶ
2755 3422 2802 3472 εἰ
2827 3420 2936 3474 θεοῖν⁸
2983 3421 3092 3491 μέν.
3122 3422 3246 3486 εἰσι,
3277 3421 3337 3474 οὐ
3393 3420 3582 3491 δαιμό-

319 3528 407 3564 νια
438 3511 493 3564 δέ
531 3530 652 3565 τινα
672 3529 686 3576 ;

390 3605 508 3658 Τῶν
565 3606 608 3658 δ’
665 3606 724 3659 ἐν
759 3605 1028 3668 Ἰουδαίοις
1073 3603 1368 3675 προφητῶν
1410 3606 1456 3656 οἱ
1493 3603 1588 3674 μὲν
1621 3604 1726 3656 ἀπὸ
1769 3621 1902 3674 προ-

317 3697 544 3767 φητείας
571 3698 662 3750 καὶ
696 3697 792 3766 τῆς
819 3697 966 3759 θείας
1001 3696 1349 3766 κατακωχῆς,
1382 3696 1454 3758 ὡς
1482 3695 1545 3748 ἂν
1581 3696 1731 3764 σοφοί
1757 3695 1865 3766 (69)
1887 3713 1900 3724 °

317 3790 366 3840 οἱ
396 3788 439 3841 δ’
467 3789 562 3841 ἀπ’
583 3789 752 3858 αὐτῆς
781 3788 878 3858 τῆς
917 3787 1254 3858 προφητείας
1285 3787 1642 3855 φωτισθέντες
1668 3786 1756 3840 τὸν
1781 3785 1904 3839 νοῦν

315 3879 544 3932 τοιοῦτοι
567 3879 870 3946 γεγόνασιν,
888 3879 1191 3950 αἱρεθέντες
1216 3879 1320 3939 ὑπὸ
1338 3879 1436 3949 τῆς
1459 3880 1721 3950 Προνοίας
1747 3880 1827 3942 είς
1844 3879 1904 3932 τὸ

318 3970 670 4040 πιστευθῆναι
693 3971 754 4022 τὸ
783 3970 924 4022 θεῖον
960 3970 1178 4039 Πνεῦμα
1202 3971 1294 4022 καὶ
1324 3973 1450 4034 τοὺς
1481 3971 1588 4025 ἀπὸ
1606 3971 1794 4028 τούτου
1827 3971 1906 4023 λό-

316 4078 446 4129 γους
473 4061 560 4113 διὰ
588 4062 648 4113 τὸ
667 4061 761 4113 τοῦ
791 4061 904 4130 βίου
928 4062 1282 4134 δυσμίμητον,
1310 4064 1402 4115 καὶ
1437 4063 1639 4135 σφόδρα
1666 4061 1908 4127 εὔτονον,

315 4150 413 4202 καὶ
446 4149 765 4220 ἐλευθέριον,
800 4151 894 4202 καὶ
943 4151 1118 4219 πάντη
1163 4152 1297 4222 πρὸς
1330 4150 1556 4203 θάνατον
1589 4152 1682 4204 καὶ
1724 4151 1901 4204 κινδύ-

315 4256 439 4301 νους
476 4237 908 4309 ἀκατάπληκτον.
956 4241 1241 4302 Τοιούτους
1272 4240 1382 4310 γὰρ
1422 4241 1515 4293 καί⁴
1554 4243 1582 4293 ὁ
1614 4241 1767 4308 λόγος
1814 4242 1898 4292 αἱ-

318 4334 404 4402 ρεῖ
425 4331 534 4404 (70)
557 4332 666 4384 δεῖν
686 4327 971 4394 εἶναιτοὺς
1001 4330 1093 4382 τοῦ
1116 4332 1207 4384 ἐπί
1239 4333 1372 4383 πᾶσι
1427 4331 1559 4383 Θεοῦ
1593 4333 1893 4402 προφήτας,

2083 3604 2136 3657 7.
2172 3602 2363 3658 Verum
2389 3618 2418 3659 e
2445 3603 2682 3658 Judaicis
2708 3605 2982 3674 prophetis
3025 3606 3112 3659 alii
3149 3615 3272 3660 ante
3303 3609 3580 3676 sapientes

2012 3704 2185 3761 erant,
2237 3710 2396 3764 quam
2445 3696 2743 3763 prophetia:
2783 3697 2982 3750 donum
3054 3700 3402 3766 acciperent;
3446 3702 3582 3757 alios

2012 3787 2293 3857 prophetia
2340 3786 2633 3841 illustravit
2684 3798 2740 3842 et
2783 3790 3054 3857 sapientes
3103 3790 3301 3845 effecit.
3340 3792 3400 3844 lli
3457 3792 3581 3847 vita:

2011 3893 2178 3947 genus
2231 3878 2420 3932 sectati
2469 3878 2685 3933 dillicile
2728 3881 2961 3945 imitatu,
2998 3891 3276 3947 constans,
3324 3883 3578 3949 liberum,

2009 3981 2064 4024 et
2085 3971 2270 4023 mortis
2288 3972 2760 4041 periculorumque
2776 3984 2919 4026 metu
2939 3975 3342 4039 inconcussum,
3361 3976 3582 4029 fuerunt

2011 4077 2039 4114 a
2069 4063 2402 4130 providentia
2424 4062 2606 4127 electi,
2629 4064 2824 4130 quibus
2863 4064 3077 4118 divinus
3101 4064 3334 4133 Spiritus
3359 4064 3582 4132 ejusque

2010 4157 2222 4225 eloquia
2243 4156 2920 4212 committerentur.'Docct
2951 4159 3094 4213 enim
3130 4159 3270 4212 ratio
3299 4158 3433 4212 tales
3459 4173 3580 4213 esse

2003 4243 2198 4299 debere
2247 4245 2447 4298 summi
2491 4245 2579 4297 Dei
2621 4246 2938 4313 prophetas,
2970 4248 3288 4315 quibuscum
3320 4259 3578 4303 constans

2002 4335 2355 4400 Antisthenis,
2400 4336 2632 4390 Cratetis
2689 4337 3048 4405 Diogenisque
3089 4337 3329 4405 gravitas
3376 4337 3578 4392 collata

315 4423 510 4486 οἵτινες
531 4424 776 4490 παίγνιον
805 4423 1086 4493 ἀπέφηναν
1104 4422 1200 4491 τὴν
1227 4421 1614 4486 Ἀντισθένους,
1633 4423 1726 4474 καὶ
1755 4424 1799 4474 Κ
1809 4422 1898 4493 ρά-

2011 4441 2098 4493 pro
2157 4425 2284 4479 ludo
2357 4426 2662 4481 habebitur.
2710 4427 2940 4497 Propter
2999 4430 3286 4483 veritatem
3331 4429 3494 4498 igitur
3524 4437 3578 4484 et

313 4527 494 4577 τητος,
524 4513 618 4563 καὶ
661 4510 940 4578 Διογένους
971 4511 1230 4565 εὐτονίαν.
1263 4512 1338 4564 Δι’
1364 4511 1617 4582 ἀλήθειαν
1647 4509 1776 4579 γοῦν
1803 4512 1910 4572 καὶ,

313 4605 374 4654 τὸ
423 4603 739 4674 ἐλευθερίως
782 4601 1022 4672 ἐλέγχειν
1066 4602 1191 4665 τοὺς
1226 4604 1654 4674 ἁμαρτάνοντας,
1701 4601 1904 4656 eaad.

314 4697 584 4759 σθησαν,
644 4695 1053 4762 ἐπρίσθησαν,
1111 4694 1561 4762 ἐπειράσθησαν
1634 4694 1764 4764 (71),
1827 4695 1896 4748 ἐν

316 4783 477 4848 φόνῳ
507 4787 805 4854 μαχαίρας
835 4785 1155 4842 ἀπέθανον.
1186 4786 1522 4853 Περιῆλθον
1549 4785 1658 4854 γὰρ
1689 4786 1758 4838 ἐν
1785 4803 1897 4854 μη-

315 4873 548 4937 λωταῖς,
583 4876 651 4928 ἐν
689 4879 932 4946 αἰγείοις
969 4875 1278 4945 δέρμασιν,
1313 4879 1758 4946 ὑστερούμενοι,
1790 4894 1896 4930 κα·-

391 4990 435 5020 ⁸⁰
461 4987 611 5044 lliad.
645 5007 685 5056 ι,
713 5007 767 5045 v.
792 4993 881 5059 59,
903 4992 992 5050 40.
1069 4993 1112 5024 ⁸³
1144 4993 1298 5051 Iliad.
1330 5009 1438 5056 xvr,
1473 5009 1524 5046 ν.
1553 4994 1682 5059 254,
1716 5003 1820 5047 etc.

390 5105 500 5177 (66)
544 5105 881 5183 ΙΙᾳξεῡΙιοΙίιιε
929 5109 980 5162 in
1023 5119 1192 5174 textu,
1241 5113 1604 5183 προσήνεγκε.
1655 5111 1894 5180 Spenee-

316 5194 428 5231 rns.
469 5177 796 5246 προήνεγκε.

387 5246 501 5318 (67)
545 5245 883 5318 llieschelius
915 5249 966 5300 in
1011 5257 1186 5314 textu,
1218 5249 1622 5318 Πυθαγορείων.
1657 5248 1888 5317 Spenee-

316 5333 430 5377 rus,
456 5314 830 5384 Πυθαγορίων.

387 5386 498 5456 (68)
539 5383 862 5452 Προφῆται.
897 5385 973 5438 Ex
1008 5385 1171 5441 Iliad.
1211 5387 1294 5447 Π,
1335 5402 1389 5439 v.
1428 5387 1559 5453 Q35,
1600 5387 1741 5440 unde
1778 5386 1892 5441 hlEC

315 5457 600 5522 desumpta
632 5466 760 5525 sunt
792 5456 1099 5521 legendum,
1131 5457 1429 5525 ὑποφῆται.

386 5525 496 5594 (69)
533 5527 609 5594 702
642 5522 760 5594 μὲν
784 5525 902 5579 ἀπὸ
938 5522 1424 5594 πρωφητείάξκαὶ
1456 5524 1564 5592 τῆς
1593 5527 1752 5592 θείας
1789 5543 1885 5578 κα.

316 5593 592 5666 τακωχῆς
621 5595 700 5659 ὡς
737 5595 811 5647 ἂν
835 5593 1223 5666 σοφοίίθίεεη
1249 5598 1298 5647 οἱ
1336 5595 1435 5666 μὲν
1477 5596 1752 5666 προφῆται
1793 5598 1890 5666 τῆς

317 5665 655 5748 προφητείας
684 5668 778 5748 καὶ
809 5668 908 5748 τῆς
951 5665 1101 5748 θείας
1126 5666 1360 5748 κατοχῆς
1395 5665 1469 5728 ὡς
1498 5665 1562 5748 ᾇν
1597 5666 1769 5748 σοφοί,
1797 5665 1888 5748 sed

320 5735 602 5801 iegendum
630 5754 641 5790 :
674 5736 722 5788 οἱ
775 5733 872 5806 μὲν
915 5735 1016 5806 πρὸ
1068 5733 1400 5806 προφητείας
1447 5737 1540 5789 καὶ
1586 5733 1686 5807 τῆς
1738 5733 1888 5800 θείας

2000 4515 2302 4575 libertatem
2376 4517 2428 4570 in
2510 4519 2966 4587 reprehendendis
3036 4519 3206 4589 699
3277 4520 3577 4588 peccatori-

1998 4605 2096 4658 bus
2157 4606 2379 4673 iapidati
2437 4617 2576 4671 sunt,
2641 4609 2769 4664 secti
2809 4619 2954 4673 siml,
2995 4613 3179 4664 lentati
3207 4620 3350 4674 sunt,
3401 4612 3456 4663 in
3497 4626 3577 4663 oe-

1999 4698 2194 4750 risione
2221 4697 2385 4760 gladii
2425 4700 2620 4754 mortui
2658 4708 2802 4751 sunt.
2841 4697 3171 4753 Circuierunt
3210 4701 3349 4752 enim
3381 4700 3435 4751 in
3467 4714 3576 4752 me-

1998 4787 2140 4852 lotis,
2175 4786 2228 4838 in
2258 4786 2482 4854 pellibus
2511 4789 2765 4854 caprinis,
2784 4796 3011 4856 egentes,
3040 4790 3349 4857 angustiati,
3375 4787 3572 4857 amicti,

2001 4880 2054 4932 in
2083 4878 2461 4936 solitudinibus
2487 4888 2744 4942 errantes,
2772 4880 2828 4932 in
2862 4879 3122 4933 orantibus
3149 4890 3195 4933 et
3235 4879 3494 4949 speluncis
3525 4886 3574 4930 et

2001 5110 2325 5179 κατακωχῆς
2362 5108 2465 5172 (vel
2499 5107 2753 5178 κατοχῆς)
2793 5103 2933 5179 ἦσαν
2970 5107 3142 5176 σοφοί,
3171 5115 3232 5160 ut
3270 5115 3414 5160 recte
3459 5121 3573 5161 mo-

2003 5183 2119 5231 nuit
2157 5179 2487 5232 Bob-ercllus.

2071 5248 2183 5318 (70)
2225 5247 2564 5302 ilwschelius
2590 5249 2642 5301 in
2677 5255 2850 5311 textu,
2877 5248 3010 5318 ἐρεῖ.

2071 5312 2182 5389 (71)
2223 5318 2500 5371 ΙΙωερΙιοΙ.
2541 5318 2882 5389 ειηδρθιιςει·
2908 5312 2976 5368 ἰη
3024 5312 3290 5389 margine,
3337 5313 3570 5389 ἐπειρῴ-

1999 5384 2190 5456 θησαν,
2225 5389 2386 5456 quod,
2420 5389 2519 5440 etsi
2562 5387 2714 5440 nihili
2752 5387 2988 5447 videtur,
3015 5384 3241 5456 illlil'llllt
3281 5384 3476 5456 tatnen
3511 5385 3566 5437 in

2000 5452 2258 5519 modum;
2291 5457 2464 5524 inquit
2514 5456 2850 5515 Boherellus,
2895 5455 3182 5524 conﬁrmat
3228 5452 3566 5520 ingeniosam

1997 5527 2311 5594 Tanaquilli
2357 5522 2517 5580 Fabri
2565 5524 2932 5589 conjecturam
2970 5522 3195 5594 legentis
3225 5527 3386 5594 epist.
3438 5524 3563 5578 erit.

1998 5597 2083 5656 14.
2119 5590 2311 5666 lib.lt,
2357 5593 2839 5666 smptbonaav,_itl
2871 5600 2955 5666 est
3002 5590 3390 5666 mutilationem
3410 5597 3577 5666 passi

1994 5677 2138 5790 aunt.
2213 5665 2398 5735 Neque
2451 5660 2626 5721 'etiam
2697 5662 2856 5715 aliter
2930 5660 3213 5730 legendum
3285 5662 3570 5724 videbatur

2045 5747 2205 5790 υιοιο.
3132 5745 3145 5754 “

2045 5747 2205 5792 uicto.
3132 5745 3145 5754 “
