3972 6160
402 210 536 269 1451
1841 209 2162 265 οῐιιυΕΝις
3497 212 3643 267 1452

402 333 457 383 in
484 332 717 385 cavernis
740 343 910 397 term,
950 334 1137 403 quibus
1186 336 1375 404 dignus
1398 350 1502 386 non
1546 341 1657 388 erat
1686 332 1770 385 hic
1807 347 1960 384 mun-

2068 330 2466 399 κουχούμενοι,
2497 330 2566 382 ἐν
2594 330 2858 399 ἐρημίαις
2891 330 3284 399 πλανώμενοι,
3316 327 3413 381 καὶ
3446 328 3636 398 ὄρεσι,

400 421 500 476 dus
531 421 609 488 ⁸¹;
642 422 835 476 intenti
871 438 1084 492 semper
1108 424 1158 475 in
1198 424 1363 476 Deum
1406 422 1608 491 Deique
1651 421 1961 484 invisibilia,

2074 420 2161 472 καί
2193 421 2515 487 σπηλαίοις
2541 422 2636 473 καὶ
2660 420 2785 486 ταῖς
2821 420 2994 485 ὀπαῖς
3022 419 3131 487 τῆς
3158 419 3288 489 γῆς,
3313 412 3400 472 ὧν
3422 422 3530 473 οὐκ
3556 419 3642 487 ἦν

401 526 539 581 quae,
573 527 695 567 cum
727 510 972 567 sensibus
992 526 1099 566 non
1134 512 1437 579 videantur,
1474 513 1803 582 sempiterna
1842 525 1965 565 esse

2070 510 2230 577 ἄξιος
2254 511 2395 565 deni
2426 511 2536 582 γῆς
2562 513 2788 580 κόσμος
2806 529 2817 541 ·
2852 512 2939 565 ἀεὶ
2966 510 3254 581 ἐνορῶντες
3282 508 3359 579 τῷ
3388 509 3506 578 Θεῷ
3538 510 3638 562 καὶ

400 614 623 656 necesse
647 608 729 655 est
750 601 818 653 ⁸³.
848 598 1194 668 Singulorum
1224 601 1609 671 praphetarum
1639 600 1745 654 vita
1770 601 1965 657 litteris

2069 604 2176 665 τοῖς
2196 602 2443 672 ἀοράτοις
2463 603 2554 655 τοῦ
2574 602 2728 666 Θεοῦ,
2746 604 2840 654 καὶ
2867 603 2939 672 μὴ
2960 600 3309 671 βλεπομένοις
3340 597 3637 669 αἰσθητῶς,

400 691 657 745 mandata
685 699 769 745 est
789 708 805 758 ;
828 690 921 746 sed
953 692 1084 746 satis
1120 701 1203 745 est
1225 692 1279 745 in
1311 693 1597 761 praesentia
1633 692 1966 762 perpendere

2072 695 2157 747 καὶ
2186 694 2274 747 διὰ
2302 693 2459 746 τοῦτο
2486 688 2637 745 οὖσιν
2670 693 2926 755 αἰωνίοις.
2967 692 3024 744 '0
3047 691 3103 745 δὲ
3136 690 3248 761 βίος
3276 690 3502 746 ἑκάστου
3527 690 3640 743 τῶν

401 780 577 848 qualis
603 780 711 832 vita
742 778 909 832 fuerit
944 778 1162 850 Moysis,
1200 779 1362 851 {cujus
1393 780 1446 834 in
1498 780 1617 851 lege
1656 781 1965 850 proplietias

2071 785 2360 855 προφητῶν
2390 783 2829 854 άναγέγραπται’
2862 784 3021 853 ἀρκεῖ
3049 781 3104 835 δὲ
3132 782 3225 833 ἐπὶ
3253 779 3345 834 τοῦ
3373 781 3639 852 παρόντος

400 868 697 932 habemus;
729 868 902 937 qualis
929 870 1035 922 vita
1069 868 1340 936 Ieremia},
1363 886 1524 941 quam
1554 872 1965 940 propltetiarum

2069 875 2409 946 παραθέσθαι
2444 876 2533 929 τὸν
2574 873 2852 936 Μωῦσέως
2887 873 3030 942 βίον·
3068 872 3161 925 καὶ
3203 872 3311 944 γὰρ
3343 872 3503 925 αὑτοῦ
3538 872 3637 941 φέ-

398 956 514 1025 ejus
544 958 766 1012 nomine
794 968 954 1013 notus
982 958 1117 1013 liber
1150 968 1545 1029 repraesentat;
1586 961 1758 1030 qualis
1794 961 1962 1028 Isaiae,

2072 984 2251 1037 ρονται
2275 968 2624 1038 προφητεῖαι,
2648 963 3132 1035 ἀναγεγραμμέναι
3158 964 3214 1016 ἐν
3237 964 3313 1035 τῷ
3336 963 3484 1033 νόμῳ
3504 981 3515 993 δ
3546 966 3640 1017 καὶ

400 1049 489 1118 qui
516 1049 761 1103 inaudita
807 1050 1131 1105 austeritate
1176 1061 1285 1106 tres
1332 1067 1505 1107 annos
1555 1056 1731 1107 nudus
1773 1062 1827 1107 et
1855 1052 1966 1107 dis-

2070 1058 2154 1109 τὺν
2187 1056 2470 1127 Ἱερεμίου,
2504 1053 2798 1125 φερόμενον
2828 1055 2885 1105 ἐν
2918 1056 2981 1124 τῇ
3015 1052 3287 1123 ὁμωνύμῳ
3313 1052 3477 1106 αὐτοῦ
3504 1070 3638 1124 προσ

400 1139 673 1192 calceatus
704 1137 1001 1192 ambulavit
1037 1138 1106 1193 ⁸⁵.
1151 1140 1449 1197 Puerorum
1497 1142 1683 1207 etiam,
1724 1142 1965 1198 Danielis

2074 1150 2296 1219 φητείαο
2342 1148 2435 1200 καὶ
2478 1147 2568 1200 τὸν
2623 1147 2861 1210 Ἡσαΐου,
2907 1146 2964 1209 ὃς
3012 1144 3277 1216 ἐπορεύθη
3312 1144 3642 1213 ὑπερτείνων

398 1226 652 1282 videlicet
694 1228 919 1298 ejusque
976 1230 1250 1285 sociorum
1298 1232 1380 1295 ⁸⁸.
1445 1232 1610 1287 vitam
1681 1234 1964 1287 considera

2067 1242 2245 1292 πᾶσαν
2271 1238 2500 1308 ἄσκησιν
2525 1238 2635 1308 (72)
2664 1237 2865 1306 γυμνὸς
2895 1237 2986 1288 κα)¹
3010 1236 3331 1299 ἁνυπόδετος
3359 1235 3502 1288 ἔτεσι
3533 1253 3619 1307 τρι

399 1336 561 1387 quam
593 1328 811 1375 austera
851 1319 1035 1387 fuerit,
1067 1324 1160 1393 qui
1201 1325 1269 1379 ab
1317 1325 1575 1380 animatis
1632 1325 1966 1381 abstinentes

2075 1328 2170 1378 σίν.
2210 1328 2311 1380 ’Ἰδε
2342 1326 2398 1378 δὲ
2433 1328 2527 1379 καὶ
2562 1326 2877 1396 παιδαρίων,
2912 1325 3005 1377 τοῦ
3038 1323 3233 1395 Δανιὴλ
3265 1325 3359 1378 καὶ
3398 1324 3503 1376 τῶν
3544 1325 3643 1378 σὺν

402 1426 544 1481 aqua
598 1422 652 1467 et
691 1412 1053 1483 leguminibus
1106 1420 1489 1474 vescebantur.
1540 1418 1597 1473 Si
1658 1419 1965 1488 antiquiora

2076 1418 2235 1488 αὐτῷ,
2268 1417 2359 1471 τὸν
2386 1417 2696 1489 ἐρρωμένον
2724 1416 2855 1486 βίον,
2894 1415 3158 1484 ἀναγνοὺς
3188 1414 3284 1485 τὴν
3321 1415 3644 1483 ὑδροποσίαν

401 1503 751 1558 considerare
783 1514 955 1574 potes,
1008 1508 1194 1564 evolve
1217 1509 1384 1565 vitam
1420 1510 1533 1566 Noe
1557 1511 1711 1581 cujus
1744 1512 1969 1581 prophe-

2075 1508 2265 1570 αὐτῶν,
2301 1508 2395 1561 καὶ
2423 1508 2503 1560 ὅτι
2538 1508 2571 1577 ή
2602 1506 2775 1578 τροφὴ
2805 1502 2870 1578 ἦν
2902 1506 3083 1568 αὐτοῖς
3106 1505 3351 1575 ὄσπριον,
3388 1502 3643 1575 ἐμψύχων

402 1595 489 1647 tiae
516 1606 666 1659 sunt;
702 1594 898 1662 lsaaci,
926 1601 1016 1666 qui
1070 1598 1179 1655 lilio
1223 1615 1327 1656 suo
1356 1602 1794 1657 benedictionem
1843 1617 1968 1669 pro-

2076 1600 2447 1673 ὰπεχομένοις.
2483 1600 2547 1653 Ei
2587 1599 2644 1653 δὲ
2677 1599 2918 1662 δύνασαι,
2957 1598 3049 1650 καὶ
3083 1597 3148 1650 τὰ
3184 1596 3287 1667 πρὸ
3323 1597 3525 1649 τούτων
3560 1596 3644 1649 θέ-

399 1684 615 1752 phetice
644 1658 960 1756 impertiit“;
977 1705 991 1755 ;
1010 1687 1196 1745 Jacobi
1223 1692 1316 1761 qui
1343 1692 1625 1750 duodecim
1650 1693 1774 1747 liliis
1795 1658 1963 1748 dixit:

2078 1710 2222 1756 ασαι,
2262 1692 2383 1745 Νῶε
2417 1690 2922 1763 προφητεύσαντοςο
2960 1689 3052 1741 καὶ
3082 1687 3172 1741 τοῦ
3217 1689 3401 1742 Ἰσαὰκ
3438 1689 3514 1759 τῷ
3548 1690 3646 1759 υἱῷ

412 1772 593 1828 Venite
613 1786 667 1828 ut
697 1780 1001 1834 annuntiem
1031 1783 1174 1836 vobis
1204 1798 1321 1852 qua:
1349 1782 1531 1851 futura
1555 1795 1675 1837 sunt
1707 1787 1759 1837 in
1786 1786 1966 1838 diebus

2077 1782 2436 1852 ἐπευξαμένου
2472 1780 2854 1853 προφητικῶς·
2892 1779 2986 1832 καὶ
3014 1779 3107 1831 τοῦ
3166 1779 3359 1832 Ἰακὼὸ
3397 1780 3645 1849 λέγοντος

400 1867 694 1922 novissimis
720 1868 785 1921 ⁸⁷.
814 1868 877 1922 lli
905 1870 1042 1924 sicut
1066 1881 1120 1925 et
1152 1872 1240 1926 alii
1278 1873 1571 1939 innumeri,
1604 1877 1693 1943 qui
1728 1877 1817 1930 Dei
1854 1878 1968 1932 fue-

2078 1876 2288 1944 ἑκάστῳ
2311 1874 2418 1928 τῶν
2447 1873 2670 1926 δώδεκα·
2706 1872 2900 1936 Δεῦτε,
2937 1874 3036 1925 ἵνα
3062 1872 3391 1939 ἁναγγείλω
3418 1870 3559 1938 ὑμῖν
3590 1871 3646 1921 τί

401 1959 846 2026 ηιιιιριοριιθιω,
880 1962 1245 2029 przcdixerunt
1297 1966 1461 2017 etiam
1503 1979 1623 2033 qua:
1678 1966 1746 2019 ad
1785 1965 1966 2021 Jesum

2078 1966 2243 2017 ἔσται
2274 1964 2365 2015 ἐπ’
2394 1962 2666 2033 ἐσχάτων
2703 1960 2821 2015 τῶν
2851 1960 3103 2030 ἡμερῶν.
3142 1953 3299 2013 Οὗτοι
3325 1958 3387 2029 δὴ
3423 1959 3517 2011 καὶ
3552 1958 3646 2011 ἅλ-

402 2048 757 2116 pertinerent.
786 2052 1050 2114 Quocirca
1094 2054 1248 2108 nihili
1300 2054 1531 2110 facimus
1588 2055 1820 2122 Pythiae,
1868 2059 1969 2112 Do-

2080 2055 2153 2108 λοι
2206 2055 2405 2125 μυρίοι,
2460 2053 2935 2125 προφητεύσαντες
2985 2051 3060 2121 τῷ
3103 2050 3237 2119 Θεῷ,
3287 2048 3479 2102 καὶτὰ
3520 2047 3648 2117 περὶ

403 2138 682 2205 donidum,
739 2141 926 2205 Clarii,
993 2141 1446 2209 Branchidarum,
1497 2144 1777 2200 Ammonis
1836 2148 1970 2202 alio-

2090 2146 2259 2213 Ἰησοῦ
2294 2145 2386 2198 τοῦ
2434 2142 2668 2214 Χριστοῦ
2700 2146 2974 2213 προεῖπον.
3011 2141 3210 2210 Διόπερ
3245 2142 3300 2191 ἐν
3332 2138 3507 2191 οὐδενὶ
3549 2138 3646 2208 μὲν

404 2242 631 2297 rumque
670 2241 1047 2285 sexcentornm
1097 2232 1188 2301 qui
1240 2243 1392 2288 vates
1443 2234 1613 2289 habiti
1652 2246 1797 2301 sunt,
1832 2252 1969 2306 prae-

2078 2236 2330 2306 τιΟέμεθα
2362 2235 2501 2304 λόγῳ
2544 2234 2610 2285 τὰ
2651 2233 2755 2285 ὑπὸ
2783 2233 2883 2303 τῆς
2918 2232 3138 2296 Πυθίας,
3173 2231 3206 2298 ἢ
3239 2229 3579 2294 Δωδωνίδων,
3613 2228 3646 2300 ἢ

404 2318 691 2376 dictiones.
725 2318 854 2376 Ideo
879 2332 1057 2377 autem
1095 2336 1215 2392 quae
1264 2324 1318 2378 in
1364 2322 1550 2379 Judaea
1608 2330 1967 2393 praenuntiata

2081 2327 2335 2397 Κλαρίου,
2366 2325 2397 2394 ἢ
2425 2327 2481 2377 ἐν
2502 2323 2844 2396 Βραγχίδαις,
2872 2323 2904 2393 ἢ
2929 2326 2986 2376 ἐν
3021 2324 3333 2393 Ἄμμωνος,
3360 2319 3393 2391 ἢ
3420 2320 3524 2372 ὑπὸ
3550 2337 3649 2389 μυ-

402 2417 532 2462 sunt
559 2409 911 2476 admiramur,
955 2414 1079 2484 quia
1122 2414 1367 2470 videmus
1417 2416 1633 2471 illorum
1692 2420 1967 2475 hominum

2080 2419 2207 2488 ρίων
2241 2417 2411 2470 ἄλλων
2444 2415 2752 2486 λεγομένων
2785 2414 3101 2485 θεοπρόπιον
3146 2412 3545 2484 προειρηι.ιένοι⁸
3583 2412 3648 2466 τά

401 2514 672 2566 severam,
691 2512 1053 2572 constantem,
1075 2506 1356 2563 honestam
1384 2507 1544 2562 vitam
1564 2508 1734 2564 fuisse
1755 2512 1968 2581 dignam

2078 2510 2118 2562 δ’
2147 2510 2250 2562 ὑπὸ
2282 2507 2387 2561 τῶν
2415 2508 2524 2578 (75)
2552 2510 2608 2559 ἐν
2646 2506 2872 2577 Ἰουδαίᾳ
2900 2504 3387 2575 προφητευσάντων
3410 2503 3646 2575 τεθήπα-

404 2589 587 2645 divino
646 2590 887 2659 Spiritu,
928 2596 1022 2664 qui
1073 2596 1334 2664 singulari
1393 2599 1603 2653 ratione
1654 2616 1754 2656 nec
1792 2603 1969 2657 simile

2080 2620 2197 2673 μεν,
2232 2602 2486 2673 ὁρῶντες,
2528 2602 2607 2654 ὅτι
2641 2600 2787 2667 ἄξιος
2819 2594 2887 2670 ἦν
2928 2597 3104 2650 αὐτῶν
3138 2599 3163 2650 ὁ
3195 2597 3525 2668 ἐρρωμένος,
3554 2598 3644 2649 καὶ

403 2680 699 2751 quidquam
730 2682 963 2739 habente
988 2684 1375 2743 dmmoniorum
1401 2690 1862 2759 praedictionibus,
1881 2708 1969 2749 res

2077 2693 2309 2758 εὔτονος,
2362 2695 2456 2746 καὶ
2505 2692 2699 2763 σεμνὸς
2751 2691 2880 2761 βίος,
2925 2689 3236 2760 Πνεύματος
3281 2689 3426 2741 θείου
3462 2688 3645 2761 τρόπῳ

402 2773 613 2829 futuras
642 2775 1043 2845 prwsignilicat.

2078 2785 2509 2856 προφητεύοντος
2549 2783 2659 2853 (74)
2706 2781 2893 2852 καινῷ,
2929 2781 3024 2835 καὶ
3069 2779 3219 2832 οὐδὲν
3264 2779 3437 2849 ἔχοντι
3471 2796 3646 2848 παραυ

2078 2877 2301 2948 πλήσιον
2331 2879 2447 2938 ταῖς
2468 2875 2573 2929 ἀπὸ
2594 2873 2859 2943 δαιμόνων
2892 2872 3191 2944 μαντείαις.

473 2955 528 3055 δ.
580 2954 775 3059 Nescio
828 2967 1007 3013 autem
1068 2963 1339 3029 quomodo
1400 2962 1621 3029 Celsus,
1684 2976 1966 3034 postquam
1998 3002 2040 3059 ε

2147 2969 2260 3022 Οὐκ
2282 2964 2398 3021 οἶδα
2423 2967 2465 3020 δ’
2497 2968 2641 3027 ὅπως
2679 2966 2705 3017 ὁ
2728 2964 2955 3030 Κέλσος,
2991 2962 3182 3028 εἰπὼν,
3217 2962 3291 3016 Τὰ
3312 2962 3361 3015 δ’
3389 2959 3503 3017 ὑπὸ
3526 2959 3644 3013 τῶν

402 3044 540 3099 dixit
570 3062 584 3099 :
612 3045 743 3111 Qua:
777 3064 893 3102 vero
930 3051 988 3103 in
1028 3049 1222 3107 Judwa
1260 3070 1407 3108 more
1436 3057 1608 3124 gentis
1641 3056 1784 3111 dicta
1822 3066 1967 3123 sunt,

2075 3061 2141 3112 ἐν
2181 3059 2436 3125 Ἰουδαίᾳ
2464 3057 2543 3123 τῷ
2583 3057 2827 3110 ἐκείνων
2860 3057 3056 3123 τρόπῳ
3088 3054 3400 3125 λεχθέντα,
3446 3052 3643 3126 προσέ-

403 3136 629 3204 addidit,
654 3149 744 3193 aut
774 3155 877 3193 non
903 3142 1082 3207 dicta;
1101 3145 1189 3198 ubi
1216 3152 1469 3215 tanquam
1496 3146 1819 3203 incredulus
1840 3148 1971 3202 dicit

2076 3150 2258 3222 θηκεν,
2301 3148 2339 3217 ἢ
2375 3148 2461 3218 μὴ
2505 3147 2829 3216 λεχθέντα·
2866 3147 2941 3209 ὡς
2977 3146 3202 3210 ἄπιστος
3236 3146 3458 3215 φάσκων
3487 3144 3644 3198 δύνα-

406 3226 525 3281 ﬁeri
547 3230 784 3299 potuisse
803 3240 859 3284 ut
881 3232 995 3286 haec
1016 3248 1120 3288 non
1148 3233 1289 3289 dicta
1313 3237 1442 3298 sint,
1460 3235 1554 3289 sed
1580 3236 1797 3305 scriptis
1824 3253 1971 3292 man-

2080 3243 2197 3296 σθαι
2218 3242 2311 3295 καὶ
2344 3240 2419 3311 μὴ
2449 3239 2695 3310 λελέχθαι
2720 3237 2888 3291 αὐτά·
2919 3238 3033 3290 ἀλλ’
3064 3235 3478 3308 ἀναγεγράφθαι
3509 3234 3648 3304 τάχα

405 3318 534 3373 data
563 3319 673 3374 sint
695 3335 816 3390 qua:
841 3320 988 3377 dicta
1020 3336 1128 3377 non
1166 3323 1395 3379 iuerint.
1429 3323 1697 3380 Nimirum
1744 3327 1969 3382 rationis

2081 3333 2140 3387 τά
2173 3333 2247 3404 μὴ
2283 3331 2564 3402 λεχθέντα.
2597 3330 2671 3384 Ού
2701 3328 2808 3401 γάρ
2844 3324 2951 3382 οἶδε
2995 3329 3119 3392 τοὺς
3153 3329 3397 3399 χρόνους,
3427 3327 3534 3380 οὐδ’
3568 3326 3649 3379 ὅτι

406 3418 713 3480 temporum
766 3413 994 3483 ignarus
1056 3413 1283 3469 nescivit
1344 3415 1637 3485 prophetas
1696 3417 1817 3472 illos
1875 3418 1968 3487 qui

2085 3423 2180 3494 πρὸ
2207 3422 2415 3475 πολλῶν
2446 3419 2580 3475 ἐτῶν
2609 3419 2777 3493 μυρία
2804 3420 3156 3490 προειπόντες
3184 3417 3367 3486 ἔλεγον
3396 3416 3488 3470 καὶ
3522 3415 3653 3488 περὶ

403 3500 608 3558 Christi
638 3503 929 3559 adventum
961 3505 1351 3573 prmdixerunt,
1382 3507 1665 3561 innumera
1698 3507 1803 3561 alia
1837 3509 1971 3562 mul-

2085 3515 2169 3585 τῆς
2202 3513 2436 3584 Χριστοῦ
2465 3512 2774 3582 ἐπιδημίας.
2812 3510 2981 3562 Πάλιν
3012 3527 3069 3561 τε
3101 3504 3189 3574 αὖ,
3225 3510 3350 3571 τοὺς
3387 3508 3653 3580 ἀρχαίους

407 3595 475 3648 tis
500 3603 789 3664 antequam
808 3598 1088 3652 evenirent
1119 3598 1276 3653 annis
1306 3600 1724 3669 prtentmtiasse.
1758 3600 1969 3657 Rursus

2083 3606 2355 3675 προφήτας
2386 3603 2655 3656 διαϐαλεῖν
2677 3601 2891 3665 ἐθέλων,
2939 3600 3133 3668 φησὶν,
3166 3598 3386 3664 αὐτοὺς
3430 3610 3651 3667 προπε-

405 3693 619 3741 veteres
641 3688 931 3756 prophetas
960 3688 1284 3744 calumniari
1322 3689 1511 3746 volens
1528 3691 1625 3755 ait,
1650 3691 1831 3746 eodeni
1853 3692 1970 3747 illos

2078 3695 2433 3763 μητευκέναι
2453 3693 2560 3747 τὸν
2581 3693 2800 3759 τρόπον
2824 3690 3057 3753 τοῦτον,
3084 3688 3155 3742 ὃν
3175 3686 3437 3753 εἰώθασι,
3464 3690 3646 3759 φησὶν,

404 3774 559 3827 modo
613 3776 922 3844 pradixisse
972 3793 1074 3846 quo
1116 3778 1283 3833 solent
1338 3780 1497 3834 etiam
1528 3797 1668 3835 nunc
1698 3779 1970 3837 Phoenices

2080 3785 2161 3837 ἔτι
2188 3784 2303 3837 νῦν
2332 3787 2386 3835 οἱ
2412 3780 2544 3848 περὶ
2570 3779 2852 3846 Φοινίκην
2882 3794 2944 3830 τε
2973 3777 3071 3830 καί
3090 3778 3534 3845 Παλαιστίνηνν
3573 3778 3648 3850 μὴ

404 3873 453 3916 ει
486 3862 781 3921 Palwstini.
818 3868 925 3925 Sed
950 3884 1057 3925 non
1093 3869 1296 3925 indicat
1325 3880 1505 3926 utrum
1546 3873 1612 3927 de
1643 3872 1970 3943 quibusdam

2076 3874 2317 3944 δηλώσας
2353 3873 2576 3943 πότερον
2616 3868 2927 3937 ἀλλοτρίους
2970 3869 3121 3937 λέγει
3166 3868 3317 3932 τινας
3362 3868 3454 3922 τοῦ
3514 3870 3644 3923 Ἰου-

406 3955 661 4024 loquatur
710 3959 799 4027 qui
843 3973 871 4012 a
930 3958 1240 4016 Judaeorum
1275 3961 1825 4033 Christianorumque
1872 3964 1968 4019 do-

2078 3966 2235 4018 δαίων
2267 3956 2425 4033 λόγού
2463 3965 2556 4017 καὶ
2596 3963 2957 4034 Χριστιανῶν,
2998 3962 3032 4032 ἢ
3066 3962 3160 4015 καὶ
3192 3960 3333 4015 κατὰ
3360 3960 3450 4013 τὸν
3479 3978 3646 4032 χαρα-

405 4045 578 4099 ctrina
604 4047 765 4103 alieni
792 4059 935 4118 sunt,
970 4066 1038 4106 an
1078 4052 1147 4107 de
1175 4054 1263 4119 iis,
1294 4068 1521 4123 quorum
1542 4054 1841 4125 pr0phetia:
1880 4069 1971 4111 eo-

2074 4060 2252 4131 κτῆρα
2310 4058 2418 4111 τῶν
2472 4056 2765 4129 προφητῶν
2835 4056 3140 4119 Ἰουδαϊκῶς
3192 4054 3641 4125 προφητεύοντας.

405 4135 529 4190 dem
569 4144 736 4205 atque
764 4136 1119 4195 Judaicorum
1154 4143 1541 4211 prophetarum
1565 4144 1811 4211 oracula,
1839 4145 1971 4199 cha-

2079 4151 2263 4213 Ὅπως
2292 4149 2335 4202 δ’
2363 4150 2429 4203 ἂν
2465 4148 2563 4221 ἔχῃ
2586 4149 2621 4204 ἃ
2648 4148 2814 4217 λέγει,
2846 4148 3123 4217 ἐλέγχεται
3164 4144 3488 4215 ἐψευσμένα.
3512 4143 3647 4197 Οῠτε

404 4238 619 4282 ractere
642 4228 1021 4300 insigniantur.
1054 4231 1161 4288 Sed
1194 4244 1471 4305 utcunque
1512 4249 1573 4290 se
1628 4235 1830 4291 habent
1852 4251 1971 4305 quae

2079 4243 2181 4313 γάρ
2215 4259 2355 4305 τινες
2392 4241 2498 4294 τῶν
2537 4242 2636 4310 τῆς
2674 4240 2909 4303 πίστεως
2942 4239 3234 4310 ἀλλοτρίων
3273 4236 3647 4307 παραπλήσιόν

404 4316 554 4384 dicit,
614 4322 878 4377 mendacii
930 4324 1351 4395 redarguuntur.
1398 4325 1508 4381 Nec
1558 4327 1707 4383 enim
1755 4327 1972 4395 quidam

2081 4352 2130 4386 τι
2160 4337 2273 4397 τοῖς
2317 4333 2619 4404 προφήταις
2651 4333 3032 4402 πεποιήκασιν,
3083 4330 3204 4383 οὔτε
3254 4328 3505 4399 νεώτεροι
3555 4328 3649 4382 καὶ

406 4408 571 4469 alieni
596 4426 625 4465 a
660 4411 768 4467 ﬁde
798 4416 977 4471 simile
1011 4418 1290 4486 quidpiam
1346 4418 1597 4474 fecerunt
1651 4418 1931 4490 prophetis
1956 4459 1973 4486 ,

2085 4423 2222 4492 μετὰ
2247 4422 2344 4490 τὴν
2385 4420 2557 4492 Ἰησοῦ
2597 4418 2888 4490 ἐπιδημίαν
2934 4420 3241 4491 ἱστόρηνται
3282 4419 3338 4471 ἐν
3380 4415 3648 4479 Ἰουδαίοις

403 4516 503 4557 nec
539 4502 628 4557 ulli
659 4509 939 4575 propheta:
975 4510 1137 4579 700
1162 4511 1301 4565 inter
1331 4509 1544 4567 Judaaos
1602 4522 1971 4567 memorantur

2080 4514 2221 4575 τινές
2244 4511 2739 4583 προφητεύσαντες.
2772 4510 2845 4561 Τὸ
2875 4510 2980 4580 γὰρ
3012 4509 3162 4577 ἅγιον
3195 4507 3417 4579 Πνεῦμα
3440 4508 3648 4578 ὡμολό-

402 4593 634 4647 adventu
661 4591 786 4649 Jesu
806 4598 1155 4653 recentiores.
1179 4599 1565 4655 Constatenim
1600 4600 1740 4667 illos,
1770 4616 1837 4656 ex
1863 4615 1970 4671 quo

2083 4618 2243 4671 γηται
2276 4601 2516 4663 ἐκείνους
2547 4600 3011 4665 καταλελοιπέναι,
3048 4599 3419 4671 ἀσεϐήσαντας
3450 4600 3530 4662 είς
3559 4600 3647 4651 τὸν

405 4682 460 4735 in
496 4685 659 4737 Deum
690 4696 746 4739 et
785 4702 905 4743 eum
938 4690 1029 4757 qui
1077 4692 1147 4745 ab
1188 4692 1429 4761 ipsorum
1460 4692 1741 4763 prapbetis
1775 4693 1972 4762 praedi-

2081 4694 2231 4758 Θεὸν,
2264 4690 2354 4746 καὶ
2398 4692 2491 4747 τὸν
2537 4692 2979 4765 προφητευθέντα
3020 4692 3123 4745 ὑπὸ
3159 4692 3267 4745 τῶν
3306 4693 3437 4763 παρ’
3470 4692 3649 4754 αὐτοῖς

407 4783 525 4824 ctus
575 4772 794 4841 fuerat,
871 4777 1038 4846 impie
1105 4789 1353 4848 egerunt,
1396 4782 1639 4836 desertos
1701 4796 1733 4835 a
1793 4780 1968 4848 Spiri-

2083 4782 2399 4855 προφητῶν.
2432 4785 2639 4854 Σημεῖα
2669 4784 2725 4837 δὲ
2757 4783 2847 4837 τοῦ
2881 4784 3038 4851 ἁγίου
3067 4782 3381 4854 Πνεύματος
3411 4783 3529 4835 κατ’
3554 4783 3650 4854 ἁρ-

407 4872 465 4916 tu
526 4873 715 4918 sancto
766 4864 951 4921 fuisse.
1015 4868 1180 4938 Signa
1232 4881 1412 4926 autem
1490 4870 1728 4940 Spiritus
1798 4873 1971 4925 sancti

2083 4874 2181 4944 χὰς
2210 4873 2309 4943 μὲν
2338 4873 2439 4943 τῆς
2483 4872 2659 4941 Ἰησοῦ
2691 4871 3056 4936 διδασκαλίας,
3088 4871 3225 4941 μετὰ
3247 4870 3302 4924 δὲ
3332 4870 3430 4941 τὴν
3456 4870 3651 4942 ἀνάλη-

407 4953 732 5008 exstiterunt
788 4960 888 5012 sub
912 4958 1123 5015 initium
1174 4963 1575 5031 praedicationis
1624 4963 1773 5031 Jesu,
1819 4962 1973 5033 plura

2078 4964 2170 5035 ψιν
2207 4963 2371 5016 αὑτοῦ
2405 4962 2622 5015 πλείονα
2662 4962 2949 5027 ἐδείκνυτο,
2995 4962 3217 5033 ὕστερον
3256 4962 3313 5015 δέ
3353 4962 3644 5016 ἐλάττονα*

409 5050 527 5106 post
549 5041 662 5108 ejus
690 5047 1137 5115 assumptionem,
1167 5060 1349 5118 postea
1377 5053 1659 5121 pauciOra.
1696 5052 1869 5124 Hujus
1893 5063 1973 5109 ta-

2080 5053 2218 5124 πλὴν
2250 5054 2345 5111 καὶ
2378 5052 2473 5107 νῦν
2504 5052 2582 5105 ἔτι
2607 5051 2724 5123 ἴχνη
2764 5052 2911 5106 ἐστὶν
2945 5053 3109 5107 αὐτοῦ
3142 5054 3270 5125 παρ’
3301 5052 3523 5122 ὀλίγοις,
3553 5053 3647 5116 τὰς

465 5161 512 5196 ⁸⁸
536 5161 697 5218 Hebr.
731 5182 809 5233 ιι,
838 5168 929 5233 57,
959 5169 1050 5224 38.
1145 5171 1191 5204 ⁸⁸
1216 5171 1257 5226 ll
1284 5172 1409 5228 Cor.
1433 5189 1507 5238 tv,
1541 5175 1627 5231 18.
1740 5177 1786 5209 ⁸⁸
1809 5175 1912 5233 lsa.
1939 5193 1971 5231 χ

406 5231 499 5287 27.
570 5234 616 5265 ⁸⁷
647 5236 778 5291 Gen.
815 5255 960 5304 mx,
992 5240 1042 5294 1.

2077 5179 2117 5233 5.
2198 5175 2243 5207 ⁸⁵
2271 5174 2406 5229 Dan.
2444 5190 2484 5240 ι,
2522 5174 2607 5228 16.
2684 5172 2729 5204 ⁸⁸
2763 5170 2897 5228 Gen.
2925 5187 3003 5240 rx,
3038 5172 3128 5241 25,
3158 5171 3249 5240 ‘26,
3272 5172 3363 5239 27,
3388 5180 3444 5228 et
3477 5186 3645 5237 xxvn,

478 5321 594 5410 με)
631 5325 796 5410 ῦνοάιι.
849 5328 1173 5410 Basileensis
1208 5329 1605 5410 et_Vatican_us,
1636 5333 1777 5404 ὑπέρ
1814 5351 1978 5389 τινων

2077 5334 2180 5388 τῶν
2211 5334 2280 5403 ζίιν
2336 5333 2594 5410 Ἰουδαίᾳ.-
2628 5328 3445 5410 προφητευσάντωιζΛλεχθέντω
3485 5327 3645 5410 τεθή-

407 5394 590 5519 ἓὲσῧν
653 5397 913 5468 ἄσκησιν,
982 5415 1104 5469 qua:
1161 5401 1320 5456 lectio
1389 5394 1613 5458 minime
1678 5394 1762 5458 est
1821 5419 1975 5474 Sper-

487 5480 515 5514 n
558 5480 608 5518 a.

2076 5395 2290 5486 παμεν,
2344 5413 2404 5459 ut
2458 5394 2863 5474 conjiceie'est
2926 5415 2992 5453 ex
3056 5399 3212 5455 initio
3238 5394 3499 5455 "numeri
3555 5394 3644 5454 se-

2079 5485 2319 5528 auenus.

458 5492 608 5611 :35).
643 5534 806 5613 bissl,
836 5538 904 5590 τὰ
950 5539 995 5591 δ’
1036 5539 1309 5613 ὑπὸ-τῶν.
1360 5539 1640 5613 Spencer.,
1680 5542 1748 5613 τὰ
1794 5543 1837 5613 δ’
1876 5542 1983 5595 άπὸ

2079 5492 2641 5607 ᾳυῗἹἻίδίιωεοΙιριὶυε
2673 5545 2724 5595 in
2763 5550 2929 5606 textu,
2962 5540 3453 5613 προφητεύσαντος,
3485 5548 3539 5594 et
3574 5539 3642 5603 ita

416 5606 542 5667 ςῶν,
582 5606 674 5660 sed
715 5607 903 5673 opinor
937 5624 1115 5663 veram
1148 5606 1432 5666 lectionem
1473 5612 1658 5680 fuisse,
1686 5612 1759 5665 τὰ
1794 5612 1837 5665 δ’
1880 5614 1984 5667 ὑπὸ
2081 5614 2250 5670 codex
2282 5615 2612 5685 Anglicanus
2641 5613 2869 5683 primus.
