3972 6160
357 291 494 349 M33

1523 289 1804 346 CONTRA
1828 289 2099 346 CELSUM
2137 289 2266 345 LlB.
2307 288 2414 343 νη.

3453 287 3588 345 1454

354 434 532 506 ψυχὰς
556 432 633 503 τῷ
654 433 796 502 λόγῳ
823 431 917 485 καὶ
937 433 1055 494 ταῖς
1077 432 1194 484 κατ’
1218 430 1379 485 αὐτὸν
1409 430 1636 501 πράξεσι
1659 432 1921 504 κεκαθαρ-

2031 425 2152 466 men
2182 409 2408 479 vestigia
2435 409 2728 464 etiamnum
2765 413 2890 462 sunt
2917 405 3058 476 apud
3093 393 3311 476 paucos,
3359 416 3586 472 quorum

358 526 557 594 μένοις.
620 525 824 593 Ἀγιον
876 522 986 591 γὰρ
1040 521 1282 590 Πνεῦμα
1329 521 1599 587 παιδείας
1647 524 1925 591 φεύξεται

353 615 558 679 δόλον,
608 615 707 669 καί
746 613 1237 679 ἀπαναστήσεται
1285 611 1402 666 ἀπὸ
1443 613 1747 684 λογισμῶν
1765 615 1942 669 ἀσυν-

357 703 526 760 ἐτων.

441 883 593 937 Ἐπεὶ
623 883 680 936 δὲ
714 883 810 937 καὶ
839 881 930 936 τὸν
949 883 1148 954 τρόπον
1169 881 1277 935 τῶν
1308 883 1365 935 ὲν
1381 881 1598 954 Φοινίκῃ
1616 883 1708 935 καὶ
1723 881 1925 935 Παλαι-

362 975 513 1046 στίνῃ
535 975 797 1045 μαντείων
819 973 1233 1042 ἐπαγγέλλεται,
1252 972 1478 1042 φράσειν
1505 973 1534 1023 ὁ
1560 970 1762 1033 Κέλσος
1788 970 1923 1041 (75),

357 1065 432 1128 ὡς
475 1063 709 1126 ἀκούσας
741 1063 836 1116 καὶ
873 1063 1013 1115 πάνυ
1045 1059 1404 1130 καταμαθών·
1442 1060 1592 1129 φέρε,
1635 1061 1728 1112 καὶ
1759 1059 1926 1112 ταῦτα

359 1153 798 1224 κατανοήσωμεν.
831 1151 1051 1223 Πρῶτον
1071 1151 1134 1222 δὴ
1159 1151 1304 1219 λέγει
1336 1149 1745 1218 πλείοναξετδη
1773 1146 1926 1203 εἶναι

359 1245 752 1315 προφητειῶν·
789 1245 864 1314 μὴ
898 1243 1243 1314 ἐκτιθέμενος
1271 1243 1426 1297 αὑτά.
1463 1244 1596 1297 Οὐδὲ
1619 1243 1728 1312 γὰρ
1758 1239 1922 1310 εἶχεν,

356 1337 491 1391 ἀλλὰ
535 1336 742 1407 ψευδῶς
782 1336 1154 1390 ἐναπετείνετο
1195 1335 1329 1404 (76).
1369 1338 1434 1388 "U
1473 1336 1531 1389 δέ
1582 1351 1744 1405 φησιν
1789 1329 1925 1386 εἶναι

356 1426 683 1478 τελεώτατον
707 1425 854 1497 παρὰ
877 1428 987 1488 τοῖς
1009 1425 1132 1496 τῇδε
1157 1424 1411 1495 ἀνδράσιν
1437 1425 1652 1494 ἴδωμεν.
1678 1421 1922 1486 Πολλοὶ,

357 1516 509 1586 φησὶ,
545 1513 642 1568 καί
671 1513 967 1583 ἀνώνυμοι
987 1514 1188 1582 ῥᾷστα
1225 1515 1294 1567 ἐκ
1319 1513 1427 1582 τῆς
1459 1513 1926 1582 προστυχούσης

355 1608 546 1671 αἰτίας
568 1605 664 1658 καὶ
681 1609 750 1661 ἐν
774 1606 953 1674 ἱεροῖς
976 1606 1074 1659 καὶ
1098 1605 1214 1669 ἐξω
1238 1603 1434 1672 ιερῶν·
1465 1609 1517 1659 ol
1541 1603 1628 1669 δὲ,
1650 1605 1745 1657 καὶ
1769 1605 1926 1672 ἀγεί-

350 1713 568 1765 ραντες
603 1699 702 1752 καὶ
749 1694 1165 1765 ἐπιφοιτῶντες
1207 1698 1485 1758 πόλεσιν,
1518 1696 1557 1763 ἢ
1595 1694 1919 1763 στρατοπέ-

355 1787 502 1854 δοις,
535 1790 839 1843 κινοῦνται
861 1786 1041 1855 δῆθεν
1062 1787 1143 1854 ὡς
1174 1787 1566 1852 θεσπίζοντες.
1602 1787 1924 1854 Πρόχειρον

354 1878 407 1930 δ’
461 1879 693 1945 ἑκάστῳ
745 1881 841 1932 καὶ
896 1880 1157 1944 σύνηθες
1213 1877 1427 1931 εἰπεῖν·
1500 1876 1644 1946 Ἐγὼ
1691 1879 1722 1930 ὁ
1780 1877 1923 1942 Θεός

355 1973 469 2037 ειμι
498 1970 630 2040 (77),
660 1970 697 2038 ἢ
722 1969 868 2023 Θεοῦ
901 1968 1060 2035 παῖς,
1092 1968 1128 2036 ἢ
1153 1969 1396 2037 Πνεῦμα
1424 1967 1603 2022 θεῖον.
1641 1969 1800 2022 ἽΙκω
1824 1965 1918 2019 δέ·

356 2059 472 2127 ἤδη
516 2061 624 2130 γὰρ
670 2063 703 2113 ὁ
745 2061 973 2129 κόσμος
1009 2060 1366 2122 ἀπόλλυται,
1399 2059 1493 2112 καὶ
1531 2058 1718 2128 ὑμεῖς,
1745 2053 1793 2113 ὦ
1817 2057 1923 2111 άν-

355 2156 590 2218 θρωποι,
621 2151 717 2204 διὰ
742 2151 846 2216 τὰς
871 2149 1108 2215 ἀδικίας
1144 2149 1404 2218 οἴχεσθε.
1453 2149 1599 2217 Ἐγὼ
1634 2149 1700 2201 δὲ
1729 2149 1923 2202 σῶσαι

355 2239 531 2292 θέλωσ
570 2240 669 2293 καὶ
709 2238 932 2308 ὄψεσθέ
955 2255 1030 2308 με
1057 2236 1229 2304 αὖθις
1269 2241 1396 2307 μετ’
1431 2240 1711 2306 οὐρανίου
1746 2238 1925 2292 δυνά-

263 2381 285 2397 ,
353 2345 506 2397 μεως
526 2329 866 2383 ἐπανιόντα.
897 2329 1200 2397 Μακάριος
1227 2331 1258 2382 ὀ
1285 2329 1401 2382 νῦν
1417 2345 1495 2398 με
1517 2331 1918 2396 θρησκεύσας·

353 2419 471 2485 τοῖς
506 2419 557 2472 δ’
597 2420 809 2486 ἄλλοις
851 2420 1038 2475 ἅπασι
1076 2420 1195 2486 πῦρ
1229 2419 1470 2473 αἰώνιον
1510 2420 1787 2483 ἐπιϐαλῶ,
1824 2421 1922 2473 καὶ

352 2510 602 2574 πόλεσι,
629 2509 725 2562 καὶ
776 2508 1009 2578 χώραις.
1042 2508 1149 2562 Καὶ
1198 2505 1526 2574 ἀνθρώποις
1559 2506 1692 2575 (78),
1743 2506 1799 2558 οἲ
1835 2505 1922 2575 μὴ

352 2601 456 2666 τὰς
489 2599 715 2654 ἑαυτῶν
746 2601 956 2665 ποινὰς
997 2600 1186 2662 ἴσασι,
1221 2597 1700 2667 μεταγνώσονται
1728 2597 1924 2666 μάτην

354 2691 451 2744 καὶ
476 2681 866 2755 στενάξουσι·
900 2689 1041 2754 τοὺς
1063 2689 1129 2742 δέ
1147 2707 1246 2758 μοι
1269 2687 1622 2753 πεισθέντας
1647 2689 1923 2755 αἰωνίους

353 2780 628 2848 φυλάξω·
679 2775 798 2834 εἶτα
847 2779 1053 2843 τούτοις
1107 2779 1234 2848 ἑξῆς
1281 2795 1445 2848 φησι’
1499 2777 1665 2831 Ταῦτ’
1705 2778 1925 2832 ἐπανα-

352 2870 680 2939 τεινάμενοι
728 2870 1158 2939 προστιθέασιν
1201 2867 1421 2938 ἐφεξῆς
1474 2867 1771 2936 ἄγνωστα,
1827 2868 1925 2920 καὶ

351 2961 702 3030 πάροιστρα,
739 2963 837 3016 καὶ
880 2962 1072 3029 πάντη
1121 2960 1335 3028 ἄδηλα,
1383 2955 1471 3014 ὧν
1509 2961 1576 3012 τὸ
1615 2960 1732 3030 μὲν
1779 2959 1923 3030 γνώ-

348 3069 532 3122 ρισμα
558 3054 666 3126 (79)
702 3054 899 3119 οὐδεὶς
930 3054 1006 3108 ἂν
1036 3055 1192 3122 ἔχων
1233 3051 1380 3104 νοῦν
1407 3051 1604 3119 εὑρεῖν
1645 3050 1886 3104 δύναιτο
1907 3068 1918 3081 ·

2029 499 2219 553 anima:
2246 499 2491 552 doctrina
2517 496 2823 552 Christiana
2859 493 3164 564 agendique
3207 495 3415 548 ratione
3462 493 3590 547 huic

2026 591 2284 646 doctrina:
2310 598 2676 644 consentanea
2710 595 2956 656 purgata:
2988 596 3134 640 sunt.
3177 586 3407 652 Spiritus
3452 584 3591 637 enim

2026 691 2237 734 sanctus
2268 679 2559 748 disciplina:
2591 678 2798 747 effugiet
2834 676 3032 744 licium,
3053 684 3101 730 et
3127 675 3328 744 auferet
3353 691 3406 728 se
3438 691 3472 728 α
3501 690 3591 728 co-

2024 769 2387 836 gitationibus,
2428 783 2546 837 qua:
2569 776 2686 821 sunt
2720 767 2829 819 sine
2851 765 3115 820 intellectu
3153 765 3219 818 ⁸⁸.

2097 859 2150 912 9.
2199 857 2464 924 Quoniam
2498 872 2625 912 vero
2657 857 2849 912 Celsus
2889 855 2954 909 de
2983 855 3142 909 modo
3171 869 3278 925 quo
3327 853 3380 908 in
3425 852 3591 910 Plite-

2028 947 2166 1003 nicia
2222 956 2278 1002 et
2309 947 2596 1002 Palaestina
2645 947 2898 1001 ValiCitiia
2930 949 3186 1012 eduntur,
3231 946 3502 1002 dicturum
3531 960 3592 1001 se

2027 1039 2294 1108 promittit
2335 1047 2586 1108 tanquam
2617 1041 2683 1094 de
2729 1053 2788 1092 re
2822 1047 3102 1108 perspecta
3149 1038 3254 1092 sibi
3305 1048 3466 1108 atque
3495 1050 3592 1092 ex-

2025 1131 2254 1200 plorata,
2281 1145 2397 1201 age,
2429 1131 2542 1185 haec
2573 1130 2732 1185 etiam
2765 1130 3201 1185 consideremus.
3245 1130 3326 1183 Ac
3353 1129 3590 1198 primum

2027 1222 2246 1292 quidem
2301 1223 2377 1276 ait
2451 1221 2709 1291 plurimas
2762 1237 2871 1275 esse
2918 1220 3312 1288 praplietiarum
3373 1221 3588 1286 species.

2027 1311 2284 1379 Quaenam
2333 1321 2513 1367 autem
2559 1313 2664 1367 illae
2713 1314 2846 1378 sint,
2879 1328 2984 1367 non
3023 1311 3280 1382 explicat,
3330 1326 3431 1366 nec
3458 1325 3592 1364 sane

2025 1411 2257 1470 poterat,
2297 1403 2392 1457 sed
2426 1401 2568 1457 falso
2615 1413 2927 1474 exaggerat.
2969 1401 3089 1456 Jam
3125 1402 3253 1472 quid
3281 1403 3379 1471 ipsi
3412 1400 3592 1470 perie-

2025 1493 2329 1548 ctissimum
2363 1495 2503 1562 apud
2540 1495 2659 1550 illos
2696 1495 2845 1550 viros
2875 1494 3141 1559 videatur,
3165 1493 3589 1548 consideremus.

2027 1582 2208 1648 Multi,
2240 1585 2434 1652 inquit,
2473 1586 2615 1654 iique
2658 1587 2768 1640 sine
2828 1585 3057 1647 nomine,
3105 1599 3412 1653 quacunque
3465 1584 3593 1637 data

2027 1675 2319 1739 occasione,
2351 1675 2406 1726 in
2446 1675 2648 1742 templis
2698 1683 2787 1726 aut
2837 1683 2986 1726 extra
3035 1671 3245 1739 templa,
3279 1672 3332 1722 id
3388 1669 3593 1738 faciunt

1956 1745 1998 1799 Β
2027 1765 2260 1817 maxima
2297 1764 2585 1832 facilitate;
2624 1764 2721 1816 alii
2747 1781 2801 1817 se
2831 1766 2884 1816 in
2919 1763 3068 1816 urbes
3110 1771 3159 1815 et
3219 1762 3474 1816 exercitus
3508 1763 3594 1814 in-

2023 1867 2229 1926 gerunt,
2261 1857 2454 1925 ibique,
2488 1865 2770 1910 convocata
2804 1855 3146 1908 multitudine
3169 1892 3184 1918 ,
3221 1863 3500 1921 erumpunt
3538 1854 3593 1906 in

2025 1957 2200 2018 gestus
2229 1952 2383 2017 quasi
2412 1947 2684 2015 fatidicos.
2724 1945 2959 2015 Singulis
2987 1953 3230 2014 prompta
3262 1948 3372 1999 lucc
3409 1953 3456 1998 et
3487 1946 3591 1998 usi-

2026 2048 2136 2092 tata
2159 2047 2278 2091 sunt
2308 2055 2325 2091 :
2357 2038 2469 2107 Ego
2504 2039 2639 2090 Deus
2669 2054 2808 2100 sunt,
2835 2047 2924 2088 aut
2964 2036 3058 2089 Dei
3093 2033 3292 2101 Filius,
3319 2048 3408 2090 aut
3453 2039 3592 2090 divi-

2027 2145 2123 2184 nus
2151 2127 2398 2196 Spiritus.
2428 2127 2611 2194 Venio,
2649 2130 2773 2192 quia
2795 2130 3018 2182 mundus
3040 2129 3152 2197 jam
3202 2129 3465 2197 periturus
3494 2139 3590 2182 est.

2026 2219 2094 2273 Et
2123 2237 2230 2286 vos,
2252 2238 2282 2274 ο
2305 2221 2560 2283 homines,
2592 2220 2812 2288 perituri
2849 2220 2972 2273 estis
3023 2230 3232 2288 propter
3273 2220 3592 2290 iniquitates.

2024 2311 2090 2364 At
2115 2327 2206 2380 ego
2229 2312 2342 2364 uolo
2380 2327 2465 2364 vos
2497 2312 2615 2378 fieri
2637 2309 2826 2372 salvos,
2853 2321 2899 2364 et
2922 2328 3008 2364 vos
3037 2327 3115 2364 me
3147 2327 3330 2364 rursus
3353 2310 3592 2363 videbitis

2024 2419 2139 2455 cum
2169 2403 2358 2457 cmlesti
2409 2412 2662 2472 potestate
2696 2405 3012 2456 redeuutem.
3070 2402 3267 2456 Beatus
3314 2403 3404 2472 qui
3455 2418 3591 2456 nunc

2025 2511 2104 2548 me
2136 2495 2255 2549 colit
2289 2512 2307 2548 :
2342 2495 2475 2548 alios
2511 2510 2688 2548 omnes
2722 2495 2773 2546 in
2811 2495 2976 2563 ignem
3017 2504 3274 2547 wtcrnum
3317 2493 3586 2562 injiciam,

2024 2586 2280 2656 simulque
2306 2585 2536 2654 regiones
2557 2597 2604 2638 et
2638 2585 2808 2638 urbes.
2838 2583 2939 2648 Qui
2964 2585 3195 2637 nesciunt
3221 2599 3337 2653 qua:
3366 2585 3463 2636 sibi
3488 2585 3592 2636 int-

2023 2680 2254 2732 mineant
2285 2693 2470 2744 pwnw,
2507 2677 2544 2729 ii
2567 2675 2768 2744 [rustra
2809 2675 3164 2744 paenitentiam
3197 2687 3346 2743 agent
3387 2684 3434 2728 et
3458 2674 3595 2743 inge-

2024 2771 2278 2832 miscent;
2314 2769 2401 2838 qui
2446 2783 2564 2821 vero
2609 2768 2739 2820 milii
2791 2766 2946 2834 ﬁdem
2982 2767 3281 2832 habuerint,
3336 2782 3426 2835 ego
3473 2765 3592 2820 illos

2025 2871 2277 2914 a'ternum
2307 2859 2539 2915 servabo.
2569 2857 2775 2924 Quibus
2799 2857 2948 2910 addit
2976 2877 2988 2911 :
3020 2855 3117 2910 llis
3155 2856 3446 2924 magniﬁcis
3472 2873 3594 2926 pro-

2025 2953 2197 3007 missis
2241 2951 2500 3020 adjiciunt
2549 2950 2748 3018 ignota,
2791 2948 3049 3016 fanatica,
3103 2963 3316 3015 prorsus
3367 2951 3594 3002 tenebri-

2023 3061 2168 3109 cosa,
2215 3060 2241 3096 e
2287 3043 2473 3113 quibus
2523 3058 2585 3094 ne
2631 3041 2840 3108 sapiens
2894 3039 3105 3109 quidem
3151 3055 3330 3093 eruere
3385 3056 3595 3093 sensum

352 3144 559 3214 ἀσαφῆ
599 3146 710 3213 γὰρ
768 3145 865 3198 καὶ
911 3144 977 3198 τὸ
1019 3143 1242 3213 μηδέν·
1287 3140 1520 3209 ἀνοήτῳ
1561 3142 1628 3194 δὲ
1677 3141 1712 3209 ἢ
1762 3142 1921 3211 γόητι

2029 3135 2210 3205 possit,
2239 3135 2367 3186 adeo
2401 3134 2622 3186 obscura
2671 3141 2790 3184 sunt
2842 3140 2890 3184 et
2939 3129 3138 3184 nullius
3183 3131 3474 3183 sententiae.
3527 3130 3594 3183 At

354 3234 531 3286 παντὶ
565 3235 697 3302 περὶ
739 3236 963 3300 παντὸς
994 3234 1271 3303 ἀφορμὴν
1298 3231 1611 3286 ἐνδίδωσιν
1643 3231 1759 3300 ὅπη
1779 3231 1927 3296 ,ϐοὐ-

355 3325 521 3376 λεται
551 3322 618 3375 τὸ
647 3323 867 3391 λεχθὲν
893 3322 1351 3391 σφετερίζεσθαι.

438 3413 635 3484 Ἐχρῆν
661 3412 912 3476 δὲαύτδν,
935 3413 1090 3483 εἴπερ
1119 3413 1597 3482 εὐγνωμόνειπρὸς
1625 3411 1724 3480 τὴν
1755 3429 1928 3481 κατη-

356 3505 575 3577 γορίαν,
621 3502 875 3558 ἐκθέσθαι
925 3505 1114 3567 αὐταῖς
1161 3503 1340 3568 λέξεσι
1401 3504 1496 3567 τὰς
1559 3506 1923 3574 προφητείας·

355 3597 452 3651 εἴτ’
487 3599 544 3650 ἐν
578 3591 664 3661 αἶς
681 3597 812 3660 Θεὸς
837 3595 1226 3666 παντοκράτωρ
1250 3593 1613 3663 ἐπηγγέλλετο
1629 3587 1763 3645 εἶναι
1793 3596 1820 3646 ὁ
1844 3593 1929 3646 λέ-

355 3705 487 3756 γων,
523 3687 620 3741 εἴτ’
649 3690 705 3740 ἐν
731 3681 819 3748 αἷς
849 3689 878 3739 ὁ
905 3687 1033 3749 Υἱὸς
1057 3684 1149 3738 τοῦ
1188 3684 1345 3747 Θεοῦ,
1381 3683 1492 3736 εἴτε
1526 3684 1621 3736 καὶ
1654 3686 1711 3736 ἐν
1745 3678 1832 3747 αἶς
1868 3685 1929 3736 τὸ

356 3775 581 3847 Πνεῦμα
613 3777 672 3829 τὸ
701 3776 854 3844 ἅγιον
885 3775 1042 3844 λέγον
1072 3773 1180 3846 (80)
1221 3770 1360 3827 εἶναι
1393 3773 1726 3826 ἐπιστεύετο.
1775 3772 1930 3825 Οὕτω

355 3869 461 3940 γὰρ
492 3869 792 3938 ἠγωνίασεν
829 3867 1200 3922 άνασκευάσαι
1229 3865 1297 3919 τὰ
1327 3863 1612 3936 εἰρημένα,
1640 3865 1731 3917 καὶ
1761 3863 1929 3929 δεῖξαι

354 3961 435 4012 ὅτι
471 3960 568 4012 οὐκ
591 3959 761 4013 ἔνθεοι
795 3955 934 4030 ἦσαν
962 3961 1011 4012 οἱ
1034 3959 1202 4028 λόγοι,
1231 3957 1572 4027 περιέχοντες
1597 3954 1930 4026 ἐπιστροφὴν

356 4050 464 4104 ἀπὸ
495 4049 603 4101 τῶν
644 4050 1076 4120 ἁμαρτημάτων,
1118 4049 1212 4102 καὶ
1243 4049 1462 4118 ἔλεγχον
1503 4046 1612 4099 τῶν
1660 4063 1787 4098 ποτε
1819 4046 1928 4116 (81)

355 4140 546 4203 ὄντων,
581 4141 676 4192 καὶ
697 4140 1004 4210 πρόγνωσιν
1034 4141 1160 4211 περὶ
1178 4140 1286 4193 τῶν
1315 4139 1630 4208 μελλόντων.
1656 4139 1745 4189 Διὸ
1771 4140 1861 4190 καὶ
1882 4139 1928 4190 οἱ

357 4231 477 4284 κατ’
515 4231 710 4293 αὐτοὺς
756 4231 1206 4303 ἀπογραψάμενοι
1246 4233 1342 4294 τὰς
1389 4231 1725 4304 προφητείας
1756 4231 1932 4284 αὐτῶν

359 4321 649 4392 ἐφύλαξαν,
681 4323 766 4376 ἵνα
791 4324 886 4376 καὶ
913 4325 960 4376 οἱ
996 4322 1442 4395 μεταγενέστεροι
1473 4322 1932 4390 ἀναγινώσκοντες

359 4412 710 4484 θαυμάζωσιν
758 4414 833 4478 ὡς
878 4414 1065 4484 λόγους
1097 4414 1252 4481 Θεοῦ,
1305 4417 1399 4469 καὶ
1449 4413 1814 4485 ὠφελούμενοι
1869 4414 1929 4466 οὐ

429 4531 474 4563 ⁸⁸
499 4529 626 4603 Sap.
659 4546 698 4598 ι,
721 4531 777 4587 5.

429 4684 545 4756 (75)
584 4682 738 4756 Libb.
769 4682 898 4756 editi
931 4683 981 4736 in
1017 4683 1486 4756 margine,_16yog,
1510 4682 1668 4739 male.

429 4752 544 4826 (76)
593 4754 1055 4826 Ἐναπετείνετο.
1084 4752 1401 4826 Bolierellus
1448 4756 1605 4824 legit,
1642 4754 1924 4826 ἐπανετεί-

360 4823 592 4887 νετο,“ιιι
636 4826 824 4878 eodem
861 4825 1026 4878 verbo
1069 4833 1249 4875 utatur
1298 4823 1560 4890 Origenes
1596 4839 1702 4892 quo
1737 4825 1924 4881 Celsus

275 4922 290 4939 ο
364 4892 1199 4962 ἱιιΐιξει,λταῦτ’γἐπανατεινάμενοι
1231 4893 1631 4962 προστιθέασιν,
1671 4907 1777 4950 etc.

433 4960 545 5030 (77)
597 4961 736 5030 Ἐγὼ
773 4966 805 5015 ό
850 4966 992 5028 Θεός
1032 4960 1181 5030 ειμι,
1227 4960 1331 5016 etc.
1379 4963 1525 5018 Talis
1573 4973 1687 5018 erat
1734 4965 1922 5020 Simon

364 5029 593 5104 Magos:
615 5029 790 5104 lr'en.,_
819 5033 913 5104 lib.
941 5048 979 5095 ι,
1012 5029 1132 5099 cap.
1177 5033 1288 5085 23:
1324 5031 1426 5086 Hic
1477 5035 1644 5104 igitur
1681 5053 1710 5088 a
1742 5036 1923 5089 multis

361 5099 514 5170 quasi
554 5099 696 5172 Deus
741 5100 1064 5172 gloriﬁcatus
1105 5111 1216 5172 est,
1259 5113 1306 5154 et
1357 5099 1531 5155 docuit
1571 5105 1923 5172 (semetipsum

363 5168 611 5241 esse,qui
641 5168 780 5241 inter
819 5169 1035 5241 Iudaeos
1080 5171 1286 5238 quidem
1335 5173 1486 5241 quasi
1537 5171 1709 5227 Filius
1755 5168 1923 5240 appa-

365 5240 556 5302 ruerit,
584 5239 640 5290 in
681 5237 925 5290 Samaria
967 5237 1141 5291 autem
1175 5237 1535 5306 quasi'l’ater
1563 5237 1921 5306 descenderit,

363 5317 412 5362 et
451 5310 506 5361 in
539 5307 754 5374 reliquis
791 5322 910 5376 gero
942 5308 1179 5376 gentibus
1234 5309 1386 5376 quasi
1425 5308 1658 5374 Spiritus
1708 5321 1920 5364 sanctus

364 5377 739 5431 aduentanerit.
778 5374 907 5430 Esse
946 5374 1128 5428 autem
1155 5392 1210 5428 se
1236 5374 1658 5430 sublimissimam
1687 5380 1924 5433 uirtutem

365 5444 484 5517 (hoc
513 5456 620 5511 est,
663 5462 813 5510 eum,
853 5446 942 5514 qui
970 5445 1038 5517 sit
1071 5459 1226 5509 super
1271 5447 1446 5498 omnia
1480 5446 1658 5517 Pater)
1689 5457 1737 5499 et
1766 5451 1924 5517 susti-

365 5515 486 5568 nere
532 5517 705 5568 vocari
746 5532 800 5568 se
847 5515 1187 5583 quodcunque
1251 5530 1366 5567 eum
1423 5526 1607 5568 vocant
1641 5515 1919 5571 ’liomines.

364 5583 512 5637 'l‘alis
554 5584 838 5639 Dositheus
861 5582 1022 5650 Orig.
1050 5582 1142 5634 lib.
1168 5597 1185 5634 ι
1217 5593 1399 5636 contra
1430 5583 1660 5649 Celsum,
1691 5595 1744 5638 et
1788 5595 1916 5639 toni.

364 5651 479 5704 XIV
514 5653 565 5705 in
609 5651 764 5707 Joan.
795 5667 810 5706 :
847 5652 934 5708 Sic
977 5651 1274 5704 Dositheum
1321 5655 1480 5705 etiam
1506 5656 1780 5721 quemdam
1823 5671 1925 5717 οτι,

369 5724 558 5778 stitisse
583 5740 646 5777 ea:
685 5723 1056 5787 Samaritanis,
1081 5721 1166 5790 qui
1199 5727 1421 5791 seipsum
1454 5725 1642 5778 diceret
1672 5723 1916 5778 Messium

2025 3226 2232 3294 stupido
2289 3223 2473 3292 cuique
2534 3232 2624 3275 aut
2689 3221 2961 3288 impostori
3009 3219 3179 3273 locant
3233 3219 3361 3274 dant
3407 3220 3498 3274 illa
3525 3221 3594 3273 ad

2025 3328 2384 3384 quamcunque
2423 3328 2533 3365 rem
2557 3326 2651 3380 pro
2675 3310 2826 3363 libitu
2848 3309 3304 3362 accommodandi.

2101 3410 2186 3463 10.
2206 3408 2276 3461 At
2311 3407 2462 3460 illum
2491 3404 2797 3475 oportebat,
2831 3402 3098 3471 siquidem
3122 3403 3263 3456 bono
3288 3402 3472 3457 animo
3503 3416 3594 3456 ac-

2028 3505 2268 3560 cusaret,
2304 3497 2537 3550 recitare
2593 3496 2824 3562 ipsamet
2872 3494 3030 3547 verba
3063 3491 3488 3560 prophetiarutn,
3539 3493 3594 3547 in

2029 3590 2225 3658 quibus
2279 3587 2420 3640 Deus
2472 3587 2818 3653 omnipotens
2874 3583 3096 3651 loquens
3145 3583 3442 3647 inducitur,
3499 3595 3594 3636 aut

2029 3695 2255 3750 quarum
2302 3679 2392 3732 Dei
2417 3677 2586 3732 Filius
2613 3688 2705 3730 aut
2743 3678 2955 3731 divinus
2982 3676 3218 3746 Spiritus
3255 3685 3447 3731 auctor
3471 3691 3592 3730 esse

2030 3773 2289 3827 creditur.
2328 3771 2420 3824 Sic
2445 3770 2588 3823 enim
2621 3783 2682 3821 ea
2711 3783 2829 3836 quae
2878 3767 3016 3822 dicta
3042 3775 3169 3822 sunt
3213 3775 3460 3821 evertere
3503 3780 3596 3822 co-

2032 3873 2188 3918 natus
2211 3869 2357 3917 esset
2397 3869 2452 3915 et
2493 3860 2781 3914 ostendere
2833 3874 2940 3914 non
2977 3873 3099 3915 esse
3131 3859 3392 3915 divinitus
3425 3859 3596 3928 inspi-

2031 3967 2176 4011 ratos
2201 3955 2319 4011 illos
2345 3955 2502 4025 701
2537 3970 2816 4010 sermones
2848 3955 2936 4023 qui
2988 3954 3313 4007 revocabant
3343 3967 3371 4004 a
3404 3967 3595 4021 pecca-

2033 4049 2122 4114 tis,
2159 4049 2506 4117 castigabant
2533 4047 2777 4101 homines
2803 4046 2892 4114 qui
2926 4055 3052 4098 tunc
3081 4051 3253 4105 erant,
3275 4057 3362 4096 res
3385 4042 3595 4095 futuras

2033 4140 2420 4209 praedicebant.
2444 4138 2576 4192 Nam
2610 4136 2734 4191 ideo
2759 4135 3016 4192 comtanei
3063 4132 3310 4187 homines
3361 4132 3593 4199 pr0plie—

2034 4232 2136 4287 tias
2164 4231 2376 4286 illorum
2403 4229 2808 4298 descripserunt
2837 4235 2894 4280 et
2931 4233 3245 4288 servarunt,
3296 4231 3353 4274 ut
3391 4219 3593 4290 posteri

2034 4336 2128 4374 eas
2153 4321 2388 4388 legentes
2413 4329 2665 4387 tanquam
2695 4317 2906 4384 eloquia
2954 4315 3046 4368 Dei
3073 4314 3502 4375 admirarentur,
3539 4319 3595 4364 et

2037 4413 2269 4468 utilitate
2311 4419 2566 4482 percepta
2618 4424 2724 4464 non
2756 4407 2927 4463 solum
2975 4421 3039 4460 ex
3086 4402 3594 4474 reprehensionibus

1953 4694 1998 4751 Β
2024 4683 2418 4753 prapltetarum.
2463 4687 2612 4740 Talis
2637 4693 2692 4740 et
2724 4684 3036 4739 Menander.
3065 4683 3260 4740 Euseb.
3293 4683 3386 4738 lib.
3417 4699 3494 4743 Ill.
3537 4699 3591 4738 e.

2029 4755 2126 4822 23,
2155 4754 2359 4809 Eccles.
2389 4756 2539 4821 hist.;
2570 4756 2820 4820 Tertull.,
2849 4755 2923 4808 De
2942 4757 3328 4824 praescriptione
3347 4761 3593 4808 adversus

2030 4826 2302 4879 hwreticos
2328 4841 2346 4880 :
2377 4824 2502 4879 Post
2546 4827 2682 4878 hunc
2726 4825 3036 4888 Menander,
3074 4824 3361 4892 discipulus
3405 4825 3590 4885 ipsius,

2031 4895 2273 4948 similiter
2302 4912 2504 4963 magus,
2531 4897 2709 4948 eodeni
2740 4895 2917 4947 dicens
2940 4910 3056 4964 quin
3079 4893 3260 4948 Simon
3287 4895 3412 4959 ipse,
3444 4894 3595 4961 quid-

2031 4965 2159 5029 quid
2193 4981 2247 5018 se
2272 4964 2455 5017 Simon
2493 4967 2697 5017 dixerat
2717 5006 2729 5025 .
2776 4964 2871 5016 hoc
2900 4963 2956 5016 se
2980 4963 3271 5017 Menander
3312 4979 3422 5016 esse
3451 4965 3593 5016 dice-

2032 5035 2138 5095 bat,
2175 5051 2366 5102 negans
2397 5035 2584 5086 habere
2616 5051 2764 5100 posse
2789 5049 3100 5102 quemquam
3127 5034 3370 5097 salutem,
3409 5033 3508 5086 nisi
3538 5032 3594 5086 in

2029 5105 2236 5156 nomine
2269 5119 2363 5156 suo
2397 5104 2688 5172 baptizatus
2714 5105 2922 5172 fuisset.
2951 5103 3214 5157 Srnncen.

2031 5240 2058 5292 0
2099 5173 2243 5240 (78)
2310 5171 2671 5241 Ἀνθρώποις.
2716 5171 2881 5244 Lego
2946 5187 3070 5228 cum
3128 5171 3446 5239 Bohcrello,
3495 5171 3590 5225 ἇν-

2069 5257 2259 5292 ρωποι.

2099 5259 2259 5294 ωποι.

2069 5257 2421 5381 ρῗέδῗιῖὶοιιὰ.
2447 5311 2580 5381 Reg.
2607 5320 2661 5365 et
2689 5311 3040 5372 Basileeusis,
3066 5307 3314 5381 γνῶσμα.
3344 5306 3595 5362 llwsche—

2026 5377 2133 5433 lius
2171 5377 2222 5432 in
2259 5389 2430 5445 textu,
2463 5380 2687 5448 γνῶναι,
2722 5383 3004 5448 Spumea,
3034 5377 3246 5446 γνῶμα.

2097 5452 2210 5519 (δυ)
2253 5445 2526 5503 llmscliel.
2571 5461 2624 5503 et
2673 5445 2831 5510 mss,
2858 5447 3012 5519 λέγον
3053 5445 3593 5519 (δρειιρειζνῄλέγων)

2023 5514 2160 5571 εἶναι
2193 5514 2534 5573 ἐπιστεύετο.
2583 5519 2702 5572 Htuc
2747 5526 2925 5570 autem
2966 5515 3163 5569 Guieto
3209 5515 3458 5569 addititia
3514 5514 3594 5570 vi-

2023 5593 2239 5642 dentur.

2093 5661 2204 5730 (8|)
2244 5662 2413 5715 Ποτε.
2443 5656 2634 5712 Guicto
2670 5653 3009 5710 scribendum
3040 5653 3249 5708 videtur
3274 5652 3417 5715 τότε.
