3972 6160
389 261 526 317 1455

1884 258 2207 317 ORIGENIS

3520 258 3658 312 1436

385 384 975 454 admonitionibusque,
1027 386 1124 439 sed
1167 383 1331 439 etiam
1385 398 1453 438 ex
1504 380 1967 453 praedictionibus,

2079 379 2237 451 μόνον
2281 377 2389 432 ἀπὸ
2434 377 2540 431 τῶν
2587 375 3019 448 ὲπιπληκτικῶν,
3055 376 3148 429 καὶ
3198 376 3653 448 ἐπιστρεπτικῶν,

386 490 524 547 quas
554 472 779 531 eventus
807 475 1037 530 docebat
1064 488 1094 528 a
1125 474 1311 528 divino
1338 472 1545 542 Spiritu
1575 473 1743 527 fuisse
1767 473 1959 535 editas,

386 567 725 620 conformem
764 564 855 617 tali
894 564 1158 619 doctrina:
1208 564 1468 632 pietatem
1516 572 1854 626 exercerent,
1890 562 1966 617 le—

388 658 547 725 gique
576 664 629 709 et
667 654 949 722 prophetis
987 655 1449 722 obtemperarent.
1499 654 1677 722 Atque
1714 653 1853 706 hanc
1894 651 1965 705 ob

387 762 630 808 causam,
663 760 999 814 quaecunque
1027 745 1372 799 audientibus
1415 744 1483 798 ad
1524 759 1735 797 morum
1777 758 1967 796 emen-

387 840 659 894 dationem
686 837 814 890 utile
845 847 965 890 erat
1007 837 1181 903 primo
1218 847 1442 906 aspectu
1467 835 1722 905 intelligi,
1745 850 1807 889 ea
1839 851 1964 907 pro-

386 930 491 995 plne
518 943 563 980 re
590 928 746 994 juxta
786 926 876 980 Dei
903 927 1239 980 voluntatem
1276 926 1419 980 nulla
1454 928 1792 981 obscuritate
1837 941 1966 996 pro-

386 1018 658 1081 tuli-runt;
700 1033 762 1071 ea
802 1031 932 1071 vero
973 1020 1347 1086 aenigmatum,
1402 1018 1810 1087 allegoriarum,
1870 1016 1968 1070 ob—

385 1120 675 1163 scurarum
710 1108 1068 1173 locutionum,
1101 1108 1619 1177 parabolarunt,aut
1646 1105 1965 1177 proverbio-

387 1212 507 1249 rntn
544 1196 837 1251 involucris
872 1204 1151 1262 texerunt,
1174 1212 1292 1267 qute
1323 1202 1577 1252 arcanius
1604 1197 1733 1265 quid
1763 1207 1816 1251 et
1838 1211 1961 1265 pro-

385 1284 608 1340 fundius
630 1287 894 1341 haberent
911 1301 1210 1355 sensusque
1231 1288 1462 1343 latentes
1490 1291 1556 1341 ad
1583 1287 1723 1356 vulgi
1750 1298 1965 1355 captum

386 1392 494 1431 non
526 1386 914 1447 attemperatos
963 1396 977 1433 :
1022 1379 1203 1448 utqui
1245 1378 1493 1434 laborem
1548 1394 1652 1433 non
1713 1378 1969 1449 fugitant,

386 1468 483 1524 sed
513 1470 734 1525 virtutis
778 1470 1140 1540 veritatisque
1186 1472 1368 1527 studio
1412 1472 1594 1525 omnia
1649 1472 1966 1537 sustinent,

389 1560 620 1614 scrutati
648 1559 978 1626 invenirent,
1008 1571 1060 1616 et
1084 1570 1371 1631 postquam
1408 1562 1768 1626 invenissent,
1792 1570 1969 1615 trans-

308 1650 321 1659 '
388 1651 669 1705 l'errentin
698 1666 853 1704 usum
888 1667 1048 1721 quem
1082 1654 1222 1707 ratio
1246 1655 1649 1721 pra-scriberet.
1683 1653 1791 1707 Sed
1827 1662 1970 1707 stre-

2070 468 2208 523 ὰλλά
2237 468 2331 522 καὶ
2356 469 2463 522 ἀπὸ
2493 466 2602 519 τῶν
2632 465 3075 537 προγνωστικῶν,
3106 466 3221 526 ταῖς
3251 463 3507 515 ἐκϐάσεσι
3537 480 3654 522 πει-

2071 560 2287 630 θόμενοι
2320 558 2449 629 περὶ
2481 556 2573 611 τοῦ
2604 556 2745 611 θεῖον
2782 552 2922 609 εἶναι
2954 554 3179 624 Πνεῦμα
3208 554 3270 606 τὸ
3301 553 3655 625 προειρηκὺς,

2068 650 2167 720 τὴν
2206 648 2348 703 κατὰ
2386 648 2476 701 τὸν
2518 648 2675 716 λόγον
2721 645 3004 699 εὐσέϐειαν
3044 644 3341 707 ἀσκοῦντες
3373 643 3655 697 διατελῶσι

2072 740 2383 810 πειθόμενοι
2413 738 2490 809 τῷ
2524 739 2676 809 νόμῳ
2709 737 2803 791 καὶ
2835 738 2949 798 τοῖς
2978 735 3304 806 προφήταις.
3341 736 3405 788 Οἱ
3438 734 3533 804 μὲν
3562 730 3655 790 οὖν

2071 830 2348 902 προφῆται
2396 830 2495 881 ὅσα
2540 823 2609 898 ἦν
2657 825 2883 878 αὐτόθεν
2932 822 3189 895 νοηθῆναι
3241 827 3354 887 τοῖς
3399 823 3657 876 ἀκούουσι

2072 924 2340 993 χρήσιμα,
2366 922 2463 973 καὶ
2487 937 2548 971 συ
2558 917 2904 989 μϐαλλόμενα
2935 920 2998 987 τῇ
3031 916 3140 968 τῶν
3164 914 3310 984 ἠθῶν
3348 913 3653 983 ἐπανορθώ-

2074 1029 2177 1075 σει,
2211 1012 2380 1081 χωρὶς
2414 1009 2593 1078 πάσης
2625 1006 2995 1079 ἐπικρύψεως,
3028 1005 3167 1059 κατὰ
3192 1005 3252 1057 τὸ
3284 1004 3529 1074 βούλημα
3559 1003 3656 1057 τοῦ

2072 1102 2230 1169 Θεοῦ,
2261 1103 2542 1173 εἰρήκασιν
2559 1117 2572 1130 ⁸
2597 1101 2697 1153 ὅσα
2723 1099 2779 1152 δὲ
2803 1097 3184 1169 μυστικώτερα
3203 1093 3292 1166 ἦν,
3320 1094 3415 1148 καὶ
3440 1096 3656 1148 ὲποπτιυ

2072 1194 2311 1267 κὼτερα,
2359 1192 2452 1245 καὶ
2486 1191 2719 1261 ἐχόμενα
2753 1190 2985 1261 θεωρίας
3019 1190 3117 1259 τῆς
3147 1188 3286 1260 ὑπὲρ
3326 1187 3421 1258 τὴν
3456 1187 3659 1256 πάνδη-

2078 1304 2176 1357 μον
2221 1286 2412 1356 ἀκοὴν,
2457 1284 2631 1337 ταῦτα
2669 1283 2736 1337 δι’
2788 1281 3123 1352 αἰνιγμάτων
3159 1281 3252 1333 καὶ
3295 1278 3656 1349 ἀλληγοριῶν,

2076 1379 2169 1433 καὶ
2202 1378 2310 1432 τῶν
2341 1376 2690 1447 καλουμένων
2720 1372 3009 1427 σκοτεινῶν
3042 1373 3239 1440 λόγων,
3272 1372 3367 1424 καὶ
3407 1371 3514 1422 τῶν
3538 1370 3659 1423 ὀνο-

2080 1470 2399 1541 μαζομένων
2446 1466 2770 1539 παραϐολῶν
2824 1465 2854 1536 ἣ
2895 1464 3237 1535 παροιμιῶν,
3276 1462 3655 1532 ἀπεφήναντο’

2076 1564 2141 1617 ἵν’
2175 1564 2224 1615 οἱ
2248 1562 2322 1633 μὴ
2345 1559 2790 1631 φυγοπονοῦντες,
2817 1557 2951 1610 ἀλλὰ
2976 1556 3150 1609 πάντα
3176 1555 3336 1607 πόνον
3361 1552 3501 1623 ὑπὲρ
3525 1553 3656 1622 ἀρε-

2077 1658 2174 1727 τῆς
2203 1657 2297 1710 καί
2327 1653 2582 1725 ἀληθείας
2607 1651 3007 1721 ἀναδεχόμενοι,
3036 1648 3408 1714 ἐξετάσαντες,
3432 1644 3654 1714 εὕρωσι,

390 1758 531 1798 nuus
554 1743 646 1798 ille
677 1744 866 1799 Celsus
892 1745 1048 1814 quasi
1080 1748 1432 1801 stomachans
1454 1748 1597 1815 quod
1624 1746 1716 1800 illa
1734 1745 1969 1814 prophe-

2079 1750 2165 1802 καὶ
2199 1747 2476 1819 εὑρόντες,
2512 1745 2588 1809 ὡς
2620 1743 2775 1812 λόγος
2805 1743 2973 1813 αἱρεῖ,
3013 1739 3463 1809 οἱκονομήσωσιν.
3514 1736 3570 1788 Ὁ
3599 1735 3659 1787 δὲ

388 1844 570 1890 tarum
624 1852 786 1892 sensa
834 1852 940 1891 non
986 1838 1345 1903 intellexerit,
1399 1840 1453 1894 in
1501 1840 1590 1893 illa
1635 1839 1966 1894 invehitur:

392 1925 730 1995 Magniﬁcis,
788 1928 1002 1997 inquit,
1066 1930 1371 2000 hujusmodi
1432 1931 1705 2000 promissis
1763 1933 1969 1985 addunt

388 2015 589 2085 ignota.
623 2016 885 2084 fanatica,
912 2036 1130 2088 prorsus
1158 2019 1509 2087 tenebricoso,
1532 2037 1560 2074 e
1587 2021 1778 2090 quibus
1808 2038 1870 2075 ne
1890 2038 1971 2075 sa-

387 2106 533 2175 piens
558 2109 768 2176 quidem
796 2127 980 2166 eruere
1000 2128 1207 2165 sensum
1227 2121 1419 2180 potest,
1444 2113 1574 2167 adeo
1603 2115 1825 2168 obscura
1847 2124 1969 2167 sunt

389 2206 441 2252 et
472 2199 669 2253 nullius
697 2203 987 2257 sententiae.
1028 2202 1092 2255 At
1118 2204 1330 2271 stupido
1363 2205 1552 2274 cuique
1578 2217 1667 2258 aut
1695 2205 1969 2274 impostori

389 2288 562 2343 locum
595 2292 723 2344 dant
763 2292 857 2346 illa
902 2296 972 2346 ad
1007 2310 1371 2364 quamcunque
1418 2312 1527 2349 rem
1561 2313 1656 2366 pro
1687 2297 1839 2350 libitu
1870 2316 1959 2352 ac-

389 2384 784 2439 commodandi.
803 2384 934 2450 Quae
954 2387 1173 2454 quidem
1196 2388 1329 2441 mihi
1353 2388 1563 2443 videtur
1579 2389 1726 2445 valre
1743 2391 1967 2457 dixisse,

387 2483 469 2539 ut,
505 2485 767 2545 quantum
807 2478 859 2531 in
891 2493 950 2532 se
984 2489 1091 2544 est,
1133 2479 1366 2535 lectores
1409 2496 1437 2533 a
1480 2484 1875 2551 perserutando
1914 2494 1969 2538 et

390 2567 819 2636 introspiciendo
852 2570 1261 2640 prOphetiarum
1302 2571 1582 2626 intellectu
1632 2584 1913 2628 revocaret
1950 2591 1965 2628 :

389 2656 493 2713 hac
530 2657 586 2712 in
638 2674 699 2713 re
742 2660 937 2716 similis
974 2660 1101 2728 illis,
1158 2663 1250 2731 qui
1287 2664 1354 2719 de
1409 2666 1645 2735 quodam
1702 2666 1966 2736 propheta

390 2749 533 2818 apud
581 2752 877 2819 quemdam
936 2753 1185 2822 ingresso
1233 2765 1289 2809 et
1344 2772 1432 2810 res
1466 2756 1680 2812 futuras
1712 2772 1969 2827 praenun—

391 2840 562 2896 tiante
587 2841 838 2897 dicebant
876 2864 887 2897 :
924 2842 1062 2909 Quid
1094 2846 1227 2898 venit
1258 2846 1479 2900 insanus
1506 2848 1607 2900 iste
1632 2848 1700 2899 ad
1733 2858 1782 2901 te
1811 2848 1896 2901 ‘9?

2076 1839 2337 1909 γεννάδας
2377 1837 2601 1900 Κέλσος,
2646 1836 2890 1906 ὡσπερεὶ
2922 1831 3194 1902 θυμωθεὶς
3228 1830 3321 1882 ἐπὶ
3349 1826 3427 1899 τῷ
3463 1825 3537 1898 μὴ
3574 1842 3660 1881 νε-

2076 1954 2332 2023 νοηκέναι
2363 1952 2489 2014 τοὺς
2523 1949 2631 2002 τῶν
2665 1947 2959 2020 προφητῶν
2996 1944 3106 2013 (8‘2)
3138 1943 3412 2006 τοιούτους
3443 1941 3656 2010 λόγους,

2080 2037 2420 2110 ἐλοιδόρησεν
2454 2037 2671 2099 αὐτοὺς,
2703 2033 2892 2098 εἰπὼν,
2929 2034 3010 2085 ότι
3046 2031 3235 2084 Ταῦτα
3270 2030 3660 2086 ἐπανατεινὰ-

2072 2145 2242 2197 μενοι
2272 2125 2702 2195 προστιθέασιν
2729 2123 2952 2193 ἐφεξῆς
2990 2121 3288 2191 ἄγνωστα,
3323 2120 3421 2174 καὶ
3458 2118 3661 2187 πάροι-

2074 2232 2247 2282 στρα,
2282 2215 2381 2268 καὶ
2414 2214 2609 2281 πάντη
2636 2212 2852 2279 ἄδηλα,
2876 2206 2963 2264 ὧν
2989 2210 3054 2263 τό
3082 2210 3199 2279 μὲν
3222 2207 3525 2279 γνώρισμα
3550 2207 3658 2279 (85)

2072 2305 2275 2371 οὐδεὶς
2311 2304 2387 2357 ἂν
2420 2304 2571 2357 νοῦν
2598 2304 2757 2372 ἔχων
2786 2302 2985 2370 εὑρεῖν
3012 2301 3273 2365 δύναιτο,
3301 2298 3508 2369 ἀσαφῆ
3550 2297 3661 2367 γὰρ

2071 2395 2168 2447 καὶ
2200 2393 2265 2446 τὸ
2289 2392 2482 2463 μηδέν
2501 2410 2514 2422 ⁸
2544 2391 2779 2459 ἀνοήτῳ
2802 2391 2869 2443 δὲ
2894 2390 2931 2458 ἢ
2958 2391 3123 2459 γόητι
3154 2388 3329 2442 παντὶ
3358 2388 3491 2455 περί
3512 2403 3661 2440 παν-

2072 2487 2174 2550 τίς
2203 2483 2482 2553 ἀφορμὴν
2510 2481 2830 2535 ἐνδίδωσιν
2855 2480 2971 2549 ὅπη
2996 2482 3287 2545 ,βούλεται
3335 2479 3402 2532 τὸ
3441 2477 3661 2549 λεχθὲν

2072 2573 2536 2643 σφετερίζεσθαι.
2570 2572 2679 2624 Καὶ
2702 2570 3020 2640 πανούργως
3050 2587 3140 2639 μοι
3160 2568 3303 2635 ἔδοξε
3326 2567 3477 2622 ταῦτ’
3504 2570 3657 2639 εἰρη-

2077 2664 2253 2728 κέναι,
2282 2663 2532 2726 κωλύειν,
2566 2663 2628 2715 τὸ
2660 2663 2781 2715 ὅσον
2824 2663 2909 2730 ἐφ’
2941 2659 3135 2731 ἐαυτῷ,
3182 2659 3499 2730 βουλόμενος
3536 2661 3657 2724 τοὺς

2078 2755 2500 2825 ἐντυγχάνοντας
2537 2756 2657 2816 ταῖς
2688 2753 3045 2824 προφητείαις
3081 2749 3389 2821 βασανίζειν
3423 2750 3513 2803 καὶ
3540 2749 3656 2814 ἐξε-

2076 2848 2261 2912 τάζειν
2286 2846 2463 2900 αὐτῶν
2490 2846 2580 2898 τὸν
2606 2845 2730 2899 νοῦν
2748 2862 2761 2875 °
2805 2846 2899 2898 καὶ
2926 2843 3161 2897 πέπονθέ
3191 2861 3242 2897 τι
3281 2844 3507 2917 πρᾶγμα
3550 2859 3655 2893 πα-

397 2935 691 3008 ραπλήσιον
720 2940 832 3002 τοῖς
871 2938 1087 2991 εἰποῦσι
1118 2940 1243 3010 περί
1277 2957 1421 3010 τινος
1462 2942 1764 3013 προφήτου,
1795 2941 2125 3006 εἰσελθόντος
2159 2941 2295 3014 πρός
2340 2958 2464 2995 τινα
2509 2942 2604 2993 καὶ
2647 2940 2717 2993 τὰ
2775 2939 3035 3011 μέλλοντα
3094 2939 3444 3011 προειπόντος
3470 2935 3615 3007 αύτῴ
3639 2954 3652 2966 ·

398 3033 460 3087 Τί
481 3032 769 3100 εἰσῆλθεν
800 3036 833 3087 ὁ
856 3033 1188 3100 ἐπίληπτος
1208 3029 1385 3101 οὗτος
1406 3034 1556 3104 πρὸς
1577 3035 1687 3099 σέ;

460 3124 551 3177 ii.
580 3124 846 3193 Equidem
878 3125 1037 3179 facile
1063 3126 1389 3180 crediderim
1418 3127 1783 3192 sapientiora,
1810 3142 1970 3198 quam

2147 3128 2307 3192 Εἰκὸς
2352 3130 2448 3199 μὲν
2484 3123 2577 3181 οῦν
2614 3123 2753 3181 εἶναι
2785 3127 2996 3196 λόγους,
3028 3125 3207 3198 πολλῷ
3249 3126 3350 3196 τῆς
3390 3124 3659 3197 ἡμετέρας
3742 3106 3749 3117 ’

395 3230 516 3286 quae
558 3216 739 3271 dicere
792 3231 1109 3286 possumus,
1158 3216 1343 3272 aderri
1394 3232 1585 3287 posse,
1630 3219 1833 3286 quibus
1880 3219 1976 3273 de-

396 3314 731 3361 monstretur
762 3306 816 3361 in
870 3308 956 3362 his
985 3308 1271 3362 mentitum
1324 3323 1448 3364 esse
1487 3307 1724 3373 Celsum,
1758 3319 1814 3363 et
1845 3325 1975 3381 pro-

394 3396 609 3475 phetias
668 3398 930 3454 divinitus
990 3400 1290 3468 inSpiratas
1356 3398 1541 3454 fuisse.
1607 3398 1717 3455 Nos
1772 3409 1975 3467 tamen,

397 3491 575 3561 quoad
617 3504 713 3559 per
747 3490 1062 3547 tenuitatem
1092 3502 1332 3545 nostram
1388 3492 1562 3555 licuit,
1626 3493 1679 3548 id
1725 3492 1975 3547 fecimus.

397 3580 536 3636 Nam
566 3583 620 3636 in
657 3584 862 3638 nostris
889 3583 940 3637 in
971 3583 1196 3649 lsaiam,
1249 3583 1595 3639 Ezechielem
1628 3593 1681 3639 et
1709 3588 1977 3656 quosdam

398 3686 431 3729 θ
458 3672 743 3729 duodecim
776 3676 1212 3742 commentariis,
1247 3678 1596 3745 exposuimus
1628 3677 1696 3731 ad
1749 3678 1976 3732 verbum

398 3778 464 3818 ea
495 3780 614 3833 qua:
643 3764 830 3820 Celsus
855 3765 1090 3820 fanatica
1123 3775 1278 3821 vocat
1309 3780 1364 3821 et
1389 3766 1816 3821 inextricabilia.
1841 3765 1977 3820 Cum

400 3862 583 3913 autem
619 3854 759 3910 Deus
793 3857 949 3924 tnihi,
977 3863 1186 3911 statuto
1217 3857 1321 3911 sibi
1357 3866 1628 3925 tempore,
1662 3857 1977 3926 ampliorem

403 3945 488 4001 sui
532 3947 680 4001 verbi
729 3947 941 4002 dederit
983 3949 1431 4019 intelligentiam,
1484 3950 1682 4003 addam
1732 3950 1816 4004 vel
1859 3962 1980 4018 quae

401 4037 641 4107 volgatis
692 4038 908 4103 desunt,
938 4039 1022 4093 vel
1049 4053 1389 4109 quaecunque
1429 4047 1618 4107 potero
1680 4040 1976 4094 illustrare.

404 4128 517 4185 Sed
543 4140 598 4184 et
623 4130 714 4185 alii
746 4129 1068 4199 prudentes,
1093 4132 1139 4187 si
1172 4132 1407 4186 scrutari
1436 4131 1748 4198 Scripturas
1787 4130 1979 4194 velint,

405 4239 595 4281 earum
628 4222 964 4280 intellectum
993 4224 1208 4294 assequi
1242 4233 1518 4293 poterunt.
1556 4223 1816 4293 Equidem
1850 4222 1985 4276 mul-

406 4315 555 4371 tisin
581 4315 715 4371 locis
750 4330 944 4371 revera
993 4316 1241 4371 obscura:
1288 4325 1439 4379 sunt,
1480 4315 1577 4368 sed
1614 4329 1717 4369 non
1776 4315 1983 4384 absque

407 4407 519 4463 ullo
540 4420 725 4471 sensu,
755 4416 812 4460 ut
844 4406 920 4461 ait
943 4406 1153 4463 Celsus.
1185 4405 1372 4477 Neque
1402 4406 1564 4462 etiam
1597 4405 1843 4474 stupidus
1890 4414 1984 4459 aut

2078 3218 2243 3285 ἕξεως
2309 3221 2684 3292 σοφωτέρους,
2732 3221 2859 3285 τοὺς
2909 3220 3238 3291 δυναμένους
3286 3216 3661 3272 ἀποδεικνύναι

2078 3313 2407 3386 ψευδόμενον
2441 3317 2499 3367 ὲν
2537 3315 2745 3379 τούτοις
2783 3315 2874 3368 τὸν
2916 3315 3149 3377 Κέλσον,
3190 3314 3284 3366 καὶ
3327 3312 3541 3374 ἐνθέους
3567 3309 3666 3372 τὰς

2082 3404 2419 3476 προφητείας
2438 3422 2452 3435 ⁹
2484 3405 2622 3476 πλὴν
2657 3406 2752 3458 καὶ
2786 3407 2967 3476 ἡμεῖς,
2997 3403 3139 3458 κατὰ
3160 3404 3222 3457 τὸ
3260 3403 3483 3456 δυνατὸν
3509 3401 3665 3471 ἡμῖν,

2081 3498 2482 3569 πεποιήκαμεν,
2526 3496 2616 3560 τὰ,
2657 3496 2732 3560 ὣς
2763 3514 2894 3567 φησι
2938 3496 3164 3558 Κέλσος,
3205 3496 3533 3565 πάροιστρα,
3572 3492 3672 3544 καὶ

2084 3588 2259 3657 πάντη
2305 3586 2493 3658 ἄδηλα,
2521 3587 2657 3657 πρὸς
2683 3586 2825 3651 λέξιν
2858 3584 3247 3655 διηγησάμενοι
3286 3584 3345 3635 ἐν
3378 3586 3489 3644 τοῖς
3528 3598 3675 3652 πρα-

2082 3679 2468 3749 γματευθεῖσιν
2506 3680 2635 3748 ἡμῖν
2663 3679 2743 3740 εἰς
2780 3678 2871 3730 τὸν
2909 3676 3154 3739 Ἡσαΐαν,
3183 3674 3277 3726 καὶ
3312 3676 3393 3736 εἰς
3426 3674 3520 3726 τὸν
3572 3674 3676 3726 ἰε-

2082 3770 2291 3841 ζεκιὴλ,
2335 3772 2428 3823 καὶ
2463 3771 2543 3833 εἰς
2584 3786 2734 3833 τινας
2764 3767 2871 3821 τῶν
2897 3767 3124 3820 δώδεκα.
3166 3765 3303 3819 Θεοῦ
3340 3764 3397 3817 δὲ
3435 3764 3675 3830 διδόντος

2081 3863 2177 3932 τὴν
2220 3863 2277 3915 ἐν
2310 3860 2387 3931 τῷ
2412 3860 2554 3931 λόγῳ
2599 3860 2764 3913 αὑτοῦ
2802 3859 3102 3932 προκοπὴν,
3133 3859 3255 3911 καθ’
3281 3858 3377 3922 οὒς
3420 3857 3670 3929 βούλεται

2082 3952 2307 4023 χρόνους
2326 3991 2340 4016 ,
2370 3951 2800 4023 προστεθήσεται
2825 3953 2938 4014 τοῖς
2965 3950 3065 4022 ἤδη
3101 3949 3550 4021 ὑπαγορευθεῖσιν
3588 3953 3671 4014 εἰς

2082 4044 2257 4098 ταῦτα
2277 4046 2395 4116 ἦτοι
2414 4044 2482 4097 τὰ
2507 4044 2781 4107 λείποντα,
2809 4043 2842 4114 ἦ
2874 4044 2973 4096 ὅσα
3001 4043 3051 4111 γ’
3080 4042 3144 4096 ἂν
3173 4043 3466 4115 φθάσωμεν
3495 4059 3671 4111 σαφη-

2084 4137 2250 4191 νίσαι.
2279 4138 2390 4191 Καὶ
2413 4136 2560 4191 ἄλλοι
2585 4137 2662 4202 δὲ,
2691 4140 2739 4190 οἱ
2770 4135 3081 4207 βουλόμενοι
3106 4136 3379 4201 ἐξετάζειν
3404 4134 3500 4205 τὴν
3528 4135 3668 4206 Γρα-

2086 4230 2214 4302 φὴν,
2240 4229 2364 4282 νοῦν
2388 4229 2602 4300 ἔχοντες
2636 4229 2697 4281 τὸ
2719 4227 2915 4300 γνῶμα
2950 4228 3061 4299 (84)
3088 4228 3255 4297 αὐτῆς
3281 4227 3460 4297 εὑρεῖν
3485 4225 3549 4278 ἂν
3574 4224 3669 4277 δύ-

2085 4337 2283 4373 ναιντοο
2310 4319 2474 4391 οὔσης
2498 4318 2766 4391 πολλαχοῦ
2792 4317 3006 4390 άληθῶς
3032 4318 3274 4387 ἀσαφοῦς
3303 4319 3419 4388 μὲν,
3447 4317 3507 4369 οὐ
3537 4316 3665 4387 μὴν,

2085 4408 2162 4473 ὥς
2199 4426 2331 4480 φησι
2376 4408 2601 4472 Κέλσος,
2638 4408 2699 4460 τὸ
2743 4407 2927 4479 μηδέν.
2970 4407 3108 4460 Ἀλλ’
3155 4407 3276 4461 οὐδὲ
3322 4405 3541 4460 δύναταί
3584 4421 3669 4469 τις

405 4500 672 4571 impostor
708 4500 869 4570 702
893 4514 985 4554 eas
1014 4500 1310 4569 explanare
1350 4508 1444 4554 aut
1488 4498 1554 4551 ad
1598 4511 1972 4567 quamcunque

2088 4498 2372 4569 ἀνόητοςῆ
2414 4498 2547 4569 γόης
2577 4497 2893 4567 ὲξομαλίσαι
2930 4496 2963 4568 ἢ
3009 4497 3115 4568 ὅπη
3155 4496 3285 4549 ποτὲ
3333 4495 3576 4565 βούλεται
3610 4495 3670 4547 τὸ

408 4607 527 4649 rem
558 4593 972 4647 accommodare
996 4607 1093 4660 pro
1120 4591 1274 4646 libitu
1309 4592 1531 4659 poterit.
1560 4591 1720 4645 Solus
1754 4592 1805 4644 in
1833 4592 1993 4647 Chri-

412 4695 497 4739 sto
532 4698 664 4739 vere
694 4683 936 4752 sapiens.
965 4699 1064 4751 par
1097 4692 1181 4736 est
1223 4666 1290 4737 ad
1315 4682 1665 4736 evolvendam
1703 4692 1872 4737 totam
1897 4699 1992 4738 eo-

410 4793 534 4831 rum
565 4777 784 4842 seriem,
821 4792 943 4845 qua:
976 4777 1027 4830 in
1067 4779 1348 4845 praphetis
1379 4778 1609 4832 obscure
1646 4786 1701 4831 et
1749 4778 1992 4833 involute

411 4867 555 4924 dicta
587 4874 738 4931 sunt,
774 4867 935 4935 idque
989 4867 1147 4920 ntodo
1192 4867 1497 4933 spiritantia
1532 4883 1649 4920 cum
1692 4869 1990 4935 spirituali-

414 4959 509 5015 bus
540 4955 780 5023 conferat
822 4957 891 5020 “,
936 4965 989 5011 et
1033 4958 1247 5026 singula
1292 4972 1481 5011 eorum
1538 4971 1660 5025 qua:
1699 4959 1985 5023 invenerit,

414 5051 614 5105 usitata
649 5045 953 5117 Seripturis
996 5048 1252 5116 loquendi
1304 5049 1514 5102 ratione
1542 5051 1850 5104 conﬁrmet.
1881 5048 1987 5105 Ne-

415 5154 520 5211 que
552 5138 709 5195 Celso
737 5138 872 5194 ﬁdes
918 5138 1162 5193 habenda
1216 5148 1302 5193 est
1354 5140 1555 5195 dicenti
1586 5153 1643 5194 se
1678 5140 1987 5206 hujusmodi

517 5326 563 5359 '9
592 5324 656 5381 IV
685 5324 822 5397 Reg.
876 5339 951 5388 ix,
1010 5321 1099 5375 ll.
1182 5318 1275 5373 θοι
1308 5319 1438 5375 Cor.
1472 5335 1533 5386 tt,
1569 5319 1653 5373 15.

489 5480 604 5550 (82)
649 5478 771 5534 Τῶν
797 5476 1135 5550 προφητῶν.
1172 5475 1295 5550 Haec
1321 5474 1517 5550 Guieto
1552 5482 1818 5550 suspecta
1840 5485 1987 5550 sunt.

490 5541 603 5619 (‘83)
643 5541 992 5619 Codu.fne‘g.‘
1012 5558 1067 5602 et
1093 5547 1281 5612 Basil.,
1308 5541 1617 5617 γνώρισμα,
1645 5546 1917 5601 llmscltel.
1939 5555 1994 5599 et

422 5615 707 5687 Speueer.,
736 5615 946 5687 γνῶμαξ

493 5686 607 5757 (84)
645 5683 803 5743 Libb.
829 5683 957 5742 editi
993 5695 1048 5742 et
1082 5701 1214 5742 mss.
1246 5686 1345 5743 hoc
1373 5686 1491 5744 loco
1522 5686 1744 5755 habent,
1772 5683 1987 5756 γνῶμα.

2092 4591 2283 4661 λεχθὲν
2317 4590 2738 4662 σφετερίσασθαι
2757 4606 2770 4619 ·
2805 4590 2963 4660 μόνος
2986 4589 3044 4645 δὲ
3076 4591 3168 4651 καὶ
3195 4590 3301 4652 πᾶς
3327 4591 3355 4642 ό
3394 4591 3512 4642 κατ’
3540 4589 3672 4660 ἀλή-

2094 4683 2242 4737 θειαν
2266 4684 2323 4735 ὲν
2351 4680 2572 4753 Χριστῷ
2595 4682 2759 4751 σοφὸς
2787 4682 2877 4734 τὸν
2910 4681 3100 4752 εἱρμὸν
3137 4680 3314 4733 πάντα
3344 4679 3562 4750 ἀποδῴη
3604 4680 3670 4734 ἂν

2090 4774 2201 4826 τῶν
2251 4774 2366 4844 μετ’
2412 4773 2758 4843 ἐπικρύψεως
2810 4773 3114 4843 εἰρημένων
3175 4774 3232 4824 ὲν
3288 4775 3409 4835 ταῖς
3460 4789 3673 4843 προφη-

2089 4866 2264 4929 τείαις
2297 4864 2431 4936 (85),
2462 4865 2830 4934 πνευματικὰ
2858 4862 3277 4932 πνευματικοῖς
3306 4864 3669 4933 συγκρίνων,

2094 4958 2188 5010 καὶ
2233 4954 2652 5018 κατασκευάζων
2691 4955 2798 5008 ἀπὸ
2834 4956 2931 5025 τῆς
2970 4954 3256 5028 συνηθείας
3288 4955 3397 5008 τῶν
3440 4955 3672 5027 Γραφιῖη

2095 5048 2324 5101 ἕκαστον
2369 5046 2475 5099 τῶν
2520 5047 2939 5118 εὑρισκομένων.
2998 5050 3072 5104 Οὐ
3123 5050 3439 5103 πιστευτέον
3490 5049 3547 5102 δὲ
3592 5046 3673 5117 τῷ

2095 5139 2288 5212 Κέλσῳ
2315 5138 2525 5208 λέγοντι
2551 5140 2806 5195 τοιούτων
2847 5140 3149 5215 ἀνθρώπων
3186 5141 3466 5213 γεγονέναι
3500 5140 3671 5209 αὑτή-

2099 5475 2431 5548 lice_tdsupra
2457 5490 2591 5548 mss.
2622 5476 2878 5548 habeant,
2913 5477 3223 5548 γνώρισμα.

2169 5546 2285 5680 (ξεί)
2324 5546 2493 5604 Codd.
2536 5546 2670 5617 lleg.
2709 5556 2762 5602 et
2807 5545 3155 5614 Basileensis',
3200 5549 3260 5601 ὲν
3302 5547 3418 5612 τοῖς
3460 5547 3674 5619 προφή-

2101 5635 2191 5673 ται
2227 5655 2241 5670 .
