3972 6160
383 393 519 446 M57

1577 375 1856 435 CONTRA
1889 371 2168 429 CELSUM
2199 371 2328 425 LIB.
2361 367 2478 425 γιι.

3486 353 3624 410 MSS

377 527 522 565 κοον.
560 504 694 561 Οὐδὲ
725 501 834 574 γὰρ
858 499 1000 554 κατά
1024 500 1148 560 τοὺς
1184 496 1393 548 Κέλσου
1433 495 1656 566 χρόνους
1698 491 1952 563 γεγόνασί

2062 488 2304 543 homines
2343 480 2634 537 audivisse.
2691 475 2876 545 Neque
2925 472 3069 526 enim
3119 469 3260 524 Celsi
3307 474 3465 524 aetate
3493 482 3624 539 pro-

375 616 519 662 τινες
547 594 822 668 προφῆται
847 597 958 655 τοῖς
986 588 1231 661 ἀρχαίοις
1266 585 1659 657 παραπλήσιοι·
1695 584 1816 636 ἐπεὶ
1851 581 1951 636 κᾶν

379 687 775 760 παραπλησίως
801 687 912 746 τοῖς
940 681 1104 734 πάλαι
1129 680 1418 748 γραφεῖσιν
1450 676 1834 746 ἀνεγράφησαν
1861 673 1954 726 καὶ

378 781 504 850 ἑξῆς
545 770 871 848 προφητεῖαι
912 771 1014 825 ὑπὸ
1057 770 1164 822 τῶν
1190 766 1602 836 ἀποδεξαμένων
1628 766 1719 816 καὶ
1754 765 1956 833 θαυμα-

381 874 586 925 σάντων
613 868 798 930 αύτάς.
831 867 988 917 Δοκεῖ
1013 863 1068 916 δέ
1106 879 1194 931 μοι
1227 861 1400 927 πάντη
1431 858 1586 928 δῆλον
1615 853 1749 909 εἶναι
1775 857 1836 908 τὺ
1861 853 1954 908 τοῦ

380 963 587 1017 Κέλσου
617 959 830 1029 ψεῦδος,
865 958 966 1017 ὅτι,
1001 958 1063 1008 Οἱ
1094 954 1278 1021 δῆθεν·
1312 951 1629 1020 προφῆται,
1658 947 1745 1004 ὧν
1777 950 1958 1015 αὑτή-

381 1069 520 1117 κοος
551 1051 805 1119 ἐγένετο,
848 1044 1234 1113 ἐλεγχθέντες
1267 1043 1379 1096 ὑπὸ
1434 1042 1693 1104 Κέλσου,
1737 1041 1958 1109 ὡμολό-

378 1157 577 1210 γησαν
597 1138 757 1202 αὐτῷ
780 1134 1014 1201 οὗτινος
1045 1135 1280 1187 ἐδέοντο
1301 1150 1314 1164 ·
1343 1133 1440 1186 καὶ
1465 1133 1552 1184 ὅτι
1572 1131 1957 1185 ἐπλάσσοντο

379 1207 658 1299 λέγοντες
702 1226 1200 1292 ἀλλοπρόσαλλα.
1237 1222 1382 1274 Ἔδει
1420 1222 1465 1274 δ’
1491 1207 1673 1273 ἀὑτὸν
1717 1221 1810 1272 καὶ
1842 1219 1957 1271 ὀνό-

385 1338 525 1392 ματα
554 1321 723 1372 θεῖναι
763 1311 836 1370 ὧν
867 1312 1100 1385 ἔφασκεν
1129 1313 1394 1382 αὐτήκοος
1437 1311 1748 1380 γεγονέναι·
1782 1311 1866 1362 ἵνα
1893 1309 1958 1371 ἐκ

381 1415 488 1468 τῶν
514 1413 810 1482 ὀνομάτων,
855 1409 1013 1479 εἴπερ
1048 1403 1191 1476 εἶχεν
1218 1407 1412 1468 εἰπεῖν,
1441 1408 1580 1474 φανῇ
1605 1408 1717 1467 τοῖς
1753 1404 1958 1474 κρίνειν

380 1506 712 1577 δυναμένοις,
754 1503 983 1578 πότερον
1018 1498 1192 1569 ἀληθῆ
1299 1496 1466 1568 ψευδῆ
1504 1495 1706 1564 ἔλεγεν.

452 1676 636 1728 Οἴεται
668 1674 723 1727 δὲ
761 1676 852 1726 καὶ
882 1673 1004 1736 τους
1049 1673 1154 1726 ἀπὸ
1185 1672 1290 1724 τῶν
1331 1671 1626 1744 προφητῶν
1665 1669 1962 1736 ἀπολογου-

386 1767 576 1836 μένους
607 1767 732 1836 περὶ
769 1764 875 1817 τῶν
902 1764 1044 1816 κατὰ
1079 1763 1168 1816 τὸν
1197 1763 1428 1834 Χριστὸν
1473 1763 1635 1832 μηδὲν
1671 1761 1768 1832 μὲν
1802 1760 1954 1812 δύνα·

384 1855 505 1906 σθαι
537 1854 670 1924 πρὸς
701 1852 827 1914 ἔπος
856 1853 1052 1919 λέγειν,
1089 1851 1226 1903 ἐπὰν
1260 1852 1504 1920 φαίνεταί
1531 1869 1584 1903 τι
1625 1850 1878 1920 πονηρὸν,
1993 1841 2032 1895 Β

382 1946 626 2016 αἰσχρὸν,
737 1944 1040 2012 ἀκάθαρτον
1081 1942 1371 2012 λεγόμενον
1411 1945 1536 2013 περὶ
1575 1941 1666 1994 τοῦ
1707 1940 1874 2005 Θεοῦ,
1922 1939 1955 2009 ἢ

386 2038 598 2109 μιαρόν.
628 2038 718 2090 Διὸ
744 2038 856 2102 καὶ,
896 2037 969 2099 ὡς
1003 2037 1270 2107 μηδεμιᾶς
1304 2035 1466 2105 οὔσης
1495 2035 1806 2102 ἀπολογίας,
1838 2050 1960 2085 συν-

384 2130 517 2200 εἶρει
558 2130 733 2202 ἐαυτῷ
782 2131 950 2199 μυρία
977 2130 1104 2199 περὶ
1140 2128 1246 2179 τῶν
1292 2129 1364 2198 μὴ
1400 2128 1709 2197 διδομένων.
1749 2123 1957 2177 Εἰδέναι

383 2223 437 2274 δὲ
465 2221 588 2292 χρὴ,
615 2223 694 2276 ὅτι
716 2222 810 2274 καὶ
835 2223 882 2279 οἱ
912 2221 1220 2290 βουλόμενοι
1249 2220 1386 2272 κατά
1406 2220 1501 2282 τὰς
1528 2219 1674 2281 θείας
1703 2217 1798 2288 ζῇν
1821 2217 1960 2287 Γρα-

383 2314 509 2380 φάς,
537 2314 630 2365 καὶ
657 2312 1024 2382 ἐταστάμενοι,
1054 2313 1154 2377 ὅτι,
1186 2309 1421 2376 Γνῶσις
1445 2309 1744 2363 ἀσυνέτου
1766 2306 1958 2370 ἀδιεξ-

381 2405 618 2457 έταστοι
669 2405 856 2472 λόγοι,
919 2405 1014 2456 καὶ
1065 2404 1385 2470 ἀναγνόντες
1434 2403 1518 2464 τὸ,
1567 2404 1814 2469 ’Ἑτοιμοι
1865 2400 1957 2452 ἀεὶ

382 2495 528 2559 πρ¹ς
566 2492 896 2560 ἀπολογίαν
935 2492 1112 2544 παντὶ
1148 2490 1226 2555 τῷ
1271 2489 1531 2544 αἰτοῦντι
1576 2488 1734 2557 ἡμᾶς
1774 2491 1958 2559 λόγον

381 2584 514 2650 περὶ
537 2583 645 2650 τῆς
670 2583 739 2635 ἐν
763 2584 905 2651 ἡμῖν
925 2582 1192 2647 ἐλπίδος,
1225 2584 1322 2634 οὐκ
1351 2581 1441 2633 ἐπὶ
1487 2581 1644 2650 μόνον
1682 2581 1741 2633 τὸ
1773 2599 1959 2651 προει-

385 2671 583 2742 ρῆσθαι
608 2673 732 2725 τάδε
771 2673 890 2726 τινὰ
917 2671 1355 2740 καταφεύγουσιν
1375 2688 1387 2702 ·
1425 2670 1559 2724 ἀλλὰ
1589 2671 1698 2742 γὰρ
1733 2672 1828 2724 γα).
1860 2671 1956 2736 τὰς

381 2765 641 2829 δοκούσας
674 2767 1021 2836 ἁπεμφάσεις
1047 2765 1192 2818 λύειν
1220 2765 1536 2836 πειρῶνται,
1564 2766 1656 2818 καὶ
1682 2765 1956 2819 δεικνύναι

381 2854 531 2907 οὐδὲν
571 2851 706 2908 εἶναι
732 2855 967 2926 πονηρὸν
994 2855 1050 2907 έν
1077 2857 1187 2916 τοῖς
1211 2854 1407 2922 λόγοις,
1443 2855 1548 2907 οὐδ’
1577 2855 1820 2925 αἰσχρὸν,
1847 2854 1954 2906 οὐδ’

327 2956 334 2966 ⁸
381 2945 707 3017 ἀκάθαρτον,
732 2947 851 2998 οὐδὲ
881 2945 1073 3016 μιαρόν
1091 2963 1104 2976 ·
1132 2946 1266 2998 ἀλλὰ
1291 2946 1526 2999 τοιοῦτον
1557 2945 1856 3014 γίγνεσθαι,
1879 2944 1956 3009 ὡς

381 3037 484 3108 χρὴ
518 3037 827 3108 ἐκδέχεσθαι
870 3040 979 3100 τοῖς
1007 3041 1232 3092 συνιεῖσι
1260 3038 1368 3109 (86)
1401 3038 1497 3108 τὴν
1533 3037 1681 3091 θείαν
1712 3038 1949 3108 Γραφήν.

392 3127 587 3196 Ἐχρῆν
613 3127 655 3180 δ’
689 3129 847 3181 αὐτὸν
874 3128 980 3180 ἀπὸ
1006 3129 1114 3182 τῶν
1145 3128 1436 3200 προφητῶν
1461 3128 1520 3180 τὸ
1546 3128 1863 3198 φαινόμενον
1897 3130 1954 3180 ὲν

380 3203 562 3280 αύτοῖς
588 3220 842 3288 πονηρὸν,
876 3220 909 3289 ἢ
940 3221 1000 3272 τὸ
1028 3204 1225 3274 δοκοῦν
1253 3220 1399 3291 αύτῷ
1434 3221 1676 3292 αἰσχρὸν,
1711 3220 1743 3290 ἢ
1778 3221 1838 3276 τὸ
1865 3238 1951 3274 νο-

385 3308 673 3378 μιζόμενον
710 3310 856 3378 αὐτῷ
891 3311 1216 3380 ἀκάθαρτον,
1263 3313 1295 3382 ῆ
1338 3313 1365 3364 ὃ
1405 3312 1780 3382 ὑπελάμϐανεν
1819 3307 1956 3365 εἶναι

386 3401 600 3470 μιαρὸν,
645 3400 1002 3472 παραθέσθαι,
1040 3403 1194 3474 εἴπερ
1233 3403 1456 3457 τοιαῦτα
1497 3405 1719 3458 ἔϐλεπεν
1758 3406 1814 3457 ὲν
1847 3408 1958 3468 τοῖς

385 3493 691 3563 προφήταις
732 3493 1024 3565 εἰρημένα·
1055 3492 1494 3564 πληκτικώτερος
1522 3495 1628 3565 γὰρ
1662 3495 1724 3548 ἂν
1747 3498 1773 3548 ὁ
1803 3496 1957 3563 λόγος

381 3583 542 3636 αὑτοῦ
575 3579 641 3653 ἦν
683 3585 776 3637 καὶ
820 3585 955 3654 πρὸς
987 3585 1014 3638 ὃ
1057 3585 1306 3638 ἐϐούλετο
1349 3586 1778 3657 ἀνυστικώτερος
1812 3588 1954 3657 (87)·

383 3675 500 3728 νυνὶ
541 3675 598 3727 δὲ
639 3675 698 3727 οὐ
744 3676 1030 3746 παρέθετο,
1063 3677 1177 3730 ἀλλ’
1218 3679 1705 3748 ὲπανατεινάμενος
1751 3678 1962 3732 ἀπειλεῖ

379 3767 604 3821 τοιαῦτα
641 3769 922 3834 φαίνεσθαι
959 3770 1018 3822 ἐν
1044 3774 1163 3833 ταῖς
1196 3771 1459 3840 Γραφαῖς,
1497 3771 1959 3840 καταψευδόμενος

380 3858 578 3912 αὐτῶν.
609 3861 753 3930 Πρὸς
779 3857 871 3914 οὖν
899 3864 1087 3926 κενοὺς
1117 3862 1226 3932 (88)
1258 3863 1463 3932 ψόφους
1485 3863 1761 3933 ὀνομάτων
1784 3863 1960 3928 οὐδεὶς

379 3948 534 4017 λόγος
559 3951 702 4020 αἱρεί
727 3951 1186 4023 ἀπολογήσασθαι,
1214 3956 1354 4026 ὑπὲρ
1377 3955 1469 4008 τοῦ
1492 3957 1679 4020 δεῖξαι,
1704 3958 1784 4010 ὅτι
1811 3957 1960 4010 οὐδὲν

381 4041 636 4111 πονηρὸν,
671 4042 704 4112 ἢ
740 4045 983 4113 αἰσχρὸν,
1013 4044 1045 4114 ἢ
1072 4046 1400 4116 ἀκάθαρτον,
1426 4048 1460 4117 ἢ
1503 4050 1875 4119 μιαρόνιὲστιν
1903 4051 1961 4104 ὲν

379 4135 492 4195 τοῖς
523 4133 630 4184 τῶν
661 4135 952 4204 προφητῶν
985 4135 1184 4203 λόγοις.

466 4224 604 4277 Ἀλλ’
628 4227 750 4278 οὐδὲ
777 4227 936 4280 ποιεῖ
958 4228 993 4295 ἢ
1022 4228 1242 4297 πάσχει
1267 4231 1556 4300 αἴσχιστα
1579 4237 1610 4286 ὀ
1635 4233 1797 4298 Θεὸς,
1821 4233 1964 4287 οὐδὲ

381 4316 461 4381 τῷ
496 4318 660 4382 κακῷ
693 4318 1069 4383 διακονεῖται,
1107 4321 1180 4384 ὡς
1211 4323 1382 4375 οἴεται
1417 4323 1656 4386 Κέλσος·
1703 4325 1823 4376 οὐδὲ
1853 4323 1962 4394 γὰρ

379 4408 700 4478 προείρηταί
733 4426 784 4460 τι
824 4407 933 4462 τῶν
978 4408 1252 4475 τοιούτων,
1289 4411 1389 4465 κᾶν
1419 4412 1548 4482 λέγῃ
1582 4413 1744 4476 αὐτὸς
1779 4430 1964 4482 προει-

383 4499 599 4568 ρῆσθαι.
638 4499 868 4569 Ἔμελλε
900 4501 988 4553 τὸν
1012 4501 1140 4553 Θεὸν
1166 4504 1274 4573 (89)
1303 4503 1377 4573 τῷ
1405 4503 1558 4572 κακῷ
1579 4504 1960 4569 διακονεῖσθαι,

379 4590 412 4660 ἢ
450 4593 640 4656 ποιεῖν,
671 4593 704 4662 ἢ
749 4594 982 4663 πάσχειν
1019 4594 1293 4664 αἴσχιστα,
1343 4595 1680 4668 παραθέσθαι
1715 4596 1812 4658 τὰς
1853 4597 1960 4649 ἀπὸ

378 4679 486 4734 τῶν
521 4682 812 4752 προφητῶν
843 4686 922 4746 είς
967 4684 1123 4738 τοῦτο
1164 4685 1354 4750 λέξεις·
1405 4687 1499 4739 καὶ
1535 4687 1607 4758 μὴ
1655 4687 1828 4758 μάτην
1865 4705 1961 4759 μο-

380 4772 554 4827 λύνειν
599 4775 804 4829 ἐθέλειν
855 4777 979 4839 τοὺς
1023 4777 1320 4840 ἀκούοντας
1367 4778 1550 4831 αὐτοῦ.
1602 4780 1668 4831 Ἃ
1718 4780 1815 4848 μὲν
1865 4776 1959 4833 οὖν

382 4867 626 4921 πείσεται
659 4869 910 4940 Χριστὸς,
967 4874 1227 4939 προεῖπον
1277 4872 1326 4924 οἱ
1371 4872 1668 4942 προφῆται,
1719 4872 1814 4924 καὶ
1860 4873 1958 4943 τὴν

381 4955 563 5008 αἰτίαν
592 4957 828 5021 τιθέντες
860 4959 973 5022 τοῦ,
1005 4961 1072 5012 δι’
1100 4960 1127 5012 ὃ
1177 4961 1441 5012 πείσεται·
1476 4961 1570 5013 καὶ
1603 4963 1630 5013 6
1662 4960 1793 5024 Θεὸς
1836 4961 1961 5029 ἠπί-

387 5059 548 5097 στατο
576 5045 716 5117 ἅπερ
744 5049 771 5098 6
802 5050 1034 5118 Χριστὸς
1069 5051 1229 5103 αὑτοῦ
1283 5051 1551 5108 πείσεται·
1590 5051 1750 5103 πόθεν
1778 5051 1841 5114 δ’,
1879 5052 1960 5103 ὄτι

383 5135 475 5186 καὶ
534 5135 850 5206 μιαρῶτατα
912 5139 1005 5190 καὶ
1062 5139 1474 5209 ἀκαθαρτότατα
1525 5138 1673 5192 ταῦτ’
1723 5134 1824 5207 ip);
1886 5137 1960 5200 ὥς

383 5242 547 5295 φησιν
583 5229 612 5280 6
641 5228 864 5290 Κέλσος.
911 5229 1068 5282 Ἀλλά
1101 5230 1240 5294 δόξεις
1289 5229 1558 5282 διδάσκειν
1592 5229 1708 5290 πῶς
1753 5227 1960 5298 μιαρώ-

381 5335 517 5371 τατα
563 5319 657 5373 καὶ
705 5319 1120 5391 ἀκαθαρτότατα
1149 5322 1302 5374 ταῦτ’
1345 5322 1480 5374 ἄττα
1514 5317 1603 5391 ἦν,
1629 5321 1664 5374 ἃ
1697 5321 1788 5373 κα)⁸
1831 5320 1964 5374 ὑπέ-

453 5416 496 5447 ”
533 5415 704 5471 Eccli.
744 5432 856 5484 XXI,
884 5415 973 5470 18.
1050 5418 1095 5448 ⁸³
1128 5417 1148 5470 ι
1179 5417 1332 5471 Petr.
1365 5432 1449 5480 ιιι,
1485 5415 1572 5478 15.

605 5533 768 5604 iidem
801 5534 982 5604 _codd.,
1004 5537 1118 5604 τοῖς
1155 5533 1228 5604 μὴ
1255 5536 1500 5587 συνιεῖσι.

455 5601 566 5736 (8Ἱ)
607 5602 761 5665 Mss.,
789 5601 1208 5674 ἀνυτικώτερος.

455 5671 542 5736 (88
604 5672 872 5726 Ilmschel.
904 5675 953 5726 in
985 5684 1152 5736 textu,
1180 5691 1208 5725 κ

452 5671 563 5741 (88)
604 5672 872 5726 Ilmschel.
904 5675 953 5726 in
985 5671 1152 5737 textu,
1180 5671 1417 5736 καινούς.

455 5742 564 5808 (89)
599 5743 859 5810 Ἔμελλε
904 5742 1010 5796 τὸν
1047 5745 1212 5806 Θεόν,
1247 5757 1354 5798 etc.
1409 5744 1498 5798 Sic
1542 5746 1741 5798 habent
1765 5760 1958 5798 omnes

386 5826 515 5864 mss.
561 5827 657 5868 nec
683 5813 908 5878 terenda
945 5814 1203 5885 Speneeri
1257 5815 1484 5870 audacia
1528 5817 1620 5887 qui
1660 5815 1956 5872 llwschelii

2055 582 2229 650 pheta:
2257 575 2528 630 veteribus
2556 569 2762 626 similes
2785 566 3108 620 exstiterunt
3139 582 3151 616 :
3189 562 3622 631 quandoquidem

2055 685 2240 724 eorum
2297 664 2593 735 prophetia:
2649 661 2718 714 ab
2787 659 2852 712 iis
2890 657 2979 726 qui
3024 670 3115 707 eas
3176 653 3515 721 accepissent
3568 665 3624 710 et

2057 763 2306 817 admirati
2384 766 2604 820 essent,
2693 752 2914 824 perinde
3003 750 3232 803 fuissent
3303 751 3627 820 conscripta:

2058 869 2218 925 atque
2279 865 2521 908 veterum
2598 847 2893 919 prophetiae
2973 846 3294 912 conscrime
3379 843 3620 898 fuerunt.

2059 947 2164 1000 Sed
2202 942 2490 998 manifesto
2539 940 2753 992 videtur
2808 938 2859 990 in
2921 937 3204 989 mendacio
3265 934 3621 1001 deprehendi,

2058 1053 2180 1091 cum
2219 1035 2593 1102 aitprophetus
2633 1030 2776 1093 illos,
2812 1046 2940 1097 quos
2989 1031 3097 1094 ipse
3139 1029 3361 1090 audivit,
3407 1043 3523 1078 cum
3559 1030 3624 1078 ab

2059 1129 2169 1196 ipso
2193 1135 2522 1194 urgerentur,
2548 1121 2813 1185 confessos
2846 1120 3006 1178 fuisse
3033 1119 3158 1186 quid
3187 1119 3318 1184 ipsis
3353 1117 3624 1182 deficeret,

2059 1226 2107 1271 et
2128 1233 2243 1285 qnw
2271 1215 2515 1282 ambigua
2539 1213 2800 1269 dicebant,
2828 1208 3083 1280 [ifmenla
3124 1225 3236 1260 esse
3267 1209 3465 1260 omnia.
3525 1206 3627 1260 De-

2059 1309 2175 1362 buit
2235 1308 2379 1361 enim
2436 1321 2620 1360 eorum
2678 1305 2920 1357 indicare
2976 1303 3190 1354 nomina
3242 1313 3375 1365 quos
3411 1296 3627 1351 auditos

2059 1400 2158 1453 sibi
2201 1399 2364 1451 fuisse
2391 1396 2660 1459 affirmat;
2686 1404 2742 1448 ut
2769 1411 2834 1448 ex
2877 1393 3203 1452 nominibus,
3235 1391 3504 1458 siquidem
3540 1402 3626 1442 re-

2060 1507 2283 1546 censere
2343 1489 2432 1542 illa
2491 1496 2698 1557 posset,
2743 1486 3033 1556 prudentes
3081 1481 3387 1550 iudicarent
3431 1495 3629 1536 verane

2044 1595 2126 1632 ‘an
2156 1580 2287 1632 falsa
2319 1579 2569 1632 dixisset.

2133 1671 2222 1732 l2.
2256 1671 2568 1723 Arbitratur
2625 1678 2890 1737 praeterea
2937 1682 3032 1722 eos
3094 1666 3184 1732 qui
3240 1664 3627 1733 prophetarum

2063 1761 2389 1816 auctoritate
2420 1774 2638 1814 causam
2664 1759 2865 1814 Christi
2896 1759 3214 1823 defendunt,
3257 1755 3389 1809 nihil
3427 1755 3628 1810 habere

2059 1854 2200 1923 quod
2229 1853 2608 1922 respondeant,
2642 1867 2762 1906 cum
2787 1851 3061 1920 quidpiam
3115 1849 3223 1902 illis
3281 1848 3345 1902 de
3398 1848 3506 1901 Deo
3537 1856 3630 1900 aut

2062 1944 2350 2010 nefarium,
2378 1953 2468 1998 aut
2508 1953 2684 2012 turpe,
2728 1955 2820 1996 aut
2875 1943 3175 2004 sordidum,
3235 1950 3328 1995 aut
3361 1941 3628 2009 impurum

2061 2037 2261 2091 dictum
2311 2050 2434 2089 esse
2477 2043 2829 2088 monstratur.
2887 2033 3252 2098 Quamobrem
3311 2032 3466 2100 quasi
3516 2039 3630 2085 tum

2062 2128 2204 2180 nulla
2231 2127 2436 2195 reliqua
2461 2136 2603 2181 esset
2637 2126 2907 2191 defensio,
2947 2125 3211 2200 permulta
3243 2124 3342 2178 sibi
3378 2139 3473 2192 pro
3498 2137 3632 2179 con-

2061 2222 2229 2276 cessis
2254 2222 2414 2275 sumit
2442 2235 2560 2288 qua:
2620 2219 2844 2273 minime
2897 2218 3290 2271 conceduntur.
3338 2214 3442 2266 Sed
3489 2213 3631 2268 scire

2060 2322 2296 2382 oportet,
2327 2327 2440 2376 eos,
2470 2311 2561 2380 qui
2587 2311 2751 2363 vitam
2780 2325 2810 2362 e
2841 2308 3137 2376 Scripltlris
3163 2320 3489 2373 componere
3521 2315 3633 2359 sta-

2061 2415 2238 2467 tuunt,
2271 2406 2359 2475 qui
2421 2403 2547 2457 inde
2597 2403 2742 2456 docti
2785 2411 2912 2453 sunt
2947 2401 3077 2453 illud
3111 2419 3124 2454 :
3158 2400 3389 2454 Scientia
3429 2400 3632 2466 impru-

2059 2497 2227 2550 dentis
2259 2494 2629 2548 inscrutabilia
2682 2493 2838 2545 verba
2869 2493 2937 2556 9‘,
2979 2503 3032 2544 et
3082 2491 3326 2560 legerunt
3369 2507 3383 2546 :
3441 2489 3632 2543 Parati

2059 2601 2258 2653 semper
2285 2586 2352 2638 ad
2382 2583 2798 2649 satisfactionem
2853 2580 2994 2633 omni
3043 2580 3280 2647 poscenti
3319 2596 3411 2632 nos
3461 2581 3630 2632 ratio-

2060 2691 2176 2727 nem
2202 2675 2265 2726 de
2304 2689 2364 2726 ea
2385 2689 2500 2742 qua:
2536 2673 2590 2725 in
2623 2672 2773 2725 nobis
2819 2680 2894 2724 est
2945 2689 3030 2739 spe
3061 2672 3125 2735 θ’,
3181 2688 3284 2724 non
3326 2673 3425 2726 hoc
3456 2671 3630 2724 solum

2060 2767 2360 2837 perfugium
2389 2766 2592 2820 habere
2624 2775 2683 2819 ut
2711 2766 2892 2820 dicant
2931 2766 3045 2818 Inec
3075 2775 3167 2818 aut
3198 2765 3286 2818 illa
3311 2763 3480 2817 fuisse
3501 2778 3632 2832 praes

2058 2861 2326 2926 nuntiata,
2357 2859 2450 2914 sed
2479 2859 2643 2912 etiam
2666 2859 2851 2910 conari
2885 2857 3074 2910 tollere
3105 2873 3224 2925 quae
3257 2858 3505 2910 videntur
3536 2855 3632 2909 ab-

2060 2951 2225 3006 surda
2251 2966 2396 3016 esse,
2415 2951 2753 3005 ostendendo
2781 2949 2912 3002 nihil
2935 2949 2986 3003 in
3015 2949 3316 3015 Scriptnris
3339 2962 3460 3001 esse
3484 2946 3632 3000 nefa-

2059 3043 2219 3108 riutn,
2236 3054 2329 3099 aut
2349 3053 2521 3111 turpe,
2545 3052 2638 3094 aut
2655 3041 2950 3103 sordidum,
2973 3041 3345 3109 autimpurum
3372 3056 3386 3103 ;
3417 3043 3508 3095 sed
3528 3039 3634 3092 tale

2057 3149 2197 3199 esse,
2216 3136 2376 3204 quale
2395 3134 2564 3204 accipi
2587 3143 2799 3203 Oportet
2824 3136 2890 3188 ab
2920 3136 2984 3188 iis
3008 3136 3096 3204 qui
3125 3135 3362 3186 divinam
3387 3133 3636 3197 Scriptuc

2059 3244 2174 3282 ram
2196 3228 2522 3296 intelligunt.
2554 3227 2673 3296 Ipse
2711 3242 2839 3282 vero
2863 3227 3087 3282 debebat
3111 3242 3174 3280 ex
3213 3226 3487 3294 prophetis
3512 3241 3636 3296 pro-

2047 3320 2201 3376 'ferre
2231 3321 2371 3390 quod
2405 3320 2503 3390 ipsi
2526 3321 2694 3374 visum
2722 3319 3004 3373 fuerataut
3034 3318 3322 3380 nefarium,
3345 3328 3436 3372 aut
3461 3328 3633 3386 turpe.

2060 3423 2154 3466 aut
2189 3411 2489 3476 sordidum,
2524 3421 2618 3464 aut
2652 3411 2942 3478 impurum,
2977 3409 3239 3478 siquidem
3281 3410 3330 3461 in
3360 3410 3637 3477 prophetis

2063 3519 2146 3557 res
2163 3501 2427 3569 ejusmodi
2449 3501 2676 3554 viderat.
2699 3501 2788 3554 Sic
2815 3501 3030 3553 enimet
3054 3499 3425 3552 vehementior
3449 3499 3638 3553 fuisset

2060 3595 2232 3648 oratio
2259 3602 2312 3645 et
2336 3593 2400 3645 ad
2435 3592 2592 3644 finem
2637 3591 2734 3658 ipsi
2768 3590 3100 3658 propositum
3145 3591 3631 3642 accommodatior.

2060 3681 2289 3737 Atnihil
2340 3683 2534 3734 horum
2578 3681 2726 3744 facit,
2781 3686 2988 3732 tantum
3025 3695 3170 3731 mera
3223 3679 3275 3731 in
3323 3677 3635 3746 Scripturas

2063 3771 2331 3826 calumnia
2373 3770 2616 3823 clamitat
2673 3769 2787 3822 1ΙὶὉο
2841 3767 3025 3822 omnia
3081 3767 3263 3820 inillis
3295 3769 3490 3821 videri.
3553 3769 3634 3823 Ad

2063 3863 2277 3917 inanem
2319 3860 2481 3928 igitur
2522 3874 2722 3912 vocum
2773 3859 3061 3926 strepitum
3121 3859 3251 3911 nihil
3304 3875 3522 3913 necesse
3553 3870 3638 3914 est

2064 3967 2160 4006 nos
2193 3953 2540 4020 respondere,
2577 3959 2635 4003 ut
2675 3952 2994 4003 ostendatur
3031 3951 3164 4005 nihil
3202 3951 3494 4016 nefarium,
3543 3961 3639 4006 ant

2064 4055 2240 4114 turpe,
2272 4053 2366 4096 aut
2396 4043 2694 4108 sordidum,
2738 4051 2831 4095 aut
2857 4042 3130 4110 impurum
3161 4043 3215 4096 in
3249 4044 3635 4112 prophetarum

2063 4139 2219 4192 libris
2250 4153 2391 4192 esse.

2135 4231 2219 4284 15.
2247 4229 2428 4297 Neque
2451 4228 2612 4282 etiam
2641 4228 2941 4295 turpissima
2965 4227 3114 4294 facit,
3153 4235 3240 4278 aut
3271 4228 3474 4293 patitur
3495 4225 3634 4279 Deus

2065 4332 2158 4372 aut
2188 4321 2328 4372 malo
2353 4321 2512 4386 favet,
2547 4329 2604 4370 ut
2629 4319 2820 4371 Celsus
2852 4325 3020 4384 putat.
3054 4317 3212 4386 703
3240 4316 3374 4370 Nihil
3395 4317 3538 4369 enim
3570 4319 3638 4374 si-

2067 4413 2191 4466 mile
2221 4412 2529 4481 praedicttnn
2552 4421 2652 4475 est,
2671 4411 2792 4462 licet
2813 4411 3130 4476 praedictum
3154 4424 3272 4461 esse.
3297 4410 3631 4477 pronuntiet.

1994 4503 2040 4562 D
2071 4506 2110 4558 Ε
2146 4505 2422 4574 prophetis
2452 4505 2718 4556 adducere
2750 4502 2934 4554 debuit
2958 4501 3267 4554 testimonia
3313 4518 3432 4570 quae
3466 4501 3636 4558 Deum

2068 4610 2160 4652 aut
2208 4598 2388 4651 facere
2435 4605 2527 4651 aut
2581 4599 2689 4666 pati
2747 4597 3062 4664 turpissima
3114 4606 3206 4651 aut
3258 4598 3401 4650 malo
3456 4597 3639 4653 favere

2067 4687 2504 4755 comprobarent,
2564 4703 2668 4739 non
2725 4701 2854 4739 vero
2900 4686 3210 4740 auditorum
3272 4702 3432 4741 aures
3481 4690 3637 4744 vanis

2068 4779 2437 4834 contaminare
2463 4779 2829 4833 sermonibus.
2862 4780 2989 4843 ane
3018 4795 3275 4847 passurus
3299 4792 3445 4834 esset
3475 4780 3639 4834 Chri—

2065 4878 2180 4922 stus
2216 4867 2580 4936 praedixerunt
2607 4869 2901 4936 prophetae,
2929 4870 3084 4923 allata
3116 4887 3278 4925 causa
3309 4886 3409 4924 cur
3447 4886 3637 4939 passu-

2067 4975 2160 5012 rus
2186 4967 2348 5012 esset.
2377 4960 2517 5013 Deus
2541 4961 2705 5013 etiam
2740 4970 2965 5013 noverat
2990 4976 3109 5030 qua:
3135 4962 3354 5017 Christo
3382 4963 3634 5030 patienda

2066 5061 2252 5115 erant;
2293 5060 2347 5104 at
2376 5053 2516 5105 unde
2567 5053 2779 5121 accepit
2805 5054 2993 5107 Celsus
3049 5056 3162 5109 haec
3217 5055 3529 5124 turpissima
3581 5063 3637 5108 et

2066 5143 2435 5195 Sordidissima
2479 5144 2636 5197 esse?
2682 5143 2788 5197 Sed
2841 5147 3112 5212 quomodo
3180 5145 3539 5212 impurissima
3582 5151 3636 5196 et

2066 5232 2445 5286 Sordidissima
2487 5234 2591 5287 sint
2622 5249 2744 5301 qua:
2769 5234 3026 5288 Christus
3057 5236 3295 5302 pertulit,
3326 5233 3461 5286 forte
3484 5233 3634 5285 vide-

2068 5323 2215 5376 bitur
2237 5323 2433 5379 docere
2463 5324 2550 5379 his
2588 5325 2768 5378 verbis
2801 5343 2814 5377 :
2859 5325 2998 5390 Quid
3048 5326 3210 5388 enim,
3255 5323 3450 5389 inquit,
3485 5319 3635 5372 aliud

2067 5536 2439 5604 conjecturam
2479 5538 2531 5592 in
2559 5537 2802 5602 margine
2830 5533 3086 5604 positam,
3125 5528 3305 5604 _te{ltti
3351 5542 3450 5604 sn_o
3487 5527 3634 5604 inse:

2067 5596 2301 5660 ruit'huc
2330 5608 2488 5675 modo
2524 5625 2536 5659 :
2586 5608 2645 5658 Et
2681 5596 2794 5675 γὰρ
2830 5596 3060 5675 ’ἔμελλεν
3113 5601 3141 5652 6
3197 5598 3330 5675 Θεᾲς
3366 5596 3444 5666 τῷ
3481 5597 3638 5675 κακῷ

2063 5674 2446 5746 διακονεῖσθαι,
2509 5677 2540 5746 ἦ
2589 5667 2778 5738 ποιεῖν,
2839 5667 2884 5743 ἢ’
2927 5670 3155 5740 πάσχειν
3205 5667 3478 5737 αἴσχιστα,
3528 5667 3642 5733 ’ἐδςι

2068 5745 2427 5814 παραθέσθαι.
