3972 6160
392 244 532 302 tam
562 230 565 233 ’

1880 245 2203 305 ORIGENIS

3494 243 3634 298 1H0

390 367 505 416 erat
533 359 641 415 Deo
677 378 861 419 carnes
894 362 1367 433 ovium'edere,-fcl
1392 372 1486 418 aut
1531 373 1734 418 acetum
1764 364 1955 428 bibere,

2062 378 2259 433 μεινεψ
2298 361 2416 413 ἐπεί
2450 375 2600 432 φησι·
2638 360 2699 415 Τί
2730 360 2836 429 γὰρ
2878 360 3031 414 ἄλλο
3062 356 3140 430 ἦν
3180 357 3301 425 Θεῷ
3330 359 3392 413 τὸ
3417 360 3639 429 προϐά-

394 466 555 522 quam
584 452 826 506 sordibus
858 452 990 506 vesci
1006 452 1032 507 .7
1061 451 1130 506 At
1163 453 1381 508 ovillam
1407 468 1632 509 carnem
1650 470 1678 508 a
1721 453 1831 509 Deo
1860 468 1955 509 co-

395 556 601 596 mesam
634 555 741 595 non
787 539 1051 605 dicimus,
1090 549 1147 595 et
1193 541 1242 596 si
1290 540 1448 599 Jesus
1470 542 1760 599 comedere
1808 542 1958 598 visus

392 630 519 696 fuit,
550 645 657 685 non
689 630 927 686 comedit
978 630 1081 685 nisi
1120 638 1396 701 quatenus
1434 647 1637 702 corpus
1677 632 1954 688 induerat.

396 721 471 777 De
498 720 620 776 felle
644 730 698 775 et
728 727 878 775 aceto
903 734 1024 788 quae
1059 721 1292 777 bibenda
1351 722 1455 792 ipsi
1500 737 1623 778 esse
1684 722 1955 792 Propheta

390 814 469 868 sic
487 812 811 884 praedixerat
840 827 856 866 :
888 810 1150 867 Dederunt
1172 814 1227 866 in
1254 829 1430 868 escam
1473 829 1641 869 meam
1673 813 1766 883 lel,
1810 823 1857 868 et
1899 814 1957 868 in

388 904 482 958 siti
511 919 626 958 mea
654 910 968 973 potavcrunt
997 919 1078 959 me
1099 914 1245 958 aceto
1270 904 1337 971 ’³,
1360 903 1473 974 jam
1507 921 1667 974 supra
1696 906 1951 972 diximus,

389 1003 444 1049 et
478 995 665 1049 eadem
699 994 894 1067 sepius
924 992 1123 1050 iterare
1146 994 1334 1051 Celsus
1367 1011 1467 1053 nos
1510 999 1691 1067 cogit;
1726 998 1760 1051 ii
1786 998 1953 1063 extim,

387 1084 480 1154 qui
508 1083 731 1141 insidias
752 1083 919 1139 verbo
951 1084 1199 1141 veritatis
1220 1093 1459 1151 struunt,
1498 1103 1712 1158 semper
1746 1086 1820 1143 fel
1842 1104 1953 1146 suae

390 1172 646 1243 nequitia:
672 1181 729 1229 et
760 1186 981 1228 suarum
1004 1174 1071 1228 ad
1106 1175 1249 1229 mala
1276 1178 1701 1246 propensionum
1738 1190 1953 1235 acetum

389 1264 673 1334 porrigunt
734 1264 955 1321 Christo
1000 1275 1055 1319 ct
1085 1264 1221 1322 Filio
1257 1267 1372 1334 Dei,
1408 1270 1498 1338 qui
1533 1279 1815 1339 postquam
1857 1285 1956 1341 gu-

390 1354 575 1421 stavit,
603 1369 709 1410 non
738 1356 850 1410 vult
882 1355 1068 1412 bibere
1100 1356 1169 1411 “.

467 1625 552 1681 14.
589 1622 837 1683 Posthzec
889 1627 1080 1685 volens
1126 1637 1371 1685 evertere
1421 1630 1580 1685 ﬁdem
1629 1644 1814 1685 eorum
1863 1631 1952 1701 qui

391 1726 673 1789 propterea
699 1719 926 1775 credunt
968 1734 1089 1789 qua:
1130 1721 1197 1775 ad
1238 1720 1422 1778 Jesum
1455 1724 1754 1792 pertinent,
1810 1698 1953 1794 quod
1987 1698 2028 1753 Β

392 1808 646 1879 praedicta
685 1817 856 1863 sunt:
894 1808 1023 1879 Age,
1064 1809 1256 1880 inquit,
1301 1811 1347 1865 si
1393 1813 1658 1881 propheta:
1708 1827 1958 1882 magnum

392 1896 558 1951 Deum
588 1908 678 1951 aut
708 1897 1041 1963 serviturum,
1078 1905 1169 1950 aut
1213 1907 1614 1966 azgrotaturum,
1663 1906 1756 1950 aut
1795 1897 1958 1951 mori-

390 2000 613 2053 turum,
658 1996 713 2040 ut
763 1986 894 2040 nihil
956 1987 1189 2041 odiosius
1241 1988 1436 2054 dicam,
1483 1988 1955 2056 prcenuntiassent;

392 2091 543 2141 num,
577 2074 702 2142 quia
743 2075 817 2129 sic
861 2076 1273 2145 praenuntiatum
1313 2086 1468 2141 esset,
1502 2076 1701 2130 idcirco
1750 2092 1957 2131 necesse

391 2168 547 2238 foret,
581 2167 747 2222 Deum
770 2166 1037 2232 au'tmori,
1074 2177 1165 2221 aut
1186 2168 1398 2231 servire,
1441 2176 1536 2222 aut
1578 2177 1858 2238 aegrotare,
1899 2178 1955 2222 ut

393 2267 627 2312 mortuus
668 2257 967 2312 crederetur
1011 2275 1122 2313 esse
1174 2258 1359 2314 Deus?
1402 2258 1505 2315 Sed
1551 2260 1649 2313 hoc
1688 2274 1954 2330 nunquam

390 2349 653 2418 propheta:
673 2349 1018 2416 prtcdixerint
1052 2366 1071 2403 :
1106 2360 1181 2403 est
1220 2352 1360 2404 enim
1389 2350 1589 2404 malum
1626 2359 1679 2405 et
1716 2350 1954 2418 impium.

393 2438 517 2492 Non
545 2439 711 2507 igitur
754 2440 1097 2509 spectandum
1140 2449 1216 2492 est
1254 2456 1323 2493 an
1365 2440 1731 2509 prazdixerint,
1756 2456 1826 2495 an
1851 2456 1956 2495 non

390 2528 770 2594 rrredixerint;
811 2528 902 2582 sed
941 2544 1010 2581 an
1055 2544 1138 2583 res
1164 2532 1385 2583 honesta
1425 2529 1493 2583 sit
1540 2538 1589 2584 et
1632 2529 1741 2583 Deo
1773 2529 1956 2601 digna.

392 2617 490 2672 Rei
523 2627 699 2673 autem
746 2620 890 2688 turpi
918 2630 966 2674 et
1014 2620 1191 2687 malm,
1240 2620 1452 2675 etiamsi
1498 2635 1676 2675 omnes
1720 2621 1957 2676 homines

390 2709 570 2779 furore
598 2712 789 2765 conciti
814 2711 1126 2780 praedixisse
1163 2711 1485 2777 viderentur,
1534 2713 1645 2766 ulla
1687 2729 1956 2781 nunquam

389 2803 726 2873 adjungenda
755 2802 887 2871 ﬁdes
912 2815 1010 2857 est.
1037 2801 1309 2867 Quomodo
1329 2804 1490 2874 igitur
1506 2804 1675 2871 pietas
1700 2803 1954 2868 admittit,

387 2910 504 2964 qum
534 2895 621 2949 isti
664 2904 913 2964 tanquam
948 2893 1059 2947 Deo
1103 2894 1449 2947 acciderunt?
1492 2894 1571 2948 Ex
1602 2893 1686 2948 his
1738 2894 1956 2948 videtur

2059 470 2177 506 των
2203 451 2432 520 σάρκας
2476 453 2721 517 ἐσθίειν,
2764 452 2861 504 καὶ
2907 452 3121 521 χολὴν,
3167 452 3204 520 ἢ
3240 452 3379 519 ὅξος
3415 454 3632 519 πίνειν,

2057 542 2225 611 πλὴν
2249 542 2651 611 σκατοφαγεῖν
2668 558 2688 605 ;
2727 541 2859 604 Θεὸς
2905 542 2965 595 δὲ
3007 541 3129 596 καθ’
3158 544 3306 613 ἡμᾶς
3346 543 3636 615 προϐάτων

2060 635 2265 708 σάρκας
2295 634 2395 688 οὐκ
2439 632 2644 704 ἧσθιεψ
2693 633 2779 685 ἵνα
2821 632 2930 704 γὰρ
2970 634 3063 686 καὶ
3104 632 3250 707 δόξῃ,
3298 635 3379 687 ὅτι
3423 634 3629 706 ἤσθιεν,

2055 721 2131 786 ὡς
2177 722 2335 793 σῶμα
2374 720 2576 793 φορῶν,
2609 723 2637 774 ὁ
2689 720 2893 790 Ἰησοῦς
2939 721 3142 793 ἤσθιεν.
3188 722 3347 777 Ἀλλά
3377 724 3635 795 καὶπερὶ

2055 810 2154 881 τῆς
2192 810 2355 882 Χολῆς
2402 810 2498 863 καὶ
2543 809 2638 861 τοῦ
2691 808 2849 872 ὄξους
2891 811 3374 881 προφητευθέντων
3423 815 3481 866 ἐν
3528 812 3626 884 τῷ·

2061 901 2329 955 Ἕδωκαν
2365 903 2453 968 είς
2490 899 2558 953 τὸ
2587 898 2801 969 ,βρῶμά
2839 917 2960 969 μου
3003 900 3216 969 χολὴν,
3260 902 3357 955 καὶ
3393 905 3480 970 εις
3515 904 3632 973 τὴν

2056 992 2246 1061 δίψαν
2274 1010 2394 1062 μου
2442 989 2731 1045 ἐπότισάν
2761 1009 2838 1060 με
2885 991 3048 1057 ὅξος*
3102 995 3160 1048 ἐν
3212 996 3323 1057 τοῖς
3375 995 3637 1067 ἀνωτέρω

2059 1084 2445 1155 προειρηκότες
2474 1082 2892 1153 ἀναγκαζόμεθα
2935 1084 3039 1137 ὑπὸ
3075 1084 3169 1138 τοῦ
3204 1086 3413 1139 Κέλσου
3446 1087 3638 1141 παλιλ-

2057 1172 2254 1243 λογεῖν·
2293 1174 2380 1227 ἀε)⁸
2411 1173 2521 1246 γάρ
2553 1178 2602 1228 οἱ
2646 1174 2724 1245 τῷ
2764 1174 2865 1245 τῆς
2902 1174 3157 1247 ἀληθείας
3200 1178 3634 1247 ἐπιϐουλεύοντες

2056 1264 2200 1335 λόγῳ
2246 1265 2405 1336 χολὴν
2449 1267 2547 1338 τὴν
2583 1266 2690 1320 ἀπὸ
2736 1268 2835 1339 τῆς
2878 1267 2988 1340 (90)
3037 1268 3242 1322 ἑαυτῶν
3293 1270 3491 1334 κακίας
3537 1272 3634 1324 καὶ

2057 1353 2177 1420 ὂξος
2208 1355 2269 1407 τὸ
2297 1354 2406 1408 ἀπὸ
2436 1356 2535 1426 τῆς
2571 1355 2703 1419 ιδίας
2737 1356 2831 1408 ἐπὶ
2868 1355 2937 1409 τὰ
2970 1354 3150 1424 φαῦλα
3189 1356 3396 1427 τροπῆς
3428 1358 3633 1428 προσά-

2059 1461 2212 1513 γουσι
2243 1444 2322 1515 τῷ
2350 1443 2568 1515 Χριστῷ
2598 1445 2693 1499 καὶ
2722 1444 2836 1515 Υίῷ
2868 1442 2961 1498 τοῦ
2993 1443 3125 1499 Θεοῦ
3159 1444 3289 1515 (91)·
3326 1444 3385 1509 ὃς
3430 1444 3630 1513 γευσά-

2062 1550 2222 1605 μενος
2250 1535 2310 1587 ού
2344 1534 2485 1587 θέλει
2514 1536 2680 1588 πιεῖν.

2158 1608 2293 1678 Εἶτα
2360 1624 2499 1695 μετά
2544 1624 2734 1688 ταῦτα,
2771 1622 3090 1695 βουλόμενος
3153 1624 3478 1695 ἀνατρέπειν
3535 1622 3635 1694 τὴν

2058 1715 2238 1767 πίστιν
2276 1713 2402 1778 τῶν,
2451 1713 2539 1767 διά
2582 1714 2643 1766 τὸ
2695 1714 3212 1785 προπεφητεῦσθαι,
3257 1714 3611 1785 παραδεξαμέ

2058 1823 2165 1862 νων
2190 1806 2258 1859 τά
2290 1805 2384 1859 τοῦ
2429 1806 2622 1878 Ἰησοῦ,
2659 1807 2823 1878 φησί’
2858 1807 3023 1875 Φέρε,
3059 1809 3167 1861 ἐὰν
3186 1808 3553 1876 προείπωσιν
3576 1807 3636 1863 οι

2058 1894 2352 1965 προφῆται
2375 1894 2483 1949 τὸν
2501 1897 2694 1965 μέγαν
2721 1896 2888 1961 Θεὸν,
2916 1898 3015 1951 ἵνα
3032 1897 3225 1966 μηδὲν
3250 1896 3403 1951 ἄλλο
3441 1913 3639 1966 φορτι-

2058 1987 2317 2055 κώτερον
2338 1987 2502 2052 εἴπω,
2529 1986 2906 2055 δουλεύσειν,
2941 1988 2979 2057 ἢ
3006 1987 3318 2055 νοσήσειν,
3346 1989 3384 2055 ἢ
3407 1990 3636 2041 ἀποθαο

2055 2078 2203 2133 νεῖν’
2234 2077 2624 2143 τεθνήξεσθαι
2651 2077 2853 2143 δεήσει
2874 2078 2979 2131 τὸν
2995 2076 3162 2141 Θεὸν,
3190 2076 3227 2144 ἢ
3255 2076 3637 2142 δουλεύσειν,

2057 2171 2095 2239 ἢ
2141 2169 2434 2237 νοσήσειν
2453 2209 2468 2233 ,
2525 2168 2732 2237 ἐπειδὴ
2791 2169 3124 2237 προείρητοο
3181 2170 3281 2222 ἵνα
3339 2166 3637 2237 πιστευθῇ

2056 2264 2391 2327 ἀποθανὼν,
2428 2262 2517 2316 ὅτι
2547 2262 2691 2329 Θεὸς
2717 2259 2826 2333 ﬁn;
2868 2262 3018 2316 Ἀλλ’
3048 2264 3158 2316 οὐκ
3188 2260 3263 2314 ἂν
3297 2262 3638 2329 προείποιεν

2056 2354 2233 2409 τοῦτο
2262 2356 2316 2407 οἱ
2349 2350 2665 2422 προφῆται*
2708 2353 2896 2408 κακὸν
2927 2351 3038 2420 γάρ
3067 2353 3198 2405 ἐστι
3228 2352 3326 2405 καὶ
3359 2353 3633 2407 ἁνόσιονο

2057 2445 2282 2499 οὐκοῦν
2320 2445 2441 2498 οὔτ’
2474 2446 2524 2497 εὶ
2576 2446 2880 2512 προεῖπον,
2925 2443 3046 2496 οὔτ’
3088 2444 3141 2496 εἰ
3184 2442 3271 2512 μὴ
3321 2442 3632 2509 προεῖπον,

2057 2535 2375 2590 σκεπτέον·
2411 2534 2572 2590 ἀλλὰ
2603 2537 2655 2589 εί
2684 2534 2750 2588 τὸ
2781 2536 2958 2605 ἔργον
2989 2533 3160 2597 ἄξιόν
3191 2534 3322 2587 ἐστι
3351 2534 3498 2587 Θεοῦ
3533 2531 3660 2588 καὶ¹

2057 2623 2266 2676 καλόν.
2300 2621 2384 2687 Τῷ
2428 2622 2479 2674 δ’
2508 2620 2738 2691 αἰσχρῷ
2770 2622 2867 2676 καὶ
2904 2620 3085 2687 κακῷ,
3117 2621 3232 2675 κᾶν
3278 2621 3499 2687 πάντες
3531 2621 3634 2676 ἄν·

2057 2715 2275 2781 θρωποι
2313 2714 2661 2783 μαινόμενοι
2708 2715 3023 2783 προλέγειν
3066 2711 3344 2777 δοκῶσιν,
3384 2714 3635 2781 ἀπιστη-

2058 2801 2214 2859 τέον.
2236 2801 2368 2870 Πῶς
2388 2799 2501 2859 οὖν
2526 2804 2599 2859 τὰ
2625 2804 2758 2872 περὶ
2774 2805 3010 2868 τοῦτον,
3041 2806 3121 2870 ὡς
3144 2805 3275 2873 περὶ
3301 2804 3465 2869 Θεὸν,
3491 2821 3636 2872 πρα-

2058 2893 2276 2961 χθέντα
2304 2893 2477 2948 ἐστὶν
2502 2895 2678 2959 ὅσια;
2706 2895 2952 2963 φαίνεται
2977 2895 3040 2966 δὴ
3069 2895 3155 2948 διὰ
3186 2894 3387 2949 τούτων
3421 2894 3635 2965 ἰσχυρὸν

389 2985 578 3042 Celsus
606 2984 787 3054 aliquo
810 2985 967 3040 modo
990 2985 1225 3039 sensisse
1246 2984 1557 3054 pmphetias
1581 2983 1646 3039 de
1677 2982 1806 3040 Jesu
1832 2983 1954 3039 edi-

2066 2982 2166 3054 μέν
2206 3001 2258 3037 τι
2284 2985 2421 3056 πρὸς
2448 2983 2619 3037 πειθὼ
2650 2984 2757 3038 τῶν
2785 2984 3087 3039 ἀκουόντων
3129 2985 3545 3057 ὑπονενοηκέναι
3574 2984 3639 3037 τὸ

389 3088 475 3131 tas
504 3075 685 3147 magni
723 3089 841 3131 esse
868 3074 1131 3130 momenti
1175 3075 1241 3128 ad
1286 3073 1692 3144 persuadendos
1740 3073 1956 3129 audito-

390 3179 480 3220 res
516 3186 531 3222 :
562 3165 657 3220 sed
685 3164 813 3219 illud
847 3164 1111 3233 dissipare
1163 3173 1390 3219 conatur
1418 3163 1505 3220 his
1551 3162 1734 3218 verbis
1772 3179 1788 3218 :
1830 3160 1956 3218 Non

387 3256 551 3325 igitur
572 3256 913 3323 spectandum
936 3262 1015 3310 est
1049 3254 1463 3326 prtcdixerintne
1476 3253 1742 3323 prapheta:
1757 3268 1827 3307 an
1851 3268 1956 3307 non

388 3344 749 3414 prazdiaerint.
778 3345 850 3400 At
872 3346 917 3401 si
950 3357 1097 3401 recta
1120 3345 1207 3400 via
1243 3353 1301 3400 et
1335 3358 1443 3400 non
1491 3344 1666 3400 fallaci
1698 3345 1841 3415 quod
1873 3342 1958 3399 di-

388 3435 529 3490 citur
545 3436 763 3507 aggredi
792 3435 1073 3502 voluisset,
1096 3436 1281 3492 dicere
1318 3450 1439 3490 eum
1475 3436 1803 3504 oportebat:
1840 3434 1948 3491 De-

391 3529 787 3582 monstrandum
821 3527 983 3598 igitur
1025 3543 1107 3581 res
1149 3527 1269 3581 illas
1308 3542 1413 3580 non
1457 3526 1619 3596 fuisse
1652 3526 1957 3595 praedictas,

392 3628 483 3672 aut
512 3633 630 3686 quae
653 3618 719 3673 de
740 3617 955 3672 Christo
982 3616 1239 3686 prwdicta
1260 3623 1407 3681 sunt,
1437 3631 1591 3670 suum
1616 3615 1674 3670 in
1696 3615 1829 3671 Jesu
1853 3632 1957 3672 non

391 3708 633 3764 habuisse
670 3709 891 3775 exitum,
939 3717 996 3766 et
1039 3723 1203 3779 quam
1248 3707 1453 3764 habere
1496 3721 1557 3764 se
1600 3709 1825 3778 putabat
1867 3711 1960 3765 de-

391 3798 842 3854 monstrationem
878 3798 1105 3855 inferre.
1135 3798 1228 3854 Sic
1260 3800 1406 3854 enim
1434 3802 1779 3869 apparuisset
1808 3816 1959 3871 quae-

389 3903 515 3944 nam
542 3890 837 3959 pr0phetize
871 3891 1185 3946 contineant
1234 3907 1357 3962 qua;
1390 3907 1420 3948 a
1472 3892 1630 3947 nobis
1670 3892 1738 3947 ad
1773 3891 1958 3948 Jesum

391 3980 720 4047 referuntur,
765 3990 819 4035 et
859 3982 1128 4051 quomodo
1170 3994 1413 4039 nostram
1450 3984 1955 4053 interpretationem

389 4069 579 4125 falsam
603 4085 725 4126 esse
747 4072 938 4140 probet
968 4090 981 4127 :
1015 4072 1094 4128 sic
1120 4074 1282 4130 etiam
1323 4088 1658 4145 cognoscere
1700 4072 1862 4145 704
1893 4074 1959 4128 Ιί-

387 4164 608 4229 auisset,
632 4177 699 4218 an
738 4171 959 4221 strenue
1001 4173 1210 4220 evertat
1258 4179 1379 4235 quae
1430 4179 1497 4221 ex
1550 4165 1830 4235 prophetis
1861 4178 1960 4234 pro

387 4252 518 4308 Jesu
574 4254 961 4324 depromimus,
1022 4271 1092 4311 an
1143 4257 1428 4312 convictus
1475 4256 1548 4312 sit
1588 4256 1959 4327 impudentim,

2057 3074 2187 3145 περὶ
2238 3074 2330 3128 τοῦ
2383 3073 2865 3146 προπεφητεῦσθαι
2911 3074 3005 3128 τὸν
3066 3075 3272 3146 Ἰησοῦν
3320 3074 3632 3143 κεφάλαιον⁸

2058 3165 2201 3238 ἄλλῳ
2246 3165 2303 3219 δὲ
2348 3164 2561 3237 πιθανῷ
2600 3165 2892 3237 πειρᾶσθαι
2933 3165 3260 3237 ἀνατρέπειν
3312 3165 3402 3217 τὸν
3456 3163 3634 3232 λόγον,

2057 3255 2319 3325 φάσκων·
2378 3256 2615 3311 Οὐκοῦν
2661 3256 2785 3311 οὔτ’
2834 3259 2883 3310 ει
2930 3255 3237 3324 προεῖπον,
3290 3255 3413 3310 οὔτ’
3459 3256 3511 3308 ει
3548 3252 3636 3322 μὴ

2057 3346 2364 3417 προεῖπον,
2410 3347 2724 3401 σκεπτέον.
2776 3347 2972 3419 Ἐχρῆν
3003 3347 3069 3411 δ’,
3100 3346 3258 3417 εἴπερ
3289 3346 3363 3416 μὴ
3394 3345 3635 3417 παραλοο

2058 3436 2338 3505 γιστικῶς,
2377 3436 2490 3491 ἀλλ’
2536 3437 2925 3501 ἀποδεικτικῶς
2973 3436 3220 3490 ἐϐούλετο
3268 3435 3520 3505 ἐνστῆναι
3559 3434 3638 3504 τῷ

2058 3526 2351 3597 λεγομένῳ,
2415 3530 2619 3583 εἰπεῖν’
2679 3527 2918 3581 Οὐκοῦν
2973 3524 3360 3580 ἀποδεικτέον
3411 3523 3503 3576 ὅτι
3563 3527 3640 3578 οὺ

2058 3619 2363 3685 προεῖπονο
2415 3619 2453 3686 ἢ
2496 3621 2589 3681 οὺ,
2637 3619 2831 3683 καθὼς
2876 3616 3180 3684 προεῖπον,
3227 3615 3301 3668 τὰ
3347 3615 3479 3682 περὶ
3524 3615 3639 3668 τοῦ

2058 3709 2317 3777 Χριστοῦ
2367 3709 2745 3776 πεπλήρωται
2800 3708 2872 3761 ἐν
2922 3705 3001 3772 τῷ
3067 3706 3267 3774 Ἰησοῦ
3319 3704 3635 3775 λεχθέντα·

2058 3800 2153 3852 καὶ
2188 3798 2465 3871 ἐπιφέρειν
2508 3799 2606 3867 τὴν
2654 3796 2915 3852 δοκοῦσαν
2959 3796 3106 3868 αὐτῷ
3152 3796 3442 3860 ἀπόδειξιν.
3480 3795 3639 3851 Οὕτω

2058 3889 2167 3959 γάρ
2201 3890 2452 3958 ἐφαίνετο
2492 3888 2578 3951 ἂν,
2610 3889 2732 3944 τίνα
2775 3888 2873 3959 μὲν
2921 3890 2977 3943 αἱ
3024 3891 3346 3960 προφητεῖαι
3388 3886 3639 3956 λέγουσιν

2059 3981 2147 4049 ὑφ’
2178 3979 2334 4050 ἡμῶν
2359 3981 2735 4052 ἀναφερόμενα
2765 3981 2859 4034 ἐπὶ
2884 3981 2975 4034 τὸν
3009 3980 3234 4051 Ἰησοῦν,
3261 3979 3379 4043 πῶς
3405 3978 3461 4032 δὲ
3482 3973 3636 4041 οὗτος

2057 4072 2364 4143 ψευδοποιεῖ
2392 4072 2489 4143 τὴν
2524 4071 2751 4143 ἐκδοχὴν
2784 4071 2962 4142 ἡμῶν·
3008 4074 3103 4126 καὶ
3129 4072 3325 4143 εὑρεθῇ
3360 4072 3446 4135 ἂν,
3479 4071 3636 4124 πότε-

2062 4183 2156 4237 ρον
2183 4166 2441 4241 γενναίως
2475 4164 2860 4237 ἀνατρέπειτά
2894 4166 2982 4234 ὑφ’
3017 4166 3171 4236 ἡμῶν
3219 4166 3487 4236 φερόμενα
3528 4164 3635 4218 ἀπὸ

2062 4257 2171 4330 τῶν
2220 4258 2511 4329 προφητῶν
2558 4260 2638 4321 εις
2698 4256 2793 4310 τὸν
2836 4258 2963 4329 περὶ
3006 4258 3099 4311 τοῦ
3160 4257 3331 4328 Ἰησοῦ
3381 4256 3554 4325 λόγον,
3598 4255 3633 4326 ἢ

388 4344 481 4414 qui
511 4346 809 4414 perspicua:
836 4345 1076 4413 veritati,
1100 4348 1258 4417 quasi
1288 4346 1497 4402 veritas
1527 4360 1633 4402 non
1654 4356 1817 4413 esset,
1848 4344 1957 4400 vim

2063 4348 2345 4404 ἁλίσκεται
2400 4348 2767 4417 ἀναισχύντως
2824 4346 3103 4417 βιάζεσθαι
3153 4345 3321 4399 θέλων
3386 4345 3484 4416 τὴν
3533 4344 3634 4413 τῆς

389 4433 587 4493 afferre
619 4436 874 4493 voluerit.

465 4527 554 4582 15.
590 4526 852 4594 Quoniam
896 4542 1028 4585 vero
1071 4543 1386 4600 supponens
1429 4528 1784 4598 impossibilia
1811 4543 1961 4599 quae-

391 4620 516 4674 dam
546 4622 733 4678 etDeo
771 4623 909 4677 male
955 4622 1357 4686 convenientia,
1402 4620 1479 4674 ait
1518 4636 1533 4673 :
1574 4619 1634 4675 Si
1671 4621 1781 4673 Iuvc
1825 4620 1962 4688 fuis-

392 4730 505 4774 sent
539 4719 824 4775 desummo
847 4717 954 4772 Deo
977 4717 1252 4787 prazdicla,
1286 4732 1355 4769 an
1386 4716 1531 4769 credi
1565 4716 1628 4768 de
1663 4713 1772 4766 Deo
1800 4728 1957 4781 apor-

394 4818 548 4875 teret,
574 4826 634 4864 eo
654 4810 793 4877 quod
817 4810 1078 4879 prazdicta
1103 4808 1297 4877 fuerint
1322 4808 1347 4862 .’
1375 4809 1551 4875 Atque
1592 4806 1670 4861 sic
1706 4803 1959 4860 evincere

394 4909 567 4973 putat,
596 4900 805 4955 etiamsi
829 4899 942 4954 veri
970 4900 1172 4953 fuerint
1198 4900 1474 4969 propheta:
1527 4899 1618 4968 qui
1653 4911 1738 4951 res
1764 4894 1953 4963 hujus-

395 4989 538 5049 modi
564 4989 631 5044 de
665 4988 755 5042 Dei
789 4988 925 5043 Filio
969 4990 1337 5058 praedixerint,
1381 4989 1497 5043 fieri
1554 5003 1661 5042 non
1701 5001 1862 5056 posse
1898 4995 1958 5039 ut

397 5082 529 5139 fides
588 5078 838 5136 habenda
875 5079 947 5134 sit
1000 5077 1068 5134 iis
1114 5092 1232 5147 tum
1288 5077 1546 5155 praedicta
1605 5087 1750 5142 sunt,
1803 5074 1955 5130 illum

465 5235 511 5275 ⁸⁸
542 5234 686 5292 Psal.
710 5249 900 5301 vam,
923 5232 1016 5289 ΞΩ.
1090 5232 1136 5265 ἰ
1160 5231 1348 5288 Matth.
1382 5246 1555 5298 xxvii,
1589 5228 1679 5285 54.

466 5393 575 5466 (90)
606 5392 779 5466 Libb._
799 5390 930 5466 editi
948 5389 1016 5466 _in
1042 5397 1229 5466 _tcxtu,
1262 5386 1330 5466 ᾓν
1361 5383 1469 5466 an}?
1496 5384 1595 5466 τῆς
1616 5421 1632 5448 ,
1664 5382 1741 5466 ad
1761 5382 1963 5450 margi-

397 5454 520 5516 nem
553 5454 710 5532 vero,
729 5463 830 5532 τὴν
866 5458 1134 5532 ἀπὸῌτῆς.
1160 5454 1405 5532 rectius.“
1429 5454 1613 5532 i’aulo.
1629 5461 1749 5532 post
1804 5466 1962 5532 mss"

397 5532 490 5614 ἐπὶ
506 5531 590 5614 .τά
618 5519 798 5601 φαῦλα
837 5519 1270 5601 τροπῆς.”ιίι)ὺ.
1321 5524 1482 5592 editi,
1532 5524 1625 5575 ἐπὶ
1669 5521 1737 5575 τὰ
1787 5519 1965 5588 φαῦλα

402 5600 785 5739 Codex
816 5668 1018 5739 Regius
1039 5708 1054 5735 ,
1077 5666 1153 5739 τῷ
1176 5663 1393 5738 Χριστῷ
1418 5665 1510 5719 καὶ
1536 5661 1648 5735 Υἱῷ
1684 5659 1775 5714 τοῦ
1809 5657 1963 5713 Θεοῦ.

2060 4438 2315 4509 ἀληθείας
2341 4440 2644 4509 ἐνάργειαν,
2676 4437 2750 4501 ὡς
2779 4438 2879 4491 οὐκ
2908 4437 3191 4509 ἀλήθειαν.

2180 4531 2334 4583 Ἐπεὶ
2383 4530 2428 4583 δ’
2483 4529 2723 4584 ἀδύνατά
2765 4546 2885 4584 τινα
2943 4530 3037 4583 καὶ
3091 4528 3312 4600 ἀπρεπῆ
3345 4525 3463 4596 Θεῷ
3512 4524 3632 4578 καθ’

2063 4619 2316 4673 ὑπόθεσιν
2338 4618 2507 4682 τιθείς
2528 4635 2691 4689 φησιν
2706 4635 2719 4650 °
2744 4621 2814 4673 El
2836 4618 3022 4671 ταῦτα
3039 4618 3469 4686 προφητεύωτο
3501 4614 3632 4682 περὶ

2061 4711 2169 4763 τοῦ
2213 4710 2310 4763 ἐπὶ
2339 4709 2487 4764 πᾶσι
2534 4709 2703 4773 Θεοῦ,
2751 4703 2864 4777 ἄρ’,
2912 4708 3040 4763 ἐπεὶ
3110 4708 3484 4785 προλέγεται,
3533 4724 3631 4762 πι-

2062 4801 2300 4854 στεύειν
2313 4799 2423 4870 (9'2)
2440 4797 2535 4853 δεῖ
2558 4801 2631 4853 τὰ
2661 4799 2903 4853 τοιαῦτα
2933 4800 3062 4867 περὶ
3082 4798 3266 4863 Θεοῦ;
3295 4800 3404 4852 Καὶ
3428 4786 3636 4868 νομίζει

2062 4891 2585 4955 κατασκευάζεσθαι,
2616 4893 2718 4953 ὅτι,
2749 4892 2850 4945 κᾶν
2876 4891 3091 4962 ἀληθῶς
3123 4885 3223 4944 ὦσι
3251 4890 3638 4962 προειρηκότες

2061 4983 2111 5035 οἱ
2143 4982 2417 5053 προφῆται
2466 4983 2592 5052 περὶ
2639 4981 2769 5033 Υἰοῦ
2800 4980 2934 5034 Θεοῦ
2978 4981 3231 5045 τοιαῦτα,
3274 4980 3530 5033 ἀδύνατον
3570 4973 3636 5047 ἦν

2060 5073 2222 5129 αὑτὸν
2254 5071 2445 5127 παθεῖν
2486 5071 2521 5143 ἢ
2548 5071 2741 5143 δρᾶσαι
2774 5071 2970 5143 χρῆναι
3004 5070 3277 5125 πιστεύειν
3301 5072 3413 5133 τοῖς
3449 5083 3635 5142 προει-

2069 5379 2250 5434 Codex
2287 5376 2629 5449 Basileensis,
2657 5375 2982 5449 τῷΑΧριστῷ
3002 5373 3125 5449 τοῦῌ
3139 5372 3328 5449 Θεοῦ.Δ
3361 5370 3633 5449 ilwschcl.

2071 5458 2124 5501 el
2161 5449 2461 5519 Sponsam,
2497 5447 2577 5518 τῷ
2608 5441 2966 5519 Κυρίῳίτοζί
2992 5444 3153 5519 Θεοῦ.
3217 5444 3419 5497 ibidem
3478 5441 3633 5497 codd.

2071 5516 2670 5591 Iieg.:et_Basile§nsis,
2694 5516 2793 5591 ξ)ὺὲ
2822 5516 2982 5591 ἤθελε
3006 5517 3169 5591 πιεῖν.
3320 5581 3333 5591 _
3478 5579 3498 5591 _
3524 5580 3535 5591 ,

2142 5578 2254 5656 (ἴῆ)
2282 5586 2452 5656 Codd.
2494 5587 2625 5656 Reg.
2654 5578 2725 5644 ἐι
2756 5578 3077 5643 Basileensis
3099 5624 3115 5651 ,
3147 5581 3440 5637 πιστεύειν.
3476 5578 3634 5637 Libb.

2071 5654 2620 5725 cili'tipmctstiesiiai.
2899 5667 2905 5673 ‘
