3972 6160
333 286 457 341 11-11

1512 288 1787 345 CONTRA
1824 287 2102 344 CELSUM
2154 287 2279 342 LIB.
2322 285 2434 341 'i’ll.

3426 295 3447 348 1
3464 295 3565 351 ιιτ

329 405 595 478 ρημὲνοις·
624 404 856 468 λεκτέον,
890 406 971 457 ὅτι
1005 408 1036 475 ἡ
1071 404 1322 468 ὑπόθεσις
1346 403 1506 457 αὐτοῦ
1538 406 1733 467 ἄτοπος
1765 401 1882 457 οὖσα

2001 419 2192 473 nempe
2220 404 2345 456 [alia
2373 413 2462 457 aut
2495 401 2762 458 facturum
2801 414 2895 459 aut
2936 419 3222 475 passurum
3255 423 3412 477 esse;
3477 429 3563 468 re-

330 498 548 565 ποιήσαι
584 494 648 546 ἂν
681 496 1000 565 συνημμένα
1037 498 1115 559 εἰς
1155 497 1223 549 τὰ
1270 494 1517 565 ἀλλήλοις
1548 496 1894 566 ἀντικείμενα

329 586 576 656 λήγοντα·
598 586 733 655 ὅπερ
756 585 895 638 οὕτω
914 585 1198 638 δείκνυται.
1229 586 1289 638 Εἰ
1311 588 1357 638 οἱ
1380 585 1591 654 ἀληθῶς
1624 586 1893 655 προφῆται

330 676 417 729 τοῦ
458 677 551 729 ἐπὶ
596 678 732 729 πᾶσι
775 676 910 729 Θεοῦ
950 676 1238 739 δουλεύειν,
1279 678 1311 748 ἢ
1366 681 1538 730 νοσεῖν
1583 679 1669 731 ἀεὶ
1698 678 1892 749 (95),ἢ

332 769 675 840 τεθνήξεσθαι
718 770 947 838 φήσουσι
985 768 1074 823 τὸν
1124 769 1289 832 Θεὸν,
1337 768 1673 839 συμϐήσεται
1722 770 1893 821 ταῦτα

331 862 455 930 περὶ
485 862 573 913 τὸν
610 860 760 914 Θεόν·
796 860 1044 929 ἀψευδεῖν
1076 861 1182 931 γὰρ
1211 860 1421 930 ἀνάγκη
1455 862 1580 924 τοὺς
1604 860 1696 913 τοῦ
1727 861 1895 931 μεγά-

328 966 415 1003 ι.ου
440 950 574 1003 Θεοῦ
609 950 908 1020 προφήτας·
942 949 1075 1001 ἀλλά
1105 950 1199 1001 καὶ
1226 951 1273 1001 ει
1300 950 1348 1000 οἱ
1380 948 1592 1019 ἀληθῶς
1619 950 1893 1019 προφῆται

330 1041 416 1095 τοῦ
447 1041 539 1093 ἐπὶ
571 1044 702 1094 πᾶσι
734 1040 867 1093 Θεοῦ
901 1041 967 1092 τὰ
1000 1040 1135 1092 αὐτὰ
1163 1039 1333 1092 ταῦτὰ
1363 1057 1544 1108 φασιν,
1581 1040 1703 1093 ἐπεὶ
1734 1042 1799 1093 τὰ
1828 1044 1890 1111 τῇ

325 1132 483 1201 φύσει
514 1131 747 1184 ἀδύνατα
770 1131 869 1183 οὐκ
894 1130 1038 1183 ἔστιν
1062 1128 1253 1199 ἀληοῖγ
1286 1131 1383 1182 οὐκ
1410 1129 1475 1183 ἂν
1506 1131 1742 1202 συμϐαίη
1766 1136 1895 1205 περὶ

324 1222 413 1275 τὸν
458 1223 610 1286 Θεὸν,
646 1222 680 1275 ἆ
709 1222 957 1289 λέγουσιν
987 1224 1035 1274 οἱ
1083 1222 1381 1293 προφῆται,
1417 1221 1608 1292 ἀληθῆ.
1643 1224 1808 1276 Ὅταν
1838 1226 1893 1277 δὲ

323 1314 415 1367 δύο
481 1316 796 1384 συνημμένα
862 1314 1002 1386 λήγῃ
1072 1314 1153 1376 εἰς
1208 1312 1276 1365 τὰ
1340 1312 1586 1383 ἀλλήλοις
1662 1315 1897 1366 ἀντικεί-

329 1423 465 1475 μενα
507 1405 583 1475 τῷ
614 1405 931 1473 καλουμένῳ
973 1404 1059 1457 διὰ
1104 1404 1195 1457 δύο
1244 1404 1595 1474 προφητικῶν
1618 1404 1726 1474 (94)
1763 1405 1894 1457 Osto-

327 1498 551 1568 ρήματι,
585 1498 881 1566 ἀναιρεῖται
922 1495 981 1547 τὸ
1014 1497 1071 1547 ὲν
1104 1496 1432 1566 ἀμφοτέροις
1470 1499 1580 1558 τοῖς
1617 1496 1894 1565 συνημμέ-

324 1603 434 1648 νοις
466 1585 781 1655 ἡγούμενον
816 1584 951 1653 ὅπερ
994 1585 1052 1636 ἐν
1094 1584 1303 1644 τούτοις
1343 1585 1459 1637 ἐστὶ
1491 1586 1567 1647 τὸ,
1610 1586 1893 1656 προλέγειν

324 1678 447 1740 τοὺς
481 1676 765 1745 προφήτας
798 1675 858 1727 τὸ
893 1676 1063 1745 μέγαν
1112 1675 1243 1727 Θεὸν
1289 1675 1622 1737 δουλεύσειν,
1665 1677 1696 1745 ἢ
1736 1677 1894 1745 νοσή-

1994 494 2370 565 spondendum
2394 502 2488 547 est
2507 494 2647 549 hanc
2679 493 2796 562 ejus
2819 498 3241 565 suppositionem
3270 504 3561 560 absurdam

1993 601 2133 649 esse,
2182 594 2242 639 ut
2292 600 2412 654 quae
2464 599 2717 640 connexa
2762 599 2956 655 ponat,
3018 593 3215 658 qutein
3280 599 3559 653 contraria

1995 678 2381 747 consequentia
2408 678 2662 732 desinunt
2694 694 2707 731 :
2752 679 2892 747 quod
2927 680 3005 734 sic
3044 678 3560 746 demonstraturQSi

1995 773 2107 827 veri
2140 772 2413 841 prophetae
2436 773 2782 841 praedixerint
2811 789 3078 829 summum
3118 778 3308 845 Deum,
3333 791 3425 834 aut
3444 795 3563 837 ser-

1994 867 2259 933 viturum,
2301 877 2392 920 aut
2438 876 2850 936 :egrotaturum,
2894 878 2986 921 aut
3028 872 3350 926 moriturum
3408 890 3555 943 esse;

1994 958 2109 1011 haec
2132 957 2240 1011 Deo
2261 956 2510 1011 evenient
2535 974 2547 1009 :
2577 972 2700 1011 nam
2736 974 2763 1010 a
2792 959 3072 1027 prophetis
3104 965 3277 1032 magni
3314 966 3407 1019 Dei
3430 981 3558 1022 vera
3609 968 3613 972 ’

1996 1047 2096 1099 dici
2134 1060 2412 1101 necessum
2445 1059 2549 1101 est.
2586 1047 2692 1101 Sed
2730 1056 2785 1102 et
2819 1049 2860 1101 si
2894 1050 3007 1103 veri
3051 1053 3329 1122 prophetae
3361 1056 3557 1110 summi

1996 1135 2089 1188 Dei
2121 1134 2305 1188 eadem
2342 1133 2456 1187 haec
2487 1135 2692 1199 dicunt,
2739 1132 3154 1207 quoniamquae
3196 1152 3388 1197 natura
3434 1157 3560 1201 sunt

1998 1222 2368 1290 impossibilia,
2397 1236 2522 1276 vera
2561 1238 2665 1276 non
2707 1233 2853 1291 sunt,
2882 1226 2990 1283 Deo
3015 1244 3120 1282 non
3169 1233 3558 1304 evenientqua:

1994 1327 2119 1366 vere
2150 1312 2335 1367 dicunt
2362 1313 2656 1383 prophetae.
2677 1313 2794 1369 Jam
2814 1332 2943 1371 vero
2978 1322 3190 1387 quoties
3217 1337 3466 1380 connexa
3503 1328 3554 1381 in

1994 1401 2100 1455 duo
2155 1404 2428 1457 contraria
2493 1409 2885 1475 consequentia
2935 1410 3183 1466 desinunt
3237 1428 3558 1485 argumento

1995 1488 2134 1556 quod
2187 1505 2284 1559 per
2341 1491 2447 1545 duo
2516 1507 2764 1546 connexa
2802 1495 3175 1563 appellatur,
3235 1504 3558 1558 antecedens

1994 1581 2277 1650 utriusque
2302 1584 2534 1637 connexi
2564 1585 2827 1638 evertitur
2859 1603 2870 1638 :
2899 1587 3041 1654 quod
3075 1588 3292 1655 quidem
3322 1591 3375 1645 in
3408 1606 3466 1647 re
3491 1593 3558 1648 de

1996 1687 2098 1738 qua
2135 1672 2471 1742 agituristud
2501 1684 2606 1739 est,
2638 1676 2954 1743 prmdixisse
2978 1677 3268 1746 prophetas
3304 1696 3557 1753 magnum

327 1783 456 1828 σειν,
510 1766 542 1834 ἦ
595 1764 963 1836 τεθνήξεσθαι.
1009 1765 1307 1833 Συνάγεται
1348 1761 1440 1819 οὖν
1487 1766 1568 1827 τὸ,
1615 1767 1727 1819 Οὐκ
1784 1767 1882 1838 ἄρα

1997 1763 2160 1817 Deum
2190 1764 2644 1825 autserviturum,
2668 1774 2760 1817 aut
2779 1745 3192 1834 aegrotaturum,
3215 1779 3308 1823 aut
3333 1745 3560 1828 moritu-

325 1860 584 1928 προεῖπον
636 1857 686 1909 οἱ
718 1856 994 1926 προφῆται
1044 1856 1133 1909 τὸν
1183 1857 1353 1925 μέγαν
1397 1856 1527 1909 Θεὸν
1565 1857 1887 1922 δουλεύσειν,

323 1947 358 2018 ἢ
387 1947 654 2016 νοσήσειν,
682 1945 716 2016 ἢ
745 1944 1110 2015 τεθνήξεσθαι·
1142 1946 1236 1997 καὶ
1266 1944 1529 2012 ὑπάγεται
1562 1961 1624 2011 γε
1667 1946 1697 1997 ὁ
1736 1946 1891 2014 λόγος

322 2040 506 2110 τρόπῳ
546 2037 790 2107 τοιούτῳ·
831 2038 895 2090 Ei
935 2036 995 2088 τὸ
1041 2036 1274 2109 πρῶτον,
1320 2038 1414 2088 καὶ
1445 2036 1504 2089 τὸ
1536 2036 1802 2107 δεύτερον·
1842 2039 1890 2090 εἰ

324 2130 385 2182 οὐ
416 2130 474 2183 τὸ
500 2129 732 2200 πρῶτον,
769 2128 829 2181 οὐ
857 2128 916 2181 τὸ
946 2128 1193 2198 δεύτερον
1221 2127 1351 2198 (95)*
1384 2129 1481 2180 οῦγ
1512 2127 1620 2198 ἄρα
1649 2128 1708 2180 τὸ
1742 2130 1890 2199 πρῶ-

324 2235 431 2271 τον.
466 2219 690 2290 Φέρουσι
718 2218 774 2270 δὲ
804 2220 899 2271 καὶ
931 2219 1022 2270 ἐπὶ
1061 2216 1191 2286 ὕλης
1218 2218 1307 2269 τὸν
1336 2216 1535 2287 τρόπον
1562 2217 1672 2287 (96)
1706 2219 1889 2272 τοῦτον

394 2372 503 2443 (95)
535 2373 869 2436 Δουλεύειν,
905 2372 944 2439 ἢ
964 2371 1172 2426 νοσεῖν
1196 2372 1309 2443 ἀειζ2
1336 2370 1477 2440 Lego
1503 2371 1825 2443 δουλεύσειν
1854 2372 1886 2443 ἢ

321 2439 588 2513 νοσήσειν.
620 2443 817 2495 Ibidem
862 2457 959 2513 pro
996 2443 1225 2513 φήσουσι
1264 2439 1602 2495 Ilmschelius
1650 2452 1705 2495 et
1757 2439 1886 2513 mss.

322 2511 530 2582 habent
570 2513 834 2582 φήσομεν.
860 2511 1238 2565 Verumtamen
1265 2512 1330 2582 ad
1364 2513 1661 2582 marginem
1684 2512 1889 2564 codicis

324 2580 652 2634 Basileeusis
691 2580 885 2648 legitur
938 2594 1004 2632 ex
1055 2580 1393 2633 correctione
1453 2580 1676 2648 φήσοιεν
1709 2620 1722 2645 ,
1768 2595 1888 2648 quae

324 2649 487 2701 lectio
520 2649 798 2701 videretur
842 2648 1175 2715 pratl'erenda
1211 2648 1256 2701 si
1305 2648 1539 2717 plurium
1580 2654 1885 2704 manuscri-

322 2726 539 2785 ptorum
573 2717 893 2770 auctoritate
922 2717 1247 2785 firmaretur.

396 2786 506 2855 (94)
545 2786 647 2839 Διὰ
680 2786 789 2839 δύο
826 2782 1223 2856 προφητικῶν.
1256 2783 1395 2855 Lege
1430 2786 1517 2840 διὰ
1565 2783 1655 2838 δύο
1695 2804 1884 2856 τροπι-

324 2855 456 2919 κῶν,
488 2866 543 2908 ιιι
575 2865 718 2909 recte
755 2856 962 2909 monuit
991 2855 1335 2909 doctissimus
1359 2856 1623 2911 Henricus
1642 2855 1887 2912 Valesius

322 2926 553 2993 epistola
574 2926 640 2979 ad
666 2924 1003 2993 Sarravium.
1035 2923 1262 2978 Fallitur
1284 2923 1593 2992 Stephanus
1619 2925 1666 2978 le
1697 2925 1888 2992 Magne

253 3000 265 3011 '
322 2997 413 3063 qui
448 2997 499 3048 in
537 2994 680 3049 notis
719 2994 784 3047 ad
828 2992 988 3046 Varia
1017 3009 1190 3056 sacra,
1215 3007 1347 3063 pag.
1387 2993 1515 3060 49S,
1548 2995 1742 3063 inhoc
1766 2995 1887 3048 Ori-

319 3060 474 3185 genis
500 3064 617 3117 loco
640 3064 857 3135 τρόπων
886 3077 982 3131 pro
1004 3060 1278 3132 τροπικῶν
1302 3060 1496 3131 Ἰοεονο
1528 3062 1734 3115 maluit.
1781 3064 1887 3116 Τοῦ
1916 3083 1957 3139 C

353 3134 405 3185 ιὰ
432 3133 522 3185 δύο
553 3132 829 3185 τροπικῶν
853 3132 1205 3185 Οεωοήματος
1239 3132 1483 3185 meminit
1540 3131 1735 3185 Sextus
1761 3132 1889 3185 Em-

353 3134 405 3186 ιὰ
432 3133 522 3186 δύο
553 3131 829 3204 τροπικῶν
853 3131 1205 3204 ρεωρήματος
1239 3132 1483 3186 meminit
1540 3131 1735 3186 Sextus
1761 3132 1889 3187 Em-

362 3205 526 3256 iricus
555 3200 605 3255 in
654 3204 749 3255 lib.
780 3217 815 3255 ιι
848 3200 1119 3271 Pyrrhon.
1181 3204 1515 3271 hypotypos.,
1542 3216 1706 3271 novae
1755 3204 1884 3255 edit.

362 3220 526 3256 ll‘lCllS
555 3219 605 3255 tu
654 3219 749 3255 ιιυ.
780 3219 815 3255 ιι
854 3219 1119 3271 ryrrnon.
1181 3219 1515 3270 nyporypos.,
1556 3219 1706 3254 nova:
1755 3219 1884 3255 emt.

319 3219 615 3341 {ipsiensis
643 3270 899 3341 pag‘sGG:
939 3272 1145 3341 Ὥσπερ
1167 3271 1275 3340 γὰρ
1302 3272 1330 3322 ὁ
1360 3271 1433 3341 μὴ
1451 3269 1605 3341 εἰδὼς
1637 3271 1884 3341 εἰτύχοι,

316 3341 371 3393 τί
392 3338 541 3393 ἐστιν
572 3339 633 3392 τὸ
665 3338 784 3392 καθ’
814 3340 843 3392 ὃ
867 3338 1341 3446 περιαιρουμένου,
1422 3338 1501 3391 ’τὸ
1527 3340 1613 3392 διὰ
1646 3340 1737 3393 δύο
1765 3338 1886 3412 τρο-

320 3409 493 3446 ιπινιτιυ
527 3408 781 3446 “coiturith
845 3408 936 3446 nv'iﬁ
997 3410 1167 3446 ςῖπςῗυ
1195 3426 1241 3446 tn
1277 3408 1490 3446 Xi'iunrrnr
1526 3410 1648 3446 ιπτηῖ
1688 3411 1863 3446 ηιίηιτιυ

320 3409 493 3463 πικῶν
527 3408 784 3479 θεώρημα
803 3448 816 3473 ,
845 3408 964 3479 οὐδὲ
997 3408 1170 3479 εἰπεῖν
1195 3426 1246 3460 τι
1277 3408 1495 3461 δύναται
1526 3410 1654 3478 περὶ
1687 3408 1883 3466 αὐτῶν.

322 3478 774 3543 Quemadmodum
805 3478 943 3531 enim
978 3479 1023 3529 is
1047 3478 1137 3542 qui
1163 3478 1395 3545 ignorat,
1428 3479 1651 3542 exempli
1690 3482 1882 3547 gratia,

318 3549 444 3616 quid
469 3550 538 3601 sit
558 3556 925 3617 argumentum
960 3547 1119 3599 eversi
1160 3547 1446 3617 secundum
1494 3548 1651 3617 quid,
1671 3548 1748 3599 vel
1796 3564 1885 3599 ar-

316 3616 735 3687 gumentum'per
781 3621 887 3669 duo
926 3631 1180 3687 connezga,
1236 3631 1298 3669 ne
1350 3616 1521 3687 dicere
1567 3616 1773 3687 quidem
1822 3617 1887 3669 de

316 3684 445 3755 ipsis
469 3687 751 3757 quidquam
779 3696 1070 3757 potest._——_
1093 3684 1223 3757 Cum
1247 3693 1452 3757 autem,
1479 3685 1653 3757 inquit
1686 3687 1885 3757 doctis-

318 3753 488 3811 simus
516 3753 673 3809 Joan.
692 3753 947 3809 Albertus
970 3753 1247 3808 Fabricius
1276 3753 1399 3809 Not.
1431 3755 1482 3807 in
1513 3754 1655 3807 hunc
1685 3753 1882 3817 locum,

314 3841 380 3880 ea:
403 3826 565 3880 Joan.
603 3824 881 3889 Philopon.
912 3825 967 3876 in
1001 3839 1020 3877 ι
1055 3824 1293 3891 priorum
1336 3824 1731 3893 Analyticorum
1762 3840 1884 3877 con-

315 3906 412 3950 stet
441 3893 914 3966 spontx6v_Stoicis
940 3894 1133 3966 dictum
1156 3909 1263 3966 esse
1304 3894 1710 3960 propositionem
1759 3909 1882 3945 con-

317 3962 503 4017 nexum
532 3966 585 4017 in
637 3964 939 4031 syllogismo
989 3962 1338 4031 hypot/tetico,
1370 3971 1778 4015 consentaneum
1806 3972 1882 4015 est

312 4033 401 4086 διά
444 4032 535 4086 δύο
586 4032 861 4102 τροπικῶν
912 4031 1171 4101 θεώρημα
1217 4047 1326 4084 esse
1357 4039 1729 4102 argumentum
1777 4047 1879 4102 quo

314 4105 436 4155 bina
465 4099 701 4155 connexa
737 4103 835 4154 sibi
874 4099 1206 4169 opponuntur
1238 4111 1258 4151 :
1289 4100 1421 4152 talia
1461 4114 1639 4163 nempe
1660 4114 1776 4169 qua:
1804 4099 1879 4152 vel

310 4188 377 4227 ea:
413 4173 617 4224 duobus
646 4166 1389 4224 contrariisantecedentibus
1430 4169 1569 4220 idem
1624 4166 1876 4234 colligunt

312 4257 626 4311 consequens
655 4242 749 4292 hoc
778 4243 931 4293 modo
960 4253 977 4290 :
1007 4239 1055 4311 si
1085 4248 1159 4290 est
1198 4238 1263 4299 A,
1294 4246 1367 4290 est
1394 4235 1459 4301 Β,
1482 4247 1530 4311 et
1579 4235 1624 4288 si
1660 4250 1762 4287 non
1802 4246 1878 4311 est

311 4303 581 4374 A,est'B;
613 4310 754 4374 atqui
782 4317 871 4361 aut
900 4318 972 4360 est
1012 4309 1080 4366 A,
1103 4315 1193 4358 aut
1232 4322 1333 4359 non
1360 4315 1433 4357 est
1458 4306 1524 4366 A,
1551 4319 1671 4374 ergo
1698 4314 1773 4356 est
1810 4303 1871 4356 Β.

322 4379 410 4433 νει
439 4373 643 4447 quaeea:
682 4373 869 4433 eodem
892 4375 1226 4447 antecedente
1272 4377 1376 4428 duo
1414 4373 1685 4447 contraria
1719 4375 1869 4427 colli-

2000 1866 2117 1903 rum
2160 1865 2308 1904 esse.
2352 1849 2634 1920 Colligitur
2667 1854 2847 1922 itaque
2885 1871 2899 1906 :
2947 1856 3087 1925 Ergo
3134 1859 3410 1926 prephetae
3454 1877 3559 1916 non

1991 1940 2358 2006 praedixerunt
2412 1942 2580 1996 Demn
2638 1954 2729 1996 aut
2799 1945 3161 2007 serviturum,
3229 1958 3321 2002 aut
3388 1929 3564 2021 aagro-l

1993 2033 2231 2081 taturum
2265 2066 2282 2093 ,
2344 2038 2437 2082 aut
2494 2030 2816 2083 moriturum
2875 2044 3033 2095 esse,
3085 2032 3442 2103 collectioque
3501 2038 3560 2092 lit

1996 2119 2138 2172 hunc
2192 2118 2243 2172 in
2294 2120 2513 2173 modum
2558 2135 2572 2174 :
2621 2121 2665 2175 si
2710 2122 2941 2191 primum
2998 2132 3112 2188 est,
3156 2135 3239 2179 est
3284 2137 3339 2180 et
3366 2142 3559 2181 secun-

1993 2209 2116 2261 dmn
2146 2222 2162 2262 :
2194 2208 2353 2278 705
2376 2208 2423 2263 si
2452 2208 2683 2279 primum
2720 2226 2825 2265 non
2853 2219 2959 2275 est,
2978 2214 3274 2267 secundum
3314 2230 3417 2268 non
3451 2226 3555 2270 est.

1991 2364 2171 2432 pheta:
2204 2362 2319 2434 Dei.
2348 2363 2556 2418 Rursus
2578 2404 2594 2427 ,
2620 2364 2664 2419 si
2702 2364 2859 2418 iidem
2893 2366 3167 2434 prophetm
3203 2368 3302 2423 ista
3332 2371 3398 2425 de
3450 2372 3560 2426 Deo

1992 2433 2485 2505 pronuntiaverint,
2539 2451 2643 2487 non
2690 2438 2960 2505 evenient,
2997 2433 3223 2505 quippe
3272 2454 3395 2492 cum
3447 2441 3559 2495 sint

1989 2509 2201 2555 natum
2239 2501 2435 2555 divinae
2476 2506 2776 2576 contraria.
2801 2504 2929 2576 Haec
2966 2501 3091 2557 sunt
3122 2501 3240 2561 'd'uo
3284 2522 3553 2576 connexa,

1990 2573 2643 2646 quorum_c_onsequentia
2677 2574 2776 2646 sibi
2816 2575 3052 2646 invicem
3075 2587 3402 2646 repugnant,
3428 2573 3556 2634 eve-3

1991 2639 2144 2715 niennt
2173 2639 2443 2715 scilicetet
2472 2655 2577 2715 non
2604 2643 2872 2715 evenient.
2899 2639 3331 2715 Quotiescunque
3350 2639 3552 2715 autem,

1991 2709 2068 2760 ait
2102 2706 2385 2775 Origenes,
2426 2710 2476 2763 in
2505 2711 2712 2766 duobus
2748 2706 3006 2766 conuekis
3043 2713 3178 2765 idem
3220 2706 3303 2769 est
3336 2706 3554 2772 antece;

1990 2777 2141 2839 dens,
2196 2778 2287 2831 sed
2339 2782 2723 2853 consequentia
2777 2782 2878 2835 sibi
2929 2782 3157 2835 invicem
3222 2799 3549 2853 repugnant,

1989 2855 2117 2901 tunc
2145 2850 2490 2917 antecedens,
2516 2851 2657 2917 quod
2687 2865 2972 2904 commune
3000 2865 3082 2904 est
3114 2853 3165 2905 iu
3193 2850 3400 2909 duobus
3421 2850 3552 2908 coné

1990 2918 2157 2990 nexis
2177 2914 2348 2970 refelli
2384 2914 3015 2990 solet—argumentatione
3041 2921 3152 2983 illa,
3183 2937 3342 2990 quam
3378 2924 3549 2980 Stoici

1987 2984 2075 3059 διὰ
2103 2984 2504 3059 δόθ’-τροπικῶν
2541 2984 2751 3059 vocant,
2808 2996 2865 3059 et
2917 2990 3069 3056 cujus
3112 2984 3415 3059 exémplum
3447 2995 3549 3048 hoc

1993 3052 2111 3126 loco
2145 3052 2342 3126 ‘aﬂfe'rt.
2367 3058 2437 3109 At
2494 3070 2645 3115 vero,
2673 3052 2843 3125 inquit
2901 3052 3245 3112 doctissimus
3271 3052 3545 3126 'Valesius,

1992 3123 2101 3197 luet:
2131 3122 2373 3192 Origenis
2416 3128 2682 3197 responsio
2727 3122 2970 3197 subtilior
3020 3129 3222 3181 videtur
3240 3145 3349 3183 esse
3391 3122 3550 3197 quani

1989 3194 2162 3266 verior
2188 3207 2395 3266 :_neque
2436 3196 2592 3266 enim
2619 3193 2801 3266 Celsus
2860 3196 2933 3266 itu
2983 3193 3448 3266 argumentabalur
3494 3211 3550 3253 ut

1991 3259 2093 3314 vult
2124 3259 2374 3331 Origenes
2403 3279 2420 3315 :
2445 3265 2536 3316 sed
2573 3263 2670 3315 hoc
2698 3264 2864 3317 aiebat
2892 3259 3075 3318 Celsus
3109 3284 3213 3320 non
3242 3286 3348 3322 esse
3386 3279 3552 3324 atten-

1989 3331 2216 3383 dendum
2240 3348 2308 3383 an
2344 3336 2607 3404 prophetat
2663 3332 2863 3401 aliquid
2906 3337 2969 3387 tle
3032 3335 3135 3387 Deo
3186 3340 3546 3404 prmdixerint,

1991 3413 2059 3472 an
2089 3416 2229 3462 non;
2256 3405 2347 3453 sed
2376 3403 2511 3453 illud
2549 3405 2809 3469 prcecipue
2834 3406 3025 3472 inquiri
3068 3416 3321 3472 oportere,
3373 3403 3550 3462 utrum

1988 3470 2207 3540 honesta
2234 3478 2284 3521 et
2304 3472 2393 3537 pia
2420 3509 2435 3533 ,
2477 3481 2524 3524 et
2550 3488 2664 3540 qua:
2704 3470 3007 3525 conveniant
3060 3470 3325 3540 niajestati
3359 3478 3550 3532 divina:

1987 3538 2053 3607 ab
2080 3538 2142 3590 iis
2187 3542 2525 3603 pronuntiata
2562 3538 2667 3593 sint
2707 3556 2725 3592 :
2765 3542 2847 3591 sin
2885 3546 3079 3604 minus,
3107 3538 3290 3595 eorum
3322 3550 3539 3607 praeli-

1987 3606 2182 3679 ctiones
2206 3606 2368 3661 nihilo
2400 3609 2568 3674 pluris
2592 3626 2702 3679 esse
2729 3609 3016 3672 faciendas,
3042 3627 3199 3679 quam
3226 3606 3548 3678 furiosorum

1986 3674 2255 3747 hominum
2296 3693 2577 3729 sermones.
2629 3676 2763 3747 Quae,
2804 3679 3012 3743 quidem
3045 3674 3427 3747 argumentatio
3465 3700 3549 3736 va-

1985 3745 2242 3814 lidissima
2269 3756 2341 3799 est
2367 3748 2435 3797 ad
2469 3746 2856 3799 convellendum
2908 3749 3065 3814 ﬁdem
3109 3745 3545 3806 Christianorum

1985 3817 2048 3890 de
2086 3812 2346 3890 Citristo,_
2378 3831 2493 3890 quae
2528 3816 2808 3890 _vaticinii_s
2866 3812 3235 3890 prophetarum
3286 3823 3545 3890 prwcipue

1986 3883 2267 3958 nitebatur.
2298 3881 2417 3958 Hoc
2467 3884 2628 3951 igitur
2671 3881 3144 3958 probared‘ebebat
3184 3881 3455 3958 Origenes,
3494 3901 3544 3944 et

1984 3967 2160 4003 omnes
2188 3953 2384 4020 ingenii
2418 3969 2599 4006 nervos
2647 3969 2706 4006 eo
2745 3955 3030 4017 intendere,
3057 3966 3112 4008 ut
3157 3953 3544 4014 dentottstraret
3582 3998 3587 4003 -

1980 4037 2301 4094 quaecunque
2327 4038 2360 4074 a
2384 4022 2651 4090 prophetis
2676 4024 2864 4077 nostris
2890 4027 2953 4076 de
2978 4025 3186 4080 Christo
3209 4039 3381 4081 essent
3418 4046 3545 4094 pro-

1984 4093 2249 4162 nuntiata,
2273 4095 2361 4158 pia
2398 4108 2529 4157 esse,
2558 4108 2621 4162 ac
2650 4093 2888 4155 honesta,
2938 4110 3026 4147 nec
3068 4111 3100 4146 a
3133 4098 3359 4162 ratione,
3394 4093 3484 4153 nec
3509 4116 3542 4152 a

1981 4158 2254 4230 majestate
2294 4162 2471 4213 divina
2511 4160 2808 4215 abhorrere.
2853 4162 3038 4229 Atqui,
3069 4179 3199 4230 pace
3256 4158 3390 4221 tanti
3438 4170 3541 4222 viri

1982 4228 2230 4302 dixerim,
2282 4230 2344 4302 id
2384 4231 2452 4283 ab
2476 4230 2742 4302 _9rigene
2781 4228 3086 4298 praestitum
3129 4244 3246 4299 est,
3270 4236 3541 4302 siquidem

1980 4312 2131 4371 num.
2160 4297 2252 4371 13g,
2281 4298 2348 4352 16
2383 4308 2447 4371 et
2469 4298 2555 4365 17,
2584 4297 2825 4371 dcclarat
2846 4314 2926 4371 ea
2955 4303 3135 4355 omnia
3163 4297 3282 4371 qua:
3304 4297 3481 4370 {licet
3509 4323 3540 4359 a

1980 4366 2263 4440 prophetis
2286 4368 2563 4440 praedicta,
2601 4366 2795 4430 Celsus,
2840 4370 2947 4423 Deo
2994 4366 3213 4440 indigna
3256 4366 3543 4428 eiistima‘

309 4434 1185 4519 gunt'consequentia,_atqueinde
1208 4446 1524 4519 antecedens
1540 4444 1708 4519 ipsum
1733 4457 1876 4495 erer-
1906 4434 1950 4489 D
1977 4436 2087 4497 bal,
2109 4448 2221 4519 ‘non
2258 4434 2443 4519 ltitique
2490 4435 2672 4519 Jesum
2703 4447 2970 4506 quatenus
3000 4434 3162 4519 Deus,
3218 4443 3542 4519 se_d__quate-§

310 4513 447 4573 Eunt.
473 4520 612 4586 Quid
633 4513 823 4573 aiebat
844 4513 1072 4586 CelSus?
1102 4513 1159 4567 Si
1186 4513 1480 4583 praphetae,
1506 4514 1707 4586 inquit,
1737 4527 1872 4580 pra:-

309 4584 546 4643 dixeriut
592 4602 860 4643 summum
893 4585 1135 4640 omnium
1183 4586 1346 4637 Deum
1378 4584 1701 4637 serviturum
1729 4596 1868 4647 esse,

308 4672 403 4713 aut
460 4664 1001 4729 mgrotaturum,'aut
1060 4655 1382 4729 moriturum
1433 4669 1447 4704 :
1490 4666 1615 4705 num
1654 4648 1869 4729 ideirco

313 4722 535 4783 necesse
561 4729 665 4782 erit
698 4728 845 4778 illmn
881 4734 935 4779 et
980 4724 1181 4778 servire
1214 4732 1267 4775 et
1297 4730 1583 4789 aegrotare,
1610 4728 1665 4773 et
1708 4722 1866 4783 mori,

313 4807 371 4848 ut
406 4808 648 4851 mortuus
674 4796 815 4849 Deus
853 4809 972 4851 esse
998 4791 1281 4868 credatur?
1316 4791 1423 4845 Sed
1478 4790 1718 4860 profecto
1772 4804 1869 4868 nec

313 4868 584 4933 propheta:
640 4869 752 4919 Itth
807 4879 1041 4932 unquam
1092 4863 1503 4933 prtedixerunt_:
1539 4870 1666 4933 sunt
1723 4863 1866 4913 enim

312 4929 474 5002 impia
514 4946 569 4988 et
599 4951 629 4986 a
680 4929 912 4988 ratione'
936 4929 1155 5002 prorsus
1198 4932 1412 5002 alienas
1448 4929 1704 5002 Proinde,
1738 4944 1867 5002 “nou

310 4999 440 5071 quid
474 5006 748 5072 prophetae
780 4999 1151 5071 praedixerint,
1181 5002 1310 5069 quid
1345 4999 1570 5072 minime
1604 5000 1868 5072 praedixe-

310 5069 437 5132 rint.
465 5069 871 5139 disquirendum
891 5082 994 5135 est;
1014 5071 1106 5125 sed
1141 5080 1317 5123 utrum
1347 5069 1400 5139 id
1433 5070 1573 5139 quod
1605 5071 1869 5139 praedixe-

310 5154 454 5207 runt,
491 5136 752 5210 majestati
782 5140 979 5194 divinae
1009 5140 1315 5210 conveniat.
1346 5136 1477 5210 Nam
1519 5137 1567 5210 si
1617 5140 1667 5191 id
1688 5138 1867 5210 Ainde-

308 5228 494 5268 eorum
518 5206 587 5284 ac
601 5222 762 5284 turpe
792 5220 903 5284 est;
935 5209 1147 5284 tametsi
1175 5222 1369 5284 omnes
1390 5207 1657 5272 homines,
1680 5206 1866 5284 furore

307 5283 566 5349 correpti,
598 5282 649 5334 id
682 5277 1028 5349 praedixerint
1057 5317 1079 5349 ,ί
1117 5278 1275 5349 ﬁdem
1320 5290 1594 5349 nunquam
1631 5277 1865 5329 merebi-

309 5364 413 5408 tur.
447 5345 753 5424 Respondet
780 5348 1120 5424 Qrigenesin
1165 5345 1263 5399 hac
1311 5345 1449 5424 Celsi
1509 5354 1862 5424 argumenta~

312 5427 455 5478 tione
484 5416 810 5493 deprehendi
834 5416 1103 5478 connexis,
1126 5429 1243 5483 qtae
1290 5416 1539 5468 desinunt
1587 5416 1637 5467 iu
1670 5427 1868 5493 conse-

305 5494 523 5561 quentia
553 5483 657 5545 sibi
693 5492 920 5545 invicem
969 5492 1214 5561 opposita
1248 5498 1311 5537 ac
1364 5484 1719 5561 repugnantia
1763 5483 1866 5534 hoc

308 5552 464 5618 modo
495 5562 612 5622 :Si,
642 5562 839 5630 inquit,
870 5559 980 5613 veri
1010 5552 1293 5625 prophetae
1319 5567 1516 5631 summi
1570 5552 1662 5606 Dei
1723 5565 1865 5620 prte-

305 5634 537 5686 dixerint
572 5632 716 5684 illum
746 5644 866 5685 esse
904 5632 1231 5683 serviturum
1261 5639 1323 5678 ac
1366 5631 1685 5675 moriturum
1710 5660 1722 5682 ,
1752 5636 1860 5685 Ane-

306 5703 675 5758 cessarioluec
721 5701 871 5764 fient,
906 5696 1339 5769 quandoquidem
1394 5695 1504 5747 veri
1562 5700 1687 5747 sunt
1738 5704 1860 5759 pro-

1976 4519 2079 4580 nus
2108 4504 2271 4580 homo
2308 4515 2443 4568 erat,
2476 4504 2794 4580 pertulisse;
2818 4523 2904 4580 ac
2958 4509 3182 4576 proinde
3215 4504 3538 4580 nihil'quod

1976 4571 2085 4626 Deo
2122 4573 2344 4628 minime
2393 4571 2701 4649 conveniat,
2749 4576 2923 4631 fuisse
2958 4571 2993 4629 a
3030 4580 3307 4648 prephetis
3338 4571 3538 4649 praedi-

1972 4653 2143 4706 etum,
2164 4654 2417 4711 tanquam
2440 4645 2548 4699 Deo
2571 4656 2907 4699 eventurum.
2934 4645 3202 4703 Caeterum
3242 4645 3539 4707 verisimile

1973 4722 2052 4764 est
2069 4712 2291 4789 _Stoicos
2310 4716 2471 4789 etiam
2499 4716 2752 4789 habuisse
2769 4719 3072 4784 argumenti
3099 4734 3270 4787 genus
3292 4722 3433 4789 quod
3448 4721 3539 4774 διὰ

1970 4780 2135 4857 τριῶν
2158 4783 2435 4857 τροπικῶν
2453 4780 2966 4857 appellaruntfnon
2997 4780 3154 4841 ιι]οιῙο
3182 4780 3388 4857 quia-in
3429 4790 3538 4845 Ga-

1971 4850 2078 4922 leni
2102 4850 2221 4922 loco
2242 4853 2337 4907 lib.
2377 4854 2517 4922 urbe
2542 4850 2876 4922 dogmatibus
2902 4850 3245 4922 Hippocratis
3270 4868 3318 4911 et
3351 4858 3534 4913 Plato-

1971 4921 2076 4993 nis,
2114 4932 2152 4976 t.
2184 4919 2363 4993 lAedit.
2409 4919 2629 4977 Graeca!
2657 4924 2821 4993 Basil.
2861 4941 2915 4991 p.
2954 4919 3096 4989 254,
3139 4942 3283 4980 vers.
3318 4928 3532 4993 ultimo,

1968 4990 2494 5069 vide_tur_|egeutlut_n
2531 5006 2561 5069 ι⁵
2579 4992 2696 5069 νυνὶ
2731 4993 2789 5045 δὲ
2820 4990 2936 5069 πῶς
2962 4995 3057 5065 μὲν
3090 4996 3142 5069 oi
3163 4996 3251 5050 διὰ
3282 4990 3537 5069 δύο-*τροὲ

1967 5060 2145 5134 πικῶν
2178 5059 2211 5129 ἦ
2243 5059 2412 5133 τριῶν
2443 5060 2764 5134 ἀναλύονται
2797 5059 3163 5134 συλλογισμοί,
3213 5069 3340 5119 licet
3377 5059 3534 5121 Vale-

1967 5131 2083 5203 sius
2113 5131 2430 5203 vocabulum
2461 5131 2626 5203 τριῶν
2648 5132 2801 5201 jubet
2825 5131 3024 5197 delere,
3054 5131 3152 5188 Sed
3184 5139 3346 5188 etiam
3371 5134 3534 5189 Laer-

1970 5199 2075 5253 tius
2102 5214 2199 5260 vu.
2230 5202 2356 5265 191,
2392 5199 2537 5271 inter
2585 5199 2870 5271 Chrysippi
2911 5205 3111 5271 scripta
3162 5213 3427 5257 memorat
3465 5205 3532 5257 li-

1968 5271 2123 5321 brum
2153 5271 2291 5336 Περὶ
2316 5270 2422 5323 τοῦ
2441 5270 2538 5323 διὰ
2570 5269 2940 5338 spiam—Vide
2974 5269 3212 5325 Sarravii
3244 5272 3527 5339 epistolam

1967 5341 2334 5404 qua‘Valesio
2368 5345 2676 5407 respondet.
2720 5341 2913 5394 Exstat
2954 5340 3091 5410 inter
3117 5343 3239 5410 ejus
3272 5340 3527 5408 epistolas

1967 5412 2255 5462 Arausioni
2280 5427 2405 5462 ann.
2442 5410 2579 5462 1654
2604 5410 2799 5473 editas,
2829 5424 2950 5477 pag.
2981 5409 3105 5462 184.

2037 5478 2148 5549 (95)
2205 5479 2446 5533 Valesius
2506 5481 2765 5548 expungit
2818 5476 2993 5549 prum)
3034 5478 3154 5549 loco
3196 5476 3527 5549 particulam

1965 5546 2277 5616 negantem,
2312 5558 2366 5602 et
2398 5549 2543 5617 legit,
2571 5546 2618 5600 εἰ
2650 5546 2972 5619 τὸπρῶτον,
3004 5547 3063 5598 ού
3098 5548 3157 5599 τὸ
3188 5547 3454 5619 δεύτερον.

2036 5615 2143 5689 (96)
2178 5619 2422 5685 Ίζρόπογ.
2453 5615 2695 5673 Valesius
2731 5615 2876 5684 legit,
2898 5615 3093 5668 τύπον.
