3972 6160
478 223 615 282 Μιίὸ

1943 227 2268 287 ORIGENIS

3607 229 3744 284 ΜΗ

473 344 618 415 Ergo
662 359 763 401 nec
806 345 1062 415 primum.
1099 345 1271 415 Super
1307 347 1412 402 hac
1446 346 1679 401 materia
1734 348 2040 417 exemplum

2148 351 2197 401 οἱ
2223 347 2329 400 ἀπὸ
2361 344 2462 416 τῆς
2494 346 2681 410 Στοᾶς,
2710 345 2961 415 λέγοντες
2993 347 3073 402 τό·
3108 348 3171 403 Εἰ
3203 346 3494 401 ἐπίστασαι
3521 345 3630 416 (97)
3661 348 3742 401 ὅτι

472 434 846 505 hujuscemodi
884 435 1110 490 aﬂ‘ertur
1136 450 1165 487 a
1200 435 1422 490 Stoicis.
1469 436 1525 490 Si
1559 438 1668 490 scis
1695 444 1748 490 te
1766 452 1886 493 csse
1903 453 2049 492 mor-

470 537 646 593 tuum,
676 541 739 583 es
781 537 1051 581 mortuus.
1086 526 1141 580 Si
1170 526 1281 581 scis
1312 535 1365 582 te
1409 537 1685 582 mortuum
1733 543 1873 591 esse,
1905 544 2051 582 mor-

476 624 597 671 tuus
629 632 737 671 non
768 633 849 671 es.
890 614 1046 670 Unde
1074 616 1323 685 sequitur
1349 634 1365 673 :
1401 617 1548 688 Ergo
1582 635 1689 673 non
1720 620 1832 675 scis
1855 629 1904 674 te
1931 636 2050 676 esse

473 719 766 763 mortuum.
816 706 909 762 Sic
940 717 1122 762 autem
1165 722 1416 764 connexa
1450 711 1726 781 probant:
1758 714 1803 767 si
1840 713 1960 768 'scis
1996 724 2049 768 te

470 807 742 853 mortuum
779 813 924 862 esse,
953 807 1038 851 est
1078 797 1129 853 id
1165 801 1307 868 quod
1347 801 1499 856 scis:
1534 813 1742 857 certum
1775 813 1859 858 est
1887 805 2049 876 igitur

471 899 525 945 te
559 905 683 944 esse
726 898 1022 945 mortuum.
1071 891 1139 944 Et
1183 907 1394 958 rursus,
1421 896 1467 949 si
1506 895 1616 950 scis
1669 905 1722 950 te
1770 906 2043 951 mortuum

468 999 611 1050 esse,
641 984 741 1039 hoc
771 985 947 1054 ipsum
982 987 1125 1055 quod
1159 997 1405 1043 mortuus
1431 1003 1510 1050 es,
1544 1001 1626 1044 est
1656 992 1707 1045 id
1746 991 1888 1061 quod
1914 993 2034 1048 scis.

467 1076 632 1146 Atqui
665 1086 911 1130 mortuus
944 1076 1077 1130 nihil
1105 1081 1227 1131 scit.
1270 1078 1441 1148 Igitur
1469 1080 1512 1134 si
1543 1081 1649 1137 scis
1686 1091 1736 1136 te
1771 1094 2043 1138 mortuum

466 1183 607 1233 esse,
641 1177 693 1222 te
725 1178 997 1221 mortuum
1043 1183 1152 1222 non
1188 1184 1309 1225 esse
1357 1172 1580 1226 evidens
1622 1182 1748 1227 est:
1784 1175 1870 1228 cui
1909 1178 2046 1229 utri-

468 1272 572 1326 que
601 1271 852 1313 conuexo
887 1273 1228 1327 consequens
1266 1268 1370 1322 est,
1419 1271 1478 1313 ut
1511 1268 1642 1315 ante
1682 1260 1820 1325 dixi,
1867 1263 2043 1317 nescis

469 1355 520 1401 te
547 1363 670 1403 esse
707 1360 1003 1404 mortuum.
1042 1350 1243 1405 Eodem
1282 1364 1452 1419 prope
1482 1350 1616 1404 vitio
1644 1350 1859 1406 laborat
1898 1352 2039 1407 Celsi

466 1440 785 1508 suppositio,
821 1456 941 1508 quae
968 1443 1217 1510 superius
1246 1456 1274 1495 a
1306 1441 1465 1495 nobis
1500 1441 1722 1496 recitata
1758 1451 1863 1498 est.

518 1532 628 1586 ‘16.
671 1532 775 1586 Sed
807 1549 926 1602 qua:
973 1534 1027 1588 in
1065 1533 1207 1589 Celsi
1261 1536 1632 1604 suppositione
1679 1536 2040 1604 deprehendi-

466 1640 611 1687 mus,
644 1639 705 1678 ea
737 1625 1037 1694 prophetiis
1082 1627 1149 1680 de
1183 1625 1309 1680 Jesu
1360 1627 1560 1681 similia
1598 1644 1706 1683 non
1740 1636 1886 1682 sunt.
1932 1628 2041 1684 Ne-

2153 437 2440 508 τέθνηκας,
2465 437 2746 491 ἀκολουθεῖ
2764 437 2843 504 τὸ,
2859 440 2972 492 Οὐκ
2992 440 3098 511 ἄρα
3119 440 3429 503 ἐπίστασαι,
3454 438 3536 493 ὅτι
3557 440 3744 510 τέθνη-

2153 547 2273 593 κας.
2325 531 2429 584 Τὸν
2460 530 2659 601 τρόπον
2702 530 2758 584 δὲ
2792 530 2979 584 τοῦτον
3009 531 3481 595 κατασκευάζουσι
3509 532 3578 584 τὰ
3614 548 3739 584 συν-

2149 621 2390 691 ημμένα·
2424 622 2486 674 Εἰ
2517 622 2828 686 ἐπίστασαι,
2865 623 2947 676 ὅτι
2975 622 3261 694 τέθνηκας,
3295 622 3440 676 ἐστιν
3466 623 3495 675 6
3521 622 3742 675 ἐπίσταά

2153 729 2263 764 σαιο
2300 711 2445 764 ἔστιν
2484 712 2592 783 ἄρα
2623 712 2703 777 τὸ,
2745 713 3031 782 τέθνηκας.
3071 715 3179 767 Καὶ
3212 713 3392 778 πάλιν,
3424 715 3487 767 Εἰ
3518 714 3743 768 ἐπίστα-

2152 820 2238 857 σαι
2267 804 2346 857 ὅτι
2387 804 2447 856 οὐ
2489 803 2756 873 τέθνηκας
2781 805 2915 875 (98),
2953 804 3048 857 καὶ
3076 804 3223 858 ἔστιν
3271 804 3299 858 ὃ
3336 806 3646 868 ἐπίστασαι,
3675 806 3736 859 οὐ

2147 894 2432 964 τέθνηκας.
2475 896 2625 948 Ἐπεὶ
2653 896 2710 948 δὲ
2737 896 2764 947 6
2781 895 3057 966 τεθνηκὼς
3075 897 3364 950 ἐπίσταται
3398 896 3531 966 (99),
3557 897 3740 968 δηλονά

2145 987 2249 1050 ότι,
2289 989 2337 1040 εἰ
2371 987 2683 1051 ἐπίστασαι,
2727 987 2809 1039 ὅτι
2854 986 3143 1057 τέθνηκας,
3177 989 3239 1040 οὐ
3284 987 3570 1059 τέθνηκας.
3629 991 3739 1043 Καὶ

2146 1076 2450 1141 ἀκολουθεῖ,
2498 1077 2574 1140 ὡς
2607 1080 2888 1149 προεῖπον,
2936 1077 3267 1149 ἀμφοτέροις
3308 1082 3422 1142 τοῖς
3457 1081 3737 1151 συνημμέέ

2146 1185 2257 1230 νοις
2287 1167 2369 1232 τὸ,
2413 1168 2525 1221 Οὐκ
2561 1169 2667 1239 ἄρα
2710 1169 3018 1234 ἐπίστασαι,
3050 1170 3131 1222 ὅτι
3170 1168 3454 1239 τέθνηκας.
3488 1172 3737 1226 Τοιοῦτόν

2146 1258 2199 1311 τί
2247 1261 2363 1313 ἐστι
2409 1260 2504 1313 καὶ
2546 1261 2675 1331 περὶ
2721 1260 2818 1332 τὴν
2849 1261 3054 1314 Κέλσου
3090 1261 3364 1327 ὑπόθεσιν,
3395 1262 3641 1331 λέγοντος
3669 1264 3736 1335 ἢν

2146 1350 2549 1422 προεξεθέμεθα
2582 1352 2750 1419 λέξιν.

2229 1533 2366 1586 Ἀλλ’
2418 1534 2523 1587 οὐδ’
2560 1534 2703 1605 ἅπερ
2752 1536 2809 1588 ὲν
2871 1522 3126 1589 ὑποθέσει
3185 1537 3601 1610 παρειλήφαμεν
3655 1540 3732 1612 (l)

2145 1624 2502 1696 παραπλήσιά
2530 1627 2648 1678 ἐστι
2683 1629 2804 1690 ταῖς
2844 1627 2972 1697 περὶ
3021 1627 3194 1698 Ἰησοῦ
3238 1630 3613 1700 προφητείαις.
3655 1634 3731 1685 Οὐ

465 1729 570 1783 que
596 1716 744 1769 enim
778 1715 880 1769 illae
919 1717 1288 1786 prtcdixerunt
1319 1717 1485 1771 Deum
1520 1722 1666 1771 cruci
1702 1717 1919 1772 amxum
1952 1720 2038 1785 iri,

2148 1713 2249 1786 γὰρ
2283 1717 2539 1786 προεῖπον
2581 1717 2636 1768 αἱ
2670 1718 2997 1787 προφητεῖαι
3038 1715 3169 1770 Θεὸν
3231 1717 3729 1789 σταυρωθησεσθαι,

464 1823 587 1862 cum
621 1807 687 1861 de
716 1821 781 1861 eo
825 1808 916 1875 qui
963 1820 1194 1864 mortem
1225 1809 1412 1874 subiit,
1447 1810 1630 1865 dicant
1664 1831 1677 1864 :
1712 1809 1782 1863 Et
1816 1813 2041 1865 uidimus

464 1914 604 1962 eum,
638 1908 685 1952 et
722 1915 825 1953 non
871 1899 1096 1952 habebat
1143 1901 1382 1970 speciem,
1435 1917 1598 1971 neque
1635 1902 1904 1961 decorent;
1951 1903 2042 1956 sed

463 1988 659 2051 species
688 1988 805 2057 ejus
834 1986 1090 2042 inhonora
1113 1998 1158 2042 et
1185 1989 1433 2057 deﬁciens
1456 2007 1566 2058 pra:
1589 1990 1717 2058 ﬁliis
1750 1992 2040 2058 hominum,

464 2078 619 2132 homo
653 2079 710 2132 in
736 2080 894 2149 plaga
942 2091 990 2135 et
1037 2080 1239 2145 dolore,
1284 2092 1333 2135 et
1374 2083 1542 2136 sciens
1568 2082 1707 2150 ferre
1748 2083 2039 2151 inﬁrmita-

466 2176 566 2222 tem
593 2169 661 2220 θ’.
698 2169 832 2224 Vide
877 2180 936 2225 ut
972 2171 1253 2237 sapienter
1299 2170 1541 2227 dixerint
1616 2173 1889 2228 hominem
1923 2188 2044 2229 esse

465 2259 557 2327 qui
592 2259 832 2314 humana
857 2274 1048 2329 passus
1075 2271 1180 2319 est.
1211 2261 1277 2317 Et
1304 2261 1465 2318 Jesus
1501 2264 1615 2333 ipse
1644 2280 1767 2319 cum
1797 2267 2042 2335 apprime

467 2351 635 2405 seiret
664 2351 716 2405 id
749 2351 893 2420 quod
924 2353 1244 2407 moriturum
1273 2364 1414 2418 erat,
1452 2353 1722 2409 hominem
1757 2369 1899 2420 esse,
1928 2356 2042 2410 suis

468 2442 884 2498 insidiatoribus
913 2442 1029 2497 ait:
1066 2441 1223 2497 Nunc
1259 2454 1435 2498 autem
1480 2445 1719 2513 quwritis
1754 2458 1834 2498 me
1881 2446 2044 2497 inter-

465 2535 646 2602 ﬁcere,
671 2535 963 2597 hominem,
1015 2539 1104 2604 qui
1161 2535 1430 2588 veritatem
1483 2536 1627 2588 vobis
1679 2534 1885 2589 locutus
1924 2534 2041 2589 sum

465 2640 625 2694 quam
654 2625 838 2680 audivi
877 2642 911 2679 a
940 2624 1050 2680 Deo
1096 2625 1163 2680 “.
1200 2624 1352 2692 Quod
1385 2626 1432 2679 si
1479 2625 1607 2695 quid
1648 2624 1887 2679 divinum
1925 2634 2043 2680 erat

468 2714 523 2768 in
577 2713 671 2769 illo
713 2715 934 2769 homine
977 2729 1140 2784 quem
1188 2717 1551 2784 assumpsisse
1610 2715 2038 2785 intelligebatur,

466 2804 728 2859 nimirum
792 2803 1120 2873 Unigenitus
1172 2804 1268 2858 Dei
1315 2804 1395 2868 ⁸⁷,
1438 2804 1813 2873 primogenitus
1873 2804 2041 2856 cuiuis

468 2902 727 2948 creatum
750 2893 832 2959 ⁹⁸;
879 2894 968 2947 ille
1003 2893 1093 2961 qui
1128 2893 1195 2947 de
1230 2906 1288 2947 se
1315 2891 1447 2946 dicit
1474 2906 1487 2943 :
1520 2889 1633 2960 Ego
1666 2908 1783 2944 sum
1808 2892 2038 2956 veritas;

469 2991 524 3038 et
550 3000 565 3038 :
602 2983 713 3053 Ego
738 2999 852 3036 sum
874 2984 981 3035 vita
1011 2980 1080 3049 ’9;
1109 2989 1163 3035 et
1191 2996 1205 3036 ι
1239 2980 1352 3051 Ego
1375 2996 1487 3033 sum
1512 2985 1705 3033 ostium
1730 2982 1769 3046 ¹;
1794 2988 1848 3034 et
1877 2997 1890 3031 :
1930 2980 2037 3049 Ego

468 3090 585 3128 sum
622 3077 751 3138 via;
785 3084 837 3127 et
868 3088 884 3128 :
921 3072 1034 3142 Ego
1063 3089 1180 3125 sum
1224 3073 1374 3141 panis
1407 3073 1551 3125 vivus
1588 3072 1681 3142 qui
1710 3073 1774 3125 de
1800 3073 1924 3125 caelo
1950 3074 2033 3126 de-
2070 3058 2111 3114 (ἶ

468 3164 646 3217 scendi
670 3164 726 3227 ’;
763 3166 828 3217 de
875 3176 941 3217 eo
986 3164 1209 3233 ejusque
1263 3172 1456 3216 natura
1489 3163 1644 3232 longe
1686 3163 1789 3216 alia
1826 3165 2039 3218 ratione

463 3253 822 3324 iudicandum
857 3262 943 3306 est
972 3266 1035 3307 ac
1064 3253 1129 3307 de
1162 3253 1383 3307 homine
1411 3252 1504 3321 qui
1538 3252 1590 3305 in
1625 3248 1753 3306 Jesu
1798 3266 1920 3306 esse
1955 3252 2041 3305 iu-

470 3344 755 3415 telligitur.
798 3342 952 3399 Unde
980 3343 1181 3397 nullum
1224 3342 1593 3398 Christianum
1625 3342 1811 3397 videas
1842 3342 1928 3396 vel
1960 3343 2042 3395 in-

470 3445 556 3491 ter
588 3435 1021 3505 sirnplicisslmos
1083 3444 1140 3491 et
1191 3434 1642 3504 exquisitioribus
1693 3435 1889 3489 studiis
1940 3434 2043 3487 mi-

469 3529 617 3583 nime
665 3529 979 3595 innutritos,
1011 3528 1105 3595 qui
1153 3526 1340 3582 dicant
1371 3534 1642 3595 mortuam
1679 3539 1802 3581 esse
1837 3526 2041 3581 verita-

469 3631 602 3690 tem,
642 3631 738 3674 aut
781 3621 971 3687 vitam,
1003 3628 1097 3673 aut
1127 3618 1294 3681 viam,
1347 3624 1440 3671 aut
1484 3631 1676 3686 panem
1725 3617 1902 3670 vivum
1948 3617 2037 3686 qui

471 3715 542 3770 de
576 3712 716 3768 coelo
757 3712 1058 3776 descendit,
1105 3719 1200 3765 aut
1240 3709 1715 3764 resurrectionem.
1772 3708 1860 3761 Ait
1890 3710 2035 3763 enim

466 3819 528 3860 se
586 3819 708 3858 esse
756 3803 1207 3857 resurrectionem
1259 3801 1382 3864 ille,
1432 3800 1525 3870 qui
1578 3801 1628 3853 in
1673 3802 1890 3855 homine
1930 3815 2037 3869 quo

464 3893 627 3951 Jesus
663 3895 884 3949 indutus
922 3894 1231 3957 videbatur,
1275 3890 1508 3947 docebat
1552 3887 1694 3946 istud
1725 3909 1738 3945 :
1770 3889 1883 3961 Ego
1920 3906 2037 3945 sum

464 3987 782 4041 resurrectio
835 3985 879 4038 ³.
946 3984 1054 4039 Sed
1118 3999 1294 4052 neque
1343 3993 1585 4037 nostrum
1647 3984 1787 4039 ullus
1835 3992 1918 4038 est
1965 3984 2037 4037 ita

465 4085 649 4132 mente
686 4084 900 4146 captus,
945 4083 1006 4129 ut
1048 4074 1239 4130 dicat:
1285 4072 1403 4127 Vita
1452 4085 1660 4128 mortua
1698 4083 1797 4138 est,
1828 4083 2036 4127 mortua

465 4179 540 4225 est
579 4169 919 4223 resurrectio.
964 4165 1167 4221 Locum
1204 4164 1438 4221 fortasse
1471 4165 1699 4220 haberet
1731 4164 1872 4220 Celsi
1904 4180 2033 4234 sup-

464 4260 686 4330 positio,
715 4260 759 4315 si
805 4258 1110 4314 diceremus
1139 4272 1169 4310 a
1204 4257 1487 4327 prophetis
1514 4255 1682 4312 fuisse
1716 4257 2034 4326 praedictum

2144 1804 2344 1868 αἵτινές
2372 1822 2503 1874 φασι
2525 1804 2772 1876 περὶτοῦ
2799 1806 3196 1877 ἀναδεξαμένου
3223 1807 3313 1860 τὸν
3343 1807 3594 1862 θάνατον’
3623 1811 3730 1863 Καὶ

2143 1891 2383 1959 εἴδομεν
2409 1892 2618 1955 αὐτόν,
2649 1893 2747 1946 καὶ
2778 1896 2888 1947 οὐκ
2919 1894 3083 1964 εἶχεν
3111 1892 3291 1961 εἶδος,
3314 1896 3457 1950 οὐδὲ
3481 1898 3730 1965 κάλλος,

2145 1982 2304 2036 ἀλλὰ
2336 1982 2401 2035 τό
2435 1979 2600 2058 εἶδοςΔ
2647 1984 2831 2039 αὑτοῦ
2862 1983 3075 2053 ἄτιμον
3120 1986 3218 2039 καὶ
3250 1986 3537 2041 ἐκλεῖπον
3573 1992 3734 2056 παρὰ

2143 2071 2284 2136 τοὺς
2324 2071 2494 2137 υἱοὺς
2537 2072 2655 2125 τῶν
2699 2073 3041 2141 ἀνθρώπων
3077 2073 3387 2143 ἄνθρωπος
3427 2076 3499 2130 ἐν
3526 2078 3730 2147 πληγῇ

2142 2161 2228 2217 ὢν
2269 2163 2369 2217 καὶ
2396 2162 2580 2230 πόνῳ,
2627 2165 2723 2218 καὶ
2770 2164 2940 2231 εἰδὼς
2975 2167 3179 2236 φέρειν
3227 2170 3553 2238 μαλακίαν.
3590 2171 3732 2242 Ὅρα

2144 2246 2261 2316 οὖν,
2322 2253 2624 2324 saepiae-(2)
2670 2253 3249 2329 ἄνθρωπον-εἰρήκασι
3297 2258 3388 2312 τὸν
3430 2260 3731 2315 πεπονθότα

2144 2343 2475 2417 ἀνθρώπινα.
2524 2346 2634 2399 Καὶ
2686 2345 2847 2409 αὐτὸς
2888 2347 3131 2419 ἀκριϐῶς
3180 2348 3336 2414 εἰδὼς
3387 2350 3611 2422 Ἰησοῦς,
3646 2354 3730 2406 ὅτι

2103 2433 2112 2442 ’
2144 2432 2204 2486 τὸ
2228 2434 2570 2504 ἀποθνῆσκον
2602 2434 2886 2503 ἄνθρωπος
2917 2431 3004 2507 ἦν,
3034 2439 3166 2507 φησὶ
3192 2438 3330 2509 πρὸς
3360 2441 3487 2501 τοὺς
3510 2440 3733 2495 ἐπιϐου-

2144 2521 2396 2587 λεύοντας
2457 2523 2634 2594 αὐτῷ·
2684 2524 2814 2578 Νῦν
2864 2526 2931 2578 δὲ
2974 2525 3191 2594 ζητεῖτέ
3228 2546 3306 2596 με
3357 2529 3724 2595 ἀποκτεῖναι,

2144 2613 2476 2683 ἄνθρωπον,
2511 2614 2580 2681 ὃς
2607 2615 2723 2684 τὴν
2760 2616 3051 2685 ἀλήθειαν
3081 2618 3224 2688 ὑμῖν
3264 2620 3598 2689 λελάληκα,
3646 2622 3728 2691 ἢν

2145 2706 2389 2776 ἥκουσα
2430 2707 2591 2777 παρὰ
2626 2708 2732 2762 τοῦ
2776 2709 2925 2763 Θεοῦ
2947 2711 3041 2782 (5).
3090 2712 3152 2764 Εἰ
3198 2711 3255 2765 δέ
3296 2729 3349 2764 τι
3383 2713 3526 2768 θεῖον
3559 2714 3616 2769 ὲν
3648 2716 3725 2786 τῷ

2145 2799 2263 2851 κατ’
2296 2797 2457 2852 αὑτὸν
2484 2801 2754 2871 νοουμένῳ
2776 2801 3046 2873 ἀνθρώπῳ
3078 2801 3393 2872 ἐτύγχανεν,
3418 2805 3557 2877 ὅπερ
3586 2799 3654 2876 ἦν
3691 2809 3719 2860 6

2147 2891 2457 2962 Μονογενὴς
2489 2890 2582 2943 τοῦ
2599 2891 2755 2955 Θεοῦ,
2770 2893 2864 2946 καὶ
2887 2895 2915 2945 6
2943 2895 3320 2961 Πρωτέινοκος
3343 2893 3546 2963 πάσης
3559 2899 3726 2951 κτίσ-

2164 2991 2293 3041 εως,
2327 2977 2355 3027 6
2389 2977 2580 3044 λέγων·
2629 2978 2774 3047 Ἐγώ
2799 2982 2913 3049 εἰμι
2945 2983 2983 3050 ἠ
3015 2982 3288 3048 ἀλήθεια,
3318 2985 3595 3056 καὶ,Ἐγώ
3610 2989 3727 3057 εἶμι

2147 3068 2183 3135 ἡ
2198 3064 2330 3135 ζωὴ,
2349 3071 2462 3132 καὶ,
2492 3068 2638 3138 Ἐγώ
2667 3072 2781 3134 εἰμι
2807 3074 2844 3140 ἠ
2860 3073 3028 3139 θύρα,
3054 3072 3172 3136 καὶ,
3205 3075 3349 3145 Ἐγώ
3370 3079 3485 3145 εἰμι
3501 3078 3538 3145 ἡ
3562 3078 3723 3144 ὁδός,

2145 3156 2260 3221 καὶ,
2278 3159 2423 3228 Ἐγώ
2441 3162 2555 3228 ειμι
2573 3163 2605 3215 ὁ
2624 3160 2802 3229 ἄρτος
2818 3165 2849 3216 ό
2864 3161 2992 3228 ζῶν,
3015 3167 3046 3218 ό
3065 3166 3132 3219 ἐκ
3152 3167 3256 3219 τοῦ
3276 3168 3535 3236 οὐρανοῦ
3556 3186 3729 3223 κατα-

2145 3248 2272 3315 ϐάςυ
2301 3249 2456 3313 ἄλλος
2477 3251 2648 3322 δήπου
2674 3255 2703 3306 6
2734 3256 2863 3325 περὶ
2885 3255 3072 3309 τούτου
3105 3258 3197 3311 καὶ
3224 3257 3323 3328 τῆς
3348 3259 3532 3324 οὐσίας
3558 3261 3725 3315 αὐτοῦ

2143 3339 2300 3408 λόγος
2345 3343 2462 3394 ἐστὶ
2510 3343 2663 3414 παρά
2706 3345 2795 3398 τὸν
2834 3346 2961 3419 περὶ
3000 3346 3091 3400 τοῦ
3129 3350 3416 3420 νοουμένου
3456 3351 3594 3406 κατὰ
3630 3352 3729 3405 τὸν

2157 3430 2364 3502 Ἰησοῦν
2396 3432 2707 3504 ἀνθρώπου.
2739 3435 2937 3508 Διόπερ
2968 3439 3076 3490 οὐδ’
3113 3441 3162 3492 οἱ
3195 3440 3334 3493 πάνυ
3365 3442 3727 3496 ἀπλούστατοι

2144 3524 2237 3577 καὶ
2274 3523 2448 3592 λόγοις
2489 3526 2587 3579 οὐκ
2614 3528 3034 3599 ὲντεθραμμένοι
3065 3530 3427 3596 ὲξεταστικοῖς
3458 3536 3727 3606 Χριστια-

2143 3614 2222 3668 νοὶ
2260 3614 2461 3669 εἴποιεν
2486 3619 2549 3670 ἂν
2575 3617 2889 3689 τεθνηκέναι
2923 3620 3020 3689 τὴν
3049 3620 3325 3691 ἀλήθειαν,
3360 3622 3393 3693 ἢ
3425 3624 3525 3693 τὴν
3554 3625 3725 3699 ζωὴν,

2140 3709 2173 3780 ἢ
2205 3710 2302 3779 τὴν
2334 3708 2470 3772 ὁδὸν,
2495 3708 2527 3779 ἢ
2556 3708 2644 3761 τὸν
2666 3709 2725 3772 ἐξ
2744 3709 2970 3778 οὐρανοῦ
2996 3710 3309 3765 καταϐάντα
3334 3711 3512 3775 ζῶντα
3534 3714 3724 3787 ἄρτον,

2139 3799 2171 3870 ἢ
2199 3801 2298 3869 τὴν
2329 3800 2639 3852 ἀνάστασιν·
2678 3801 2809 3868 φησὶ
2834 3798 2942 3870 γὰρ
2975 3800 3162 3853 ἑαυτὸν
3202 3802 3496 3857 ἀνάστασιν
3524 3800 3669 3860 εἶναι
3694 3810 3726 3861 ὁ

2139 3891 2196 3945 ὲν
2228 3889 2305 3960 τῷ
2335 3889 2643 3961 φαινομένῳ
2677 3889 2947 3961 ἀνθρώπῳ
2974 3891 3114 3945 κατά
3138 3892 3231 3945 τὸν
3268 3893 3478 3965 Ἰησοῦν
3502 3896 3724 3962 διδάξας

2136 3980 2221 4046 τὸ,
2438 3982 2553 4049 εἶμι
2587 3982 2625 4050 ἡ
2664 3978 3018 4048 ἀνάστασις.
3036 3983 3196 4037 Ἀλλά
3225 3985 3318 4038 καὶ
3346 3985 3519 4050 οὐδεὶς
3544 3987 3722 4053 οὕτως

2139 4070 2503 4143 ὲμὸρόντητος
2536 4071 2692 4143 ἡμῶν
2720 4075 2888 4137 ἐστιν,
2924 4074 2990 4128 ἵν’
3024 4073 3175 4146 εἴπῃ·
3217 4075 3507 4145 Τέθνηκεν
3533 4078 3725 4148 ἠζωὴ,

2137 4163 2176 4231 ἢ
2210 4161 2499 4231 τέθνηκεν
2544 4164 2582 4232 ὴ
2626 4163 2981 4231 ἀνάστασις.
3016 4160 3124 4219 Ἦν
3160 4166 3203 4219 δ’
3239 4167 3305 4221 ἂν
3346 4168 3408 4221 τὸ
3449 4169 3549 4239 τῆς
3585 4171 3720 4224 ὑπο-

2138 4254 2339 4318 θέσεως
2361 4255 2456 4308 τοῦ
2486 4254 2695 4310 Κέλσου
2727 4255 2909 4328 χώραν
2943 4256 3086 4328 ἕχον,
3123 4261 3169 4310 εἰ
3198 4259 3505 4330 ὲφάσκομεν
3533 4278 3719 4332 προειο

463 4350 603 4414 l’ore,
640 4360 698 4405 ut
731 4358 829 4405 aut
880 4350 1021 4405 Deus
1076 4350 1324 4413 verbum,
1376 4356 1470 4402 aut
1515 4347 1743 4413 veritas,
1783 4355 1875 4401 aut
1902 4347 2033 4411 vita,

2148 4348 2367 4418 ρηκέναι
2397 4348 2522 4412 τοὺς
2548 4350 2834 4420 προφήτας
2860 4347 3210 4421 τεθνήξεσθαι
3243 4349 3331 4405 τὸν
3363 4350 3494 4405 Θεὸν
3525 4353 3712 4421 Λόγον,

466 4452 561 4497 aut
591 4443 946 4507 resurrectio,
1001 4449 1096 4496 aut
1145 4440 1276 4509 quid
1328 4438 1477 4502 aliud
1531 4453 1743 4507 eorum,
1774 4452 1892 4508 quae
1937 4438 2033 4492 Dei

467 4532 636 4591 Filius
662 4548 787 4591 esse
814 4549 873 4590 se
905 4534 1186 4603 praedicat,
1223 4539 1546 4591 moreretur.

538 4626 627 4683 17.
667 4626 783 4683 Hoc
827 4627 994 4698 igitur
1040 4626 1158 4681 loco
1202 4626 1253 4681 id
1300 4639 1464 4678 unum
1495 4622 1639 4678 Celsi
1686 4636 1873 4677 verum
1903 4630 2034 4677 est:

559 4790 607 4825 ”
639 4791 742 4849 lsa.
773 4807 870 4856 ιιι,
903 4791 959 4857 2,
986 4793 1040 4846 '5.
1118 4790 1164 4822 ⁸⁵
1193 4787 1348 4844 Joan.
1385 4802 1502 4852 vni,
1529 4787 1618 4842 40.

469 4862 489 4893 ⁸
515 4858 676 4915 Joan.
706 4874 781 4917 vr.
814 4861 903 4916 50.
980 4862 1001 4892 ³
1031 4858 1188 4916 Joan.
1222 4874 1299 4926 xi,
1331 4858 1423 4913 25.

533 5024 643 5098 (97)
667 5024 1106 5098 Eié‘ait'dtuoiqg
1135 5034 1240 5098 etc.
1259 5026 1421 5080 Deest
1446 5025 1736 5098 alterume
1754 5023 2036 5098 connexis,

469 5094 722 5150 monente
749 5095 989 5150 Valesio.
1016 5094 1107 5147 Sic
1144 5097 1309 5162 igitur
1336 5096 1562 5148 restitue
1594 5111 1606 5146 :
1633 5094 1696 5147 Et
1725 5095 2036 5157 ἐπίστασαι,

465 5166 553 5221 ὅτι
574 5163 1175 5236 τέθνηκαςλτέθνηκας.
1198 5164 1594 5236 Εζξὲπίστασαι,
1631 5165 1713 5236 ὅτι
1748 5166 2033 5236 τέθνηκας,

465 5179 553 5221 οτι
574 5179 858 5236 τέθνηκας,
890 5179 1175 5286 τευνηὲιας.
1198 5179 1259 5216 ιιι
1285 5179 1594 5227 επιστασαι,
1631 5179 1713 5217 οτι
1748 5179 2033 5234 τέθνηκας,

465 5236 835 5361 argui-ﬁxique.
868 5234 991 5290 Mox
1080 5232 1353 5289 oberellus
1381 5233 1533 5287 addit
1584 5235 1693 5287 καί»
1718 5247 1846 5288 ante
1898 5234 2033 5287 ἀκο-

499 5324 665 5361 ουυει.

539 5375 652 5449 (98)
679 5375 761 5429 Οὐ
804 5374 1115 5449 τέθνηκας.
1158 5371 1302 5449 Deae
1351 5370 1599 5449 Valesius
1627 5372 1769 5449 delet
1815 5372 1899 5425 οὐ.
1934 5371 2032 5449 se-

467 5440 690 5515 quentia
723 5440 1137 5515 νει-θρκαϊὲστιν
1163 5440 1191 5494 ὃ
1212 5440 1519 5515 ὲπξστασαι,
1550 5440 1609 5515 οὐ
1636 5441 1934 5515 τέθνηκας,
1956 5441 2036 5496 sic

465 5510 712 5583 corrigit.
769 5513 1078 5583 ἐπίστασαι,
1112 5512 1193 5565 ὅτι
1241 5510 1526 5583 τέθνηκας.
1565 5512 1636 5565 At
1697 5510 2027 5583 Boberellus,

465 5597 564 5649 pro
596 5579 735 5646 istis,
759 5581 854 5634 καὶ
879 5582 1025 5635 ἐστιν
1062 5582 1111 5646 ὃ,
1146 5596 1268 5650 quae
1311 5579 1554 5650 Valesius
1604 5583 1827 5650 omnino
1866 5580 2028 5650 deiet,

471 5648 579 5707 haec
607 5651 911 5720 reponenda
939 5661 1111 5720 putat,
1144 5648 1303 5705 τοῦτο
1335 5649 1463 5720 ἄρα.
1500 5649 1569 5707 Ut
1603 5653 1695 5718 sit,
1732 5649 1886 5702 τοῦτο
1922 5648 2032 5719 ἄρα

1722 4788 1767 4819 ’⁷
1801 4785 1958 4842 Joan.
1993 4802 2032 4848 ι.
2063 4785 2152 4841 ﬂ.
2231 4785 2277 4818 ’⁸
2300 4784 2509 4841 Coloss.
2543 4801 2584 4851 ι,
2624 4784 2712 4838 l5.

2139 4439 2173 4510 ἧ
2203 4441 2301 4511 τὴν
2330 4439 2608 4510 ἀλήθειαν,
2641 4439 2674 4510 ἦ
2703 4439 2803 4510 τὴν
2831 4437 2997 4511 ζωὴν,
3032 4440 3064 4511 ἣ
3108 4440 3203 4511 τὴν
3250 4442 3563 4508 ἀνάστασιν,
3596 4444 3631 4514 ἦ
3660 4463 3716 4498 τι

2139 4530 2248 4585 τῶν
2277 4530 2471 4594 ἄλλων,
2507 4530 2544 4586 ἃ
2575 4547 2738 4601 φησιν
2771 4525 2909 4585 εῖναι
2938 4534 2966 4584 6
2998 4531 3125 4595 Υἱὸς
3148 4531 3248 4584 τοῦ
3279 4532 3435 4588 Θεοῦ.

2227 4620 2504 4693 Ἀληθεύει
2564 4616 2657 4676 οὖν
2714 4620 2770 4676 ἐν
2826 4621 2972 4693 μόνῳ
3004 4621 3143 4676 κατὰ
3173 4623 3263 4677 τὸν
3306 4622 3468 4679 τόπον
3496 4626 3525 4677 ὁ
3574 4626 3718 4680 Κέλ-

2809 4784 2855 4819 ⁹⁹
2883 4783 3039 4838 Joan.
3075 4801 3186 4855 xiv,
3216 4787 3269 4842 6.
3349 4788 3367 4818 ³
3388 4786 3547 4842 Joan.
3574 4802 3631 4856 ι,
3657 4788 3712 4842 9.

2140 5021 2451 5087 ἐπίστασαι,
2474 5023 2555 5075 ὅτι
2580 5018 2869 5091 τέθνηκας.

2205 5092 2314 5163 (99)
2366 5088 2742 5147 Ἐπίστασαι.
2772 5093 2917 5146 Bene
2948 5088 3210 5152 Valesius,
3272 5090 3422 5145 οὐδὲν
3486 5089 3716 5145 ἐπίστα-

2137 5179 2248 5217 σαι.

2206 5231 2650 5303 (l)Hmschelius
2680 5233 2737 5287 in
2794 5238 2962 5296 textu,
3003 5232 3059 5284 ὲν
3107 5230 3393 5285 ὑποθέσεσι
3449 5230 3697 5354 παρειλη-

2137 5300 2676 5354 muav.Boherellus
2707 5316 2804 5354 ι)ιο
2845 5301 3278 5354 παρειλήφαμεν.
3335 5301 3463 5354 leuit
3513 5316 3655 5354 παοε
3682 5326 3697 5339 -

2137 5300 2339 5373 φαμεν.
2361 5300 2676 5359 Bolierellus
2707 5316 2804 5372 pro
2845 5301 3278 5373 παρειλήφαμεν,
3335 5301 3463 5371 legit
3513 5300 3711 5373 παρείο

2317 5411 2457 5516 ’θρα
2495 5435 2623 5516 οὖν,
2650 5441 2878 5516 vagare.
2911 5439 3055 5516 Lege
3108 5457 3228 5516 cum
3272 5439 3575 5516 Doberello,
3606 5439 3713 5511 δρα

2138 5508 2225 5577 ὡς’
2248 5508 2453 5581 σαφῶς,
2481 5512 2566 5567 vel
2584 5515 2705 5568 cum
2728 5508 2944 5576 Guielo,
2969 5512 3068 5581 δρα
3097 5508 3188 5564 οὖν
3220 5511 3338 5581 πῶς
3364 5509 3566 5580 σαφῶς.

2198 5583 2286 5654 ¹(ὅ)
2317 5580 2655 5639 [liescbelius
2674 5583 2727 5637 in
2753 5590 2925 5648 textu,
2960 5580 3067 5635 ἀπὸ
3094 5581 3185 5635 τοῦ
3212 5580 3367 5633 Θεοῦ.
