3972 6160
420 249 442 305 1
459 250 560 306 ιιι

1891 248 2213 308 ORIGENIS

3532 243 3556 294 1
3565 241 3696 299 448

418 363 799 419 mandaverat?
843 366 920 419 An
951 364 1195 433 proprias
1237 362 1372 432 leges
1416 365 1707 429 damnavit,
1747 375 1794 419 et
1833 367 1996 432 paeni-

2099 363 2381 432 παρέχειν
2418 360 2514 415 καὶ
2538 357 2710 429 αὖθις
2737 361 3012 423 temur;
3035 358 3294 426 Πότερον
3319 355 3577 424 Μωῦσῆς
3635 358 3686 427 ἢ

421 455 584 509 tentia
624 456 814 508 ductus
866 456 1111 508 nuntium
1161 454 1320 507 mittit
1369 458 1636 510 contraria
1699 465 1986 524 pra’ceptu-

419 545 582 598 rum?
627 544 725 600 llic
771 543 970 598 accidit
1022 541 1180 598 Celso
1219 542 1319 608 illi,
1359 543 1452 612 qui
1503 558 1562 598 se
1608 546 1789 600 omnia
1845 548 1987 600 scire

412 633 648 702 jactitat,
685 632 827 702 quod
872 631 1298 702 imperitissimis
1341 633 1591 687 accidere
1640 633 1812 699 solet;
1861 637 1985 688 dum

420 732 575 793 putat
603 722 738 776 nihil
758 723 813 777 in
836 721 953 792 lege
970 730 1024 777 et
1050 723 1327 791 prophetis
1345 737 1465 778 esse
1496 723 1652 778 altius
1669 739 1828 793 quam
1846 725 1986 793 quod

418 815 582 870 verba
605 827 716 883 pra:
737 827 796 867 se
827 811 1028 868 lerunt.
1048 811 1253 883 Nempe
1279 829 1382 867 non
1416 815 1798 870 animadvertit
1825 830 1985 883 quam

419 904 706 958 evidenter
741 903 1098 972 improbabile
1139 905 1212 959 sit
1257 903 1416 972 hujus
1465 905 1724 974 temporis
1773 905 1987 959 divitias

420 993 724 1066 promissas
776 1009 806 1048 a
859 993 1160 1064 Scripturis
1207 994 1409 1060 fuisse,
1461 1009 1581 1046 cum
1632 993 1797 1048 fuisse
1841 994 1988 1049 viros

419 1080 750 1150 justissimos
779 1089 988 1134 constet
1020 1081 1112 1151 qui
1156 1081 1210 1136 in
1251 1095 1458 1135 summa
1505 1080 1686 1148 inopia
1718 1083 1986 1136 vixerunt.

425 1171 520 1227 Sic
553 1172 828 1240 propheta:
877 1171 973 1236 illi,
1025 1173 1120 1242 qui
1173 1179 1454 1240 propterea
1492 1172 1637 1240 quod
1679 1187 1811 1241 pure
1843 1173 1990 1226 vixe-

425 1275 572 1330 rant,
602 1266 866 1336 Spiritum
902 1266 1142 1322 divinum
1188 1277 1535 1337 acceperunt,
1572 1253 1888 1324 circuierunt
1937 1271 1991 1325 in

425 1356 652 1420 melotis,
682 1357 739 1409 in
765 1355 987 1424 pellibus
1021 1357 1273 1426 caprinis,
1302 1367 1526 1428 egentes,
1567 1359 1876 1427 angustiati,
1907 1359 1993 1426 af-

425 1448 580 1517 ﬂicti,
614 1449 669 1500 in
692 1447 1060 1501 solitudinibus
1094 1458 1351 1511 errantes,
1392 1448 1447 1501 in
1487 1449 1770 1512 montibus,
1803 1459 1850 1501 et
1876 1465 1992 1518 spe-

427 1535 621 1602 luncis,
667 1547 713 1591 et
757 1537 812 1590 in
843 1536 1075 1591 cavernis
1119 1546 1274 1592 terra:
1325 1537 1368 1594 ⁸.
1423 1537 1583 1602 Nam,
1619 1549 1679 1593 ut
1725 1542 1802 1594 ait
1843 1540 1990 1594 Psal-

2104 451 2333 520 Ἰησοῦς
2365 452 2682 520 ψεύδεται;
2733 450 2801 504 Ἦ
2827 451 2860 503 ό
2899 447 3123 516 Πατὴρ,
3154 446 3370 502 τοῦτον
3397 446 3685 515 πέμπων,

2087 544 2412 598 ἐπελάθετο
2453 544 2586 598 τίνα
2639 539 2866 610 Μωϋσῇ
2897 539 3205 604 διετάξατο
3255 537 3366 610 (9);
3403 539 3473 594 Ἦ
3498 555 3688 593 κατα-

2087 637 2269 707 γνοὺς
2283 637 2402 690 τῶν
2429 637 2594 690 ἰδίων
2619 637 2820 704 νόμων
2839 633 3124 703 μετέγνω,
3153 630 3251 684 καὶ
3275 629 3381 684 τὸν
3410 630 3685 700 (in-elor-

2087 721 2355 792 ἐπὶτοῖς
2385 725 2681 790 ἐναντίοις
2737 723 3136 785 ἀποστέλλει;
3189 719 3433 774 Πέπονθε
3489 720 3554 791 δὴ
3581 719 3684 774 διὰ

2087 821 2287 873 τούτων
2314 818 2516 880 Κέλσος
2542 817 2792 886 πρᾶγμα,
2820 816 2848 868 6
2869 813 3022 866 πάντ’
3046 811 3369 866 ἐπίστασθαι
3401 813 3682 881 ἐπαγγελ-

2089 907 2330 976 λόμενος,
2378 901 2814 963 ίδιωτικὼτατον,
2868 901 2994 972 περὶ
3037 900 3128 952 τοῦ
3168 899 3261 953 νοῦ
3288 899 3400 955 τῶν
3437 900 3684 972 Γραφῶν

2089 998 2293 1070 οἰηθεὶς
2347 995 2506 1049 πλέον
2549 993 2656 1048 τῶν
2702 993 2842 1047 κατὰ
2872 992 2932 1046 τὸ
2965 992 3197 1062 γράμμα
3225 991 3426 1057 λέξεων
3469 994 3681 1065 μηδένα

2089 1089 2244 1158 λόγον
2278 1083 2417 1141 εἶναι
2462 1085 2756 1156 βαθύτερον
2798 1085 2855 1139 ἐν
2897 1083 2972 1156 τῷ
3000 1085 3148 1155 νόμῳ
3182 1082 3276 1136 καὶ¹
3315 1085 3428 1147 τοῖς
3459 1087 3685 1156 προφή-

2090 1195 2230 1242 ταις·
2273 1178 2370 1246 οὐχ
2416 1174 2579 1248 ὁρῶν,
2625 1177 2707 1228 ὅτι
2748 1175 2846 1228 οὐκ
2879 1172 2943 1227 ἂν
2975 1173 3117 1226 οὕτω
3155 1174 3445 1244 προφανῶς
3475 1175 3681 1230 ἀπιθά-

2090 1285 2196 1331 νως
2226 1267 2317 1320 τὸν
2360 1264 2668 1336 σωματικὸν
2723 1263 3086 1333 ἐπηγγέλλετο
3121 1263 3232 1334 (l0)
3277 1263 3502 1320 πλοῦτον
3560 1268 3680 1329 τοῖς

2089 1357 2266 1430 ὀρθῶς
2299 1357 2559 1428 βιώσασιν
2584 1357 2612 1409 6
2639 1355 2816 1424 λόγος,
2843 1354 3206 1424 δεικνυμένων
3227 1354 3579 1409 δικαιοτάτων
3611 1359 3679 1410 ἐν

2091 1451 2237 1522 ἄκρᾳ
2283 1449 2442 1520 πενίᾳ
2472 1447 2813 1518 βεϐιωκέναι.
2849 1446 2911 1499 0i
2947 1446 3076 1514 γοῦν
3116 1445 3410 1516 προφῆται,
3442 1447 3532 1499 καὶ
3581 1446 3678 1500 διὰ

2090 1538 2151 1590 τὸ
2172 1537 2425 1609 καθαρῶς
2459 1535 2777 1607 βεϐιωκέναι
2802 1533 3020 1606 ταθεῖον
3041 1535 3264 1605 Πνεῦμα
3297 1537 3672 1607 χωρησάντες,

428 1628 630 1680 mista:
669 1626 852 1681 Multa:
900 1626 1263 1682 tribulatione:
1301 1628 1569 1696 juslorum
1606 1631 1648 1683 ⁵.
1701 1631 1756 1683 Si
1804 1632 1992 1688 Celsus

2098 1628 2421 1698 περιῆλθον
2464 1627 2534 1681 ἐν
2572 1626 2893 1696 μηλωταῖς,
2942 1627 3013 1679 ἐν
3061 1626 3305 1695 αἰγείοις
3357 1625 3674 1696 δέρμασιν,

439 1715 642 1788 Moysis
699 1717 870 1783 legem
918 1717 1172 1788 legisset,
1222 1695 1413 1788 opinor
1468 1720 1607 1774 istud
1642 1737 1657 1776 :
1692 1719 1994 1776 Faenerabis

2098 1695 2541 1790 ὑστερούμενοι,
2559 1695 2912 1788 θλιϐόμενοι,
2936 1717 3427 1786 κακουχούμενοι,
3545 1717 3681 1786 ἐρη·

436 1805 616 1859 multis
647 1805 904 1874 gentibus,
943 1817 990 1860 et
1013 1810 1120 1876 ipse
1160 1823 1194 1862 a
1226 1809 1372 1864 nullo
1418 1811 1640 1880 accipies
1673 1821 1911 1865 mutuum
1951 1812 1994 1877 ⁸,

429 1895 599 1964 legem
649 1895 959 1949 observanti
988 1897 1214 1961 dictum,
1247 1901 1470 1968 perinde
1513 1903 1816 1969 accepisset
1845 1917 1910 1956 ac
1950 1903 1995 1958 si

422 1986 569 2055 justo
602 1986 922 2053 promissum
955 1986 1167 2054 fuisset,
1197 2004 1258 2045 se
1290 1991 1447 2045 caecis
1481 1991 1606 2045 istis
1632 1993 1833 2047 divitiis
1863 1993 1997 2048 adeo

428 2076 907 2131 circutnlluxurum
961 2092 1103 2144 esse,
1151 2087 1209 2133 ut
1261 2094 1373 2148 prte
1424 2079 1634 2136 illarum
1677 2083 1832 2151 copia
1886 2098 1996 2137 non

427 2165 630 2223 Judaeis
677 2170 835 2225 modo
874 2179 968 2224 aut
998 2171 1154 2227 alteri
1186 2167 1281 2226 aut
1318 2173 1529 2229 duabus
1563 2182 1657 2229 aut
1688 2175 1860 2230 tribus
1899 2190 1996 2228 na-

431 2247 697 2324 tionibus:
718 2262 813 2316 sed
859 2264 1042 2318 multis
1075 2261 1392 2322 fceneraret.
1439 2265 1671 2332 Quantis
1717 2265 1881 2336 igitur
1909 2267 1996 2321 di-

429 2353 576 2407 vitiis
609 2355 905 2408 secundum
934 2353 1102 2423 legem
1122 2353 1254 2422 justi
1284 2368 1630 2411 remunerata
1654 2366 1738 2412 est
1759 2357 1996 2425 justitia,

434 2451 493 2494 ut
528 2441 713 2496 multis
746 2444 1000 2511 gentibus
1029 2443 1293 2498 fmneret?
1323 2444 1644 2514 llujusmodi
1691 2457 1869 2501 autem
1917 2448 2000 2502 iu-

433 2533 816 2601 terpretationi
868 2548 1208 2604 consequens
1255 2545 1358 2600 est,
1395 2546 1452 2590 ut
1502 2552 1777 2606 nunquam
1820 2537 2000 2607 justus

433 2635 677 2678 mutuum
710 2617 958 2694 accipere
1004 2625 1381 2693 existimetur;
1430 2644 1550 2682 cum
1588 2631 1846 2699 scriptum
1879 2631 1950 2684 sit
1983 2648 1996 2685 :

433 2715 558 2783 Ipse
598 2733 701 2771 non
756 2718 983 2785 accipies
1032 2732 1270 2773 mutuum
1313 2721 1357 2774 τ.
1407 2719 1660 2790 Nunquid
1712 2734 1842 2791 gens
1889 2719 1998 2788 illa,

433 2819 556 2872 qure
583 2819 641 2859 se
676 2816 780 2860 tam
811 2808 1096 2862 evidenter
1131 2808 1362 2864 vidisset
1407 2825 1436 2862 a
1483 2810 1664 2880 Moyse
1696 2812 1998 2880 deceptam,

436 2905 496 2948 ut
529 2895 720 2951 Celsus
751 2898 1047 2963 existimat,
1096 2910 1370 2956 servasset
1399 2915 1495 2969 per
1539 2910 1617 2956 tot
1646 2901 1844 2956 stecula
1880 2901 2003 2956 reli-

435 2985 672 3054 gionem,
725 3002 893 3057 quam
951 2989 1051 3059 ipsi
1099 2989 1382 3060 legislator
1433 2993 1522 3046 ille
1558 2993 2003 3063 praescripserat?

2091 1811 2257 1881 μίαις
2284 1806 2682 1877 πλανώμενοι,
2712 1806 2810 1860 καὶ
2842 1805 3044 1874 ὄρεσι,
3064 1806 3160 1860 καὶ
3200 1806 3526 1874 σπηλαίοις
3571 1807 3674 1860 καὶ

2097 1901 2225 1967 ταῖς
2253 1900 2426 1967 ὀπαῖς
2475 1898 2582 1966 τῆς
2631 1895 2760 1967 γῆς·
2800 1898 3026 1952 Πολλαὶ
3059 1898 3166 1969 γὰρ
3198 1899 3258 1951 αἱ
3288 1900 3523 1966 θλίψεις
3554 1896 3678 1952 τῶν

2097 1991 2358 2052 δικαίων,
2402 1990 2542 2044 κατὰ
2572 1989 2662 2042 τὸν
2706 1988 2996 2060 Ὑμνῳδόν.
3039 1988 3210 2059 Εἴπερ
3239 1989 3294 2043 δὲ
3326 1989 3537 2057 ἀνέγνω
3580 1988 3678 2042 τὸν

2097 2086 2374 2148 Μωῦσέως
2417 2083 2578 2154 νόμον
2633 2084 2662 2137 6
2719 2082 2946 2148 Κέλσος,
2979 2081 3144 2147 εἰκὸς,
3184 2082 3264 2135 ὅτι
3293 2078 3376 2145 τὸ,
3415 2079 3678 2147 Δανειεῖς

2099 2176 2301 2230 ἔθνεσι
2329 2175 2600 2241 πολλοῖς,
2632 2174 2712 2229 σὺ
2745 2172 2813 2226 δὲ
2839 2173 2912 2226 οὐ
2951 2170 3159 2238 δανειῇ
3206 2171 3339 2243 (Η),
3381 2170 3679 2242 λεγόμενον

2099 2267 2236 2340 πρὸς
2274 2266 2365 2321 τὸν
2408 2265 2678 2337 τηροῦντα
2713 2264 2802 2318 τὸν
2842 2264 3023 2334 νόμον,
3064 2262 3215 2334 ᾠήθη
3245 2262 3480 2317 τοιοῦτον
3509 2258 3674 2326 εἶναι,

2099 2356 2226 2411 ὥστ’
2273 2357 2329 2408 ἐν
2371 2354 2673 2425 ἐπαγγελίᾳ
2728 2352 2984 2423 λέγεσθαι
3030 2351 3107 2422 τῷ
3156 2351 3368 2422 δικαίῳ,
3420 2350 3677 2406 τοσοῦτον

2101 2449 2418 2520 πλουτήσειν
2447 2448 2539 2502 τὸν
2579 2447 2776 2516 τυφλὸν
2808 2446 3054 2510 πλοῦτον,
3101 2446 3241 2499 ὥστε
3271 2445 3358 2500 διὰ
3386 2445 3445 2499 τὸ
3473 2445 3676 2517 πλῆθος

2099 2539 2208 2592 τῶν
2240 2538 2531 2610 χρημάτων
2562 2537 2623 2590 ού
2659 2537 2817 2608 μόνον
2860 2536 3130 2600 Ἰουδαίοις
3153 2535 3415 2600 δανείζειν
3445 2535 3538 2589 τὸν
3595 2536 3677 2590 δὶ-

2100 2646 2272 2695 καιον,
2305 2629 2418 2683 ἀλλ’
2451 2629 2559 2682 οὐδ’
2592 2628 2763 2684 ἄλλων
2791 2627 2871 2681 ἐνὶ
2898 2627 3058 2692 ἔθνει,
3084 2627 3116 2698 ἢ
3144 2625 3401 2697 δευτέρῳ,
3424 2625 3457 2697 ἢ
3486 2625 3672 2697 τρίτῳ,

2100 2721 2234 2792 ἀλλὰ
2253 2721 2484 2784 πολλοῖς.
2519 2720 2668 2772 Πόσα
2693 2715 2786 2773 οὖν
2817 2719 2846 2771 6
2871 2717 3074 2782 δίκαιος
3108 2717 3368 2788 ἐκέκτητο
3394 2719 3672 2789 χρήματα,

2103 2811 2294 2883 μισθὸν
2314 2813 2410 2882 τῆς
2435 2810 2779 2882 δικαιοσύνης
2810 2809 2951 2864 αὐτὰ
2985 2808 3126 2863 κατὰ
3153 2808 3243 2862 τὸν
3278 2808 3440 2878 νόμον
3472 2805 3673 2870 λαϐὼν,

2103 2902 2190 2955 ἵνα
2211 2903 2428 2974 δανείζῃ
2459 2901 2569 2971 (12)
2611 2900 2823 2963 πολλοῖς
2860 2899 3102 2966 έθνεσιν;
3155 2898 3466 2955 ’Δκόλουθον
3487 2898 3531 2954 δ’
3555 2897 3674 2954 ἐστὶ

2102 2994 2166 3062 τῇ
2187 2988 2406 3061 τοιαύτῃ
2437 2989 2627 3060 ἐκδοχῇ
2655 2988 2747 3042 καὶ
2779 2988 2840 3041 τὸ
2870 2988 3291 3059 ὑπολαμϐάνειν,
3317 2990 3398 3044 ὅτι
3421 2989 3674 3045 οὐδέποτε

435 3075 622 3146 Neque
653 3080 796 3132 enim
843 3080 983 3134 ullus
1014 3090 1345 3135 memoratur
1375 3091 1454 3137 tot
1487 3083 1708 3139 divitias
1753 3086 1998 3153 adeptus,

2103 3085 2131 3135 6
2154 3083 2358 3145 δίκαιος
2391 3081 2708 3144 δανείζεται·
2741 3082 2861 3135 ἐπεὶ
2888 3081 3213 3151 γέγραπται·
3256 3081 3340 3135 Σὺ
3367 3081 3437 3135 δὲ
3473 3083 3543 3136 οὐ
3568 3080 3674 3135 δα·-

437 3178 498 3222 ut
541 3169 721 3223 multis
770 3171 1020 3238 gentibus
1063 3170 1436 3228 fmueraverit.
1469 3175 1538 3228 At
1571 3175 1847 3243 probabile
1893 3193 1998 3230 non

435 3270 521 3316 est
566 3261 736 3330 legem
777 3272 1056 3331 tantopere
1086 3265 1234 3319 cordi
1286 3266 1520 3320 futuram
1556 3266 1725 3322 fuisse
1769 3268 2001 3322 homini-

438 3351 564 3416 bus,
599 3353 688 3422 qui
715 3369 859 3420 eam,
897 3365 954 3408 ιιι
980 3355 1168 3410 Celsus
1195 3366 1372 3424 putat,
1410 3357 1712 3427 intelligere
1738 3360 1880 3413 docti
1914 3377 2003 3414 es-

439 3450 580 3507 sent,
611 3453 667 3498 et
695 3442 844 3498 falsis
874 3446 1325 3513 promissionibus
1365 3446 1484 3500 duci
1517 3462 1577 3502 se
1619 3461 1648 3500 a
1677 3445 1794 3516 lege
1818 3458 2004 3516 aperte

437 3535 720 3590 vidissent.
769 3536 826 3590 Si
860 3536 986 3606 quis
1019 3536 1164 3592 dicat
1192 3552 1312 3607 quae
1348 3537 1509 3608 hujus
1552 3539 1735 3609 populi
1780 3549 2001 3609 peccata

442 3623 736 3692 Scriptura:
766 3625 1016 3690 recitant,
1050 3639 1114 3679 ea
1145 3624 1393 3694 exemplo
1425 3639 1564 3690 esse,
1601 3625 1769 3694 legem
1802 3625 1869 3679 ab
1913 3626 2004 3679 illo

438 3716 747 3783 despectam
769 3714 934 3770 fuisse
950 3725 1002 3771 et
1021 3716 1302 3786 rejectam,
1322 3717 1554 3771 fortasse
1574 3717 1700 3786 quia
1722 3717 1893 3784 ipsum
1914 3717 2003 3770 dc-

441 3806 669 3874 ciperet,
698 3805 823 3858 huic
845 3807 1271 3873 respondendum
1302 3806 1429 3873 erit,
1462 3805 1742 3876 legendam
1767 3819 1887 3860 esse
1924 3806 2007 3858 hi-

443 3895 667 3949 storiam
695 3906 1022 3964 temporum,
1049 3897 1134 3950 ubi
1153 3896 1417 3964 scriptum
1439 3906 1523 3950 est
1544 3896 1794 3966 populum
1814 3898 2003 3958 istum,

443 3991 727 4054 postquam
761 3986 994 4054 peccatis
1023 3987 1188 4040 Deum
1231 3986 1552 4051 oll‘enderat,
1591 3995 1856 4043 mutatum
1885 4001 2004 4041 esse

443 4074 500 4128 in
531 4076 724 4130 melius
740 4085 794 4130 et
819 4075 885 4130 ad
914 4075 1228 4144 religionem
1251 4089 1279 4128 ιι
1300 4075 1730 4145 legeinslitutam
1759 4077 2002 4131 rediisse.

2102 3169 2251 3242 νειῇ.
2280 3169 2404 3244 Ἆρ’
2445 3169 2536 3226 οὖν
2569 3171 2747 3243 ἔμεινε
2779 3173 2838 3225 τὸ
2875 3172 3023 3238 ἔθνος
3044 3173 3314 3236 τοσούτοις
3361 3173 3575 3244 χρόνοις
3615 3174 3675 3225 ἐν

2103 3268 2168 3336 τῇ
2197 3264 2338 3318 κατὰ
2377 3263 2613 3317 Μωῦσέα
2645 3263 2940 3333 θεοσεϐείᾳ,
2977 3263 3266 3334 προφανῶς
3323 3263 3518 3334 βλέπον
3549 3261 3679 3331 ψευ-

2103 3356 2344 3426 δόμενον,
2377 3356 2498 3408 ὅσον
2531 3353 2624 3407 ἐπὶ
2664 3353 2740 3424 τῷ
2781 3355 2994 3424 Κέλσῳ,
3028 3356 3118 3409 τὸν
3164 3355 3492 3425 νομοθέτην;
3545 3352 3679 3406 esse

2103 3445 2210 3518 γὰρ
2263 3446 2538 3517 ἱστόρηταί
2570 3463 2650 3508 τις
2695 3445 2944 3498 τοσοῦτον
2977 3445 3300 3517 πλουτήσας,
3341 3445 3416 3508 ὡς
3447 3444 3680 3498 δεδανει-

2105 3532 2257 3584 κέναι
2283 3531 2458 3585 ἔθνεσι
2493 3532 2724 3595 πολλοῖς.
2763 3532 2898 3585 Ἀλλ’
2931 3533 2990 3586 οὐ
3019 3533 3240 3587 πιθανὸν
3273 3531 3445 3596 οὕτως
3480 3532 3677 3596 αὐτοὺς

2105 3622 2519 3692 διδασκομένους
2562 3623 2778 3678 ἀκούειν
2823 3625 2915 3677 τοῦ
2952 3625 3134 3694 νόμου,
3167 3624 3243 3687 ὡς
3285 3625 3492 3688 Κέλσος
3521 3624 3675 3696 ᾤετο,

2108 3713 2201 3766 καὶ
2217 3713 2504 3784 προφανῶς
2540 3715 2832 3785 βλέποντας
2868 3715 3076 3786 ψευδεῖς
3103 3716 3202 3779 τὰς
3233 3714 3375 3770 κατὰ
3401 3715 3493 3770 τὸν
3515 3715 3679 3786 νόμον

2108 3804 2434 3873 ἐπαγγελίας
2465 3807 2822 3874 ἀγωνίζεσθαι
2851 3807 3090 3880 περὶτοῦ
3124 3808 3306 3879 νόμου.
3344 3806 3472 3862 Ἐὰν
3495 3807 3554 3862 δὲ
3579 3807 3674 3870 τὰς

2110 3897 2600 3969 ἀναγεγραμμένας
2639 3917 2720 3962 τις
2747 3900 3023 3971 ἁμαρτίας
3043 3899 3134 3953 τοῦ
3161 3899 3290 3954 λαοῦ
3321 3899 3462 3972 φέρῃ
3501 3897 3674 3970 παρά-

2108 3987 2305 4058 δειγμα
2325 3990 2984 4062 τοῦκαταπεφρονηκέναι
3019 3993 3216 4057 αὐτοὺς
3252 3991 3344 4046 τοῦ
3371 3992 3556 4063 νόμου,
3579 3993 3670 4046 τά·

2111 4097 2182 4150 χοι
2213 4081 2300 4134 διὰ
2333 4082 2393 4134 τὸ
2429 4083 2833 4151 κατεγνωκέναι
2870 4085 3067 4148 αὐτοὺς
3099 4085 3210 4155 (15)
3233 4084 3307 4148 ὡς
3327 4084 3666 4154 ψευδομένου·

442 4164 662 4221 λεκτέον
707 4167 844 4238 πρὸς
895 4165 1089 4230 αὐτὸν,
1137 4166 1219 4219 ὅτι
1266 4164 1638 4233 ἀναγνωστέον
1699 4167 1793 4220 καὶ
1851 4166 1978 4228 τοὺς
2010 4169 2264 4238 χρόνους,
2307 4171 2364 4225 ἐν
2407 4166 2490 4235 οἷς
2530 4173 2650 4236 ὅλος
2692 4175 2720 4227 6
2769 4174 2895 4238 λαὸς
2937 4174 3382 4247 ἀναγέγραπται,
3429 4175 3564 4246 μετά
3617 4173 3672 4227 τὸ

443 4259 802 4330 πεποιηκέναι
851 4259 913 4314 τὸ
964 4259 1198 4332 πονηρὸν
1254 4257 1482 4312 ἐνώπιον
1530 4256 1773 4330 Κυρίου,
1830 4261 1922 4313 ἐπὶ
1975 4261 2036 4312 τὸ
2070 4261 2274 4333 βέλτιον
2319 4265 2414 4318 καὶ
2472 4264 2567 4336 τὴν
2622 4265 2762 4320 κατὰ
2814 4267 2904 4320 τὸν
2957 4267 3116 4337 νόμον
3155 4266 3460 4321 θεοσέϐειαν
3517 4281 3670 4336 μετα-

444 4349 784 4420 ϐεϐληκέναι.

517 4445 604 4499 19.
646 4443 764 4498 lam
806 4444 852 4499 si
887 4444 971 4499 lex
999 4443 1087 4498 his
1125 4441 1353 4499 verbis:
1385 4441 1748 4497 Dominaberis
1783 4444 2014 4497 nationi-
2042 4443 2088 4499 D

447 4535 540 4588 bus
571 4535 809 4602 plurimis
853 4543 902 4588 et
950 4536 1029 4588 tui
1065 4551 1212 4589 nemo
1257 4534 1617 4588 dominabitur
1647 4533 1690 4598 ⁸,
1723 4533 2008 4603 pollicetur

447 4627 895 4692 dominationem,
926 4642 1028 4681 nec
1065 4627 1210 4681 aliud
1241 4627 1537 4695 quidquam
1567 4626 1818 4681 arcanius
1840 4627 2008 4696 signi-

447 4718 605 4782 ﬁcat;
647 4718 814 4771 multo
860 4717 1032 4787 magis
1081 4717 1309 4786 populus
1342 4716 1466 4772 .iste
1512 4714 1676 4783 708
1715 4713 1848 4785 legis
1879 4731 2007 4782 pro-

2201 4443 2359 4496 Ἀλλὰ
2399 4444 2512 4512 καὶ,
2567 4444 2724 4515 εἴπερ
2750 4442 3090 4496 δυναστεύειν
3112 4441 3294 4507 αὐτοῖς
3323 4445 3352 4498 6
3389 4443 3669 4517 νόμος(14)

2112 4534 2495 4606 ἐπηγγέλλετο,
2514 4533 2705 4602 λέγων,
2739 4533 2963 4602 Ἄρξεις
2987 4531 3068 4586 σὺ
3100 4530 3168 4585 δὲ
3190 4531 3381 4587 ἐθνῶν
3411 4533 3668 4597 πολλῶν,

2111 4627 2228 4680 σοῦ
2263 4626 2332 4680 δὲ
2355 4628 2464 4680 οὐκ
2493 4625 2767 4693 ἄρξουσι,
2785 4625 2880 4678 καὶ
2913 4623 3075 4695 μηδὲν
3099 4622 3349 4694 δηλοῦται
3370 4624 3459 4678 διὰ
3477 4623 3670 4678 τούτων

2112 4717 2427 4788 βαθύτερον·
2462 4717 2638 4788 δῆλον,
2681 4718 2762 4770 ὅτι
2806 4715 2981 4786 πολλῷ
3013 4715 3172 4768 πλέον
3213 4715 3608 4784 κατεγίνωσκεν
3645 4719 3672 4770 6

449 4807 612 4860 missa
660 4807 966 4876 despicatus
1015 4807 1224 4863 fuisset.
1264 4805 1558 4874 Qucmdatn
1609 4807 1773 4860 alium
1817 4805 1998 4862 Celsus

2108 4809 2232 4871 λαὸς
2253 4807 2360 4860 τῶν
2382 4809 2519 4861 κατὰ
2549 4807 2638 4860 τὸν
2657 4807 2816 4877 νόμον
2849 4806 3208 4875 ἐπαγγελιῶν.
3239 4807 3593 4878 Παραφράζει
3619 4807 3670 4861 δέ

450 4898 673 4951 mutatis
706 4900 927 4954 vocibus
961 4899 1117 4956 affert
1169 4901 1366 4964 locum,
1415 4902 1506 4956 ubi
1556 4903 1757 4957 dicitur
1807 4909 1998 4956 terram

2107 4917 2258 4962 τινας
2302 4898 2474 4962 λέξεις
2498 4901 2528 4951 6
2558 4899 2781 4961 Κέλσος,
2836 4897 3200 4969 ἐμφαινούσας
3231 4898 3671 4970 πληρωθήσεσθαι

449 4987 758 5044 universam
796 4988 1062 5046 Hebraico
1094 4993 1302 5048 semine
1325 4993 1638 5064 replendam
1661 5005 1780 5047 esse
1812 5008 1827 5046 :
1863 4991 1998 5061 quod

2111 4991 2289 5043 πᾶσαν
2323 4988 2419 5059 τὴν
2471 4989 2572 5058 γῆν
2603 4988 2685 5045 διὰ
2716 4988 2808 5041 τοῦ
2855 4988 3143 5060 Ἐϐραῖκοῦ
3181 4989 3515 5060 σπέρματος·
3545 4989 3670 5058 ὅπερ

2467 5111 2654 5195 tuna.

518 5143 543 5176 ⁸
572 5141 738 5198 Hebr.
767 5157 845 5208 ιι,
875 5142 965 5210 57,
998 5143 1089 5200 58.
1171 5144 1193 5176 ⁵
1216 5143 1361 5200 Psal.
1394 5159 1590 5212 xxxut,
1611 5144 1702 5200 20.
1804 5145 1825 5176 ⁸
1855 5143 1998 5198 Deut.

2098 5157 2236 5206 tvm,
2282 5142 2369 5196 19..
2467 5143 2486 5172 ⁷
2521 5143 2654 5195 Ibid.
2748 5142 2769 5172 ⁸
2805 5140 2960 5194 Deut.
2990 5155 3080 5204 xv,
3115 5139 3166 5192 6.

520 5297 597 5365 (9)
635 5295 964 5362 Διετὰξατο.
1001 5296 1155 5352 Libb.
1181 5297 1308 5352 editi
1344 5299 1445 5352 hoc
1473 5299 1591 5353 loco
1622 5299 1856 5362 habent,
1897 5298 1998 5351 διε-

2107 5296 2322 5361 δανίζω,
2347 5295 2651 5366 δανίζομαι,
2674 5295 2856 5367 δανιῶ,
2891 5305 2944 5350 et
2976 5294 3280 5366 δανιοῦμαι,
3320 5298 3458 5351 unde
3487 5294 3668 5367 διανοῇ,

447 5367 656 5437 λέξατο,
684 5379 740 5420 at
771 5367 1053 5437 legendum
1081 5383 1202 5422 esse
1228 5368 1525 5434 διετάξατο,
1558 5378 1702 5436 patet
1738 5383 1804 5422 ex
1851 5369 1998 5434 hujus

2111 5382 2215 5437 non
2248 5367 2453 5437 δανειῇ,
2485 5368 2661 5437 ut_hic
2687 5366 2946 5437 scriptum
2974 5375 3079 5437 est.

452 5436 571 5508 libri
607 5452 753 5508 num.
780 5431 870 5490 25.
1163 5504 1198 5508 __
1315 5506 1323 5508 _
1390 5431 1402 5434 ⁷
1505 5506 1529 5508 η
1552 5431 1572 5508 ξ’
1921 5431 1933 5434 ’
2140 5431 2513 5508 __(l2)_Co'dex
2545 5431 2811 5508 Joliantts,
2849 5434 3090 5508 δανείςῃ.
3120 5433 3293 5508 Codd.
3329 5434 3458 5505 Reg.
3492 5443 3546 5489 et
3576 5431 3670 5487 Ba-

522 5506 632 5577 (lQ)
675 5505 751 5557 Ad
781 5520 932 5577 oraAm
1115 5504 1272 5577 cdi_t.,
1302 5506 1690 5577 ἀπηγγέλλετο.
1743 5574 1755 5577 Α
1784 5574 1791 5577 _
1915 5573 1928 5577 _
1952 5573 1972 5577 μ

2111 5503 2378 5577 εἱιρεῃξείξ,
2413 5506 2615 5575 δανειῇ.
2653 5503 2805 5577 l_._ib_b.
2833 5507 2982 5577 editi,
3013 5503 3258 5577 δανείζει.

523 5573 634 5646 (Η)
675 5574 904 5640 Δανειῇ.
938 5575 1150 5646 ᾹΜΩΗΘῙ.-
1178 5571 1630 5646 βυὶειιιέδανιῇ,
1676 5591 1704 5626 a
1737 5574 1864 5646 δάω,
1908 5573 1998 5646 δῶ.

2337 5573 2479 5646 Lege
2507 5571 2626 5646 ςδιιίιι
2640 5573 2957 5646 _Boltcrcllo_,
2972 5571 3168 5646 αὐτοῦ.

458 5634 555 5703 Do,
599 5634 715 5705 das,
747 5634 894 5707 dare,
932 5643 1100 5707 δάνω,
1132 5643 1303 5707 δάνος.
1341 5634 1659 5716 Δανείζομαι
1682 5685 1694 5708 ,
1743 5655 1792 5698 et
1821 5634 1998 5709 δανίω,

2187 5634 2302 5713 (Μ’)
2343 5634 2611 5698 ΙΙάὲεεΙιοΙ.
2639 5642 2690 5695 in
2725 5651 2898 5708 textu,
2926 5641 3100 5711 λόγος.
