3972 6160
373 263 399 319 1
410 262 514 318 N9

1532 257 1808 315 CONTRA
1849 235 2122 314 CELs'UM
2151 255 2275 312 LIB.
2313 255 2429 312 vn.

3491 251 3632 310 1450

373 370 450 442 ὡς
489 377 624 450 πρὸς
646 378 747 449 τὴν
786 377 1044 448 ἱστορίαν,
1082 374 1360 447 μηνίοντος
1391 375 1524 445 (lii),
1555 377 1621 428 ἵν’
1645 376 1818 440 οὕτως
1842 376 1946 428 ὀνο-

2055 385 2186 429 sane
2210 371 2387 442 quoad
2421 369 2704 424 historiam
2754 369 2955 424 factum
2997 378 3082 426 est
3112 377 3234 440 post
3261 368 3390 424 Jesu
3423 374 3630 424 advena

376 469 556 540 μάσω,
598 467 690 519 τοῦ
725 466 883 530 Θεοῦ,
921 466 1210 535 γεγένηται
1245 465 1381 535 μετὰ
1413 465 1509 536 τὴν
1559 464 1736 535 Ἰησοῦ
1770 465 1954 536 ἐπιδη-

379 563 528 633 μίαν,
563 560 707 630 ἤπερ
728 557 974 626 εὐλογίας
1003 557 1361 619 ἀποδιδόντος.
1405 555 1564 608 Ἀλλὰ
1598 557 1690 610 καὶ
1719 557 1951 627 περὶτοῦ

374 655 433 707 ἐν
451 652 749 720 ἐπαγγελίᾳ
761 649 1011 720 εἰρῆσθαι
1027 648 1296 711 Ἰουδαίοις
1313 649 1696 716 καταφονεύειν
1715 650 1838 711 τοὺς
1855 666 1952 702 πο-

375 743 612 815 λεμίους,
662 742 878 796 λεκτέον
916 741 1018 805 ὅτι,
1046 741 1200 804 εἴτις
1235 741 1547 809 ἀναλέγοιτο
1569 741 1663 794 καὶ
1697 743 1953 813 προσέχοι

376 834 650 907 ἐπιμελῶς
696 835 813 896 ταῖς
843 833 1074 897 λέξεσιν,
1118 833 1265 904 εὖροι
1296 833 1362 886 ἆν
1401 833 1660 888 ἀδύνατον
1689 829 1826 889 εἶναι
1859 835 1954 905 τὴν

375 927 451 991 ὡς
477 927 613 998 πρὸς
638 925 696 979 τὸ
731 925 890 997 ῥητὸν
935 924 1180 996 ἐκδοχὴν.
1222 925 1405 994 Ἀρκεῖ
1434 924 1478 976 δ’
1511 926 1604 976 ἐπὶ
1635 923 1726 977 τοῦ
1752 925 1954 996 παρόν-

376 1035 468 1082 τος
501 1019 606 1072 ἀπὸ
631 1017 739 1070 τῶν
762 1014 993 1087 ψαλμῶν
1028 1015 1386 1085 παραθέσθαι,
1415 1016 1538 1069 τίνα
1574 1017 1771 1087 τρόπον
1808 1019 1836 1070 ὁ
1886 1017 1958 1070 δί-

377 1125 530 1172 καιος
558 1107 832 1176 εἰσάγεται
859 1107 1033 1176 λέγων
1067 1102 1202 1177 πρὸς
1235 1105 1444 1177 ἑτέροις
1467 1108 1561 1160 καὶ
1593 1108 1676 1168 τὸ,
1711 1111 1816 1174 Είς
1848 1108 1956 1174 τὰς

377 1202 600 1268 πρωΐας
628 1200 980 1255 ἀπέκτεινον
1005 1197 1235 1264 πάντας
1269 1197 1412 1264 τοὺς
1437 1200 1822 1267 ἁμαρτωλοὺς
1848 1199 1956 1268 τῆς

378 1292 512 1364 γῆς,
542 1292 650 1346 τοῦ
679 1291 1104 1359 ἐξολοθρεῦσαι
1128 1291 1196 1344 ἐκ
1222 1293 1452 1357 πόλεως
1479 1294 1698 1358 Κυρίου
1726 1294 1956 1360 πάντας

377 1385 518 1449 τοὺς
547 1383 970 1452 ἐργαζομένους
1026 1382 1140 1451 τὴν
1171 1382 1443 1451 ἀνομίαν.
1482 1383 1726 1454 Πρόσχες
1771 1386 1835 1456 δὴ
1879 1386 1956 1457 τῷ

378 1475 528 1547 ῥητῷ
575 1475 666 1528 καὶ⁵
698 1476 765 1544 τῇ
799 1473 1036 1528 διαθέσει
1078 1472 1171 1528 τοῦ
1211 1472 1481 1542 λέγοντος,
1525 1476 1573 1527 εἰ
1606 1475 1827 1530 ἐδύνατο
1867 1478 1957 1530 ἁν-

376 1565 771 1636 δραγαθήματα
820 1561 1345 1636 προδιηγησάμενος,
1402 1566 1542 1637 ἅπερ
1583 1565 1824 1622 ἔκκειται
1876 1567 1956 1639 τῷ

379 1655 688 1726 βουλομένῳ
732 1654 1146 1724 ἀναγινώσκειν,
1182 1655 1462 1728 ἐπιφέρειν
1490 1657 1550 1709 τὸ
1576 1658 1651 1720 ὡς
1693 1659 1827 1728 πρὸς
1855 1659 1954 1730 τὴν

375 1749 517 1816 λέξιν
548 1750 790 1812 δυνατὸν,
821 1751 901 1802 ὅτι
921 1749 1021 1804 οὐκ
1055 1751 1198 1820 ἄλλῳ
1229 1751 1405 1821 καιρῷ
1434 1752 1535 1822 τῆς
1567 1751 1780 1825 ἡμέρας
1810 1753 1841 1824 ἦ
1873 1753 1952 1823 τῷ

377 1839 583 1911 ἑωθινῷ
609 1842 798 1912 ἀνῄρει
826 1841 1034 1906 πάντας
1057 1845 1182 1906 τοὺς
1211 1844 1565 1915 ἁμαρτωλοὺς
1597 1845 1696 1914 τῆς
1730 1846 1853 1915 γῆς,
1878 1845 1954 1910 ώς

380 1931 582 2002 μηδένα
608 1932 926 1991 καταλιπεῖν
957 1933 1136 1986 αὐτῶν
1170 1933 1362 1997 ζῶντα·
1398 1935 1490 1987 καὶ
1521 1938 1568 1989 εί
1596 1936 1956 2008 ἐξωλόθρευεν

378 2020 487 2072 ἀπὸ
502 2021 600 2090 τῆς
628 2022 978 2093 Ἰερουσαλὴμ
991 2023 1146 2076 πάνθ’
1163 2024 1398 2077 ὁντινοῦν
1419 2025 1703 2096 ἄνθρωπον
1726 2028 1955 2099 ἐργαζό-

381 2128 541 2180 μενον
554 2112 651 2183 τὴν
678 2113 927 2183 ἀνομίαν.
955 2108 1142 2166 Πολλὰ¹
1161 2114 1204 2166 δ’
1229 2114 1294 2168 ἂν
1319 2115 1500 2187 εὕροις
1523 2117 1616 2170 καὶ
1641 2119 1697 2172 ἐν
1713 2120 1790 2190 τῷ
1805 2112 1954 2192 νόμῳ

376 2203 629 2266 τοιαῦτα,
663 2205 736 2268 ὡς
767 2205 858 2268 τὸ,
899 2208 980 2259 Οὺ
1024 2208 1422 2277 κατελίπομεν
1465 2209 1665 2264 αὐτῶν
1687 2211 1949 2281 ζωγρίαν.

447 2295 604 2366 Φέρει
664 2296 709 2350 δ’
771 2297 799 2348 6
845 2298 1052 2360 Κέλσος
1097 2298 1189 2351 καὶ
1238 2299 1294 2352 τὸ
1337 2301 1697 2371 προειρῆσθαι
1743 2304 1946 2367 αὐτοῖς,

380 2386 454 2457 μὴ
492 2386 828 2458 πειθομένοις
858 2388 935 2458 τῷ
972 2389 1141 2460 νόμῳ,
1177 2391 1246 2444 τὰ
1283 2391 1422 2444 αὐτὰ
1456 2393 1758 2459 πείσεσθαι,
1810 2396 1953 2467 ἆπερ

377 2478 544 2549 ἔδρων
598 2481 724 2543 τοὺς
765 2479 1075 2550 πολεμίους.
1113 2483 1224 2535 Καὶ
1268 2482 1396 2553 πρὶν
1440 2485 1503 2538 ἄν
1535 2501 1589 2538 τι
1633 2486 1954 2557 παρατιθεὶς

374 2571 582 2633 τούτοις
621 2573 648 2624 6
688 2571 896 2634 Κέλσος
924 2573 1191 2644 χρήσηται
1223 2568 1303 2637 οἷς
1334 2573 1543 2646 νομίζει
1589 2576 1954 2648 ἐναντιώμασι

377 2661 512 2730 πρὸς
536 2661 627 2714 τὸν
648 2663 810 2732 νόμον
834 2663 940 2716 ἀπὸ
969 2663 1070 2733 τῆς
1084 2665 1320 2734 Χριστοῦ
1346 2666 1710 2731 διδασκαλίας,
1734 2668 1952 2724 λεκτέον

375 2752 503 2821 περὶ
528 2751 636 2804 τῶν
671 2752 1102 2825 προειρημένων.
1135 2756 1317 2826 Φαμὲν
1365 2758 1563 2822 τοίνυν,
1604 2760 1684 2812 ὅτι
1729 2761 1757 2812 6
1790 2761 1952 2831 νόμος

373 2841 546 2904 διττός
573 2845 738 2895 ἐστιν·
772 2845 800 2895 6
837 2845 934 2914 μέν
966 2863 1048 2908 τις
1092 2846 1227 2917 πρὸς
1264 2847 1446 2918 ῥητὸν,
1492 2851 1519 2901 6
1563 2849 1620 2902 δὲ
1662 2853 1797 2922 πρὸς
1839 2852 1952 2905 διὰ-

373 2949 539 2993 νοιαν,
563 2933 638 2996 ώς
670 2935 762 2988 καὶ
793 2934 902 2987 τῶν
929 2935 1034 3006 πρὸ
1058 2935 1212 3006 ἡμῶν
1227 2954 1370 3002 τινες
1402 2938 1510 3008 (16)
1545 2938 1808 3003 ἐδίδαξαν.
1843 2943 1953 2994 Καὶ

371 3025 398 3075 6
432 3027 528 3095 μὲν
551 3027 684 3098 πρὸς
705 3026 766 3079 τὸ
797 3026 958 3097 ῥητὸν
987 3027 1048 3079 οῦ
1077 3028 1328 3082 τοσοῦτον
1370 3031 1458 3099 ὑφ’
1496 3031 1671 3102 ἡμῶν.
1700 3033 1822 3086 ὅσον
1850 3027 1953 3086 ὑπὸ

370 3116 462 3168 τοῦ
496 3117 551 3170 ἐν
586 3135 688 3170 τινι
725 3117 832 3171 τῶν
873 3117 1166 3190 προφητῶν
1217 3119 1464 3188 λέγοντος
1527 3122 1686 3185 Θεοῦ,
1737 3124 1952 3195 εἴρηται

370 3205 508 3261 εἶναι
547 3209 902 3279 δικαιώματα
951 3213 1022 3264 οὐ
1067 3212 1243 3275 καλὰ,
1278 3215 1374 3266 καὶ
1419 3214 1846 3286 προστάγματα
1879 3220 1950 3272 οὐ

371 3297 546 3351 καλά’
580 3300 608 3349 ὀ
641 3299 696 3350 δὲ
746 3299 880 3369 πρὸς
919 3301 1155 3356 διάνοιαν
1184 3303 1325 3358 κατὰ
1355 3304 1445 3358 τὸν
1473 3307 1634 3361 αὐτὸν
1665 3311 1949 3381 προφήτην

370 3387 435 3438 ἐκ
474 3387 767 3457 προσώπου
820 3389 914 3443 τοῦ
968 3391 1104 3443 Θεοῦ
1153 3392 1370 3461 λέγεται
1411 3392 1547 3450 εἶναι
1593 3398 1950 3469 δικαιώματα

370 3479 545 3542 καλὰ,
577 3479 674 3531 καὶ
716 3481 1140 3551 προστάγματα
1189 3485 1364 3539 καλά.
1413 3488 1487 3540 Οὐ
1520 3489 1626 3559 γὰρ
1659 3493 1949 3562 προφανῶς

368 3571 585 3624 ἐναντία
623 3571 766 3640 λέγει
813 3574 841 3625 6
873 3577 1156 3646 προφήτης
1190 3578 1247 3629 ἐν
1293 3578 1498 3649 ταύτῷ.
1530 3573 1598 3649 ᾯ
1641 3582 1948 3648 ἀκολούθως

366 3664 460 3716 καὶ
480 3665 507 3715 6
525 3663 736 3727 Παῦλος
764 3663 824 3716 τὸ
848 3665 946 3735 μὲν
965 3666 1198 3736 γράμμα
1218 3664 1370 3722 εἶπεν
1388 3671 1786 3738 ἀποκτείνειν,
1809 3675 1946 3748 ὅπερ

368 3757 609 3810 ἴσονὲστὶ
626 3757 780 3829 τῷτὺ
799 3755 959 3831 ῥητόν
993 3761 1123 3831 (17)·
1163 3759 1223 3814 τὸ
1252 3762 1308 3815 δὲ
1342 3764 1580 3832 πνεῦμα
1622 3764 1957 3830 ᾄυοποιεῒν,

365 3849 502 3919 ὅπερ
552 3849 861 3919 ἰσοδυναμεῖ
889 3849 966 3920 τῷ
984 3851 1119 3922 πρὸς
1147 3852 1402 3906 διάνοιαν.
1453 3854 1608 3907 Ἔστι
1638 3855 1768 3923 γοῦν
1796 3855 1944 3926 παρὰ

363 3939 441 4008 τῷ
493 3941 688 4011 Παύλῳ
738 3941 998 4009 ἀνάλογόν
1029 3959 1080 3995 τι
1129 3944 1306 4014 εὑρεῖν
1346 3948 1460 4008 τοῖς
1514 3947 1846 4015 νομισθείσιν
1879 3948 1944 4002 ἂν

365 4031 726 4101 ἐναντιώμασι
774 4033 912 4086 κατὰ
939 4031 1028 4086 τὸν
1058 4037 1360 4107 προφήτην.
1404 4037 1488 4100 Ὡς
1525 4039 1633 4109 γὰρ
1662 4039 1793 4092 ὅπου
1844 4039 1943 4109 μὲν

379 4123 634 4194 Ἰεζεκιὴλ
666 4123 831 4192 λέγει,
865 4126 1091 4180 ’Έδωχα
1115 4127 1318 4193 αὐτοῖς
1349 4127 1707 4196 δικαιώματα
1727 4133 1798 4183 οὺ
1833 4147 1941 4183 κα-⁸

364 4213 467 4280 λὰ,
500 4217 596 4269 καὶ
625 4216 1049 4285 προστάγματα
1079 4219 1149 4271 οὐ
1164 4220 1340 4279 καλὰ,
1361 4220 1430 4271 ἐν
1458 4215 1548 4284 οἷς
1567 4222 1638 4272 οὐ
1663 4220 1941 4289 ζήσονται

362 4307 661 4373 ἐναύτοῒς·
677 4309 808 4360 ὅπου
825 4308 899 4372 δὲ,
923 4308 1150 4363 Ἕδωλια
1165 4310 1366 4376 αὐτοῖς
1385 4309 1742 4379 δικαιώματα
1759 4313 1934 4376 καλὰ,

1916 1720 2026 1773 .'-_B

2064 472 2200 527 tttm,
2241 462 2380 515 irato
2411 459 2592 529 potius
2633 459 2760 523 Deo,
2790 470 2846 512 ttt
2899 461 2970 513 ita
3007 461 3218 528 loquar,
3267 474 3428 528 quam
3468 459 3632 514 bene-

2059 555 2326 609 dictioncs
2352 550 2723 615 impertiente.
2759 550 2915 617 Quod
2965 552 3189 606 additur
3237 551 3406 607 fuisse
3431 551 3632 606 ludatis

2058 645 2384 715 promissum
2413 641 2553 708 fore,
2587 651 2644 696 ut
2673 657 2800 698 suos
2833 643 3018 698 hostes
3043 642 3438 708 interﬁcerent,
3463 643 3630 708 istud,

2060 736 2103 790 si
2135 736 2258 804 quis
2284 734 2448 789 verba
2475 733 2762 802 diligenter
2809 735 3183 804 perpenderit,
3223 734 3463 788 inveniet
3512 734 3630 790 lieri

2059 843 2167 883 non
2221 841 2380 898 posse
2443 835 2506 881 ut
2552 826 2850 881 secundum
2901 825 3134 880 litteram
3189 827 3510 894 accipiatur.
3571 828 3633 882 In

2059 920 2346 988 prwseutia
2393 918 2527 972 satis
2572 917 2680 971 erit
2732 917 2908 971 locum
2941 932 2971 971 e
2999 917 3232 972 Psalmis
3280 915 3499 985 alferre,
3539 919 3629 974 ubi

2055 1009 2235 1078 justus
2288 1012 2432 1064 inter
2465 1023 2656 1066 caetera
2695 1010 2966 1064 inducitur
2999 1009 3183 1064 dicens
3213 1027 3225 1062 ε
3256 1008 3322 1062 In
3370 1012 3634 1066 matutino

2059 1102 2437 1171 interﬁciebam
2462 1118 2639 1156 omnes
2661 1111 2957 1172 peccatores
2989 1111 3165 1165 terra,
3195 1109 3250 1154 ut
3279 1101 3633 1169 disperderem

2059 1192 2124 1246 de
2165 1194 2372 1247 civitate
2412 1191 2625 1246 Domini
2657 1207 2836 1246 omnes
2885 1201 3160 1259 aperantes
3219 1191 3553 1260 iniquitatem
3585 1195 3628 1248 ⁸.

2059 1286 2298 1342 Adverte
2326 1286 2392 1340 ad
2431 1287 2594 1340 verba
2626 1294 2681 1340 et
2704 1293 2938 1340 mentem
2980 1285 3274 1353 loquentis,
3301 1288 3630 1354 potueritue.

2060 1389 2341 1448 postquam
2372 1377 2634 1448 praeclara
2672 1378 2946 1433 recensuit
2975 1377 3218 1432 facinora
3249 1393 3370 1448 qum
3399 1381 3634 1450 quisque

2061 1469 2240 1539 legere
2287 1479 2465 1538 potest
2510 1471 2556 1524 si
2604 1471 2758 1535 libet,
2813 1469 3085 1537 subjicere
3140 1471 3294 1537 quasi
3335 1485 3450 1525 rem
3483 1471 3650 1535 tactu

2061 1560 2396 1629 possibilem,
2446 1571 2503 1616 ut
2548 1549 2710 1616 verba
2746 1575 2856 1630 prae
2907 1574 2968 1614 se
3015 1561 3221 1626 ferunt,
3251 1575 3335 1625 se,
3383 1577 3491 1617 non
3523 1563 3632 1618 alio

2061 1654 2168 1708 diei
2207 1664 2447 1722 tempore
2483 1671 2547 1709 ac
2598 1654 2891 1719 matutino,
2933 1655 3243 1710 interficere
3283 1670 3473 1713 omnes
3499 1675 3628 1729 pec-

2055 1755 2271 1801 eatores
2304 1756 2484 1813 terrae,
2534 1757 2594 1800 ut
2637 1748 2906 1802 neminem
2949 1747 3213 1815 reliquum
3263 1747 3504 1816 faceret;
3558 1766 3628 1804 an

2057 1838 2447 1907 disperdiderit
2485 1841 2552 1893 de
2580 1838 2884 1893 Jerusalem
2921 1841 3232 1909 quicunque
3266 1855 3631 1911 operarentur

2057 1928 2422 1998 iniquitatem.
2455 1928 2616 1982 Multa
2657 1929 2818 1999 hujus
2847 1931 3065 2000 generis
3114 1932 3168 1985 in
3217 1932 3336 2004 lege
3385 1935 3630 1989 invenire

2055 2022 2203 2086 licet,
2245 2031 2302 2076 ut
2336 2023 2479 2078 istud
2506 2039 2520 2076 :
2559 2021 2685 2077 Non
2711 2025 3022 2094 reliquimus
3050 2024 3206 2091 iacis
3232 2025 3520 2096 quidquam
3550 2029 3630 2084 vi-

2055 2131 2174 2168 vum
2205 2113 2268 2168 ίθ.

2123 2296 2214 2352 20.
2254 2296 2415 2351 Addit
2442 2295 2631 2351 Celsus
2665 2294 2983 2366 praedictum
3017 2299 3180 2353 etiam
3211 2299 3382 2356 fuisse
3405 2298 3624 2364 ludatis.

2055 2389 2158 2446 nisi
2221 2389 2324 2458 legi
2379 2397 2660 2458 parerent,
2708 2403 2896 2456 poenae
2940 2391 3159 2444 easdem
3202 2391 3434 2446 luituros
3485 2407 3626 2461 quas

2055 2481 2301 2536 hostibus
2344 2480 2671 2536 inferebant.
2716 2479 2820 2534 Sed
2881 2482 3200 2551 priusquam
3251 2483 3454 2552 aliquid
3507 2486 3628 2540 istis

2054 2573 2217 2626 addat
2238 2581 2293 2627 et
2322 2581 2504 2627 utatur
2552 2575 2875 2642 quibusdam
2915 2576 3185 2642 doctrinae
3229 2575 3434 2630 Christi
3481 2592 3624 2646 prte-

2053 2664 2226 2732 ccptis
2271 2679 2392 2732 qua:
2448 2664 2555 2733 legi
2606 2666 2879 2720 contraria
2920 2681 3042 2722 esse
3095 2667 3406 2732 existimat,
3455 2668 3522 2722 de
3559 2669 3628 2726 iis

2055 2771 2174 2824 qum
2205 2753 2354 2825 prius
2388 2756 2535 2810 dicta
2590 2767 2736 2821 sunt,
2767 2757 3094 2827 loquendum
3138 2768 3245 2815 est.
3296 2760 3430 2815 Dico
3463 2761 3627 2831 igitur

2055 2845 2224 2915 legem
2259 2847 2525 2916 duplicem
2561 2861 2703 2912 esse,
2747 2848 2973 2903 alteram
3017 2851 3329 2917 litteralem,
3371 2854 3628 2922 spiritua-

2056 2936 2160 2990 letn
2203 2937 2450 3001 alteram,
2497 2947 2555 2991 ut
2583 2940 2694 3008 jam
2727 2949 2852 2994 aute
2900 2954 3001 2995 nos
3028 2943 3248 3010 quidatn
3295 2944 3624 2998 docuerunt.

1981 3065 2022 3120 Ο
2058 3022 2372 3080 Litteralem
2418 3042 2524 3080 non
2559 3037 2669 3080 tam
2705 3044 2805 3083 nos
2837 3045 2998 3098 quam
3030 3031 3174 3088 Deus
3218 3033 3331 3102 ipse
3358 3035 3412 3088 in
3446 3049 3553 3088 uno
3594 3050 3626 3088 e

2056 3119 2329 3185 prephctis
2377 3119 2603 3187 loquens
2653 3132 2814 3176 vocat
2848 3123 3186 3183 iudicianon
3239 3126 3394 3191 bona,
3428 3142 3626 3195 pra'cco

2051 3221 2140 3276 pta
2194 3225 2296 3262 non
2348 3211 2480 3263 bona
2534 3211 2575 3242 “
2605 3228 2619 3275 ;
2650 3212 2951 3280 spiritualis
3001 3227 3130 3268 vero
3177 3215 3318 3283 apud
3372 3220 3621 3271 eumdem

2053 3297 2365 3367 praphetam
2395 3299 2696 3368 appellatur
2729 3315 2756 3353 ιι
2793 3301 2904 3354 Deo
2929 3301 3141 3370 judicia
3171 3303 3327 3368 bona,
3363 3306 3626 3374 praecepta

2051 3390 2187 3443 bona
2237 3391 2301 3443 ¹³.
2353 3390 2516 3446 Certe
2573 3392 2832 3460 propheta
2899 3396 3090 3448 eodem
3151 3395 3204 3449 in
3270 3396 3388 3452 loco
3437 3413 3623 3454 secum

2050 3480 2348 3549 pugnantia
2377 3494 2479 3534 non
2509 3480 2667 3534 dicit.
2697 3481 2877 3550 Atque
2923 3482 3089 3536 etiam
3127 3481 3206 3535 illi
3250 3482 3447 3539 Paulus
3491 3500 3626 3539 cou-

2049 3581 2228 3635 sonat,
2267 3576 2391 3627 dum
2443 3574 2522 3626 ait
2548 3573 2800 3641 litteram,
2835 3587 2956 3642 qua:
3011 3572 3153 3628 idem
3202 3583 3285 3630 est
3321 3591 3385 3632 ac
3428 3592 3624 3632 sensus

2049 3664 2318 3726 litterulis,
2357 3664 2641 3729 occidere;
2672 3673 2726 3719 et
2748 3667 3014 3732 spiritum,
3042 3666 3136 3736 qui
3174 3667 3313 3723 idem
3350 3669 3622 3738 signiﬁcat

2047 3772 2110 3811 ac
2162 3770 2353 3811 sensus
2405 3755 2727 3824 spiritualis,
2777 3757 3136 3825 viviﬁcare".
3189 3759 3346 3828 Apud
3395 3761 3619 3817 P.mlum

2048 3849 2211 3920 igitur
2244 3848 2493 3902 invenire
2520 3856 2602 3902 est
2635 3848 2831 3904 similia
2868 3851 2952 3916 iis,
2987 3867 3106 3921 qua:
3137 3853 3277 3923 apud
3301 3856 3621 3924 prophetam

2047 3940 2318 3996 contraria
2372 3940 2473 3995 sibi
2522 3955 2644 3997 esse
2693 3943 2862 3997 videri
2896 3955 3137 4014 possent.
3185 3944 3318 4000 Nam
3351 3951 3618 4017 quemad~

2048 4033 2270 4089 modum
2297 4032 2547 4088 Ezechiel
2591 4034 2751 4098 dicit,
2786 4035 2876 4090 hic
2897 4035 3116 4106 quidem
3149 4054 3165 4091 :
3201 4037 3332 4090 Dedi
3371 4040 3444 4092 eis
3462 4039 3622 4108 judi-

2044 4126 2125 4179 cia
2145 4142 2246 4182 non
2263 4132 2418 4192 bona,
2440 4137 2486 4181 et
2514 4138 2775 4197 praecepta
2799 4145 2906 4184 non
2934 4130 3090 4194 bona,
3123 4132 3176 4183 in
3203 4131 3392 4200 quibus
3408 4147 3511 4185 non
3537 4132 3617 4187 vi-

2043 4233 2154 4274 rent
2187 4222 2264 4287 “;
2306 4222 2414 4275 illic
2445 4237 2573 4275 vero
2605 4239 2619 4275 :
2655 4222 2790 4276 Dedi
2833 4222 2908 4276 eis
2944 4221 3152 4290 judicia
3199 4221 3356 4287 bona,
3403 4230 3454 4274 et
3479 4239 3618 4290 prae.

2043 4321 2192 4380 cepta
2233 4313 2388 4373 bona,
2432 4311 2488 4362 in
2537 4313 2725 4379 quibus
2772 4311 2940 4364 virent
2998 4310 3076 4375 ¹⁵;
3132 4311 3212 4364 sic
3264 4310 3484 4376 Paulus,
3525 4313 3615 4368 ubi

362 4401 458 4454 καὶ
483 4398 901 4470 προστάγματα
927 4402 1100 4464 καλὰ,
1120 4403 1190 4456 ὲν
1211 4398 1300 4469 οἷς
1329 4403 1605 4471 ζήσονται
1628 4401 1697 4456 ἐν
1715 4405 1933 4471 αὐτοῖς·

2053 4405 2213 4472 legem
2257 4401 2543 4456 littetalem
2572 4403 2876 4471 deprimere
2908 4401 3040 4467 vult,
3070 4401 3145 4453 ait
3177 4421 3189 4455 :
3223 4398 3282 4454 Si
3310 4411 3484 4456 autem
3519 4405 3620 4456 mis

360 4493 477 4563 ἧτοι
497 4493 847 4563 ἰσοδυναμοῦν
867 4510 931 4561 γε
955 4491 1181 4557 τούτοιςο
1208 4494 1349 4548 οὕτω
1370 4495 1464 4548 καὶ⁵
1501 4497 1528 4547 6
1549 4494 1778 4558 Παῦλος,
1803 4496 1936 4548 ὅπου

363 4587 459 4656 μὲν
482 4587 543 4640 16
568 4587 661 4639 τοῦ
679 4587 902 4657 νομικοῦ
921 4588 1246 4659 γράμματος
1260 4587 1532 4641 διαϐαλεῖν
1554 4587 1715 4652 θέλει,
1749 4588 1933 4658 φησίν·

359 4681 427 4731 El
441 4677 507 4731 δὲ
533 4680 570 4747 ἠ
601 4673 868 4732 διακονία
893 4679 997 4732 τοῦ
1030 4677 1287 4733 θανάτου
1319 4679 1390 4731 ἐν
1411 4676 1750 4747 γράμμασιν
1775 4677 1935 4730 ἐντε-

359 4769 668 4838 τυπωμένη
713 4771 782 4823 ἐν
834 4772 1016 4836 λίθοις
1072 4769 1326 4839 ἐγενήθη
1365 4769 1434 4822 ἐν
1465 4769 1634 4837 δόξῃ,
1671 4766 1825 4821 ὥστε
1845 4769 1931 4838 μὴ

357 4858 648 4916 δύνασθαι
695 4865 963 4916 ἀτενίσαι
1016 4861 1158 4928 τοὺς
1219 4859 1388 4927 υίοὺς
1443 4861 1679 4929 Ἰσραὴλ
1727 4863 1813 4926 είς
1864 4859 1929 4913 τὸ

358 4953 679 5018 πρόσωπον
702 4955 995 5021 Μωΰσέως
1018 4954 1114 5008 διὰ
1128 4953 1243 5023 τὴν
1270 4954 1458 5018 δόξαν
1476 4954 1582 5008 τοῦ
1605 4953 1928 5021 προσώπου

357 5045 542 5098 αὑτοῦ
567 5044 682 5112 τὴν
707 5047 1210 5119 καταργουμένην·
1252 5048 1376 5113 πῶς
1417 5045 1555 5115 οὐχὶ
1595 5044 1837 5114 μᾶλλον
1889 5047 1928 5114 ἠ

439 5221 608 5276 ’Psal.
641 5239 693 5287 (ι,
732 5223 786 5277 8.

358 5294 400 5326 ¹⁸
428 5291 678 5349 lbid.'?ll.

901 5224 942 5254 ¹⁰
971 5223 1123 5278 Deut.
1160 5242 1220 5286 ιι,
1245 5225 1336 5278 54.

795 5295 838 5325 ¹⁶
869 5293 1052 5348 llCor.
1086 5311 1168 5354 ιιι,
1201 5295 1254 5361 7,
1290 5302 1341 5349 8.
1452 5293 1493 5324 ¹τ
1525 5289 1682 5345 Rotn.
1707 5305 1798 5355 vn,
1845 5288 1929 5342 M.

426 5453 536 5527 (15)
579 5453 721 5510 Idem
771 5453 822 5528 in
865 5463 1045 5528 textu,
1094 5453 1418 5528 μηνύοντος,
1461 5451 1618 5528 male.
1647 5447 1918 5528 Praeterea

355 5519 555 5609 ibidem
583 5535 679 5580 aut
722 5524 1026 5579 addendum
1073 5519 1167 5579 aui
1193 5521 1624 5580 subaudiendum
1658 5527 1743 5574 est
1777 5519 1916 5587 μᾶλ-

350 5596 533 5738 1milli)
571 5667 691 5735 Πρὸ
722 5665 889 5736 ἡμῶν
917 5683 1092 5731 τινες.
1133 5666 1206 5720 Ita
1238 5674 1382 5722 recte
1414 5662 1574 5721 codd.
1606 5659 1916 5726 Vaticanus,

507 5764 774 5824 ΡΛτιιοι..
821 5764 936 5822 Gn.
978 5763 1086 5822 ΧΙ.

1452 5223 1494 5255 ¹¹
1526 5222 1719 5274 Ezech.
1755 5236 1844 5283 xx,
1872 5217 1966 5272 9.5.

2044 4495 2285 4548 nistratio
2319 4496 2502 4548 martis
2522 4494 2706 4547 litteris
2731 4493 2894 4564 709
2921 4493 3220 4560 deformata
3251 4495 3304 4547 in
3328 4494 3615 4564 lapidibus.

2043 4587 2140 4656 fuit
2170 4587 2222 4640 in
2241 4587 2406 4655 gloria
2427 4602 2446 4649 ;
2465 4588 2538 4640 ita
2561 4595 2616 4640 ut
2633 4603 2734 4642 non
2749 4597 2952 4653 possent
2969 4587 3233 4639 intendere
3243 4586 3344 4654 ﬁlii
3365 4585 3539 4641 Israel
3555 4589 3613 4641 in

2042 4677 2229 4747 facient
2249 4676 2444 4748 Moysis
2465 4688 2674 4746 propter
2697 4679 2916 4747 gloriam
2934 4677 3109 4730 vultus
3127 4676 3242 4746 ejus
3257 4694 3373 4746 qua:
3389 4694 3613 4732 evacua‘

2041 4780 2160 4834 tur;
2177 4769 2436 4838 quomodo
2453 4786 2559 4823 non
2574 4771 2738 4838 magis
2759 4767 3072 4822 ministratio
3089 4769 3303 4836 spiritus
3317 4771 3410 4822 erit
3430 4770 3482 4822 in
3498 4769 3640 4839 gloa-

2039 4861 2123 4914 ria
2140 4861 2221 4914 “"2
2244 4860 2341 4916 Ubi
2363 4871 2542 4915 autem
2571 4861 2874 4915 admiratur
2891 4871 2942 4914 ct
2968 4863 3231 4930 approbat
3255 4861 3448 4931 legem,
3464 4861 3608 4914 illam

2042 4952 2377 5022 Spiritualem
2397 4960 2553 5008 vocat
2575 4969 2588 5006 :
2607 4949 2840 5015 Scimus,
2859 4951 3052 5020 inquit,
3068 4953 3194 5022 quia
3215 4952 3301 5005 lea;
3317 4953 3610 5020 spirituatis

2039 5053 2113 5096 est
2148 5045 2212 5097 ίτ.
2259 5043 2406 5098 Illam
2448 5043 2610 5098 etiam
2664 5043 2928 5114 approbat
2959 5044 3062 5097 hoc
3093 5043 3212 5099 loco
3242 5058 3257 5097 :
3294 5041 3481 5112 Itaque
3525 5042 3610 5096 lea:

2058 5219 2098 5249 "
2125 5217 2257 5273 lbid.
2288 5219 2377 5275 21.
2496 5220 2538 5250 ¹³
2572 5216 2611 5274 ll
2637 5220 2764 5275 (lor.
2793 5236 2874 5282 tu,
2907 5217 2959 5274 6.
3078 5221 3120 5252 “
3144 5220 3350 5274 Ezech.
3380 5235 3471 5285 xx,
3509 5211 3605 5272 25.

2035 5448 2256 5519 Regius,
2291 5447 2620 5522 Basileeﬁnsis
2667 5461 2723 5505 et
2777 5451 3108 5522 Anglicanus
3165 5447 3454 5504 secundus.
3496 5442 3603 5506 Αιιι

2028 5521 2618 5593 νοιξι),.προειρημένῶν
2647 5523 2826 5593 τινές.
2969 5589 2982 5593 _
3101 5589 3134 5593 __
3191 5566 3198 5572 .

2099 5589 2208 5714 (167)
2253 5587 2338 5656 Τῷ
2371 5587 2670 5658 τὸ’ρητόν.
2707 5591 2854 5674 Legit
2889 5589 3227 5654 Boherellus,
3258 5587 3338 5659 τῷ
3372 5587 3509 5659 πρὸς
3542 5589 3600 5648 τδ

2103 5678 2130 5712 τ
2165 5678 2210 5714 ν.

2030 5662 2210 5732 ῥητόν.
2718 5672 2720 5674 ⁷

3250 5749 3326 5811 Ιιθ
