3972 6160
359 238 492 294 1451

1850 233 2170 292 ORIGENIS

3489 237 3628 292 M52

356 356 571 425 quidem
603 365 806 422 sancta,
842 365 888 408 et
924 357 1230 408 mandatum
1263 363 1521 415 sanctum,
1557 361 1604 404 et
1627 351 1854 420 justum,
1889 365 1933 406 et

2041 351 2312 405 διακονία
2343 350 2446 404 τοῦ
2469 350 2802 420 πνεύματος
2830 351 2999 404 ἔσται
3028 353 3096 405 ἐν
3127 351 3314 420 ddi-fu;
3360 351 3531 406 Ὅπου
3566 354 3622 407 δὲ

357 447 548 502 bonum
583 448 649 500 “".

2047 441 2313 512 θαυμάζει
2335 441 2425 494 τὸν
2455 441 2615 511 νόμον
2641 443 2733 494 xa‘t
2759 443 3098 512 ἀποδέχεται,
3133 443 3499 512 πνευματικὸν
3529 445 3633 495 αῦ-

2049 532 2139 585 τὸν
2168 532 2439 602 ὀνομάζει,
2463 531 2652 601 λέγων’
2693 533 2948 601 Οἴδαμεν
2969 532 3020 584 δ’
3057 533 3144 584 ὅτι
3167 534 3199 585 ό
3225 534 3408 600 νόμος
3439 548 3626 586 πνευ-

357 621 602 692 ματικός
626 622 812 673 ἐστιν·
847 617 1167 688 ἀποδέχεται
1191 619 1248 670 δὲ
1279 617 1635 688 ὲντῷ,Ὤστε
1660 624 1691 672 ό
1709 620 1824 688 μὲν
1864 623 2045 690 νόμος
2076 622 2260 692 ἅγιος,
2293 624 2390 676 καὶ
2418 625 2456 691 ἡ
2489 622 2706 690 ἐντολὴ
2738 624 2875 692 ἁγία
2921 622 3018 674 καὶ
3047 623 3245 676 δικαία
3273 623 3374 676 καὶ
3404 624 3618 691 ἀγαθή.

427 716 521 772 2i.
559 715 714 770 Nunc
747 714 790 770 si
833 713 994 768 verba
1025 713 1160 782 legis
1199 713 1360 780 iustis
1409 715 1627 770 divitias
1669 716 1934 785 pollicen-

361 819 470 873 tur,
522 807 711 862 Celsus
754 805 1096 859 occidentem
1147 805 1383 859 litteram
1427 816 1644 860 secutus
1677 807 1744 861 de
1778 807 1936 862 caecis

359 904 513 960 hisce
563 898 768 954 divitiis
823 896 1241 966 promissionem
1294 897 1590 966 intelligat;
1635 913 1733 953 nos
1783 899 1932 953 illam

356 991 635 1062 pertinere
664 987 896 1044 dicimus
933 986 1000 1040 ad
1029 985 1149 1042 illas
1172 986 1389 1042 divitias
1423 1004 1543 1058 quae
1563 990 1748 1045 oculos
1784 1006 1938 1044 men-

357 1084 432 1140 tis
465 1089 690 1149 acuunt,
719 1089 774 1136 et
802 1081 1002 1151 quibus
1028 1081 1179 1135 dives
1211 1080 1269 1135 lit
1309 1081 1506 1150 aliquis
1530 1081 1585 1134 in
1613 1082 1754 1134 omni
1780 1082 1933 1135 verbo

357 1185 406 1231 et
435 1176 491 1229 in
536 1176 679 1228 omni
707 1175 929 1227 scientia
973 1174 1038 1226 ¹⁹.
1073 1173 1192 1239 Quo
1224 1187 1384 1227 sensu
1437 1173 1762 1242 prwcipinms
1796 1173 1932 1226 divi-

358 1269 502 1322 tibus
526 1267 687 1336 Itujus
724 1265 907 1320 sa'culi
941 1281 1045 1318 non
1089 1264 1336 1318 sublimia
1383 1281 1585 1331 sapere,
1627 1281 1786 1334 neque
1817 1280 1934 1332 spe-

359 1377 478 1414 rare
502 1361 557 1412 in
594 1360 794 1412 incerto
836 1357 1166 1420 divitiarum,
1192 1356 1281 1408 sed
1310 1356 1363 1408 in
1394 1355 1501 1407 Deo
1543 1357 1653 1408 vivo
1683 1355 1770 1424 qui
1797 1370 1935 1423 prte-

356 1461 462 1507 stat
487 1451 663 1505 omnia
697 1449 902 1503 abunde
942 1449 1008 1500 ad
1039 1448 1340 1516 fruendum,
1388 1448 1510 1500 bene
1541 1464 1716 1517 agere,
1747 1449 1932 1504 divites

361 1546 481 1614 ﬁeri
533 1545 589 1596 in
639 1543 785 1596 bonis
833 1539 1094 1608 operibus,
1144 1539 1296 1592 facile
1347 1541 1594 1606 tribuere,
1641 1544 1930 1596 communi-

357 1653 478 1690 care
505 1636 570 1690 ”.
616 1635 775 1698 Nam,
810 1643 871 1688 ut
899 1633 975 1686 ait
1010 1630 1288 1694 Salomon,
1321 1632 1520 1686 divitiae
1566 1648 1804 1686 verorum
1835 1638 1948 1687 bo-‘

2123 720 2246 772 Ἐὰν
2289 716 2379 772 οὖν
2423 721 2456 788 ἡ
2504 717 2647 782 λέξις
2677 716 2768 769 τοῦ
2812 717 2976 786 νόμου
3021 716 3249 769 πλοῦτον
3286 717 3621 784 ἐπαγγέλλει

2037 826 2126 860 ται
2168 811 2279 870 τοῖς
2329 807 2578 869 δικαίοις,
2624 805 2830 868 Κέλσος
2875 807 2971 876 μὲν
3010 805 3150 860 κατὰ
3199 805 3260 858 τὸ
3301 807 3624 858 ἀποκτεῖνον

2039 901 2272 971 γράμμα
2309 899 2575 971 νομιζέτω
2615 899 2707 950 τὸν
2740 898 2938 966 τυφλὸν
2987 898 3214 950 πλοῦτον
3266 898 3519 966 λέγεσθαι
3561 902 3621 951 ὲν

2041 993 2360 1062 ἐπαγγελίᾳ*
2389 994 2548 1062 ἡμεῖς
2589 991 2644 1043 δὲ
2671 990 2759 1043 τὸν
2794 989 2886 1055 ὀξὺ
2915 991 3201 1060 βλέποντα,
3237 990 3374 1043 καθὸ
3401 990 3622 1043 πλουτεῖ

2039 1103 2122 1149 τις
2148 1087 2213 1139 ἐν
2231 1085 2409 1138 παντὶ
2430 1087 2591 1153 λόγῳ
2611 1083 2709 1136 καὶ
2740 1083 2904 1150 πάσῃ
2931 1081 3165 1152 γνώσειο
3189 1083 3282 1134 καὶ
3310 1081 3445 1134 καθὸ
3474 1095 3621 1148 παρ-

2037 1178 2408 1248 αγγέλλομεν
2438 1177 2563 1242 τοῖς
2601 1176 2920 1240 πλουσίοις
2965 1175 3034 1228 ὲν
3059 1173 3139 1238 τῷ
3182 1173 3299 1227 νῦν
3337 1172 3504 1226 αἰῶνι
3527 1171 3616 1241 μὴ

2037 1267 2248 1336 ὑψηλὰ
2281 1267 2543 1336 φρονεῖν,
2563 1266 2702 1335 μηδ’
2721 1265 3038 1332 ἠλπικέναι
3062 1265 3160 1317 ἐπὶ
3185 1264 3451 1318 πλούτου
3475 1263 3618 1330 ἀδη-

2036 1361 2264 1427 λότητι,
2292 1361 2428 1414 ἀλλ’
2448 1360 2517 1411 ἐν
2532 1358 2609 1422 τῷ
2627 1357 2747 1423 Θεῷ
2761 1357 2842 1422 τῷ
2869 1357 3054 1418 ζῶντι,
3072 1355 3152 1421 τῷ
3172 1356 3490 1425 παρέχοντι
3506 1357 3616 1426 (18)

2037 1448 2235 1501 πάντα
2293 1449 2604 1513 πλουσίως
2655 1451 2742 1513 είς
2795 1449 3159 1508 ἀπόλαυσιν,
3216 1446 3619 1515 ἀγαθοεργεῖν,

2037 1541 2327 1594 πλουτεῖν
2350 1542 2420 1593 ἑν
2457 1540 2648 1609 ἔργοις
2684 1539 2946 1608 ἀγαθοῖς,
2975 1539 3406 1608 εὐμεταδότους
3443 1535 3618 1602 εἶναι,

2036 1633 2446 1696 κοινωνικούς.
2503 1633 2608 1683 Καὶ
2673 1632 2781 1700 γὰρ
2829 1635 2860 1684 ό
2903 1631 2972 1684 ἐν
3017 1629 3326 1697 ἀληθινοῖς
3376 1630 3622 1698 ἀγαθοῖς

359 1744 571 1793 norum,
623 1726 907 1795 redemptio
948 1725 1139 1779 (mima:
1192 1724 1291 1776 viri
1318 1725 1384 1776 ²¹.
1424 1723 1721 1792 Paupertas
1753 1733 1928 1779 autem

2041 1722 2297 1786 πλοῦτος
2327 1721 2552 1787 λύτρον
2601 1720 2774 1773 ἐστὶν
2805 1719 3022 1787 ἀνδρὸς
3071 1719 3300 1787 ψυχῆς,
3331 1719 3474 1772 κατὰ
3525 1721 3617 1772 τὸν

358 1819 471 1876 illis
491 1819 694 1873 divitiis
724 1817 1018 1879 contraria,
1049 1816 1356 1886 perniciosa
1387 1825 1489 1878 est,
1523 1825 1740 1883 propter
1770 1831 1930 1884 quam

356 1928 558 1982 pauper
588 1912 758 1964 minas
786 1926 900 1964 non
921 1909 1160 1962 sustinet.
1196 1908 1324 1973 Quae
1367 1906 1433 1960 de
1474 1906 1680 1960 divitiis
1711 1920 1935 1973 respon-

359 2005 560 2071 dimus,
612 2005 802 2058 eadem
859 1999 974 2055 fere
1008 2000 1077 2052 de
1120 1996 1493 2052 dominatione
1548 1995 1650 2050 dici
1700 2005 1931 2064 Oportet,

359 2109 555 2163 nempe
588 2108 708 2149 eam
745 2107 868 2148 esse
897 2107 1000 2161 qua
1051 2106 1195 2145 unus
1224 2091 1403 2160 justus
1449 2090 1651 2143 dicitur
1695 2093 1933 2160 persequi

359 2186 524 2248 mille,
560 2198 608 2239 et
643 2186 751 2239 duo
786 2185 972 2254 fugare
1011 2183 1186 2235 decem
1231 2182 1401 2236 millia
1449 2183 1515 2237 ²².
1551 2181 1668 2236 Jam
1724 2197 1854 2237 vero
1887 2182 1932 2236 si

360 2278 569 2333 divitia:
618 2276 726 2331 hoc
776 2275 938 2330 modo
990 2274 1381 2343 intelligantur,
1418 2273 1540 2327 vide
1586 2286 1763 2328 annon
1806 2287 1932 2340 pro-

359 2369 610 2425 missioni
664 2368 757 2422 Dei
809 2381 1150 2435 consequens
1185 2365 1278 2428 sit,
1329 2374 1387 2417 ut
1441 2364 1532 2432 qui
1565 2363 1716 2418 dives
1753 2373 1834 2417 est
1878 2365 1931 2418 in

360 2459 507 2514 omni
548 2456 734 2522 verbo,
775 2457 828 2511 in
882 2455 1029 2511 omni
1073 2455 1325 2519 scientia,
1361 2453 1413 2506 in
1459 2454 1604 2508 omni
1649 2454 1931 2522 sapientia,

361 2552 417 2607 in
467 2539 720 2606 omnibus
779 2549 937 2604 bonis
980 2547 1270 2616 operibus,
1322 2546 1504 2600 multis
1557 2547 1809 2614 gentibus
1863 2561 1932 2601 ex

361 2642 486 2699 istis
515 2640 690 2705 verbi,
730 2639 1007 2710 sapientiae
1047 2649 1102 2692 et
1153 2638 1398 2692 scientia:
1431 2638 1634 2692 divitiis
1667 2637 1928 2703 faeneret;

361 2733 818 2804 quemadmodum
841 2731 1040 2786 Paulus
1077 2728 1366 2783 fmneravit
1393 2729 1644 2797 gentibus
1677 2731 1932 2784 omnibus

363 2828 431 2881 ad
468 2841 607 2896 quas
638 2826 904 2894 pervenit,
937 2825 1000 2878 ab
1028 2822 1327 2879 Jerusalem
1361 2839 1453 2890 per
1469 2821 1747 2876 circuitum
1773 2837 1934 2892 usque

362 2919 434 2972 ad
495 2916 770 2987 Illyricum
827 2916 1028 2983 replens
1088 2913 1431 2983 Evangelium
1483 2912 1678 2967 Clu-isti
1734 2912 1801 2965 ”.
1867 2911 1935 2964 Et

361 3008 616 3077 quoniam
652 3021 748 3076 per
787 3003 1170 3059 rcvclationem
1226 3009 1350 3056 nota
1403 3001 1476 3054 illi
1530 3001 1667 3055 facta
1721 3001 1932 3055 fuerant
1961 3044 2002 3102 Ο

363 3099 545 3155 divina
608 3095 863 3168 mysteria
921 3096 1002 3159 “,
1061 3102 1300 3148 mentem
1357 3093 1528 3162 ipsius
1596 3093 1935 3147 illuminante

365 3191 528 3246 Verbi
585 3188 890 3252 divinitate,
939 3193 1224 3254 propterea
1274 3201 1380 3238 non
1429 3185 1623 3250 accepit
1670 3194 1934 3248 mutu-um,

365 3295 466 3337 nec
491 3293 628 3348 opus
667 3277 856 3332 habuit
881 3275 1100 3330 homine
1145 3275 1236 3342 qui
1282 3275 1456 3343 ipsum
1495 3272 1806 3342 religionem
1841 3274 1936 3325 do-

365 3383 534 3428 ceret.
567 3373 642 3425 lla
673 3379 872 3424 etcum
913 3367 1174 3435 scriptum
1219 3376 1365 3421 esset
1397 3383 1412 3419 :
1448 3366 1810 3418 Dominaberis
1842 3383 1936 3418 ua-

366 3466 594 3521 tionibus
623 3464 888 3532 plurimis,
918 3472 965 3516 et
999 3463 1076 3516 tui
1104 3476 1254 3514 nemo
1301 3458 1656 3511 dominabitur
1701 3457 1768 3518 ’⁵,
1804 3472 1936 3523 gen-

366 3555 492 3610 tiles
533 3569 630 3623 per
683 3553 832 3607 verbi
882 3551 1181 3622 potentiam
1237 3547 1503 3602 doctrina:
1561 3545 1684 3601 Jcsu
1733 3546 1936 3602 Christi

366 3648 688 3716 subiiciens,
720 3644 828 3701 illis
859 3645 1162 3700 dominatus
1189 3648 1292 3704 est,
1331 3655 1493 3708 neque
1527 3641 1595 3692 ad
1629 3641 1812 3692 horam
1843 3641 1938 3694 ho-

365 3739 606 3794 minibus
631 3737 878 3799 cessit",
896 3744 1080 3806 utpote
1105 3732 1209 3789 illis
1239 3733 1603 3802 praestantior.
1659 3730 1748 3786 Sic
1775 3733 1936 3786 etiam

368 3842 574 3888 terram
605 3831 878 3901 implebat.

355 3923 358 3928 ’
440 3921 533 3978 22.
577 3919 636 3974 Si
686 3933 830 3972 nunc
881 3917 1145 3985 explicem
1190 3923 1404 3985 oportet
1437 3913 1706 3984 quomodo
1761 3913 1939 3984 justus

367 4015 554 4072 hostes
593 4010 887 4066 interﬁciat
924 4018 979 4063 ct
1023 4009 1222 4063 habeat
1261 4006 1314 4059 in
1349 4008 1531 4059 omnia
1577 4014 1933 4072 potestatem;

367 4107 491 4164 dico
516 4106 688 4175 ipsum
715 4117 839 4158 cum
873 4101 987 4156 ait:
1017 4099 1085 4154 In
1110 4097 1373 4152 matutino
1402 4096 1784 4164 inter/Sciebam
1821 4112 1936 4150 om-

367 4223 459 4262 nes
487 4211 784 4276 peccatores
822 4209 997 4263 terrae,
1027 4207 1082 4252 ut
1109 4195 1461 4265 disperderem
1497 4194 1561 4247 de
1586 4193 1797 4247 civitate
1826 4193 1936 4246 Do-

365 4299 498 4354 mini
546 4309 726 4350 omnes
773 4301 1044 4363 operantes
1091 4291 1418 4359 iniquitatem
1452 4290 1520 4355 ⁸⁷,
1558 4297 1756 4342 terram
1804 4287 1933 4357 ligu-

2036 1813 2381 1884 Σολομῶντω
2423 1814 2456 1882 ἡ
2482 1812 2525 1863 δ’
2557 1812 2770 1865 ἐναντία
2790 1811 2963 1881 τούτῳ
2993 1810 3232 1880 πτωχεία
3261 1810 3523 1882 ὀλέθριον,
3554 1813 3622 1863 δι’

2033 1906 2098 1976 ἣν
2150 1909 2181 1958 ό
2230 1905 2467 1974 πτωχὸς
2497 1907 2612 1973 οὐχ
2650 1905 2973 1973 ὑφίσταται
3017 1901 3292 1967 ἀπειλήν.
3338 1903 3624 1971 Ἀνάλογον

2035 1999 2089 2050 δὲ
2110 2001 2222 2060 τοῖς
2255 1997 2672 2067 ἀποδεδομένοις
2706 1998 2834 2067 περὶ
2880 1996 2973 2048 τοῦ
3009 1996 3237 2048 πλούτου
3271 1994 3488 2048 λεκτέον
3533 1993 3624 2046 καὶ

2035 2091 2162 2161 περὶ
2194 2091 2292 2160 τῆς
2321 2090 2668 2154 δυναστείας,
2709 2087 2830 2142 καθ’
2865 2077 2930 2158 ἣν
2969 2085 3048 2151 εἷς
3076 2088 3280 2150 δίκαιος
3309 2087 3624 2152 διώξεσθαι

2037 2181 2248 2248 λέγεται
2276 2181 2530 2249 χιλίους,
2562 2180 2663 2232 καί
2707 2179 2815 2233 δύο
2837 2178 3177 2249 μετακινεῖν
3192 2177 3502 2247 μιιοιάδας.
3529 2177 3625 2229 Εἴ-

2037 2290 2140 2343 περ
2167 2272 2222 2323 δὲ
2265 2271 2439 2324 ταῦτα
2487 2271 2746 2342 νενόηται
2790 2272 2847 2324 ἐν
2894 2274 3006 2334 τοῖς
3051 2270 3192 2324 κατὰ
3223 2270 3314 2322 τὸν
3370 2269 3618 2332 πλοῦτον,

2034 2364 2134 2434 ὅρα
2153 2364 2198 2414 εἰ
2229 2363 2300 2433 μὴ
2327 2362 2619 2416 ἀκόλουθόν
2641 2365 2788 2415 ἐστιν
2820 2363 3123 2432 ἐπαγγελίᾳ
3153 2361 3308 2425 Θεοῦ,
3341 2363 3432 2414 τὸν
3459 2361 3624 2414 πλου-

2033 2455 2230 2508 τοῦντα
2256 2459 2313 2509 ὲν
2366 2455 2534 2508 παντὶ
2565 2455 2730 2525 λόγῳ,
2760 2457 2854 2508 καὶ
2887 2455 3034 2526 πάσῃ
3069 2453 3287 2522 γνώσει,
3334 2456 3427 2509 καὶ
3469 2455 3618 2525 πάσῃ

2038 2550 2220 2619 σοφίᾳ,
2273 2547 2366 2601 καὶ
2391 2550 2448 2601 ἐν
2473 2549 2636 2600 παντὶ
2673 2549 2816 2620 ἔργῳ
2853 2548 3061 2618 ἀγαθῷ,
3087 2547 3350 2610 δανείζειν
3382 2548 3492 2601 ἀπὸ
3523 2549 3615 2600 τοῦ

2035 2642 2176 2695 κατὰ
2191 2641 2280 2694 τὸν
2309 2641 2486 2710 λόγον,
2517 2643 2612 2694 καὶ
2639 2643 2737 2712 τὴν
2761 2641 2973 2710 σοφίαν,
2998 2642 3091 2694 καὶ
3117 2640 3213 2710 τὴν
3240 2639 3622 2709 γνῶσινζπλού-

2034 2751 2128 2786 του
2159 2733 2334 2787 ἔθνεσι
2377 2733 2612 2797 πολλοῖς·
2648 2735 2724 2796 ὡς
2759 2733 2998 2786 ἐδάνεισε
3028 2731 3256 2797 Παῦλος,
3282 2731 3464 2802 κύκλῳ
3497 2731 3618 2786 ἀπὸ

2047 2825 2435 2896 Ἰερουσαλὴμ
2502 2826 2612 2892 ἓως
2671 2826 2776 2880 τοῦ
2851 2825 3179 2892 Ἰλλυρικοῦ
3238 2823 3486 2892 πληρῶν
3547 2822 3616 2875 τὸ

2034 2915 2404 2986 Εὐαγγέλιον
2431 2916 2536 2969 τοῦ
2565 2914 2847 2983 Χριστοῦ,
2886 2915 3048 2966 πᾶσιν
3078 2912 3304 2975 ἔθνεσιν,
3331 2908 3412 2973 οἷς
3441 2909 3618 2962 ἐπιδε-

2035 3009 2268 3079 δήμηκε.
2292 3008 2403 3062 Καὶ
2421 3007 2543 3061 ἐπεὶ
2579 3007 2718 3060 κατὰ
2747 3005 3085 3074 ἀποκάλυψιν
3118 3002 3264 3073 αὐτῷ
3297 3003 3626 3074 ἐγνωρίζετο

2037 3101 2104 3154 τὰ
2138 3101 2275 3162 θεῖα,
2309 3098 2660 3168 φωτιζομένῳ
2685 3099 2783 3170 τὴν
2832 3098 3009 3168 ψυχὴν
3036 3097 3139 3150 ὑπὸ
3169 3096 3264 3165 τῆς
3303 3094 3397 3147 τοῦ
3443 3094 3619 3162 Λόγου

2039 3193 2331 3263 θειότητος⁸
2379 3191 2465 3244 διὰ
2517 3191 2677 3243 τοῦτο
2734 3191 2898 3253 αὐτὸς
2944 3193 3054 3242 οὐκ
3103 3185 3448 3249 ἐδανείζετο,
3497 3186 3617 3239 οὐδὲ

2039 3285 2224 3354 χρείαν
2260 3280 2406 3352 εἶχεν
2437 3281 2724 3352 ἀνθρώπου
2756 3282 3002 3334 διακονου
3013 3281 3172 3350 μένου
3206 3277 3354 3348 αὑτῷ
3401 3277 3490 3330 τὸν
3527 3276 3617 3330 λό-

2039 3393 2151 3443 γον.
2205 3375 2360 3427 Οῦτω
2387 3367 2444 3427 δέ
2496 3373 2883 3444 γεγραμμένου
2939 3371 3032 3424 καὶ
3089 3370 3205 3434 τοῦ,
3255 3371 3492 3438 Ἀρξεις
3533 3370 3618 3424 σὺ

2037 3465 2225 3518 ἐθνῶν
2246 3464 2510 3528 πολλῶν,
2538 3465 2654 3518 σοῦ
2685 3463 2750 3516 δὲ
2776 3466 2889 3516 οὐκ
2922 3463 3195 3530 ἄρξουσιο
3227 3461 3370 3515 κατὰ
3391 3462 3486 3531 τὴν
3508 3462 3617 3514 ἀπὸ

2039 3557 2132 3610 τοῦ
2165 3558 2324 3626 λόγου
2353 3557 2670 3610 δυναστείαν
2697 3556 3016 3608 ὑποτάσσων
3043 3556 3108 3624 τῇ
3149 3552 3384 3624 Χριστοῦ
3438 3551 3617 3622 Ἰησοῦ

2038 3649 2349 3719 διδασκαλίᾳ
2375 3649 2501 3711 τοὺς
2522 3647 2629 3700 ἀπὸ
2651 3647 2756 3699 τῶν
2798 3645 2988 3708 ἐθνῶν,
3023 3640 3192 3716 ἦρχεν
3228 3644 3429 3706 αὐτῶν,
3454 3642 3622 3696 οὺδέ-

2037 3755 2186 3808 ποτε
2225 3741 2296 3794 ἐν
2343 3737 2502 3808 χώρᾳ
2547 3738 2981 3807 ὑποτεταγμένος
3015 3735 3122 3805 (19)
3162 3733 3486 3804 ἀιθρώποις,
3539 3732 3617 3794 ὡς

2040 3833 2300 3904 κρείττων
2327 3831 2626 3900 γινόμενος.
2643 3829 2798 3882 Οῦτω
2819 3829 2874 3881 δὲ
2898 3828 2990 3881 καὶ
3004 3826 3355 3896 κατεπίμπλα
3367 3825 3464 3895 τὴν
3489 3823 3612 3892 γῆν.

2110 3923 2172 3974 El
2221 3922 2278 3974 δὲ
2310 3920 2402 3973 καὶ
2454 3919 2580 3989 περὶ
2640 3918 2733 3970 τοῦ
2792 3917 3176 3987 καταφονεύειν
3230 3916 3311 3968 δεῖ
3355 3915 3618 3984 διηγήσα-

2041 4014 2163 4067 σθαι
2194 4013 2330 4084 ἅμα,
2379 4013 2473 4066 καὶ
2501 4011 2560 4064 τὸ
2591 4011 2813 4064 δυνατὸν
2857 4010 2950 4063 τοῦ
2979 4008 3189 4062 δικαίου
3241 4007 3367 4076 περὶ
3415 4004 3613 4057 πάνταο

2037 4106 2276 4169 λεκτέον,
2334 4106 2416 4158 ὃτι
2456 4104 2699 4172 φάσκων,
2733 4105 2838 4167 Εἰς
2879 4102 2986 4166 τὰς
3014 4101 3235 4168 πρωΐας
3261 4096 3620 4152 ἀπέκτεινον

2039 4201 2270 4267 πάντας
2319 4200 2460 4265 τοὺς
2511 4197 2894 4266 ἁμαρτωλοὺς
2944 4193 3053 4261 τῆς
3098 4191 3228 4261 γῆς,
3274 4190 3380 4244 τοῦ
3412 4188 3619 4252 ἐξολο-

2039 4291 2282 4359 θρεῦσαι
2315 4290 2383 4343 ἐκ
2437 4291 2667 4352 πόλεως
2696 4287 2914 4352 Κυρίου
2944 4283 3173 4346 πάντας
3215 4281 3356 4345 τοὺς
3383 4279 3615 4348 ἐργαζο-

365 4403 485 4450 rate
511 4392 758 4459 accipere
782 4402 883 4458 pro
914 4399 1099 4449 carne,
1127 4383 1284 4453 cujus
1314 4383 1593 4452 prudentia
1620 4383 1833 4435 inimin
1860 4389 1933 4433 est

2041 4380 2257 4451 μένους
2289 4381 2402 4447 τὴν
2433 4380 2705 4448 ἀνομίαν,
2740 4378 2843 4446 γῆν
2875 4376 2972 4446 μὲν
3011 4372 3283 4446 τροπικῶς
3328 4371 3479 4438 ἔλεγε
3517 4370 3620 4438 τὴν

366 4486 479 4540 Deo
510 4484 590 4549 ²⁸;
624 4481 716 4536 Dei
750 4487 928 4534 autem
965 4475 1242 4530 civitatem
1272 4488 1372 4542 pro
1393 4475 1573 4528 anima
1601 4488 1721 4537 sua,
1753 4473 1804 4525 in
1831 4487 1935 4541 qua

364 4580 462 4634 Dei
493 4576 656 4646 7'10
691 4571 946 4641 templum
979 4577 1120 4630 erat.
1155 4565 1446 4621 continens
1492 4575 1698 4620 rectam
1733 4565 1798 4618 de
1826 4564 1937 4618 Deo

367 4671 692 4727 sententiam
726 4685 737 4719 :
770 4664 1026 4734 quocirca
1071 4660 1322 4714 omnibus
1368 4673 1486 4712 eam
1538 4658 1936 4713 consideranti-

367 4765 469 4818 bus
497 4756 845 4814 admirationi
890 4766 1026 4807 erat.
1065 4753 1132 4808 Ut
1161 4753 1391 4822 primum
1427 4749 1749 4818 igiturSolis
1775 4749 1934 4817 justi-

368 4853 457 4906 tiae
491 4848 630 4903 radii
678 4846 792 4913 ejus
823 4845 1061 4899 animam
1105 4845 1225 4897 luce
1267 4841 1642 4910 perfuderunt,
1678 4839 1744 4894 iis
1779 4840 1932 4907 quasi

367 4941 610 5000 munitus
653 4949 708 4994 et
737 4938 1038 4997 roboratus,
1075 4934 1421 5002 inter/Sciebat
1452 4947 1668 4987 omnem
1699 4934 1933 5001 pruden-

370 5037 502 5090 tiam
539 5029 724 5086 carnis
751 5024 1112 5097 peccatoribus
1160 5033 1320 5077 terra:
1346 5023 1707 5091 designatam,
1735 5034 1790 5076 et
1824 5024 1933 5075 dis-

368 5122 614 5195 pertiebat
661 5121 724 5173 de
767 5117 853 5172 illa
883 5115 1090 5169 civitate
1132 5111 1362 5176 Domini,
1408 5127 1529 5180 quae
1559 5123 1677 5166 erat
1729 5112 1781 5166 in
1835 5129 1931 5166 sua

438 5278 482 5310 "
512 5277 670 5332 Rom.
707 5272 916 5336 vtt,12.
1013 5267 1092 5320 ¹⁹1
1119 5267 1241 5320 Cor.
1276 5281 1313 5325 ι.
1349 5265 1398 5318 5.

367 5366 460 5415 xv,
483 5351 568 5404 19.
643 5335 1022 5408 "llCor.1tt,
1060 5341 1106 5393 1.
1185 5339 1228 5369 ’⁵
1265 5338 1420 5392 Deut.
1450 5351 1535 5402 xv,
1574 5335 1660 5390 16.

433 5511 550 5583 US)
589 5508 760 5566 Codd.
796 5507 1006 5583 Regius
1040 5514 1106 5583 _e_t
1154 5503 1510 5566 Basileensis,
1554 5499 1646 5552 ἐπὶ
1691 5495 1810 5568 Θεῷ
1852 5494 1929 5565 τῷ

369 5575 676 5652 παρέχον-τι,
700 5575 910 5652 omisso
927 5575 1008 5652 τῷ
1035 5575 1232 5652 ζῶντιο,
1288 5643 1303 5652 ,
1457 5642 1535 5652 __.
1700 5639 1712 5652 .
1833 5637 1843 5652 ι

442 5639 553 5720 ξιῶ
593 5639 933 5734 Haescbclius
959 5639 1009 5734 ξι
1041 5657 1189 5734 ιεξιιι
1219 5643 1399 5734 h'abet,
1418 5642 1672 5734 οὐδέποτε
1697 5639 1752 5734 έν
1779 5639 1932 5734 χύτρᾳ

372 5715 828 5787 ὑπσιεταγμένου.
883 5715 1198 5770 Dohcrcllus
1251 5715 1532 5786 legendum
1572 5719 1760 5784 putat,
1811 5715 1928 5760 οῡόε

2043 4475 2242 4544 σάρκα,
2285 4469 2354 4543 ἦς
2390 4471 2456 4524 τὸ
2490 4473 2763 4539 φρόνημα
2790 4467 2973 4535 ἔχθρα
3001 4464 3173 4518 ἐστίν
3205 4466 3292 4528 εὶς
3319 4463 3486 4515 Θεόν”
3519 4460 3622 4512 πό-

2039 4562 2120 4614 λιν
2151 4562 2208 4614 δὲ
2240 4561 2444 4630 Κυρίου
2474 4559 2572 4628 τὴν
2595 4556 2788 4610 ἑαυτοῦ
2819 4556 3016 4625 ψυχὴν,
3051 4555 3108 4604 ὲν
3203 4547 3270 4622 ἦν
3300 4550 3428 4613 ναὸς
3457 4547 3616 4610 Θεοῦ,

2039 4657 2292 4728 χωρήσας
2321 4652 2476 4718 δόξαν
2511 4653 2604 4706 καὶ
2649 4651 2913 4722 ὑπόληψιν
2943 4648 3107 4719 ὀρθὴν
3151 4647 3278 4717 περὶ
3305 4645 3461 4707 Θεοῦ,
3523 4643 3620 4698 καὶ

2039 4743 2456 4814 θαυμαζομένην
2473 4743 2576 4794 ὑπὸ
2602 4741 2818 4794 πάντων
2847 4738 2952 4792 τῶν
2986 4736 3232 4808 ὁρώντων
3251 4736 3438 4804 αὑτήν.
3466 4735 3618 4804 ’Ἅμα

2037 4835 2130 4890 οὖν
2173 4839 2290 4898 ταῖς
2319 4833 2410 4887 τοῦ
2446 4833 2594 4904 ἡλίου
2637 4833 2734 4901 τῆς
2764 4827 3107 4897 δικαιοσύνης
3146 4826 3340 4893 αὐγαῖς
3385 4821 3619 4890 ἐπιλαμ-

2043 4928 2270 4988 πούσαις
2314 4923 2475 4978 αὑτοῦ
2518 4926 2582 4993 τῇ
2613 4923 2777 4992 ψυχῇ,
2811 4919 3048 4990 ὡσπερεὶ
3077 4916 3474 4986 δυναμούμενος
3524 4913 3615 4966 ὑπ’

2043 5020 2240 5080 αὐτῶν,
2274 5019 2366 5070 καί
2418 5015 2862 5087 κραταιούμενος,
2894 5013 3100 5077 ἀνῄρει
3133 5011 3238 5062 πᾶν
3270 5007 3330 5060 τὸ
3363 5006 3620 5077 φρόνημα.

2042 5112 2142 5181 τῆς
2175 5111 2394 5181 σαρκὸς,
2427 5109 2715 5178 λεγόμενον
2748 5103 3131 5175 ἁμαρτωλοὺς
3175 5100 3309 5170 γῆς,
3352 5099 3446 5152 καὶ
3472 5099 3616 5161 ἑξω-
3651 5087 3656 5096 ’

1496 5266 1538 5297 ¹⁰
1567 5264 1583 5317 l
1615 5265 1755 5318 Tim.
1789 5282 1861 5319 vi.
1897 5267 1982 5330 l7,
2027 5264 2114 5320 l8.
2190 5266 2229 5294 ²¹
2269 5263 2428 5318 Prov.
2461 5278 2581 5320 xm.
2615 5261 2668 5315 8.
2743 5261 2790 5292 “
2823 5260 2976 5312 Deut.
3013 5254 3300 5330 xxxtt.'50.
3377 5252 3614 5305 uRom.

1754 5339 1800 5368 ³⁸
1827 5336 1946 5391 Gal.
1987 5353 2051 5399 ιι,
2085 5335 2145 5390 5.
2222 5335 2265 5366 ²⁷
2297 5333 2442 5388 Psal.
2473 5348 2524 5399 c,
2549 5332 2602 5385 8.

2685 5332 2756 5404 ’,η
2786 5330 2945 5384 Rom.
2976 5345 3093 5393 vm,
3130 5329 3181 5380 7.

2038 5493 2171 5565 πρὸς
2201 5489 2838 5565 ὧρανῌὺποτεταγμένος,
2866 5502 2896 5540 c
2930 5486 3114 5565 _Galat.
3137 5503 3194 5550 ιι,
3308 5485 3427 5540 Mox
3453 5486 3615 5565 codd.

2040 5553 2316 5632 Regius'et
2343 5553 2689 5632 Basileensis',
2718 5559 2792 5632 ᾡς
2820 5559 3080 5627 κρείττων
3112 5557 3414 5631 γινόμενος.
3453 5553 3613 5612 ιλιι».

2040 5628 2196 5702 editi,
2226 5633 2300 5696 ὡς
2335 5631 2604 5705 κρείττοσι
2640 5629 2941 5699 γινόμενος.
3334 5628 3336 5631 ’
