3972 6160
386 275 523 332 ii55

1557 278 1832 334 CONTRA
1872 279 2144 336 CELSUM
2177 282 2303 336 LIB.
2344 281 2453 336 V'll,

3413 281 3416 284 ’
3487 282 3621 336 1454

383 398 674 464 λόθρευεν
702 395 812 450 ἀπὸ
849 397 958 464 τῆς
999 399 1056 450 ὲν
1090 400 1154 468 τῇ
1185 398 1328 468 ψυχῇ
1363 399 1554 452 ἑαυτοῦ
1587 401 1815 465 πόλεως
1843 405 1937 454 Κυ¹

2063 403 2265 470 anima,
2295 400 2652 470 cogitationes
2681 417 2858 455 omnes
2890 407 3160 468 operantes
3188 400 3538 469 iniquitatem,
3567 415 3620 458 et

377 486 515 556 ρίου
537 483 763 550 πάντας
791 486 930 551 τοὺς
957 487 1380 555 ὲργαζὶ>μέι·ους
1405 489 1517 555 τὴν
1543 491 1798 557 ἀνομίαν
1821 491 1959 558 λογι-

384 577 573 646 σμοὺς,
603 576 698 628 καὶ
721 575 790 628 τά
833 575 1003 647 ἐχθρά
1035 579 1100 647 τῇ
1133 577 1360 648 ἀληθείᾳ
1389 577 1764 649 ἐνθυμήματα.
1802 580 1957 633 Οὕτω

379 664 438 718 δὲ
483 666 576 717 καὶ
624 665 938 736 ἀναιροῦσιν
986 669 1034 719 oi
1068 667 1262 720 δίκαιοι
1306 670 1482 721 πᾶσαν
1514 669 1612 739 τὴν
1651 669 1758 722 τῶν
1797 672 1954 722 πολε--

385 755 522 823 μίων
550 757 642 808 καὶ
664 756 772 809 ἀπὸ
785 757 980 820 κακίας
999 758 1305 828 ἐρχομένων
1327 758 1582 830 ζωγρίαν,
1600 759 1674 822 ὡς
1699 761 1829 831 μηδὲ
1860 763 1954 830 νή-

382 863 504 898 πιον
530 847 621 899 καὶ
647 848 772 918 ἄρτι
793 850 1161 920 ύποφυόμενον
1177 850 1343 903 κακὸν
1379 851 1815 905 καταλείπεσθαι.
1847 852 1952 905 06-

380 951 486 998 τως
499 936 765 1008 ἀκούομεν
783 939 891 1007 (20)
917 941 1010 992 καὶ
1025 940 1116 992 τοῦ
1139 941 1194 992 ὲν
1215 941 1486 1012 ἑκατοστῷ
1497 944 1802 1014 τριακοστῷ
1813 944 1954 1014 ’έκτῳ

381 1025 578 1098 ψαλμῷ
610 1029 795 1100 ῥητοῦ,
818 1030 987 1094 οὕτως
1013 1030 1242 1101 ἔχοντος*
1264 1033 1531 1102 Θυγάτηρ
1549 1035 1951 1104 Βαϐυλῶνοςὴ

380 1121 768 1188 ταλαίπωρος,
796 1108 1086 1190 μακάριος
1108 1124 1174 1188 ὃς
1196 1125 1601 1178 ἀνταποδώσω
1633 1143 1729 1180 σοι
1757 1127 1823 1180 τὸ
1848 1128 1951 1181 ἀν-

380 1211 683 1280 ταπόδομά
711 1230 848 1276 σου,
872 1215 908 1267 ὃ
935 1216 1350 1281 ἀνταπέδωκας
1372 1218 1530 1285 ἡμῖν·
1549 1217 1858 1287 μακάριος,
1885 1219 1950 1283 ὃς

378 1301 660 1366 κρατήσει
701 1304 798 1354 καὶ
821 1304 1051 1372 ἑὸαςοιεῖ
1076 1305 1148 1358 τὰ
1179 1304 1362 1370 νήπιά
1383 1324 1496 1359 σου
1523 1308 1671 1374 πρὸς
1700 1307 1812 1375 τὴν
1849 1308 1950 1359 πέ-

377 1407 542 1457 τραν.
574 1394 760 1463 Νήπια
787 1395 895 1465 γὰρ
925 1395 1258 1460 Βαϐυλῶνος,
1279 1398 1718 1468 ἑρμηνευομένης
1750 1404 1950 1468 συγχύ-

381 1493 538 1541 σεως,
553 1481 601 1530 οἱ
617 1481 739 1550 ἄρτι
756 1482 1120 1552 ὑποφυόμενοι
1141 1485 1235 1537 καὶ
1256 1486 1632 1550 ἀνατέλλοντες
1649 1488 1705 1539 ἐν
1722 1491 1785 1557 τῇ
1803 1489 1944 1560 ψυχῇ

379 1568 484 1619 εἰσι
521 1573 834 1640 συγχυτικοὶ
865 1573 1131 1643 λογισμοὶ,
1165 1579 1210 1627 oi
1255 1577 1363 1628 ἀπὸ
1394 1578 1606 1640 κακίας,
1637 1572 1711 1630 ὧν
1752 1580 1779 1631 6
1817 1595 1946 1648 κρα-

377 1658 509 1722 τῶν,
549 1660 622 1723 ὡς
653 1663 747 1715 καὶ
778 1663 852 1732 τῷ
884 1665 1086 1735 στερεῴ
1119 1667 1210 1720 καὶ
1243 1669 1442 1738 εύτὸνῳ
1461 1669 1552 1720 τοῦ
1583 1669 1741 1736 λόγου
1776 1687 1943 1740 προσ-

2067 507 2222 547 sensa
2261 490 2503 546 veritatis
2545 490 2875 544 adversaria.
2907 489 2999 543 Sic
3029 490 3190 542 etiam
3218 489 3344 557 justi
3381 491 3622 544 interne-

2063 582 2203 635 cioni
2236 585 2366 636 dant
2405 580 2663 649 quidquid
2713 580 2891 632 vivum
2933 587 3020 632 est
3063 579 3118 632 in
3148 580 3311 645 vitiis,
3361 592 3416 633 ut
3448 597 3622 649 neque

2063 673 2190 740 quid
2219 687 2407 726 recens
2438 682 2492 724 et
2539 671 2706 746 modo.
2731 683 2905 723 ortum
2940 670 3202 737 reliquum
3255 672 3469 724 faciant.
3511 671 3622 725 Hoc

2064 776 2224 814 sensu
2259 761 2609 827 intelligimus
2651 761 2790 828 quod
2821 761 2872 811 in
2911 760 3117 828 psalmo
3147 776 3344 814 cxxxvt
3376 763 3574 816 dicitur
3604 781 3618 814 :

2066 848 2210 902 Filia
2261 849 2552 918 Babylonis
2600 849 2790 901 misera
2831 861 2848 900 :
2887 850 3065 901 beatus
3105 850 3192 918 qui
3240 847 3488 902 retribuet
3525 852 3620 904 tibi

2063 941 2455 993 retributionem
2489 951 2657 1003 tuam,
2687 956 2846 1009 quant
2877 939 3162 992 retribuisti
3212 943 3377 994 nobis.
3425 940 3620 996 Beatus

2058 1033 2148 1098 qui
2192 1030 2380 1084 tenebit
2426 1039 2474 1082 et
2525 1029 2704 1082 allidet
2743 1029 2988 1097 parvulos
3035 1040 3150 1082 (nos
3197 1033 3265 1083 ait
3298 1043 3496 1100 petram
3551 1036 3617 1088 ’³.

2059 1121 2192 1173 Nam
2240 1119 2446 1189 parvuli
2479 1121 2784 1190 Babylonis,
2823 1135 2941 1188 quac
2989 1122 3357 1177 confusionem
3410 1125 3619 1194 signiti-

2058 1219 2180 1274 cat,
2229 1221 2350 1264 sunt
2399 1212 2756 1278 cogitationes
2815 1211 2917 1264 illae
2970 1227 2998 1264 a
3049 1212 3194 1265 vitiis
3239 1229 3426 1268 recens
3472 1225 3612 1270 natm

2057 1309 2112 1354 et
2169 1301 2221 1354 in
2261 1302 2440 1355 anima
2489 1303 2724 1356 orientes
2764 1316 2886 1370 qua:
2931 1302 3300 1358 confusionem
3363 1303 3614 1370 atl‘erunt,

2057 1407 2192 1460 quas
2221 1395 2312 1462 qui
2362 1403 2528 1459 tenet,
2561 1394 2630 1446 ita
2687 1403 2746 1446 ut
2779 1408 2960 1447 earum
2997 1393 3174 1462 capita
3228 1396 3381 1461 quasi
3416 1397 3482 1448 ad
3521 1396 3614 1450 [ir-

2056 1486 2293 1539 mitatem
2321 1496 2374 1538 et
2412 1486 2734 1540 soliditatem
2767 1486 2988 1538 rationis
3011 1485 3213 1547 allidat,
3235 1485 3329 1539 ille
3363 1487 3616 1554 parvulos

2054 1575 2340 1645 Babylonis
2390 1578 2456 1629 ad
2509 1587 2714 1645 petram
2779 1576 2985 1641 allidit,
3054 1584 3108 1629 et
3171 1576 3373 1631 idcirco
3430 1579 3614 1635 beatus

2053 1677 2155 1722 est.
2221 1665 2417 1720 Jubeat
2475 1668 2638 1736 igitur
2717 1668 2853 1720 Deus
2927 1668 3054 1719 vitia
3123 1665 3364 1722 funditus
3425 1670 3610 1734 deleri,

381 1748 538 1818 ρῆξαι
560 1752 738 1804 αὐτῶν
770 1753 867 1817 τάς
900 1757 1156 1824 κεφαλὰς,
1188 1757 1506 1826 ἐδαφίζειτά
1526 1761 1690 1829 νήπια
1719 1760 1816 1829 τῆς
1841 1761 1937 1813 Βα-

2051 1755 2182 1808 nihil
2240 1754 2485 1823 praecipit
2530 1755 2754 1821 iisquae
2806 1754 2960 1808 Jesus
3021 1756 3204 1808 docuit
3260 1759 3607 1812 contrarium.

380 1841 611 1904 ευλῶνος
636 1844 770 1913 πρὸς
797 1844 892 1914 τὴν
928 1846 1149 1914 πέτραν,
1174 1851 1453 1918 γινόμενος
1478 1851 1564 1902 διὰ
1584 1851 1740 1903 τοῦτο
1774 1853 1946 1920 μακά-

380 1948 511 2001 ριος.
558 1933 781 2004 Ἡϐηδὸν
807 1932 896 1988 οὖν
934 1938 999 1989 τὰ
1033 1940 1131 2008 τῆς
1162 1940 1357 2002 κακίας
1391 1944 1482 1993 καὶ
1513 1945 1770 2009 παγγενεὶ
1805 1943 1947 1995 κτεί-

377 2038 487 2074 νειν
535 2023 796 2078 κελευέτω
831 2027 858 2078 6
893 2026 1048 2088 Θεὸς,
1094 2027 1242 2081 οὐδὲν
1285 2030 1521 2082 ἐναντίον
1562 2031 1824 2084 διδάσκων
1863 2023 1947 2094 οἷς

390 2111 594 2181 Ἰησοῦς
623 2113 965 2184 κατήγγειλε·
1001 2116 1094 2167 καὶ
1139 2118 1194 2168 ὲν
1222 2117 1514 2188 ὀφθαλμοῖς
1551 2119 1658 2171 τῶν
1688 2120 1758 2172 ἐν
1808 2137 1946 2187 κρυ-

375 2201 499 2266 πτῷ
541 2203 804 2258 Ἰουδαίων
833 2207 1050 2259 ποιείτω
1077 2208 1104 2259 ὁ
1133 2207 1263 2270 Θεὸς
1299 2208 1396 2277 τὴν
1426 2208 1531 2261 τῶν
1558 2210 1827 2280 πολεμίων
1849 2212 1940 2263 καὶ

376 2289 591 2342 πάντων
616 2292 724 2344 τῶν
757 2293 866 2346 ἀπὸ
901 2295 1096 2359 κακίας
1137 2297 1433 2367 ἀναίρεσιν.
1465 2300 1572 2350 Καὶ
1605 2297 1841 2350 τοιοῦτόν
1877 2317 1940 2366 γε

2047 1843 2379 1898 Exterminet
2423 1845 2565 1899 Deus
2605 1843 2660 1896 in
2712 1843 2883 1898 oculis
2937 1857 3125 1896 eorum
3171 1845 3262 1912 qui
3307 1847 3360 1898 in
3413 1849 3612 1900 occulto

2045 1936 2213 1992 Judaei
2274 1944 2400 1988 sunt
2449 1936 2525 1999 ³ο,
2593 1933 2725 1987 vitia
2790 1935 2970 1988 omnia
3035 1949 3153 2002 quae
3217 1946 3341 1989 sunt
3402 1936 3608 1990 illorum

2053 2029 2258 2082 hostes.
2300 2026 2390 2079 Sic
2419 2036 2474 2078 et
2506 2025 2539 2078 ii
2573 2025 2664 2091 qui
2705 2025 2810 2092 legi
2853 2034 2909 2078 et
2939 2025 3104 2077 verbo
3135 2024 3228 2078 Dei
3263 2040 3365 2079 non
3408 2041 3610 2079 morem

2049 2127 2260 2188 gerunt,
2304 2118 2397 2172 sed
2446 2117 2691 2171 hostibus
2722 2117 2929 2170 similes
2973 2116 3101 2169 facti
3144 2125 3198 2170 et
3241 2132 3271 2170 a
3310 2118 3457 2172 vitiis
3487 2133 3612 2186 per-

2047 2207 2189 2262 versi
2219 2214 2369 2272 sunt,
2407 2221 2470 2260 ea
2514 2206 2788 2274 patiantur
2821 2221 2942 2276 quae
2979 2206 3090 2275 pati
3118 2207 3276 2261 decet
3313 2222 3406 2263 eos
3449 2211 3539 2278 qui
3575 2225 3607 2263 a

2047 2299 2141 2352 Dei
2171 2298 2347 2353 verbis
2371 2296 2655 2352 deﬁciunt.

375 2379 513 2431 ἔστω
555 2381 616 2432 τὸ
646 2381 772 2444 τοὺς
818 2385 892 2453 μὴ
938 2386 1290 2456 πειθομένους
1321 2387 1467 2458 νόμῳ
1496 2389 1588 2442 καὶ
1615 2389 1757 2459 λόγῳ
1786 2389 1952 2451 Θεοῦ,
1988 2389 2350 2459 ὀμοιωθέντας
2377 2390 2489 2451 τοῖς
2526 2388 2820 2458 πολεμίοις,
2852 2387 2944 2442 καὶ
2991 2387 3316 2452 ποιωθέντας
3349 2388 3456 2444 ἀπὸ
3511 2389 3611 2459 τῆς

377 2473 591 2538 κακίας,
619 2476 848 2546 πάσχειν
869 2478 1060 2543 ταῦτα,
1081 2480 1221 2550 ἅπερ
1237 2479 1382 2546 ἄξιον
1415 2482 1639 2550 πάσχειν
1665 2484 1791 2545 τοὺς
1814 2484 2154 2546 ἀποστάντας
2186 2484 2357 2551 λόγων
2386 2481 2544 2536 Θεοῦ.

445 2566 594 2636 Σαφῆ
662 2569 760 2638 μὲν
805 2568 898 2624 οὖν
951 2574 1045 2626 καὶ
1087 2576 1150 2626 ὲκ
1204 2575 1424 2640 τούτων,
1490 2577 1606 2640 πῶς
1657 2579 1861 2650 Ἰησοῦς
1916 2581 1944 2632 6

374 2651 689 2727 Ναζωραῖος
744 2661 1028 2733 ἄνθρωπος
1067 2665 1167 2717 οὐκ
1215 2666 1612 2737 ἀντινομοθετεῖ
1665 2673 1777 2732 τοῖς
1813 2673 1942 2741 περὶ

378 2745 608 2800 πλούτου
658 2751 751 2804 καὶ
794 2752 902 2804 τῶν
940 2753 1302 2824 ἐξισταμένων
1337 2757 1446 2826 (2i)
1477 2760 1784 2830 εἰρημένοις
1815 2761 1942 2833 περὶ

376 2836 493 2901 τοῦ,
519 2837 826 2894 δύσκολον
842 2840 991 2896 εἶναι
1009 2847 1306 2899 πλούσιον
1332 2847 1441 2918 (22)
1459 2850 1828 2920 εἰσέρχεο-θαι
1857 2855 1944 2918 εὶς

369 2925 485 2992 τὴν
506 2927 612 2981 τοῦ
647 2932 796 2984 Θεοῦ
813 2933 1158 2996 ,βασιλείαν-ο
1195 2936 1303 2988 εἴτε
1343 2939 1596 2992 πλούσιόν
1622 2959 1707 3004 τις
1731 2942 1940 3012 λαμϐά-

2117 2579 2205 2632 25.
2249 2578 2326 2631 Ex
2364 2579 2447 2633 his
2477 2579 2818 2648 perspicuum
2872 2577 2928 2633 tit
2950 2579 3219 2648 quomodo
3251 2577 3406 2634 Iesus
3432 2578 3605 2634 Naza-

2046 2684 2213 2724 re-nus
2242 2671 2402 2724 homo
2453 2670 2598 2740 leges
2626 2687 2729 2725 non
2775 2671 2916 2724 ferat
2958 2671 3261 2726 contrarias
3291 2670 3358 2725 iis
3391 2686 3509 2738 qua:
3540 2673 3608 2726 de

2045 2760 2248 2816 divitiis
2293 2771 2347 2814 et
2398 2761 2504 2815 illis
2550 2762 2640 2830 qui
2674 2777 2860 2815 carum
2895 2775 3079 2814 amore
3127 2763 3423 2816 transversi
3463 2763 3608 2817 abri-

2044 2852 2291 2918 piuntur,
2325 2851 2470 2904 dicta
2514 2861 2659 2916 sunt,
2694 2866 2814 2905 cum
2846 2851 2921 2904 ait
2950 2851 3156 2920 difﬁcile
3189 2867 3300 2905 esse
3336 2853 3482 2905 diviti
3523 2853 3610 2906 in-

2045 2951 2187 2994 trare
2223 2942 2276 2994 in
2307 2957 2526 3011 regnum
2559 2941 2653 2994 Dei
2683 2942 2726 2973 ³¹
2753 2959 2768 3008 ;
2804 2943 2916 2996 sive
2945 2943 3124 2996 divitis
3147 2943 3365 2996 nomine
3397 2943 3606 3012 simpli-

371 3032 449 3066 νει
483 3017 843 3090 ἁπλούστερον
873 3022 962 3076 τὸν
993 3025 1094 3077 ὑπὸ
1123 3026 1354 3080 πλούτου
1389 3030 1800 3100 περισπώμενον
1843 3032 1936 3084 καὶ

2049 3030 2180 3083 citer
2213 3031 2448 3098 accipias
2479 3030 2652 3094 illum,
2688 3030 2782 3099 qui
2809 3029 3015 3096 divitiis
3047 3031 3340 3084 distractus
3375 3043 3430 3084 et
3451 3035 3605 3099 quasi

366 3106 446 3170 ὡς
485 3107 590 3160 ὑπὸ
633 3110 872 3182 ἀκάνθης
910 3116 1072 3167 αὐτοῦ
1115 3117 1536 3188 ὲμποδιζόμενον
1583 3119 1768 3191 φέρειν
1808 3123 1932 3185 τοὺς

369 3195 464 3248 τοῦ
509 3197 665 3266 λόγου
697 3205 959 3273 καρπούς·
1002 3208 1109 3260 εἴτε
1149 3209 1242 3262 καὶ
1270 3209 1329 3262 τὸ
1363 3214 1420 3264 ἐν
1457 3217 1566 3274 τοῖς
1593 3212 1809 3280 ψευδέσι
1847 3212 1933 3264 δό-

370 3302 544 3354 γμασι
564 3287 909 3359 πλουτοῦντα,
936 3298 1063 3364 περὶ
1089 3289 1149 3349 οὗ
1177 3301 1233 3350 ὲν
1251 3301 1577 3370 Παροιμίαις
1603 3301 1930 3371 γέγραπται*

372 3378 662 3443 Κρείττων
827 3387 1060 3453 πτωχὸς
1103 3387 1332 3453 δίκαιος
1379 3390 1416 3457 ἢ
1460 3393 1757 3456 πλούσιος
1791 3395 1937 3459 ψεύ-

367 3485 538 3536 σ-της.
582 3471 740 3537 Εἰκὸς
786 3475 840 3527 δὲ
888 3477 995 3529 ἀπὸ
1028 3477 1142 3543 τοῦ,
1181 3480 1232 3530 Ὁ
1275 3479 1464 3534 θέλων
1504 3483 1574 3534 ἐν
1620 3482 1760 3550 ὑμῖν
1785 3480 1935 3536 εἶναι

367 3559 614 3627 πρῶτος,
641 3565 794 3618 ἔστω
821 3566 1060 3621 πάντων
1084 3568 1378 3635 διάκονος·
1412 3572 1524 3632 καὶ,
1557 3575 1620 3624 Οἱ
1650 3572 1932 3640 ἄρχοντες

365 3652 481 3705 τῶν
500 3654 688 3709 ἐθνῶν
712 3663 1243 3728 κατακιφιεύουσιν
1270 3662 1483 3717 αὐτῶν-ο
1521 3665 1633 3733 καὶ,
1674 3667 1736 3717 Οἱ
1759 3664 1931 3728 ἐξου-

364 3742 666 3812 σιάζοντες
710 3748 780 3800 ἐν
815 3751 1017 3817 αὐτοῖς
1055 3754 1357 3822 εὐεργέται
1400 3754 1741 3809 καλοῦνται·
1785 3756 1930 3826 εἰλη-

366 3833 522 3900 φέναι
568 3837 661 3888 τὸν
693 3838 917 3902 Κέλσον,
953 3842 1034 3894 ὅτι
1077 3844 1278 3914 Ἰησοῦς
1307 3843 1418 3914 (24)
1469 3845 1754 3916 φιλαρχίαν
1798 3845 1932 3899 ἐκώ-

365 3925 520 3990 λυεν,
577 3929 762 3998 ἥντινα
811 3933 911 3984 οὐκ
967 3934 1211 3987 ἐναντίαν
1271 3932 1408 3990 εἶναι
1466 3938 1744 4007 νομιστέον
1801 3937 1927 4003 τοῦ,

368 4017 590 4084 ’Άρξεις
641 4022 720 4074 σὺ
773 4022 966 4076 ἐθνῶν
1019 4025 1283 4089 πολλῶν,
1330 4028 1447 4080 σοῦ
1474 4026 1541 4079 δὲ
1567 4029 1928 4095 οὐκ-ἄρξου-

362 4122 446 4159 στι·
503 4108 736 4178 μάλιστα
789 4111 875 4165 διὰ
918 4113 986 4165 τὰ
1048 4115 1409 4184 ἀποδεδομένα
1467 4118 1546 4179 είς
1595 4117 1694 4185 τὴν
1763 4117 1920 4182 λέξιν.

376 4197 532 4267 Ἑξῆς
557 4198 613 4251 δὲ
649 4201 855 4265 τούτοις
892 4204 1258 4274 παραρῤίπτει
1319 4206 1448 4276 περὶ
1498 4207 1598 4276 τῆς
1664 4208 1851 4274 σοφίας
1900 4212 1927 4261 ὁ

362 4287 585 4351 Κέλσος,
616 4290 856 4361 οἰόμενος
888 4293 977 4344 τὸν
1022 4291 1225 4363 Ἰησοῦν
1257 4294 1548 4358 διδάσκειν,
1589 4295 1662 4365 μὴ
1699 4313 1929 4367 παριτη-

2042 3120 2214 3188 spinis
2244 3119 2537 3188 impeditus
2566 3119 2708 3174 ferre
2733 3120 2882 3173 verbi
2929 3119 3139 3174 fructus
3183 3136 3288 3174 non
3316 3132 3494 3191 potest
3522 3124 3603 3186 3';

2042 3209 2155 3262 sive
2188 3209 2278 3275 qui
2325 3207 2477 3262 falsis
2514 3208 2857 3276 dogmatibus
2904 3207 3054 3262 dives
3092 3218 3193 3275 est,
3220 3218 3274 3262 et
3307 3212 3373 3263 de
3403 3223 3508 3278 quo
3552 3211 3604 3264 in

2041 3298 2352 3352 Proverbiis
2380 3299 2582 3352 dictum
2612 3306 2736 3352 est:
2773 3297 2962 3351 Melior
2982 3315 3182 3366 pauper
3209 3299 3408 3367 justus,
3445 3315 3604 3369 quam

2043 3389 2181 3442 dives
2213 3390 2437 3442 mendax
2459 3389 2524 3440 ³³.
2552 3387 2837 3442 Probabile
2857 3399 2940 3442 est
2965 3392 3077 3442 haec
3104 3388 3220 3442 loca
3250 3409 3263 3443 :
3299 3387 3606 3458 Quicunque

2042 3476 2262 3528 voluerit
2292 3477 2345 3527 in
2377 3477 2519 3529 vobis
2538 3478 2736 3544 primus
2762 3478 2975 3541 esse,sit
3006 3479 3238 3530 onmium
3268 3481 3504 3550 minister
3527 3480 3600 3545 ";

2043 3577 2097 3619 et
2126 3580 2139 3618 :
2176 3564 2442 3632 Principes
2463 3568 2691 3634 gentium
2717 3568 3063 3620 dominantur
3082 3584 3262 3620 eorum
3285 3568 3330 3599 ³⁵
3352 3586 3368 3634 ;
3389 3579 3443 3622 et
3465 3588 3478 3622 :
3500 3569 3602 3634 Qui

2041 3665 2344 3726 potestatem
2401 3656 2589 3709 habent
2633 3673 2787 3724 super
2830 3673 2940 3721 eos,
2986 3656 3202 3725 beneﬁci
3254 3670 3505 3712 vocantur
3533 3661 3602 3726 ³⁸,

2043 3747 2207 3801 fuisse
2250 3748 2406 3801 Celso
2438 3761 2657 3800 causam
2689 3756 2748 3800 ut
2776 3747 2997 3811 diceret,
3028 3748 3409 3804 dominationis
3451 3765 3604 3805 amo-

2039 3854 2153 3893 rem
2201 3853 2230 3891 a
2259 3837 2386 3892 Jesu
2420 3838 2587 3891 fuisse
2633 3837 2984 3906 prohibitum.
3032 3839 3088 3893 Id
3137 3848 3312 3894 tamen
3359 3856 3600 3911 pugnare

2039 3945 2158 3984 cum
2186 3930 2288 3984 isto
2332 3930 2484 3984 loco:
2515 3928 2876 3983 Dominaberis
2903 3929 3084 3984 multis
3105 3931 3423 3997 nationibus,
3454 3941 3504 3986 et
3525 3935 3601 3989 tui

2037 4038 2186 4075 nemo
2201 4021 2558 4074 dominabitur
2575 4021 2640 4085 ³⁷,
2664 4035 2768 4074 non
2790 4021 3211 4076 existimandum
3228 4032 3334 4087 est,
3361 4024 3596 4078 maxime

2035 4122 2255 4182 propter
2289 4128 2351 4167 ea
2391 4127 2510 4180 quae
2540 4112 2605 4166 de
2635 4113 2716 4165 his
2763 4112 2944 4166 verbis
2983 4111 3355 4166 disseruimus.
3403 4113 3596 4167 Postea

2038 4205 2195 4272 711
2234 4202 2422 4256 Celsus
2457 4203 2586 4255 facit
2625 4203 2690 4255 de
2732 4200 2998 4269 sapientia
3043 4202 3366 4254 mentionem
3391 4240 3406 4265 ,
3444 4212 3598 4256 ratus

2032 4293 2156 4347 Jesu
2188 4295 2428 4348 doctrina
2465 4293 2759 4360 sapientem
2787 4291 2930 4345 aditu
2950 4291 3226 4358 prohiberi
3258 4291 3324 4344 ad
3350 4289 3592 4346 Patrem.

359 4378 450 4430 τὸν
494 4376 632 4432 εἶναι
682 4382 818 4453 πρὸς
859 4383 948 4435 τὸν
995 4383 1212 4455 Πατέρα
1260 4383 1337 4455 τῷ
1380 4385 1546 4456 σοφῷ.
1579 4385 1834 4455 Εἴπωμεν
1866 4387 1922 4439 δὲ

2049 4382 2230 4448 lutero
2260 4397 2360 4450 ego
2390 4396 2684 4448 quemnam
2716 4380 3059 4449 sapientem?
3098 4379 3231 4433 Nam
3282 4379 3328 4434 si
3377 4381 3596 4449 sapien-

360 4469 494 4540 πρὸς
534 4471 693 4524 αὐτὸν
713 4511 728 4534 ,
760 4472 896 4543 ποίῳ
929 4472 1075 4543 σοφῷ
1108 4490 1120 4537 ;
1154 4475 1216 4526 Et
1249 4475 1346 4544 μὲν
1371 4474 1478 4546 γάρ
1503 4478 1714 4546 τούτῳ,
1739 4477 1796 4538 ὃς
1824 4493 1922 4528 πε-

359 4561 587 4616 ποίωται
628 4563 766 4617 κατὰ
804 4564 901 4635 τὴν
943 4564 1240 4635 λεγομένην
1285 4567 1510 4633 σοφίαν
1555 4565 1661 4618 τοῦ
1696 4566 1923 4634 κόσμου

358 4657 591 4718 τούτου,
619 4651 817 4709 οὖσαν
846 4655 1074 4724 μωρίαν
1119 4655 1279 4722 παρὰ
1310 4655 1389 4720 τῷ
1429 4653 1549 4720 Θεῷ
1571 4673 1584 4688 ·
1627 4656 1720 4708 καὶ
1767 4658 1924 4726 ἡμεῖς

360 4747 601 4816 φήσομεν
650 4747 723 4816 μὴ
766 4745 1062 4816 παριτητὸν
1116 4741 1254 4799 εἶναι
1290 4746 1425 4816 πρὸς
1467 4745 1558 4798 τὸν
1597 4747 1813 4817 Πατέρα
1847 4743 1924 4816 τῷ

361 4835 500 4887 οὕτω
534 4837 710 4906 σοφῷ·
761 4837 898 4890 εἰδὲ
943 4836 1133 4905 σοφίαν
1183 4853 1266 4898 τις
1314 4837 1504 4906 νοήσαι.
1549 4837 1637 4888 τὸν
1671 4838 1922 4907 Χριστὸν,

358 4921 482 4977 ἐπεὶ
508 4927 738 4995 Χριστός
772 4930 885 4979 ἐστι
928 4927 1074 4981 Θεοῦ
1107 4926 1358 4996 δύναμις
1387 4927 1482 4980 καὶ
1516 4927 1661 4980 Θεοῦ
1704 4930 1888 4996 σοφία
1909 4945 1920 4958 ο

466 5108 509 5140 ⁸³
541 5107 680 5160 Psal.
708 5123 926 5174 cxxxvi,
957 5109 1011 5174 8,
1045 5113 1098 5166 9.
1195 5112 1238 5142 ³⁸
1261 5111 1415 5164 Rom.
1445 5127 1506 5175 ιι,
1533 5112 1624 5166 29.

353 5173 613 5231 a“Matth.
650 5194 703 5243 ιι,
734 5179 822 5234 44.

425 5334 537 5405 (20)
574 5333 740 5405 Codd.
785 5334 917 5405 Reg.
959 5345 1018 5405 et
1059 5334 1422 5405 Basileensis.
1464 5333 1906 5405 καταλείπεσθαι.

351 5403 534 5468 Οὕτως
574 5403 1046 5474 ἀκούομενξιιίιιὶ).
1074 5405 1236 5471 editi,
1274 5403 1683 5458 καταλιπέσθαι.
1725 5405 1910 5474 Ἡμεῖς

350 5475 521 5537 οὔτως
550 5473 836 5544 ἀκούομεν.

422 5545 534 5614 (2t)
583 5542 1036 5614 Ἐξισταμένων.
1069 5543 1192 5599 Ιίαιο
1225 5544 1386 5599 lectio
1420 5542 1545 5599 ferri
1577 5550 1774 5614 potest,
1804 5543 1907 5597 nisi

349 5613 718 5684 malis'legere
760 5613 1157 5686 ὲξητασμένων.
1209 5614 1276 5670 Ut
1311 5623 1526 5670 vertas:
1565 5613 1631 5667 Et
1678 5615 1746 5666 iis
1792 5629 1906 5682 qua:

350 5687 502 5738 modo
532 5685 918 5756 perpendimus.

1735 5112 1775 5142 ³¹
1809 5111 2000 5164 Matth.
2042 5127 2151 5173 ιιι,
2182 5112 2272 5165 23.

933 5180 975 5210 ³⁵
1008 5182 1195 5235 Matth.
1223 5197 1316 5244 xx,
1349 5181 1437 5234 25.
1516 5181 1560 5213 ³⁸
1578 5181 1707 5235 Luc.
1745 5197 1879 5245 χχιι,
1904 5180 1994 5236 25.

2032 4483 2136 4527 tem
2163 4472 2415 4541 intelligit
2442 4471 2598 4540 hujus
2630 4471 2812 4524 mundi
2845 4470 3124 4538 sapientia,
3154 4479 3213 4523 ut
3251 4480 3499 4535 vocatur,
3535 4480 3592 4523 ct

2029 4579 2149 4632 qua:
2173 4563 2398 4616 stultitia
2431 4571 2505 4615 est
2533 4562 2672 4630 apud
2710 4559 2968 4625 Deum”;
3014 4559 3317 4629 huiusmodi
3358 4558 3592 4629 sapienti

2031 4656 2274 4709 dicemus
2301 4663 2355 4709 et
2388 4669 2486 4708 nos
2525 4653 2730 4706 aditum
2757 4652 2821 4705 ad
2873 4651 3090 4706 Patrem
3131 4650 3388 4721 prmcludi
3416 4667 3430 4715 ;
3461 4660 3516 4705 at
3544 4651 3592 4705 si

2032 4746 2311 4816 sapientiae
2335 4746 2553 4799 nomine
2589 4745 2866 4799 Christum
2899 4743 3118 4810 accipit,
3148 4740 3412 4809 siquidem
3437 4740 3594 4796 Citri-

2031 4846 2148 4893 stus
2175 4835 2270 4889 Dei
2293 4838 2458 4889 virtus
2487 4843 2564 4888 est
2614 4846 2660 4888 et
2691 4833 2784 4887 Dei
2833 4832 3183 4904 sapientia”;
3231 4831 3322 4886 tali
3363 4833 3592 4900 sapienti

2033 4943 2142 4982 non
2178 4926 2350 4982 solum
2376 4937 2565 4995 patere
2592 4926 2658 4980 ad
2697 4925 2914 4979 Patrem
2943 4923 3147 4978 aditum
3188 4923 3454 4988 dicimus,
3495 4923 3590 4976 sed

2377 5111 2419 5142 ³²
2454 5109 2645 5165 Matth.
2700 5125 2818 5172 xm,
2850 5108 2938 5162 22.
3052 5106 3096 5137 ³³
3118 5106 3277 5160 Prov.
3308 5121 3496 5166 xxvm,
3533 5105 3584 5156 6.

2074 5181 2115 5212 ³”
2141 5181 2295 5236 Deut.
2332 5196 2420 5247 xv,
2456 5180 2509 5234 6.
2587 5180 2631 5211 ³⁸
2663 5180 2824 5234 lCor.
2858 5194 2938 5244 ιιι,
2977 5176 3060 5233 l9.
3136 5175 3180 5207 ³⁹
3207 5175 3226 5228 l
3253 5175 3378 5227 Cor.
3423 5189 3462 5235 ι,
3492 5173 3590 5228 24.

2114 5335 2207 5405 2‘2)
2251 5335 2504 5406 Vulgata,
2534 5330 3107 5406 δυσκόλως-πλούσιον.
3249 5393 3289 5406 η
3412 5395 3426 5406 ,
3487 5395 3516 5406 η

2114 5339 2207 5405 2‘2)
2251 5339 2504 5404 Vulgata,
2534 5339 2805 5394 δυσκόλως
2837 5339 3107 5385 πλούσιον.
3506 5395 3516 5406 .

2090 5339 2202 5477 ίὲὖ)
2242 5404 2410 5459 Codd.
2455 5404 2590 5472 Reg.
2619 5415 2672 5456 et
2711 5402 2871 5455 Basil.
2931 5401 3212 5468 κρείττων.
3248 5393 3591 5451 ΙΙωειεΙιθΙιιιδ

2018 5485 2071 5529 et
2101 5477 2423 5544 Spencerus,
2455 5477 2728 5544 κρεῖσσον.

2089 5531 2200 5616 (ΞἏ)
2239 5531 2610 5616 lidem'__codd.
2651 5555 2802 5603 mss.,
2849 5539 2928 5590 ὅτι
2973 5533 3194 5606 Ἰησοῦς.
3228 5531 3504 5590 ιιωεοιιθι.
3538 5553 3590 5597 τι

2018 5611 2274 5686 Spenccr.
2289 5654 2304 5682 ,
2333 5614 2384 5665 τι
2423 5611 2645 5682 Ἰησοῦς.
