3972 6160
375 235 512 293 “53

1825 230 2141 288 ORIGENIS

3471 231 3493 284 l
3506 231 3610 287 £55

373 353 538 408 etiam
562 367 704 416 eum,
743 352 836 420 qui
885 353 1171 407 donatusa
1226 350 1430 421 Spiritu
1464 355 1652 405 sancto
1703 357 1787 403 est
1843 347 1925 402 illa

2036 349 2097 400 ού
2134 346 2291 418 μόνον
2329 344 2621 418 παριτητὸν
2655 343 2788 416 πρὸς
2819 342 2911 398 τὸν
2945 346 3159 416 Πατέρα
3187 345 3264 416 τῷ
3289 345 3432 399 οὕτω
3459 347 3610 418 σοφῷ

373 447 546 516 gratia
603 458 724 515 qum
770 443 995 498 Verbum
1023 443 1293 511 sapientia:
1344 441 1642 512 appellatur
1666 440 1732 508 ⁵⁸,
1780 441 1936 509 longe

372 537 586 593 caeteris
620 537 716 606 qui
733 550 806 590 ea
834 543 1025 591 carent
1049 533 1394 589 autecellcre.

441 802 530 857 24.
559 800 818 855 Humana
860 815 1076 869 quoque
1111 801 1296 870 gloriae
1337 802 1752 870 aucupationens
1795 816 1932 856 con-

372 895 646 950 tendimus
673 891 928 948 interdici
975 907 1081 946 non
1113 892 1286 947 solum
1326 891 1452 946 Jesu
1502 893 1785 958 doctrina,
1839 893 1932 946 sed

367 987 534 1042 etiam
594 985 872 1054 Scriptura
927 987 1121 1040 veteri.
1188 986 1336 1042 Unde
1375 1001 1515 1040 unus
1566 999 1596 1040 e
1652 986 1932 1056 prophetis

372 1078 511 1134 mala
563 1079 666 1134 sibi
714 1078 1052 1148 imprecaris,
1106 1078 1151 1131 si
1209 1087 1558 1146 peccatorum
1591 1087 1736 1133 esset
1768 1092 1928 1140 reus,

369 1168 592 1225 maximi
625 1168 747 1222 mali
780 1168 901 1222 loco
929 1169 1078 1237 ponit
1107 1167 1265 1234 hujus
1310 1168 1436 1221 vitae
1482 1167 1712 1237 gloriam
1765 1183 1778 1219 :
1829 1165 1930 1219 Do-

376 1261 516 1314 mine
541 1257 683 1312 Deus
717 1273 882 1324 meus,
921 1258 1120 1327 inquit,
1144 1261 1190 1311 si
1225 1258 1324 1327 feci
1352 1259 1494 1312 istud
1520 1298 1535 1322 ,
1563 1258 1606 1311 si
1629 1267 1706 1311 est
1735 1258 1932 1326 iniqui-

368 1362 448 1404 tas
481 1351 537 1403 in
567 1349 811 1402 manibus
837 1350 998 1412 meis;-
1033 1350 1077 1402 si
1119 1349 1323 1402 reddidi
1372 1348 1772 1401 retribuentibus
1803 1347 1930 1400 mihi

366 1443 531 1506 mala,
555 1443 796 1495 decidant
829 1443 1014 1495 merito
1053 1443 1117 1494 ab
1153 1442 1383 1494 inimicis
1418 1442 1545 1494 meis
1576 1442 1772 1494 ittanis.
1803 1437 1932 1493 Per-

366 1543 617 1602 sequatur
638 1533 885 1585 inimicus
911 1533 1142 1584 animam
1172 1541 1406 1585 meamet
1442 1531 1840 1600 comprehendat
1880 1542 1929 1585 et

2037 440 2266 510 λέγομεν
2327 436 2461 492 εἶναι
2482 479 2495 500 ,
2540 437 2674 491 ἀλλὰ
2726 439 2819 490 καὶ
2875 438 3052 508 πολλῷ
3097 438 3203 491 τῶν
3241 439 3317 509 μὴ
3349 439 3610 492 τοιούτων

2035 532 2308 603 διαφέρειν
2389 531 2479 583 τὸν
2551 531 2960 602 κεκοσμημένον
3031 531 3330 601 χαρίσματι
3388 549 3606 602 φαμεν,

2038 625 2202 694 Λόγῳ
2230 624 2450 691 σοφίας
2481 622 2817 693 καλουμένῳ,
2863 621 2951 675 διὰ
2995 621 3089 674 τοῦ
3123 622 3438 693 Πνεύματος
3469 622 3609 676 διδοο

2040 716 2201 787 μένῳ.

2106 809 2272 862 Πάλιν
2308 825 2367 861 τε
2410 804 2476 861 αὖ
2525 807 2586 861 τὸ
2641 808 2798 879 δόξης
2852 807 3246 861 ἀντιποιεῖσθαι
3313 807 3412 878 τῆς
3475 809 3606 878 παρ’

2035 903 2342 974 ἀνθρώποις
2385 903 2445 956 ού
2488 903 2628 957 κατὰ
2659 903 2758 974 τὴν
2805 901 2975 973 Ἰησοῦ
3010 902 3170 971 μόνον
3201 900 3312 971 (25)
3350 900 3607 953 διδασκα-

2033 995 2154 1050 λίαν
2185 995 2489 1050 κωλύεσθαί
2521 1011 2700 1066 φαμεν
2719 1035 2733 1060 ,
2769 995 2906 1048 ἀλλὰ
2936 995 3030 1048 καὶ
3073 994 3214 1048 κατὰ
3239 994 3336 1065 τὴν
3372 991 3612 1046 παλαιὰν

2031 1087 2273 1159 Γραφήν.
2305 1086 2683 1158 Ἐπαρώμενος
2703 1085 2832 1154 γοῦν
2854 1084 3030 1156 ἑαυτῷ
3057 1103 3141 1148 τις
3165 1083 3272 1137 τῶν
3289 1081 3608 1155 προφητῶν,

2031 1177 2079 1228 εἰ
2108 1174 2289 1244 ἔνοχος
2321 1174 2405 1242 εἴη
2437 1177 2550 1238 τοῖς
2581 1176 2958 1246 ἁμαρτήμασι,
2990 1174 3154 1244 φησιν
3197 1174 3317 1226 ἀντὶ
3348 1174 3605 1243 μεγίστου

2031 1263 2202 1317 κακοῦ
2253 1263 2524 1334 συμϐῆναι
2574 1263 2640 1317 ἂν
2673 1263 2821 1334 αὐτῷ
2853 1263 2949 1316 καὶ
2979 1263 3075 1333 τὴν
3125 1261 3380 1333 βιωτικὴν
3411 1260 3600 1328 δόξαν·

2029 1355 2176 1424 λέγει
2203 1355 2260 1409 δὲ
2295 1355 2436 1409 οὕτω
2459 1373 2471 1386 ·
2499 1357 2676 1423 Κύριε
2700 1359 2733 1410 ὁ
2757 1358 2902 1421 Θεός
2927 1372 3070 1424 μου,
3100 1356 3154 1408 εὶ
3178 1354 3438 1421 ἐποίησα
3470 1354 3607 1408 τοῦ-

2030 1465 2117 1508 το,
2157 1450 2207 1500 ει
2240 1447 2410 1500 ἐστιν
2442 1447 2644 1502 ἀδικία
2669 1448 2739 1501 ἐν
2763 1448 2943 1517 χερσί
2961 1463 3101 1516 μου,
3140 1449 3190 1500 εὶ
3219 1446 3608 1500 ἀνταπέδωκα

2029 1536 2153 1601 τοῖς
2181 1536 2650 1591 ἀνταποδιδοῦσί
2698 1554 2799 1606 μοι
2856 1536 3042 1598 κακὰ,
3080 1535 3438 1605 ἀποπέσοιμι
3490 1535 3605 1604 ἀρα

366 1625 628 1678 conculcet
668 1625 722 1676 in
751 1635 890 1677 terra
925 1625 1084 1676 ritum
1117 1639 1282 1676 meam
1303 1663 1318 1688 ,
1347 1635 1393 1677 et
1421 1624 1648 1693 gloriam
1675 1639 1843 1677 meam
1873 1625 1925 1677 in

2032 1625 2150 1680 ἀπὸ
2179 1625 2299 1680 τῶν
2327 1625 2554 1696 ἐχθρῶν
2596 1644 2714 1696 μου
2766 1627 2940 1693 κενός
2972 1627 2994 1678 .'
3041 1625 3392 1691 καταδιώξαι
3419 1626 3531 1694 ἄρα
3570 1629 3604 1680 ὁ

367 1718 482 1769 loco
511 1717 652 1769 edito
669 1715 968 1768 collocat“.
1003 1713 1106 1769 Sed
1144 1731 1318 1784 neque
1355 1715 1496 1769 istud
1543 1733 1556 1769 :
1595 1713 1676 1769 Ne
1709 1716 1925 1770 solliciti

2031 1717 2242 1785 ἐχθρὸς
2273 1693 2392 1786 ritis
2413 1693 2624 1787 ψυχήιρ
2647 1736 2766 1788 μου
2795 1719 2894 1772 καὶ
2928 1718 3270 1782 καταλάϐοι,
3295 1717 3394 1771 καὶ
3421 1693 3600 1772 κατα-

365 1809 482 1861 sitis
507 1809 633 1876 quid
666 1807 990 1860 manducetis
1019 1817 1108 1860 aut
1149 1809 1273 1877 quid
1300 1807 1506 1862 bibatis.
1548 1806 1809 1875 Respicite
1844 1825 1930 1860 vo-

366 1901 544 1954 latilia
575 1901 689 1954 ccli
726 1910 816 1952 aut
841 1899 1168 1953 considerate
1199 1916 1398 1965 corvos,
1440 1903 1690 1969 quoniam
1728 1917 1829 1955 non
1855 1918 1930 1954 se-

366 2002 523 2052 runt,
559 2008 723 2062 neque
763 2000 962 2045 metunt
985 2034 999 2059 ,
1043 2002 1089 2046 et
1131 1992 1292 2046 Pater
1324 2001 1490 2046 vester
1518 1992 1734 2045 caelestis
1761 1993 1928 2061 pascit

364 2085 459 2139 illa
475 2085 539 2138 “.
574 2085 788 2150 Quanto
819 2084 988 2153 magis
1019 2101 1107 2138 vos
1149 2085 1316 2153 pluris
1363 2085 1487 2138 estis
1523 2083 1825 2139 volatilibus
1845 2084 1930 2139 ‘3?

364 2189 413 2231 et
461 2179 523 2230 de
551 2179 850 2232 vestimento
884 2179 1009 2248 quid
1046 2177 1262 2231 solliciti
1301 2177 1468 2231 estis?
1506 2178 1787 2247 recogitate
1815 2176 1928 2231 lilia

363 2269 559 2338 agri“,
593 2282 692 2324 nec
715 2285 835 2339 quae
859 2278 1184 2337 sequuntur,
1216 2274 1518 2338 repugnant
1546 2267 1680 2337 legis
1707 2267 1928 2321 benedi-a

362 2361 659 2426 ctionibus,
683 2377 804 2432 qua:
833 2362 1032 2416 docent
1057 2359 1296 2414 futurum
1319 2373 1440 2414 esse
1470 2359 1725 2426 utjustus
1755 2374 1929 2412 come-

361 2457 450 2509 dat
496 2457 549 2508 in
575 2453 944 2520 saturitate”;
995 2465 1172 2521 neque
1223 2451 1311 2506 isti
1360 2449 1667 2505 Salomonis
1719 2449 1922 2506 eﬂ'alo:

362 2549 550 2604 Justus
579 2547 852 2602 comedens
876 2544 1035 2614 replet
1057 2545 1291 2597 animum
1326 2557 1500 2604 suam,
1529 2541 1721 2595 animat
1752 2549 1927 2595 autem

360 2642 643 2711 impiorum
687 2638 980 2708 indigentes
999 2635 1062 2690 “.
1123 2633 1260 2689 Nam
1304 2633 1656 2689 considerare
1706 2638 1926 2700 oportet

361 2734 540 2788 cibum
566 2732 762 2786 animae
789 2743 930 2793 esse,
954 2742 1115 2796 quem
1159 2725 1346 2794 legalis
1374 2724 1680 2780 benedictio
1715 2721 1926 2790 signiﬁ-

361 2833 450 2880 cat
475 2843 490 2880 :
519 2838 628 2893 quo
654 2823 779 2877 cibo
808 2836 913 2876 non
947 2820 1202 2890 impletur
1235 2819 1399 2872 homo
1425 2831 1492 2870 ex
1531 2814 1734 2885 duplici
1769 2821 1925 2883 parte

360 2925 638 2978 constans,
679 2913 772 2968 sed
807 2913 986 2966 anima
1020 2911 1153 2965 sola.
1190 2910 1363 2964 Verba
1414 2918 1596 2962 autem
1643 2904 1923 2975 Evangelii

359 3010 598 3063 fortasse
626 3005 882 3060 arcanius
911 3003 1038 3071 quid
1067 3003 1389 3066 continent;
1422 3000 1562 3054 forte
1592 3000 1758 3054 etiam
1792 2998 1924 3053 sim-
1950 3037 1991 3097 ϐ

359 3103 575 3170 pliciter
629 3097 944 3165 accipienda
996 3103 1144 3156 sunt,
1198 3102 1255 3146 ut
1296 3094 1527 3147 doceant
1564 3090 1800 3144 animam
1854 3088 1922 3142 de

359 3194 483 3248 cibo
509 3203 561 3245 et
591 3189 921 3244 indumentis
960 3201 1068 3239 non
1099 3186 1297 3240 debere
1331 3182 1671 3253 perturbari;
1703 3180 1796 3236 sed
1826 3193 1925 3249 pro

359 3294 512 3339 certo
543 3282 745 3337 habere
788 3278 954 3331 Deum
995 3277 1084 3331 his
1136 3275 1297 3330 rebus
1345 3273 1686 3343 provisurum
1712 3311 1728 3336 ,
1767 3271 1928 3326 dum-

358 3376 520 3430 modo
547 3372 881 3444 simplicitati
907 3371 1188 3426 studentes
1221 3383 1326 3424 non
1357 3381 1666 3438 quaeramus
1695 3365 1798 3420 nisi
1825 3379 1920 3418 ne-

358 3484 510 3523 cessa
522 3470 619 3522 ria.
667 3492 678 3504 -

427 3739 518 3793 25.
549 3737 815 3791 Praeterea
859 3733 1047 3789 Celsus
1077 3745 1141 3784 ex
1178 3726 1474 3797 Evangelio
1504 3724 1717 3795 profert
1750 3720 1919 3788 istud,

357 3833 402 3884 ei
435 3831 526 3900 qui
551 3827 706 3881 semel
737 3825 1011 3894 percussit,
1039 3820 1432 3890 percutiendum
1477 3835 1660 3872 rursus
1690 3815 1921 3886 prabere

357 3938 412 3974 se
437 3929 690 3987 oportere,
723 3925 776 3968 at
798 3930 901 3970 non
927 3913 1164 3968 all‘ertex
1189 3912 1304 3982 lege
1329 3927 1450 3980 quae
1479 3910 1657 3964 verbis
1690 3923 1923 3977 evange-=

358 4012 482 4064 lic-is
533 4007 807 4064 contraria
847 4006 1120 4060 videntur.
1171 4003 1579 4072 Respondemus
1623 4001 1765 4055 scire
1825 4015 1924 4054 nos

363 4105 566 4156 dictum
601 4113 722 4155 esse
766 4097 1005 4167 antiquis
1028 4137 1041 4160 ,
1068 4093 1276 4149 oculum
1307 4111 1402 4162 pro
1437 4093 1586 4147 oculo
1633 4101 1681 4145 et
1717 4096 1920 4145 dentem

355 4212 449 4262 pro
469 4196 620 4248 dente
638 4193 704 4258 ‘7;
736 4191 934 4260 legisse
963 4189 1130 4243 etiam
1170 4204 1184 4241 :
1216 4185 1329 4256 Ego
1371 4196 1544 4238 autem
1594 4184 1712 4237 dico
1751 4183 1920 4247 vobis,

357 4287 668 4357 percutienti
690 4296 737 4340 te
757 4283 922 4354 712
941 4283 994 4337 in
1020 4279 1313 4344 maxillam,
1335 4280 1507 4348 pra-be
1534 4289 1580 4332 et
1613 4279 1833 4332 alteram
1851 4276 1918 4332 ⁸⁸.

2032 1809 2294 1875 πατῆσαι
2340 1813 2426 1876 εὶς
2454 1811 2573 1880 γῆν
2604 1810 2720 1878 τὴν
2755 1810 2907 1877 ζωήν
2940 1830 3060 1882 μου
3081 1851 3095 1874 ,
3132 1813 3228 1865 καὶ
3269 1813 3386 1879 τὴν
3414 1812 3603 1876 δόξαν

2026 1919 2146 1970 μου
2187 1904 2272 1966 εἵς
2314 1902 2466 1970 χοῦν
2512 1901 2621 1971 (26)
2651 1901 3109 1970 κατασκηνώσαι
3142 1903 3162 1955 !
3203 1903 3340 1956 Ἀλλ’
3368 1904 3486 1956 οὐδὲ
3517 1905 3599 1965 τὸ,

2030 1993 2127 2061 Μὴ
2142 1991 2460 2062 μεριμνᾶτε
2489 1994 2545 2046 τί
2564 1993 2808 2062 φάγητε,
2826 1993 2864 2062 ἢ
2886 1995 2943 2048 τί
2961 1995 3154 2062 πίητε.
3182 1995 3602 2061 Κατανοιήσατε

2031 2086 2102 2138 τὰ
2127 2083 2364 2138 πετεινά
2392 2085 2498 2139 τοῦ
2527 2085 2803 2153 cupas-oi),
2833 2085 2871 2154 ἢ
2901 2085 3312 2153 κατανοήσατε
3335 2087 3477 2152 τοὺς
3505 2092 3604 2141 κό-

2021 2193 2234 2244 ρακας,
2266 2175 2354 2228 ὅτι
2382 2177 2453 2229 οὐ
2479 2177 2870 2244 σπείρουσιν,
2901 2176 3044 2230 οὐδὲ
3070 2176 3393 2244 θερίζουσιο
3437 2179 3531 2231 καὶ
3569 2181 3605 2231 ό

2030 2269 2231 2336 Πατὴρ
2259 2267 2426 2338 ὑμῶν
2465 2272 2498 2322 o'
2529 2268 2809 2337 οὐράνιος
2842 2269 3035 2338 τρέφει
3075 2270 3227 2324 αὐτά
3259 2269 3391 2339 (27).
3426 2271 3604 2334 Πόσῳ

2025 2359 2264 2430 μᾶλλον
2297 2361 2463 2430 ὑμεῖς
2485 2359 2790 2429 διαφέρετε
2827 2360 2945 2414 τῶν
2976 2360 3302 2422 πετεινῶν;
3337 2361 3435 2414 καὶ
3465 2362 3598 2428 περὶ

2028 2453 2356 2521 ἐνδύματος
2378 2454 2436 2506 τί
2453 2451 2766 2523 μεριμνᾶτε
2788 2467 2808 2518 ;
2828 2454 3190 2522 καταμάθετε
3208 2453 3280 2505 τὰ
3303 2453 3478 2521 κρίνα
3501 2453 3600 2506 rei;

2029 2545 2212 2613 άιηοοῦ
2237 2584 2251 2608 ,
2285 2546 2378 2598 καὶ
2407 2544 2476 2597 τὰ
2506 2545 2632 2615 ἐξῆς
2650 2585 2664 2610 ,
2691 2544 2906 2598 ἐναντία
2949 2545 3066 2598 ἐστὶ
3093 2547 3210 2608 ταῖς
3244 2547 3304 2598 ἐν
3335 2544 3412 2615 τῷ
3451 2544 3610 2613 νόμῳ-

2029 2635 2321 2705 εὐλογέαις,
2351 2636 2726 2700 διδασκούσαις
2746 2636 2836 2689 τὸν
2856 2636 3060 2690 δίκαιον
3089 2635 3336 2690 ἐσθίοντα
3365 2635 3602 2706 πληροῦ-

2031 2728 2184 2781 σθαιο
2221 2728 2314 2781 καὶ⁵
2355 2727 2432 2797 τῷ
2473 2728 2577 2780 ὑπὸ
2615 2727 2708 2780 τοῦ
2741 2727 3082 2799 Σολομῶντος
3108 2727 3295 2781 τοῦτον
3325 2725 3601 2797 εἰρημένῳ

2027 2815 2119 2872 τὸν
2136 2820 2334 2891 τρόπον
2353 2836 2366 2849 °
2389 2820 2622 2885 Δίκαιος
2640 2820 2860 2873 ἐσθίων
2876 2820 3210 2889 ἐμπίπλησι
3234 2817 3344 2887 (28)
3364 2814 3604 2885 ψυχὴν,

2026 2912 2216 2979 ψυχαὶ
2257 2909 2326 2963 δὲ
2361 2909 2594 2964 ἀσεϐῶν
2632 2909 2877 2976 ἐνδεεῖς.
2907 2911 3028 2982 Χρὴ
3058 2911 3164 2982 γὰρ
3196 2911 3328 2980 ὁρᾷν
3370 2909 3468 2979 τὴν
3499 2908 3600 2977 τῆς

2026 3003 2202 3074 ψυχῆς
2234 3001 2438 3073 τροφὴν
2462 3001 2799 3072 δηλουμένην
2831 3003 2888 3054 ἐν
2927 3004 2992 3072 τῇ
3022 3001 3164 3054 κατὰ
3195 3002 3285 3055 τὸν
3318 2999 3479 3071 νόμον
3507 3001 3599 3051 εῦ-

2029 3093 2186 3164 λογίᾳ
2209 3110 2222 3123 ·
2253 3090 2319 3165 ἧς
2347 3095 2445 3164 οὐχ
2476 3097 2504 3147 ὁ
2531 3092 2781 3157 σύνθετος
2804 3092 3104 3164 πληροῦται
3135 3091 3448 3162 ἄνθρωπος,
3482 3090 3598 3143 ἀλλ’

2030 3186 2068 3254 η
2094 3183 2244 3255 ψυχὴ
2274 3185 2428 3256 μόνη.
2477 3185 2608 3238 Ἀπὸ
2633 3185 2689 3237 δὲ
2713 3183 2808 3237 τοῦ
2836 3183 3168 3253 Εὐαγγελίου
3197 3180 3493 3253 λαμϐάνειν
3515 3181 3599 3234 δεῖ

2029 3277 2169 3346 τάχα
2194 3276 2295 3346 μέν
2325 3292 2377 3328 τι
2399 3276 2492 3328 καὶ
2522 3275 2832 3346 βαθύτερον,
2853 3277 3006 3345 τάχαο
3021 3275 3079 3328 δέ
3110 3292 3173 3337 τι,
3195 3275 3288 3328 καὶ
3309 3272 3598 3326 ἀπλούστετ

2035 3383 2123 3437 ρον
2145 3385 2158 3398 ·
2208 3368 2290 3420 ὃτι
2340 3368 2444 3438 χρὴ
2482 3368 2554 3438 μὴ
2601 3366 2898 3432 ξενίζεσθαι
2926 3369 3044 3429 ταῖς
3078 3367 3204 3437 περὶ
3236 3365 3343 3419 τῶν
3381 3364 3598 3435 τροφῶν

2033 3459 2124 3511 καὶ
2150 3459 2460 3528 ἐνδυμάτων
2503 3458 2602 3529 τὴν
2629 3457 2803 3529 ψυχὴν
2839 3458 3140 3530 φροντίσινο
3177 3457 3288 3510 ἀλλ’
3323 3457 3597 3511 εὐτέλειαν

2030 3549 2298 3604 ἀσκοῦντα
2322 3590 2336 3614 ,
2373 3549 2660 3603 πεπεῖσθαι
2692 3550 2800 3602 ἀπὸ
2829 3548 2924 3602 τοῦ
2957 3549 3090 3602 Θεοῦ
3137 3549 3508 3620 προνοεῖσθαι,
3543 3549 3593 3600 εξ

2033 3641 2191 3711 μόνον
2217 3657 2302 3703 τις
2329 3639 2436 3693 τῶν
2458 3640 2769 3707 ἀναγκαίων
2797 3641 3089 3710 φροντίζοι.

2113 3730 2170 3784 '0
2232 3731 2328 3800 μὲν
2391 3726 2482 3784 οῦν
2546 3731 2768 3794 Κέλσος,
2837 3731 2910 3802 μὴ
2957 3730 3344 3802 ἀντιπαραθεὶς
3402 3729 3472 3783 τὰ
3507 3730 3594 3782 δο-

2029 3822 2226 3876 κοῦντα
2257 3821 2473 3874 ἐναντία
2506 3821 2613 3874 ἀπὸ
2661 3822 2755 3874 τοῦ
2789 3823 2952 3892 νόμου
2986 3825 3098 3885 τοῖς
3140 3821 3247 3874 ἀπὸ
3279 3821 3374 3874 τοῦ
3420 3821 3598 3889 Εὐαγ-

2028 3912 2226 3981 γελίου,
2259 3913 2390 3983 φησὶ
2415 3913 2508 3965 καὶ
2538 3913 2618 3976 τὸ,
2651 3931 2668 3962 ι
2702 3913 2790 3984 Τῷ
2821 3913 2864 3966 δ’
2899 3913 3041 3979 ἅπαξ
3073 3914 3402 3984 τυπτήσαντι
3427 3913 3596 3984 stafi-

2028 4025 2141 4079 χειν
2175 4008 2266 4060 καὶ
2299 4003 2452 4069 αὖθις
2477 4006 2729 4060 τύπτειν·
2770 4026 2787 4057 ι
2818 4009 2977 4077 ἡμεῖς
3007 4005 3049 4058 δ’
3089 4004 3320 4076 ἐροῦμεν
3344 4044 3359 4068 ,
3393 4003 3596 4057 εἰδέναι

2031 4100 2130 4170 μὲν
2161 4101 2252 4152 καὶ
2273 4098 2351 4163 τδ,
2383 4099 2693 4168 ὀφθαλμὸν
2718 4099 2851 4152 ἀντὶ
2882 4098 3210 4166 ὀφθαλμοῦ,
3249 4096 3346 4148 καὶ
3379 4095 3596 4148 ὀδόντα

2027 4191 2161 4246 ἀντὶ
2186 4191 2449 4257 ὀδόντος,
2472 4191 2756 4261 εἰρημένον
2777 4190 2888 4252 τοῖς
2921 4188 3084 4241 πάλαι
3109 4205 3120 4218 ·
3155 4186 3513 4256 ἀνεγνωκέναι
3534 4185 3595 4238 δὲ

2029 4285 2123 4337 καὶ
2143 4286 2224 4346 τὸ,
2262 4282 2410 4351 Ἐγὼ
2433 4283 2500 4336 δὲ
2513 4284 2666 4351 λέγω
2682 4281 2842 4350 ὑμῖν
2867 4280 2944 4346 τῷ
2972 4281 3254 4334 τύπτοντί
3275 4296 3348 4333 σε
3378 4281 3465 4344 εὶς
3480 4279 3596 4344 τὴν

358 4380 626 4445 Quoniam
680 4394 806 4432 vero
835 4375 1188 4439 Celsushtec,
1241 4383 1298 4428 ut
1325 4373 1540 4442 opinor,
1588 4372 1800 4441 accepit
1853 4371 1920 4424 ab

2031 4381 2280 4445 σιαγόνα
2303 4415 2317 4438 ,
2360 4374 2580 4442 παρέχε
2610 4375 2718 4444 (29)
2772 4373 2869 4426 καὶ
2896 4376 3008 4439 τὴν
3039 4372 3252 4439 ἄλλην.
3304 4370 3439 4423 Ἀλλ’
3473 4369 3596 4421 ἐπεὶ

359 4474 447 4535 iis,
491 4472 585 4541 qui
635 4472 799 4526 alium
857 4471 1133 4538 Evangelii
1161 4510 1177 4534 ,
1227 4470 1390 4524 alium
1423 4468 1558 4536 legis
1599 4466 1764 4520 Deum
1797 4479 1919 4519 esse

359 4565 573 4630 docent,
603 4563 677 4616 illi
718 4563 1148 4630 respondendum
1189 4574 1272 4616 est
1301 4562 1580 4616 veteribus
1615 4556 1922 4626 Scripturis

358 4670 464 4707 non
500 4657 743 4722 ignotum
770 4670 895 4709 esse
923 4654 1065 4708 istud
1101 4673 1116 4708 :
1155 4653 1482 4709 Percutienti
1533 4663 1582 4705 te
1627 4652 1681 4703 in
1730 4649 1922 4702 maxil-

357 4746 464 4798 lam
493 4745 750 4807 dextram,
775 4745 944 4812 prtcbe
964 4755 1010 4798 et
1045 4745 1288 4799 alterum.
1309 4744 1397 4798 Sic
1413 4743 1556 4797 enim
1587 4741 1638 4795 in
1673 4739 1921 4793 Jeremizn

358 4833 860 4888 Lamentationibus
893 4853 905 4887 :
932 4834 1136 4889 Bonum
1177 4847 1248 4889 est
1297 4836 1404 4889 viro
1426 4875 1440 4901 ,
1468 4850 1584 4887 cum
1635 4832 1918 4902 portaverit

427 4998 472 5030 ἰο
507 4997 521 5049 Ι
551 4997 675 5050 Cor.
721 5012 815 5058 xu,
849 4998 903 5053 8.

355 5068 402 5101 "
425 5069 598 5123 Levit.
633 5082 780 5132 xxvn,
811 5067 866 5121 5.

1007 4998 1050 5027 “
1074 4997 1215 5050 Psal.
1254 5011 1347 5053 vn.
1379 4997 1433 5056 4,
1463 4997 1516 5058 5,
1545 4995 1598 5047 6.

941 5067 986 5098 “
1007 5066 1162 5121 Prov.
1196 5081 1312 5129 xm,
1345 5066 1434 5118 9.5.

426 5229 538 5302 (25)
572 5229 752 5285 Codex
785 5227 1006 5299 Regius,
1035 5227 1214 5299 μόνον.
1245 5225 1399 5280 Lihb.
1435 5235 1596 5280 antea
1625 5225 1776 5290 editi,
1819 5225 1918 5295 μό-

356 5318 468 5356 νου.

294 5427 298 5430 ,
427 5369 745 5439 (9.6)Χοῦν.
783 5368 823 5422 E
877 5367 1304 5439 praecedentibus
1357 5375 1581 5439 apparet
1623 5363 1912 5439 Origenem

359 5433 474 5508 huic
507 5433 590 5494 sic
617 5433 895 5508 accepisse
933 5438 1091 5506 quasi
1123 5439 1382 5508 propheta
1416 5433 1596 5508 dicere
1625 5433 1910 5508 voluisset:

359 5505 594 5561 Gloriam
619 5502 784 5562 meam
811 5509 866 5561 in
888 5502 1243 5568 tttmulopsive
1267 5508 1318 5559 in
1355 5506 1468 5557 loco
1505 5505 1644 5556 edito
1675 5502 1911 5564 collocet,

359 5591 470 5626 sum
493 5579 748 5631 illustrem
781 5589 825 5628 et
851 5578 1181 5642 conspicuam
1208 5575 1687 5628 reddutlltctcrum
1717 5586 1811 5642 pro
1835 5574 1914 5634 εἰς

359 5643 504 5708 χοῦν,
535 5651 743 5716 vulgatu
780 5646 945 5699 liiblia
975 5645 1173 5700 habent
1205 5647 1282 5708 ei;
1317 5644 1493 5714 χνοῦν.

1693 4993 1738 5024 ι’
1771 4991 1960 5045 Matth.
2013 5007 2089 5057 Vl,
2134 4992 2225 5053 es,
2271 4991 2360 5044 26.

1545 5065 1584 5094 ⁵⁷
1615 5062 1782 5117 Exod.
1819 5079 1931 5126 xm,
1959 5062 2050 5116 2L

2029 4465 2380 4535 περιηχηθεὶς
2401 4505 2414 4527 ,
2440 4461 2593 4535 οἶμαι
2617 4504 2632 4528 ,
2667 4466 2694 4516 ὁ
2722 4463 2926 4526 Κέλσος
2958 4463 3064 4516 ἀπὸ
3105 4463 3213 4514 τῶν
3245 4460 3598 4532 διαιρούντων

2026 4559 2123 4628 τὴν
2142 4556 2282 4610 κατὰ
2305 4556 2366 4608 τὸ
2391 4556 2718 4623 Εὐαγγέλιον
2745 4553 2993 4625 θεότητα,
3011 4555 3077 4606 ἐκ
3099 4554 3199 4624 τῆς
3224 4553 3450 4623 νομικῆς
3467 4550 3596 4603 Θεό-

2027 4666 2188 4719 τητος
2215 4648 2281 4701 τὰ
2313 4647 2536 4700 τοιαῦτα
2559 4647 2762 4718 τίθησι⁹
2795 4646 3015 4699 λεκτέον
3049 4647 3183 4717 πρὸς
3209 4644 3472 4712 τὸνλόγον
3494 4643 3594 4696 αύ-

2027 4741 2155 4805 τοῦ,
2205 4743 2283 4794 ὅτι
2325 4737 2430 4794 οἶδε
2476 4741 2573 4793 καὶ
2615 4740 2682 4793 τὰ
2731 4739 2933 4791 παλαιὰ
2981 4739 3319 4810 γράμματα·
3360 4735 3443 4801 Τῷ
3490 4735 3598 4788 τύ-

2030 4831 2238 4884 πτοντί
2262 4847 2334 4884 σε
2357 4833 2444 4896 εὶς
2471 4829 2585 4897 τὴν
2605 4829 2808 4894 δεξιὰν
2833 4830 3084 4899 σιαγόνα
3109 4827 3329 4896 πάρεχε
3356 4825 3450 4879 καὶ
3478 4823 3594 4892 τὴν

2472 4991 2676 5047 “Luc.
2732 5005 2834 5052 xu,
2879 4989 2971 5042 24.
3075 4986 3121 5018 ⁸⁸
3150 4986 3336 5041 Matth.
3370 5001 3447 5050 vt,
3497 4985 3591 5042 28.

2147 5062 2194 5093 ⁸⁸
2220 5061 2412 5118 Matth.
2443 5077 2498 5127 v,
2521 5062 2611 5126 '59,
2654 5071 2710 5116 et
2741 5059 2874 5112 Luc.
2903 5074 2978 5123 γι,
3004 5058 3095 5112 29.

2066 5225 2204 5312 ⁹(σϊζ)
2246 5225 2579 5281 lloeschelius
2611 5223 2667 5279 in
2697 5209 2838 5279 textu
2857 5231 2911 5278 et
2939 5235 3095 5286 mss.,
3115 5216 3272 5272 αὐτά.
3300 5217 3590 5289 ὃνεηοθτοο

2021 5313 2216 5348 auro-.2:

2062 5321 2454 5445 “(ignium
2485 5363 2676 5445 Biblia,
2714 5360 3111 5445 ἐμπίμπλαται.

2113 5436 2198 5505 '29)
2243 5428 2360 5501 Thr"
2393 5428 2918 5505 σιαγόνα-πάρεχε.
2967 5432 3039 5484 Ita
3091 5431 3246 5505 codd.
3299 5428 3498 5496 Regius
3528 5439 3588 5505 et

2019 5500 2366 5559 BaSileensis.
2416 5500 2752 5558 Ηωέειιοιίιιε
2776 5514 2957 5556 autem
3015 5511 3071 5556 et
3123 5501 3448 5570 Spcncerus,
3492 5500 3589 5554 τὸν

2019 5577 2241 5642 σιαγόνα
2268 5575 2542 5645 παρέχειν.
