3972 6160
409 360 550 417 “37
1619 367 1893 423 CONTRA
1927 367 2201 424 CELSUM
2233 367 2357 426 LIB.
2386 368 2495 424 VH.
2639 374 2642 378 ’
3517 371 3653 429 1458

403 477 625 546 ἄλλην.
677 477 764 530 Ἐν
795 477 925 545 γοῦν
956 481 1068 542 τοῖς
1104 481 1364 553 Ἱερεμίου
1392 484 1620 558 Θρὴνοις
1654 487 1927 556 γέγραπτο

2044 485 2278 554 ιῘιιῃηηι
2301 484 2364 536 ab
2389 484 2744 537 adolescentia
2771 498 2888 536 sua.
2928 481 3136 536 Sedebit
3179 481 3451 535 solitarius
3495 492 3542 537 et
3580 497 3657 537 ta-

417 567 656 636 Ἁγαθόν
672 566 867 634 ἀνδρί,
897 568 1042 622 ὅταν
1065 568 1179 638 ἄρῃ
1199 569 1375 640 ζυγὸν
1394 575 1464 626 ἐν
1492 577 1723 638 νεότητι
1745 576 1855 647 ('50)
1876 593 1927 629 αι

2087 575 2242 637 cebit,
2291 573 2414 642 quia
2460 572 2643 626 levavit
2695 586 2852 638 super
2902 587 2976 622 se.
3020 569 3176 622 Dabit
3236 569 3545 641 percutienti
3600 586 3655 622 se

401 661 527 714 τοῦ.
559 661 898 726 Καθήσεται
932 664 1289 731 καταμόνας,
1322 665 1421 719 καὶ
1455 666 1854 733 σιωπήσεται,
1889 668 1927 720 ὄλ

2085 663 2359 717 maxillam
2413 675 2460 717 et
2506 661 2839 716 saturabitur
2887 658 3280 727 opprobriis‘s'.‘
3336 659 3451 712 Non
3488 659 3654 728 igitur

398 747 543 820 ἦρεν
562 751 654 820 ἐφ’
682 752 872 818 ἑαυτῷ
889 769 902 783 ⁸
930 751 1109 808 δώσει
1139 755 1218 821 τῷ
1238 757 1473 810 παίοντι
1495 757 1680 811 αὑτὸν
1699 761 1927 828 σιαγόνι

2085 754 2360 824 Evangelii
2398 754 2538 809 Deus
2566 769 2686 808 cum
2740 755 2848 808 Deo
2895 752 3027 820 legis
3075 759 3300 820 pugnat,
3337 765 3402 802 ne
3433 752 3648 818 quidem

400 843 498 896 καὶ
520 843 991 912 χορτασθήσεται
1013 846 1382 916 ὀνειδισμῶν.
1421 849 1533 902 Οὐκ
1566 849 1927 903 ἀντιδιατὰσσε

2082 847 2147 900 de
2178 847 2410 900 maxilla!
2444 846 2817 914 percussione.
2857 843 3043 910 Neque
3087 843 3355 895 alteruter
3393 841 3651 892 mentitur

397 950 484 985 ται
517 933 650 986 Θεοῦ
674 933 734 987 τὸ
765 935 1092 1004 Εὑαγγέλιον
1119 937 1226 1008 (51)
1251 938 1327 1009 τῷ
1347 935 1453 993 τοῦ
1486 940 1656 1010 νόμου
1679 940 1817 1010 (θεῷ,
1853 941 1927 995 ούέ

2085 939 2295 1009 Moyses
2323 947 2418 991 aut
2445 936 2624 1001 Jesus,
2664 952 2837 1004 neque
2864 933 3027 988 Pater
3061 934 3280 987 mittens
3303 931 3486 984 Jesum
3509 931 3648 984 obli-

399 1025 525 1094 περὶ
560 1024 660 1094 τῆς
692 1024 832 1078 κατὰ
864 1026 926 1079 τὸ
959 1028 1122 1098 ῥητὸν
1153 1029 1291 1082 κατὰ
1330 1028 1536 1100 κόρρης
1572 1030 1788 1101 πληγῆς
1813 1048 1826 1062 ·
1865 1032 1923 1082 ού

2083 1037 2170 1082 tus
2197 1028 2372 1082 t'uerat
2395 1042 2516 1096 quae
2549 1027 2717 1097 Moysi
2745 1025 3057 1079 mandasset
3087 1038 3101 1076 :
3144 1024 3236 1078 sed
3275 1037 3450 1090 neque
3472 1022 3646 1089 νωιιί-

395 1114 653 1185 ὁπότερος
676 1115 930 1184 ψεύδεται
958 1116 1078 1170 οὕτε
1113 1120 1372 1190 Μωῦσῆς,
1406 1119 1527 1173 οὒτε
1583 1121 1788 1190 Ἰησοῦς
1810 1137 1825 1153 ·
1863 1121 1927 1173 οὐκ

2081 1119 2249 1172 tentia
2287 1119 2482 1173 ductus
2506 1120 2756 1188 proprias
2782 1118 2927 1189 leges
2959 1115 3277 1179 damnavit,
3315 1129 3493 1183 neque
3519 1129 3649 1166 nuu-

394 1204 422 1254 ὁ
472 1203 697 1276 Πατὴρ,
750 1207 839 1258 τὸν
901 1207 1105 1278 Ἰησοῦν
1177 1209 1446 1279 πέμπων,
1503 1209 1792 1264 ἐπελάθετο
1850 1210 1927 1263 τίν

2079 1213 2214 1265 tium
2253 1213 2526 1264 contraria
2561 1219 2956 1280 praecepturum
2987 1209 3168 1262 mittit.

393 1298 598 1368 Μωῦσῇ
635 1299 942 1366 διετάξατο·
990 1301 1103 1354 ἀλλ’
1146 1303 1264 1357 οὐδὲ
1291 1305 1592 1372 καταγνοὺς
1620 1305 1727 1359 τῶν
1779 1305 1922 1357 ἰδίων
1973 1305 2152 1376 νόμων
2208 1305 2481 1376 μετέγνω,
2541 1307 2634 1362 καὶ
2681 1305 2771 1358 τὸν
2806 1304 3032 1375 ἄγγελον
3085 1302 3175 1359 ἐπὶ
3217 1303 3327 1363 τοῖς
3385 1297 3645 1360 ἐναντίοις

391 1389 727 1444 ἀποστέλλει.

463 1484 524 1536 Et
589 1483 647 1534 δέ
694 1485 799 1564 χρη
841 1486 942 1539 κᾶν
980 1487 1134 1556 ὀλίγα
1195 1493 1322 1562 περὶ
1382 1493 1478 1563 τῆς
1523 1493 1778 1565 διαφόρου
1814 1494 1962 1547 πολι-

389 1572 537 1636 τείας
579 1576 776 1638 εἰπεῖν,
806 1576 994 1645 ἥντινα
1036 1579 1278 1632 Ἰουδαῖοι
1317 1583 1469 1634 κατὰ·
1495 1585 1730 1637 Μωῡσέα
1766 1587 1961 1656 πρότε-

391 1680 480 1734 ρον
514 1665 914 1731 ἐπολιτεύοντο,
951 1669 1043 1720 καὶ
1078 1671 1144 1736 ἣν
1186 1672 1501 1741 Χριστιανοὶ
1543 1673 1637 1726 νῦν
1688 1675 1828 1728 κατὰ
1865 1675 1927 1746 τὴ

2071 1688 2260 1726 earum
2289 1688 2426 1742 quas
2452 1688 2593 1728 nunc
2622 1673 2918 1728 Christiani
2945 1692 2972 1726 ιι
3003 1674 3129 1730 Jesu
3155 1673 3333 1728 edocti
3359 1675 3510 1740 sequi
3543 1687 3638 1726 vo-

399 1754 573 1823 Ἰησοῦ
611 1755 954 1811 διδασκαλίαν
1009 1759 1284 1829 βούλονται
1329 1763 1623 1832 κατορθοῦν
1647 1783 1659 1795 ·
1696 1767 1927 1836 φήσομει

2071 1766 2218 1831 lunt;
2253 1765 2495 1820 dicemus
2536 1778 2710 1832 neque
2751 1766 3003 1834 gentibus
3042 1767 3108 1820 ad
3143 1765 3304 1820 tidem
3339 1764 3550 1818 vocatis
3583 1772 3637 1817 et

382 1846 466 1927 ὅτι
524 1845 646 1898 οὔτε
694 1852 758 1918 τῇ
816 1849 1005 1920 κλήσει
1059 1851 1166 1904 τῶν
1221 1853 1389 1908 ἐθνῶν
1435 1856 1641 1926 ἥρμοζε
1692 1857 1831 1909 κατὰ
1871 1859 1927 1910 τὸ

2067 1856 2435 1911 Romanorum
2456 1855 2677 1909 dictioni
2701 1855 2962 1924 subjectis
2984 1853 3445 1910 accommodatam
3469 1852 3639 1920 fuisse

382 1934 688 2002 Μωῡσέως,
725 1941 800 2003 ὡς
852 1943 985 2013 πρὸς
1032 1945 1092 1996 τὸ
1151 1947 1417 2018 γράμμα,
1460 1949 1834 2003 πολιτεύεσθαι
1872 1951 1927 2004 vd

2064 1945 2355 2000 Mosaicam
2392 1945 2562 2016 legem
2613 1947 2777 2004 obvio
2822 1961 2983 2002 sensu
3033 1946 3405 2011 intellectam;
3461 1959 3636 2014 neque

385 2043 522 2094 μον,
564 2029 669 2082 ὑπὸ
716 2031 1010 2103 Ῥωμαίοις
1050 2039 1430 2108 τεταγμένων·
1473 2039 1596 2093 οὒτε
1633 2045 1744 2105 τοῖς
1795 2042 1927 2096 πάλο

2064 2037 2183 2091 tieri
2218 2038 2478 2104 potuisse,
2515 2045 2571 2089 ut
2603 2046 2818 2092 veteres
2863 2037 3036 2092 Judaei
3080 2039 3347 2105 integram
3383 2051 3496 2090 suae
3526 2036 3635 2089 rei-

396 2118 666 2183 Ἰουδαίοις
698 2116 807 2175 οἷόν
835 2123 882 2175 τ’
908 2119 975 2195 ἦν
1005 2127 1064 2179 τὸ
1096 2128 1347 2198 σύστημα
1374 2130 1471 2200 τῆς
1509 2129 1781 2194 πολιτείας
1815 2131 1926 2202 ἔχει

2062 2128 2290 2197 publica:
2317 2128 2762 2183 constitutionem
2797 2137 3116 2190 servarent,
3165 2127 3344 2197 posito
3376 2141 3470 2180 eos
3495 2125 3634 2194 ἰθεῖα

380 2210 758 2284 ἁκαθαίρετον,
799 2216 846 2267 εί
888 2216 1006 2269 καθ’
1048 2218 1302 2272 ὑπόθεσιν
1337 2224 1402 2291 τῇ
1443 2223 1581 2276 κατὰ
1615 2223 1675 2275 τὸ
1711 2223 1925 2292 Εὑαγγέ

2060 2220 2160 2274 bus
2184 2217 2516 2289 evangelicis
2541 2219 2904 2275 obsecuturos
2929 2234 3068 2273 esse.
3098 2217 3280 2286 Neque
3309 2217 3454 2271 enim
3477 2217 3634 2271 Chri-

378 2298 490 2353 λιον
529 2303 772 2375 πολιτείᾳ
823 2306 1134 2362 ἐπείθοντο·
1177 2313 1456 2383 ἀναιρέσει
1497 2315 1595 2383 μὲν
1633 2313 1740 2385 γὰρ
1793 2314 1923 2366 πολε

2059 2311 2220 2364 stiaui
2253 2311 2576 2379 potuissent,
2621 2321 2678 2363 ut
2720 2310 2802 2364 lex
2839 2308 3075 2364 Mosaica
3125 2311 3393 2378 praecipit,
3445 2309 3642 2363 hostes-

379 2391 518 2460 μίων
545 2430 559 2454 ,
601 2394 633 2462 ἢ
684 2395 791 2447 τῶν
846 2399 995 2468 παρὰ
1032 2400 1123 2451 τὸν
1163 2402 1324 2471 νόμον
1361 2403 1498 2472 (52)
1537 2405 1914 2474 πεποιηκότων

2062 2402 2370 2456 interﬁcere
2399 2401 2644 2472 legisque
2672 2401 2969 2455 violatores
2997 2402 3125 2470 igne
3167 2402 3494 2454 comburere
3537 2412 3630 2453 aut

375 2483 472 2542 καὶ
509 2483 673 2548 ἀξίων
713 2487 1004 2556 κριθέντων
1043 2491 1140 2560 τῆς
1179 2492 1267 2546 διὰ
1306 2495 1551 2566 πυρὸς,ἢ
1601 2495 1761 2548 λίθων
1801 2498 1927 2562 ἀναι-

2057 2493 2325 2560 lapidibus
2353 2492 2612 2559 obruere,
2657 2503 2814 2563 prout
2865 2493 3133 2549 alterutro
3167 2493 3431 2564 supplicio
3475 2494 3626 2562 digni

377 2572 580 2641 ρέσεως
605 2615 618 2639 ,
658 2578 755 2647 οὐχ
809 2574 918 2631 οἷόν
953 2582 999 2632 τ’
1036 2577 1103 2652 ἦν
1150 2585 1504 2656 Χριστιανοὺς
1542 2587 1773 2658 χρῆσθαι
1812 2604 1927 2640 κατι

2049 2584 2276 2652 judica:i
2301 2585 2562 2651 fuissent;
2596 2585 2865 2653 siquidem
2898 2599 2997 2640 nec
3033 2584 3234 2639 Judzeis
3273 2583 3356 2636 vel
3389 2583 3625 2636 volenti-

375 2662 467 2714 τὸν
507 2665 784 2730 Μωΰσέως
823 2668 1016 2739 νόμον·
1059 2671 1114 2723 εί
1142 2689 1208 2740 γε
1244 2674 1352 2727 οὐδ’
1391 2675 1439 2738 οἱ
1484 2676 1723 2729 Ἰουδαῖοι
1775 2676 1924 2730 θέλον

2055 2676 2330 2739 hushmc,
2390 2687 2450 2729 ut
2482 2675 2567 2730 lex
2618 2676 2922 2738 constituit,
2979 2675 3206 2743 exsequi
3257 2689 3401 2728 nunc
3439 2673 3620 2734 liccat.

372 2766 464 2812 τες
516 2754 634 2805 κατ’
672 2757 878 2821 ἐκεῖνον
917 2758 1026 2832 (55)
1065 2760 1316 2816 δύνανται
1367 2765 1571 2830 ταῦτα,
1610 2766 1686 2831 ὡς
1723 2769 1751 2821 ὁ
1789 2767 1927 2838 νόμος

2055 2765 2265 2823 Rursus
2293 2768 2337 2821 si
2373 2767 2650 2824 veteribus
2673 2765 2874 2821 Iudaeis
2911 2765 3003 2835 qui
3045 2763 3288 2834 privatas
3335 2763 3482 2832 leges
3523 2763 3623 2816 ha-

373 2843 741 2911 προσέταξεν,
795 2849 1081 2906 ἐπιτελεῖν.
1137 2851 1304 2906 Πάλιν
1357 2871 1416 2907 τε
1466 2852 1567 2921 αὖ,
1607 2857 1701 2910 ἐὰν
1753 2859 1927 2932 ἀνέλῃς

2053 2861 2256 2915 bebant
2287 2861 2634 2930 privatasque
2665 2859 2976 2914 incolebant
3003 2857 3252 2928 regiones
3276 2897 3291 2922 ,
3334 2858 3386 2911 in
3433 2857 3619 2910 hostes

370 2935 478 2988 ἀπὸ
511 2936 618 2989 τῶν
640 2939 760 2991 τότε
786 2940 1075 3004 Ἰουδαίων,
1112 2942 1364 3016 σύστημα
1391 2947 1518 3000 ἴδιον
1544 2950 1818 3014 πολιτείας
1851 2953 1927 3005 κα“

2053 2952 2287 3007 faciendi
2323 2953 2760 3022 impressionem,
2789 2950 2987 3005 bellum
3029 2949 3251 3020 gerendi
3289 2964 3386 3020 pro
3415 2950 3618 3018 patria,

369 3025 550 3097 χώρας
589 3026 818 3097 ἐχόντων
846 3069 860 3093 ,
901 3031 963 3082 τὸ
1006 3031 1276 3098 ἐπεξιέναι
1328 3038 1440 3099 τοῖς
1484 3038 1758 3108 πολεμίοις
1784 3082 1799 3105 ,
1851 3043 1927 3097 κα⁴

2049 3055 2143 3098 aut
2175 3042 2418 3112 quolibet
2466 3043 2627 3097 modo
2656 3041 2933 3100 adulteros
2958 3079 2976 3107 ,
3005 3041 3314 3096 homicidas
3359 3051 3451 3094 aut
3486 3041 3617 3110 quid

369 3116 759 3188 στρατεύεσθαι
793 3119 902 3190 (54)
944 3122 1083 3192 ὑπὲρ
1111 3123 1218 3176 τῶν
1249 3127 1492 3196 πατρίων
1515 3169 1528 3194 ,
1563 3131 1658 3182 καὶ
1703 3132 1927 3205 ἀναιρεῖ*

2048 3135 2194 3189 aliud
2225 3135 2401 3189 simile
2429 3143 2806 3204 perpetrantes
2833 3131 3100 3202 supplicio
3135 3131 3405 3188 alliciendi
3450 3133 3618 3188 liber-

365 3207 398 3276 ἢ
423 3207 708 3262 ὁπώσποτε
735 3211 982 3276 κολάζειν
1012 3217 1137 3278 τοὺς
1164 3218 1577 3288 μοιχεύσαντας,
1597 3221 1630 3292 ἢ
1653 3224 1927 3290 φονεύσαν⁴

2054 3236 2135 3282 tas
2163 3227 2341 3280 ablata
2373 3225 2594 3291 fuisset;
2623 3226 2757 3280 nihil
2788 3226 3057 3294 reliquum
3098 3235 3217 3281 erat
3246 3241 3408 3294 quam
3434 3227 3619 3280 subito.

2143 1490 2238 1544 26.
2261 1489 2380 1545 1am
2403 1490 2448 1544 si
2476 1490 2665 1559 paucis
2693 1489 2982 1544 dicendum
3007 1494 3089 1540 est
3125 1485 3191 1539 de
3228 1484 3528 1540 dili'erentia
3567 1485 3642 1540 le-

2072 1598 2196 1652 gum
2226 1596 2361 1652 quas
2383 1581 2550 1636 Judaei
2586 1597 2615 1636 a
2643 1581 2825 1650 Moyse
2852 1581 3008 1634 datas
3027 1580 3180 1650 prius
3211 1580 3380 1635 secuti
3411 1587 3556 1644 sunt,
3582 1588 3640 1632 et

365 3313 482 3361 τας,
521 3298 555 3367 ἡ
583 3315 636 3350 τι
663 3299 772 3352 τῶν
807 3303 1066 3367 τοιούτοις
1099 3309 1491 3378 παραπλησίων
1540 3314 1938 3383 πεποιηκότας·

363 3387 514 3441 οὐδὲν
544 3387 786 3445 λείπεται
823 3392 861 3476 ἢγ
897 3394 958 3446 τὸ
1006 3394 1174 3467 ἄρδην
1216 3399 1411 3463 αὐτοὺς
1461 3401 1688 3472 ἁθρόους
1731 3405 1940 3477 ἀθρόως

362 3477 684 3546 ἀπολέσθαι,
723 3484 1110 3556 ἐπιτιθεμένων
1141 3488 1250 3542 τῶν
1283 3492 1554 3561 πολεμίων
1576 3494 1653 3565 τῷ
1677 3495 1837 3561 ἔθνει,
1864 3498 1938 3560 ὡς

363 3570 467 3623 ὑπὸ
498 3572 592 3626 τοῦ
624 3573 754 3627 ἰδίου
788 3575 951 3647 νόμου
983 3579 1494 3654 ἐκνενευρισμένων,
1535 3589 1630 3640 καὶ
1657 3587 1937 3658 κωλυομέ-

359 3676 465 3714 νων
499 3661 608 3733 (35)
647 3662 951 3734 ἀμύνεσθαι
982 3668 1110 3732 τοὺς
1151 3670 1462 3741 πολεμίους.
1499 3674 1609 3727 Καὶ
1645 3674 1719 3746 μὴ
1753 3675 1936 3745 βούλοι-

363 3752 496 3822 μένη
545 3770 609 3822 γε
639 3757 670 3826 ή
712 3756 878 3810 πάλαι
930 3758 1028 3828 μὲν
1063 3760 1152 3814 τὸν
1184 3761 1348 3832 νόμον
1380 3763 1644 3818 δεδωκυῖα
1677 3767 1932 3838 Πρόνοια,

356 3841 452 3904 νῦν
491 3843 547 3909 δὲ
594 3846 768 3916 Ἰησοῦ
814 3846 1048 3919 Χριστοῦ
1092 3853 1460 3922 Εύαγγέλιον,
1492 3860 1712 3930 κρατεῖν
1743 3858 1824 3912 ἔτι
1866 3859 1932 3914 τὰ

368 3932 654 3997 Ἰουδαίων,
693 3936 935 3991 καθεῖλεν
964 3940 1148 4007 αὐτῶν
1173 3941 1270 4014 τὴν
1310 3943 1500 4009 πόλιν,
1538 3947 1630 3999 καὶ
1663 3945 1752 3998 τὸν
1780 3946 1928 4014 ναὸν,

355 4021 448 4074 καὶ
477 4021 578 4094 τὴν
607 4024 756 4096 παρὰ
780 4026 858 4107 τῷ
878 4027 989 4098 ναῷ
1009 4029 1096 4082 διὰ
1124 4031 1322 4086 θυσιῶν
1341 4035 1434 4087 καὶ
1453 4035 1552 4105 τῆς
1574 4037 1929 4109 ἀναγεγραμ-

356 4114 524 4187 μένης
548 4115 802 4189 λατρείας
821 4119 1118 4194 θεραπείαν
1137 4126 1231 4186 τοῦ
1247 4127 1402 4182 Θεοῦ.
1433 4131 1645 4204 Ὥσπερ.
1661 4133 1703 4185 δ’
1725 4137 1930 4200 ἐκεῖνα,

355 4205 431 4277 μὴ
461 4207 754 4282 βουλομένη
784 4213 1146 4269 ἐπιτελεῖσθαι
1177 4217 1286 4282 ἔτι,
1326 4221 1541 4274 καθεῖλε
1563 4241 1574 4252 ·
1607 4224 1695 4277 τὸν
1727 4228 1930 4296 τρόπον

350 4299 441 4352 τὸν
480 4301 641 4354 αὐτὸν
679 4302 745 4355 τὰ
795 4305 1132 4374 Χριστιανῶν
1169 4307 1372 4387 ηὔξησε
1408 4313 1502 4364 καὶ
1541 4315 1811 4386 ὁσημέραι
1849 4319 1928 4381 είς

350 4390 554 4461 πλῆθος
573 4433 586 4455 ,
615 4392 714 4464 ἤδη
754 4393 832 4460 δὲ,
851 4395 944 4448 καὶ
976 4399 1284 4469 παρρησίαν
1315 4403 1609 4457 ἐπιδέδωκε
1634 4421 1646 4434 ο
1683 4407 1927 4477 καίτοιγε1

349 4485 556 4556 μυρίων
589 4485 728 4540 ὅσων
760 4488 902 4542 κωλυ
910 4491 1098 4560 μάτων
1119 4493 1428 4564 γενομένων
1453 4497 1589 4568 πρὸς
1611 4497 1669 4550 τὸ
1702 4500 1774 4570 μὴ
1800 4501 1915 4554 ἐπι-

2045 3331 2237 3374 omnes
2263 3327 2319 3372 et
2351 3317 2569 3386 penitus
2598 3316 2799 3383 deleri;
2827 3317 3274 3388 quandoquidem
3310 3320 3494 3374 hostes
3531 3318 3610 3371 ir-

2046 3407 2282 3463 ruissent
2319 3407 2375 3460 in
2409 3421 2506 3462 eos
2534 3415 2792 3476 tauquam
2825 3408 2876 3462 in
2909 3418 3165 3480 gentem,
3195 3424 3356 3477 quam
3379 3409 3615 3478 proprias

2043 3500 2188 3569 leges
2211 3506 2568 3554 enervasseut
2589 3507 2645 3553 et
2671 3499 2855 3552 hostes
2876 3501 3130 3570 propulsa
3141 3516 3198 3555 re
3220 3501 3613 3572 cohibuissem.

2039 3591 2218 3659 Atque
2269 3591 2432 3644 etiam
2493 3590 2583 3644 illa
2643 3590 2990 3646 Providentia
3058 3607 3178 3659 qua:
3226 3592 3356 3646 olim
3409 3591 3608 3660 legem,

2042 3699 2186 3738 nunc
2217 3683 2571 3753 Evangelium
2609 3685 2777 3749 dedit,
2808 3699 2930 3738 cum
2973 3683 3281 3739 Judaeorum
3311 3683 3601 3753 rempubli-

2038 3791 2157 3831 cam
2213 3776 2417 3830 diutius
2457 3784 2698 3846 perstare
2750 3775 2936 3839 nollet,
2979 3785 3034 3831 et
3065 3775 3347 3829 civitatem
3379 3785 3434 3827 et
3471 3781 3606 3828 tem-

2040 3869 2186 3937 plum
2217 3875 2272 3920 et
2304 3867 2507 3922 cultum
2538 3867 2590 3921 in
2617 3866 2708 3920 illo
2745 3882 2840 3936 per
2873 3867 3125 3921 victimas
3172 3865 3417 3934 aliosque
3467 3863 3606 3918 ritus

2038 3957 2390 4029 praescriptos
2414 3959 2524 4015 Deo
2561 3959 2867 4020 exhibitum
2894 3958 3189 4017 desumit.
3236 3957 3306 4012 Et
3347 3956 3606 4025 quemad-

2034 4053 2256 4106 modum
2284 4051 2391 4108 illis
2416 4052 2578 4106 rebus
2599 4091 2614 4118 ,
2647 4067 2781 4122 quas
2814 4051 3017 4106 diutius
3067 4061 3420 4119 perseverare
3460 4045 3609 4100 nole-

2032 4144 2149 4211 bat,
2183 4146 2346 4204 tinem
2377 4143 2567 4210 dedit,
2617 4144 2698 4200 sic
2748 4143 3063 4215 religionem
3119 4141 3486 4199 Christianam
3545 4140 3604 4193 in

1987 4301 1992 4306 _
2029 4240 2149 4295 dies
2180 4238 2551 4308 ampliﬁcavit,
2599 4236 2761 4291 itaut
2810 4249 2955 4290 nunc
3000 4233 3170 4288 libere
3223 4232 3598 4302 praedicetur:

2031 4344 2345 4402 quanquam
2377 4336 2651 4383 sexcenta!
2679 4325 2841 4398 713
2869 4339 2958 4380 res
2985 4323 3212 4392 objecta:
3250 4321 3601 4392 impedierint

2032 4420 2326 4490 quominus
2353 4419 2557 4481 Christi
2594 4419 2840 4476 doctrina
2869 4421 2924 4474 in
2964 4416 3154 4472 orbem
3201 4415 3587 4486 dissemipare-

2030 4523 2139 4567 tur.
2165 4512 2273 4569 Sed
2299 4513 2422 4582 quia
2453 4512 2598 4568 Deus
2626 4512 2840 4567 volebat
2868 4510 3122 4582 gentibus
3145 4510 3307 4565 etiam
3336 4509 3596 4576 prodesse

348 4575 622 4646 σπαρῆναι
642 4575 740 4648 τὴν
775 4576 946 4647 Ἰησοῦ
971 4579 1315 4636 διδασκαλίαν
1338 4587 1403 4657 τῇ
1431 4587 1742 4660 οἰκουμένῃ.
1783 4591 1919 4644 Ἀλλ’

2044 4605 2154 4661 Iesu
2193 4603 2398 4661 Christi
2453 4606 2794 4672 doctrinam,
2845 4603 3028 4661 omnia
3081 4601 3361 4657 hominum
3402 4605 3594 4653 contra

343 4665 467 4719 ἐπεὶ
499 4665 632 4730 Θεὸς
663 4663 732 4738 ἦν
763 4669 791 4720 ὁ
823 4668 1142 4741 βουλόμενος
1169 4677 1264 4737 καὶ
1299 4677 1425 4740 τοὺς
1456 4679 1564 4741 ἀπὸ
1597 4680 1706 4734 τῶν
1750 4681 1918 4738 ἐθνῶν

343 4754 687 4830 ὠφεληθῆναι
716 4759 802 4826 διὰ
825 4762 924 4835 τῆς
962 4765 1136 4836 Ἰησοῦ,
1157 4767 1252 4820 τοῦ
1282 4770 1515 4842 Χριστοῦ
1545 4773 1914 4842 διδασκαλίας,

346 4847 494 4939 πᾶσα
530 4850 839 4939 ανθρωπίνη
873 4855 1034 4929 βουλὴ
1065 4859 1206 4912 κατὰ
1238 4862 1578 4933 Χριστιανῶν
1603 4865 1912 4939 καθῃρέθη·

342 4935 450 5006 ὅσῳ
481 4937 588 5011 γὰρ
613 4943 807 5008 αὐτοὺς
837 4947 1152 5002 ἐταπείνουν
1177 4949 1414 5020 βασιλεῖς
1440 4956 1534 5008 καὶ
1566 4935 1739 5010 ἐθνῶν
1752 4935 1918 5029 νήγού-

343 5045 514 5099 μενοι,
538 5033 631 5084 καὶ
649 5034 808 5104 δῆμοι
830 5041 1123 5110 πανταχοῦ,
1153 5044 1388 5116 τοσούτῳ
1410 5045 1626 5111 πλείους
1650 5049 1909 5116 ἐγίνοντο,

341 5122 435 5174 καὶ
469 5124 757 5194 κατίσχυον
785 5131 985 5201 σφόδρα
1015 5135 1238 5204 σφόδρα.

413 5278 480 5311 ιδ·
509 5279 712 5336 Thren.
753 5252 837 5349 ιιί,
860 5285 948 5351 a7,
983 5286 1071 5353 es,
1105 5289 1194 5354 ες),
1226 5293 1312 5349 .30..

414 5438 524 5521 (50)
578 5438 916 5498 llmschelius
958 5453 1011 5498 et
1046 5460 1198 5510 mss.,
1246 5449 1304 5501 ἐν
1345 5449 1576 5520 νεότητι.
1615 5450 1900 5521 Spencer.,

335 5508 398 5559 ἐκ
430 5508 696 5580 νεότητος.

407 5579 518 5663 ςδι)
555 5579 703 5663 ρερᾷ
757 5580 850 5663 τὸ.
875 5584 1262 5663 βὺαγγέλιον,
1310 5589 1625 5646 Bohcrellus
1679 5592 1824 5663 legit,
1874 5596 1902 5646 6

333 5648 482 5721 Θεὸς
495 5649 589 5721 τοῦ
620 5652 968 5720 Εῦαγγελίου.

563 5721 630 5774 Ἡ
654 5719 790 5797 τῶν
829 5725 984 5797 παρὰ
1008 5796 1013 5797 γ
1039 5725 1144 5797 τὸν
1185 5730 1389 5797 νόμον.
1450 5729 1669 5783 Videtur
1722 5733 1894 5790 Bolae-

335 5786 462 5842 rcllo
491 5793 625 5846 forte
652 5786 957 5872 legendum,
990 5796 1020 5867 ἢ
1057 5796 1160 5850 τῶν
1195 5786 1427 5878 τίπαρὰ
1457 5801 1546 5855 τὸν
1573 5801 1753 5874 νόμον.

2025 4698 2366 4754 Christianos
2387 4697 2612 4753 consilia
2645 4699 2801 4753 irrita
2831 4698 2976 4753 facta
3005 4706 3134 4753 sunt
3161 4704 3249 4751 :et
3287 4707 3394 4762 quo
3421 4691 3592 4759 magis

2023 4803 2201 4859 reges,
2235 4789 2494 4858 praesides
2523 4789 2804 4858 gentium,
2858 4788 3039 4859 populi
3069 4788 3428 4856 undecunque
3468 4785 3589 4838 illos

2023 4881 2462 4946 insectabantur,
2496 4897 2563 4936 eo
2592 4882 2759 4950 magis
2789 4887 2964 4960 crevit
2991 4896 3180 4941 eorum
3204 4894 3465 4936 numerus
3492 4921 3505 4945 ,
3536 4887 3594 4940 et

2019 4991 2086 5031 eo
2113 4975 2286 5046 magis
2312 4976 2690 5048 iuvaluerunt._

2078 5455 2188 5531 (55)
2233 5463 2371 5515 Κατ’
2399 5464 2649 5519 ἐκεῖνον.
2686 5466 2843 5535 Legit
2893 5467 3229 5530 Boherellus,
3263 5469 3382 5521 κατ’
3428 5469 3575 5522 ἐκεί-

2006 5544 2110 5580 νων
2118 5569 2130 5581 .

2076 5597 2186 5671 (δαί)
2219 5600 2330 5654 Καὶ
2355 5605 2802 5671 στρατεύεσθαι.
2839 5605 2974 5659 Vide
3022 5605 3115 5657 lib.
3161 5621 3278 5669 νιιι,
3320 5626 3466 5662 uum.
3507 5611 3573 5666 75

2000 5677 2055 5721 et
2086 5660 2172 5721 74L

2072 5740 2202 5825 (.575),
2219 5741 2801 5825 I‘lEm-ersuptcmértor
2825 5745 2921 5797 καὶ
2943 5744 3373 5825 ⁵ιιωλιυομέινιιιιι.
3417 5750 3572 5825 Legit

2001 5809 2340 5875 liohcrcllus,
2379 5813 2842 5887 ἐκνενευρισμένῳ
2874 5817 2964 5869 καὶ
2996 5809 3345 5890 κιε)>.υομένφ,
