3972 6160
425 325 451 379 1
469 324 563 382 459

427 551 535 590 non
566 546 714 602 sunt,
739 536 891 604 quasi
916 543 1099 589 nostra
1124 546 1323 597 essent,
1358 535 1542 589 retulit
1572 534 1637 588 de
1667 534 1795 597 Deo,
1826 548 1986 603 quem

429 640 460 678 a
514 625 670 680 nobis
718 635 910 677 natura
957 637 1148 690 corpus
1207 633 1255 676 et
1303 638 1493 690 corpus
1534 621 1765 674 humana
1816 620 1989 687 forma

429 716 584 771 credi
633 714 934 779 contendit,
987 712 1230 768 refutare
1285 722 1513 766 conatur
1556 728 1677 781 quae
1714 724 1989 780 nunquam

431 804 594 858 nobis
628 803 680 856 in
708 811 942 858 mentem
979 811 1269 858 venerunt.
1306 800 1461 857 Unde
1495 810 1551 855 et
1597 816 1659 854 ea
1704 812 1759 855 et
1802 814 1987 854 corum

433 894 814 950 refutationem
846 892 1042 948 all‘erre
1089 909 1483 963 supervacuum
1528 893 1714 947 fuerit.
1766 890 1908 945 Nam
1944 891 1987 945 si

426 998 552 1054 qua
578 983 738 1038 nobis
762 983 829 1037 de
852 982 962 1038 Deo
986 984 1194 1046 tribuit,
1227 984 1576 1046 duceremus,
1619 990 1673 1037 et
1699 980 1790 1035 ille
1817 980 1991 1050 impu-

427 1081 900 1145 gnaret,necesse
938 1072 1083 1128 foret
1108 1082 1169 1127 ut
1217 1074 1366 1127 illius
1399 1073 1561 1127 verba
1616 1072 1987 1134 recitarcmns,

428 1174 611 1220 nostra
644 1164 1037 1228 stabiliremus,
1072 1172 1131 1217 et
1162 1162 1373 1231 objecta
1409 1163 1477 1217 ab
1503 1162 1596 1216 illo
1634 1161 1989 1215 dilneremus.

425 1258 497 1310 At
531 1255 581 1311 si
606 1271 727 1325 quae
751 1254 939 1324 objicit
961 1295 977 1321 ,
1007 1270 1068 1310 ea
1100 1265 1195 1308 aut
1220 1271 1248 1308 a
1282 1254 1428 1308 nullo
1461 1254 1704 1322 accepit,
1738 1262 1831 1306 aut
1866 1253 1992 1306 dato

427 1363 550 1402 cum
580 1349 880 1418 accepisse,
930 1348 1141 1416 accepit
1199 1347 1269 1400 ab
1322 1345 1576 1407 indoctis,
1633 1343 1991 1412 simplicibus,

430 1449 665 1494 mentem
698 1438 1107 1507 Scripturarum
1158 1450 1503 1506 nequaquam
1543 1433 1990 1504 iutelligentibus,

430 1546 535 1584 non
568 1538 785 1600 oportet
811 1545 910 1585 nos
935 1530 1000 1584 de
1040 1528 1202 1582 rebus
1231 1543 1336 1582 non
1378 1525 1703 1581 necessariis
1728 1539 1847 1580 esse
1881 1524 1992 1578 sol-

1844 321 2168 380 ORIGENIS

495 449 588 502 2-7.
616 445 811 504 Postea
839 447 1047 512 Celsus,
1078 453 1368 517 postquam
1402 445 1612 510 multis,
1643 458 1763 513 qtuc
1794 455 1983 499 nostra
2014 456 2059 513 Α

3524 318 3679 375 “60

2170 442 2326 513 Ἑξῆς
2356 442 2413 495 δὲ
2454 429 2661 503 τούτοις
2711 438 2740 490 ὁ
2781 438 3005 503 Κέλσος,
3050 437 3140 492 διὰ
3192 431 3453 492 πλειόνων
3484 440 3552 490 τὰ
3584 437 3673 508 μὴ

2091 536 2356 606 λεγόμενα
2399 534 2490 604 ὑφ’
2542 531 2700 605 ἡμῶν
2748 532 2915 595 τιθεὶς
2949 530 3025 595 ὡς
3062 528 3329 602 λεγόμενα
3370 529 3461 599 ὑφ’
3501 529 3675 600 ἡμῶν

2093 627 2219 698 περὶ
2247 624 2341 678 τοῦ
2373 624 2531 688 Θεοῦ,
2555 624 2629 686 ὡς
2653 622 2923 693 σώματος
2940 620 3016 691 τῇ
3035 622 3215 691 φύσει
3233 618 3670 689 τυγχάνοντος,

2092 714 2191 767 καὶ
2236 712 2705 782 ἀνθρωποειδοῦς
2753 711 3021 780 σώματος
3042 750 3057 774 ,
3114 710 3441 782 ἀνατρέπειν
3490 707 3673 761 ἐθέλει

2091 804 2159 857 τὰ
2193 803 2266 873 μὴ
2298 802 2581 872 τεθειμένα
2615 802 2705 870 ὑφ’
2734 801 2890 871 ἡμῶν
2913 817 2926 830 ·
2965 801 3108 871 ἅπερ
3133 798 3391 871 περισσὸν
3421 796 3673 867 παραθέ-

2095 893 2215 947 σθαι
2266 893 2299 964 ἥ
2348 893 2447 964 τὴν
2494 890 2803 963 ἀνατροπὴν
2852 890 3049 943 αὐτῶν.
3088 891 3151 942 Εἰ
3187 890 3283 959 μὲν
3311 888 3422 959 γάρ
3451 887 3487 941 ἃ
3516 887 3681 955 λέγει.

2091 984 2241 1053 ἡμᾶς
2274 983 2501 1051 φάσκειν
2543 983 2670 1054 περὶ
2700 980 2836 1034 Θεοῦ
2857 1021 2872 1045 ,
2920 981 3176 1051 ἐλέγομεν
3208 978 3350 1049 (56),
3382 978 3477 1030 καὶ
3521 976 3675 1048 πρὸς

2094 1070 2230 1124 αὐτὰ
2285 1070 2473 1122 ἵστατο
2496 1086 2509 1099 °
2534 1071 2826 1138 ἀναγκαῖον
2857 1065 2923 1140 ἧν
2953 1071 3084 1138 ἡμῖν
3114 1066 3175 1119 τὸ
3212 1065 3419 1119 τιθέναι
3444 1064 3544 1128 τὰς
3572 1063 3672 1116 λέ-

2095 1160 2204 1224 ξεις
2228 1160 2411 1224 αὐτοῦ,
2442 1161 2535 1213 καὶ
2556 1161 2979 1222 κατασκευάζειν
3007 1158 3104 1229 μὲν
3133 1157 3201 1210 τὰ
3228 1156 3493 1226 ἡμέτερα,
3518 1153 3673 1206 λύειν

2093 1251 2147 1303 δὲ
2186 1251 2253 1304 τὰ
2297 1251 2504 1303 ἐκείνου
2526 1266 2540 1280 ο
2573 1251 2623 1302 εἰ
2660 1250 2716 1303 δὲ
2753 1249 2899 1319 αὐτῷ
2934 1250 3042 1318 (57)
3083 1246 3315 1319 συνείρει
3351 1244 3387 1299 ἃ.
3419 1246 3536 1315 ἤτοι
3570 1243 3671 1296 ἀπ’

2093 1342 2305 1406 οὐδενὸς
2332 1344 2562 1414 ἤκουσεν
2586 1381 2600 1405 ,
2630 1342 2662 1412 ἢ
2688 1381 2702 1404 ,
2738 1341 2823 1394 ἵνα
2852 1341 2945 1393 καὶ
2965 1339 3124 1410 δοθῇ,
3151 1340 3230 1391 ὅτι
3264 1337 3494 1407 ἤκουσεν
3516 1376 3531 1397 ,
3558 1336 3675 1389 ἀπό

2092 1449 2252 1485 τινων
2286 1431 2472 1485 ἁπλῶν
2497 1470 2512 1492 ,
2545 1431 2637 1484 καὶ
2663 1430 2934 1499 ἀκεραίων
2955 1470 2968 1494 ,
2996 1430 3090 1481 καὶ
3122 1427 3196 1498 μὴ
3240 1425 3455 1481 εἰδότων
3482 1426 3541 1479 τὸ
3572 1426 3674 1479 τοῦ

2095 1523 2251 1592 λόγου
2290 1522 2532 1593 βούλημα
2557 1538 2569 1551 ·
2603 1521 2663 1574 ού
2689 1521 2794 1591 χρὴ
2825 1521 2971 1590 ἡμᾶς
2994 1516 3274 1582 τευτάζειν
3315 1516 3443 1587 περὶ
3480 1516 3550 1571 τὰ
3591 1519 3672 1589 μὴ

426 1620 627 1676 licitos.
659 1621 823 1675 Deum
870 1620 1015 1674 enim
1042 1633 1166 1674 esse
1218 1618 1464 1686 corporis
1509 1622 1785 1682 expertem
1816 1612 1993 1682 palam

2109 1617 2387 1683 ἱναγκαῖα.
2418 1612 2609 1679 Σαφῶς
2652 1611 2759 1682 γὰρ
2798 1609 3086 1681 ἀσώματόν
3123 1625 3283 1676 φασιν
3316 1610 3368 1661 οἱ
3401 1607 3546 1676 λόγοι
3577 1609 3672 1660 τὸν

374 1710 381 1715 ’
427 1712 791 1767 testiﬁcantur
817 1710 1136 1779 Scriptum.
1168 1708 1464 1776 Propterea
1493 1705 1659 1758 Deum
1687 1719 1837 1758 nemo
1864 1703 1992 1757 vidit

2109 1706 2254 1760 θεόν’
2292 1705 2370 1759 διὸ
2410 1706 2502 1758 καὶ
2539 1703 2686 1758 Θεὸν
2731 1701 2927 1767 οὐδεὶς
2979 1700 3200 1769 ἑώρακε
3256 1699 3519 1753 πώποτε’
3575 1700 3675 1753 καὶ

430 1817 659 1869 unquam
680 1799 745 1865 “;
778 1809 869 1855 et:
902 1796 1289 1868 Primogenitus
1311 1796 1477 1850 omnis
1507 1802 1765 1848 creatura:
1807 1791 2004 1846 dicitur

2109 1797 2280 1851 εἰκὼν
2313 1796 2546 1867 λέγεται
2576 1791 2727 1849 εἶναι
2759 1794 2863 1848 τοῦ
2904 1792 3159 1861 ἀοράτου
3195 1791 3342 1845 Θεοῦ
3377 1793 3409 1844 ὁ
3439 1791 3673 1858 Πρωτό-

429 1894 605 1961 imago
630 1904 750 1946 esse
788 1890 882 1944 Dei
911 1889 1187 1943 invisibilis
1212 1889 1284 1953 ⁸⁰,
1316 1902 1380 1941 ac
1406 1885 1451 1940 si
1482 1885 1775 1945 diceretur,
1810 1882 1994 1936 incor-

429 1983 602 2052 porei.
635 1981 740 2038 Sed
781 1980 893 2049 jam
933 1981 1181 2049 superius
1211 1979 1467 2033 nonnulla
1493 1977 1562 2031 de
1593 1976 1700 2031 Deo
1731 1975 1992 2030 disserui-

431 2086 575 2137 mus,
600 2072 689 2125 ubi
721 2070 976 2125 videlicet
1004 2069 1358 2137 expendimus
1382 2083 1493 2137 quo
1552 2081 1711 2121 sensu
1762 2081 1793 2119 a
1842 2067 1996 2121 nobis

432 2162 731 2231 accipiatur
766 2160 911 2215 istud
948 2184 959 2216 ;
996 2160 1224 2226 Spiritus
1249 2168 1322 2212 est
1359 2158 1519 2218 Deus,
1550 2169 1599 2211 et
1633 2174 1720 2211 eos
1741 2158 1831 2227 qui
1862 2158 1997 2210 ado-

433 2263 554 2308 rant
585 2269 731 2317 eum,
753 2253 808 2305 in
838 2252 1029 2320 spiritu
1051 2261 1098 2304 et
1122 2250 1337 2304 veritate
1362 2258 1561 2319 oportet
1591 2250 1896 2303 adorare“.

498 2344 590 2398 28.
626 2342 752 2415 Post
784 2343 871 2396 illa
898 2356 1018 2411 quze
1043 2343 1109 2396 de
1144 2341 1252 2395 Deo
1288 2340 1607 2409 disputavit,
1646 2339 1734 2394 ubi
1775 2354 1874 2394 nos
1905 2354 1997 2394 ca-

431 2432 750 2494 lumniatur,
785 2431 1090 2500 intcrrogat
1113 2445 1343 2501 quonam
1395 2427 1593 2482 abituri
1618 2430 1807 2492 simus,
1830 2444 1991 2499 quam

431 2538 576 2589 spem
617 2523 923 2577 habeamus.
978 2522 1042 2575 Et
1091 2520 1247 2591 quasi
1294 2533 1613 2589 responsum
1661 2519 1994 2585 dederimus,

434 2612 515 2666 sic
561 2626 658 2666 nos
707 2610 990 2681 loquentes
1024 2610 1281 2665 inducit:
1327 2607 1397 2662 In
1438 2618 1631 2662 terram
1683 2608 1850 2661 aliam
1894 2607 1997 2661 ista

432 2702 721 2756 meliorem.
748 2703 831 2756 Ad
858 2715 981 2771 qua:
1002 2701 1081 2755 ait
1122 2718 1136 2754 :
1170 2698 1436 2754 Fecerunt
1467 2709 1657 2752 veteres
1686 2738 1703 2764 ,
1730 2698 1894 2753 divini
1916 2698 1997 2752 illi

432 2793 554 2859 viri,
584 2792 649 2847 de
670 2792 820 2846 beata
842 2794 948 2845 vita
970 2792 1249 2845 animabus
1276 2792 1441 2845 beatis
1475 2791 1739 2844 destinata
1774 2791 1999 2843 mentio-

435 2898 574 2942 nem.
607 2881 759 2937 Hanc
786 2883 945 2938 vitam
985 2882 1079 2936 alii
1106 2892 1292 2936 vocant
1321 2882 1589 2936 beatorum
1614 2882 1817 2936 insulas
1843 2920 1859 2946 ,
1902 2881 1998 2934 alii

433 2988 679 3042 campum
713 2973 953 3043 Elysium
976 2974 1099 3026 inde
1125 2974 1347 3037 dictum,
1373 2974 1513 3043 quod
1532 2973 1642 3025 illic
1662 2972 1902 3041 degentes
1930 2972 1995 3025 ab

437 3061 595 3134 hujus
626 3065 747 3119 vita
770 3064 923 3118 ntalis
951 3063 1112 3117 soluti
1140 3064 1265 3118 sint.
1299 3062 1392 3118 Sic
1420 3070 1473 3118 et
1503 3061 1772 3118 Homerus
1802 3078 1818 3117 :

580 3261 685 3317 Sed
725 3271 775 3315 te
805 3262 873 3314 ad
902 3259 1141 3331 Elysium
1177 3277 1419 3329 campum
1448 3269 1494 3314 et
1523 3259 1655 3329 ﬁnes
1684 3269 1841 3314 terra:

581 3331 915 3385 [mmortales
944 3333 1264 3384 mittent.....

584 3400 688 3455 Ubi
710 3401 969 3470 facillima
993 3401 1195 3454 vivendi
1219 3400 1357 3453 ratio
1380 3400 1449 3455 5'.

443 3511 603 3567 Plato
632 3530 836 3583 quoque
862 3515 1094 3568 animam
1138 3530 1248 3567 esse
1293 3513 1643 3567 immortalem
1694 3514 2001 3582 arbitratus,

441 3605 615 3657 locum
641 3620 742 3675 quo
768 3604 863 3658 illa
894 3605 1141 3667 mittitur,
1186 3612 1381 3658 terram
1417 3613 1595 3672 aperte
1621 3605 1882 3659 nominat.
1915 3605 2013 3659 ln-

443 3711 568 3765 gens
598 3706 673 3748 est
719 3697 946 3762 spatium
976 3737 990 3758 ,
1020 3697 1229 3761 inquit,
1275 3711 1370 3749 nos
1405 3712 1524 3749 vero
1556 3699 1611 3749 in
1650 3698 1839 3766 exigua
1893 3700 2003 3767 ejus

443 3794 611 3850 parte,
643 3803 673 3838 a
702 3783 935 3837 Phaside
969 3786 1164 3838 scilicet
1194 3785 1265 3838 ad
1296 3786 1571 3839 columnas
1600 3785 1868 3853 Herculis,
1894 3797 2012 3840 tan-

444 3892 603 3945 quam
631 3874 865 3942 formica:
899 3886 988 3928 aut
1026 3891 1170 3929 rana:
1192 3878 1331 3929 circa
1359 3877 1605 3943 paludem
1629 3918 1644 3944 ,
1685 3881 1825 3931 circa
1868 3895 2012 3932 mare

446 3967 767 4019 habitamus.
803 3966 909 4018 Alii
952 3976 1129 4019 autem
1181 3985 1370 4036 magno
1418 3985 1635 4023 numero
1691 3972 1799 4024 alia
1843 3974 2014 4025 multa

450 4057 752 4125 hujusmodi
792 4058 905 4109 loca
935 4058 1193 4110 incolunt.
1228 4058 1369 4111 Nam
1399 4059 1541 4112 circa
1591 4070 1787 4114 terram
1833 4062 2014 4120 multa:

448 4157 577 4202 sunt
606 4150 855 4202 caritates
883 4150 1102 4202 diversa:
1130 4150 1317 4216 forma:
1347 4151 1666 4220 diversaeque
1700 4155 2015 4222 magnitudi-

450 4240 553 4302 nis,
582 4255 682 4309 quo
710 4241 984 4308 confluunt
1018 4256 1191 4310 aquw,
1232 4240 1410 4294 nubila
1435 4252 1484 4294 et
1527 4259 1638 4295 aer.
1687 4242 1850 4315 τιή
1909 4243 2014 4298 Sed

449 4341 592 4382 terra
615 4330 708 4383 illa
741 4347 876 4399 pura
906 4333 959 4384 in
998 4348 1130 4401 puro
1165 4333 1289 4386 ccelo
1322 4337 1494 4403 posita
1525 4344 1619 4386 est.
1649 4334 1810 4389 Putat
1853 4338 2014 4404 igitur

449 4419 645 4475 Celsus
672 4438 792 4488 nos,
822 4438 941 4493 qua:
965 4424 1029 4477 de
1070 4424 1170 4477 alia
1197 4426 1417 4480 meliore
1449 4433 1593 4480 terra
1626 4428 1824 4496 istiqnc
1855 4429 2015 4498 longe

449 4513 816 4568 autecellente
855 4514 1086 4569 dicimus
1108 4554 1123 4578 ,
1151 4531 1179 4569 a
1211 4517 1531 4584 quibusdam
1573 4520 1850 4573 veteribus
1879 4534 2015 4588 quos

450 4602 667 4657 divinos
689 4605 990 4668 existimat,
1015 4619 1079 4658 ea
1108 4616 1383 4662 mutuatos
1408 4607 1597 4673 fuisse,
1631 4618 1683 4663 et
1713 4613 2016 4678 praesertim

452 4708 483 4747 a
519 4693 739 4749 Platone
760 4696 848 4763 qui
881 4696 932 4749 in
966 4693 1232 4751 Pliazdone
1264 4698 1329 4751 de
1384 4705 1529 4752 terra
1585 4713 1716 4767 pura
1774 4700 1828 4753 in
1884 4714 2020 4767 puro

452 4784 598 4838 caelo
633 4786 733 4837 sita
768 4786 1176 4855 philosophatus
1205 4797 1312 4841 est.
1355 4787 1581 4843 Scilicet
1626 4803 1734 4842 non
1786 4789 2021 4844 advertit

453 4872 598 4939 apud
625 4871 859 4941 Muysem
912 4874 1117 4929 Graecis
1156 4877 1322 4930 etiam
1364 4877 1561 4931 litteris
1611 4878 2018 4945 antiquiorem,

456 4958 628 5015 Deum
673 4963 1095 5020 observantibus
1141 4967 1310 5035 legem
1367 4969 1610 5036 polliceri
1665 4978 1863 5023 terram
1895 4986 2024 5024 san-

454 5058 621 5118 ctam,
646 5053 858 5118 bonam,
896 5056 1203 5122 spatiamur,
1230 5059 1365 5109 lacte
1392 5066 1443 5111 et
1489 5059 1644 5112 melle
1681 5060 1928 5127 ﬂuentem
1947 5060 2019 5114 ⁵³.

456 5142 588 5211 Quae
613 5144 831 5214 quidem
866 5146 1005 5200 bona
1047 5155 1191 5200 terra
1217 5161 1322 5200 non
1348 5157 1455 5213 est,
1482 5158 1540 5201 ιιι
1570 5149 1865 5218 opinantur
1895 5165 2025 5205 non-

2044 4484 2091 4541 D

2099 1904 2273 1952 τοκος
2312 1887 2516 1954 πάσης
2567 1886 2857 1952 κτίσεως,
2895 1884 2969 1947 ὡς
3008 1885 3056 1936 εί
3102 1883 3287 1950 ἔλεγεν
3353 1882 3673 1951 ἀσωμάτου.

2100 1977 2353 2049 Μετρίως
2396 1977 2439 2029 δ’
2474 1978 2531 2028 ἐν
2566 1979 2678 2040 τοῖς
2718 1976 2823 2047 πρὸ
2866 1974 3069 2027 τούτων
3100 1973 3191 2025 καὶ
3222 1972 3350 2043 περὶ
3382 1971 3517 2024 Θεοῦ
3546 1972 3677 2025 διει-

2100 2068 2376 2138 λήφαμεν,
2412 2067 2752 2133 ἐξετάζοντες
2774 2107 2788 2131 ,
2816 2066 2934 2129 πῶς
2965 2063 3191 2134 νοοῦμεν
3230 2065 3319 2118 τό·
3352 2064 3595 2133 Πνεῦμα
3631 2067 3667 2116 ό

2104 2159 2246 2225 Θεὸς
2266 2159 2362 2212 καὶ
2393 2161 2532 2225 τοὺς
2546 2158 3050 2228 ¹προσκυνοῦντας
3079 2157 3267 2212 αὑτὸν
3287 2157 3358 2210 ἐν
3377 2158 3671 2227 πνεύματι

2100 2250 2199 2306 καὶ
2240 2250 2490 2317 ἀληθείᾳ
2513 2249 2605 2304 δεῖ
2621 2248 3006 2318 προσκυνεῖν.

2195 2335 2351 2392 Μετὰ
2398 2335 2455 2390 δὲ
2501 2334 2571 2387 τὰ
2613 2335 2742 2406 περὶ⁸
2783 2333 2876 2387 τοῦ
2923 2334 3091 2399 Θεοῦ,
3130 2336 3188 2390 ὲν
3217 2331 3299 2400 οἷς
3330 2338 3479 2407 ἡμᾶς
3514 2353 3676 2389 συκο-

2102 2434 2322 2501 φαντεῖ,
2361 2431 2685 2486 πυνθάνεται
2726 2430 2912 2503 ἡμῶνυ
2941 2428 3054 2483 Ποῖ
3087 2428 3325 2482 ἀπεῖναι
3346 2426 3675 2497 μέλλομεν,

2102 2522 2203 2577 καὶ
2245 2524 2378 2576 τίνα
2414 2522 2631 2577 ἐλπίδα
2658 2523 2905 2591 ἔχομεν·
2941 2521 3037 2574 καὶ
3080 2520 3156 2579 ὠς
3200 2518 3673 2590 ἀποκριναμένων,

2101 2614 2280 2687 τίθησι
2326 2614 2485 2684 δῆθεν
2515 2613 2785 2685 ἡμετέρας
2828 2612 3012 2682 φωνὰς
3052 2611 3222 2675 οὕτως
3266 2608 3491 2679 ἐχούσας
3516 2627 3529 2638 ·
3570 2610 3675 2674 BL:

2101 2704 2301 2773 ἄλλην
2342 2704 2495 2775 γῆν,
2536 2705 2755 2772 ταύτης
2792 2704 3116 2772 κρείττονα.
3156 2702 3269 2754 Καὶ
3323 2700 3459 2771 πρὸς
3520 2699 3675 2753 τοῦτὸ

2104 2812 2298 2865 φησιν·
2358 2796 2693 2863 Ἰστόρηται
2745 2794 2924 2859 θείοις
2965 2791 3221 2860 ἀνδράσι
3254 2789 3531 2855 παλαιοῖς
3578 2792 3678 2843 εὑ-

2102 2886 2327 2954 δαίμων
2367 2886 2508 2950 βίος
2546 2883 2769 2954 ψυχαῖς
2807 2883 3177 2952 εὐδαίμοσιν.
3230 2881 3566 2950 Ὠνόμασαν
3608 2879 3676 2932 δὲ

2102 2976 2287 3028 αὑτὸν
2308 2978 2362 3028 οὶ
2384 2975 2503 3044 μὲν
2523 2974 2803 3045 μακάρων
2827 2972 3079 3042 νήσους,
3103 2976 3155 3027 οἱ
3184 2971 3251 3025 δὲ
3281 2973 3564 3026 Ἠλύσιον
3583 2985 3678 3023 περ

2103 3065 2235 3119 δίον
2270 3064 2388 3119 ἀπὸ
2419 3062 2531 3132 τῆς
2560 3065 2795 3131 λύσεως
2830 3061 2949 3116 τῶν
2983 3061 3157 3118 ἔνθεν
3208 3059 3442 3115 κακῶν⁸
3487 3060 3675 3133 ὥσπερ

2032 3140 2075 3197 C
2110 3158 2202 3211 καὶ
2233 3154 2476 3228 Ὄμηρος
2505 3154 2621 3227 (58)
2641 3172 2654 3185 ’

2190 3268 2374 3324 Ἀλλά
2400 3272 2459 3324 σ’
2484 3271 2551 3337 ἐς
2577 3269 2856 3325 Ἠλύσιον
2877 3268 3086 3323 πεδίον
3107 3267 3205 3323 καὶ
3228 3267 3477 3337 πείρατα
3506 3267 3676 3335 γαίης

2189 3340 2495 3395 Ἀθάνατοι
2525 3340 2853 3408 πέμψουσι,

2183 3446 2196 3462 .
2228 3450 2241 3463 .
2272 3450 2283 3461 .
2316 3409 2391 3480 τῇ
2426 3423 2537 3477 περ
2566 3407 2786 3478 ῥηίστη
2808 3407 2985 3474 ,βιοτή
3012 3447 3025 3460 .
3058 3446 3071 3460 .
3103 3447 3116 3460 .

2109 3522 2359 3577 Πλάτων
2382 3520 2493 3593 (59)
2526 3521 2579 3575 δ’
2611 3520 2908 3576 ἀθάνατον
2958 3519 3073 3587 τὴν
3097 3516 3306 3588 ψυχὴν
3330 3515 3679 3586 ἡγούμενος,

2110 3612 2349 3679 ἐκείνην
2369 3610 2483 3679 τὴν
2500 3608 2717 3679 χώραν,
2734 3608 2879 3662 ἔνθα
2913 3605 3241 3669 στέλλεται,
3272 3604 3554 3671 ἄντικρυς
3568 3601 3680 3673 γῆν

2110 3702 2423 3770 ὠνόμασεν
2461 3700 2646 3753 οὕτω·
2696 3696 2969 3769 πάμμεγά
2997 3714 3053 3751 τι
3078 3693 3230 3750 εἶναι
3266 3694 3461 3765 φήσαι,
3508 3694 3676 3759 αὐτὸ,

2113 3792 2211 3845 καὶ
2243 3789 2399 3860 ἡμᾶς
2433 3789 2617 3844 οἰκεῖν
2653 3789 2794 3855 τοὺς
2834 3789 3011 3858 μέχρι
3049 3788 3409 3857 Ἡρακλείων
3439 3785 3681 3855 στηλῶν

2112 3882 2229 3937 ἀπὸ
2262 3882 2521 3948 Φάσιδος
2548 3881 2618 3935 ὲν
2652 3880 2882 3950 σμικρῷ
2906 3897 3020 3934 τινι
3048 3882 3270 3950 μορίῳ,
3308 3878 3510 3947 ὥσπερ
3550 3877 3680 3945 περὶ

2112 3974 2299 4043 τέλμα
2324 3974 2640 4042 μύρμηκας
2674 3970 2712 4040 ἢ
2740 3970 3108 4041 βατράχους,
3144 3969 3277 4038 περὶ
3308 3969 3423 4037 τὴν
3453 3969 3680 4022 θάλασ-

2114 4079 2234 4116 σαν
2282 4062 2623 4127 οίκοῦνταςο
2668 4061 2767 4114 καὶ
2806 4061 3035 4126 ἄλλους
3080 4058 3292 4113 ἄλλοθι
3311 4057 3682 4129 ξπολλοὺςέν

2115 4152 2365 4218 πολλοῖς
2406 4153 2691 4217 τοιούτοις
2720 4151 2924 4217 τόποις
2953 4149 3155 4205 οἰκεῖν.
3197 4150 3367 4204 Εἶναι
3396 4149 3505 4219 γὰρ
3532 4164 3681 4202 παν-

2115 4242 2267 4313 ταχῆ
2300 4243 2432 4311 περὶ
2460 4242 2574 4312 τὴν
2596 4242 2712 4312 γῆν
2737 4240 2936 4297 πολλὰ
2961 4242 3136 4296 κοῖλα
3156 4281 3171 4305 ,
3203 4242 3300 4295 καὶ
3337 4239 3685 4295 παντοδαπὰ

2117 4330 2216 4383 καὶ
2245 4329 2349 4394 τὰς
2376 4328 2534 4395 ἰδέας
2559 4331 2656 4383 καὶ
2688 4329 2758 4383 τὰ
2770 4329 2989 4400 μεγέοη
3009 4345 3025 4361 ο
3044 4332 3131 4396 εὶς
3155 4330 3192 4382 ἆ
3216 4330 3685 4398 συνερῤυηκέναι

2117 4422 2187 4472 τό
2219 4436 2281 4473 τε
2304 4419 2479 4487 ὕδωρ,
2518 4419 2617 4473 καὶ
2646 4419 2760 4488 τὴν
2793 4420 3075 4489 ὁμίχλην,
3101 4420 3197 4473 καὶ
3240 4420 3342 4473 τὸν
3365 4420 3509 4488 ἀέρα
3532 4437 3545 4450 ·
3578 4422 3683 4473 αὐ-

2118 4513 2232 4581 τὴν
2255 4513 2324 4566 δὲ
2354 4514 2470 4581 τὴν
2504 4511 2620 4582 γῆν
2651 4513 2915 4580 καθαρὰν
2960 4512 3029 4565 ἐν
3067 4511 3303 4581 καθαρῷ
3346 4511 3579 4567 κεῖσθαι
3607 4510 3686 4577 τῷ

2121 4603 2372 4672 οὐρανῷ.
2411 4603 2813 4674 ’Υπολαμὸἀνει
2841 4602 3019 4657 τοίνυν
3046 4604 3074 4656 ὁ
3107 4604 3312 4667 Κέλσος
3342 4603 3410 4657 τὰ
3434 4604 3562 4675 περὶ
3588 4603 3686 4673 τῆς

2122 4695 2286 4766 ἄλλης
2314 4694 2417 4766 γῆς
2437 4695 2742 4765 κρείττονος
2770 4695 2861 4748 καὶ
2892 4693 3069 4764 πολλῷ
3099 4695 3302 4766 ταύτης
3330 4693 3688 4765 διαφερούσης

2122 4786 2399 4858 εἰληφέναι
2433 4788 2578 4857 ἡμᾶς
2609 4787 2715 4840 ἀπό
2742 4802 2899 4840 τινων
2931 4786 3300 4856 νομιζομένων
3348 4786 3496 4857 αύτῷ
3531 4785 3688 4839 Θείων

2123 4876 2365 4930 παλαιῶν
2400 4877 2630 4949 ἀνδρῶν,
2662 4878 2757 4931 καὶ
2787 4879 3017 4948 μάλιστα
3050 4878 3331 4941 Πλάτωνος
3353 4917 3368 4940 ,
3403 4876 3499 4930 τοῦ
3529 4879 3587 4930 ὲν
3612 4876 3690 4947 τῷ

2121 4968 2374 5021 Φαίδωνι
2408 4970 2536 5039 περὶ
2564 4969 2663 5039 τῆς
2695 4969 2940 5040 καθαρᾶς
2965 4971 3022 5023 ὲν
3061 4969 3572 5040 καοαρῷνκειμένης
3602 4969 3691 5021 ού-

2125 5059 2269 5131 ρανῷ
2297 5060 2397 5129 γῆς
2435 5060 2545 5129 (40)
2581 5060 3036 5132 φιλοσοφήσαντος
3056 5078 3071 5093 ο
3103 5063 3201 5132 οὐχ
3230 5061 3393 5132 ὀρῶν,
3422 5062 3501 5114 ὃτι
3532 5060 3693 5114 Mnib-

2126 5151 2254 5219 σῆς,
2280 5150 2309 5202 ὁ
2327 5149 2504 5220 πολλῷ
2533 5151 2626 5205 καὶ
2648 5150 2756 5204 τῶν
2783 5152 3109 5224 Ἑλληνικῶν
3121 5152 3462 5224 γραμμάτων
3475 5151 3693 5224 ἀρχαιό-

526 5309 576 5344 ⁸⁹
604 5275 766 5366 Joan.
791 5326 834 5374 ι,
869 5309 957 5365 18.
1023 5309 1071 5341 ⁸⁸
1094 5307 1300 5365 Coloss.
1332 5326 1370 5375 t,
1404 5310 1489 5365 l5.
1554 5311 1601 5344 "
1624 5309 1784 5368 Joan.
1810 5328 1888 5378 tv,
1916 5313 2004 5368 ει.

2109 5316 2129 5346 ¹
2165 5313 2331 5387 Odys.
2366 5313 2460 5367 lib.
2493 5327 2568 5380 tv,
2591 5312 2717 5369 565.
2792 5312 2838 5345 ³³
2866 5312 3036 5369 Exod.
3072 5329 3152 5379 ιιι,
3180 5314 3233 5368 8.

623 5474 644 5543 )
672 5473 837 5544 Mss.,__
855 5472 1138 5544 ἐλέγομεν.
1164 5471 1311 5526 Libri
1338 5483 1498 5527 antea
1524 5473 1678 5544 editi,
1711 5473 1961 5544 λέγομεν.

556 5542 648 5613 37)
673 5542 864 5607 Αὐτῷ.
898 5542 1214 5613 Boiltercllns
1260 5543 1446 5613 mallet
1473 5543 1657 5606 αὐτός.
1694 5545 1789 5598 Vel
1836 5542 2020 5613 tegen-

463 5611 610 5678 dum,
631 5611 823 5683 inquit,
842 5612 988 5683 αὐτῷ
1015 5613 1128 5666 sive
1157 5611 1331 5683 ἐαυτῷ
1366 5613 1615 5683 συνείρει.
1643 5611 2022 5683 ϐιιῑειιιεζριο

468 5682 723 5752 συνείρει,
754 5682 933 5737 mallet
964 5685 1222 5752 συναιρεῖ.
1254 5682 1561 5754 Spencerus
1592 5684 1753 5741 habet
1778 5682 2017 5753 συνῄρει.

2203 5473 2312 5547 (58)
2346 5476 2613 5547 Ὅμηρος.
2638 5475 2858 5547 Homer.
2891 5473 3102 5547 Odyss"
3135 5475 3210 5540 A',
3236 5464 3535 5547 vers._§§5.

2221 5541 2309 5613 59)
2336 5541 2610 5613 Πλάτων.
2637 5544 2813 5611 Plato,
2846 5545 2897 5598 in
2922 5541 3206 5610 Phaedone,
3232 5557 3354 5613 pag.
3385 5541 3507 5597 109.

2221 5551 2309 5614 59)
2336 5551 2610 5612 Πλάτων.
2637 5551 2813 5611 Plato,
2846 5551 2897 5598 in
2922 5551 3206 5610 Phaedone,
3232 5557 3354 5613 pag.
3385 5551 3507 5597 N9.

2199 5551 2312 5688 liti)
2341 5614 2487 5682 Γῆς.
2522 5612 2673 5688 Hanc
2717 5629 2905 5671 vocem
2944 5630 3062 5684 qua:
3098 5616 3165 5671 ab
3200 5616 3359 5674 editis
3392 5617 3698 5688 exciderat,

2131 5686 2430 5739 restituunt
2458 5685 2618 5740 codd.
2647 5699 2779 5739 mss.
2851 5731 2858 5738 .
