3972 6160
329 354 460 410 1461

1527 354 1804 410 CONTRA
1824 355 2102 414 CELSUM
2133 354 2261 412 LIB.
2301 355 2410 412 Vll.

3431 349 3457 405 ἰ
3466 348 3569 408 462

324 488 501 543 τερος,
539 471 797 541 εἰσήγαγε
831 469 920 522 τὸν
963 469 1093 523 Θεὸν
1128 469 1593 541 ἐπαγγελλόμενον
1616 473 1711 542 τὴν
1744 473 1903 541 ἁγίαν

2013 476 2170 540 nulli,
2209 476 2369 545 hujus
2400 472 2547 528 orbis
2587 471 2802 537 iudica,
2851 483 2972 526 eum
3021 479 3078 527 et
3117 441 3230 540 ipsa
3272 485 3398 540 pars
3427 468 3569 526 illius

325 562 449 633 γῆν,
491 562 585 614 καὶ
628 561 859 630 ἀγαθὴν
885 562 981 614 καὶ
1014 561 1255 627 πολλὴν
1277 602 1288 623 ,
1323 561 1595 628 ῥέουσαν
1623 563 1777 632 γάλα
1800 565 1898 618 καὶ

320 651 478 720 μέλι,
511 654 625 714 τοῖς
653 653 792 704 κατά
824 651 914 704 τὸν
944 652 1104 721 νόμον
1131 651 1322 702 ἑαυτοῦ
1358 651 1614 721 βιώσασιν
1633 670 1644 683 ·
1680 654 1807 716 οὐδ’,
1826 654 1900 718 ὡς

325 740 525 794 οἴονταί
565 759 736 804 τινες,
772 741 871 812 τὴν
923 741 1167 812 ἀγαθὴν,
1205 743 1304 811 τὴν
1347 741 1498 794 κάτω
1542 740 1900 812 νομιζομένην

338 834 592 889 Ἰουδαίαν
613 875 626 898 ,
660 835 914 904 κειμένην
951 838 1042 890 καὶ
1081 837 1248 906 αὐτὴν
1276 837 1332 887 ἐν
1365 837 1428 905 τῇ
1464 835 1700 906 ἀρχῆθεν
1732 851 1904 902 κατ-η-

318 925 548 996 ραμένῃ
581 927 649 979 ἐν
675 926 798 992 τοῖς
829 926 1022 995 ἔργοις
1052 929 1150 999 τῆς
1200 928 1562 998 παραϐάσεως
1594 926 1688 979 τοῦ
1733 925 1904 996 Ἀδὰμ

325 1019 420 1087 γῇ.
447 1016 519 1068 Τὸ
554 1017 694 1086 γὰρ,
739 1017 1194 1084 Ἐπικατάρατος
1235 1021 1273 1087 ἡ
1326 1019 1400 1086 γῆ
1433 1020 1501 1071 ἐν
1547 1017 1669 1082 τοῖς
1709 1017 1904 1086 ἔργοις

325 1121 475 1160 σου·
519 1107 588 1160 ἐν
615 1108 838 1173 λύπαις
875 1108 1038 1178 φαγῇ
1082 1109 1276 1176 αὐτὴν
1315 1108 1516 1174 πάσας
1547 1109 1652 1174 τὰς
1682 1097 1912 1176 ἡμέρας

325 1199 435 1266 τῆς
464 1197 613 1268 ζωῆς
659 1215 809 1261 σου,
844 1202 971 1272 περὶ
1015 1201 1142 1272 ὅλης
1178 1203 1393 1274 εἴρηται
1431 1202 1528 1271 τῆς
1572 1201 1704 1270 γῆς’
1736 1202 1800 1271 ἣν
1848 1201 1904 1250 ἐν

325 1290 543 1356 λύπαις,
576 1292 819 1344 τουτέστι
852 1291 1050 1354 πόνοις,
1091 1292 1260 1345 ἐσθίει
1296 1294 1402 1354 πᾶς
1425 1291 1709 1363 ἄνθρωπος
1740 1294 1798 1345 ἐν
1829 1291 1905 1362 τῷ

339 1382 508 1452 ’Λδάμ
541 1380 991 1452 (ιι1)ἀποθανών·
1028 1383 1122 1434 καὶ
1158 1383 1325 1435 ἐσθίει
1359 1383 1537 1445 πάσας
1565 1381 1664 1444 τὰς
1691 1383 1906 1453 ἡμέρας

326 1474 424 1542 τῆς
454 1473 646 1526 ἑαυτοῦ
686 1473 849 1543 ζωῆς.
886 1475 994 1525 Καὶ
1039 1474 1112 1538 ὡς
1144 1475 1548 1546 ἐπικατὰρατος
1584 1477 1731 1529 πᾶσα
1771 1477 1803 1545 ἡ
1835 1476 1904 1545 γῆ

326 1564 568 1627 ἀκάνθας
599 1566 693 1617 καὶ
743 1566 1024 1637 τριϐόλους
1070 1566 1316 1620 ἀνατελεί
1355 1568 1535 1631 πάσας
1569 1567 1667 1631 τὰς
1696 1568 1908 1639 ἡμέρας

327 1655 425 1724 τῆς
455 1653 598 1724 ζωῆς
625 1654 719 1708 τοῦ
759 1658 814 1707 ἐν
838 1657 915 1725 τῷ
952 1657 1120 1725 Ἀδὰμ
1151 1657 1504 1722 ἐκϐληθέντος
1531 1659 1637 1710 ἀπὸ
1670 1659 1765 1710 τοῦ
1799 1675 1906 1710 πα-

331 1746 577 1816 ραδείσου
597 1762 610 1774 ·
645 1746 738 1799 καὶ
772 1749 830 1799 ἐν
879 1746 1059 1817 ἱδρῶτι
1096 1745 1189 1799 τοῦ
1222 1748 1513 1817 προσώπου
1547 1745 1712 1799 αὑτοῦ
1743 1746 1908 1798 ἐσθίει

331 1838 436 1898 πᾶς
467 1835 748 1907 ἄνθρωπος
773 1839 862 1890 τὸν
885 1838 1073 1891 ἑαυτοῦ
1109 1839 1271 1910 ἄρτον
1294 1837 1426 1907 (42),
1455 1837 1558 1902 ἕως
1587 1839 1902 1909 ἐπιστρέψει

330 1929 409 1988 εἰς
432 1928 528 1999 τὴν
560 1928 684 1998 γῆν,
709 1929 766 1996 ἐξ
801 1926 868 2001 ἧς
898 1929 1121 2000 ἐλήφθη.
1160 1931 1333 1983 Πολὺν
1374 1931 1469 2000 μὲν
1497 1927 1588 1983 οὖν
1612 1930 1723 2001 ἔχει
1748 1930 1902 1999 λόγον

326 2019 424 2072 ὅλα
450 2019 519 2072 τὰ
541 2019 682 2073 κατὰ
713 2021 803 2073 τὸν
830 2021 990 2073 τόπον
1021 2023 1226 2085 τοῦτον,
1253 2022 1547 2093 δυνάμενον
1578 2024 1656 2086 εἰς
1685 2022 1784 2091 τὴν
1811 2038 1903 2074 σα-

327 2111 551 2180 φήνειαν
579 2109 687 2164 τῶν
713 2111 910 2176 λέξεων
937 2114 1479 2185 κατασκευασθῆναι·
1513 2114 1712 2182 ὀλίγοις
1744 2115 1788 2168 δ’
1811 2116 1903 2167 ἐπὶ

2003 574 2162 619 terrae
2184 567 2276 628 sit,
2310 580 2428 636 qua:
2457 563 2611 618 initio
2649 563 2926 617 maledicta
2962 562 3062 616 fuit
3086 564 3136 614 in
3162 561 3402 630 operibus
3431 575 3570 629 pne-

2003 656 2357 711 varieationis
2385 654 2739 709 Adam-Nam
2774 655 2840 706 ad
2872 653 3180 706 universam
3209 662 3408 706 terram
3446 666 3568 717 per-

2004 747 2164 800 tinuit
2198 747 2340 801 istud
2381 761 2394 799 :
2446 745 2732 800 Maledicta
2758 756 2900 799 terra
2944 745 2997 798 in
3041 744 3284 812 operibus
3325 743 3461 805 tuis,
3513 741 3567 794 iu

2005 838 2256 891 molestiis
2304 839 2540 890 comedas
2589 853 2703 888 eam
2743 836 2944 888 cunctis
2990 834 3172 886 diebus
3221 832 3338 885 vita:
3375 841 3479 884 tua:
3496 829 3566 885 ⁸⁸.

2007 931 2157 983 lianc
2193 932 2243 982 in
2269 929 2552 992 molestiis,
2579 929 2628 983 id
2659 939 2745 982 est
2779 928 2829 981 in
2859 927 3155 992 laboribus,
3183 925 3426 981 comedit
3453 938 3571 977 orn-

2005 1026 2088 1076 nis
2124 1023 2286 1076 homo
2339 1021 2428 1090 qui
2464 1030 2712 1075 mortuus
2753 1029 2836 1074 est
2891 1021 2942 1074 in
2977 1019 3168 1082 Adam,
3219 1025 3274 1070 et
3333 1017 3572 1071 comedit

2004 1114 2217 1182 quidem
2252 1113 2504 1167 omnibus
2526 1112 2714 1166 diebus
2743 1111 2865 1166 vitae
2890 1125 3019 1164 suae.
3045 1108 3110 1162 Et
3134 1109 3256 1177 quia
3282 1108 3571 1162 maledicta

2008 1203 2120 1256 haec
2151 1203 2497 1257 omnislerra
2525 1211 2627 1266 est,
2657 1201 2844 1270 spinas
2885 1209 2939 1255 et
2974 1200 3205 1256 tribulos
3242 1199 3575 1269 germinabit

2005 1293 2260 1347 omnibus
2287 1293 2476 1346 diebus
2499 1293 2622 1346 vitae
2655 1292 2770 1360 ejus
2794 1331 2808 1355 ,
2842 1292 2932 1360 qui
2965 1291 3014 1344 in
3045 1290 3216 1345 Adam
3264 1305 3294 1344 e
3323 1290 3574 1358 paradiso

2010 1386 2216 1452 ejectus
2251 1394 2361 1446 est;
2402 1385 2454 1437 in
2487 1384 2683 1438 sudore
2705 1384 2865 1437 etiam
2900 1382 3079 1436 vultus
3111 1382 3190 1436 sui
3211 1396 3404 1451 panem
3426 1395 3574 1435 com-

2008 1477 2117 1530 edit
2181 1477 2356 1529 omnis
2407 1476 2608 1536 homo,
2673 1475 2843 1528 donec
2908 1474 2960 1527 in
3006 1483 3206 1528 terram
3267 1481 3576 1527 revertatur

2008 1568 2151 1622 unde
2177 1575 2420 1634 sumptus
2450 1575 2551 1621 est.
2586 1567 2767 1620 Multis
2796 1567 2848 1620 in
2885 1566 3143 1620 universa
3183 1579 3305 1634 qua:
3333 1564 3400 1619 ad
3429 1565 3575 1619 hunc

2010 1659 2185 1713 locum
2225 1659 2514 1727 pertinent,
2546 1673 2678 1727 opus
2705 1669 2850 1712 esset
2877 1659 3165 1724 disserere,
3201 1663 3259 1709 ut
3288 1655 3378 1710 illa
3409 1656 3574 1710 verba

2011 1765 2170 1820 quam
2202 1750 2437 1804 maxime
2458 1750 2896 1819 explicarentur;
2933 1749 3028 1805 sed
3060 1749 3111 1803 in
3147 1747 3433 1818 praesentia
3458 1747 3578 1802 hate

2011 1854 2178 1909 pauca
2211 1839 2345 1892 satis
2378 1837 2695 1901 habuimus,
2743 1846 2801 1891 ut
2836 1849 3050 1891 onmem
3091 1835 3141 1889 ei
3184 1833 3576 1888 dubitationem

2013 1929 2360 1990 tolleremus,
2403 1929 2492 1995 qui
2546 1937 2700 1996 putat
2751 1927 2819 1981 ad
2856 1927 3096 1981 Judteam
3155 1925 3427 1994 pertinere
3456 1938 3578 1994 qua:

2012 2021 2154 2073 dicta
2191 2027 2317 2073 sunt
2345 2017 2411 2073 de
2453 2025 2598 2072 terra
2643 2020 2804 2083 bona,
2835 2032 2996 2086 quant
3044 2017 3184 2072 Deus
3218 2014 3384 2086 iustis
3424 2015 3578 2084 polli-

2011 2123 2189 2167 cetur.

324 2205 417 2257 τοῦ
451 2206 717 2278 παρόντος
751 2207 1116 2278 ἠρκέσθημεν,
1156 2209 1468 2280 βουλόμενοι
1528 2210 1794 2264 ἀπολῦσαι
1831 2207 2242 2282 περισπασμοῦ,
2283 2207 2374 2261 τοῦ
2417 2207 2491 2270 ὡς
2525 2205 2651 2275 περὶ
2695 2205 2794 2276 τῆς
2832 2205 3088 2268 Ἰουδαίας
3119 2205 3221 2276 γῆς
3259 2203 3577 2276 ὑπολαμϐά-

324 2313 505 2360 νοντος
537 2298 783 2368 εἰρῆσθαι
812 2297 879 2350 τὰ
910 2300 1034 2370 περὶ
1061 2300 1269 2370 ἀγαθῆς
1299 2301 1402 2370 γῆς
1424 2340 1438 2362 ,
1473 2302 1538 2371 ἢν
1585 2305 1613 2355 ὁ
1647 2302 1777 2365 Θεὸς
1811 2303 2146 2372 ὑπισχνεῖται
2171 2301 2283 2364 τοῖς
2310 2299 2557 2362 δικαίοις.

391 2392 481 2447 29.
520 2391 690 2464 Εἴπερ
732 2389 824 2446 οὖν
857 2396 888 2462 ἡ
937 2397 1081 2446 πᾶσα
1123 2395 1193 2462 γῆ
1228 2395 1363 2465 αὐτὴ
1399 2396 1798 2468 ἐπικατάρατος
1843 2399 1900 2449 ἐν

323 2485 435 2546 τοῖς
459 2483 638 2554 ἔργοις
666 2485 780 2536 ἐστὶ
813 2483 905 2536 τοῦ
951 2484 1119 2553 Ἀδέιμ
1153 2486 1244 2536 καὶ
1271 2485 1377 2537 τῶν
1417 2487 1474 2536 ἐν
1513 2485 1658 2556 αὐτῷ
1697 2487 1902 2540 ἀποθα-

325 2573 545 2638 νόντων,
580 2573 756 2644 δῆλον,
793 2575 873 2626 ὅτι
918 2576 1010 2626 καὶ
1045 2576 1220 2628 πάντα
1254 2576 1320 2629 τὰ
1353 2578 1516 2646 μόρια
1546 2579 1716 2648 αὐτῆς
1745 2581 1902 2649 μετέ-

327 2678 409 2731 χει
438 2661 538 2730 τῆς
584 2663 754 2732 ἀρᾶς,
793 2663 848 2714 ἐν
873 2657 952 2724 οἷς
988 2664 1102 2715 ἐστι
1148 2664 1240 2716 καὶ
1281 2667 1313 2734 ὴ
1360 2666 1587 2719 Ἰουδαία
1621 2667 1726 2736 γῆ·
1762 2667 1899 2721 ὥστε

328 2752 404 2823 μὴ
431 2752 687 2806 δύνασθαι
720 2753 1046 2824 ἐφαρμόζειν
1080 2755 1216 2826 αὐτῇ
1250 2755 1341 2820 τὸ,
1383 2759 1486 2822 Εἰς
1518 2758 1633 2826 ’γῆν
1674 2759 1907 2828 ἀγαθὴν

324 2843 422 2894 καὶ
473 2843 747 2909 πολλὴν,
793 2847 879 2909 εἱς
923 2843 1037 2911 γῆν
1075 2845 1345 2912 ῥέουσαν
1386 2847 1542 2915 γάλα
1581 2849 1675 2901 καὶ
1729 2849 1900 2918 μέλι·

325 2933 426 2988 κᾶν
453 2935 796 3004 συμϐολικῶς
821 2936 945 2988 σκιὰ
979 2933 1115 2990 εἷναι
1149 2937 1568 3009 ἀποδεικνύηται
1601 2943 1632 3011 ή
1677 2941 1906 2995 Ἰουδαία

325 3027 418 3078 καὶ
449 3029 481 3095 ἠ
527 3026 882 3098 Ἰερουσαλὴμ
905 3027 1006 3097 τῆς
1038 3029 1284 3099 καθαρᾶς
1315 3031 1370 3082 ἐν
1394 3031 1620 3102 καθαρῷ
1649 3033 1905 3103 κειμένης

322 3119 536 3189 οὐρανῷ
566 3121 667 3190 γῆς
699 3121 906 3191 ἀγαθῆς
933 3123 1028 3175 καὶ
1066 3123 1296 3194 πολλῆς,
1329 3125 1386 3176 ἐν
1493 3126 1640 3177 ἐστιν
1673 3129 1706 3196 ἡ
1742 3126 1905 3178 ἐπου-
1935 3103 1975 3159 C

329 3212 506 3282 ράνιος
551 3213 853 3282 Ἰερουσαλή
865 3231 922 3282 μ.
951 3215 1086 3285 Περὶ
1114 3209 1182 3285 ἧς
1210 3215 1478 3268 διαλαϐὼν
1501 3218 1529 3268 ὁ
1566 3217 1903 3280 Ἀπόστολος,

325 3306 400 3367 ὡς
432 3305 774 3374 συνεγερθεὶς
803 3306 1044 3375 Χριστῷ,
1065 3309 1156 3359 καὶ
1190 3307 1257 3359 τὰ
1287 3308 1396 3360 ἄνω
1431 3307 1628 3377 ζητῶν,
1661 3309 1751 3360 καὶ
1782 3307 1905 3360 νοῦν

327 3393 501 3465 εὑρὼν
557 3394 812 3465 οὐδεμιᾶς
870 3396 1124 3465 ἐχόμενον
1197 3397 1492 3466 Ἰουδαϊκῆς
1562 3399 1903 3467 μυθολογίας,

327 3485 526 3554 φησίν·
606 3485 790 3539 Ἀλλὰ
847 3489 1341 3554 προσεληλύθατε
1405 3488 1556 3541 Σιὼν
1610 3488 1767 3555 ὄρει,
1809 3488 1907 3542 καὶ

326 3576 499 3630 πόλει
566 3576 712 3630 Θεοῦ
775 3577 1016 3644 ζῶντος,
1093 3578 1478 3648 Ἰερουσαλὴμ
1543 3577 1904 3648 ἐπουρανίῳ,

326 3666 424 3720 καὶ
468 3666 760 3736 μυριάσιν
799 3669 908 3741 (45)
948 3670 1247 3741 ἀγγέλων,
1299 3673 1644 3741 πανηγύρει,
1696 3673 1808 3726 ’Ἱνα
1850 3673 1907 3726 δέ

325 3772 407 3818 τις
447 3757 678 3828 πεισθῇ,
718 3759 792 3828 μὴ
849 3759 998 3830 παρά
1041 3760 1102 3812 τὸ
1144 3760 1389 3832 βούλημα
1426 3759 1520 3813 τοῦ
1561 3761 1705 3814 θείου
1739 3762 1908 3814 Πνεύ-

329 3862 494 3914 ματος
545 3848 695 3916 ἡμᾶς
742 3847 920 3914 λέγειν
981 3850 1108 3920 περὶ
1172 3850 1273 3921 τῆς
1331 3849 1480 3921 παρὰ
1535 3853 1740 3921 Μωῡσῇ
1806 3853 1908 3922 γῆς

327 3937 537 4006 ἀγαθῆς
568 3938 660 3989 καὶ
689 3937 886 4007 πολλῆς
911 3956 924 3968 ·
957 3941 1304 4010 ἐπιστησάτω
1335 3944 1468 3995 πᾶσι
1505 3942 1601 4011 μὲν
1628 3945 1741 4004 τοῖς
1773 3960 1905 4013 προ-

327 4029 560 4098 φήταις,
608 4027 917 4080 διδάσκουσι
979 4030 1077 4099 τὴν
1136 4033 1214 4093 εἰς
1280 4031 1632 4102 Ἰερουσαλὴμ
1701 4033 1906 4086 ἐπάνο-

325 4120 413 4173 δον
463 4119 568 4172 τῶν
621 4119 1052 4188 πεπλανημένων
1116 4121 1209 4172 καὶ
1277 4121 1756 4173 ἀποπεπτωκότων
1811 4124 1905 4175 ἀπ’

325 4213 526 4283 αὐτῆς,
589 4212 682 4264 καὶ
720 4211 1052 4276 ἁπαξαπλῶς
1105 4213 1629 4282 ἀποκαθισταμένων
1680 4214 1758 4275 εἰς
1815 4215 1906 4267 τὸν

326 4299 656 4373 καλούμενον
703 4306 863 4358 τόπον
897 4304 988 4356 καὶ
1044 4303 1193 4355 πόλιν
1226 4302 1320 4355 τοῦ
1355 4304 1487 4356 Θεοῦ
1523 4302 1673 4374 παρά
1706 4302 1781 4373 τῷ
1827 4305 1906 4356 εί-

326 4396 504 4457 πόντι,
538 4396 638 4460 ὅτι,
679 4397 780 4449 Ἑν
799 4395 1002 4464 εἰρήνῃ
1035 4396 1172 4464 ἁγίᾳ
1193 4398 1224 4447 ὀ
1246 4395 1426 4460 τόπος
1446 4395 1632 4448 αὐτοῦ
1649 4412 1660 4426 ι
1695 4395 1904 4462 λέγοντι

326 4491 382 4543 δὲ
426 4491 519 4544 καὶ
553 4490 640 4552 τὸ,
675 4489 874 4558 Μέγας
912 4491 943 4540 ὁ
988 4487 1203 4553 Κύριος
1230 4487 1328 4539 καὶ
1377 4487 1608 4550 αἰνετός
1647 4485 1902 4553 σφόδρα,

325 4583 395 4634 ἐν
436 4582 606 4635 πόλει
655 4578 761 4633 τοῦ
809 4578 956 4632 Θεοῦ
1009 4575 1196 4645 ἡμῶν,
1243 4575 1312 4629 ἐν
1345 4575 1463 4643 ὄρει
1522 4576 1662 4643 ἁγίῳ
1693 4577 1902 4642 αὐτοῦ,

326 4672 527 4741 εὐρίζῳ
558 4669 1074 4743 (ιθάγεαλλιὰματι
1099 4667 1301 4735 πάσης
1325 4668 1434 4735 τῆς
1476 4666 1605 4736 γῆς.
1646 4669 1826 4738 Ἀρκεῖ
1849 4669 1904 4721 δὲ

333 4764 422 4815 ἐπὶ
440 4763 533 4816 τοῦ
558 4763 821 4834 παρόντος
854 4759 1193 4832 παραθέσθαι
1219 4760 1285 4814 τὰ
1319 4760 1426 4812 ἀπὸ
1453 4759 1545 4812 τοῦ
1580 4760 1900 4831 τριακοστοῦ

329 4852 487 4904 ’ἐκτου
518 4853 753 4923 ψαλμοῦ,
788 4852 960 4916 οὕτως
995 4853 1186 4923 ἔχοντα
1218 4853 1341 4923 περὶ
1397 4851 1495 4920 τῆς
1545 4850 1650 4904 τῶν
1682 4851 1902 4904 δικαίων

329 4942 464 5012 γῆς’
501 4945 562 4993 Ol
601 4943 650 4994 δ’
685 4944 1080 5011 ὑπομένοντες
1127 4943 1232 4995 τὸν
1265 4943 1500 5008 Κύριον,
1547 4940 1712 4993 αὐτοὶ
1760 4943 1902 5006 κλη-

325 5033 737 5103 ρονομήσουσι
777 5034 892 5102 γῆν
920 5054 931 5065 ·
984 5035 1074 5087 καὶ
1124 5034 1239 5104 μετ’
1273 5034 1458 5102 ὀλίγα·
1492 5036 1556 5086 Ol
1594 5031 1663 5085 δὲ
1693 5030 1900 5100 πραεῖς

327 5125 853 5194 κληρονομήσουσι
884 5125 1018 5193 γῆν,
1054 5124 1153 5178 καὶ
1190 5124 1752 5193 κατατρυφήσουσιν
1800 5125 1895 5178 ἐπὶ

331 5218 544 5284 πλήθει
588 5215 860 5284 εἰρήνης’
899 5217 992 5269 καὶ
1031 5219 1145 5285 μετ’
1175 5216 1356 5282 ὀλίγα⁸
1409 5219 1468 5268 Ol
1506 5215 1895 5284 εὐλογοῦντες

429 5341 626 5396 “Gen.
659 5355 742 5399 ιιι,
775 5339 859 5391 17.
966 5338 1011 5368 ⁵⁵
1041 5337 1208 5392 Exod.
1240 5352 1323 5402 ιιι,
1353 5337 1406 5390 8.

319 5428 514 5494 XXXVI,
555 5411 611 5474 9,
637 5411 720 5472 Η,
752 5407 842 5471 22,
882 5407 969 5461 29.

405 5530 534 5602 (41),
555 5531 652 5602 Ἐν
680 5529 761 5595 τῷ
787 5528 985 5598 Ἀδάμ.
1020 5528 1152 5584 Vide
1186 5529 1562 5586 adnotationes
1585 5531 1651 5585 ad
1680 5531 1772 5586 lib.
1813 5547 1886 5594 tv,

334 5599 1000 5742 llulgé)‘_gudil.neg._et
1046 5669 1388 5740 Basilecnsis,
1435 5673 1618 5742 ἄρτονν
1687 5673 1897 5729 “cm”

323 5755 494 5816 quam
529 5740 653 5797 libb.
679 5741 828 5808 editi,
863 5740 1078 5811 χόρτον.

1497 5336 1542 5367 ⁵⁸
1573 5336 1735 5390 llehr.
1779 5353 1874 5403 xu,
1902 5336 1990 5391 22.

2078 2396 2170 2451 ἓξ).
2201 2394 2319 2449 Jam
2347 2409 2479 2449 vero
2512 2394 2556 2448 si
2577 2401 2720 2448 terra
2745 2393 2861 2449 haec
2889 2393 3067 2448 omnis
3100 2393 3384 2448 maledicta
3411 2404 3494 2448 est
3525 2394 3578 2448 in

2009 2487 2265 2557 operibus
2309 2486 2481 2539 Adam
2517 2499 2815 2554 eorumque
2844 2483 2938 2554 qui
2985 2484 3035 2538 in
3067 2484 3160 2539 illo
3201 2485 3398 2539 mortui
3426 2494 3579 2551 sunt,

2009 2579 2351 2647 perspicuum
2384 2584 2464 2630 est
2496 2589 2684 2629 omnes
2716 2574 2832 2644 ejus
2857 2585 3069 2643 partes.
3113 2588 3342 2642 quarum
3392 2572 3578 2628 Iudaea

2008 2679 2114 2732 est,
2144 2665 2538 2721 maledictionis
2561 2680 2681 2721 esse
2711 2665 3038 2734 participes;
3066 2665 3292 2733 proinde
3315 2679 3418 2719 non
3444 2680 3580 2719 eon-

2007 2762 2190 2816 venire
2249 2759 2443 2815 ludam
2493 2773 2655 2827 posse
2690 2759 2816 2812 illud
2860 2773 2873 2810 :
2912 2757 2980 2810 In
3032 2759 3226 2811 terram
3267 2759 3457 2811 bonum
3531 2768 3582 2812 et

2006 2853 2314 2920 spatiosam,
2366 2850 2419 2902 in
2484 2861 2678 2902 terram
2740 2849 2990 2916 ﬂuentem
3032 2847 3171 2900 lacte
3218 2855 3265 2900 et
3324 2845 3578 2914 melle";

2006 2956 2314 3010 quanquam
2354 2950 2410 2994 et
2436 2938 2621 2993 Judzea
2660 2945 2716 2990 et
2744 2935 3047 2990 Jerusalem
3103 2933 3269 3002 ﬁgura
3300 2944 3354 2990 et
3384 2937 3579 2990 umbra

2007 3031 2259 3084 dicantur
2289 3045 2408 3084 esse
2440 3040 2597 3083 terrae
2625 3027 2768 3081 illius
2801 3029 2953 3081 bona:
2987 3036 3041 3080 et
3071 3028 3330 3096 spatiosa:
3356 3028 3409 3082 in
3435 3041 3575 3095 puro

2010 3120 2150 3174 coelo
2176 3119 2386 3188 posita),
2421 3119 2471 3172 in
2502 3135 2605 3188 qua
2633 3117 2938 3172 Jerusalem
2972 3116 3212 3172 caelestis
3237 3128 3336 3172 est.
3375 3119 3456 3173 De
3473 3119 3577 3174 ista

2008 3213 2321 3281 Apostolus,
2373 3213 2466 3280 qui
2521 3227 2643 3266 cum
2706 3212 2926 3267 Christo
2959 3210 3315 3266 resuscitatus
3357 3220 3410 3265 et
3457 3227 3580 3280 quae.

2008 3319 2218 3357 sursum
2245 3311 2373 3356 sunt
2401 3317 2654 3371 quaerens
2674 3301 3080 3371 Scripturarum
3108 3315 3328 3355 sensum
3360 3302 3584 3356 invene-

2008 3405 2092 3450 rat
2124 3397 2257 3449 nihil
2281 3395 2632 3448 Judaicarum
2666 3394 2978 3448 fabularum
3008 3393 3300 3447 habentem
3337 3411 3349 3447 :
3383 3391 3581 3447 Acces-

2006 3488 2172 3552 sistis,
2205 3487 2408 3556 inquit,
2436 3486 2503 3538 ad
2530 3483 2661 3539 Sion
2690 3494 2920 3539 montem
2963 3494 3010 3540 et
3055 3485 3317 3538 civitatem
3364 3484 3457 3540 Dei
3497 3486 3578 3540 vi-

2007 3580 2202 3643 ventis,
2237 3578 2532 3632 Jerusalem
2575 3577 2862 3640 caelestem,
2917 3585 2967 3630 et
3011 3579 3298 3630 multorum
3347 3575 3574 3630 millium

2010 3669 2314 3740 angelorum
2343 3669 2781 3738 frequentiam“.
2804 3668 2982 3737 Atque
3008 3676 3067 3721 ιιι
3098 3681 3419 3736 persuasum
3449 3667 3574 3736 quis

2010 3764 2206 3818 habeat
2241 3760 2374 3818 nihil
2402 3775 2499 3816 nos
2531 3761 2620 3815 hic
2653 3762 2719 3837 de
2747 3768 2890 3814 terra
2923 3760 3058 3814 bona
3077 3767 3132 3814 et
3161 3759 3399 3827 spatiosa
3430 3759 3574 3827 apud

2010 3854 2246 3923 llloysem
2291 3852 2563 3920 promissa
2615 3849 2796 3906 dicere
2852 3859 3042 3905 contra
3102 3859 3339 3906 mentem
3403 3851 3575 3906 divini

2012 3943 2269 4011 Spiritus,
2291 3943 2538 3998 attendat
2576 3942 2642 3995 ad
2669 3941 2722 3995 id
2748 3942 2894 4011 quod
2923 3941 3199 4010 propheta:
3243 3955 3434 3996 omnes
3473 3942 3576 3996 do-

2008 4045 2152 4099 cent,
2179 4050 2299 4101 eos,
2324 4035 2415 4106 qui
2444 4038 2511 4089 ab
2543 4035 2850 4090 Jerusalem
2895 4035 3290 4089 aberraverunt
3332 4041 3386 4088 et
3429 4033 3577 4087 exci-

2009 4128 2227 4192 derunt,
2267 4129 2587 4185 reversuros
2608 4142 2727 4182 esse
2763 4128 2826 4180 ad
2857 4125 3016 4196 715
3061 4141 3181 4181 eam
3226 4124 3578 4178 cteollocan-

2009 4218 2107 4272 dos
2135 4233 2256 4274 esse
2302 4221 2354 4273 in
2406 4219 2523 4274 loco
2547 4202 2705 4288 quem
2739 4217 2830 4272 Dei
2870 4217 3048 4270 locum
3093 4226 3150 4269 et
3181 4214 3367 4267 urbem
3418 4225 3577 4268 vocat

2009 4307 2097 4360 ille
2133 4307 2224 4374 qui
2276 4307 2410 4360 dicit
2447 4324 2460 4358 :
2498 4305 2565 4359 In
2615 4321 2744 4372 pace
2799 4313 2982 4357 sancta
3033 4301 3180 4356 locus
3221 4301 3336 4369 ejus
3354 4302 3438 4368 l‘7;
3471 4311 3572 4356 et:

2017 4397 2240 4464 Magnus
2270 4397 2526 4450 Dominus
2549 4405 2594 4448 et
2625 4393 2911 4448 laudabilis
2940 4392 3088 4447 ualde
3107 4430 3122 4455 ,
3159 4392 3218 4446 in
3239 4393 3446 4445 civitate
3476 4391 3575 4448 Dei

2011 4488 2197 4549 nostri,
2244 4487 2298 4541 in
2333 4497 2503 4540 monte
2548 4497 2730 4541 sancto
2773 4486 2909 4552 eius,
2955 4485 3176 4554 fundato
3228 4485 3576 4539 exsultatione

2011 4571 2266 4633 universes
2318 4579 2554 4633 terrea".
2613 4577 2767 4631 Nunc
2803 4579 2935 4633 satis
2989 4579 3097 4633 erit
3146 4578 3355 4633 referre
3404 4575 3574 4631 verba

2008 4660 2206 4722 Psalmi
2248 4685 2410 4724 xxxvr
2445 4670 2510 4724 de
2547 4679 2686 4724 terra
2716 4668 2988 4738 iustorum
3014 4671 3093 4725 sic
3125 4669 3395 4741 loquentis
3424 4686 3438 4724 :
3467 4669 3574 4725 Su-

2005 4763 2253 4816 sliuentes
2285 4759 2287 4764 “
2314 4761 2599 4815 Dominum
2643 4763 2743 4829 ipsi
2786 4762 3169 4817 Imreditabuut
3232 4771 3472 4826 terram;
3519 4771 3577 4817 ct

2006 4857 2164 4921 paulo
2185 4845 2316 4922 'post
2345 4871 2356 4906 :
2389 4852 2653 4906 Mansueti
2683 4864 2856 4906 autent
2902 4854 3290 4908 Itazreditabunt
3337 4864 3574 4918 terram,

2007 4955 2053 4996 et
2107 4945 2504 4998 delectabantur
2555 4948 2608 4999 in
2667 4945 3006 5000 multitudine
3074 4949 3257 5014 pacis;
3319 4957 3374 5003 et
3447 4961 3572 5019 post

2007 5050 2176 5102 pauca
2235 5053 2248 5087 :
2301 5034 2671 5090 Beuedicentes
2728 5038 2776 5090 ei
2828 5037 3219 5092 Itwreditabunt
3251 5049 3486 5104 terram;
3518 5049 3574 5093 et

2003 5125 2199 5180 iterum
2234 5140 2248 5180 :
2280 5125 2312 5179 J
2323 5128 2424 5180 usti
2456 5127 2838 5183 Iuereditabunt
2868 5139 3064 5183 terram
3110 5141 3157 5182 et
3202 5129 3572 5182 inhabitabant

2002 5218 2058 5269 iu
2088 5218 2338 5272 sa'culum
2383 5220 2565 5274 saeculi
2615 5237 2771 5289 super
2814 5238 2928 5275 eam
2949 5223 3015 5277 δ’.
3049 5222 3165 5277 Jam
3224 5223 3344 5277 vide
3389 5235 3566 5276 annon

2085 5341 2128 5371 ⁸⁷
2161 5340 2300 5396 Psal.
2333 5358 2494 5409 Lxxv,
2521 5343 2574 5397 5.
2665 5344 2711 5375 ⁸⁸
2738 5342 2875 5399 Psal.
2905 5358 3072 5406 xum,
3104 5342 3154 5405 2,
3185 5341 3236 5394 3.
3347 5343 3399 5374 ’ν
3421 5338 3567 5397 Psal.

2067 5531 2176 5599 (55)
2225 5532 2564 5587 ilmschelius
2608 5533 2659 5586 in
2700 5540 2870 5592 textu,
2903 5539 2954 5584 et
2987 5543 3182 5586 omnes
3212 5529 3371 5585 codd.
3410 5545 3566 5594 mss.,

2001 5604 2274 5672 μυριάσιν.
2303 5605 2624 5670 Spencerns,
2659 5600 2952 5672 μυριάδων.

2090 5666 2670 5758 μιλιεεζηξύρίζῳζ
2701 5666 2916 5728 llocsch.
2959 5681 3014 5726 et
3059 5669 3254 5738 Spcnc.
3308 5666 3574 5741 εὑρίζονιε

1995 5741 2246 5812 Vulgata,
2291 5741 2538 5812 εὺρίζων.
