3972 6160
455 301 594 357 1465

1935 297 2256 354 ORIGENIS

3559 299 3705 355 ιιϐι

455 413 596 470 idem
636 416 729 470 il-le
781 417 1021 486 psalmus
1060 415 1206 470 clare
1256 415 1456 470 indicet
1489 424 1686 470 terram
1745 432 1931 487 puram
1968 417 2008 468 ir

2124 413 2310 468 αὐτόν
2365 414 2892 483 κληρονυμήσουσι
2925 412 3038 484 γῆν
3064 431 3078 446 ο
3127 415 3219 470 καὶ
3264 414 3454 470 πάλιν·
3504 419 3568 469 Ol
3612 415 3708 468 δί-

453 521 591 576 pnro
613 523 736 562 esse
763 507 918 572 cosio,
948 505 1104 559 modo
1127 505 1298 561 lector
1325 506 1516 559 horum
1544 508 1786 573 ejusdem
1820 506 2014 576 psalmi

453 600 742 652 verborum
777 611 995 650 sensum
1038 610 1234 664 capere
1275 598 1449 664 possit
1483 614 1496 650 :
1538 596 1797 664 Exspecta
1833 596 2018 660 Domi-

455 704 581 742 num
605 697 654 739 et
691 686 898 739 custodi
919 687 1053 740 viam
1083 686 1220 754 ejus,
1252 698 1298 741 et
1326 687 1580 741 exaltabit
1615 698 1662 742 te
1701 698 1754 741 ut
1790 689 2016 742 Incredi-

454 787 557 829 tate
584 777 760 844 capias
785 785 980 828 terram
996 776 1060 830 θθ.

453 871 628 941 μένων
695 873 752 923 έν
804 871 881 940 τῷ
939 871 1085 943 αὐτῷ
1130 872 1361 944 ψαλμῷ·

448 983 523 1021 σε
560 966 664 1020 τοῦ
698 967 1298 1037 κατακληρονομῆσαι
1329 969 1444 1037 τὴν
1472 970 1609 1039 γῆν,

518 1059 607 1112 50.
639 1057 907 1114 Praeterea
942 1076 1062 1129 qua:
1091 1062 1220 1116 dicit
1273 1062 1427 1116 Plato
1478 1064 1543 1118 de
1598 1064 1866 1133 lapidibus
1919 1067 2013 1135 qui

447 1151 537 1205 hic
568 1150 791 1219 pretiosi
832 1161 1091 1220 putantur
1113 1191 1128 1216 ,
1159 1163 1211 1206 et
1245 1169 1475 1222 quorum
1520 1156 1776 1224 splendor
1813 1157 2012 1211 dicitur

447 1257 705 1297 emanare
733 1256 798 1296 ex
830 1243 1067 1298 melioris
1093 1253 1248 1298 terrae
1278 1246 1568 1314 lapidibus,
1594 1261 1657 1300 ea
1691 1248 1823 1302 mihi
1864 1249 2013 1303 vide-

449 1343 534 1384 tur
555 1331 776 1386 duxisse
803 1344 868 1385 ex
895 1333 1258 1403 descriptione
1292 1336 1529 1391 civitatis
1553 1335 1677 1404 Dei,
1711 1351 1834 1406 qua:
1857 1339 2001 1407 apud

446 1420 640 1476 Isaiam
673 1423 755 1477 sic
780 1424 976 1492 legitur
1010 1443 1025 1480 :
1057 1424 1264 1478 Ponant
1297 1426 1564 1494 jaspidem
1608 1422 2006 1497 prapugna‘cula

447 1525 537 1566 tua
559 1553 574 1574 ,
624 1525 674 1567 et
727 1515 926 1582 lapides
957 1526 1074 1569 tuos
1103 1515 1306 1584 lapides
1337 1517 1574 1586 crystalli
1601 1560 1614 1584 ,
1650 1527 1697 1572 et
1726 1519 2004 1573 circuitum

447 1615 596 1659 tuum
641 1607 840 1675 lapides
892 1607 1082 1662 electos
1106 1589 1276 1675 “pet
1306 1625 1538 1664 rursus:
1579 1609 1784 1664 Panum
1821 1610 2010 1678 funda-

2125 523 2280 562 καιοι
2326 505 2853 573 κληρονομήσουσι
2887 504 3024 574 γῆν,
3057 507 3154 560 καὶ
3191 505 3702 575 κατασκηνὼσου-

2123 613 2227 650 σιν
2258 600 2345 662 εἰς
2377 597 2561 652 αἰῶνα
2593 596 2806 662 αἰῶνος
2847 599 2938 650 ἐπ’
2972 598 3183 666 αὐτῆς.
3249 601 3390 671 Ὅρα
3439 599 3484 652 δ’
3517 601 3565 652 εί
3619 599 3701 670 μὴ

2122 689 2182 740 τὸ
2215 687 2458 758 καθαρὰν
2512 682 2650 740 εἶναι
2704 690 2761 741 ἐν
2816 689 3042 761 καθαρῷ
3092 690 3168 760 τῷ
3197 691 3410 761 οὐρανῷ
3450 690 3548 762 τὴν
3588 690 3700 759 γῆν

2121 777 2371 849 δηλοῦται
2417 783 2528 842 τοῖς
2584 779 2799 832 ἀκούειν
2844 780 3160 850 δυναμένοις
3206 781 3312 847 τῶν
3343 780 3514 844 οὕτως
3545 783 3698 851 εἰρη-

1444 874 1798 944 ’ὶᾎτόμεινον
1844 873 1950 930 τὸν
2005 873 2247 943 Κύριον,
2305 874 2402 928 καὶ
2443 874 2718 944 φύλαξον
2749 873 2862 944 τὴν
2895 875 3040 931 ὀδόν
3074 876 3290 931 αὐτοῦ’
3333 876 3431 930 καὶ
3463 873 3698 942 ὑψώσει

2189 1065 2345 1115 Δοκεῖ
2375 1062 2432 1116 δέ
2482 1079 2571 1132 μοι
2614 1064 2706 1115 καὶ
2747 1062 2814 1116 τὰ
2847 1064 2972 1134 napi.
3019 1063 3126 1116 τῶν
3167 1064 3291 1134 τῇδε
3325 1064 3519 1134 τιμίων
3550 1059 3694 1118 εἶναι

2116 1152 2486 1222 νομιζομένων
2518 1152 2700 1217 λίθων,
2738 1154 3015 1224 ἀπορροήν
3047 1170 3166 1206 τινα
3198 1153 3503 1221 λεγομένων
3546 1153 3692 1223 ἔχειν

2115 1245 2223 1297 ἀπὸ
2271 1244 2379 1298 τῶν
2434 1247 2491 1296 ὲν
2548 1247 2610 1314 τῇ
2661 1244 2926 1314 κρείττονι
2959 1248 3028 1315 γῇ
3064 1245 3246 1309 λίθων,
3293 1244 3567 1315 εἰληφέναι
3597 1246 3691 1298 τὸν

2114 1337 2378 1396 Πλάτωνα
2411 1334 2519 1388 ἀπὸ
2563 1335 2669 1390 τῶν
2713 1337 2772 1388 ὲν
2817 1336 2893 1406 τῷ
2933 1331 3130 1407 Ἡσαΐᾳ
3184 1337 3691 1407 ἀναγεγραμμένων

2115 1428 2370 1498 περὶτῆς
2405 1426 2612 1489 πόλεως
2668 1426 2760 1480 τοῦ
2811 1426 2947 1480 Θεοῦ
2974 1444 2988 1457 ·
3049 1428 3178 1498 περὶ
3221 1425 3288 1498 ἧς
3338 1428 3643 1499 γέγραπται
3668 1444 3684 1459 °

2117 1517 2292 1581 Θιὶσω
2345 1517 2451 1583 τὰς
2512 1516 2794 1582 ἐπάλξεις
2831 1532 2944 1570 σου
2987 1517 3219 1582 ἴασπιν,
3272 1519 3371 1570 καὶ
3421 1518 3562 1583 τοὺς
3589 1519 3688 1571 λί-

2115 1610 2256 1672 θους
2321 1607 2428 1676 (45)
2498 1622 2612 1660 σου
2679 1609 2889 1672 λίθους
2937 1607 3364 1675 κρυστάλλου,
3421 1608 3518 1662 καὶ
3580 1608 3690 1663 τὸν

444 1707 621 1752 menta
661 1706 749 1750 tua
775 1699 1081 1766 sapphirum
1107 1700 1172 1752 θ’.
1205 1698 1356 1754 lianc
1387 1699 1632 1754 Platonis
1659 1700 1894 1755 fabulam
1929 1701 2008 1754 al-

2116 1697 2426 1764 περίϐολον
2481 1711 2595 1749 σου
2653 1697 2862 1763 λίθους
2938 1697 3291 1762 ἑκλεκτούςο
3342 1695 3438 1749 καὶ
3485 1698 3684 1752 πάλιν·

445 1787 680 1856 legorice
731 1787 1007 1857 explicant
1066 1789 1156 1858 qui
1219 1789 1381 1858 hujus
1442 1791 1748 1860 philosophi
1808 1792 2008 1860 placita

442 1878 662 1946 gravius
685 1879 1023 1947 edisserunt;
1057 1880 1377 1950 prophetias
1407 1882 1559 1945 item,
1599 1897 1629 1936 e
1662 1882 1860 1950 quibus
1887 1882 2010 1935 Pla-

443 1977 626 2023 tonem
679 1971 932 2026 hausisse
979 1972 1325 2038 conjicimus,
1355 1981 1630 2042 espouent
1677 1973 1712 2026 ii
1751 1972 1841 2040 qui
1887 1987 2010 2041 pro-

446 2059 732 2129 phetarum
760 2063 928 2116 vitam
957 2063 1138 2117 divina
1168 2065 1403 2132 quadam
1433 2065 1627 2134 agendi
1659 2067 1866 2118 ratione
1891 2067 2011 2119 imi-

443 2159 633 2206 tantur
665 2160 947 2222 totumque
978 2155 1262 2223 tempusin
1295 2156 1608 2214 scrutandis
1656 2157 1830 2211 sacris
1867 2155 2010 2209 Scri-

443 2242 623 2311 pturis
677 2242 993 2312 insumunt;
1052 2245 1096 2299 si
1153 2245 1312 2300 modo
1352 2246 1577 2302 idoneos
1631 2256 1853 2315 propter
1886 2249 2009 2301 vita:

443 2334 813 2402 integritatem
837 2336 1131 2404 rerumque
1174 2336 1476 2407 divinarum
1509 2337 1866 2404 cognoscendi
1892 2347 2010 2392 stu-

443 2421 593 2476 dium
632 2421 908 2478 auditores
939 2423 1268 2480 invenerint.
1297 2425 1464 2480 Nobis
1507 2417 1612 2481 hcc
1649 2435 1766 2480 erat
1813 2441 2008 2496 propo-

443 2514 614 2568 situm
639 2514 954 2583 ostendere,
984 2531 1104 2586 qua:
1133 2517 1200 2572 de
1227 2528 1371 2573 terra
1402 2529 1590 2574 sancta
1621 2520 1914 2583 credimus,
1943 2535 2008 2573 ea

443 2622 546 2659 nos
576 2620 676 2661 nec
705 2621 734 2661 a
779 2604 985 2663 Graecis
1030 2624 1133 2664 nec
1185 2625 1213 2663 a
1261 2608 1486 2666 Platone
1545 2613 1831 2677 didicisse;
1885 2612 2008 2668 illos

441 2711 594 2761 vero,
622 2698 713 2767 qui
748 2713 852 2753 non
877 2699 1257 2770 antiquissimo
1281 2699 1461 2772 Moyse
1487 2702 1686 2767 solum,
1715 2703 1810 2757 sed
1844 2704 2006 2758 etiam

443 2780 720 2859 plerisque
744 2791 1025 2859 prolihetis
1072 2776 1407 2848 recentiores
1437 2803 1591 2858 sunt,
1621 2805 1712 2848 aut
1748 2795 1887 2848 male
1922 2795 2006 2848 in-

444 2881 723 2940 tellexisse
755 2897 875 2951 quae
908 2884 973 2938 de
997 2883 1104 2940 illis
1130 2884 1293 2940 rebus
1324 2901 1354 2940 a
1405 2887 1730 2954 quibusdam
1776 2888 2009 2942 obscure

447 2975 686 3038 indicata
713 2985 863 3043 sunt,
890 2985 978 3030 aut
1011 2978 1099 3030 illa
1136 2990 1168 3030 ο
1191 2979 1366 3032 sacris
1393 2977 1715 3056 Scripturis,
1749 2996 1868 3050 quae
1904 2979 2004 3034 sibi

442 3067 502 3125 in
532 3081 722 3131 manus
745 3077 1027 3131 venerant,
1059 3068 1198 3124 falso
1231 3069 1469 3125 imitatos
1490 3109 1505 3134 ,
1532 3071 1834 3136 huiusmodi
1859 3087 2006 3140 qua:-

445 3160 570 3226 datn
600 3158 668 3213 de
704 3159 929 3217 meliore
989 3169 1130 3214 terra
1200 3161 1422 3215 dixisse.
1487 3163 1554 3215 Et
1601 3178 1734 3217 sane
1781 3165 2010 3232 Aggmus

444 3259 650 3303 terram
669 3251 737 3304 ab
761 3251 908 3305 arida
938 3251 1223 3318 perspicue
1251 3251 1554 3322 distinguit,
1577 3254 1784 3307 aridam
1811 3269 2012 3308 vocans

444 3342 586 3406 hanc
633 3341 684 3395 in
715 3357 818 3411 qua
847 3357 1055 3396 sumus.
1112 3343 1204 3397 Sic
1264 3344 1406 3398 enim
1456 3343 1696 3413 loquitur
1740 3363 1754 3398 :
1806 3345 2010 3400 Rursus

445 3433 622 3486 adhuc
649 3449 742 3503 ego
769 3436 1096 3488 commovebo
1123 3431 1328 3504 caelum,
1361 3443 1408 3488 et
1437 3445 1658 3501 terram,
1688 3446 1735 3490 et
1771 3437 2004 3505 aridam,

443 3533 491 3584 et
522 3538 666 3582 mare
683 3525 750 3590 ⁶³ε

517 3699 606 3753 ‘5l.
635 3698 753 3754 lam
783 3701 924 3756 sicut
948 3701 1065 3770 ipse
1093 3703 1148 3757 in
1189 3702 1337 3758 aliud
1363 3711 1575 3772 tempus
1611 3703 2006 3758 reservatPla-

448 3791 646 3845 Ionicae
705 3792 758 3844 in
819 3788 1088 3846 Pluedone
1154 3794 1349 3849 fabula:
1397 3795 1860 3865 explicationem,
1923 3797 2010 3850 his

444 3880 629 3934 verbis
656 3898 670 3934 :
699 3879 838 3946 Quid
875 3900 967 3952 per
988 3884 1099 3938 hazc
1126 3886 1342 3950 indicet,
1369 3903 1470 3940 non
1494 3886 1652 3955 facile
1670 3897 1746 3940 est
1769 3887 2010 3939 omnibus

443 3972 736 4041 perspicere
765 3989 784 4026 :
817 3975 920 4029 nisi
963 3976 1102 4045 forte
1131 3980 1246 4047 quis
1283 3994 1469 4045 capere
1513 3987 1683 4048 posset
1728 3979 1856 4048 quid
1909 3980 2012 4033 sibi

445 4063 569 4118 velit
604 4066 660 4119 id
690 4070 830 4136 quod
855 4069 962 4132 ait,
1009 4085 1104 4122 uos
1146 4085 1255 4139 pra:
1307 4070 1611 4138 infirmitate
1666 4081 1716 4126 et
1763 4072 2012 4124 tarditate

449 4155 613 4233 716
637 4175 738 4213 non
765 4175 915 4228 posse
942 4159 1009 4212 ad
1041 4170 1331 4215 extremum
1360 4175 1532 4213 aerem
1563 4170 1839 4228 penetrare
1855 4175 1875 4225 ;
1909 4176 2009 4219 ua-

445 4261 622 4303 turam
646 4265 784 4314 vero,
817 4251 862 4304 si
885 4266 983 4320 par
1020 4261 1149 4304 esset
1178 4250 1268 4303 isti
1310 4249 1755 4320 contemplationi,
1787 4252 2008 4321 agnitu-

2114 1787 2289 1853 Θήσω
2319 1787 2392 1841 τὰ
2434 1788 2675 1856 θεμέλιά
2721 1803 2836 1840 σου
2889 1787 3242 1856 σάπφειρον.
3307 1788 3409 1843 Τὸν
3446 1789 3544 1860 μὲν
3593 1785 3688 1844 οὖν

2111 1879 2262 1949 παρὰ
2295 1877 2540 1932 Πλάτωνι
2572 1878 2992 1948 ἀλληγοροῦντες
3043 1877 3213 1947 μῦθον
3263 1880 3313 1931 οἱ
3360 1881 3687 1953 σεμνότερον

2109 1969 2177 2022 τὰ
2232 1969 2323 2022 τοῦ
2377 1969 2663 2038 φιλοσόφου
2717 1969 3057 2039 ἐξειληφότες
3089 1969 3432 2038 διηγοῦνται·
3482 1972 3576 2036 τὰς
3628 1973 3686 2026 δὲ

2111 2063 2444 2131 προφητείας
2465 2103 2478 2127 ,
2513 2062 2603 2130 ἀφ’
2645 2055 2718 2114 ὧν
2739 2047 3138 2132 ᾞτοχαζόμεθα
3171 2064 3264 2116 καὶ
3292 2064 3384 2117 τὸν
3423 2063 3688 2117 Πλάτωνα

2110 2152 2408 2221 εἰληφέναι,
2459 2153 2507 2203 οἱ
2565 2152 2842 2219 συγγενῶς
2871 2155 2980 2214 τοῖς
3015 2153 3317 2224 προφήταις
3345 2153 3441 2206 καὶ
3487 2153 3684 2216 ὲνθέως

2111 2245 2406 2314 βιώσαντες
2426 2284 2440 2308 ,
2475 2245 2568 2298 καὶ
2596 2246 2771 2299 πάντα
2799 2245 2888 2297 τὸν
2916 2246 3104 2316 χρόνον
3135 2245 3422 2308 ἀναθέντες
3460 2248 3524 2316 τῇ
3569 2244 3686 2310 ἐξε-

2109 2337 2259 2390 τάσει
2310 2337 2416 2390 τῶν
2469 2337 2627 2408 ἱερῶν
2655 2336 3020 2407 γραμμάτων,
3067 2339 3177 2400 τοῖς
3220 2336 3544 2407 ἐπιτηδείοις
3595 2335 3683 2388 διὰ

2111 2425 2226 2496 βίου
2261 2425 2608 2496 καθαρότητα
2652 2426 2745 2477 καὶ
2773 2425 2868 2495 τὴν
2909 2424 3036 2494 περὶ
3077 2425 3143 2477 τὰ
3177 2424 3295 2478 θεῖα
3328 2423 3685 2494 φιλομάθειαν

2111 2522 2569 2590 παραστήσουσιν.
2619 2518 2777 2586 Ἡμῖν
2805 2516 2860 2568 δὲ
2891 2517 3245 2586 προκείμενον
3279 2511 3347 2585 ἦν
3376 2516 3565 2580 δεῖξαι,
3599 2517 3681 2570 ὅτι

2107 2611 2270 2680 ἡμεῖς
2307 2609 2404 2679 μὲν
2460 2609 2558 2662 οὐκ
2606 2609 2714 2661 ἀπὸ
2753 2608 3013 2679 Ἑλλήνων
3052 2610 3084 2678 ἣ
3120 2607 3405 2670 Πλάτωνος
3457 2607 3526 2660 τὰ
3557 2609 3682 2678 περὶ

2109 2699 2206 2768 τῆς
2246 2699 2404 2766 ἁγίας
2437 2698 2539 2768 γῆς
2583 2697 2880 2767 εἰλήφαμεν
2902 2715 2915 2728 ο
2950 2699 3145 2751 ἐκεῖνοι
3178 2697 3255 2760 δὲ,
3288 2696 3538 2764 νεώτεροι
3589 2713 3682 2763 γε-

2110 2776 2324 2860 νόμενοι
2357 2790 2416 2842 ού
2455 2791 2613 2860 μόνον
2643 2790 2735 2842 τοῦ
2775 2789 3136 2860 ἀρχαιοτάτου
3188 2787 3466 2851 Μωῦσέως
3487 2828 3502 2852 ,
3547 2786 3681 2842 ἀλλὰ

2110 2883 2204 2934 καὶ
2236 2881 2342 2934 τῶν
2391 2881 2657 2936 πλείστων
2697 2879 3010 2951 προφητῶν,
3044 2881 3161 2948 ιἤτοι
3189 2879 3574 2950 παρακηκόασί
3604 2895 3681 2932 τι-

2111 2990 2214 3026 νων
2259 2973 2646 3041 αἱνισσομένων
2679 2974 2806 3044 περὶ
2850 2970 2958 3024 τῶν
3012 2970 3284 3033 τοιούτων,
3330 2968 3364 3040 ἦ
3417 2971 3511 3024 καὶ
3561 2973 3681 3032 ταῖς

2117 3065 2287 3135 ἱεραῖς
2331 3062 2640 3132 ἐντυχόντες
2687 3064 2962 3133 Γραφαῖς,
3016 3062 3490 3132 παραποιήσαντες
3523 3061 3677 3125 αὐτὰ,

2111 3155 2332 3208 τοιαῦτα
2381 3172 2500 3207 τινα
2553 3155 2681 3225 περὶ
2733 3155 2830 3224 τῆς
2893 3153 3198 3224 κρείττονος
3248 3154 3504 3223 εἰρήκασι
3553 3153 3676 3223 γῆς.

2111 3245 2304 3314 Σαφῶς
2334 3246 2377 3297 δ’
2411 3248 2438 3298 ὁ
2474 3247 2722 3313 ’Δγγαῖος
2757 3246 3082 3315 παρίστησιν
3116 3244 3243 3298 ἄλλο
3285 3245 3382 3314 μὲν
3417 3240 3556 3298 εἶναι
3585 3243 3678 3315 τὴν

2111 3337 2302 3408 ξηρὰν,
2325 3335 2451 3388 ἄλλο
2481 3336 2536 3389 δὲ
2564 3337 2660 3406 τὴν
2687 3336 2810 3405 γῆν,
2853 3334 3019 3405 ξηρὰν
3052 3334 3231 3388 καλῶν
3264 3336 3464 3408 ταύτην
3499 3335 3581 3402 ὲφῖ
3611 3329 3677 3403 ἧς

2111 3425 2277 3495 ἐσμέν
2297 3441 2309 3454 ο
2343 3424 2492 3492 λέγει
2526 3425 2582 3479 δὲ
2615 3423 2786 3486 οὕτως
2813 3439 2826 3453 ·
2868 3425 2987 3474 Ἔτι
3036 3421 3197 3486 ἅπαξ
3224 3422 3337 3491 ἐγὼ
3359 3425 3547 3476 σείσω
3575 3421 3679 3474 τὸν

2109 3514 2387 3582 οὐρανὸν,
2450 3516 2545 3569 καὶ
2589 3515 2703 3583 τὴν
2741 3512 2879 3584 γῆν,
2911 3511 3008 3566 καὶ
3035 3513 3151 3579 τὴν
3184 3511 3404 3581 ξηρὰν,
3439 3510 3537 3564 καί
3567 3510 3680 3578 τὴν

2109 3605 2447 3660 θάλασσαν.

2184 3697 2389 3769 ’Ὠσπερ
2418 3696 2475 3749 δὲ
2508 3696 2668 3758 αὐτὸς
2694 3693 2788 3765 τὴν
2809 3695 3057 3765 διήγησιν
3079 3693 3389 3746 ἀνατίθεται
3416 3691 3508 3745 τοῦ
3529 3690 3679 3761 mp;

2110 3786 2354 3844 Πλάτωνι
2391 3785 2560 3857 μύθου
2595 3785 2845 3863 κειμένου
2873 3786 2979 3855 (46)
3010 3787 3068 3840 ὲν
3092 3784 3169 3854 τῷ
3201 3784 3473 3848 Φαίδωνι,
3507 3783 3679 3851 λέγων

2110 3879 2237 3931 τάδε
2261 3895 2274 3908 ο
2331 3878 2396 3934 Tl
2451 3877 2518 3930 δὲ
2572 3876 2669 3931 διὰ
2729 3879 2955 3931 τούτων
2997 3875 3322 3947 ἐμφανίζει,
3375 3876 3447 3928 οὐ
3499 3873 3677 3927 παντί

2111 3969 2328 4040 γνῶναι
2367 3970 2608 4039 ῥᾴδιον⁹
2650 3974 2703 4025 εί
2729 3971 2815 4040 μὴ
2860 3970 3028 4036 ὅστις
3061 3971 3290 4023 ἐπαΐειν
3319 3969 3592 4032 δύναιτο,
3623 3965 3682 4018 τι

2111 4065 2238 4119 ποτ’
2284 4065 2456 4118 ἐστὶν
2497 4064 2690 4118 ἐκεῖνο
2721 4064 2754 4117 ὅ
2802 4078 3010 4132 φησιν,
3068 4062 3170 4117 ὑπ’
3223 4061 3536 4126 ἀσθενείας
3580 4058 3679 4112 καί

2105 4155 2481 4226 βραδυτῆτος
2540 4157 2652 4223 οὐχ
2719 4155 2884 4221 οἵους
2933 4155 2983 4206 τ’
3015 4154 3166 4207 εἶναι
3215 4150 3542 4217 διεξελθεῖν
3586 4150 3680 4202 ἐπ’

2110 4252 2374 4318 ἔσχατον
2400 4247 2506 4301 τὸν
2532 4247 2677 4315 ἀέρα
2709 4246 2850 4317 (47)·
2880 4247 2977 4300 καὶ
3007 4248 3058 4300 εὶ
3098 4246 3136 4314 ή
3166 4246 3350 4313 φύσις
3381 4243 3557 4311 ἱκανὴ
3585 4242 3679 4309 εἴη

444 4355 561 4393 ram
588 4341 714 4410 quid
740 4341 805 4395 sit
835 4357 1011 4395 verum
1043 4340 1177 4393 illud
1211 4340 1394 4398 caelum
1428 4356 1649 4409 peraque
1676 4338 1805 4404 lux;
1846 4341 1926 4394 sic
1955 4347 2008 4394 et

2116 4338 2483 4408 ἀνασχέσθαι
2528 4338 2831 4405 θεωροῦσα
2883 4337 3104 4407 γνῶναι
3159 4336 3236 4391 ἂν
3279 4337 3313 4389 ὅ
3356 4353 3411 4389 τι
3452 4334 3679 4399 ἐκεῖνός

447 4446 547 4486 nos
573 4432 858 4503 praesentis
888 4431 1118 4486 instituti
1150 4447 1254 4486 non
1285 4433 1534 4488 ducimus
1559 4446 1680 4486 esse
1707 4440 1865 4486 terra:
1885 4445 2014 4486 san-

447 4535 550 4578 ctae
578 4534 635 4579 et
671 4525 826 4580 bona:
847 4532 902 4578 et
939 4524 1182 4580 civitatis
1217 4523 1311 4580 Dei
1346 4539 1466 4595 quin
1491 4524 1545 4578 in
1575 4523 1663 4578 illa
1702 4532 1807 4595 est,
1837 4522 2008 4592 expli-

447 4614 759 4680 cationem;
790 4614 966 4669 acturi
997 4613 1064 4668 de
1089 4615 1177 4668 illa
1204 4623 1340 4680 tum,
1377 4630 1498 4669 cum
1530 4615 1824 4685 prophetas
1857 4629 2014 4670 enar-

447 4703 693 4759 rabimus
729 4724 743 4759 :
773 4705 1074 4774 praesertim
1099 4719 1222 4758 cum
1249 4705 1357 4774 iam
1379 4719 1439 4760 ex
1473 4714 1630 4774 parte
1656 4705 1710 4759 in
1733 4719 2012 4762 commen-

451 4792 602 4846 tariis
630 4793 684 4846 in
727 4793 961 4861 psalmos
990 4809 1090 4848 xcv
1121 4804 1176 4848 et
1201 4789 1332 4850 XLvt
1399 4795 1465 4849 de
1498 4792 1716 4847 civitate
1754 4793 1847 4847 Dei
1910 4809 2010 4864 pro

448 4883 659 4937 viribus
693 4897 999 4938 sermonem
1027 4884 1342 4939 fecerimus.
1375 4885 1650 4944 Prmterea
1683 4883 1775 4939 illa
1807 4883 2012 4954 Moysis

445 4983 501 5030 et
552 4975 937 5044 prophetarum
991 4976 1188 5043 scripta
1243 4977 1623 5046 antiquissima
1678 4977 1876 5032 docent
1926 4992 2012 5030 res

445 5077 658 5128 omnes,
686 5077 805 5132 qua:
831 5076 976 5118 verte
1001 5073 1148 5129 sunt,
1188 5065 1327 5118 idem
1363 5066 1565 5120 habere
1591 5081 1784 5121 nomen
1821 5081 1883 5120 ac
1909 5065 2012 5119 illae

446 5171 566 5228 qua:
596 5155 686 5211 hic
716 5155 970 5212 omnibus
997 5155 1050 5213 in
1081 5170 1179 5210 usu
1209 5168 1370 5223 sunt,
1403 5155 1555 5210 verbi
1604 5157 1807 5236 gratia;
1834 5157 2008 5217 lucem

2111 4430 2279 4482 ἐστιν
2308 4430 2341 4480 ό
2371 4423 2608 4492 ἀληθῶς
2635 4426 2890 4494 οὐρανὸς
2913 4467 2927 4490 ,
2972 4425 3072 4479 καὶ
3105 4425 3170 4479 τὸ
3199 4425 3488 4493 ἀληθινὸν
3519 4423 3643 4492 φῶς
3662 4441 3676 4455 .

2110 4521 2202 4594 τὸν
2247 4519 2406 4573 αὑτὸν
2452 4519 2652 4589 τρόπον
2681 4519 2776 4573 καὶ
2809 4521 2968 4589 ἡμεῖς
3014 4519 3081 4573 τὰ
3114 4519 3240 4590 περὶ
3270 4519 3366 4589 τῆς
3399 4517 3559 4586 ἁγίας
3589 4517 3679 4570 καὶ

2113 4611 2324 4682 ἀγαθῆς
2355 4611 2489 4682 γῆς,
2526 4611 2619 4666 καὶ
2657 4611 2753 4682 τῆς
2787 4613 2844 4664 ὲν
2878 4613 3013 4682 αὐτῇ
3067 4612 3273 4675 πόλεως
3303 4609 3396 4664 τοῦ
3429 4609 3584 4670 Θεοῦ,
3617 4608 3678 4660 ού

2113 4703 2254 4756 κατά
2289 4702 2386 4774 τὴν
2420 4701 2724 4755 ἐνεστῶσαν
2774 4700 3084 4772 νομίζοντες
3118 4697 3254 4754 εἶναι
3301 4698 3680 4772 πραγματείαν

2114 4794 2441 4864 σαφηνίσαι,
2498 4791 2902 4864 ὑπερτιθέμεθα
2963 4795 3043 4856 εἰς
3097 4793 3166 4845 τὰ
3228 4791 3525 4862 ὲξηγητικὰ
3573 4790 3680 4842 τῶν

2112 4885 2430 4956 προφητῶνο
2465 4885 2573 4937 ἀπὸ
2604 4886 2800 4956 μέρους
2821 4927 2835 4950 ,
2869 4884 3009 4938 κατὰ
3037 4885 3097 4936 τὸ
3121 4883 3341 4938 δυνατὸν
3383 4884 3536 4954 ἡμῖν,
3570 4881 3681 4952 διη-

2110 4974 2408 5045 γησάμενοι
2465 4973 2592 5044 περὶ
2647 4973 2852 5035 πόλεως
2885 4973 3019 5024 Θεοῦ
3067 4974 3124 5024 ὲν
3173 4975 3285 5035 τοῖς
3323 4987 3679 5042 πραγματευ-

2110 5065 2278 5119 θεῖσιν
2306 5067 2437 5135 ἡμῖν
2471 5067 2550 5127 εἰς
2593 5064 2684 5116 τὸν
2715 5063 3144 5134 τεσσαρακοστὸν
3173 5064 3422 5133 πέμπτον
3449 5061 3678 5131 ψαλμὸν,

2117 5158 2210 5211 καὶ
2262 5156 2352 5210 τὸν
2407 5155 2836 5232 τεσσαρακοστὸν
2879 5155 3100 5225 ἕϐδομον
3128 5153 3359 5224 ψαλμόν.
3412 5149 3534 5207 Οἵδε
3564 5151 3621 5204 δὲ
3650 5151 3681 5203 ὁ

518 5309 564 5344 ⁸⁸
597 5310 741 5367 Psal.
769 5324 960 5376 xxxvx,
989 5310 1080 5365 3i.
1123 5309 1164 5341 ⁶¹
1193 5307 1298 5372 15a.
1328 5324 1436 5373 Liv,
1468 5308 1555 5364 i2.
1597 5311 1642 5342 “
1677 5309 1808 5365 lbid.
1841 5311 1928 5364 ll.
1994 5311 2040 5343 ⁸³
2072 5311 2207 5382 Agg.
2240 5325 2301 5378 ll,
2331 5309 2384 5364 6.

542 5446 631 5520 45)
665 5446 912 5515 Vulgata,
941 5444 1038 5509 τὰς
1066 5444 1258 5508 πύλας.

517 5446 627 5641 ξρϐ)
649 5515 764 5571 Τοῦ
793 5514 952 5595 παρὰ
971 5514 1258 5597 ῌλὰτωνιρ

558 5597 652 5640 ent
683 5587 844 5640 codd.
879 5588 1053 5640 Vattc.
1090 5594 1144 5640 et
1175 5585 1258 5638 Ba:

449 5586 516 5639 lia

540 5512 627 5586 46)
649 5512 952 5584 Τοῦ-παρὰ
971 5514 1242 5586 Πλάτωνι
1255 5515 1445 5586 μύθου
1461 5512 1757 5586 κειμένου.
1777 5514 1852 5586 Ita
1873 5524 2018 5571 recte

558 5584 652 5640 ent
683 5587 844 5640 codd.
879 5587 1053 5640 Vatic.
1090 5594 1144 5640 et
1175 5585 1359 5649 Basil.,
1396 5584 1743 5640 male’autem
1793 5584 2012 5642 l-ltesch.

447 5666 502 5709 et
566 5656 852 5721 Spencer.,
888 5653 966 5723 τῷ
1003 5654 1152 5726 παρὰ
1178 5655 1422 5736 Πλάτιονι
1439 5655 1647 5777 ιμύθου,
1682 5655 1941 5777 κειμένιρτ

521 5722 632 5777 (47)
674 5721 851 5777 Ἁέοα.
885 5725 1039 5777 Apud
1063 5723 1336 5777 Platonem
1367 5741 1419 5777 ιι]
1486 5725 1722 5777 Ittcdone.
1744 5740 1862 5777 nua.
1922 5729 1941 5777 ι

521 5722 632 5792 (47)
674 5721 851 5792 Ἀέρα.
885 5721 1039 5796 Apud
1063 5721 1336 5779 Platonem
1367 5727 1419 5780 in
1439 5721 1722 5792 Plucdone,
1742 5721 2011 5802 ρέιετίθθ,

2126 5447 2267 5502 inter
2295 5447 2430 5516 ἀέρα
2457 5455 2510 5498 et
2531 5447 2633 5516 stati.
2659 5447 2705 5499 εἰ
2727 5447 2907 5515 φύσις,
2940 5449 3052 5501 haec
3082 5446 3241 5516 verba
3272 5445 3550 5512 interiecta
3588 5447 3682 5502 ha-

2121 5517 2262 5588 bes:
2304 5515 2453 5569 Ἐπεὶ
2476 5515 2643 5588 εἴτις
2675 5516 2838 5570 αὐτοῦ
2885 5519 2971 5588 ὲπξ
3002 5517 3145 5588 ἂκρα
3186 5515 3350 5588 ἔλθοι,
3397 5517 3430 5586 ἢ
3481 5518 3683 5588 τετηνὺς

2121 5587 2426 5672 γενόμενος,
2463 5585 2770 5672 ἀνόιπτριτο,
2823 5587 3056 5672 κατιδεῖν
3081 5585 3454 5672 ἀνακύψαντα,
3492 5585 3682 5672 ὥσπερ

2121 5654 2304 5727 ἐνθάδε
2335 5657 2384 5727 oi
2411 5657 2474 5727 ex
2504 5655 2604 5727 τῆς
2635 5654 2898 5727 θαλᾴττης
2925 5657 3104 5726 ἰχθύες
3127 5657 3527 5727 ἀνακύπτοντες
3550 5654 3683 5727 ὁρῶ-

2124 5741 2172 5776 -σι
2207 5725 2273 5777 τὰ
2307 5724 2509 5788 ἐνθάδε,
2538 5723 2709 5786 οὕτως
2742 5725 2806 5777 ἄν
2838 5723 3078 5780 τινακαὶ
3104 5726 3170 5781 τὰ
3197 5729 3311 5779 ἐκεῖ
3339 5723 3594 5788 κατιδςῖνζ
