3972 6160
368 318 508 373 1465

1527 316 1806 371 CONTRA
1844 315 2117 372 CELSUM
2154 315 2281 371 LIB.
2326 317 2434 370 VH.

3470 323 3496 376 1
3510 321 3607 379 £66

363 430 718 502 ἀρχαιότατος
749 429 1026 492 Μωῦσέως
1059 429 1151 482 καὶ
1183 428 1289 483 τῶν
1329 430 1618 500 προφητῶν
1663 431 1816 498 λόγος
1871 448 1913 482 τς

2041 447 2164 484 esse
2207 447 2409 496 veram,
2465 445 2583 485 esse
2623 431 2818 485 coelum
2855 431 2997 486 aliud
3050 440 3254 500 praeter
3296 432 3601 489 ﬁrmamen-

365 521 590 592 ἀληθινὰ
624 522 798 575 πάντα
847 519 1112 591 ὁμώνυμα
1144 523 1256 583 τοῖς
1297 520 1420 590 τῇδε
1455 520 1932 590 καθολικωτέροις·

363 610 493 677 οἷον,
526 612 775 682 ἀληθινὸν
803 611 940 680 φῶς,
965 612 1060 664 καὶ
1079 611 1306 681 οὐρανὸν
1336 610 1519 680 ἕτερον
1549 612 1697 682 παρὰ
1725 612 1784 664 τὸ
1816 628 1935 662 στε-

366 704 574 774 ρέωμα,
602 703 695 756 καὶ
715 704 803 755 τὸν
820 703 916 772 τῆς
941 700 1282 772 δικαιοσύνης
1306 701 1452 770 ἣλιον
1478 701 1634 754 ἄλλον
1666 701 1815 771 παρά
1845 701 1933 752 τὸν

362 794 636 864 αἰσθητόν.
688 794 798 846 Καὶ
830 791 1162 856 ἁπαξαπλῶς
1192 791 1248 844 δέ
1291 808 1422 861 φησι
1463 791 1570 860 (48)
1607 792 1743 861 πρὸς
1789 780 1934 843 ἀντι-

360 883 641 953 διαστολὴν
665 882 770 935 τῶν
797 881 1087 950 αἰσθητῶν,
1117 875 1190 933 ὧν
1212 880 1360 933 οὐδέν
1387 883 1532 932 ἐστιν
1555 880 1822 951 ἀληθινὸν,
1849 884 1930 948 τὸ,
1984 917 1987 919 -

363 975 526 1039 Θεὸς,
564 973 822 1040 ἀληθινὰ
851 973 922 1025 τὰ
943 972 1085 1039 ἔργα
1107 971 1290 1024 αὐτοῦ
1311 987 1323 1000 ο
1355 972 1440 1022 ἐπ’
1467 970 1638 1023 ἄλλων
1673 971 1770 1040 μὲν
1802 970 1932 1023 τάσ-

361 1083 468 1117 σων
501 1064 567 1116 τὰ
607 1063 743 1134 ἔργα
772 1063 862 1116 τοῦ
890 1062 1046 1126 Θεοῦ,
1081 1062 1173 1114 ἐπὶ
1205 1061 1438 1131 ἡττόνων
1469 1061 1525 1113 δέ
1563 1060 1630 1112 τὰ
1662 1056 1929 1131 λεγόμενα

359 1154 496 1225 ἔργα
538 1153 646 1206 τῶν
680 1154 876 1225 χειρῶν
924 1153 1108 1207 αὐτοῦ.
1145 1151 1505 1221 Μεμφόμενος
1534 1151 1662 1219 γοῦν
1698 1168 1805 1204 τισι
1841 1152 1929 1206 διὰ

2047 534 2178 588 tum,
2209 537 2329 577 esse
2353 522 2531 577 Solem
2573 525 2799 590 iustitiae
2843 524 3009 578 alium
3046 540 3074 578 a
3104 526 3346 580 sensibili
3369 526 3436 580 “.
3461 509 3604 583 'Uno

2043 616 2229 681 verbo,
2257 627 2314 669 ut
2341 632 2425 671 res
2454 617 2558 670 illae
2588 633 2616 670 a
2639 617 3010 684 sensibilibus,
3039 633 3266 688 quarum
3294 620 3438 673 nulla
3473 636 3603 676 vera

2041 718 2145 771 est,
2177 705 2598 777 distinguantur,
2628 708 2816 761 dicunt
2847 722 2862 760 :
2893 708 3053 771 Deus,
3083 708 3200 764 vera
3221 727 3377 777 opera
3400 712 3514 781 ejus
3533 714 3600 779 “,‘

2041 806 2090 850 et
2124 811 2286 864 opera
2322 798 2413 851 Dei
2465 799 2533 850 ab
2563 799 2817 866 operilms
2859 813 3115 853 manuum
3144 800 3279 868 ejus,
3312 803 3452 871 quod
3488 804 3603 859 haec

2040 886 2248 939 minora
2284 889 2412 952 sint,
2446 889 2852 944 discriminant.
2884 890 3248 956 Quamobrem
3284 894 3426 946 Deus
3459 895 3600 963 apud

2035 975 2229 1030 Isaiam
2280 977 2345 1029 de
2385 978 2710 1044 quibusdam
2737 994 2993 1047 querens,
3021 982 3095 1035 ait
3127 999 3141 1034 :
3193 978 3364 1048 Opera
3394 982 3601 1034 Domini

2035 1084 2139 1122 non
2190 1070 2489 1135 respiciunt,
2550 1087 2640 1123 nec
2696 1088 2852 1140 opera
2909 1089 3160 1128 manuum
3202 1073 3318 1142 ejus
3362 1073 3603 1127 conside-

2034 1168 2152 1210 rant
2174 1159 2239 1211 ⁸⁸.
2278 1159 2386 1214 Sed
2419 1162 2484 1213 de
2511 1161 2599 1214 illa
2633 1179 2690 1216 re
2714 1164 2869 1218 satis.

357 1250 448 1303 τοῦ
497 1249 739 1312 Ἡσαΐου,
789 1250 950 1320 φησί·
1018 1249 1094 1302 Τὰ
1133 1247 1276 1317 ἔργα
1335 1248 1554 1316 Κυρίου
1602 1249 1714 1302 οὐκ
1765 1249 2164 1318 ἐμϐλέπουσι,
2225 1256 2322 1309 καὶ
2361 1257 2432 1310 τὰ
2460 1258 2601 1327 ἔργα
2663 1259 2781 1312 τῶν
2827 1259 3038 1327 χειρῶν
3083 1258 3268 1313 αὐτοῦ
3309 1261 3380 1312 οὐ
3418 1272 3598 1312 κατα-

354 1341 586 1396 νοοῦσι.
611 1343 721 1395 Καὶ
763 1343 934 1394 ταῦτα
980 1342 1080 1410 μὲν
1122 1341 1217 1392 ἐπὶ
1250 1340 1523 1393 τοσοῦτον.

439 1437 589 1490 Ἐπεὶ
621 1436 676 1490 δὲ
726 1436 816 1489 τὸν
847 1436 974 1505 περὶ
1011 1435 1113 1505 τῆς
1160 1418 1508 1497 ἀναστάσεως
1550 1434 1707 1503 λόγον
1757 1434 1924 1488 πολὺν

352 1527 482 1580 ὄντα
511 1527 602 1580 καὶ
633 1528 1082 1598 δυσερμήνευτον,
1119 1527 1212 1579 καὶ
1243 1525 1491 1594 δεόμενον
1525 1525 1688 1594 σοφοῦ
1715 1565 1729 1590 ,
1770 1525 1926 1596 εἴπερ

350 1633 404 1668 τι
433 1616 561 1670 ἄλλο
580 1616 688 1670 τῶν
720 1616 1024 1686 δογμάτων,
1061 1615 1156 1669 καὶ
1187 1616 1279 1668 ἐπὶ
1312 1615 1492 1668 πλεῖον
1523 1615 1922 1686 διαϐεϐηκότος,

352 1710 439 1763 ἴνα
476 1709 538 1761 τὸ
583 1709 730 1773 ἄξιον
763 1708 855 1761 τοῦ
889 1707 1023 1761 Θεοῦ
1057 1709 1378 1778 παραστήσῃ
1403 1746 1418 1770 ,
1468 1707 1562 1760 καὶ
1599 1706 1659 1758 τὸ
1695 1706 1925 1777 μεγαλο-

351 1799 483 1868 φυὲς
527 1798 622 1850 τοῦ
661 1797 965 1868 δόγματος,
1004 1798 1339 1860 διδάσκοντος
1371 1797 1525 1864 λόγον
1567 1796 1708 1866 ἔχειν
1754 1797 1922 1866 σπέρ-

353 1906 522 1960 ματος
555 1889 616 1942 τὸ
655 1889 987 1960 καλούμενον
1030 1888 1168 1942 κατὰ
1200 1889 1298 1952 τὰς
1333 1888 1553 1958 Γραφάς
1591 1889 1782 1958 σκῆνος
1823 1888 1924 1956 τῆς

347 1978 560 2050 ψυχῆς,
607 1981 665 2032 ἐν
700 1971 743 2046 ᾧ
772 1981 820 2031 οἱ
863 1978 1055 2031 δίκαιοι
1088 1978 1240 2040 ὄντες
1285 1975 1640 2037 στεγάζουσι
1694 1978 1952 2059 ,βαρού-¹

343 2087 533 2139 per-or,
563 2069 648 2137 μὴ
684 2068 958 2133 θέλοντες
988 2067 1134 2122 αὐτὸ
1163 2066 1550 2134 ἐκδύσασθαι,
1581 2068 1717 2122 ἀλλ’
1759 2068 1925 2120 ἐπεν-

345 2162 680 2215 δύσασθαι·
739 2161 814 2231 μὴ
859 2163 1058 2230 νοήσας
1108 2163 1137 2214 ὁ
1192 2161 1429 2224 Κέλσος,
1493 2159 1571 2230 τῷ
1616 2160 1721 2212 ἀπὸ
1775 2160 1920 2212 ἰδιω-

347 2253 453 2306 τῶν
475 2253 606 2324 (49),
658 2253 752 2308 καὶ
799 2254 988 2324 μηδενὶ
1043 2253 1186 2324 λόγῳ
1219 2253 1569 2324 παραστῆσαι
1610 2253 1918 2324 δυναμένων

346 2344 638 2415 ἀκηκοέναι
677 2344 804 2415 περὶ
835 2343 997 2397 αὐτοῦ
1017 2385 1032 2408 ,
1065 2344 1311 2414 χλευάζει
1348 2343 1408 2396 τὸ
1439 2343 1750 2413 λεγόμενον·
1794 2345 1922 2414 χρή-

347 2453 505 2505 σιμον
531 2436 666 2507 πρὸς
693 2438 806 2498 τοῖς
829 2435 1084 2508 ἀνωτέρω
1117 2435 1426 2506 εἰρημένοις
1461 2436 1592 2504 ἡμῖν
1633 2435 1758 2506 περὶ
1796 2430 1919 2487 τού-

343 2544 435 2579 του
467 2523 624 2579 τοῦτο
659 2525 818 2596 μόνον
850 2515 1364 2594 ὑποσημειώσασθαι
1408 2525 1542 2595 πρὸς
1597 2525 1688 2577 τὸν
1741 2526 1915 2594 λόγον,

343 2617 425 2669 δτι
470 2617 602 2686 οὐχ,
649 2615 724 2679 ὡς
762 2615 932 2668 οἴεται
965 2615 1204 2679 Κέλσος,
1243 2615 1342 2684 τῆς
1379 2614 1916 2686 μετενσωματώσεως

347 2705 789 2777 παρακούσαντες
815 2704 883 2758 τά
915 2705 1042 2776 περὶ
1070 2704 1414 2768 ἀναστάσεως
1448 2723 1624 2775 φαμεν
1646 2723 1658 2735 ·
1695 2705 1814 2762 ἀλλ’,
1837 2708 1914 2758 εἰ·-

341 2797 520 2863 δότες,
568 2798 649 2849 ὅτι
679 2799 711 2867 ή
739 2799 804 2867 τῇ
828 2797 1028 2867 ἑαυτῆς
1057 2796 1213 2865 φύσει
1243 2796 1530 2867 ἀσώματος
1563 2799 1656 2850 καὶ
1688 2798 1916 2870 ἀόρατος

340 2888 484 2959 ψυχὴ
507 2927 522 2952 ,
555 2889 613 2940 ἐν
646 2889 808 2942 παντὶ
836 2887 1130 2958 σωματικῴ
1160 2889 1309 2958 τόπῳ
1337 2888 1673 2957 τυγχάνουσα
1693 2928 1707 2951 ,
1737 2889 1914 2941 δέεται

342 2977 593 3049 σώματος
639 2977 837 3030 οἰκείου
893 2979 957 3047 τῇ
1012 2976 1168 3044 φύσει
1221 2975 1298 3047 τῷ
1350 2977 1496 3046 τόπῳ
1545 2976 1738 3046 ἐκείνῳ
1763 2977 1910 3047 (50)'

338 3067 476 3139 ὅπερ
534 3067 666 3120 ὅπου
716 3067 813 3140 μὲν
869 3068 1025 3137 φορεί
1074 3065 1492 3135 άπεκδυσαμένη
1544 3066 1604 3119 τὸ
1652 3065 1914 3137 πρότερον

2102 1435 2192 1488 52.
2259 1435 2526 1501 Quoniam
2576 1449 2704 1490 vero
2747 1436 3164 1491 resurrectionis
3200 1436 3392 1506 dogma
3426 1439 3594 1495 altum

2031 1540 2160 1580 sane
2176 1534 2232 1579 et
2256 1537 2514 1580 enarratu
2542 1523 2780 1592 dilIicile,
2809 1529 3064 1595 quodque
3088 1528 3328 1581 omnium
3360 1531 3596 1586 maxime

2033 1618 2242 1684 indiget
2280 1618 2396 1670 viro
2427 1618 2704 1684 sapiente,
2749 1620 2857 1673 imo
2906 1620 2959 1672 in
2999 1619 3268 1687 sapientia
3301 1631 3592 1690 provecto,

2030 1708 2120 1775 qui
2151 1708 2402 1762 ostendat
2428 1724 2592 1778 quam
2623 1710 2840 1778 dignum
2867 1710 2993 1763 illud
3022 1710 3154 1774 Deo,
3179 1727 3340 1780 quam
3364 1713 3595 1770 sublime

2029 1801 2139 1864 sit;
2171 1799 2435 1869 siquidem
2472 1817 2538 1856 ex
2599 1802 2690 1855 illo
2728 1803 2990 1856 discimus
3048 1805 3311 1857 rationem
3368 1803 3594 1859 seminis

2029 1892 2206 1947 inesse
2237 1893 2290 1946 in
2316 1896 2421 1948 hoc
2459 1894 2651 1948 anima:
2673 1934 2688 1959 ,
2719 1906 2777 1950 ut
2811 1896 3102 1966 Scriptura:
3137 1905 3369 1959 vocant,
3413 1895 3593 1948 taber-

2028 1984 2220 2038 naculo
2242 2025 2256 2048 ,
2297 1986 2350 2039 in
2381 2002 2489 2056 quo
2517 1988 2650 2055 justi
2689 1988 3040 2057 ingemiscant
3069 1989 3271 2058 gravati
3298 2027 3314 2050 ,
3356 1986 3592 2040 nolentes

2023 2075 2344 2143 exspoliari,
2395 2079 2486 2130 sed
2526 2079 2866 2145 supervestiri
2902 2080 2968 2142 ‘7;
3015 2080 3136 2134 ideo
3166 2079 3356 2132 Celsus
3398 2077 3590 2130 irridet

2023 2165 2148 2232 quia
2187 2180 2293 2218 non
2329 2167 2625 2236 intelligit,
2670 2183 2767 2222 nec
2811 2167 3016 2223 audivit
3041 2169 3142 2221 nisi
3179 2168 3245 2220 ab
3283 2165 3588 2235 imperitis,

2021 2253 2112 2320 qui
2137 2253 2282 2306 nullo
2321 2255 2450 2307 illud
2476 2267 2798 2325 argumento
2827 2266 3079 2312 astruere
3125 2264 3415 2324 poterant,
3450 2254 3587 2308 utile

2019 2339 2204 2407 fuerit,
2235 2352 2433 2412 praeter
2456 2358 2516 2397 ea
2553 2359 2675 2413 qua:
2707 2345 2811 2399 hac
2846 2346 2911 2399 de
2956 2360 3014 2398 re
3045 2359 3209 2414 supra
3237 2343 3385 2398 dicta
3418 2351 3585 2406 sunt,

2022 2432 2124 2486 hoc
2164 2448 2329 2486 unum
2355 2434 2680 2502 observare,
2722 2448 2840 2503 quae
2883 2435 2948 2488 de
2991 2432 3586 2489 resurrectione‘tradi-

2020 2538 2253 2586 mus,_ea
2305 2541 2410 2578 non
2442 2525 2711 2593 proﬁcisci
2737 2569 2752 2593 ,
2789 2538 2845 2580 ut
2888 2526 3075 2580 Celsus
3103 2535 3276 2595 putat,
3321 2540 3385 2578 ex
3441 2524 3584 2578 male

2021 2614 2327 2687 iutellecta_
2357 2615 2668 2669 animarum
2701 2631 2731 2671 e
2773 2617 3095 2685 corporibus
3132 2618 3183 2669 in
3219 2630 3451 2685 corpora
3483 2615 3584 2668 mi-

2017 2707 2304 2773 gratione;
2335 2707 2428 2762 sed
2457 2709 2584 2775 quia
2619 2709 2823 2762 scimus
2848 2709 3083 2762 animant
3122 2748 3136 2772 ,
3167 2716 3360 2761 natura
3402 2707 3585 2761 incor-

2017 2807 2240 2862 porcam
2289 2803 2345 2849 et
2392 2793 2751 2860 invisi’biletn,
2805 2796 2858 2850 in
2907 2795 3052 2850 nullo
3089 2808 3355 2862 corporeo
3400 2792 3581 2848 consi-

2017 2894 2162 2940 stere
2185 2885 2324 2952 loco,
2361 2887 2492 2956 quin
2523 2888 2762 2958 indigeat
2793 2903 3024 2957 corpore
3055 2889 3121 2941 ad
3157 2897 3407 2941 naturam
3435 2885 3580 2939 illius

2019 2976 2120 3030 loci
2148 2979 2556 3034 accommodato
2584 2996 2598 3032 :
2631 2980 2778 3048 quod
2817 2994 3014 3047 corpus
3043 2983 3201 3034 modo
3241 2977 3459 3048 quidem
3483 2990 3578 3046 ge-

2018 3078 2146 3135 stat,
2179 3079 2342 3124 exuto
2373 3071 2542 3138 priori
2571 3074 2715 3140 quod
2738 3079 2900 3124 antea
2931 3070 3298 3124 necessarium
3323 3107 3339 3133 ,
3391 3077 3579 3135 postea

339 3158 632 3225 ἀναγκαίον
677 3157 806 3226 μὲν,
844 3156 1099 3227 περισσὸν
1145 3156 1202 3208 δὲ
1252 3155 1326 3218 ὡς
1379 3156 1513 3226 πρὸς
1545 3155 1612 3208 τὰ
1643 3155 1871 3228 δεύτερα
1895 3174 1907 3186 ·

2021 3158 2209 3212 inutile
2252 3159 2344 3226 lit;
2380 3163 2536 3216 modo
2577 3169 2755 3215 autem
2793 3176 2958 3231 super
2996 3160 3172 3224 illud,
3227 3159 3374 3228 quod
3426 3158 3580 3226 prius

339 3248 471 3301 ὅπου
518 3248 574 3300 δὲ
622 3248 1024 3317 ἐπενδυσαμένη
1081 3240 1124 3314 ᾧ
1175 3248 1436 3320 πρότερον
1489 3241 1622 3316 εἶχε,
1678 3246 1905 3321 δεομένη

338 3339 638 3409 κρείττονος
669 3339 957 3409 ἐνδύματος
985 3340 1064 3402 εἰς
1087 3341 1212 3401 τοὺς
1241 3339 1656 3408 καθαρωτέρους
1689 3339 1785 3391 καὶ
1817 3339 1903 3390 αἰ-

339 3430 548 3501 θερίους
579 3432 673 3484 καὶ
702 3429 983 3501 οὐρανίους
1007 3430 1222 3492 τόπους.
1255 3431 1362 3481 Kal.
1393 3428 1759 3494 ἀπεξεδύσατο
1806 3431 1904 3500 μὲν

336 3523 429 3576 ἐπὶ
464 3525 562 3596 τὴν
613 3524 738 3596 τῇδε
787 3525 996 3592 γένεσιν
1031 3521 1296 3593 ἐρχομένη
1345 3522 1404 3574 τὺ
1452 3523 1717 3591 χρήσιμον
1771 3523 1904 3592 πρὸς

334 3615 431 3687 τὴν
478 3619 535 3670 ἐν
569 3619 632 3686 τῇ
686 3615 887 3686 ὑστέρᾳ
916 3614 1012 3684 τῆς
1055 3611 1290 3683 κυούσης
1314 3653 1327 3674 ,
1388 3614 1491 3676 ἕως
1539 3609 1606 3684 ἦν
1639 3616 1695 3665 ἐν
1728 3614 1863 3684 αὐτῇ
1887 3652 1900 3674 ,

333 3707 529 3778 χωρίον
548 3723 562 3741 ⁸
607 3705 891 3760 ἐνεδύσατο
919 3706 975 3758 δὲ
1017 3705 1108 3758 ὑπ’
1151 3706 1323 3757 ἐκεῖνο
1355 3704 1381 3756 ὃ
1409 3700 1475 3775 ἦν
1505 3706 1796 3772 ἀναγκαῖον
1825 3705 1903 3773 τῷ

331 3800 424 3852 ἐπὶ
459 3799 563 3868 γῆς
615 3799 858 3869 μέλλοντι
906 3797 1113 3868 διαζῇν.
1155 3793 1286 3850 Εἶτα
1337 3796 1516 3859 πάλιν,
1562 3799 1710 3861 ὄντος
1761 3798 1903 3859 τινὸς

331 3892 600 3957 σκήνους
655 3895 747 3944 καὶ
797 3892 1058 3960 ἐπιγείου
1093 3891 1312 3955 οἰκίας,
1348 3889 1646 3957 ἀναγκαίας
1677 3907 1778 3942 που
1825 3890 1902 3960 τῷ

330 3985 540 4054 σκήνει,
575 3980 938 4034 καταλύεσθαι
974 3981 1072 4050 μέν
1103 3996 1264 4050 φασιν
1287 3980 1336 4031 οἰ
1365 3979 1514 4046 λόγοι
1537 3981 1632 4050 τὴν
1661 3981 1902 4048 ἐπίγειον

328 4074 507 4127 οἰκίαν
550 4070 643 4126 τοῦ
689 4072 950 4142 σκήνους,
1003 4071 1063 4122 τὸ
1117 4071 1174 4123 δὲ
1205 4070 1400 4140 σκῆνος
1455 4071 1902 4138 ἐπενδύσασθαι

328 4165 522 4220 οὶκίαν
556 4161 1024 4232 ἀχειροποίητον,
1060 4160 1299 4214 αἰώνιον
1343 4161 1412 4212 ἐν
1447 4160 1572 4226 τοῖς
1603 4161 1896 4229 οὐρανοῖς.

328 4255 564 4321 Λέγουσι
605 4251 661 4304 δέ
707 4253 758 4304 οἰ
808 4250 900 4303 τοῦ
929 4248 1063 4303 Θεοῦ
1093 4249 1366 4321 ἄνθρωποι
1393 4289 1407 4313 ,
1441 4251 1501 4304 τὸ
1537 4251 1634 4320 μὲν
1665 4251 1901 4323 φθαρτὸν

327 4343 650 4399 ἐνδύσασθαι
684 4341 1014 4412 ἀφθαρσίαν,
1047 4341 1146 4413 τὴν
1178 4342 1540 4413 διαφέρουσαν
1564 4341 1658 4395 τοῦ
1691 4343 1902 4414 ἀφθάρ-

325 4455 416 4494 του
443 4453 456 4467 ·
513 4435 573 4488 τὸ
623 4435 680 4488 δὲ
735 4433 926 4504 θνητὸν
971 4433 1290 4487 ἐνδύσασθαι
1337 4434 1655 4497 ἀθανασίαν,
1715 4434 1898 4506 ἕτερον

2018 3249 2278 3318 habebat,
2308 3251 2553 3306 induitur
2583 3251 2840 3318 meliore,
2875 3265 2980 3320 quo
3008 3250 3214 3320 indiget
3241 3290 3258 3316 ,
3289 3258 3347 3302 ut
3379 3247 3445 3300 ad
3474 3262 3580 3316 pu-

2016 3340 2212 3404 riores,
2239 3342 2509 3400 aethereos
2553 3343 2914 3410 caelestesque
2963 3342 3111 3396 locos
3151 3339 3453 3409 perveniat.
3486 3335 3580 3391 Sic

2014 3432 2064 3484 in
2097 3431 2199 3486 hac
2229 3433 2336 3486 "vita
2389 3448 2621 3489 nascens
2649 3434 3020 3488 membranam
3071 3432 3256 3494 exuit,
3307 3443 3412 3498 qua
3455 3443 3578 3482 eam

2013 3521 2066 3574 in
2130 3522 2290 3575 vulva
2340 3525 2534 3578 matris
2576 3525 2786 3579 obvolvi
2845 3522 2975 3577 utile
3035 3533 3174 3587 erat,
3231 3523 3471 3591 quandiu
3522 3521 3577 3575 in

2011 3626 2072 3664 ca
2132 3611 2264 3677 fuit;
2314 3615 2406 3667 sed
2438 3623 2728 3682 antequam
2765 3614 2914 3668 illam
2971 3623 3177 3679 exuat,
3232 3625 3428 3678 corpus
3485 3610 3572 3663 in-

2011 3702 2174 3767 duit,
2228 3704 2370 3772 quod
2407 3715 2533 3759 erat
2588 3706 2639 3757 in
2703 3713 2848 3759 terra
2897 3706 3112 3760 victuro
3171 3701 3569 3757 necessarium.

2008 3797 2142 3848 Cum
2193 3805 2371 3849 autem
2424 3806 2682 3865 prmlcrca
2731 3799 2799 3851 sit
2843 3797 3116 3867 quoddam
3177 3790 3576 3848 tabernaculum

2011 3889 2170 3957 717
2205 3898 2251 3940 et
2294 3898 2497 3942 lerrena
2542 3888 2799 3942 habitatio
2827 3889 2870 3921 ⁸⁸
2903 3884 3252 3942 tabernaculo
3301 3882 3570 3952 quodam-

2010 3982 2168 4035 modo
2198 3982 2528 4050 necessaria,
2577 3983 2774 4037 docent
2822 3980 3118 4048 Scriptum“:
3148 3976 3468 4033 dissolutum
3505 3972 3570 4027 iri

2009 4079 2276 4126 terrenam
2308 4073 2716 4135 habitationem,
2757 4071 3161 4127 tabernaculum
3187 4083 3313 4124 vero
3338 4064 3575 4131 superia-

2007 4162 2274 4216 duendum
2288 4178 2400 4217 esse
2412 4163 2568 4230 domo
2587 4179 2694 4217 non
2706 4161 3036 4230 manufacta,
3057 4169 3253 4216 wterna
3275 4160 3330 4212 in
3346 4157 3487 4212 oazlis
3499 4155 3568 4209 ”.

2010 4251 2204 4307 Dicunt
2251 4255 2416 4308 etiam
2451 4254 2698 4308 homines
2728 4249 2821 4305 Dei
2855 4248 3208 4319 corruptibile
3254 4246 3569 4301 induturum

2005 4357 2126 4396 esse
2172 4343 2632 4412 incorruptionem
2665 4346 2734 4412 το,
2778 4362 2898 4415 qttae
2929 4342 3110 4400 diﬂ‘ert
3139 4342 3206 4394 ab
3239 4337 3571 4406 incorrupti-

2007 4433 2098 4486 bili
2123 4452 2138 4499 ;
2173 4444 2228 4489 et
2255 4439 2483 4490 mortale
2515 4437 2826 4491 iudutttrum
2853 4434 3336 4496 immortalitatem,
3361 4444 3483 4500 quae
3514 4437 3571 4484 et

323 4531 588 4602 τυγχάνον
617 4528 724 4598 (51)
755 4525 849 4581 τοῦ
877 4527 1167 4581 ἀθανάτου.
1187 4528 1282 4580 Ὃν
1302 4525 1407 4597 γὰρ
1425 4526 1579 4594 λόγον
1600 4525 1709 4596 ἔχει
1739 4526 1898 4595 σοφία

2020 4526 2120 4592 ipsa
2160 4525 2432 4595 discrepat
2461 4526 2529 4581 ab
2571 4528 2882 4584 immortali.
2913 4525 2984 4581 Ut
3015 4525 3159 4579 enim
3203 4523 3470 4592 sapientia
3509 4534 3570 4575 se

326 4623 460 4690 πρὸς
491 4622 552 4675 τὸ
585 4621 766 4690 σοφὸν,
810 4621 902 4673 καὶ
940 4619 1246 4689 δικαιοσύνη
1284 4619 1418 4690 πρὸς
1459 4619 1518 4671 τὸ
1547 4619 1769 4681 δίκαιον,
1803 4620 1896 4672 καὶ

325 4717 509 4789 εἰρήνη
542 4715 677 4787 πρὸς
697 4715 757 4768 τὸ
785 4715 1053 4786 εἰρηνικόν
1073 4731 1086 4743 ·
1117 4713 1303 4765 τοῦτον
1329 4713 1420 4765 τὸν
1442 4711 1597 4778 λόγον
1623 4711 1896 4782 άφθαρσία

329 4808 425 4875 μέν
484 4808 617 4878 πρὸς
669 4806 964 4876 ἄφθαρτον,
1013 4805 1277 4858 ἀθανασία
1324 4804 1380 4856 δὲ
1427 4804 1558 4874 πρὸς
1609 4804 1892 4856 ἀθάνατον.

328 4898 469 4967 Ὅρα
497 4893 588 4949 οῦν
621 4899 704 4966 ἐφ’
734 4892 820 4950 οἶα
855 4897 1149 4968 προτρέπει
1179 4898 1207 4948 ὁ
1235 4895 1411 4963 λόγος,
1448 4894 1766 4948 ἐνδύσασθαι
1810 4894 1896 4947 λέ-

325 5002 435 5055 γων
482 4986 580 5055 τὴν
628 4987 930 5056 ἀφθαρσίαν
973 4985 1068 5039 καὶ
1109 4983 1205 5054 τὴν
1235 4983 1560 5036 ἀθανασίαν·
1600 4982 1788 5040 ἅτινα,
1820 4982 1894 5045 ὡς

325 5073 598 5144 ἐνδύματα
660 5074 737 5144 τῷ
808 5074 1148 5143 ἐνδυσαμένῳ
1205 5074 1298 5126 καὶ
1355 5071 1724 5141 περιεχομένῳ
1791 5070 1897 5124 τῶν

325 5165 576 5220 τοιούτων
618 5165 945 5230 ἐνδυμάτων,
980 5168 1079 5219 οὐκ
1119 5167 1184 5235 ἐᾷ
1221 5165 1492 5236 φθαρῆναι
1540 5163 1571 5231 ἢ
1605 5163 1896 5216 ἀποθανεῖν

397 5296 656 5356 6“*lJoan.
681 5313 741 5364 ll,
766 5299 819 5361 8;
848 5305 1011 5358 llebr.
1044 5321 1117 5364 Ix,
1153 5305 1260 5361 9.4:
1295 5304 1524 5358 Malach.
1561 5318 1631 5366 tv,
1659 5303 1713 5373 2.

323 5393 413 5442 xv,
450 5375 536 5430 19.
611 5376 654 5408 ⁶⁹
683 5376 724 5429 ll
749 5376 872 5430 Cor.
906 5390 957 5437 ν,
994 5376 1045 5431 1.
1123 5375 1168 5405 ⁷⁰
1203 5376 1217 5427 Ι
1247 5375 1373 5428 Cor.
1407 5390 1497 5438 xv,
1525 5374 1615 5427 55.

397 5518 506 5587 (48)
540 5519 690 5592 Post
715 5520 848 5592 φησί
886 5519 1221 5576 Hocscbelins
1249 5528 1302 5575 et
1343 5522 1651 5591 Spencerus
1681 5521 1886 5577 addunt

322 5588 580 5657 51t,quOtl
605 5588 885 5645 redundat.

393 5661 500 5726 (tu)
542 5658 623 5723 Τῷ
664 5660 782 5714 ἀπὸ
813 5661 1075 5716 ἰδιωτῶν.
1127 5661 1199 5714 lla
1235 5670 1383 5716 recte
1421 5661 1589 5715 codex
1620 5658 1886 5717 Julianus.

324 5724 656 5784 lluiscltclius
689 5740 869 5787 autem
899 5742 953 5788 et
987 5734 1314 5802 Spcncerus,
1337 5732 1396 5784 τὸ
1430 5732 1535 5785 ἀπὸ
1572 5731 1810 5786 ἰδιωτῶν.

1793 5303 1838 5335 ⁸⁵
1877 5303 2014 5373 Dan.
2045 5320 2118 5371 tv,
2151 5306 2241 5362 37.

2007 4617 2168 4669 habet
2191 4618 2257 4670 ad
2288 4618 2337 4670 id
2372 4621 2513 4685 quod
2549 4619 2766 4686 sapiens
2799 4629 2900 4683 est,
2926 4628 2986 4672 ut
3007 4617 3215 4686 justitia
3248 4616 3314 4670 ad
3339 4615 3391 4669 id
3424 4613 3568 4682 quod

1999 4705 2227 4773 justum,
2261 4715 2315 4760 ut
2351 4723 2456 4776 pax
2482 4709 2545 4760 ad
2573 4710 2623 4761 id
2652 4711 2793 4776 quod
2818 4709 3135 4778 paciﬁcum;
3181 4708 3261 4761 sic
3313 4720 3372 4758 se
3402 4704 3570 4760 habet

2005 4799 2338 4868 incorruptio
2378 4801 2444 4854 ad
2493 4801 2898 4870 incorruptibile
2946 4808 3000 4855 et
3067 4797 3453 4854 immortalitas
3499 4797 3567 4852 ad

2006 4891 2331 4944 immortale.
2373 4892 2506 4947 Vide
2557 4893 2718 4960 igitur
2755 4894 2821 4947 ad
2855 4909 2976 4963 quae
3025 4909 3124 4948 nos
3153 4894 3397 4946 hortetur
3426 4890 3572 4945 Scriv

2003 4991 2184 5051 plura,
2207 4998 2328 5036 cum
2361 4984 2488 5038 dicit
2515 4984 2759 5039 indutum
2820 4987 2886 5040 iri
2942 5001 3042 5041 nos
3078 4986 3487 5055 incorruptione
3511 4995 3569 5040 et

2003 5074 2428 5138 imn'iortalitate,
2461 5076 2658 5145 quibus
2689 5079 2777 5147 qui
2811 5091 3064 5150 tanquam
3111 5079 3440 5134 indumentis
3471 5091 3565 5131 ve-

1999 5165 2194 5217 stietur
2219 5174 2382 5234 atque
2422 5168 2902 5234 circumvolvetur,
2925 5172 3198 5239 corrumpi
3223 5179 3277 5224 et
3297 5167 3436 5223 mori
3459 5180 3566 5222 non

2319 5308 2364 5340 ⁸⁸
2389 5308 2492 5366 lsa.
2529 5326 2580 5376 ν,
2617 5311 2704 5364 li.
2794 5311 2840 5342 ⁸⁷
2864 5312 2904 5366 ll
2935 5311 3059 5365 Cor.
3084 5327 3139 5374 ν,
3176 5313 3224 5365 1.
3305 5311 3351 5343 ⁸⁸
3372 5305 3563 5365 Matth.

2057 5521 2169 5594 (50)
2203 5521 2545 5594 Hmschelius
2577 5523 2629 5576 iu
2662 5532 2831 5594 textu,
2854 5521 2949 5594 τοῦ
2977 5521 3142 5573 τόπου
3155 5520 3395 5594 ἐκείνου.
3423 5521 3563 5577 Pau-

1986 5591 2041 5665 lo
2068 5588 2206 5662 'po'st
2235 5594 2416 5665 codex
2464 5592 2729 5665 Julianus,
2765 5591 3087 5665 δπρότερρν
3126 5588 3258 5665 εξχε,
3299 5591 3557 5665 δεομένη.

1993 5654 2268 5717 ΙΙιιὲςεΙιεΙ.
2301 5673 2355 5715 ct
2385 5664 2606 5728 Spcuc.,
2635 5654 2677 5726 ᾧ
2699 5654 2967 5732 ,προτερον
2993 5654 3126 5730 εἶχε,
3152 5654 3411 5732 δεομένῳ.

2069 5733 2180 5805 (51)
2217 5732 2540 5801 Τυγχάνον.
2587 5730 2767 5786 Mallet
2802 5731 3128 5798 Bohcrellus,
3167 5730 3555 5804 τυγχάνουσαν.
