3972 6160
425 285 562 339 146¹Ι

1882 280 2204 337 ORIGENIS

3523 281 3683 340 “68

418 402 644 472 poterit.
692 402 871 472 Atque
921 402 1035 456 lucc
1062 414 1225 455 ausus
1268 414 1386 453 sum
1418 399 1716 468 disputare,
1766 407 1981 467 propter

2090 396 2180 448 τὸν
2211 394 2591 465 περικείμενον
2613 395 2771 449 αὐτά.
2802 395 2910 449 Καὶ
2934 393 3109 450 ταῦτα
3135 396 3181 448 δ’
3206 396 3338 466 ἡμῖν
3371 396 3687 452 ἀποτετολ-

420 507 546 546 eum
580 492 671 563 qui
707 492 1167 547 resurrectionem
1199 500 1487 558 propterea
1517 489 1801 543 cavillatus
1824 498 1986 544 estet

421 580 614 647 irrisit,
645 580 794 651 quia,
822 581 950 650 quid
978 581 1081 635 hoc
1122 580 1336 635 nomine
1379 579 1738 649 significetur,
1764 594 1870 634 non
1903 580 1988 632 in-

421 671 723 726 tellexerat.

491 760 579 815 35.
618 760 949 814 Existimans
988 768 1169 814 autem
1218 761 1636 815 resurrectionis
1666 763 1983 831 mysterium

421 865 483 905 ea
522 864 687 904 causa
723 865 754 904 a
784 851 943 905 nobis
970 851 1173 916 doceri,
1205 857 1264 903 ut
1296 864 1686 919 cognoscamus
1714 861 1769 907 et
1802 854 1985 907 videa-

422 955 545 995 mus
581 940 769 1007 Deum,
797 943 899 997 sibi
935 942 1099 996 sumit
1128 956 1248 1009 qua:
1273 941 1406 998 vult.
1452 942 1578 1010 Ejus
1615 944 1779 997 verba
1814 932 1981 998 sunt:

420 1028 706 1099 Postquam
723 1030 1062 1100 undecunque
1081 1033 1296 1100 refutati
1309 1043 1429 1086 sunt
1449 1044 1495 1087 et
1519 1035 1757 1098 convicti,
1777 1050 1982 1099 rursus,

420 1121 575 1189 quasi
605 1120 737 1174 nihil
782 1121 1095 1189 audiissent,
1125 1125 1193 1176 ad
1222 1127 1460 1179 eamdem
1502 1126 1712 1180 redeunt
1739 1125 1987 1191 qurestio-

423 1226 539 1264 nem
579 1229 601 1268 :
647 1211 925 1277 Quomodo
974 1214 1139 1282 igitur
1187 1231 1559 1285 cognoscemus
1606 1224 1654 1268 et
1700 1214 1985 1268 videbimus

419 1297 589 1352 Deum
606 1300 632 1354 7
658 1299 931 1365 Quomodo
951 1302 1019 1354 ad
1050 1319 1166 1356 eum
1197 1305 1386 1357 ibimus
1402 1307 1426 1357 γ
1440 1305 1590 1358 Sciat
1611 1319 1740 1374 ergo
1758 1305 1985 1372 quicun-

420 1404 527 1458 que
557 1389 809 1453 voluerit,
843 1392 1058 1446 etiamsi
1090 1407 1324 1462 corpore
1352 1408 1486 1463 opus
1528 1393 1821 1447 habeamus
1859 1408 1982 1447 Clllll

421 1481 488 1534 ad
534 1480 668 1537 alios
710 1497 863 1548 usus,
915 1492 1030 1536 tum
1085 1492 1147 1537 ut
1191 1484 1244 1537 in
1288 1484 1408 1539 loco
1456 1499 1718 1554 corporeo
1767 1484 1980 1548 simus;

421 1573 632 1627 etiamsi
661 1586 887 1641 corpore
909 1574 1125 1642 quidem
1155 1587 1290 1643 opus
1324 1575 1397 1629 sit
1427 1576 1542 1638 tali,
1566 1574 1738 1643 qualis
1760 1583 1843 1628 est
1864 1588 1986 1628 cor-

420 1664 566 1731 porei
590 1663 692 1718 loci
726 1672 1025 1728 natura,'et
1052 1674 1334 1734 prepterea
1375 1680 1538 1735 super
1568 1664 1980 1719 tabernaculum

2092 483 2286 554 μήσθω
2310 483 2398 536 διά
2436 484 2525 536 τὸν
2556 484 2630 554 μὴ
2678 486 2950 554 νοήσαντα
2982 485 3010 537 ὃ
3043 502 3095 537 τι
3126 486 3257 538 ποτὲ
3285 485 3518 557 λέγομεν
3547 487 3676 558 (52)

2086 575 2184 645 τὴν
2212 576 2526 640 ἀνάστασιν,
2552 575 2646 626 καὶ
2669 574 2756 628 διά
2777 574 2935 628 τοῦτο
2956 575 3199 644 γελῶντα
3220 578 3313 632 καὶ
3333 578 3680 649 χλευάζοντα

2086 667 2147 719 δν
2175 667 2275 719 οὐκ
2305 660 2415 718 οἶδε
2444 665 2619 734 λόγον.

2158 761 2411 830 Οίόμενος
2459 759 2505 811 δ’
2546 760 2725 828 ἡμᾶς,
2772 757 2860 811 διά
2902 759 2961 811 τὸ
3002 758 3206 827 γνῶναι
3250 762 3346 815 καὶ
3393 762 3519 817 ἰδεῖν
3570 764 3677 818 τὸν

2086 851 2239 913 Θεὸν,
2268 847 2589 921 πρεσϐεύειν
2621 847 2692 900 τὰ
2718 849 2847 918 περὶ⁹
2886 849 2987 918 τῆς
3016 850 3385 916 ἀναστάσεως,
3426 855 3676 926 συνείρει

2087 940 2265 1010 ἑαυτῷ
2303 940 2339 993 ἃ
2372 938 2652 1009 βούλεται,
2682 940 2775 993 καὶ
2818 939 3044 994 τοιαῦτά
3094 958 3296 1011 φησιν⁶
3362 944 3545 999 Ὅταν
3582 945 3671 1014 δὴ

2088 1033 2383 1086 πάντοθεν
2407 1032 2784 1100 ἐξείργωνται
2822 1032 2919 1086 καὶ
2956 1031 3409 1103 διελέγχωνται,
3449 1037 3672 1101 πάλιν,
3727 1094 3738 1110 ,

2085 1122 2287 1189 ὥσπερ
2318 1119 2499 1175 οὐδὲν
2538 1121 2886 1187 ἀκηκοότες,
2935 1119 3258 1176 ἐπανίασιν
3283 1121 3383 1175 ἐπὶ
3410 1122 3477 1176 τὸ
3511 1125 3669 1178 αὐτὸ
3700 1122 3735 1167 ἱέ

2086 1208 2381 1277 ἐρώτημα,
2412 1207 2544 1274 Πῶς
2568 1203 2683 1262 οὖν
2706 1206 2939 1277 γνῶμεν
2967 1208 3064 1262 καὶ
3100 1208 3315 1278 ιδωμεν
3341 1210 3449 1265 τὸν
3479 1216 3670 1279 Θεόνς

2087 1299 2185 1352 καὶ
2238 1297 2371 1364 Πῶς
2423 1297 2601 1367 ἴωμεν
2631 1299 2781 1365 πρὸς
2816 1300 3043 1364 utitor;
3076 1300 3242 1352 Ἰστω
3269 1299 3365 1354 οὖν
3403 1304 3432 1355 ό
3478 1303 3669 1374 βουλό-

2089 1405 2248 1459 μενος
2269 1428 2284 1452 ,
2320 1389 2401 1441 ὅτι
2434 1388 2538 1442 κᾶν
2567 1391 2649 1451 εἰς
2692 1388 2827 1442 ἄλλα
2854 1389 3102 1460 δεώμεθα
3130 1390 3415 1463 σώματος,
3463 1395 3541 1466 τῷ
3600 1398 3667 1451 ὲν

2085 1482 2234 1551 τόπῳ
2265 1481 2560 1552 σωματικῷ
2580 1479 2693 1551 (55)
2721 1484 3029 1552 τυγχάνειν,
3073 1483 3167 1536 καὶ
3198 1485 3459 1551 τοιούτου,
3497 1490 3667 1543 ὁποία.

2086 1573 2233 1627 ἐστὶν
2260 1576 2292 1643 ή
2323 1573 2482 1641 φύσις
2500 1573 2596 1625 τοῦ
2630 1572 2939 1644 σωματικοῦ
2969 1574 3155 1638 τόπου,
3178 1577 3273 1629 καὶ
3299 1576 3536 1648 δεόμενοι
3558 1580 3662 1632 τοῦ

2088 1664 2334 1734 σώματος
2350 1664 2713 1736 ἔπενδυόμεθα
2729 1665 2838 1735 (54)
2857 1664 2935 1735 τῷ
2953 1668 3142 1738 σκήνει
3159 1668 3234 1722 τὰ.
3253 1673 3626 1742 προειρημένα
3639 1689 3657 1703 ·

422 1754 491 1807 iis
520 1752 807 1808 induamur
858 1768 980 1823 qua:
1026 1757 1186 1810 modo
1214 1756 1487 1823 diximus;
1526 1771 1626 1812 nos
1672 1766 1850 1811 tamen
1881 1772 1981 1810 non

2089 1756 2201 1808 ἀλλ’
2235 1757 2316 1819 είς
2365 1755 2561 1824 γνῶσίν
2611 1773 2674 1824 γε
2724 1755 2859 1809 Θεοῦ
2907 1756 3156 1828 σώματος
3184 1760 3436 1830 οὐδαμῶς
3460 1764 3663 1834 χρῄζο-

420 1858 580 1913 egere
597 1857 823 1912 corpore
846 1846 911 1898 ad
929 1847 1358 1915 cognoscendum
1385 1848 1577 1902 Deum.
1607 1848 1662 1902 Id
1685 1848 1829 1901 enim
1845 1847 1985 1915 quod

419 1934 566 1988 videt
589 1934 778 1999 Deum,
800 1949 906 1988 non
936 1944 1017 1989 est
1041 1935 1229 1990 oculus
1249 1937 1514 2006 corporis,
1545 1939 1639 1992 sed
1677 1952 1850 2003 mens,
1869 1952 1987 2006 qua:

422 2022 490 2077 ad
533 2024 819 2094 imaginem
852 2025 1164 2082 Conditoris
1213 2028 1352 2083 facta
1382 2038 1487 2094 est,
1517 2038 1573 2085 et
1603 2045 1630 2083 a
1663 2028 1756 2084 Dei
1800 2030 1983 2097 provi-

421 2112 604 2168 dentia
630 2115 720 2169 Dei
755 2120 1118 2185 cognoscendi
1143 2119 1456 2176 facultatem
1487 2121 1718 2188 accepit.
1757 2121 1811 2176 Id
1841 2120 1984 2189 quod

421 2201 587 2257 Deum
613 2205 779 2271 videt,
813 2219 895 2262 est
922 2223 1017 2263 cor
1065 2225 1282 2280 purum,
1329 2213 1471 2267 unde
1504 2226 1609 2266 non
1628 2213 1859 2282 amplius
1887 2227 1986 2267 ex-

419 2307 549 2351 eunt
564 2299 902 2366 cogitationes
925 2302 1096 2369 malm,
1122 2319 1225 2356 non
1245 2304 1548 2368 homicidia,
1567 2320 1671 2358 non
1696 2303 1984 2369 adulteria,

419 2403 524 2441 non
556 2387 953 2457 fornicationes,
998 2408 1100 2447 non
1136 2394 1301 2461 furta.
1339 2408 1445 2447 nou
1485 2393 1623 2463 falsa
1657 2394 1983 2460 testimonia,

420 2493 523 2531 non
575 2477 933 2547 blasphemia,
969 2497 1071 2535 non
1110 2483 1295 2536 oculus
1339 2499 1561 2554 nequam
1585 2485 1654 2547 ⁷³,
1702 2500 1806 2539 non
1840 2484 1985 2539 aliud

418 2569 708 2637 quidquam
738 2571 1010 2625 vitiosum.
1041 2573 1332 2642 Propterea
1352 2575 1590 2630 dicitur:
1619 2574 1769 2630 Beati
1788 2577 1984 2630 mundo

416 2659 574 2713 corde
590 2702 605 2727 ,
626 2662 875 2729 quoniam
897 2662 999 2729 ipsi
1022 2663 1184 2717 Deum
1207 2664 1450 2719 videbunt
1473 2666 1541 2718 ".
1567 2664 1832 2731 Quoniam
1855 2681 1983 2720 vero

418 2756 477 2802 ut
503 2763 598 2804 cor
622 2752 841 2807 omnino
877 2755 1130 2808 mundum
1163 2756 1480 2820 habeamus,
1500 2772 1607 2813 non
1640 2757 1837 2813 sutiicit
1861 2774 1985 2827 pro-

417 2841 657 2909 positum
729 2853 1007 2908 nostrum,
1065 2846 1160 2898 sed
1220 2860 1358 2915 opus
1411 2855 1496 2901 est
1543 2856 1601 2901 ut
1651 2849 1731 2901 sic
1786 2863 1815 2901 a
1877 2849 1985 2904 Deo

418 2940 672 2997 creetur;
704 2932 824 2988 ideo
851 2934 943 3003 qui
971 2944 1223 3002 precatur
1244 2937 1386 2989 sicut
1419 2947 1659 3005 oportet.
1699 2939 1796 2993 hac
1823 2954 1983 3007 prccc

418 3023 590 3078 utitur
619 3044 631 3079 :
664 3022 771 3078 Cor
791 3024 1044 3079 mundum
1073 3040 1191 3077 creo
1222 3028 1274 3078 in
1306 3043 1407 3093 me,
1439 3028 1578 3082 Deus
1600 3029 1666 3082 ⁷³.

486 3195 575 3252 54.
605 3196 709 3251 Sed
728 3212 918 3265 neque,
935 3200 1095 3268 quasi
1111 3200 1316 3256 Deusin
1343 3200 1464 3256 loco
1483 3211 1650 3265 esset,
1680 3202 1981 3271 interroga-

417 3287 593 3342 himus
617 3287 874 3356 quomodo
888 3290 1015 3341 ituri
1039 3290 1200 3344 simus
1228 3292 1297 3344 ad
1316 3291 1488 3346 illaut.
1509 3292 1647 3347 Deus
1670 3294 1811 3346 enim
1831 3294 1979 3347 ouuti

417 3377 537 3431 loco
564 3377 757 3432 melior
787 3381 969 3434 omnia
1012 3383 1446 3449 comprehendit,
1476 3398 1577 3437 nec
1611 3383 1716 3437 ulla
1745 3399 1803 3438 re
1834 3397 1981 3438 COlll-

417 3470 792 3543 prehenditur.
824 3471 935 3528 Non
962 3473 1127 3543 igitur
1162 3490 1392 3544 corpore
1424 3477 1490 3530 ad
1526 3476 1690 3530 Deum
1715 3477 1980 3531 accedere

412 3568 569 3635 jubet
596 3567 738 3622 istud
772 3575 1106 3639 pra-ceptum
1139 3585 1153 3622 :
1189 3567 1317 3623 Post
1341 3569 1626 3622 Dominum
1649 3568 1979 3622 Deumtuum

415 3658 705 3713 ambulabis
726 3659 800 3726 7‘;
851 3674 1029 3729 neque
1076 3660 1342 3731 PrOpheta
1390 3674 1618 3727 corpore
1666 3661 1982 3714 adhaerebat

416 3746 547 3811 Deo,
573 3763 693 3802 cum
729 3763 893 3805 orans
923 3751 1087 3821 718
1111 3752 1318 3808 diceret
1349 3769 1363 3806 :
1398 3752 1633 3805 Adlucsit
1660 3752 1843 3805 anima
1866 3768 1979 3804 mea

415 3844 530 3904 post
553 3845 601 3889 le
631 3837 697 3890 ⁷⁸.
745 3836 855 3892 Nos
903 3839 1070 3910 igitur
1099 3841 1466 3895 calumniatur
1507 3842 1720 3907 Celsus,
1753 3858 1875 3896 cum
1906 3843 1980 3896 ait

415 3942 633 3992 sperare
660 3945 753 3981 nos
770 3930 1029 3995 futurum,
1051 3941 1106 3983 ut
1128 3932 1293 3985 oculis
1318 3933 1554 3998 corporis
1578 3932 1743 3986 Deum
1768 3936 1978 3987 intuea-

413 4032 554 4079 mur,
596 4021 810 4073 auribus
838 4037 1009 4075 vocem
1038 4022 1150 4086 ejus
1181 4022 1486 4089 audiamus,
1513 4033 1562 4078 et
1594 4025 1839 4081 manibus
1859 4041 1979 4077 cor-

415 4110 558 4177 poris
577 4126 695 4163 eum
725 4120 1120 4167 contrectemus.
1144 4114 1357 4170 Scimus
1384 4116 1436 4169 in
1456 4115 1659 4170 divinis
1682 4116 1980 4185 Seripturis

413 4203 744 4258 mentionem
780 4203 895 4259 ﬁeri
922 4204 990 4260 de
1026 4206 1217 4270 oculis,
1252 4207 1318 4261 de
1346 4207 1596 4274 auribus,
1629 4208 1697 4262 de
1727 4208 2001 4263 manibus.

415 4308 535 4362 qua:
565 4309 687 4349 cum
736 4297 856 4351 istis
902 4298 1150 4368 corporis
1204 4300 1453 4368 partibus
1503 4301 1719 4355 nonnisi
1781 4314 1977 4355 nomen

2091 1863 2208 1916 μεν.
2272 1847 2344 1899 Τὸ
2384 1846 2492 1917 γὰρ
2540 1846 2841 1915 γιγνῶσκον
2887 1848 3039 1912 Θεὸν,
3090 1851 3192 1903 οὐκ
3240 1851 3515 1923 ὀφθαλμός
3536 1856 3662 1908 ἐστι

2089 1932 2338 2005 σώματος
2357 1974 2372 1999 ,
2416 1936 2551 1989 ἀλλά
2580 1937 2736 2001 νοῦς,
2769 1937 2909 2009 ὁρῶν
2933 1937 3049 2009 (55)
3088 1940 3149 1993 τὸ
3191 1944 3308 1994 κατ’
3340 1944 3525 1997 είκόνα
3559 1945 3667 1999 τοῦ

2087 2025 2400 2089 κτίσαντος,
2434 2027 2528 2080 καὶ
2560 2027 2621 2079 τὸ
2656 2028 2949 2099 δυνάμενον
2987 2030 3313 2097 γιγνώσκειν
3343 2032 3475 2086 Θεὸν
3523 2050 3657 2105 προ-

2087 2115 2204 2185 νοίᾳ
2236 2115 2370 2167 Θεοῦ
2416 2115 2738 2186 ἀνειληφώς.
2780 2117 2890 2170 Καὶ
2913 2118 2975 2170 τὸ
3011 2117 3152 2188 ὀρῶν
3193 2119 3250 2172 δὲ
3277 2120 3408 2173 Θεὸν
3440 2122 3657 2194 καθαρά

2086 2205 2200 2257 ἐστι
2230 2205 2454 2273 καρδία,
2484 2207 2577 2274 ἀφ’
2614 2203 2681 2276 ἦς
2704 2207 2883 2259 οὐκέτι
2916 2207 3237 2279 ἐξέρχονται·
3280 2209 3657 2282 διαλογισμοὶ

2085 2294 2333 2362 πονηροὶ
2351 2335 2365 2359 ,
2407 2297 2478 2349 οὐ
2519 2297 2720 2364 φόνοι,
2747 2298 2818 2350 οὐ
2848 2297 3105 2366 μοιχεῖαι
3124 2337 3142 2361 ,
3172 2301 3243 2353 οὐ
3266 2301 3553 2368 πορνεῖαι,
3580 2305 3653 2356 οὐ

2086 2387 2329 2451 κλοπαὶ,
2350 2388 2422 2440 οὺ
2448 2387 2949 2456 ψευδομαρτυρίαι
2966 2430 2981 2452 ,
3010 2391 3081 2443 οὺ
3100 2390 3507 2464 βλασφημίαι,
3542 2396 3655 2448 οὐκ

2086 2477 2392 2546 ὀφθαλμὸς
2416 2478 2707 2546 πονηρὸς,
2750 2478 2856 2531 οὐδ’
2902 2479 3031 2532 ἄλλο
3060 2497 3114 2532 τι
3142 2480 3251 2533 τῶν
3293 2481 3512 2535 ἀτόπων
3531 2499 3544 2513 ο
3582 2483 3652 2536 δι’

2084 2568 2121 2624 ἃ
2152 2569 2402 2637 λέγεται’
2433 2569 2717 2638 Μακάριοι
2759 2574 2812 2623 οί
2855 2572 3099 2640 καθαροὶ
3146 2571 3222 2641 τῇ
3273 2574 3516 2641 καρδίᾳ,
3562 2575 3654 2627 ὅτι

2084 2661 2255 2714 αὐτοὶ
2295 2662 2402 2714 τὸν
2434 2661 2582 2713 Θεὸν
2620 2661 2890 2728 ὄψονται.
2966 2662 3119 2715 Ἐπεὶ
3159 2663 3204 2714 δ’
3233 2664 3332 2716 οὐκ
3375 2664 3651 2734 αὐτάρκης

2085 2754 2119 2822 ἡ
2154 2752 2397 2822 ἡμετέρα
2429 2752 2746 2822 προαίρεσις
2776 2753 2912 2823 πρὸς
2939 2752 2997 2804 τὸ
3030 2752 3205 2822 πάντη
3234 2752 3477 2822 καθαρὰν
3510 2754 3651 2824 ἔχειν

2083 2843 2181 2915 τὴν
2222 2842 2463 2913 καρδίαν,
2510 2842 2644 2895 ἀλλά
2674 2842 2815 2895 Θεοῦ
2852 2844 2981 2913 ἡμῖν
3012 2843 3131 2908 δεῖ,
3170 2841 3447 2908 κτίζοντος
3479 2846 3654 2916 αὐτὴν.

2085 2934 2368 3004 τοιαύτηνο
2402 2933 2488 2986 διὰ
2536 2933 2694 2986 τοῦτο
2741 2932 2957 3001 λέγεται
2992 2934 3096 2987 ὑπὸ
3135 2934 3229 2988 τοῦ
3274 2936 3651 3006 ἐπιστημόνως

2086 3022 2413 3092 εὐχομένου*
2440 3022 2701 3090 Καρδίαν
2736 3024 3001 3091 καθαρὰν
3045 3025 3257 3077 κτίσον
3300 3024 3370 3078 ἐν
3415 3024 3571 3095 ἐμοὶ,
3617 3028 3652 3079 d

2009 3106 2049 3162 C
2086 3113 2247 3177 Θεός.

2165 3205 2301 3257 Ἀλλ’
2348 3205 2476 3267 οὐδ’,
2507 3205 2582 3267 ὡς
2629 3206 2683 3256 ἐν
2714 3207 2863 3277 τόπῳ
2899 3207 3049 3270 ὄντος
3095 3206 3188 3260 τοῦ
3234 3205 3398 3269 Θεοῦ,
3460 3205 3651 3259 πευσὸσ

2085 3295 2225 3365 μεΘά
2268 3312 2433 3359 τινος,
2469 3296 2563 3349 καὶ
2614 3296 2866 3367 ἐροῦμεν,
2898 3296 3026 3363 Πῶς
3055 3297 3231 3367 ἴωμεν
3255 3287 3407 3366 πρὸξ
3434 3297 3650 3358 αὐτόν,

2081 3387 2344 3456 κρείττων
2375 3386 2483 3457 γὰρ
2517 3389 2545 3441 ὁ
2577 3387 2707 3451 Θεὸς
2738 3388 2936 3451 παντὸς
2966 3388 3153 3451 τόπου,
3188 3387 3283 3441 καὶ
3311 3387 3648 3457 περιεκτικδς

2083 3478 2282 3540 παντὸς
2322 3476 2658 3530 οὑτινοσοῦν·
2709 3478 2802 3530 καὶ
2833 3477 2982 3529 οὐδέν
3026 3478 3142 3530 ἐστι
3178 3477 3237 3529 τὸ
3280 3477 3529 3547 περιέχον
3559 3476 3648 3528 τὸν

2081 3569 2230 3622 Θεόν.
2293 3568 2365 3620 Τὸ
2419 3569 2553 3622 ἰέναι
2599 3564 2691 3621 οὖν
2734 3567 2869 3630 πρὸς
2904 3568 2995 3620 τὸν
3026 3568 3158 3621 Θεὸν
3210 3570 3271 3621 οὺ
3329 3566 3648 3638 σωματικῶς

2081 3659 2479 3731 προστέτακται
2518 3660 2646 3729 ἡμῖν
2665 3674 2678 3689 ·
2718 3657 2809 3719 τὸ,
2865 3658 3085 3711 Ὀπίσω
3114 3658 3335 3725 Kvpt'ov
3367 3656 3470 3709 τοῦ
3502 3655 3645 3710 Θεοῦ

2081 3768 2195 3806 σου
2231 3751 2496 3817 πορεύσῃ
2521 3767 2534 3779 ·
2585 3749 2706 3802 οὐδὲ
2748 3749 3071 3819 σωματικῶς
3100 3751 3129 3800 ό
3162 3750 3475 3818 προφήτης,
3524 3747 3643 3799 κολ-

2081 3838 2263 3909 ληοεὶς
2312 3838 2389 3909 τῷ
2442 3837 2581 3907 Θεῷ,
2634 3837 2796 3907 φησὶν
2852 3840 2911 3891 ὲν
2966 3840 3030 3908 τῇ
3088 3839 3249 3906 εὐχῇ’
3317 3834 3683 3901 Ἐκο.ἰ.ἰήθη’

2081 3931 2272 3984 ὀπίσω
2303 3944 2419 3984 σου
2450 3931 2487 3998 ἠ
2533 3927 2704 3997 ψυχή
2736 3947 2875 3997 μου.
2909 3927 3313 3997 Καταψεύδεται
3360 3921 3452 3979 οὖν
3492 3926 3644 3996 ἡμῶν

2081 4021 2319 4085 Κέλσος,
2376 4021 2552 4089 λέγων
2606 4018 3045 4087 προσδέχεσθαι
3105 4016 3269 4088 ’ἡμᾶς⁴
3324 4016 3645 4086 ὀρθαιμοῖς

2080 4109 2353 4179 σώματος
2387 4109 2534 4165 Θεὸν
2565 4109 2851 4178 ὄψεσθαι,
2892 4109 2988 4162 καὶ
3036 4109 3148 4162 ὠσὶ
3178 4106 3284 4175 τῆς
3306 4106 3511 4176 φωνῆς
3540 4110 3644 4160 αὺ-

2080 4203 2187 4256 τοῦ
2207 4204 2571 4257 ἀκούσεσθαι
2589 4200 2719 4271 (56),
2745 4200 2845 4254 καὶ
2869 4200 3081 4269 χερσὶν
3098 4197 3413 4267 αἰσθηταῖς
3431 4199 3647 4266 ψαύειν

2081 4293 2286 4347 αὐτοῦ.
2314 4292 2544 4363 Οἴδαμεν
2568 4292 2624 4344 δὲ
2638 4291 2942 4362 ὁμωνύμως
2958 4293 3071 4353 τοῖς
3096 4290 3342 4360 σώματος
3356 4288 3647 4359 ὀφθαλμοῖς

412 4398 699 4441 commune
722 4388 940 4453 habent,
960 4388 1092 4454 imo,
1110 4390 1249 4459 quod
1274 4391 1574 4446 mirabilius
1595 4402 1699 4455 est,
1719 4393 1787 4447 de
1816 4407 1976 4446 sensu

2084 4387 2407 4458 λεγομένους
2437 4386 2541 4439 ὑπὸ
2572 4385 2681 4439 τῶν
2714 4385 2873 4438 θείων
2897 4385 3068 4453 λόγων
3098 4382 3433 4453 ὀφθαλμοὺς,
3451 4380 3647 4452 ὁμοίως

413 4475 679 4532 diviniorc
731 4486 786 4531 et
823 4478 931 4534 alio
962 4495 1182 4547 prorsus
1205 4481 1272 4535 ab
1309 4482 1400 4537 illo
1430 4482 1520 4551 qui
1554 4481 1807 4553 loquendi
1839 4499 1973 4537 cun-

412 4571 700 4623 suetudine
733 4579 979 4640 receptus
1008 4580 1113 4626 est.
1145 4572 1278 4626 Nam
1312 4589 1434 4628 cum
1485 4573 1757 4642 Propheta
1792 4575 1926 4629 dicit
1954 4589 1971 4629 :

415 4658 604 4713 Revela
633 4660 810 4714 oculos
853 4678 994 4716 meos
1019 4672 1069 4716 et
1104 4664 1449 4717 considerabo
1486 4664 1754 4718 mirabilia
1777 4665 1840 4717 de
1865 4664 1975 4732 lege

414 4760 505 4802 tua
537 4751 586 4781 "
611 4767 624 4814 ;
655 4761 747 4803 aut
768 4770 781 4803 ;
806 4750 1132 4821 Prwi-eptum
1153 4752 1361 4807 Domini
1386 4754 1640 4819 lucidum,
1666 4755 1974 4806 illuminans

412 4839 591 4894 oculos
618 4841 701 4903 "";
734 4850 827 4895 aut
859 4859 873 4895 :
908 4841 1165 4896 Illumina
1196 4844 1375 4897 oculos
1421 4860 1563 4897 meos
1589 4885 1603 4908 ,
1640 4863 1702 4899 ne
1738 4859 1971 4908 unquam

412 4932 739 4985 obdorminm
785 4933 836 4984 in
887 4932 1146 4999 morte";
1179 4949 1337 4989 nemo
1367 4936 1442 4989 ita
1491 4936 1745 5005 stupidus
1786 4941 1886 4995 est,
1915 4941 1974 4985 ut

2008 4451 2053 4506 Β
2081 4480 2134 4532 δὲ
2169 4482 2260 4532 καὶ
2288 4479 2355 4532 τὰ
2387 4473 2532 4541 ὦτα,
2568 4479 2660 4530 καὶ
2691 4477 2790 4540 τὰς
2812 4478 3016 4547 χεῖρας,
3052 4478 3164 4538 καὶ,
3204 4474 3264 4528 τὸ
3303 4473 3509 4526 τούτων
3547 4490 3648 4525 πα-

2087 4569 2451 4641 ραδοξότερον,
2482 4568 2733 4638 αἴσθησιν
2764 4568 3059 4638 θειοτέραν,
3101 4567 3193 4620 καὶ
3233 4565 3474 4635 ὲτεροίαν
3501 4565 3649 4632 παρὰ

2080 4661 2177 4731 τὴν
2207 4660 2449 4731 συνήθως
2492 4659 2597 4713 ὑπὸ
2637 4658 2746 4711 τῶν
2776 4658 2984 4712 πολλῶν
3012 4655 3430 4727 ὀνομαζομένην.
3482 4652 3646 4707 Ἐπᾶν

2079 4750 2186 4821 γὰρ
2241 4750 2374 4820 λέγῃ
2402 4750 2514 4821 (57)
2575 4751 2603 4802 ὁ
2652 4749 2970 4820 Προφήτης’
3036 4746 3462 4814 Ἀποκάλυψον
3510 4744 3647 4808 τοὺς

2080 4843 2424 4911 ὀφθαλμούς
2444 4858 2585 4909 μου,
2614 4841 2712 4893 καί
2745 4838 3097 4906 κατανοήσω
3117 4838 3187 4893 τὰ
3213 4836 3514 4907 θαυμάσια
3531 4853 3647 4890 σου

2080 4933 2148 4986 ἐκ
2179 4933 2283 4987 τοῦ
2315 4934 2501 5001 νόμου
2534 4945 2679 4985 σου·
2720 4933 2776 5002 ἢ,
2820 4931 2883 4986 Ἠ
2908 4930 3127 4999 ἐντολὴ
3166 4930 3386 4997 Κυρίου
3430 4931 3647 4996 τηλαυ-

483 5051 528 5083 ¹¹¹
562 5049 983 5119 Malth.xv,19,
1006 5060 1058 5106 et
1087 5067 1159 5120 vr,
1202 5055 1291 5109 25.
1347 5056 1392 5086 ⁷³
1423 5056 1609 5110 Matth.
1645 5071 1698 5121 v,
1729 5057 1781 5111 8.
1845 5054 1892 5086 ⁷³
1918 5053 1981 5107 Ps

2098 5070 2147 5116 ι,
2181 5051 2265 5106 12.
2343 5052 2393 5085 τι
2427 5052 2582 5106 Deut.
2611 5065 2726 5112 ιιιι,
2757 5050 2821 5105 4.’
2877 5049 2938 5115 ,⁷⁸
2963 5048 3105 5105 Psal.
3132 5063 3262 5113 un,
3290 5047 3344 5103 9.
3420 5046 3466 5078 ⁷⁸
3500 5042 3643 5099 Psal.

410 5137 600 5188 curn,
629 5122 717 5177 18.
795 5123 839 5154 τ’
865 5123 1004 5176 Psal.
1045 5139 1199 5192 xvm,
1223 5124 1278 5179 9.
1339 5125 1386 5156 ⁷⁸
1418 5127 1557 5180 Psal.
1588 5141 1685 5189 xu,
1712 5128 1766 5180 4.

483 5252 601 5327 (52)
626 5252 809 5327 codex
843 5253 1105 5327 Julianus,
1131 5253 1380 5327 λέγομενΪ
1418 5254 1691 5327 llmschel.
1725 5265 1777 5312 et
1804 5257 1982 5327 Speu-

415 5321 550 5395 rer.,
580 5321 888 5395 λεγόμενον.
917 5326 1115 5379 Ibidem
1142 5321 1297 5390 mésf,
1331 5324 1659 5395 χλευάζοντα
1676 5327 1734 5380 ὃν
1753 5321 1982 5395 οὐκόἷδε

414 5392 590 5477 ξιόγον.
626 5392 897 5450 Hoisehel.
928 5406 980 5449 et
1016 5394 1299 5464 Spencer.,
1329 5392 1653 5465 χλευάζοντα
1680 5397 1709 5450 ὃ
1743 5399 1842 5450 οὐκ
1874 5393 1981 5449 οἶδε

415 5463 784 5614 “filiifilii”
811 5535 1125 5606 σωματικῷ.
1159 5534 1426 5591 Hoeschcl.
1461 5544 1514 5589 et
1542 5534 1828 5604 Spencer.,
1879 5554 1982 5589 σω-

422 5616 682 5668 ματικως.
924 5648 934 5654 .

408 5704 413 5709 ‘
493 5669 603 5739 (⁵⁸)
646 5672 1093 5742 Ἐπενδυόμεθω
1131 5674 1275 5746 Lege
1321 5693 1440 5733 eum
1496 5677 1776 5735 Bultercllu
1822 5680 1980 5730 ἐπεν-

2089 5251 2371 5324 δυὼμεθα,
2394 5262 2453 5324 n_t
2474 5250 2743 5324 referatur
2772 5252 2838 5324 ad
2866 5252 3192 5324 prmeedens,
3223 5247 3489 5324 δφμεφα.

2185 5318 2275 5394 55)
2319 5321 2515 5392 Ὀρῶν.
2547 5323 2691 5392 Lego
2719 5325 2748 5376 ὁ
2777 5318 2957 5394 ὥνζγει
2983 5324 3056 5394 ita
3086 5322 3213 5394 legit
3235 5318 3513 5394 Gelenius.

2185 5335 2275 5394 55)
2319 5335 2515 5392 ὐρων.
2547 5335 2691 5392 Lego
2719 5335 2748 5376 ο
2777 5335 2874 5386 ων,
2900 5335 2957 5377 et
2983 5335 3056 5376 Ita
3086 5335 3213 5445 ιείςιι
3235 5335 3513 5374 helentus.

2160 5335 2272 5466 #56)
2305 5393 2484 5466 Codex;
2522 5394 2740 5466 Regius,
2766 5391 3110 5466 ἀκούσεσθαι.
3160 5390 3360 5466 imseh.
3391 5397 3447 5466 et
3469 5386 3641 5466 $pen-

2086 5455 2785 5538 ccx?,,_3ti_cotieobat.Ibidem
2813 5478 2911 5530 pro
2934 5462 3147 5538 ψαύειν,
3180 5459 3361 5538 malim
3391 5455 3642 5538 ψαιξσειν.

2160 5533 2272 5605 (57)
2306 5534 2574 5590 Hmschcl.
2607 5542 2662 5588 et
2689 5527 2973 5602 Spcncch,
3002 5531 3169 5600 λέγει.
3206 5531 3275 5586 At
3302 5542 3457 5594 ntss.,
3486 5527 3642 5598 λέγω

2091 5604 2308 5659 rectius.
