3972 6160
317 339 340 391 1
357 339 460 394 469

1491 332 1770 389 CONTRA
1807 329 2081 386 CELSUM
2107 327 2233 383 LIB.
2271 323 2379 378 VII.

3438 320 3462 372 1
3473 320 3502 373 ιί
3508 319 3573 373 ’10

313 458 464 529 γῆς,
508 457 844 526 φωτίζουσα
883 451 1228 522 ὀφθαλμούς
1255 467 1266 478 ·
1320 451 1354 519 ἢ
1379 489 1392 511 ,
1429 449 1699 503 Φώτισον
1757 448 1885 514 τοὺς

2008 447 2139 516 legis
2175 443 2370 498 divina:
2422 435 2690 493 mirabilia
2727 431 2976 503 corporis
3015 430 3188 488 oculis
3213 431 3571 497 considerari,

313 549 657 617 ὀφθαλμούς
695 564 836 614 μου,
876 543 1107 612 μήποτε
1151 539 1409 594 ὑπνώσω
1459 543 1546 606 είς
1597 541 1887 595 θάνατον·

313 641 412 710 οὐχ
445 637 587 691 οὕτω
619 654 701 699 τις
726 635 1090 707 ὲμϐρόντητός
1120 634 1287 697 ἐστιν,
1319 633 1395 696 ὼς
1426 632 1665 702 νομίζειν
1693 631 1892 700 ὀφθαλ-

317 732 439 800 μοῖς
473 726 718 797 σώματος
751 721 1129 778 κατανοεῖσθαι
1159 720 1228 774 τὰ
1275 721 1554 792 Θαυμάσιά
1601 719 1694 773 τοῦ
1747 719 1892 772 θείου

313 820 502 889 νόμου,
537 817 570 886 ἢ
613 817 712 887 τὴν
755 814 848 868 τοῦ
895 812 1102 884 Κυρίου
1135 811 1352 880 ἐντολὴν
1396 809 1726 879 φωτιστικὴν
1755 804 1893 862 εἶναι

311 909 422 961 τῶν
450 907 540 960 τοῦ
573 905 821 976 σώματος
855 902 1168 972 ὀφθαλμῶν,
1204 902 1236 970 ἢ
1279 900 1446 952 ὖπνον
1470 899 1701 953 Θανάτου
1741 901 1892 951 ἐποι-

267 1028 281 1034 ~
313 998 497 1051 στικὸν
525 997 838 1066 συμϐαίνειν
858 995 984 1066 περὶ
1009 995 1131 1056 τοὺς
1158 992 1248 1045 τοῦ
1272 992 1524 1062 σώματος
1557 989 1890 1060 ὀφθαλμούς.

325 1090 490 1144 Ἀλλὰ
544 1090 676 1147 καὶ,
734 1088 870 1140 ἐπὰν
915 1087 1046 1157 λέγῃ
1103 1088 1131 1137 ό
1165 1086 1355 1155 Σωτὴρ
1409 1083 1588 1153 ἡμῶν,
1641 1084 1703 1134 Ὀ
1739 1083 1894 1150 ἔχων

309 1175 431 1232 ὦτα
462 1180 703 1232 ἀκούειν
741 1177 1029 1231 ἀκουέτω·
1084 1175 1178 1228 καὶ
1223 1176 1251 1226 ό
1296 1174 1472 1244 τυχὼν
1507 1173 1721 1243 συνίησι
1765 1171 1894 1241 περὶ

312 1268 601 1340 θειοτέρων
628 1269 801 1322 ταῦτα
834 1267 1087 1335 λέγεσθαι
1116 1265 1290 1318 ὢτων.
1335 1264 1449 1317 Κᾶν
1477 1264 1702 1335 λέγηται
1735 1263 1891 1329 λόγος

312 1359 524 1430 Κυρίου
555 1360 835 1428 γεγονέναι
882 1361 938 1409 ἐν
988 1357 1130 1429 χειρὶ
1187 1357 1446 1428 Ἰερεμίου
1483 1355 1576 1408 τοῦ
1612 1355 1889 1426 προφήτου

307 1450 344 1521 ἢ
376 1451 534 1503 ἄλλου
566 1451 735 1513 τινός⁸
773 1449 829 1520 ἢ,
867 1451 1062 1517 Νόμος
1102 1449 1172 1501 ἐν
1209 1449 1355 1516 χειρὶ
1395 1446 1620 1515 Μωϋσῆ
1643 1464 1656 1477 ·
1706 1446 1738 1516 ἢ
1785 1446 1887 1511 ὃτι,

315 1541 449 1606 Ταῖς
485 1542 660 1609 χερσί
680 1559 800 1609 μου
833 1540 1091 1607 ἐζήτησα
1130 1540 1234 1592 τὸν
1270 1539 1436 1603 Θεὸν,
1467 1539 1562 1591 καὶ
1593 1541 1703 1592 οὐκ
1735 1539 1889 1605 ἠπα-

308 1634 500 1702 τήθην
522 1651 535 1667 ο
579 1636 678 1703 οὐχ
719 1633 893 1696 οὕτως
922 1633 1038 1685 ἐστί
1075 1649 1158 1695 τις
1191 1632 1419 1701 ἀνόητος
1438 1669 1451 1692 ,
1482 1630 1555 1692 ὡς
1592 1630 1666 1701 μὴ
1695 1629 1890 1699 ἐκλαμ-

309 1727 489 1780 ϐάνειν
544 1726 731 1796 χεῖράς
781 1742 932 1787 τινας
996 1721 1130 1776 εἶναι
1184 1722 1459 1794 τροπικῶς
1508 1721 1883 1792 καλουμένας,

1999 548 2268 607 ιιι-τεθεριο
2314 529 2527 586 Domini
2576 526 2822 596 corporis
2878 523 3067 579 oculos
3118 523 3436 587 illuminari,
3474 533 3572 578 aut

1995 639 2190 680 somno
2217 621 2433 678 letifero
2481 617 2728 688 corporis
2754 614 2944 670 oculos
2973 614 3246 683 consopiri
3274 615 3571 670 existimet.

1995 715 2127 769 Item
2161 729 2282 768 cum
2312 711 2444 777 di_cit
2471 708 2725 764 Salvator
2752 714 2934 760 noster
2960 719 2976 757 :
3008 703 3110 769 Qui
3132 703 3456 758 liabelaures
3479 721 3575 759 au-

1998 805 2202 869 diendi,
2221 801 2488 866 audiat",
2515 798 2599 853 vel
2631 799 2793 852 homo
2816 810 2846 850 e
2869 795 3026 862 vulgo
3055 795 3159 848 hoc
3191 795 3256 848 ad
3293 809 3456 850 aures
3487 796 3572 849 di-

1998 897 2240 950 viniores
2273 895 2620 949 referendum
2660 906 2782 946 esse
2813 889 3095 960 intelligit.
3126 889 3337 944 Etcum
3371 890 3578 945 dicitur

1997 992 2175 1046 factus
2220 1002 2338 1043 esse
2371 1002 2550 1042 sermo
2601 985 2812 1039 Domini
2851 985 2901 1038 in
2949 999 3114 1038 manu
3143 983 3399 1038 Ieremia}
3445 999 3570 1052 pro-

1996 1085 2176 1153 phetae
2223 1088 2316 1134 aut
2378 1078 2603 1132 alterius
2646 1076 2966 1146 cujuslibet;
3017 1083 3112 1128 aut
3145 1093 3158 1128 :
3191 1073 3299 1127 Lex
3318 1076 3372 1128 in
3409 1091 3569 1128 manu

1999 1175 2201 1244 Hoysis
2224 1174 2300 1238 ⁸⁰;
2323 1181 2415 1224 aut
2443 1189 2456 1223 :
2485 1170 2653 1224 Deum
2671 1170 2926 1239 exquisivi
2948 1168 3190 1220 manibus
3227 1168 3374 1231 meis,
3399 1177 3445 1220 et
3465 1184 3569 1220 ιιοιι

1991 1282 2112 1318 sum
2131 1266 2374 1332 deceptus
2398 1263 2440 1294 ⁸¹
2465 1279 2478 1326 ;
2498 1277 2657 1315 nemo
2677 1270 2784 1314 tam
2802 1260 3002 1314 bardus
3018 1260 3150 1328 quin
3165 1259 3569 1328 cogitetmanus

1995 1372 2117 1412 esse
2148 1371 2268 1424 quae
2304 1355 2533 1424 ﬁgurate
2568 1354 2646 1408 sic
2680 1352 3052 1422 appellentur;
3090 1350 3160 1405 de
3181 1351 3380 1418 quibus
3408 1348 3571 1404 Joan-

1995 1465 2094 1503 nes
2117 1450 2192 1502 ait
2225 1463 2240 1500 :
2275 1445 2468 1500 Manus
2519 1455 2716 1500 nostra?
2768 1453 3226 1499 contreclaverunt
3274 1445 3338 1497 de
3399 1442 3566 1498 Verbo

1994 1541 2109 1592 uiue
2124 1539 2190 1593 θ’.
2221 1537 2340 1592 Jam
2366 1539 2408 1592 si
2450 1537 2586 1592 velis
2636 1553 2858 1592 sensum
2895 1536 3220 1590 diviniorem
3252 1549 3317 1590 ac
3344 1535 3568 1589 minime

1993 1644 2314 1698 corporeum
2347 1629 2442 1684 tibi
2480 1639 2534 1683 et
2572 1629 2745 1685 sacris
2776 1627 2979 1682 litteris
3012 1625 3280 1691 exhiberi,
3312 1626 3439 1679 audi
3469 1624 3568 1680 Sa-

1993 1719 2263 1774 lmnonem
2305 1721 2356 1773 in
2387 1719 2700 1774 Proverbiis
2725 1719 2991 1774 dicentem
3031 1734 3044 1770 :
3081 1716 3307 1772 Sensum
3332 1718 3568 1771 divinum

312 1820 443 1889 περὶ
473 1811 548 1873 ὧν
589 1820 679 1872 καὶ
716 1819 968 1888 Ἰωάννης
1010 1816 1156 1883 λέγει
1185 1833 1197 1845 '
1227 1819 1296 1869 Al
1325 1819 1519 1883 χεῖρες
1548 1814 1713 1883 ὴμῶν
1741 1814 1885 1882 ἐψη-

1996 1815 2224 1868 inoenies
2253 1813 2320 1867 ³.

298 1907 584 1976 ,Ἆάφησαν
608 1908 738 1973 περὶ
767 1907 870 1959 τοῦ
899 1907 1080 1975 λόγου
1108 1905 1209 1972 τῆς
1241 1904 1409 1972 ζωῆς.
1438 1908 1505 1958 El
1525 1906 1580 1958 δὲ
1610 1907 1700 1958 καὶ
1727 1905 1854 1976 περὶ
1879 1905 1980 1975 τῆς
2014 1907 2320 1978 κρείττονος
2351 1908 2657 1978 αἰσθήσεως
2681 1907 2774 1960 καὶ
2806 1907 2866 1960 οὐ
2909 1910 3226 1980 σωματικῆς
3262 1907 3437 1979 βούλει
3463 1903 3572 1960 ἀπὸ

305 1998 414 2050 τῶν
453 1995 609 2069 ἱερῶν
641 1996 987 2067 Γραμμάτων
1025 1994 1243 2065 μαθεῖν,
1289 1994 1518 2048 ἄκουσον
1546 1995 1889 2066 Σολομῶντος
1926 1999 1984 2051 ὲν
2009 1999 2130 2060 ταῖς
2164 1999 2513 2067 Παροιμίαις
2578 1999 2852 2066 λέγοντοςσ
2887 1999 3185 2068 Αῑσθησίν
3245 2001 3410 2055 θείαν
3457 2000 3570 2072 (58)

305 2090 606 2158 εὑρήσεις.

378 2186 450 2238 Οὐ
483 2186 641 2258 χρεία
662 2185 839 2237 τοίνυν
884 2185 1035 2254 ἡμῖν,
1071 2185 1146 2248 ὡς
1180 2184 1320 2237 οὕτω
1351 2184 1574 2256 ζητοῦσι
1612 2186 1702 2238 τὸν
1731 2184 1884 2251 Θεὸν,

304 2277 543 2339 ἀπιέναι,
566 2277 698 2329 ὅπου
730 2277 874 2345 ἡμᾶς
899 2275 1104 2345 πέμπει
1129 2278 1156 2327 ό
1187 2275 1392 2338 Κέλσος
1414 2315 1427 2339 ,
1451 2279 1530 2338 εὶς
1549 2277 1882 2346 Τροφωνίου,

305 2369 401 2421 καὶ
455 2370 534 2432 είς
579 2367 916 2438 Ἀμφιάρεω,
971 2369 1064 2420 καὶ
1118 2370 1196 2430 είς
1246 2368 1467 2437 Μόψου,
1527 2368 1652 2420 ἔνθα
1723 2369 1885 2438 φησιν

302 2460 755 2528 ἀνθρωποειδεῖς
789 2459 1128 2527 θεωρεῖσθαι
1165 2461 1337 2525 θεοὺς
1359 2501 1374 2523 ,
1409 2461 1527 2521 καὶ,
1554 2461 1629 2524 ὡς
1670 2461 1816 2528 λέγει
1857 2463 1885 2513 ό

303 2554 548 2616 Κέλσος,
597 2553 668 2605 οὐ
725 2551 1164 2619 ψευδομένους,
1223 2553 1384 2604 ἀλλά
1446 2552 1542 2603 καί
1593 2551 1880 2621 ἐναργεῖς.

310 2645 501 2713 Ἴσμεν
548 2641 656 2712 γὰρ
689 2643 848 2711 ἡμεῖς
876 2642 1096 2704 τούτους
1128 2642 1388 2711 δαίμονας
1434 2641 1593 2704 ὄντας
1621 2681 1635 2704 ,
1683 2659 1881 2713 τρεφο-

307 2733 503 2802 μένους
542 2731 785 2793 κνίσσαις
823 2731 916 2782 καὶ
956 2731 1150 2800 αἵμασι
1173 2770 1186 2794 ,
1229 2731 1321 2782 καὶ
1362 2734 1479 2792 ταῖς
1511 2731 1618 2782 ἀπὸ
1648 2730 1752 2783 τῶν
1793 2731 1886 2783 θυ-

305 2824 438 2877 σιῶν
463 2821 894 2892 ἀναθυμιάσεσι,
933 2823 1025 2875 καὶ
1064 2821 1205 2874 οὕτω
1231 2822 1783 2893 παρακατεχομένους
1827 2825 1884 2876 έν

302 2918 415 2977 τοῖς
447 2914 552 2966 ἀπὸ
591 2913 690 2983 τῆς
722 2913 1013 2981 ἐπιθυμίας
1043 2913 1222 2965 αὐτῶν
1264 2914 1754 2966 κατασκευασθεῖσι
1799 2916 1884 2967 δε-

2065 2183 2155 2238 55.
2205 2182 2337 2238 Cum
2375 2183 2538 2252 igitur
2571 2181 2736 2236 Deum
2769 2182 2870 2236 hoc
2897 2182 3055 2236 modo
3095 2198 3420 2252 quaeramus,
3460 2203 3568 2244 non

1991 2292 2128 2346 opus
2163 2285 2246 2330 est
2281 2275 2433 2329 abire
2485 2289 2594 2343 quo
2626 2289 2726 2330 nos
2761 2277 2929 2330 mittit
2976 2276 3187 2342 Celsus,
3237 2279 3452 2334 scilicet
3502 2283 3569 2336 ad

1994 2367 2312 2435 Tmphonii,
2342 2375 2393 2421 et
2415 2366 2755 2435 Amphiarai,
2784 2367 3018 2436 ethiopsi
3041 2370 3202 2432 aedes,
3229 2370 3316 2424 ubi
3344 2371 3420 2425 ait
3445 2373 3569 2426 deos

1993 2461 2225 2512 humana
2264 2461 2435 2526 forma
2475 2460 2727 2527 conspici,
2766 2476 2868 2513 non
2905 2461 3150 2529 fallaces,
3205 2462 3293 2514 sed
3337 2464 3568 2532 manife-

1992 2561 2123 2605 stos.
2173 2549 2305 2602 Nam
2366 2551 2570 2603 scimus
2602 2551 2874 2604 dwmones
2908 2550 3029 2604 illos
3057 2567 3176 2605 esse
3208 2552 3392 2619 adipe,
3442 2569 3568 2606 san-

1989 2640 2150 2708 guine
2172 2646 2228 2693 et
2255 2637 2445 2692 nidore
2471 2638 2690 2692 victima
2703 2655 2819 2693 rum
2844 2649 3140 2708 saturatos,
3170 2656 3372 2710 eosque
3401 2643 3480 2696 sic
3513 2645 3564 2696 in

1991 2731 2313 2785 carceribus
2368 2730 2588 2784 retineri
2626 2744 2765 2800 quos
2815 2731 2916 2786 sibi
2963 2746 3061 2786 sua
3101 2733 3398 2803 cupiditate
3433 2749 3568 2789 con-

1987 2831 2326 2877 struxerunt.
2354 2821 2462 2877 llos
2484 2838 2735 2878 carceres
2756 2821 2929 2878 Grarci
2961 2825 3158 2894 templa
3185 2826 3407 2880 deorum
3443 2841 3565 2881 esse

1986 2921 2197 2981 putant,
2240 2913 2332 2966 sed
2366 2912 2521 2967 nobis
2548 2913 3020 2968 fraudulentornm
3071 2915 3375 2970 daemonum
3407 2916 3564 2970 habi-

307 3006 639 3076 σμωτηρίοις
659 3023 672 3037 ·
710 3006 867 3058 ἅτινα
900 3005 1017 3076 ἱερά
1041 3005 1190 3057 Θεῶν
1223 3005 1483 3076 Ἕλληνες
1514 3009 1881 3077 νενομίκασιν,

1993 3004 2163 3058 tacula
2190 3018 2310 3059 esse
2334 3014 2670 3074 perspectum
2725 3013 2830 3058 est.
2861 3004 3056 3060 Subdit
3088 3006 3331 3076 improbe
3374 3006 3563 3062 Celsus

302 3099 416 3151 ἀλλ’
448 3101 606 3170 ἡμεῖς
638 3098 794 3168 ἴσμεν
823 3095 1150 3151 ἀπατεώνων
1190 3097 1459 3167 δαιμόνων
1489 3093 1627 3151 εἶναι
1668 3098 1738 3151 τὰ
1779 3117 1884 3151 τοι-

302 3190 441 3242 αῦτα
484 3191 790 3260 οἰκητήρια.
857 3189 1012 3242 Μετὰ
1065 3188 1235 3241 ταῦτα
1285 3188 1569 3259 κακοήθως
1603 3191 1631 3240 ὁ
1679 3190 1886 3253 Κέλσος

304 3283 439 3350 φησὶ
501 3282 628 3351 περὶ
673 3281 780 3333 τῶν
830 3281 1242 3350 προειρημένων
1288 3280 1700 3350 ἁνθρωποειδῶν
1765 3284 1883 3334 κατ’

305 3371 469 3424 αὑτὸν
530 3368 686 3431 θεῶν,
743 3371 823 3422 ὅτι
880 3369 1091 3435 ὄψεταί
1138 3386 1228 3433 τις
1279 3370 1498 3434 αὐτοὺς
1547 3372 1660 3438 οὐχ
1721 3370 1884 3435 ἅπαξ

303 3461 756 3529 παραρῤυέντας
782 3501 795 3522 ,
856 3459 1057 3526 ὥσπερ
1117 3459 1223 3512 τόν
1276 3461 1524 3524 τούτους
1583 3460 1882 3526 ἐξαπατή-

301 3569 495 3605 σαι-τα
522 3591 536 3613 ,
581 3551 717 3604 ἀλλ’
745 3549 836 3603 ἀεὶ
885 3548 1008 3612 τοῖς
1050 3549 1450 3617 βουλομένοις
1503 3547 1881 3616 ὁμιλοῦντας.

305 3644 416 3697 Καὶ
462 3639 604 3695 ἐᾶκέ
661 3658 723 3708 γε
769 3639 856 3692 διὰ
899 3639 1101 3691 τούτοιν
1146 3639 1338 3708 φάσμα
1387 3640 1483 3708 μὲν
1538 3640 1884 3708 νενομικέναι

307 3733 396 3784 τὸν
439 3731 674 3800 Ἰησοῦν,
729 3729 866 3800 μετὰ
909 3729 1006 3800 τὴν
1052 3731 1115 3781 ὲκ
1160 3729 1369 3799 νεκρῶν
1425 3729 1718 3782 ἀνάστασιν
1763 3731 1884 3782 ἐπι-

305 3823 540 3892 φανέντα
603 3826 711 3884 τοῖ;
770 3820 1070 3891 μαθηταῖς,
1123 3821 1363 3891 ὡσπερεὶ
1425 3821 1885 3892 παραρρεύσαντα

301 3912 438 3982 πρὸς
490 3911 551 3962 τὸ
599 3909 829 3980 ὀφθῆναι
877 3911 1078 3971 αὐτοῖς.
1163 3909 1270 3972 UO;
1320 3910 1364 3961 δ’
1407 3909 1658 3980 ὠνόμασε
1711 3911 1884 3979 λέγων

298 4001 714 4073 ἀνθρωποειδεῖς
745 4001 920 4063 θεοὺς,
955 3999 1174 4061 τούτους
1201 3999 1370 4052 οἴεται
1392 4000 1478 4052 ἀεὶ
1498 4003 1607 4062 τοῖς
1628 4000 1885 4071 βουλομέ-

300 4097 409 4156 vei;
438 4091 664 4161 ὁμιλεῖν.
697 4090 819 4152 Πῶς
849 4089 905 4141 δὲ
930 4087 1148 4141 δύναται
1176 4089 1387 4158 φάσμα,
1417 4089 1491 4151 ὥς
1509 4107 1671 4159 φησιν
1703 4093 1882 4155 αὐτὸς,

301 4182 618 4254 παραρρυὲν
650 4181 734 4232 ἐπ’
764 4179 948 4248 ἀπάτῃ
976 4177 1084 4229 τῶν
1111 4178 1478 4247 θεασαμένων,
1507 4179 1600 4230 καὶ
1626 4183 1765 4248 μετὰ
1789 4182 1886 4251 τὴν

299 4274 420 4326 τότε
449 4272 568 4341 ὄψιν
597 4269 832 4322 τοσαῦτα
856 4272 1116 4340 ἐνεργεῖν,
1150 4269 1240 4321 καὶ
1266 4270 1614 4339 ἐπιστρέφειν
1649 4272 1744 4335 τὰς
1775 4273 1884 4325 τῶν

1988 3096 2120 3148 deos
2148 3095 2292 3160 illos,
2332 3110 2468 3164 quos
2497 3111 2619 3149 csse
2661 3096 2736 3149 ait
2767 3098 3001 3150 humana
3033 3095 3206 3152 forma
3227 3139 3241 3162 ,
3269 3099 3434 3150 videri
3461 3114 3564 3152 non

1985 3186 2143 3240 semel
2169 3197 2216 3239 el
2253 3188 2404 3256 quasi
2449 3187 2944 3256 prwlervolitanles,
2993 3189 3436 3257 quemadmodum
3478 3189 3564 3242 ille

1985 3277 2074 3346 qui
2112 3278 2207 3330 hos
2237 3277 2461 3346 decepit,
2487 3278 2578 3330 sed
2620 3293 2825 3346 semper
2854 3293 2972 3330 cum
3014 3277 3320 3332 volentibus-
3341 3281 3562 3334 uersari.

1987 3362 2062 3414 Ex
2095 3361 2179 3416 his
2212 3362 2424 3417 videtur
2454 3365 2506 3417 in
2541 3365 2642 3419 hac
2672 3365 2842 3420 fuisse
2882 3366 3165 3435 opinione,
3193 3365 3404 3431 Iesum,
3436 3384 3560 3424 cum

1985 3462 2110 3520 post
2145 3469 2300 3507 suam
2331 3469 2361 3508 e
2390 3456 2617 3509 mortuis
2645 3458 3102 3510 resurrectionem
3131 3458 3411 3527 discipulis
3425 3475 3562 3514 con-

1987 3544 2230 3610 spicuum
2285 3559 2344 3598 se
2376 3545 2622 3612 praebuit,
2672 3546 2846 3601 fuisse
2891 3557 3168 3616 spectrum
3219 3551 3361 3618 quod
3396 3551 3561 3608 veluti

1987 3635 2419 3701 prmtervolitans
2448 3650 2635 3688 eorum
2673 3637 2814 3690 oculi
2843 3639 3179 3705 aspexerint.
3204 3639 3352 3706 Quos
3376 3651 3558 3698 autem

1986 3725 2221 3777 humana
2255 3724 2425 3778 forma
2452 3727 2583 3779 deos
2609 3735 2791 3787 vocat,
2821 3727 2943 3782 illos
2971 3729 3137 3798 719
3163 3740 3315 3798 putat
3341 3734 3555 3788 versari

1987 3829 2204 3883 semper
2228 3830 2352 3868 cum
2379 3814 2705 3868 volentibus.
2744 3815 3025 3880 Quomodo
3051 3829 3352 3887 spectrum,
3389 3831 3446 3873 ut
3470 3821 3560 3876 ille

1986 3905 2240 3973 appellat,
2291 3906 2354 3959 ad
2407 3905 2676 3959 fallendos
2730 3917 3069 3976 spectatores
3117 3910 3559 3978 praetervolitans

1985 4005 2182 4065 potest.
2217 4008 2499 4066 poSanam
2532 3998 2703 4052 visum
2737 4007 2840 4061 est,
2890 4008 3039 4053 tanta
3072 3999 3311 4066 eﬂicere,
3372 4002 3562 4071 hujus-

1986 4087 2126 4140 modi
2155 4088 2430 4141 hominum
2462 4091 2671 4144 animas
2697 4100 3036 4156 convertere,
3065 4106 3160 4148 eos
3203 4093 3472 4148 adducere
3503 4102 3560 4147 ut

1986 4181 2212 4233 credant
2235 4182 2417 4234 omnia
2447 4183 2546 4236 sibi
2575 4183 2823 4236 facienda
2851 4197 2974 4236 esse
3001 4199 3120 4251 qua:
3151 4183 3257 4237 Deo
3281 4183 3555 4251 placeant,

1987 4281 2042 4322 ut
2079 4272 2168 4338 qui
2223 4273 2484 4326 rationem
2539 4274 2802 4328 reddituri
2855 4273 3026 4327 sunt?
3075 4275 3355 4339 Quomodo
3411 4274 3558 4340 cjicit

298 4363 552 4416 τοιούτων
584 4355 780 4431 ψυχὰς,
813 4363 904 4415 καὶ
935 4360 1104 4414 πειθὼ
1129 4362 1374 4430 ἐμποιεῖν
1406 4362 1596 4424 αὐταῖς
1761 4366 1885 4434 περὶ

1993 4359 2256 4414 (lanionia
2285 4363 2500 4430 aliaque
2535 4363 2676 4417 haud
2700 4365 3091 4418 contemnenda
3139 4365 3394 4418 miracula
3426 4365 3556 4425 facit

304 4455 390 4506 τοῦ
430 4456 605 4508 πάντα
632 4454 738 4506 δεῖν
769 4453 1109 4523 ἀρεσκόντως
1143 4451 1401 4522 πράττειν
1427 4452 1564 4522 Θεῷ,
1593 4454 1668 4516 ὡς
1694 4454 1886 4526 κριθη-

299 4548 593 4618 σομένους;
632 4545 753 4609 Πῶς
797 4545 852 4598 δὲ
885 4546 1073 4614 φάσμα
1101 4543 1398 4614 ὀνομασθὲν
1449 4543 1740 4597 ἀπελαύνει
1768 4544 1886 4596 δαι-

301 4638 477 4708 μόνια,
535 4637 630 4704 καὶ
668 4637 832 4699 ἄλλας
889 4637 988 4688 οὐκ
1049 4636 1556 4706 εὐκαταφρονήτους
1609 4634 1885 4706 ἐνεργείας

297 4729 543 4798 ἐνεργεῖ·
592 4728 690 4797 οὐχ
732 4727 827 4779 ἕνα
868 4725 1283 4796 κεκληρωμένον
1328 4726 1435 4796 (60)
1483 4726 1675 4789 τόπον,
1714 4725 1790 4788 ὡς
1833 4727 1883 4778 οἱ

297 4822 416 4874 κατ’
441 4822 600 4873 αὐτὸν
625 4820 1042 4892 ἀνθρωποειδεῖς
1075 4819 1205 4881 θεοὶ,
1251 4819 1383 4872 ἀλλὰ
1427 4820 1610 4890 διῆκον
1654 4819 1745 4872 ἐπὶ
1779 4820 1884 4872 πᾶ·-

1993 4449 2122 4504 illud
2172 4454 2314 4520 quod
2344 4464 2502 4508 vocat
2529 4465 2822 4524 spectrum,
2859 4459 3000 4525 quod
3035 4471 3138 4508 non
3195 4472 3358 4509 unum
3391 4456 3559 4511 sorti-

1990 4551 2104 4596 tum
2135 4553 2218 4598 est
2257 4545 2458 4612 locum,
2490 4556 2546 4600 ut
2569 4547 2642 4600 dii
2679 4547 2912 4600 humana
2945 4545 3116 4600 forma
3156 4547 3222 4601 de
3243 4547 3440 4616 quibus
3470 4546 3560 4600 ille

1989 4633 2255 4700 loquitur,
2301 4636 2394 4691 sed
2432 4645 2634 4690 terram
2685 4641 2932 4706 pervadit
2978 4639 3311 4705 universam,
3340 4653 3561 4708 congre-

1986 4740 2122 4795 gans
2170 4737 2334 4796 atque
2370 4730 2592 4784 trahens
2621 4731 2906 4786 divinitate
2955 4746 3051 4786 sua
3094 4747 3448 4801 quoscunque
3489 4730 3559 4784 ad

1988 4821 2124 4875 bene
2145 4818 2431 4873 vivendum
2454 4836 2511 4875 se
2539 4821 2861 4878 inclinantes
2890 4823 3133 4878 invenit?

301 4928 399 4964 σαν
425 4911 521 4982 τὴν
565 4913 907 4984 οἰκουμένην,
953 4913 1045 4965 καὶ
1087 4913 1336 4981 συνάγον,
1383 4915 1474 4966 καὶ
1502 4913 1656 4966 ἕλκον
1693 4917 1759 4984 τῇ
1807 4911 1971 4967 αὑτοῦ
2030 4913 2263 4985 θειότητι
2293 4913 2388 4977 οὓς
2441 4916 2507 4969 ἂν
2561 4915 2709 4986 εὖροι
2754 4917 2888 4988 πρὸς
2935 4919 3027 4971 τὸν
3067 4917 3227 4972 καλὸν
3273 4917 3386 4988 βίον
3442 4917 3563 4971 κλίι

297 5020 496 5066 ναντας
523 5005 747 5068 ἑαυτούς
773 5023 787 5069 ;

368 5096 522 5149 Μετὰ
570 5096 758 5159 ταῦτα,
821 5099 955 5169 πρὸς
1010 5099 1046 5152 ἃ
1101 5101 1242 5155 κατὰ
1285 5102 1346 5154 τὸ
1387 5100 1607 5155 δυνατὸν
1661 5101 1887 5172 εἰρήκα-

301 5205 420 5260 μεν,
460 5186 682 5240 τοιαῦτα
713 5188 869 5240 πάλιν
899 5191 928 5241 ό
956 5191 1160 5254 Κέλσος
1199 5193 1362 5263 φησίν
1382 5210 1395 5222 ·
1427 5196 1491 5246 Οἱ
1522 5192 1589 5245 δὲ
1622 5192 1721 5245 καὶ
1775 5193 1888 5245 πά..

408 5305 452 5335 ⁷³
472 5303 651 5358 Matth.
682 5321 800 5368 xnt,
823 5305 876 5358 9.
953 5305 999 5336 ⁸⁸
1027 5305 1186 5362 Νιιιη.
1216 5324 1324 5370 xvr,
1352 5308 1442 5362 40.
1521 5310 1563 5340 ⁸¹
1591 5308 1734 5362 Psal.
1770 5325 1885 5364 ιιιιε

1993 5311 2043 5364 5.
2117 5310 2164 5343 ⁸³
2192 5309 2211 5363 Ι
2241 5310 2398 5369 Joan.
2431 5329 2469 5378 ι,
2505 5313 2557 5367 1.

370 5458 483 5526 (5%)
518 5457 818 5531 Αἴσθηοιν
855 5459 1042 5513 θείαν.
1093 5458 1262 5516 Hodie
1313 5461 1454 5530 apud
1487 5461 1634 5516 LXX
1667 5463 1874 5531 legitur

298 5527 596 5596 ἐπίγνωσιν
620 5529 774 5581 Θεοῦ.

372 5601 480 5668 (ξιιμ)
511 5600 747 5673 ᾼὺταῖς.
783 5600 942 5658 Forte
981 5602 1266 5670 legendum
1299 5601 1502 5664 αὐτοῖς,
1530 5617 1655 5656 nam
1685 5605 1869 5673 sequi-

299 5672 389 5722 ιιιι·
422 5668 868 5740 κριθησομένους.

370 5739 478 5806 (litt)
529 5743 1014 5812 Κεκλιυκυμέιον,
1065 5753 1117 5796 ct
1171 5743 1305 5797 infra
1356 5741 1608 5814 δῆλον...
1640 5744 1868 5813 συνάγον

2059 5100 2151 5155 56.
2174 5099 2304 5155 Post
2322 5101 2409 5154 illa
2445 5117 2564 5171 qua:
2601 5118 2699 5173 pro
2729 5103 2935 5158 viribus
2951 5104 3418 5170 rcl‘ntavimus,sic
3441 5119 3562 5157 rur-

1991 5207 2110 5246 sum
2133 5193 2208 5246 ait
2227 5192 2417 5248 Celsus
2437 5212 2452 5246 :
2473 5192 2574 5248 Sed
2597 5212 2783 5249 rursus
2802 5198 3080 5265 rogabunt,
3095 5197 3354 5266 quomodo
3368 5195 3558 5260 Deum,

2634 5313 2680 5345 ⁸³
2713 5313 2875 5369 Prov.
2906 5331 2964 5379 ιι,

1981 5467 2074 5540 καὶ
2105 5467 2282 5533 ἕλκον,
2315 5481 2464 5524 recte
2487 5470 2710 5523 omnino
2737 5469 2941 5522 habent
2967 5469 3126 5540 codd.
3169 5469 3323 5536 Reg.,
3365 5469 3556 5540 Basil.,

1980 5536 2228 5591 Jolianus
2257 5551 2310 5592 et
2342 5541 2678 5606 Anglicanus
2708 5540 2996 5591 secundus.
3027 5537 3295 5592 Prmcedit
3323 5541 3468 5593 enim
3497 5536 3557 5596 τὸ

1981 5609 2192 5685 φάσμα.
2226 5609 2372 5685 Male
2393 5625 2522 5685 ergo
2553 5607 2829 5685 llmschel.
2860 5617 2924 5685 et
2945 5607 3242 5685 Spencerz,
3277 5609 3558 5685 κεκληρω-

1982 5676 2161 5747 μένπ,
2195 5690 2246 5734 ct
2289 5676 2760 5749 ἱιιίιτιίδιήκων...
2803 5676 3048 5743 συνάγων
3080 5677 3174 5730 καὶ
3199 5677 3395 5736 ἕλκων.
