3972 6160
463 260 599 326 1471
1941 271 2032 327 0R

2138 271 2265 327 INIS
2600 276 2605 279 ⁷
3576 273 3753 332 ητα

462 388 512 442 si
542 403 691 441 sensu
723 374 1167 463 cognoscerenon
1189 375 1439 457 possunt,
1484 376 1586 445 sint
1638 391 1921 460 cognituri,
1975 400 2023 446 et

2138 395 2227 444 ur
2254 391 2595 459 εὶρήσονται
2616 409 2628 422 ο
2664 389 2789 456 πῶς
2836 390 3112 457 αἰσθήσει
3135 391 3221 460 μὴ
3266 394 3752 460 καταλαμϐανό-

463 479 594 548 quid
624 478 735 532 sine
764 495 917 533 sensu
948 480 1190 548 cognosci
1209 480 1392 549 possit.
1424 482 1504 534 Ad
1532 496 1651 550 qua:
1689 484 1974 550 respondet
2008 499 2019 533 :

2138 496 2294 546 μενοι
2330 481 2662 551 γνώσονται
2692 480 2800 533 τὸν
2848 481 3032 545 Θεόν;
3067 482 3125 534 τί
3155 480 3336 549 χωρὶς
3372 484 3748 552 αἰσθήσεως

2123 572 2335 640 μαθεῖν
2365 573 2495 625 ἐστι
2540 572 2842 635 avt-ardor;
2883 566 3017 625 Εἶτα
3048 573 3184 644 πρὸς
3211 572 3387 627 ταῦτα
3418 576 3744 646 ἀποκρινό-

2132 661 2289 731 μενός
2315 678 2477 731 φησιν
2496 678 2510 691 ·
2537 663 2648 715 οὐκ
2680 660 2991 729 ἀνθρώπου
3015 662 3151 732 μὲν,
3184 663 3326 717 οὐδὲ
3343 662 3452 730 τῆς
3481 664 3741 734 ψυχῆς,

2127 752 2288 807 ἀλλὰ
2344 752 2571 820 σαρκὸς
2593 754 2632 822 ἠ
2664 753 2851 821 φωνή.
2896 751 3088 823 Ὅμως
3129 753 3180 807 δ’
3210 750 3326 809 οὖν
3367 756 3740 810 ἀκουσάτω-

2127 859 2265 907 σαν,
2299 843 2357 896 εἷ
2385 861 2441 897 τι
2474 845 2572 897 καί
2638 844 2869 899 ἐπαΐειν
2927 845 3212 900 δύνανται
3258 847 3340 913 ὡς
3372 846 3581 901 δειλὸν
3618 848 3738 901 καὶ

2127 932 2549 1001 φιλοσώματον
2616 933 2791 1003 γένος
2813 952 2826 966 -
2889 936 2998 989 ἐὰν
3061 934 3343 1010 αἰσᾷήσει
3404 937 3738 1006 μύσαντες

2127 1024 2505 1092 ἀναὸλέψητε
2580 1025 2665 1091 νῷ
2688 1065 2703 1089 ,
2785 1026 2883 1079 καὶ
2950 1026 3175 1095 σαρκὸς
3224 1028 3736 1098 ἀποστραφέντες

2128 1112 2438 1181 ὀφθαλμὸν
2481 1113 2588 1167 τὸν
2622 1113 2734 1182 τῆς
2783 1112 2990 1183 ψυχῆς
3041 1114 3306 1184 ἐἽ-είρητε
3338 1114 3472 1187 (61),
3510 1117 3732 1186 μόνως

2127 1201 2280 1253 οὕτω
2310 1202 2416 1256 τὸν
2454 1202 2603 1263 Θεὸν
2639 1203 2881 1272 ὄψεσθε.
2906 1203 3035 1258 Κᾶν
3064 1206 3328 1274 ’ἡγεμόνα
3355 1208 3581 1274 ταύτης
3610 1206 3733 1274 τῆς

2127 1290 2271 1343 ὀδοῦ
2308 1289 2546 1362 ζητῆτε,
2598 1292 2872 1361 φευκτέοι
2914 1293 3032 1364 μὲν
3068 1295 3210 1363 ὑμῖν
3262 1298 3319 1348 οἰ
3362 1293 3589 1349 πλάνοι
3618 1295 3734 1348 καί

2128 1383 2355 1451 γόητες,
2414 1383 2511 1436 καί
2569 1383 2644 1437 τὰ
2708 1383 2928 1437 εἴδωλα
2980 1382 3421 1453 προμνώμενον
3478 1386 3585 1438 ἵνα
3631 1386 3730 1457 μὴ

2127 1472 2515 1527 παντάπασιν
2545 1474 2651 1543 ἦτε
2703 1474 3155 1543 καταγέλαστοι,
3174 1475 3318 1541 τοὺς
3328 1475 3445 1544 μὲν
3460 1476 3727 1544 ἄλλους,

462 1576 611 1619 tuum
638 1566 829 1632 colitis,
878 1570 1079 1639 ipsique
1132 1571 1359 1629 similem
1407 1573 1643 1642 quaeritis
1686 1583 1910 1640 patrem.
1946 1571 2026 1625 Ac

2138 1564 2267 1629 τοὺς
2315 1563 2741 1634 δεικνυμένους
2799 1565 2992 1633 θεοὺς,
3041 1566 3123 1631 ὡς
3164 1565 3379 1621 εἴδωλα
3430 1568 3735 1635 βλασφη-

464 1657 699 1724 primum
734 1659 1021 1716 dicendum
1043 1671 1126 1716 est
1155 1662 1219 1717 ad
1254 1662 1400 1717 illius
1433 1665 1886 1732 prosopopceiam,
1920 1678 2024 1733 qna

2138 1655 2398 1721 ιιοῦντες,
2428 1656 2536 1709 τὸν
2563 1655 2632 1709 δὲ
2662 1657 2759 1711 καὶ
2791 1656 2990 1711 αὐτῶν
3019 1656 3130 1728 (62)
3161 1658 3242 1723 ώς
3278 1657 3519 1726 ἀληθῶς
3557 1658 3732 1711 εἰδώ-

463 1760 563 1802 nos
588 1749 767 1804 carnis
793 1753 1251 1811 resurrectionem
1293 1753 1646 1808 defendentes
1675 1755 1899 1815 inducit,
1934 1768 2017 1806 re-

2138 1751 2251 1808 ,ζων
2278 1746 2657 1816 ἀθλιώτερον,
2691 1747 2791 1801 καί
2816 1747 2972 1817 μηδὲ
2999 1747 3252 1801 εἴδωλον
3287 1747 3373 1801 ἔτι
3393 1787 3406 1811 ,
3450 1747 3595 1801 ἀλλ’
3642 1748 3732 1812 ὡς

464 1848 554 1895 cte
570 1841 935 1897 schemaillud
961 1842 1229 1911 adhiberi,
1259 1861 1379 1900 cum
1406 1856 1462 1902 et
1486 1846 1770 1901 consilium
1797 1845 2027 1902 inducta:

2138 1837 2343 1906 νεκρὸν
2381 1838 2489 1910 (65)
2535 1840 2851 1904 σέϐοντες,
2901 1838 2999 1892 καὶ
3034 1838 3268 1906 Πατέρα
3314 1838 3520 1906 ὅμοιον
3559 1836 3734 1902 αὑτῷ

465 1944 713 1998 personae
740 1947 1028 2003 moresque
1054 1927 1341 1990 servantur
1362 1954 1378 2003 ;
1399 1937 1656 1992 mendose
1679 1945 1880 2001 autem,
1903 1951 2026 1989 cum

2138 1926 2459 1994 ζητοῦντες.
2493 1928 2604 1980 Καὶ
2632 1928 2849 2001 πρῶτόν
2875 1945 2938 1997 γε
2962 1927 3183 1982 λεκτέον
3215 1927 3351 1998 πρὸς
3373 1926 3474 1998 τὴν
3505 1942 3735 2014 προσωζ

462 2036 708 2090 personae
755 2021 994 2093 loquenti
1030 2026 1378 2081 ascribuntur
1431 2028 1595 2081 verba
1639 2043 1759 2095 qua:
1806 2027 2029 2082 minime

2138 2019 2382 2074 ποποιίαν
2429 2019 2628 2083 αὑτοῦ,
2677 2020 3046 2092 περιτιθέντος
3091 2022 3223 2091 ἡμῖν
3273 2019 3496 2088 λόγους,
3524 2019 3604 2081 ὡς
3633 2018 3716 2089 ὑφ

463 2109 542 2165 illi
571 2112 917 2167 conveniunt.
946 2112 1132 2182 Itaque
1146 2129 1210 2167 ex
1236 2129 1388 2183 aequo
1408 2116 2031 2185 reprehendendiessent

2138 2109 2288 2181 ἡμῶν
2322 2110 2647 2182 λεγομένους
2684 2113 2764 2175 εἰς
2806 2110 2904 2182 τὴν
2947 2110 3075 2183 περὶ
3124 2111 3473 2172 ἀναστάσεως
3519 2108 3733 2179 σαρκὸς

470 2209 579 2255 tum
614 2201 714 2267 illi,
765 2204 854 2271 qui
889 2204 942 2258 in
979 2208 1359 2275 prosopopoeia
1416 2207 1685 2270 barbaris,
1740 2209 2026 2279 imperitis,

2138 2201 2442 2270 ἔιπολογίαν,
2503 2203 2584 2255 ὅτι
2637 2202 2805 2274 ἀρετὴ
2852 2203 2948 2273 μὲν
2997 2199 3540 2274 προσωποποιοῦντός
3607 2202 3734 2252 ἐστι

466 2291 670 2357 vernis,
704 2302 799 2347 aut
827 2293 893 2349 iis
925 2296 1029 2367 qui
1050 2310 1149 2351 nec
1182 2312 1420 2365 unquam
1445 2297 1794 2366 philosophos
1824 2314 2030 2355 sermo-

2138 2294 2361 2365 τηρῆσαι
2391 2294 2451 2346 τὸ
2481 2293 2724 2367 βούλημα
2756 2295 2849 2347 καὶ
2874 2293 2937 2346 τὸ
2960 2289 3091 2365 ἦθος
3134 2292 3227 2346 τοῦ
3275 2307 3731 2363 προσωποποιου-

466 2395 563 2436 nes
582 2380 887 2450 audierunt,
914 2399 1016 2439 nec
1039 2385 1110 2440 iis
1132 2385 1267 2443 bene
1290 2387 1364 2444 uti
1384 2394 1605 2453 norunt,
1631 2387 2028 2458 philosophiam

2138 2385 2343 2463 μένουσι
2367 2386 2533 2439 κακία
2560 2386 2639 2450 δὲ,
2673 2387 2761 2439 ὅτε
2805 2385 2873 2439 τὰ
2921 2386 2994 2456 μὴ
3030 2384 3340 2457 άρμόζοντά
3387 2401 3472 2446 τις
3511 2383 3728 2455 περιτί-

469 566 592 622 Non
631 570 858 622 hominis
884 571 1018 635 lia'c,
1062 587 1165 625 non
1209 575 1421 636 optimm,
1455 573 1548 627 sed
1578 573 1755 626 carnis
1796 589 1897 627 vox
1928 585 2023 632 est.

465 660 696 713 Audiam
728 669 921 726 tamen,
947 659 1205 730 siquidem
1230 665 1415 719 audire
1436 666 1562 733 quid
1590 674 1756 733 potest
1784 666 2026 720 timidum

462 751 599 803 illud
615 758 663 803 et
677 751 882 818 corpori
898 752 1168 806 addictum
1188 772 1370 824 genus;
1389 767 1498 811 tum
1512 758 1770 809 duntaxat
1785 756 2027 811 videbitis

461 841 650 906 Deum,
681 858 797 895 cum
828 855 981 897 sensu
1004 859 1298 911 compresso
1352 856 1520 901 mente
1563 864 1775 900 sursum
1811 848 2030 915 aspicie-

461 932 552 994 tis,
571 939 619 985 et
650 948 831 987 averso
855 934 1032 987 carnis
1059 936 1209 989 oculo
1236 936 1447 990 oculum
1488 938 1680 994 anima:
1705 940 2024 994 ercitabitis.

465 1018 594 1074 Etsi
626 1022 784 1090 hujus
818 1024 917 1078 vite
948 1026 1133 1080 ducem
1167 1028 1310 1080 vobis
1333 1028 1590 1095 quaeritis,
1627 1028 1769 1081 vobis
1792 1028 2027 1096 fugiendi

462 1118 588 1163 sunt
622 1110 929 1181 impostores
949 1127 995 1170 et
1018 1118 1453 1187 prwstigiatores,
1469 1119 1559 1187 qui
1590 1118 1876 1172 simulacra
1895 1134 2028 1173 cont—

462 1203 730 1261 mendant.
764 1205 1010 1277 Alioquin
1041 1210 1209 1262 modis
1253 1211 1491 1263 omnibus
1522 1211 1832 1276 perridiculi
1859 1210 2026 1278 fueri-

462 1292 551 1357 tis,
577 1295 671 1362 qui
699 1304 918 1350 crateras
943 1298 1068 1354 deos
1093 1315 1284 1368 eosque
1327 1301 1605 1368 manifeste
1630 1302 1764 1354 visos
1797 1311 1850 1353 ut
1881 1301 2026 1354 idola

462 1387 844 1453 exsecramini;
868 1389 1030 1443 istum
1059 1407 1198 1455 vero,
1229 1391 1567 1444 simulacrum
1587 1392 1712 1455 ipsis
1729 1391 2027 1445 simulacris

463 1476 726 1538 miserius,
753 1480 858 1532 imo
875 1480 993 1548 jam
1027 1497 1131 1534 non
1162 1481 1503 1535 simulacrum
1523 1522 1539 1547 ,
1564 1483 1653 1536 sed
1676 1497 1855 1536 revera
1886 1498 2027 1536 mor-

466 2470 809 2543 ailingerenl,
840 2489 1004 2544 quam
1036 2477 1372 2546 comparavit
1415 2476 1632 2547 quidem
1674 2491 2028 2546 personarum

466 2564 641 2629 lictor,
679 2565 774 2621 sed
826 2565 968 2635 fictae
1015 2582 1258 2636 personae
1312 2577 1493 2622 notam
1543 2583 1664 2624 esse
1711 2571 1972 2625 abhorret
2000 2587 2029 2623 ιι

468 2656 602 2722 lide;
630 2664 742 2710 tum
771 2658 860 2725 qui
895 2658 1232 2727 sapientibus
1277 2667 1332 2712 et
1374 2646 1678 2713 divinarum
1711 2674 1891 2713 rerum
1923 2660 2032 2714 cal-

465 2744 702 2801 lentibus
726 2747 1060 2804 ascriberent
1090 2748 1391 2819 vulgarium
1428 2749 1720 2805 aﬂ‘ecmum
1753 2764 2031 2805 sermones

466 2835 663 2905 quibus
696 2836 927 2904 imperiti
979 2845 1222 2903 utuntur,
1277 2846 1334 2891 et
1392 2852 1530 2905 quos
1563 2837 1867 2907 ignorantia
1906 2850 2033 2905 sugo

468 2925 630 2995 gerit.
680 2926 832 2983 Unde
890 2927 1125 2983 llomero
1159 2929 1302 2981 inter
1334 2927 1437 2983 alia
1473 2929 1617 2984 laudi
1666 2931 1855 2992 datur,
1888 2930 2030 2996 quod

472 3017 700 3072 heroum
731 3032 995 3089 personas
1043 3020 1346 3073 servaverit
1394 3019 1589 3088 quales
1620 3022 1689 3073 ah
1712 3020 1866 3073 initio
1900 3036 2029 3089 sup-

2133 2477 2258 2549 θησι
2288 2480 2507 2550 ῥήματα
2533 2479 2609 2550 τῷ
2640 2478 2913 2549 προσώπῳ
2943 2478 3037 2532 τοῦ
3069 2479 3337 2547 λέγοντος.
3368 2477 3483 2540 Καὶ
3523 2477 3724 2545 ἐπίσης

2131 2587 2195 2639 γε
2223 2570 2412 2641 ψεκτοί
2440 2573 2487 2624 οἰ
2517 2573 2574 2625 ὲν
2616 2572 3029 2644 προσωποποιίᾳ
3072 2569 3386 2641 βαρϐάροις,
3431 2570 3528 2622 καὶ
3553 2569 3722 2622 ἀπαι-

2131 2659 2359 2724 δεύτοις,
2385 2659 2418 2730 ἢ
2447 2660 2768 2731 οἰκότριψιν,
2803 2660 2835 2731 ἦ
2870 2660 2964 2713 καὶ
2995 2656 3258 2729 μηδέποτε
3303 2653 3606 2725 φιλοσόφων
3631 2652 3720 2706 λό-

2110 2766 2244 2818 γων
2272 2750 2551 2820 ἀκηκοόσι,
2586 2751 2720 2822 μηδὲ
2750 2746 2807 2804 εὖ
2839 2748 3115 2821 εἰρηκόσιν
3145 2749 3340 2810 αὐτοὺς
3358 2786 3372 2811 ,
3411 2743 3719 2817 περιτιθέν-

2133 2858 2223 2904 τες
2262 2841 2577 2911 φιλοσοφίαν
2601 2841 2709 2912 (64)
2735 2863 2746 2873 ο
2781 2841 2848 2912 ἣν
2880 2841 3052 2911 ἔμαθε
3083 2840 3180 2911 μὲν
3206 2842 3234 2892 ὁ
3264 2834 3715 2910 προσωποποιῶν,

2134 2935 2234 2988 οὐκ
2265 2935 2411 2997 εἰκὸς
2435 2934 2492 2989 δὲ
2519 2931 2588 3006 ἦν
2620 2935 2815 2989 εἰδέναι
2859 2936 2950 2989 τὸν
2980 2932 3557 3006 προσωποποιούμενον
3577 2948 3591 2961 ·
3622 2930 3719 2983 καὶ

2137 3027 2296 3081 πάλιν
2330 3022 2396 3081 αὖ
2429 3028 2478 3080 οἰ
2505 3030 2615 3091 τοῖς
2647 3026 2767 3080 καθ’
2817 3026 3068 3080 ὑπόθεσιν
3123 3025 3503 3095 ὑποκειμένοις
3536 3023 3721 3089 σοφοῖς

467 3108 681 3177 posuit;
722 3108 1029 3177 cuiusmodi
1069 3118 1198 3162 sunt
1232 3107 1500 3173 Nestoris,
1539 3109 1769 3180 Ulyssis,
1820 3109 2033 3164 Diome-

2141 3121 2235 3172 καὶ
2264 3119 2333 3172 τὰ
2360 3120 2477 3174 θεῖα
2499 3120 2762 3188 ἐγνωκόσι
2795 3119 3162 3190 περιτιθέντες
3186 3119 3255 3172 τὰ
3281 3117 3390 3172 ἀπὸ
3422 3115 3535 3187 (65)
3574 3114 3718 3169 ἰδιω-

469 3201 572 3268 dis,
600 3203 1051 3271 Agamemnonis,
1076 3201 1410 3264 Telemachi,
1624 3202 2033 3272 Penelopze,aut

2138 3212 2306 3266 τικῶν
2359 3211 2546 3265 παθῶν
2608 3212 2713 3264 ὑπὸ
2760 3210 3097 3266 ἀπαιδεύτων
3147 3209 3434 3280 λεγόμενα,
3485 3205 3580 3260 καὶ
3612 3203 3721 3258 ἀπὺ

466 3302 809 3348 caeterorum.
854 3293 1054 3348 Contra
1087 3291 1293 3349 salibus
1342 3278 1568 3347 comicis
1599 3292 1915 3362 Euripidem
1940 3296 2033 3347 de-

2138 3300 2838 3371 ἀγνοίας“ἀπαγγελλόμενα.
2868 3300 3025 3355 Ὅθεν
3047 3301 3192 3371 ’Όμη
3313 3298 3410 3369 μὲν
3429 3299 3488 3351 ὲν
3514 3294 3720 3358 πολλοῖς

469 3385 630 3440 fricat
672 3385 1085 3455 AristOphanes,
1136 3384 1280 3453 quod
1330 3384 1402 3438 sit
1453 3386 1760 3454 importune
1811 3385 2032 3455 loquax,

2144 3389 2503 3462 θαυμάζεται,
2532 3393 2774 3463 τηρήσας
2801 3391 2869 3444 τὰ
2893 3391 3000 3445 τῶν
3029 3390 3222 3463 ἡρώων
3252 3390 3538 3460 πρόσωπα,
3563 3388 3719 3440 ὁποῖα

468 3477 668 3547 quippe
696 3478 786 3546 qui
817 3478 1229 3547 dogmata,qute
1260 3477 1327 3529 ab
1356 3477 1677 3547 Anaxagora
1704 3477 1877 3532 aliove
1900 3494 2033 3549 quo-

2138 3482 2273 3536 αὒτὰ
2332 3483 2560 3537 ὑπέθετο
2611 3483 2708 3536 ἀπ’
2752 3482 2945 3554 ἀρχῆς,
3002 3478 3112 3535 οἷον
3155 3481 3216 3534 τὸ
3248 3481 3538 3551 Νέστορος,
3575 3477 3609 3547 ἦ
3655 3476 3717 3529 τὸ

469 3567 602 3623 libet
646 3570 889 3639 sapiente
927 3567 1215 3634 didicerat,
1263 3584 1404 3638 saepe
1432 3570 2033 3635 barbarismulieribus

466 3661 748 3728 servisque
783 3662 1003 3715 tribuat.

2152 3566 2466 3636 Ὀδυσσέως,
2488 3573 2520 3642 ἢ
2539 3573 2600 3625 τὸ
2636 3573 2948 3644 Διομήδους,
2968 3572 2998 3642 ἦ
3014 3572 3075 3626 τὸ
3102 3570 3519 3641 Ἀγαμέμνονος,
3552 3567 3584 3637 ἢ
3609 3566 3716 3636 Τη-

2138 3663 2398 3735 λεμάχου,
2429 3664 2462 3735 ἦ
2488 3663 2819 3734 Πηνελόπης,
2846 3664 2879 3734 ἦ
2911 3680 3053 3728 τινος
3081 3661 3187 3727 τῶν
3216 3661 3413 3715 λοιπῶν
3434 3678 3446 3690 ·
3495 3658 3715 3729 Εὐριπί-

461 3751 560 3820 δης
591 3751 648 3804 δὲ
694 3754 797 3806 ὑπὸ
862 3755 1277 3826 Ἀριστοφάνους
1323 3756 1433 3827 (66)
1485 3758 1863 3828 κωμῳδεῖται,
1912 3757 1986 3821 ὡς
2028 3758 2477 3830 ἀκαιρορρήμων,
2518 3758 2607 3812 διὰ
2662 3758 2725 3811 τὸ
2777 3758 3036 3821 πολλάκις
3076 3756 3499 3828 περιτεθεικέναι
3532 3754 3712 3821 λόγους

462 3845 766 3917 δογμάτων,
796 3843 869 3903 ὧν
907 3850 1015 3904 ἀπὸ
1048 3851 1408 3923 Ἀναξαγόρου
1445 3854 1478 3925 ἤ
1521 3871 1665 3917 τινος
1705 3853 1871 3925 ἔμαθε
1902 3854 2011 3907 τῶν
2040 3854 2236 3923 σοφῶν,
2270 3854 2562 3926 βαρϐάροις
2586 3854 2905 3926 γυναιξὶν,ἢ
2935 3857 3192 3918 οἰκέταις.

536 3942 626 3997 57.
662 3940 781 3996 Jam
828 3943 872 3998 si
906 3945 1171 4013 ejusmodi
1201 3957 1286 4002 est
1331 3949 1721 4017 prosoriopoeize
1753 3948 1929 4002 virtus
1977 3956 2034 4003 et

469 4033 681 4101 vitium,
710 4036 899 4106 ecquis
927 4052 1033 4094 non
1072 4038 1265 4095 merito
1307 4036 1523 4104 Celsum
1573 4038 1822 4094 derideat
1872 4039 2034 4104 Chri-

468 4128 661 4185 stianis
685 4129 1009 4187 tribuentem
1033 4146 1153 4201 qua:
1178 4145 1453 4202 nunquam
1478 4144 1508 4184 a
1533 4129 1865 4189 Christianis
1888 4131 2035 4195 dicta

466 4220 633 4276 sunt?
660 4219 795 4275 Nam
823 4221 869 4276 si
906 4221 1191 4277 idiotarum
1220 4235 1499 4278 sermones
1532 4221 1729 4289 tinxit,
1762 4224 1904 4279 unde
1927 4223 2032 4284 hu-
2080 4218 2085 4223 ’

462 4309 700 4380 jusmodi
744 4311 994 4370 homines
1027 4329 1247 4371 sensum
1293 4317 1362 4371 ab
1406 4314 1684 4372 intellectu
1722 4314 2035 4373 discernere

2206 3946 2379 4019 Εἴπερ
2438 3946 2496 3999 δὲ
2540 3945 2758 4017 τοιαύτη
2820 3949 2917 4018 μὲν
2976 3950 3008 4018 ἡ
3054 3947 3113 4000 ὲν
3168 3944 3245 4017 τῷ
3288 3944 3711 4016 προσωποποιεῖν

2138 4039 2326 4112 ἀρετὴ,
2358 4039 2527 4094 τοιαᾶ
2559 4038 2674 4111 δὲή
2711 4039 2908 4097 κακία·
2942 4039 3059 4104 πῶς
3098 4039 3197 4093 οὐκ
3240 4037 3474 4106 εὐλόγως
3511 4053 3596 4100 τις
3619 4053 3710 4090 κα-

2137 4131 2493 4200 ταγελάσεται
2526 4131 2753 4201 Κέλσου,
2786 4131 3129 4202 Χριστιανοῐς
3167 4128 3534 4202 περιτιθέντος
3551 4128 3621 4193 τὰ
3639 4127 3708 4198 μὴ

2140 4222 2244 4276 ὑπὸ
2273 4208 2609 4293 Χριστιανῶν
2635 4221 2937 4293 λεγόμενα;
2967 4223 3030 4275 Εἰ
3065 4221 3163 4292 μὲν
3188 4221 3297 4292 γὰρ
3326 4220 3551 4274 ἰδιωτῶν
3593 4218 3706 4277 ἀνέ-

2142 4314 2345 4369 πλασσε
2375 4312 2584 4382 λόγους,
2621 4312 2781 4373 πάθεν
2804 4314 2915 4376 τοῖς
2940 4310 3200 4373 τοιούτοις
3228 4310 3484 4379 δύνασθαι
3509 4309 3707 4380 διακρί-

468 4400 784 4458 didicissent
806 4412 859 4458 et
889 4406 1166 4461 sensibilis
1200 4406 1268 4462 ab
1291 4407 1357 4462 iis
1382 4421 1502 4477 quas
1529 4406 1595 4461 ad
1627 4406 2031 4477 intelligentiam

2139 4422 2253 4459 νειν,
2276 4402 2523 4474 αἴσθησιν
2551 4404 2657 4455 ἀπὸ
2684 4401 2777 4454 τοῦ
2809 4401 2901 4455 νοῦ
2949 4401 3042 4455 καὶ
3074 4400 3305 4471 αἰσθητὰ
3343 4399 3583 4472 νοητῶν,
3621 4398 3705 4451 καὶ

466 4494 782 4560 pertinent?
815 4493 1095 4550 Undenam
1131 4498 1236 4552 illis
1268 4468 1517 4568 dogmata
1572 4497 1769 4551 similia
1799 4468 2031 4566 'placitis

2138 4468 2479 4564 δογματίζειν
2523 4492 2914 4565 παραπλησίως
2942 4495 3055 4557 τοῖς
3086 4468 3364 4563 ἀναιροῦσι
3409 4468 3605 4561 νοητὰς
3627 4488 3705 4547 οὐν

469 4576 777 4636 Stoieorum
813 4583 904 4651 qui
946 4584 1176 4640 sublatis
1210 4601 1239 4640 e
1267 4587 1442 4641 medio
1475 4588 1685 4641 naturis
1724 4587 2029 4658 intelligen-

469 4670 635 4738 tibus,
675 4676 1028 4739 contendunt,
1074 4675 1331 4744 quidquid
1364 4676 1702 4744 intelligitur,
1753 4693 1914 4745 sensu
1948 4680 2030 4731 in-

540 4827 654 4902 (61)
685 4830 818 4884 Mss.
842 4830 1844 4910 _etnll.tes_chelius,‘tbuﬁgdummod;
1879 4835 2045 4910 Spen-

469 4914 805 4997 ξξιίι-εζιξὶτο,
832 4901 1105 4975 ὀφθαλμὸν
1132 4905 1223 4958 τὸν
1253 4901 1352 4975 τῆς
1375 4901 1845 4980 ψυχῆςὲγείρητε,
1872 4901 1933 4960 ut
1962 4907 2044 4959 in-

469 4966 1049 5119 Ἷῖδᾍὸῗίωερίιειίυε
1107 5044 1183 5119 in_
1216 5052 1364 5119 textu
1420 5044 1600 5111 αὐτόν,
1662 5046 1806 5116 quod
1864 5044 2039 5119 placet

469 5107 689 5172 Guieto,
726 5119 785 5164 ut
816 5110 1088 5164 referatur
1120 5114 1184 5166 ad
1225 5115 1430 5168 .lesum.

542 5177 788 5257 (63)_:ﬂq
842 5182 1076 5250 νεκρόν.
1130 5181 1271 5254 Lege
1315 5184 1482 5247 ὄντως
1526 5185 1738 5257 νεκρόν,
1775 5197 1833 5240 ut
1893 5185 2032 5240 infra

472 5250 1074 5440 ηηὲλξὲὲλοσοφίαν.
1111 5321 1383 5377 Ιιωεοὶιεί.
1401 5332 1455 5378 οι
1479 5324 1741 5395 Spencer.
1767 5324 1820 5379 in
1842 5341 2040 5394 mat-3.,

472 5404 632 5440 ουσιο
664 5407 729 5440 ογ
756 5407 839 5440 αν-

470 5404 840 5458 φυσιολογίαν.

479 5524 492 5533 _
541 5456 655 5533 (βὸ)
682 5460 953 5516 llmschel.
996 5472 1051 5515 et
1082 5461 1366 5533 Spencer.,
1393 5464 1461 5517 τὰ
1494 5462 1617 5526 ὑπό,
1648 5465 1741 5518 sed
1772 5479 1931 5528 mss.,
1978 5463 2046 5516 τά

468 5524 599 5586 ἀπό,
633 5532 852 5587 reetius.

538 5594 650 5662 (66)
714 5598 852 5662 Ἀρι(

472 5672 590 5735 pag.
626 5665 743 5732 391,
776 5677 879 5722 etc.

2139 4587 2258 4649 σίας
2327 4586 2583 4650 Στωϊκοῖς
2605 4624 2619 4646 ,
2678 4586 2804 4656 περὶ
2849 4584 2942 4637 τοῦ
2995 4583 3241 4655 αἰσθήσει
3303 4570 3703 4652 καταλαμϐάνε-

2138 4676 2259 4730 σθαι
2287 4674 2396 4748 (67)
2425 4676 2494 4729 τὰ
2520 4675 3063 4747 καταλαμϐανόμενα,
3092 4675 3186 4729 καὶ
3215 4677 3393 4730 πᾶσαν
3415 4671 3705 4743 κατάληψιν

2224 4834 2334 4907 (67)
2362 4834 2702 4907 Ιίωεοίιείλξιιε
2752 4835 2807 4888 in
2843 4842 3014 4907 textu:
3049 4833 3255 4907 νοητῶν
3284 4832 3704 4907 ,οὐσιῶνΑΣτῳι-

2150 4901 2267 4970 κοῖς
2295 4901 2543 4975 περὶτοῦ
2570 4904 2820 4975 αἴσθησιν
2858 4901 3389 4975 καταλαμϐάνεσθαι,
3424 4901 3705 4975 inale._an

2148 4971 2384 5044 pertinet
2415 4974 2545 5027 illud
2579 4971 2891 5044 Tull.'lib.t
2937 4971 3105 5027 Acad.
3149 4982 3338 5042 quaret.
3386 4988 3405 5025 :
3448 4971 3706 5044 Sedinter

2143 5041 2419 5099 scientiam
2468 5053 2516 5096 et
2563 5042 2919 5107 inscientiam,
2972 5041 3486 5110 comprehensionem
3534 5041 3695 5101 illam,
3802 5094 3807 5098 ,

2143 5132 2298 5184 quam
2338 5114 2472 5177 dixi,
2509 5113 3072 5184 collocabat,reamque
3109 5127 3273 5182 neque
3314 5112 3368 5184 in_
3404 5114 3581 5184 rectis,
3618 5125 3703 5164 nee

2141 5181 2240 5253 que
2281 5186 2335 5238 in
2382 5187 2559 5253 pravis
2606 5183 2940 5253 numerabat,
2974 5181 3203 5253 sedAsoli
3247 5182 3566 5253 credendum
3604 5195 3704 5253 esse

2141 5250 2365 5308 dicebat.
2392 5251 2437 5305 E
2471 5258 2583 5323 quo'
2603 5253 2840 5323 sensibus
2867 5252 3026 5304 etiam
3050 5251 3205 5323 ﬁdem
3233 5251 3514 5323 tribuebat,
3555 5250 3700 5318 quod,

2145 5334 2200 5377 ut
2224 5341 2386 5392 supra
2411 5320 2551 5385 disci,
2586 5321 2998 5388 comprehensio,
3050 5320 3192 5387 facta
3227 5321 3485 5384 sensibus,
3511 5329 3561 5392 et
3589 5335 3705 5375 veru

2148 5411 2257 5447 esse
2280 5390 2382 5456 illi,
2415 5404 2460 5446 et
2489 5393 2663 5462 ﬁdelis
2710 5392 3021 5462 videbatur:
3054 5407 3159 5443 non
3200 5392 3337 5462 quod
3378 5390 3555 5462 omnia
3596 5402 3704 5462 qua;

2150 5473 2319 5516 essent
2347 5467 2400 5516 in
2440 5456 2498 5516 re
2517 5459 3013 5526 comprehenderet;
3065 5463 3152 5512 sed
3208 5456 3331 5530 quia
3371 5458 3531 5530 nihil,
3576 5456 3704 5525 quod

2153 5534 2338 5587 cadere
2386 5534 2441 5584 in
2479 5549 2594 5584 eam
2638 5541 2832 5599 posset,
2867 5528 3496 5599 relinqueret,quodque
3521 5536 3705 5599 natura

714 5598 1086 5677 Ἀριστοςάνί
1104 5619 1190 5667 υς.
1240 5601 1590 5672 Aristophan.
1658 5603 1709 5657 in
1772 5602 2005 5656 Acharn.
2035 5634 2050 5664 ,
2157 5603 2307 5677 quasi
2357 5617 2596 5653 normam
2624 5596 2856 5677 scientia:
2894 5612 2941 5652 et
2994 5596 3310 5677 principium
3341 5596 3704 5677 stti_tledisset,

2163 5666 2296 5726 unde
2316 5680 2494 5741 postea
2541 5673 2771 5722 notiones
2801 5684 2970 5722 rerum
2997 5671 3048 5722 in
3075 5666 3263 5722 animis
3292 5666 3705 5735 imprimerentur
