3972 6160
301 275 442 330 1475

1503 264 1780 326 CONTRA
1818 264 2096 322 CELSUM
2130 265 2258 320 LIB.
2302 245 2413 322 'ttti.

3410 262 3549 319 M74

296 393 569 464 ἠρτῆσθαι
602 393 710 448 τῶν
757 391 1099 464 αἱσθήσε¹ων;
1140 394 1187 444 εἰ
1233 391 1290 444 δὲ
1329 391 1662 445 ἀναπλάσσει
1698 390 1872 467 λόγους

1995 387 2184 457 telligi,
2209 395 2264 442 et
2293 385 2655 457 cognitionem
2689 383 2902 438 omnem
2937 399 2965 439 a
2996 384 3242 440 sensibus
3275 385 3553 454 pendere?

294 484 408 538 τῶν
439 485 887 555 φιλοσοφούντων,
916 486 1009 538 καὶ
1029 483 1322 554 ἐπιμελῶς,
1362 484 1460 554 ὅση
1491 483 1734 552 δύναμις,
1769 481 1882 546 ἐξε-

296 576 571 640 ταζόντων
597 576 669 629 τὰ
699 575 956 647 Χριστοῦ,
987 575 1108 628 οὐδὲ
1136 575 1345 637 τούτοις
1368 573 1635 628 ἀκόλουθα
1655 573 1881 643 πεποίη-

294 681 412 718 κεν.
436 666 621 728 Οὐδεὶς
641 666 770 736 γὰρ,
806 661 989 736 μαθὼν
1027 666 1254 736 ἀόρατον
1287 665 1426 717 εἶναι
1475 665 1565 716 τὸν
1610 664 1762 728 Θεὸν,
1792 664 1884 716 καὶ

295 752 436 808 εἷναί
467 773 589 810 τινα
629 757 1085 828 δημιουργήματα
1131 755 1370 827 ἀόρατα,
1413 755 1656 806 τουτέστι
1697 752 1880 823 νοητὰ,

291 842 442 910 λέγοι
471 843 535 896 ἂν
571 845 646 907 ὡς
669 844 1097 914 ἀπολογούμενος
1135 845 1262 915 περὶ
1291 843 1400 896 τῶν
1433 843 1572 896 κατά
1616 843 1712 913 τὴν
1750 843 1882 895 ἀνά-

297 950 487 987 στασιν
517 937 596 997 τὸ,
629 934 761 1001 Πῶς
775 933 1052 1000 αἰσθήσει
1064 934 1150 1002 μὴ
1173 935 1752 1002 καταλαμϐανόμενοι
1772 932 1881 1002 (68)

294 1023 628 1092 γνώσονται
650 1026 757 1078 τὸν
800 1026 981 1088 Θεόν;
1010 1025 1066 1094 ἢ,
1109 1026 1167 1077 τί
1195 1023 1373 1093 χωρὶς
1414 1024 1750 1092 αἰσθήσεως
1772 1041 1885 1093 μαι

292 1113 424 1166 θεῖν
450 1113 711 1168 δυνατόν
739 1115 948 1175 ἐστινξ
975 1115 1084 1167 Καὶ
1110 1114 1208 1166 οὐκ
1236 1115 1292 1165 ἐν
1327 1111 1768 1183 ἀνακεχωρηκόσι
1791 1113 1884 1166 καὶ

294 1206 826 1275 ἀναγινωσκομένοις
849 1205 952 1258 ὑπὸ
983 1204 1178 1273 ὀλίγων
1226 1204 1383 1274 μόνον
1424 1204 1518 1256 καὶ
1549 1203 1881 1274 φιλομαθῶν,

291 1293 410 1348 ἀλλ’
469 1296 526 1348 ὲν
558 1298 670 1357 τοῖς
713 1293 1146 1364 δημωδεστέροις
1185 1293 1515 1363 γέγραπται,
1555 1293 1637 1344 ὃτι
1673 1292 1750 1345 Τὰ
1777 1292 1881 1346 ἀό-

286 1401 445 1452 ρατα
472 1385 577 1439 τοῦ
609 1383 756 1438 Θεοῦ
777 1383 894 1437 ἀπὸ
925 1383 1175 1448 κτίσεως
1201 1385 1429 1451 κόσμου
1453 1381 1576 1448 τοῖς
1596 1378 1882 1448 ποιήμασι

293 1479 591 1545 νοούμενα
659 1474 994 1543 καθορᾶται.
1039 1475 1117 1526 Δι’
1151 1468 1225 1527 ὧν
1268 1475 1412 1526 ἐστιν
1451 1474 1671 1536 εἰδέναι,
1701 1473 1803 1534 ὅτι,
1833 1471 1882 1524 εἰ

295 1568 390 1622 καὶ
415 1569 539 1630 τοὺς
560 1569 616 1619 ὲν
642 1567 740 1636 βίῳ
767 1565 1085 1636 ἀνθρώπους
1121 1566 1226 1636 χρὴ
1252 1565 1358 1618 ἀπὸ
1385 1563 1691 1636 αἰσθήσεων
1724 1562 1882 1634 ἄρξα-

297 1658 421 1712 σθαι
445 1658 539 1710 καὶ
566 1657 672 1710 τῶν
726 1655 994 1726 αἰσθητῶν
1039 1656 1168 1726 (69),
1227 1655 1517 1726 μέλλοντας
1571 1655 1880 1708 ἀναϐαίνειν

1984 478 2138 543 Quod
2176 479 2220 534 si
2268 494 2452 534 eorum
2503 492 2782 533 sermones
2833 479 3008 547 ﬁngit,
3040 479 3132 546 qui
3167 478 3553 546 philosophan-

1987 578 2097 633 tur,
2129 581 2182 623 et
2214 586 2311 640 pro
2352 569 2557 624 viribus
2601 571 2862 625 doctrinae
2889 571 3090 625 Christi
3143 571 3396 640 mysteria
3429 569 3553 622 dili-

1985 671 2176 728 genter
2206 669 2548 724 scrutantur,
2592 675 2770 729 neque
2815 662 2976 715 etiam
3017 661 3124 716 illis
3171 663 3554 718 convenientia

1987 753 2198 806 tribuit.
2233 752 2402 806 Netno
2437 753 2580 808 enim
2610 754 2804 807 doctus
2836 753 3000 806 Deum
3040 767 3160 806 esse
3193 753 3552 818 invisibilem,

1984 851 2037 895 et
2059 842 2301 908 quaedam
2337 842 2454 912 ejus
2473 857 2634 911 opera
2661 843 2946 898 invisibilia
2975 857 3114 908 esse,
3147 843 3250 898 hoc
3275 854 3359 898 est
3395 846 3554 900 intel-

1985 933 2231 1005 ligibilia,
2281 936 2345 988 ad
2395 933 2790 988 defendendam
2849 935 3302 990 resurrectionem
3353 937 3553 993 dixerit

1985 1025 2126 1078 istud
2163 1040 2176 1077 :
2214 1022 2490 1090 Quomodo
2521 1024 2691 1079 Deum
2723 1027 2985 1095 cognituri
3005 1037 3148 1092 sunt,
3178 1027 3224 1080 si
3251 1044 3404 1082 sensu
3446 1033 3553 1082 noti

1984 1124 2199 1183 possunt
2251 1117 2596 1184 cognoscere?
2621 1116 2728 1170 Aut
2757 1133 2772 1170 :
2809 1116 2951 1180 Quid
2977 1117 3090 1170 sine
3126 1133 3281 1172 sensu
3307 1119 3551 1188 cognosci

1983 1204 2176 1269 potest?
2205 1202 2388 1274 Neque
2427 1205 2590 1260 etiam
2616 1208 2666 1259 in
2693 1207 3080 1262 secretioribus
3125 1206 3426 1276 Scripturis
3458 1210 3552 1264 aut

1985 1293 2053 1348 iis
2078 1308 2213 1363 quas
2241 1296 2394 1365 pauci
2439 1305 2645 1350 tantum
2674 1298 2875 1353 curiosi
2907 1298 3113 1368 legunt,
3145 1299 3237 1353 sed
3279 1299 3332 1353 in
3367 1301 3554 1368 vulga-

1973 1382 2212 1439 'tioribus
2253 1386 2518 1454 scriptum
2568 1395 2694 1443 est:
2730 1386 3028 1441 lnvisibilia
3074 1386 3166 1440 Dei
3221 1404 3254 1441 a
3307 1393 3554 1442 creatura

1983 1473 2169 1526 mundi
2217 1488 2308 1542 per
2340 1491 2400 1528 ea
2427 1492 2544 1545 qua:
2575 1476 2717 1545 facta
2760 1484 2884 1530 sunt
2928 1475 3192 1529 intellecta
3220 1477 3552 1544 conspiciun-

1981 1560 2153 1615 tur“.
2179 1563 2254 1615 Ex
2290 1579 2398 1632 quo
2416 1565 2559 1620 scire
2589 1565 2738 1630 licet,
2767 1564 3083 1636 quamvisin
3112 1566 3213 1620 bac
3234 1567 3344 1620 vita
3377 1566 3552 1620 homi-

1985 1669 2082 1708 nes
2114 1665 2361 1722 oporteat
2411 1671 2440 1709 a
2482 1658 2732 1712 sensibus
2789 1657 3243 1727 sensibilibusque
3291 1659 3548 1728 incipere,

297 1750 388 1801 ἐπὶ
413 1749 510 1819 τὴν
540 1748 646 1800 τῶν
679 1747 883 1819 νοητῶν
917 1747 1095 1817 φύσιν,
1123 1746 1236 1800 ἀλλ’
1266 1745 1381 1798 οὔτι
1412 1762 1474 1813 γε
1518 1746 1575 1798 ὲν
1601 1743 1872 1814 αἰσθητοῖς

1981 1745 2106 1799 inde
2149 1749 2216 1800 ad
2267 1763 2448 1802 rerum
2484 1748 2910 1816 intelligibilium
2944 1760 3193 1803 naturam
3235 1765 3550 1820 progressur-

299 1840 625 1910 καταμένειν
655 1840 757 1909 χρή
780 1855 792 1868 ⁸
826 1837 945 1891 οὔτε
976 1839 1144 1909 χωρὶς
1173 1837 1476 1907 αἰσθήσεως
1499 1835 1716 1907 ἐροῦσιν
1751 1835 1876 1888 ἀδύ-

295 1949 452 1984 νατον
477 1927 610 1984 εἶναι
637 1930 823 2000 μαθεῖν
849 1930 914 1984 τὰ
939 1931 1121 2000 νοητά·
1143 1928 1412 1999 χρώμενοι
1435 1928 1492 1980 δὲ
1513 1927 1606 1998 τῷ,
1647 1927 1740 1991 Τίς
1769 1943 1877 1992 χω-

285 2023 388 2090 ρὶς
415 2022 748 2090 αἰσθήσεως
769 2021 980 2091 μαθεῖν
1005 2020 1259 2084 δυνατός
1280 2020 1448 2072 ἐστιν
1464 2019 1606 2089 (70);
1633 2017 1876 2085 ἐλέγξου-

297 2127 379 2164 σιν
403 2112 503 2164 ούκ
535 2111 769 2179 εὐλόγως
796 2111 951 2164 τοῦτο
983 2110 1094 2182 (71)
1128 2111 1233 2164 ὑπὸ
1257 2109 1350 2164 τοῦ
1383 2108 1588 2161 Κέλσου
1624 2108 1878 2178 ἐπιφέρε-

297 2201 419 2254 σθαι
470 2203 550 2260 τὸ.
583 2205 703 2257 Οὐκ
758 2203 1068 2271 ἀνθρώπου
1101 2203 1234 2273 μὲν,
1278 2201 1419 2256 οὐδὲ
1448 2201 1675 2271 ψυχῆς,
1716 2201 1878 2256 ἀλλὰ

294 2294 405 2363 γὰρ
434 2296 659 2362 σαρκὸς
701 2296 886 2364 φωνή.

363 2387 508 2440 Νοῦν
565 2388 758 2451 τοίνυν,
809 2389 841 2459 ἢ
895 2389 1146 2442 ἐπέκεινα
1200 2388 1289 2443 νοῦ
1326 2388 1419 2442 καὶ
1456 2388 1662 2452 οὐσίας,
1695 2387 1860 2455 λέγονι

291 2495 385 2542 τες
416 2476 554 2532 εἶναι
592 2479 816 2544 ἁπλοῦν,
843 2481 934 2532 καὶ
963 2481 1211 2550 ἀόρατον,
1241 2481 1332 2533 καὶ
1351 2478 1638 2549 ἀσώματον
1657 2479 1747 2532 τὸν
1766 2479 1874 2532 τῶν

296 2568 434 2620 ὅλων
465 2569 614 2626 Θεὸν.
632 2570 732 2622 οὐκ
759 2571 824 2622 ἂν
852 2570 993 2639 ἄλλῳ
1020 2572 1127 2624 τινὶ
1157 2570 1287 2641 (72),
1315 2569 1441 2639 ἢτῷ
1458 2569 1596 2623 κατά
1613 2570 1712 2642 τὴν
1735 2571 1876 2623 ὲκεί-

298 2677 389 2712 νου
419 2659 512 2712 τοῦ
538 2659 629 2712 νοῦ
658 2661 838 2713 εἰκόνα
867 2662 1139 2732 γενομένῳ
1186 2663 1430 2733 φήσομεν
1464 2663 1877 2732 καταλαμϐάνε-

300 2751 422 2804 σθαι
453 2753 541 2804 τὸν
569 2751 698 2805 Θεόν
721 2769 734 2782 ο
771 2752 863 2804 νῦν
899 2753 1016 2822 μὲν,
1061 2754 1147 2806 ἵνα
1178 2757 1241 2824 τῇ
1271 2754 1413 2820 λέξει
1444 2757 1731 2825 χρήσωμαι
1762 2756 1874 2827 (75)

295 2841 387 2893 τοῦ
425 2841 652 2906 Παύλου,
681 2842 754 2895 δι’
776 2843 1070 2911 ἐσόπτρου
1101 2844 1198 2897 καὶ
1239 2846 1600 2914 αἰνίγματος,
1651 2847 1783 2901 τότε
1809 2847 1877 2900 δὲ

295 2944 364 2996 πί
381 2931 616 2986 όσωπον
679 2931 827 2999 πρὸς
882 2934 1224 3000 πρόσωπον.
1288 2937 1616 3001 Πρόσωπον
1667 2935 1724 2988 δὲ
1779 2937 1876 2991 ἐὰν

294 3019 452 3088 λέγω,
484 3022 556 3092 μὴ
587 3023 986 3091 συκοφαντείτω
1012 3042 1093 3086 τις
1127 3025 1213 3078 διά
1242 3025 1341 3096 τὴν
1373 3026 1517 3092 λέξιν
1552 3027 1644 3079 τὸν
1683 3027 1874 3098 δηλού-

1980 1851 2089 1902 ros,
2121 1845 2298 1892 taunen
2333 1839 2388 1892 in
2430 1838 2778 1893 sensibilibus
2802 1839 3102 1893 sistendum
3131 1855 3235 1892 non
3263 1855 3404 1894 esse.
3435 1835 3550 1896 Nec

1977 1929 2146 1996 magis
2165 1912 2563 1994 dixerintfsine
2588 1945 2749 1985 sensu
2775 1929 3128 1996 intelligibilia
3157 1933 3408 2001 cognosci
3438 1948 3549 1987 non

1976 2030 2158 2086 posse.
2202 2017 2268 2070 Et
2311 2019 2557 2086 quamvis
2612 2018 2897 2072 dicerent:
2936 2018 3065 2082 Quis
3094 2020 3207 2073 sine
3262 2035 3414 2073 sensu
3466 2037 3550 2075 co-

1977 2125 2225 2178 gnoscere
2261 2111 2476 2176 potest?
2505 2121 2680 2163 tamen
2717 2110 2842 2163 hinc
2875 2127 2903 2162 a
2934 2110 3088 2165 Celso
3133 2123 3394 2182 negarent
3433 2128 3548 2167 me-

1978 2200 2080 2254 rito
2111 2201 2308 2270 colligi,
2332 2218 2502 2257 vocem
2533 2202 2670 2256 hanc
2700 2219 2803 2256 non
2829 2203 3076 2270 hominis,
3105 2219 3195 2257 nec
3220 2207 3430 2271 animw,
3455 2207 3545 2258 sed

1976 2295 2151 2348 carnis
2177 2283 2321 2348 esse:

2050 2381 2137 2437 58.
2166 2380 2457 2438 Enimvero
2484 2398 2605 2437 cum
2656 2383 2902 2438 dicamus
2952 2383 3328 2438 universorum
3377 2385 3542 2438 Deum

1977 2487 2098 2528 esse
2126 2474 2193 2528 ab
2222 2475 2367 2529 omni
2411 2475 2759 2530 concretione
2789 2474 3038 2540 liberum,
3077 2474 3422 2540 invisibilem,
3455 2477 3543 2530 in-

1975 2566 2950 2638 corporeum,intellectum,autquid
2998 2568 3143 2621 aliud
3183 2569 3458 2623 intellectu
3490 2579 3546 2624 et

1976 2659 2277 2712 substantia
2303 2659 2665 2727 prtestantius,
2684 2676 2786 2712 non
2806 2662 3046 2716 dicemus
3064 2662 3166 2714 alia
3187 2676 3263 2726 rc,
3279 2677 3439 2729 quam
3455 2677 3539 2726 ea,

1976 2763 2096 2813 qua:
2117 2750 2182 2802 ad
2211 2749 2499 2818 imaginem
2526 2749 2669 2803 illius
2697 2750 3007 2804 intellectus
3039 2751 3177 2804 facta
3227 2761 3331 2814 est,
3370 2750 3540 2805 Deum

1976 2840 2260 2906 cognosci,
2294 2856 2431 2892 nunc
2470 2841 2686 2908 quidem
2723 2857 2815 2909 per
2836 2843 3103 2911 speculum
3134 2853 3180 2896 et
3211 2844 3458 2911 tenigma,
3485 2853 3544 2897 ut

1977 2933 2131 2988 Pauli
2161 2932 2341 2986 verbis
2371 2940 2528 2995 utar;
2563 2939 2686 2984 tunc
2713 2921 2830 2985 vero
2849 2934 2985 3000 facie
3004 2935 3071 2985 ad
3093 2933 3280 3002 [aciem
3303 2930 3368 2990 ⁸⁵.
3387 2937 3542 3001 Quod

1978 3028 2097 3079 dico
2137 3025 2364 3092 faciem,
2425 3039 2582 3078 neum
2636 3032 2859 3092 propter
2909 3039 3094 3080 vocem
3149 3024 3200 3079 id
3261 3026 3402 3094 quod
3451 3027 3544 3081 illa

297 3129 453 3182 μενον
485 3113 609 3166 νοῦν
633 3115 725 3166 ὑπ’
754 3115 921 3186 αὐτῆς
940 3133 954 3147 ·
988 3115 1125 3169 ἀλλά
1152 3117 1467 3187 μανθανέτω
1491 3119 1548 3170 ὲν
1572 3117 1668 3188 τῷ,
1705 3097 1872 3172 Ἀνα-

1979 3117 2136 3187 721
2175 3116 2464 3184 signiﬁcat,
2496 3114 2874 3179 calumnietur,
2904 3117 2998 3169 sed
3027 3130 3094 3169 ex
3128 3115 3231 3170 hoc
3256 3117 3412 3172 loco:
3445 3117 3544 3170 lie-

296 3207 724 3273 κεκαιυμμένω
761 3205 1054 3275 προσώπῳ
1093 3208 1208 3275 τὴν
1243 3207 1431 3273 δόξαν
1478 3211 1690 3278 Καρίου
1737 3228 1875 3264 κατ-

190 3349 196 3353 ,
291 3293 707 3363 οπτριζόμενοι,
744 3297 839 3348 καὶ
870 3297 983 3364 τὴν
1004 3298 1197 3365 αὐτὴν
1222 3302 1426 3354 εἰκόνα
1462 3301 1871 3370 μεταμορφού-

286 3400 456 3454 μενοι
488 3383 604 3438 ἀπὸ
635 3385 819 3452 δόξης
843 3389 929 3451 εἰς
955 3387 1160 3450 δόξαν,
1191 3390 1251 3441 οὺ
1283 3391 1570 3459 πρόσωπον
1621 3392 1873 3462 αἰσθητὸν

290 3477 350 3529 ἐν
381 3479 492 3539 τοῖς
523 3477 776 3540 τοιούτοις
806 3479 1360 3551 παραλαμϐανόμενον
1379 3522 1394 3545 ,
1427 3483 1561 3535 ἀλλά
1588 3484 1728 3536 κατά
1752 3501 1875 3555 τρο-

293 3568 545 3636 πολογίαν
576 3570 879 3641 νοούμενον,
915 3572 990 3636 ὡς
1021 3574 1112 3626 καὶ
1150 3573 1476 3644 ὀφθαλμοὺς,
1501 3576 1594 3628 καὶ
1626 3569 1758 3641 ὦτα,
1779 3578 1874 3630 καὶ

289 3663 387 3716 ὅσα
428 3667 485 3715 ὲν
521 3667 632 3727 τοῖς
692 3665 948 3737 ἀνωτέρω
999 3665 1262 3736 ὁμώνυμα
1311 3669 1422 3729 τοῖς
1472 3666 1564 3718 τοῦ
1627 3667 1874 3739 σώματος

293 3755 474 3824 μέλεσι
509 3757 947 3827 παρεστήσαμεν.
1000 3759 1110 3809 Καὶ
1143 3757 1427 3828 ἅνθρωπος
1460 3758 1557 3828 μὲν
1602 3754 1714 3822 οῦν,
1745 3776 1868 3810 του-

288 3847 436 3900 τέστι
476 3848 619 3918 ψυχὴ
677 3849 928 3918 χρωμένη
982 3849 1210 3919 σώματι,
1250 3850 1512 3921 λεγομένη
1545 3853 1577 3903 ό
1605 3852 1724 3903 ἑσω
1762 3849 1869 3903 ἄν·

288 3941 534 4006 θρωπος,
593 3939 727 4016 ἀλλά
787 3941 880 3993 καὶ
937 3943 1128 4008 ψυχὴ,
1183 3942 1554 4010 ἀποκρίνεται,
1593 3943 1689 4012 οὐχ
1727 3941 1870 4013 ἆπερ

290 4031 494 4092 Κέλσος
541 4030 865 4100 ἀνέγραψεν,
908 4032 1021 4084 ἀλλ’
1058 4033 1199 4102 ἆπερ
1239 4033 1399 4095 αὐτὸς
1441 4033 1737 4086 διδάσκειὸ
1775 4033 1868 4085 τοῦ

288 4121 422 4173 Θεοῦ
451 4121 730 4192 ἄνθρωπος
754 4139 766 4152 ο
801 4121 1000 4191 σαρκὸς
1024 4123 1079 4175 δὲ
1103 4126 1250 4193 φωνῇ
1297 4124 1394 4175 οὐκ
1439 4121 1502 4175 ἂν
1547 4123 1870 4193 Χριστιανὸς

289 4212 572 4281 χρήσαιτο,
608 4209 791 4280 μαθὼν
826 4212 1094 4282 πνεύματι
1120 4213 1225 4277 τὰς
1260 4212 1504 4279 πράξεις
1539 4212 1644 4265 τοῦ
1674 4211 1868 4279 σώμα-

287 4319 388 4366 τος
406 4301 723 4364 θανατοῦν,
749 4303 860 4366 καὶ,
889 4302 1144 4356 πάντοτε
1169 4303 1281 4370 τὴν
1304 4303 1597 4370 νέκρωσιν
1620 4301 1725 4354 τοῦ
1761 4303 1866 4370 ’1η⁴

286 4391 400 4444 σοῦ
423 4391 491 4444 ἐν
519 4390 597 4457 τῷ
625 4391 849 4460 σώματι
882 4391 1219 4460 περιφέρειν
1238 4431 1252 4454 ,
1288 4396 1400 4456 καὶ,
1426 4391 1772 4457 Νεκρὼσατε
1798 4391 1868 4444 τὰ

1975 3211 2144 3262 velata
2171 3207 2306 3274 {acie
2339 3206 2561 3274 gloriam
2596 3205 2808 3257 Domini
2838 3205 3181 3274 speculantes,
3217 3207 3270 3259 in
3308 3211 3542 3260 eamdem

1973 3300 2253 3368 imaginem
2285 3298 2654 3364 transforntali
2685 3315 2716 3351 a
2750 3300 2992 3352 claritate
3032 3300 3100 3351 ad
3145 3299 3448 3352 claritatem
3473 3299 3540 3362 ⁸⁸,

1973 3388 2148 3442 discat
2201 3389 2290 3441 bic
2341 3389 2548 3442 nonde
2599 3387 2740 3442 facie
2775 3389 3019 3443 sensibili
3067 3405 3374 3444 sermonem
3401 3389 3540 3453 fieri,

1973 3480 2069 3533 sed
2106 3479 2299 3532 faciem
2345 3479 2580 3548 ﬁgurate
2611 3479 2858 3548 intelligi,
2910 3490 2968 3534 ut.
3009 3482 3195 3536 oculos
3219 3493 3275 3536 et
3301 3497 3460 3538 aures
3485 3493 3542 3536 et

1972 3579 2238 3640 quotquot
2268 3585 2428 3636 supra
2456 3572 2806 3637 probavimus
2859 3570 2998 3633 idem
3030 3571 3228 3624 habere
3260 3587 3452 3626 nomen
3479 3588 3543 3628 ac

1977 3660 2215 3714 membra
2275 3662 2542 3728 corporis.
2580 3661 2654 3713 At:
2699 3676 2798 3714 nec
2859 3662 3019 3715 homo
3081 3662 3318 3728 quidem,
3370 3663 3540 3717 idest

1976 3751 2154 3805 anima
2202 3765 2432 3818 cerpore
2482 3763 2663 3816 utens,
2707 3754 2860 3804 homo
2913 3754 3132 3806 interior
3159 3753 3326 3816 dicta,
3362 3765 3418 3809 el
3449 3757 3542 3810 ali-

1971 3845 2185 3914 quando
2215 3847 2392 3897 anima
2425 3845 2494 3907 ⁸⁷,
2536 3847 2882 3912 respondebit
2930 3862 3053 3914 quae
3092 3847 3282 3901 scribit
3327 3849 3538 3915 Celsus,

1971 3937 2065 3989 sed
2100 3950 2220 4003 qua:
2264 3937 2376 4004 ipse
2409 3937 2572 3988 homo
2609 3937 2697 3990 Dei
2748 3939 2925 3990 docet.
2957 3938 3142 4007 Neque
3188 3954 3319 3994 voce
3360 3941 3543 3995 carnis

1970 4035 2153 4080 utetur
2182 4025 2544 4092 Christianus,
2576 4039 2761 4096 utpote
2783 4029 2874 4097 qui
2907 4030 3096 4084 didicit
3134 4032 3276 4098 facta
3305 4033 3542 4098 corporis

1969 4118 2291 4183 mortiﬁcare
2317 4117 2382 4180 ⁸⁸,
2407 4127 2462 4170 et
2485 4134 2685 4184 semper
2706 4119 3161 4186 mortiﬁcationem
3189 4120 3315 4175 Jesu
3345 4121 3399 4174 in
3422 4138 3541 4174 cor-

1969 4225 2093 4276 pore
2125 4209 2462 4275 circumferre
2487 4207 2552 4272 ⁸⁸,
2583 4217 2637 4261 et
2670 4210 2992 4275 mortiﬁcare
3018 4211 3386 4280 membraqua:
3417 4221 3538 4265 sunt

1968 4315 2126 4366 super
2151 4313 2348 4353 (errant
2375 4300 2458 4365 9’;
2488 4301 2744 4369 novitque
2780 4302 2907 4368 quid
2939 4300 3249 4370 significent
3274 4304 3386 4355 haec
3415 4317 3540 4355 ver-

1969 4389 2035 4443 ba
2073 4409 2087 4444 :
2123 4389 2244 4445 Non
2303 4392 2624 4460 permanebit
2680 4393 2900 4456 spiritus
2949 4409 3093 4447 meus
3146 4396 3200 4448 in
3243 4396 3538 4450 hominibus

280 4481 434 4550 μέλη
466 4481 534 4534 τὰ
566 4479 661 4533 ἐπὶ
692 4479 800 4549 τῆς
825 4481 963 4550 γῆς·
995 4483 1086 4535 καὶ
1113 4482 1266 4546 εἰδὼς
1297 4483 1349 4535 τί
1381 4481 1629 4538 δηλοῦται
1659 4484 1724 4534 ὲκ
1751 4481 1866 4540 τοῦ,

1977 4482 2088 4536 istis
2112 4485 2163 4536 in
2185 4485 2434 4537 sa’cutum
2458 4519 2472 4542 ,
2510 4483 2633 4550 quia
2661 4499 2786 4535 caro
2813 4493 2932 4537 sunt
2957 4485 2999 4515 θ’
3028 4500 3043 4548 ;
3072 4493 3127 4538 et
3161 4487 3261 4540 ista
3297 4505 3310 4541 :
3345 4485 3450 4551 Qui
3483 4489 3541 4540 in

352 4644 400 4678 ⁸ι
422 4646 576 4700 Rom.
605 4663 642 4706 ι,
675 4645 765 4698 20.
841 4645 886 4677 ⁸³
913 4646 927 4698 Ι
959 4646 1085 4704 Cor.
1147 4661 1260 4710 xm,
1293 4643 1378 4698 t2.
1455 4644 1500 4675 ⁸⁸
1532 4643 1569 4698 ll
1612 4643 1736 4698 (ιον.
1767 4660 1845 4711 tu,
1878 4645 1964 4699 18.

289 4715 370 4768 ιο.
469 4717 514 4749 ⁸ο
541 4719 746 4772 Culoss.
779 4731 857 4780 Ill,
888 4716 940 4770 5.
1015 4716 1059 4748 "
1086 4716 1218 4771 Gen.
1249 4732 1318 4779 γι,
1341 4713 1395 4770 5.

288 4854 522 4925 cqnibus
552 4873 651 4908 non
703 4857 962 4925 principia
1006 4856 1196 4919 solum,
1237 4855 1326 4908 sed
1359 4853 1574 4906 tutiores
1610 4853 1850 4925 quautam

288 4925 357 4977 ad
383 4924 634 4976 rationem
675 4923 1037 4979 inveniendam
1088 4929 1180 4977 vice
1211 4926 1559 4990 reperiuntur,
1590 4933 1644 4974 et
1675 4923 1769 4975 lib.
1800 4936 1851 4975 tv

289 4991 457 5046 Acad.
480 5003 666 5062 quiest.
713 5008 729 5046 :
779 4995 966 5049 Dicunt
995 4995 1125 5047 enim
1161 4994 1327 5048 Stoici
1373 5009 1554 5045 sensus
1594 4993 1732 5058 ipsos
1765 5008 1852 5042 as—

288 5078 466 5134 sensus
501 5078 633 5126 esse,
682 5080 853 5134 quos,_
883 5067 1128 5133 quoniam
1173 5065 1426 5132 appetitio
1478 5070 1849 5134 consequatur,

287 5133 547 5186 actionem
577 5135 755 5200 sequi:
783 5132 1094 5186 tolliautem
1123 5134 1296 5186 omnia
1326 5135 1370 5186 si
1414 5134 1524 5186 visa
1565 5132 1846 5184 tollantur.

289 5201 551 5255 Spencsn.

357 5273 470 5341 (68)
498 5270 766 5326 Hmschel.
799 5281 854 5327 et
883 5271 1167 5340 Spencer.,
1192 5272 1310 5335 πῶς
1337 5271 1618 5339 αἰσθήσεσι
1653 5270 1726 5340 μὴ
1756 5285 1856 5341 κα-

285 5339 781 5412 ταλαμϐανόμενον,
817 5351 872 5394 at
919 5339 1078 5412 eodd.
1113 5341 1246 5412 Ileg.‘
1279 5355 1341 5412 et
1367 5342 1692 5412 Basileensis
1717 5339 1775 5390 ut
1802 5339 1852 5390 in

289 5409 475 5466 nostro
517 5409 684 5477 textu,
710 5415 897 5481 sicque
927 5411 1139 5481 ipsimet
1170 5410 1508 5481 Iltescbelius
1536 5419 1591 5463 et
1624 5409 1856 5470 Spence-

293 5497 387 5536 rns
416 5483 613 5536 habent
649 5479 874 5536 numero
904 5479 1258 5550 prmcedenti.

358 5554 472 5624 (ὅθ)
505 5553 774 5607 limsrhel.
806 5553 859 5624 in
893 5547 1067 5624 textu,
1097 5549 1205 5624 ύπὺ
1233 5547 1555 5624 αἰσθήσεων.

359 5615 468 5693 (70)
544 5625 638 5688 Τίς
685 5622 862 5692 χωρίς
931 5619 1268 5693 αισθήσεως
1329 5615 1540 5693 μαθεῖν
1596 5615 1854 5693 δυνατός

291 5687 488 5759 coctae;
527 5687 719 5764 Supra-
743 5687 960 5765 legitur,
999 5690 1051 5742 τί
1092 5691 1258 5760 χωρὶς
1305 5687 1606 5758 αἰσθήσεως
1663 5687 1852 5756 μαθεῖν

2044 4644 2086 4675 ⁸⁷
2105 4643 2260 4700 Rom.
2287 4657 2382 4709 vn,
2413 4644 2500 4698 22.
2578 4645 2622 4678 ⁸⁸
2655 4645 2807 4700 ﬂori).
2846 4662 2963 4710 VIII,
2999 4646 3080 4700 l5.

3157 4648 3199 4680 ⁸³
3235 4647 3273 4702 ll
3304 4647 3428 4704 Cor.
3460 4660 3537 4714 ιν,

1958 4851 2182 4906 δυνατόν
2215 4853 2361 4918 ἐστιν
2382 4869 2396 4919 ;

2059 4921 2142 4995 71)
2180 4923 2377 4977 Τοῦτο.
2410 4923 2727 4995 Bobcrellus
2758 4923 2907 4989 legit,
2941 4924 3130 4995 τούτῳ.

2055 4994 2141 5057 72)
2175 4995 2295 5046 Οὐκ
2331 4995 2408 5047 ἂν
2434 4993 2607 5061 ἄλλῳ
2644 4995 3025 5048 τινί.ϐιιὶοιιιε
3061 4993 3342 5050 existimat
3394 4997 3535 5050 scri-

1959 5062 2194 5116 bendum
2250 5063 2412 5123 forte.
2459 5065 2558 5118 οὐκ
2605 5065 2670 5118 ἂν
2718 5065 2860 5134 ἄλλῳ
2906 5067 3011 5118 τινὶ
3055 5065 3088 5136 ἢ
3142 5066 3220 5136 τῷ
3267 5065 3408 5120 κατὰ
3436 5065 3534 5186 sig»;

1962 5131 2170 5184 ἐκείνου
2217 5133 2404 5186 εἰκόνα
2426 5135 2702 5186 γενομένω
2749 5135 2844 5186 νῶ.
2892 5137 3154 5186 φήσομεν.
3201 5137 3400 5186 Itaaue.
3447 5151 3479 5186 τ
3517 5173 3533 5186 .

1962 5131 2174 5206 ἐκείνου
2217 5133 2404 5187 εἰκόνα·
2426 5135 2702 5205 γενομένῳ
2749 5131 2844 5206 νῷ,
2892 5131 3154 5206 φήσομεν.
3191 5131 3400 5204 Ῑιιιῳιε,
3447 5131 3533 5199 τὸ,

1962 5202 2056 5274 τοῦ
2071 5201 2176 5274 ’νοῦ
2208 5219 2306 5270 pro
2341 5201 2489 5258 mero
2534 5201 2768 5273 imperiti
2795 5201 3121 5274 gloss-innate
3154 5201 3534 5274 babeitScr‘i-

1962 5271 2206 5342 bernium
2236 5275 2380 5328 enim
2416 5285 2552 5335 erat,
2592 5271 2926 5342 ἱὶηιιιίιξτοῦ
2955 5273 3110 5338 Θεοῦ,
3145 5289 3262 5342 non,
3285 5273 3379 5324 τοῦ
3415 5271 3530 5324 νοῦ-

2032 5341 2144 5416 (75)
2194 5341 2371 5416 Μῦες,
2402 5341 2712 5416 χρήσωμαι.
2755 5344 3108 5416 llmscbelius
3141 5351 3214 5416 ct_
3243 5341 3530 5416 Spencer.,

1959 5413 2251 5481 χρήσομαι.
2303 5411 2505 5466 Ibidem
2555 5411 2713 5467 codd.
2781 5415 2914 5480 Heg.
2967 5423 3022 5465 et.
3074 5411 3420 5476 Basileensts,
3457 5411 3528 5481 διῗ

1957 5479 2220 5553 ἐσόπτρου
2247 5484 2340 5535 καὶ
2363 5483 2703 5553 αἰνίγματος.
2735 5479 3008 5553 ῌςιιει-Ιιρι.
3042 5489 3105 5553 et
3139 5483 3426 5553 Spencer.,
3460 5479 3532 5553 δι’

1956 5546 2221 5673 ἐσόῖττρου
2257 5553 2350 5606 καὶ
2397 5546 2695 5622 αἰνίγματι.
2751 5550 2999 5621 Vulgata,
3043 5549 3109 5602 δι’
3155 5546 3419 5619 ἐσόπτρου
3471 5551 3531 5604 ἐν

1959 5638 2043 5673 αιν
2072 5639 2260 5673 muri.

1959 5638 2260 5692 αινιγματι.
