3972 6160
513 218 654 275 1475
2014 219 2081 275 ’01

2246 219 2344 275 NIS
3644 226 3814 281 £676

511 354 676 394 carne
696 346 840 403 sunt,
872 335 979 391 De‘o
1000 336 1205 403 placere
1226 350 1328 388 non
1352 335 1627 403 possunt"
1647 352 1661 401 ;
1681 344 1842 405 atque
1874 337 2074 391 idcirco

2245 341 2263 391 '2
2286 339 2373 408 μὴ
2403 342 2727 409 καταμείνῃ
2766 338 2831 393 τὸ
2875 340 3108 409 πνεῦμά
3143 359 3261 410 μου
3283 341 3352 395 ἐν
3374 341 3500 408 τοῖς
3547 343 3813 411 ἀνθρώ-

510 430 649 485 nihil
676 444 783 484 non
807 428 960 493 facit,
992 435 1141 480 utne
1175 425 1404 494 amplius
1430 426 1482 478 in
1509 440 1696 491 carne,
1733 427 1828 480 sed
1878 427 1931 480 in
1957 427 2073 482 solo

2240 448 2314 494 atq
2363 432 2589 496 τούτοις
2633 433 2719 496 εἰς
2747 431 2852 483 τὸν
2890 432 3102 493 αἰῶνα,
3132 430 3229 484 διὰ
3254 431 3321 484 τὸ
3358 428 3514 485 εἶναι
3544 434 3808 500 αὐτοὺς

509 520 701 591 spiritu
733 520 825 574 sil.

2234 517 2408 586 ἀρκας
2427 535 2439 547 ·
2467 521 2824 590 ἐπιστάμενος
2850 520 2906 572 δὲ
2936 521 3047 583 καὶ,
3084 521 3165 573 ὅτι
3197 521 3261 573 Οἱ
3286 522 3356 574 ἐν
3380 523 3563 590 σαρκί
3594 523 3802 590 ὄντες

508 615 632 679 Θεῷ
648 613 856 681 ἀρέσαι
873 612 947 664 οὐ
971 609 1292 663 δύνανται’
1318 610 1409 662 κα)⁸
1443 611 1531 663 διὰ
1554 609 1712 663 τοῦτο
1741 611 1915 665 πάντα
1960 610 2236 682 πράττων,
2291 615 2370 676 εἰς
2426 612 2485 667 τὸ
2545 613 2806 685 μηδαμῶς
2858 615 3017 667 αὑτὸν
3067 616 3146 666 ἔτι
3191 609 3328 668 εἶναι
3367 615 3426 668 ὲν
3465 618 3536 686 τῇ
3580 616 3797 684 σαρκὶ,

506 707 621 760 ἀλλ’
651 709 708 758 ὲν
743 704 887 775 μόνῳ
911 700 988 772 τῷ
1023 700 1307 773 πνεύματι.
3502 767 3514 780 ⁸

573 802 662 856 59.
689 798 844 852 Nunc
878 798 1162 851 videmnus
1193 798 1258 849 ad
1290 812 1410 864 quae
1453 814 1554 853 nos
1586 808 1762 865 vocet,
1793 808 1853 854 ut
1884 817 1951 853 ex
1980 800 2071 855 illo

2245 793 2471 864 Ἷδωμεν
2508 793 2564 846 δὲ
2611 795 2703 847 καὶ
2754 794 2848 847 ἐπὶ
2895 796 3015 849 τίνα
3068 798 3215 867 ἡμᾶς
3256 797 3450 862 καλεῖ,
3500 798 3570 851 ἵν’
3600 801 3791 857 αὐτοῦ

503 891 790 945 audiamus
808 903 927 957 qua:
944 887 1036 941 Dei
1061 887 1513 956 sitcoguosccndi
1551 891 1722 956 ratio;
1761 907 2068 960 quanquam

2220 885 2509 954 μεθύσωμεν,
2539 885 2643 937 τίνι
2677 885 2862 956 τρόπῳ
2892 885 3208 956 γνωσόμεθα
3241 887 3331 939 τὸν
3367 888 3530 941 Θεόν·
3565 888 3665 958 ἐφ’
3701 887 3788 955 oi;

499 994 622 1050 qua:
646 981 892 1034 dicturus
922 988 1025 1043 est,
1060 979 1323 1042 omnium,
1361 990 1416 1032 ut
1446 991 1615 1049 putat,
1637 981 2067 1036 Christianorum

2218 978 2338 1030 ἐται
2374 975 2576 1047 μηδένα
2606 978 2956 1047 Χριστιανῶν
3002 979 3210 1031 ἐπαΐειν
3238 978 3499 1035 δύνασθαι
3532 984 3654 1036 τῶν
3686 985 3786 1036 ὑπ’

497 1080 718 1141 captum
744 1078 1027 1139 superant.
1061 1069 1297 1122 Audiam
1330 1070 1434 1135 illi,
1470 1071 1666 1139 inquit,
1694 1075 1738 1126 si
1765 1084 1938 1126 tamen
1967 1090 2065 1125 au-

2216 1067 2334 1120 ὒτοῦ
2372 1068 2675 1139 λεγομένων
2702 1085 2716 1099 ·
2766 1070 2898 1140 φησὶ
2932 1070 3039 1141 γάρ
3064 1087 3076 1098 ·
3117 1071 3302 1138 Ὅμως
3339 1070 3391 1123 δ’
3435 1068 3555 1126 οὖν
3579 1075 3784 1128 ἀκου-

497 1165 616 1217 tlire
643 1163 767 1232 quid
780 1171 1019 1230 possunt.
1056 1159 1195 1226 Quid
1240 1160 1408 1228 igitur
1436 1161 1793 1232 philosophus
1819 1164 1909 1218 ille
1936 1163 2065 1217 velit

2213 1159 2473 1223 ἀτωσαν,
2522 1161 2579 1212 εἶ
2611 1178 2666 1212 τι
2707 1161 2802 1213 καί
2852 1161 3078 1213 ἐπαΐειν
3111 1160 3415 1215 δύνανται.
3456 1165 3644 1217 Τίνων
3680 1162 3780 1219 οὖν

504 1269 605 1310 nos
636 1270 699 1309 cx
722 1268 781 1308 se
809 1253 1024 1307 discere
1053 1253 1509 1308 considerandum
1537 1263 1641 1308 est.
1691 1254 1824 1308 Cum
1849 1271 1949 1311 nos
1974 1257 2069 1311 do-

2214 1250 2313 1319 μᾶς
2343 1248 2557 1303 ἀκούειν
2594 1250 2687 1301 ὑπ’
2719 1249 2880 1302 αὑτοῦ
2913 1249 3217 1319 λεγομένων
3266 1249 3546 1318 βούλεται,
3592 1271 3782 1307 κατα-

495 1361 623 1400 cere
655 1345 897 1409 deberet,
936 1343 1199 1398 conviciis
1230 1345 1456 1398 incessit
1483 1362 1496 1409 ;
1540 1362 1773 1413 cumque
1798 1347 1950 1401 initio
1979 1348 2061 1400 di-

2209 1340 2401 1410 >ητέον,
2436 1342 2464 1391 ὁ
2486 1339 2802 1408 ’φιλόσοφος.
2830 1340 2956 1394 Δέον
2992 1340 3259 1393 δ;δὰσκειν
3297 1343 3466 1411 ἡμᾶς,
3494 1345 3526 1395 6
3550 1343 3611 1397 δὲ
3644 1345 3777 1398 δια-

497 1435 656 1489 ceudi
694 1434 1033 1488 auditoribus
1078 1449 1231 1486 suam
1268 1436 1457 1488 testari
1497 1436 1717 1491 deberet
1740 1438 2057 1494 benevolen-

2208 1434 2510 1503 3t8op£itat'
2561 1434 2655 1486 καὶ
2688 1433 2805 1486 δέον
2862 1432 3073 1488 εὔνοιαν
3123 1434 3314 1488 ἑαυτοῦ
3347 1433 3517 1500 δεῖξαι
3575 1439 3637 1489 ἐν
3691 1440 3776 1508 τῷ

498 1527 657 1591 tiam,
702 1525 1067 1579 meticulosum
1115 1543 1277 1595 genus
1322 1537 1478 1582 vocat
1521 1529 1787 1594 homines,
1827 1532 1942 1598 qui,
1995 1546 2063 1586 ne

2212 1525 2429 1595 ροοιμίῳ
2461 1523 2567 1575 τῶν
2595 1525 2766 1593 λόγων
2811 1526 2907 1595 τὴν
2946 1526 3082 1596 πρὸς
3123 1528 3248 1590 τοὺς
3288 1527 3611 1593 ἀκούοντας,
3650 1534 3687 1584 6
3712 1532 3772 1584 δέ

494 1617 578 1671 vel
600 1633 705 1670 una
741 1621 934 1671 vocula
969 1617 1449 1672 Christianismum
1472 1621 1708 1686 ejurent,
1737 1624 1802 1674 ad
1830 1631 2055 1675 mortem

2204 1631 2293 1682 ησι
2328 1617 2438 1676 τοῖς
2485 1615 2588 1676 ἕως
2640 1615 2866 1669 Θανάτου
2924 1616 3352 1687 ἀποθνήσκουσιν
3385 1619 3522 1690 (74),
3559 1622 3654 1674 ἵνα
3694 1625 3770 1693 μὴ

496 1721 671 1774 usque
727 1707 954 1760 ﬁrmiter
1004 1716 1270 1775 pugnant,
1318 1707 1494 1773 parati
1541 1708 1771 1775 quodvis
1815 1708 2058 1776 supplicii

2200 1703 2527 1774 ξομόσωνται
2559 1704 2694 1774 μηδὲ
2727 1706 2888 1775 μέχρι
2937 1706 3117 1777 φωνῆς
3160 1707 3250 1759 τὸν
3298 1710 3768 1781 Χριστιανισμὸν,

497 1798 798 1867 mortisque
845 1812 1018 1867 genus
1066 1797 1359 1852 sustinere.
1407 1797 1516 1853 Nos
1566 1813 1781 1868 quoque
1827 1799 2060 1868 appellat

2250 1834 2255 1846 .
2284 1796 2817 1866 παρεσκευασμένοις
2851 1796 2984 1867 πρὸς
3015 1799 3194 1850 πᾶσαν
3221 1799 3426 1865 αἰκίαν,
3452 1800 3548 1853 καὶ
3579 1802 3770 1855 πάντα
3810 1866 3818 1876 ί

493 1890 702 1957 corpori
747 1889 1016 1941 addictum
1057 1905 1242 1957 genus,
1285 1890 1406 1943 licet
1431 1891 1676 1944 dicamus
1710 1907 1724 1942 :
1759 1886 1872 1942 Etsi
1903 1890 2058 1943 Clu-1'-

2200 1887 2355 1957 ρόπον
2395 1886 2645 1950 θανάτου,
2674 1887 2749 1950 ὡς
2776 1887 2979 1942 δειλὸν
3004 1888 3173 1957 γένος
3202 1889 3335 1960 (75).
3356 1890 3518 1960 Λέγει
3542 1893 3590 1945 δ’
3611 1896 3768 1964 ἡμᾶς

489 1993 632 2036 stum
661 1982 945 2050 aliquando
961 1984 1250 2035 secundum
1289 1999 1495 2036 carnem
1522 1982 1781 2046 novimus,
1808 1983 1896 2036 sed
1921 1999 2057 2051 nunc

2197 1974 2296 2030 ἵναι
2330 1979 2424 2030 καὶ
2452 1977 2875 2046 φιλοσώματον
2915 1978 3109 2047 γένος,
3136 1981 3260 2042 τοὺς
3298 1980 3611 2047 φάσκοντας
3631 1999 3648 2011 ·
3694 1986 3765 2036 Ei

490 2083 595 2126 non
624 2072 850 2139 amplius
876 2072 1114 2127 novimus
1144 2073 1211 2139 ⁸³,
1255 2082 1311 2127 et
1367 2072 1579 2130 facilius
1623 2073 1847 2141 pietatis
1891 2088 2054 2128 causa

2195 2071 2255 2122 αἰ
2285 2071 2543 2139 Χριστόν
2576 2085 2720 2123 ποτε
2751 2073 2901 2122 κατὰ
2929 2068 3123 2136 σάρκα
3153 2070 3528 2140 ἐγνώκαμεν,
3588 2073 3762 2128 ἀλλὰ

490 2177 690 2231 corpus
721 2176 1010 2226 exuam-us,
1044 2179 1205 2232 quam
1250 2163 1606 2232 pltllOSOplttlS
1639 2166 1932 2230 deponeret
1968 2179 2056 2218 ve-

2192 2161 2272 2215 ’ὗν
2302 2164 2413 2215 οὐκ
2441 2162 2527 2215 ἔτι
2564 2161 2932 2231 γινώσκομεν
2961 2160 3070 2231 (76)
3096 2179 3109 2192 ·
3144 2163 3235 2215 καὶ
3262 2162 3403 2215 οὕτω
3439 2166 3760 2235 προχείρως

488 2263 650 2307 stem.
687 2252 777 2307 Sic
807 2253 970 2322 igitur
999 2269 1100 2308 nos
1148 2253 1445 2323 alloquitur
1474 2271 1486 2305 :
1530 2253 1661 2306 Tum
1695 2263 1899 2306 tantum
1931 2255 2054 2308 deos

2194 2253 2296 2324 πὲρ
2322 2253 2600 2316 εὐσεϐείας
2624 2253 2872 2315 τιθέντας
2891 2253 2951 2304 τὸ
2977 2252 3153 2322 σῶμα,
3179 2252 3252 2316 ὡς
3290 2254 3409 2306 οὐδὲ
3436 2254 3496 2307 τὸ
3528 2256 3758 2324 ἱμάτιον

484 2342 750 2408 videbitis,
794 2360 933 2407 cum,
963 2360 1119 2398 sensu
1142 2360 1454 2413 compresso,
1479 2351 1647 2396 mente
1672 2359 1883 2396 sursum
1914 2344 2052 2411 aspi-

2193 2342 2465 2396 ποδύσαιτ’
2501 2344 2566 2396 ἂν
2611 2343 2856 2413 εὐχερῶς
2908 2343 3209 2412 φιλόσοφος.
3244 2346 3412 2415 Φησὶν
3459 2342 3553 2399 οὖν
3614 2347 3758 2417 πρὸς

484 2433 653 2499 cietis,
672 2449 852 2487 averso
874 2436 1046 2487 carnis
1073 2434 1223 2487 oculo
1252 2435 1460 2488 oculum
1493 2435 1686 2487 anima:
1712 2434 2005 2487 excitabitis
2028 2449 2047 2497 ,-

2185 2435 2320 2504 ιμᾶς,
2350 2435 2450 2497 ὅτι,
2499 2433 2639 2487 Ἐὰν
2665 2433 2987 2500 αἰσθήσεσι
3016 2436 3323 2503 μύσαντες
3362 2439 3753 2509 ἁναϐλέῃῖρητε

481 2531 541 2576 et
576 2522 703 2591 quia
725 2521 922 2591 duplex
954 2522 1080 2576 illud
1120 2523 1403 2576 oculorum
1433 2538 1603 2592 genus
1632 2536 1662 2575 e
1688 2521 1894 2577 Graecis
1922 2523 2049 2576 hau-

2182 2521 2256 2588 ·ᾧ,
2296 2524 2392 2577 καὶ
2438 2525 2665 2592 σαρκὸς
2723 2524 3206 2593 ἀποστραφέντες
3260 2529 3577 2598 ὀφθαλμὸν
3636 2533 3750 2585 τὸν

485 2613 580 2677 sit,
618 2622 776 2683 putat
834 2613 886 2667 id
945 2613 1096 2682 prius
1136 2614 1343 2667 nostris
1379 2615 1692 2668 anetoribus
1735 2614 1788 2667 in
1820 2625 2053 2667 mentem

2178 2613 2261 2683 ’ἧς
2291 2615 2498 2684 ψυχῆς
2532 2616 2817 2686 erat/pure,
2841 2618 3039 2684 μόνως
3068 2618 3219 2670 οὕτω
3264 2618 3374 2671 τὸν
3421 2621 3571 2675 Θεὸν
3610 2623 3746 2691 ὀψε.

483 2719 591 2758 non
617 2705 852 2758 venisse.
902 2700 1361 2773 Respondeudum
1405 2705 1478 2758 illi
1517 2713 1633 2768 est,
1665 2720 1692 2758 a
1729 2705 1930 2776 Moyse,
1963 2707 2050 2760 ubi

2175 2707 2283 2759 r0£°
2314 2707 2406 2760 καὶ
2427 2708 2597 2759 οἴεται
2618 2705 2775 2770 αὐτὰ,
2805 2705 2948 2773 λέγω
2978 2705 3040 2777 δὴ
3068 2706 3137 2760 τὰ
3170 2708 3296 2778 περὶ
3318 2709 3509 2762 διττῶν
3540 2713 3743 2780 ὀφθαλ-

480 2796 749 2851 describit
780 2795 964 2850 mundi
1012 2796 1368 2860 creationem,
1399 2796 1577 2851 induci
1626 2797 1899 2852 hominem
1927 2810 2048 2851 ante

2177 2796 2294 2862 ιῶν,
2353 2797 2460 2851 ἀπὸ
2489 2796 2754 2868 Ἑλλήνων
2790 2794 2989 2860 λαϐὼν,
3056 2796 3129 2867 μὴ
3171 2797 3745 2871 προπειριλοσοφῆσθαι

479 2901 641 2942 suum
670 2893 976 2957 peccatum,
1010 2887 1171 2940 modo
1204 2887 1504 2952 videntem,
1538 2887 1699 2942 modo
1728 2903 1833 2942 non
1861 2888 2047 2943 viden-

2177 2891 2284 2963 παρ’
2319 2893 2468 2963 ἡμῖν.
2499 2890 2729 2945 Λεκτέον
2761 2890 2826 2955 δ’,
2869 2890 2949 2943 ὅτι
2984 2890 3244 2959 Μωῦσῆς,
3270 2891 3602 2960 ἀναγράφων
3644 2892 3745 2965 τὴν

479 2986 633 3044 tem;
679 2978 951 3032 videntem
1006 2977 1248 3046 quidem,
1292 2976 1383 3031 ubi
1414 2979 1485 3032 de
1519 2978 1746 3033 muliere
1795 2978 1990 3033 dicitur
2032 2993 2047 3031 :

2178 2983 2530 3052 ιοσμοποιίαν,
2569 2982 2775 3049 εἰσάγει
2805 2979 2896 3035 τὸν
2924 2979 3207 3050 ἄνθρωπον
3240 2979 3347 3050 πρὸ
3369 2980 3470 3050 μὲν
3499 2982 3600 3051 τῆς
3633 3001 3746 3036 πα.

489 3067 628 3121 Vidit
651 3067 839 3120 mulier
852 3068 991 3137 quod
1008 3068 1198 3120 bonum
1230 3078 1363 3122 esset
1390 3070 1591 3138 lignum
1617 3070 1687 3122 ad
1709 3071 2037 3138 vescendum,

2176 3073 2453 3137 >a6dcswc,
2480 3073 2558 3143 πῆ
2589 3073 2685 3143 μὲν
2717 3071 2999 3141 βλέποντα,
3023 3072 3097 3142 πῆ
3119 3071 3174 3124 δὲ
3192 3071 3266 3142 μὴ
3293 3071 3556 3142 βλέποντα
3576 3090 3590 3103 ·
3626 3074 3744 3144 βλέ-

479 3168 529 3213 et
578 3159 855 3224 pulchrum
915 3158 1082 3212 oculis
1131 3170 1445 3228 aspectuque
1486 3160 1796 3215 delectabile
1824 3161 1893 3229 ";
1938 3178 2045 3217 non

2172 3185 2323 3221 τοντα
2383 3169 2481 3237 μὲν
2524 3169 2585 3220 ὲν
2633 3165 2711 3234 τῷ
2737 3165 2987 3234 λέγεσθαι
3019 3165 3145 3236 περὶ
3187 3165 3285 3234 τῆς
3316 3167 3597 3233 γυναικὸς,
3633 3170 3740 3234 ὅτι,

477 3250 748 3304 videntem
785 3263 935 3311 vero,
966 3264 1074 3303 non
1113 3251 1286 3304 solum
1316 3251 1404 3304 ubi
1461 3251 1622 3321 722
1668 3266 1893 3321 serpens
1930 3270 2045 3307 mu-

2168 3256 2319 3313 εἶδεν
2350 3260 2388 3326 ἡ
2420 3257 2604 3327 γυνὴ,
2642 3257 2730 3310 ὅτι
2776 3256 2968 3311 καλὸν
3016 3257 3077 3310 τὸ
3121 3256 3313 3320 ξύλον
3360 3259 3445 3322 εἰς
3479 3257 3736 3325 βρῶσιν,

475 3344 596 3398 licri
645 3343 801 3407 dicit,
854 3345 1011 3414 quasi
1059 3346 1204 3415 capti
1260 3346 1434 3402 oculis
1467 3347 1882 3404 fuissent:Scit
1907 3352 2043 3404 enim

2171 3349 2245 3402 ιαὶ
2277 3348 2367 3401 ὅτι
2400 3350 2656 3416 ἀρεστὸν
2681 3348 2807 3414 τοῖς
2842 3346 3168 3416 ὀφθαλμοῖς
3202 3346 3367 3412 ἰδεῖν,
3399 3348 3496 3401 καὶ
3523 3349 3739 3415 ὡραῖόν

477 3434 621 3489 Deus
654 3436 794 3505 quod
817 3451 920 3505 qua
937 3436 1022 3490 die
1039 3439 1370 3494 comederitis
1399 3457 1463 3494 ea:
1484 3456 1562 3505 eo,
1594 3444 1898 3511 aperientur
1911 3442 2045 3496 oculi

2169 3442 2277 3494 iam
2306 3440 2412 3494 τοῦ
2443 3438 2808 3507 κατανοῆσαι
2831 3457 2844 3469 ·
2884 3440 2958 3510 μὴ
2992 3438 3258 3508 βλέποντα
3294 3438 3349 3490 δὲ
3389 3439 3451 3491 οὐ
3497 3423 3653 3509 μόνον
3678 3442 3737 3492 ἐν

471 3530 634 3584 uestri
656 3530 726 3596 ";
761 3530 854 3585 sed
884 3536 939 3584 et
985 3545 1109 3584 cum
1142 3531 1382 3585 dicitur:
1410 3529 1759 3587 Comederunt
1801 3541 1848 3586 et
1877 3534 2039 3597 aperti

2166 3530 2224 3601 τῷ
2284 3530 2536 3598 λέγεσθαι
2588 3530 2662 3593 ὡς
2703 3531 2829 3601 περ)⁸
2876 3528 3087 3597 τυφλῶν
3144 3528 3435 3598 ὀφθαλμῶν
3485 3529 3589 3582 ὑπὸ
3639 3530 3734 3583 τοῦ

472 3629 598 3675 sunt
621 3620 763 3675 oculi
787 3620 1061 3674 amborum
1083 3620 1155 3676 “.
1181 3622 1368 3690 Aperti
1412 3633 1538 3678 sunt
1587 3623 1751 3692 igitur
1801 3625 2040 3693 corporis

2165 3622 2321 3690 ἱφεως
2356 3626 2420 3693 τῇ
2454 3622 2673 3690 γυναικὶ
2716 3622 2806 3686 τὸ,
2849 3620 3013 3692 ’ῌδει
3053 3620 3159 3690 γὰρ
3191 3622 3223 3673 ό
3259 3618 3422 3684 Θεὸς,
3456 3619 3543 3672 ὅτι
3576 3616 3616 3691 ᾖ
3656 3620 3733 3675 ἂν

469 3712 640 3778 oculi,
670 3727 807 3781 quos
842 3712 1069 3781 pulchre
1090 3712 1304 3767 clausos
1330 3722 1636 3777 tenuerant,
1660 3702 1733 3767 ne.
1753 3715 1894 3783 ipsos
1928 3714 2037 3768 dis-

2163 3713 2334 3782 ᾗμέρςι
2363 3713 2586 3783 φάγητε
2618 3712 2719 3768 ἀπ’
2752 3712 2957 3776 αὐτοῦ,
2988 3709 3509 3778 διαιτοιχθήσογται
3541 3713 3595 3763 οἱ
3625 3711 3731 3779 t3;-

471 3811 682 3858 traetos
740 3804 1089 3872 impedirent,
1124 3805 1417 3872 quominus
1458 3805 1617 3860 oculo
1666 3806 1862 3859 animae
1896 3805 2039 3859 vide-

2160 3804 2356 3874 ἳαλμοί
2417 3803 2614 3873 ὑμῶν·
2663 3802 2802 3856 ἀλλὰ
2869 3803 2964 3856 καὶ
3013 3803 3070 3856 ἐν
3117 3801 3226 3872 τῷ,
3274 3802 3575 3870 Ἔφαγον,
3630 3799 3728 3855 καί

470 3901 632 3957 rent;
660 3907 797 3961 quos
830 3904 1013 3947 autem
1069 3894 1265 3948 animae
1306 3894 1496 3950 oculos
1552 3894 1819 3950 hactenus
1850 3895 2038 3950 habue-

2156 3892 2576 3962 Βιηνοίχθησαν
2607 3895 2662 3946 οι
2692 3890 2983 3961 ὀφθαλμοί
3023 3891 3141 3944 τῶν
3167 3892 3296 3944 δύο.
3339 3889 3724 3961 Διηνοίχθησσν

471 3991 601 4035 rant
625 3981 869 4037 videntes
888 3991 944 4036 et
967 3982 1062 4036 Dei
1078 3981 1302 4052 ejusque
1322 3984 1565 4051 paradisi
1583 3985 2039 4052 contemplatione

2158 3986 2242 4038 ιὲν
2271 3980 2364 4038 οὖν
2403 3982 2581 4039 αὐτῶν
2612 3985 2658 4036 oi
2711 3982 2977 4053 ὀφθαλμοὶ
3015 3982 3116 4052 τῆς
3147 3982 3467 4053 αἰσθήσεως,
3507 3982 3600 4045 οὓς
3630 3999 3726 4034 γα·-

473 4072 795 4139 delectatos,
828 4073 929 4128 hos
956 4087 1076 4127 meo
1105 4074 1323 4143 quidem
1348 4073 1555 4141 judicio
1594 4083 1822 4143 propter
1850 4088 2041 4142 pecca-

2151 4075 2245 4139 λῶς
2282 4072 2421 4147 ἦσαν
2470 4075 2754 4146 μύσαντες,
2805 4074 2892 4127 ἵνα
2927 4073 3001 4144 μὴ
3041 4071 3447 4145 περισπώμενοι
3502 4072 3719 4142 ἐμποδί-

470 4173 587 4220 ιυιιι
630 4166 963 4220 clauserunt.
990 4163 1143 4221 Unde
1185 4164 1440 4220 Salvator
1461 4164 1624 4219 etiam
1653 4174 1840 4219 noster
1862 4165 2038 4235 dupli-

2150 4168 2337 4232 ζωνται
2397 4167 2611 4237 βλέπειν
2652 4166 2730 4237 τῷ
2780 4168 2878 4238 τῆς
2928 4166 3102 4237 ψυχῆς
3172 4164 3455 4236 ὀῳοαλμῷ.
3514 4165 3619 4228 Οὓς
3666 4166 3718 4219 δὲ

469 4273 589 4313 cem
618 4259 759 4314 hanc
782 4259 1068 4315 oculorum
1110 4258 1343 4327 speciem
1377 4258 1431 4311 in
1464 4257 1621 4313 nobis
1650 4271 1773 4312 esse
1803 4258 1986 4313 sciens
2018 4273 2034 4312 :

2152 4258 2274 4321 τέως
2306 4253 2449 4327 εἶχον
2479 4256 2774 4326 βλέποντας
2802 4255 2902 4325 τῆς
2930 4255 3106 4326 ψυχῆς
3135 4254 3464 4325 ὀφθαλμοὺς,
3504 4257 3595 4307 καὶ
3638 4256 3720 4307 εί-

467 4348 538 4403 Ιη
554 4350 852 4419 judicium.
884 4350 1085 4420 inquit,
1114 4365 1212 4419 ego
1246 4350 1299 4401 in
1342 4349 1480 4401 [tunc
1509 4351 1763 4402 mundum
1789 4351 1925 4413 veni,
1954 4360 2030 4411 ut,

2144 4348 2527 4420 ιρραινομένους
2568 4348 2667 4423 ἐπὶ·
2698 4347 2776 4418 τῷ
2807 4346 2924 4417 Θεῴ
2957 4347 3052 4399 καὶ
3080 4346 3157 4417 τῷ
3197 4347 3505 4418 παραδείσῳ
3538 4347 3712 4411 αὑτοῦ,

465 4441 559 4512 qui
584 4456 689 4495 non
716 4442 910 4507 vident,
940 4442 1188 4505 uideant;
1225 4450 1272 4493 et
1319 4441 1412 4510 qui
1440 4440 1636 4505 vident,
1662 4439 1786 4493 ιιινεί
1804 4440 1936 4508 ﬁant
1969 4440 2033 4492 ³⁷.

2146 4444 2359 4505 τούτους
2380 4438 2530 4512 οἶμαι
2556 4440 2643 4493 διὰ
2666 4440 2764 4511 τὴν
2795 4438 3068 4510 ἁμαρτίαν
3119 4440 3346 4508 ἕμυσαν.
3378 4438 3538 4491 Ὅθεν
3570 4438 3660 4492 καὶ
3688 4440 3714 4489 ὀ

472 4532 572 4588 Ubi
617 4548 715 4602 per
744 4548 840 4587 eos
870 4532 964 4601 qui
999 4547 1105 4584 non
1134 4529 1340 4597 vident,
1383 4530 1571 4585 oculos
1600 4532 1794 4584 anima:
1837 4531 2039 4583 indicat

2145 4537 2332 4606 Σωτὴρ
2365 4533 2539 4605 ἡμῶν,
2570 4532 2628 4584 τὺ
2654 4532 2827 4585 διττὸν
2863 4531 3021 4584 τοῦτο
3044 4530 3150 4583 τῶν
3175 4529 3468 4600 ὀφθαλμῶν
3503 4529 3713 4582 ἐπιστά-

466 4640 606 4693 quos
642 4625 814 4693 ipsius
851 4622 1099 4678 doctrina
1131 4620 1266 4695 facit
1307 4623 1685 4690 perspicaces;
1733 4629 1789 4674 et
1819 4634 1915 4688 per
1937 4635 2031 4674 eos

2146 4642 2303 4696 μενος
2327 4621 2464 4689 εἶδος
2487 4627 2544 4679 ὲν
2567 4627 2719 4696 ἡμῖν,
2752 4624 2885 4695 φησί
2912 4621 2992 4684 τὸ,
3020 4623 3121 4689 Εἰς
3144 4622 3318 4691 κρῖμα
3349 4621 3463 4691 ἐγὼ
3494 4624 3581 4687 εἰς
3613 4621 3712 4674 τὸν

467 4716 559 4784 qui
594 4708 805 4780 vident,
833 4714 1108 4785 signiﬁcat
1140 4713 1387 4781 corporis
1416 4712 1625 4776 oculos,
1661 4726 1797 4780 quos
1838 4712 2027 4765 eadem

2141 4715 2365 4782 κόσμον
2406 4714 2620 4768 τοῦτον
2649 4709 2839 4782 ἦλθον
2868 4712 2999 4781 (77),
3052 4712 3151 4764 ἵνα
3174 4714 3229 4778 οδ
3251 4711 3337 4779 μὴ
3383 4711 3709 4774 ,ϐλέποντες

466 4805 554 4858 illa
586 4805 847 4869 obcaecat,
884 4815 942 4860 ut
984 4805 1168 4858 anima
1221 4804 1338 4857 sine
1369 4803 1473 4855 ulla
1508 4801 1857 4857 distractione
1896 4816 2026 4854 con-

2136 4803 2425 4868 βλέπωσι,
2452 4803 2549 4857 καὶ
2582 4808 2636 4859 οἰ
2657 4802 2994 4868 βλέποντες
3029 4802 3244 4870 τυφλοὶ
3280 4802 3569 4871 γένωνται
3591 4818 3604 4831 ·
3637 4801 3704 4869 μὴ

463 4897 752 4966 templetur
781 4913 902 4967 quae
941 4907 1177 4968 oportet.
1214 4896 1476 4964 Quisquis
1516 4896 1680 4966 igitur
1707 4909 1833 4949 vere
1871 4894 2027 4949 Chri-

2139 4892 2424 4962 βλέποντας
2469 4893 2565 4962 μὲν
2597 4893 2962 4962 αἰνιττόμενος
3001 4894 3127 4953 τοὺς
3167 4892 3264 4961 τῆς
3299 4890 3475 4962 ψυχῆς
3518 4890 3707 4960 ὀφθαλ-

461 4984 671 5041 stianus
691 4995 796 5052 est,
814 4986 940 5040 huic
964 4993 1182 5040 erectus
1214 4993 1295 5039 est
1325 4985 1514 5038 oculus
1538 4983 1753 5047 animus,
1784 4984 2026 5051 corporis

2137 4983 2287 5051 μους,
2317 4981 2410 5044 οὓς
2439 4982 2467 5033 ὁ
2498 4981 2656 5050 λόγος
2686 4984 2831 5034 ποιεῖ
2858 4981 3074 5051 βλέπειν
3094 4998 3106 5012 -
3158 4980 3455 5050 βλέποντας
3486 4981 3543 5033 δὲ
3588 4979 3702 5042 τοὺς

460 5090 591 5133 vero
615 5075 867 5143 clausus;
913 5084 971 5131 et
1015 5082 1280 5145 quantum
1319 5073 1512 5127 oculus
1572 5072 1761 5127 melior
1805 5074 2027 5141 erigitur

2140 5070 2240 5124 τῶν
2305 5070 2626 5141 αἰσθήσεων,
2680 5071 2900 5134 τούτους
2939 5070 2995 5123 δὲ
3040 5070 3265 5140 ὲτύφλου
3316 5075 3345 5126 6
3387 5072 3562 5140 λόγος,
3626 5070 3708 5124 ἵνα

528 5262 576 5294 ⁸³
600 5260 758 5316 Rom.
781 5276 899 5326 vm,
925 5259 979 5326 8,
1003 5258 1077 5314 9.’
1129 5258 1178 5289 ”
1204 5258 1244 5312 ll
1266 5257 1398 5312 Cor.
1426 5273 1478 5322 ν,
1507 5257 1591 5311 l0.
1665 5256 1714 5288 ⁸³
1737 5256 1874 5311 Gen.
1900 5271 1982 5318 tu,
2009 5255 2063 5310 6.

1768 5258 1874 5310 len.
1900 5271 1982 5318 tu,
2009 5255 2063 5310 6.
2135 5257 2184 5288 θ’
2209 5257 2339 5313 ibid.
2366 5257 2419 5312 5.
2519 5258 2565 5290 "
2589 5258 2717 5313 ibid.
2745 5258 2800 5314 7.
2888 5258 2932 5290 "
2954 5256 3109 5313 Joan.
3135 5274 3210 5323 ιι,
3243 5259 3336 5314 59.

525 5417 636 5487 (7d)
670 5416 1231 5487 'Auoﬂwio'xovmr._
1267 5414 1408 5487 Lege
1448 5428 1569 5468 cum
1601 5411 1900 5476 Boherello,
1940 5411 2021 5466 vel

2134 5485 2142 5487 _
2201 5412 2252 5483 (7
2260 5412 2311 5482 6)
2335 5415 2467 5487 ΪΕτι
2498 5413 2886 5484 γινώσκομεν.
2920 5411 3103 5469 Codex
3126 5411 3456 5483 Anglicanus
3480 5410 3697 5483 primus,

456 5482 1025 5558 ἀποκαρτεροῖισινγοι
1052 5482 1473 5558 ιίιᾼποτοξιλμῷσιν.Δ
1567 5552 1580 5558 _
1654 5552 1667 5558 _
1827 5550 1873 5558 __
2130 5482 2588 5558 Enixgvthqxopg.

461 5612 488 5636 γ
523 5550 650 5677 ἕῖὄῖ
682 5550 774 5622 ἀς
797 5556 1001 5611 δειλὸν
1032 5556 1224 5627 γένος.
1259 5550 1543 5611 Ὀυἰειιῑυε
1567 5552 1763 5623 legisse
1790 5550 2017 5618 videtur,

449 5635 497 5673 ω
555 5624 693 5682 ειλὸν
717 5627 891 5697 γένος.

1721 5567 1763 5607 se
1790 5550 2021 5618 videtur,
2208 5550 2320 5624 (77)
2356 5550 2689 5612 stchelius
2725 5556 2778 5612 in
2817 5562 2988 5623 textu,
3024 5552 3289 5623 εἰσῆλθον.
