3972 6160
251 271 424 332 ’14⁷77

1497 277 1774 334 CONTRA
1800 275 2081 334 CELSUM
2114 277 2244 331 LIB.
2283 271 2396 332 VII.

3425 277 3564 340 “78

273 396 706 466 ἀπερισπάστως
740 396 771 465 ἡ
805 394 954 464 ψυχὴ
995 394 1169 466 βλέπῃ
1201 393 1236 446 δι
1271 395 1366 446 δεῖ.
1398 388 1606 460 Παντὸς
1655 394 1746 451 οὖν
1792 415 1858 450 το

1999 396 2256 465 oculique
2282 395 2528 464 corporis
2568 394 2948 459 occluduntur,
2989 406 3195 452 tantum
3223 397 3450 468 quisque
3481 403 3564 454 in-

273 486 423 540 κατὰ
455 487 653 557 τρόπον
695 487 804 557 (78)
842 484 1297 556 χριστιανίζοντος
1325 489 1352 538 ὁ
1394 486 1493 555 τῆς
1523 487 1697 557 ψυχῆς
1746 488 1878 555 ἐγήο

271 592 471 647 γερται
511 572 804 645 ὀφθαλμὸς,
853 578 945 629 καὶ
973 578 1118 646 ὁτῆς
1151 575 1456 646 αἰσθήσεως
1489 577 1700 646 μέμυκε
1729 594 1742 606 ·
1785 579 1876 630 καὶ

1991 487 2179 555 telligit
2207 495 2264 540 et
2307 487 2549 539 intuetur
2583 501 2854 539 summum
2886 486 3076 550 Deum,
3107 498 3159 542 et
3189 489 3386 544 Filium
3420 494 3564 559 ejus,

1985 579 2078 646 qui
2110 587 2192 632 cst
2230 576 2483 642 Verbum,
2523 576 2821 646 Sapientia,
2859 585 2913 631 et
2942 580 3169 646 reliqua.

273 665 542 735 ἀνάλογον
567 670 630 737 τῇ
657 668 873 738 ὲγέρσει
894 669 988 721 τοῦ
1018 669 1324 739 κρείττονος
1357 669 1658 738 ὀφθαλμοῦ,
1687 670 1779 722 καὶ
1803 673 1870 740 τῇ
1915 669 2072 740 μύσει
2107 669 2214 722 τῶν
2253 669 2427 739 ὄψεων
2455 670 2553 740 τῆς
2608 669 2908 740 αἰσθήσεως
2953 675 3149 725 νοεῖται
3211 677 3302 728 καὶ
3342 678 3565 750 θεωρεῖ-

271 778 369 814 ται
403 763 617 832 ἑκάστῳ
642 764 669 815 ὁ
697 763 788 816 ἐπὶ
822 764 1135 827 πᾶσιΘεὸς,
1160 767 1252 817 καὶ
1276 767 1304 817 ὁ
1333 764 1456 827 Υἱὸς
1489 765 1673 828 αὐτοῦ,
1724 764 1880 833 λόγος
1905 766 1996 836 καὶ
2033 765 2193 832 σοφία
2221 763 2523 833 τυγχάνων,
2561 765 2654 816 καὶ
2682 763 2750 816 τὰ
2782 763 2962 818 λοιπά.

361 855 521 928 Ἑξῆς
565 858 620 911 δὲ
659 862 771 922 τοῖς
825 859 1189 924 ἐξετασθεῖσιν
1247 863 1274 913 ὁ
1329 861 1534 925 Κέλσος
1601 861 1677 923 ὡς
1747 862 1882 931 πρὸς

273 950 492 1014 πάντας
553 952 914 1022 Χριστιανοὺς
978 952 1462 1029 ἀποτείνει-λόγον,
1522 953 1703 1005 ὅντινα
1747 952 1884 1020 πρὸς

267 1042 406 1104 τοὺς
437 1042 612 1113 πάντη
640 1042 951 1114 ἀλλοτρίους
981 1045 1080 1114 τῆς
1115 1044 1289 1114 Ἰησοῦ
1313 1045 1660 1108 διδασκαλίας
1689 1045 1879 1116 ὁμολο-

274 1133 514 1200 γοῦντας
560 1131 700 1189 εἶναι
729 1139 776 1188 εἰ
806 1137 910 1207 ἄρα
949 1137 1126 1204 λέγειν
1180 1137 1439 1208 ἥρμοζεν.
1485 1137 1724 1206 Ὀφιανοὶ
1768 1139 1877 1219 (79)

271 1233 405 1295 γὰρ,
441 1226 516 1288 ὼς
549 1229 641 1279 καὶ
668 1229 724 1279 ὲν
755 1231 866 1290 τοῖς
899 1228 1152 1300 ἀνωτέρω
1203 1227 1481 1299 ἐλέγομεν,
1526 1229 1616 1282 τὸν
1671 1228 1877 1299 Ἰησοῦν

270 1319 338 1380 ἐξ
369 1318 504 1372 ὅλων
537 1319 879 1390 ἀρνούμενοι,
921 1320 952 1391 ἢ
991 1322 1184 1384 εἴτινες
1232 1321 1378 1376 ἄλλοι
1411 1322 1479 1374 τὰ
1519 1322 1873 1393 παραπλήσια

268 1402 505 1472 ἐκείνοις
533 1408 853 1480 φρονοῦντες
883 1413 1037 1476 εἰσιν,
1069 1413 1121 1463 οἱ
1149 1411 1220 1464 τὰ
1241 1409 1459 1464 εἴδωλα
1487 1410 1595 1477 (80)
1610 1411 1873 1479 προμνώ-

263 1516 443 1567 μενοι
491 1500 712 1554 πλάνοι
741 1500 839 1553 καὶ
868 1503 1112 1570 γόητες·
1154 1502 1246 1553 καὶ
1290 1501 1483 1554 ἐκεῖνοί
1532 1503 1668 1555 εἰσιν
1717 1504 1762 1554 οί
1799 1501 1870 1553 τὰ

269 1590 514 1660 ὀνόματα
565 1591 671 1645 τῶν
713 1591 973 1663 θυρωρῶν
1011 1592 1121 1663 (81)
1168 1591 1368 1655 ἀθλίως
1413 1593 1862 1662 ἐκμανθάνοντες.

2055 861 2147 914 40.
2182 861 2308 914 Post
2332 875 2393 913 ea
2426 876 2546 929 quae
2587 861 2745 914 modo
2780 861 3152 926 discussimus,
3187 864 3374 921 Celsus
3407 870 3562 937 quasi

1987 952 2051 1006 ad
2077 966 2268 1006 omnes
2298 951 2644 1005 Christianos
2687 965 2992 1006 sermonem
3024 956 3250 1024 dirigit;
3280 973 3438 1025 quem
3475 971 3561 1014 ta-

1986 1058 2131 1108 men,
2171 1043 2213 1096 si
2251 1043 2456 1096 habere
2501 1041 2736 1106 volebat,
2785 1044 3141 1097 conveniebat
3172 1047 3327 1115 dirigi
3372 1049 3438 1102 ad
3469 1063 3562 1104 eos

1986 1134 2078 1203 qui
2121 1149 2179 1188 se
2210 1148 2239 1186 a
2271 1133 2396 1188 Jesu
2427 1132 2674 1186 doctrina
2707 1147 2932 1200 prorsus
2981 1134 3189 1189 alienos
3220 1152 3340 1192 eSsc
3396 1145 3561 1206 proti-

1986 1233 2188 1277 tentur.
2224 1223 2358 1277 Nam
2405 1225 2717 1292 impostores
2748 1235 2796 1277 et
2817 1227 3222 1292 pra'stigiatores
3247 1229 3326 1281 illi
3359 1233 3449 1300 qui
3479 1234 3558 1284 si-

1980 1314 2220 1368 mulacra
2247 1317 2636 1380 commendant,
2685 1315 2916 1384 Ophiani
2949 1329 3074 1368 sunt
3104 1332 3133 1369 a
3165 1320 3360 1386 quibus
3400 1322 3559 1376 Citri-

1982 1418 2126 1460 stum
2165 1408 2387 1461 omnino
2430 1406 2579 1474 rejici
2616 1422 2776 1476 supra
2809 1407 3067 1471 diximus,
3100 1420 3154 1463 et
3184 1411 3337 1479 siqui
3363 1413 3454 1466 alii
3478 1416 3555 1470 si-

1980 1499 2128 1553 milia
2163 1500 2273 1554 illis
2310 1501 2530 1555 docent.
2567 1501 2647 1554 Illi
2683 1510 2829 1566 sunt,
2857 1503 2948 1570 qui
2986 1505 3185 1559 misere
3215 1506 3432 1559 nomina
3463 1505 3553 1573 ja-

1978 1592 2223 1646 nitoruni
2291 1595 2560 1647 ediscunt.
2601 1594 2828 1648 Frustra
2863 1595 3027 1660 igitur
3055 1608 3243 1648 contra
3285 1597 3552 1653 Christia-

270 1683 471 1754 Μάτην
503 1679 594 1737 οὖν
623 1686 758 1757 πρὸς
794 1686 1153 1756 Χριστιανούς
1183 1703 1314 1756 φησι
1341 1688 1420 1749 τὸ,
1451 1686 1578 1739 Κᾶν
1610 1687 1858 1755 ἡγεμόνε

1978 1697 2075 1735 nos
2104 1682 2178 1734 ait
2204 1698 2217 1732 :
2255 1679 2314 1734 Si
2347 1699 2499 1750 quem
2516 1683 2673 1750 hujus
2699 1685 2792 1737 via:
2823 1685 3003 1736 ducem
3034 1685 3292 1753 qawritis,
3315 1687 3551 1757 fugiendi

271 1774 387 1843 τῆς
421 1774 564 1831 ὀδοῦ
610 1779 830 1844 ταύτης
862 1773 1091 1844 ζητῆτε,
1140 1776 1416 1846 φευκτέοι
1462 1777 1579 1845 μὲν
1626 1776 1768 1844 ὑμῖν
1820 1780 1872 1829 οἱ

273 1867 496 1922 πλάνοι
542 1869 640 1921 καὶ
687 1871 915 1938 γόητες,
945 1870 1042 1923 καὶ
1078 1869 1150 1922 τὰ
1183 1871 1403 1924 εἴδωλα
1442 1868 1869 1938 προμινώμενοι.

271 1958 386 2011 Καὶ
418 1960 536 2030 μηδ’
557 1961 915 2031 ἐπιστάμενος
941 1963 1022 2014 ὅτι
1051 1964 1097 2013 οἱ
1115 1961 1342 2014 τοιοῦτοι
1369 1963 1467 2015 οὐκ
1491 1961 1709 2014 ἔλαττον
1735 1961 1873 2014 Κέλ-

276 2067 395 2114 σου,
431 2051 506 2113 ὼς
535 2053 751 2120 γόητες,
790 2053 885 2106 σὺν
917 2052 1108 2122 ἐκείνῳ
1163 2052 1351 2116 κακῶς
1377 2053 1594 2120 λέγουσι
1635 2053 1724 2104 τὸν
1777 2054 1873 2122 ’ἰη-

275 2141 404 2195 σοῠν
454 2145 548 2196 καὶ
597 2146 777 2196 πᾶσαν
811 2142 907 2214 τὴν
966 2146 1088 2197 κατ’
1139 2145 1300 2199 αὐτὸν
1348 2144 1680 2207 θεοσέϐειαν,
1714 2145 1867 2215 φησί’

272 2240 483 2304 Φύρων
511 2235 669 2306 ἡμᾶς
698 2237 768 2289 ἐν
795 2236 1052 2302 ἐκείνοις
1082 2235 1163 2302 τῷ
1194 2236 1412 2289 ἑαυτοῦ
1437 2237 1594 2304 λόγῳ
1614 2275 1627 2298 ,
1660 2235 1759 2287 ἵνα
1781 2233 1868 2302 μὴ

272 2329 665 2384 παντάπασιν
696 2326 800 2399 ἦτε
830 2328 1263 2398 καταγέλαστοι
1296 2329 1436 2394 τοὺς
1463 2327 1578 2396 μὲν
1617 2327 1867 2400 ἄλλους,

271 2421 416 2487 τοὺς
463 2420 890 2490 δεικνυμένους
985 2419 1185 2485 θεοὺς,
1249 2418 1329 2484 ὡς
1391 2418 1609 2471 εἴδωλα
1665 2419 1868 2481 ,βλασ-

271 2511 618 2581 φημοῦντες
643 2528 656 2540 ·
719 2513 825 2564 τὸν
867 2509 943 2564 δὲ
975 2512 1072 2565 καὶ
1117 2511 1316 2564 αὐτῶν
1357 2510 1468 2580 (82)
1517 2511 1595 2575 ὡς
1627 2508 1868 2574 ἀληθῶς

272 2601 539 2656 εἰδώλων
571 2599 954 2673 ἀθλιώτερον,
993 2604 1090 2656 καὶ
1129 2602 1285 2671 μηδὲ
1308 2602 1561 2678 εἴδωλον
1592 2603 1700 2665 ἔτι,
1727 2603 1864 2656 ἀλλ’

279 2694 467 2758 ὅντως
494 2693 732 2760 νεκρὸν,
765 2693 1067 2759 σέϐοντες,
1094 2695 1190 2747 καὶ
1216 2693 1447 2761 Πατέρα
1473 2692 1678 2763 ὅμοιον
1705 2694 1866 2759 αὐτῷ

278 2785 618 2854 ζητοῦντες.
666 2787 784 2838 Ὅτι
821 2785 929 2856 γὰρ
972 2785 1045 2856 μὴ
1094 2786 1454 2854 ἐπιστάμενος
1499 2785 1553 2837 τί
1597 2787 1696 2856 μὲν
1731 2789 1866 2856 Χρι-

277 2879 487 2930 στιανοὶ
530 2877 769 2945 λέγουσι,
795 2878 847 2930 τί
886 2876 942 2929 δὲ
978 2879 1025 2929 οἰ
1063 2876 1338 2939 τοιούτους
1381 2876 1580 2946 μύθους
1622 2877 1864 2930 ἀναπλά-

278 2987 469 3033 σαντες
499 2971 632 3041 (85),
658 2969 770 3030 ἀλλ’
798 2969 1040 3039 οἰόμενος
1069 2971 1200 3039 ἡμῖν
1228 2970 1506 3039 προσεῖναι
1535 2968 1601 3020 τὰ
1633 2969 1861 3032 ἐκείνοις
1887 3000 1929 3057 C

277 3063 662 3136 προσαγόμενα
703 3062 1042 3132 ἐγκλήματα,
1074 3059 1246 3112 ταῦτα
1275 3059 1422 3128 λέγει
1451 3059 1587 3130 πρὸς
1617 3062 1764 3130 ἡμᾶς
1793 3062 1854 3113 οὺ

277 3155 548 3227 προσόντα
597 3157 751 3224 ἡμῖν,
807 3150 966 3223 δῆλον
1023 3151 1088 3204 ὲκ
1138 3148 1264 3203 τοῦ’
1323 3150 1425 3204 Διὰ
1471 3151 1586 3218 τὴν
1619 3152 1738 3219 μὲν
1779 3151 1854 3218 δὴ

276 3247 512 3300 τοιάνδε
542 3245 800 3311 ἀπάτην,
847 3246 942 3298 καὶ
982 3242 1122 3308 τοὺς
1164 3243 1548 3312 θαυμαστοὺς
1583 3245 1856 3310 ἐκείνους

275 3339 683 3407 συμϐούλους,
723 3337 818 3389 καὶ
859 3337 931 3388 τὰ
979 3335 1252 3405 δαιμόνια
1287 3336 1544 3404 ῥήματα,
1595 3336 1666 3388 τὰ
1707 3337 1855 3404 πρὸς

279 3427 385 3481 τόν
405 3427 623 3482 λέοντα
640 3426 772 3496 (84),
792 3425 889 3479 καὶ
910 3425 1013 3478 τὸν
1028 3425 1330 3494 ἀμφίϐιον,
1353 3426 1570 3479 καὶτὸν
1593 3426 1850 3495 όνοειδῆ,

280 3523 378 3575 καὶ
403 3521 547 3587 τοὺς
570 3521 818 3586 ἄλλους,
845 3519 943 3572 καὶ
969 3519 1110 3584 τοὺς
1137 3521 1506 3584 θεσπεσίους
1533 3521 1852 3587 θυρωροὺς,

277 3609 364 3668 ὧν
387 3613 459 3666 τὰ
492 3615 754 3682 ὀνόματα
779 3613 998 3678 ἀθλίως
1029 3611 1507 3682 ἐκμανθάνοντες
1539 3616 1593 3666 οἱ
1631 3613 1855 3680 δύστη-

277 3722 369 3759 νοι
393 3703 592 3770 κακῶς
630 3682 946 3774 δαιμονᾶτε
968 3701 1100 3773 (85),
1139 3704 1235 3757 καὶ
1275 3703 1846 3763 ἀνασκολοπίζεσθε.

277 3797 386 3850 Καὶ
415 3797 512 3850 οὐκ
541 3792 646 3850 οἶδέ
687 3814 772 3864 γε,
805 3797 886 3849 ὅτι
913 3796 1086 3859 οὐδεὶς
1127 3793 1236 3848 τῶν
1277 3795 1368 3848 τὸν
1406 3793 1728 3864 λεοντοειδῆ,
1757 3795 1851 3847 καὶ

277 3887 366 3941 τὸν
397 3887 625 3956 ὀνοειδῆ,
660 3889 754 3940 καὶ
789 3888 880 3940 τὸν
913 3886 1171 3958 ἀμφίϐιον
1219 3885 1547 3956 νομιζόντων
1589 3881 1728 3938 εἶναι
1762 3885 1854 3937 θυ-

369 4043 457 4105 78)
490 4041 633 4096 Idem
665 4043 716 4095 iu
753 4051 922 4105 textu,
954 4041 1138 4095 τόπον.

369 4045 436 4096 78
490 4045 633 4096 Idem
665 4045 716 4095 iu
753 4051 922 4105 textu,
954 4045 1138 4095 τόπον.

346 4045 457 4184 (79)
499 4113 784 4181 Ὀφιανοι.
863 4109 998 4165 Vide
1049 4112 1142 4164 lib.
1183 4126 1268 4180 in,
1322 4125 1466 4163 num.
1509 4110 1607 4177 ης
1650 4110 1744 4165 lib.
1782 4127 1856 4177 vr,

279 4204 426 4240 ntttn.
451 4185 544 4239 ‘28.

349 4255 458 4326 (ΒΟ)
493 4254 746 4326 Εἴδωλα,
788 4252 843 4306 Si
875 4267 970 4320 per
987 4250 1146 4326 idola
1185 4260 1396 4326 spectra
1428 4250 1712 4326 intelligis,
1735 4250 1854 4326 vide

277 4320 880 4396 supra'adnotationem
933 4325 999 4396 ad
1040 4337 1164 4396 pag.
1191 4320 1326 4384 3‘21;
1376 4331 1450 4396 at,
1485 4321 1746 4396 si__niavis
1787 4322 1852 4373 de

280 4389 600 4464 imaginibus
637 4403 690 4446 et
721 4393 1028 4447 simulacris
1061 4390 1427 4464 interpretari,
1491 4389 1849 4464 adigemma-

279 4461 836 4533 rum'inscriptioncs.
890 4476 1116 4530 quarum
1163 4461 1410 4533 plurima:
1451 4461 1672 4533 magicis
1717 4475 1847 4528 ope-

278 4539 578 4593 rationibus
605 4529 984 4588 inserviebam
1032 4547 1048 4586 :
1102 4531 1224 4583 audi
1272 4531 1434 4584 etiam
1463 4546 1583 4599 qua:
1612 4529 1847 4582 Irenzeus

278 4610 442 4663 refert
469 4608 534 4660 de
575 4606 797 4660 Simone
823 4614 877 4658 et
913 4601 1138 4667 Helena,
1173 4601 1266 4653 lib.
1295 4616 1332 4663 ι,
1360 4616 1480 4669 cap.
1505 4600 1576 4653 25
1609 4618 1622 4652 :
1650 4599 1849 4666 Imagi-

277 4696 389 4732 nem
435 4694 636 4747 quoque
664 4674 894 4747 Simonis
936 4676 1145 4747 habent
1173 4671 1369 4738 factam
1397 4671 1720 4747 adﬁguram
1748 4669 1848 4722 ,Ιο-

278 4749 369 4811 vis,
401 4741 455 4800 et
482 4741 694 4801 Helena:
724 4748 777 4798 in
805 4745 1031 4814 ﬁguram
1070 4744 1356 4814 Minerua;
1386 4753 1433 4794 et
1459 4741 1564 4814 has
1595 4741 1843 4792 adorant.

281 4818 342 4869 Et
373 4820 438 4870 (le
466 4811 926 4883 Cat'poct'atianis,
957 4829 1076 4880 cap.
1105 4812 1176 4866 24
1219 4811 1556 4883 εγϐιιοδιὶιθος
1593 4827 1644 4862 se
1671 4821 1846 4862 autem

279 4897 457 4938 uocant
490 4898 508 4935 .'
536 4881 586 4938 et
612 4887 863 4954 imagines
892 4886 1147 4953 quasdam
1174 4882 1388 4954 quidem
1403 4881 1655 4954 depictas,
1689 4896 1846 4954 quas—

279 4959 398 5008 dam
441 4966 610 5007 autent
644 4967 688 5009 et
720 4950 784 5007 ile
815 4950 1012 5020 reliqua
1057 4950 1280 5006 materia
1317 4952 1602 5016 fabricatas
1635 4950 1841 5010 habent,

278 5026 503 5077 dicentes
533 5025 755 5092 {orntum
789 5025 984 5078 Christi
1027 5030 1228 5094 [artam
1263 5020 1498 5094 aiPilatp‘
1521 5020 1611 5094 illo
1638 5023 1687 5071 in
1717 5030 1848 5070 tem-

278 5112 417 5163 pore,
457 5089 557 5164 quo
605 5093 702 5161 [ait
737 5094 893 5147 Jcsus
936 5089 1050 5146 cum
1089 5093 1409 5144 hominibus.
1452 5089 1517 5142 Et
1563 5093 1658 5164 has
1695 5105 1844 5164 coro-

281 5159 424 5226 nant,
456 5159 500 5216 et
543 5159 833 5230 proponunt
865 5181 952 5216 eas
984 5180 1099 5215 cum
1123 5164 1434 5231 imaginibus
1461 5159 1647 5231 mandi
1669 5160 1842 5225 philo-

278 5238 577 5300 sophorum.
642 5234 873 5286 videlicet
939 5249 1056 5285 cum
1119 5234 1346 5299 imagine
1411 5230 1744 5300 Pythagora),
1794 5237 1842 5278 et

280 5297 543 5363 Platonis.
591 5313 638 5357 et
685 5303 1003 5368 Aristotelis,
1035 5312 1081 5354 et
1121 5297 1473 5374 reliquorum}
1505 5309 1553 5351 et
1586 5297 1842 5374 reliquam

278 5377 676 5428 observationem
716 5375 855 5425 circa
881 5390 992 5436 eas,
1025 5372 1266 5425 similiter
1296 5383 1348 5420 ut
1378 5380 1574 5438 gentes,
1619 5370 1841 5438 faciant.

282 5442 407 5498 Vide
462 5447 844 5514 Epiphaniam,
907 5435 1040 5496 liaer.
1096 5443 1188 5502 2i,
1242 5435 1702 5514 pag.'§8;__liaa_r_.
1748 5435 1840 5514 φλ,

280 5529 393 5582 pag.
435 5505 574 5581 108ξ
625 5514 908 5576 Irenaeum,
960 5505 1385 5582 lib.it,7cap.'6,
1421 5509 1472 5573 7,
1518 5505 1840 5574 14,15,16,

282 5581 474 5652 19,20,
497 5586 558 5640 21
587 5605 600 5650 ;
635 5586 730 5638 lib.
762 5599 836 5651 iv,
869 5599 987 5652 cap.
1016 5583 1104 5638 19.
1150 5581 1416 5636 SPENCER.

193 5670 196 5672 '
341 5649 787 5728 (81)’Θυρωρῶν.
823 5649 1006 5717 ιεοὴη
1041 5655 1133 5707 lib.
1167 5669 1202 5717 I,
1243 5667 1360 5728 cap.
1387 5650 1456 5705 ‘24
1481 5670 1508 5728 ,ε
1567 5649 1842 5728 Trecento-

279 5739 385 5779 rum
421 5720 591 5784 autem
620 5720 891 5798 sexaginta
937 5729 1161 5796 quinque
1192 5722 1438 5779 cwlorum
1474 5720 1663 5776 locales
1696 5721 1839 5788 pasi-

1975 1771 2116 1825 vobis
2144 1783 2263 1825 sunt
2297 1773 2604 1839 impostorcs
2629 1784 2675 1826 et
2696 1777 3110 1843 prrestigiatores
3145 1778 3234 1845 qui
3258 1779 3550 1834 simulacra

1929 1897 1944 1908 ο
1974 1865 2362 1917 commendant.
2386 1862 2464 1916 Ac
2487 1865 2701 1920 nescius
2724 1865 2905 1920 Jesum
2933 1876 2986 1920 et
3011 1883 3227 1921 onmem
3261 1868 3327 1922 ab
3351 1868 3444 1921 illo
3469 1869 3551 1922 iii-

1974 1955 2220 2008 stitutam
2255 1955 2571 2022 religionem
2599 1972 2707 2010 non
2741 1957 2921 2011 minus
2956 1959 3022 2012 ab
3050 1958 3172 2022 illis,
3206 1967 3266 2012 ut
3299 1961 3389 2028 qui
3418 1975 3550 2015 vere

1972 2055 2096 2097 sunt
2127 2046 2482 2112 impostorcs,
2518 2062 2679 2115 quam
2723 2049 2790 2100 ab
2826 2047 2943 2114 ipso
2997 2049 3261 2103 conviciis
3296 2050 3547 2116 lacerari,

1971 2148 2024 2190 et
2051 2153 2149 2192 nos
2173 2153 2296 2192 cum
2327 2138 2436 2193 illis
2467 2139 2834 2194 confundens:
2869 2141 3138 2211 Alioquin,
3168 2143 3357 2210 inquit,
3380 2147 3552 2213 perri-

1971 2232 2133 2285 diculi
2163 2232 2394 2300 fueritis,
2446 2232 2534 2300 qui
2583 2231 2716 2284 alios
2765 2233 2887 2285 deos
2925 2249 3115 2303 eosque
3163 2237 3551 2302 conspicuosut

1970 2324 2117 2376 idola
2148 2323 2498 2375 exsecramini
2525 2339 2543 2386 ;
2573 2323 2735 2375 istum
2767 2339 2908 2391 vero,
2952 2325 3293 2380 simulacrum
3326 2330 3450 2396 ipsis
3475 2331 3552 2382 si—

1970 2416 2226 2469 mulacris
2261 2415 2426 2485 723
2459 2416 2726 2480 miserias,
2758 2418 2860 2468 into
2881 2417 2997 2484 jam
3033 2434 3136 2470 non
3177 2420 3547 2487 simulacrum,

1969 2507 2060 2560 sed
2087 2523 2265 2559 revera
2297 2516 2564 2560 mortuum
2594 2507 2767 2560 colitis
2804 2507 3005 2578 ipsique
3040 2509 3260 2563 similem
3307 2514 3548 2578 quwritis

1970 2599 2208 2653 Patrem.
2231 2597 2369 2652 Nam
2407 2600 2651 2668 ignotum
2682 2600 2756 2654 illi
2785 2600 2954 2655 fuisse
2981 2602 3110 2670 quid
3137 2601 3457 2666 Christiani,
3492 2615 3549 2658 et

1967 2691 2099 2760 quid
2127 2691 2440 2760 hujusmodi
2473 2691 2774 2746 fabularum
2807 2693 3116 2747 inventores
3151 2694 3352 2761 dicant,
3389 2711 3547 2750 eum-

1967 2796 2072 2852 que
2106 2782 2222 2837 haec
2247 2783 2452 2836 dixisse
2481 2783 2638 2837 nobis
2664 2798 2769 2839 non
2798 2785 3200 2850 convenientia,
3230 2787 3356 2854 quia
3387 2801 3545 2855 puta-

1970 2875 2049 2928 vit
2093 2889 2194 2928 nos
2247 2874 2478 2942 illosque
2525 2875 2714 2928 iisdem
2767 2876 3244 2932 criminationibus
3277 2879 3544 2933 obnoxios

1965 2981 2111 3032 esse,
2141 2975 2290 3036 patet
2330 2981 2396 3018 ex
2437 2967 2521 3020 his
2555 2967 2739 3020 verbis
2780 2983 2790 3015 :
2833 2966 3008 3023 Fraus
3040 2970 3166 3034 illa,
3202 2971 3544 3024 admirabiles

1962 3059 2044 3110 illi
2073 3058 2390 3120 consiliarii,
2416 3059 2573 3112 verba
2601 3058 2694 3111 illa
2715 3060 2941 3126 miriﬁca
2958 3063 3147 3128 quibus
3177 3063 3398 3126 leonem,
3426 3079 3544 3116 am-

1957 3151 2214 3219 pltibium,
2261 3149 2627 3214 asiniformem
2676 3151 2912 3217 aliosque
2955 3152 3322 3218 interpellatis,
3373 3155 3542 3207 divini

1956 3243 2040 3296 illi
2061 3244 2325 3311 janilores
2347 3259 2569 3312 quorum
2598 3244 2816 3295 nomina
2848 3243 3036 3296 misere
3078 3245 3335 3310 cdiscitis,
3366 3262 3534 3299 causa

1957 3342 2077 3387 sunt
2105 3349 2200 3386 cur
2226 3334 2515 3401 infeliciter
2534 3335 2660 3387 torti
2689 3334 2847 3386 vitam
2875 3334 2929 3387 in
2949 3334 3185 3401 patibulo
3211 3335 3540 3405 relinquatis.

1956 3425 2028 3478 At
2050 3427 2225 3480 nescit
2255 3429 2750 3488 neminemeorum,
2786 3427 2876 3494 qui
2910 3439 3152 3480 monsua
3186 3427 3280 3481 illa
3310 3427 3541 3482 leoninae

1959 3526 2015 3570 et
2063 3518 2292 3571 asinina:
2319 3518 2506 3571 formae
2537 3525 2590 3571 et
2624 3517 2960 3584 ampliibium
2989 3517 3306 3571 existimant
3343 3519 3442 3572 via:
3473 3519 3539 3572 ad

1959 3607 2154 3660 caelum
2187 3608 2541 3677 pertingentis
2569 3607 2996 3674 essejanitores,
3029 3617 3342 3661 constanter
3371 3625 3542 3676 usque

1960 3700 2025 3753 ad
2058 3709 2286 3754 mortem
2321 3700 2615 3753 defendere
2647 3713 2811 3766 quam
2859 3697 3134 3751 invenisse
3160 3706 3310 3765 putat
3338 3701 3540 3752 verita-

1961 3801 2091 3846 tem.
2122 3791 2228 3846 Sed
2262 3793 2406 3862 quod
2431 3808 2459 3844 a
2491 3791 2646 3845 nobis
2675 3791 2869 3856 nimio,
2895 3803 2952 3844 ut
2977 3793 3047 3846 ita
3078 3791 3294 3859 loquar,
3325 3793 3541 3861 pietatis

1962 3885 2143 3940 studio
2168 3883 2250 3950 lit,
2284 3899 2405 3939 cum
2435 3883 2647 3939 scilicet
2673 3897 2774 3938 nos
2799 3884 2948 3937 omni
2988 3883 3180 3939 mortis
3207 3885 3391 3953 generi
3415 3901 3540 3940 cru-

1963 4042 2132 4094 tiones
2158 4037 2502 4106 distribuunt,
2540 4039 2783 4094 similiter
2814 4049 2868 4094 ut
2908 4042 3281 4096 mathematici.
3311 4039 3536 4096 Illorum

1959 4112 2095 4163 enim
2130 4113 2451 4163 theoremata
2498 4113 2834 4174 accipientes,
2887 4111 2941 4164 in
2981 4127 3135 4164 suum
3181 4113 3532 4164 characterem

1958 4181 2212 4233 doctrina:
2271 4183 2656 4234 transtulerant
2691 4198 2708 4233 .'
2751 4198 2860 4234 esse
2905 4191 3077 4233 autem
3101 4181 3387 4246 principem
3418 4180 3538 4231 illo-

1960 4265 2075 4320 ram
2117 4249 2401 4320 Ἀϐράξοις,
2433 4261 2478 4302 ει
2519 4261 2732 4318 propter
2773 4251 2869 4303 hoc
2901 4265 3103 4304 cccexv
3134 4265 3408 4320 numerum
3438 4253 3538 4302 ha-

1959 4319 2073 4392 bere
2098 4320 2152 4371 in
2195 4318 2268 4392 se.
2309 4318 2433 4371 Istis
2470 4328 2768 4392 tercentum
2801 4322 3080 4392 sexaginta
3115 4319 3351 4392 quinque
3388 4318 3534 4372 loca-
3583 4363 3594 4392 ι

1957 4387 2098 4440 libus
2136 4388 2398 4443 caelorum
2435 4389 2790 4456 positionibus
2845 4388 3064 4442 totidem
3116 4389 3410 4454 principes,
3443 4395 3528 4447 Vel
3584 4387 3598 4444 ἒ

1956 4458 2156 4528 angeli,
2192 4457 2584 4528 pra’sidebant;
2652 4473 2784 4526 quos
2836 4459 2940 4512 hoc
2995 4459 3046 4510 itt
3106 4459 3224 4510 loco
3272 4459 3533 4528 Origenes

1953 4526 2222 4581 Janitores
2259 4537 2446 4590 vocat;
2479 4540 2533 4580 ut
2565 4528 2657 4581 tibi
2700 4537 2948 4581 constare
2973 4537 3149 4595 potest
3182 4542 3246 4579 ex
3271 4527 3382 4596 jam
3417 4534 3532 4580 latt-

1956 4595 2082 4665 dato
2129 4596 2317 4651 Ireuzei
2354 4599 2553 4663 capite,
2611 4608 2664 4651 et
2697 4597 3050 4652 adnotatione
3078 4595 3368 4651 nostraTad
3401 4614 3527 4665 pag.

1952 4664 2076 4719 655.
2119 4666 2222 4721 Per
2254 4668 2446 4721 borum
2504 4677 2712 4735 portas,
2766 4669 3050 4734 impetrata
3102 4668 3331 4734 primum
3366 4664 3526 4735 votis,

1951 4750 2071 4803 qua:
2120 4746 2508 4805 conceperant,
2546 4737 2614 4789 ab
2663 4751 2991 4806 unoquoque
3043 4739 3284 4805 principe
3329 4738 3530 4791 admis-

1951 4807 2396 4876 sione,icnltures
2423 4807 2608 4860 miseri
2637 4822 2822 4876 eorum
2859 4807 3192 4874 principatus
3220 4809 3532 4876 ingrediun-

1954 4885 2063 4946 tur.
2109 4875 2237 4928 Vide
2260 4877 2547 4942 Origencm
2572 4887 2753 4930 contra
2780 4874 3007 4942 Celsum,
3032 4877 3122 4929 lib.
3153 4892 3228 4940 vt,
3254 4874 3378 4946 pag.
3398 4877 3526 4946 (ibi,

1949 4945 2073 5007 655,
2100 4947 2224 4999 656.
2265 4946 2523 4999 Seencen.

2021 5017 2132 5085 (8'2)
2173 5014 2400 5070 Αὐτῶν.
2469 5015 2653 5069 Mallet
2693 5014 2921 5071 Guictus
2952 5018 3133 5082 αὐτόν,
3166 5027 3222 5070 ιιι
3259 5018 3527 5072 referatur

1949 5084 2253 5139 ad'Jesum.

2019 5155 2129 5225 (83)
2162 5156 2435 5212 Hoescbel.
2463 5167 2518 5211 et
2547 5155 2806 5226 Spencer.
2850 5156 2901 5210 iu
2949 5157 3210 5225 margine,
3251 5158 3526 5210 ἀναπλάσ-

1949 5241 2150 5287 σοντες.

2019 5297 2129 5365 (84)
2164 5295 2435 5367 ΙΙωεριιοΙ.
2463 5297 2517 5350 in
2550 5305 2718 5367 textu,
2769 5296 3068 5361 συμϐόλους
3096 5295 3187 5348 καὶ
3232 5296 3300 5367 τᾲ
3331 5296 3521 5367 δαιμό-

1946 5383 2032 5419 νια
2063 5369 2279 5437 ῥήματα
2310 5366 2346 5420 ἃ.
2391 5371 2525 5437 πρὸς
2546 5365 2658 5429 τόν,
2687 5376 2792 5421 etc.
2857 5372 3123 5420 Caeterum
3163 5365 3522 5437 conferliiinc

1949 5434 2275 5490 locu'ui‘cum
2313 5439 2379 5489 iis
2410 5434 2531 5504 quin
2583 5437 2848 5490 habentur
2901 5437 2991 5489 lib.
3018 5450 3094 5498 vi,
3130 5448 3274 5488 num.
3304 5434 3401 5501 24,
3425 5435 3516 5501 ‘25,

1944 5506 2035 5568 26,
2059 5507 2152 5568 Ἦ,
2174 5507 2268 5568 ‘28,
2290 5505 2379 5569 29,
2405 5508 2472 5560 '50
2502 5517 2553 5560 et
2581 5519 2731 5573 seqq.

2017 5577 2128 5645 (85)
2166 5578 2435 5630 Iltescliel.
2489 5579 2540 5630 in
2594 5585 2761 5638 textu,
2832 5573 3014 5635 κακῶς
3065 5573 3516 5645 κακοδαιμονᾱτε.

1945 5639 2088 5704 Idem
2110 5639 2284 5718 paulo
2315 5656 2434 5719 post
2464 5648 2516 5702 in
2547 5646 2806 5713 margine,
2846 5661 2878 5695 κ
2906 5645 2937 5694 .‘t
2965 5645 3062 5696 οὐκ
3093 5639 3198 5695 εἶδέ
3229 5639 3312 5714 γε,
3344 5647 3444 5701 ὅτι..
