3972 6160
475 215 613 273 1479

1942 217 2263 273 ORIGENIS

3586 221 3729 275 i480

474 340 662 405 eisque
688 336 951 405 supplicio
982 336 1318 405 exponimus,
1348 335 1401 390 id
1437 335 1541 389 illis
1566 334 1746 389 tribuit
1778 336 1869 405 qui
1903 336 2011 390 nihi

2141 336 2348 408 ρωροῦς
2392 336 2491 405 τῆς
2539 335 2748 399 ἀνόδου,
2789 336 2892 398 ἐως
2937 335 3164 389 Θανάτου
3211 334 3320 406 (86)
3356 335 3573 387 ἵσταται
3620 334 3731 388 κᾶν

475 429 651 485 simile
680 428 960 498 perferunt
990 445 1004 493 ;
1040 427 1195 481 nobis
1243 437 1422 481 autem
1443 466 1458 491 ,
1495 427 1587 495 qui
1620 428 1838 496 pietatis
1869 444 2033 482 causa

473 520 625 575 cruci
654 517 941 588 aﬂigimur,
967 518 1177 571 illorum
1200 517 1266 570 de
1288 527 1539 587 portento
1566 518 1799 572 leonina:
1821 516 2031 583 formae,

473 611 541 664 de
562 609 836 679 amphibio
857 608 1174 678 caaterisque
1200 609 1362 663 rebus
1395 608 1631 663 tabulam
1654 608 1859 675 objicit.
1880 609 2031 675 Quod

472 700 678 767 igitura
693 697 937 752 doctrina
954 697 1021 751 de
1057 696 1247 766 angelo
1264 697 1476 752 leonina
1504 697 1684 766 specie
1702 706 1755 751 et
1771 714 1800 751 a
1818 699 2031 752 caneris

470 790 682 844 illorum
720 789 940 857 ineptiis
963 790 1340 852 abhorremus,
1374 789 1531 857 hujus
1552 788 1627 842 rei
1658 787 1847 841 Celsus
1878 788 2029 841 nobis

468 896 576 937 non
610 890 693 936 est
741 889 963 945 auctor;
1004 894 1176 947 neque
1223 880 1368 935 enim
1418 879 1484 933 ab
1536 878 1689 933 initio
1726 877 2032 944 huiusmodi

468 972 750 1043 quidpiam
795 972 1136 1040 accepimus;
1185 972 1280 1026 sed
1315 971 1361 1026 si
1404 983 1512 1025 non
1556 969 1884 1024 assentimur
1927 966 2029 1021 Mi-

467 1062 713 1120 chaelem
743 1056 836 1117 aut
865 1060 1030 1116 alium
1065 1076 1135 1116 ex
1180 1061 1469 1116 recensitis
1499 1072 1619 1116 esse
1671 1061 1774 1114 hac
1803 1068 1898 1112 aut
1936 1058 2028 1113 illa

467 1152 665 1216 forma,
694 1152 747 1207 in
770 1167 931 1208 causa
954 1163 1037 1206 est
1057 1151 1183 1207 Jesu
1211 1151 1453 1207 doctrina
1472 1166 1637 1221 quam
1670 1149 1951 1220 sequimur
1974 1158 2030 1206 et

463 1260 527 1300 ex
558 1258 664 1313 qua
703 1244 974 1297 contraria
1006 1242 1112 1299 illis
1135 1244 1316 1298 dicere
1340 1242 1624 1299 discimus.

2143 429 2282 499 ὑπὲρ
2320 428 2418 496 τῆς
2463 428 2793 497 φαινομένης
2828 428 2975 497 αύτῷ
3016 428 3291 498 ἀληθείας.
3331 427 3484 479 Ἀλλά
3518 427 3580 478 τὺ
3629 426 3726 493 ὑφ’

2139 518 2296 588 ἡμῶν
2325 518 2389 569 δι’
2413 518 2713 581 εὐσεϐείας,
2748 519 2815 569 ἵν’
2839 519 3012 581 οὕτως
3042 519 3201 582 εἴπω,
3234 518 3541 589 ὑπερϐολὴν
3570 520 3724 586 γινό-

2139 628 2321 680 μενον,
2371 611 2718 679 παρεχόντων
2761 612 2984 675 ἑαυτοὺς
3029 614 3190 664 παντὶ
3222 613 3408 684 τρόπῳ
3455 612 3718 673 θανάτου,

2137 700 2231 751 καί
2284 699 2342 750 τὸ
2391 699 2911 762 ἀνασκολοπίζεσθαι
2968 700 3099 770 (87),
3157 701 3385 763 ἐκείνοις
3444 702 3719 771 προσάγει

2135 792 2246 851 τοῖς
2278 790 2440 860 μηδὲν
2461 789 2665 843 τούτων
2698 792 3012 860 πάσχουσιν*
3042 794 3171 861 ἡμῖν
3201 792 3257 843 δὲ
3277 792 3411 861 (88),
3444 796 3557 855 τοῖς
3582 794 3720 845 ἀνα·-

2134 880 2605 950 σκολοπιζομένοις
2638 881 2702 933 δι’
2731 882 3032 943 εὐσέϐειαν,
3061 882 3305 945 ὀνειδίζει
3482 884 3718 936 ἐκείνων

2133 970 2260 1041 περὶ
2285 969 2376 1021 τὸν
2405 968 2702 1040 λεοντοειδῆ
2734 970 2827 1022 καὶ
2867 970 2960 1023 τὸν
3000 972 3281 1040 ἀμφίϐιον,
3327 975 3419 1025 καὶ
3448 975 3520 1026 τὰ
3545 974 3717 1028 λοιπὰ

2135 1059 2475 1131 μυθοποιίαν.
2506 1062 2579 1113 Οὐ
2609 1060 2699 1114 διὰ
2722 1062 2926 1114 Κέλσον
2950 1064 3131 1115 τοίνυν
3157 1064 3429 1135 φεύγομεν
3453 1066 3547 1118 τὸν
3578 1068 3718 1138 περὶ

2129 1150 2486 1215 λεοντοειδοῦς
2536 1151 2631 1205 καλ⁹
2674 1152 2782 1206 τῶν
2820 1153 3021 1206 λοιπῶν
3060 1155 3237 1223 λόγον’
3282 1156 3402 1209 οὐδὲ
3448 1158 3562 1229 γὰρ
3606 1160 3714 1228 τὴν

2129 1242 2304 1312 ἀρχὴν
2332 1240 2569 1295 τοιοῦτόν
2591 1258 2643 1293 τι
2669 1243 3113 1314 παρειλήφαμενο
3140 1246 3255 1297 ἀλλ’
3284 1247 3715 1312 ἀκολουθοῦντες

462 1341 526 1410 τῇ
558 1329 873 1408 διδασκαλία
933 1336 1107 1409 Ἰησοῦ
1151 1336 1219 1390 τά
1264 1336 1481 1391 ἐναντία
1534 1335 1763 1401 ἐκείνοις
1805 1317 2056 1408 λέγομεν,
2105 1336 2165 1388 οὐ
2210 1336 2731 1409 συγκατατιθέμενοι
2772 1338 2850 1409 τῷ
2888 1339 3090 1392 τοιόνδε
3132 1336 3269 1394 εἶναι
3308 1341 3384 1413 τῷ
3426 1343 3714 1414 προσώπῳ

459 1432 554 1487 τὸν
590 1431 831 1503 Μιχαὴλ,
870 1430 963 1484 καὶ
1006 1429 1206 1484 τοιόνδε
1233 1430 1421 1503 ἔτερόν
1451 1448 1572 1485 τινα
1604 1431 1715 1485 τῶν
1750 1429 2293 1502 προκατειλεγμένων
2329 1430 2460 1501 (89).

530 1527 621 1580 41.
641 1526 1053 1581 Consideremus
1077 1539 1221 1579 nunc
1244 1539 1446 1593 ecquos
1487 1525 1620 1579 velit
1640 1526 1827 1580 Celsus
1870 1526 2023 1580 nobis

461 1619 655 1688 praeire
679 1621 866 1680 duces,
910 1627 967 1670 ιιι
995 1629 1063 1669 ne
1091 1615 1249 1670 nobis
1274 1625 1487 1671 veteres
1504 1626 1557 1669 et
1577 1617 1719 1670 sacri
1745 1616 2019 1669 deﬁciant.

2197 1520 2315 1575 Τίνι
2356 1525 2411 1577 δὲ
2437 1524 2529 1577 καὶ
2572 1524 2797 1580 ἕπεσθαι
2838 1528 2986 1599 ἡμᾶς
3024 1528 3053 1579 ὁ
3084 1528 3289 1592 Κέλσος
3324 1528 3592 1598 βούλεται,
3627 1540 3711 1596 ῶς

2127 1614 2225 1667 οὐκ
2266 1615 2638 1685 ἀπορήσοντας
2670 1618 2913 1672 παλαιῶν
2948 1622 3229 1691 ἡγεμόνων
3273 1623 3366 1673 καὶ
3404 1619 3569 1692 ἱερῶν
3614 1627 3711 1677 ἀν-

460 1680 569 1762 Nos
599 1707 812 1775 ablegat
837 1705 901 1759 ad
934 1714 1141 1773 poetas,
1183 1713 1241 1758 ut
1269 1707 1385 1773 ait,!
1410 1706 1669 1760 divinitus
1698 1704 1924 1767 afﬂatus,
1955 1708 2020 1759 ad

2128 1702 2284 1774 δρῶν,
2330 1708 2708 1775 κατανοητέον.
2772 1709 3110 1779 Ἀναπέμπει
3139 1710 3285 1779 ἡμᾶς
3331 1712 3421 1762 ἐπὶ
3461 1713 3709 1776 ἐνθέους,

458 1798 752 1865 sapientes,
791 1796 855 1850 ad
874 1794 1241 1865 philosophos,
1277 1810 1506 1863 quorum
1542 1797 1757 1849 nomina
1794 1811 1898 1849 non
1929 1797 2022 1850 de-

457 1899 631 1944 notat.
667 1886 947 1943 Pollicitus
977 1901 1034 1940 se
1065 1886 1229 1941 duces
1275 1895 1699 1941 monstraturum
1757 1902 1898 1951 esse,
1932 1903 2023 1957 ge-

459 1984 687 2037 neratim
732 1980 939 2036 indicat
972 1988 1159 2049 poetas
1210 1981 1427 2034 numine
1459 1978 1689 2045 amatos,
1727 1984 2020 2050 sapientes,

456 2072 831 2143 philosophos.
891 2071 947 2125 Si
1003 2070 1434 2139 uniuscujusque
1488 2085 1683 2125 nomen
1726 2071 2019 2136 attulisset,

456 2165 628 2219 nostri
652 2164 810 2218 otiicii
841 2178 966 2218 esse
996 2163 1340 2217 duxissemns
1370 2163 1763 2227 demonstrare,
1793 2163 1863 2216 ab
1906 2165 2022 2233 ipso

455 2257 611 2311 nobis
640 2269 816 2309 caecos
849 2268 974 2324 erga
1002 2253 1287 2307 veritatem
1316 2253 1481 2306 duces
1516 2252 1654 2317 dari,
1691 2261 1749 2305 nt
1783 2253 1835 2306 in
1871 2269 2023 2308 erro-

457 2359 571 2399 rem
620 2345 966 2406 inducamur;
1000 2353 1091 2397 aut
1114 2343 1159 2397 si
1191 2358 1294 2397 non
1328 2344 1556 2397 omnino
1580 2344 1707 2397 cazci
1746 2352 1896 2409 sunt,
1928 2358 2022 2398 eos

461 2447 639 2492 tamen
666 2454 694 2492 a
715 2438 944 2493 veritate
967 2439 1021 2491 in
1049 2437 1231 2492 multis
1265 2437 1539 2507 dogmatis
1560 2437 1871 2495 aberrasse.
1897 2440 2024 2493 Sive

456 2531 621 2597 igitur
645 2528 913 2599 Orpheus,
944 2530 1057 2584 sive
1100 2528 1469 2593 Parmenides,
1506 2530 1618 2583 sive
1650 2530 2019 2600 Empedocles,

456 2618 571 2670 sive
602 2616 868 2671 Homerus
889 2618 1023 2686 ipse,
1053 2626 1145 2671 aut
1168 2618 1331 2672 etiam
1362 2616 1625 2673 Hesiodus
1648 2618 1737 2675 ille
1769 2620 2020 2688 sitquem

457 2719 670 2777 poetam
712 2708 974 2763 divinitus
1014 2709 1343 2779 inspiratum
1391 2724 1514 2765 esse
1553 2711 1709 2778 vult,
1769 2713 2021 2767 ostendat

454 2802 547 2871 qui
588 2800 847 2865 voluerit,
884 2802 1157 2870 quomodo
1180 2801 1271 2870 qui
1302 2801 1530 2856 ducibus
1570 2802 1679 2856 illis
1708 2811 1951 2867 utuntur,
1984 2804 2017 2855 ii

452 2894 733 2949 meliorem
764 2893 907 2947 viam
940 2903 1237 2961 sequantur
1265 2902 1317 2946 et
1360 2895 1564 2948 rectius
1594 2910 1771 2949 mores
1794 2910 2013 2963 compo-

454 2998 604 3057 nant,
644 3005 804 3058 quam
834 2988 951 3057 qui.
973 2988 1281 3042 sinmlacris
1298 2989 1550 3043 onmibus
1571 2988 1870 3057 statuisque
1889 2987 2017 3043 Jesu
2048 3023 2090 3081 ο

456 3082 721 3135 doctrinae
754 3078 1102 3149 posthabitis,
1150 3077 1313 3149 724.
1365 3080 1559 3133 relicta
1602 3080 1764 3133 etiam
1799 3079 2020 3133 Judaica

459 3171 874 3239 superstitione,
903 3183 997 3238 per
1012 3169 1247 3223 Verbum
1273 3169 1367 3222 Dei
1392 3170 1458 3223 ad
1484 3168 1653 3223 solum
1676 3167 1842 3223 Deum
1860 3169 2022 3223 Verbi

451 3264 669 3319 Patrem
697 3261 886 3315 oculos
932 3261 1148 3315 tollunt.
1196 3260 1364 3329 Ecqui
1404 3270 1531 3315 sunt
1579 3269 1757 3313 autem
1802 3262 1875 3315 illi
1908 3262 2021 3317 sive

454 3353 753 3421 sapientes,
789 3351 903 3407 sive
942 3351 1293 3420 philosophi,
1346 3367 1375 3405 a
1410 3352 1605 3421 quibus
1641 3352 1805 3406 multa
1849 3369 2022 3424 eaque

454 3443 634 3498 divina
670 3442 785 3495 vult
816 3457 915 3497 nos
961 3443 1152 3497 audire
1185 3442 1407 3505 Celsus,
1442 3457 1644 3511 eosque
1694 3452 2020 3510 anteponere

452 3534 626 3605 Moysi
671 3534 767 3588 Dei
815 3533 1033 3596 cultori,
1082 3533 1383 3587 conditoris
1428 3534 1667 3587 omnium
1704 3535 2016 3603 prophetis,

452 3626 545 3694 qui
587 3640 714 3680 vere
746 3625 1009 3679 divinitus
1060 3623 1223 3677 aﬂlati
1272 3625 1559 3678 innumera
1606 3626 1859 3679 dixerunt
1893 3642 1907 3690 ;
1942 3626 2016 3679 illi

452 3718 617 3770 etiam
653 3719 743 3786 qui
773 3717 1051 3770 hominum
1083 3716 1269 3784 generi
1298 3716 1494 3779 illuxit,
1522 3716 1614 3784 qui
1640 3717 1803 3769 divini
1844 3716 2018 3770 cultus

454 3807 804 3860 annuntiavit
835 3807 1002 3868 viam,
1046 3807 1136 3873 qui
1168 3816 1429 3874 quantum
1456 3808 1507 3860 in
1547 3823 1604 3861 se
1643 3818 1723 3860 est
1750 3808 2015 3861 neminem

455 3899 716 3965 relinquit
758 3898 1138 3965 mysteriorum
1171 3911 1391 3949 suorum
1434 3908 1733 3963 expertem,
1767 3898 1861 3951 sed
1896 3911 2018 3965 pro-

452 4000 572 4059 pter
604 3990 921 4043 immensam
968 3989 1353 4042 humanitatem
1422 3988 1860 4056 prudentioribus
1897 3987 2017 4055 qui-

448 4082 575 4138 dem
606 4080 930 4150 theologiam
964 4080 1192 4149 largitur
1222 4094 1406 4133 eorum
1452 4078 1645 4131 animis
1671 4093 1699 4130 a
1734 4078 2012 4145 przesenti-

450 4177 553 4230 hus
595 4174 830 4244 negotiis
870 4171 1180 4226 attollendis
1208 4185 1416 4238 parem,
1466 4169 1856 4223 inﬁrmioribus
1885 4182 2012 4224 vero

452 4268 732 4323 hominum
782 4266 1197 4335 imperitorum,
1286 4262 1609 4331 simplicium
1667 4262 2007 4329 feminarum,

2123 1798 2197 1859 ὡς
2239 1796 2407 1864 λέγει,
2434 1800 2679 1867 ποιητὰς,
2720 1802 2812 1854 καὶ
2853 1803 3067 1869 σοφοὺς,
3098 1802 3192 1854 καὶ
3231 1801 3571 1870 φιλοσόφους,
3626 1806 3708 1876 μὴ
3756 1842 3791 1867 γι

2121 1886 2287 1947 τιθεὶς
2316 1889 2498 1951 αὐτοῖς
2530 1890 2767 1959 ὀνόματα
2807 1890 2949 1961 (90)·
2980 1891 3218 1953 καὶτοὺς
3247 1890 3472 1961 ὁδηγοὺς
3501 1893 3711 1960 δείξειν
3762 1878 3788 1927 ⁷.-

2122 1984 2580 2053 ἐπαγγελλόμενος
2598 2022 2610 2045 ,
2637 1982 2900 2053 ἀορίστως
2929 1983 3281 2052 ἀποφαίνεται
3314 1990 3439 2050 τοὺς
3482 1988 3709 2050 ἐνθέους

2121 2074 2367 2144 ποιητὰς,
2403 2073 2494 2126 καὶ
2522 2074 2739 2142 σοφοὺς,
2765 2074 2859 2125 καὶ
2892 2073 3229 2142 φιλοσόφους.
3267 2078 3328 2129 EE
3357 2078 3399 2129 δ’
3431 2078 3599 2130 ἐτίθει
3632 2078 3707 2131 τὰ

2121 2162 2358 2233 ὀνόματα
2400 2164 2628 2215 ἑκάστου
2660 2161 2865 2214 τούτων
2888 2202 2901 2225 ,
2945 2163 3037 2213 καλ¹
3076 2163 3436 2231 ἀγωνίζεσθαι
3478 2166 3707 2233 εὔλογον

2122 2257 2253 2325 ἡμῖν
2282 2256 2550 2322 ἐφαίνετο,
2586 2254 2666 2305 δτι
2698 2252 3106 2322 τυφλώττοντας
3139 2257 3266 2326 περὶ
3302 2256 3401 2327 τὴν
3438 2256 3705 2326 ἀλήθειαν

2121 2346 2347 2415 ὁδηγοὺς
2379 2346 2507 2415 ἡμῖν
2536 2343 2770 2406 δίδωσιν,
2815 2344 2900 2395 ἵνα
2932 2344 3221 2414 σφάλωμεν
3243 2362 3254 2376 ο
3289 2346 3346 2416 ἧ,
3389 2348 3436 2399 εἰ
3476 2349 3570 2399 καὶ
3616 2349 3698 2419 μὴ

2124 2436 2265 2488 πάνυ
2314 2433 2747 2502 τυφλώττοντας,
2798 2436 2926 2504 περὶ
2977 2434 3147 2510 πολλά
3187 2452 3248 2502 γε
3290 2437 3390 2506 τῆς
3438 2439 3701 2507 ἀληθείας

2121 2529 2365 2598 δόγματα
2430 2525 2819 2595 ἐσφαλμένους.
2874 2525 2985 2577 Εἶτ’
3034 2521 3125 2578 οῦν
3187 2526 3387 2597 Ὀρφέα
3445 2527 3699 2597 βούλεται

2122 2618 2302 2672 ἔνθεον
2342 2614 2478 2670 εἶναι
2508 2617 2756 2687 ποιητὴν,
2791 2616 2898 2669 εἴτε
2932 2617 3295 2688 Παρμενίδην,
3337 2618 3434 2670 εἴτ’
3490 2620 3697 2689 Ἑμπε-

2121 2711 2332 2773 δοκλέα,
2385 2710 2491 2761 εἴτε
2539 2710 2632 2761 καὶ
2682 2709 2842 2761 αὐτὸν
2894 2708 3156 2779 Ὅμηρον,
3207 2710 3236 2780 ῆ
3282 2711 3377 2762 καὶ
3419 2709 3695 2765 Ἡσίοδονο

2121 2801 2380 2854 δεικνύτω
2423 2802 2453 2852 ὁ
2487 2799 2825 2870 βουλόμενος,
2872 2799 2989 2862 πῶς
3037 2799 3245 2870 βέλτιον
3288 2801 3601 2855 όδεύσουσιν
3641 2805 3697 2855 οἱ

2120 2891 2380 2955 τοιούτοις
2430 2892 2644 2962 ὁδηγοῖς
2703 2890 2995 2962 χρώμενοι,
3055 2892 3149 2943 καὶ⁵
3202 2890 3510 2962 ὠφέληνται
3565 2894 3696 2963 περὶ

2122 2981 2230 3034 τῶν
2261 2981 2370 3052 (91)
2397 2980 2538 3033 κατά
2563 2979 2654 3031 τὸν
2682 2979 2815 3049 βίον,
2842 2980 2992 3051 παρά
3022 2981 3147 3044 τοὺς
3177 2984 3573 3046 καταλιπόντας
3603 2984 3697 3036 διὰ

2124 3072 2222 3142 τὴν
2256 3072 2428 3142 Ἰησοῦ
2452 3070 2546 3123 τοῦ
2566 3072 2799 3141 Χριστοῦ
2829 3071 3174 3125 διδασκαλίαν
3196 3074 3370 3127 πάντα
3400 3076 3696 3145 ἀγάλματα

2126 3164 2219 3214 καὶ
2267 3160 2552 3233 ἱδρύματα,
2593 3160 2725 3213 ἀλλά
2758 3163 2852 3214 καὶ
2892 3163 3075 3214 πᾶσαν
3120 3162 3410 3235 Ἰουδαῖκὴν
3441 3167 3696 3220 δεισιδαι-

2128 3252 2333 3322 μονίαν,
2367 3254 2461 3305 καὶ
2500 3253 2634 3321 πρὸς
2668 3253 2823 3320 μόνον
2856 3253 3251 3317 ἀναϐλέποντας
3278 3255 3363 3308 διὰ
3391 3257 3485 3308 τοῦ
3518 3258 3693 3326 Λόγου

2121 3343 2214 3395 τοῦ
2242 3343 2375 3395 Θεοῦ
2418 3343 2507 3395 τὸν
2544 3343 2762 3413 Πατέρα
2801 3342 2894 3396 τοῦ
2924 3346 3095 3411 Λόγου
3125 3345 3275 3398 Θεόν.
3314 3348 3469 3409 Τίνες
3500 3348 3553 3399 δὲ
3598 3350 3694 3402 κα)⁸

2120 3435 2170 3486 οἱ
2206 3434 2356 3502 σοφοὶ
2382 3433 2413 3503 ἢ
2442 3434 2489 3485 oi
2525 3433 2821 3502 φιλόσοφοι,
2856 3434 2984 3503 παρ’
3013 3427 3087 3486 ὧν
3122 3434 3365 3504 βούλεται
3396 3437 3565 3491 πολλὰ
3598 3441 3692 3491 καὶ

2121 3522 2239 3575 θεῖα
2268 3524 2494 3577 ἀκοῦσαι
2540 3528 2686 3595 ἡμᾶς
2729 3526 2757 3575 ὁ
2806 3525 3032 3589 Κέλσος,
3083 3527 3481 3590 καταλιπόντας
3529 3528 3691 3598 θερά-

2122 3631 2287 3665 ποντα
2328 3614 2461 3667 Θεοῦ
2507 3615 2764 3677 Μωῦσέα,
2814 3616 2908 3667 καὶ
2953 3619 3235 3688 προφήτας
3279 3618 3371 3671 τοῦ
3404 3619 3511 3672 τῶν
3550 3620 3691 3674 ὅλων

2102 3705 2470 3775 δημιουργοῦ,
2522 3706 2736 3775 ἀληθῶς
2770 3708 2967 3771 ἐνθέως
3011 3711 3179 3780 μυρία
3219 3710 3317 3762 ὅσα
3363 3713 3684 3780 εἰρηκότας’

2119 3797 2211 3846 καὶ
2238 3796 2397 3849 αὐτὸν
2430 3796 2808 3866 ἐπιλάμψαντα
2833 3798 2909 3867 τῷ
2939 3800 3083 3867 γένει
3107 3801 3213 3852 τῶν
3240 3801 3561 3872 ἀνθρώπων,
3594 3804 3687 3855 καὶ

2118 3887 2545 3954 καταγγείλαντα
2579 3888 2693 3941 ὁδὸν
2731 3889 3058 3954 θεοσεϐείας,
3096 3893 3188 3944 καὶ
3224 3894 3426 3963 μηδένα
3471 3894 3530 3947 τὸ
3561 3897 3685 3947 ὅσον

2117 3976 2200 4043 ἐφ’
2243 3976 2418 4046 ἐαυτῷ
2458 3978 2719 4044 ἄγευστον
2753 3980 3115 4035 καταλιπόντα
3155 3982 3262 4033 τῶν
3289 3983 3432 4036 ἰδίων
3482 4003 3686 4055 μυστηι

2118 4067 2269 4137 ρίων,
2307 4067 2442 4120 ἀλλὰ
2474 4068 2537 4119 δι’
2573 4070 3013 4139 ὑπερϐάλλουσαν
3054 4072 3461 4145 φιλανθρωπίαν
3490 4076 3677 4145 ἔχοντα

2120 4159 2215 4227 μὲν
2247 4160 2440 4212 διδόναι
2468 4164 2577 4223 τοῖς
2611 4163 2990 4233 συνετωτέροις
3021 4164 3315 4232 θεολογίαν,
3349 4168 3550 4237 ἐπᾶραι
3580 4169 3676 4236 τὴν

2113 4250 2288 4322 ψυχὴν
2328 4251 2435 4305 ἀπὸ
2473 4253 2579 4304 τῶν
2614 4255 2737 4323 τῇδε
2781 4256 3120 4325 πραγμάτων
3162 4256 3501 4327 δυναμένην·
3533 4259 3679 4310 οῦδὲν

449 4364 507 4411 et
541 4369 825 4411 vernarum
853 4355 1057 4409 viribus
1078 4367 1135 4407 se
1156 4361 1496 4420 attemperat,
1514 4367 1619 4405 uno
1644 4352 1809 4405 verbo
1833 4353 2009 4405 omni-

2128 4342 2156 4392 5’
2206 4338 2365 4412 ἦττον
2419 4344 2917 4412 συγκαταϐαίνοντα
2958 4347 3051 4400 καὶ
3100 4350 3218 4410 ταῖς
3272 4349 3679 4421 ὑποδεεστέραις

456 4448 575 4511 bus,
614 4446 707 4515 qui
740 4462 769 4499 a
794 4446 1007 4499 nemine
1044 4443 1155 4497 alio
1179 4458 1337 4511 quam
1378 4458 1409 4496 a
1456 4442 1571 4495 solo
1594 4440 1719 4497 Jesu
1750 4444 2008 4497 auxilium

453 4546 780 4607 acceperunt
810 4537 875 4590 ad
916 4536 1109 4590 melius
1133 4535 1424 4588 vivendum
1475 4545 1735 4601 quantum
1785 4533 2012 4588 facultas

453 4628 677 4689 ferebat,
712 4628 1051 4697 dogmatibus
1103 4627 1168 4679 de
1200 4625 1309 4679 Deo
1344 4627 1599 4681 instructi
1642 4641 1765 4694 qua:
1815 4642 2009 4696 capere

450 4728 699 4786 poterant
715 4720 738 4771 ’ί

516 4876 609 4928 τε.
646 4874 774 4928 Post
808 4875 923 4928 haec
949 4889 1048 4928 nos
1082 4874 1305 4928 remittit
1331 4875 1395 4929 ad
1434 4874 1710 4931 Platonem
1750 4884 2006 4945 tanquam

523 5036 632 5106 (86)
660 5036 807 5101 Ἕως
833 5034 1109 5090 θανάτου.
1174 5036 1302 5092 Vide
1351 5056 1510 5110 supra
1543 5043 1917 5099 adnotationes
1944 5047 2008 5100 ad

452 5108 547 5161 lib.
576 5123 648 5161 vt.
679 5122 806 5159 nunt
847 5108 928 5158 Η.

474 5108 1313 5255 ιὺίὸζς’ἶὸυξὲιιίὲκολπίζεσθαι.
1354 5178 1507 5249 Legit
1537 5180 1870 5247 Boherellus,
1933 5183 2012 5255 τῷ

448 5245 977 5309 ἀνασκολοπίζεσθαι.

523 5318 633 5390 (88)
683 5314 737 5369 Ιιι
786 5328 943 5369 antea
997 5314 1153 5369 editis
1197 5315 1348 5371 deest
1397 5318 1473 5387 δέ,
1522 5320 1663 5388 quod
1720 5323 2014 5377 restituunt

449 5400 631 5525 ms(38.9)
664 5454 815 5526 Mss.,
846 5455 1399 5526 προκατειλεγμένων.
1464 5457 1618 5511 Libl).
1651 5468 1810 5511 antea
1852 5461 2006 5523 editi,

450 5524 899 5593 κατειλεγμένωνζ
959 5525 1077 5577 Mox
1129 5542 1222 5591 pro
1260 5527 1362 5580 τίνι
1393 5528 1447 5579 δὲ
1475 5530 1566 5580 καὶ
1594 5527 1841 5591 ἕπεσθαι,
1872 5531 2006 5585 mal-

454 5593 556 5646 lem
590 5609 710 5649 cum
743 5595 1033 5649 'BUIICI‘CUO
1078 5596 1184 5647 τίσι
1229 5596 1283 5648 δέ
1330 5598 1424 5651 καὶ
1472 5597 1716 5651 ἕπεσθαι.
1784 5600 2005 5660 lbidem.

2117 4432 2290 4495 ἕξεσιν
2338 4434 2557 4485 ἰδιωτῶν
2600 4436 2806 4505 ἀνδρῶν
2841 4438 2934 4489 καὶ
2977 4437 3358 4511 ἁπλουστέρων
3386 4442 3675 4508 γυναικῶν,

2119 4520 2341 4572 οἰκετῶν
2370 4538 2447 4585 τε,
2476 4525 2568 4575 καὶ
2593 4524 2923 4589 ἁπαξαπλῶς
2946 4526 3052 4580 τῶν
3079 4528 3181 4582 ὑπὸ
3205 4529 3427 4600 μηδενὸς
3450 4528 3481 4601 ἢ
3504 4532 3677 4601 Ἰησοῦ

2119 4612 2279 4681 μόνου
2326 4613 2733 4684 βεϐοηθημένων
2781 4618 2917 4690 πρὸς
2958 4620 3017 4672 τὸ
3059 4622 3133 4683 ὡς
3174 4620 3429 4693 ἐνεχώρει
3476 4623 3679 4691 βέλτιον

2116 4703 2309 4766 αὐτοὺς
2337 4702 2484 4773 βιοῦν
2520 4706 2655 4777 μετὰ
2682 4707 2963 4780 δογμάτων
3008 4704 3082 4765 ὧν
3112 4712 3364 4765 ἐδύναντο
3391 4714 3519 4784 περὶ
3548 4713 3680 4769 θεοῦ

2114 4797 2310 4863 χωρεῖν
2330 4812 2343 4860 ;

2182 4880 2317 4937 Εἶτα
2355 4887 2490 4954 μετά
2521 4888 2708 4952 ταῦτα,
2755 4890 2829 4955 ὡς
2869 4893 2961 4945 ἐπὶ
3005 4894 3386 4969 ἐνεργέστερον
3428 4898 3680 4952 διδάσκα-

2112 5048 2318 5129 ὠςρύκ
2363 5052 2751 5129 ἀπορήσοντας,
2781 5056 2973 5129 Quieto
3003 5058 3285 5112 delendum
3314 5060 3525 5129 Videtur
3555 5060 3674 5125 οὐκ,

2116 5122 2216 5195 nisi
2247 5122 2403 5195 forte,
2434 5122 2625 5195 inquit.
2670 5140 2763 5192 pro
2790 5126 3181 5195 ἀπορήσοντας,
3236 5128 3578 5183 scribendum
3607 5122 3676 5182 sit.

2113 5188 2534 5271 εὐπορῄσοντας.
2573 5188 3026 5271 Ρίιιίιίουιηιιιόὖκ
3070 5188 3325 5252 Gelenius
3378 5214 3483 5253 non
3510 5215 3678 5267 agno-

2116 5257 2262 5309 scit;
2284 5257 2390 5325 Ego
2422 5264 2752 5315 retinendam
2792 5279 3008 5317 censeo.

2188 5326 2294 5405 (_90)
2330 5330 2549 5405 _z_ti’;toi_¢
2581 5333 2870 5405 Inopiam.
2928 5334 3117 5405 Melius
3174 5335 3311 5391 forte
3359 5336 3504 5405 legas
3550 5354 3677 5392 cum

2116 5394 2416 5474 Polterello,
2468 5401 2645 5474 αύτῶν
2672 5394 2737 5454 τὰ
2761 5403 3015 5474 ὀνόματα.
3080 5404 3243 5458 Paulo
3276 5417 3392 5474 post
3411 5394 3678 5464 'l'lmsche-

2117 5464 2234 5543 lius
2253 5467 2305 5543 in
2342 5478 2488 5543 t_ext_u
2522 5464 3011 5543 Ιιοὺοιηάορίστους
3037 5464 3410 5543 ἀποφαίνεται.

2188 5534 2471 5625 (gilii?!
2517 5539 2652 5592 τῶν.
2711 5534 2832 5596 [hec
2886 5534 3078 5598 absunt
3131 5534 3169 5597 θ’
3206 5547 3363 5600 codd.
3406 5552 3576 5625 Regio
3623 5566 3683 5612 et

2115 5600 2424 5661 BaSileensi'.
