3972 6160
424 293 554 348 ΗΒΙ

1623 293 1901 352 CONTRA
1933 293 2212 350 CELSUM
2251 294 2379 348 LIB.
2427 295 2534 349 VII.

3543 299 3686 353 M82

420 411 512 467 λον
541 411 650 466 τῶν
678 411 955 481 θεολογίας
985 413 1326 486 πραγμάτων
1357 415 1488 488 (92),
1513 418 1826 488 ἀναπέμπει
1861 418 1996 489 ἡμᾶς

2113 417 2180 472 ad
2201 416 2561 472 eﬂicaciorem
2584 429 2761 469 rerum
2785 413 3209 482 theologicarum
3229 414 3528 481 doctorem,
3546 417 3688 485 ejus-

419 503 514 556 ἐπὶ
536 503 627 555 τὸν
657 501 941 568 Πλάτωνα,
975 504 1410 576 παρατιθέμενος
1448 507 1612 560 αὐτοῦ
1646 507 1745 570 τὰς
1774 508 1881 561 ἀπὸ
1911 507 2004 560 τοῦ

426 595 663 662 Τιμαίου
692 592 802 664 (93)
837 594 1010 658 λέξεις
1061 595 1234 660 οὕτως
1279 595 1531 667 ἐχούσας
1581 598 1686 651 Τὸν
1731 600 1850 668 μὲν
1896 595 2009 654 οὖν

417 681 677 752 ποιητὴν
709 681 807 736 καὶ
841 683 1066 751 πατέρα
1101 684 1278 738 τοῦδε
1306 685 1413 739 τοῦ
1445 685 1673 751 παντὸς
1710 686 1911 754 εὑρεῖν
1943 704 2008 740 τε

417 775 618 846 ἔργον,
649 775 748 830 καὶ
773 777 1029 845 εὑρόντα
1065 777 1268 848 λέγειν
1299 779 1388 844 είς
1420 776 1652 843 πάντας
1683 778 2004 832 ἀδύνατον.

418 869 540 924 Εἶτ’
570 867 835 937 ἐπιφέρει
873 870 1129 936 τούτοις,
1175 869 1372 940 λέγων
1397 885 1412 900 ο
1468 867 1673 938 ὐρᾶτε
1711 869 1870 936 ὅπως
1911 869 2006 938 ζη-

417 960 600 1014 τεῖται
623 962 978 1029 θεοπρόποις
1004 961 1295 1030 ἀληθείας
1320 961 1461 1028 ὁδὸς
1491 961 1622 1032 (94),
1651 962 1751 1015 καὶ
1773 962 1853 1028 ὡς
1877 961 2007 1032 ῇδει

417 1051 689 1116 Πλάτων,
758 1052 847 1106 ὅτι
916 1054 1104 1121 ταύτῃ
1165 1052 1356 1122 βῆναι
1426 1052 1618 1108 πᾶσιν
1675 1053 2000 1108 ἀδύνατον.

431 1145 664 1214 Ἐπειδὴ
696 1145 764 1199 δὲ
812 1147 1028 1201 τούτου
1067 1145 1247 1216 χάριν
1287 1146 1608 1215 ἐξηύρηται
1651 1147 1864 1216 σοφοῖς
1901 1148 2006 1202 ἀν-

417 1233 653 1302 δράσιν,
693 1237 774 1302 ὡς
817 1236 894 1290 ἂν
932 1236 1040 1290 τοῦ
1090 1236 1583 1306 ἀκατονομάστου
1628 1238 1726 1291 καὶ
1771 1237 2005 1306 πρώτου

416 1325 702 1396 λάϐοιμέν
743 1343 877 1381 τινα
921 1328 1216 1394 ἐπίνοιαν,
1266 1327 1684 1396 διαδηλο-ῦσαν
1728 1329 1916 1383 αὑτὸν
1965 1329 2004 1397 ἢ

417 1417 492 1487 τῇ
524 1419 810 1473 συνθέσει
834 1419 910 1489 τῇ
939 1420 1038 1474 ἐπὶ
1065 1420 1138 1474 τὰ
1165 1420 1346 1486 ἄλλα,
1377 1419 1415 1488 ἢ
1446 1421 1743 1474 άναλύσει
1773 1421 1874 1475 ἀπ’
1903 1421 2007 1473 αὺ-

417 1510 556 1575 τῶν,
595 1511 633 1580 ἢ
679 1511 992 1582 ἀναλογίᾳ,
1037 1511 1104 1566 τό
1146 1511 1348 1578 ἄλλως
1381 1512 1640 1580 ἄρρητον
1671 1511 1862 1566 θέλων
1893 1511 2002 1584 (95)

415 1601 671 1668 διδάξαι,
708 1601 1072 1673 θαυμάσαιμι
1099 1603 1150 1657 δ’
1191 1603 1267 1657 ἂν
1299 1607 1349 1657 εὶ
1379 1601 1792 1672 ἀκολουθῆσαι
1819 1601 1997 1671 δυνή-

417 1696 624 1759 σεσθε,
653 1695 963 1761 παντελῶς
981 1695 1058 1765 τῇ
1081 1695 1261 1764 σαρκὶ
1279 1694 1792 1764 ἑνδεδεμένοι,’καὶ
1810 1691 2006 1764 μηδὲν

2109 523 2216 578 que
2249 511 2366 563 haec
2395 523 2424 562 ο
2456 506 2498 561 Τ
2503 507 2656 562 imam
2697 507 2861 560 verba
2893 505 3087 560 recitat
3120 523 3132 558 :
3164 506 3342 575 Hujus
3373 508 3688 561 universita-

2111 600 2179 653 tis
2208 599 2554 653 architectum
2591 615 2652 651 ac
2686 605 2892 666 patrem
2924 597 3155 651 invenire
3187 599 3416 668 difﬁcile,
3469 611 3515 654 et
3545 611 3689 669 post-

2110 707 2268 760 quam
2298 689 2560 743 inveneris
2605 699 2786 741 notum
2834 689 3076 742 omnibus
3123 688 3296 756 [acere
3341 691 3684 759 impossibile.

2110 778 2319 845 Quibus
2351 779 2576 850 adjicit:
2630 777 2828 832 Videtis
2858 780 3122 849 quomodo
3156 782 3348 834 divinis
3379 785 3503 837 viris
3538 801 3685 852 qud:-

2109 872 2211 924 sita
2246 871 2312 924 sit
2346 871 2584 924 veritatis
2615 871 2732 931 via,
2768 878 2816 924 et
2861 887 3020 938 quam
3066 871 3222 926 sciret
3256 870 3417 926 Plato
3449 875 3688 928 omnibus

2110 959 2209 1011 hac
2237 957 2318 1012 via
2347 958 2586 1011 incedere
2613 957 2957 1028 impossibile.
2994 958 3258 1025 Quoniam
3288 978 3409 1015 vero
3441 979 3502 1016 ea
3526 978 3687 1016 causa

2109 1046 2433 1115 sapientibus
2456 1048 2578 1101 viris
2608 1047 2816 1102 inventa
2836 1061 2932 1113 est,
2969 1062 3021 1104 ut
3047 1051 3282 1120 aliquam
3306 1053 3618 1105 inuontinati
3637 1063 3686 1106 et

2109 1139 2268 1206 primi
2294 1154 2600 1207 caperemus
2641 1141 2926 1203 notionem,
2951 1158 3068 1210 qua?
3102 1143 3178 1196 vel
3217 1144 3590 1220 compositione
3623 1161 3688 1197 ea:

2109 1230 2255 1297 aliis,
2307 1231 2382 1286 vel
2414 1233 2735 1288 resolutione
2775 1235 2840 1287 ab
2867 1236 3073 1301 iisdem,
3111 1237 3189 1290 vel
3219 1237 3470 1308 analogia
3512 1240 3685 1310 ipsum

2110 1331 2478 1389 reprwsentet;
2515 1323 2568 1374 id
2595 1324 2737 1392 quod
2773 1325 3007 1395 alioquin
3039 1336 3113 1380 est
3164 1330 3552 1398 inexplicabile,
3586 1336 3684 1387 do-

2109 1427 2222 1464 cere
2255 1410 2387 1476 volo,
2422 1413 2658 1469 mirabor
2701 1428 2875 1472 autem
2916 1420 2963 1472 si
2999 1420 3145 1489 sequi
3174 1423 3478 1489 potueritis,
3510 1432 3686 1492 utpote

2109 1504 2258 1557 carni
2288 1505 2490 1560 addicti
2524 1508 2757 1579 nihilque
2797 1527 2987 1579 purum
3022 1523 3311 1567 cernentes.
3346 1514 3546 1570 Fateor
3597 1533 3689 1572 su-

2108 1595 2329 1651 blimem
2361 1607 2526 1670 atque
2573 1601 2709 1656 adeo
2758 1603 3065 1656 mirandam
3111 1606 3255 1659 hanc
3288 1621 3407 1662 esse
3443 1606 3685 1664 Platonis

2107 1690 2459 1745 sententiam.
2495 1693 2564 1746 At
2602 1694 2723 1748 vide
2745 1709 2926 1749 annon
2957 1695 3144 1750 divina
3179 1696 3460 1766 Scriptura
3488 1716 3687 1770 suppe-

417 1786 686 1854 καθαρὸν
705 1787 1066 1853 βλέποντες.
1113 1787 1486 1858 Μεγαλοφυῶς
1523 1789 1621 1860 μὲν
1654 1789 1748 1842 καὶ
1781 1789 1881 1841 οὐκ
1915 1786 1996 1839 εύ-

2107 1777 2242 1832 ditet
2269 1780 2490 1848 majoris
2508 1782 2867 1840 humanitatis
2895 1797 3276 1856 argumentum
3298 1789 3348 1843 in
3371 1791 3482 1845 Deo
3501 1793 3682 1848 Verbo

415 1880 840 1951 καταφρονήτως
882 1879 980 1951 τὴν
1023 1880 1346 1952 ἐκκειμένην
1373 1880 1518 1945 λέξιν
1547 1881 1574 1932 6
1607 1880 1832 1933 Πλάτων
1863 1895 1999 1951 προ-

417 1970 665 2041 φέρεται’
699 1971 802 2040 ὅρα
834 1970 890 2023 δὲ
924 1971 972 2022 εἰ
1003 1970 1076 2040 μὴ
1102 1969 1606 2041 φιλανθρωπότερον
1632 1971 1660 2023 6
1681 1969 1822 2033 θεῖος
1843 1969 2002 2038 λόγος

416 2061 624 2130 εἰσάγει
655 2060 762 2114 τὸν
791 2063 862 2115 ἐν
905 2059 1064 2131 ἀρχῇ
1093 2061 1244 2130 πρὸς
1282 2061 1388 2116 τὸν
1426 2062 1594 2128 Θεὸν,
1631 2061 1781 2114 Θεὸν
1809 2063 2002 2131 Λόγον

415 2153 742 2223 γενόμενον
791 2151 901 2225 (96)
948 2153 1160 2224 σάρκα·
1217 2153 1304 2208 ἵνα
1341 2155 1420 2218 εἰς
1465 2154 1673 2218 πάντας
1717 2148 1998 2226 δυνατὸςῇ

417 2245 639 2314 φθάνειν
658 2247 686 2298 6
718 2244 894 2314 λόγος,
925 2243 984 2296 ὃν
1015 2245 1108 2297 καὶ
1140 2245 1231 2298 τὸν
1256 2244 1483 2315 εὑρόντα
1511 2245 1590 2308 είς
1633 2243 1842 2307 πάντας
1870 2243 1999 2296 ἁδύ-

412 2338 572 2393 νάτον
593 2338 771 2408 λέγειν
795 2338 958 2409 φησὶν
983 2341 1010 2392 6
1036 2338 1278 2394 Πλάτων.
1306 2338 1531 2392 Πλάτων
1555 2339 1651 2409 μὲν
1673 2335 1764 2391 οὖν
1793 2337 2001 2405 λεγέτω

409 2431 502 2485 τὸν
533 2431 764 2503 ποιητὴν
789 2432 884 2485 καὶ
910 2431 1122 2503 πατέρα
1147 2431 1300 2484 τοῦδε
1332 2429 1427 2484 τοῦ
1453 2431 1652 2494 παντὸς
1676 2429 1836 2502 ἔργον
1860 2425 2000 2483 εἶναι

410 2523 612 2594 εὑρεῖν,
641 2522 900 2576 ἀδύνατον
942 2521 1219 2592 ἐμφαίνων
1251 2522 1362 2593 (97)
1400 2518 1537 2575 εἶναι
1562 2525 1630 2593 τῇ
1675 2521 1996 2594 ἀνθρωπίνῃ

413 2615 572 2684 φύσει
601 2615 664 2669 τὸ
696 2616 878 2686 εὑρεῖν
920 2618 1038 2668 κατ’
1071 2614 1228 2679 ἀξίαν
1269 2615 1360 2668 τὸν
1393 2615 1558 2668 Θεόνο
1595 2615 1627 2686 ἢ
1668 2617 1716 2669 εἰ
1763 2615 1837 2687 μὴ
1873 2614 1996 2668 κατ’

412 2705 589 2773 ἀξίαν,
632 2707 746 2760 ἀλλ’
790 2708 884 2761 ἐπὶ
913 2707 1098 2761 πλεῖόν
1137 2724 1202 2776 γε
1249 2709 1343 2761 καὶ
1389 2707 1539 2780 παρὰ
1577 2708 1703 2771 τοὺς
1749 2707 1994 2773 πολλούς’

411 2799 571 2871 (ὅπερ
600 2801 649 2853 εί
674 2796 743 2872 ἦν
781 2800 999 2873 ἀληθὲς,
1033 2801 1128 2854 καὶ
1169 2800 1300 2865 Θεὸς
1347 2801 1467 2854 κατ’
1503 2800 1756 2872 ἀλήθειαν
1797 2801 1997 2872 εὕρητο

415 2895 684 2959 Πλάτωνι,
721 2895 888 2965 ἤτινι
932 2893 1039 2948 τῶν
1087 2894 1387 2964 Ἑλλήνων·
1423 2895 1522 2948 οὐκ
1559 2893 1686 2947 ἄλλο
1727 2912 1780 2948 τι
1812 2893 1997 2947 ἔσεϐον

410 2986 506 3040 κα)⁴
537 2986 670 3039 Θεὸν
699 2986 926 3040 ἐκάλουν
965 2986 1059 3038 καὶ
1101 2985 1492 3055 προσεκύνουν,
1532 2983 1652 3053 ἦτοι
1677 2983 1866 3037 τοῦτον
1893 3002 1996 3038 κα-

408 3078 746 3143 ταλιπόντες,
791 3078 824 3149 ἢ
859 3076 1495 3148 συμπαραλαμϐάνοντες
1521 3076 1629 3146 (98)
1660 3075 1728 3128 τά
1757 3076 1832 3146 μὴ
1859 3091 1997 3145 συμ-
2024 3117 2070 3177 C

414 3168 747 3239 παραληπτὰ
783 3166 862 3237 τῷ
902 3165 1205 3236 τηλικούτῳ
1244 3165 1362 3235 Θεῷ
1383 3165 1420 3235 ·)
1464 3166 1624 3235 ἡμεῖς
1654 3164 1712 3217 δὲ
1756 3165 1994 3232 ἀποφαι-

411 3259 636 3329 νόμεθα,
667 3259 749 3310 ὅτι
784 3259 885 3310 οὐκ
911 3256 1193 3327 αὐτάρκης
1219 3257 1253 3327 ἡ
1287 3256 1598 3328 ἀνθρωπίνη
1627 3255 1787 3323 φύσις
1813 3257 1996 3309 ὁπωσ-

413 3348 681 3404 ποτανοῧν
739 3349 971 3420 ζητῆσαι
1016 3348 1108 3401 τὸν
1147 3348 1300 3412 Θεὸν,
1342 3349 1436 3401 καὶ
1475 3349 1654 3418 εὑρεῖν
1693 3347 1855 3400 αὐτὸν
1899 3365 1998 3400 κα-

411 3441 616 3512 θαρῶς,
656 3439 730 3511 μὴ
775 3438 1098 3511 βοηθηθεῖσα
1141 3437 1248 3490 ὑπὸ
1284 3438 1378 3490 τοῦ
1419 3437 1753 3508 ζητουμένου
1782 3456 1794 3469 ·
1841 3439 1991 3508 εὑρι-

413 3533 680 3604 σκομένου
735 3534 848 3594 τοῖς
909 3529 1250 3601 ὁμολογοῦσι,
1309 3528 1447 3600 μετὰ
1501 3529 1562 3582 τὸ
1613 3529 1743 3598 παρ’
1801 3530 1996 3594 αὐτοὺς

409 3627 584 3680 ποιεῖν
610 3624 745 3696 (99),
795 3625 877 3677 ὅτι
906 3624 1115 3677 δέονται
1151 3621 1341 3685 αὐτοῦ,
1373 3620 1766 3691 ἐμφανίζοντος
1802 3619 1994 3672 ἑαυτὸν

407 3715 492 3785 οἷς
531 3719 597 3774 ἂν
627 3719 788 3792 κρίνῃ
815 3717 1035 3786 εὔλογον
1062 3711 1201 3769 εἶναι
1227 3713 1480 3785 ὀφθῆναι,
1509 3712 1585 3776 ὼς
1612 3711 1823 3780 πέφυκε
1862 3709 1995 3774 Θεὸς

414 3814 515 3883 μὲν
561 3811 834 3884 ἀνθρώπῳ
874 3809 1260 3880 γινώσκεσθαι,
1303 3805 1590 3876 ἀνθρώπου
1634 3803 1690 3858 δὲ
1726 3803 1872 3874 ψυχὴ
1915 3802 1996 3856 ἔτι

407 3900 544 3958 οὖσα
570 3905 627 3956 ἐν
658 3904 870 3974 σώματι
894 3901 1221 3971 γιγνώσκειν
1246 3900 1337 3954 τὸν
1360 3899 1491 3952 Θεόν

494 3995 652 4048 Ἀλλά
680 3996 775 4048 καὶ
805 3995 979 4064 λέγων
999 3996 1027 4046 ό
1054 3994 1300 4055 Πλάτων,
1331 3993 1412 4044 ὅτι
1433 3990 1525 4043 τὸν
1547 3989 1774 4060 εὑρόντα
1798 3987 1994 4040 ἀδύνα-

409 4084 500 4137 τόν
533 4084 680 4136 ἐστιν
712 4084 791 4146 είς
827 4083 1034 4145 πάντας
1059 4081 1239 4150 λέγειν
1271 4081 1364 4133 τὸν
1395 4080 1627 4150 ποιητὴν
1663 4080 1757 4133 καὶ
1781 4079 1993 4150 πατέρα

406 4176 502 4231 τοῦ
529 4176 749 4240 παντὸς,
772 4177 1008 4247 ἄρρητον
1040 4176 1135 4246 μὲν
1162 4175 1256 4226 και)¹
1279 4172 1717 4242 ἀκατονόμαστον
1743 4170 1804 4223 οὗ
1830 4188 1992 4240 φησιν

407 4268 572 4323 αὐτὸν
617 4263 778 4332 εἶναι,
829 4267 994 4337 ῥητὸν
1025 4265 1070 4318 δ’
1111 4265 1240 4318 ὄντα
1279 4266 1358 4329 εἰς
1393 4263 1584 4331 λόγους
1611 4263 1687 4333 (1)
1731 4261 1991 4316 δύνασθαι

421 4359 695 4429 λέγεσθαι.
750 4352 889 4424 Εἶθ’,
915 4356 1104 4429 ὥσπερ
1162 4355 1549 4425 ἐπιλαθόμενος
1595 4348 1670 4408 ὧν
1726 4353 1993 4425 παρέθετο

2107 1869 2250 1938 quod
2276 1884 2399 1924 cum
2433 1883 2581 1928 esset
2610 1880 2754 1944 apud
2785 1876 2950 1930 Deum
2974 1879 3030 1932 in
3071 1881 3352 1950 principio,
3387 1881 3586 1950 factum
3612 1896 3685 1939 est

2107 1975 2271 2026 caro;
2303 1971 2360 2016 ut
2396 1965 2462 2018 ad
2494 1979 2686 2021 omnes
2737 1971 3030 2038 pervenire
3062 1981 3249 2041 posset
3284 1972 3373 2026 illa
3415 1975 3684 2037 doctrina.

2106 2067 2268 2121 quam
2302 2055 2394 2127 qui
2430 2055 2700 2112 invenerit
2733 2061 2989 2116 omnibus
3013 2074 3194 2116 notam
3221 2063 3400 2119 facere
3425 2063 3577 2121 Plato
3611 2071 3687 2123 ait

2107 2140 2460 2211 impossibile.
2495 2145 2650 2202 Plato
2686 2148 2856 2220 igitur
2886 2152 3030 2206 dicat
3055 2164 3358 2211 creatorem
3387 2165 3441 2211 et
3473 2167 3684 2226 patrem

2109 2232 2270 2302 hujus
2303 2237 2541 2292 universi
2581 2238 2801 2295 inventu
2846 2258 2967 2299 esse
2993 2244 3285 2310 difﬁcilem,
3312 2247 3542 2304 innuens
3570 2250 3686 2304 ﬂeri

2106 2341 2284 2398 posse,
2326 2339 2383 2384 ut
2424 2331 2659 2385 humana
2693 2342 2890 2387 natura
2933 2334 3100 2390 Deum
3142 2352 3241 2406 pro
3275 2337 3390 2406 ejus
3421 2340 3685 2410 dignitate

2107 2420 2382 2486 inveniat;
2418 2423 2501 2476 sin
2535 2424 2735 2490 minus,
2783 2425 2975 2480 saltem
3013 2440 3071 2481 ut
3112 2432 3342 2483 multum
3375 2433 3600 2487 accedat
3628 2443 3686 2488 et

2103 2510 2264 2581 vulgo
2297 2511 2594 2581 perfectius
2621 2528 2920 2586 cognoscat
2949 2519 3112 2590 (quod
3150 2532 3328 2578 tamen
3351 2525 3393 2578 si
3415 2526 3487 2579 ita
3515 2538 3682 2592 esset,

2102 2601 2255 2671 sique
2280 2604 2424 2660 Deus
2449 2621 2477 2659 a
2506 2605 2736 2664 Platone
2773 2619 2868 2665 aut
2915 2627 2944 2664 a
2982 2613 3227 2680 quolibet
3250 2630 3280 2671 e
3306 2615 3513 2673 Graecis
3554 2634 3687 2677 vere

2101 2692 2302 2748 fuisset
2324 2695 2599 2763 inventus,
2627 2716 2734 2754 non
2754 2699 2897 2755 aliud
2917 2703 3045 2772 quid
3063 2705 3380 2776 coluissent,
3397 2725 3498 2764 non
3514 2711 3683 2766 alium

2103 2798 2388 2842 vocassent
2436 2800 2491 2844 et
2529 2793 2849 2850 adorassent
2889 2796 3082 2864 Deum,
3116 2797 3267 2852 illum
3296 2800 3679 2871 relinquendo,

2100 2878 2185 2933 vel
2215 2894 2336 2934 cum
2363 2881 2454 2936 illo
2478 2883 2639 2954 725
2673 2889 3039 2943 consociando
3077 2905 3186 2956 res,
3218 2906 3339 2962 quae
3378 2909 3502 2949 cum
3531 2903 3682 2951 tanto

2101 2969 2212 3025 Deo
2241 2975 2550 3029 consociari
2588 2991 2697 3030 non
2752 2982 3068 3050 poterant);
3110 2997 3209 3038 nos
3239 2991 3418 3038 autem
3444 2985 3683 3041 affirma-

2102 3076 2222 3117 mus
2253 3064 2420 3118 Deum
2448 3080 2477 3119 a
2514 3076 2705 3122 natura
2740 3070 2976 3125 humana
3013 3073 3160 3128 nullo
3194 3076 3353 3130 modo
3389 3079 3556 3146 qumri
3588 3090 3680 3133 aut

2101 3172 2238 3228 pure
2268 3158 2498 3211 inveniri
2528 3173 2711 3228 posse,
2741 3160 2843 3214 nisi
2869 3161 3158 3231 adjuvetur
3179 3165 3248 3219 ab
3270 3155 3336 3221 eo
3360 3182 3518 3236 quem
3543 3183 3686 3239 quae-
3755 3215 3763 3219 .

2100 3250 2194 3313 rit,
2224 3249 2428 3318 quique
2466 3249 2743 3306 invenitur
2772 3252 2860 3319 iis,
2892 3253 2984 3322 qui
3024 3263 3308 3325 postquam
3337 3259 3596 3328 quidquid
3626 3263 3681 3316 in

2100 3355 2161 3396 se
2187 3348 2271 3395 est
2293 3338 2566 3404 fecerunt,
2617 3355 2677 3395 se
2705 3341 2798 3396 illo
2831 3358 2968 3414 Opus
3001 3346 3206 3402 habere
3238 3350 3564 3406 confitentur
3586 3354 3681 3423 qui

2101 3447 2160 3488 se
2187 3441 2376 3487 notum
2404 3431 2536 3488 facit
2561 3433 2650 3500 iis,
2683 3449 2714 3488 a
2744 3436 2944 3504 quibus
2971 3453 3184 3508 aequum
3207 3439 3420 3509 judicat
3450 3446 3680 3500 sevide-

2101 3527 2170 3590 ri,
2207 3533 2470 3594 quantum
2525 3524 2670 3580 Deus
2702 3525 2772 3580 ab
2819 3527 3040 3585 homine
3093 3535 3374 3601 cognosci,
3408 3545 3677 3604 quantum

2101 3619 2338 3672 humana
2371 3617 2552 3670 anima
2574 3617 2755 3672 adhuc
2783 3621 3000 3690 corpori
3030 3624 3247 3696 alligata
3278 3625 3443 3682 Deum
3475 3641 3678 3696 cognoo

2098 3725 2252 3766 scere
2293 3720 2486 3780 potest.

2166 3971 2258 4028 45.
2305 3971 2576 4028 Praeterea
2624 3986 2746 4028 cum
2791 3973 2867 4028 ait
2915 3975 3087 4040 Plato,
3125 3977 3238 4032 ﬁeri
3275 3994 3382 4034 non
3425 3996 3588 4050 posse
3613 3992 3676 4036 ut

2097 4064 2189 4134 qui
2231 4058 2585 4119 conditorem
2618 4073 2938 4136 patremque
2971 4067 3128 4137 hujus
3157 4070 3393 4125 universi
3445 4073 3672 4137 invenit,

2097 4156 2163 4210 de
2185 4171 2250 4210 eo
2269 4169 2578 4210 sermonem
2597 4157 3004 4212 accommodate
3033 4160 3098 4213 ad
3123 4173 3313 4214 omnes
3338 4161 3534 4227 faciat;
3556 4164 3675 4232 ejus

2091 4262 2205 4302 non
2260 4256 2341 4302 est
2383 4248 2680 4315 sententia,
2717 4249 2885 4304 Deum
2939 4265 3129 4304 revera
3175 4267 3297 4307 esse
3341 4253 3670 4310 ineffabilem

2097 4354 2196 4395 nec
2219 4339 2337 4408 ejus
2378 4356 2576 4396 nomen
2604 4342 2708 4396 dici
2741 4357 2922 4412 posse,
2969 4344 3063 4398 sed
3094 4359 3298 4414 paucos
3332 4361 3453 4402 esse
3485 4363 3672 4420 coram

412 4452 698 4516 Πλάτωνος
743 4450 962 4516 λέξεων,
1011 4453 1043 4504 ὁ
1095 4449 1301 4512 Κέλσος
1349 4447 1514 4518 φησὶν
1550 4445 1989 4514 ἀκατονόμαστον

2106 4437 2299 4503 quibus
2337 4434 2406 4489 de
2436 4448 2501 4488 eo
2529 4433 2635 4488 dici
2659 4435 2852 4501 possit.
2879 4435 3082 4492 Deinde
3111 4436 3322 4501 Celsus,
3345 4440 3498 4508 quasi
3530 4440 3672 4494 obli-

404 4540 542 4599 εἶναι
571 4544 702 4598 Θεὸν
735 4543 968 4606 τούτοις,
1000 4540 1207 4609 ἐπειδὴ
1264 4539 1333 4593 δὲ
1375 4540 1588 4592 τούτου
1619 4536 1795 4606 χάριν
1814 4535 1994 4604 ἐξηύ-

2106 4536 2188 4582 tus
2219 4526 2510 4581 verborum
2561 4540 2684 4595 quae
2734 4539 2764 4580 e
2811 4525 3042 4582 Platone
3095 4529 3421 4595 adduxerat,
3474 4532 3672 4594 asserit

402 4651 573 4704 ρηται
611 4634 824 4705 σοφοῖς
865 4631 1184 4700 ἀνδράσιν,
1229 4631 1310 4696 ὡς
1357 4627 1433 4682 ἂν
1473 4625 1579 4680 τοῦ
1621 4621 1990 4692 ἀκατονομά-

405 4743 553 4782 στου
585 4725 683 4780 καὶ
719 4723 952 4794 πρώτου
977 4721 1264 4790 λάϐωμέν
1293 4735 1426 4773 τινα
1457 4716 1749 4769 ἐπίνοιαν·
1799 4715 1991 4783 Ἡμεῖς

487 4909 594 4979 (9‘2)
627 4907 1006 4978 Πραγμάτων.
1059 4903 1254 4959 Guieto
1281 4901 1498 4956 videtur
1527 4895 1870 4952 scribendum
1905 4892 1984 4945 δο-

491 4979 654 5034 άτων.

408 4994 654 5049 γματων.

481 5049 588 5116 (95)
619 5049 876 5116 Τιμαίου.
915 5044 1068 5116 Plato
1094 5045 1145 5096 in
1180 5040 1397 5116 Timtgo,
1427 5037 1661 5116 pagaQS.

501 5050 588 5111 95)
619 5050 876 5116 Τιμαίου.
915 5050 1068 5099 Plato
1094 5050 1145 5096 in
1180 5050 1397 5102 't'ima‘o,
1427 5054 1548 5108 pag.
1571 5050 1661 5092 28.

481 5050 596 5190 (91)
625 5116 979 5190 Hmschclius
1019 5115 1070 5168 in
1100 5123 1268 5175 textu,
1307 5110 1518 5179 ζητεῖτε
1545 5107 1866 5178 θεοπρόποις
1888 5104 1982 5156 καὶ

405 5184 665 5259 ἀληθείας
689 5184 1034 5259 ῥδοῖςηῃοίρ.
1108 5251 1140 5259 __
1256 5250 1270 5259 κ
1345 5251 1357 5259 _
1448 5249 1524 5259 Μ
1753 5242 1858 5259 ,Μ

480 5241 590 5331 (95)
628 5241 849 5331 gelati;
894 5249 1721 5331 licherellus'legitkgélguaav‘

409 5313 752 5398 θαῦμάσαιμι
781 5322 1075 5398 b'tv,_del_eta
1113 5313 1372 5398 particula
1516 5318 1732 5398 .Maﬂvult
1757 5313 1982 5398 Guietus

405 5384 781 5460 θέλουσιν,ἰιι
825 5384 892 5446 ad
938 5391 998 5443 τὸ
1044 5384 1494 5460 σοφοῖςγάνδράσι
1538 5387 1827 5442 referatur.
1868 5384 1980 5452 Ego

411 5486 508 5539 pro
535 5459 702 5539 θέλων
719 5466 852 5539 lego_
863 5461 1022 5539 θέλω,
1040 5473 1095 5516 et
1115 5459 1259 5539 inihi!
1288 5459 1432 5539 aliud
1460 5469 1627 5539 muto.

483 5521 594 5608 (96)
623 5521 800 5608 Codd:
818 5521 1017 5602 Regius
1038 5541 1094 5586 et
1114 5531 1460 5596 Basilecnsis,
1487 5526 1794 5598 γενόμενον.
1822 5521 1977 5578 Lihb.

406 5606 560 5671 edi—ti,
586 5606 888 5671 γινόμενον.

480 5625 560 5671 ιιι,
586 5625 888 5728 γινοὲιενον.
1945 5664 1958 5677 ο

479 5678 588 5751 (97)
629 5678 687 5729 ’A
714 5676 954 5751 _‘t§V(ltC‘tf
980 5670 1302 5741 ἐμφαίνων.
1364 5669 1566 5727 Sensus
1591 5665 1864 5738 postulare
1910 5681 1982 5719 Vl-

409 5743 580 5807 detut'
597 5757 654 5804 ut
675 5746 775 5799 οὐκ
801 5743 1130 5811 prictigatur.

711 5843 981 5903 Pn‘nOL.
1027 5838 1143 5899 Gn.
1175 5838 1288 5900 X1.

2099 4619 2266 4672 Deum
2305 4617 2423 4672 istis
2454 4615 2788 4671 ineffabilem
2823 4631 2962 4672 esse.
2993 4618 3255 4682 Quoniam
3280 4636 3420 4684 vero,
3470 4620 3668 4691 inquit,

2099 4718 2379 4780 praeterea
2427 4708 2635 4762 inventa
2675 4716 2749 4760 est
2793 4708 2920 4762 viris
2957 4708 3308 4776 sapientibus,
3349 4719 3402 4762 ut
3438 4709 3670 4779 aliquam

2161 4890 2272 4963 (98)
2303 4892 2380 4945 Ἦ
2405 4888 3117 4963 συμπαραλαμϐάνοντες.
3138 4888 3216 4963 _Si
3253 4899 3404 4946 vetus
3432 4892 3669 4948 retinea-

2094 4957 2180 5019 tur
2208 4957 2624 5028 interpungendi
2656 4957 2812 5023 ratio,
2847 4971 2899 5012 et
2927 4968 3047 5026 post
3072 4957 3260 5014 τοῦτον
3290 4974 3526 5028 ponatur
3558 4964 3669 5017 vir-

2089 5033 2232 5105 gula,
2285 5029 2870 5105 subaudiendunrerit
2919 5029 3142 5105 μᾶλλον-
3169 5040 3286 5105 post
3310 5032 3472 5105 1),_ni
3507 5032 3666 5105 malis

2090 5099 2246 5175 pro!)
2299 5101 2471 5175 legere
2496 5099 2556 5175 οὐ
2637 5099 3043 5175 lbi_tlem‘m_ss.L
3075 5099 3153 5175 τῷ
3176 5099 3660 5175 τηλικούτῳ-Θεῷ.

2088 5167 2246 5227 Ῐιίιιιιζ
2278 5173 2431 5232 editi,
2468 5167 2549 5239 τῷ
2578 5167 2799 5238 τοιούτῳ
2827 5169 2965 5238 Θεῷ.
3011 5167 3175 5222 Paulo
3204 5167 3517 5239 p'ost_codd.
3556 5167 3663 5222 ne-

2087 5245 2205 5310 gius
2230 5251 2281 5295 et
2310 5237 2661 5310 Busileensis1
2684 5237 2844 5308 φύσις
2865 5237 3305 5293 ὁπωσποτανοῦν.
3333 5237 3659 5297 Libb.editi.

2087 5305 2245 5382 φύσις
2276 5312 2423 5374 ὅπως
2454 5311 2569 5362 ποτ’
2603 5305 2716 5365 οὖνζ

2157 5405 2264 5476 (99)
2293 5403 2451 5476 Μετὰ
2472 5403 2538 5458 τὸ
2562 5404 2698 5472 παρ’
2723 5401 2945 5476 αὐτοὺς
2971 5398 3180 5476 ποιεῖν.
3223 5399 3537 5476 Boherellus
3564 5418 3662 5473 pro

2087 5471 2215 5547 παρ’
2243 5471 2437 5537 αὐτούς
2467 5471 2769 5547 ευειιίςιιιιιι·
2801 5471 3080 5547 legendum
3117 5471 3267 5547 forte
3295 5475 3422 5547 παρ’
3453 5471 3658 5540 αὐτοῖς,

2085 5539 2312 5603 Guietus
2347 5555 2527 5600 autem
2563 5539 2716 5612 legit,
2747 5541 2885 5610 μετά
2935 5540 3000 5593 τὸ
3038 5539 3159 5593 καθ’
3186 5539 3414 5606 ἑαυτοὺς
3461 5539 3654 5601 ποιεῖν.

2156 5659 2232 5730 (1)
2269 5661 2373 5724 Είς
2398 5648 2642 5733 λόγορς.
2665 5652 2825 5733 _Lego
2853 5669 2974 5707 cum
3005 5653 3288 5733 Boherello
3315 5658 3663 5733 sigbklyoug,

2087 5743 2146 5786 ιη
2166 5724 2477 5800 ’θίΨυηδῑυΐ
2503 5724 2600 5794 τῷν
2632 5726 2710 5786 εἰς
2743 5725 2968 5788 πάντας,
2997 5728 3138 5795 quod
3169 5729 3466 5796 prmcessit.

3287 5821 3356 5879 (t7
