3972 6160
393 280 531 336 1183

1855 286 2183 346 OBlGENlS

3498 294 3520 345 1
3532 293 3642 349 484

391 395 708 451 innominati
740 406 789 453 et
821 399 976 466 primi
1007 416 1304 468 caperemus
1327 403 1611 458 nationem.
1643 403 1712 458 At
1741 421 1838 461 nos
1857 423 1950 462 non

2063 409 2119 462 δὲ
2143 409 2202 460 οὐ
2247 408 2405 478 μόνον
2434 406 2523 460 τὸν
2551 373 2681 461 Θεὸν
2717 408 2954 481 ἄρρητον
2985 404 3121 462 εἷναί
3151 425 3353 480 φαμεν,
3381 411 3516 465 ἀλλὰ
3545 414 3645 468 καὶ

396 490 559 545 modo
588 490 757 545 Deum
800 491 1124 546 ineffabilem
1169 506 1289 548 esse
1325 507 1633 560 censemus,
1670 497 1763 552 sed
1794 499 1960 554 etiam

395 579 499 632 alia
527 595 646 649 qua:
680 580 1084 649 ipso'iul'eriora
1107 592 1255 636 sunt.
1287 583 1410 638 llaec
1438 583 1634 640 Paulus
1656 587 1962 656 exprimere

393 682 624 726 conatus
651 681 732 727 est
777 673 860 727 his
900 673 1082 728 verbis
1117 690 1130 727 :
1162 673 1354 729 'Audivi
1392 693 1588 730 arcana
1625 679 1796 745 verba,
1844 698 1960 744 qua:

394 779 500 815 non
539 762 651 814 licet
694 761 895 816 homini
940 764 1082 833 loqui
1115 765 1196 832 ’9;
1232 767 1322 820 ubi
1355 767 1542 822 audire
1575 767 1715 822 idem
1761 778 1845 824 est
1897 786 1960 826 ac

393 850 706 921 intelligere,
735 852 1191 919 quemadmodum
1237 854 1290 907 in
1342 856 1442 910 hoc
1472 856 1634 912 loco:
1669 857 1774 923 Qui
1806 859 1955 914 habet

391 959 545 998 aures
569 944 842 1011 audiendi,
875 946 1057 998 audiat
1087 945 1156 1000 θ’.
1188 945 1426 1004 Dicimus
1453 950 1618 1003 etiam
1645 966 1742 1006 nos
1775 951 1959 1008 videre

391 1037 726 1090 conditorem
757 1046 811 1089 et
851 1045 1060 1106 patrem
1088 1034 1249 1104 hujus
1294 1037 1530 1094 universi
1563 1053 1683 1095 esse
1721 1041 1956 1099 diﬂicile.

391 1127 620 1183 Videtur
645 1136 845 1193 tamen,
871 1129 1012 1196 quod
1035 1127 1226 1198 probat
1259 1143 1364 1183 non
1393 1130 1563 1185 solum
1589 1131 1731 1186 istud
1765 1149 1779 1186 :
1805 1131 1958 1187 Beati

389 1220 585 1274 mundo
631 1219 816 1285 corde,
856 1221 1105 1290 quoniam
1139 1221 1239 1287 ipsi
1287 1220 1454 1274 Deum
1499 1223 1738 1276 videbunt
1781 1225 1830 1289 ¹;
1866 1224 1957 1278 sed

389 1312 554 1365 etiam
587 1311 688 1365 hoc
735 1311 803 1364 ab
832 1311 1062 1379 imagine
1093 1310 1376 1364 invisibilis
1405 1311 1499 1364 Dei
1529 1311 1733 1366 dictum
1767 1315 1811 1367 '.
1853 1312 1958 1379 Qui

389 1404 515 1457 vidit
545 1420 652 1469 me,
702 1403 828 1456 vidit
859 1412 905 1456 et
950 1403 1162 1456 Patrem
1193 1404 1284 1472 qui
1327 1420 1406 1458 me
1450 1404 1591 1457 misit
1624 1403 1662 1456 ³.
1705 1404 1778 1458 lbi
1811 1405 1954 1458 enim

389 1510 548 1549 nemo
574 1509 706 1548 sana
740 1504 920 1548 mente
959 1493 1157 1548 dixerit
1201 1491 1383 1548 Jesum
1409 1494 1474 1547 ad
1506 1494 1765 1548 sensibile
1800 1510 1956 1548 suum

387 1597 442 1641 et
471 1586 782 1642 hominibus
824 1585 1176 1654 conspicuum
1229 1600 1428 1656 corpus
1481 1586 1763 1641 retulisse
1790 1587 1906 1642 haec
1940 1603 1951 1635 :

390 1677 495 1742 Qui
527 1679 656 1732 vidit
686 1694 786 1741 me,
818 1678 943 1730 vidit
961 1687 1006 1730 et
1031 1675 1244 1731 Patrem
1273 1678 1360 1748 qui
1394 1678 1668 1752 me_misit.
1700 1677 1956 1746 Alioquin

2062 498 2223 569 ἕτερα
2258 497 2366 552 τῶν
2415 500 2529 568 μετ’
2564 499 2758 552 αὐτόν’
2806 499 2950 569 ἅπερ
2987 498 3315 569 βιασάμενος
3359 501 3387 551 6
3426 501 3643 566 Παῦλος

2065 593 2303 663 σημῆναί
2347 610 2477 662 φησι
2517 593 2599 658 τὸ,
2631 595 2903 647 ’Ἤκουσα
2942 592 3166 660 ἄρρητα
3188 593 3450 663 ῥήματα,
3471 595 3640 649 dein:

2060 683 2206 748 ἐξὸν
2251 684 2541 753 ἀνθρώπῳ
2595 684 2884 753 λαλῆσαι,
2925 684 3003 755 τῷ
3047 685 3317 753 ἤκουσεν
3367 687 3489 739 ἀντὶ
3539 687 3638 740 τοῦ

2062 772 2297 841 συνῆκε
2346 774 2711 843 χρησάμενος,
2765 772 3022 841 ἀνάλογον
3069 772 3166 843 τῷ,
3233 774 3286 824 '0
3313 773 3467 840 ἔχων
3515 768 3640 826 ὦτα

2059 864 2301 917 ἀκούειν
2337 863 2618 918 ἀκουέτω.
2652 864 2753 917 Τὸν
2781 865 3006 935 ποιητὴν
3036 865 3099 934 δὴ
3133 866 3234 918 καὶ
3278 865 3498 935 Πατέρα
3539 865 3639 917 τοῦ

2063 957 2262 1019 παντὸς
2293 957 2455 1026 ἡμεῖς
2497 973 2674 1025 φαμεν
2704 954 2863 1025 ἔργον
2897 955 3041 1008 ἰδεῖν.
3073 955 3335 1008 Βλέπεται
3361 955 3417 1008 δὲ
3443 956 3502 1008 οὐ
3537 956 3635 1026 μό-

2058 1064 2148 1100 νον
2178 1047 2318 1100 κατὰ
2371 1048 2452 1110 τὸ,
2489 1046 2775 1114 Μακάριοι
2808 1049 2862 1100 οἱ
2895 1046 3140 1114 καθαροί
3170 1046 3244 1114 τῇ
3272 1047 3504 1115 καρδίᾳ,
3546 1047 3636 1100 ὅτι

2059 1138 2225 1191 αὐτοὶ
2259 1139 2366 1192 τὸν
2405 1139 2552 1192 Θεὸν
2583 1139 2832 1207 ὄψονται
2853 1156 2864 1168 ·
2903 1137 3038 1190 ἀλλὰ
3080 1139 3172 1190 καὶ
3215 1137 3357 1190 κατὰ
3389 1139 3450 1190 τὸ
3481 1139 3636 1207 λεγό-

2063 1245 2220 1300 μενον
2243 1230 2464 1300 ὑπὸτῆς
2502 1230 2706 1293 εἰκόνος
2749 1227 2842 1282 τοῦ
2883 1228 3114 1300 ἀοράτου
3150 1228 3284 1282 Θεοῦ
3326 1231 3383 1281 ἐν
3419 1229 3518 1300 τῷ,
3569 1230 3635 1282 '0

2058 1322 2326 1390 ἑωρακὼς
2359 1322 2464 1392 ἐμὲ
2507 1323 2730 1390 ἑώρακε
2755 1321 2860 1375 τὸν
2897 1321 3127 1388 Πατέρα
3169 1321 3274 1374 τὸν
3313 1320 3636 1390 πέμψαντὰ

2052 1432 2148 1484 με.
2187 1415 2272 1467 Ἑν
2293 1414 2500 1476 τούτοις
2526 1414 2634 1485 γὰρ
2657 1412 2831 1476 οὐδεὶς
2871 1413 2936 1466 ἂν
2973 1412 3096 1464 νοῦν
3123 1413 3260 1481 ἔχων
3286 1413 3525 1483 φήσειεν,
3551 1415 3634 1466 ὅτι

2058 1503 2344 1573 ἀναφέρων
2376 1501 2550 1554 ταῦτα
2579 1505 2607 1554 6
2648 1500 2852 1571 Ἰησοῦς
2873 1501 2965 1553 ἐπὶ
2989 1501 3048 1552 τὸ
3071 1501 3325 1570 αἰσθητὸν
3349 1501 3513 1554 αὐτοῦ
3539 1502 3636 1555 καὶ

2060 1594 2387 1665 βλεπόμενον
2424 1596 2533 1656 τοῖς
2571 1591 2876 1662 ἀνθρώποις
2905 1591 3061 1662 σῶμα
3091 1589 3210 1645 εἷπε
3240 1591 3323 1656 τὸ,
3369 1593 3431 1646 '0
3455 1595 3634 1662 ἑωρα-

2057 1685 2176 1750 κὼς
2211 1684 2314 1753 ἐμὲ
2353 1684 2569 1750 ἑώρακε
2606 1682 2709 1735 τὸν
2743 1681 2972 1750 Πατέρα
3016 1683 3122 1735 τὸν
3159 1682 3477 1752 πέμψαντά
3512 1700 3590 1752 με
3611 1699 3628 1714 ⁸

388 1781 444 1824 et
477 1769 566 1838 qui
590 1768 896 1823 clamabant
928 1783 938 1816 ε
979 1767 1261 1838 Cruciﬁge,
1301 1768 1545 1838 cruciﬁge
1569 1785 1688 1822 eum
1704 1769 1751 1838 ⁸,
1785 1781 1838 1825 et
1865 1771 1950 1826 Pi-

2059 1775 2270 1828 ἐσονται
2293 1774 2404 1844 γὰρ
2436 1773 2575 1826 κατὰ
2600 1773 2757 1825 τοῦτο
2796 1772 3102 1843 ἑωρακότες
3133 1773 3223 1826 τὸν
3257 1773 3474 1845 Πατέρα
3499 1773 3632 1826 Θεὸν

389 1863 531 1916 latus
580 1861 672 1930 qui
719 1868 1044 1931 potestatem
1091 1861 1143 1915 in
1199 1861 1490 1915 humanam
1537 1862 1658 1930 ejus
1705 1872 1955 1918 naturam

387 1962 691 2024 acceperat,
719 1953 887 2007 Deum
911 1951 1130 2006 Patrem
1158 1952 1453 2018 vidissent;
1486 1955 1632 2022 quod
1659 1955 1954 2011 absurdmn

385 2055 490 2101 est.
529 2044 733 2099 Deinde
764 2043 906 2098 istud
932 2058 943 2091 :
980 2041 1082 2108 Qui
1115 2043 1242 2097 vidit
1267 2059 1369 2108 me,
1395 2045 1523 2099 vidit
1556 2055 1603 2099 et
1632 2043 1845 2100 Patrem
1868 2047 1956 2117 qui

384 2153 467 2191 me
497 2136 697 2199 misit',
730 2153 834 2190 non
853 2151 973 2192 esse
1001 2137 1286 2205 vulgatiori
1313 2152 1476 2192 sensu
1503 2138 1952 2210 intelligendum,

387 2227 567 2296 palam
595 2242 658 2280 ex
689 2241 754 2281 eo
783 2235 888 2292 est,
917 2227 1058 2297 quod
1083 2227 1333 2296 Philippo
1363 2227 1568 2282 dictum
1601 2227 1700 2283 fuit
1729 2247 1740 2281 :
1787 2227 1954 2281 Tanto

387 2331 615 2391 tempore
638 2323 903 2376 vobiscum
937 2339 1072 2388 sum,
1116 2333 1164 2376 et
1211 2338 1314 2376 non
1358 2322 1644 2392 cognovisti
1695 2338 1796 2386 me,
1825 2320 1955 2375 Plii-

386 2415 525 2486 tippe
557 2415 622 2468 '1'
647 2416 788 2485 quod
834 2415 912 2470 illi
945 2415 1148 2470 dictum
1182 2425 1285 2478 est,
1327 2423 1611 2481 postquam
1645 2412 1955 2482 postulave-

387 2519 474 2561 rat
495 2515 550 2562 et
575 2506 828 2563 dixerat:
871 2504 1100 2560 Ostende
1123 2505 1269 2558 nobis
1303 2502 1540 2566 Patrem,
1574 2513 1623 2557 et
1651 2504 1833 2572 sufficit
1861 2520 1955 2558 no—

385 2601 524 2654 bis".
559 2597 814 2668 Quisquis
843 2598 1008 2669 igitur
1058 2598 1270 2651 noverit
1297 2597 1569 2664 quomodo
1609 2595 1712 2650 ista
1740 2596 1904 2650 verba
1933 2612 1948 2649 :

393 2690 620 2746 Verbum
648 2707 770 2744 caro
802 2690 999 2759 factum
1025 2698 1101 2743 est
1125 2689 1172 2755 ⁸,
1202 2687 1546 2757 intelligenda
1591 2689 1704 2743 sint
1733 2689 1800 2744 de
1827 2690 1951 2743 uni-

385 2781 569 2852 genito
600 2780 691 2835 Dei
730 2779 870 2834 Filio
899 2778 1032 2846 Deo,
1069 2779 1430 2850 primogenita
1453 2781 1629 2834 omnis
1649 2788 1910 2835 creaturas
1935 2799 1948 2844 ;

386 2873 476 2928 ille
507 2871 671 2926 etiam
703 2871 842 2926 sciet
876 2871 1149 2939 quomodo
1178 2871 1269 2940 qui
1310 2871 1505 2925 viderit
1536 2869 1821 2926 invisibilis
1857 2869 1952 2924 Dei

387 2965 704 3032 imaginem,
734 2963 779 3017 is
806 2961 971 3032 hujus
995 2962 1234 3018 universi
1269 2963 1606 3018 conditorem
1652 2970 1708 3016 et
1736 2969 1950 3031 patrem

385 3065 698 3127 cognoscet.

2064 1869 2158 1922 καὶ
2198 1867 2395 1929 πάντες
2418 1867 2466 1918 οἱ
2517 1865 2783 1932 λέγοντες.
2810 1865 3102 1932 Σταύρου,
3126 1865 3391 1932 σταύρου
3424 1866 3630 1930 αὐτόν,

2064 1960 2157 2013 καὶ
2192 1961 2220 2012 6
2253 1958 2500 2024 ἐξουσίαν
2543 1956 2684 2009 κατὰ
2717 1956 2812 2009 τοῦ
2849 1956 3186 2029 ἀνθρωπίνου
3229 1956 3394 2010 αὐτοῦ
3423 1957 3502 2027 (2)
3533 1960 3632 2010 Πι-

2062 2049 2220 2113 λάτος
2251 2047 2428 2101 λαϐών
2447 2063 2460 2078 τ
2485 2047 2620 2119 ὅπερ
2649 2047 2794 2100 ἐστὶν
2827 2047 3043 2101 ἄτοπον.
3076 2048 3194 2100 ’Ότι
3240 2047 3298 2100 δέ
3321 2043 3404 2111 τὸ,
3443 2048 3495 2099 '0
3521 2048 3629 2101 ἐωο

2055 2141 2256 2211 ρακὼς
2290 2141 2394 2212 ἐμὲ
2416 2139 2636 2210 ἑώρακε
2667 2141 2773 2194 τὸν
2797 2138 3026 2207 Πατέρα
3052 2139 3155 2192 τὸν·
3181 2138 3501 2208 πέμψαντὰ
3527 2156 3626 2208 με,

2061 2236 2160 2288 οὐκ
2200 2235 2291 2287 ἐπὶ
2330 2233 2428 2305 τὴν
2473 2233 2784 2303 κοινοτέραν
2821 2232 3044 2302 ἐκδοχὴν
3075 2231 3433 2302 ἀναφέρεται·
3471 2231 3626 2300 δῆλον

2061 2328 2125 2380 ἐκ
2149 2325 2242 2379 τοῦ
2269 2325 2516 2397 εἰρῆσθαι
2548 2323 2624 2394 τῷ
2650 2322 3478 2392 Φιλίππῳο’Τοσοῦτοιίχρόνον
3497 2322 3623 2390 μεθ’

2058 2415 2226 2488 ὑμῶν
2252 2419 2402 2486 εἰμι,
2439 2416 2537 2470 καὶ
2570 2417 2680 2469 οὐκ
2726 2413 2994 2484 ἔγνωκάς
3012 2430 3108 2482 με,
3147 2414 3442 2476 Φί.1ιππε;
3471 2411 3624 2465 τοῦτο

2057 2509 2103 2564 δ’
2162 2511 2381 2580 εἴρηκεν
2439 2506 2585 2577 αὐτῷ
2633 2505 2924 2570 ἀξιώσαντι
2983 2504 3076 2556 καὶ
3109 2503 3315 2572 λέγοντι
3341 2519 3360 2537 ο
3421 2503 3625 2568 Δεῖξον

2059 2600 2203 2670 ἡμῖν
2239 2600 2346 2653 τὸν
2375 2599 2623 2668 Πατέρα,
2667 2599 2764 2652 καὶ
2799 2597 2972 2666 ἀρκεῖ
2995 2596 3155 2666 ἡμῖν.
3182 2598 3401 2667 Νοήσας
3425 2615 3507 2660 τις
3533 2593 3626 2650 οὖν

2059 2692 2176 2756 πῶς
2198 2693 2279 2744 δεῖ
2303 2691 2518 2745 ἀκούειν
2545 2691 2673 2760 περὶ
2695 2689 3016 2760 μονογενοῦς
3040 2687 3173 2741 Θεοῦ
3201 2688 3329 2741 Υἰοῦ
3355 2688 3448 2742 τοῦ
3465 2687 3618 2752 Θεοῦ,

2057 2783 2150 2836 τοῦ
2180 2783 2519 2855 πρωτοτόκου
2556 2781 2733 2852 πάσης
2763 2780 3006 2844 κτίσεως,
3047 2781 3232 2834 καθότι
3273 2782 3300 2832 6
3336 2780 3493 2849 λόγος
3531 2781 3620 2848 γέ-

2057 2889 2179 2944 γονε
2205 2871 2361 2942 σὰρξ,
2389 2872 2573 2941 ὄψεται
2602 2871 2718 2935 πῶς
2744 2871 2867 2925 ἰδών
2893 2889 2977 2935 τις
3008 2873 3106 2943 τὴν
3141 2871 3323 2925 εἰκόνα
3344 2872 3438 2925 τοῦ
3461 2872 3622 2942 ἀορά-

2054 2981 2148 3018 ¹ιτου
2179 2961 2312 3016 Θεοῦ
2333 2962 2598 3032 γνώσεται
2623 2962 2714 3016 τὸν
2740 2962 2950 3033 πατέρα
2979 2963 3052 3033 (5)
3083 2963 3174 3014 καὶ
3213 2964 3442 3036 ποιητὴν
3469 2964 3619 3017 τοῦδε

2055 3054 2148 3108 τοῦ
2183 3054 2398 3117 παντός.

456 3149 544 3202 44.
576 3147 760 3202 Celsus
783 3146 998 3217 quidem
1031 3154 1183 3216 putat
1212 3147 1379 3202 Deum
1406 3146 1662 3218 cognosci
1684 3155 1777 3202 aut
1803 3161 1950 3201 com-

2127 3145 2330 3208 Κέλσος
2367 3145 2462 3215 μὲν
2493 3138 2583 3198 οῦν
2617 3146 2732 3216 ἤτοι
2763 3147 2829 3216 τῇ
2867 3144 3110 3198 συνθέσει
3143 3148 3208 3216 τῇ
3243 3145 3336 3198 ἐπὶ
3368 3144 3438 3198 τὰ
3466 3145 3622 3214 ἄλλα,

381 3240 633 3314 ponenda
667 3239 784 3309 ejus
810 3239 1030 3294 notione
1045 3252 1112 3294 ex
1139 3240 1364 3294 aliarum
1404 3254 1588 3295 rerum
1613 3237 1947 3304 notionibus,

387 3345 445 3388 ιιι
483 3339 769 3404 geometra:
801 3330 1005 3386 faciunt
1041 3346 1139 3401 per
1186 3345 1339 3386 suam
1372 3345 1530 3399 quam
1581 3338 1774 3384 vocant
1816 3346 1951 3383 com-

385 3429 732 3498 positionem;
783 3433 878 3478 aut
908 3425 997 3477 illa
1048 3424 1116 3479 ab
1147 3423 1268 3478 aliis
1307 3423 1472 3493 726
1499 3423 1824 3492 separanda,
1858 3431 1952 3475 aut

387 3517 636 3588 analogia
681 3531 800 3586 quae.
828 3515 934 3570 illis
958 3514 1147 3569 iisdem
1177 3515 1230 3568 in
1272 3529 1370 3568 usu
1399 3523 1513 3580 est;
1547 3522 1602 3568 ct
1647 3513 1724 3568 sic
1757 3512 1948 3566 saltem

383 3611 588 3664 aditum
612 3609 678 3664 ad
701 3622 969 3663 summum
992 3607 1190 3660 bonmn
1216 3605 1457 3676 pateﬁeri
1487 3619 1664 3674 posse.
1695 3604 1800 3659 Sed
1823 3603 1952 3659 Ver-

385 3706 514 3759 bum
545 3704 662 3768 Dei,
693 3717 815 3757 cum
839 3701 917 3754 ait
943 3715 958 3752 :
995 3698 1164 3754 Nemo
1200 3701 1340 3753 novit
1372 3700 1586 3752 Patrem
1617 3698 1717 3752 nisi
1748 3696 1946 3761 Filius,

382 3800 432 3844 et
453 3792 539 3844 cui
570 3789 744 3844 Filius
778 3787 1138 3852 revelaverit’,
1169 3787 1334 3841 Deum
1363 3787 1542 3840 divina
1573 3787 1804 3855 quadam
1832 3801 1950 3856 gra-

386 3883 458 3935 tia
486 3882 676 3934 animae
704 3895 808 3934 non
837 3880 958 3932 sine
1004 3878 1262 3947 singulari
1292 3878 1384 3932 Dei
1421 3877 1706 3944 benelicio,
1747 3879 1844 3931 sed
1868 3879 1952 3931 di-

384 3975 511 4027 vino
537 3973 768 4041 quodam
800 3969 980 4026 alilatu
1025 3969 1340 4038 ingenerata
1383 3968 1634 4037 cognosci
1682 3966 1943 4023 declarat.

383 4066 480 4119 Est
505 4065 649 4118 enim
684 4061 963 4132 probabile
990 4061 1080 4114 Dei
1113 4059 1477 4128 cognitionem
1512 4059 1657 4113 vires
1699 4059 1948 4112 humanae

384 4167 591 4211 naturae
621 4170 880 4226 superare
932 4152 1099 4225 (quod
1133 4152 1348 4221 quidem
1399 4152 1538 4218 apud
1588 4149 1834 4204 homines
1869 4159 1946 4204 tot

380 4248 656 4303 erroribus
683 4248 747 4301 de
771 4246 890 4322 Deo
918 4244 1097 4300 locum
1139 4239 1330 4312 dedit),
1366 4241 1459 4296 scd
1493 4241 1583 4294 Dei
1627 4241 1866 4294 bonitate
1893 4249 1950 4294 et

379 4332 496 4400 ejus
523 4333 575 4385 in
615 4331 861 4386 homines
896 4345 1100 4396 amore,
1139 4330 1371 4384 miriﬁca
1403 4337 1454 4382 et
1479 4330 1744 4383 diviniore
1774 4328 1945 4398 gratia

381 4423 602 4477 concedi
636 4422 727 4488 iis,
763 4437 900 4491 quos
935 4421 1076 4476 Deus
1109 4421 1449 4491 praescientia
1494 4421 1740 4489 praevidit
1779 4420 1943 4473 vitam

379 4514 618 4568 victuros
641 4513 858 4582 cognito
893 4513 1008 4580 ipso
1039 4513 1277 4581 dignam,
1309 4521 1364 4565 et
1391 4511 1642 4579 pietatem
1671 4511 1726 4566 in
1771 4511 1943 4579 ipsum

2054 3239 2312 3306 ἀνάλογον
2345 3240 2410 3308 τῇ
2447 3236 2598 3308 παρὰ
2621 3240 2734 3301 τοῖς
2765 3237 3104 3308 γεωμέτραις
3140 3237 3447 3310 καλουμένῃ
3479 3253 3622 3292 συν-

2053 3331 2236 3393 θέσει,
2266 3331 2298 3402 ἢ
2326 3333 2390 3402 τῇ
2421 3331 2529 3384 ἀπὸ
2572 3331 2679 3383 τῶν
2710 3330 2880 3384 ἄλλων
2921 3330 3198 3393 ἀναλύσει,
3237 3329 3269 3400 ἧ
3297 3332 3390 3382 καὶ
3429 3332 3618 3384 ἀναλο-

2052 3423 2146 3495 γίᾳ
2177 3421 2250 3492 (4)
2286 3422 2544 3489 ἀνάλογον
2574 3425 2639 3492 τῇ
2673 3421 2822 3491 παρὰ
2850 3425 2960 3484 τοῖς
2989 3423 3172 3483 αὐτοῖς
3202 3420 3484 3492 ἀναλογία,
3515 3423 3618 3473 0's-

2051 3529 2139 3565 ται
2169 3510 2567 3580 γιγνώσκεσθαι
2597 3511 2688 3564 τὸν
2726 3510 2878 3573 Θεὸν,
2926 3510 3020 3562 ἐπὶ
3048 3510 3116 3563 τὰ
3157 3510 3401 3582 πρόθυρα
3435 3513 3481 3563 εἰ
3516 3512 3620 3582 ἄρα

2051 3605 2142 3658 τοῦ
2175 3603 2382 3672 ἀγαθοῦ
2415 3603 2711 3674 δυναμένου
2740 3602 2885 3665 τινὸς
2911 3601 3086 3665 οὕτως
3122 3602 3327 3657 ἐλθεῖν⁶
3369 3606 3398 3656 ὁ
3440 3603 3497 3655 δέ
3526 3603 3618 3656 τοῦ

2049 3695 2184 3750 Θεοῦ
2211 3695 2381 3763 Λόγος
2408 3693 2594 3758 εἰπὼν,
2628 3693 2837 3760 Οὐδείς
2865 3693 3015 3764 ἔγνω
3055 3695 3162 3748 τόν
3190 3695 3421 3762 Πατέρα
3450 3697 3502 3749 εἰ
3533 3696 3618 3764 μὴ

2050 3788 2085 3840 ό
2124 3785 2270 3851 Υἱός,
2319 3783 2415 3838 καί
2457 3777 2506 3850 ᾧ
2547 3784 2623 3838 ἂν
2663 3788 2696 3838 ὀ
2743 3785 2874 3850 Υἱὸς
2918 3786 3310 3854 ἀποκαλύψῃ,
3358 3787 3476 3857 θεία
3518 3786 3620 3839 τινὶ

2051 3875 2252 3946 χάριτι,
2296 3873 2396 3925 οὐκ
2433 3873 2586 3926 ἀθεεὶ
2627 3874 2949 3945 ἐγγινομένη
2991 3877 3056 3944 τῇ
3099 3873 3264 3944 ψυχῇ,
3307 3874 3443 3927 ἀλλὰ
3487 3875 3620 3944 μετὰ

2049 3983 2192 4028 τινος
2225 3963 2640 4034 ἐνθουσιασμοῦ,
2685 3964 3044 4033 ἀποφαίνεται
3089 3963 3491 4033 γιγνώσκεσθαι
3532 3965 3618 4018 τὸν

2049 4057 2200 4110 Θεόν.
2236 4056 2344 4108 Καὶ
2369 4056 2478 4127 γὰρ
2507 4056 2652 4118 εἰκὸς
2684 4055 2902 4126 μείζονα
2931 4055 3029 4126 μὲν
3059 4056 3091 4126 ἢ
3121 4056 3258 4110 κατὰ
3284 4056 3380 4127 τὴν
3410 4057 3617 4128 ἀνθρω-

2050 4149 2211 4220 πίνην
2246 4148 2405 4218 φύσιν
2435 4144 2572 4201 εἶναι
2599 4149 2697 4218 τὴν
2722 4149 2920 4216 γνῶσιν
2957 4147 3050 4200 τοῦ
3106 4147 3240 4200 Θεοῦ
3299 4147 3412 4218 (διὸ
3436 4149 3528 4201 καὶ
3553 4148 3618 4202 τά

2049 4240 2286 4293 τοσαῦτα
2317 4240 2444 4311 παρ’
2476 4239 2781 4311 ἀνθρώποις
2817 4241 2933 4292 ἐστί
2966 4239 3095 4308 περὶ
3121 4239 3254 4292 Θεοῦ
3295 4240 3615 4310 σφάλματα)

2050 4331 2376 4402 χρηστότητι
2414 4331 2470 4384 δέ
2514 4331 2607 4384 καὶ
2647 4329 3020 4402 φιλανθρωπίᾳ
3050 4330 3143 4382 τοῦ
3187 4331 3344 4395 Θεοῦ,
3391 4333 3484 4386 καὶ
3518 4349 3616 4386 παο

2053 4423 2260 4493 ραθόξῳ
2291 4425 2384 4476 καὶ
2429 4423 2676 4495 θειοτέρα
2717 4423 2916 4494 χάριτι,
2950 4421 3170 4492 φθάνειν
3212 4423 3308 4494 τὴν
3351 4424 3444 4478 τοῦ
3484 4422 3614 4477 Θεοῦ

2049 4514 2250 4582 γνῶσιν
2273 4514 2366 4566 ἐπὶ
2392 4515 2517 4577 τοὺς
2547 4511 2849 4585 προγνώσει
2877 4511 3012 4566 Θεοῦ
3041 4512 3612 4584 προκαταληφθέντας,

381 4619 653 4674 nunquam
687 4603 1114 4668 adulteraturos,
1147 4603 1364 4656 etiamsi
1393 4617 1538 4655 mors
1577 4603 1946 4656 intentaretur

2055 4605 2130 4657 ὅτι
2163 4603 2326 4667 ἀξίως
2361 4603 2614 4674 βιώσουσι
2642 4603 2734 4656 τοῦ
2768 4603 3128 4675 ἐγνωσμένου,
3164 4603 3414 4674 οὐδαμῶς
3446 4621 3609 4676 παρα-

382 4696 450 4748 ab
480 4696 566 4758 iis,
608 4693 699 4761 qui
736 4693 868 4761 quid
895 4693 965 4746 sit
996 4693 1169 4758 pietas
1201 4692 1372 4759 ignari
1403 4693 1617 4760 quidvis
1648 4693 1791 4746 aliud
1827 4695 1942 4761 pie-

378 4794 542 4837 tatem
577 4798 700 4838 esse
726 4786 932 4854 tingunt
959 4798 1021 4837 ac
1052 4783 1220 4852 pietas
1240 4793 1351 4848 est;
1385 4784 1598 4838 etiamsi
1625 4785 1942 4854 pet-ridiculi

376 4889 495 4928 esse
538 4873 873 4926 viderentur.
913 4873 1071 4937 Deus,
1109 4875 1325 4942 opinor,
1373 4888 1494 4926 cum
1531 4874 1738 4927 videret
1777 4887 1940 4940 quam

375 4971 698 5034 arroganter
744 4962 879 5016 alios
924 4972 1334 5018 contemnerent
1389 4964 1490 5026 illi,
1551 4965 1642 5032 qui
1691 4965 1941 5031 quamvis

377 5056 543 5109 Demu
576 5055 897 5125 cognovisse
927 5060 979 5106 et
1005 5069 1070 5107 ex
1097 5053 1436 5121 philosOphia
1470 5069 1558 5108 res
1602 5054 1816 5108 divinas
1862 5056 1944 5108 di-

376 5146 571 5200 dicisse
621 5160 678 5201 se
734 5144 1078 5213 jactitarent,
1116 5144 1184 5198 ad
1217 5144 1510 5199 simulacra
1575 5154 1750 5200 tamen
1782 5155 1835 5200 et
1871 5147 1938 5200 ad

445 5298 488 5330 ⁸³
515 5295 555 5350 ll
579 5296 702 5351 Cor.
729 5311 826 5361 xtl,
847 5295 920 5356 4.,

373 5365 528 5423 Joan.
555 5383 666 5434 xIx,
691 5366 744 5420 6.
841 5368 861 5399 ⁵
881 5364 1037 5421 Joau.
1059 5380 1172 5430 xxv,
1193 5363 1246 5419 9.

1001 5296 1047 5328 °’
1070 5294 1344 5358 Matth.XI,
1373 5293 1461 5350 15.
1563 5297 1579 5326 ¹
1605 5295 1737 5350 Matt.

1002 5384 1037 5420 I.
1059 5380 1172 5421 xxv.
1193 5363 1246 5419 9.
1342 5364 1362 5395 °
1385 5362 1543 5421 Joan.
1573 5381 1682 5421 xiv.
1707 5367 1739 5421 9

1491 5381 1543 5423 n.
1573 5381 1682 5435 xlv,
1707 5381 1762 5421 υ.

378 5585 396 5629 ι
445 5506 521 5578 (2)
549 5509 769 5565 Αὐτοῦ.
810 5509 867 5563 In
903 5517 1059 5565 antea
1083 5509 1244 5565 editis
1271 5511 1560 5580 omittitur,
1600 5513 1692 5569 sed
1725 5514 1939 5584 supple-

401 5593 464 5629 lll‘
487 5593 517 5629 e
545 5595 676 5629 mss.

401 5593 521 5717 Ἣῖ
545 5595 948 5720 Ψὸἒῖεταιηπῶς
970 5649 1108 5720 ἰδών
1136 5666 1223 5715 τις
1248 5650 1364 5717 τὴν
1399 5652 1600 5706 εἰκόνα
1627 5652 1733 5706 τοῦ
1758 5653 1933 5720 ἀορά-

371 5725 478 5768 του
505 5716 670 5772 Θεοῦ
721 5716 998 5786 γνώσεται
1027 5718 1130 5773 τὸν
1162 5716 1409 5787 Πατέρα.
1454 5721 1558 5778 llas
1588 5737 1767 5789 voces,
1810 5716 1932 5793 ὀψε-

1563 5297 1579 5326 ¹
1605 5295 1795 5352 Malth.
1823 5313 1879 5362 v,
1903 5297 1960 5352 8.
2068 5301 2088 5330 ²

1573 5381 1682 5423 xlv.
1707 5367 1762 5421 9.
1856 5369 1876 5399 ⁷
1906 5367 2035 5423 ibid.
2063 5368 2096 5422 8

2047 4693 2410 4764 χαράττοντες
2453 4693 2550 4764 τὴν
2596 4696 2674 4756 είς
2706 4694 2868 4747 αὐτὸν
2900 4693 3200 4756 εὐσέϐειαν,
3245 4692 3367 4746 οὔτε
3401 4693 3466 4746 ἂν
3514 4693 3619 4746 ὑπὸ

2050 4786 2159 4840 τῶν
2193 4786 2523 4854 ἀγνοούντων
2552 4787 2580 4839 ὅ
2609 4787 2665 4838 τί
2709 4787 2838 4839 ποτέ
2871 4788 3018 4839 ἐστιν
3061 4787 3330 4849 εὐσέϐεια,
3376 4786 3471 4840 καὶ
3513 4789 3615 4840 πᾶν

2048 4876 2077 4927 ὃ
2098 4875 2150 4927 τί
2183 4871 2396 4928 ποτ-ὀῦν
2428 4875 2624 4944 μᾶλλον
2658 4876 3104 4931 ἁναπλαττόντων
3149 4872 3287 4929 εἶναι
3317 4875 3415 4946 τὴν
3462 4877 3614 4930 εὐσέ-

2049 4966 2201 5018 ϐειαν
2227 4967 2258 5036 ἢ
2289 4967 2423 5036 ὅπερ
2454 4965 2657 5037 ἐστίνή
2685 4964 2951 5032 εὐσέϐεια,
2981 4967 3079 5037 τὴν
3113 4967 3206 5020 ἐπὶ
3229 4967 3445 5036 θανάτῳ
3478 4968 3616 5021 timi-

2048 5073 2274 5124 γωνται,
2309 5055 2432 5108 οὐτε
2462 5055 2527 5109 ἂν
2569 5058 3088 5125 καταγελαστότατοι
3121 5054 3258 5111 εἶναι
3286 5058 3610 5129 νομίζονται.

2063 5146 2232 5218 Ὁρῶν
2259 5147 2324 5211 δ’,
2365 5143 2598 5218 οἷμαι,·ὁ
2639 5148 2769 5211 Θεὸς
2808 5149 2901 5200 καὶ
2940 5151 3038 5219 τὴν
3079 5149 3417 5213 ἀλαζονείαν,
3452 5149 3485 5218 ἢ
3521 5148 3614 5221 τὴν

2068 5301 2088 5330 ²
2117 5297 2500 5361 Coloss.t,15.
2601 5300 2619 5331 ³
2641 5299 2796 5354 Joau.
2820 5315 2936 5364 xtv,
2962 5299 3016 5354 9.
3111 5301 3133 5331 ⁸
3154 5300 3284 5356 Luc.
3310 5317 3465 5364 χχιιι,
3521 5300 3607 5366 21;

2212 5368 2588 5435 'Joan.t,14.
2663 5371 2683 5400 ⁹
2708 5369 2978 5436 Matth.xt,
3001 5369 3089 5425 27.

2045 5533 2155 5578 ται,
2195 5514 2488 5584 γνώσεται,
2528 5514 2758 5569 invicem
2801 5514 3207 5569 transferendus
3245 5523 3396 5582 putat
3433 5513 3609 5569 Bolae-

2045 5586 2563 5724 rd(!1')s.'Ara.toria.
2629 5651 2755 5724 llrec
2797 5667 2903 5724 vox
2951 5653 3034 5707 hic
3067 5652 3343 5706 abundare
3371 5651 3603 5719 videtur,

2043 5740 2139 5779 nec
2169 5721 2202 5777 'a
2238 5721 2462 5778 Gcleuio
2495 5721 2829 5792 agnoscitur.
