3972 6160
431 330 567 385 MSS

1623 329 1897 385 CONTRA
1933 330 2205 388 CELSUM
2248 333 2374 388 LIB.
2413 332 2524 387 V'll.

3532 338 3670 394 M86

428 448 564 518 πρὸς
610 446 736 508 τοὺς
790 444 866 516 (ὅ)
917 445 1109 509 ἄλλους
1147 445 1444 521 ὑπεροψίαν
1481 446 1588 499 τῶν
1638 446 1848 516 μεγάλα
1904 447 1995 516 μὲν

2107 464 2291 504 eorum
2331 449 2524 517 templa
2551 456 2710 519 atque
2737 448 2801 502 ad
2836 458 3112 517 tantopere
3138 450 3426 505 decantata
3462 461 3671 521 myste-

428 540 766 612 φρονούντων
812 541 903 592 ἐπὶ
954 538 1033 609 τῷ
1078 539 1373 606 ἐγνωκέναι
1415 541 1505 591 τὸν
1554 538 1705 603 Θεὸν,
1751 541 1844 592 καὶ
1893 540 1998 592 ἀπὸ

428 628 745 698 φιλοσοφίας
788 627 855 681 τὰ
892 629 1010 681 θεῖα
1064 628 1458 699 μεμαθηκέναι,
1507 629 1898 699 παραπλησίως
1943 628 1999 680 δέ

424 723 537 785 τοῖς
564 720 1038 783 ἁπαιδευτοτάτοις
1062 722 1155 773 ἐπὶ
1180 720 1247 773 τὰ
1268 720 1577 790 ἀγάλματα,
1601 722 1836 783 καὶτοὺς
1865 719 1997 784 νεὼς

427 811 625 875 αὐτῶν,
660 812 755 864 καὶ
794 811 863 865 τὰ
891 809 1255 881 θρυλλούμενα
1301 812 1572 881 μυστήρια
1620 810 1853 877 ἄγοντας
1889 808 1989 879 (6),

428 901 706 967 ἐξελέξατο
732 901 803 954 τὰ
845 899 1013 969 μαψὰ
1054 899 1159 952 τοῦ
1189 900 1439 968 κόσμου,
1476 901 1601 963 τοὺς
1646 902 1704 951 ἐν
1738 902 1998 971 Χριστια-

429 994 538 1055 νοῖς
567 991 986 1054 ἁπλουστάτους,
1023 992 1116 1043 καὶ
1142 989 1350 1041 πολλῶν
1374 990 1676 1059 φιλοσόφων
1705 990 1998 1062 μετριώτε-

432 1098 521 1152 ρον
553 1082 644 1133 καὶ
678 1077 1056 1151 καθαρώτερον
1089 1078 1333 1148 βιοῦντας
1352 1096 1363 1108 ·
1397 1079 1481 1131 ἵνα
1510 1080 1843 1153 καταισχύνῃ
1871 1082 1996 1144 τοὺς

430 1174 645 1241 σοφοὺς,
684 1173 784 1225 οὐκ
815 1171 1161 1240 αἰδουμένους
1198 1171 1254 1223 ἐν
1297 1169 1375 1240 τῷ
1408 1172 1520 1232 τοῖς
1550 1169 1773 1240 ἀψύχοις
1803 1188 1997 1242 προσο-

434 1264 603 1333 μιλεῖν
633 1264 709 1326 ὡς
753 1263 958 1333 θεοῖςῆ
1005 1261 1141 1316 θεῶν
1185 1262 1376 1315 εἰκόσι.
1412 1262 1508 1323 Τίς
1551 1261 1659 1333 γὰρ
1693 1260 1815 1315 νοῦν
1858 1261 1994 1332 ἔχων

427 1356 489 1408 οὐ
538 1356 964 1424 καταγελάσεται
1013 1351 1106 1405 τοῦ
1155 1352 1291 1422 μετὰ
1342 1354 1467 1415 τοὺς
1507 1351 1855 1422 τηλικούτους
1902 1356 1996 1407 καὶ

428 1447 713 1510 τοσούτους
756 1449 814 1500 ἐν
856 1444 1140 1514 φιλοσοφίᾳ
1184 1444 1309 1513 περὶ
1354 1443 1486 1496 Θεοῦ
1531 1443 1563 1514 ἦ
1619 1443 1755 1497 θεῶν
1784 1444 1993 1513 λόγους,

428 1537 718 1609 ἐνορῶντος
739 1539 851 1601 τοῖς
877 1538 1173 1608 ἀγάλμασι,
1196 1538 1290 1590 καὶ
1311 1536 1427 1607 ἦτοι
1449 1535 1631 1598 αὐτοῖς
1654 1533 1998 1605 ἀναπέμπον-

426 1647 517 1692 τος
550 1630 645 1701 τὴν
683 1628 865 1700 εὐχὴν,
897 1628 930 1699 ἢ
967 1628 1054 1682 διὰ
1083 1629 1180 1699 τῆς
1211 1627 1413 1681 τούτων
1449 1625 1624 1695 ὅψεως
1659 1626 1743 1695 ἐφ’
1768 1626 1830 1679 ὃν
1860 1643 1995 1693 φαν-

425 1718 649 1781 τάζεται
686 1718 758 1787 (7)
787 1717 896 1770 δεῖν
930 1716 1238 1770 ἀναϐαίνειν
1270 1715 1377 1769 ἀπὸ
1408 1712 1501 1766 τοῦ
1540 1713 1867 1784 βλεπομένου
1900 1715 1995 1767 καὶ

430 1808 696 1880 συμϐόλου
736 1808 905 1871 ὄντος,
940 1806 1298 1876 ἀναφέροντός
1335 1823 1392 1857 τε
1423 1805 1514 1857 ἐπὶ
1541 1806 1631 1857 τὸν
1676 1805 1993 1875 νοούμενον;

428 1901 747 1972 Χριστιανὸς
791 1900 865 1962 δὲ,
899 1900 991 1953 κα).
1022 1902 1049 1952 ὁ
1091 1897 1324 1967 ἰδιώτης,
1357 1898 1534 1950 πάντα
1580 1898 1676 1967 μὲν
1707 1898 1869 1950 τόπον
1900 1897 1994 1950 τοῦ

426 1995 631 2064 κόσμου
679 1993 961 2046 πέπεισται
1002 1988 1138 2044 εἶναι
1191 1990 1353 2061 μέρος
1405 1987 1496 2041 τοῦ
1543 1988 1685 2050 ὅλου,
1739 1986 1867 2041 ναοῦ
1900 1987 1993 2040 τοῦ

426 2084 560 2137 Θεοῦ
606 2083 756 2146 δντος
797 2083 891 2135 τοῦ
936 2081 1134 2145 παντὸς
1182 2081 1411 2150 κόσμου·
1462 2080 1521 2131 ἐν
1563 2079 1721 2131 παντὶ
1759 2078 1815 2130 δὲ
1846 2079 1994 2149 τόπῳ

427 2177 734 2246 εὐχόμενος,
768 2176 942 2244 μύσας
962 2175 1086 2237 τοὺς
1108 2173 1203 2243 τῆς
1228 2171 1529 2242 αἰσθήσεως
1546 2168 1876 2239 ὀφθαλμοὺς,
1903 2172 1994 2223 καὶ

427 2267 643 2337 ἐγείρας
697 2268 822 2329 τοὺς
872 2266 970 2336 τῆς
1015 2265 1213 2335 ψυχῆς,
1270 2260 1687 2334 ὑπεραναϐαίνει
1738 2260 1828 2313 τὸν
1879 2261 1997 2313 ὅλον

427 2360 650 2429 κόσμον.
679 2360 789 2412 Καὶ
817 2358 925 2410 οὐδ’
955 2358 1048 2409 ἐπὶ
1068 2355 1166 2426 τὴν
1195 2354 1357 2424 ἁψίδα
1386 2354 1597 2407 ἵσταται
1623 2350 1717 2404 τοῦ
1746 2351 1995 2422 ούρανοῦ,

429 2451 543 2503 ἀλλ’
578 2452 658 2514 εἰς
699 2450 790 2503 τὸν
833 2449 1221 2521 ὑπερουράνιον
1249 2446 1325 2517 (8)
1371 2446 1658 2516 γενόμενος
1688 2446 1752 2514 τῇ
1796 2443 2001 2516 διανοίᾳ

426 2543 611 2606 τόπον,
653 2541 1011 2612 ὀδηγούμενος
1063 2540 1165 2591 ὑπὸ
1206 2537 1301 2590 τοῦ
1346 2535 1481 2590 Θεοῦ
1522 2534 1857 2605 Πνεύματος,
1908 2537 2000 2588 καὶ

428 2630 669 2699 ὡσπερε)⁵
697 2629 801 2695 ἐξω
829 2628 923 2681 τοῦ
970 2628 1175 2698 κόσμου
1219 2626 1520 2696 τυγχάνων,
1572 2624 1885 2695 ἀναπέμπει
1935 2626 1996 2678 ού

430 2721 557 2790 περ)¹
595 2720 702 2772 τῶν
739 2719 1006 2789 τυχόντων
1031 2716 1130 2789 τὴν
1175 2717 1338 2788 εὐχὴν
1369 2716 1447 2787 τῷ
1490 2715 1635 2786 Θεῷ’
1687 2715 1858 2786 ἔμαθε
1888 2715 1997 2788 γὰρ

2110 542 2186 595 ria
2218 541 2441 611 perinde
2485 555 2548 594 ac
2585 539 2976 609 imperitissimi
3025 541 3460 606 concurrebant;
3508 543 3671 596 stulta

2106 632 2295 685 mundi
2317 632 2384 697 ¹⁰,
2421 630 2855 699 simplicissimos
2892 630 3329 686 Christianorum
3361 633 3547 702 elegit,
3578 635 3673 703 qui

2105 722 2407 775 modestius
2432 719 2613 774 multis
2634 720 2969 789 philosophis
2994 722 3287 791 puriusque
3312 722 3580 788 viverent,
3614 734 3676 777 ut

2105 810 2458 879 pudefaceret
2488 810 2759 879 sapientes
2786 810 2927 878 illos,
2957 812 3047 881 qni
3084 828 3169 865 res
3202 812 3488 881 inanimes,
3511 814 3671 883 quasi

2105 898 2178 952 dii
2203 908 2384 952 essent
2418 909 2510 953 aut
2536 900 2756 953 deorum
2791 900 3080 969 imagines,
3109 902 3310 970 alloqui
3344 917 3451 957 non
3479 903 3675 959 erube~

2106 990 2352 1043 scebant.
2386 988 2586 1059 Ecquis
2619 990 2767 1045 enim
2805 992 3041 1058 prudens
3086 992 3195 1066 risu
3226 1007 3334 1047 non
3367 1007 3673 1064 prosequa-

2106 1086 2190 1132 tur
2227 1079 2522 1145 hominem,
2558 1081 2671 1147 qui,
2708 1090 2826 1149 post
2856 1080 3069 1135 auditas
3099 1096 3163 1135 ex
3201 1082 3546 1152 philosoltbia
3592 1093 3673 1140 tot

2107 1177 2323 1235 tamque
2359 1171 2615 1226 sublimes
2662 1170 2730 1225 de
2765 1172 2873 1226 Deo
2915 1172 3086 1227 diisve
3120 1172 3550 1241 disputationes,
3599 1177 3674 1229 si-

2104 1259 2340 1314 mulacra
2369 1262 2589 1330 respicit
2616 1273 2671 1316 et
2697 1262 2780 1317 vel
2812 1263 2890 1316 eis
2913 1277 3101 1333 preces
3125 1262 3305 1328 oil'ert,
3340 1264 3426 1319 vel
3454 1264 3521 1318 iis
3543 1280 3677 1320 con-

2107 1349 2431 1419 templandis
2462 1352 2528 1406 ad
2558 1368 2680 1405 eum
2721 1367 2908 1421 preces
2936 1353 3118 1421 dirigit
3144 1368 3302 1422 quem
3340 1364 3521 1409 mente
3546 1370 3675 1410 con-

2103 1438 2239 1506 cipit
2282 1452 2339 1494 et
2379 1442 2445 1495 ad
2488 1458 2649 1511 quem
2703 1444 2769 1497 ab
2804 1459 2870 1499 eo
2913 1445 3056 1512 quod
3104 1446 3319 1499 videtur
3366 1459 3421 1501 et
3461 1461 3673 1503 merum

2104 1530 2315 1599 signum
2347 1541 2451 1600 est,
2476 1535 2773 1589 ascendere
2796 1546 3052 1605 oportere
3082 1537 3392 1592 existimat?
3424 1541 3491 1594 At
3513 1540 3674 1595 Chri-

2106 1621 2319 1676 stianus
2344 1624 2505 1677 etiam
2538 1626 2699 1680 idiota
2731 1643 2829 1697 pro
2851 1637 3000 1683 certo
3024 1629 3191 1685 habet
3222 1633 3468 1700 quemvis
3488 1633 3672 1687 tnundi

2102 1712 2279 1767 locum
2300 1730 2419 1770 esse
2449 1717 2608 1782 hujus
2634 1718 2869 1773 universi
2896 1729 3124 1789 partem,
3145 1737 3265 1775 cum
3294 1722 3383 1776 Dei
3417 1724 3701 1792 templum'

2034 1805 2075 1861 Β
2104 1801 2175 1854 sit
2215 1803 2393 1856 omnis
2439 1805 2690 1858 mundus.
2722 1806 2778 1859 ln
2816 1809 3007 1876 quovis
3037 1809 3156 1864 loco
3179 1826 3371 1880 preces
3402 1811 3673 1879 oﬂ'erens,

2103 1894 2300 1948 clausis
2337 1909 2621 1962 sensuum,
2649 1898 2856 1951 erectis
2883 1898 3075 1954 anima:
3105 1902 3296 1970 oculis,
3334 1912 3502 1956 totum
3529 1904 3674 1960 hunc

2103 1985 2362 2038 mundum
2390 1988 2751 2055 transcendit,
2779 2003 2878 2043 nec
2908 1990 2959 2043 in
2988 1991 3112 2045 coeli
3150 1996 3410 2050 convexis
3446 1997 3674 2065 gradum

2101 2076 2265 2140 sistit,
2281 2078 2374 2130 sed
2391 2078 2457 2130 ad
2475 2076 2651 2132 locum
2670 2078 2757 2145 qui
2780 2078 2917 2133 ultra
2936 2082 3103 2138 ctelos
3115 2092 3197 2138 est
3212 2086 3541 2155 cogitatione
3554 2102 3677 2156 per-

2103 2168 2330 2221 veniens
2347 2169 3192 2237 etquasiextramundum,duce
3226 2176 3322 2230 Dei
3354 2175 3582 2246 Spiritu,
3611 2194 3674 2233 e—

2105 2272 2348 2327 gressus,
2375 2258 2485 2312 Deo
2501 2258 2605 2312 fert
2624 2275 2833 2329 preces,
2854 2261 3016 2330 idque
3032 2280 3136 2318 non
3160 2266 3225 2320 de
3251 2266 3414 2322 rebus
3434 2268 3674 2339 vulgari-

2103 2350 2225 2405 bus.
2248 2351 2428 2405 Nama
2447 2351 2573 2407 Jesu
2593 2354 2881 2409 doctusest
2898 2355 3032 2409 nihil
3054 2357 3274 2421 humile,
3300 2360 3401 2414 hoc
3417 2371 3517 2427 est,
3540 2364 3676 2417 nihil

2107 2442 2268 2511 727
2305 2444 2564 2498 sensibile
2587 2459 2855 2513 quaerere,
2891 2446 2984 2499 sed
3010 2447 3124 2501 sola
3173 2464 3390 2520 magna,
3441 2466 3568 2507 vere
3594 2455 3677 2507 di-

2107 2533 2255 2596 vina,
2303 2544 2352 2587 et
2381 2549 2503 2603 quae
2537 2550 2567 2587 a
2613 2533 2728 2589 Deo
2773 2551 3029 2592 concessa
3061 2538 3125 2591 ad
3167 2554 3310 2605 eam,
3362 2557 3482 2610 quae
3532 2546 3674 2613 apud

2107 2622 2279 2691 ipsum
2309 2635 2417 2690 est,
2456 2625 2844 2681 beatitudinem
2879 2630 3294 2701 perducuntper
3326 2631 3523 2688 Filium
3557 2635 3675 2704 ejus

2105 2713 2339 2771 Verbum
2369 2718 2461 2786 qui
2494 2717 2632 2773 Deus
2661 2727 2762 2773 est.

428 2814 538 2867 ἀπὸ
563 2813 658 2867 τοῦ
694 2812 866 2884 Ἰησοῦ
895 2813 1058 2885 μηδὲν
1100 2813 1294 2885 μικρὸν
1319 2812 1418 2883 (9),
1449 2811 1729 2865 τουτέστιν
1754 2810 2029 2881 αἰσθητὸν,
2067 2810 2269 2881 ζητεῖν,
2301 2811 2436 2865 ἀλλὰ
2472 2812 2606 2883 μόνα
2652 2810 2722 2865 τὰ
2779 2813 2987 2883 μεγάλα
3027 2815 3119 2866 καὶ
3150 2813 3364 2883 ἀληθῶς
3402 2816 3540 2882 θεῖα,
3575 2818 3676 2870 ὅσα

431 2904 793 2973 συμϐάλλεται
816 2905 1066 2975 διδόμενα
1095 2905 1201 2958 ὑπὸ
1226 2904 1318 2957 τοῦ
1350 2903 1507 2969 Θεοῦ,
1547 2904 1680 2973 πρὸς
1716 2903 1778 2955 τὸ
1819 2902 2034 2956 ὁδεῦσαι
2074 2904 2165 2957 ἐπὶ
2196 2903 2293 2977 τὴν
2323 2908 2452 2981 παρ’
2497 2905 2643 2977 αὐτῷ
2673 2904 2761 2960 διὰ
2802 2904 2896 2958 τοῦ
2931 2905 3060 2960 Υίοῦ
3092 2906 3254 2960 αὐτοῦ
3310 2908 3484 2977 Λόγου
3522 2911 3675 2974 ὄντος

426 2999 560 3053 Θεοῦ
596 3003 985 3072 μακαριότητα.

502 3095 726 3165 Ἰδωμεν
755 3095 811 3148 δὲ
862 3096 955 3148 καὶ
1002 3094 1037 3148 ὃ.
1069 3112 1230 3165 φησιν
1259 3096 1403 3166 ἡμᾶς
1437 3094 1685 3158 διδάξειν,
1718 3095 1886 3166 εἰᾶρα
1905 3097 1995 3149 αύ-

2173 3094 2263 3150 45.
2311 3095 2604 3149 Videamus
2629 3095 2791 3149 etiam
2818 3110 2882 3148 an
2909 3109 3027 3165 qua:
3056 3096 3129 3149 ait
3163 3110 3223 3150 se
3251 3111 3350 3152 nos
3383 3098 3669 3154 docturntu

426 3189 537 3249 τοῖς
580 3186 941 3256 ἀκολουθῆσαι
987 3186 1357 3259 δυνησόμεθα,
1410 3189 1466 3240 ἐν
1530 3181 1609 3249 οἷς
1659 3187 1802 3254 λέγει
1852 3189 1998 3257 ἡμᾶς

429 3278 704 3340 παντελῶς
738 3277 1081 3332 ἐνδεδέσθαι
1108 3278 1185 3347 τῇ
1217 3280 1419 3347 σαρκὶ,
1461 3277 1557 3341 οὓς
1596 3277 1705 3348 (10)
1752 3278 1845 3331 ἐὰν
1877 3278 2001 3349 βιῶ-

433 3387 530 3438 μεν
558 3368 751 3440 ὀρθῶς,
784 3370 878 3422 κα).
908 3369 1049 3421 κατὰ
1070 3369 1159 3423 τὸν
1201 3369 1370 3438 Ἰησοῦ
1393 3369 1569 3437 λόγον,
1594 3368 1889 3431 ἀκούοντας
1917 3369 1997 3434 τὸ,

437 3462 636 3532 Ἰζμεῖς
663 3461 774 3515 οὔκ
807 3462 947 3515 ἐστε
974 3461 1044 3515 ἐν
1075 3461 1274 3527 σαρκὶ,
1315 3460 1450 3514 ἀλλ’
1485 3459 1555 3511 ἐν
1582 3460 1888 3528 πνεύματι.
1920 3460 2000 3512 εί·-

428 3570 537 3623 περ
570 3552 810 3622 Πνεῦμα
842 3552 988 3607 Θεοῦ
1014 3550 1165 3603 οἰκεῖ
1188 3550 1257 3603 ἐν
1287 3551 1445 3619 ὑμῖν.
1482 3551 1618 3619 Φησὶ
1641 3549 1684 3601 δ’
1713 3547 1869 3618 ἡμᾶς
1902 3547 2001 3601 καὶ

426 3645 613 3714 μηδὲν
667 3643 932 3712 καθαρόν
966 3640 1240 3707 βλέπειν,
1281 3641 1407 3703 τοὺς
1452 3640 1820 3711 πειρωμένους
1867 3638 2000 3709 μηδέ

430 3738 589 3808 μέχρι
621 3736 727 3789 τῶν
759 3732 1034 3805 λογισμῶν
1068 3733 1171 3785 ὑπὸ
1204 3732 1313 3786 τῶν
1343 3731 1741 3803 ἐνθυμημάτων
1775 3730 1873 3800 τῆς
1901 3746 2000 3781 κα-

426 3828 549 3888 κίας
582 3826 921 3895 μολύνεσθαι,
957 3826 1049 3878 καὶ
1077 3827 1133 3879 ἐν
1156 3827 1221 3895 τῇ
1256 3825 1388 3895 εύχῇ
1421 3824 1696 3892 λέγοντας,
1733 3820 2000 3889 Καρδίαν

425 3917 689 3983 καθαρὰν
721 3916 931 3969 κτίσον
961 3916 1029 3969 ἐν
1056 3916 1205 3984 ἐμοὶ,
1238 3919 1269 3969 ό
1301 3914 1466 3980 Θεὸς,
1504 3914 1599 3968 καὶ
1628 3914 1862 3982 πνεῦμα
1899 3914 1997 3965 εὑ-

427 4008 527 4073 θὲς
596 4009 946 4077 ὲγκαίνισον
990 4010 1059 4061 ἐν
1103 4009 1226 4075 τοῖς
1279 4009 1546 4078 ἐγκάτθις
1590 4026 1742 4078 μουο
1791 4008 1875 4060 ἵνα
1927 4010 1994 4077 τῇ

430 4097 567 4169 μόνῃ
590 4098 864 4170 πεφυκυίᾳ
898 4098 1111 4168 βλέπειν
1136 4098 1267 4150 Θεὸν
1300 4098 1510 4165 καρδίᾳ
1536 4097 1760 4165 καθαρᾷ
1793 4096 1999 4150 θεασώ-

428 4189 565 4261 μεθα
598 4190 781 4244 αὐτόν.
807 4191 873 4243 Ἃ
904 4191 962 4243 δὲ
1003 4190 1172 4259 λέγει,
1205 4189 1429 4243 τοιαῦτά
1461 4190 1607 4240 ἐστιν
1629 4206 1642 4219 ο
1679 4188 1870 4242 Οὐσία
1898 4187 1996 4240 καὶ

535 4338 578 4369 ¹⁰
600 4335 617 4390 l
642 4338 767 4391 Cor.
797 4352 834 4398 ι,
858 4336 957 4391 27.
1074 4337 1114 4367 “
1140 4335 1297 4391 Rom.
1325 4351 1440 4401 vm,
1466 4337 1520 4392 9.

1620 4336 1663 4366 “
1691 4333 1881 4389 Matth.
1915 4350 1965 4398 v,
1994 4336 2048 4390 8.

2112 3186 2325 3255 assequi
2364 3187 2653 3255 possimus,
2703 3186 2791 3241 ubi
2844 3186 2978 3240 dicit
3024 3202 3121 3241 nos
3167 3189 3523 3260 undecunque
3554 3209 3676 3248 esse

2104 3292 2263 3331 carne
2295 3276 2583 3342 devinctos,
2609 3276 2699 3344 qui
2731 3286 2909 3331 tamen
2954 3279 2998 3332 si
3028 3286 3172 3333 recte
3202 3282 3442 3336 vivamus
3467 3291 3523 3337 et
3545 3281 3675 3340 Jesu

2103 3367 2364 3424 doctrinae
2387 3382 2587 3423 morem
2619 3383 2893 3439 geramus,
2928 3371 3179 3426 audimus
3226 3373 3406 3429 istud:
3447 3374 3547 3431 Vos
3571 3394 3677 3431 non

2104 3462 2226 3513 estis
2257 3462 2313 3513 in
2336 3476 2514 3524 carne,
2532 3461 2621 3514 sed
2653 3462 2706 3514 in
2730 3462 2941 3529 spiritu,
2969 3464 3012 3514 si
3038 3464 3259 3532 spiritus
3282 3465 3596 3522 Deihabitat
3616 3470 3673 3523 in

2105 3552 2245 3604 vobis
2264 3551 2505 3605 “.Adtlit
2540 3551 2736 3605 ibidem
2763 3551 2894 3603 nihil
2917 3568 2951 3605 a
2981 3554 3128 3606 nobis
3148 3571 3339 3622 purum
3366 3556 3550 3627 videri,
3580 3562 3673 3629 qui

2107 3652 2283 3695 tamen
2329 3641 2542 3697 enixius
2588 3643 2906 3707 adnilimur,
2948 3658 3015 3697 ne
3049 3644 3132 3699 vel
3166 3646 3489 3715 cogitatione
3517 3660 3677 3707 tenus

2104 3733 2359 3787 vitiorum
2398 3734 2743 3801 inquinemur
2767 3737 3136 3807 suggestione,
3164 3740 3366 3808 quique
3410 3750 3468 3794 ut
3503 3742 3669 3798 Deum

2106 3823 2374 3891 possimus
2410 3822 2592 3877 videre
2635 3828 2831 3877 mundo
2861 3826 3019 3879 corde
3073 3828 3137 3893 ",
3174 3829 3260 3881 cui
3288 3828 3387 3884 soli
3430 3842 3686 3887 contem-

2102 3914 2271 3983 platio
2324 3912 2421 3966 Dei
2473 3914 2810 3981 conceditur,
2845 3916 2987 3971 inter
3036 3920 3365 3986 precandum
3399 3921 3669 3978 dicimus:

2105 4004 2210 4059 Cor
2253 4003 2505 4057 mundum
2536 4020 2654 4058 crea
2700 4005 2754 4058 in
2787 4022 2889 4073 me,
2922 4006 3084 4071 Deus,
3112 4019 3155 4059 et
3198 4010 3435 4077 spiritum
3477 4023 3675 4067 rectum

2103 4096 2291 4149 innova
2334 4096 2390 4149 in
2439 4096 2719 4150 visceribus
2750 4099 2878 4151 meis
2908 4098 2971 4149 “.
3003 4099 3133 4165 Quae
3174 4108 3349 4153 autem
3384 4104 3534 4166 dicit,
3574 4105 3673 4157 Iut—

2100 4184 2335 4253 jusmodi
2366 4193 2535 4237 sunt:
2571 4183 2878 4239 Substantia
2916 4198 2963 4238 et
3010 4190 3297 4255 generatio,
3342 4188 3435 4242 illa
3479 4192 3675 4246 intelli-

2148 4332 2191 4363 ¹³
2215 4330 2357 4385 Psal.
2383 4346 2439 4394 ι,
2466 4330 2550 4384 12.

497 4459 674 4542 (5)ᾚ
706 4459 821 4542 ei)?
870 4460 1019 4533 πρὸς
1051 4460 1209 4524 τούς.
1277 4457 1597 4513 Boherellus
1646 4456 1849 4510 mavult
1897 4456 1990 4508 κα)⁴

2168 4452 2241 4524 (9)
2275 4449 2772 4542 Lampe-rigeant)
2815 4450 2933 4542 τοῦ1
3205 4450 3400 4542 μηδὲν
3428 4452 3671 4542 Itmqur,

434 4532 520 4593 τὴν
546 4530 680 4593 πρὸς
706 4530 849 4592 τούς.

423 4532 520 4602 τὴν
546 4532 680 4601 πρὸς
706 4532 849 4592 τούς.

494 4601 570 4672 (6)
605 4602 911 4672 Ἂγοντιις.
972 4597 1116 4667 Lego
1161 4597 1493 4672 cunieodem
1533 4596 1795 4672 αγὸντων,
1826 4594 1878 4672 id
1908 4604 1995 4648 est

425 4664 697 4735 euntium}
727 4671 793 4725 ab
844 4670 982 4737 ἄγω,
1015 4664 1096 4731 εό,
1122 4678 1243 4723 sunt
1276 4666 1492 4735 ὑπάγω,
1543 4666 1738 4733 ὕπαγε,
1772 4664 1989 4733 ἀπάγω,

426 4743 621 4809 ἄπαγε.
660 4741 786 4793 Item
819 4739 1060 4809 προάγω,
1077 4738 1352 4809 _prrvcedo.

496 4805 573 4881 (7)
617 4810 740 4878 Ἐφ’
765 4809 836 4881 ὃν
865 4805 1232 4881 φαντάζεται,
1260 4818 1366 4881 etc.
1409 4805 1602 4881 ﬁuit-to
1643 4805 1989 4881 scribendum

428 4875 661 4942 videtur,
683 4875 776 4948 ’ἐφ’
801 4880 829 4931 ὃ
857 4875 1183 4947 φαντάζεται
1205 4877 1312 4929 δεῖν
1339 4875 1666 4948 ᾁναϐαίνειν,
1696 4876 1993 4948 ᾁναφέρον-

426 4965 551 5027 τος;
580 4945 916 5027 Χριστιανός.
936 4958 1053 5027 _et_e.
1092 4948 1280 5026 Itaque
1306 4945 1401 5027 τῂν
1430 4947 1615 5016 εὐχήν,
1664 4947 1728 5000 ad
1750 4947 1830 5009 τὸ,
1861 4945 1992 5027 ἀνα-

429 5016 683 5088 φέροντος
711 5019 875 5088 rcl'ert
924 5017 1031 5088 ἁπδ
1051 5017 1154 5088 ,τοῦ
1188 5016 1401 5088 κοινοῦ,
1435 5028 1626 5088 caetera
1656 5029 1804 5088 ivero
1837 5016 1983 5088 addi-

428 5084 544 5142 tilia
581 5088 629 5139 ei
677 5095 732 5141 et
756 5087 928 5139 aliena
977 5086 1247 5139 videntur.
1300 5086 1407 5141 Sed
1440 5084 1755 5138 Boherellus
1808 5084 1989 5135 omnia

426 5173 556 5213 sana
604 5158 899 5219 existimat,
947 5156 991 5208 si
1044 5155 1197 5209 tollas
1240 5172 1300 5207 τε
1355 5168 1475 5222 post
1522 5155 1900 5223 ἀναφέροντος,
1939 5163 1994 5205 et

426 5226 799 5294 subintelligas
825 5225 923 5295 τὴν
957 5225 1138 5295 εὐχὴν,
1168 5225 1274 5277 ἀπὸ
1298 5224 1390 5277 τοῦ
1420 5224 1625 5295 κοινοῦ.

497 5297 572 5365 (8)
622 5291 981 5365 Ηαέεειιειζει
1022 5291 1311 5365 Spencer.,
1362 5294 1711 5364 ὑπουράνιον,
1761 5291 1853 5344 sed
1903 5302 1994 5365 c_o-

426 5360 523 5422 dcit
554 5360 877 5419 Basileensis
908 5360 1316 5435 ὑπερουρὰνιον,
1374 5360 1752 5435 (ιιιιεςειιυὶιιιι
1801 5372 1895 5435 est
1922 5360 1997 5410 le-

423 5439 554 5492 etio.
618 5436 879 5504 Origenes
906 5428 1048 5485 enim
1098 5428 1188 5504 hic
1223 5428 1455 5504 respexit
1505 5428 1568 5504 ad
1599 5448 1659 5504 ea
1688 5445 1808 5499 qua:
1840 5428 1993 5504 i’lato

424 5509 476 5560 in
517 5498 742 5559 Pha’dro
772 5505 908 5574 dixit
938 5519 952 5555 :
984 5504 1149 5555 Ὅταν
1174 5503 1229 5574 δὲ
1248 5498 1479 5574 πρὸς
1510 5498 1747 5574 δαῖτᾴλτε
1781 5499 1871 5551 καὶ
1898 5498 1996 5574 ἐπὶ

423 5576 603 5646 θοίνην
641 5574 811 5646 ἴωσιν,
840 5573 1131 5646 ἄκρανᾲέπὶ
1158 5572 1254 5646 Ιπλὴν
1287 5566 1534 5646 οὐρᾶνιον
1560 5570 1720 5646 ἀκρίδα
1750 5566 1992 5646 πορεύον-

423 5665 511 5700 ται
542 5637 676 5717 πρὸς
725 5637 949 5707 ἄναντες
974 5643 1095 5766 Ἆδη.
1162 5637 1229 5696 Εἰ
1258 5637 1379 5698 ιιιοκ
1418 5659 1431 5694 :
1472 5642 1574 5695 Τὸν
1607 5637 1661 5693 δέ
1690 5637 1995 5709 ὑπεραυρᾶ-

425 5734 533 5766 νιον
557 5716 715 5766 τόπον
740 5714 860 5766 οὔτε
879 5732 961 5766 τις
1024 5731 1125 5766 μνη
1136 5714 1194 5766 σέ
1210 5731 1295 5766 πω
1316 5711 1422 5766 τῶν
1449 5712 1572 5766 τῆδε
1599 5708 1843 5766 ποιητὴς.
1872 5708 1993 5761 οὒτε

425 5734 533 5769 νιον
557 5708 715 5769 τόπον
740 5714 860 5767 οὔτε
879 5732 961 5776 τις
985 5708 1194 5784 ὕμνησέ
1210 5731 1295 5769 πω
1316 5711 1422 5767 τῶν
1449 5712 1572 5783 τῇδε
1599 5708 1843 5780 ποιητὴς,
1872 5708 1993 5761 οὒτε

426 5788 542 5842 ποθ’
567 5789 792 5860 ὑμνήσει
821 5784 938 5839 κατ’
970 5784 1144 5851 ἀξίαν.

2101 4520 2231 4577 etc.
2275 4521 2517 4587 ReSpicit
2564 4522 2821 4589 Origenes
2869 4521 2934 4573 ad
2969 4520 3056 4572 illa
3097 4520 3297 4575 Christi
3333 4520 3492 4574 verba
3524 4525 3664 4588 apud

2098 4594 2431 4647 Clementem
2456 4590 2880 4643 Alexandrinum
2913 4590 3001 4643 lib.
3030 4606 3045 4642 I
3075 4590 3357 4653 Stromah,
3387 4605 3510 4659 pag.
3529 4591 3669 4646 5462

2097 4664 2320 4732 Αἰτεῖτε,
2335 4659 2462 4730 γὰρ,
2514 4662 2667 4730 φησι,
2712 4658 3073 4732 τὰ-μεγὰλα,
3109 4661 3202 4712 καὶ
3248 4659 3315 4732 τὰ
3346 4658 3514 4731 μικρὰ
3544 4662 3674 4732 ὑμῖν

2100 4728 2545 4803 προστεθήσεται,
2685 4728 2899 4803 atl__ista
2934 4728 3194 4803 quaeipse
3218 4728 3374 4803 all'er't
3401 4728 3673 4803 Adaman-

2099 4799 2206 4854 tiits
2239 4802 2328 4853 lib.
2358 4799 2438 4852 De
2462 4801 2699 4853 oratione
2729 4800 2871 4870 :Kal.
2898 4802 3095 4853 αἰτεῖτε
3124 4799 3194 4852 τὰ
3222 4799 3543 4870 ἐπουράνια,
3577 4803 3672 4855 καὶ

2096 4870 2164 4923 τὰ
2189 4871 2405 4938 ἐπίγεια
2436 4872 2563 4939 ὑμῖν
2588 4867 3033 4940 προστεθήσεται,
3082 4885 3147 4923 ex
3183 4867 3471 4939 Evangelia
3509 4871 3671 4934 forte,

2101 4940 2352 4993 Patribns
2402 4942 2602 5007 passim
2653 4940 2886 5000 laudato,
2938 4940 3342 5001 Nazaraeoruut,
3379 4941 3478 4992 nisi
3515 4941 3672 4993 malis

2098 5009 2387 5077 Origenetn
2440 5008 2698 5062 incidisse
2730 5008 2784 5061 in
2822 5010 3204 5078 interpolatum
3250 5008 3484 5062 Matthxi
3521 5010 3672 5062 codi-

2097 5095 2215 5133 cem
2248 5094 2363 5146 cap.
2392 5095 2464 5141 vt,
2491 5079 2577 5131 35.

2169 5147 2282 5218 (10)
2324 5148 2461 5214 Οὓς,
2493 5158 2600 5201 etc.
2624 5147 2864 5211 Λυτέους
2887 5164 2999 5218 pro
3022 5148 3115 5210 οὓς
3139 5149 3337 5213 legisse
3364 5156 3455 5199 aut
3477 5147 3671 5218 legen-

2100 5215 2225 5271 dum
2264 5215 2575 5285 conjecisse
2609 5219 2822 5272 videtur
2868 5215 3123 5272 Gelenius
3174 5219 3465 5284 interpres,
3511 5215 3669 5281 cujus

2100 5288 2467 5357 conjecturam
2514 5304 2636 5340 cum
2672 5288 2997 5355 arripuisset
3047 5289 3375 5357 Spcncerus,
3414 5286 3493 5338 sic
3545 5288 3669 5339 abs-

2100 5356 2213 5422 que
2284 5357 2387 5409 ulla
2475 5359 2967 5423 manuscriptorum
3045 5356 3366 5407 auctoritate
3454 5364 3665 5410 textum

2100 5440 2256 5479 suum
2289 5427 2570 5479 adornavit
2595 5443 2608 5478 :
2645 5425 2736 5489 οὓς
2763 5426 2855 5479 ἐὰν
2882 5424 3083 5545 ξιῶμεν
3106 5424 3280 5492 ὀρθῶς
3307 5424 3396 5476 καὶ
3427 5423 3670 5481 κατὰτὸν

2114 5494 2286 5545 Ἰησοῦ
2335 5496 2489 5545 λόγον
2529 5496 2837 5545 ἀκούοντες.
2923 5494 3039 5545 ύσει
3098 5494 3179 5545 τὸ.
3227 5494 3436 5545 Ὑμεῖς.
3469 5493 3666 5545 Verum

2114 5494 2286 5565 Ἰησοῦ
2335 5496 2489 5565 λόγον
2529 5496 2837 5557 ἀκούοντες,
2885 5493 3039 5546 λύσει
3098 5494 3179 5558 τὸ,
3227 5494 3436 5563 Ὑμεῖς.
3469 5493 3666 5565 Verum

2100 5563 2249 5617 λύσει
2274 5566 2354 5630 τό,
2407 5563 2557 5619 deest
2606 5566 2655 5617 in
2708 5564 2960 5618 omnibus
2989 5578 3117 5617 mss.
3149 5576 3202 5616 et
3239 5566 3377 5631 apud
3409 5563 3671 5618 llmsche.

2103 5638 2255 5688 lium.
2291 5637 2471 5707 Codex
2503 5634 3213 5707 Julianuseit_correcli0n_e
3245 5636 3409 5707 habet
3434 5637 3670 5707 τῇᾷσαρν

2101 5708 2176 5769 xi,
2212 5707 2333 5768 τοὺς
2371 5705 2463 5758 ἐὰν
2490 5704 2713 5777 ,βιῶμενᾲ
2732 5702 2908 5777 ῥρθῶς
2932 5705 3027 5777 καὶ
3061 5705 3201 5777 κατὰ
3234 5705 3323 5757 τὸν
3359 5702 3533 5777 Ἰησοῦ
3583 5702 3673 5765 κόν

2101 5793 2215 5847 γον,
2247 5774 2540 5839 ἀκούοντας
2568 5775 2647 5840 τὸ,
2686 5774 2892 5844 Ὑμεῖς.
2932 5774 3175 5831 lit-clins.
