3972 6160
385 267 528 326 “87

1900 272 2222 328 ORIGENIS

3500 282 3522 335 l
3535 282 3563 334 εί
3572 281 3652 335 88

386 394 583 466 gibilis,
638 399 750 450 hth
796 394 1034 449 visibilis.
1091 393 1457 449 Substantiam
1494 397 1705 463 veritas,
1739 411 1925 465 genera

2056 394 2285 464 γένεσις
2342 394 2580 462 νοητὸν,
2622 396 2870 461 ὁρατόνο
2906 395 3031 463 μετ’
3069 397 3282 462 οὐσίας
3320 395 3440 466 μὲν
3489 401 3651 465 ἀλή-

387 489 584 543 tionem
636 488 918 540 comitatur
962 502 1132 540 error.
1190 484 1468 540 Veritatem
1513 504 1610 554 pro
1656 503 1710 540 re
1753 486 1955 556 objecta

385 579 604 633 scientia
633 579 822 641 habet;
852 593 918 631 ex
949 578 1166 631 veritate
1195 590 1243 631 et
1273 594 1450 630 errore
1488 579 1727 631 nascitur
1754 580 1950 644 opinio.

386 667 541 732 Quod
570 667 896 737 intelligibile
920 677 994 721 est
1019 668 1087 721 ad
1129 668 1554 737 intelligentiam,
1583 670 1724 740 quod
1754 668 1954 722 uisibile

383 759 454 811 ad
480 760 646 812 visum
666 759 907 827 pertinet.
943 757 1283 828 lntelligibile
1317 775 1482 822 mens,
1529 759 1732 813 visibile
1769 759 1952 814 oculus

383 850 670 920 cognoscit.
713 849 1172 915 Quemadmodum
1196 850 1357 919 igitur
1394 852 1446 904 in
1472 852 1625 904 rebus
1664 852 1949 906 visibilibus

380 941 482 1003 sol,
507 957 669 1011 neque
693 940 879 995 oculus
921 950 1018 1006 est,
1066 958 1229 1011 neque
1261 944 1437 1006 visus;
1484 943 1575 996 sed
1603 941 1756 996 oculo
1786 959 1948 998 causa

379 1043 453 1088 est
485 1049 581 1086 cur
618 1032 811 1098 videat,
854 1032 990 1086 visui
1017 1049 1112 1086 cur
1153 1033 1272 1102 ﬁat,
1319 1038 1469 1087 rebus
1518 1033 1809 1088 visibilibus
1853 1050 1948 1087 cur

377 1133 682 1188 cernantur,
723 1124 961 1177 omnibus
1009 1124 1344 1177 sensibilibus
1393 1141 1486 1178 cur
1534 1126 1663 1188 sint,
1707 1125 1804 1178 sibi
1849 1127 1946 1194 ipsi

377 1231 474 1269 cur
526 1216 800 1279 videatur;
830 1215 909 1269 sic
957 1215 1012 1268 in
1058 1215 1209 1269 rebus
1254 1216 1678 1286 intelligibilibus
1721 1216 1810 1270 ille
1855 1217 1945 1286 qui

377 1323 468 1362 nec
513 1323 656 1362 mens
683 1316 780 1372 est,
825 1321 918 1360 nec
952 1305 1322 1377 intelligentia,
1353 1306 1486 1374 facit
1528 1316 1582 1359 ut
1619 1322 1761 1360 mens
1797 1305 1946 1358 intel-

2057 490 2202 548 θεια,
2247 483 2397 554 μετὰ
2441 484 2510 537 δὲ
2556 484 2844 555 γενέσεως
2899 485 3121 554 πλάνη.
3165 489 3304 554 Περὶ
3351 488 3652 554 ἀλήθειαν

2047 576 2166 646 μὲν
2185 572 2298 630 οὗν
2322 575 2641 644 ἐπιστήμη,
2664 575 2796 644 περὶ
2816 574 2885 627 δὲ
2900 575 3148 644 θάτερον
3171 577 3321 642 δόξα
3339 594 3353 606 ·
3377 579 3470 631 καὶ
3495 597 3647 646 νοη-

2053 668 2159 721 τοῦ
2183 667 2298 736 μέν
2323 668 2452 720 ἐστι
2473 669 2706 735 νόησις,
2735 666 2950 734 ὁρατοῦ
2976 668 3043 720 δὲ
3072 668 3231 736 ὄψις.
3250 668 3538 722 Γινώσκει
3569 670 3650 723 δὲ

2051 759 2271 827 νοητὸν
2310 757 2428 828 μὲν
2472 759 2640 824 νοῦς,
2691 758 2908 825 ὁρατὸν
2957 758 3026 811 δὲ
3074 759 3398 829 ὀφθαλμός.
3455 763 3647 831 Ὅπερ

2049 846 2165 904 οὖν
2189 851 2259 903 ἐν
2280 850 2404 916 τοῖς
2429 851 2660 918 ὁρατοῖς
2684 851 2874 918 ἣλιος,
2901 850 3023 904 οὔτ’
3055 851 3362 920 ὀφθαλμὸς
3387 849 3472 905 ὢν
3503 853 3644 907 οὔτ’

2051 943 2212 1012 ὄψις,
2244 944 2379 998 ἀλλ’
2405 944 2690 1012 ὀφθαλμῷ
2718 961 2782 996 τε
2815 943 2922 997 τοῦ
2958 941 3106 1011 όρᾷν
3130 944 3340 1008 αἴτιος,
3365 944 3459 996 καὶ
3495 943 3646 1012 ὄψει

2047 1035 2153 1089 τοῦ
2166 1035 2241 1088 δι’
2257 1035 2441 1089 αὐτὸν
2454 1035 2500 1101 (1
2513 1034 2564 1106 l)
2579 1036 3003 1097 συνίστασθαι,
3019 1034 3117 1089 καὶ
3133 1034 3364 1102 ὁρατοῖς
3380 1032 3644 1103 τοῦὸρᾶ-

2045 1128 2206 1189 σθαι,
2231 1124 2418 1179 πᾶσιν
2449 1125 2756 1202 αἰσθητοῖς
2780 1125 2885 1178 τοῦ
2919 1127 3246 1194 γίγνεσθαι,
3281 1125 3378 1177 καὶ
3404 1124 3489 1193 μὴ
3521 1128 3642 1178 αἰν-

2046 1218 2148 1284 τὸς
2180 1217 2339 1282 αὐτῷ
2371 1217 2478 1271 τοῦ
2511 1217 2850 1282 βλέπεσθαι
2872 1235 2885 1248 ·
2924 1217 3101 1272 τοῦτο
3141 1219 3211 1271 ἐν
3245 1217 3368 1283 τοῖς
3390 1219 3639 1284 νοητοῖς

2044 1308 2291 1374 ἐκεῖνος,
2305 1308 2492 1375 ὅσπερ
2511 1308 2648 1360 οὔτε
2663 1309 2829 1374 νοῦς,
2845 1309 2981 1363 οὔτε
2997 1311 3231 1378 νόησις,
3249 1309 3370 1362 οὔτ’
3381 1309 3639 1373 ἐπιστή-

375 1399 527 1469 ligat,
566 1410 621 1453 ut
656 1399 1001 1469 intelligentia
1035 1415 1128 1468 per
1161 1399 1330 1467 ipsum
1357 1398 1474 1464 ﬂat,
1512 1405 1568 1450 ut
1602 1398 1818 1450 scientia
1853 1412 1925 1464 pet

2038 1417 2144 1469 μη,
2159 1400 2318 1454 ἀλλὰ
2331 1397 2414 1464 νῷ
2439 1415 2503 1452 τε
2533 1398 2638 1452 τοῦ
2657 1398 2818 1452 νοεῖν
2836 1400 3044 1464 αἴτιος,
3065 1399 3163 1452 καὶ
3191 1399 3402 1466 νοήσει
3429 1399 3536 1452 τοῦ
3551 1398 3636 1452 δι’

373 1492 545 1553 ipsum
597 1501 910 1560 cognoscat,
963 1501 1016 1544 ut
1071 1489 1423 1558 intelligibilia
1477 1490 1694 1552 omnia,
1751 1490 1942 1542 veritas

378 1583 519 1652 ipsa,
539 1584 657 1651 ipsa
678 1583 977 1636 substantia
1002 1583 1070 1635 sit
1091 1599 1110 1646 ;
1129 1582 1315 1649 quibus
1340 1582 1577 1636 omnibus
1595 1583 1851 1650 superior,
1867 1590 1939 1633 est

373 1691 571 1728 arcana
601 1674 831 1743 quadam
865 1674 1053 1727 virtute
1103 1672 1475 1742 intelligibilis.
1509 1673 1678 1742 Atque
1707 1671 1818 1724 lucc
1860 1671 1938 1723 di-

2043 1491 2228 1545 αὐτὸν
2241 1487 2412 1555 εἶναι,
2427 1491 2524 1544 καὶ
2543 1493 2840 1561 ἐπιστήμῃ
2857 1492 2963 1545 τοῦ
2979 1491 3052 1543 δι’
3064 1491 3249 1544 αὐτὸν
3273 1489 3635 1560 γιγνώσκειν

2043 1583 2176 1654 (12),
2194 1583 2291 1636 καὶ
2306 1584 2542 1651 νοητοῖς
2559 1584 2878 1648 ἅπασι,καὶ
2897 1582 3051 1651 αὐτῇ
3074 1584 3320 1650 ἀληθείᾳ
3342 1583 3438 1635 καὶ
3465 1583 3630 1650 αὐτῇ

2041 1677 2241 1742 οὐσίᾳ,
2274 1677 2380 1730 τοῦ
2417 1673 2569 1730 εἶναι
2592 1693 2605 1707 ·
2651 1676 2890 1730 πάντων
2930 1676 3208 1730 ἐπέκεινα
3247 1675 3352 1739 ὢν,
3384 1674 3627 1742 ἀρρήτῳ

371 1776 454 1819 cta
485 1766 587 1819 sint
618 1763 1054 1834 intelligentibus;
1099 1778 1318 1833 quorum
1349 1764 1396 1816 si
1421 1762 1547 1832 quid
1592 1771 1639 1815 et
1681 1777 1766 1815 vos
1796 1762 1925 1827 capi-

2043 1768 2160 1820 τινὶ
2205 1767 2452 1837 δυνάμει
2495 1771 2728 1835 νοητός.
2785 1769 2947 1823 Ταῦτ’
2979 1768 3204 1836 εἴρηται
3239 1769 3357 1836 μὲν
3397 1766 3624 1835 ἀνθρώ-

370 1857 459 1920 tis,
497 1855 622 1908 bene
657 1863 732 1908 est
760 1870 778 1907 :
801 1863 849 1908 et
879 1855 925 1909 si
952 1854 1204 1924 judicatis
1236 1854 1481 1923 spiritum
1515 1851 1746 1922 aliquem
1773 1869 1804 1906 a
1831 1851 1937 1905 Deo

369 1946 700 2000 descendisse
737 1946 804 1998 ad
832 1961 914 1999 res
942 1945 1143 1999 divinas
1176 1943 1626 2007 annuntiandum,
1656 1943 1740 1996 hic
1781 1943 1938 2011 spiri-

369 2049 452 2093 tus
480 2053 606 2092 sane
645 2047 722 2091 est
752 2037 839 2091 ille
882 2037 971 2106 qui
997 2037 1106 2090 licet:
1137 2037 1414 2105 prwdicat,
1453 2045 1499 2089 et
1528 2051 1629 2103 quo
1661 2035 1758 2089 viri
1799 2044 1938 2088 vete-

368 2147 449 2185 res
479 2130 658 2194 repleti
697 2129 862 2183 multa
897 2141 946 2182 et
970 2128 1230 2198 prwclara
1263 2128 1578 2200 docuerunt.
1617 2126 1824 2181 Harum
1857 2143 1938 2182 re-

369 2238 485 2274 rum
509 2223 554 2275 si
585 2221 716 2275 nihil
749 2222 962 2290 assequi
991 2221 1232 2287 potestis,
1268 2227 1454 2282 tacete,
1494 2228 1717 2273 vestram
1760 2217 1936 2272 occul-

365 2324 471 2367 tate
519 2312 893 2383 ignorantiam,
921 2327 1012 2366 nec
1061 2313 1219 2365 dicite
1259 2328 1424 2366 ctvcos
1461 2327 1570 2366 esse
1615 2313 1706 2381 qui
1738 2312 1932 2377 vident,

365 2413 412 2455 et
445 2401 536 2472 qui
578 2413 796 2456 currunt
855 2417 965 2456 esse
1011 2403 1230 2456 claudos
1258 2418 1276 2472 ς
1309 2418 1429 2455 cum
1466 2417 1556 2456 vos
1596 2402 1695 2470 ipsi
1740 2402 1932 2454 animis

361 2509 579 2564 prorsus
611 2493 937 2560 claudicelis,
973 2501 1021 2547 et
1052 2493 1282 2547 mutilali
1311 2493 1448 2560 sitis,
1478 2501 1524 2546 et
1551 2491 1663 2547 solo
1692 2509 1928 2561 corpore,

365 2584 457 2638 ltoc
482 2594 555 2638 est
579 2593 729 2653 parte
755 2587 910 2638 vestri
942 2592 1172 2648 mortua,
1204 2583 1406 2638 vivatis.

428 2845 516 2901 46.
577 2845 656 2900 Ad
698 2845 815 2900 hzcc
856 2859 986 2910 nos,
1015 2846 1106 2914 qui
1147 2845 1424 2898 studemus
1476 2845 1702 2914 pulchre
1747 2845 1926 2911 dictis,

359 2939 572 2993 etiamsi
615 2944 861 2994 auctores
885 2951 914 2988 a
945 2946 1128 2989 nostra
1166 2935 1270 2989 title
1302 2934 1462 2987 alieni
1510 2935 1638 2999 sint,
1679 2950 1784 2989 non
1832 2935 1929 2988 ad-

294 3040 310 3051 ‘
358 3029 589 3092 versari,
639 3043 743 3082 nou
780 3026 905 3081 lites
950 3040 1154 3091 serere,
1191 3040 1294 3078 non
1344 3033 1586 3079 evertere
1625 3039 1747 3094 qua:
1791 3040 1922 3079 sana

357 3127 504 3183 sunt,
541 3117 987 3186 respondebimus
1023 3130 1114 3170 eos
1151 3116 1241 3186 qui
1277 3115 1539 3170 conviciis
1567 3117 1926 3186 proscindunt

360 3209 478 3264 illos
533 3207 629 3279 qui
681 3218 948 3262 conantur
994 3223 1090 3277 pro
1141 3208 1346 3263 viribus
1408 3224 1677 3264 summum
1745 3208 1928 3265 colere

358 3301 554 3364 Deum,
599 3298 686 3354 cui
732 3299 992 3370 probatur
1035 3309 1090 3354 et
1137 3300 1426 3354 idiotarum
1466 3301 1516 3355 iu
1557 3302 1731 3370 ipsum
1766 3300 1924 3366 ﬁdes,

356 3401 410 3445 et
447 3392 658 3447 ratione
685 3390 940 3446 comitata
973 3392 1144 3460 pietas
1185 3391 1594 3462 prudentiorum
1629 3407 1750 3448 cum
1799 3407 1924 3462 gra-

357 3482 555 3537 tiarum
585 3481 799 3536 actione
822 3481 987 3551 728
1021 3479 1178 3550 hujus
1217 3482 1455 3537 universi
1488 3481 1766 3538 Conditori
1800 3496 1922 3550 pre-

355 3587 448 3628 ces
502 3571 866 3640 oﬂ'ereutium,
912 3573 1073 3641 idque
1123 3589 1218 3642 per
1266 3587 1536 3628 summum
1579 3575 1920 3630 sacerdotem

352 3665 581 3719 sincera:
627 3663 844 3731 pietatis
878 3663 1018 3718 inter
1053 3664 1298 3719 homines
1338 3664 1651 3731 doctorem;
1700 3665 1790 3734 qui
1839 3665 1923 3720 di-

351 3765 481 3810 cunt
514 3754 816 3821 huiusmodi
849 3755 1094 3809 homines
1118 3755 1307 3809 animis
1337 3755 1642 3810 claudicare
1673 3765 1721 3825 et
1755 3757 1919 3810 muti-

350 3849 427 3902 los
480 3864 620 3914 esse;
675 3849 764 3916 qui
812 3855 1061 3902 asserunt
1109 3863 1194 3901 eos
1237 3859 1444 3902 mortuo
1487 3864 1704 3916 corpore
1749 3849 1918 3904 vivere

347 3941 546 4010 quibus
588 3940 737 3994 cordi
777 3949 860 3994 est
900 3953 965 3993 ex
998 3938 1178 3992 animo
1217 3939 1438 3994 dicere:
1485 3940 1552 3993 In
1594 3957 1750 3994 carne
1781 3943 1916 3995 enim

347 4031 568 4086 viventes
633 4047 736 4086 non
783 4032 1072 4086 secundum
1123 4046 1337 4084 carnem
1387 4031 1678 4086 militamus
1727 4045 1746 4084 :
1795 4049 1919 4086 nam

345 4141 493 4179 arma
525 4125 730 4180 militia:
770 4135 963 4180 nostra?
991 4141 1095 4179 non
1129 4127 1366 4181 carnalia
1395 4135 1540 4190 sunt,
1571 4125 1662 4179 sed
1686 4127 1916 4192 potentia

345 4215 454 4269 Deo
499 4214 577 4283 ¹⁶;
635 4217 1096 4287 respondebimus,
1149 4219 1392 4288 inquam,
1442 4233 1535 4273 eos
1585 4233 1778 4272 cavere
1823 4219 1916 4272 de-

344 4307 496 4373 bere,
537 4321 605 4363 ne
631 4321 696 4362 eo
740 4309 856 4378 ipso
898 4310 1040 4379 quod
1092 4309 1420 4366 maledicunt
1471 4311 1788 4365 hominibus
1820 4311 1913 4366 Dei

2043 1874 2177 1924 ποις
2219 1857 2369 1912 νοῦν
2409 1859 2696 1928 ἔχουσιν-ο
2744 1861 2796 1912 εὶ
2842 1859 2908 1912 δέ
2964 1877 3016 1911 τι
3061 1857 3260 1912 αὐτῶν
3305 1856 3405 1910 καὶ
3450 1855 3622 1924 ὑμεῖς

2039 1953 2298 2014 συνίετε,
2349 1949 2418 2003 εὖ
2465 1950 2606 2019 ὑμῖν
2655 1951 2778 2019 ἔχει
2827 1951 2958 2020 (1.5).
3005 1949 3113 2004 Kal
3160 1947 3416 2017 πνεῦμα,
3461 1949 3517 2000 εἴ
3564 1965 3623 2000 τι

2041 2042 2240 2096 οἴεσθε
2274 2042 2482 2095 κατιόν
2498 2043 2565 2094 ἐκ
2585 2042 2731 2095 Θεοῦ
2750 2041 3180 2112 προαγγέλλειν
3205 2042 3275 2095 τὰ
3290 2042 3436 2104 θεῖα,
3457 2041 3619 2095 τοῦτ’

2039 2127 2116 2183 ἂν
2153 2131 2245 2197 εἴη
2300 2131 2364 2183 τὸ
2408 2132 2642 2199 πνεῦμα
2694 2131 2758 2184 τὸ
2810 2132 2996 2184 ταῦτα
3050 2133 3366 2200 κηρύττον,
3418 2129 3487 2188 οὗ
3536 2131 3618 2200 δὴ

2039 2215 2412 2283 πλησθέντες
2455 2217 2670 2285 ἄνδρες
2714 2220 2953 2272 παλαιοὶ
3003 2219 3202 2274 πολλὰ
3246 2221 3473 2289 κάγαθὰ
3509 2221 3618 2290 ἥγι-

2040 2311 2248 2378 γειλαν
2265 2323 2278 2338 ·
2313 2301 2399 2361 ὧν
2423 2310 2476 2362 ei
2497 2307 2584 2376 μὴ
2622 2308 2882 2362 δύνασθε
2907 2311 3156 2373 ἐπαΐειν,
3183 2311 3464 2374 σιωπᾶτε,
3513 2313 3612 2364 καὶ

2037 2398 2153 2466 τὴν
2196 2397 2424 2452 ἑαυτῶν
2473 2400 2730 2469 ἀμαθίαν
2771 2401 3194 2470 ἐγκαλύπτετε,
3241 2403 3339 2455 καὶ
3373 2404 3457 2471 μὴ
3505 2402 3608 2456 λέ-

2035 2505 2167 2557 γετε
2215 2489 2578 2558 τυφλώττειν
2623 2491 2764 2556 τοὺς
2799 2490 3166 2557 βλέποντας,
3215 2493 3311 2545 καὶ
3374 2493 3609 2561 χωλοὺς

2033 2581 2184 2634 εἶναι
2229 2581 2370 2646 τοὺς
2415 2581 2756 2650 τρέχοντας,
2804 2583 2971 2636 αὐτοὶ
3025 2581 3223 2652 πάντη
3265 2584 3372 2651 τὰς
3403 2587 3608 2655 ψυχὰς

2035 2671 2590 2741 ἀποκεχωλευμένοι
2637 2673 2735 2726 καὶ
2774 2673 3340 2745 ἠκρωτηριασμένοι,
3375 2678 3472 2730 καὶ
3526 2677 3610 2742 τῷ

2033 2764 2256 2833 σώματι
2286 2764 2512 2828 ζῶντες,
2553 2766 2823 2820 τουτέστι
2848 2766 2927 2832 τῷ
2963 2766 3170 2834 νεκρῷ.

2105 2856 2248 2927 Πρὸς
2293 2856 2465 2910 ταῦτα
2516 2857 2559 2909 δ’
2618 2859 2777 2927 ἡμεῖς
2836 2858 3076 2927 φήσομεν
3119 2859 3168 2909 oi
3213 2857 3600 2929 μελετήσαντες

2036 2945 2224 3016 μηδενὶ
2260 2945 2662 3016 ἀπεχθάνεσθαι
2699 2947 2806 2998 τῶν
2847 2946 3026 3010 καλῶς
3058 2946 3384 3018 λεγομένων,
3421 2949 3523 3002 κᾶν
3550 2951 3600 3003 oi

2031 3036 2136 3101 ἔξω
2168 3038 2265 3107 τῆς
2296 3037 2523 3100 πίστεως
2557 3038 2755 3106 λέγωσι
2794 3038 2990 3102 καλῶς,
3026 3039 3099 3108 μὴ
3139 3041 3599 3110 προσφιλονεικεῖν

2033 3128 2141 3199 (id)
2176 3130 2376 3193 αὐτοῖς,
2416 3130 2548 3200 μηδὲ
2578 3129 2759 3201 ζητεῖν
2802 3130 3126 3202 ἀνατρέπειν
3155 3131 3223 3184 τὰ
3256 3133 3426 3200 ὑγιῶς
3452 3133 3600 3203 ἕχον.

2030 3239 2120 3284 τα,
2159 3222 2241 3274 ὅτι
2272 3223 2322 3273 οἱ
2366 3223 2462 3291 μὲν
2504 3221 2988 3293 διαλοιδορούμενοι
3033 3226 3142 3286 τοῖς
3189 3226 3332 3280 κατὰ
3374 3225 3601 3295 δύναμιν

2031 3314 2110 3377 εἰς
2153 3313 2242 3365 τὸν
2288 3313 2396 3366 τῶν
2425 3314 2558 3367 ὅλων
2591 3313 2721 3365 Θεὸν
2759 3313 3000 3366 εὐσεϐεῖν
3032 3311 3292 3378 θέλουσιν,
3341 3316 3597 3386 ἀποδεχὸ-

2033 3421 2192 3475 μενον
2234 3405 2455 3458 ἰδιωτῶν
2496 3405 2592 3476 τὴν
2624 3408 2704 3469 εἰς
2745 3407 2904 3460 αὐτὸν
2932 3407 3134 3473 πίστιν,
3180 3408 3272 3460 καὶ
3307 3409 3596 3460 συνετωτέ-

2031 3512 2138 3565 ρων
2168 3497 2265 3568 τὴν
2297 3496 2432 3568 μετὰ
2460 3497 2617 3565 λόγου
2651 3501 2730 3561 εἰς
2770 3499 2930 3551 αὐτὸν
2957 3499 3251 3564 εὐσέϐειαν,
3290 3502 3404 3570 μετ’
3439 3500 3594 3569 εὐχα-

2029 3587 2238 3660 ριστίας
2294 3588 2723 3658 ἀναπεμπόντων
2774 3589 2938 3660 εὐχὰς
2988 3589 3066 3660 τῷ
3119 3590 3444 3662 Δημιουργῷ
3499 3591 3593 3643 τοῦ

2026 3680 2245 3743 παντὸς,
2281 3679 2374 3733 καὶ
2405 3680 2832 3750 ἁναπεμπόντων
2865 3683 3052 3746 αὐτὰς,
3088 3683 3162 3746 ὡς
3197 3683 3262 3735 δι’
3295 3683 3592 3755 ἀρχιερέως

2023 3771 2116 3825 τοῦ
2139 3772 2236 3842 τὴν
2257 3771 2526 3842 εἰλικρινῆ
2551 3771 2856 3828 θεοσέϐειαν
2881 3774 3180 3846 ἀνθρώποις
3204 3777 3588 3846 παραστήσαν-

2024 3878 2133 3926 τος⁶
2147 3862 2242 3916 καὶ
2259 3862 2548 3925 καλοῦντες
2562 3865 2757 3929 αὐτοὺς
2775 3883 2842 3918 κε
2845 3865 3259 3934 χωλευμένους
3272 3868 3376 3931 τὰς
3391 3866 3590 3934 ψυχὰς

2021 3952 2742 4023 καὶὴκρωτηριασμένους,
2761 3955 3006 4025 λέγοντες
3022 3957 3076 4010 δὲ
3097 3957 3190 4010 καὶ
3217 3957 3424 4027 σώματι
3458 3957 3590 4021 ζῶν-

2018 4061 2117 4108 τας
2144 4042 2221 4114 τῷ
2248 4044 2425 4116 νεκρῷ
2457 4045 2581 4107 τοὺς
2605 4046 2939 4116 μελετῶντας
2971 4048 3077 4102 ἀπὸ
3093 4049 3383 4112 διαθέσεως
3413 4048 3588 4116 λέγειν

2017 4137 2099 4200 τὸ,
2118 4137 2212 4191 Ἐν
2232 4139 2408 4206 σαρκὶ
2439 4139 2546 4208 γὰρ
2577 4136 2786 4206 ζῶντες
2805 4139 2823 4209 (
2836 4140 2913 4210 15)
2934 4143 3008 4194 οὐ
3020 4141 3171 4194 κατὰ
3196 4141 3392 4208 σάρκα
3411 4157 3586 4208 στρα-

2018 4230 2304 4298 τευόμεθα
2326 4246 2338 4258 ·
2370 4229 2442 4282 τὰ
2473 4229 2581 4298 γὰρ
2622 4229 2781 4283 ὅπλα
2819 4230 2930 4298 τῆς
2967 4231 3282 4298 στρατείας
3325 4232 3490 4300 ἡμῶν
3519 4234 3588 4285 οὐ

2017 4321 2293 4388 σαρκικὰ,
2331 4321 2493 4375 ἀλλὰ
2543 4320 2769 4375 δυνατὰ
2816 4321 2896 4388 τῷ
2945 4323 3096 4388 Θεῷο
3143 4324 3453 4396 δράτωσαν,
3513 4323 3590 4394 μὴ

341 4413 463 4453 esse
487 4399 852 4468 cupientibus,
876 4416 1005 4456 suas
1033 4401 1272 4472 ipsorum
1307 4403 1523 4457 animas
1541 4402 1762 4457 claudas
1789 4403 1910 4456 red-

2033 4414 2133 4486 ιατ’
2171 4413 2302 4466 αὐτὸ
2344 4410 2502 4465 τοῦτο
2547 4412 2723 4480 λέγειν
2771 4413 2954 4478 κακῶς
3002 4413 3320 4484 ἀνθρώπους
3363 4416 3586 4486 εὐχομέ-

343 4491 472 4542 dant
521 4500 573 4544 et
625 4505 784 4545 suum
827 4491 1145 4548 interiorem
1195 4495 1472 4549 hominem
1525 4495 1802 4560 mutilent;
1837 4495 1911 4548 si-

339 4580 557 4649 quidem
597 4581 708 4636 suis
739 4583 790 4635 in
841 4582 974 4636 alios
1018 4595 1164 4638 recte
1205 4586 1387 4639 vivere
1418 4586 1666 4641 volentes
1693 4587 1906 4642 calum-

341 4671 466 4730 uiis.
494 4671 559 4724 ab
585 4670 678 4725 illo
708 4681 957 4727 resecant
990 4674 1301 4742 aequitatem
1331 4685 1384 4730 et
1415 4677 1844 4731 moderationem
1876 4693 1906 4732 a

337 4761 627 4814 Comiitore
674 4763 864 4817 insitas
894 4773 1123 4830 naturae,
1171 4781 1288 4835 quae
1335 4769 1560 4823 rationis
1607 4779 1690 4824 est
1735 4773 1905 4838 parti-

339 4867 486 4920 ceps.
537 4851 637 4918 Qui
700 4861 879 4907 autem
940 4856 1080 4910 inter
1127 4858 1226 4912 alia
1280 4861 1584 4916 didicerunt
1642 4877 1670 4915 a
1720 4861 1904 4915 divino

342 4941 535 5007 Verbo,
581 4942 743 5012 idque
789 4957 1180 5014 exsequuntur,
1225 4951 1656 5006 maledicentibns
1683 4954 1899 5007 benedi-

429 5089 472 5119 “
494 5087 532 5143 ll
556 5089 680 5145 Cor.
709 5106 763 5155 ι,
785 5091 840 5156 ’5,
866 5091 918 5144 4.

406 5204 516 5276 (il)
543 5206 620 5258 Δι’
656 5206 860 5276 αὐτόν.
906 5204 1085 5260 Mallet
1129 5204 1468 5276 Quietusbt‘
1512 5206 1698 5276 αὐτοῦ.
1734 5208 1904 5265 Paulo

370 5273 457 5348 ost
479 5273 575 5348 pro
597 5275 690 5328 uati.
717 5275 808 5348 μὴν
823 5273 1160 5348 αὐτὸςᾲαύτῷ
1186 5273 1280 5348 τοῦ
1301 5273 1610 5348 βλέπεσθαι,
1649 5278 1902 5332 Boherel-

355 5360 416 5399 us
445 5343 590 5414 legit,
624 5343 729 5399 καῖ
778 5343 861 5417 ⁷ὴν
894 5346 1054 5410 αὐτὸς
1081 5343 1228 5416 αὐτῷ
1251 5343 1345 5397 τοῦ
1378 5345 1690 5414 βλέπεσθαι,
1729 5349 1896 5405 Guie—

358 5429 417 5468 us
448 5431 596 5470 vero.
626 5417 718 5469 καὶ
750 5364 812 5470 διὴ
847 5418 1009 5470 αὐτὸς
1035 5417 1182 5470 αὐτῶ
1209 5416 1300 5469 τοῦ
1324 5415 1635 5470 ϐλέπεσθαι.

333 5423 602 5488 ιυερῄνετρ,
626 5417 718 5488 καὶ
750 5415 828 5488 δὴῖ
847 5418 1009 5482 αὐτὸς
1035 5417 1182 5488 αὐτῷ
1205 5415 1300 5488 τοῦ
1323 5415 1635 5488 βλέπεσθαιέ

405 5483 513 5554 (12)
555 5471 735 5557 Mallet
790 5471 1039 5557 cuiauis,
1092 5471 1195 5557 τοῦ
1239 5471 1522 5540 δι”αὐτοῦ
1579 5485 1750 5557 εἶναι,
1801 5491 1895 5543 καὶ

329 5552 605 5628 ἐπιστήμῃ
632 5554 724 5608 τοῦ
757 5558 820 5608 δι’
853 5556 1014 5611 αὐτοῦ
1041 5555 1382 5628 γιγνῶσκειν.

401 5609 745 5702 (μὸίξόῖηηθε
776 5609 1123 5702 ροθάςιιιξξ,
1248 5609 1378 5702 ὐμῖν
1403 5626 1534 5697 ἔχει,
1563 5629 1754 5702 sicque
1789 5629 1893 5684 Ge-

331 5687 508 5743 lenius
539 5691 804 5760 iuterpres
832 5696 983 5765 legit.
1032 5687 1367 5752 llteschclius
1407 5687 1586 5754 autent
1627 5687 1680 5756 el
1725 5700 1902 5770 Spen-

2017 4521 2142 4568 νους
2194 4499 2332 4556 εἶναι
2371 4502 2526 4568 Θεοῦ,
2572 4504 2668 4566 τὰς
2719 4503 2895 4575 ψυχὰς
2947 4505 3152 4559 ἑαυτῶν
3193 4506 3371 4576 χωλὰς
3418 4524 3583 4562 κατα·

2018 4594 2356 4658 σκευάζωσι,
2411 4595 2504 4646 καὶ
2559 4593 2668 4664 (l6)
2723 4595 2817 4649 τὸν
2875 4594 2983 4647 ἔσω
3037 4597 3244 4649 ἑαυτῶν
3304 4597 3584 4667 ἄνθρωπον

2015 4685 2518 4756 ἀκρωτηριάζωσιν,
2556 4685 2955 4749 ἀποκόπτοντες
2988 4687 3204 4750 αὐτοὺς,
3240 4686 3329 4740 διὰ
3354 4688 3461 4742 τῶν
3506 4690 3586 4750 εἰς

2013 4775 2230 4846 ἑτέρους
2256 4775 2596 4846 δυσφημιῶν,
2637 4778 2762 4840 τοὺς
2791 4777 2971 4840 καλῶς
3011 4777 3158 4847 βιοῦν
3191 4778 3492 4842 ἐθέλοντας,
3524 4778 3584 4830 τὸ

2013 4867 2252 4929 ἐπιεικὲς
2290 4867 2383 4919 καὶ
2409 4868 2467 4919 τὸ
2500 4868 2758 4931 εὐσταθὲς
2783 4870 3162 4940 ὲνεσπαρμένα
3208 4870 3452 4938 φυσικῶς
3479 4871 3584 4923 ὐπὸ

2011 4957 2103 5010 τοῦ
2138 4957 2480 5029 Δημιουργοῦ
2512 4961 2577 5029 τῇ
2602 4957 2792 5031 λογικῇ
2816 4959 2994 5030 φύσει.
3025 4961 3088 5014 Oi
3116 4960 3172 5014 δὲ
3201 4960 3335 5032 πρὸς
3365 4960 3582 5033 ἑτέρους

2009 5228 2190 5276 cerus,
2221 5217 2304 5284 ἐφ’

2219 5287 2437 5362 Δᾗιὶιμιοι
2463 5287 2618 5362 mssa,
2655 5289 2728 5361 μὴ
2759 5292 2896 5362 πρὸς
2926 5292 3275 5361 φιλονεικίαν.

2220 5357 2446 5433 Yulgata
2471 5357 2668 5433 Biblia,
2693 5357 3139 5433 περιπατοῦντες.

2109 5427 2192 5500 16)
2229 5428 2357 5500 καί.
2400 5429 2555 5482 Deest
2610 5431 2660 5483 in
2701 5427 2856 5483 antea
2891 5435 3072 5494 editis,
3106 5435 3199 5486 sed
3239 5432 3479 5488 hibetur
3513 5433 3569 5485 in

2004 5510 2135 5567 _mss.
2171 5498 2337 5552 Paulo
2363 5507 2612 5567 post,pro
2641 5500 3043 5566 ἀποκόπτοντες
3075 5501 3289 5566 αὐτούς,
3327 5503 3581 5558 Boherel-

2003 5565 2085 5686 léus
2119 5567 2246 5652 legit
2294 5565 2690 5632 ἀποκόπτοντες
2727 5570 2912 5634 αὐτοῦ,
2951 5565 3031 5627 uti
3049 5565 3306 5644 jungatur
3337 5587 3461 5627 cum
3508 5572 3575 5626 τὸ

2040 5653 2266 5686 πιεικεε.

2040 5653 2266 5700 πιεικες.

2339 5219 2469 5288 ἡμῖν
2503 5219 2636 5290 ἔχει,
2669 5220 2831 5290 male.
