3972 6160
467 355 496 408 1
509 353 611 409 £39

1626 347 1905 404 CONTRA
1940 344 2214 402 CELSUM
2248 342 2378 401 LIB.
2425 342 2530 401 VII.

3574 331 3712 386 1430

463 472 576 540 (17)
612 469 872 540 μαθόντες
887 469 992 522 ἀπὺ
1011 468 1103 522 τοῦ
1127 468 1270 522 θείου
1293 469 1487 538 Λόγου,
1511 471 1604 523 καὶ
1626 470 1928 538 ποιοῦντες,
1947 471 2034 525 καὶ

2144 485 2280 534 cere,
2307 466 2715 537 persecutionem
2742 461 2854 532 pati
2895 469 2942 516 et
2973 461 3248 520 sustinere,
3283 457 3632 528 blaspliemari
3660 465 3710 510 et

465 567 523 619 τὺ
535 565 977 634 λοιδορούμενοι
995 563 1290 634 εὐλογεῖν,
1322 564 1667 634 διωκόμενοι
1694 565 2034 634 ἀνέχεσθαι,

463 657 951 725 δυσφημούμενοι
983 654 1382 722 παρακαλεῖν·
1419 647 1565 707 οὗτοι
1612 653 1677 708 ἂν
1723 651 1832 706 εἷεν
1865 655 1913 706 οἱ
1945 653 2042 716 τὰς

463 746 563 816 τῆς
600 745 777 816 ψυχῆς
833 745 1016 815 βάσεις
1065 743 1422 816 ὀρθώσαντες,
1466 745 1559 797 καὶ
1586 744 1712 814 ὃλην
1740 743 1836 814 τὴν
1867 743 2042 814 ψυχὴν

463 835 818 906 καθαίροντες
863 837 958 888 καὶ
1007 835 1446 906 εὐτρεπίζοντες’
1489 837 1586 905 οὐχ
1625 836 1712 888 ἵνα
1738 834 1913 900 λέξεσι
1950 835 2045 904 μό·-

463 944 582 990 ναις
626 925 810 980 οὐσίαν
865 926 972 978 ἀπὸ
1023 926 1287 993 γενέσεως
1336 925 1645 996 χωρίζωσι,
1709 926 1801 978 καὶ
1855 925 2042 994 νοητὸν

464 1018 572 1070 ἀπὸ
616 1016 832 1088 όρατοῦ,
862 1017 955 1069 καὶ
983 1015 1080 1087 τὴν
1130 1016 1227 1087 μὲν
1269 1016 1523 1088 ἀληθειαν
1556 1019 1620 1088 τῇ
1667 1016 1823 1087 οὐσίᾳ
1883 1015 2044 1068 συνά-

466 1126 661 1172 πτωσι,
701 1109 799 1178 τὴν
836 1108 893 1160 δὲ
941 1108 1078 1176 μετά
1111 1107 1377 1176 γενέσεως
1404 1107 1630 1179 “πλάνην
1665 1108 1827 1161 παντὶ
1858 1106 2042 1177 τρόπῳ

464 1201 736 1268 φεύγωσι·
799 1197 1146 1262 σκοποῦντες,
1198 1197 1274 1259 ὡς
1322 1197 1542 1268 ἔμαθον,
1573 1200 1634 1251 οὐ
1660 1199 1726 1252 τὰ
1753 1199 2036 1267 γενέσεως,

464 1289 606 1362 ἅπερ
661 1290 777 1342 ἐστὶ
832 1289 1168 1359 βλεπόμενα,
1223 1288 1316 1340 καί
1367 1287 1455 1341 διὰ
1503 1287 1658 1342 τοῦτο
1711 1288 2039 1360 πρόσκαιρα,

463 1381 599 1434 ἀλλά
629 1381 696 1435 τὰ
745 1381 1062 1452 κρείττονα·
1114 1378 1210 1431 εἴτ’
1255 1377 1441 1431 οὐσίαν
1490 1379 1630 1431 αὑτά
1667 1397 1748 1442 τις
1797 1378 2042 1449 βούλεται

463 1473 668 1539 καλεῖν,
705 1471 837 1533 εἴτε,
885 1469 971 1522 διὰ
1014 1471 1074 1522 τὸ
1117 1469 1282 1539 νοητὰ
1328 1471 1616 1539 τυγχάνειν
1649 1468 1781 1540 (18),
1810 1470 2040 1540 ἀόρατα,

461 1562 592 1627 εἴτε,
641 1563 727 1615 διὰ
759 1563 818 1616 τὸ
852 1561 955 1628 ἕξω
998 1561 1299 1631 αἰσθήσεως
1332 1557 1465 1613 εἶναι
1507 1560 1684 1614 αὐτῶν
1727 1560 1823 1631 τὴν
1857 1559 2038 1629 φύσιν,

466 1655 539 1725 μὴ
573 1653 896 1724 βλεπόμενα.
930 1653 1085 1706 Οὕτω
1114 1653 1170 1704 δὲ
1200 1655 1310 1716 τοῖς
1355 1653 1450 1722 τῆς
1482 1653 1747 1720 γενέσεως
1785 1652 2040 1723 ἐνορῶσιν

463 1744 512 1796 οἱ
541 1744 632 1796 τοῦ
667 1744 840 1814 Ἰησοῦ
875 1743 1130 1814 μαθηταὶ,
1158 1741 1296 1795 ὥστε
1319 1745 1479 1795 οἱονεὶ
1510 1742 1780 1814 ἐπιϐάθρα
1808 1742 2040 1813 χρῆσθαι

462 1834 644 1896 αὐτοῖς
673 1835 808 1904 πρὸς
838 1833 932 1905 τὴν
959 1834 1282 1902 κατανόησιν
1303 1833 1400 1903 τῆς
1423 1833 1530 1885 τῶν
1558 1833 1762 1904 νοητῶν
1793 1834 2032 1902 φύσεως·

468 1927 542 1980 Tit
569 1927 677 1997 γὰρ
731 1927 951 1994 ἀόρατα
989 1925 1094 1978 τοῦ
1129 1924 1274 1978 Θεοῦ
1331 1924 1449 1978 ἀπὸ
1484 1925 1734 1990 κτίσεως
1781 1925 2033 1994 κόσμου,

461 2015 704 2067 τουτέστι
738 2013 804 2066 τὰ
844 2013 1028 2084 νοητά,
1064 2013 1187 2079 τοῖς
1215 2013 1500 2082 ποιήμασι
1519 2015 1839 2084 νοούμενα,
1871 2002 1928 2070 ἐν
1961 2015 2038 2086 τῷ

460 2105 712 2170 νοεῖσθαι,
747 2103 1084 2172 καθορᾶται.
1132 2105 1241 2157 Καὶ
1275 2105 1372 2175 οὐχ
1409 2089 1661 2160 ἵστανταί
1687 2123 1770 2174 γε,
1805 2106 2033 2160 ἀναϐάν·

459 2211 551 2256 τες
590 2194 698 2246 ἀπὸ
731 2193 836 2248 τῶν
879 2193 972 2246 τοῦ
1019 2193 1226 2264 κόσμου
1263 2194 1595 2264 κτισμάτων,
1627 2197 1685 2249 ὲν
1719 2198 1832 2260 τοῖς
1869 2195 2037 2268 ἀορά-

457 2299 569 2345 τοις
609 2279 703 2334 τοῦ
737 2280 904 2334 Θεοῦ·
943 2281 1075 2334 ἀλλά
1113 2281 1220 2352 γὰρ
1257 2281 1454 2344 ἱκανῶς
1493 2281 1723 2346 ἐκείνοις
1755 2285 2036 2355 ἐγγυμνα-

462 2371 719 2440 σάμενοι,
757 2372 851 2424 καὶ
889 2372 1159 2432 συνιέντες
1196 2370 1332 2423 αὐτά
1363 2371 1742 2424 ἀναϐαίνουσιν
1787 2374 1878 2426 ἐπὶ
1939 2374 2037 2445 τὴν

457 2459 652 2514 ἀΐδιον
678 2460 932 2529 δύναμιν
964 2460 1068 2513 τοῦ
1098 2460 1265 2525 Θεοῦ,
1301 2460 1393 2512 καὶ
1423 2460 1754 2524 ἁπαξαπλῶς
1790 2462 1888 2532 τὴν
1923 2461 2040 2515 θεό-

459 2568 594 2620 τητα
620 2550 781 2604 αὐτοῦ
805 2569 817 2581 ο
841 2551 1212 2620 ἐπιστάμενοι,
1231 2552 1310 2603 ὅτι
1334 2552 1361 2603 ὁ
1383 2553 1479 2620 μὲν
1493 2550 1879 2622 ’φιλάνθρωπος
1905 2553 2039 2616 Θεὸς

459 2639 558 2709 τὴν
597 2639 852 2708 ἀλήθειαν
889 2639 982 2690 καὶ
1016 2639 1081 2692 τὸ
1109 2639 1326 2692 ἑαυτοῦ
1361 2641 1630 2708 γνωστὸν
1660 2641 2040 2710 ἐφανέρωσεν

459 2731 520 2782 οὐ
553 2729 710 2800 μόνον
739 2733 852 2793 τοῖς
879 2731 1256 2800 ἀνακειμένοις
1288 2731 1456 2800 αὐτῷ,
1495 2730 1629 2785 ἀλλά
1669 2734 1762 2786 καί
1789 2751 1900 2786 τισι
1935 2733 2038 2798 ἔξω

459 2824 556 2891 τῆς
589 2820 909 2890 εἰλικρινοῦς
944 2820 1248 2885 θεοσεϐείας
1284 2824 1377 2874 καὶ
1409 2826 1488 2888 είς
1521 2824 1682 2877 αὑτὸν
1717 2823 1996 2888 εὐσεϐείας
2020 2843 2032 2855 ·

457 2910 600 2972 τινες
644 2909 699 2960 δὲ
742 2909 850 2961 τῶν
877 2909 1011 2963 Θεοῦ
1069 2912 1294 2982 προνοίᾳ
1328 2912 1747 2984 ἀναϐεϐηκότων
1801 2916 1893 2967 ἐπὶ
1940 2915 2037 2986 τὴν

459 2998 564 3050 τῶν
580 2999 910 3068 τηλικούτων
929 2999 1128 3068 γνῶσιν
1164 3002 1263 3053 οὐκ
1278 3001 1400 3065 ἄξια
1423 3002 1521 3072 τῆς
1544 3003 1791 3070 γνώσεως
1806 3005 2038 3077 δρῶντες

459 3087 736 3151 ἀσεϐοῦσι,
785 3089 880 3141 καὶ
914 3089 1027 3155 τὴν
1075 3087 1364 3154 ἀλήθειαν
1408 3089 1478 3142 ἐν
1515 3089 1714 3157 ἀδικίᾳ
1754 3091 2037 3160 κατέχου-

2145 562 2415 614 obsecrare
2452 558 2520 623 ιδ,
2556 556 2631 610 illi
2659 562 2787 610 sunt
2814 553 2904 622 qui
2952 565 3183 622 gressus.
3212 550 3406 604 animm
3445 547 3709 616 dirigunt,

2143 660 2196 705 et
2233 658 2400 704 totam
2429 648 2671 701 animam
2699 643 2996 716 puriﬁcant
3034 653 3197 711 atque
3229 649 3425 694 omam
3455 657 3469 693 :
3501 653 3606 693 non
3653 645 3711 689 ut

2142 741 2322 795 verbis
2365 749 2573 792 tantum
2617 735 2974 792 substantiam
3023 748 3053 786 a
3110 731 3468 802 generatione
3516 728 3711 784 distin-

2142 837 2312 901 guant
2342 839 2397 884 et
2445 826 2782 898 intelligibile
2831 841 2863 879 a-
2893 822 3112 888 visibili,
3155 833 3210 877 et
3251 821 3538 876 veritatem
3578 819 3709 873 sub-

2143 920 2358 976 stantia:
2384 920 2739 987 conjungant,
2771 925 2831 970 ets
2863 930 3106 970 errorem
3137 911 3472 982 generationi
3519 911 3713 977 adjun-

2143 1021 2288 1066 ctum
2316 1010 2489 1064 modis
2515 1008 2767 1064 omnibus
2797 1006 3005 1076 fugiant
3038 1021 3051 1058 :
3082 1000 3514 1072 contemplantur
3542 999 3708 1063 enim,
3769 1001 3775 1007 '

2144 1107 2204 1154 ιιι
2242 1098 2572 1161 didicerunt,
2615 1110 2719 1148 non
2771 1109 2860 1148 res
2903 1109 2932 1147 a
2984 1092 3332 1162 generatione
3383 1097 3552 1152 ortas,
3589 1103 3711 1157 quae

2143 1188 2392 1243 videntur
2415 1197 2468 1242 et
2501 1197 2785 1256 propterea
2835 1194 3198 1251 temporaneae
3240 1186 3388 1246 sunt,
3419 1178 3512 1232 sed
3539 1177 3710 1230 multo

2143 1277 2581 1349 prmstantiores;
2627 1277 2739 1330 sive
2768 1275 2887 1328 illas
2921 1287 3112 1326 vocare
3142 1271 3276 1326 velis
3304 1268 3703 1331 substantiam;

2143 1372 2257 1426 sive
2286 1369 2600 1434 invisibilia,
2626 1369 2752 1437 quia
2780 1363 3135 1433 intelligibilia
3167 1369 3326 1426 sunt;
3359 1360 3480 1416 sive
3498 1375 3560 1414 ea
3589 1375 3708 1428 qua:

2144 1475 2248 1514 non
2299 1459 2569 1524 videntur,
2620 1457 2749 1526 quia
2801 1471 2990 1510 eorum
3046 1461 3237 1506 natura
3299 1459 3454 1505 extra
3493 1463 3710 1504 sensum

2140 1557 2245 1603 est.
2282 1547 2373 1602 Sic
2402 1555 2457 1602 et
2501 1547 2568 1600 ad
2623 1562 2710 1600 res
2760 1561 2788 1598 a
2840 1541 3190 1612 generatione
3238 1547 3388 1593 ortas
3428 1539 3714 1592 attendunt

2142 1641 2269 1696 Jesu
2318 1640 2590 1708 discipuli,
2645 1639 2739 1692 sed
2794 1637 2901 1691 illis
2955 1644 3211 1701 tanquam
3250 1632 3416 1701 gradu
3465 1637 3709 1692 utuntur,

2143 1743 2202 1788 ut
2229 1733 2295 1788 ad
2329 1731 2733 1801 intelligendam
2773 1742 2953 1783 rerum
2997 1723 3418 1794 intelligihilinm
3463 1729 3709 1774 naturam

2144 1825 2484 1895 perveniam.
2533 1821 2666 1876 Nam
2702 1817 2989 1874 invisibilia
3044 1816 3164 1881 Dei,
3198 1817 3301 1869 hoc
3342 1823 3426 1870 est
3457 1811 3711 1881 intelligi-

2143 1917 2292 1982 bilia,
2320 1933 2351 1968 a
2380 1923 2624 1968 creatura
2674 1912 2854 1966 mundi
2904 1926 2996 1979 per
3027 1927 3086 1963 ea
3115 1923 3231 1979 qua:
3261 1906 3404 1976 facta
3453 1913 3572 1958 sunt
3623 1904 3710 1955 iu-

2139 2006 2346 2060 tellecta
2395 2015 2576 2058 mente
2613 2003 3010 2071 conspiciuntur
3062 1999 3128 2054 ¹⁵.
3175 1998 3290 2054 Non
3335 2007 3512 2053 tamen
3567 1998 3618 2050 in
3645 1995 3712 2051 iis

2141 2097 2235 2152 Dei
2282 2095 2648 2151 invisibilibus
2699 2093 3046 2158 consistunt,
3093 2106 3213 2146 cum
3247 2104 3278 2144 a
3333 2090 3494 2145 rebus
3551 2085 3712 2156 hujus

2140 2190 2327 2245 mundi
2373 2189 2571 2244 creatis
2624 2197 2858 2240 mentem
2906 2187 3163 2254 erigunt;
3195 2185 3287 2240 sed
3338 2193 3620 2253 postquam
3659 2182 3712 2236 in

2141 2284 2206 2338 iis
2237 2297 2292 2336 se
2336 2281 2470 2336 satis
2511 2289 2876 2334 exercuerunt
2918 2287 2976 2331 et
3021 2275 3106 2330 illa
3157 2275 3557 2341 intellexerunt,
3597 2275 3714 2328 eni-
3763 2307 3777 2322 .

2141 2383 2330 2428 tnntur
2373 2386 2543 2440 usque
2589 2371 2655 2424 ad
2709 2371 3079 2438 sempiternam
3127 2369 3242 2438 ejus
3292 2368 3562 2430 virtutem,
3605 2381 3712 2418 uno

2139 2466 2303 2522 verbo
2347 2465 2414 2519 ad
2457 2463 2574 2535 ejus
2623 2461 2996 2529 divinitatem;
3044 2461 3278 2516 scientes
3331 2459 3494 2514 Deum
3530 2471 3627 2512 suo
3655 2458 3708 2511 in

2140 2557 2390 2613 homines
2437 2569 2624 2609 amore
2673 2554 2956 2607 veritatem
3008 2563 3062 2606 et
3110 2551 3253 2620 quod
3285 2550 3366 2604 sui
3418 2559 3597 2604 notum
3635 2559 3712 2602 est

2138 2647 2512 2715 manifestasse
2562 2644 2606 2675 ⁸⁷
2659 2658 2764 2697 non
2797 2643 2866 2697 iis
2919 2643 3076 2696 modo
3109 2642 3198 2710 qui
3262 2640 3362 2709 ipsi
3416 2654 3474 2694 se
3517 2652 3709 2694 conse-

2140 2745 2334 2802 crant,
2403 2737 2498 2791 sed
2541 2735 2704 2789 etiam
2755 2733 3077 2804 quibusdam
3133 2748 3160 2784 a
3206 2745 3455 2801 germana
3516 2730 3713 2799 pietate

2139 2837 2194 2882 et
2244 2827 2501 2897 religione
2552 2825 2778 2888 alienis,
2822 2819 3099 2894 'quosdam
3155 2834 3337 2876 autem
3383 2837 3573 2876 eorum
3615 2822 3707 2890 qui

2142 2917 2232 2972 Dei
2301 2914 2641 2986 providentia
2721 2915 2786 2968 ad
2875 2923 3145 2968 tantarum
3210 2929 3390 2967 rerum
3457 2913 3703 2967 notitiam

2141 3008 2309 3063 evecti
2363 3008 2598 3070 fuerant,
2673 3005 2915 3059 facinora
2965 3005 3066 3060 hac
3126 3005 3433 3075 cognitione
3485 3003 3705 3074 indigna

2141 3081 2475 3169 perpetrare,
2526 3107 2579 3151 et
2615 3098 2670 3150 in
2719 3095 2982 3165 injustilia
3035 3095 3264 3148 detinere
3315 3096 3584 3149 veritatem
3629 3095 3707 3162 "';

459 3195 593 3231 σιν”
637 3177 749 3231 οὔτ’
783 3179 1078 3246 ἀπολογίας
1117 3179 1196 3232 ἔτι
1240 3179 1423 3250 χώραν
1459 3181 1552 3232 ἐπὶ
1581 3183 1646 3252 τῇ
1692 3181 1891 3250 γνώσει
1931 3183 2034 3236 τῶν

2143 3190 2368 3258 proinde
2405 3189 2605 3243 nullam
2655 3187 2810 3257 ipsis,
2852 3195 2970 3256 post
3007 3197 3287 3254 acceptam
3319 3196 3589 3241 tantarum
3625 3201 3709 3241 re-

459 3269 788 3340 τηλικούτων
815 3271 956 3340 ἔχειν
988 3271 1273 3342 δυνάμενοι.
1306 3271 1455 3342 παρά
1485 3272 1562 3342 τῷ
1584 3271 1721 3342 Θεῷ.

529 3360 944 3431 Μαρτυροῦνται
1002 3361 1129 3428 γοῦν
1172 3361 1276 3413 ὑπὸ
1330 3361 1420 3414 τοῦ
1473 3361 1618 3414 θείου
1669 3363 1828 3431 λόγου
1871 3365 1919 3416 oi
1969 3364 2038 3418 τά

461 3452 613 3523 παρά
640 3453 717 3522 τῷ
750 3451 938 3521 Κέλσῳ
981 3452 1275 3522 ἐκκείμενα
1319 3453 1736 3518 καταλαϐόντες,
1773 3455 1867 3507 καὶ
1896 3455 2035 3508 κατά

459 3543 528 3594 τὰ
575 3543 817 3612 δόγματα
849 3541 1020 3596 ταῦτα
1048 3542 1355 3612 φιλοσοφεῖν
1413 3543 1903 3614 ἐπαγγελλόμενοι,
1954 3545 2035 3596 ὅτι

460 3635 705 3702 γνόντες
731 3633 837 3686 τὸν
859 3632 1005 3686 Θεὸν
1037 3635 1149 3702 οὐχ
1177 3633 1256 3699 ὡς
1283 3633 1432 3686 Θεὸν
1457 3632 1760 3697 ἐδόξασαν
1792 3633 1828 3702 ἢ
1858 3637 2035 3701 εὐχα-

453 3725 788 3792 ρι’στησαν’
823 3724 960 3778 ἀλλ’
1000 3723 1450 3792 ἐματαιώθησαν
1498 3723 1568 3776 ἐν
1603 3723 1730 3789 τοῖς
1778 3723 2038 3792 dialogu-

458 3813 633 3882 σμοῖς
663 3813 878 3880 αὐτῶν,
911 3815 1002 3868 καὶ
1027 3814 1312 3884 ἐσκοτίσθη
1345 3813 1482 3884 μετά
1509 3815 1568 3867 τὸ
1605 3813 1890 3886 τηλικοῦτο
1919 3814 2032 3883 φῶς

458 3905 555 3973 τῆς
599 3905 727 3974 περὶ
759 3900 833 3957 ὧν
856 3906 1196 3978 ἐφανέρωσεν
1237 3907 1421 3969 αὐτοῖς
1467 3908 1496 3958 ὁ
1533 3907 1664 3970 Θεὸς
1710 3906 1963 3974 γνώσεως
2000 3909 2032 3977 ὴ

462 3993 787 4063 ἐπειγομένη
843 3995 1140 4060 ἀσύνετος
1183 3995 1380 4048 αὐτῶν
1427 3996 1657 4063 καρδία.
1707 3999 1860 4050 Ἔστι
1903 3996 2033 4065 γοῦν

463 4080 612 4143 ἰδεῖν,
641 4081 760 4133 τίνα
790 4081 989 4152 τρόπον
1013 4084 1062 4134 oi
1093 4084 1392 4150 φάσκοντες
1432 4081 1572 4139 εἶναι
1605 4088 1756 4155 σοφοὶ
1792 4087 2032 4158 μεγάλης

464 4171 670 4240 μωρίας
717 4171 983 4241 δείγματα
1023 4172 1399 4241 ἐμφαίνουσιν,
1436 4175 1524 4228 ὅτε
1561 4176 1697 4246 μετά
1724 4178 1850 4242 τοὺς
1881 4178 2031 4248 τηλι-

461 4261 686 4324 κούτους
714 4263 772 4314 ὲν
818 4265 936 4325 ταῖς
969 4263 1269 4334 διατριϐαῖς
1302 4267 1429 4336 περὶ
1461 4265 1594 4319 Θεοῦ
1634 4270 1725 4320 καὶ
1755 4268 1864 4321 τῶν
1907 4286 2030 4339 νοη-

458 4352 565 4405 τῶν
593 4352 783 4420 λόγους
813 4353 1158 4420 ἠλλάξαντο
1205 4357 1318 4424 τὴν
1363 4356 1554 4422 δόξαν
1587 4357 1694 4411 τοῦ
1723 4359 2029 4427 ἀφθάρτου

461 4442 607 4496 Θεοῦ
655 4443 724 4495 ἐν
764 4443 1076 4512 ὁμοιώματι
1117 4448 1348 4512 εἰκόνος
1390 4448 1652 4516 φθαρτοῦ
1697 4448 2027 4517 ἀνθρώπου,

458 4534 552 4588 καί
589 4533 891 4600 πετεινῶν,
932 4537 1029 4590 καὶ
1068 4538 1459 4605 τετραπόδων,
1492 4539 1588 4592 καί
1621 4539 1900 4607 ἑρπετῶν.
1938 4541 2027 4594 Διὸ
2063 4565 2103 4618 D

455 4626 548 4679 καὶ
577 4626 728 4679 αὐτοὶ
753 4626 850 4697 μὲν
902 4628 1348 4697 καταλειφθέντες
1387 4631 1491 4684 ὑπό
1517 4631 1614 4701 τῆς
1640 4630 1914 4701 προνοίας,
1947 4632 2023 4695 ὡς

453 4718 551 4791 οὐκ
579 4717 741 4781 ἀξίως
773 4717 1062 4786 βιῶσαντες
1107 4719 1215 4773 τῶν
1256 4720 1672 4792 φανερωθέντων
1702 4721 1882 4784 αὐτοῖς
1920 4722 2023 4775 ὑπὸ

452 4804 546 4858 τοῦ
572 4807 728 4870 Θεοῦ,
762 4808 1197 4877 ὲγκαλινδοῦνται
1220 4811 1350 4877 ταῖς
1375 4812 1711 4879 ἐπιθυμίαις
1749 4811 1866 4864 τῶν
1893 4830 2025 4879 καρ-

453 4896 594 4948 διῶν
633 4899 829 4952 αὐτῶν
865 4902 952 4965 είς
993 4901 1386 4968 ἀκαθαρσίαν,
1428 4901 1519 4953 καὶ
1550 4899 1880 4968 ἁτιμάζεται
1920 4903 2024 4954 αὑ-

451 4985 570 5038 τῶν
607 4988 679 5040 τὰ
723 4988 965 5057 σώματα
1008 4993 1064 5044 ὲν
1096 4992 1504 5062 ἀσχημοσύναις
1550 4992 1643 5044 καὶ
1685 4993 2022 5058 ἀκολασίαις,

449 5076 564 5130 ἀνθ’
604 5071 676 5130 ὧν
709 5079 1096 5144 ἀντήλλαξαν
1125 5082 1232 5151 (19)
1274 5082 1386 5150 τὴν
1430 5081 1717 5147 ἀλήθειαν
1741 5082 1847 5136 τοῦ
1876 5083 2022 5136 Θεοῦ

449 5168 519 5221 ἐν
554 5167 633 5233 τῷ
668 5170 895 5236 ψευδεῖ,
928 5173 1027 5226 καὶ
1069 5173 1491 5241 ἐσεϐάσθησαν
1520 5175 1617 5227 καὶ
1649 5173 2020 5243 ἐλάτρευσαν

448 5258 524 5326 τῇ
553 5260 744 5313 κτίσει
778 5262 937 5328 παρὰ
966 5262 1072 5315 τὸν
1117 5264 1429 5318 κτίσαντα.

517 5351 580 5404 Οί
615 5351 658 5402 δ’
702 5351 791 5404 ὑπ’
839 5351 1013 5405 αὐτῶν
1042 5353 1132 5404 ἐπὶ
1164 5352 1396 5427 ἰδιωτείᾳ
1421 5353 1529 5425 (20)
1561 5353 2014 5424 ἐξουθενοόμενοι,

519 5487 561 5518 ³⁵
599 5486 621 5540 Ι
661 5488 786 5542 Cor.
815 5506 887 5554 tv,
915 5490 1002 5557 12,
1033 5491 1120 5545 15.
1234 5492 1276 5523 ¹⁶
1302 5491 1458 5546 Rom.
1490 5509 1528 5557 ι,
1551 5493 1642 5547 ‘20.
1722 5495 1914 5549 "ibid.
1944 5497 2027 5551 l9.

519 5601 631 5679 (17)
653 5602 1100 5679 Πρὸς-ἐτέρους.
1116 5606 1387 5679 interpres
1413 5607 1668 5662 Gelenius
1692 5611 1844 5679 legit.
1875 5613 2012 5678 πρὸς

444 5667 947 5808 Ξῖἱροιςίοριίιηρῖ
987 5667 1156 5732 Codd.
1217 5667 1348 5748 nbg.
1395 5690 1448 5732 et
1498 5679 1688 5738 Basil.,
1725 5667 1860 5750 Eph:
1891 5667 2010 5735 et:

519 5810 624 5880 (18)
668 5811 817 5881 Mss,
849 5815 935 5868 διὰ
981 5817 1040 5870 τὸ
1066 5817 1227 5890 νοητᾶ
1275 5819 1578 5889 τυγχάνειν.
1642 5820 1784 5874 Libri
1832 5832 1989 5874 antea

2141 3296 2258 3334 rum
2287 3280 2558 3344 notitiam,
2599 3277 3010 3333 excusationem
3038 3278 3296 3345 relinqui.

2208 3372 2297 3425 47.
2337 3369 2505 3441 Igitur
2539 3371 2628 3439 qui
2659 3385 2836 3424 rerum
2888 3385 2917 3424 a
2949 3368 3108 3424 Celso
3155 3378 3574 3423 memoratarum
3613 3385 3706 3423 no-

2139 3460 2338 3514 tionem
2417 3461 2594 3529 adepti
2639 3470 2782 3524 sunt,
2835 3470 2888 3515 et
2922 3461 3103 3513 nixam
3140 3459 3450 3528 hujusmodi
3497 3459 3702 3526 princi-

2137 3550 2240 3617 piis
2285 3549 2684 3618 philosophiam
2735 3559 2920 3602 tenere
2979 3548 3334 3617 proﬁtentur;
3393 3548 3558 3617 729
3606 3547 3704 3603 lIOS

2138 3646 2372 3693 testatur
2399 3638 2702 3706 Scriptura,
2737 3639 2981 3708 quamvis
3026 3638 3190 3692 Deum
3225 3649 3613 3707 cognoscerent,
3647 3648 3706 3692 ut

2137 3727 2306 3781 Deum
2353 3736 2526 3780 tamen
2581 3743 2684 3780 non
2725 3728 3076 3796 glorificasse,
3129 3743 3220 3780 nec
3267 3729 3464 3797 gratias
3519 3729 3703 3797 egisse,

2136 3819 2225 3872 sed
2251 3820 2520 3872 evanuisse
2551 3819 2603 3871 in
2633 3819 3033 3889 cogitationibus
3066 3820 3196 3885 suis,
3232 3829 3282 3873 et
3322 3820 3575 3889 insipiens
3617 3837 3708 3873 cor

2136 3923 2313 3960 eorum
2367 3921 2398 3962 e
2438 3915 2585 3962 tanta
2636 3907 2756 3962 luce
2803 3907 3130 3978 cognitionis
3179 3923 3361 3962 rerum
3393 3923 3527 3978 quas
3563 3909 3704 3963 Deus

2136 3998 2269 4065 ipsis
2294 4007 2587 4064 retexerat,
2623 4001 2677 4052 in
2710 3999 2946 4053 tenebras
2974 4001 3222 4053 incidisse
3245 4000 3310 4056 ⁸⁸.
3333 3999 3509 4068 Atque
3539 4001 3702 4055 etiam

2135 4089 2321 4143 videre
2374 4087 2501 4143 licet
2547 4089 2672 4144 illos
2716 4089 2808 4157 qui
2853 4103 2912 4142 se
2967 4089 3244 4157 sapientes
3282 4102 3402 4142 esse
3427 4087 3702 4151 dicebant,

2134 4193 2327 4249 magna
2377 4178 2509 4233 dare
2561 4177 2806 4232 stultitia:
2863 4193 2973 4232 suae
3018 4188 3370 4246 argumenta,
3417 4191 3538 4230 cum
3584 4186 3705 4245 post

2135 4270 2436 4336 disputatas
2477 4269 2529 4322 in
2564 4268 2771 4323 scholis
2821 4277 2996 4321 tantas
3045 4267 3110 4320 de
3142 4266 3252 4320 Deo
3301 4268 3574 4336 rebusque
3619 4266 3702 4319 in-

2135 4360 2504 4430 telligibilibtts
2555 4360 2926 4428 quaestiones,
2974 4367 3306 4413 mutaverunt
3352 4359 3578 4428 gloriam
3613 4359 3698 4412 in-

2133 4449 2490 4518 corruptibitis
2517 4449 2615 4503 Dei
2641 4449 2699 4501 in
2729 4449 3133 4502 similitudinem
3156 4450 3404 4517 imaginis
3433 4451 3692 4518 corrupti-

2133 4534 2251 4588 bilis
2313 4535 2560 4600 hominis,
2609 4543 2655 4588 et
2715 4532 3016 4599 uolucrum,
3067 4541 3116 4586 et
3167 4535 3595 4602 quadrupedum,
3651 4545 3698 4589 et

2131 4625 2453 4692 serpentium
2480 4624 2548 4677 ’°.
2579 4622 2784 4690 Quare,
2820 4637 2942 4676 cum
2974 4637 3080 4678 non
3111 4624 3327 4692 dignam
3354 4625 3537 4689 rebus,
3565 4641 3700 4695 quas

2132 4715 2272 4768 Deus
2305 4713 2410 4768 illis
2442 4713 2905 4779 manifestaverat,
2942 4715 3107 4768 vitam
3133 4718 3362 4784 egerint,
3388 4731 3416 4769 a
3445 4716 3536 4771 Dei
3573 4733 3696 4787 pro-

2131 4805 2367 4860 videntia
2413 4807 2615 4860 deserti
2648 4807 2962 4859 volutantur
2999 4807 3052 4859 in
3097 4806 3370 4860 desideriis
3405 4810 3576 4861 cordis
3617 4811 3700 4862 sui

2131 4898 2185 4950 in
2218 4897 2696 4962 immunditiam,et
2723 4898 3053 4952 contumeliis
3079 4899 3312 4968 aﬂiciunt
3346 4916 3567 4969 corpora
3600 4916 3697 4954 sua

2132 4989 2186 5043 in
2213 4989 2496 5058 spurcitiis
2531 4999 2584 5042 et
2620 4989 3046 5057 impuritatihus,
3071 5000 3355 5059 propterea
3389 4993 3528 5060 quod
3553 5007 3695 5043 rom-

2129 5091 2458 5135 mutaverunt
2508 5082 2776 5135 veritatem
2811 5080 2908 5135 Dei
2943 5082 2998 5135 in
3043 5082 3402 5148 mendacium,
3447 5092 3495 5135 et
3521 5081 3695 5135 colue-

2128 5182 2271 5237 runt,
2332 5183 2378 5226 et
2440 5174 2725 5226 servierunt
2785 5184 3041 5228 creatura:
3097 5174 3268 5242 potius
3323 5188 3482 5241 quant
3532 5171 3693 5225 Crea-

2123 5264 2224 5316 tori
2254 5264 2318 5317 “.

2193 5354 2282 5408 48.
2349 5355 2541 5410 Verum
2592 5371 2729 5426 quos
2774 5357 2842 5409 ob
2887 5354 3216 5422 imperitiam
3269 5349 3420 5404 nihili
3449 5351 3690 5418 ducunt,

2106 5497 2149 5527 ¹³
2175 5497 2305 5552 ibid.
2328 5496 2408 5551 18.
2487 5497 2682 5552 “ibid.
2705 5494 2795 5548 21.
2872 5493 2917 5524 ⁸⁰
2942 5490 3178 5546 ἱΙ)ἰι].Ξὸ.
3256 5491 3295 5522 ¹¹
3326 5489 3458 5544 ibid.
3481 5489 3572 5555 21,
3597 5489 3686 5546 25.

2119 5615 2273 5672 editi,
2302 5613 2390 5666 διά
2417 5613 2486 5665 τά
2517 5609 2683 5680 νοητά
2713 5608 3018 5680 τυγχάνειν.

2191 5685 2208 5748 (
2221 5683 2302 5746 19)
2333 5683 2486 5736 ι.ίι›ι›.
2523 5675 2678 5748 anjea
2704 5675 2856 5748 editi,
2884 5678 3079 5748 oittveg
3102 5675 3307 5731 ἄνωθεν
3327 5675 3690 5748 μετήλλαξαν,

2117 5743 2208 5807 se-l
2237 5743 2390 5810 missu.
2421 5750 2534 5803 ἀνθ’
2571 5743 2643 5801 ὧν
2669 5746 3021 5818 ἀντήλλαξαν.

2193 5820 2301 5891 (20)
2329 5820 2475 5882 Mss.,
2512 5819 2764 5889 ἰδιωτείᾳ.
2791 5814 2958 5872 Libb.
2988 5817 3138 5883 editi,
3173 5814 3403 5886 ίδιωτίᾳ.
