3972 6160
329 261 458 316 1491

1741 257 2064 314 ORIGENIS

3434 253 3589 310 149⁸2

327 389 575 445 quosque
607 375 800 432 stultos
833 385 888 431 et
912 377 1034 431 vilia
1069 377 1332 447 mancipia
1364 387 1575 443 vocant,
1611 379 1698 432 isti
1729 376 1889 432 simul

2007 378 2085 431 ιαῖ
2114 391 2286 449 μωροι
2310 374 2402 430 καὶ
2417 375 2723 448 ἀνδράποδα
2757 371 2890 428 εἶναι
2925 374 3223 445 λεγόμενοι,
3274 375 3377 429 κᾶν
3411 375 3588 434 μόνον

332 475 496 535 atque
527 463 653 520 Jesu
687 465 1024 536 disciplinam
1060 466 1293 536 amplexi
1343 483 1401 523 se
1447 468 1555 522 Deo
1601 469 1890 523 commise-

329 569 476 626 runt,
506 566 714 614 tantum
742 560 810 614 ab
837 559 1180 614 obscenitate
1203 569 1259 614 et
1295 561 1630 630 impudicitia
1667 570 1721 616 et
1745 563 1891 615 omni

328 664 683 705 venerearum
721 651 1050 720 voluptatum
1086 653 1354 708 dedecore
1402 653 1616 721 absunt,
1652 664 1709 708 ut
1744 671 1893 709 more

329 741 698 811 perfectorum
730 744 1094 807 sacerdotum,
1136 744 1228 812 qui
1275 745 1342 799 ab
1369 745 1513 800 omni
1549 746 1693 800 coitu
1728 737 1894 802 absu—

331 840 478 895 nent,
506 831 658 886 multi
682 848 867 887 eorum
893 849 950 889 se
976 835 1122 888 omni
1157 848 1223 888 ex
1249 843 1399 904 parte
1425 851 1586 905 puros
1615 845 1891 905 praestent,

329 924 526 976 nedum
561 939 681 977 cum
732 925 950 980 fetutinis
982 939 1093 980 rem
1143 924 1399 982 habeant.
1437 928 1514 982 Ac
1547 929 1685 995 apud
1730 929 1896 982 Athe-

328 1015 552 1070 nienses
579 1015 794 1084 quidem
829 1032 968 1072 unus
1003 1015 1358 1084 hicrophanta
1406 1027 1508 1083 est,
1537 1019 1625 1087 qui
1667 1034 1787 1072 cum
1818 1020 1896 1073 vi-

328 1104 458 1160 riles
488 1121 612 1159 suas
641 1107 1111 1175 concupiscentias
1137 1109 1412 1164 continere
1449 1124 1513 1163 ac
1546 1125 1640 1179 pro
1669 1111 1897 1164 arbitrio

328 1197 550 1251 domare
592 1210 748 1263 posse
781 1212 884 1251 non
917 1198 1191 1262 credatur,
1226 1200 1400 1252 virilia
1438 1201 1676 1254 membra
1714 1201 1894 1254 cicuta

329 1286 544 1352 oblinit,
576 1294 630 1340 et.
661 1289 739 1342 sic
771 1289 905 1342 satis
929 1305 1094 1358 purus
1114 1289 1457 1346 existimatur
1492 1303 1550 1345 ut
1587 1287 1895 1356 religiosum

328 1377 491 1430 obeat
535 1378 736 1431 cultum
773 1379 1208 1434 Atheniensium.
1245 1381 1348 1436 Sed
1393 1382 1531 1451 apud
1561 1381 1898 1438 Christianos

327 1465 430 1518 viri
461 1476 607 1532 sunt,
655 1468 745 1535 qui
777 1467 958 1520 cicuta.
997 1483 1104 1520 non
1136 1484 1266 1538 opus
1297 1470 1497 1524 habent
1540 1481 1596 1523 ut
1627 1486 1759 1538 pure
1793 1471 1900 1525 Deo

329 1558 666 1612 deserviant.
714 1556 945 1612 Verbum
995 1557 1088 1615 Dei
1137 1561 1242 1615 illis
1287 1562 1404 1615 loco
1443 1562 1634 1616 cicuta:
1680 1573 1782 1628 est,
1818 1573 1896 1628 ut,

328 1649 475 1702 omni
525 1648 962 1717 concupiscentia
1006 1666 1070 1704 ex
1121 1653 1303 1705 animo
1334 1652 1526 1721 ejecta,
1559 1653 1897 1708 divinitatem

328 1738 584 1808 precilms
629 1751 1054 1810 prosequantur.
1088 1741 1153 1796 Et
1186 1744 1324 1812 apud
1362 1745 1478 1798 illos
1524 1745 1682 1812 alios,
1705 1746 1795 1814 qui
1824 1746 1897 1800 dii

328 1831 626 1894 habentur,
661 1832 896 1900 virgines
941 1846 1064 1888 sunt
1104 1849 1311 1904 paucae,
1345 1851 1465 1906 qua:
1510 1839 1798 1892 casto-diue
1830 1839 1898 1893 ab

328 1920 645 1976 hominibus
675 1931 768 1976 aut
794 1938 900 1978 non
931 1925 1218 1980 custodita:
1247 1926 1319 1997 (id
1358 1927 1501 1982 enim
1549 1943 1694 1983 nunc
1721 1927 1902 1998 inqui-

329 2025 454 2066 rere
481 2014 816 2082 propositum
855 2029 960 2069 non
995 2016 1106 2088 est)
1132 2017 1382 2071 videntur
1409 2017 1620 2073 colendi
1663 2019 1900 2074 numinis

330 2117 493 2157 causa
534 2104 801 2175 integra-tn
835 2105 958 2159 vita:
991 2120 1210 2160 ser-vare
1243 2107 1570 2176 puritatem;
1619 2108 1712 2162 sed
1761 2108 1900 2177 apud

330 2194 692 2262 Christianos,
747 2213 850 2252 non
898 2207 1123 2267 propter
1167 2198 1434 2252 humanos
1485 2199 1740 2262 honores,
1795 2212 1899 2252 non

329 2296 555 2355 propter
589 2288 866 2344 mercedes
905 2287 1279 2358 pecuniarias,
1317 2303 1421 2342 non
1452 2297 1674 2358 propter
1703 2287 1902 2359 glorio-

329 2375 436 2428 iam
482 2375 784 2446 perfectam
825 2378 1192 2448 virginitatem
1237 2377 1424 2432 colunt
1453 2395 1466 2430 :
1495 2376 1562 2430 Et
1599 2379 1733 2431 sicut
1780 2393 1902 2446 pro-

333 2469 584 2523 baverunt
623 2467 784 2522 Deum
811 2467 1000 2523 habere
1026 2469 1083 2522 in
1119 2469 1308 2522 notitia
1347 2470 1415 2534 ²’,
1449 2479 1843 2525 conservantur
1871 2486 1898 2523 a

332 2558 443 2612 Deo
487 2559 540 2612 in
587 2574 748 2615 sensu
798 2561 1047 2629 probato,
1095 2560 1168 2613 ita
1218 2571 1278 2614 ut-
1310 2575 1430 2630 quae
1457 2560 1647 2616 decent
1677 2561 1899 2628 faciant,

334 2649 554 2718 repleta:
585 2650 731 2704 omni
759 2649 965 2720 iustitia
999 2662 1053 2705 et
1078 2652 1335 2706 bonitate.

403 2832 566 2905 730
603 2833 693 2890 19.
734 2835 913 2905 Atque
955 2834 1070 2888 haec
1123 2831 1252 2887 mihi
1294 2833 1436 2889 dicta
1491 2843 1637 2900 sunt,
1687 2849 1793 2888 non
1847 2845 1904 2888 ut

331 2941 454 2994 qua:
479 2940 508 2978 a
543 2924 746 2981 Graecis
775 2927 996 2995 pulchre
1022 2925 1326 2993 excogitata
1354 2932 1481 2980 sunt
1506 2925 1901 2995 impugnareni,

1995 468 2320 522 πιστεύωσιν
2347 467 2572 533 ἑαυτοὺς
2611 469 2690 540 τῷ
2710 467 2848 540 Θεῷ,
2880 468 3311 541 παραδεξάμενοι
3343 471 3442 540 τὴν
3475 467 3589 522 τοῦ

2007 558 2179 630 Ἰησοῦ
2196 559 2559 623 διδασκαλίαν,
2571 559 2821 614 τοσοῦτον
2837 559 3152 612 ἀποδέουσιν
3167 558 3451 626 ἀσελγείας
3478 559 3590 612 καὶ

1995 650 2334 722 ἀκαθαρσίας
2350 651 2441 704 καὶ
2454 651 2630 722 πάσης
2646 650 2745 720 τῆς
2761 653 2818 704 έν
2837 651 3142 713 συνουσίαις
3158 649 3589 720 ἀσχημοσύνης,

1995 741 2070 802 ὼς
2099 741 2190 792 καὶ
2219 739 2416 810 τρόπον
2455 739 2671 794 τελείων
2704 740 2891 812 ἱερέων
2925 742 3103 796 πᾶσαν
3138 741 3418 793 συνουσίαν
3460 738 3596 811 (21)-

1997 832 2457 900 ἀποστραφέντων
2475 831 2699 894 πολλοὺς
2723 831 2900 885 αὐτῶν
2927 831 3203 894 παντελῶς
3223 830 3587 902 καθαρεύειν,

1997 923 2060 975 οὐ
2101 923 2258 991 μόνον
2297 921 2405 974 ἀπὸ
2439 921 2616 992 πάσης
2663 921 2879 992 μίξεως.
2911 922 3020 973 Καὶ
3047 915 3127 984 εἷς
3161 921 3260 990 μέν
3291 939 3389 974 που
3438 919 3589 992 παρ’

2012 1013 2310 1084 Ἀθηναίοις
2346 1013 2682 1084 ἱεροφάντης,
2701 1013 2820 1065 οὐδὲ
2849 1013 3233 1083 πιστευόμενος
3247 1012 3355 1083 (22)
3373 1010 3590 1065 ἑαυτοῦ

1997 1104 2096 1167 τὰς
2112 1105 2400 1175 ἁρσενικας
2420 1103 2730 1174 ὀρέξεις,ὼς
2749 1104 2934 1175 κύριος
2959 1103 3136 1158 αὐτῶν
3171 1103 3310 1156 εἶναι
3336 1103 3588 1173 δυνάμε-

1999 1213 2088 1257 νος
2105 1194 2198 1248 καὶ
2232 1197 2448 1265 κρατεῖν
2482 1193 2660 1246 αὐτῶν
2691 1196 2748 1256 ἐς
2781 1196 2902 1249 ὅσον
2939 1194 3203 1264 βούλεται,
3223 1195 3584 1258 κωνειασθεις

1999 1287 2068 1340 τὰ
2100 1285 2361 1358 ἀρσενικὰ
2389 1286 2550 1356 μέρη,
2585 1285 2822 1356 καθαρὸς
2856 1283 2993 1340 εἶναι
3017 1286 3293 1358 νομίζεται
3314 1286 3447 1356 πρὸς
3471 1287 3587 1357 τὴν

1999 1379 2392 1451 νενομισμένην
2419 1379 2547 1449 παρ’
2590 1378 2890 1450 Ἀθηναίοις
2918 1378 3214 1448 ἀγιστείαν.
3245 1379 3393 1432 Ἔστι
3443 1379 3490 1430 δ’
3516 1381 3586 1432 ἐν

2002 1474 2327 1543 χριστιανοῖς
2362 1471 2486 1525 ἰδεῖν
2517 1470 2714 1542 ἄνδρας
2759 1471 2834 1541 μὴ
2884 1470 3170 1542 δεηθέντας
3201 1471 3447 1536 κωνείου,
3485 1472 3584 1525 ἵνα

2001 1562 2060 1615 τὸ
2093 1562 2244 1616 Θεῖον
2286 1561 2538 1633 καθαρῶς
2573 1561 2982 1633 θεραπεύσωσιν
3003 1578 3016 1591 '
3053 1561 3166 1616 ἀλλ’
3204 1562 3584 1634 ἀρκουμένους

2003 1657 2160 1726 Λόγῳ
2203 1656 2324 1709 ἀντὶ
2374 1655 2621 1717 κωνείου,
2656 1655 2731 1718 ὡς
2778 1657 2955 1708 πᾶσαν
2998 1654 3290 1725 ἐπιθυμίαν
3322 1654 3429 1707 ἀπὸ
3474 1654 3583 1724 τῆς

2004 1747 2240 1810 διανοίας
2271 1745 2447 1801 αὐτῶν
2498 1745 2842 1810 ἐξελάσαντες
2891 1745 2951 1798 τὸ
2996 1745 3148 1798 Θεῖον
3183 1745 3367 1816 εὐχαῖς
3410 1745 3581 1816 θερα-

2006 1837 2212 1891 πεύωσι
2244 1835 2375 1908 (25).
2409 1837 2546 1908 Hap‘
2567 1836 2745 1900 ἄλλοις
2772 1836 2830 1888 δὲ
2860 1834 3234 1906 νομιζομένοις
3267 1836 3404 1900 θεοῖς
3435 1832 3580 1889 εἶναι

2007 1928 2258 2000 παρθένοι
2287 1927 2427 1980 πάνυ
2459 1926 2810 1998 εὐαρίθμητοι
2840 1927 2972 1998 (24),
3003 1927 3110 1979 εἴτε
3137 1926 3241 1979 ὑπὸ
3271 1925 3581 1997 ἀνθρώπων

2006 2019 2406 2092 φρουρούμεναι
2440 2019 2546 2071 εἴτε
2577 2019 2670 2072 καὶ
2702 2019 2774 2089 μή
2796 2035 2808 2047 ·
2845 2018 2925 2089 (οὐ
2951 2018 3057 2090 γὰρ
3086 2017 3244 2072 τοῦτο
3290 2018 3579 2088 πρόκειται

2005 2112 2099 2165 νῦν
2129 2109 2404 2175 ἐξετάζειν
2490 2108 2706 2164 δοκοῦσι
2734 2109 2992 2164 διατελεῖν
3029 2110 3087 2162 ὲν
3114 2112 3180 2180 τῇ
3217 2109 3304 2163 διὰ
3340 2109 3434 2178 τὴν
3459 2108 3574 2177 (25)

2011 2205 2090 2266 εἰς
2118 2203 2178 2255 τὸ
2206 2202 2358 2256 Θεῖον
2393 2201 2555 2272 τιμὴν
2607 2200 2970 2272 καθαρότητι·
3013 2202 3070 2254 ὲν
3115 2201 3172 2254 δὲ
3205 2201 3572 2272 Χριστιανοῖς,

2005 2295 2064 2346 οὐ
2107 2293 2194 2346 διὰ
2240 2293 2337 2358 τὰς
2370 2294 2498 2364 παρ’
2542 2290 2848 2362 ἀνθρώποις
2876 2290 3076 2362 τιμὰς,
3111 2291 3169 2344 οὐ
3221 2290 3308 2344 διὰ
3353 2288 3577 2362 μισθοὺς

2007 2385 2098 2438 καὶ
2139 2384 2400 2457 ἀργύρια,
2438 2383 2559 2436 οὐδὲ
2597 2381 2685 2436 διὰ
2721 2381 2984 2455 δοξάριον,
3031 2380 3258 2437 ἀσκοῦσι
3287 2382 3389 2452 τὴν
3440 2397 3577 2434 παν-

2004 2475 2133 2545 τελῆ
2191 2474 2513 2546 παρθενίαν·
2575 2474 2673 2528 καὶ
2724 2475 2804 2540 ὡς
2853 2474 3219 2544 ἐδοκίμασαν
3268 2473 3376 2527 τὸν
3429 2472 3577 2526 Θεὸν

2006 2566 2170 2635 ἔχειν
2211 2567 2280 2620 ἐν
2318 2564 2656 2634 ἐπιγνώσει,
2707 2562 2996 2639 τηρᾳῦνται
3047 2564 3152 2617 ὑπὸ
3197 2563 3288 2616 τοῦ
3340 2562 3473 2619 Θεοῦ
3518 2563 3576 2615 ἐν

2006 2656 2211 2729 δοκίμῳ
2259 2657 2354 2728 νῷ,
2405 2659 2499 2710 καὶ
2532 2655 2609 2727 τῷ
2646 2658 2818 2708 ποιεῖν
2864 2654 2933 2709 τὰ
2967 2654 3296 2727 καθήκοντα,
3341 2652 3578 2724 πληρούο

2011 2769 2166 2822 μεναι
2203 2749 2380 2820 πάσης
2404 2749 2747 2820 δικαιοσύνης
2781 2748 2872 2802 καὶ
2903 2747 3233 2818 ἀγαθότητος
3267 2745 3397 2816 (26).

2077 2843 2120 2892 Τ
2125 2841 2261 2897 αῦτα
2323 2841 2386 2910 δὴ
2449 2840 2693 2894 λέλεκταί
2746 2857 2835 2911 μοι
2862 2880 2876 2904 ,
2936 2839 2996 2892 οὐ
3045 2834 3577 2909 προσφιλονεικοῦντι

2013 2933 2109 3004 μὲν
2147 2935 2259 2994 τοῖς
2301 2931 2480 2995 καλῶς
2517 2934 2611 2986 καὶ
2647 2933 2774 3001 παρ’
2804 2930 3027 3000 Ἕλλησι
3059 2927 3418 2998 νενοημένοις,
3458 2924 3577 2977 οὐδὲ

333 3028 428 3073 aut
461 3033 595 3073 sana
627 3019 1080 3087 reprehenderem
1110 3019 1390 3085 dogmata;
1438 3016 1531 3070 sed
1563 3024 1619 3068 ut
1646 3015 1901 3068 ostende-

2009 3024 2396 3095 κατηγοροῦντι
2444 3023 2552 3076 τῶν
2607 3022 2775 3091 ὑγιῶν
2815 3021 3097 3091 δογμάτων
3121 3037 3133 3049 ·
3174 3017 3476 3089 βουλομένῳ
3519 3015 3577 3067 δὲ

335 3125 453 3165 rem
482 3108 570 3165 illa
607 3119 662 3165 et
690 3109 795 3166 illis
825 3110 1028 3177 majora
1063 3120 1229 3179 atque
1257 3106 1524 3164 diviniora
1561 3107 1705 3161 dicta
1737 3106 1902 3160 fuisse

335 3219 367 3256 a
417 3201 612 3257 divinis
660 3203 810 3266 viris,
866 3202 960 3256 Dei
1009 3201 1291 3268 prophetis
1334 3209 1388 3254 et
1441 3198 1568 3254 Jesu
1622 3199 1900 3266 apostolis.

334 3294 464 3350 liam
504 3303 814 3350 scrutantur
845 3294 876 3347 ii
909 3295 1002 3363 qui
1035 3293 1402 3348 Christianam
1427 3290 1746 3360 religionem
1779 3305 1905 3359 per-

334 3389 532 3444 fectius
585 3389 830 3444 excolere
859 3387 1063 3452 volunt,
1091 3389 1293 3458 quique
1323 3395 1523 3440 norunt
1551 3401 1607 3438 os
1635 3383 1770 3454 justi
1799 3399 1904 3438 me-

333 3482 500 3536 ditari
534 3481 872 3550 sapientiam,
920 3488 966 3533 et
1014 3479 1248 3550 linguam
1280 3478 1395 3546 eius
1442 3476 1585 3547 loqui
1615 3477 1904 3546 judicium,

2008 3116 2378 3187 παραστῆσαι,
2408 3116 2490 3169 ὅτι
2518 3115 2820 3177 καὶταῦτα,
2854 3113 2989 3167 ἀλλὰ
3015 3112 3111 3165 καὶ
3129 3109 3332 3163 τούτων
3359 3108 3438 3160 ἑτι
3464 3106 3579 3177 μείε-

2008 3207 2134 3272 ζὸνα
2162 3206 2254 3259 καὶ
2286 3205 2532 3276 θειότερα
2563 3205 2809 3259 λέλεκται
2848 3204 2948 3275 μὲν
2983 3202 3132 3275 παρά
3162 3204 3272 3264 τοῖς
3295 3201 3458 3262 θείοις
3485 3200 3580 3252 ἀν-

2005 3298 2185 3368 δράσι,
2210 3297 2516 3369 προφήταις
2533 3296 2623 3350 τοῦ
2640 3296 2774 3349 Θεοῦ
2798 3297 2890 3351 καὶ
2915 3293 3228 3357 ἀποστόλοις
3246 3291 3339 3345 τοῦ
3373 3290 3545 3363 Ἰησοῦ
3561 3307 3572 3319 ·

2009 3387 2318 3455 ἐξετάζεται
2367 3388 2423 3440 δὲ
2462 3387 2613 3458 παρά
2649 3389 2771 3453 ,τοῖς
2815 3385 3144 3457 τελειότερον
3175 3382 3577 3455 Χριστιανίζειν

2008 3481 2270 3544 ἐθέλουσι,
2333 3481 2428 3533 καὶ
2476 3479 2876 3549 ἐπισταμένοις,
2916 3478 3031 3542 ὅτι,
3094 3479 3290 3544 Στόμα
3346 3473 3579 3527 δικαίου

336 3573 506 3642 legem
529 3569 628 3624 Dei
669 3587 778 3625 esse
809 3570 864 3623 in
900 3571 1056 3624 corde
1109 3570 1276 3640 ipsius
1307 3569 1372 3622 ’³.
1407 3568 1514 3622 Sed
1560 3576 1613 3621 et
1654 3566 1746 3634 qui
1792 3566 1901 3618 sive

2007 3572 2322 3642 μελετήσει
2356 3571 2600 3640 σοφίαν,
2630 3570 2728 3623 καὶ
2754 3571 2791 3637 ἡ
2819 3568 3066 3636 γλῶσσα
3096 3565 3281 3622 αὐτοῦ
3323 3565 3579 3630 λαλήσει

333 3678 453 3734 prae
501 3663 807 3718 litterarum
854 3663 1163 3731 imperitia,
1211 3662 1328 3716 sive
1371 3675 1482 3730 prae
1531 3659 1901 3729 simplicitate,

2008 3661 2244 3728 κρίσιν·
2278 3663 2311 3713 ό
2338 3660 2519 3728 νόμος
2564 3659 2669 3712 τοῦ
2719 3657 2866 3712 Θεοῦ
2898 3657 3083 3711 αὐτοῦ
3119 3656 3189 3708 ἐν
3215 3655 3429 3722 καρδίᾳ
3467 3657 3574 3707 αὑ-

327 3754 456 3809 sive
497 3762 718 3822 propter
760 3755 1040 3823 penuriam
1079 3753 1484 3808 adhortantium
1513 3753 1580 3807 ad
1613 3753 1909 3808 rationabi-

336 3840 446 3896 lem
489 3842 768 3909 pietatem,
816 3842 1099 3910 perspicue
1142 3843 1258 3897 haac
1289 3858 1394 3898 non
1429 3843 1758 3913 intelligunt,
1791 3859 1910 3898 cre-

339 3935 476 3988 dunt
527 3942 705 3988 tamen
754 3937 808 3988 in
857 3947 1127 3987 summum
1177 3934 1340 3988 Deum
1381 3944 1433 3988 et
1480 3935 1532 3988 in
1567 3934 1758 3989 Filium
1795 3936 1911 4004 ejus

338 4023 682 4096 unigenitum
716 4024 954 4080 Verbum
1003 4035 1059 4079 et
1095 4025 1292 4090 Deum;
1326 4027 1466 4094 apud
1511 4025 1630 4079 illos
1666 4026 1913 4080 invenire

340 4125 426 4172 est
454 4116 797 4188 gravitatem,
837 4117 1228 4187 integritatem,
1267 4132 1476 4172 morum
1521 4116 1909 4187 ingenuitatem

301 4202 304 4203 ⁷
339 4217 398 4264 et
439 4208 840 4278 simplicitatem
885 4223 1028 4278 διξερε
1075 4209 1529 4279 prtestantiorem.
1580 4209 1752 4274 Quam
1794 4209 1914 4277 qui.

343 4303 466 4356 dem
494 4318 617 4357 cum
647 4302 850 4358 habere
878 4302 1214 4372 neglexerint
1263 4301 1297 4354 ii
1335 4301 1426 4369 qui
1477 4315 1535 4355 se
1570 4301 1758 4354 dicunt
1795 4316 1915 4355 esse

2008 3751 2137 3804 τοῦ.
2193 3750 2353 3806 Ἀλλά
2405 3750 2499 3802 καὶ
2525 3751 2654 3820 παρ’
2686 3747 2768 3812 οἷς
2795 3747 2906 3801 εἴτε
2938 3747 3028 3802 διὰ
3070 3746 3268 3818 πολλὴν
3315 3745 3576 3799 ίδιωτείαν

2012 3841 2144 3911 (27),
2202 3841 2314 3894 εἴτε
2360 3841 2427 3893 δι’
2466 3841 2763 3911 ἁπλότητα,
2807 3840 2916 3892 εἴτε
2962 3840 3056 3894 καὶ
3095 3841 3162 3894 δι’
3202 3840 3434 3910 ἀπορίαν
3474 3837 3579 3889 τῶν

2012 3929 2432 4001 προτρεψάντων
2479 3931 2571 3982 ἐπὶ
2622 3929 2718 3998 τὴν
2776 3929 2996 3999 λογικὴν
3041 3927 3353 3992 εὐσέϐειαν,
3411 3926 3580 3979 ταῦτα

2016 4021 2114 4092 μὲν
2145 4021 2206 4073 οὐ
2233 4022 2588 4091 τετράνωται,
2635 4020 2766 4082 Θεὸς
2793 4019 2853 4072 δὲ
2880 4021 2908 4072 ὁ
2945 4020 3036 4072 ἐπὶ
3086 4021 3220 4071 πᾶσι
3251 4016 3579 4081 πιστεύεται,

2015 4115 2109 4168 καὶ
2150 4115 2179 4166 ὁ
2211 4114 2399 4166 τούτου
2433 4113 2724 4184 μονογενὴς
2763 4112 2889 4174 Υἱὸς
2933 4111 3105 4176 Λόγος
3131 4109 3223 4162 καὶ
3253 4108 3404 4172 Θεὸς,
3434 4109 3584 4178 εὐρε-

2017 4205 2132 4277 θείη
2169 4205 2233 4259 ἂν
2269 4206 2593 4276 σεμνότητος
2620 4205 2714 4257 καὶ¹
2743 4203 3111 4273 καθαρότητος
3142 4201 3236 4253 καὶ
3261 4198 3420 4269 ἣθους
3451 4197 3582 4265 ἀφέ-

2017 4297 2156 4362 λεια,
2185 4298 2276 4351 καὶ
2307 4298 2544 4366 ἁπλότης
2577 4295 2686 4367 (28)
2710 4293 2965 4356 πολλάκις
2994 4292 3254 4364 κρείττων
3274 4308 3287 4320 ·
3316 4291 3382 4360 ἢν
3409 4291 3458 4341 οἱ
3486 4288 3586 4356 φά-

343 4393 638 4464 sapientes,
681 4394 858 4464 turpia
908 4408 1031 4447 eum
1081 4393 1283 4462 pueris,
1333 4392 1384 4444 id
1418 4391 1562 4460 quod
1612 4391 1764 4447 nefas
1807 4400 1901 4457 est,

2019 4407 2238 4452 σκοντες
2280 4385 2420 4442 εἶναι
2463 4389 2614 4457 σοφοὶ
2653 4387 2728 4458 μὴ
2769 4385 3114 4456 ἀνειληφότες
3152 4379 3594 4450 ὲγκαλινδοῦνται.

345 4494 682 4555 perpetrant,
711 4485 939 4540 masculi
965 4485 1018 4539 in
1055 4485 1321 4540 masculos
1364 4485 1745 4552 turpitudinem
1793 4501 1916 4553 ope-

345 4590 522 4634 rante:
558 4580 625 4631 “.

2025 4481 2164 4551 μετά
2211 4479 2438 4544 παίδων,
2485 4479 2542 4530 ὲν
2589 4471 2668 4540 οἷς
2693 4476 2754 4528 οὐ
2785 4475 2960 4545 θέμις,
2993 4473 3236 4542 ἇρῤενες
3277 4472 3347 4526 ἐν
3385 4470 3588 4539 ἇῤῥεσι

2021 4572 2136 4639 τὴν
2178 4571 2620 4640 ἀσχημοσύνην
2648 4564 3162 4637 κατεργαζόμενοι.¹

417 4747 463 4777 ¹¹
487 4745 641 4799 Rom.
667 4758 709 4810 t,.
728 4744 819 4808 28,
839 4741 928 4794 29.
1005 4740 1048 4771 ’³
1076 4739 1216 4794 Psal.
1245 4753 1429 4801 xxxvi,
1451 4737 1540 4801 50,
1577 4734 1667 4790 51.
1744 4735 1790 4767 ’³
1816 4735 1972 4791 Rom.
1999 4753 2039 4805 ι,
2062 4736 2151 4791 27.

421 4905 533 4980 (Ἃ)
563 4899 782 4980 ﬁdem:
815 4900 1174 4954 συνουσίαν.
1225 4898 1361 4954 Vide
1410 4897 1792 4951 adnotationes
1845 4893 1901 4947 ad

2019 4909 2108 4946 sus
2136 4888 2492 4944 Iovinianum.

2098 4961 2204 4980 [nun
2258 4961 2406 4980 l‘_,_l_l
2477 4959 2674 4980 Ιὶ-μ9---
2725 4968 2772 4980 An
2817 4957 3109 4980 n--fl--.._=

348 4957 688 5037 tib‘fiﬁmin.
713 4972 803 5025 εις.
1665 5033 1706 5037 __
1824 5033 1838 5037 _

2064 4961 2208 5037 Δ(⁸25)
2257 4961 2450 5037 codd:
2477 4959 2676 5037 Regius
2720 4968 2778 5013 et
2803 4957 3162 5037 ABasileensis,
3201 4957 3465 5037 διατελεῖν
3504 4959 3591 5012 διὰ

423 5028 536 5117 (22)
579 5040 966 5111 Ἱεροφάντης,
999 5037 1143 5092 οὐδὲ
1179 5037 1625 5106 πιστευόμενος.
1664 5033 1920 5115 Hceschc—
2025 5028 2124 5153 vita
2155 5033 2234 5094 εἰς
2265 5030 2326 5082 τὸ
2355 5031 2508 5082 Θεῖον
2535 5029 2697 5100 τιμὴν
2727 5028 3100 5110 καθαρώτατοι
3119 5044 3133 5058 ο
3167 5030 3218 5080 οἱ
3249 5029 3306 5081 δὲ
3336 5031 3596 5099 Χριστια-

423 5134 459 5153 ..ι
486 5116 536 5153 ε..
564 5123 726 5153 non"
776 5110 1116 5153 ἱεροφάντας-
1159 5107 1279 5153 οὐδὲ
1312 5105 1764 5153 πεπιστευμένος.
1797 5103 1921 5153 Ηιο-
2029 5118 2087 5153 νο
2136 5101 2194 5153 οὐ
2216 5101 2304 5153 διὰ
2330 5102 2452 5153 τάς.
2485 5109 2590 5153 etc.
2624 5101 2754 5153 Ome
2783 5099 2943 5153 lectio
2967 5113 3071 5150 non
3102 5102 3425 5153 snernenda.
3467 5113 3588 5151 cum

354 5099 466 5174 liu‘s
486 5099 536 5169 in
564 5099 735 5176 lex-tu:
776 5099 1116 5182 ἱεροῇόάντας,
1142 5107 1279 5182 ὀὐδὲ
1298 5099 1764 5182 ⁵πεπιστευμένος.
1797 5103 1901 5182 Hie

2029 5099 2110 5154 vo).
2136 5101 2194 5155 οὐ
2216 5101 2304 5154 διὰ
2311 5102 2452 5182 ξας,
2485 5099 2602 5180 e.lc._'
2624 5099 2943 5182 Qum'lectio
2967 5113 3082 5182 non
3102 5102 3425 5182 spernenda,
3467 5113 3588 5178 cum

355 5167 803 5256 r-onyimusepist,
829 5167 1244 5256 ad'Geroittiam
1273 5175 1347 5256 de
1382 5167 1750 5256 monogamia;
1779 5184 1846 5256 et_
1869 5174 1921 5225 in
2035 5181 2278 5238 tempore
2307 5169 2557 5256 Origenis
2576 5167 2881 5256 gistaii’ereg
2903 5168 3346 5256 deAPhri-st‘ianis
3366 5169 3444 5256 in
3469 5169 3589 5256 uni:

355 5199 616 5256 ronymus
642 5191 802 5252 epist.
835 5191 901 5234 ad
929 5191 1244 5235 b‘eronuam
1280 5191 1347 5229 oe
1382 5191 1750 5296 monogatnta;
1779 5191 1833 5227 et.
1870 5191 1921 5225 111
2035 5191 2278 5238 tempore
2307 5191 2557 5240 urlgcnts
2591 5191 2692 5250 Istat
2744 5191 2857 5221 tere
2903 5191 2970 5222 ue
3023 5191 3346 5223 burtsuuuts
3379 5191 3430 5220 ιιι
3470 5191 3589 5246 utu-

355 5260 464 5313 ﬁne
493 5255 612 5309 libri
649 5253 806 5322 primi
837 5251 1083 5322 adversus
1109 5246 1490 5322 Jovinianunt:
1525 5245 1550 5296 ι
1576 5243 1920 5322 εει-ορξιςιζιιαε
2019 5256 2260 5322 versum,
2313 5256 2417 5294 non
2468 5241 2535 5293 de
2568 5240 2886 5308 quibusdam
2927 5251 3110 5292 eorum
3152 5251 3277 5291 vere
3322 5248 3592 5308 potuerint

352 5311 554 5398 quoque
575 5311 974 5398 Atheniensium
1017 5333 1178 5398 usque
1217 5315 1370 5398 ltgdie
1404 5316 1588 5398 cicutae
1633 5314 1916 5398 sorbitione

356 5375 989 5461 iusti-iurauipostquam
1021 5389 1074 5441 in
1095 5375 1461 5456 pontiﬁcatum
1508 5385 1703 5453 fuerint
1746 5383 1894 5436 electi

2045 5457 2058 5461 Δ
2087 5381 2208 5461 (‘26)
2235 5380 2648 5461 Πληρούμεναι
2669 5377 2872 5461 πάσης
2900 5375 3303 5461 δικαιοσύνης*
3325 5375 3418 5461 καὶ
3453 5375 3594 5454 ἀγαμ-

357 5447 495 5520 sive.
521 5447 629 5517 esse
649 5447 901 5516 desinere.
1097 5447 1107 5456 ’
1246 5447 1257 5452 ⁷
1508 5447 1518 5453 ’
2029 5447 2298 5518 θόὲητος.
2344 5447 2692 5520 llaec—absunt
2713 5464 2750 5520 ia
2776 5451 2934 5520 codd.
2987 5447 3154 5518 Regio
3176 5458 3240 5520 _et
3267 5447 3584 5520 Basileensi.

419 5515 731 5602 (225)1“557”
772 5529 1132 5601 θεραπεύωσι.
1182 5525 1340 5580 Libb.
1373 5534 1530 5580 antea
1569 5522 1725 5587 editi,
1770 5521 1901 5592 θερα

2035 5515 2586 5602 Λριιᾶλᾘφεοιιοιέιιιη
2619 5519 2894 5602 legitur-in
2926 5515 3096 5602 testu,
3129 5515 3519 5602 πληρούμενοι.

357 5618 1136 5731 ngzitgiwpmumcc.Vide
1168 5669 1548 5731 llicrmtymum
1581 5664 1671 5719 lib.
1712 5680 1727 5717 ι
1760 5663 1901 5718 advet

2087 5585 2095 5590 ⁷
2129 5592 2220 5656 27)
2257 5590 2408 5652 Mss.,
2445 5585 2723 5640 ἰδιωτείαν.
2757 5587 2908 5642 Libb.
2950 5588 3099 5640 editi.
3129 5585 3380 5640 ἰδιωτίαν.

2109 5591 2222 5731 228)
2261 5659 2597 5714 iloeschelius
2632 5661 2682 5713 in
2712 5667 2880 5727 textu,
2914 5656 3226 5727 ἁπλότητος.

432 5671 548 5741 (Μ)
576 5669 1136 5737 ΕὺορίθμητοιΝἱιιε
1168 5669 1548 5737 llicrmtymum
1581 5664 1671 5719 lib.
1712 5680 1727 5717 ι
1760 5663 1901 5718 advet

2113 5656 2222 5731 (28)
2261 5659 2597 5714 iloeschelius
2632 5661 2682 5713 in
2712 5667 2880 5727 textu,
2914 5656 3226 5727 ἁπλότητος·
