3972 6160
435 315 574 372 1495

1592 307 1872 369 CONTRA
1910 303 2198 363 CELSUM'
2221 306 2348 362 LIB.
2388 305 2501 362 Vll.’

3559 308 3694 364 1491

515 434 573 488 '0
633 432 732 506 μὲν
779 426 872 486 οὖν
925 433 1023 487 οὐκ
1080 432 1377 503 ὲσαφήνισε
1421 429 1538 495 πῶς
1584 431 1722 502 μετὰ
1753 429 2010 500 γενέσεώς

2197 429 2287 485 50.
2327 429 2447 484 iam
2474 440 2574 482 nec
2604 423 2902 480 declaravit
2935 424 3202 494 quomodo
3230 423 3566 493 generationi
3596 428 3696 481 ad-

433 528 548 579 ὲστι
573 525 774 594 πλάνη,
805 524 928 576 οὐδὲ
972 525 1318 594 παρέστησεν
1353 524 1381 576 ὅ
1401 524 1454 577 τί
1484 540 1589 594 περ
1620 523 1889 586 ἐϐούλετο,
1932 523 2015 575 ἵνα

432 617 860 686 κατανοήσωμεν
884 614 1263 686 συγκρίνοντες
1287 613 1355 666 τὰ
1374 614 1540 668 αὐτοῦ
1566 617 1678 677 τοῖς
1699 613 1983 684 ἡμετέροις
1999 630 2011 643 ·

429 705 479 757 οἰ
501 703 558 757 δὲ
592 705 889 776 προφῆται,
921 703 1281 774 αἰνιττόμενοι
1308 703 1336 755 ὃ
1362 720 1416 756 τι
1447 701 1554 773 (29)
1586 703 1712 772 περὶ
1735 701 1841 755 τῶν
1862 701 2015 770 γενέ-

431 812 565 860 σεως
612 796 950 868 πραγμάτιον
982 797 1166 864 σοφὸν,
1211 793 1400 848 θυσίαν
1452 794 1580 865 περὶ
1620 793 1893 864 ἁμαρτίας
1931 792 2017 846 λέ-

431 902 618 953 γουσιν
664 884 1053 955 ἀναφέρεσθαι,
1094 885 1188 937 καὶ¹
1233 884 1496 954 περὶτῶν
1539 885 1664 956 ἄρτι
1689 884 2017 955 γεγεννημέ-

430 993 537 1030 νων
563 976 674 1047 ('50)
705 977 780 1040 ὡς
813 977 872 1028 οὐ
908 975 1164 1047 καθαρῶν
1194 974 1302 1027 ἀπὸ
1331 974 1625 1046 ἁμαρτίας.
1659 975 1796 1026 Φασὶ
1821 974 1878 1027 δὲ
1923 973 2017 1027 καὶ

428 1070 509 1129 τὸ,
558 1068 657 1120 Ἑν
693 1066 969 1134 ἀνομίαις
1001 1064 1417 1134 συνελήφθην,
1462 1064 1562 1118 καὶ
1609 1067 1676 1118 ὲν
1706 1065 2018 1133 ἁμαρτίαις

426 1155 724 1224 ἑκίσσησέ
749 1173 823 1225 με
843 1158 881 1225 η
895 1155 1092 1225 μήτηρ
1115 1173 1258 1224 μου.
1303 1153 1463 1206 Ἀλλὰ
1486 1154 1580 1207 καὶ
1603 1151 2013 1223 ἀποφαίνονται,

425 1247 508 1300 ὅτι
540 1248 1121 1317 ἀπηλλοτριώθησαν
1165 1250 1218 1302 οἱ
1255 1246 1589 1316 ἁμαρτωλοὶ
1623 1247 1741 1300 ἀπὸ
1759 1244 2013 1314 μήτρας,

427 1339 746 1410 παραδόξως
797 1340 1047 1406 λέγοντες
1093 1338 1186 1392 καὶ
1237 1338 1317 1401 τὸ,
1386 1335 1856 1404 Ἐπλανήθησαν
1897 1336 2016 1390 ἀπὸ

425 1431 706 1501 γαστρὸς,
756 1430 1071 1499 ἐλάλησαν
1115 1427 1331 1498 ψευδῆ.
1390 1427 1548 1480 οὕτω
1583 1427 1640 1480 δὲ
1698 1429 1878 1481 πᾶσαν
1917 1427 2015 1498 τὴν

423 1521 533 1574 τῶν
553 1519 826 1591 αἰσθητῶν
855 1518 1225 1574 διαϐάλλουσιν
1246 1520 1295 1572 οἰ
1322 1518 1443 1572 καθ’
1470 1520 1617 1590 ἡμᾶς
1641 1518 1795 1586 σοφοὶ
1831 1516 2012 1586 φύσιν,

425 1613 566 1666 ὥστε
616 1612 690 1683 πὴ
738 1613 835 1682 μὲν
878 1613 1219 1683 ματαιότητα
1250 1610 1499 1683 εἰρῆσθαι
1547 1610 1614 1664 τὰ
1669 1609 1917 1680 σώματα,
1959 1611 2017 1661 ὲν

423 1705 524 1776 τῷ,
580 1703 659 1773 Τῇ
709 1703 819 1774 γὰρ
864 1707 1211 1774 ματαιότητι
1248 1707 1287 1773 η
1338 1706 1536 1769 κτίσις
1586 1701 1853 1770 ὑπετάγη
1903 1703 2015 1770 οὐχ

2116 521 2376 591 jungatur
2405 533 2583 585 error,
2615 531 2715 573 nec
2747 517 2880 587 quid
2914 518 3014 572 sibi
3053 518 3234 583 vellet,
3268 518 3340 572 ita
3384 516 3693 587 explicavit,

2119 623 2178 667 ιιι
2226 613 2358 668 illud
2409 611 2712 682 intelligere
2766 623 3088 677 possemus,
3129 607 3272 662 facta
3314 623 3530 676 eorum,
3575 625 3696 680 qua:

2121 705 2274 771 dicit,
2307 719 2428 759 cum
2464 703 2666 758 nostris
2706 699 3137 770 comparatione.
3183 701 3252 752 At
3298 700 3570 769 prephela:
3612 714 3693 755 sa-

2119 797 2275 868 piens
2303 795 2432 865 quid
2467 794 2534 849 de
2563 793 2723 847 rebus
2749 806 2780 846 e
2827 792 3173 860 generatione
3204 790 3338 844 ortis
3373 790 3692 860 indicantes,

2120 887 2274 942 aiunt
2302 884 2632 955 piacularem
2667 883 2945 938 victimam
2992 881 3154 936 etiam
3198 895 3294 950 pro
3322 894 3508 935 recens
3540 883 3691 950 getti-

2122 979 2190 1033 tis
2232 976 2438 1042 offerri,
2473 985 2660 1046 utpote
2708 974 2801 1045 qui
2849 973 3056 1043 peccati
3102 987 3209 1026 non
3256 972 3366 1026 sint
3398 973 3690 1028 immunes.

2118 1071 2320 1124 Dicunt
2351 1068 2519 1122 etiam
2554 1084 2567 1120 :
2606 1066 2671 1120 In
2703 1065 3065 1135 iniquitatibus
3093 1073 3366 1131 conceptus
3395 1079 3510 1116 sum
3551 1072 3600 1117 et
3639 1065 3693 1117 in

2117 1159 2342 1228 peccatis
2389 1158 2623 1226 concepit
2673 1172 2755 1213 me
2783 1167 2949 1210 mater
2979 1171 3092 1208 mea
3129 1155 3194 1207 ³⁸.
3244 1153 3570 1207 Eorumdem
3609 1165 3691 1209 est

2118 1249 2263 1304 istud
2295 1269 2307 1304 :
2343 1249 2581 1304 Alienati
2610 1257 2731 1302 sunt
2759 1256 3054 1315 peccatores
3100 1262 3130 1298 a
3163 1247 3310 1299 vulva
3344 1245 3423 1310 '5;
3479 1253 3532 1300 et
3564 1246 3692 1300 illud

2121 1340 2440 1410 stupendum
2483 1338 2628 1409 quod
2672 1337 2917 1391 addunt:
2954 1335 3279 1389 Erraverunt
3313 1335 3376 1388 ab
3408 1346 3578 1403 utero,
3615 1337 3692 1390 lo-

2119 1431 2224 1485 cuti
2257 1440 2376 1485 sunt
2422 1429 2562 1497 falsa
2608 1430 2674 1483 ³⁷.
2709 1429 2786 1482 lta
2816 1441 2945 1482 vero
2978 1440 3194 1480 omnem
3226 1440 3410 1479 rerum
3455 1427 3654 1483 sensibi
3675 1456 3690 1466 -

2118 1521 2248 1575 lium
2283 1529 2535 1574 naturam
2567 1519 2876 1590 deprimunt
2907 1516 3180 1586 sapientes
3215 1517 3407 1581 nostri,
3442 1525 3498 1568 ut
3533 1519 3691 1572 modo

2119 1626 2346 1680 corpora
2394 1613 2688 1665 vanitatem
2735 1607 3008 1678 appellent
3040 1608 3124 1662 his
3154 1608 3379 1662 verbis:
3419 1607 3558 1664 Nam
3600 1627 3690 1664 ua-

2120 1702 2277 1755 nitati
2309 1711 2556 1755 creatura
2597 1701 2832 1770 subjecta
2861 1710 2935 1752 est
2985 1714 3089 1750 non
3118 1697 3318 1762 volens,
3353 1699 3443 1753 sed
3483 1710 3692 1770 propter

424 1795 670 1855 ἑκοῦσα,
707 1796 866 1849 ἀλλὰ
891 1794 986 1849 διὰ
1004 1795 1109 1848 τὸν
1127 1794 1511 1859 ὑποτάξαντα
1537 1794 1628 1845 ἐπ’
1659 1792 1860 1846 ἑλπίδι
1881 1808 1894 1822 ·
1933 1792 2008 1862 πὴ

2122 1810 2232 1848 eum
2275 1794 2364 1864 qui
2401 1791 2623 1860 subjecit
2656 1792 2710 1844 in
2758 1806 2845 1860 spe
2870 1790 2990 1855 ’7‘;
3023 1789 3180 1843 modo
3210 1789 3504 1844 vanitatem
3538 1792 3691 1843 vani.

422 1887 479 1939 δὲ
535 1885 869 1957 ματαιότητα
920 1887 1316 1957 ματαιοτήτων,
1354 1885 1429 1948 ὡς
1478 1881 1628 1938 εἶπεν
1664 1883 1774 1956 (51)
1816 1886 1844 1937 ὁ
1890 1883 2010 1935 Ἐκ-

423 1977 791 2048 κλησιαστής’
827 1977 1163 2044 Ματαιότης
1205 1975 1644 2046 ματαιοτήτων,
1689 1977 1761 2030 τὰ
1815 1975 2010 2030 πάντα

421 2069 765 2140 μτιταιότης.
797 2068 894 2131 Τίς
918 2068 962 2120 δ’
992 2067 1134 2120 οὕτω
1161 2067 1488 2139 διαϐέϐληκε
1519 2068 1618 2139 τὴν
1645 2067 1878 2120 ἐνταῦθα
1907 2067 2010 2136 τῆς

423 2155 706 2229 ἀνθρώπου
739 2156 916 2228 ψυχῆς
942 2156 1108 2227 ζωὴν,
1141 2157 1217 2220 ὡς
1248 2160 1276 2211 ὁ
1303 2157 1471 2211 εἰπών
1491 2174 1504 2186 ⁸
1541 2157 1718 2224 Πλὴν
1744 2157 1816 2210 τὰ
1865 2158 2012 2226 σύμ-

423 2264 620 2302 παντα
661 2249 1009 2318 ματαιότης,
1053 2248 1172 2314 πᾶς
1226 2249 1538 2318 ἅνθρωπος
1584 2247 1730 2312 (cur;
1776 2249 1850 2301 Ut’i
1899 2248 2008 2321 γὰρ

422 2338 671 2391 ὲδίστασε
701 2337 827 2408 περὶ
854 2339 954 2407 τῆς
991 2339 1255 2410 διαφορᾶς
1285 2338 1376 2391 τοῦ
1427 2336 1527 2410 ζῇν
1568 2339 1667 2409 τῆς
1709 2338 1886 2409 ψυχῆς
1919 2340 2006 2393 ἐν-

420 2431 595 2486 ταῦθα
625 2432 719 2486 καὶ
751 2431 856 2495 ἔξω
883 2430 992 2486 τῶν
1019 2430 1206 2486 ἐνθάδε
1225 2449 1238 2461 ο
1276 2431 1384 2484 οὐδ’
1414 2432 1565 2500 ἔλεγε
1605 2433 1722 2502 μὲν,

497 2544 594 2609 Τίς
625 2540 788 2597 οἶδεν
821 2542 1127 2614 (52),είίτὸ
1157 2543 1264 2612 ζῇν
1296 2543 1412 2614 μέν
1439 2546 1567 2598 ἐστι
1599 2546 1934 2611 κατθανεῖν,

497 2615 566 2666 Τὸ
606 2613 922 2667 κατθανεῖν
946 2613 1013 2666 δὲ
1036 2613 1184 2681 ζῇν;

423 2705 620 2777 θαρρεῖ
690 2704 746 2757 δὲ
832 2704 1011 2773 λέγειν
1096 2703 1164 2757 τὰ
1243 2703 1434 2775 ἀληθῆκ
1492 2707 1550 2756 ἐν
1630 2705 1741 2776 τῷ,

423 2793 682 2864 πεινώθη
733 2797 820 2860 είς
866 2793 1022 2864 χοῦν
1076 2795 1114 2862 ἠ
1189 2793 1361 2863 ψυχὴ
1446 2793 1637 2864 ήμῶν-⁸
1716 2794 1840 2861 καὶ,
1905 2799 2006 2864 Elg-

420 2885 584 2958 χοῦν-
609 2886 870 2940 θανάτου
919 2885 1251 2956 κατιήγαγές
1283 2904 1384 2956 με.
1434 2887 1585 2941 mea
1635 2890 1730 2944 καὶ
1779 2893 1865 2956 τὸ,
1912 2893 2006 2958 Ίτς

417 2996 491 3047 με
569 2979 823 3046 ῥύσεται
891 2977 960 3031 ἐκ
1028 2977 1136 3031 τοῦ
1215 2977 1488 3048 σώματος
1553 2980 1662 3034 τοῦ
1745 2981 2004 3036 θανάτου

420 3071 677 3133 τούτου;
709 3069 974 3122 Λέλεκται
1023 3070 1119 3122 καὶ
1160 3069 1252 3135 τὺ,
1327 3072 1424 3136 Ὃς
1492 3074 2004 3142 μετασχηματίσει

419 3157 488 3211 τὸ
512 3156 683 3226 σῶμα
707 3157 815 3225 τῆς
842 3157 1251 3224 ταπεινώσεως
1280 3157 1468 3228 ἡμῶν.
1499 3161 1789 3233 Προφήτης
1811 3162 1868 3215 δέ
1890 3164 2004 3215 ἐστι

421 3250 518 3301 καὶ
550 3249 577 3298 ὁ
611 3247 780 3300 εἰπὼν
807 3250 890 3314 τὸ,
939 3249 1380 3316 Ἑταπείνωσας
1428 3250 1585 3320 ἡμᾶς
1620 3253 1690 3305 ἐν
1715 3254 1874 3321 τόπῳ
1905 3270 2012 3308 κα*

423 3338 662 3406 κὼσεως
680 3357 696 3372 °
714 3339 1009 3404 κακώσεως
1026 3341 1191 3394 τόπον
1207 3341 1380 3410 λέγων
1404 3342 1496 3395 τὸν
1525 3361 1591 3396 πε
1599 3344 1800 3414 ρίγειον
1822 3346 2006 3410 τόπον,

424 3432 509 3500 ἐφ’
539 3430 598 3483 ὃν
628 3430 913 3499 ἐκϐληθεὶς
948 3431 1055 3485 ἀπὸ
1084 3430 1178 3484 τοῦ
1211 3433 1541 3505 παραδείσου
1572 3433 1660 3486 διὰ
1687 3435 1784 3504 τὴν
1813 3438 2008 3491 κακίαν

425 3522 682 3594 ἐλήλυθεν
716 3525 743 3576 ὁ
786 3522 950 3594 Ἀδὰμ
984 3522 1097 3595 (55)
1142 3524 1279 3594 ὅπερ
1308 3523 1455 3576 ἐστὶν
1493 3524 1808 3594 ἄνθρωπος’
1853 3528 1947 3581 καὶ
1981 3532 2010 3582 ὁ

425 3614 598 3684 λέγων
625 3614 701 3679 δὲ,
739 3616 820 3669 ὅτι
847 3614 1160 3684 βλέπομεν
1196 3613 1328 3682 ἄρτι
1359 3613 1435 3668 δι’
1473 3615 1773 3683 ἐσόπτρου
1817 3617 1914 3670 καὶ
1941 3618 2010 3672 ἐν

426 3709 743 3776 αἰνίγματι,
771 3707 901 3761 τότε
921 3705 988 3759 δὲ
1016 3708 1342 3774 πρόσωπον
1370 3705 1520 3774 πρὸς
1550 3707 1899 3774 πρόσωπον·
1929 3709 2010 3761 ἔτι

1846 2707 2004 2760 Ἑτα-

424 3799 480 3852 es
515 3801 609 3853 καὶ
642 3800 724 3865 τὸ,
771 3799 1200 3869 Ἐνδημοῦντες
1242 3801 1312 3854 ἐν
1349 3799 1430 3877 τῷ
1460 3799 1686 3870 σώματι
1727 3801 2012 3872 ἐκδημοῦ-

423 3909 538 3960 μεν
568 3892 688 3946 ἀπὸ
726 3891 837 3946 τοῦ
880 3894 1124 3961 Κυρίου,
1154 3893 1233 3946 διὸ
1272 3893 1641 3962 εὐδοκοῦμεν
1672 3894 2011 3964 ἐκδημῆσαι

428 3983 496 4034 ἐκ
524 3981 630 4035 τοῦ
655 3981 946 4051 σώματος,
973 3983 1072 4036 καί
1099 3981 1436 4052 ἐνδημῆσαι
1464 3985 1612 4051 πρὸς
1641 3985 1749 4038 τὸν
1769 3987 2007 4054 Κύριονο

429 4075 532 4146 ὅρα
565 4075 768 4144 πηλίκα
802 4075 929 4145 περὶ
960 4075 1058 4145 τῆς
1090 4075 1346 4146 διαφόρου
1381 4073 1525 4145 ζωῆς
1555 4075 1664 4128 τῶν
1702 4075 1890 4147 ψυχῶν
1927 4097 2009 4133 τε-

430 4163 722 4235 θεωρήκει.

501 4255 613 4307 Καὶ
641 4256 693 4307 τί
730 4272 796 4326 με
822 4255 902 4308 δεῖ
930 4255 1024 4309 ἐπὶ
1051 4255 1232 4310 πλεῖον
1257 4256 1737 4330 ἀντιπαρατιθέναι
1771 4262 1837 4332 τῇ
1869 4260 2010 4326 λέξει

430 4345 660 4408 Κέλσου,
688 4344 763 4408 ὡς
792 4344 968 4416 πολλῷ
1006 4345 1268 4417 πρότερον
1299 4345 1503 4401 τούτων
1538 4351 1666 4420 παρ’
1700 4352 1833 4420 ἡμῖν
1866 4350 2013 4404 λελε-

2119 1896 2287 1941 talum
2348 1886 2568 1941 dicant:
2611 1881 2831 1937 Vauitas
2887 1882 3220 1948 vanitatum,
3277 1880 3454 1950 inquit
3505 1881 3689 1937 Eccle—

2117 1980 2331 2044 siastes,
2373 1978 2549 2032 omnia
2590 1979 2790 2030 vanitas
2844 1974 2911 2027 ’⁸.
2972 1972 3104 2040 Quis
3153 1986 3305 2043 atque
3365 1981 3686 2044 praesentem

2117 2072 2364 2128 humanae
2416 2072 2610 2122 anima:
2659 2066 2824 2120 vitam
2859 2065 3155 2120 insectatus
3204 2073 3308 2129 est,
3341 2079 3408 2119 ac
3457 2065 3550 2120 ille
3594 2064 3686 2134 qui

2117 2162 2294 2218 dixit:
2331 2159 2702 2214 Verumtamen
2751 2157 2992 2211 universa
3041 2156 3272 2219 vanitas,
3303 2157 3478 2211 omnis
3531 2156 3686 2208 homo

2115 2255 2288 2308 vivens
2315 2251 2401 2306 "1
2439 2249 2547 2305 Nec
2575 2249 2717 2305 enim
2754 2247 2969 2302 dubitat
3003 2248 3287 2302 diversane
3333 2247 3404 2300 sit
3446 2260 3688 2316 praesens

2115 2349 2224 2401 vita
2266 2346 2484 2409 animae,
2517 2357 2546 2396 a
2575 2342 2687 2396 vita
2727 2354 2892 2410 quam
2925 2354 2956 2394 e
2989 2338 3150 2394 rebus
3193 2337 3316 2394 istis
3357 2350 3576 2406 egressa
3608 2336 3687 2389 vi-

2115 2448 2267 2495 ctura
2298 2446 2409 2504 est;
2447 2451 2544 2490 nec
2573 2433 2710 2489 dixit
2742 2447 2759 2485 :

2258 2550 2388 2614 Quis
2423 2549 2586 2609 novit,
2615 2545 2758 2598 istud
2784 2543 2946 2596 vivere
2978 2558 3046 2596 an
3075 2543 3210 2595 mori
3244 2541 3366 2606 siet,

2255 2620 2308 2674 Μ
2318 2620 2496 2689 orique
2525 2618 2688 2672 viuere
2715 2614 2802 2667 ’°?

2114 2715 2209 2770 sed
2257 2713 2487 2768 ﬁdenter
2517 2723 2641 2764 vera
2681 2702 3014 2776 pronuntiat,
3067 2717 3187 2758 cum
3221 2703 3296 2757 ait
3331 2719 3345 2756 :
3387 2699 3683 2755 Humiliala

2113 2817 2187 2862 est
2237 2806 2291 2858 in
2334 2806 2544 2872 pulvere
2586 2798 2767 2852 anima
2813 2806 2993 2850 nostra
3041 2797 3118 2860 ⁸¹;
3169 2803 3267 2850 et:
3298 2793 3365 2848 In
3417 2793 3686 2862 pulverem

2112 2897 2297 2951 mortis
2354 2891 2622 2947 deduxisti
2669 2905 2749 2942 me
2797 2888 2867 2942 δ’.
2904 2888 3020 2955 Quo
3071 2886 3211 2942 redit
3240 2894 3292 2940 et
3338 2884 3479 2940 istud
3508 2901 3524 2938 :
3552 2882 3685 2950 Quis

2115 3005 2194 3042 me
2223 2987 2463 3041 liberabit
2489 2985 2554 3038 de
2583 2999 2796 3052 corpore
2831 2982 3014 3035 mortis
3058 2980 3217 3049 hujus
3243 2977 3335 3031 '3?
3377 2975 3489 3031 Hoc
3519 2976 3680 3030 etiam

2112 3082 2316 3135 dictum
2343 3088 2465 3133 est:
2496 3077 2600 3143 Qui
2625 3073 3022 3144 transﬁgurabit
3059 3071 3219 3142 731
3251 3087 3439 3141 corpus
3466 3069 3686 3123 humili—

2113 3176 2237 3226 tatis
2269 3182 2465 3227 nostrae
2500 3169 2567 3223 “.
2600 3166 2890 3237 Propheta:
2931 3173 3016 3218 est
3054 3173 3106 3218 et
3153 3163 3337 3218 istud:
3369 3160 3685 3215 Humiliasti

2112 3283 2205 3320 nos
2234 3267 2288 3320 in
2314 3264 2428 3318 loco
2457 3263 2750 3334 omit-tionis
2779 3259 2850 3326 ³⁸,
2871 3261 2959 3316 ubi
2988 3257 3165 3312 locum
3195 3253 3502 3310 amictionis
3527 3262 3687 3310 vocat

2113 3369 2385 3412 terrenum
2420 3358 2565 3411 hunc
2608 3356 2806 3422 locum,
2840 3368 2948 3424 quo
2984 3351 3157 3406 Adam
3205 3364 3297 3403 seu
3330 3348 3492 3403 horno
3533 3363 3564 3402 e
3595 3361 3686 3416 pa-

2111 3449 2291 3503 radiso
2321 3449 2530 3517 ejectus
2555 3449 2796 3503 advenit.
2829 3445 2965 3498 Vide
2993 3442 3154 3496 etiam
3189 3456 3350 3509 quam
3399 3448 3684 3510 perspecta

2111 3537 2275 3590 fuerit
2305 3537 2517 3590 diversa
2552 3537 2863 3589 animarum
2912 3531 3020 3585 vita
3057 3529 3131 3582 illi
3166 3529 3257 3596 qui
3301 3529 3437 3582 dixit
3466 3548 3479 3582 :
3523 3526 3686 3582 Vide-

2112 3643 2228 3680 mus
2259 3643 2396 3680 nunc
2427 3643 2513 3692 per
2547 3625 2814 3696 speculum
2841 3635 2889 3679 et
2933 3624 2987 3676 in
3019 3623 3317 3690 aenigmate,
3355 3630 3478 3673 tunc
3509 3629 3684 3673 autem

2111 3715 2252 3785 facie
2297 3717 2366 3769 ad
2399 3715 2587 3784 faciem
2633 3717 2711 3781 ³⁶;
2763 3727 2817 3770 et
2848 3715 2992 3770 istud
3027 3731 3040 3767 :
3071 3712 3211 3766 'Dum
3247 3727 3425 3764 sumus
3460 3711 3518 3764 in
3561 3726 3682 3764 cor-

2111 3823 2258 3877 pore,
2309 3808 2710 3877 peregrinamur
2763 3825 2795 3862 a
2849 3806 3094 3872 Domino,
3143 3813 3434 3877 propterea
3494 3802 3684 3856 bonam

2112 3899 2430 3953 voluntatem
2464 3899 2716 3953 habemus
2766 3901 3091 3969 peregrinari
3131 3915 3162 3951 a
3209 3910 3423 3966 corpore
3453 3902 3503 3950 et
3542 3909 3680 3964 prae-

2113 3977 2282 4046 sentes
2310 4007 2419 4046 esse
2448 3991 2517 4046 ad
2549 3991 2838 4049 Dominum
2864 3991 2929 4046 ³⁷.

2183 4257 2275 4312 5i.
2315 4256 2420 4313 Sed
2453 4258 2581 4328 quid
2615 4271 2700 4313 me
2724 4273 2859 4328 Opus
2891 4266 2974 4313 est
3006 4256 3148 4312 Celsi
3195 4252 3374 4311 verbis
3403 4256 3555 4324 plura
3583 4269 3682 4323 op-

2115 4365 2340 4419 ponere,
2379 4357 2438 4403 ut
2465 4350 2686 4419 probem
2727 4351 2842 4404 haec
2874 4363 2903 4403 a
2933 4348 3134 4404 nostris
3170 4347 3338 4402 multo
3369 4355 3496 4402 ante
3523 4345 3687 4402 fuisse

430 4437 665 4507 γμένων,
723 4438 810 4490 ὅτε
861 4439 955 4491 καὶ
991 4439 1054 4491 ὲκ
1086 4437 1192 4491 τῶν
1242 4439 1546 4511 εἰρημένων
1587 4441 1756 4510 σαφές
1802 4443 1919 4495 ἐστι
1949 4441 2010 4496 τὸ

2122 4443 2283 4509 dicta,
2318 4442 2535 4510 quando
2581 4457 2647 4496 ex
2697 4439 3390 4499 memoratisitestimoniis
3445 4439 3497 4493 id
3538 4438 3688 4494 clare

434 4527 679 4598 βούλημα
719 4527 904 4598 ἡμῶν;
964 4529 1052 4581 Ἑν
1085 4527 1297 4592 τούτοις
1344 4528 1400 4580 δὲ
1432 4530 1525 4582 καὶ
1558 4529 1719 4583 οἱονεὶ
1762 4530 2003 4602 τίθησιν·

428 4618 537 4671 Καὶ
562 4617 794 4686 πνεῦμα
814 4616 924 4670 εἴτι
949 4616 1147 4671 οἴεσθε
1170 4617 1377 4671 κατιὸν
1403 4618 1472 4671 ἐκ
1499 4617 1646 4672 Θεοῦ
1675 4621 2003 4690 προαγγέλ-

429 4707 684 4780 λεινβῆ)
710 4707 781 4762 τὰ
801 4707 945 4774 θεῖα,
973 4708 1128 4762 τοῦτ’
1149 4708 1227 4762 ἂν
1245 4709 1338 4776 εἵη
1360 4709 1425 4762 τὸ
1455 4709 1708 4780 πνεῦμα,
1734 4712 1797 4764 τὸ
1823 4713 2010 4767 ταῦτα

503 4862 707 4917 “Psal.
733 4880 785 4928 ιι,
814 4863 866 4916 7.
945 4863 990 4894 ²⁶
1017 4862 1159 4920 Psal.
1215 4879 1335 4927 LVII,
1377 4863 1432 4916 4.
1525 4865 1569 4896 ⁸⁷
1595 4865 1725 4920 ibid.

436 4927 482 5000 f‘f
510 4931 751 5000 liuripial.
827 4933 869 4964 “
895 4932 1038 4987 Psal.
1069 4949 1217 4994 κιιιι.
1243 4935 1328 4986 26.
1409 4935 1452 4965 ³³
1479 4935 1620 4988 i’sal.
1645 4951 1757 5000 ut,
1784 4937 1875 4990 16.

437 4997 524 5050 ³⁸1
549 4997 674 5054 (lor.
703 5016 823 5068 xm,
852 5002 937 5055 12.
1016 5003 1058 5033 ³⁷
1083 5003 1125 5056 ll
1149 5004 1272 5057 Cor.
1299 5019 1354 5066 v,
1383 5003 1415 5057 6
1437 5013 1490 5057 et
1511 5004 1562 5058 8.

533 5113 623 5185 29)
654 5115 792 5170 Ὅτι.
828 5116 1144 5172 Boherellus
1180 5119 1362 5174 mallet
1394 5121 1474 5174 τό.

534 5184 813 5258 ὅυληερί
861 5186 979 5238 τῶν
1009 5187 1138 5254 ἄρτι
1166 5189 1634 5258 γεγενφὍμένων.
1663 5189 1797 5244 Vide
1817 5190 2006 5245 Galeni

441 5253 719 5329 lib..v_D_e_
740 5253 1078 5329 Hippocratis
1105 5268 1151 5309 et
1173 5253 1429 5329 Plutonis
1451 5259 1706 5329 decretis,
1732 5277 1851 5329 pag.
1879 5261 2004 5315 290.

513 5323 623 5397 (51)
645 5323 764 5397 βΩς
797 5321 985 5397 εἶπεν.
1022 5327 1097 5378 lta
1127 5327 1286 5380 codd.
1317 5328 1447 5397 Reg.
1487 5338 1541 5380 et
1571 5321 1828 5382 Basililn'
1849 5339 2009 5385 antea

443 5395 604 5447 editis
625 5394 777 5446 dei-st
803 5394 900 5454 ὡς.

517 5463 628 5532 (32)
665 5463 766 5528 Τίς
796 5461 979 5516 οἶδεν.
1019 5463 1277 5532 Sequitur
1309 5465 1447 5533 apud
1487 5465 1735 5531 Suidam,
1766 5467 1828 5519 τὸ
1861 5471 2010 5521 πνεῖν

441 5533 500 5588 δὲ
551 5533 804 5605 δειπνεξν,
853 5534 947 5605 καί.
997 5534 1080 5605 τὸν
1120 5533 1400 5587 καθεύδειν
1454 5534 1663 5589 κώδιον.
1726 5539 2006 5605 διοὺιιιυε,

447 5618 613 5658 serui.
650 5603 772 5666 H'i,
808 5619 874 5656 ex
902 5602 1160 5668 Euripide
1194 5620 1208 5655 :

524 5672 704 5743 Tigd’
737 5670 900 5728 οἶδεν
927 5675 976 5743 εί
1006 5672 1112 5741 ζῇν
1142 5672 1321 5739 τοῦθ’,
1353 5673 1382 5726 ὃ
1411 5674 1693 5743 κέκληται
1720 5677 1938 5741 θανεῖν,

524 5744 591 5797 Τὸ
623 5741 730 5814 ζῇν
755 5743 823 5798 δὲ
853 5742 1136 5812 θνήσκειν
1167 5744 1298 5797 ἐστί
1313 5760 1333 5808 ;
1366 5745 1539 5815 Πλὴν
1567 5741 1720 5815 ὅμως
1741 5747 1978 5816 βροτῶν
2004 5815 2011 5821 Ι

1832 4868 1912 4898 ’⁷⁵
1959 4867 2116 4921 Rom.
2163 4884 2281 4934 vm,
2356 4868 2446 4922 20.

1970 4938 2013 4969 ³³
2034 4937 2191 4992 Rom.
2216 4954 2314 5004 vn,
2339 4939 2429 4992 24.

2119 4531 2389 4586 ellicitur?
2438 4530 2556 4600 lpse
2594 4532 2660 4585 ad
2713 4531 2802 4586 illa
2851 4531 3250 4601 quodammodo
3283 4529 3521 4600 respicit,
3561 4544 3686 4584 eum

2116 4626 2188 4676 ait
2220 4641 2232 4676 :
2267 4621 2327 4678 Si
2353 4639 2506 4693 quem
2531 4625 2728 4692 putatis
2752 4639 2818 4678 ea:
2845 4623 2953 4677 Deo
2979 4622 3308 4676 descendisse
3336 4621 3578 4690 spiritum
3617 4621 3686 4674 ad

2117 4731 2199 4768 res
2232 4715 2438 4770 divinas
2473 4715 2921 4780 annuntiandum,
2965 4714 3051 4767 hic
3081 4714 3296 4783 spiritus
3333 4729 3460 4768 sane
3499 4712 3586 4768 ille
3613 4721 3686 4766 est

2540 4869 2586 4901 ⁸⁸
2624 4866 2830 4922 Eccles.
2858 4884 2899 4930 ι,
2921 4867 2977 4922 2.

2527 4938 2572 4969 ³⁸
2598 4938 2828 5006 Philipp.
2856 4953 2941 5002 III,
2966 4937 3056 4991 21.

3081 4864 3292 4920 “Psal.
3337 4881 3569 4930 xxxvm,
3630 4865 3685 4918 6.

3153 4936 3198 4967 ³⁵
3219 4935 3366 4990 Psal.
3395 4951 3550 5003 xuii,
3596 4934 3687 4989 20.

2185 5121 2492 5175 Νοσοῦσιν
2520 5121 2574 5173 οἱ
2604 5117 2962 5185 βλέποντες,
2986 5123 3039 5173 oi
3070 5119 3122 5172 δ’
3148 5117 3445 5183 όλωλότες

2191 5189 2383 5244 Οὐδὲν
2432 5188 2749 5251 νοσοῦσιν,
2790 5183 2932 5244 οὺδὲ
2952 5183 3276 5255 κέκτηνται
3297 5186 3471 5239 κακά.
3492 5183 3689 5255 Sparta.

2117 5258 2246 5326 Quae
2281 5259 2556 5328 Euripidis
2600 5261 2844 5313 versibus
2894 5253 3423 5328 subnectit_Snidas
3470 5258 3523 5308 in
3577 5253 3686 5320 τίς,

2117 5323 2395 5398 desumpta
2415 5323 2552 5382 'sunt
2573 5345 2637 5382 ex
2669 5328 3054 5398 Aristophane,
3088 5325 3140 5378 in
3172 5323 3360 5398 Ranis.

2188 5392 2321 5469 (55)"
2343 5401 2398 5450 '0
2434 5398 2626 5468 Ἀδάμ.
2664 5398 2792 5452 Vide
2817 5392 3192 5450 adnotatioues
3216 5394 3281 5447 ad
3312 5392 3405 5448 lib.
3439 5407 3512 5460 Iv,
3535 5408 3691 5447 num.

2189 5510 2303 5608 i254)
2331 5538 2439 5592 Καὶ
2494 5537 2731 5606 πνεῦμα
2778 5535 2889 5608 εἴτι
2937 5533 3138 5608 οἴεσθε
3193 5530 3401 5585 κατιὸν
3439 5533 3508 5587 ἐκ
3541 5531 3691 5608 Θεοῦ

2118 5603 2680 5686 ςτρόαῴτέλλεινμιξι
2715 5607 2891 5686 codex
2938 5603 3184 5681 Julianus
3205 5617 3287 5686 lex.
3323 5605 3689 5686 correctione.

2120 5671 2291 5732 Lilibf
2318 5671 2474 5732 antea
2512 5676 2664 5739 editi.
2709 5676 2743 5747 ἢ
2798 5673 2912 5737 πῶς
2945 5671 3160 5743 πνεῦμα
3204 5671 3345 5725 θεῖον
3393 5673 3579 5732 κατιδν
3626 5674 3697 5731 ix

2118 5748 2250 5802 θεοῦ
2281 5745 2655 5818 προαγγέλλει.
