3972 6160
324 273 462 328 “95

1796 271 2116 329 ORIGENIS

3437 268 3584 325 “96

320 395 407 460 qui
438 395 543 448 ista
582 395 858 463 pra’dicat,
903 403 950 447 et
995 409 1094 461 quo
1134 391 1316 457 repleti
1348 394 1446 448 viri
1493 403 1687 449 veteres
1736 395 1895 449 multa

2005 397 2316 464 κηρύττον,
2373 389 2444 448 οὗ
2505 391 2581 461 δὴ
2639 389 3013 458 πλησθέντες
3071 385 3287 454 ἄνδρες
3337 383 3584 439 παλαιοὶ

322 497 384 534 ac
438 481 696 550 pra’clara
739 483 1050 535 docuerunt.
1101 480 1209 534 Sed
1263 482 1784 550 nescivit.quantum
1821 485 1892 538 ab

323 573 444 626 istis
472 571 720 626 differant
746 587 806 626 ea
839 586 957 639 qua:
1004 571 1159 625 nobis
1202 572 1416 641 penitus
1446 582 1729 642 perspecta
1767 581 1895 628 sunt

324 661 635 718 dicentibus
686 659 870 716 istud:
910 659 1336 728 lacorrnptibilis
1383 671 1506 716 tuus
1555 663 1774 732 spiritus
1816 671 1896 716 est

326 755 382 806 in
412 754 673 817 omnibus,
704 761 1024 822 quaprOpter
1047 751 1405 823 delinquentes
1433 756 1692 823 paulatim
1718 756 1894 826 arguit

325 843 464 897 Deus
501 842 575 905 ³⁸;
623 852 680 896 et
718 841 1028 896 dicentibus
1059 841 1199 895 inter
1241 842 1345 896 alia
1385 844 1548 898 etiam
1580 844 1662 899 bis
1690 861 1707 898 :
1738 843 1893 898 Acci-

323 935 426 1002 pite
457 932 711 1000 Spiritum
744 942 988 987 sanctum
1021 933 1090 998 ”,
1119 932 1279 986 aliam
1307 935 1415 988 dati
1457 935 1692 1004 Spiritus
1720 949 1894 1004 quan-

327 1025 534 1076 titatem
565 1020 884 1091 signiﬁcari,
915 1037 978 1074 ac
1008 1035 1152 1083 eam,
1193 1037 1312 1089 quae
1341 1023 1612 1077 indicatur
1646 1024 1748 1078 hoc
1787 1022 1895 1077 alio

325 1113 445 1170 loco
471 1131 486 1168 :
517 1113 933 1182 Baptizabimini
957 1113 1010 1165 in
1042 1111 1245 1178 Spiritu
1269 1126 1452 1167 sancto
1483 1131 1584 1168 non
1618 1125 1733 1183 post
1762 1116 1895 1169 mul-

325 1217 405 1260 tos
451 1207 545 1259 hos
607 1204 719 1257 dies
765 1203 832 1257 ⁸⁸.
887 1202 1154 1257 ϐωιοτυῐη
1190 1202 1403 1257 dit'licile
1451 1216 1555 1271 est,
1606 1217 1895 1276 postquam

329 1299 442 1353 haec
468 1299 759 1366 diligenter
803 1295 1147 1351 considerata
1175 1305 1318 1358 sunt,
1349 1296 1594 1353 invenire
1637 1299 1764 1368 quid
1813 1299 1896 1353 in-

329 1388 486 1442 tersit
516 1385 850 1443 discriminis
881 1399 974 1438 eos
1025 1385 1170 1439 inter
1195 1384 1284 1453 qui
1317 1399 1382 1438 ex
1430 1385 1678 1455 pluribus
1727 1386 1897 1441 inter-

329 1479 485 1533 vallis
516 1477 764 1531 veritatis
789 1474 1154 1545 cognitionem
1193 1475 1415 1542 capiunt
1447 1487 1770 1546 tenuemque
1802 1477 1894 1532 Dei

328 1570 633 1634 notionem,
665 1579 719 1623 et
744 1581 840 1622 eos
865 1567 957 1636 qui
998 1565 1211 1636 plenius
1234 1566 1344 1621 Deo
1367 1565 1634 1633 amantur,
1677 1583 1898 1624 versan-

329 1669 418 1713 tur
446 1673 566 1714 cum
606 1657 698 1712 illo
727 1671 962 1726 semper,
993 1665 1048 1710 et
1078 1665 1340 1726 perpetuo
1375 1668 1612 1726 aguntur
1641 1674 1670 1712 a
1711 1659 1898 1714 divino

2001 486 2203 540 πολλὰ
2232 484 2460 554 κάγαθὰ
2487 484 2793 554 ἢγγειλαν.
2826 483 2939 536 Οὐκ
2961 479 3068 536 οἶδε
3093 483 3150 536 δὲ
3177 481 3441 552 διαφορὰν
3471 480 3582 535 τῶν

2001 579 2132 648 παρ’
2178 579 2309 647 ἡμῖν
2356 574 2752 646 ἠκριϐωμένων
2789 575 2901 638 τοῖς
2943 573 3211 643 λέγουσιν,
3245 575 3328 626 ὅτι
3361 573 3454 625 καὶ
3494 571 3578 626 τό·

2004 670 2335 738 Ἀςρθαρτόν
2378 682 2495 721 σου
2525 667 2762 735 πνεῦμὰ
2785 667 2957 720 ἐστιν
2992 665 3062 718 ὲν
3098 663 3268 730 πᾶσι,
3303 663 3394 718 διὸ
3437 664 3583 732 τοὺς

2001 757 2499 826 παραπίπτοντας
2528 755 2656 808 κατ’
2699 755 2906 822 ὀλίγον
2933 753 3169 823 ἐλέγχει
3207 756 3240 807 ὁ
3297 752 3582 817 Θεός·φά-

2003 867 2193 905 σκουσι
2236 851 2293 904 δὲ
2328 849 2461 902 ἄλλα
2493 849 2589 902 καὶ
2620 848 2706 913 τὸ,
2732 847 2951 901 Λάϐετε
2985 846 3225 915 Πνεῦμα
3251 845 3443 913 ἅγιον,
3481 842 3579 915 τὴν

2001 943 2278 1011 ποσότητα
2309 939 2404 993 τοῦ
2447 939 2722 1009 διδομένου
2759 937 2949 1010 ἑτέραν
2989 938 3273 1008 ἐμφαίνειν
3301 936 3450 1007 παρὰ
3481 935 3586 1006 τὴν

1999 1033 2336 1104 δηλουμένην
2379 1033 2444 1085 ἐκ
2486 1029 2602 1095 τοῦ,
2643 1029 3138 1095 Βαπτισθήσεσθε
3166 1028 3237 1081 έν
3283 1027 3582 1096 Πνεύματι

2001 1123 2147 1192 ἁγίῳ
2191 1124 2264 1176 οὐ
2291 1121 2442 1191 μετὰ
2475 1121 2712 1186 πολλὰς
2739 1121 2960 1184 ταύτας
2998 1119 3241 1188 ἡμέρας.
3280 1119 3476 1187 Ἔργον
3521 1117 3581 1172 δέ

2001 1216 2118 1266 ἐστι
2146 1211 2298 1265 ταῦτ’
2350 1209 2624 1280 ἐπιμελῶς
2651 1209 2922 1278 νοήσαντα
2949 1207 3075 1259 ἰδεῖν
3098 1205 3358 1276 διαφορὰν
3385 1203 3492 1255 τῶν
3514 1205 3580 1256 ὲκ

2000 1300 2404 1372 διαλειμμάτων
2454 1299 2716 1353 πλειόνων
2757 1298 3120 1368 χωρησάντων
3155 1296 3254 1366 τὴν
3303 1295 3402 1365 τῆς
3443 1294 3578 1365 ἀλη-

2002 1394 2150 1457 θείας
2196 1391 2517 1464 κατάληψιν,
2558 1390 2653 1445 καὶ
2697 1388 2954 1460 βραχεῖαν
3000 1387 3242 1440 ἐπίνοιαν
3288 1385 3452 1440 Θεοῦ·
3486 1386 3582 1438 καὶ

2001 1484 2110 1538 τῶν
2161 1469 2254 1537 ἐπὶ
2303 1482 2483 1536 πλεῖον
2519 1481 2974 1552 θεοφορηθέντων,
3009 1480 3103 1532 καὶ
3135 1478 3221 1532 ἀεὶ
3269 1476 3407 1548 μετά
3445 1474 3580 1528 Θεοῦ

2003 1575 2334 1646 ἑστηκότων,
2367 1575 2461 1628 καὶ
2487 1572 2576 1626 διά
2600 1573 2798 1634 παντὸς
2821 1571 2924 1624 ὑπὸ
2946 1569 3092 1623 θείου
3120 1568 3426 1639 πνεύματος
3456 1569 3583 1636 ἀγο-

2006 1668 2182 1738 μένων
2201 1684 2213 1697 ·
2246 1668 2384 1738 ὅπερ
2405 1667 2452 1718 εἰ
2480 1660 2547 1734 ἦν
2579 1661 2863 1729 ἐξετασθὲν
2897 1662 2992 1714 καὶ
3019 1660 3340 1731 νενοημένον
3366 1658 3581 1728 Κέλσῳ,

329 1750 553 1820 Spiritu.
583 1749 638 1805 Id
667 1750 712 1803 si
738 1747 900 1803 Celso
929 1762 1224 1816 expensum
1249 1759 1302 1804 et
1328 1749 1655 1805 intellectum
1683 1751 1895 1818 fuisset,

2003 1758 2102 1810 οὐκ
2133 1757 2372 1828 ἀμαθίαν
2407 1756 2536 1826 ἡμῖν
2567 1752 2830 1812 ἐνεκάλει,
2865 1751 2986 1804 οὐδὲ
3019 1751 3348 1822 προσέταττε
3382 1749 3455 1821 μὴ
3489 1749 3581 1802 λέ-

329 1840 486 1895 nobis
513 1855 616 1893 non
661 1839 1041 1907 exprobrasset
1077 1839 1464 1908 ignorantiam,
1501 1856 1601 1896 nec
1639 1843 1895 1898 vetuisset

2002 1864 2116 1917 γειν
2158 1844 2486 1915 τυφλώττειν
2528 1844 2652 1906 τοὺς
2683 1844 2740 1896 ὲν
2772 1842 2984 1904 ὑλικαῖς
3008 1841 3224 1910 τέχναις
3257 1837 3581 1909 ἀνθρώπων,

332 1945 401 1985 ne
430 1943 602 1984 ca:cos
641 1929 1038 1998 appellaremus
1075 1930 1166 1997 qui
1201 1941 1395 1999 putant
1439 1933 1776 1988 mechanicis
1809 1934 1895 1988 bo-

2002 1943 2121 2003 ταῖς
2148 1937 2289 1992 κατά
2314 1937 2381 1991 τὰ
2409 1936 2698 2007 ἀγάλματα
2719 1975 2733 1998 ,
2769 1934 3046 2006 οἰομένους
3088 1931 3456 1986 ἐνδείκνυσθαι
3482 1932 3584 2003 τὴν

330 2022 534 2076 iuinnm
584 2022 817 2087 artibus,
859 2022 1040 2092 qualis
1071 2031 1157 2077 est
1200 2025 1487 2089 statuaria,
1521 2025 1639 2079 dari
1685 2026 1895 2096 pietati:

2002 2029 2302 2083 εὐσέϐειαν.
2340 2027 2528 2090 Οὐδεὶς
2551 2027 2659 2098 γὰρ
2688 2025 2899 2095 βλέπων
2923 2027 3034 2087 τοῖς
3056 2024 3157 2094 τῆς
3183 2023 3360 2094 ψυχῆς
3381 2022 3584 2091 ὀφθαλ-

328 2121 726 2184 argumentum.
775 2112 942 2169 Nemo
977 2117 1146 2181 enim,
1181 2115 1272 2184 qui
1318 2113 1506 2170 oculos
1554 2114 1750 2170 animae
1781 2131 1895 2188 per-

2005 2124 2126 2192 μοῖς
2159 2119 2302 2190 ἄλλῳ
2340 2120 2524 2190 τρόπῳ
2579 2119 2726 2171 σέϐει
2753 2117 2814 2170 τὸ
2853 2118 3010 2170 Θεῖον
3041 2117 3191 2186 παρὰ
3236 2115 3328 2168 τὸν
3368 2115 3583 2168 ὑποδει-

329 2207 574 2274 spicaces
630 2205 859 2271 habeat,
908 2206 1011 2260 alia
1072 2208 1284 2262 ratione
1335 2207 1466 2261 colit
1523 2207 1895 2274 divinitatem,

2002 2210 2202 2264 κνύντα
2236 2211 2426 2282 ὲνορᾷν
2472 2210 2557 2261 ἀεὶ
2602 2208 2682 2279 τῷ
2719 2206 2812 2260 τοῦ
2851 2207 3050 2270 παντὸς
3101 2205 3447 2277 Δημιουργῷ,
3487 2205 3583 2257 καὶ

330 2311 495 2364 quam
531 2311 591 2351 ea
615 2311 734 2365 qua:
763 2297 920 2352 docet
950 2297 1215 2353 intentum
1255 2313 1471 2369 semper
1502 2299 1554 2353 in
1583 2298 1744 2367 hujus
1781 2301 1904 2355 uni-

330 2388 472 2441 versi
501 2387 845 2442 Conditorem
877 2390 1062 2445 tenere
1096 2391 1363 2456 animum,
1401 2390 1476 2444 illi
1513 2405 1704 2460 preces
1752 2391 1902 2446 ferre

328 2494 542 2544 omnes,
584 2492 636 2535 et
671 2483 849 2536 omnia
878 2481 1062 2538 facere
1095 2483 1248 2551 quasi
1277 2483 1328 2536 in
1363 2483 1538 2537 oculis
1567 2483 1660 2537 Dei
1687 2494 1902 2553 specta—

332 2572 486 2637 toris,
523 2573 613 2638 qui
659 2573 744 2628 vel
795 2575 848 2628 in
901 2576 1261 2645 cogitationes
1303 2584 1522 2629 nostras
1573 2575 1898 2645 intrespicit.

330 2659 590 2726 Optamus
619 2661 783 2732 igitur
808 2671 864 2716 et
888 2679 986 2718 nos
1015 2665 1114 2733 ipsi
1144 2665 1352 2730 videre,
1383 2677 1438 2720 et
1475 2679 1741 2720 caecorum
1781 2681 1904 2723 esse

330 2750 523 2813 duces,
573 2752 748 2808 donec
793 2755 861 2808 ad
924 2755 1018 2810 Dei
1073 2757 1308 2812 Verbum
1353 2759 1674 2813 accedentes
1726 2759 1900 2813 visum

330 2841 524 2894 anima:
567 2844 826 2912 recip-iant
864 2847 1169 2916 ignorantia
1200 2857 1548 2905 occaecatum.
1606 2848 1662 2904 Si
1715 2860 1900 2906 autem

333 2935 493 3005 digna
543 2935 773 2991 facimus
812 2937 900 2991 illo
945 2940 1035 3007 qui
1086 2940 1200 2995 suis
1245 2939 1529 3009 discipulis
1581 2943 1763 2997 dixit:
1801 2942 1902 2998 Vos

330 3030 452 3082 estis
503 3033 601 3083 tux
627 3031 809 3082 mundi
851 3030 917 3096 “,
958 3041 1012 3084 et
1039 3030 1215 3086 Verbo
1261 3033 1490 3088 docente
1522 3033 1688 3088 lucem
1727 3035 1782 3088 in
1827 3043 1902 3090 te-

2004 2305 2184 2357 πᾶσαν
2213 2301 2376 2372 εὐχὴν
2410 2301 2701 2369 ἀναφέρειν
2735 2299 2946 2369 ἐκείνῳ,
2986 2299 3080 2352 καὶ
3111 2299 3287 2352 πάντα
3323 2300 3582 2370 πράττειν

2001 2395 2076 2459 ὼς
2122 2396 2178 2447 ὲν
2211 2393 2510 2464 ὀφθαλμοῖς
2549 2391 2704 2457 Θεοῦ,
2755 2392 2850 2444 ἐπὶ
2896 2390 3089 2446 θεατοῦ
3134 2391 3243 2462 (55)
3287 2391 3582 2462 ὲνορῶντος

2001 2485 2157 2557 ἡμῶν
2202 2487 2294 2540 καὶ
2335 2488 2447 2550 τοῖς
2493 2484 2786 2554 λογισμοῖς.
2826 2481 3110 2554 Εύχόμεθα
3155 2478 3249 2536 οὖν
3296 2485 3454 2553 ἡμεῖς
3487 2483 3582 2535 καὶ

2005 2577 2241 2648 βλέπειν,
2279 2577 2374 2631 καὶ
2403 2576 2590 2648 ὁδηγοὶ
2623 2571 2762 2629 εἶναι
2785 2575 3020 2644 τυφλῶν,
3055 2573 3158 2637 ἓως
3189 2573 3580 2644 προσελθόντες

2001 2667 2079 2739 τῷ
2111 2669 2269 2738 Λόγῳ
2297 2667 2389 2721 τοῦ
2429 2665 2560 2720 Θεοῦ
2608 2665 2924 2720 ἀπολάϐωσι
2958 2664 3056 2727 τὰς
3089 2664 3193 2717 ὑπὸ
3224 2665 3324 2735 τῆς
3362 2665 3583 2732 ἀγνοίας

2002 2758 2371 2827 τυφλωθείσας
2415 2756 2566 2827 ὄψεις
2608 2755 2708 2826 τῆς
2750 2754 2928 2824 ψυχῆς
2968 2753 3166 2806 αὐτῶν.
3213 2752 3339 2806 Ἐὰν
3384 2752 3440 2805 δὲ
3488 2753 3584 2806 καὶ

2004 2848 2245 2920 ποιῶμεν
2289 2848 2414 2913 ἀξια
2459 2847 2553 2901 τοῦ
2599 2847 2840 2908 εἰπόντος
2891 2847 3002 2913 τοῖς
3053 2843 3341 2916 μαθηταῖς,
3389 2842 3588 2912 Ὑμεῖς

2002 2939 2142 2993 ἐστε
2182 2940 2248 2992 τὸ
2289 2937 2415 3007 φῶς
2448 2937 2553 2991 τοῦ
2597 2937 2851 3004 κόσμου,
2897 2934 2991 2988 καὶ
3020 2933 3114 2985 τοῦ
3147 2932 3452 2997 διδάξαντος
3482 2932 3582 2984 Λό-

2005 3045 2121 3099 γου,
2146 3028 2224 3082 ὅτι
2259 3028 2327 3082 Τὸ
2353 3026 2477 3096 φῶς
2502 3027 2571 3080 ἐν
2599 3025 2675 3094 τῇ
2701 3026 2914 3092 σκοτίᾳ
2948 3024 3146 3094 φαίνει
3165 3041 3177 3054 ·
3218 3023 3453 3094 ἐσόμεθα
3487 3023 3583 3075 καὶ

331 3119 502 3172 nebris
553 3119 725 3173 lucere
776 3122 857 3185 δ’,
912 3130 1022 3176 tum
1083 3121 1261 3177 lumen
1316 3123 1520 3179 erimus
1573 3138 1763 3179 eorum
1808 3126 1895 3195 qui

2005 3121 2120 3190 φῶς
2159 3122 2267 3173 τῶν
2301 3123 2359 3174 ἐν
2406 3119 2608 3183 σκότει,
2645 3119 2736 3171 καὶ
2773 3117 3138 3188 παιδεύσομεν
3163 3117 3287 3179 τοὺς
3319 3116 3582 3187 ἄφρονας,

331 3219 457 3264 sunt
507 3212 567 3264 in.
615 3213 877 3277 tenebris,
934 3212 1247 3266 erudicmus
1295 3213 1632 3282 insipientes,
1683 3215 1902 3284 ignaros

332 3301 666 3356 docebimus.

402 3391 489 3448 52.
549 3392 732 3462 Neque
782 3394 1089 3464 indignetur
1133 3393 1322 3448 Celsus
1378 3408 1406 3446 a
1469 3395 1627 3451 nobis
1682 3397 1904 3454 claudos

335 3483 514 3537 vocari
562 3493 616 3537 et
660 3482 884 3553 pedibus
920 3486 1114 3539 animae
1163 3486 1464 3550 mutilatos,
1501 3488 1592 3556 qui
1624 3488 1690 3542 ad
1742 3503 1898 3542 com-

332 3576 584 3630 mentitia
623 3589 800 3641 sacra,
845 3575 999 3646 quasi
1041 3590 1169 3632 vera
1224 3587 1430 3645 essent,
1487 3578 1648 3649 732
1700 3593 1898 3649 prope-

333 3674 476 3728 rant,
495 3668 696 3736 quique
725 3681 829 3721 non
861 3667 1043 3724 vident
1066 3670 1197 3725 nihil
1221 3687 1431 3728 sacrum
1451 3686 1515 3726 ex
1535 3671 1781 3728 manibus
1812 3687 1903 3726 ar-

332 3755 540 3809 tilicum
580 3755 729 3810 exire
771 3770 950 3824 posse.
983 3757 1299 3814 Curruntet
1333 3761 1366 3814 ii
1404 3761 1493 3830 qui
1517 3761 1771 3828 pietatem
1805 3765 1892 3818 do-

329 3847 520 3901 ctrina:
548 3847 673 3902 Jesu
721 3859 1140 3905 consentaneam
1175 3857 1382 3918 colunt,
1433 3854 1605 3910 donec
1633 3857 1700 3910 ad
1741 3857 1897 3910 stadii

333 3944 531 3988 metam
568 3936 840 4004 progressi
873 3937 1085 3992 ﬁrmato
1115 3948 1169 3993 et
1207 3939 1425 3996 sincero
1458 3942 1640 3998 animo
1673 3945 1856 3998 dicant
1883 3965 1895 3998 :

331 4026 538 4079 Bonum
567 4021 830 4081 certamen
878 4029 1092 4095 certari,
1135 4019 1346 4084 cursum
1396 4036 1789 4100 consummavi;
1834 4034 1901 4090 de

329 4117 531 4187 reliquo
564 4117 789 4186 reposita
817 4129 890 4171 est
935 4118 1066 4171 mihi
1098 4135 1296 4173 corona
1335 4120 1564 4190 justitia:
1604 4122 1669 4176 “.
1707 4124 1785 4178 Ac
1819 4126 1898 4178 sic

331 4209 709 4279 unusquisque
753 4219 1001 4264 nostrum
1053 4211 1246 4276 currit,
1279 4227 1380 4266 non
1418 4222 1472 4264 ut
1504 4213 1558 4266 in
1601 4215 1899 4282 incertum;

329 4309 383 4354 et
411 4301 488 4354 sic
509 4315 632 4354 cum
665 4301 796 4356 vitio
825 4300 1084 4373 conﬂigit,
1110 4320 1213 4358 non
1244 4314 1296 4358 ut
1332 4319 1504 4358 aerem
1533 4307 1810 4360 verberans
1829 4307 1894 4372 “,

327 4392 421 4445 sed
466 4407 562 4445 eos
611 4394 704 4462 qui
754 4393 953 4448 subditi
1002 4402 1127 4449 sunt
1165 4397 1386 4464 principi
1438 4399 1706 4466 potestatis
1735 4398 1893 4468 hujus

2005 3215 2098 3266 καὶ
2125 3211 2408 3282 διδάξομεν
2437 3212 2562 3274 τοὺς
2588 3211 2836 3280 νηπίους.

2073 3392 2164 3461 Μὴ
2192 3390 2566 3459 ἁγανακτείτω
2590 3388 2647 3442 δὲ
2686 3387 2912 3452 Κέλσος,
2939 3386 3077 3442 ὲπάν
3105 3387 3310 3459 χωλοὺς
3336 3386 3586 3456 λέγωμεν

2002 3481 2212 3544 καὶτὰς
2242 3480 2426 3550 βάσεις
2455 3480 2553 3550 τῆς
2585 3478 2762 3550 ψυχῆς
2789 3478 3216 3550 πεπηρωμένους
3239 3479 3364 3540 τοὺς
3393 3480 3485 3530 ἐπὶ
3513 3475 3582 3530 τὰ

2005 3571 2333 3642 νομιζόμενα
2375 3571 2514 3642 ἱερὰ,
2543 3570 2619 3634 ὼς
2651 3568 2878 3641 ἀληθινὰ
2913 3567 3055 3640 ἱερά,
3099 3567 3444 3630 σπεύδοντας,
3488 3567 3581 3619 καὶ

2009 3661 2083 3733 μὴ
2113 3660 2374 3732 ὁρῶντας,
2409 3661 2490 3714 ὅτι
2517 3662 2668 3714 οὐδὲν
2699 3661 2981 3731 βαναύσων
3013 3659 3174 3734 ἔργον
3202 3659 3422 3714 δύναται
3446 3655 3580 3712 εἶναι

2006 3751 2168 3821 ἱερόν.
2199 3749 2462 3820 Τρέχουσι
2492 3751 2547 3804 δὲ
2585 3752 2678 3804 καὶ
2704 3753 2752 3804 οἱ
2785 3751 2927 3806 κατά
2959 3751 3058 3823 τὴν
3085 3749 3433 3806 διδασκαλίαν
3479 3750 3579 3820 Ἰη-

2005 3838 2095 3891 σοῦ
2147 3838 2513 3902 εὐσεϐοῦντες,
2548 3839 2654 3902 ἕως
2697 3841 2790 3893 ἐπὶ
2835 3841 2896 3894 τὸ
2939 3841 3090 3905 τέλος
3137 3840 3443 3910 φθάσαντες
3486 3839 3577 3892 τοῦ

1999 3931 2198 4002 δρόμου
2230 3933 2455 3985 εἴπωσιν
2493 3931 2780 4005 ἐρρωμένη
2816 3933 2910 3987 καὶ
2942 3932 3278 4005 ἀληθευούσῃ
3311 3935 3377 4004 τῇ
3403 3929 3577 3985 διαθέ-

1965 4060 1979 4069 κ
2003 4040 2114 4075 σει·
2146 4023 2255 4077 Τὸν
2282 4023 2481 4094 ἀγῶνα
2506 4022 2611 4076 τὸν
2640 4024 2831 4077 καλὸν
2851 4024 3202 4094 ἠγώνισμαι,
3230 4023 3336 4076 τὸν
3363 4023 3579 4090 δρόμον

2002 4115 2303 4182 τετέλεκα,
2333 4116 2448 4184 τὴν
2475 4116 2683 4170 πίστιν
2710 4115 3035 4185 τετήρηκα·
3065 4115 3304 4179 λοιπὸν,
3339 4116 3577 4169 ἀπόκει-

2000 4209 2097 4259 ταί
2127 4224 2230 4276 μοι
2265 4211 2297 4261 ό
2334 4207 2444 4277 τῆς
2473 4207 2864 4277 δικαιοσύνης
2914 4207 3238 4278 στέφανος.
3291 4208 3406 4262 Καὶ
3448 4207 3575 4259 ἕκα-

2001 4299 2123 4363 στός
2154 4317 2217 4368 γε
2245 4299 2403 4370 ἡμῶν
2423 4299 2564 4354 οὕτω
2587 4300 2790 4372 τρέχει,
2814 4301 2893 4366 ὡς
2907 4301 3017 4354 οὐκ
3037 4299 3291 4367 ἀδήλως·
3322 4299 3418 4353 καὶ
3441 4298 3578 4352 οὕτω

2001 4392 2136 4461 πρὸς
2162 4390 2258 4461 τὴν
2285 4391 2481 4445 κακίαν
2509 4392 2788 4456 πυκτεύει,
2806 4392 2885 4457 ὡς
2906 4393 3017 4445 οὐκ
3034 4391 3181 4460 ἀέρα
3211 4390 3420 4459 δέρων,
3445 4388 3579 4444 ἀλλά

326 4483 487 4546 aeris,
533 4475 742 4548 spiritui
793 4483 884 4546 qui
921 4500 1058 4538 nunc
1095 4494 1341 4554 operatur
1381 4486 1435 4538 in
1478 4487 1617 4559 filios
1661 4465 1895 4559 difﬁden-

2002 4484 2124 4544 τοὺς
2171 4483 2274 4534 ὑπὸ
2323 4482 2430 4535 τὸν
2477 4483 2737 4552 ἄρχοντα
2781 4482 2891 4551 τῆς
2916 4481 3202 4548 ἐξουσίας
3231 4481 3338 4536 τοῦ
3385 4481 3574 4549 ἀέρος,

329 4575 418 4626 tiw
448 4574 514 4626 ⁸⁵.
545 4573 666 4630 Jam
713 4587 839 4630 vero
870 4576 1014 4630 dicat
1053 4575 1242 4634 Celsus
1284 4595 1383 4634 nos
1428 4558 1643 4647 corpore
1692 4558 1897 4634 mortuo

325 4667 515 4730 virere,
546 4681 664 4725 nos.
702 4667 946 4736 inquam,
974 4669 1170 4736 quibus
1210 4671 1414 4726 dictum
1460 4679 1543 4725 est
1573 4688 1587 4725 :
1624 4671 1683 4726 Si
1711 4688 1900 4725 secun-

329 4757 458 4808 dum
493 4772 704 4810 carnem
739 4759 988 4822 t'ixeritis,
1019 4760 1350 4825 moriemini;
1395 4763 1439 4812 si
1481 4771 1655 4813 autem
1708 4761 1897 4828 spiritu

2001 4571 2106 4625 τοῦ
2132 4573 2469 4640 πνεύματος
2498 4571 2604 4626 τοῦ
2627 4571 2742 4640 νῦν
2773 4572 3159 4641 ἐνεργοῦντος
3179 4572 3249 4624 ἐν
3280 4570 3404 4637 τοῖς
3430 4569 3576 4634 υιοῐς

2001 4661 2111 4729 τῆς
2149 4662 2471 4726 ἀπειθείας.
2512 4662 2730 4730 Λεγέτω
2781 4661 2823 4714 δ’
2873 4662 3020 4732 ἡμᾶς
3048 4664 3076 4713 ὁ
3112 4660 3316 4723 Κέλσος
3351 4659 3576 4728 σώματι

2003 4753 2080 4818 τῷ
2102 4753 2293 4822 νεκρῴ
2317 4753 2560 4819 ζῶντας,
2585 4753 2900 4816 ἀκούοντας,
2928 4755 2996 4806 Et
3025 4753 3172 4806 κατὰ
3202 4751 3398 4818 σάρκα
3425 4749 3572 4817 ζῆτε,

326 4847 470 4914 facta
506 4848 684 4900 carnis
723 4849 1186 4915 mortiﬁcaveritis,
1213 4852 1391 4903 vinetis
1416 4851 1495 4915 ’⁸⁶;
1529 4851 1728 4920 quique
1755 4851 1895 4906 istud

2002 4844 2251 4915 μέλλετε
2275 4843 2702 4910 ἀποθνήσκειν,
2731 4845 2785 4897 ει
2805 4843 2874 4896 δὲ
2894 4845 3180 4912 πνεύματι
3207 4843 3313 4908 τὰς
3334 4840 3574 4908 πράξεις

328 4937 677 4991 audivimus:
708 4937 770 4992 Si
812 4940 1001 5007 spiritu
1047 4942 1287 5007 vivimus,
1330 4944 1522 5011 spiritu
1565 4952 1610 4995 et
1655 4943 1893 4995 ambule-

325 5043 442 5081 mus
473 5027 537 5080 ".
574 5028 749 5098 Atque
777 5030 978 5083 utinam
1014 5030 1170 5085 factis
1196 5033 1394 5087 nostris
1420 5033 1745 5088 convincere
1779 5047 1900 5100 pos-

325 5121 496 5171 simus
536 5133 660 5173 eum
708 5119 925 5174 mentiri
993 5134 1114 5174 cum
1153 5139 1252 5176 nos
1301 5123 1374 5176 ait
1421 5135 1648 5190 corpore
1681 5134 1895 5175 mortuo

325 5225 528 5263 vivere.

2000 4935 2105 4989 τοῦ
2131 4935 2403 5003 σώματος
2431 4935 2774 4997 θανατοῦτε,
2799 4933 3066 5000 ζήσεσθε·
3094 4933 3188 4986 καὶ
3213 4931 3576 5004 μανθάνοντας

1999 5028 2082 5092 τὸ,
2113 5029 2185 5081 Et
2215 5029 2506 5096 πνεύματι
2539 5026 2740 5096 ζῶμεν,
2775 5029 3064 5096 πνεύματι
3090 5027 3187 5080 καὶ
3220 5021 3570 5093 στοιχῶμεν·

2000 5121 2083 5189 εἴη
2126 5137 2184 5170 τε
2235 5117 2344 5187 (56)
2378 5121 2490 5182 τοῖς
2531 5117 2710 5188 ἔργοις
2747 5120 2896 5188 ἡμᾶς
2938 5116 3210 5170 δεικνύναι
3247 5116 3576 5186 ψευδόμενον

2000 5211 2090 5262 τὸν
2140 5209 2363 5276 λέγοντα
2407 5210 2533 5280 περὶ
2574 5209 2750 5280 ἡμῶν,
2785 5211 2865 5261 ὅτι
2911 5207 2987 5278 τῷ
3031 5207 3241 5278 σώματι
3285 5205 3466 5278 ζῶμεν
3498 5204 3576 5276 τῷ

2000 5301 2195 5372 νεκρῷ.

399 5417 442 5448 ³⁸
466 5419 593 5485 8.ψ.
620 5435 716 5485 sui,
742 5420 792 5484 Ι,
814 5419 868 5472 2.
945 5419 988 5450 ³⁹
1011 5417 1163 5472 Joan.
1194 5434 1286 5485 xx,
1308 5378 1397 5472 εξ.
1479 5417 1522 5448 ⁸ο
1557 5418 1675 5470 Act.
1725 5433 1763 5482 ι,
1804 5418 1854 5471 5.

2005 5417 2194 5473 Matth.
2224 5433 2275 5477 v.
2320 5417 2403 5471 M.
2499 5419 2543 5448 “
2563 5415 2722 5470 Joun.
2775 5432 2813 5482 l,
2862 5416 2914 5469 5.
3019 5418 3059 5447 ⁸³
3111 5414 3154 5468 ΙΙ
3205 5414 3346 5468 Tim.
3394 5426 3468 5475 IV,
3515 5411 3572 5464 7.

327 5487 368 5518 ⁸·
397 5487 437 5540 ιι
461 5490 585 5544 (Scr.
613 5505 690 5556 Ix,
714 5490 802 5544 26.
898 5489 1096 5558 “Eph.
1127 5504 1189 5557 It,
1209 5489 1265 5542 ἓ.
1373 5489 1417 5526 ιθ
1442 5487 1598 5542 Rom.
1625 5503 1741 5552 vm,
1772 5489 1855 5541 15.

326 5697 339 5708 .
401 5629 513 5708 (ὅῇ)
558 5628 689 5680 Ἐπὶ
736 5627 1280 5708 θεατοῦκΒοριεὶισοηο
1307 5625 1897 5708 plagisplacenretrqn-

322 5697 576 5768 iutnftiin.
607 5707 667 5768 nt
695 5709 839 5768 esset
869 5698 944 5760 ὡς
974 5701 1030 5749 ὲν
1061 5697 1355 5768 ὀφθαλμοῖς
1388 5697 1521 5750 Θεοῦ
1553 5697 1858 5750 ὲπιθεατοῦ.

399 5767 508 5838 (56)
541 5767 650 5834 Εῖη
685 5783 764 5818 τε.
798 5767 870 5818 Ita
913 5768 1193 5837 legendum
1229 5767 1431 5824 duabus
1467 5768 1704 5835 vocibus,
1741 5767 1893 5837 quasi

1958 5487 2002 5518 ⁸⁷
2027 5488 2146 5543 Gal.
2173 5504 2225 5551 ν,
2248 5489 2346 5543 25.

2005 5625 2171 5686 dicat.
2219 5625 2286 5678 sit
2325 5623 2478 5676 modo
2507 5632 2584 5676 ut.
2625 5621 2963 5677 llmschelius
2997 5619 3050 5673 in
3087 5627 3232 5686 testu
3262 5616 3426 5670 habet
3463 5633 3478 5686 ι
3521 5615 3568 5671 εἰ

2004 5691 2124 5764 ἦτε.
2155 5683 2326 5748 Codd.
2365 5693 2493 5764 Reg.
2542 5703 2595 5747 et
2626 5692 2973 5764 Basi_|eensi=_,
3025 5691 3073 5742 ei
3117 5683 3232 5764 οἷός
3257 5704 3337 5764 τε,
3377 5685 3572 5740 melius

2010 5757 2276 5835 lcgeictur
2301 5765 2349 5816 ei
2379 5757 2478 5815 οἷοί
2504 5779 2562 5815 τε
2590 5765 2700 5825 τοῖς
2731 5761 2911 5832 ἔργοις
2943 5758 3080 5831 ἦμεν
3113 5757 3404 5812 δεικνύναι.
