3972 6160
265 312 400 367 lci-97

1467 321 1748 378 CONTRA
1783 325 2059 384 CELSUM
2101 327 2224 384 LIB.
2268 327 2375 383 VII.

3260 392 3278 415 κ
3379 333 3518 390 nos

336 430 492 484 Μετὰ
518 429 687 484 ταῦτα
713 431 911 499 τοίνυν,
941 434 1079 505 πρὸς
1100 433 1136 488 ἃ
1165 435 1307 488 κατὰ
1328 436 1555 510 δύναμιν
1607 443 1846 516 ἀπηντή-

2021 449 2108 502 55.
2155 447 2284 501 Post
2327 445 2415 500 illa
2457 460 2576 515 qua!
2605 443 2779 513 quoad
2810 444 2957 500 vires
2990 445 3226 500 tulerunt
3262 447 3521 504 refutavi-

269 538 462 591 σαμενν
499 522 631 592 φησὶ
662 522 798 592 πρὸς
820 525 994 594 ἡμᾶς’
1027 526 1203 592 Πόσῳ
1229 526 1281 578 δ’
1306 524 1384 597 ἦν
1413 530 1554 598 ὑμῖν
1580 531 1842 600 ἄμεινον,

267 615 471 683 ἐπειδή
523 634 589 685 γε
637 618 1072 687 καινοτομῆσαί
1121 636 1175 671 τι
1222 621 1656 689 ἐπεθυμήσατε,
1714 626 1846 694 περὶ

267 703 458 759 ἄλλον
478 708 610 761 τινὰ
634 708 751 764 τῶν
775 709 1058 778 γενναίως
1081 709 1525 776 ἀποθανόντων,
1555 713 1650 766 καὶ
1687 714 1847 768 θεῖον

261 797 458 865 μῦθον
484 797 773 863 δέξασθαι
801 799 1168 868 δυναμένων,
1200 801 1576 866 σπουδάσαι;
1602 803 1766 871 Φέρε,
1795 809 1846 858 ει

260 887 347 956 μὴ
386 887 659 956 ἤρεσκεν
704 890 1018 959 Ἡρακλῆς,
1073 889 1171 944 καὶ
1219 892 1614 959 Ἀσκληπιὸς,
1655 895 1755 947 καὶ
1793 899 1845 949 ot

266 977 453 1032 πάλαι
499 980 944 1050 δεδοξασμένοι,
987 980 1198 1050 Ὀρφέα
1235 983 1447 1050 εἴχετε,
1482 983 1668 1053 ἄνδρα
1709 991 1846 1055 cith-

266 1071 644 1140 λογουμένως
678 1074 824 1136 ὁσίῳ
853 1073 1237 1142 χρησάμενον
1269 1077 1584 1144 Πνεύματι,
1612 1079 1708 1130 καὶ
1737 1081 1843 1131 αὑ-

267 1159 377 1212 τέν
412 1162 627 1228 ,βιαίως
671 1164 1069 1216 ἀποθανόντα.
1115 1165 1276 1218 Ἀλλ’
1321 1165 1466 1232 ἴσως
1512 1169 1613 1220 ὑπ’
1642 1167 1844 1222 ἄλλων

266 1254 648 1320 προείληπτο.
693 1255 1060 1326 Ἀνάξαρχον
1092 1258 1261 1327 γοῦν,
1287 1258 1373 1323 ὃς,
1413 1261 1501 1317 εἰς
1529 1259 1717 1328 ὅλμον
1744 1260 1843 1328 ἐμ-

266 1348 525 1413 ἄὶηθεὶς,
571 1349 669 1402 καὶ
721 1349 1184 1419 παρανομώτατα
1230 1353 1722 1419 συντριϐόμενος,
1771 1347 1840 1406 εὖ

165 1445 170 1448 ’
260 1437 427 1506 μάλα
460 1444 812 1508 κατεφρόνει.
847 1441 956 1508 τῆς
985 1443 1310 1508 κολάσεως,
1338 1442 1547 1512 λέγων·
1591 1445 1838 1508 Πτίσσε,

267 1531 490 1580 πτίσσε
521 1529 628 1582 τὸν
669 1529 1038 1601 Ἀναξάρχου
1073 1535 1358 1597 θύλακον,
1403 1535 1588 1588 αὐτὸν
1617 1534 1728 1603 γὰρ
1769 1537 1841 1588 οὺ

268 1619 565 1685 πτίσσεις.
615 1624 785 1675 Θείου
831 1625 991 1689 τινὸς
1025 1625 1105 1691 ὠς
1145 1626 1383 1694 ἀληθῶς
1427 1629 1761 1696 πνεύματος
1801 1629 1839 1696 ἡ

264 1715 450 1782 φωνή.
494 1717 677 1771 Ἀλλὰ
709 1720 805 1772 καὶ
831 1720 1017 1784 τούτῳ
1047 1720 1390 1789 φθάσαντές
1408 1740 1564 1788 τινες
1587 1723 1840 1790 ἠκολού-

267 1808 464 1872 θησαν
487 1811 735 1876 φυσικοί
741 1851 752 1863 .
781 1813 1017 1866 Οὐκοῦν
1051 1814 1402 1881 Ἐπίκτητον
1428 1831 1446 1876 ;
1487 1814 1577 1880 ὃς,
1601 1814 1707 1868 τοῦ
1749 1814 1843 1867 δε-

264 1896 494 1948 σπότου
524 1899 953 1967 στρεϐλοῦντος
982 1903 1167 1956 αὐτοῦ
1197 1902 1260 1956 τὸ
1304 1903 1530 1969 σκέλος
1549 1943 1563 1968 ,
1595 1906 1836 1972 ὑπομει-

265 1984 408 2040 διῶν
432 1988 863 2057 ἀνεκπλήκτως
898 1992 1099 2062 ἔλεγε·
1133 1992 1501 2060 Κατάσσεις·
1530 1995 1628 2048 καὶ
1668 1994 1844 2048 κατά-

266 2077 502 2144 ξαντος,
543 2082 662 2134 Οὐκ
701 2081 932 2151 ἔλεγον,
981 2079 1171 2148 εἶπεν,
1220 2083 1310 2136 ὅτι
1365 2083 1733 2151 κατάσσεις;
1773 2087 1845 2140 -Τί

265 2170 539 2223 τοιοῦτον
559 2173 592 2223 ό
615 2170 898 2240 ὑμέτερος
923 2173 1064 2239 Θεὸς
1087 2175 1477 2244 κολαζόμενος
1495 2176 1842 2246 ἐφθέγξατο;

277 2259 472 2327 ’Υμεῗς
505 2259 572 2312 δὲ
613 2261 731 2314 κᾶν
780 2264 1088 2318 Σίϐυλλαν
1131 2264 1259 2335 (57),
1308 2260 1348 2336 ᾖ
1378 2265 1634 2333 χρῶνταί
1684 2284 1843 2332 τινες

262 2349 448 2417 ὑμῶν,
489 2354 727 2420 εἰκότως
756 2353 832 2406 ἂν
856 2353 1097 2423 μᾶλλον
1126 2356 1588 2424 προεστήσασθε
1621 2360 1700 2425 ὡς
1736 2359 1840 2412 τοῦ

265 2442 413 2495 Θεοῦ
461 2443 680 2498 Παῑὸα·
731 2445 849 2500 νῦν
895 2446 963 2500 δὲ
1010 2446 1446 2516 παρεγηοάφειν
1483 2448 1602 2517 μὲν
1642 2451 1723 2513 εἰς
1770 2450 1843 2503 τὰ

259 2533 504 2601 ἐκείνης
546 2535 747 2589 πολλὰ
779 2537 876 2589 καὶ
897 2536 1240 2606 ,βλάσφημα
1259 2537 1391 2606 εὶκῆ
1419 2537 1681 2593 δύνασθε
1709 2540 1835 2611 (58)·

261 2625 370 2678 τὸν
399 2625 467 2677 δὲ
487 2627 606 2690 ,βίῳ
639 2627 755 2696 μὲν
787 2627 1256 2696 ἐπιρῤητοτάτῳ,
1288 2627 1520 2696 θανάτῳ
1553 2629 1622 2682 δὲ
1662 2633 1840 2685 οἱκτί-
1874 2686 1877 2690 ,

1951 554 2093 606 mus,
2129 539 2215 593 his
2240 553 2337 593 nos
2368 539 2656 607 compellat
2686 539 2866 594 verbis
2891 557 2904 592 :
2933 537 3141 604 Quanto
3169 540 3310 594 vobis
3348 544 3514 598 satius

1948 643 2084 698 erat,
2112 632 2369 701 siquidem
2400 647 2651 684 novarum
2684 648 2858 685 rerum
2894 631 3155 685 desiderio
3179 635 3512 697 teuebamini,

1947 724 2172 792 aliquem
2209 737 2387 776 eorum
2425 725 2734 786 consectari,
2765 724 2856 791 qui
2900 739 3205 792 generosam
3253 717 3514 794 appetiere

1947 823 2187 878 mortem,
2229 822 2278 864 et
2321 811 2373 864 in
2401 829 2530 879 quos
2559 813 2765 880 fabula,
2793 829 2911 882 qua:
2950 813 3269 867 divinitatem
3311 816 3383 869 eis
3414 818 3512 870 tri-

1947 909 2146 967 bueret,
2182 920 2284 957 non
2315 903 2452 957 male
2483 905 2776 958 conveniret
2800 906 2824 958 ?
2851 905 2974 974 Age,
3007 906 3054 957 si
3084 907 3253 958 minus
3278 907 3515 976 placebat

1949 996 2222 1060 Hercules,
2267 995 2632 1063 rEsculapius,
2685 1004 2732 1048 et
2781 995 2877 1048 alii
2931 997 3164 1066 antiquis
3198 998 3514 1065 temporibus

1946 1087 2212 1150 celebrati,
2261 1085 2526 1154 Orpheum
2557 1086 2850 1149 habebatis,
2882 1087 3048 1140 virum
3092 1087 3269 1139 divino
3310 1087 3512 1156 Spiritu

1945 1181 2194 1249 aﬂlatum,
2227 1189 2282 1231 ut
2308 1179 2541 1246 fatentur
2581 1195 2776 1244 omnes,
2820 1193 3041 1247 eumque
3073 1188 3237 1232 morte
3282 1179 3511 1232 violenta

1943 1271 2279 1323 exstinctum.
2332 1267 2582 1322 Fortasse
2612 1268 2761 1322 illum
2800 1282 2920 1321 ante
2948 1268 3206 1336 elegerant
3250 1269 3366 1323 alii.
3409 1269 3511 1322 Sed

1947 1355 2308 1409 Anaxarchus
2341 1372 2394 1409 se
2425 1355 2692 1423 offerebat,
2731 1356 2819 1423 qui
2851 1356 3072 1422 injectus
3108 1357 3164 1408 in
3202 1358 3510 1410 mortarium

1943 1455 1990 1498 et
2022 1448 2276 1499 contritus
2313 1446 2694 1508 crudelissime,
2734 1445 2886 1499 ludos
2913 1445 3136 1514 faciebat
3162 1447 3509 1515 supplicium:

1947 1553 1968 1585 ι
2043 1535 2242 1599 Tunde,
2292 1537 2596 1605 inquiebat,
2658 1539 2820 1588 tunde
2876 1537 3181 1589 Anaxarchi
3241 1538 3509 1606 vaginam,

1941 1626 2113 1693 ipsum
2153 1626 2420 1679 enimnon
2459 1627 2654 1678 (undis.
2696 1644 2715 1676 ι
2757 1625 2886 1690 Qua:
2914 1643 3012 1680 vos:
3040 1636 3115 1680 est
3157 1627 3393 1695 profecto
3426 1629 3512 1681 di-

1945 1716 2049 1770 vini
2076 1717 2350 1785 cujusdam
2382 1717 2616 1784 spiritus.
2647 1712 2750 1769 Sed
2784 1729 2932 1770 erant
2975 1720 3021 1771 ei
3060 1718 3156 1770 alii
3190 1719 3395 1787 physici
3422 1720 3511 1787 qni

1945 1806 2058 1874 ejus
2087 1807 2421 1876 disciplinam
2466 1816 2810 1862 sectarentur.
2864 1809 3120 1878 Nunquid
3169 1825 3270 1862 non
3303 1809 3512 1877 Epicte-

1945 1907 2054 1949 tum
2090 1898 2406 1953 habebatis?
2451 1901 2562 1970 qui,
2603 1917 2718 1953 cum
2762 1901 2919 1953 herus
2962 1901 3010 1954 ei
3058 1916 3178 1953 crus
3231 1908 3510 1969 torqueret,

1944 1989 2217 2042 subridens
2251 1999 2299 2042 et
2332 1989 2430 2043 hac
2467 2007 2520 2044 re
2557 1990 2688 2044 nihil
2711 2001 2998 2044 commotus
3025 2007 3042 2043 :
3073 2008 3092 2041 ι
3129 1987 3455 2060 Perfriuges,
3487 2010 3506 2043 ι

1943 2082 2150 2152 inquit;
2180 2098 2399 2151 cumque
2430 2083 2518 2136 ille
2557 2086 2892 2154 perfregisset
2919 2102 2936 2138 :
2974 2104 2991 2136 ι
3046 2084 3206 2138 Dixin
3233 2085 3328 2137 hoc
3362 2084 3508 2153 futu-

1945 2176 2101 2228 rum?
2133 2192 2151 2224 ι
2191 2172 2330 2238 Quid
2373 2175 2544 2228 simile
2584 2176 2723 2230 Deus
2753 2188 2919 2230 vester
2957 2177 3008 2228 in
3052 2176 3309 2245 supplicio
3337 2177 3514 2230 dixit?

1944 2264 2010 2318 Et
2061 2265 2342 2335 Sibyllam,
2395 2267 2548 2336 cujus
2600 2270 2925 2321 auctoritate
2984 2267 3195 2337 quidam
3248 2283 3274 2320 e
3332 2269 3509 2321 vestris

1943 2365 2203 2419 utuntur,
2234 2359 2279 2411 si
2331 2357 2424 2410 Dei
2471 2359 2636 2426 ﬁliam
2692 2376 2802 2412 esse
2843 2360 3141 2421 dixissetis,
3188 2358 3509 2429 probabilius

1941 2446 2147 2515 fuisset.
2175 2445 2331 2500 Nunc
2357 2459 2551 2512 autem,
2571 2465 2686 2502 cum
2705 2452 2757 2503 in
2782 2449 2894 2518 ejus
2919 2449 3126 2516 scriptis
3157 2448 3325 2501 multa
3347 2449 3508 2514 impia

1941 2547 2128 2590 temere
2157 2538 2504 2602 inserueritis,
2542 2537 2706 2592 Deum
2738 2555 2846 2593 esse
2877 2539 3033 2592 vultis
3063 2555 3202 2605 eum,
3233 2539 3320 2608 qui
3348 2537 3541 2590 vitam‘

1941 2629 2194 2695 infamem
2228 2637 2396 2680 morte
2419 2631 2706 2682 miserabili
2737 2629 2928 2698 finivit.
2963 2629 3171 2692 Quanto
3203 2631 3375 2698 aptior
3396 2639 3507 2684 erat

261 2732 390 2784 στῳ
440 2717 847 2787 gmnasium-or,
904 2719 1051 2773 Θεὸν
1109 2721 1372 2800 τίθεσθε..
1420 2723 1601 2787 Πόσῳ
1663 2723 1839 2777 τοῦδε

1947 2715 2109 2769 Ionas
2148 2717 2203 2769 in
2233 2718 2329 2770 ceti
2374 2729 2545 2771 ventre
2578 2717 2879 2780 conclusus,
2908 2726 3001 2770 aut
3046 2717 3236 2772 Daniel
3261 2719 3506 2786 faucibus

259 2806 730 2877 ἐπιτηδειότερος
751 2805 845 2879 μῆν
878 2810 1021 2879 ὑμῖν
1056 2810 1251 2878 Ἰωνᾶς
1275 2812 1375 2865 ἐπὶ
1405 2811 1480 2880 τῇ
1507 2814 1706 2881 κοιλίᾳ
1736 2812 1840 2879 κή-

261 2914 405 2961 τους
431 2897 571 2967 (59),
607 2897 645 2964 ἣ
692 2897 912 2965 Δανιὴλ
942 2903 975 2953 ό
1000 2900 1068 2954 ἐκ
1092 2899 1210 2953 τῶν
1237 2901 1478 2968 θηρίων,
1507 2901 1544 2969 ἢ
1567 2904 1621 2955 οἱ
1653 2901 1838 2956 τῶνδε

258 2987 349 3040 ἔτι
375 2985 898 3055 τερατωδέστεροι;

1939 2805 2175 2874 ferarum
2206 2816 2433 2874 ereptus,
2465 2817 2554 2861 aut
2585 2809 2680 2862 alti
2715 2811 2828 2863 istis
2856 2810 3029 2863 adhuc
3051 2810 3464 2880 proa‘igiosiores
3486 2810 3512 2864 2

348 3078 500 3130 Ἐπεὶ
549 3074 640 3132 οὖν
683 3079 994 3150 ἀναπέμπει
1043 3081 1191 3150 ἡμᾶς
1239 3081 1332 3134 ἐπὶ
1385 3082 1478 3136 τὸν
1544 3082 1836 3152 Ἡρακλέα,

2011 3073 2102 3128 54.
2165 3071 2272 3128 Sed
2323 3071 2576 3142 quoniam
2631 3087 2732 3128 nos
2787 3072 2855 3128 ad
2916 3073 3202 3129 llerculem
3259 3075 3504 3140 remittit,

261 3169 733 3240 ἀπομνημόνευμα
771 3170 879 3223 τῶν
908 3171 1080 3239 λόγων
1122 3171 1234 3242 (40)
1269 3172 1433 3226 αὑτοῦ
1482 3174 1614 3243 ἡμῖν
1657 3190 1836 3242 παρα-

269 3261 541 3330 στησάτω,
569 3263 660 3314 καὶ
699 3262 826 3332 περὶ
863 3262 961 3333 τῆς
995 3263 1122 3334 παρ’
1168 3265 1416 3337 Ὀμφάλῃ
1445 3265 1680 3335 ἁσέμνου
1717 3266 1838 3318 δου-

267 3351 415 3414 λείας
467 3352 632 3405 αὐτοῦ
680 3353 1136 3424 ἀπολογησάσθωο
1181 3355 1442 3408 δεικνύτω
1486 3356 1560 3420 δὲ,
1598 3358 1646 3408 εἰ
1693 3356 1840 3419 Θείας

269 3442 431 3513 τιμῆς
465 3439 611 3508 ἄξιος
648 3439 716 3514 ἦν
756 3446 784 3497 ό
825 3444 918 3497 τοῦ
957 3444 1202 3514 γεωργοῦ
1253 3444 1342 3516 βίᾳ
1386 3445 1481 3498 καὶ
1533 3447 1840 3518 λῃστρικῶς

269 3531 447 3586 λαϐὼν
488 3534 578 3588 τὸν
620 3533 765 3604 βοῦν,
803 3533 898 3588 καὶ
936 3534 1492 3606 καταθοινησάμενος,
1524 3537 1617 3589 καὶ
1656 3538 1840 3606 ἡσθεὶς

271 3624 360 3695 ἐφ’
419 3619 501 3690 οἷς
559 3627 763 3691 ἐκεῖνος
827 3625 1210 3698 καταρώμενος
1273 3627 1424 3696 ἔλεγε
1478 3629 1613 3700 πρὸς
1681 3628 1840 3682 αὐτὸν

271 3701 518 3770 ὲσθκίοντα
537 3735 550 3749 ο
581 3719 656 3783 ὡς
682 3719 774 3773 καὶ
811 3719 970 3790 μέχρι
1000 3717 1152 3772 τοῦδε
1183 3719 1505 3792 ἱστορεῖσθαι
1540 3720 1629 3773 τὸν
1672 3721 1840 3792 Ἥρα-

269 3807 426 3872 κλέος
469 3809 695 3880 δαίμονα
740 3811 852 3881 (Μ)
893 3811 1187 3881 λαμϐάνειν
1239 3811 1375 3881 μετὰ
1411 3810 1520 3863 τῶν
1559 3809 1709 3882 ἀρῶν
1743 3809 1842 3881 τὴν

271 3899 479 3952 Θυσίαν.
514 3901 685 3954 Καλεῖ
706 3903 749 3954 δ’
777 3904 923 3973 ἡμᾶς
951 3905 1043 3956 ἐπὶ
1071 3902 1167 3974 τὴν
1201 3903 1328 3973 περὶ
1362 3900 1684 3972 Ἀσκληπιοῦ
1715 3919 1845 3954 ταυ-

272 3988 536 4058 τολογίαν,
574 3993 968 4062 προειρηκότας
1003 3994 1098 4047 καὶ
1133 3992 1260 4063 περὶ
1303 3992 1496 4046 αὐτοῦ·
1535 3993 1651 4047 ἀλλ’
1685 3994 1844 4064 ἡμεῖς

348 4148 841 4221 (ὃἹλΣιϐυλλαν.
897 4148 1030 4204 Vide
1086 4149 1465 4203 adnotationes
1528 4147 1594 4202 ad
1645 4146 1738 4201 lib.
1789 4161 1842 4214 ν,

277 4219 674 4361 Ηῗὶίἒὲἲῖιίιεεη
742 4288 990 4342 δύνασθε.
1056 4286 1213 4343 Libb.
1278 4295 1434 4340 antea
1489 4285 1641 4350 editi,
1683 4283 1843 4337 δύνα-

277 4359 419 4412 σθαι.

348 4429 460 4501 (59)
506 4429 631 4516 Ἐπρ
664 4431 738 4500 τῇ
770 4432 970 4516 κοιλία
1011 4425 1577 4516 κήτουςλμιιοῌοοιιεξ
1604 4423 1852 4516 {distantiis
1885 4462 1928 4516 υ

274 4491 747 4564 εικέοτνθοιὶοηέί,
781 4517 900 4568 qua:
927 4491 1088 4568 lectio
1119 4491 1575 4568 conlirtuatnrqex
1604 4491 1854 4568 liuiusli-

277 4569 354 4622 bri
390 4585 620 4623 numero
641 4561 744 4623 57.
773 4561 1046 4624 l-iwschel.
1079 4577 1132 4619 et
1165 4567 1450 4634 Spencer.,
1487 4566 1578 4617 ἐπὶ
1606 4567 1673 4634 τῇ
1703 4561 1854 4634 κολο-

275 4639 464 4713 κύντῃ,
511 4640 620 4713 ‘sed
670 4643 798 4713 quid
847 4637 1077 4709 prodigii
1123 4631 1287 4691 habet
1320 4637 1411 4688 ἐπὶ
1446 4637 1512 4706 τῇ
1557 4631 1853 4705 κολοκύντῃ

278 4707 470 4763 Jonaiu
504 4710 712 4763 fuisse?

351 4777 550 4900 (4016M
599 4780 846 4850 margine
879 4778 1144 4833 editorum
1191 4774 1406 4846 legitur,
1437 4770 1851 4844 ἀπομνημονεύ-

351 4863 425 4900 erat
507 4865 636 4900 γων.

357 4863 425 4900 τα
445 4863 636 4900 Αογων.

284 4864 425 4916 ματα
445 4864 636 4914 Αογων.

289 4987 302 4988 7
352 4917 465 4988 (41)
499 4919 820 4988 Ἡρακλέος
879 4918 1153 4988 δαίμονα.
1196 4913 1470 4988 Lactant.,
1494 4913 1692 4988 __|_il).__t,
1725 4925 1849 4988 _c_ap.

280 4982 388 5041 2|;
420 4982 572 5053 Apud
613 4982 863 5048 Lindum.
894 4982 1032 5053 quod
1071 4985 1426 5051 est’01.pidum
1481 4983 1676 5044 Rhodi,
1715 4982 1852 5036 Her-

279 5057 412 5111 calis
438 5072 590 5109 sacra
617 5067 758 5122 sunt,
787 5074 1007 5126 quorum
1037 5074 1066 5108 a
1091 5057 1294 5109 caeteris
1331 5055 1742 5126 longedivcrsus
1776 5059 1850 5126 est

279 5130 414 5180 ritus
441 5142 458 5180 :
483 5121 752 5194 siquidem
793 5121 895 5179 non
923 5125 1168 5194 εὐφημίᾳ.
1195 5127 1271 5191 (ut
1321 5121 1492 5194 (ἐι-(ιιεί
1537 5121 1848 5189 appellant),

279 5198 368 5250 sed
421 5193 714 5248 maledictis
767 5207 810 5247 et
855 5193 1212 5248 exsecratione
1259 5193 1624 5254 celebrantur;
1692 5205 1853 5259 eaque

277 5282 374 5334 pro
405 5265 615 5318 violatis
656 5266 868 5324 habent,
906 5265 951 5317 si
1002 5264 1219 5334 quando
1256 5263 1392 5315 inter
1429 5261 1853 5334 solemnesritus

280 5327 356 5390 vel
386 5335 701 5402 imprudenti
728 5334 889 5386 alicui
926 5327 1178 5386 exciderit
1205 5332 1396 5402 bonum
1425 5331 1657 5382 verbum.
1684 5327 1850 5402 cujus

282 5407 357 5458 rei
386 5397 498 5457 huic
529 5405 665 5457 ratio
714 5404 975 5466 redditur,
1027 5405 1070 5456 si
1101 5411 1274 5468 tamen
1322 5398 1432 5451 ulla
1472 5413 1582 5450 esse
1630 5399 1763 5468 ratio
1799 5397 1851 5447 in

283 5476 433 5528 rebus
465 5475 758 5528 vanissimis
809 5481 999 5541 potest.
1067 5466 1340 5532 Hercules,
1389 5482 1505 5519 cum
1539 5482 1604 5541 eo
1647 5466 1852 5518 delatus

282 5553 431 5603 esset.
469 5543 762 5611 famemque
799 5536 1091 5614 pateretur,
1132 5550 1393 5592 aratorem
1417 5536 1694 5614 quemdam
1722 5550 1851 5614 conj

286 5604 808 5685 spexit'operantem'
851 5629 868 5665 :
916 5612 979 5664 ab
1025 5626 1186 5685 eoque
1237 5618 1413 5685 petere.
1439 5606 1614 5672 cazpit,
1653 5614 1710 5685 ut
1745 5604 1851 5685 sibi

288 5673 451 5735 unum
489 5673 662 5736 bovem
723 5685 1000 5745 venderet;
1057 5673 1314 5732 enimvero
1356 5677 1443 5728 ille
1483 5675 1683 5745 negavit
1732 5673 1849 5745 ﬁeri

293 5768 460 5821 passe,
484 5752 607 5822 quia
636 5769 748 5820 spes
776 5768 871 5805 sua
899 5743 1065 5803 omnis
1090 5748 1319 5803 colenda:
1343 5757 1497 5801 terra:
1521 5743 1721 5800 duobus
1743 5744 1848 5796 illis

1943 3166 2146 3234 aliquid
2215 3165 2378 3234 igitur
2429 3179 2496 3218 ex
2565 3162 2685 3230 ejus
2755 3163 2916 3219 dictis
2983 3173 3398 3227 commemoret,
3454 3175 3512 3221 et

1944 3257 2118 3326 turpis
2178 3255 2296 3326 ejus
2365 3256 2505 3324 apud
2567 3255 2880 3324 Omphalem
2937 3255 3214 3310 servitutis
3275 3257 3512 3326 patroci-

1942 3352 2091 3405 nium
2168 3348 2447 3418 suscipiat.
2507 3345 2706 3401 Probet
2762 3363 2883 3402 enm
2938 3347 3120 3401 divino
3183 3347 3326 3401 cultu
3389 3362 3512 3403 esse

1943 3440 2102 3510 733
2135 3439 2376 3509 dignum,
2412 3437 2502 3506 qui
2544 3437 2733 3490 bovem
2765 3437 2811 3490 vi
2842 3446 2895 3490 et
2942 3434 3167 3490 latronis
3195 3451 3343 3492 more
3386 3453 3512 3493 ere-

1943 3539 2092 3599 ptum
2149 3527 2398 3597 agricolas
2462 3526 2765 3590 devorans,
2825 3526 3197 3579 delectabatur
3255 3525 3507 3594 injuriis,

1943 3620 2142 3689 quibus
2193 3617 2280 3672 ille
2327 3629 2621 3671 exsecrans
2672 3616 3042 3670 comedentem
3099 3619 3512 3683 onerabat;'ita

1945 3719 2004 3764 ut
2032 3724 2200 3778 usque
2234 3708 2392 3762 hodie
2424 3707 2637 3760 dicatur
2670 3708 2829 3776 genio
2864 3705 3108 3762 Herculis
3140 3708 3356 3761 victima
3387 3723 3510 3762 cum

1944 3800 2412 3858 exsccratiOnibus
2469 3796 2672 3851 oﬂ'erri.
2705 3797 3080 3868 IEsculapiuin
3117 3799 3270 3853 nobis
3326 3815 3512 3855 rursus

1944 3891 2217 3964 proponit,
2241 3891 2488 3960 quamvis
2516 3889 2582 3944 de.
2610 3889 2703 3943 illo
2742 3888 2855 3957 jam
2888 3899 3014 3944 ante
3047 3890 3381 3944 dixerimus:
3416 3891 3515 3943 sed

1941 3987 2054 4058 jam
2100 3985 2243 4039 dicta
2288 3981 2577 4036 sulIiciaut.
2621 3981 2759 4049 Quid
2794 3991 2972 4037 autem
3011 3983 3285 4052 Orpheum
3336 3984 3516 4037 admio

1942 4140 2196 4213 jumentis
2249 4140 2523 4213 niteretur.
2572 4137 2845 4205 Hercules,
2873 4138 3032 4213 solita
3071 4137 3315 4191 violentia
3361 4153 3510 4213 usus.

1949 4207 2078 4281 quia
2111 4226 2302 4281 umth
2328 4210 2562 4281 accipere
2587 4225 2689 4260 non
2730 4211 2926 4274 potuit,
2953 4220 3230 4281 utrumque
3259 4207 3468 4281 sustulit
3493 4222 3512 4269 ;

1950 4275 2007 4334 at
2043 4279 2132 4331 ille
2152 4276 2362 4345 infelix,
2397 4293 2513 4328 cum
2545 4277 2696 4328 boves
2723 4294 2845 4330 suos
2875 4277 3094 4328 mactari
3120 4275 3335 4345 rideret,
3367 4275 3514 4345 inju-

1953 4353 2084 4403 riam
2115 4344 2263 4400 suam
2294 4346 2588 4404 maledictis
2625 4346 2766 4398 ultus
2799 4357 2872 4398 est
2925 4360 2942 4397 :
2995 4344 3132 4404 quod
3179 4344 3375 4395 homini
3415 4346 3514 4396 ele-

1952 4419 2099 4488 ganti
2137 4427 2184 4469 et
2235 4419 2436 4488 urbano
2457 4414 2810 4488 gratissimum
2841 4415 2966 4482 fuit.
2989 4413 3138 4488 blant
3161 4415 3286 4488 dum
3309 4413 3515 4488 comiti-

1956 4482 2050 4541 bus
2084 4502 2192 4540 suts
2217 4482 2397 4552 epulas
2424 4494 2665 4550 apparat,
2700 4485 2926 4552 dumque
2947 4483 3144 4536 alienos
3180 4482 3327 4535 boves
3357 4483 3516 4534 devo-

1956 4568 2056 4619 rat,
2091 4558 2244 4608 illum
2272 4553 2370 4606 sibi
2402 4553 2730 4605 amarissime
2756 4553 3135 4606 conviciautem
3159 4567 3277 4603 cum
3315 4552 3426 4604 risu
3465 4560 3512 4603 et

1955 4626 2222 4681 cachinnis
2244 4623 2517 4684 audiebat;
2541 4624 2629 4674 sed
2665 4631 2935 4690 postquam
2958 4621 3175 4674 Herculi
3194 4622 3395 4690 divinos
3420 4620 3516 4672 ho-

1961 4713 2111 4750 nores
2164 4693 2226 4746 ob
2273 4689 2676 4744 admirationem
2720 4694 2930 4745 virtutis
2983 4690 3178 4758 deferri
3219 4689 3435 4756 placuit,
3480 4707 3513 4742 ιι

1954 4768 2152 4820 civibus
2190 4763 2238 4815 ei
2267 4779 2361 4812 ara
2381 4761 2548 4828 posita
2578 4772 2676 4826 est,
2707 4777 2863 4827 quam
2889 4762 2952 4814 de
2977 4761 3119 4828 facto
3141 4758 3435 4827 Βούξυγον,
3458 4760 3517 4811 id

1954 4847 2030 4889 est
2075 4832 2216 4886 bovis
2248 4832 2459 4902 jugum,
2501 4831 2842 4902 nominavit;
2875 4833 2942 4883 ad
2981 4846 3138 4902 quam
3196 4831 3300 4902 duo
3342 4830 3516 4898 juncti

1955 4905 2102 4958 boves
2137 4899 2571 4964 immolarentur;
2613 4901 2746 4953 sicut
2788 4901 2866 4953 illi
2895 4899 3022 4969 quos
3053 4899 3337 4969 abstulerat
3381 4915 3506 4951 ara—

1954 4977 2094 5038 tori;
2156 4986 2374 5038 eumque
2422 4970 2590 5037 ipsunt
2633 4971 2734 5024 sibi
2771 4971 3040 5023 constituit
3085 4968 3428 5030 sacerdotem,
3454 4983 3518 5020 ac

1953 5037 2196 5112 praecepit
2239 5037 2295 5093 ut
2325 5040 2508 5092 iisdem
2548 5041 2842 5094 maledictis
2879 5056 3078 5108 semper
3109 5040 3162 5091 in
3197 5037 3518 5112 celebrandis

1956 5106 2230 5179 sacrificiis
2258 5121 2492 5162 uteretur
2517 5128 2535 5162 :
2581 5112 2720 5179 quod
2757 5120 2964 5179 negaret
2988 5106 3049 5162 ise
3076 5123 3305 5179 unquam
3332 5106 3518 5179 epula-

1955 5193 2064 5234 tum
2088 5175 2197 5233 esse
2224 5179 2536 5246 jucundius.
2589 5175 2927 5243 i’ltilosti'at.,
2969 5179 3063 5232 lib.
3114 5175 3168 5230 lt?
3203 5175 3428 5246 [canunt
3456 5175 3510 5226 in

1955 5242 2372 5311 'l'hiodamante,
2426 5264 2454 5299 a
2500 5264 2606 5316 quo
2649 5249 2910 5302 Hercules
2941 5263 3045 5299 una
3075 5262 3194 5316 cum
3223 5242 3516 5316 sociis‘b‘o-

1952 5336 2047 5374 ves
2082 5319 2319 5384 abripuit
2355 5309 2371 5373 ἐ
2403 5309 2562 5388 Ὅθεν
2595 5317 2725 5388 βοῦς
2756 5317 2853 5388 μὲν
2875 5318 3074 5388 ἀροτης
3108 5311 3361 5388 ’ξ-Ιρακλεῖ
3392 5309 3517 5362 θύε-

1953 5407 2061 5443 ται.
2088 5379 2531 5457 Κατᾶρχονταιδὲ
2555 5379 2926 5457 ἐπαρώμενοι,’
2948 5379 3066 5457 ὅσα,
3093 5379 3265 5457 οἶμαι,
3294 5383 3322 5432 ὁ
3345 5396 3520 5457 xerop-

1953 5460 2046 5528 γός
2073 5449 2454 5529 ποτενἫαίρει
2580 5461 2610 5529 ὁ
2637 5449 2928 5529 ᾙρὰκλῆς,
2959 5454 3065 5529 καὶ.⁸
3085 5449 3310 5529 liti/bim;
3340 5449 3518 5529 ᾷςδωσι

1953 5520 2358 5599 καταρωμένας
2377 5520 2614 5595 τάγαθά.
2661 5520 2808 5578 Unde
2837 5520 3028 5599 arator
3050 5524 3136 5575 bos
3177 5520 3393 5572 Herculi
3423 5520 3522 5570 im~

1953 5593 2202 5651 inolaiur'.
2232 5593 2588 5663 Auspicantur
2620 5607 2795 5648 autem
2833 5609 2984 5663 sacra
3012 5593 3348 5663 iruprecantes
3375 5603 3520 5663 qutu-

1953 5684 2175 5736 cunque,
2197 5677 2252 5720 ut
2302 5659 2447 5734 puto,
2481 5665 2717 5733 agricola
2753 5674 2894 5736 tunc.
2927 5661 2994 5713 At
3025 5659 3278 5736 H_ercules
3303 5659 3530 5727 gaudet,

1953 5730 2260 5806 Lindiisque
2301 5730 2695 5789 exsecrantibus
2734 5734 2822 5786 dat
2866 5732 3022 5786 bona.
3058 5730 3339 5800 Set-lucem
