3972 6160
550 262 688 320 “99

546 480 661 526 tum
695 489 816 530 esse
845 487 898 530 et
930 488 1077 532 recte
1110 480 1345 537 vixisse?
1377 484 1599 543 Multum
1631 491 1810 561 fallor,
1851 499 1896 552 si
1935 501 2122 559 Celsus

541 577 648 615 non
696 579 761 618 eo
792 566 1028 620 celebrat
1073 567 1370 642 Orpheum,
1415 588 1473 632 ut
1508 582 1786 639 nobiseum
1823 595 2121 649 contendat

539 661 594 704 et
619 649 802 708 Jesum
835 657 1133 725 deprimat;
1167 677 1287 716 cum
1321 680 1452 724 vero
1485 669 1676 740 impias
1722 677 1865 734 illius
1909 682 1975 737 de
2015 684 2120 740 diis

537 739 752 798 fabulas
799 743 970 815 legit,
1021 766 1126 805 non
1191 757 1439 813 carmina
1493 739 1798 824 detestatus
1846 771 2011 827 fuerit
2061 784 2120 830 ιιι

535 833 708 899 magis
755 851 916 904 quant
970 839 1186 899 Homeri
1244 863 1453 917 versus,
1501 855 1683 926 digna,
1731 874 1851 928 quae
1896 877 1964 916 ex
2013 867 2115 920 rite

535 918 779 976 instituta
829 929 1107 996 republica
1161 918 1617 999 exterminentur.
1665 947 1912 1020 Orpheus
1964 958 2108 1012 enim

532 1010 692 1083 longe
720 1016 925 1084 pejora,
955 1037 1116 1091 quam
1147 1026 1432 1096 Homerus,
1468 1035 1531 1088 de
1564 1036 1669 1091 diis
1699 1043 1940 1098 carmina
1975 1062 2111 1102 con-

529 1106 766 1173 scripsit.
799 1109 1135 1181 Geuerosus,
1173 1118 1368 1188 fateor,
1426 1124 1516 1179 ille
1567 1128 1926 1191 Anaxarchus
1976 1138 2111 1208 fuit,

529 1193 621 1258 qui
647 1195 1043 1258 Aristocreonti
1073 1204 1235 1276 Cypri
1265 1219 1493 1282 tyranno
1520 1232 1535 1270 :
1569 1219 1770 1288 Tunde,
1808 1193 2108 1298 inquiebat:

529 1285 689 1336 (unde
734 1288 1042 1347 Anaxarchi
1088 1300 1369 1367 vaginam;
1418 1308 1514 1362 sed
1555 1310 1609 1364 id
1643 1285 1808 1368 unum
1859 1285 1926 1372 de
1960 1285 2107 1375 Ana:

527 1374 731 1428 xarcho
775 1377 948 1435 Graeci
999 1399 1229 1454 norunt,
1280 1396 1426 1460 quod
1476 1402 1835 1460 admiratione
1883 1408 2106 1480 dignum

526 1459 636 1514 sit:
671 1473 724 1516 et
766 1473 1012 1534 quamvis
1057 1477 1294 1537 hominis
1335 1485 1590 1543 virtutem
1634 1492 1756 1559 alii,
1803 1507 1859 1550 ut
1893 1499 2102 1569 Celsus,

526 1553 703 1618 magni
745 1554 926 1613 facere
973 1561 1285 1638 debuerint,
1326 1573 1714 1635 Anaxarchum
1763 1585 1964 1643 idcirco
2008 1605 2104 1659 pro

1829 1638 1839 1640 _
2008 1638 2099 1659 τ--

524 1638 623 1692 deo
653 1642 837 1697 haberi
874 1663 978 1703 non
1027 1666 1146 1708 erat
1179 1672 1628 1721 consentaneum.
1673 1671 1752 1726 Ad
1792 1673 2099 1743 Epictetum

523 1742 737 1797 quoque
771 1749 866 1789 nos
905 1740 1103 1808 mittit,
1135 1747 1412 1806 admirans
1442 1769 1602 1823 quam
1650 1740 1910 1830 generoso
1954 1772 2098 1829 dicto
2129 1776 2172 1830 Β

523 1819 820 1878 fracturam
861 1831 946 1885 sui
1007 1836 1184 1891 cruris
1234 1847 1559 1912 exceperit:
1601 1854 1741 1918 quod
1797 1864 1972 1914 tamen
2018 1864 2102 1919 di-

520 1917 667 1967 ctum
694 1914 957 1982 ejusmodi
988 1940 1090 1979 non
1118 1940 1222 1994 est,
1251 1943 1308 1985 ut
1344 1950 1468 1991 cum
1504 1943 1898 2005 excellentibus
1943 1954 2104 2013 dictis

520 1998 787 2071 factisque
831 2007 958 2063 Jesu
995 2028 1023 2066 a
1071 2016 1231 2072 Celso
1277 2023 1548 2093 despectis
1594 2033 1831 2090 conferri
1882 2043 2098 2109 possit:

518 2105 644 2146 nam
691 2095 813 2152 illos
868 2099 994 2156 Jesu
1040 2120 1323 2167 sermones
1383 2117 1565 2174 divina
1627 2134 1866 2191 potestas
1926 2139 2100 2190 comi-

519 2183 760 2254 tabatur,
812 2200 868 2245 et
926 2195 1100 2251 adhuc
1156 2215 1264 2256 non
1319 2205 1681 2277 simpliciores
1746 2223 1938 2291 modo,
2003 2231 2096 2284 sed

515 2274 682 2329 etiam
726 2278 1178 2352 intelligentiores
1241 2307 1346 2348 non
1386 2311 1550 2366 parvo
1583 2319 1812 2365 numero
1863 2328 2095 2373 conver-

517 2370 659 2418 lunt.

584 2455 676 2510 55.
720 2459 888 2517 Addit
939 2474 1017 2521 tot
1053 2469 1288 2528 virorum
1338 2487 1743 2544 enumerationi
1791 2509 1804 2548 :
1840 2494 1984 2560 Quid
2019 2502 2092 2554 si.

511 2546 632 2600 mile
676 2548 818 2606 Deus
850 2567 1012 2612 vester
1041 2563 1096 2617 in
1142 2569 1400 2637 supplicio
1449 2575 1627 2630 dixit?
1659 2546 2087 2658 Respondemus,

509 2639 628 2705 ejus
657 2643 708 2696 in
743 2649 1057 2709 verberibus
1100 2656 1524 2734 ignominiisque
1555 2671 1828 2730 silentium
1870 2682 2090 2752 majoris

507 2739 836 2794 constantia:
899 2745 1282 2818 patientizrque
1341 2752 1544 2823 fuisse,
1596 2779 1759 2831 quam
1827 2773 2086 2842 quidquid

1613 2822 1627 2831 .

503 2822 675 2881 Graeci
721 2831 1122 2894 calamitatibus
1171 2847 1342 2911 pressi
1399 2849 1682 2925 dixerunt;
1730 2859 1774 2912 si
1811 2872 1987 2918 tamen
2033 2868 2086 2922 id

505 2920 727 2974 credere
774 2925 886 2978 vult
934 2926 1165 2998 Celsus,
1206 2939 1347 3004 quod
1403 2923 1433 2996 a
1492 2946 1626 3003 viris
1686 2953 1904 3020 optima.-
1961 2957 2082 3014 ﬁdei

509 3013 776 3078 scriptum
809 3026 914 3082 est,
960 3023 1050 3089 qui
1083 3039 1204 3078 cum
1235 3025 1361 3083 Jesu
1405 3033 1666 3091 miracula
1713 3056 1839 3098 vere
1881 3062 2084 3103 memo-

503 3113 714 3166 rarunt,
759 3114 869 3160 tum
903 3110 1008 3166 illis
1045 3115 1162 3184 ejus
1201 3119 1252 3173 in
1290 3123 1554 3192 supplicio
1593 3129 1866 3189 silentium
1902 3153 2077 3195 annu-

496 3204 798 3253 meravere.
827 3198 932 3254 Sed
965 3211 1018 3256 et
1048 3207 1236 3263 eadem
1270 3227 1400 3268 usus
1428 3229 1511 3272 est
1545 3227 1978 3297 mansuetudine,
2023 3245 2078 3289 et

494 3297 619 3337 cum
666 3287 899 3346 ludibrio
938 3295 1157 3354 habitus
1186 3311 1288 3367 est,
1331 3317 1385 3360 et
1415 3322 1536 3362 cum
1573 3312 1790 3372 indutus
1832 3331 1916 3375 est
1953 3338 2078 3380 coc-

492 3377 705 3432 cineam
738 3383 900 3457 734
927 3389 1293 3463 chlamydem,
1317 3409 1371 3454 et
1399 3419 1522 3460 cum
1552 3408 1668 3478 ejus
1694 3421 1855 3481 caput
1887 3417 2072 3485 spinea

1580 3465 1598 3478 υ
1760 3465 1773 3481 l
1808 3465 1811 3466 ⁷
1841 3465 1851 3466 ί
1887 3465 2072 3485 “Γ““”“’“

489 3465 883 3530 circumdatum
930 3491 1012 3534 est
1062 3498 1290 3554 corona,
1329 3503 1538 3551 etcum
1578 3503 1898 3560 arundinem
1954 3507 2072 3565 locu

489 3561 688 3625 sceptri
725 3568 955 3635 sumpsit
997 3571 1048 3624 in
1084 3589 1305 3644 manus;
1346 3598 1444 3638 nec
1477 3588 1772 3660 quidquam
1815 3595 2068 3665 ignavum

487 3655 582 3698 aut
639 3657 1044 3714 stomachosum
1095 3664 1170 3721 illi
1238 3673 1442 3728 excidit
1501 3655 1765 3738 adversus
1825 3655 1918 3741 eos
1975 3690 2066 3758 qui

487 3745 637 3792 tanta
689 3743 954 3804 adversus
1015 3753 1189 3822 ipsum
1260 3767 1544 3823 auderent.
1595 3771 1698 3837 Qui
1750 3775 1914 3845 igitur
1955 3795 2065 3847 pra:

487 3826 735 3847 ,ωυρμ
863 3846 869 3847 κ
984 3843 995 3847 -
1075 3845 1084 3847 -

1605 3826 1638 3837 η
1955 3826 2059 3847 ,...-

486 3826 810 3887 fortitudine
858 3843 1024 3894 tacuit
1074 3845 1124 3898 iu
1181 3851 1468 3922 supplicio,
1517 3861 1612 3928 qui
1666 3867 1846 3919 omnia
1883 3869 1986 3925 sibi
2032 3890 2059 3925 ιι

479 3917 596 3970 luis
626 3919 968 3981 derisaribus
1009 3932 1212 3992 inflicta
1253 3956 1533 4000 mansuete
1563 3954 1844 4020 sustinuit,
1876 3959 1922 4012 is
1955 3977 2059 4016 non

481 4020 594 4074 pra:
635 4011 872 4080 ignavia,
910 4029 968 4073 ut
1021 4027 1317 4094 opinantur
1371 4041 1642 4107 nonnulli,
1690 4047 1824 4101 dixit
1873 4051 2056 4111 istud:

480 4093 668 4164 Pater,
700 4103 747 4155 si
778 4110 1027 4166 possibile
1062 4125 1160 4180 est,
1191 4128 1424 4177 transeat
1455 4144 1486 4179 a
1525 4145 1605 4182 me
1633 4136 1775 4188 calix
1805 4139 1922 4194 iste.
1967 4141 2058 4198 γε.

473 4199 774 4250 rumtamen
812 4213 912 4252 non
961 4212 1015 4256 ut
1046 4223 1138 4276 ego
1175 4209 1311 4276 volo,
1347 4216 1440 4268 sed
1489 4219 1627 4274 sicut
1674 4234 1731 4278 tu
1757 4226 1825 4284 ⁸³.
1858 4231 1954 4288 Est
1999 4244 2054 4290 et

472 4281 576 4336 alia
625 4288 764 4342 ratio
798 4306 895 4346 cur
928 4295 1110 4362 istum,
1161 4310 1218 4356 ut
1255 4317 1446 4375 vocat,
1485 4313 1711 4371 calicem
1767 4321 2049 4392 deprecari

469 4376 619 4432 visus
661 4380 855 4452 fuerit,
905 4403 1067 4456 quam
1119 4395 1244 4450 alibi
1286 4397 1459 4458 fusius
1514 4411 1947 4473 examinavimus
1994 4429 2049 4474 et

466 4470 879 4537 explicavimus.
923 4483 1119 4540 Verum
1153 4499 1210 4542 ttt
1241 4491 1382 4549 hanc
1424 4497 1867 4568 deprecationem
1911 4511 2046 4566 sim-

465 4560 658 4626 plicius
701 4568 1087 4643 intelligamus,
1136 4582 1259 4639 vide
1291 4600 1471 4644 annon
1516 4593 1600 4659 pia
1637 4596 1688 4649 in
1739 4598 1904 4656 Deum
1955 4605 2044 4660 illa

463 4649 534 4700 sit
567 4657 773 4712 oratio:
807 4677 930 4714 cum
969 4681 1128 4722 nemo
1165 4687 1292 4726 suas
1327 4677 1669 4737 calamitates
1704 4693 2044 4748 antecedenti

462 4749 646 4795 causa:
674 4747 896 4814 tribuat,
927 4755 1020 4808 sed
1051 4760 1425 4820 sustinendum
1452 4784 1572 4823 esse
1600 4775 1892 4846 existimet,
1917 4797 2040 4838 cum

462 4830 673 4896 tempus
699 4839 951 4908 postulat,
981 4844 1033 4897 id
1071 4851 1214 4916 quod
1244 4867 1351 4909 non
1389 4871 1455 4910 ex
1492 4865 1849 4922 antecedente
1874 4887 2039 4929 causa

597 5001 646 5034 “
669 5003 856 5062 Matth.
884 5027 1035 5082 xxvi,
1063 5017 1153 5073 59.

1247 5175 1408 5264 [ιῘΙιΙιέ
1424 5185 1576 5263 editi.
1603 5191 1915 5264 ἐτύγχανεν.

519 5227 632 5332 (ίξ)
659 5227 1100 5332 gementeng
1141 5227 1864 5332 τῆ
1873 5227 2026 5327 νῨίιίιξ

450 5299 833 5379 διΙιιιοιςιιίυιιθε
861 5310 925 5379 ad
967 5311 1058 5379 lib.
1088 5328 1161 5379 tv,
1195 5299 1348 5374 num.

518 5367 631 5467 g2
673 5372 935 5467 ςρρξεξρς.
967 5377 1100 5467 Yide
1129 5367 1509 5467 a'ti;fltiltiiit;l‘iés
1541 5399 1606 5452 ad
1644 5401 1736 5456 lib.
1769 5421 1804 5467 ι,
1840 5424 1896 5460 ιι.
1930 5411 2016 5466 ιδ.

517 5439 644 5536 (ἴὸὲ
652 5439 1150 5536 ᾹΑρῑὶστοξιρέρν-τι.
1188 5439 1568 5536 Ν

443 5508 966 5619 πεῇὶῧζὶάὶζάθετῆξ.
999 5521 1204 5619 Laerta,
1500 5508 1907 5619 lo.

515 5576 1046 5685 (ξίῗέζὲίίέίίτὴιοῖ-
1092 5576 1382 5685 eieceris
1413 5605 2013 5685 ‘.'.“"dicus$e_Epi‘cle-

515 5661 540 5685 ΙἸ
675 5671 682 5685 ι
710 5667 721 5685 I
817 5671 921 5685 ειη-ι
950 5676 1081 5685 ιιι-ι--
1117 5681 1136 5685 _
1237 5683 1240 5685 λ

449 5649 559 5697 ιιιιιι
585 5651 748 5705 tradit
774 5649 1083 5726 Simplicius
1114 5668 1178 5718 ad
1214 5649 2010 5753 EJéifn'iiil".?a§f°i‘éaf'éi‘5:

2036 287 2370 348 ORIGENIS'

544 397 696 449 rans,
718 398 842 439 eum
870 387 947 441 ait
976 389 1215 443 omnium
1246 405 1508 451 consensu
1535 410 1725 457 sancto
1754 402 1956 474 Spiritu
1987 410 2071 463 alll

2183 421 2204 477 ι
2233 416 2464 481 ἐκείνοις
2497 420 2830 494 ἀρκούμεθα.

3701 321 3730 374 ί
3741 324 3860 379 500'

2870 428 2934 480 Τί
2974 429 3029 483 δὲ
3069 433 3161 486 καὶ
3205 433 3496 507 θαυμάσας
3560 441 3841 513 Ὀρφέως,

2222 508 2668 581 ὁμολογουμένως
2705 518 2869 586 φησὶν
2902 521 3064 575 αὐτὸν
3096 524 3228 596 ὁσίῳ
3267 508 3642 600 χρησάμενον.
3667 508 3837 587 πνεύ-

2225 613 2375 665 ματι,
2427 601 2606 664 καλῶς
2654 603 3010 676 βεϐιωκέναι;
3053 612 3332 682 Θαυμάςω
3374 617 3452 680 δὲ,
3495 621 3547 672 εί
3605 621 3698 692 μὴ·
3744 627 3835 677 καὶ

2221 689 2429 753 Κέλσος
2459 692 2546 745 διὰ
2584 697 2680 764 μὲν
2723 698 2823 769 τὴν
2855 701 2991 770 πρὸς
3023 705 3174 774 ἡμᾶς
3214 707 3580 775 φιλονεικίαν,
3609 689 3716 766 καὶ
3752 715 3832 768 ἵνα

2232 775 2439 846 Ἰησοῦν
2482 780 2814 856 ἐξευτελίσῃ,
2864 787 2959 840 νῦν
2995 790 3155 860 ὑμνεῖ
3199 794 3438 866 Ὀρφέα·
3487 799 3586 852 ὅτε
3634 801 3686 854 δ’
3722 805 3832 857 ἐνε-

2217 867 2481 940 τύγχανεν
2517 873 2627 945 (42)
2664 877 2828 932 αὑτοῦ
2862 883 2974 945 τοῖς
3003 881 3078 946 ὡς
3111 885 3238 958 περὶ
3272 887 3411 941 θεῶν
3450 891 3694 946 ἀσεϐέσι
3735 895 3826 964 μύ-

2216 958 2348 1024 θοις,
2385 964 2485 1016 οὐκ
2525 967 2898 1041 ἀπεστρέφετο
2925 972 2991 1026 τά
3025 977 3325 1047 ποιήματα,
3357 980 3434 1044 ὡς
3473 983 3694 1051 μᾶλλον
3727 988 3825 1039 τιτη

2213 1144 2306 1195 καὶ
2341 1145 2450 1216 γάρ
2479 1148 2656 1220 πολλῷ
2696 1152 2916 1223 χείρονα
2960 1157 3087 1229 περὶ
3126 1159 3235 1214 τῶν
3266 1162 3659 1234 νομιζομένων
3707 1164 3821 1221 εἷπε

2213 1233 2349 1288 θεῶν
2406 1238 2638 1310 Ὀρφεὺς
2674 1243 2784 1314 (44)
2829 1245 2862 1316 ἢ
2917 1248 3182 1321 Ὅμηρος.
3222 1233 3475 1318 Γενναῖος
3510 1257 3625 1327 μὲν
3660 1255 3758 1312 οὖν
3797 1265 3822 1312 ὁ

2224 1327 2570 1402 Ἀνάξαρχος,
2593 1333 2764 1403 λέγων
2784 1337 2862 1407 τῷ
2888 1339 2988 1409 τῆς
3014 1341 3240 1414 Κύπρου
3269 1348 3520 1418 τυράννῳ
3571 1351 3821 1422 Ἀριστο-

2209 1419 2421 1487 κρέοντι
2451 1422 2584 1492 (45),
2614 1428 2864 1493 Πτίσσε,
2907 1432 3130 1486 πτίσσε
3154 1435 3262 1489 τὸν
3300 1419 3695 1510 Ἀναξάρχου
3731 1448 3819 1498 θίν-

2204 1511 2432 1564 λακονο
2481 1519 2764 1585 μονογενὲς
2804 1520 2861 1573 δὲ
2899 1522 3055 1577 τοῦτο
3100 1527 3228 1599 περὶ
3275 1528 3621 1602 Ἀναξάρχου
3672 1537 3815 1606 {agn

2206 1598 2618 1674 θαυμαζόμενον
2653 1609 2944 1682 ’Έλληνεςο
2989 1616 3073 1684 ἐφ’
3118 1598 3255 1684 ᾧγεί
3297 1621 3412 1685 καὶ,
3574 1598 3812 1691 Κέλσος,

2204 1692 2369 1758 ἀξίως
2396 1696 2562 1767 ἐχρῆν
2587 1716 2737 1764 τινας
2776 1702 2956 1756 σέϐειν
3002 1705 3285 1779 ἄνθρωπον
3314 1711 3382 1764 δι’
3422 1713 3664 1786 ἀρετὴν,
3714 1722 3810 1773 οὒκ

2200 1777 2268 1855 ἦν
2301 1784 2518 1855 εὔλογον
2545 1791 2974 1864 ἀναγορεύεσθαι
3007 1777 3117 1853 τὸν*
3145 1777 3476 1875 Ἀνάξαρχον
3513 1777 3670 1862 Beda.
3707 1813 3813 1864 Καὶ

2205 1875 2298 1927 ἐπὶ
2336 1876 2657 1950 Ἐπίκτητον
2694 1883 2805 1953 (46)
2849 1885 2905 1937 δὲ
2942 1889 3090 1958 ἡμᾶς
3128 1891 3466 1963 ἀναπέμπει,
3507 1897 3810 1969 Θαυμάσας

2202 1962 2263 2016 τὸ
2285 1965 2521 2033 εὐγενῶς
2553 1970 2650 2039 μὲν
2682 1973 2828 2044 αὐτῷ
2851 1976 3194 2049 λελεγμένον,
3217 1983 3280 2036 οὐ
3448 1985 3600 2041 ὥστε
3629 1962 3810 2062 ῖτταραζ

2203 2054 2461 2127 ϐληθῆναι
2493 2062 2656 2116 αὐτοῦ
2681 2064 2772 2118 τὸν
2797 2067 2889 2119 ἐπὶ
2915 2072 2978 2140 τῇ
3007 2072 3230 2138 κατάξει
3255 2075 3348 2128 τοῦ
3383 2079 3623 2144 σκέλους
3647 2083 3808 2152 λόγον

2201 2131 2309 2208 τοῖς
2330 2150 2651 2220 παραδόξοις
2670 2155 2763 2208 τοῦ
2800 2131 2978 2228 Ἰησού
3000 2131 3180 2232 ἔργοις
3207 2165 3301 2218 καὶ
3324 2166 3508 2236 λόγοις
3531 2135 3806 2229 ἀπιστου-

2202 2239 2382 2309 μένοις
2413 2245 2517 2299 ὑπὸ
2543 2249 2750 2303 Κέλσου
2768 2269 2780 2283 ·
2813 2253 2900 2308 διὰ
2924 2255 2983 2309 τὸ
3005 2259 3099 2311 καὶ
3119 2259 3345 2332 δυνάμει
3370 2265 3632 2339 λελέχθαι
3656 2271 3798 2344 θείᾳ..

2201 2329 2362 2402 μέχρι
2391 2334 2550 2407 δεῦρο
2584 2341 3008 2412 ἐπιστρέφοντας
3035 2349 3095 2402 ού
3132 2329 3682 2431 τῶν-ἁπλουστέρων

2195 2419 2292 2485 νάς
2321 2424 2501 2493 μόνον,
2538 2428 2671 2484 ἀλλά
2698 2434 2790 2486 καὶ
2820 2434 3046 2500 πολλοὺς
3081 2439 3188 2493 τῶν
3224 2419 3634 2518 συνετωτέρων.

2279 2514 2432 2569 Ἐπεὶ
2469 2518 2526 2571 δέ
2563 2538 2694 2592 φησι
2729 2524 2868 2594 μετά
2901 2527 2990 2581 τὸν
3018 2531 3317 2601 κατάλογον
3359 2537 3470 2591 τῶν
3509 2543 3795 2598 τοσούτων

2192 2603 2402 2676 ἀνδρῶν
2428 2607 2510 2669 τὸ,
2564 2613 2626 2666 Τί
2658 2616 2930 2670 τοιοῦτον
2977 2621 3009 2673 ό
3041 2621 3324 2692 ὑμέτερος
3358 2629 3506 2696 Θεὸς
3541 2634 3793 2695 κολαζό-

2185 2712 2371 2766 μενος
2414 2699 2738 2772 ἐφθέγξατο
2755 2722 2777 2770 ,’
2807 2709 3070 2781 Εἴποιμεν
3113 2711 3180 2767 ἂν
3215 2716 3350 2788 πρὸς
3399 2720 3584 2786 αὑτὸν,
3635 2725 3721 2778 ὅτι
3756 2727 3788 2797 ή

2191 2789 2342 2858 παρὰ
2373 2793 2494 2854 ταῖς
2527 2794 2745 2864 μάστιξι
2783 2800 2876 2852 καὶ
2909 2804 3032 2865 ταῖς
3080 2804 3300 2870 πολλαῖς
3350 2811 3560 2876 αἰκίαις
3619 2816 3786 2870 αὐτοῦ

2191 2881 2368 2950 σιωπὴ
2408 2883 2608 2948 παντὸς
2633 2885 2724 2939 τοῦ
2751 2889 2809 2940 ὲν
2839 2891 3117 2963 Ἕλλησιν,
3159 2897 3216 2950 ὲν
3247 2902 3613 2972 περιστάσεσι
3651 2924 3782 2976 τυγ·

2187 2966 2459 3037 χάνοντος,
2517 2975 2889 3050 φθεγξαμένου
2945 2984 3144 3053 μᾶλλον
3195 2966 3424 3060 ὲνέφῇνε
3472 2966 3779 3067 καρτερίαν

2185 3060 2278 3111 καὶ
2312 3061 2616 3136 ὑπομονήν·
2663 3069 2718 3121 εί
2747 3087 2810 3139 γε
2843 3072 2947 3126 κᾶν
2981 3075 3155 3146 τούτῳ
3197 3080 3477 3135 πιστεύειν
3507 3086 3536 3136 ὀ
3568 3085 3781 3151 Κέλσος

2103 3130 2150 3192 C
2181 3130 2432 3218 βούλεται
2455 3130 2810 3228 εὐγνωμόνως
2831 3130 3305 3242 ἀναγεγραμμένῳ
3330 3172 3435 3226 ὑπὸ
3460 3173 3780 3248 φιλαληθῶν

2179 3241 2405 3314 ἀνδρῶν,
2451 3245 2557 3300 τῶν
2598 3251 2691 3302 καὶ
2722 3252 2790 3305 τὰ
2841 3256 3124 3326 παράδοξα
3153 3241 3402 3328 aegesta;
3435 3241 3766 3334 είρηκὸτων,

2176 3334 2270 3386 καὶ
2288 3334 2384 3406 τὴν
2409 3338 2562 3411 παρὰ
2588 3344 2706 3404 ταῖς
2729 3343 2945 3412 μάστιξι
2971 3349 3179 3420 σιωπὴν
3195 3351 3357 3405 αὐτοῦ
3389 3356 3625 3420 ἐκείνοις
3655 3376 3775 3413 συν-

2173 3424 2618 3497 αριθμησάντων.
2675 3433 2836 3488 Ἀλλά
2874 3437 2968 3491 καὶ
2995 3441 3414 3512 ἐμπαιζόμενος,
3452 3448 3551 3499 καὶ
3588 3450 3774 3503 ἐνδυό-

2177 3530 2338 3584 μενος
2363 3518 2459 3590 τὴν
2487 3523 2746 3594 κοκκίνην
2779 3526 3046 3597 χλαμύδα,
3081 3533 3176 3587 καὶ
3202 3533 3290 3586 τὸν
3318 3536 3613 3591 ἀκάνθινον
3648 3544 3769 3594 στέ-

2172 3623 2338 3674 φανον
2388 3613 2450 3681 τῇ
2513 3613 2721 3687 κεφαλῇ
2772 3619 3198 3692 περιτιθέμενος,
3235 3627 3328 3678 καὶ
3371 3628 3462 3681 τὸν
3514 3631 3766 3704 κάλαμον

2169 3696 2458 3767 λαμϐάνων
2490 3703 2582 3756 ἐπὶ
2611 3705 2709 3775 τῆς
2739 3709 2920 3781 χειρὸς
2947 3713 3068 3766 ἀντὶ
3104 3717 3404 3789 σκήπτρου,
3439 3722 3587 3794 ἄκρᾳ
3619 3696 3762 3795 πρα-

2165 3787 2316 3858 ότητι
2345 3791 2635 3863 ἐχρήσατο,
2675 3798 2838 3868 μηδὲν
2871 3802 2994 3874 μηδ⁶
3023 3805 3248 3876 ἀγεννὲς
3273 3787 3406 3881 (47),
3434 3787 3764 3884 μηθ”ἀγαν-

2164 3881 2454 3950 ακτητικὸν
2500 3884 2668 3940 εἰπὼν
2709 3891 2844 3961 πρὸς
2886 3895 3103 3960 αὐτοὺς,
3143 3900 3379 3955 τοσαῦτα
3421 3905 3542 3956 κατ’
3589 3908 3758 3962 αὐτοῦ

2161 3968 2552 4041 τολμήσαντας.
2587 3979 2701 4033 Οὐκ
2738 3977 2805 4053 ἦν
2847 3981 2960 4051 οὖν,
3005 3989 3146 4043 κατά
3189 3991 3278 4044 τὸν
3310 3994 3418 4047 ἀπὸ
3451 4002 3751 4070 καρτερίας

2162 4062 2314 4133 παρὰ
2342 4067 2723 4148 ταῖςιμάστιξι
2766 4078 3138 4148 σιωπήσαντα,
3174 4083 3267 4137 καὶ
3300 4085 3408 4139 ἀπὸ
3442 4062 3751 4163 xpeto-tiro;

2930 4143 2942 4148 ,
3125 4143 3132 4146 ,
3486 4143 3497 4159 ,
3646 4143 3656 4163 .
3704 4143 3747 4156 ν.

2159 4153 2334 4206 πάντα
2363 4143 2700 4228 ὑπομένοντα
2724 4163 2790 4217 τὰ
2835 4168 2986 4240 παρά
3023 4171 3129 4224 τῶν
3153 4173 3542 4244 ὲμπαιζόνπων
3583 4199 3753 4254 προσ-

2155 4245 2414 4315 αγόμενοι,
2452 4251 2729 4322 εἰρηκέναι
2763 4257 2870 4312 ἀπὸ
2913 4261 3195 4329 ἀγεννείας
3234 4267 3310 4332 ὡς
3351 4269 3553 4324 οἴονταί
3602 4292 3751 4340 τινες

2156 4335 2250 4388 καὶ
2284 4338 2362 4402 τὸ,
2393 4339 2604 4409 Πάτερ,
2623 4347 2672 4398 εί
2699 4345 2980 4418 δυνατὸν,
3005 4353 3071 4407 τὸ
3090 4357 3379 4425 ποτήριον
3401 4335 3745 4430 παρελθέτω

2079 4471 2124 4524 D
2150 4425 2326 4479 τοῦτο
2353 4429 2453 4482 ἀπ’
2481 4432 2647 4500 ἐμοῦ·
2691 4439 2859 4508 πλὴν
2890 4445 3003 4512 οὐχ
3037 4447 3116 4513 ὡς
3149 4448 3262 4518 ἐγὼ
3293 4425 3640 4516 θέλω,’ἀ.ι.ιτ
3664 4460 3743 4524 ὡς

2151 4517 2252 4570 σύ.
2293 4520 2444 4590 Ἔχει
2481 4525 2579 4593 μὲν
2612 4523 2704 4582 οὖν
2739 4529 2897 4600 λόγον
2947 4537 2979 4606 ἡ
3021 4537 3251 4594 δοκούσα
3298 4545 3740 4620 ὑποπαραίτησις

2149 4605 2285 4662 εἶναι
2331 4613 2424 4666 τοῦ
2479 4616 2810 4691 καλουμένου
2867 4629 3147 4700 ποτηρίου,
3197 4633 3257 4686 ὃν
3299 4636 3358 4688 ὲν
3405 4605 3589 4702 ἄλλοις
3639 4605 3738 4694 έπὶ

2149 4697 2329 4754 πλεῖον
2359 4703 2701 4780 ὲξητάσαμεν
2733 4715 2825 4767 καὶ
2847 4697 3287 4793 ἀποδεδώκαμεν.
3316 4726 3429 4780 ’Ἰνα
3454 4729 3498 4781 δ’
3526 4697 3734 4784 ἀπλού-

2149 4806 2338 4863 στερον
2366 4796 2685 4872 ἀκούσωμεν
2731 4807 2824 4861 τοῦ
2867 4809 3212 4884 λελεγμένου,
3257 4820 3357 4891 ὅρα
3390 4822 3438 4874 εί
3470 4823 3545 4895 μὴ
3592 4827 3734 4896 μετά

2143 4883 2243 4952 τῆς
2274 4887 2410 4957 πρὸς
2437 4889 2566 4947 Θεὸν
2593 4895 2875 4965 εὐσεϐείας
2907 4905 3000 4958 καὶ
3097 4909 3230 4982 εὐχὴ
3261 4883 3496 4985 είρηταί,
3527 4883 3731 4985 παντὸς

2139 5211 2673 5302 d'cflujx'ione'pedum
2713 5227 3055 5302 debilitatum
3090 5237 3256 5294 refert
3281 5238 3499 5298 Suidas.
3537 5244 3717 5302 Porro

2757 5279 3055 5288 -ν------ν---σ
3091 5279 3256 5294 ιποινιι
3281 5279 3499 5298 uulua.
3537 5279 3715 5302 ινιιυ

2134 5279 2493 5370 Iclaudicantis
2513 5294 2772 5370 ’.σκέλους
2829 5299 3059 5367 Epicteti
3115 5311 3317 5362 mentio
3358 5327 3464 5365 non
3507 5331 3619 5370 uno
3661 5317 3715 5370 in

2830 5349 3059 5358 _-----..
3115 5349 3317 5362 ..ινιιιιυ
3358 5349 3464 5365 "ull
3507 5349 3619 5370 llllU
3661 5349 3715 5370 ιιι

2131 5349 2253 5432 Ιοςο
2311 5361 2451 5448 apud
2492 5349 3024 5448 Ιξξιιιξιϋιιίιιιιιιρθε.
3096 5377 3232 5446 128;
3295 5378 3730 5448 Nazianzenum,

2127 5423 2406 5524 ggistxﬁf,
2439 5431 2606 5524 (Nl-PII
2619 5423 2807 5517 ilagriu
2818 5423 2960 5524 inn-et
2970 5423 3075 5498 ἵνα
3086 5423 3121 5524 t-.
3133 5423 3232 5501 “in,

2127 5491 2194 5579 Γ’57
2229 5496 2454 5579 edition.
2483 5491 2820 5561 Montac‘utii.
2859 5491 3536 5578 Vide-etiarn.Cmsarium
3583 5491 3712 5579 διξ-

2119 5559 2244 5631 logo
2276 5563 2328 5619 4.

2191 5631 2302 5704 (Π)
2333 5635 2487 5704 Mss.,
2520 5640 2762 5709 ἀγεννές.
2799 5647 2946 5706 Libb.
2986 5652 3132 5720 editi,
3169 5656 3381 5726 ἀγενές.
