3972 6160
571 291 709 349 1505

2048 286 2369 343 ORIGENIS

3713 296 3864 350 15οι

573 421 839 478 serpentes
862 420 906 462 et
943 425 1238 478 scorpiones
1264 419 1310 461 et
1335 423 1492 475 super
1524 422 1725 459 omnem
1759 419 2000 459 virtutem
2032 407 2106 458 ini

2239 405 2518 474 δυνάμεως
2540 406 3024 476 καταπατήσαντα,
3043 406 3136 459 καὶ
3154 407 3299 476 ἡμῖν
3325 407 3518 461 δόντα
3541 407 3862 474 ἐξουσίαν

567 499 771 552 mici".
797 498 997 552 Deinde
1017 512 1141 550 cum
1169 496 1304 550 alios
1348 497 1532 550 dicere
1563 510 1666 549 non
1707 495 1932 550 haberet
1974 517 1984 551 :
2027 496 2130 549 Aut

565 589 684 650 alii,
715 587 912 654 inquit,
945 585 1116 638 adhuc
1146 586 1260 639 istis
1291 585 1732 654 prodigiasiores;
1766 600 1958 654 nempe
1983 597 2041 638 ut
2068 589 2134 642 si-

567 679 676 732 mul
707 676 858 730 Jonas
883 688 936 730 et
960 677 1166 730 Danicli
1198 676 1450 745 injuriam
1481 673 1670 732 iaciat.
1702 674 1838 729 Nam
1878 678 2130 746 spiritus,

561 769 650 837 qui
678 769 728 822 in
756 767 909 822 Celso
941 777 1046 834 est,
1079 769 1249 822 nescit
1273 768 1439 838 justis
1472 770 1818 824 benedicere.

633 940 723 996 58,
750 939 880 1004 Qua:
909 950 1210 1009 sequuntur
1238 945 1378 1010 apud
1408 943 1621 997 Celsum
1648 985 1663 1009 ,
1698 961 1840 997 nunc
1881 946 2131 1000 conside-

559 1047 762 1086 remus.
793 1031 862 1084 Ea
893 1033 970 1085 sic
1007 1033 1206 1085 habent
1241 1052 1254 1086 :
1291 1033 1384 1086 Est
1421 1045 1468 1086 et
1505 1035 1609 1088 illis
1650 1036 1958 1105 hujusmodi
2013 1053 2130 1090 sen-

557 1124 745 1185 tentia,
774 1138 875 1175 non
911 1121 1269 1174 ulciscendum
1293 1139 1406 1176 esse
1439 1124 1530 1192 qui
1555 1124 1709 1192 infert
1741 1125 2020 1194 injuriam.
2065 1127 2128 1182 Si

555 1215 674 1281 quis
707 1213 838 1275 tibi,
876 1213 1120 1281 inquiunt
1142 1254 1159 1276 ,
1204 1215 1477 1267 maxillam
1509 1217 1728 1268 alteram
1770 1221 2123 1285 percusserit,

555 1307 728 1372 praebe
764 1306 842 1359 illi
875 1317 922 1360 et
969 1306 1208 1360 alterum.
1253 1307 1524 1382 Vetuslest
1581 1310 1721 1362 istud
1761 1318 1809 1362 et
1862 1312 2128 1381 eleganter

550 1397 665 1465 jam
711 1397 834 1450 olim
881 1398 1259 1462 enuntiatum,
1292 1400 1430 1468 quod
1459 1402 1709 1452 rusticius
1751 1401 1840 1453 isti
1889 1403 2126 1456 reddide-

558 1496 701 1540 runt.
741 1487 833 1540 Sic
870 1488 1007 1540 enim
1040 1485 1196 1539 Plato
1239 1488 1507 1542 Socratem
1553 1507 1668 1543 cum
1715 1491 1926 1545 Critone
1957 1495 2123 1547 collo-

555 1583 794 1642 quentem
817 1573 946 1641 facit
977 1589 996 1627 :
1033 1592 1049 1624 ι
1094 1573 1375 1642 Nunquam
1431 1578 1597 1645 igitur
1645 1579 1886 1633 facienda
1928 1583 2120 1648 injuria

553 1660 668 1714 est?
695 1664 808 1717 Neu
837 1663 1094 1733 profecto.
1127 1664 1307 1733 Neque
1333 1666 1529 1734 injuria
1567 1671 1873 1739 repellenda
1919 1683 1999 1727 est
2036 1676 2112 1726 in-

2237 497 2452 550 πατεῖν
2476 498 2675 551 ἐπάνω
2705 498 2897 568 ὄφεων
2929 499 3028 552 καὶ
3059 502 3382 567 σκορπίων,
3431 504 3534 556 καὶ
3576 504 3694 556 ἐπὶ
3749 505 3839 560 πᾶ

2235 600 2358 639 σαν
2384 587 2496 654 τὴν
2512 587 2768 659 δύναμιν
2804 589 2912 644 τοῦ
2937 589 3175 659 ἐχθροῦ.
3226 587 3379 656 Εἶτα,
3431 595 3509 664 μὴ
3555 595 3712 665 ἔχων
3760 599 3830 652 ἄλ

2234 678 2368 754 λους.
2390 679 2588 746 λέγειν,
2630 681 2814 749 φησίν·
2853 684 2920 735 Ἠ
2956 685 3010 734 οἱ
3059 681 3243 736 τῶνδε
3273 684 3361 737 ἔτι
3399 687 3850 753 τερατωέστε-

2222 784 2341 834 ροι⁸
2378 767 2495 838 ἅμα
2527 768 2613 821 ἵνα
2642 768 2926 842 λοιδορήσῃ
2954 771 3044 823 τὸν
3074 770 3254 824 Ἰωνᾶν
3279 776 3372 827 καὶ
3399 775 3491 827 τὸν
3511 777 3754 841 Δανιῆλ’
3789 779 3846 832 τὸ

2234 859 2340 929 γὰρ
2367 861 2423 911 ὲν
2455 859 2647 930 Κέλσῳ
2670 859 2886 930 πνεῦμα
2902 861 3139 929 εὐλογεῖν
3153 863 3394 928 δικαίους
3407 866 3511 919 οὐκ
3532 868 3839 936 ἠπίστατο.

2303 950 2457 1002 Μετὰ
2508 948 2676 1001 ταῦτα
2708 950 2765 1002 δὲ
2816 951 3014 1020 ἴδωμεν
3067 953 3161 1005 καὶ
3197 953 3295 1023 τὴν
3340 952 3468 1024 ἑξῆς
3518 957 3698 1009 αὑτοῦ
3752 959 3840 1012 λέ-

2233 1040 2316 1107 ξιν
2346 1039 2520 1103 οὕτως
2551 1039 2801 1110 ἔχουσαν·
2843 1045 3057 1096 Ἔστιν
3079 1045 3281 1111 αὐτοῖς
3315 1047 3412 1099 καὶ
3444 1049 3698 1102 τοιόνδε
3724 1067 3838 1103 :za-

2223 1130 2560 1200 ράγγελμα,
2595 1131 2702 1184 τὸν
2742 1130 3052 1200 ὑϐρίζοντα
3075 1135 3162 1203 μὴ
3191 1137 3543 1204 ἀμύνεσθαι·
3579 1139 3711 1193 κᾶν
3738 1145 3837 1194 τέ-

2229 1235 2368 1286 πτῃ,
2404 1220 2576 1288 φησι,
2634 1221 2750 1289 τὴν
2775 1222 2988 1289 ἑτέραν
3017 1223 3258 1292 γνάθον,
3312 1225 3392 1278 σὺ
3447 1226 3521 1281 δὲ
3567 1231 3678 1282 καὶ
3721 1231 3836 1296 τὴν

2231 1312 2432 1378 ἄλλην
2459 1313 2702 1381 πάρεχε.
2742 1315 3005 1383 Ἀρχαῖον
3023 1317 3120 1368 καὶ
3151 1315 3325 1370 τοῦτο
3347 1318 3416 1370 εὖ
3441 1321 3622 1388 μάλα
3651 1327 3842 1389 πρε-’σο

2226 1405 2331 1456 θεν
2365 1405 2699 1472 εἰρημένον,
2736 1407 3153 1475 ἀγροικότερον
3195 1407 3246 1460 δ’
3294 1411 3442 1462 αὐτὸ
3476 1412 3831 1482 ἀπεμνημό-

2224 1509 2475 1546 νευσαν.
2515 1496 2671 1547 Ἐπεὶ
2719 1497 2815 1549 καὶ
2845 1495 3117 1550 Πλάτωνι
3153 1499 3463 1565 πεποίηται
3494 1501 3828 1568 Σωκράτης

2224 1587 2470 1653 Κρίτωνι
2644 1586 3066 1658 διαλεγόμενος
3097 1589 3252 1642 τάδε·
3295 1609 3314 1640 ι
3362 1590 3660 1659 Οὐδαμῶς
3707 1593 3825 1660 ἄρα

2223 1674 2318 1727 δεῖ
2334 1675 2588 1740 ἀδικεῖν;
2624 1680 2704 1730 Οὐ
2723 1677 2894 1744 δῆτά.
2924 1677 3060 1731 Οὐδ’
3085 1679 3477 1748 ἀδικούμενον
3505 1679 3628 1748 ἄρα
3649 1683 3828 1735 ἀντα-

546 1751 712 1819 juria,
769 1764 828 1807 nt
877 1754 1030 1808 multi
1067 1765 1292 1823 putant;
1345 1758 1613 1826 siquidem
1653 1762 1800 1816 nullo
1850 1765 2007 1816 modo
2039 1765 2106 1818 l'a-

2219 1763 2426 1830 δικεῗν,
2459 1768 2540 1832 ὠς
2569 1770 2623 1820 οἱ
2669 1767 2885 1822 πολλοὶ
2918 1770 3162 1823 οἴονται·
3197 1745 3403 1836 ἐπειδὴ
3439 1789 3506 1840 γε
3536 1745 3824 1842 οὐδαμῶς

552 1844 744 1897 tienda
781 1846 848 1899 sit
881 1845 1107 1906 iniuria?
1131 1845 1247 1900 Non
1274 1849 1504 1903 videtur.
1537 1851 1674 1917 Quid
1705 1855 1870 1924 ergo?
1900 1856 2115 1923 Criton,

551 1934 805 1989 damnum
844 1937 1047 1992 inferre
1088 1939 1245 2002 licet,
1279 1943 1510 1996 annon?
1552 1941 1836 2012 Nunquam
1887 1947 2044 2010 licet,
2085 1965 2118 2004 ο

551 2023 829 2078 Socrates.
852 2025 1031 2091 Quid?
1059 2027 1310 2079 damnum
1337 2027 1586 2082 inferenti
1630 2031 1885 2085 damnum
1917 2033 2117 2088 inferre

548 2113 829 2180 justumne
870 2125 974 2180 est,
1035 2125 1091 2170 ut
1142 2117 1410 2170 afﬁrmant
1456 2119 1640 2188 multi,
1712 2124 1930 2175 annon?
1961 2124 2118 2178 Nullo

555 2207 735 2260 modo.
761 2204 894 2258 Nam
925 2209 1234 2263 hominibus
1275 2209 1412 2263 male
1449 2209 1628 2265 facere
1667 2221 1718 2264 et
1752 2214 2006 2280 injuriam
2036 2216 2117 2270 fa-

547 2306 668 2344 cere
695 2307 858 2346 unum
880 2295 1088 2349 etidem
1121 2306 1265 2351 sunt.
1300 2296 1434 2352 Vera
1461 2301 1719 2367 loqueris.
1747 2301 1930 2370 Neque
1954 2307 2117 2375 igitur

545 2380 795 2448 injuriam
818 2384 1008 2452 injuria
1035 2390 1349 2456 rependere,
1371 2404 1546 2458 neque
1566 2391 1702 2446 male
1722 2393 1810 2447 ulli
1836 2396 2112 2454 hominum

543 2471 724 2526 facere
753 2473 898 2540 licet,
931 2478 1390 2548 qumlibetcunque
1417 2481 1483 2535 ab
1511 2480 1615 2534 illis
1647 2497 1836 2551 passus
1869 2489 2057 2544 lueris.
2089 2510 2108 2542 ι

546 2563 676 2617 llam
710 2564 886 2619 Plato.
927 2567 992 2620 Et
1044 2571 1268 2625 iterum:
1305 2587 1324 2620 ι
1366 2569 1498 2628 Vide
1531 2574 1694 2644 igitur
1741 2588 1796 2632 et
1840 2591 1893 2633 tu
1943 2582 2109 2636 etiam

542 2662 706 2720 atque
728 2657 891 2709 etiam
925 2673 991 2710 an
1024 2659 1266 2727 ejusdem
1301 2667 1587 2720 sententiae
1609 2668 1799 2734 simus,
1829 2671 1974 2725 itane
2012 2673 2107 2727 tibi

539 2744 816 2809 videatur,
843 2757 897 2800 ct
929 2747 1409 2805 iudc‘deliberamli
1443 2757 1702 2812 ducamus
1744 2759 1986 2826 initium,
2020 2779 2110 2817 rev

539 2844 684 2889 ctum
720 2853 822 2891 non
858 2855 979 2895 esse
1006 2841 1187 2896 facere
1212 2843 1484 2909 iujuriam,
1515 2857 1607 2900 aut
1633 2850 1885 2918 injuriam
1911 2852 2109 2921 injuria

495 2924 500 2934 ‘
539 2924 754 2991 ulcisci,
789 2937 879 2980 aut
909 2929 1106 2984 damno
1138 2929 1390 2983 allectum
1417 2932 1615 2988 damno
1639 2935 1882 3003 allicere;
1916 2953 1983 2992 an
2024 2954 2111 2994 re-

539 3019 720 3082 cedas,
747 3029 799 3072 et
839 3021 1050 3074 initium
1084 3023 1224 3076 istud
1256 3039 1468 3078 mecum
1498 3041 1602 3080 non
1635 3031 1974 3088 assentiaris.
1999 3033 2110 3104 Ego

537 3117 716 3160 autem
747 3108 1066 3175 jamdudum
1097 3121 1151 3166 et
1183 3116 1358 3167 adhuc
1392 3116 1463 3168 ita
1497 3131 1718 3172 censeo.
1754 3139 1772 3170 ι
1818 3121 1906 3175 Sic
1945 3125 2109 3193 igitur

537 3193 756 3250 Platoni
789 3199 956 3252 visum
988 3202 1149 3272 736
1175 3212 1275 3268 est,
1313 3216 1359 3257 et
1384 3207 1564 3260 eadem
1592 3208 1706 3274 jam
1742 3211 1866 3264 olim
1910 3231 1941 3267 a
1972 3218 2107 3271 divi-

536 3286 619 3339 nis
643 3288 768 3340 uiris
791 3290 994 3343 tradita
1019 3292 1254 3361 fuerant.
1290 3294 1395 3350 Sed
1423 3299 1486 3351 de
1524 3301 1586 3352 iis
1635 3310 1681 3354 et
1717 3302 1839 3357 aliis
1868 3321 1986 3375 qua:
2009 3309 2099 3361 de-

534 3387 776 3444 pravant,
804 3378 914 3431 lucc
947 3383 1231 3451 sufﬁciunt.
1264 3385 1368 3451 Qui
1396 3389 1550 3458 plura
1575 3391 1950 3450 desideraverit
1977 3440 1991 3464 ,
2019 3399 2102 3468 fa-

532 3469 632 3521 cile
661 3469 769 3535 ipse
795 3485 1089 3539 cognoscet.

2217 1853 2312 1907 δεῖ
2335 1856 2588 1921 άδικεῖν;
2609 1861 2692 1910 Οὐ
2726 1859 3016 1926 φαίνεται.
3054 1862 3113 1913 Τί
3144 1859 3239 1913 δαὶ
3271 1860 3344 1927 δή
3379 1862 3489 1931 (52)
3511 1878 3532 1925 ;
3554 1881 3824 1931 κακουρ-

2217 1949 2344 2018 γεῖν
2369 1946 2477 2014 δεῖ,
2500 1945 2548 2002 ὦ
2572 1950 2820 2018 Κρίτων,
2844 1949 2880 2018 ἢ
2906 1951 3014 2015 οὐ;
3043 1953 3114 2004 οὐ
3136 1950 3224 2005 δεῖ
3254 1951 3473 2019 δήπου,
3505 1949 3554 2007 ὦ
3573 1954 3818 2022 Σώκρα-

2217 2057 2336 2105 τες.
2369 2041 2431 2092 Τί
2466 2039 2533 2093 δέ
2551 2056 2570 2104 ;
2605 2041 3094 2110 ἀντικακουργεῖν
3123 2041 3322 2108 κακῶς
3351 2043 3702 2112 πάσχοντα,
3735 2047 3819 2111 ὡς

2215 2135 2268 2183 οἱ
2291 2131 2510 2184 πολλοί
2539 2146 2708 2200 φασι,
2740 2131 2973 2186 δίκαιον
3000 2133 3036 2202 ἢ
3071 2135 3140 2187 οὐ
3186 2133 3456 2196 Nicator;
3492 2136 3813 2205 Οὐδαμῶς·

2215 2223 2281 2277 τὸ
2310 2221 2419 2292 γάρ
2450 2239 2568 2276 που
2589 2221 2784 2290 κακῶς
2809 2224 3003 2278 ποιεῖν
3028 2223 3398 2293 ἀνθρώπους,
3433 2228 3543 2281 τοῦ
3570 2229 3818 2282 ἀδικεῖν

2214 2313 2394 2367 οὐδὲν
2419 2313 2699 2382 διαφέρει.
2739 2315 2951 2383 Ἀληθῆ
2988 2315 3208 2384 ,λέγεις’
3251 2318 3388 2370 οὔτε
3416 2318 3532 2385 ἄρα
3557 2320 3813 2374 cis-tacit-

2215 2409 2343 2462 κεῖν
2388 2407 2494 2471 δεῖ,
2541 2407 2683 2460 οὐδὲ
2729 2407 2925 2472 κακῶς
2964 2408 3156 2462 ποιεῖν
3193 2408 3415 2462 οὐδένα
3447 2410 3810 2478 ἀνθρώπων.

2213 2499 2340 2555 οὐδ’
2379 2498 2454 2552 ἂν
2485 2498 2688 2552 ὁτιοῦν
2736 2499 2943 2567 πάσχῃ
2989 2499 3089 2553 ὑπ’
3128 2499 3327 2553 αὐτῶν
3359 2500 3494 2572 (55).
3539 2521 3558 2553 ι
3613 2504 3814 2558 Ταῦτά

2213 2604 2404 2657 φησιν
2447 2592 2479 2642 ό
2524 2588 2796 2641 Πλάτων’
2829 2589 2929 2641 καὶ
2969 2584 3140 2655 αὖθις
3180 2589 3338 2643 τάδε’
3377 2611 3394 2641 ι
3440 2594 3662 2646 Σκόπει
3692 2591 3810 2649 οὖν

2212 2679 2287 2746 δὴ
2317 2679 2416 2732 καὶ
2446 2679 2527 2732 σὺ
2559 2675 2628 2733 εὖ
2655 2677 2840 2747 μάλα,
2875 2680 3127 2746 πότερον
3161 2681 3461 2748 κοινωνεῖς
3509 2683 3611 2734 καὶ
3657 2702 3806 2737 συν-

2212 2770 2380 2824 δοκεῖ
2423 2786 2541 2824 σοι·
2599 2770 2696 2822 καὶ
2745 2769 3054 2839 ἀρχώμεθα
3107 2770 3386 2825 ἐντεῦθεν
3431 2773 3807 2844 ,ϐουλευόμε-

2212 2879 2306 2914 νοι
2353 2862 2485 2931 (54),
2542 2863 2621 2926 ὡς
2660 2860 2946 2914 οὐδέποτε
2994 2861 3176 2929 ὀρθῶς
3224 2861 3473 2930 ἔχοντος
3500 2865 3647 2918 οὔτε
3696 2866 3805 2919 τοῦ

2212 2954 2441 3008 ἀδικεῖν
2471 2955 2610 3007 οὔτε
2639 2953 2746 3006 τοῦ
2777 2953 3134 3007 άνταδικεῖν·
3155 2954 3291 3007 οὔτε
3312 2954 3508 3022 κακῶς
3534 2956 3805 3026 πάσχον-

2136 3075 2180 3134 c
2213 3059 2286 3095 τα
2316 3044 2645 3112 ἀμύνεσθαι
2675 3041 3041 3110 άντιδρῶντα
3074 3042 3184 3112 (55)
3221 3043 3440 3110 κακῶς·
3471 3045 3509 3111 ἢ
3546 3046 3803 3113 ἀρίστα-

2213 3149 2338 3197 σαι,
2369 3134 2464 3187 καὶ
2498 3136 2569 3187 οὐ
2602 3133 2907 3200 κοινωνεῖς
2935 3132 3041 3200 τῆς
3085 3133 3295 3202 ἀρχῆς.
3343 3136 3494 3203 Ἐμοὶ
3530 3136 3654 3204 μὲν
3692 3140 3802 3207 γὰρ

2215 3225 2310 3278 καὶ
2342 3223 2526 3278 πάλαι
2555 3225 2706 3279 οὕτω
2736 3225 2834 3276 καὶ
2864 3224 2980 3277 νῦν
3009 3224 3096 3277 ἔτι
3115 3224 3296 3279 δοκεῖ.
3339 3245 3358 3278 ι
3387 3226 3668 3280 Πλάτωνι
3683 3231 3804 3298 μὲν

2209 3313 2322 3372 οὖν
2353 3317 2541 3384 οὕτως
2569 3317 2810 3386 ἤρεσεν·
2845 3313 2923 3387 ἦν
2953 3316 3021 3370 δὲ
3060 3317 3157 3370 καὶ
3193 3317 3459 3384 πρόσθεν
3484 3319 3575 3372 ἑτι
3616 3322 3798 3387 θείοις

2206 3407 2461 3475 ἀνδράσι
2507 3407 2850 3476 δεδοπιιιένιι.
2901 3407 3077 3460 Ἀλλὰ
3121 3405 3304 3459 τῶνδε
3345 3408 3464 3476 μὲν
3506 3410 3645 3476 πέρι
3698 3413 3794 3464 καὶ

2207 3495 2326 3548 τῶν
2356 3495 2582 3560 ἄλλων,
2611 3496 2727 3549 ὅσα
2755 3495 3280 3564 παραφθειξρουσιν,
3318 3497 3569 3564 ἀρκείτω
3601 3499 3677 3551 τὰ
3726 3502 3794 3551 ει·

527 3562 772 3629 ρημέναο
798 3566 894 3617 καὶ
912 3565 1028 3634 ὅτῳ
1041 3570 1224 3636 φίλον
1247 3571 1343 3624 ἐπὶ
1370 3574 1581 3629 πλεῖον
1606 3593 1662 3630 τι
1686 3578 1885 3634 αὐτῶν
1901 3581 2110 3653 ζητεῖν,
2150 3589 2376 3643 εἵσεται
2403 3588 2537 3659 (56).

601 3654 689 3710 59.
715 3656 794 3710 Ad
834 3659 957 3724 hoc,
983 3671 1036 3714 et
1067 3663 1133 3717 ad
1159 3669 1340 3719 omnia
1363 3682 1698 3738 quaecunque
1727 3671 1936 3741 Celsus,
1971 3693 2092 3732 cum

529 3762 716 3800 euruzn
747 3751 1027 3806 veritatem
1065 3755 1291 3810 inliciari
1322 3774 1424 3813 non
1457 3775 1664 3830 posset,
1695 3769 1910 3835 negavit
1943 3772 2097 3826 nobis

530 3852 652 3888 esse
684 3842 922 3908 propria,
955 3853 1007 3896 ct
1042 3858 1071 3896 a
1100 3845 1308 3900 Grmcis
1357 3850 1498 3904 dicta
1558 3852 1726 3910 fuisse
1775 3863 2096 3929 contendit,

530 3929 967 3992 reSpondendum
1006 3944 1107 3994 est,
1133 3933 1180 3985 si
1215 3935 1407 4004 dogma
1446 3939 1518 3993 sit
1550 3944 1681 3996 utile
1711 3959 1953 4017 sanaqne
1979 3951 2098 4020 ejus

531 4032 707 4078 utens,
740 4021 855 4074 sive
889 4026 1028 4090 apud
1057 4022 1275 4080 Graecos
1311 4044 1338 4081 a
1373 4029 1598 4087 Platone
1649 4045 1741 4089 aut
1773 4040 2094 4107 quibusdam

527 4123 559 4162 e
587 4109 919 4177 sapientibus
942 4114 1163 4183 Graecis,
1198 4120 1314 4174 sive
1342 4124 1480 4191 apud
1506 4123 1720 4180 Judaeos
1741 4144 1767 4178 a
1798 4130 1981 4201 Moyse
2006 4145 2098 4187 aut

525 4201 849 4269 quibusdam
911 4211 1226 4279 prophetis,
1289 4215 1403 4270 sive
1459 4219 1597 4284 apud
1645 4221 1986 4278 Christianos
2040 4225 2092 4279 in

525 4290 745 4357 scriptis
774 4290 900 4347 Jesu
925 4302 1303 4368 sermonibus,
1337 4313 1429 4359 aut
1469 4321 1496 4358 a
1525 4307 1846 4374 quibusdam
1880 4328 1944 4366 ex
1977 4315 2093 4383 ejus

2273 3683 2415 3754 Πρὸς
2470 3681 2624 3734 τοῦτο
2681 3681 2765 3752 δὴ,
2828 3682 2920 3735 καὶ
2988 3682 3123 3752 πρὸς
3180 3682 3355 3735 πάντα
3418 3684 3519 3735 ὅσα
3581 3685 3790 3736 ἐκοινο-

2203 3774 2426 3842 ποέησεν
2477 3775 2504 3824 ὁ
2556 3771 2780 3835 Κέλσος,
2821 3771 2894 3844 μὴ
2938 3772 3184 3843 δυνηθεὶς
3243 3773 3421 3826 αὐτῶν
3468 3774 3787 3843 ἀντιϐλέψαι

2201 3867 2266 3933 τῇ
2306 3862 2614 3933 ἀληοότητι,
2663 3863 2886 3930 φάσκων
2920 3864 3058 3917 αὐτὰ
3109 3865 3202 3917 καὶ
3238 3866 3372 3936 παρ’
3405 3866 3671 3936 Ἕλλησιν
3708 3871 3784 3920 εἰ·

2203 3951 2416 4023 ρῆσθαι,
2449 3950 2669 4003 τοιαῦτα
2716 3951 2934 4004 λεκτέον
2982 3951 3114 4022 (5ἶ)·
3151 3953 3213 4003 Εἰ
3245 3951 3522 4020 ὠφέλιμόν
3559 3953 3680 4004 ἐστι
3725 3953 3783 4004 τὸ

2201 4041 2378 4110 δόγμα
2400 4040 2493 4093 καὶ
2521 4041 2581 4092 τὸ
2605 4040 2848 4111 βούλημα
2873 4040 3038 4093 αὐτοῦ
3059 4041 3227 4108 ὑγιὲς,
3258 4041 3471 4111 εἴρηται
3500 4041 3558 4093 δὲ
3589 4042 3781 4111 Ἔλλη-

2206 4148 2258 4183 σι
2297 4131 2393 4201 μὲν
2443 4131 2593 4202 παρὰ
2624 4130 2869 4184 Πλάτωνι
2917 4131 3084 4200 ῆτινι
3113 4129 3220 4182 τῶν
3271 4129 3535 4200 Ἑλλήνων
3579 4133 3776 4202 σοφῶν,

2215 4222 2484 4285 Ἰουδαίοις
2536 4222 2592 4275 δὲ
2651 4223 2800 4293 παρὰ
2847 4222 3052 4292 Μωῦσῇ
3097 4222 3129 4292 ἦ
3171 4239 3275 4274 τινι
3323 4221 3430 4273 τῶν
3461 4223 3776 4293 προφητῶν,

2201 4318 2542 4387 Χριστιανοῖς
2583 4315 2638 4367 δὲ
2671 4317 2727 4367 ἐν
2758 4316 2869 4376 τοῖς
2899 4314 3006 4383 (58)
3045 4315 3432 4383 ἁναγραφείσιν
3479 4313 3656 4383 Ἰησοῦ
3695 4313 3775 4365 λό-

525 4383 787 4475 apostolis
819 4389 1120 4453 reperiatur
1148 4392 1379 4460 dictum;
1425 4412 1529 4451 non
1564 4410 1845 4468 propterea
1898 4419 2083 4472 repre-

526 4470 804 4496 Ι.....,Ι,....ι1.-
843 4491 910 4496 γ.-.
932 4493 948 4496 _
1049 4495 1052 4496 ,
1143 4480 1161 4496 ι
1226 4484 1236 4496 ι
1292 4485 1303 4496 ι
1480 4488 1529 4496 ι-.
1587 4489 1596 4496 .
1663 4491 1673 4496 -
1759 4492 1768 4496 -
1827 4493 1837 4496 -

2216 4424 2314 4473 ποις
2341 4407 2372 4477 ἦ
2407 4405 2748 4474 λελεγμένοις
2787 4404 2938 4476 παρὰ
2971 4421 3072 4456 τινι
3103 4403 3210 4456 τῶν
3246 4403 3558 4457 ἀποστόλων
3586 4404 3770 4457 αὐτοῦ·

526 4458 807 4527 Ιιιειιαέιιάει
834 4491 953 4529 esse
989 4495 1107 4546 quae
1135 4480 1303 4537 Judaai
1340 4498 1433 4539 aut
1473 4488 1769 4544 Christiani
1807 4493 2076 4559 dixerunt,

523 4563 666 4628 quod
699 4564 884 4617 eadem
911 4566 1083 4622 Grrcei
1133 4571 1398 4640 dixerint;
1450 4581 1746 4644 praesertim
1779 4582 1824 4635 si
1859 4583 2084 4636 demon-

523 4663 726 4707 stretur
772 4655 1079 4714 Judaaorum
1133 4665 1333 4732 scripta
1395 4666 1725 4726 Grmeanicis
1784 4677 2079 4729 vetustiora

518 4757 657 4796 esse.
691 4745 873 4814 Neque
901 4752 1063 4803 etiam
1083 4754 1398 4810 existimare
1418 4771 1630 4827 Oportet
1653 4763 1905 4818 dictionis
1932 4765 2084 4820 Grin-

521 4833 723 4887 canica:
748 4837 1073 4907 elegantiam
1106 4841 1287 4900 facere
1309 4886 1326 4913 ,
1362 4858 1419 4902 ut
1460 4865 1544 4904 res
1573 4851 1641 4905 ab
1679 4853 1788 4907 illis
1819 4871 2083 4924 expressa

658 4993 702 5022 ⁵³
737 4993 866 5048 Luc.
896 5011 950 5065 ι,
982 4998 1064 5052 l9.

733 5152 1019 5232 ,[(ρζτωνέη
1047 5153 1201 5232 Plato
1229 5158 1281 5232 in
1313 5159 1548 5222 Critone,
1584 5177 1704 5232 pag.
1731 5163 1818 5218 49.

585 5220 696 5296 .52)
731 5223 791 5274 Τί
819 5221 914 5275 δαὶ
947 5223 1057 5291 δή;
1100 5227 1204 5296 _Sic
1254 5220 1546 5296 legendum
1585 5220 1622 5286 ἰε
1657 5220 1902 5288 Ῑ³Ιειιοηο.
1963 5234 2087 5288 lim-

513 5293 967 5373 1}"iICliIIISHQUIPIII
1002 5306 1056 5349 et
1095 5293 1424 5373 Speneeius‘,
1461 5300 1515 5373 τί
1539 5301 1595 5354 δὲ
1626 5302 1725 5373 δή;
1774 5302 1941 5356 Paulo
1967 5315 2089 5373 post

514 5359 656 5443 linem
676 5361 848 5443 helius
879 5363 930 5416 in
965 5374 1108 5420 textu
1139 5359 1168 5420 ’ς
1213 5367 1264 5420 τί
1295 5368 1352 5421 δὲ
1383 5369 1464 5421 δεῖ
1495 5359 1946 5443 ἀντικοίκουργεῖν
1967 5359 2087 5426 ’κα-

511 5430 606 5482 κον
633 5431 930 5497 φάσκοντα.

583 5499 692 5575 (55)
713 5499 886 5575 _Li_bh.
910 5504 1040 5558 editi
1095 5503 1352 5573 Platonis,
1405 5509 1495 5562 ὑπ’
1532 5510 1731 5565 αὐτῶν.
1787 5511 2081 5575 llmsch:l.,

511 5571 638 5640 παρξ
653 5570 862 5640 ἀυτῶν.
1165 5619 1168 5622 .

725 5638 1063 5720 ᾒωεςιιςμιις
1092 5646 1145 5698 in
1179 5658 1350 5720 textu,
1392 5647 1721 5720 βουλόμενοι.

583 5703 695 5774 (55)
726 5707 897 5764 Codd.
933 5711 1065 5784 Reg.
1093 5726 1144 5770 et
1178 5703 1916 5794 Basilecusis,'dtuttoptbvta,
1961 5735 2078 5790 qua:

2194 4498 2254 4550 οὐ
2285 4497 2568 4567 νομιστέον
2595 4495 3008 4566 κατηγορεῖσθαι
3039 4495 3099 4546 τὸ
3127 4495 3413 4564 λεγόμενον
3449 4496 3603 4565 παρὰ
3642 4496 3767 4548 ’1ου-

2190 4587 2358 4649 δαίοις
2391 4588 2423 4657 ἢ
2465 4587 2614 4656 παρὰ
2636 4588 2976 4657 Χριστιανοῖς
3004 4585 3067 4638 ὲκ
3098 4585 3190 4638 τοῦ
3218 4586 3312 4639 καὶ
3357 4589 3484 4657 παρ’
3513 4586 3766 4656 Ἕλλησιν

2193 4677 2331 4730 αὐτὰ
2359 4678 2610 4747 εἰρῆσθαι
2638 4677 2768 4748 (59),
2801 4677 2894 4728 καὶ
2945 4676 3175 4746 μάλιστα
3216 4676 3310 4728 ἐὰν
3352 4676 3765 4743 ἁποδεικνύηται

2190 4769 2257 4821 τὰ
2297 4769 2559 4822 Ἰουδαίων
2595 4768 2935 4840 πρεσϐύτερα
2975 4767 3083 4820 τῶν
3124 4767 3468 4838 Ἑλληνικῶν·
3500 4767 3621 4820 οὐδὲ
3661 4767 3764 4820 πά·

2189 4859 2271 4912 λιν
2310 4859 2414 4912 ὑπὸ
2452 4859 2545 4912 τοῦ
2590 4860 2818 4923 κάλλους
2860 4860 2957 4931 τῆς
2995 4859 3306 4931 Ἑλληνικῆς
3333 4860 3588 4930 φράσεως
3619 4860 3769 4929 λεγό-

2191 5165 2353 5220 lectio
2387 5176 2643 5234 praestare
2674 5168 2885 5222 videtur
2931 5168 3085 5223 alteri
3139 5169 3269 5223 libb.
3301 5169 3570 5222 editorum
3618 5172 3766 5225 ἀντι-

2189 5235 2449 5306 δρῶντας.
2490 5237 2606 5290 Mox
2645 5237 2977 5292 Ilceschelins
3010 5240 3060 5292 in
3098 5248 3266 5296 textu,
3300 5239 3653 5305 ἀφίστασθαι,

2262 5306 2375 5373 (56)
2408 5307 2558 5360 Lihh.
2587 5307 2717 5359 editi
2755 5310 2804 5359 in
2836 5309 3095 5376 margine.
3132 5307 3392 5361 εἴσεσθαι.

2263 5376 2376 5447 (57)
2410 5376 2693 5439 Philoeal.,
2728 5376 2854 5430 τάδε
2888 5377 3121 5430 λεκτέον.

2259 5444 2370 5512 (58)
2402 5447 2684 5508 Philoeal.,
2721 5449 2778 5499 ἐν
2810 5451 2940 5510 τοῖς.
3002 5446 3152 5514 Apud
3187 5444 3454 5500 llmschel.
3492 5457 3547 5500 et
3583 5449 3759 5514 Spon-

2188 5531 2299 5588 eer.
2332 5517 2481 5588 deest
2505 5517 2580 5568 ὲν.
2635 5517 2832 5570 Ibidem
2863 5519 3028 5572 codex
3066 5516 3280 5584 Regius,
3317 5517 3470 5588 παρά
3504 5534 3614 5570 τισι
3653 5520 3762 5570 τῶν

2188 5586 2516 5638 ἀποστόλων.

2223 5655 2368 5775 0(59)
2403 5654 2686 5723 Philocal.,
2715 5657 2778 5708 ἐκ
2809 5655 2912 5714 ,τοῦ
2967 5657 3096 5727 παρ’
3131 5654 3385 5726 Ἕλλησιν
3425 5655 3561 5710 αὐτὸ
3602 5657 3757 5730 εἰρῆ-

2254 5742 2329 5775 αι..

2187 5740 2329 5778 συαι..
