3972 6160
286 298 435 355 {5.05

1472 295 1749 350 CONTRA
1783 293 2061 351 CELSUM
2098 293 2226 351 LIB.
2259 295 2378 351 πη.

3421 299 3560 354 1566

285 428 454 481 μενον
480 406 540 464 τὸ
578 408 710 463 αὑτὸ
742 406 958 471 πάντως
1003 409 1248 479 κρεῖττον
1279 403 1416 460 εἶναι
1449 411 1730 480 νομιστέον
1784 411 1854 464 τοὲ

1985 410 2176 464 melior
2207 410 2296 464 illa
2321 412 2507 466 eadem
2539 411 2633 476 sit,
2681 424 2843 480 quam
2892 406 3062 463 Judaai
3113 418 3207 463 aut
3255 409 3557 469 Christiani

279 502 667 572 εὐτελέστερον
697 499 1171 569 ἀπαγγελλομένου
1200 500 1292 552 καὶ
1318 499 1714 570 ἁπλουστέραις
1735 501 1876 565 λέξε-

283 611 341 647 σι
377 593 526 666 παρὰ
568 593 904 664 Ἰουδαίοιςῆ
939 593 1301 665 Χριστιανοῖς’
1343 593 1584 660 καίτοιγε
1619 594 1650 663 ἡ
1681 592 1870 666 πρώτη

293 684 570 738 Ἰουδαίων
605 682 770 749 λέξις,
871 684 922 735 οί
957 684 1233 754 προφῆται
1266 682 1602 752 χρησάμενοι
1644 684 1872 737 καταλε-

277 775 535 830 λοίπασιν
587 778 718 847 ἡμῖν
751 775 949 846 βιϐλία,
1002 775 1267 846 Ἐϐραίων
1305 773 1568 845 διαλέκτῳ
1606 777 1701 829 καὶ
1736 779 1869 848 σοφῇ

279 869 536 922 συνθέσει
578 867 686 922 τῶν
741 871 798 921 ἐν
837 871 901 939 τῇ
937 867 1202 938 διαλέκτῳ
1235 869 1354 920 κατ’
1394 868 1636 930 ἐκείνους
1676 869 1872 937 ἀναγέ-

276 978 550 1034 γραπται.
591 964 654 1016 Et
685 962 741 1014 δέ
779 963 884 1034 χρὴ
915 963 1007 1014 καὶ
1036 962 1135 1033 τὴν
1167 961 1274 1014 τῶν
1302 961 1586 1032 δογμάτων
1609 963 1871 1032 ταυτότη-

275 1073 373 1118 τα,
411 1056 512 1109 κᾶν
545 1055 846 1126 παράδοξος
878 1056 906 1107 ὁ
939 1055 1094 1122 λόγος
1126 1049 1265 1106 εἶναι
1292 1054 1442 1124 δοκῇ,
1461 1053 1627 1120 δεῖξαι
1662 1053 1869 1124 βέλτιον

273 1149 580 1219 εἰρημένην
608 1149 758 1219 παρὰ
785 1150 896 1210 τοῖς
941 1147 1209 1200 Ἰουδαίων
1240 1148 1548 1216 προφήταις
1578 1147 1610 1218 ἢ
1645 1150 1756 1209 τοῖς
1784 1145 1870 1199 λό-

275 1258 403 1309 γοις
455 1241 563 1311 (60)
608 1239 967 1311 Χριστιανῶνσ
1019 1238 1162 1292 οὕτω
1213 1239 1303 1291 τὸν
1336 1238 1489 1306 λόγον
1529 1255 1868 1291 κατασκευα-

277 1332 457 1395 στέον,
489 1331 596 1383 ἀπό
627 1347 770 1392 τινος
797 1328 890 1382 τοῦ
919 1329 1045 1400 περὶ
1075 1328 1178 1391 τὰς
1204 1327 1408 1399 τροφὰς
1437 1329 1530 1382 καὶ
1553 1329 1650 1398 τὴν
1674 1345 1868 1381 σκευα-

276 1421 407 1475 σίαν
435 1420 614 1474 αὐτῶν
647 1419 1105 1491 παραδείγματος.
1144 1420 1325 1471 Ἔστω
1356 1435 1408 1470 τι
1451 1419 1691 1486 ὑγιαῖνον
1721 1417 1866 1488 βρῶ-

276 1529 382 1583 μα,
424 1513 518 1565 καὶ
551 1510 732 1580 ἰσχύος
755 1513 870 1574 τοῖς
898 1510 1170 1563 ἐσθίουσιν
1204 1509 1598 1581 ἐμποιητικὸνο,
1621 1508 1777 1562 τοῦτο
1809 1509 1866 1562 δὲ

271 1603 424 1656 οὕτω
466 1603 564 1673 μὲν
600 1602 914 1666 σκευασθέν,
961 1603 1056 1656 καὶ
1103 1602 1328 1654 τοιοῖσδε
1357 1601 1660 1671 ἡδύσμασιν
1699 1601 1866 1670 ἀρτυ-

269 1693 393 1756 θὲν,
414 1693 839 1763 λαμϐανέτωσαν
866 1693 963 1762 οὑχ
982 1695 1028 1745 οἱ
1061 1692 1134 1763 μὴ
1155 1693 1512 1762 μανθάνοντες
1542 1693 1652 1763 (Gl)
1681 1692 1864 1762 ἄγροι-

270 1802 385 1848 κοι,
417 1787 508 1837 καὶ
542 1787 599 1838 ἐν
630 1783 923 1838 ἐπαύλεσιν
963 1783 1452 1854 άνατεθραμμένοι,
1487 1784 1582 1836 καὶ
1633 1782 1863 1853 πένητες
1897 1796 1938 1855 Β

268 1876 344 1929 τὰ
376 1877 552 1930 τοιάδε
607 1876 828 1939 ἐσθίειν,
869 1875 981 1929 ἀλλ’
1013 1878 1061 1928 οί
1103 1875 1346 1928 πλούσιοι
1387 1875 1479 1928 καὶ
1530 1875 1858 1946 ἁϐροδίαιτοι

273 1969 449 2039 μόνοι·
484 1969 583 2021 οὑκ
610 1969 834 2031 ἐκείνως
865 1967 922 2020 δὲ
949 1967 1042 2020 καὶ
1069 1967 1145 2030 ὠς
1174 1966 1321 2020 δοκεῖ
1346 1969 1456 2031 τοῖς
1488 1966 1860 2038 νομιζομένοις

269 2061 702 2133 καθαριωτέροις
732 2059 1030 2113 σκευασθὲν
1063 2059 1196 2130 (6‘2),
1226 2059 1338 2112 ἀλλ’
1369 2059 1442 2122 ὠς
1475 2059 1859 2131 μεμαθήκασιν

267 2148 475 2201 ἐσθίειν
506 2150 554 2201 οἱ
584 2149 833 2218 πένητες,
880 2148 976 2201 καὶ
1007 2150 1054 2202 οί
1089 2149 1482 2219 ἀγροικότεροι,
1523 2148 1619 2202 καὶ
1645 2150 1694 2202 οἱ
1726 2149 1858 2202 πολ-

264 2239 356 2290 λοὶ
399 2238 507 2290 τῶν
556 2236 877 2305 ἀνθρώπων,
943 2237 1270 2290 ἐσθιέτωσαν
1321 2239 1577 2310 μυριάδες
1609 2238 1747 2291 ὅλαι.
1795 2239 1858 2291 El

261 2323 363 2382 οὖν
413 2329 506 2382 καὶ
534 2323 719 2394 διδῷτο
763 2327 870 2381 ἀπὸ
906 2329 1002 2398 μὲν
1030 2329 1127 2398 τῆς
1159 2328 1370 2382 τοιᾶσδε
1407 2329 1704 2392 σκευασίας
1745 2328 1856 2399 (65)

260 2422 395 2484 τοὺς
424 2420 808 2492 νομιζομένους
832 2420 1274 2492 καθαριωτέρους
1292 2421 1486 2490 μόνους
1516 2419 1854 2487 ὑγιάζεσθαι,
1879 2487 1898 2497 _

262 2512 482 2575 οὐδενὸς
532 2512 642 2565 τῶν
698 2512 906 2566 πολλῶν
969 2511 1397 2582 προσϐάλλοντος
1459 2513 1571 2574 τοῖς
1631 2512 1856 2565 τοιοῖσδε

265 2601 576 2674 βρώμασιν,
611 2603 719 2655 ἀπὸ
743 2603 800 2654 δὲ
829 2603 929 2672 τῆς
957 2602 1170 2655 τοιᾶσδε
1195 2603 1261 2655 τὰ
1287 2601 1463 2674 πλήθη
1492 2602 1600 2655 τῶν
1643 2600 1852 2674 ἀνθρώ-

261 2711 388 2746 πων
419 2694 776 2765 ὑγιεινότερον
803 2694 1028 2762 διάγειν·
1068 2693 1220 2756 τίνας
1247 2692 1465 2763 μᾶλλον,
1494 2692 1586 2745 τοῦ
1609 2709 1856 2745 κοινωνι-

263 2783 368 2838 κοῦ
417 2785 627 2848 ἕνεκεν,
683 2785 1057 2856 ἀποδεξόμεθα
1095 2784 1203 2837 τῶν
1250 2783 1502 2852 ὑγιεινῶν
1551 2784 1856 2856 βρωμάτων

259 2878 460 2949 χάριν;
494 2871 642 2948 1’Ἀρά
671 2893 730 2944 γε
751 2878 878 2940 τοὺς
904 2879 1018 2940 τοῖς
1045 2877 1246 2944 λογίοις
1271 2877 1380 2947 (6.4)
1405 2878 1690 2948 χρησίμως
1715 2877 1855 2930 αὑτὰ

261 2967 630 3034 σκευάζοντας
661 2968 694 3040 ἢ
729 2969 854 3032 τοὺς
885 2971 1000 3031 τοῖς
1027 2967 1288 3039 πλήθεσι;
1325 2968 1435 3038 Τὴν
1471 2967 1594 3038 ἴσην
1616 2967 1724 3039 γὰρ
1766 2968 1854 3020 δε-

257 3063 437 3116 δόσθω
489 3062 697 3130 ὑγίειαν
736 3062 831 3114 καὶ
872 3060 1085 3125 εὐεξίαν
1119 3059 1428 3129 ἐγγίνεσθαι
1459 3060 1566 3114 ἀπὸ
1597 3059 1706 3112 τῶν
1739 3059 1850 3132 (65)

1980 499 2240 554 humilius
2279 510 2332 555 et
2373 499 2800 568 simplicioribus
2838 500 3019 554 verbis
3069 499 3331 563 eﬂ‘eruut;
3386 517 3560 570 quan-

1977 604 2138 659 quam
2192 592 2365 661 prima
2417 591 2726 646 Juda'orum
2767 591 2934 646 dictio
2981 607 3084 659 qna
3146 594 3422 660 prophetae
3474 599 3556 652 usi

1975 692 2102 736 sum
2143 683 2196 736 in
2221 684 2529 738 scribendis
2559 699 2696 754 quos
2748 685 2907 738 nobis
2965 682 3305 752 reliquerunt
3366 687 3552 754 libris,

1973 775 2210 842 propriis
2259 773 2540 831 llcbraicxe
2595 776 2793 846 linguae
2845 777 3184 830 ornamentis
3217 777 3556 848 Sapientique

1973 865 2375 934 compositione
2409 882 2515 920 non
2551 877 2723 920 caret.
2751 867 2892 933 Quin
2932 867 2977 920 si
3017 866 3304 920 ostendam
3340 878 3556 938 oportet

1972 957 2163 1011 eadem
2187 958 2441 1026 dogmata
2480 959 2674 1011 melius
2721 973 2749 1010 a
2787 956 3096 1012 Judteorum
3139 958 3422 1027 pr0phetis
3460 971 3556 1013 aut

1972 1049 2301 1104 Christianis
2330 1049 2610 1103 enuntiata
2640 1049 2829 1113 fuisse,
2858 1065 3172 1118 quanquam
3208 1050 3354 1104 istud
3385 1051 3557 1105 incre-

1972 1141 2139 1195 dibile
2185 1141 2426 1204 videtur,
2484 1141 2565 1196 sic
2601 1141 2770 1211 probo
2805 1150 2988 1196 tamen
3033 1143 3196 1195 ducto
3229 1143 3476 1212 exemplo
3520 1158 3554 1198 e

1970 1229 2108 1284 cibis
2146 1239 2202 1285 et
2253 1231 2468 1286 illorum
2513 1232 2886 1302 apparatione.
2925 1232 3198 1288 Ponamus
3234 1250 3425 1289 sanum
3453 1237 3552 1289 ali-

1969 1335 2132 1388 quem
2161 1323 2343 1376 cibum
2395 1332 2452 1377 et
2487 1324 2810 1378 roborandis
2849 1325 3200 1380 vescentibus
3244 1340 3552 1383 accommo-

1970 1415 2154 1466 datum
2191 1432 2202 1466 :
2235 1414 2382 1468 hunc
2412 1427 2593 1469 autem
2619 1427 2772 1470 certo
2807 1417 3045 1484 quodam
3097 1417 3257 1470 modo
3295 1428 3548 1485 paratum

1969 1513 2022 1556 et
2050 1501 2373 1571 quibusdam
2401 1504 2748 1560 salsamentis
2793 1503 3072 1558 conditum
3120 1504 3408 1558 comedam
3440 1521 3546 1560 non

1967 1592 2058 1660 qni
2090 1593 2354 1662 ejusmodi
2382 1592 2643 1648 alimenta
2674 1610 2956 1662 nunquam
2981 1603 3292 1661 gustarunt,
3319 1612 3424 1650 non
3456 1613 3547 1650 ru-

1965 1680 2116 1746 stici,
2151 1682 2202 1735 in
2234 1683 2467 1750 tuguriis
2496 1685 2736 1748 educati,
2765 1698 3051 1752 pauperes,
3086 1684 3180 1738 sed
3219 1685 3318 1738 soli
3351 1685 3548 1741 divites

1967 1784 2022 1826 et
2054 1773 2353 1843 splendidis
2375 1775 2579 1830 mensis
2610 1775 2839 1828 assueti.
2867 1773 3080 1828 Rursus
3107 1775 3247 1829 idem
3276 1775 3364 1830 ille
3391 1779 3548 1833 cibus

1966 1865 2276 1932 condiatur,
2301 1882 2406 1920 non
2451 1867 2542 1921 illo
2575 1868 2736 1920 modo
2766 1873 2822 1920 et
2851 1875 2909 1918 ut
2942 1867 3120 1934 placet
3163 1866 3229 1921 iis
3271 1867 3363 1936 qui
3412 1869 3548 1924 deli-

1961 1957 2072 2012 cati
2108 1957 2401 2024 habentur,
2432 1957 2526 2013 sed
2553 1957 2822 2026 quomodo
2849 1968 3044 2012 norunt
3071 1974 3358 2028 pauperes,
3385 1976 3545 2030 agre-

1960 2049 2178 2113 stiores,
2201 2049 2478 2104 hominum
2518 2049 2726 2119 vulgus.
2758 2049 2852 2104 ιιι.)
2882 2056 3138 2104 vescatur
3164 2050 3380 2106 inﬁnita
3405 2067 3532 2122 pro-

1961 2141 2246 2210 pemodum
2283 2141 2567 2194 hominum
2598 2140 2908 2193 multitudo.
2940 2137 3060 2192 Jam
3099 2141 3144 2195 si
3181 2142 3341 2196 detur
3359 2143 3541 2197 cibum

1961 2233 2064 2287 hoc
2093 2234 2252 2287 modo
2282 2241 2530 2303 paratum
2561 2231 2695 2286 solis
2722 2231 2972 2285 delicatis
3010 2235 3290 2301 prodesse,
3315 2248 3346 2288 a
3383 2235 3546 2291 nullis

1959 2323 2082 2378 aliis
2135 2323 2386 2392 gustari;
2442 2323 2552 2376 alio
2580 2331 2764 2375 autem
2794 2319 3030 2402 quodam
3066 2322 3228 2375 modo
3258 2323 3538 2376 conditum

1961 2416 2202 2468 maximo
2232 2414 2516 2469 hominum
2546 2427 2772 2466 numero
2807 2411 3064 2490 conferre
3107 2413 3176 2466 ad
3206 2413 3542 2478 sanitatem;

1958 2521 2182 2577 ecquos,
2231 2508 2356 2560 boni
2390 2504 2590 2574 publici
2621 2517 2803 2569 causa,
2837 2519 3092 2559 sanorum
3122 2503 3368 2558 ciborum
3408 2520 3542 2559 con-

1960 2598 2163 2652 ditores
2195 2597 2590 2667 probabimus?
2620 2597 2816 2652 lllosne
2847 2597 2946 2679 qui.
2963 2598 3094 2652 solis
3135 2597 3442 2663 nobilibus,
3469 2613 3538 2652 an

1958 2693 2052 2762 qui
2079 2693 2414 2748 multitudini
2448 2694 2606 2748 utiles
2635 2693 2868 2763 parant?
2917 2693 3051 2749 Volo
3087 2694 3237 2749 cibos
3267 2693 3386 2748 illos
3415 2709 3538 2765 per-

1960 2785 2090 2840 inde
2133 2801 2258 2841 esse
2309 2799 2473 2840 sanos
2522 2795 2576 2841 et
2626 2785 2752 2840 boni
2793 2785 2976 2850 succi,
3006 2785 3129 2840 licet
3163 2786 3268 2841 hoc
3315 2797 3412 2840 aut
3449 2787 3542 2840 illo

1959 2879 2118 2934 modo
2148 2876 2482 2934 condiantur
2508 2897 2523 2945 ;
2555 2888 2733 2932 tamen
2762 2878 2982 2933 evidens
3013 2887 3130 2943 est,
3179 2878 3338 2947 idque
3377 2879 3540 2949 737

1955 2971 2200 3038 suggerit
2230 2971 2544 3024 humanitas
2567 2979 2619 3025 et
2642 2970 2772 3026 boni
2801 2970 3002 3039 publici
3027 2971 3272 3026 studium
3295 3011 3313 3036 ,
3359 2973 3538 3027 utilio-

1957 3073 2072 3112 rem
2099 3075 2223 3114 esse
2256 3061 2526 3114 medicum
2562 3063 2654 3130 qui
2691 3062 2987 3116 multorum
3010 3101 3026 3128 ,
3058 3077 3222 3132 quain
3265 3063 3358 3132 qui
3405 3077 3538 3132 pau-

257 3153 464 3205 οὑτωσὶ
501 3151 908 3205 σκευασθέντων
953 3150 986 3221 ῆ
1034 3151 1251 3204 οὑτωσίο
1291 3151 1426 3205 ἀλλὰ
1471 3151 1722 3224 φανερὸν,
1771 3152 1853 3204 ὅτι

1964 3167 2143 3205 eorum
2179 3152 2400 3207 sanitati
2426 3154 2697 3222 providet.

259 3247 396 3301 αὐτὸ
459 3247 520 3300 τὸ
566 3246 942 3318 φιλάνθρωπον
995 3248 1089 3300 καὶ
1150 3247 1208 3300 τὸ
1264 3247 1578 3301 κοινωνικὸν
1627 3246 1918 3301 ὑποϐάλλει
1979 3245 2110 3317 (66),
2154 3246 2642 3320 κοινωφελέστερον
2715 3243 2855 3303 εἶναι
2919 3248 3103 3320 ἰατρὸν
3149 3248 3240 3303 τὸν
3283 3250 3382 3320 τῆς
3432 3249 3540 3302 τῶν

259 3338 474 3392 πολλῶν
523 3339 733 3406 ὑγιείας
771 3338 1208 3410 προνοησάμενον
1233 3340 1377 3410 ἥπερ
1405 3339 1498 3392 τὸν
1522 3340 1622 3409 τῆς
1652 3339 1847 3408 ὀλίγων
1867 3339 2026 3409 μόνον
2057 3339 2194 3409 (67).

334 3431 398 3486 Ei
446 3433 694 3502 νενόηται
752 3431 815 3503 δὴ
860 3432 922 3484 τὸ
981 3432 1362 3503 παράδειγμα,
1418 3434 1845 3504 μεταδιὸαστέον

259 3523 394 3576 αὑτὸ
428 3523 519 3575 ἐπί
546 3523 644 3594 τὴν
676 3523 936 3594 ποιότητα
967 3523 1066 3594 τῆς
1097 3522 1204 3575 τῶν
1254 3522 1486 3592 λογικῶν
1515 3523 1669 3588 ζώων
1696 3526 1846 3593 λογικ

259 3615 365 3684 κῆς
387 3614 614 3686 τροφῆςο
645 3616 737 3668 καὶ
765 3617 867 3687 ὅρα
900 3617 948 3668 εί
977 3615 1052 3686 μὴ
1077 3615 1302 3669 Πλάτων
1331 3617 1448 3687 μέν,
1469 3619 1561 3670 καὶ
1584 3619 1632 3670 οἱ
1662 3618 1846 3690 Ἐλλή-

257 3726 367 3762 νων
391 3709 562 3778 σοφοὶ.
581 3712 637 3762 ἐν
656 3706 736 3772 οἷς
760 3708 976 3777 λέγουσι
1001 3708 1201 3772 καλῶς,
1219 3708 1592 3780 παραπλήσιοί
1613 3711 1847 3774 εἰσιτοῖς

257 3801 726 3870 προνοησαμένοις
758 3802 961 3872 ἰατροῖς
993 3800 1101 3854 τῶν
1133 3799 1556 3871 καθαριωτέρων
1581 3796 1720 3854 εἶναι
1758 3819 1844 3854 νο-

261 3888 569 3959 μιζομένων
626 3892 822 3960 μόνων,
862 3891 955 3943 τοῦ
1001 3891 1240 3962 πλήθους
1283 3891 1337 3942 δὲ
1383 3890 1492 3942 τῶν
1543 3891 1844 3963 ἀνθρώπων

257 3982 737 4051 καταφρονήσασιν
779 3981 912 4051 (68)'
965 3983 1012 4034 οἱ
1045 3981 1100 4033 δέ
1136 3983 1193 4034 ἐν
1249 3980 1520 4044 Ἰουδαίοις
1569 3985 1843 4054 προφῆται

257 4072 354 4125 καὶ
387 4073 436 4124 οἱ
458 4070 553 4124 τοῦ
599 4070 773 4138 Ἰησοῦ
799 4071 1056 4142 μαθηταὶ,
1083 4074 1130 4123 οἱ
1167 4071 1381 4141 μακράν
1411 4072 1621 4142 χαίρειν
1667 4075 1845 4127 εἰπόν-

254 4183 349 4228 τες
381 4168 446 4237 τῇ
474 4165 692 4234 ποικίλῃ
715 4163 824 4216 τῶν
844 4163 1039 4230 λέξεων
1063 4162 1329 4224 συνθέσει,
1364 4163 1459 4214 καὶ
1486 4165 1572 4234 τῇ,
1603 4164 1679 4226 ὡς
1710 4165 1842 4218 ὠνό-

259 4273 433 4328 μασεν
467 4259 500 4327 ἡ
535 4255 746 4328 Γραφὴ,
790 4255 950 4325 σοφίᾳ
988 4253 1308 4324 ἀνθρώπων,
1357 4254 1452 4306 καὶ
1490 4255 1653 4324 σοφίᾳ
1700 4257 1841 4309 κατὰ

257 4349 458 4421 σάρκα,
493 4348 592 4419 τὴν
633 4347 882 4416 γλῶσσαν
919 4345 1267 4416 ἀνισσομένῃ,
1291 4345 1602 4415 ὀμοιωθεῖεν
1629 4345 1696 4399 ἂν
1729 4347 1843 4417 (69)

253 4444 367 4506 τοῖς
386 4441 483 4511 τὴν
507 4440 677 4510 αὑτὴν
706 4437 813 4492 τῶν
839 4434 1142 4511 βρωμάτων
1175 4436 1436 4506 ποιότητα
1465 4436 1838 4507 ὑγιεινοτάτην

2028 3434 2264 3493 ϐυ.,.1ιιιιι
2294 3450 2422 3490 vero
2448 3435 2492 3490 si
2523 3435 2830 3504 exemplum
2856 3436 3190 3492 intellectum
3212 3437 3332 3503 l‘uit,
3361 3447 3542 3493 trans—

1956 3525 2244 3581 ferendum
2286 3527 2418 3582 illud
2446 3536 2530 3582 est
2557 3530 2625 3581 ad
2667 3529 2981 3598 qualitatem
3038 3530 3380 3584 rationabilis
3430 3531 3532 3584 ali-

1955 3617 2143 3680 menti,
2167 3617 2312 3685 quod
2351 3617 2720 3674 animantibus
2753 3620 2962 3676 ratione
2989 3621 3230 3688 pratditis
3253 3624 3532 3677 convenit.

1953 3706 2092 3761 Tum
2128 3708 2251 3762 vide
2274 3722 2452 3763 annon
2481 3707 2634 3766 Plato
2668 3720 2722 3766 et
2744 3711 3019 3780 sapientes
3047 3712 3242 3774 Graeci,
3272 3712 3361 3767 ubi
3395 3713 3536 3767 bene

1951 3799 2158 3862 dicunt,
2187 3798 2299 3852 sint
2329 3798 2435 3853 illis
2465 3801 2694 3856 medicis
2716 3802 2944 3867 similes,
2963 3804 3078 3873 qui,
3104 3801 3235 3858 solis
3257 3803 3533 3859 nobilibus

1951 3889 2330 3954 consulentes,
2393 3889 2584 3959 vulgus
2625 3892 2905 3948 hominum
2947 3894 3245 3962 despicatui
3301 3895 3531 3959 habent;

1950 3980 2259 4037 Judteorum
2286 3997 2412 4038 vero
2436 3985 2714 4052 prophetae
2737 3983 2929 4040 etJesu
2950 3986 3223 4055 discipuli,
3249 3987 3532 4056 repudiata

1954 4073 2041 4126 illa
2075 4074 2387 4130 versicolori
2450 4077 2744 4130 verborum
2790 4079 3211 4146 compositione,
3263 4079 3535 4146 sapientia

1955 4165 2256 4231 hominum,
2294 4167 2653 4237 utScriptura
2681 4178 2841 4221 vocat
2867 4169 3011 4233 “,ct
3041 4172 3304 4238 sapientia
3334 4184 3536 4224 secun-

1950 4257 2077 4309 dum
2112 4272 2331 4312 carnem
2367 4259 2434 4322 ⁸⁷,
2459 4273 2578 4327 qua:
2609 4258 2876 4327 sapientia
2911 4260 3148 4313 obscure
3169 4258 3314 4327 loqui
3355 4269 3526 4322 amat,

1951 4345 2194 4400 referant
2220 4347 2342 4402 illos
2371 4349 2462 4417 qui
2516 4349 2670 4403 cibos
2710 4347 3070 4402 saluberrima
3116 4363 3239 4402 esse
3265 4347 3528 4418 qualitate

1949 4445 2164 4500 curant,
2211 4439 2337 4490 dum
2380 4437 2670 4492 verborum
2707 4439 3102 4507 compositione
3134 4447 3376 4506 utuntur,
3405 4455 3530 4510 quae

256 4534 719 4604 προνοησαμένοις
752 4529 995 4584 συνθέσει
1027 4529 1224 4595 λέξεων
1255 4528 1516 4580 σκευάσαι
1545 4529 1639 4580 καὶ
1657 4529 1843 4601 εὑτρε-

1964 4527 2131 4594 :aptui
2163 4528 2524 4583 multitudinis
2552 4539 2740 4598 parata
2769 4539 2824 4584 et
2878 4537 3236 4600 attemperata
3282 4531 3372 4598 sit,
3418 4546 3532 4586 non

256 4617 411 4672 πίσαι
466 4618 744 4689 φθανούσῃ
791 4617 885 4671 ἐπὶ
915 4617 982 4670 τὰ
1014 4614 1193 4687 πλήθη
1240 4613 1347 4666 τῶν
1389 4614 1712 4685 ἀνθρώπων,
1748 4620 1842 4672 καὶ

259 4708 336 4778 μὴ
386 4709 660 4780 ξενιζούσῃ
720 4707 818 4778 τὴν
878 4707 1157 4760 διάλεκτον
1189 4703 1387 4766 αὑτῶν,
1434 4703 1568 4774 μηδέ
1614 4704 1702 4758 διὰ
1746 4706 1840 4760 τοῦ

329 4830 426 4884 ⁵⁸1
471 4830 598 4884 Cor.
633 4847 694 4895 ιι,
725 4830 780 4883 4.
857 4829 902 4861 ⁸⁷
931 4827 974 4881 ll
1011 4829 1136 4884 Cor.
1183 4843 1220 4890 l,
1250 4826 1336 4879 1‘2.

330 4981 441 5054 (60)
470 4983 694 5052 Λόγοις.
738 4983 897 5054 Forte
921 4983 1050 5050 leg.,
1080 4982 1300 5050 λογίοις.
1332 4978 1499 5033 Paulo
1523 4993 1645 5052 post
1667 4983 1833 5048 Phil.,

256 5051 398 5106 ἔστω
422 5051 472 5106 τι
501 5054 734 5120 ὑγιεινὸν
762 5053 973 5123 βρῶμα.

328 5122 440 5194 (61)
480 5124 710 5184 Philoc.,
747 5122 1028 5192 μαθόντες.

326 5187 438 5264 (62)
474 5194 704 5255 Philoc.,
728 5187 838 5264 οὐκ
883 5194 1108 5264 ἐκείνως
1134 5193 1212 5254 δὲ,
1251 5197 1344 5248 καὶ
1386 5197 1614 5257 ἐκείνως
1645 5195 1738 5247 καὶ
1764 5195 1842 5256 ὼς

253 5262 559 5328 δοκεῖτοῖς
593 5262 967 5335 νομιζομένοις
1017 5262 1452 5336 καθαρειοτέροις
1499 5281 1845 5319 κατασκευα-

257 5335 402 5388 σὲέν.

257 5349 314 5386 σε
324 5349 402 5388 εν.

326 5406 439 5474 (65)
471 5405 742 5459 "mschel.
774 5413 827 5457 et
855 5404 1136 5474 Spencer.,
1173 5405 1219 5457 εἰ
1259 5400 1352 5458 οὗν
1390 5404 1484 5458 καὶ
1513 5400 1702 5474 διδῷτο
1732 5401 1845 5474 ἀπὸ

257 5469 356 5545 μὲν
381 5469 478 5546 τῆς
507 5475 720 5530 τοιᾶσδε
743 5469 1146 5537 διασκέυασίας.
1182 5475 1495 5537 l’hiloculia,
1531 5475 1580 5525 εί
1601 5469 1715 5537 οὖν,
1744 5473 1838 5526 καὶ

253 5546 462 5608 διδότω,
492 5560 545 5600 et
573 5559 768 5600 (uetera
798 5557 855 5599 nt
885 5547 934 5598 in
972 5555 1155 5598 nostro
1193 5555 1361 5599 textu.

325 5617 436 5686 (64)
471 5619 726 5686 Λογίοις.
771 5617 997 5676 Philae,
1028 5615 1320 5686 πλουσίοις.

472 5682 700 5758 Phi-loc,
724 5688 831 5758 riqv
867 5686 987 5758 ἴσην
1024 5686 1144 5758 γὰρ
1179 5684 1430 5758 δεδόσθω
1483 5683 1692 5758 ὑγίειαν
1739 5682 1832 5734 καὶ

257 5756 466 5823 εὐεξίαν
490 5755 802 5827 ἐγγίνεσθαι
832 5757 937 5811 ἀπὸ
967 5756 1092 5810 τῶν.
1117 5755 1126 5758 ’
1152 5755 1422 5812 ΙΙιρδςιιιεΙ.
1459 5766 1513 5808 et
1542 5757 1828 5822 Spei-cer”

1949 4617 2115 4672 verba
2157 4620 2443 4688 peregrina
2471 4619 2752 4684 affectant,
2786 4636 2963 4690 neque
3003 4620 3091 4674 illa
3124 4621 3280 4690 quasi
3320 4622 3528 4683 insoliti

1948 4713 2216 4766 sermonis
2249 4710 2593 4768 aﬂectatione
2644 4714 2918 4769 auditores
2951 4723 3223 4770 avertunt.
3274 4715 3343 4770 Et
3395 4731 3533 4773 sane-

1943 4985 2192 5126 :ﬂinfgq;
2238 4986 2472 5041 δεδόσθω
2509 4987 2617 5059 γάρ
2655 4989 2862 5057 ὑγιείας
2909 4990 3003 5042 κα)⁴
3051 4988 3263 5055 εὐεξίας
3309 4991 3523 5058 ἐγγινο-

2022 5125 2132 5198 (66)
2167 5125 2510 5182 Ιιωεειιοιίιις
2558 5135 2609 5182 et
2642 5126 2948 5197 Spencerus
2982 5129 3036 5184 iu
3092 5130 3355 5198 margine,
3395 5129 3497 5180 ὑπο

1949 5195 2152 5249 ϐάλλοι.

2022 5265 2132 5334 (67)
2162 5265 2323 5321 Iidem
2360 5267 2413 5320 in
2443 5275 2610 5329 textu,
2645 5267 2840 5336 μόνων.

2021 5329 2130 5406 (68)
2164 5337 2324 5390 Iidem
2372 5338 2425 5390 in
2463 5329 2658 5398 textu,'
2681 5335 2774 5389 τοῦ
2810 5333 3046 5404 πλήθους
3073 5333 3180 5386 τῶν
3221 5329 3522 5402 ἀνθρώπων

1950 5423 2226 5477 καταφονη
2235 5406 2462 5468 σάντων,
2505 5407 2666 5460 male.

2022 5469 2334 5546 (69)]ίί16111
2387 5478 2440 5530 in
2498 5487 2672 5546 testu,
2724 5472 3088 5546 αἰνισσόμενοι
3137 5469 3517 5539 ὁμοιωθεῖσαν,

1947 5541 2125 5610 male,
2171 5557 2317 5601 recte
2369 5560 2500 5599 vero
2541 5543 2836 5597 Philocalia
2895 5553 2951 5592 ut
3006 5541 3079 5610 in,
3109 5552 3290 5592 nostro
3341 5548 3520 5599 testu.

1939 5609 2111 5671 Porro
2157 5615 2253 5687 τὴν
2302 5615 2552 5684 γλῶσσαν
2603 5610 2957 5687 αἰνίττεσθαι.
2984 5609 3170 5687 eodem
3213 5610 3372 5664 modo
3413 5621 3519 5668 ex;-

1938 5687 2104 5754 plieat
2140 5676 2483 5748 Bo'her'ellus,
2516 5697 2622 5752 quo
2653 5681 2881 5749 ξενίζειν
2907 5677 3004 5749 τὴν
3034 5676 3312 5744 γλῶσσαν,
