3972 6160
262 309 297 366 1
313 311 428 368 509

1453 311 1735 367 CONTRA
1767 309 2043 367 CELSUM
2084 310 2213 367 LIB.
2257 309 2372 365 VII.

3401 312 3539 366 45m

261 430 538 486 αὼτατα.
568 432 686 485 Ὅτι
710 431 779 485 δὲ
804 432 900 485 καὶ
920 431 1141 500 Πέρσαι
1161 431 1347 500 οὕτως
1371 434 1716 503 νομίζουσιν
1731 435 1862 506 (76),

1967 436 2242 499 sententia,
2277 443 2498 488 testatur
2518 432 2818 488 Herodotus
2854 429 2935 485 his
2974 428 3176 485 verbis:
3199 429 3322 485 Scio
3352 429 3539 484 Persas

274 521 599 589 Ἡρόδοτος
626 523 698 575 ἐν
720 521 923 578 ,τοῖσδε
970 523 1212 590 ἱστορεῖ·
1270 542 1288 574 ι
1342 525 1578 591 Πέρσας
1623 525 1692 578 δὲ
1727 523 1861 579 οἶδα

263 615 520 682 νόμοισι
552 613 754 667 τοῖσδε
779 614 1164 683 χρεομένους.
1220 614 1546 685 Ἆγάλματα
1575 618 1712 683 μὲν,
1759 618 1858 670 καὶ

261 705 542 775 βωμοὺς,
593 707 692 760 καὶ
747 706 933 772 ναοὺς
977 709 1087 760 οὐκ
1145 707 1215 759 ἐν
1259 710 1420 776 νόμῳ
1470 709 1861 778 ποιευμένους

265 793 609 862 ἱδρύεσθαι,
635 794 794 849 ἀλλὰ
823 797 921 849 καὶ
953 795 1111 849 τοῖσι
1135 796 1376 850 ποιοῦσι
1399 798 1632 866 μωρίην
1657 797 1860 867 ἐπιφέ-

261 902 518 952 ρουσιν
543 887 624 952 ὡς
649 887 761 955 μὲν
787 887 914 956 ἐμοὶ
959 887 1174 952 δοκέει,
1209 887 1357 942 διότι
1405 891 1514 942 οὐκ
1560 890 1852 958 ἀνθρωπο-

264 976 474 1042 φυέας
501 977 788 1045 ἐνόμισαν
801 977 944 1042 τοὺς
968 977 1157 1042 θεοὺς,
1191 976 1453 1045 καθάπερ
1469 981 1520 1032 ol
1545 979 1858 1045 Ἕλληνες,

265 1063 456 1120 εἶναι.
501 1085 519 1118 ι
556 1068 665 1122 Kal
713 1067 842 1136 μὴν
873 1069 970 1121 καὶ
999 1069 1368 1136 Ἡράκλειτος
1411 1061 1526 1121 ὧδέ
1559 1083 1683 1134 πως
1710 1069 1859 1122 ἀποσ

267 1158 572 1224 φαίνεται·
615 1177 635 1209 ι
677 1159 784 1212 Καὶ
811 1158 934 1224 τοῖς
957 1158 1260 1229 ἀγάλμασι
1297 1159 1632 1213 τουτέοισιν
1660 1159 1863 1227 εὔχον-

266 1265 401 1314 ται,
434 1249 634 1303 ὁκοῖον
659 1250 716 1303 εἴ
751 1268 841 1316 τις
869 1250 991 1315 τοῖς
1007 1250 1241 1319 δόμοισι
1269 1250 1379 1322 (77)
1410 1252 1857 1320 λεσχηνεύοιτο,

270 1340 425 1393 οὔτε
446 1340 785 1410 γιγνώσκων
810 1340 984 1406 θεοὺς
1007 1341 1131 1394 οὐδ’
1161 1341 1378 1408 ἥρωας,
1410 1341 1629 1406 οἵτινές
1658 1344 1798 1397 εἱσι.
1839 1359 1857 1392 ι

275 1431 349 1482 Τί
376 1431 524 1500 γοῦν
573 1430 914 1501 σοφώτερον
950 1432 1055 1485 τοῦ
1095 1433 1470 1498 Ἡρακλείτου
1516 1432 1674 1502 ἡμᾶς
1703 1432 1866 1486 διδά-

270 1534 578 1584 σκουσιν;
622 1523 675 1574 '0
710 1522 825 1591 μέν
868 1539 935 1591 γε
960 1522 1125 1591 μάλα
1156 1523 1501 1592 ἀπορῤήτως
1538 1527 1867 1595 ὑποσημαί-

267 1628 373 1664 νει
405 1612 641 1680 ἠλίθιον
683 1613 748 1666 τὸ
786 1613 909 1679 τοῖς
936 1614 1280 1684 ἀγάλμασιν
1318 1617 1601 1685 εὔχεσθαι
1630 1619 1736 1672 ἐὰν
1777 1619 1863 1688 μὴ

269 1701 588 1772 ,γιγνώσκῃ
636 1721 725 1769 τις
777 1705 950 1771 θεοὺς
991 1706 1088 1758 καὶ
1148 1705 1365 1774 ἥρωας,
1420 1705 1638 1774 οἵτινές
1685 1711 1862 1762 εἰσιν.

1965 527 2046 580 his
2072 526 2149 578 uti
2165 525 2398 592 legibus:
2422 524 2727 588 simulacra,
2751 539 2898 590 aras,
2922 522 3112 591 templa
3137 521 3371 575 construi
3394 522 3540 574 nulla

1965 634 2140 672 eorum
2173 616 2255 670 lex
2276 617 2449 686 jubet,
2477 618 2582 669 imo
2599 614 2739 682 apud
2770 631 2857 668 eos
2881 615 3137 668 habentur
3161 614 3542 683 stultiqttiltwc

1966 718 2297 760 construunt.
2331 705 2498 774 Cujus
2517 708 2591 761 rei
2619 709 2754 760 ratio
2786 716 2860 760 est
2887 723 3000 759 mea
3028 704 3237 774 quidem
3257 706 3537 768 sententia,

1965 799 2102 865 quod
2129 797 2254 851 deos
2301 814 2366 851 ea:
2416 798 2717 850 hominibus
2763 806 2907 849 ortos
2941 812 3046 849 non
3099 795 3447 858 arbitrentur,
3484 805 3540 846 ut

1968 882 2137 939 στωιὶ
2156 887 2223 939 ⁸⁸.
2243 885 2540 940 Heraclitus
2556 900 2758 955 quoque
2771 887 2844 937 sic
2864 884 3058 937 alicubi
3075 883 3326 954 loquitur.
3345 882 3414 936 Et
3431 883 3540 936 illis

1966 977 2270 1030 simulacris
2295 993 2470 1045 preces
2499 977 2749 1044 offerunt,
2779 977 2927 1045 quasi
2957 975 3000 1028 si
3034 977 3152 1043 quis
3180 991 3297 1028 cum
3326 976 3542 1044 parieti-

1969 1071 2062 1123 bus
2098 1069 2412 1138 colloquium
2439 1069 2672 1129 haberet,
2715 1066 2935 1134 ignarus
2969 1068 3096 1135 quid
3133 1069 3236 1121 sint
3290 1068 3386 1128 dii,
3413 1066 3538 1136 quid

1967 1160 2072 1214 sint
2132 1160 2337 1214 heroes.
2405 1159 2470 1214 Et
2519 1161 2646 1229 quid
2704 1161 2782 1214 illi
2849 1177 2940 1215 nos
3003 1161 3185 1214 docent
3239 1158 3540 1213 Heraclitea

1967 1251 2222 1304 sententia
2268 1251 2600 1316 sapientius?
2636 1249 2738 1304 Ille
2785 1249 2921 1303 clam
2974 1251 3270 1304 subindicat
3319 1251 3538 1302 stultum

1969 1357 2078 1395 esse
2104 1357 2278 1408 preces
2306 1341 2442 1410 ferre
2501 1343 2821 1407 simulacris,
2861 1343 2960 1395 nisi
3021 1351 3366 1408 cognoscatur
3411 1341 3539 1409 quid

1969 1435 2075 1485 sint
2120 1433 2215 1497 dii,
2243 1433 2371 1501 quid
2409 1434 2610 1487 heroes.
2642 1432 2731 1488 Sic
2766 1433 3087 1494 Heraclitus,
3115 1431 3194 1482 illi
3222 1447 3339 1484 vero
3392 1429 3540 1485 nulla

1969 1527 2269 1592 exceptione
2303 1525 2589 1578 simulacra
2617 1535 2970 1580 contemnunt.
3005 1522 3062 1578 Si
3098 1523 3238 1586 ideo,
3280 1525 3417 1593 quod
3447 1540 3540 1578 nec

1970 1635 2128 1696 lapis,
2159 1635 2480 1703 neclignum,
2523 1653 2614 1689 nec
2644 1654 2736 1702 res,
2794 1653 2886 1690 nec
2941 1652 3129 1688 aurum
3163 1636 3303 1705 quod
3332 1637 3415 1690 hic
3443 1645 3539 1690 aut

1968 1721 2060 1776 ille
2084 1723 2349 1793 expolivit,
2371 1725 2507 1778 Deus
2529 1741 2639 1778 esse
2661 1725 2844 1794 possit,
2873 1723 3098 1777 ridicula
3125 1725 3234 1776 ha'c
3255 1727 3534 1793 sapientia.

281 1794 664 1862 Ἡράκλειτος
697 1796 813 1864 μὲν
851 1797 1057 1863 οὕτως’
1093 1801 1147 1851 οἱ
1179 1797 1247 1850 δὲ
1278 1798 1557 1866 ἄντικρυς
1595 1799 1667 1852 τὰ
1692 1799 1862 1870 ἁγάλ-

1968 1815 2162 1880 Ecquis
2206 1816 2340 1867 enim
2397 1816 2498 1867 nisi
2558 1831 2775 1884 prorsus
2811 1815 3058 1881 desipiat,
3106 1816 3216 1868 lucc
3267 1816 3388 1870 deos
3428 1833 3540 1871 esse

269 1903 439 1954 ματα
467 1884 864 1954 ἀτιμάζουσιν.
899 1890 970 1940 El
990 1887 1126 1955 μὲν,
1162 1886 1250 1941 ὅτι
1273 1888 1465 1954 λίθος,
1500 1889 1537 1957 ἢ
1570 1889 1783 1953 ξύλον,
1824 1890 1862 1959 ἢ

277 1975 536 2044 χαλκὸς,
567 1975 605 2043 ἢ
637 1977 886 2044 χρυσὸς,
921 1976 994 2030 ὃν
1022 1980 1054 2030 ό
1084 1975 1251 2032 δεῖνα
1280 1976 1317 2045 ἢ
1345 1981 1378 2031 ό
1403 1977 1569 2032 δεῖνα
1597 1979 1866 2048 εἰργάσα-

277 2067 374 2128 το,
397 2065 604 2119 οὐκᾶν
629 2067 723 2135 εἴη
755 2066 908 2132 θεὸς,
944 2068 1146 2137 γελοία
1182 2069 1220 2135 ἠ
1263 2070 1466 2137 σοφίαο
1500 2071 1590 2135 τίς
1634 2072 1730 2139 Γίιρ
1765 2072 1866 2126 καὶ

277 2156 496 2223 ἄλλος,
531 2160 583 2211 εί
608 2158 694 2227 μὴ
721 2157 916 2226 πάντη
951 2157 1186 2224 νήπιος,
1220 2159 1407 2213 ταῦτα
1431 2161 1654 2229 ἡγεῖται
1670 2163 1860 2228 θεοὺς,

275 2249 446 2302 ἀλλὰ
491 2250 639 2302 θεῶν
679 2249 790 2321 (78)
837 2249 1184 2320 ἀναθήματα
1213 2253 1309 2305 καὶ
1337 2252 1678 2323 ἀγάλματα;
1703 2259 1755 2309 εί
1803 2255 1852 2308 δ’
1908 2263 1910 2266 ’

275 2339 373 2392 ὅτι
399 2340 554 2408 μηδὲ
598 2343 758 2407 θείας
792 2342 1027 2408 εἰκόνας
1056 2344 1457 2412 ὑποληπτέον,
1502 2345 1701 2414 ἄλλην
1750 2348 1858 2416 γὰρ

275 2427 436 2484 εἶναι
462 2432 609 2486 Θεοῦ
636 2433 897 2502 μορφὴν,
927 2433 1128 2502 ὥσπερ
1159 2435 1256 2492 καὶ
1275 2434 1533 2504 Πέρσαις
1563 2437 1742 2490 δοκεῖ·
1770 2442 1861 2491 λε-

1955 1907 2183 1975 judicet,
2240 1922 2342 1958 non
2369 1922 2484 1958 vero
2538 1907 2678 1959 dona
2736 1907 2839 1959 diis
2886 1915 3190 1958 consecrata
3259 1923 3539 1977 eorumque

1961 1996 2246 2050 simulacra
2266 1997 2291 2048 ?
2316 1995 2410 2050 Sin
2439 2007 2622 2064 putant
2654 2013 2814 2067 neque
2847 1997 3102 2064 imagines
3143 2014 3252 2050 esse
3298 1999 3536 2060 deorum,

1960 2087 2214 2156 siquidem
2261 2087 2373 2139 alia
2405 2089 2473 2140 sit
2519 2087 2736 2139 deorum
2780 2087 2974 2155 forma,
3024 2087 3078 2140 id
3114 2087 3252 2155 quod
3281 2097 3326 2139 et
3359 2085 3538 2141 Persis

1960 2178 2126 2231 risum
2149 2186 2244 2242 est,
2272 2194 2326 2230 se
2343 2177 2441 2246 ipsi
2458 2178 2808 2242 imprudentes
2838 2178 3208 2234 condemnant.
3226 2177 3384 2231 Aiunt
3401 2179 3538 2232 enim
3560 2215 3561 2218 η

1963 2267 2131 2321 Deum
2155 2269 2414 2322 hominem
2437 2267 2619 2335 fecisse
2646 2267 2916 2336 propriam
2945 2268 3246 2336 imaginem.
3271 2278 3320 2321 et
3367 2268 3538 2335 forma

1965 2358 2064 2411 sibi
2091 2358 2190 2426 ipsi
2229 2358 2469 2412 similem.
2524 2357 2626 2412 Sed
2657 2359 2939 2411 concedent
2997 2358 3204 2428 quidem
3252 2358 3538 2412 simulacra

1965 2447 2059 2501 illa
2091 2450 2437 2518 quorumdam
2450 2449 2616 2502 cultui
2635 2450 2892 2502 destinata
2918 2465 3050 2508 esse.
3073 2451 3178 2504 sit-e
3204 2448 3283 2502 illi
3319 2449 3534 2516 similes,

275 2524 548 2590 λήθασιν
594 2526 762 2579 αὐτοὶ
813 2525 977 2595 σφᾶς
1021 2527 1241 2593 αὐτοὺς
1286 2527 1656 2597 ἐλέγχοντες,
1717 2529 1862 2583 ὅταν

1969 2541 2077 2594 sive
2099 2540 2381 2594 dissimiles
2409 2541 2582 2609 forma
2609 2542 2738 2596 sint.
2768 2540 2833 2593 At
2865 2541 3122 2610 negabunt
3160 2541 3282 2595 deos
3296 2557 3404 2595 esse
3423 2541 3530 2610 qui-

280 2615 502 2684 ερῶσιν,
537 2617 626 2670 ὅτι
665 2620 698 2670 ό
729 2616 872 2683 Θεὸς
919 2618 1168 2686 ἐποίησε
1205 2618 1311 2672 τὸν
1348 2617 1658 2685 ἄνθρωπον
1705 2620 1861 2675 ἰδίαν

1969 2630 2064 2683 bus
2111 2631 2204 2683 illa
2237 2633 2531 2699 eriguntur,
2588 2641 2636 2684 et
2692 2631 2952 2686 daemones
3005 2618 3127 2686 esse
3169 2631 3535 2700 affirmabant,

275 2709 505 2771 εἰκόνα,
533 2707 598 2761 τὸ
623 2707 691 2760 δὲ
717 2704 874 2774 εἶδος
918 2708 1120 2778 ὅμοιον
1166 2709 1372 2775 ἐαυτῷ.
1429 2711 1600 2766 Ἄλλά
1635 2711 1861 2779 συνθή-

1967 2721 2241 2789 dicentque
2281 2722 2430 2790 nefas
2461 2737 2571 2775 esse
2605 2721 2697 2776 Dei
2756 2721 2948 2776 cultori
2993 2721 3159 2774 ullum
3212 2721 3546 2776 daemonibus

280 2813 495 2851 σοντιιι
517 2797 634 2867 μὲν
665 2794 814 2852 εἶναι
835 2799 1019 2852 ταῦτα
1060 2799 1157 2852 ἐπὶ
1184 2799 1322 2869 τιμῇ
1357 2818 1552 2866 τινων,
1578 2802 1616 2870 ἢ
1645 2803 1860 2872 όμοίων

1967 2809 2161 2863 cultum
2190 2811 2432 2866 tribuere.
2477 2795 2489 2809 ’

276 2887 320 2954 ἢ
356 2888 650 2956 ἀνομοίων
679 2889 744 2941 τὸ
763 2885 942 2955 εἶδος·
1001 2891 1136 2944 οὔτε
1192 2889 1260 2942 δὲ
1315 2891 1487 2958 θεοὺς
1538 2889 1710 2958 εἶναι,
1743 2889 1834 2961 οἷς
1857 2897 2040 2952 ταῦτα
2065 2899 2387 2967 ἀνάκειται,
2417 2902 2579 2956 ἀλλὰ
2605 2902 2906 2974 δαίμονας
2949 2903 3089 2958 οὐδὲ
3119 2903 3334 2973 χρῆναι
3371 2907 3539 2971 θερα-

279 2981 490 3034 πεύειν
513 2980 816 3050 δαίμονας,
852 2982 1016 3048 ὅστις
1039 2983 1199 3037 σέϐει
1226 2987 1391 3038 Θεόν.
3099 2979 3102 2982 ’

354 3075 465 3126 Καὶ
504 3076 640 3147 πρὸς
692 3077 857 3131 ταῦτα
886 3078 939 3130 δὲ
971 3078 1206 3131 λεκτέοψ
1238 3081 1380 3144 Ὅτι,
1427 3083 1586 3154 εἴπερ
1635 3084 1858 3150 Σκύθαι,

2037 3086 2125 3141 6'5.
2181 3087 2262 3142 Ad
2318 3087 2434 3144 haec
2483 3089 2804 3155 dicendum,
2855 3089 2898 3143 si
2955 3089 3208 3158 Scythae,
3269 3089 3537 3148 Nomades

280 3165 378 3218 καὶ
410 3165 620 3220 Λιϐύων
648 3169 696 3220 oi.
726 3169 991 3239 Νομάδες,
1020 3171 1113 3222 καὶ
1135 3171 1327 3242 Σῆρες,
1351 3171 1444 3236 οὓς
1478 3191 1640 3245 φησιν
1665 3175 1858 3240 ἀθέους

1967 3176 2130 3248 739
2164 3178 2214 3231 in
2249 3177 2444 3248 Libya,
2486 3178 2664 3234 Seres
2716 3179 2912 3247 quibus
2975 3180 3053 3234 ait
3111 3179 3300 3236 Celsus
3364 3184 3539 3239 nullos

282 3252 426 3308 εἶναι
457 3257 486 3308 ὁ
506 3257 732 3322 Κέλσος,
762 3260 856 3312 καὶ
887 3261 1019 3314 ἄλλα
1049 3261 1172 3332 ἔθνη
1205 3263 1582 3332 δυσαγέστατα
1611 3269 1704 3320 καὶ
1737 3269 1858 3322 ἀνο-

1967 3283 2083 3324 esse
2111 3269 2262 3333 deos,
2299 3270 2343 3323 si
2411 3269 2530 3324 aliae
2593 3279 2783 3338 gentes
2837 3269 3016 3338 impia:
3064 3279 3120 3324 et
3169 3271 3435 3340 barbam,
3492 3276 3536 3330 si

288 3346 532 3417 μώτατα,
557 3346 690 3400 ἀλλὰ
721 3348 815 3402 καὶ
845 3349 1073 3419 Πέρσαι,
1099 3350 1198 3401 οὐκ
1226 3352 1504 3423 ἀνέχονται
1537 3356 1670 3420 νεὼς
1698 3358 1860 3428 ὁρῶν-

1967 3359 2143 3414 Persa:
2175 3359 2274 3429 ipsi
2307 3373 2410 3414 nou
2449 3359 2666 3428 templa,
2705 3375 2810 3414 non
2846 3359 3066 3425 altaria,
3095 3375 3199 3415 non
3246 3363 3536 3418 simulacra

282 3454 399 3499 τες,
425 3437 517 3490 καὶ
549 3438 784 3508 βωμοὺς,
819 3439 914 3491 καὶ
951 3439 1239 3510 ἀγάλματα
1259 3457 1272 3471 ⁸
1307 3443 1367 3494 οὐ
1398 3445 1545 3515 παρὰ
1566 3447 1722 3500 τοῦτο
1747 3450 1858 3502 ίσον

287 3529 407 3581 ἐστὶ
433 3529 494 3582 τὸ
538 3531 612 3602 μὴ
652 3531 942 3602 ἀνέχεσθαι
966 3532 1166 3585 τούτων
1207 3534 1446 3600 ἐκείνους
1476 3536 1553 3607 τῷ
1593 3540 1684 3591 καὶ
1713 3543 1859 3610 ἡμᾶς

288 3619 366 3691 μὴ
403 3620 683 3692 ἀνέχεσθαι
728 3622 925 3677 αὐτῶν.
970 3624 1310 3690 Ἐξεταστέον
1353 3626 1461 3698 γὰρ
1489 3628 1557 3681 τὰ
1593 3630 1856 3702 δόγματα,

285 3712 379 3781 ἀφ’
424 3706 497 3766 ὧν
543 3713 853 3785 ὁρμώμενοι
897 3715 1036 3788 (79)
1085 3718 1185 3771 οὐκ
1247 3719 1528 3790 ἀνέχονται
1572 3723 1714 3776 ναῶν
1767 3726 1861 3778 κα).

287 3805 616 3874 ἀγαλμάτων
657 3807 706 3859 οί
733 3808 806 3879 μὴ
836 3808 1147 3880 ἀνεχόμενοι
1183 3827 1246 3878 γε
1280 3811 1486 3865 αὐτῶν·
1524 3814 1623 3878 ἵν’,
1666 3817 1713 3868 εί
1763 3815 1860 3886 μὲν

256 3909 258 3911 ·
288 3897 395 3948 ἀπὸ
424 3898 590 3966 ὑγιῶν
634 3898 916 3970 δογμάτων
943 3903 1043 3954 οὐκ
1084 3903 1353 3974 ἀνέχεται,
1403 3907 1688 3977 ἐπαινῆται
1728 3911 1757 3962 ὁ
1785 3911 1858 3982 μὴ

289 3987 632 4058 ἀνεχόμενος,
661 3993 707 4042 εί
730 3990 772 4042 δ’
799 3992 904 4044 ἀπὸ
932 3993 1283 4064 ἐσφαλμένων
1303 4035 1316 4059 ,
1344 3996 1597 4067 ψέγηται.
1629 4001 1861 4054 Δυνατὸν

288 4079 397 4150 γὰρ
426 4080 486 4131 τὸ
519 4081 647 4132 αὐτὸ
677 4080 783 4133 ἀπὸ
821 4083 1092 4154 διαφόρων
1121 4085 1404 4156 δογμάτων
1433 4087 1697 4155 γίνεσθαι.
1737 4087 1861 4146 Οἷον

289 4172 382 4224 ἐπὶ
410 4171 867 4242 παραδείγματος,
892 4174 1193 4229 ἐκκλίνουσι
1224 4178 1283 4230 τὸ
1311 4178 1580 4248 μοιχεύειν
1610 4182 1658 4233 οἱ
1682 4183 1749 4236 τὰ
1768 4185 1860 4237 τοῦ

289 4261 520 4325 Κιτιέως
547 4263 792 4333 Ζήνωνος
821 4264 1250 4334 φιλοσοφοῦντες,
1277 4269 1410 4323 ἀλλὰ
1437 4273 1529 4324 καὶ
1552 4273 1599 4323 οἱ
1623 4273 1690 4326 τὰ
1720 4273 1863 4326 Ἑπι-

291 4353 484 4422 κούρου
511 4393 524 4417 ,
559 4353 701 4416 τινὲς
747 4353 803 4405 δὲ
845 4356 937 4408 καὶ
983 4355 1090 4409 τῶν
1134 4359 1411 4424 παντελῶς
1443 4361 1681 4415 ἰδιωτῶν.
1724 4364 1861 4418 Ἀλλ’

1962 3450 2161 3515 ferunt;
2185 3466 2290 3504 non
2321 3450 2527 3505 idcirco
2553 3450 2800 3505 eamdem
2835 3451 2939 3504 illis
2959 3465 3082 3505 esse
3114 3467 3199 3504 res
3233 3452 3537 3520 huiusmodi

1963 3554 2068 3594 non
2101 3539 2305 3595 ferendi
2345 3539 2609 3593 rationem
2638 3579 2654 3605 ,
2699 3550 2862 3610 atque
2907 3541 3082 3595 nobis.
3147 3540 3538 3610 lnquirendum

1962 3628 2106 3682 enim
2139 3635 2218 3682 est
2245 3627 2444 3696 quibus
2476 3628 2745 3697 dogmatis
2777 3628 2843 3681 ad
2894 3627 3185 3694 rejicienda
3222 3631 3422 3698 templa
3482 3640 3538 3686 et

1963 3713 2255 3769 simulacra
2291 3715 2506 3784 impulsi
2543 3715 2744 3770 fuerint
2775 3716 2834 3782 ii,
2867 3717 2961 3786 qui
2993 3717 3083 3771 illa
3135 3733 3241 3773 non
3302 3718 3480 3776 {erunt
3517 3736 3532 3772 :

1963 3812 2038 3867 ut,
2067 3805 2110 3858 si
2142 3805 2264 3874 quis
2296 3815 2515 3874 propter
2542 3820 2669 3859 sana
2705 3806 2956 3875 dogmata
2990 3823 3096 3862 non
3126 3807 3213 3862 illa
3253 3808 3382 3874 fert,
3414 3811 3534 3864 lau-

1963 3893 2151 3956 detur;
2193 3895 2238 3948 si
2301 3903 2521 3964 propter
2567 3893 2724 3961 falsa,
2783 3896 3138 3966 vituperetur.
3187 3897 3333 3954 Fieri
3386 3901 3533 3955 enim

1962 3994 2140 4055 potest
2164 3997 2218 4040 ut
2255 3987 2470 4042 diversa
2499 3988 2746 4057 dogmata
2775 3989 2852 4042 rei
2888 3988 3128 4058 ejusdem
3174 4007 3335 4047 causa
3399 3995 3530 4050 sint.

1964 4078 2205 4143 Exempli
2237 4081 2435 4150 gratia,
2493 4081 2665 4135 vitant
2710 4080 3038 4135 adulterium
3079 4081 3380 4153 philosophi
3441 4086 3532 4153 qui

1963 4174 2236 4228 Zenonem
2299 4173 2593 4228 Citiensem
2649 4181 2962 4239 sectautur;
3019 4175 3194 4226 vitant
3251 4182 3308 4228 et
3340 4175 3534 4242 quibus

1964 4264 2230 4333 Epicurus
2261 4264 2438 4332 placet
2489 4262 2775 4332 magister;
2814 4260 3058 4316 nonnulli
3110 4261 3272 4316 etiam
3310 4263 3532 4319 omnino

1965 4355 2163 4409 idiotze.
2201 4352 2306 4406 Sed
2337 4353 2456 4406 vide
2484 4365 2645 4420 quam
2689 4350 2903 4405 diversa
2953 4352 3162 4403 ratione
3209 4349 3284 4404 illi
3342 4364 3534 4407 omnes

289 4443 409 4514 ὅρα,
445 4444 542 4515 ὅση
587 4444 848 4512 διαφωνία
891 4446 1008 4498 ἐστὶ
1045 4449 1171 4520 περὶ
1203 4450 1301 4520 τῆς
1335 4451 1427 4503 τοῦ
1465 4453 1734 4522 μοιχεύειν
1766 4457 1859 4508 ἐκ·

1967 4445 2036 4500 ab
2070 4444 2336 4498 adulterio
2368 4442 2695 4496 abstineant.
2723 4441 2828 4494 Alii
2861 4441 2986 4494 boni
3023 4441 3219 4508 publici
3253 4444 3452 4509 studio,
3479 4452 3534 4500 et

290 4535 516 4600 κλίσεως
547 4537 654 4589 τῶν
681 4537 978 4591 τοσούτων·
1010 4541 1057 4592 οί
1091 4541 1208 4610 μὲν,
1238 4542 1326 4596 διὰ
1349 4544 1407 4596 τὸ
1429 4547 1741 4600 κοινωνικὸν
1765 4550 1860 4601 καὶ

291 4627 440 4698 παρὰ
468 4626 626 4694 φύσιν
660 4623 798 4682 εἶναι
837 4628 914 4699 τῷ
956 4628 1156 4701 λογικῷ
1185 4631 1325 4702 ςὼῳ,
1354 4632 1592 4687 νοθεύειν
1633 4635 1729 4707 τὴν
1755 4638 1859 4690 ὑπὸ

291 4715 398 4770 τῶν
441 4717 617 4788 νόμων
669 4718 839 4789 ἑτέρῳ
886 4721 1431 4792 προκαταληφθεῖσαν
1472 4730 1730 4794 γυναῖκα,
1772 4730 1864 4782 καὶ

295 4807 531 4879 φθείρειν
556 4810 645 4862 τὸν
677 4809 835 4863 ἄλλου
873 4810 1155 4883 ἀνθρώπου
1185 4810 1332 4869 οἷκον
1357 4833 1370 4846 ο
1403 4819 1452 4870 οἱ
1477 4818 1532 4870 δὲ
1568 4819 1674 4871 ἀπὸ
1710 4821 1862 4873 Ἐπι-

295 4895 490 4966 κούρου
531 4899 590 4950 οὐ
623 4898 710 4951 διὰ
732 4899 889 4952 τοῦτο
931 4901 990 4952 οὐ
1027 4903 1398 4972 μοιχεύουσιν,
1441 4907 1530 4958 ὅτε
1571 4907 1864 4977 ἀπέχονται

293 4985 385 5039 τοῦ
434 4987 735 5057 μοιχεύειν,
783 4989 916 5044 ἀλλὰ
959 4989 1048 5044 διὰ
1093 4993 1154 5045 τὸ
1195 4996 1533 5066 νενομικέναι
1575 4997 1728 5060 τέλος
1767 4997 1864 5069 τὴν

294 5079 502 5151 ἡδονὴν,
535 5079 702 5132 πολλὰ
737 5081 781 5132 δ’
813 5083 1056 5155 ἁπαντᾷν
1088 5085 1200 5156 (80)
1229 5087 1504 5142 κωλυτικὰ
1527 5088 1630 5159 τῆς
1671 5089 1864 5160 ἡδονῆς

364 5217 410 5250 ⁵⁸
457 5216 713 5272 Herodot.
759 5217 855 5288 lib.
891 5234 928 5273 ι.

367 5334 475 5409 (76)
519 5335 921 5409 Ὀνομάζουσι.
975 5337 1258 5409 Βοὴρτοιιο
1311 5339 1589 5409 legendum
1624 5338 1858 5401 videtur,
1905 5363 1907 5366 ·

294 5406 590 5475 νομίζουσι.
628 5405 794 5477 Paulo
825 5415 966 5476 post,
1003 5407 1130 5459 libb.
1162 5409 1289 5461 editi
1333 5405 1606 5472 Herodoti,
1643 5409 1855 5477 νόμοισι

293 5479 428 5528 τοῖσι
451 5475 795 5546 χρεομένους.
828 5475 995 5530 ⁷Ιηίτιι
1032 5477 1366 5546 llmschelius
1405 5477 1458 5530 in
1495 5486 1640 5531 textu
1675 5475 1852 5546 habet.

295 5547 348 5598 ὲν
371 5545 518 5616 νόμῳ
545 5545 937 5616 πορευομένους
964 5545 1227 5616 ἱδρύσθαι,
1262 5555 1314 5601 et
1345 5548 1395 5600 in
1443 5546 1681 5615 margine
1713 5545 1855 5616 ἱδρύο

295 5631 508 5687 σαιῂρτο
540 5616 832 5687 ἱδρύσθαιη
857 5617 984 5672 Vide
1021 5616 1345 5687 Herodotum
1380 5616 1471 5670 lib.
1493 5632 1541 5687 ι.

362 5686 472 5753 (77)
501 5683 757 5755 Δόμοισι.
824 5686 1093 5756 lnterpres
1122 5683 1387 5756 Gelenius,
1419 5685 1632 5756 videtur
1657 5683 1851 5755 legisse

295 5752 513 5825 δοκοῖσι,
548 5752 710 5812 vertit
736 5759 878 5813 enim
926 5775 939 5812 :
972 5752 1052 5811 'Ac
1088 5755 1134 5810 si
1161 5756 1273 5826 quis
1310 5755 1579 5825 fabuletur
1607 5752 1734 5809 cuni
1755 5758 1848 5808 sti—

1965 4535 2091 4606 quia
2124 4545 2330 4588 natura:
2365 4539 2627 4601 repugnat
2662 4529 2729 4584 ab
2782 4529 3058 4584 animante
3095 4529 3322 4586 rationis
3373 4533 3534 4599 parti-

1966 4626 2086 4690 cipe
2126 4623 2382 4678 feminam
2422 4618 2716 4674 adulterari
2744 4617 2953 4688 legibus
2981 4617 3321 4685 conjunctam
3357 4619 3530 4686 alteri,

1965 4729 2020 4772 et
2049 4715 2270 4770 alterius
2305 4711 2538 4767 hominis
2561 4711 2829 4778 corrumpi
2856 4707 3072 4762 domum
3099 4727 3112 4773 ;
3157 4708 3373 4777 Epicuri
3401 4725 3532 4766 vero

1964 4805 2215 4874 discipuli
2257 4819 2361 4858 non
2416 4817 2478 4856 ea
2536 4817 2698 4856 causa
2753 4799 3023 4854 adulterio
3060 4799 3357 4864 abstinent,
3404 4816 3526 4854 cum

1967 4901 2058 4955 illo
2092 4895 2526 4959 abstinent;sed
2581 4893 2722 4963 quod
2773 4906 3046 4947 summum
3099 4891 3297 4946 bonum
3333 4893 3383 4946 in
3439 4908 3534 4948 vo-

1965 4993 2169 5061 luptate
2218 4989 2454 5060 positum
2511 4986 2881 5047 existiment,
2938 4982 3214 5052 multaque
3269 4983 3530 5052 voluptati

1964 5085 2082 5155 ejus
2112 5081 2351 5147 olllcere,
2407 5079 2499 5150 qui
2544 5078 2634 5131 uni
2703 5074 2961 5130 adulterii
3013 5073 3275 5143 voluptati
3332 5073 3529 5127 cedit:

1964 5335 2194 5405 pitibus,
2213 5331 2303 5387 sed
2329 5332 2452 5405 side
2484 5329 2578 5405 l_ib.
2604 5325 3186 5405 t_contra__Cel_sum,An._
3196 5322 3251 5378 5.

2030 5405 2141 5472 (78)
2166 5393 2370 5472 ’Ἀλλὰ
2396 5400 2575 5454 Θεῶν.
2597 5400 2785 5472 _Lego,
2825 5395 2962 5472 ἀλλᾲ
2989 5394 3062 5464 μὴ
3091 5393 3248 5472 θεῶν.
3273 5457 3290 5472 Ι
3329 5457 3362 5472 μ

2032 5457 2140 5540 (79)
2180 5470 2551 5540 Ὀρμώμενοι.
2573 5468 2670 5540 _lta
2695 5457 2846 5521 recte
2878 5457 3524 5540 liabet'codexdo'lianus.

1958 5526 2298 5599 litesclteliit;
2329 5526 2456 5595 vero
2487 5550 2540 5592 et
2568 5537 2875 5604 Speuccrus
2921 5534 2973 5586 in
3013 5541 3178 5599 textu,
3212 5526 3523 5599 οίμώμενοι,

1957 5624 2012 5669 et
2045 5616 2098 5666 in
2130 5611 2371 5678 margine
2399 5603 2692 5679 όμώμενοι,
2727 5603 2887 5679 male.
3040 5669 3055 5679 _
3182 5666 3199 5679 _
3241 5667 3272 5679 η

2027 5681 2138 5752 (80)
2177 5666 2494 5752 Ἀἆὲιιντςῖη
2523 5666 2656 5752 '_Sic
2680 5666 2909 5752 :tvplinle
2957 5666 3528 5752 codex-Julianusch

1957 5737 2330 5813 correctione;
2393 5737 2436 5802 si
2477 5746 2620 5800 enim
2669 5737 2904 5814 ἀπαντᾷ,
2940 5740 3084 5811 quod
3116 5740 3339 5810 _babent
3389 5737 3530 5792 libb.
