3972 6160
518 261 615 318 151
628 262 655 316 1
1969 260 2093 319 0th

2196 262 2296 318 NIS
3679 252 3837 308 {312

515 373 697 447 qualia
737 381 867 428 sunt
893 387 1106 436 carcer.
1162 371 1310 443 luga,
1355 387 1527 437 mors,
1567 387 1717 442 saepe
1759 372 1922 428 etiam
1963 381 2091 427 ante

2196 371 2270 444 τῷ
2302 370 2507 439 εἴξαντι
2535 371 2632 441 μιᾷ
2660 372 2724 442 τῇ
2756 368 2852 423 τοῦ
2884 366 3158 439 μοιχεύειν
3191 369 3380 441 ἡδονῇ,
3416 384 3522 423 και
3571 367 3695 421 ἔσθ’
3730 371 3824 422 ὅτε

518 467 638 522 illas
678 482 862 538 pmnas
919 477 973 519 et
1029 464 1290 535 pericula,
1333 465 1461 519 dum
1494 465 1751 521 observat
1804 465 1983 520 mariti
2045 474 2093 518 et

2204 462 2488 533 φυλακὰς,
2524 462 2556 534 ἢ
2599 460 2805 533 φυγὰς,
2855 460 2888 528 ἢ
2940 458 3237 524 θανάτουςο
3294 461 3571 525 πολλάκις
3610 461 3671 515 δὲ
3716 463 3830 533 πρὸ

2201 553 2404 606 τούτων
2429 554 2522 606 καὶ
2552 552 2850 616 κινδύνους,
2877 550 3016 604 κατὰ
3049 550 3111 604 τὸ
3140 554 3424 626 ἐπιτηρεῖν
3450 555 3557 625 τὴν
3584 554 3687 607 τοῦ
3726 556 3828 608 ἀν-

2198 644 2324 716 δρὸς
2366 645 2540 713 ἔξοδον
2572 645 2679 699 ἀπὸ
2710 646 2810 716 τῆς
2844 648 3019 710 οἰκίας
3053 648 3147 700 καὶ
3176 646 3287 699 τῶν
3314 645 3386 699 τὰ
3416 648 3644 700 ἐκείνου
3683 665 3825 719 φρο-

2200 737 2433 791 νούντων
2455 753 2467 766 ·
2500 738 2577 801 ὡς
2610 740 2658 791 εἰ
2697 739 2819 792 καθ’
2850 739 3105 793 ὑπόθεσιν
3154 738 3483 811 μοιχεύοντα
3513 734 3635 793 οἷόν
3666 743 3721 794 τ’
3752 737 3821 812 ἦν

2199 826 2379 882 λαθεῖν
2407 829 2500 881 καὶ
2526 828 2618 882 τὸν
2652 826 2820 901 ἄνδρα
2852 830 2949 901 τῆς
2975 829 3255 899 γυναικὸς,
3279 831 3373 884 καὶ
3398 831 3533 894 τοὺς
3567 832 3819 895 οἰκείους

2199 918 2408 983 πάντας
2438 920 2622 984 αὑτοῦ,
2658 922 2750 975 καὶ
2775 922 2902 984 τοὺς
2931 923 3059 992 παρ’
3089 915 3171 985 οἷς
3194 939 3277 986 τις
3299 923 3363 975 ἐκ
3387 921 3488 975 τοῦ
3523 924 3819 994 μοιχεύειν

2199 1008 2377 1076 ἀδοξεῖ
2394 1028 2408 1042 ·
2439 1009 2540 1065 κᾶν
2569 1011 2854 1083 ἐμοίχευσε
2880 1012 2968 1066 διὰ
2996 1013 3094 1084 τὴν
3118 1013 3308 1085 ἡδονὴν
3327 1016 3356 1067 ὁ
3388 1014 3815 1086 Ἐπικούρειος.

2199 1102 2262 1154 Ei
2299 1101 2354 1154 δὲ
2385 1101 2477 1154 καὶ
2520 1104 2547 1154 ὁ
2580 1102 2793 1173 ἰδιώτης
2825 1103 2978 1169 ποτὲ,
3011 1106 3184 1175 παρὸν
3220 1105 3499 1175 μοιχεύειν
3524 1149 3543 1173 ,
3575 1108 3644 1163 ού
3690 1125 3813 1178 pato

2198 1189 2366 1260 χεύει.
2392 1192 2636 1264 εὑρεθείη
2669 1192 2735 1247 ἂν
2755 1194 2927 1247 ἐνίοτε
2957 1195 3044 1248 διὰ
3072 1196 3162 1249 τὸν
3190 1197 3463 1252 ἐνεστῶτα
3498 1200 3574 1252 ἐκ
3597 1199 3702 1253 τοῦ
3734 1201 3815 1253 νό-

2201 1298 2303 1351 μου
2331 1282 2493 1350 φόϐον
2518 1284 2613 1336 καὶ
2639 1284 2737 1348 τὰς
2766 1285 3017 1349 κολάσεις
3040 1286 3115 1357 μὴ
3142 1287 3407 1357 μοιχεύων
3425 1330 3441 1355 ,
3469 1290 3574 1343 καὶ
3607 1290 3675 1342 ού
3720 1291 3812 1344 διά

2197 1370 2258 1424 τὸ
2286 1372 2558 1442 θηρᾶσθαι
2588 1375 2841 1441 πλείονας
2884 1378 3079 1450 ἡδονὰς
3106 1381 3135 1432 ὁ
3163 1380 3403 1445 τοιοῦτος
3444 1383 3711 1452 ἀπέχοιτ’
3747 1384 3812 1438 ἄν

516 559 749 614 aliorum
788 557 879 627 qui
912 556 986 610 illi
1027 554 1237 617 favent.
1269 571 1301 611 e
1332 556 1493 611 domo
1522 557 1764 624 exitum;
1805 558 1878 612 ita
1938 565 1996 611 ιιι
2051 557 2095 612 si

518 666 790 721 supponas
821 649 1132 704 adulterum
1166 649 1386 711 marito,
1420 648 1737 703 domesticis
1772 647 1909 717 ejus,
1962 648 2098 703 illis-

516 758 624 816 que
652 743 792 813 apud
817 757 953 812 quos
973 740 1043 796 ob
1071 740 1379 810 lmjusmodi
1414 740 1630 796 facinus
1680 742 1821 797 male
1866 743 2097 806 audiret,

516 833 691 888 latere
745 847 954 904 posse,
1012 832 1178 887 etiam
1231 831 1531 901 Epicureus
1583 833 1878 903 voluptatis
1933 847 2097 887 causa

516 932 857 995 perpetraret
882 922 1240 977 adulterium.
1272 921 1356 975 Ad
1404 921 1628 979 idiotam
1678 924 1821 994 quod
1883 925 2095 989 attinet,

513 1018 802 1088 siquando,
838 1032 961 1071 cum
1002 1015 1257 1071 adulterii
1299 1016 1435 1071 bella
1466 1024 1549 1072 est
1602 1015 1838 1079 occasio,
1877 1016 1976 1070 sibi
2026 1017 2097 1071 ab

515 1109 787 1164 adulterio
825 1117 1117 1177 temperat,
1174 1107 1226 1160 in
1282 1122 1444 1162 causa
1479 1116 1561 1162 est
1612 1107 1930 1177 plerumque
1988 1123 2094 1162 non

516 1201 750 1271 plurium
778 1198 1109 1268 voluptatum
1148 1200 1414 1270 captatio,
1452 1200 1547 1253 sed
1579 1198 1753 1267 legum
1803 1199 2095 1267 supplicio-

516 1305 751 1360 rumque
789 1299 988 1343 metus.
1030 1287 1191 1343 Vides
1242 1288 1408 1359 igitur
1466 1288 1691 1352 factum,
1744 1287 1888 1356 quod
1929 1302 2093 1341 unum

515 1380 753 1446 videtur,
785 1379 1089 1450 cuiusmodi
1128 1389 1210 1433 est
1268 1377 1527 1433 adulterii
1583 1376 1932 1442 abstinentia,
1988 1392 2093 1430 non

516 1472 658 1527 idem
689 1483 893 1535 tamen,
931 1474 1024 1526 sed
1048 1473 1320 1526 diversum
1358 1470 1475 1525 ﬁeri
1514 1486 1613 1540 pro
1643 1469 1873 1524 diversis
1927 1467 2098 1523 homi-

516 1573 646 1612 num
684 1557 1079 1623 voluntatibus,
1105 1575 1224 1628 quae
1256 1560 1340 1613 vel
1369 1576 1395 1612 a
1427 1560 1580 1613 sanis
1603 1558 1684 1613 vel
1735 1558 1803 1611 ab
1832 1557 2096 1626 improbis

516 1659 571 1702 et
614 1649 794 1717 impiis
842 1648 1094 1702 oriuntur
1146 1649 1451 1720 principiis,
1499 1646 1802 1717 cujusmodi
1853 1657 1978 1702 sunt
2038 1649 2090 1702 in

515 1738 782 1810 Epicureo
810 1749 904 1794 aut
937 1740 1030 1796 illo
1060 1740 1255 1796 idiota.

585 1985 676 2044 64.
730 1985 1198 2053 Quemadmodum
1243 1986 1412 2057 igitur
1457 2000 1623 2041 unmn
1674 1985 1804 2041 illud
1861 1985 2088 2054 factum,

518 2078 847 2133 abstinentia
908 2076 1122 2132 scilicet
1158 2078 1436 2144 adulterii,
1492 2076 1618 2133 licet
1669 2079 1921 2133 videatur
1971 2093 2094 2134 esse

513 2183 705 2233 unum,
734 2168 1162 2238 deprehcmlitur
1197 2178 1376 2223 tamen
1411 2183 1537 2224 esse
1588 2169 1894 2240 multiplex,
1928 2179 2093 2239 prout

515 2262 725 2317 diversa
757 2267 883 2316 sunt
916 2261 1165 2330 dogmata
1191 2270 1245 2316 et
1269 2260 1580 2318 voluntates
1605 2279 1620 2324 ;
1647 2261 1718 2317 ita
1745 2262 1836 2332 qui
1872 2262 1925 2316 in
1960 2261 2090 2329 aris,

514 2348 570 2404 in
601 2349 833 2420 templis,
878 2349 933 2403 in
975 2348 1280 2404 simulacris
1330 2349 1516 2405 colere
1577 2348 1920 2404 divinitatem
1984 2362 2090 2403 non

514 2438 806 2504 sustinent,
843 2447 895 2492 ut
949 2438 1184 2510 Scythae,
1242 2438 1514 2494 Nomades
1578 2439 1631 2493 in
1693 2438 1885 2510 Libya,
1931 2437 2093 2493 Seres

513 2533 715 2602 quibus
744 2533 877 2587 deus
904 2547 1011 2587 non
1045 2541 1149 2600 est,
1182 2533 1383 2599 Persaz,
1418 2533 1484 2587 ad
1524 2534 1889 2601 respuendum
1939 2533 2091 2587 illum

515 2623 722 2679 cultum
752 2623 875 2679 aliis
923 2625 1192 2696 dogmatis
1246 2634 1563 2690 moventur,
1607 2640 1670 2681 ac
1720 2625 1850 2691 illis,
1896 2625 2093 2696 quibus

512 2715 814 2773 Christiani
851 2728 906 2772 et
937 2716 1108 2774 Μιάωί
1150 2727 1407 2774 recusant
1437 2716 1745 2788 hujusmodi
1787 2717 1932 2772 cultu
1969 2734 2094 2788 pro-

513 2809 664 2880 sequi
696 2811 1060 2865 divinitatem.
1094 2810 1262 2865 Ncmo
1291 2812 1437 2865 enim
1476 2810 1689 2866 illorum
1739 2810 1867 2867 odio
1932 2810 2093 2865 habet

516 2917 642 2957 aras
664 2909 719 2957 et
745 2901 1230 2971 simulacra,quod
1286 2901 1486 2956 cultum
1544 2901 1848 2957 divinitatis
1907 2902 2092 2970 depri-

516 3006 668 3046 tucre
694 3002 751 3046 et
781 2992 834 3046 in
880 2994 1159 3046 materiam
1197 2991 1288 3047 illo
1333 2992 1491 3046 modo
1524 2992 1854 3046 elaboratam
1915 3000 2092 3045 trans-

512 3080 658 3134 ferre
683 3091 967 3145 vereatur;
997 3085 1494 3156 7&0nequequod
1507 3086 2089 3154 putetdaamonesinsio
2117 3059 2158 3115 C

514 3172 724 3226 dere‘in
759 3172 1081 3241 quibusdam
1113 3174 1427 3231 simulacris
1455 3184 1510 3230 et
1532 3178 1684 3241 locis,
1740 3178 1828 3231 ubi
1865 3179 2090 3249 magicis

513 3261 855 3316 carminibus
878 3264 1239 3332 retineantur,
1266 3274 1363 3319 aut
1391 3282 1548 3336 posse
1581 3269 1701 3322 aliis
1737 3268 1909 3323 modis
1939 3285 2090 3339 quie-

514 3353 638 3409 dam
680 3353 797 3408 loca
842 3368 1109 3425 occupare
1144 3356 1197 3410 in
1255 3357 1449 3426 quibus
1494 3359 1840 3415 victimarum
1898 3361 2090 3418 nidore

515 3444 658 3514 pasti
709 3444 950 3500 illicitam
1002 3446 1190 3502 illicite
1238 3448 1569 3518 voluptatem
1632 3459 1923 3507 venentur.
1980 3452 2089 3508 Sed

511 3533 683 3592 Judaei
711 3546 764 3592 et
794 3538 1090 3594 Christiani
1121 3551 1344 3610 propter
1373 3541 1516 3596 istud
1549 3559 1566 3596 ι
1602 3541 1884 3597 Dominum
1920 3543 2088 3599 Deum

512 3629 908 3693 tuumtimebis,
938 3642 986 3684 et
1045 3631 1128 3684 illi
1174 3631 1277 3687 soli
1324 3633 1513 3686 servies
1539 3633 1620 3700 °°;
1678 3634 1807 3689 item
1864 3646 2090 3706 pr0pter

514 3722 656 3777 istud
695 3741 707 3777 :
744 3722 867 3778 Non
889 3732 1040 3778 erunt
1066 3724 1160 3778 tibi
1188 3725 1265 3778 dii
1295 3725 1393 3778 alii
1422 3737 1616 3795 prwler
1642 3743 1753 3790 me;
1794 3736 1850 3781 et
1900 3745 1914 3781 :
1965 3725 2087 3781 Non

512 3814 676 3882 [acies
702 3815 795 3867 tibi
819 3815 1039 3881 idolum,
1067 3831 1229 3885 neque
1253 3831 1460 3871 omnem
1516 3819 1918 3872 similitudinem
1970 3836 2089 3890 qua:

511 3915 586 3960 est
621 3905 673 3958 in
698 3904 826 3958 caelo
850 3909 1087 3974 desuper,
1118 3916 1164 3960 et
1191 3923 1308 3975 qua:
1337 3910 1389 3961 in
1420 3916 1560 3962 terra
1587 3909 1858 3975 deorsum,
1894 3922 1941 3964 et
1969 3926 2088 3980 qua:

512 3997 569 4052 in
591 3999 740 4066 aquis
771 3998 866 4051 sub
905 4006 1044 4051 terra
1074 3998 1356 4064 deorsum;
1387 4017 1492 4053 non
1513 4001 1763 4056 adorabis
1790 4018 1873 4066 ea,
1925 4018 2087 4072 neque

513 4089 650 4145 coles
678 4089 758 4156 “;
823 4099 877 4143 et
924 4100 1142 4161 propter
1192 4092 1294 4147 hoc
1337 4107 1379 4161 ε,
1401 4090 1681 4145 Dominum
1729 4092 1895 4146 Deum
1938 4101 2088 4152 tuum

510 4183 783 4250 adorabis,
816 4193 861 4237 et
890 4183 973 4237 itii
1001 4184 1101 4238 soli
1125 4184 1317 4239 servies
1337 4185 1382 4216 ⁶¹
1409 4223 1424 4249 ,
1451 4192 1505 4239 et
1556 4194 1774 4255 pr0pter
1803 4186 1906 4240 alia
1932 4188 2085 4257 plura

511 4274 730 4340 similia,
761 4290 866 4330 non
900 4273 1075 4330 solum
1107 4274 1325 4345 templa,
1367 4290 1491 4330 aras
1551 4284 1607 4331 et
1638 4275 1924 4332 simulacra
1951 4282 2083 4336 abo-

2195 1460 2290 1514 τοῦ
2349 1463 2640 1533 μοιχεύειν.
2695 1467 2857 1538 Ὁρᾷς
2911 1465 3042 1534 οὖν,
3099 1471 3181 1524 ὅτι
3228 1472 3290 1524 τὸ
3331 1471 3390 1525 ἒν
3444 1472 3597 1527 εἰναι
3649 1493 3806 1546 νομι-

2197 1549 2421 1621 ζόμενον
2468 1553 2654 1625 ἔργον,
2689 1558 2722 1628 ἡ
2765 1559 2863 1629 τῆς
2900 1561 3149 1631 μοιχείας
3179 1562 3418 1635 ἀποδοχὴ
3454 1564 3578 1634 (81)
3603 1607 3621 1630 ,
3653 1570 3807 1640 rupi

2195 1641 2294 1704 τὰς
2325 1642 2609 1715 προθέσεις
2634 1647 2741 1699 τῶν
2777 1649 3136 1721 ἀπεχομένων
3168 1653 3229 1706 οὑ
3257 1655 3479 1721 ταυτὸν,
3506 1657 3659 1710 ἀλλὰ
3687 1658 3802 1712 διας

2124 1720 2167 1779 Β
2196 1749 2360 1804 φορόν
2414 1735 2651 1804 γίνεται’
2689 1737 2721 1809 ἢ
2776 1741 2885 1813 γὰρ
2912 1720 3039 1796 ἀπὸ
3082 1744 3248 1813 ὑγιῶν
3267 1745 3590 1818 δογμάτων,
3626 1750 3661 1820 ἢ
3701 1751 3803 1804 ἀπὸ

2199 1822 2489 1896 μοχθηρῶν
2521 1826 2614 1879 καὶ
2645 1828 3026 1886 ἁσεὸεστάτων
3070 1832 3177 1887 τῶν
3211 1835 3270 1887 ἐν
3308 1834 3387 1906 τῷ
3426 1836 3804 1911 Ἐπικουρεξῳ

2194 1912 2227 1984 ἢ
2262 1911 2339 1984 τῷ
2370 1913 2545 1985 τοιῷδ’
2575 1915 2778 1991 ἰδιώτῃ.
3143 1974 3148 1978 .

2266 2004 2475 2078 Ὥσπερ
2517 2002 2610 2061 οὖν
2652 2009 2711 2062 τὸ
2774 2009 2831 2064 ἓν
2884 2010 3044 2066 τοῦτο
3108 1990 3379 2086 πρᾶγμα,
3437 2018 3474 2087 ἡ
3529 2016 3645 2087 τῆς
3686 2036 3803 2088 μοι·

2194 2094 2346 2166 χείας
2403 2099 2617 2172 ἀποχὴ,
2651 2100 2708 2154 ἓν
2768 2099 2907 2159 εἷναι
2978 2104 3242 2169 δοκοῦσα,
3282 2108 3455 2162 πολλά
3503 2109 3802 2164 ἁλίσκεται

2192 2191 2533 2260 τυγχάνουσα
2565 2192 2716 2264 παρὰ
2750 2192 2818 2246 τὰ
2849 2194 3082 2268 διάφορα
3112 2195 3355 2268 δόγματα
3388 2200 3486 2254 καὶ
3517 2202 3627 2264 τὰς
3659 2219 3797 2274 προ-

2194 2278 2400 2342 θέσεις’
2438 2277 2580 2333 οὕτω
2613 2281 2706 2334 καὶ
2733 2282 2841 2336 τῶν
2874 2283 2949 2354 μὴ
2981 2285 3325 2356 ἀνεχομένων
3365 2288 3520 2360 παρά
3560 2288 3797 2360 βωμοῖς,

2193 2369 2287 2421 καὶ
2314 2370 2477 2433 ναοῖς,
2506 2369 2599 2423 καὶ
2629 2370 2908 2442 ἀγάλμασι
2936 2373 3114 2429 σέϐειν
3141 2374 3203 2427 τὸ
3232 2375 3396 2443 θεῖον,
3424 2377 3645 2432 Σκύθαι
3675 2381 3795 2450 μὲν.

2192 2456 2225 2528 ἢ
2256 2458 2470 2513 Λιϐύων
2503 2461 2549 2513 οἱ
2593 2460 2869 2533 Νομάδες,
2898 2462 2931 2536 ἢ
2959 2464 3130 2536 Σῆρες
3173 2467 3222 2519 οἰ
3256 2466 3437 2533 ἄθεοι,
3486 2469 3522 2540 ἢ
3556 2471 3792 2542 Πέρσαι,

2194 2542 2302 2596 ἀπὸ
2320 2543 2602 2618 δογμάτων
2624 2547 2783 2603 τοῦτο
2811 2552 3140 2623 πράττουσιν
3170 2557 3343 2611 ἄλλων
3372 2558 3404 2629 ἢ
3429 2554 3507 2612 ῶν
3523 2561 3795 2631 Χριστια-

2192 2632 2274 2686 νοὶ
2315 2634 2410 2688 καὶ
2453 2636 2693 2691 Ἰουδαῖοι
2735 2639 2834 2693 οὐκ
2873 2642 3156 2714 ἀνέχονται
3208 2646 3306 2719 τῆς
3348 2648 3615 2721 τοιαύτης
3663 2652 3792 2703 ὑπο-

2192 2725 2609 2800 λαμϐανομένης
2628 2732 2708 2795 εἰς
2724 2732 2784 2785 τὸ
2802 2731 2945 2788 θεῖον
2973 2735 3288 2808 θεραπείας.
3313 2741 3507 2806 Οὐδεὶς
3532 2744 3788 2809 ἐκείνων,

2191 2817 2279 2873 διὰ
2324 2821 2383 2873 τὸ
2433 2821 2701 2878 ἐκκλίνειν
2738 2826 2838 2883 καὶ
2886 2832 3178 2902 κατασπᾷν
3222 2833 3332 2904 (8'2)
3391 2835 3489 2888 καὶ
3524 2837 3790 2905 κατάγειν

2193 2910 2291 2982 τὴν
2325 2914 2453 2983 περὶ
2479 2915 2536 2966 τ’)
2570 2913 2709 2969 θεῖον
2757 2915 3053 2989 θρησκείαν
3093 2923 3184 2977 ἐπὶ
3223 2924 3323 2996 τὴν
3367 2926 3635 2999 τοιαύτην
3660 2928 3791 2999 ὕλην

2193 3003 2391 3058 οὑτωσί
2428 3007 2936 3082 ἐσχηματισμένην,
2991 3014 3090 3068 οὑκ
3141 3017 3394 3088 ἀνέχεται
3450 3018 3663 3091 βωμῶν
3696 3023 3792 3075 καὶ

2191 3093 2521 3166 ἀγαλμάτων
2541 3115 2554 3128 ·
2586 3100 2708 3154 οὐδὲ
2731 3102 2817 3155 διὰ
2843 3101 2903 3157 τὸ
2941 3104 3274 3179 διειληφέναι
3304 3111 3433 3181 περί
3480 3110 3784 3183 δαιμόνων,

2191 3185 2273 3238 ὅτι
2314 3190 2540 3243 τοιοῖσδε
2600 3194 3070 3265 παρακαθέζονται
3117 3201 3358 3271 σχήμασι
3402 3202 3498 3256 καὶ
3538 3206 3785 3276 χωρίοις.

2190 3277 2309 3349 ἦτοι
2342 3280 2445 3333 ὑπό
2468 3299 2629 3337 τινων
2655 3288 2998 3357 μαγγανειῶν
3028 3290 3441 3357 κατακλιθέντες
3465 3294 3608 3365 (85),
3634 3296 3668 3367 ἦ
3694 3299 3787 3350 καὶ

2190 3369 2363 3436 ἄλλως
2394 3372 2708 3446 δυνηθέντες
2738 3381 3171 3452 προκαταλαϐεῖν
3205 3384 3419 3451 ἑαυτοῖς
3459 3388 3684 3453 τόπους,
3727 3391 3785 3441 ἐν

2188 3456 2271 3526 οἷς
2294 3462 2394 3535 τῆς
2429 3464 2534 3519 τῶν
2566 3466 2842 3541 θυομένων
2876 3474 3162 3547 ἀποφορᾶς
3196 3477 3393 3548 λίχνως
3435 3480 3786 3552 μεταλαμϐά-

2191 3571 2373 3620 νοντες
2401 3558 2715 3631 παράνομον
2743 3561 2937 3637 ἡδονὴν
2976 3568 3072 3622 καὶ
3110 3570 3443 3641 παρανόμως
3495 3571 3783 3645 θηράσων-

2188 3663 2278 3700 ται
2305 3648 2437 3720 (84).
2471 3652 2791 3724 Χριστιανοὶ
2823 3657 2880 3710 δὲ
2909 3660 3006 3713 καὶ
3056 3661 3298 3717 Ἰουδαῖοι
3322 3663 3412 3718 διὰ
3443 3666 3531 3728 τὸ,
3557 3669 3782 3736 Κύριον

2190 3736 2298 3790 τὸν
2328 3740 2475 3793 Θεόν
2505 3757 2622 3796 σου
2646 3746 2964 3819 φοϐηθήσῃ
2995 3750 3126 3823 (85),
3154 3755 3249 3808 καὶ
3280 3755 3442 3821 αὐτῷ
3463 3758 3637 3826 μόνῳ
3671 3763 3782 3813 .Ia-

2190 3828 2462 3896 τρεύσεις
2480 3846 2494 3860 ’
2538 3833 2636 3886 καὶ
2660 3832 2750 3887 διὰ
2774 3835 2856 3900 τὸ,
2891 3841 3012 3893 Οὐκ
3039 3841 3288 3897 ἔσονται
3314 3859 3417 3899 σοι
3438 3847 3563 3901 θεοὶ
3591 3848 3777 3916 ἕτεροι

2190 3917 2357 3987 πλὴν
2392 3920 2566 3991 ἐμοῦ·
2610 3929 2738 3991 καὶ,
2776 3930 2858 3983 Οὐ
2904 3931 3178 4001 ποιήσεις
3220 3936 3455 4002 σεαυτῷ
3490 3939 3775 4003 εἴδωλον,

2188 4007 2331 4062 οὐδὲ
2354 4011 2478 4067 πᾶν
2498 4017 2779 4088 ὁμοίωμα,
2807 4020 2924 4075 ὅσα
2937 4024 3007 4079 ἑν
3023 4025 3102 4092 τῷ
3125 4027 3359 4096 οὐρανῷ
3383 4029 3509 4083 ἅνω
3533 4033 3637 4085 καί
3663 4033 3775 4087 ὅσα

2186 4100 2258 4193 ἐν
2280 4102 2358 4172 τῇ
2381 4104 2458 4175 γῇ
2491 4107 2666 4175 κάτω,
2696 4112 2793 4165 καί
2820 4114 2937 4169 ὅσα
2959 4118 3030 4171 ἐν
3054 4117 3134 4185 τῷ
3164 4119 3334 4174 ὕδατι
3359 4123 3647 4178 ὑποκάτω
3668 4124 3773 4193 τῆς

2186 4192 2320 4262 γῆς,
2338 4198 2411 4251 οὐ
2436 4202 2883 4273 προσκυνήσεις
2902 4208 3125 4277 αὐτοῖς,
3150 4211 3291 4265 οὐδὲ
3308 4212 3396 4283 μὴ
3420 4192 3774 4284 λατρεύσεις

2187 4288 2390 4355 αὐτοῖς
2409 4308 2421 4320 ο
2459 4295 2550 4346 καὶ
2574 4293 2665 4375 διὰ
2694 4297 2775 4363 τὸ,
2800 4299 3018 4368 Κύριον
3037 4301 3146 4356 τὸν
3171 4305 3320 4358 Θεόν
3351 4322 3468 4361 σου
3497 4323 3768 4376 προσκυ-

514 4365 814 4431 tninantur,
845 4367 938 4422 sed
966 4367 1129 4423 etiam
1169 4369 1343 4437 parati
1375 4377 1501 4422 sunt
1531 4367 1668 4423 mori
1693 4369 1782 4424 ubi
1811 4386 1870 4425 se
1917 4370 2082 4426 dede-

2196 4376 2396 4446 νήσεις
2415 4424 2428 4449 ,
2463 4385 2560 4438 καὶ
2588 4372 2591 4375 ’
2615 4386 2779 4453 αὐτῷ
2836 4365 3003 4460 μόνῳ
3058 4396 3415 4464 λατρεύσεις
3441 4439 3454 4463 ,
3505 4365 3601 4453 καὶ
3641 4399 3769 4452 ἄλλα

512 4459 843 4524 ritoccasio,
875 4469 934 4513 ut
961 4474 1113 4514 suam
1140 4460 1232 4514 Dei
1259 4461 1459 4515 summi
1493 4462 1769 4517 notionem
1805 4462 1875 4518 ab
1901 4462 2079 4535 aliqua

511 4550 776 4620 ejusmodi
819 4550 1100 4621 impietate
1128 4550 1505 4605 iutaminatam
1547 4561 1785 4607 servent.

2191 4468 2410 4529 πλείονα
2443 4474 2651 4540 τούτοις
2683 4480 3076 4554 παραπλήσια,
3111 4488 3172 4539 οὐ
3207 4489 3365 4558 μόνον
3412 4489 3767 4561 ἐκτρέπονται

2188 4560 2324 4627 νεὼς
2346 4604 2360 4628 ,
2396 4569 2490 4621 καὶ
2517 4568 2736 4642 βωμοὺς
2758 4613 2773 4639 ,
2804 4576 2899 4629 καὶ
2924 4577 3214 4649 ἀγάλματα
3236 4620 3251 4643 ,
3283 4581 3419 4635 ἀλλά
3456 4560 3551 4636 καὶ
3580 4582 3677 4636 ἐπὶ
3709 4582 3767 4634 τὸ

509 4645 891 4748 ἀποθνήσκειν,
916 4646 1002 4699 ὅτε
1028 4645 1126 4711 δεῖ,
1163 4645 1392 4748 ἑτοίμως
1422 4646 1668 4718 ἔρχονται
1708 4650 1849 4722 ὑπὲρ
1901 4651 1995 4704 τοῦ
2034 4652 2108 4725 μὴ
2162 4659 2386 4727 μολῦναι
2431 4666 2530 4737 τὴν
2577 4670 2706 4739 περὶ
2744 4670 2838 4724 τοῦ
2866 4645 3001 4727 Θεοῦ
3044 4645 3149 4731 τῶν
3201 4678 3336 4732 ὅλων
3374 4679 3645 4748 ὑπόληψιν
3684 4678 3769 4731 δηί

508 4755 652 4802 τινος
678 4740 916 4793 τοιούτου
951 4744 1435 4814 παρανομήματος.

670 4894 1044 4960 Deut.vt,l3.
1123 4866 1662 4967 °iExou.xx,5,4.
1743 4901 1787 4933 δι
1818 4901 2010 4959 Matth.
2042 4920 2120 4971 ιν,
2155 4906 2243 4960 to.

508 5046 660 5121 editi,
688 5046 1009 5121 retineatur,
1037 5050 1245 5117 aliquid
1273 5050 1445 5106 deerit
1469 5061 1589 5121 post
1610 5052 1894 5119 θανάτους.
1922 5057 2075 5112 verbi

506 5118 678 5192 gratia
706 5116 988 5192 ὑπομένει,
1036 5120 1119 5174 vel
1138 5116 1277 5192 quid
1306 5116 1504 5192 Αείιιιὶιιξ.
1547 5123 1690 5177 lul‘ra
1726 5141 1823 5192 pro
1851 5116 1959 5179 τῶν
2009 5129 2078 5182 τὰ

506 5188 1107 5271 ὲκείνουυφρονούντων,
1136 5189 1273 5245 forte
1304 5190 1582 5260 legendum
1632 5188 1741 5247 τῶν
1772 5193 1840 5248 τὰ
1867 5197 2077 5252 ἐκείνου

506 5274 907 5329 φρουρούντων.

575 5277 644 5310 ὀυ
683 5277 907 5314 ουντων.

575 5277 687 5400 (εὖ
731 5328 1037 5406 Ἀποδοχή.
1079 5327 1314 5406 Omnino
1344 5328 1626 5400 legendum
1660 5332 1865 5406 ἀποχή,
1894 5346 1952 5391 ut
1982 5338 2079 5391 ini-

509 5399 821 5470 tio_’_n_umeri
852 5399 1151 5470 sequentis.

576 5467 688 5539 (82)
715 5468 824 5523 Kal
887 5467 1222 5539 κὰτασπᾷν.
1285 5470 1567 5528 Bohcrello
1614 5471 2077 5531 mi'mutandum

506 5536 718 5591 videtur
748 5539 800 5591 in
830 5541 910 5594 τό.

504 5606 1205 5743 ληἕὲῗζτεξιῖιῑτακλιθέντες.
1241 5613 1420 5668 Mallet
1448 5612 1785 5682 Boherellus,
1832 5633 2047 5685 κατακη

1984 5829 2021 5843 Ἀ.

2265 5061 2380 5156 )
2784 5081 2836 5124 et
2863 5070 3211 5156 Basilteensis,
3241 5080 3572 5156 παρανόμως
3598 5080 3769 5156 θηρά-

2187 5148 2378 5219 attigui.
2410 5133 2595 5219 Eilt’b.‘
2608 5133 2739 5219 editi
2767 5157 2780 5192 :
2805 5144 3157 5219 παρανόμους
3187 5133 3533 5219 θηράσοντξιι.

2257 5202 2750 5295 (βέόλιιξοὸξηθῄσῃ...
2799 5202 2939 5295 (3οὰἱ
2954 5202 3100 5295 Bég.
3131 5202 3183 5295 et
3212 5202 3766 5295 llasileensis,_arpos-

2186 5278 2472 5358 ξυνήσεις,
2507 5278 2791 5358 utnhlatth.
2818 5296 2891 5342 tv,
2918 5282 3005 5358 Ψ,
3050 5278 3107 5337 et
3151 5285 3291 5358 infra
3319 5278 3659 5347 llmschelius
3713 5304 3769 5347 et

2188 5344 2526 5426 .Spe'ucerns:
2551 5344 2716 5426 lfaulo
2744 5362 2885 5426 post
2911 5344 3093 5426 iidem
3146 5357 3305 5426 codd.
3333 5373 3464 5412 mss.
3504 5344 3768 5418 causa};

2186 5412 2475 5499 όμρίωμα.
2692 5412 2779 5472 edi
2786 5419 2859 5499 ti,
2869 5420 2991 5499 οὐδὲ
3028 5424 3249 5499 παντὸςΔ
3276 5412 3553 5499 ὁμοίωμα.

2189 5481 2341 5570 i‘uli-a
2362 5481 2700 5570 ilm'sch‘elius
2748 5481 3173 5570 etSpencerus,
3208 5481 3325 5570 '65s:
3369 5499 3426 5551 ἐν
3449 5481 3555 5570 ’τῷ
3582 5481 3763 5557 ὑδατᾷ

2191 5550 2417 5618 Vulgata
2450 5553 2640 5626 Biblia,
2673 5558 2771 5609 ὅσα
2801 5560 2858 5610 ἐν
2884 5550 2995 5624 τοῖς
3021 5550 3196 5618 ὕδασι.
3244 5566 3365 5620 Mox
3391 5550 3562 5622 code‘x

2682 5623 3014 5699 λατρεύσεις.
3072 5633 3339 5690 ΙΙωεειιοΙ.
3383 5647 3439 5691 et
3470 5623 3764 5708 Spencerl,

2184 5688 2304 5741 οὐδὲ
2340 5689 2414 5761 μὴ
2444 5688 2764 5767 λατοεύσης.
2785 5688 2810 5728 ἰ
