3972 6160
371 323 505 380 1515

1472 319 1752 377 CONTRA
1784 317 2057 374 CELSUM
2090 316 2216 371 LIB.
2263 315 2370 370 VII.

3451 314 3589 369 1514

434 441 660 512 Εἴρηται
711 437 768 492 δὲ
824 439 880 490 έν
930 437 1041 500 τοῖς
1089 436 1344 510 ἀνωτέρω
1396 440 1522 510 περὶ
1546 440 1770 512 Περσῶν
1798 440 1933 511 πρὸς

2101 438 2191 494 65.
2221 438 2296 492 De
2328 436 2507 492 Persis
2531 435 2643 505 jam
2692 449 2851 506 supra
2889 435 3144 499 diximus,
3207 437 3275 490 ab
3323 437 3427 491 illis
3477 456 3583 493 non

363 533 426 588 τὸ
449 531 581 593 νεὼς
611 531 706 600 μὲν
734 528 928 591 αὐτοὺς
957 527 1029 598 μὴ
1064 528 1330 599 ἱδρῦσθαι,
1372 528 1548 581 σέϐειν
1582 529 1638 582 δὲ
1663 529 1752 582 τὸν
1777 529 1924 598 ἥλιον

362 625 456 677 καὶ
506 621 576 675 τὰ
616 620 708 674 τοῦ
751 619 884 673 Θεοῦ
919 620 1406 691 δημιουργήματα’
1437 621 1573 691 ὅπερ
1619 623 1750 691 ἡμῖν
1783 621 1926 688 ἀπη-

361 715 614 786 γόρευται
637 711 1195 785 (86),·διδασκομένοις
1238 712 1310 785 μὴ
1336 712 1613 785 λατρεύειν
1653 716 1716 784 τῇ
1753 714 1927 766 κτίσει

363 807 513 878 παρὰ
542 805 632 859 τὸν
665 804 926 857 κτίσαντα
945 820 957 834 ⁸
992 803 1106 856 ἀλλ’
1140 803 1336 857 εἰδέναι
1365 805 1460 875 μὲν
1481 845 1495 868 ,
1539 804 1628 858 ὅτι
1660 806 1698 872 ἡ
1733 805 1928 871 κτίσις

363 896 897 966 ἐλευθερωθήσεται
939 895 1054 950 ἀπὸ
1100 894 1211 963 τῆς
1243 895 1521 962 δουλείας
1552 894 1662 965 τῆς
1705 895 1930 965 φθορᾶς

363 995 450 1058 εἱς
490 991 603 1059 τὴν
641 989 986 1057 ἐλευθερίαν
1017 987 1126 1056 τῆς
1171 987 1356 1056 δόξης
1393 989 1511 1042 τῶν
1559 989 1783 1042 τέκνων
1821 987 1929 1042 τοῦ

368 1080 540 1138 Θεοῦ·
579 1079 692 1142 καὶ,
727 1079 815 1132 ὅτι
848 1079 887 1143 ἡ
921 1075 1364 1143 ἀποκαραδοκία
1396 1075 1506 1145 τῆς
1538 1078 1785 1143 κτίσεως
1817 1077 1930 1145 τὴν

363 1165 750 1236 ἀποκάλυψιν
774 1165 892 1218 τῶν
916 1164 1059 1220 υἱῶν
1083 1165 1187 1219 τοῦ
1213 1165 1359 1219 Θεοῦ
1383 1165 1788 1234 ἀπεκδέχεται·
1809 1167 1927 1234 καὶ,

364 1261 452 1312 ὅτι
500 1259 600 1327 τῇ,
610 1259 952 1327 ματαιότητι
997 1256 1108 1328 (87)
1151 1259 1190 1326 ἠ
1237 1257 1432 1322 κτίσις
1475 1257 1737 1327 ὑπετάγη
1764 1298 1778 1323 ,
1815 1261 1929 1329 οὐχ

364 1353 606 1414 ἑκοῦσα,
631 1351 790 1404 ἀλλὰ
815 1349 910 1402 διὰ
934 1350 1030 1402 τὸν
1060 1349 1439 1412 ὑποτάξαντα
1458 1349 1549 1402 ἐπ’
1572 1350 1774 1404 ἐλπίδι
1790 1367 1804 1380 ·
1837 1353 1930 1404 καὶ

367 1445 441 1516 μὴ
472 1444 574 1515 μὴν
603 1445 695 1496 καὶ
725 1444 834 1496 δεῖν
866 1442 932 1494 τὰ
966 1442 1057 1494 ἐπὶ
1087 1445 1152 1512 τῇ
1179 1442 1391 1512 δουλείᾳ
1425 1441 1534 1512 (88)
1584 1444 1682 1512 τῆς
1725 1443 1928 1514 φθορᾶς

363 1539 456 1590 καὶ
488 1537 578 1589 ἐπὶ
605 1539 670 1606 τῇ
720 1534 1034 1605 ματαιότητι
1061 1534 1469 1603 ὑποτεταγμένα
1505 1537 1598 1588 κα)¹
1630 1536 1716 1588 ἐπ’
1757 1535 1929 1588 ἐλπίδι

364 1627 628 1700 κρείττονι
661 1622 830 1679 ταῦτα
857 1624 1157 1695 πράττοντα
1184 1625 1239 1675 ὲν
1278 1622 1431 1694 χώρᾳ
1465 1626 1627 1695 τιμᾷν
1660 1624 1795 1678 Θεοῦ
1835 1625 1926 1678 τοῦ

364 1720 659 1783 ἁνενδεοῦς,
691 1720 724 1790 ἢ
752 1718 842 1772 τοῦ
878 1717 1006 1770 Υἱοῦ
1027 1715 1190 1770 αὑτοῦ
1215 1718 1305 1768 καὶ
1327 1718 1703 1784 Πρωτοτόκου
1725 1717 1928 1784 πάσης

2034 528 2229 596 templa
2263 527 2480 597 quidem
2508 527 2771 591 construi,
2816 526 2907 580 sed
2962 525 3129 581 solem
3172 533 3351 580 tamen
3382 536 3434 581 et
3491 527 3586 582 Det

2029 635 2190 689 opera
2219 619 2455 674 adorari.
2487 618 2542 672 Id
2594 618 2738 686 quod
2787 617 3012 671 vetitum
3060 617 3216 673 nobis
3248 629 3350 684 est,
3401 629 3456 671 ιιι
3485 621 3580 687 qui

2031 713 2171 768 docti
2206 727 2392 767 sumus
2424 726 2526 766 non
2579 720 2890 765 creaturam
2935 711 3189 772 adorare,
3220 711 3314 765 sed
3362 710 3586 766 Creato-

2030 820 2166 866 rem,
2204 813 2257 858 et
2286 813 2580 857 creaturam
2608 801 2886 855 liberatum
2913 803 2984 855 iri
3028 818 3060 854 a
3103 803 3351 856 seruitute
3400 819 3588 856 corru-

2029 896 2228 964 ptionis
2250 896 2303 949 in
2326 895 2616 948 libertatem
2643 892 2826 962 gloria:
2846 892 3078 961 ﬁliorum
3110 894 3202 948 Dei
3231 895 3296 958 ⁶³;
3325 903 3380 950 et
3414 911 3590 963 exspe-

2030 988 2310 1040 ctationem
2398 992 2658 1038 creatura:
2743 984 3106 1038 reuelationem
3184 985 3418 1054 ﬁliorum
3493 984 3589 1038 Dei

2029 1089 2326 1146 exspectare
2347 1077 2413 1144 ⁸⁵,
2442 1087 2496 1133 et
2548 1079 2767 1132 vanitati
2809 1089 3104 1130 creaturam
3155 1078 3442 1146 subjectum
3483 1095 3592 1133 esse

2032 1188 2134 1224 non
2165 1171 2436 1236 uolentem,
2469 1173 2560 1225 sed
2592 1180 2804 1238 propter
2827 1185 2944 1223 eum
2970 1170 3057 1239 qui
3077 1169 3290 1239 subjecit
3315 1170 3366 1222 in
3402 1187 3490 1239 spe
3511 1171 3586 1235 6";

2031 1261 2257 1330 proinde
2294 1277 2381 1316 res
2431 1261 2761 1330 corruptioni
2815 1260 3087 1315 servitutis
3142 1260 3480 1329 subiacentes
3537 1274 3591 1318 et

2029 1353 2256 1409 vanitati
2308 1354 2578 1425 subjectus
2609 1365 2665 1410 et
2716 1351 2954 1408 melioris
2999 1352 3320 1407 conditionis
3376 1370 3469 1423 spe
3511 1357 3592 1410 sic

2031 1456 2409 1512 permanentes
2446 1447 2658 1499 adorari
2709 1461 2814 1499 non
2879 1453 3127 1512 oportere
3173 1458 3268 1512 pro
3319 1443 3448 1508 Deo,
3498 1446 3588 1512 qui

2029 1537 2173 1590 nulla
2205 1554 2262 1591 re
2292 1539 2518 1608 indiget,
2542 1548 2634 1592 aut
2663 1553 2760 1607 pro
2792 1536 2928 1591 Filio
2977 1537 3092 1603 ejus
3124 1545 3179 1590 et
3234 1533 3592 1605 Primogenito

2029 1629 2195 1680 omnis
2220 1641 2477 1682 creatum
2505 1630 2570 1684 “.
2612 1631 2785 1696 Atque
2811 1628 2925 1682 haec
2952 1626 3278 1694 supradictis
3308 1628 3371 1681 de
3406 1627 3594 1684 Persa-

2033 1733 2151 1770 rum
2179 1727 2338 1786 gente
2370 1734 2495 1774 aras
2513 1720 2726 1788 quidem
2759 1727 2813 1771 et
2845 1718 3136 1773 simulacra
3164 1729 3469 1786 aversante,
3499 1722 3592 1775 sed

364 1813 631 1878 κτίσεως.
656 1813 840 1882 Ἀρκεῖ
857 1811 1030 1864 τοίνυν
1059 1811 1191 1879 πρὸς
1224 1809 1450 1873 ἐκείνοις
1480 1812 1572 1862 καὶ
1603 1809 1773 1863 ταῦτα
1799 1810 1927 1880 περὶ

2042 1820 2335 1863 creaturam
2393 1810 2510 1866 loco
2562 1810 2835 1865 Creatoris
2887 1809 3098 1864 colente
3143 1808 3418 1864 addidisse
3462 1814 3596 1866 satis

364 1904 456 1956 τοῦ
487 1902 708 1974 Περσῶν
742 1902 944 1965 ἔθνους,
976 1901 1190 1971 βωμοὺς
1221 1901 1314 1952 καὶ
1348 1900 1634 1971 ἀγάλματα
1666 1903 1927 1972 ἐκτρεπο-

369 1995 561 2066 μένων,
591 1993 950 2064 λατρευόντων
977 1991 1034 2044 δὲ
1056 1995 1121 2062 τῇ
1149 1991 1321 2043 κτίσει
1354 1990 1504 2061 παρά
1531 1990 1620 2043 τὸν
1651 1990 1926 2044 κτίσαντα.

379 2089 528 2140 Ἐπεὶ
555 2087 612 2140 δὲ
641 2087 734 2140 καὶ
765 2085 861 2156 τὴν
913 2083 1264 2156 Ἡρακλείτου
1297 2081 1563 2154 παρέθετο
1593 2081 1734 2146 λέξιν
1755 2123 1769 2147 ,
1801 2083 1934 2136 ὑπο-

362 2179 754 2249 διηγησάμενος
791 2177 958 2248 αὐτὴν
989 2175 1466 2246 ὑποσημαίνουσαν
1505 2174 1737 2240 ἠλίθιον
1781 2175 1932 2228 εἶναι

363 2271 428 2324 τὸ
456 2270 578 2336 τοῖς
601 2269 939 2339 ἀγάλμασιν
957 2267 1258 2336 εὔχεσθαι,
1282 2267 1390 2319 ἐὰν
1405 2266 1490 2336 μὴ
1521 2265 1822 2336 γιγνώσκῃ
1843 2284 1932 2334 τις

363 2363 538 2429 θεοὺς
569 2363 664 2415 καὶ
693 2361 910 2430 ἥρωας,
936 2360 1154 2425 οἵτινές
1179 2363 1298 2412 εισι
1323 2377 1334 2388 ·
1371 2359 1607 2423 λεκτέον,
1635 2359 1716 2412 ὅτι
1744 2359 1938 2429 γιγνώ-

365 2470 512 2508 σκειν
558 2453 655 2524 μέν
690 2455 804 2506 ἐστι
848 2453 979 2505 Θεὸν
1004 2491 1019 2515 ,
1054 2451 1148 2504 καὶ
1181 2451 1271 2504 τὸν
1303 2450 1580 2519 Μονογενῆ
1613 2449 1797 2514 αὑτοῦ,
1843 2451 1936 2504 καὶ

365 2548 488 2611 τοὺς
508 2545 893 2616 τετιμημένους
917 2544 1020 2598 ὑπὸ
1040 2543 1174 2597 Θεοῦ
1202 2546 1266 2614 τῇ
1292 2545 1434 2610 Θεὸς
1458 2543 1813 2615 προσηγορίᾳ,
1843 2544 1936 2596 καὶ

370 2637 690 2707 μετέχοντας
721 2635 820 2705 τῆς
853 2635 1102 2706 θεότητος
1138 2633 1324 2698 αὐτοῦ,
1351 2634 1569 2705 ἑτέρους
1594 2633 1750 2696 ὄντας
1783 2631 1941 2704 παρὰ·

2037 1899 2217 1954 l'ncrit.
2249 1900 2517 1968 Quoniam
2550 1915 2676 1954 vero
2711 1910 2766 1955 et
2795 1900 3049 1955 Heracliti
3110 1902 3270 1955 verba
3326 1902 3590 1973 recitavit,

2037 1997 2230 2064 quibus
2269 1994 2600 2048 subindicari
2663 1995 2758 2055 ait.
2810 1995 3029 2048 stultum
3081 2011 3188 2050 esse
3239 1985 3596 2068 preces’ferre

2036 2086 2354 2151 simulacris,
2379 2086 2480 2141 nisi
2506 2097 2684 2139 uotum
2709 2089 2775 2140 sit
2798 2087 2925 2155 quid
2949 2087 3048 2139 sint
3083 2088 3178 2154 dii,
3213 2091 3337 2159 quid
3372 2093 3553 2148 heroes
3576 2111 3596 2157 ;

2036 2180 2348 2242 dicendum,
2393 2177 2552 2232 facile
2608 2179 2854 2246 cognosci
2905 2193 3061 2246 posse
3115 2179 3406 2234 discrimen
3454 2187 3594 2252 quod

2040 2271 2181 2324 inter
2211 2270 2398 2332 Deum,
2433 2268 2775 2338 Unigcnitnm
2808 2267 2957 2335 ejus,
3007 2269 3248 2339 dignatos
3285 2287 3314 2325 a
3356 2275 3464 2328 Deo
3501 2276 3594 2330 Dei

2039 2361 2418 2430 appellatione,
2465 2361 2756 2430 participes
2784 2359 3255 2428 ejusdivinitatis,
3306 2373 3360 2417 et
3408 2381 3599 2423 omnes

2038 2456 2167 2508 deos
2190 2454 2428 2524 gentium
2487 2453 2577 2523 qui
2628 2452 2890 2508 dazmonia
2937 2461 3080 2516 sunt,
3126 2455 3446 2526 intercedit;
3504 2463 3597 2516 sed

2041 2545 2206 2600 Deum
2240 2546 2493 2614 cognosci
2537 2545 2694 2600 simul
2723 2555 2776 2598 et
2828 2543 3139 2599 simulacris
3176 2548 3378 2604 cultum
3434 2552 3598 2609 tribui

2039 2651 2143 2686 non
2174 2649 2354 2700 posse.

365 2733 574 2794 πάντας
595 2732 718 2794 τοὺς
747 2729 900 2794 θεοὺς
931 2730 1038 2782 τῶν
1064 2728 1250 2794 ἐθνῶν,
1277 2729 1471 2792 οἵτινές
1501 2731 1606 2781 εἰσι
1631 2728 1878 2798 δαιμόνια
1903 2744 1918 2759 ·
1947 2728 2006 2780 οὐ
2041 2727 2145 2799 μὴν
2173 2729 2394 2782 δυνατόν
2414 2732 2528 2782 ὲστι
2555 2732 2646 2783 καὶ
2670 2733 2988 2801 γιγνώσκειν
3010 2734 3098 2787 τὸν
3143 2734 3274 2788 Θεὸν
3335 2736 3427 2788 καὶ
3486 2736 3602 2800 τοῖς

367 2828 672 2900 ἀγάλμασιν
697 2826 970 2898 εὔχεσθαι.
1740 2904 1747 2918 1

439 2924 549 2977 Καὶ
571 2924 629 2976 οὑ
663 2923 819 2992 μόνον
845 2922 907 2974 τὸ
945 2920 1198 2992 εὔχεσθαι
1240 2925 1352 2985 τοῖς
1391 2921 1698 2989 ἀγάλμασιν
1732 2918 1936 2989 ἠλίθιόν

370 3021 535 3083 ἐστιν,
554 3018 687 3071 ἀλλά
705 3016 812 3086 γὰρ
836 3015 928 3068 καὶ
955 3015 1016 3067 τὸ
1043 3014 1578 3085 συμπεριφερόμενον
1599 3014 1708 3075 τοῖς
1727 3012 1938 3074 πολλοῖς

2112 2916 2268 2988 ’141
2287 2914 2566 2986 66.Neque
2586 2918 2759 2972 solum
2785 2919 3006 2974 stultum
3030 2929 3114 2975 est
3136 2921 3447 2978 simulacris
3471 2941 3600 2993 pre-

2043 3025 2150 3075 ces
2177 3009 2344 3074 ferre,
2386 3024 2572 3064 verum
2635 3011 2796 3065 etiam
2841 3011 2907 3064 ad
2955 3011 3008 3066 id
3050 3013 3410 3091 simulandum
3455 3017 3600 3072 trahi

370 3109 781 3183 προσποιεῖσθαι
812 3109 922 3178 (89)
948 3113 1060 3171 τοῖς
1098 3106 1406 3176 ἀγάλμασιν
1435 3102 1688 3173 εὔχεσθαι
1713 3121 1724 3132 ·
1757 3104 1935 3156 ὁποῖον

2043 3102 2292 3171 exemplo
2336 3102 2697 3157 multitudinis
2735 3121 2750 3158 :
2799 3103 2942 3173 quod
2990 3103 3191 3159 faciunt
3225 3105 3600 3176 Peripateticm

371 3203 610 3256 ποιοῦσιν
633 3204 681 3254 οἱ
712 3201 780 3254 τὰ
806 3202 911 3254 ἀπὸ
935 3200 1026 3252 τοῦ
1055 3199 1362 3270 Περιπάτου
1387 3194 1818 3265 φιλοσοφοῦντες,
1841 3195 1935 3248 καὶ¹

369 3297 417 3348 οἱ
453 3295 522 3346 τὰ
560 3293 878 3363 Ἐπικούρου
924 3292 956 3362 ἢ
988 3290 1324 3361 Δημοκρίτου
1357 3288 1740 3358 ἀσπαζόμενοι.
1769 3283 1936 3340 Οὐδὲν

371 3386 478 3457 γὰρ
520 3384 669 3448 νόθον
711 3383 814 3457 χρὴ
853 3381 1174 3452 ἐνυπάρχειν
1205 3383 1271 3450 τῇ
1305 3379 1450 3449 ψυχῇ
1481 3377 1576 3430 τοῦ
1606 3376 1818 3446 ἀληθῶς
1859 3377 1938 3438 εἰς

371 3477 435 3531 τὸ
469 3476 620 3530 Θεῖον
643 3475 914 3537 εὐσεϐοῦς.
963 3475 1036 3526 Οὑ
1077 3471 1321 3542 τιμῶμεν
1350 3470 1406 3522 δὲ
1438 3469 1507 3522 τὰ
1534 3468 1820 3539 ἀγάλματα
1846 3466 1941 3519 καὶ

371 3570 458 3624 διὰ
485 3569 544 3622 τὺ
569 3570 664 3640 μὴ,
685 3568 746 3622 τὸ
773 3568 894 3621 ὅσον
914 3567 996 3635 ἐφ’
1019 3567 1170 3635 ἡμῖν,
1193 3562 1552 3616 καταπίπτειν
1575 3562 1655 3623 είς
1676 3558 1938 3628 ὑπόληψιν

370 3661 464 3733 τὴν
493 3658 738 3732 περὶτοῦ
771 3653 908 3711 εἶναι
949 3656 1018 3709 τὰ
1051 3655 1336 3723 ἀγάλματα
1378 3652 1532 3716 θεοὺς
1573 3651 1809 3721 ἑτέρους.
1851 3648 1942 3700 Διὸ

372 3755 466 3808 καὶ
503 3752 839 3823 ἐγκαλοῦμεν
869 3750 1059 3818 Κέλσῳ
1087 3749 1180 3800 καὶ
1211 3747 1344 3798 πᾶσι
1371 3747 1482 3806 τοῖς
1515 3741 1832 3814 ὁμολογοῦσι
1867 3739 1940 3810 μὴ

374 3844 509 3900 εἶναι
551 3845 722 3899 ταῦτα
767 3843 954 3906 θεοὺς,
1004 3840 1224 3895 ὅτιτῶν
1271 3838 1564 3892 δοκούντων
1594 3832 1731 3888 εἶναι
1763 3832 1940 3902 σοφῶν

375 3939 470 3991 καὶ
512 3941 545 4008 ἡ
591 3937 884 4006 φαινομένη
928 3935 1036 4004 (90)
1075 3934 1201 4004 περὶ
1243 3931 1310 3985 τὰ
1353 3930 1637 4000 ἀγάλματα
1664 3929 1831 3998 τιμή·
1861 3921 1943 3988 οἷς

376 4028 468 4082 καὶ
500 4025 912 4088 ἀκολουθοῦντες
953 4028 1002 4078 οἱ
1036 4025 1216 4078 πολλοὶ
1246 4023 1306 4076 οὑ
1349 4021 1503 4091 μόνον
1550 4019 1690 4072 κατά
1735 4034 1943 4088 συμπε-

379 4120 603 4194 ριφορὰν
635 4120 808 4172 σέϐειν
833 4119 971 4171 αὐτὰ
1009 4117 1319 4186 νομίζοντες
1347 4113 1765 4183 ἁμαρτάνουσιν,
1806 4107 1942 4160 ἀλλά

377 4216 483 4288 γὰρ
505 4216 597 4268 καὶ
620 4213 1046 4273 καταπίπτοντες
1070 4212 1135 4279 τῇ
1162 4209 1302 4278 ψυχῇ
1326 4208 1416 4259 ἐπὶ
1433 4206 1494 4257 τὸ
1513 4201 1751 4273 νομίζειν
1771 4201 1942 4254 ταῦτα

377 4306 514 4362 εἶναι
563 4309 751 4370 θεοὺς,
786 4305 880 4358 καὶ
918 4303 1038 4374 μηδ’
1085 4299 1398 4369 ἀνεχόμενοι
1438 4295 1688 4356 ἀκούειν,
1721 4293 1801 4344 ὅτι
1844 4289 1942 4342 οὑκ

376 4404 481 4454 εἰσι
504 4399 674 4454 ταῦτα
698 4397 809 4450 θεοὶ
835 4395 903 4449 τὰ
923 4395 1012 4447 ὑπ’
1033 4391 1211 4446 αὐτῶν
1241 4385 1706 4460 προσκυνούμενα.
1735 4381 1942 4445 Κέλσος

2039 3195 2391 3267 phi1050phite
2420 3205 2732 3258 sectatores.
2756 3205 2810 3249 et
2832 3197 2922 3264 qui
2950 3196 3166 3265 Epicuri
3189 3208 3282 3251 aut
3306 3199 3599 3255 Democriti

2038 3289 2236 3358 placita
2267 3285 2689 3357 amplectuntur.
2721 3285 2862 3340 Nihil
2892 3288 3034 3341 enim
3063 3288 3115 3342 in
3143 3289 3320 3344 anima
3364 3292 3605 3349 hominis

2040 3396 2166 3435 vera
2200 3381 2403 3450 pietate
2460 3378 2621 3433 Demn
2664 3378 2890 3433 colentis
2935 3379 3112 3435 inesse
3157 3381 3312 3436 debet
3347 3383 3605 3439 adulteri-

2042 3487 2189 3524 num.
2224 3470 2326 3524 Est
2355 3470 2512 3522 nobis
2535 3479 2583 3523 et
2611 3471 2712 3523 alia
2741 3485 2899 3525 causa
2932 3485 3032 3525 cur
3061 3471 3364 3527 simulacris
3395 3473 3598 3528 nullum

2041 3561 2302 3616 honorem
2334 3561 2656 3622 habeamus,
2685 3561 2940 3614 nimirum
2967 3576 3032 3614 ne
3058 3571 3318 3630 quantum
3356 3563 3409 3616 in
3447 3567 3600 3620 nobis

2043 3666 2126 3706 εει
2177 3652 2231 3705 iu
2277 3652 2418 3705 hanc
2471 3652 2722 3704 lahamur
2757 3651 3100 3717 opinionem,
3146 3651 3436 3706 simulacra
3465 3653 3603 3708 alios

2044 3746 2172 3800 deos
2231 3759 2374 3799 esse.
2407 3743 2670 3811 Quocirca
2703 3743 2836 3796 vitio
2879 3745 3137 3799 vertimus
3181 3743 3342 3800 Celso
3374 3745 3606 3816 aliisque

2046 3835 2342 3890 simulacra
2395 3837 2521 3890 deos
2563 3851 2667 3891 non
2713 3849 2832 3889 esse
2865 3835 3279 3902 conﬁtentibus,
3305 3839 3472 3908 quod,
3507 3855 3617 3894 sa-.

2043 3927 2255 3996 pientes
2289 3928 2481 3992 habiti,
2544 3927 2748 3982 cultum
2783 3927 3090 3983 sinmlacris
3133 3928 3342 3985 deferre
3375 3932 3603 3986 videan-

2047 4028 2152 4070 tur.
2191 4019 2387 4071 Eorum
2431 4021 2575 4073 enim
2633 4022 2878 4089 exemplo
2907 4024 3057 4076 multi
3107 4033 3331 4091 peccant
3359 4025 3453 4093 qui
3495 4037 3602 4078 non

2045 4109 2218 4163 solum
2254 4112 2366 4164 lucc
2397 4112 2495 4166 sibi
2533 4112 2753 4184 colenda
2786 4130 2904 4169 esse
2925 4127 3113 4183 putant
3139 4126 3198 4171 nt
3227 4132 3285 4171 se
3313 4125 3602 4171 consuetu-

2054 4201 2165 4252 dini
2197 4202 2622 4266 accommodent,
2648 4205 2740 4256 sed
2771 4205 2933 4258 etiam
2973 4216 3153 4261 mente
3195 4208 3248 4261 in
3285 4209 3426 4262 hanc
3463 4208 3601 4262 inci-

2047 4288 2179 4340 dunt
2206 4290 2538 4357 opinionem,
2575 4291 2662 4344 illa
2688 4307 2806 4347 esse
2839 4293 2972 4348 deos
3006 4313 3018 4346 :
3057 4310 3163 4363 quo
3207 4296 3266 4350 lit
3309 4305 3368 4349 ut
3417 4299 3604 4350 audire

2045 4390 2150 4428 non
2178 4377 2409 4443 possint,
2435 4378 2565 4431 deos
2592 4378 2680 4430 illa
2705 4395 2811 4433 non
2841 4395 2958 4434 esse
2983 4396 3101 4448 qua!
3125 4383 3193 4436 ab
3221 4381 3350 4451 ipsis
3370 4382 3599 4436 adoran-

380 4494 476 4564 μὲν
505 4487 596 4544 οὖν
630 4505 792 4558 φησιν
819 4483 968 4540 αὐτὰ
994 4482 1079 4553 μὴ
1111 4479 1380 4550 ἡγεῖσθαι
1400 4476 1589 4541 θεοὺς,
1614 4471 1772 4527 ἀλλὰ
1791 4471 1935 4564 ego,»

2047 4476 2151 4520 tnr.
2183 4469 2273 4523 Ait
2294 4470 2511 4538 quidem
2535 4471 2721 4526 Celsus
2751 4489 2810 4527 se
2837 4472 2930 4524 illa
2958 4474 3078 4528 deos
3129 4490 3230 4528 non
3274 4475 3595 4538 existimare,

374 4562 751 4651 ἀναθήματαο
809 4578 882 4649 μὴ
929 4573 1287 4635 ἀποδεικνὺς,
1336 4568 1454 4632 πῶς
1494 4567 1592 4620 οὐκ
1643 4562 1942 4636 ἀνθρώπων

377 4675 481 4726 εἰσ).
506 4671 675 4725 ταῦτα
705 4668 1023 4737 ἀναθήματα
1049 4704 1064 4728 ,
1112 4663 1225 4717 ἀλλ’
1246 4703 1261 4728 ,
1302 4661 1379 4724 ὡς
1417 4658 1697 4728 ὠνόμασεν
1716 4697 1732 4721 ,
1767 4656 1944 4708 αὐτῶν

376 4766 482 4817 τῶν
506 4764 659 4817 θεῶν.
697 4762 871 4830 Σαφὲς
900 4759 1027 4831 γὰρ,
1057 4760 1137 4812 ὅτι
1170 4756 1315 4809 ὲστίν
1345 4752 1643 4825 ἀνθρώπων
1668 4750 1946 4816 πεπλανη-

385 4849 556 4918 μένων
598 4851 723 4920 περ).
754 4849 814 4902 τὸ
861 4847 1000 4900 θεῖον
1043 4844 1214 4899 ταῦτα
1263 4843 1603 4913 ἀναθήματα.
1656 4837 1793 4891 Ἀλλ’
1826 4837 1946 4890 οὑδὲ

382 4943 528 5007 θείας
558 4945 758 5007 εἰκόνος
786 4942 1232 5012 ὑπολαμϐάνομεν
1255 4936 1391 4992 εἶναι
1421 4937 1488 4991 τά
1517 4935 1823 5006 ἀγάλματα,
1852 4934 1947 4986 am

384 5037 594 5107 μορφὴν
652 5035 880 5105 ἀοράτου
941 5033 1034 5087 καὶ
1096 5033 1386 5102 ἀσωμάτου
1450 5028 1524 5100 μὴ
1577 5027 1944 5097 διαγράφοντα

379 5123 514 5178 Θεοῦ
549 5123 680 5197 (91).
725 5125 875 5178 Ἐπεὶ
898 5124 956 5177 δὲ
987 5122 1354 5193 ὑπολαμϐάνει
1376 5121 1522 5190 ἡμᾶς
1548 5120 1576 5171 ὁ
1605 5117 1807 5179 Κέλσος
1829 5117 1942 5178 τοῖς

2043 4565 2133 4614 sed
2164 4562 2304 4615 dona
2355 4563 2456 4616 diis
2500 4575 2825 4618 consecrata.
2885 4567 2951 4619 At
2994 4581 3100 4620 non
3144 4567 3402 4631 ostendit,
3461 4582 3601 4635 quo-

2048 4654 2210 4707 modo
2254 4653 2342 4706 illa
2374 4670 2476 4708 non
2522 4656 2630 4709 sint
2667 4658 2848 4724 potius
2891 4668 3207 4712 consecrata
3259 4658 3604 4718 hominibus.

2049 4759 2208 4812 quam
2273 4746 2409 4808 diis,
2454 4757 2512 4799 ut
2560 4746 2821 4816 loquitur.
2870 4749 3097 4805 Constat
3162 4753 3306 4805 enim
3341 4751 3429 4802 illa
3461 4750 3606 4803 dona

2049 4846 2170 4886 esse
2195 4833 2471 4886 hominum
2492 4872 2507 4898 ,
2551 4835 2640 4903 qui
2669 4835 2733 4889 de
2765 4837 3046 4891 divinitate
3073 4839 3124 4892 iu
3161 4852 3348 4892 errore
3379 4852 3607 4892 versan-

2054 4939 2162 4983 tur.
2197 4925 2384 4995 Neque
2426 4929 2592 4982 etiam
2644 4931 2916 4984 credimus
2949 4932 3238 4986 simulacra
3263 4946 3385 4986 esse
3411 4932 3610 4986 divinae

2051 5017 2325 5089 imaginis,
2371 5029 2430 5074 ut
2472 5035 2593 5090 qua:
2625 5021 2718 5075 Dei
2753 5023 3041 5076 invisibilis
3067 5036 3121 5077 et
3152 5025 3456 5093 incorporei
3496 5022 3610 5078 for-

2052 5128 2195 5167 mam
2224 5130 2330 5171 non
2356 5113 2612 5171 referant.
2661 5114 2814 5182 Quod
2848 5115 3040 5171 Celsus
3069 5125 3224 5186 putat
3255 5130 3354 5170 nos
3387 5131 3419 5168 a
3449 5116 3611 5170 nobis

451 5248 497 5279 ⁸³
535 5246 694 5302 Rom.
723 5262 842 5309 vm,
872 5247 962 5300 2|.
1039 5245 1084 5276 ⁸⁸
1127 5243 1285 5308 lbid.,
1327 5241 1414 5296 19.
1491 5240 1742 5304 ⁶⁸,,11)ἰι1.,
1775 5238 1865 5290 2t).

2042 5237 2250 5293 Coloss.
2290 5253 2329 5305 ι,
2355 5237 2446 5292 15.

456 5367 566 5441 (86)
600 5367 768 5423 Codd.
815 5367 964 5439 Reg.,
1008 5365 1172 5420 Basil.
1205 5375 1257 5418 et
1290 5362 1564 5426 Vatican.,
1603 5359 1938 5429 ἀπαγορεύε-

379 5457 489 5494 ται.

451 5509 564 5576 (87)
590 5506 756 5563 Codd.
794 5508 925 5577 Reg.
968 5518 1021 5561 et
1067 5505 1254 5568 Basil.,
1300 5500 1692 5570 ἀπεκδέχεται·
1740 5502 1803 5570 τῇ
1831 5501 1938 5572 γὰρ

382 5580 721 5653 ματαιότητι.

450 5653 561 5718 (88)
600 5651 741 5703 Idem
791 5663 942 5708 mss.,

379 5720 606 5792 δουλείᾳ.

453 5780 1065 5861 (89)’Προσποιεῗσοαι.
1110 5785 1244 5840 Vide
1274 5787 1466 5842 Euseb.
1492 5783 1587 5838 lib.
1615 5798 1664 5837 ιν
1699 5780 1934 5851 Prwpar.

693 5887 960 5945 Parnm.
1010 5884 1126 5946 Gn.
1173 5885 1282 5945 XL

988 5649 1072 5698 ἐπ’
1110 5605 1316 5697 ἐλπίδιο
1367 5642 1426 5694 οὑ
1468 5641 1572 5712 μὴν
1621 5641 1689 5695 τὰ
1730 5641 1820 5692 ἐπὶ
1871 5644 1935 5713 τῇ

2046 5360 2303 5423 ευαηοει..
2342 5361 2397 5414 in
2438 5361 2546 5415 line
2573 5360 2767 5427 capitis
2797 5357 3041 5413 secundi.

2115 5420 2223 5502 (90)
2252 5431 2359 5484 Kal
2394 5433 2432 5500 ἡ
2458 5420 2806 5502 φαινομένη.
2838 5424 3118 5502 Doiierello
3146 5423 3429 5502 legendum
3457 5420 3613 5476 vide-

2048 5493 2133 5553 tur
2173 5493 2378 5569 γίνεται
2505 5493 2839 5572 φαινομένῃ-
2862 5497 3059 5572 Ibidem
3095 5494 3159 5572 ad
3191 5493 3486 5572 I‘nat'Agipem
3511 5509 3612 5546 an-

2046 5583 2126 5624 tea
2153 5561 2420 5624 ellitornm
2455 5561 2678 5637 ἱειξιιιιτξ
2717 5561 2847 5636 τιμή
2872 5583 2885 5595 ·
2977 5567 3070 5637 και
3095 5562 3533 5637 ἀκολουθοῦντες.

2115 5643 2225 5710 (91)
2278 5630 2550 5694 Ηαξειῖιιρῖ.
2601 5630 2663 5710 et
2710 5630 3000 5710 εσιὶιξιὶικξίῖ.ζ
3044 5635 3289 5710 ἀρροὶτουΔ
3325 5631 3466 5710 Θεοῦ-
3513 5630 3608 5686 καὶ

2043 5701 2328 5781 ἀσωμάτου
2362 5712 2433 5781 μὴ
2461 5701 2846 5778 διαγράφοντες
2871 5703 3023 5781 Θεοῦ.
3061 5701 3130 5757 At
3157 5706 3312 5759 codd.
3339 5701 3538 5774 ltegius
3558 5714 3612 5758 et

2043 5777 2231 5849 Basil.,
2261 5792 2319 5836 ut
2349 5777 2400 5834 in
2423 5777 2618 5836 nostra
2655 5786 2825 5843 textu,
2857 5777 3078 5833 rectius.

3189 5869 3266 5930 b3
