3972 6160
468 296 611 355 “illi
1963 294 2003 352 0

2109 293 2284 350 lENIS
3575 298 3647 352 15
3664 296 3733 350 i6

477 416 613 486 Ipsis
649 412 912 469 dissidere
948 426 1069 467 eum
1101 424 1357 482 negamus
1391 411 1729 468 divinitatem
1775 428 1893 469 esse
1924 415 1997 468 hu

2128 414 2390 478 ἐναντίοις
2422 414 2788 487 περιπίπτειν,
2815 415 2904 469 ὅτε
2932 413 3110 486 φαμὲν
3147 413 3220 485 μὴ
3257 408 3398 467 εἶναι
3424 410 3734 482 ἀνθρωπό-

475 520 637 560 mana
697 504 907 569 forma,
961 512 1017 557 et
1052 501 1398 556 nihilominus
1441 496 1712 559 credimus
1740 502 1905 558 Deum
1943 503 2003 559 let

2133 524 2335 578 μορφον
2378 507 2437 560 τὸ
2496 507 2683 571 Θείον,
2711 507 2805 560 καὶ
2847 509 2936 561 ὅτε
2982 504 3346 573 πιστεύομεν,
3380 502 3462 555 ὅτι
3502 502 3532 553 ὁ
3580 498 3730 559 Θεὸς

476 599 617 655 cisse
648 598 922 653 hominem
956 611 1105 651 suam
1136 596 1422 666 imaginem
1446 639 1461 663 ,
1502 605 1556 652 et
1587 598 1639 651 in
1669 598 1899 667 imagine
1932 597 2024 652 Dei

466 690 666 745 fecisse
708 689 894 755 illum;
928 688 979 743 id
1032 686 1382 743 refellendum
1413 698 1470 741 ut
1510 703 1672 758 supra
1706 706 1718 740 :
1747 703 1939 757 nempe
1970 688 2023 742 in

474 782 658 838 anima
694 780 925 834 rationis
948 779 1212 850 participe
1264 786 1319 834 et
1370 778 1437 831 ad
1488 778 1742 831 virtutem
1793 776 2025 831 formata

476 873 800 941 impressum
830 869 1033 925 servari
1070 868 1320 939 imaginis
1366 868 1459 943 Dei
1495 870 1903 932 characterem;
1936 867 2023 922 ubi

460 963 625 1019 etiam
656 962 868 1028 Celsus,
901 976 1025 1016 cum
1078 976 1183 1016 non
1220 958 1543 1031 intelligeret
1584 960 1711 1029 quid
1771 956 2024 1013 differant

468 1061 584 1114 haec
611 1059 737 1125 duo,
764 1071 883 1112 esse
909 1056 1197 1127 imaginem
1244 1057 1360 1122 Dei,
1401 1066 1455 1109 et
1505 1056 1681 1110 creari
1732 1054 2021 1110 secundum

466 1148 758 1219 imaginem
792 1148 920 1213 Dei,
956 1163 1056 1201 nos
1084 1147 1211 1201 facit
1234 1147 1493 1211 dicentes,
1524 1147 1692 1200 Deum
1722 1147 1902 1215 fecisse
1929 1148 2025 1199 ho-

460 1243 826 1296 minem.suam
847 1239 1146 1309 imaginem,
1171 1248 1219 1292 et
1252 1238 1425 1307 forma
1457 1239 1680 1293 similem
1697 1240 1813 1295 sibi.
1846 1238 1948 1293 Sed
1968 1246 2023 1293 et

463 1335 529 1388 de
560 1333 645 1388 his
681 1332 793 1401 jam
827 1346 986 1399 supra
1010 1330 1210 1385 dictum
1235 1340 1339 1385 est.

528 1421 618 1476 67.
663 1422 791 1476 Post
830 1422 945 1476 haec
980 1419 1167 1475 Celsus
1202 1421 1267 1475 de
1304 1421 1629 1477 Christianis
1666 1422 1743 1476 ait
1790 1438 1803 1474 :
1840 1418 2022 1474 Facile

458 1517 805 1568 concesserint
850 1530 910 1566 ea
945 1528 1053 1567 esse
1112 1511 1275 1566 cultui
1326 1513 1624 1583 aliquorum
1678 1525 2020 1577 consecrata,

461 1607 568 1660 sive
599 1606 678 1659 illi
712 1605 930 1671 similes,
961 1606 1064 1658 sive
1091 1603 1371 1657 dissimiles
1406 1604 1575 1673 forma
1596 1606 1732 1669 sint;
1766 1620 1871 1658 non
1905 1619 2020 1657 vero

456 1716 567 1752 esse
600 1699 746 1764 deos,
770 1698 957 1767 quibus
989 1697 1098 1751 hare
1124 1698 1415 1765 eriguntur,
1468 1697 1556 1749 sed
1585 1713 1695 1750 esse
1722 1698 2021 1761 dazmones;

2127 599 2347 669 ἐποίησε
2370 600 2459 652 τὸν
2482 598 2761 670 ἄνθρωπον
2791 598 2924 650 ἰδίαν
2952 597 3152 663 εἰκόνα,
3175 596 3266 648 καὶ
3290 597 3348 648 ὲν
3374 594 3540 646 εἰκόνι
3570 590 3724 644 Θεοῦ

2127 693 2377 764 ἐποίησεν
2401 692 2590 748 αὐτόν·
2619 691 2855 756 λεκτέον,
2888 692 2963 755 ὡς
2997 691 3090 744 καὶ
3116 692 3173 745 ὲν
3201 691 3311 752 τοῖς
3336 688 3593 759 ἀνωτέρω
3626 687 3723 739 εἴ·

2131 802 2284 855 ρηται
2304 825 2318 850 ,
2355 786 2434 837 ὅτι
2465 784 2523 837 τὸ
2567 785 2687 837 κατ’
2728 784 2911 836 εἰκόνα
2936 781 3070 835 Θεοῦ
3106 782 3163 834 ὲν
3189 781 3334 850 ψυχῇ
3376 778 3570 847 λογικῇ
3592 818 3605 841 ,
3635 779 3719 847 τῇ

2132 879 2259 947 ποιᾷ
2300 879 2417 929 κατ’
2454 877 2688 949 ἀρετήν,
2734 873 3002 939 σώζεσθαι
3031 874 3228 946 φαμέν.
3276 872 3386 925 Καὶ
3412 871 3544 925 ἔνθα
3578 870 3722 940 μέν-

2124 986 2203 1022 τοι
2250 972 2277 1023 ὀ
2323 970 2561 1033 Κέλσος,
2596 970 2671 1041 μὴ
2712 968 2833 1022 ἰδὼν
2877 967 3137 1040 διαφορὰν
3175 965 3381 1029 εἰκόνος
3425 962 3565 1016 Θεοῦ
3610 965 3723 1016 καὶ

2125 1062 2215 1115 τοῦ
2246 1064 2364 1114 κατ’
2396 1063 2578 1116 εἰκόνα
2605 1063 2761 1129 Θεοῦ,
2789 1064 2951 1134 φησὶν
2999 1064 3145 1133 ἡμᾶς
3170 1057 3366 1127 λέγειν,
3392 1058 3475 1109 ὅτι
3502 1060 3537 1109 ὁ
3559 1057 3719 1123 Θεός

2122 1155 2370 1221 ἐποίησε
2415 1154 2520 1208 τὸν
2563 1156 2875 1226 ἄνθρωπον
2934 1155 3092 1210 ἰδίαν
3144 1152 3348 1206 εἰκόνα
3396 1150 3494 1204 καὶ
3541 1146 3716 1215 εἶδος

2124 1246 2327 1317 ὅμοιον
2356 1248 2544 1315 ἐαυτῷ
2562 1266 2575 1279 ο
2606 1249 2819 1322 εἴρηται
2848 1249 2905 1303 δὲ
2931 1252 2989 1301 ὲν
3018 1249 3130 1310 τοῖς
3155 1243 3410 1314 ἀνωτέρω
3436 1243 3531 1296 καὶ
3564 1243 3717 1314 apt;

2122 1340 2311 1393 ταῦτα.

2192 1427 2304 1484 Εἶθ’
2332 1429 2454 1501 ἑξῆς
2482 1448 2611 1501 φησι
2638 1432 2764 1503 περί
2794 1428 3131 1502 Χριστιανῶν
3152 1469 3167 1493 ,
3198 1430 3309 1493 ὅτι,
3346 1426 3711 1493 Συνθήσον-

2122 1534 2219 1571 ται
2244 1519 2360 1588 μὲν
2387 1516 2538 1573 εἶναι
2584 1520 2745 1574 ταῦτ’
2778 1520 2873 1573 ἐπὶ
2908 1519 3049 1588 τιμῇ
3092 1534 3269 1572 τινων
3291 1558 3305 1583 ,
3332 1517 3369 1585 ἢ
3403 1518 3629 1585 ὁμοίων
3666 1517 3709 1584 ἢ

2120 1614 2414 1681 ἀνομοίων
2445 1611 2509 1666 τὸ
2535 1609 2695 1679 εἶδος
2717 1630 2730 1643 °
2763 1613 2903 1667 οὔτε
2927 1611 2994 1665 δὲ
3023 1611 3195 1677 θεοὺς
3224 1612 3396 1673 εἶναι,
3420 1603 3513 1675 οἷς
3536 1608 3711 1661 ταῦτ’

2120 1703 2420 1757 ἀνάκειται
2444 1744 2458 1768 ,
2512 1706 2672 1759 ἀλλὰ
2724 1704 3038 1774 δαίμονας·
3095 1704 3231 1757 οὔτε
3268 1700 3485 1771 χρῆναι
3530 1706 3713 1767 θερα-

455 1807 550 1845 nec
574 1790 657 1859 fas
688 1807 795 1844 esse
823 1790 919 1843 Dei
941 1791 1130 1842 cultori
1153 1789 1316 1841 ullum
1346 1789 1667 1843 dwmonibus
1700 1790 1898 1842 cultant
1922 1792 2003 1842 tri-

2119 1796 2324 1848 πεύειν
2352 1795 2637 1863 δαίμονας
2662 1836 2678 1857 ,
2709 1795 2877 1860 ὅστις
2910 1793 3071 1847 σέϐει
3125 1794 3291 1847 Θεόν.
3320 1794 3428 1845 Καὶ
3472 1792 3521 1843 εἰ
3569 1791 3711 1859 ἡπί-

457 1882 635 1936 buere.
670 1881 726 1937 Si
758 1884 994 1936 novisset
1027 1882 1328 1935 daemonum
1366 1890 1639 1948 naturam,
1677 1892 1733 1937 et
1765 1897 1887 1951 qua:
1924 1897 2015 1938 eo-

458 1989 577 2029 rum
619 1975 999 2044 unusquisque
1029 1973 1180 2038 facit,
1210 1973 1323 2027 sive
1350 1984 1575 2027 vocetur
1604 1976 1670 2027 ab
1706 1975 1852 2031 illius
1880 1974 2013 2028 artis

456 2067 672 2133 peritis,
730 2066 843 2119 sive
882 2073 1070 2134 sponte
1101 2075 1221 2134 agat
1269 2066 1411 2134 quod
1458 2065 1570 2118 vult
1628 2078 1682 2120 et
1721 2075 1931 2135 potest;
1968 2066 2014 2120 si

455 2166 763 2227 perceptam
796 2156 1075 2210 habuisset
1109 2157 1175 2210 de
1202 2156 1535 2211 daemonibus
1563 2157 1863 2212 doctrinam
1885 2198 1901 2225 ,
1935 2158 2013 2212 al-

456 2260 563 2303 tam
600 2265 733 2304 sane
760 2258 816 2303 et
847 2259 1056 2303 natura:
1094 2249 1341 2304 humanae
1383 2250 1657 2304 intellectu
1709 2249 2010 2316 dillicilem,

449 2342 652 2413 probro
677 2358 779 2395 non
804 2340 1040 2396 dedisset
1069 2341 1223 2396 nobis
1248 2383 1261 2408 ,
1288 2342 1429 2411 quod
1466 2356 1724 2411 negamus
1758 2342 2012 2397 colendos

450 2448 571 2488 esse
615 2433 885 2487 daemones
910 2433 959 2486 ei
992 2433 1080 2502 qui
1131 2448 1397 2487 summum
1430 2432 1594 2486 Deum
1637 2436 1845 2487 adorat.
1888 2434 2003 2487 lmo

451 2534 656 2579 tantum
694 2525 846 2579 abest
882 2535 941 2578 ut
969 2524 1169 2579 cultum
1196 2526 1530 2580 daemonibus
1571 2526 1881 2580 deferamus
1904 2566 1917 2589 ,
1952 2534 2010 2580 ut

449 2618 613 2671 etiam
646 2616 768 2670 illos
805 2625 856 2671 et
878 2617 1131 2686 precibus
1159 2626 1213 2669 et
1245 2617 1363 2671 aliis
1398 2617 1569 2671 modis
1594 2632 1735 2685 quos
1758 2617 2006 2685 Scriptu-

447 2724 523 2763 ra:
572 2722 741 2763 sacra:
798 2705 957 2777 742
1008 2707 1175 2761 nobis
1230 2706 1597 2776 suppeditant,
1629 2708 1910 2776 ejiciamus
1939 2722 2007 2761 ex

448 2798 725 2853 hominum
787 2796 1096 2861 animabus,
1151 2812 1218 2850 ex
1269 2795 1400 2850 locis
1445 2796 1532 2850 ubi
1566 2797 1873 2859 considunt,
1902 2795 2006 2850 ali-

446 2892 660 2961 quando
708 2890 869 2945 etiam
922 2906 989 2944 ex
1042 2890 1403 2944 animantium
1455 2888 1795 2958 corporibus.
1851 2886 2005 2957 Saepe

443 2982 589 3036 enim
623 2982 865 3050 quaedam
891 2980 1163 3034 daemones
1207 2978 1443 3043 faciunt,
1496 2991 1619 3047 quae
1667 2978 1830 3031 etiam
1889 2977 2005 3031 ani-

445 3071 718 3126 mantibus
743 3071 1040 3139 perniciem
1066 3069 1319 3124 all‘erant.

515 3161 603 3216 68.
635 3162 896 3226 Quoniam
930 3176 1058 3215 vero
1107 3161 1353 3229 superius
1392 3158 1671 3228 permulta
1719 3159 1784 3213 de
1810 3156 1934 3213 Jesu
1972 3175 2002 3213 a

443 3251 599 3307 nobis
633 3253 773 3306 dicta
823 3258 981 3317 sunt,
1017 3264 1120 3304 non
1153 3265 1287 3319 opus
1317 3257 1403 3304 est
1435 3260 1491 3304 ut
1524 3250 1709 3303 eadem
1739 3265 1884 3303 nunc
1919 3263 2004 3304 re-

439 3354 686 3414 petamus
720 3356 827 3411 quo
853 3340 1241 3408 respondeatur
1270 3339 1336 3393 ad
1366 3340 1543 3394 istud:
1578 3338 1853 3408 Manifesta
1878 3355 2003 3392 con-

438 3438 725 3491 vincuntur
754 3450 844 3488 nec
875 3434 1074 3499 Deum,
1108 3450 1199 3489 nec
1224 3434 1463 3488 dazmona
1507 3432 1675 3485 colere
1697 3472 1712 3495 ,
1741 3432 1830 3485 sed
1859 3448 2001 3484 mor-

439 3536 609 3581 tuum.
643 3525 1007 3593 Quamobrem
1043 3525 1145 3580 hoc
1166 3525 1527 3593 praetermisso
1556 3524 1830 3578 videamus
1870 3523 1999 3593 quid

439 3622 699 3690 deinceps
724 3619 913 3675 Celsus
964 3619 1155 3674 dicat:
1200 3619 1273 3672 Ac
1307 3618 1532 3686 primum
1571 3620 1864 3690 quazsierim
1906 3634 1999 3673 cur

436 3712 640 3765 colendi
671 3727 772 3766 non
800 3712 902 3765 sint
940 3711 1246 3765 daemones?
1291 3708 1481 3763 Nonne
1526 3714 1704 3765 omnia
1752 3728 1847 3779 pro
1899 3710 1998 3765 Dei

436 3811 566 3855 nutu
596 3801 1059 3866 administrantur,
1093 3809 1139 3853 et
1168 3815 1232 3853 ea:
1262 3800 1353 3853 illo
1393 3801 1563 3853 omnis
1606 3810 1679 3854 est
1716 3801 1997 3869 providen-

436 3893 553 3946 tia?
583 3891 773 3945 Nonne
800 3892 1053 3960 quidquid
1078 3891 1137 3959 [it
1170 3893 1275 3944 sive
1295 3908 1325 3943 a
1359 3892 1467 3945 Deo
1492 3930 1507 3957 ,
1536 3893 1638 3945 sive
1668 3894 1730 3945 ab
1758 3892 1955 3962 angelis
1976 3932 1991 3957 ,

433 3987 550 4041 sive
573 3985 635 4038 ab
654 3984 774 4037 aliis
807 3984 1129 4037 daemonibus
1150 4025 1165 4050 ,
1197 3986 1304 4037 sive
1331 3986 1393 4037 ab
1421 3984 1661 4037 heroibus
1682 4024 1697 4050 ,
1745 3986 1799 4037 id
1843 4001 1995 4039 omne

433 4080 593 4148 legem
629 4094 661 4132 a
709 4092 910 4130 summo
940 4076 1046 4130 Deo
1076 4079 1434 4148 prmscriptant
1468 4078 1657 4132 habet?
1682 4075 1871 4130 Nonne
1912 4094 1994 4130 re-

431 4146 524 4224 bus
550 4170 774 4240 singulis
802 4185 917 4223 cum
950 4178 1205 4238 potestate
1242 4146 1521 4238 prwfectus
1564 4179 1642 4222 est
1696 4170 1992 4240 quicunque

430 4262 525 4316 hoc
564 4279 773 4316 munere
797 4262 1049 4331 dignatus
1078 4261 1197 4315 est?
1235 4260 1356 4315 Non
1382 4263 1543 4330 igitur
1576 4262 1665 4329 qui
1698 4260 1864 4314 Deum
1904 4276 1993 4314 co—

430 4356 508 4418 lit,
539 4356 581 4408 is
602 4357 743 4423 juste
764 4355 913 4408 illum
937 4356 1078 4417 colit,
1102 4357 1187 4409 cui
1210 4372 1239 4408 a
1262 4354 1369 4409 Deo
1391 4371 1634 4407 concessa
1649 4363 1874 4421 potestas
1892 4361 1991 4407 est.

2121 1887 2279 1937 στατό
2313 1904 2377 1954 γε
2418 1886 2509 1939 τὸν
2553 1888 2679 1957 περὶ
2719 1885 2986 1955 δαιμόνων
3019 1885 3207 1952 λόγον,
3238 1884 3330 1936 καὶ
3356 1876 3429 1935 ὧν
3469 1882 3712 1942 ἕκαστος

2118 1974 2293 2028 αὐτῶν
2319 1976 2548 2047 ἐνεργεῖ,
2581 1976 2690 2028 εἴτε
2719 1975 3050 2045 καλούμενος
3080 1974 3183 2026 ὑπὸ
3213 1974 3319 2026 τῶν
3360 1973 3488 2043 περί
3520 1970 3710 2024 ταῦτα.

2115 2066 2320 2133 δεινῶν,
2351 2068 2461 2121 εἴτε
2494 2070 2584 2122 καί
2613 2068 2871 2131 ἑκουσίως
2909 2067 3176 2130 ἐπιδιδοὺς
3207 2067 3397 2120 ἑαυτὸν
3505 2066 3707 2136 βούλε-

2114 2182 2203 2217 ται
2228 2165 2320 2218 καὶ
2346 2165 2565 2218 δύναται
2599 2165 2845 2236 ἐνεργείᾳ⁴
2868 2181 2880 2193 ο
2919 2165 3011 2217 καὶ
3037 2164 3299 2233 διειλήφει
3324 2162 3413 2215 τὸν
3440 2161 3570 2231 περὶ
3594 2160 3710 2213 δαι-

2118 2256 2293 2326 μόνων
2322 2256 2496 2325 λόγον,
2534 2257 2699 2309 πολὺν
2740 2257 2866 2310 ὄντα
2911 2256 3006 2309 καὶ
3038 2255 3340 2325 δύσληπτον
3382 2257 3448 2324 τῇ
3483 2253 3706 2324 ἀνθρω-

2115 2347 2245 2419 πίνῃ
2280 2346 2466 2415 φύσειο
2501 2347 2601 2400 οὐκ
2631 2348 2695 2400 ἂν
2725 2347 3042 2400 ἐνεκάλεσεν
3080 2348 3211 2417 ἡμῖν
3242 2346 3541 2415 φάσκουσιν
3563 2385 3578 2409 ,
3614 2345 3703 2396 ὅτι

2112 2440 2173 2490 ού
2198 2439 2299 2510 χρὴ
2329 2439 2645 2511 θεραπεύειν
2668 2439 2945 2509 δαίμονας,
2971 2440 3116 2501 ὅστις
3146 2438 3292 2491 σέϐει
3320 2439 3408 2489 τὸν
3434 2439 3525 2489 ἐπὶ
3561 2440 3702 2489 πᾶσι

2113 2529 2261 2583 Θεὸν.
2309 2533 2417 2583 Καὶ
2459 2532 2710 2585 τοσοῦτόν
2756 2550 2820 2601 γε
2872 2530 3168 2598 ἀποδέομεν
3223 2530 3316 2582 τοῦ
3367 2528 3701 2601 θεραπεύειν

2112 2622 2387 2693 δαίμονας,
2410 2624 2549 2677 ὥστε
2574 2626 2664 2677 καὶ
2686 2623 3003 2677 ἀπελαύνειν
3031 2624 3228 2685 αὐτοὺς
3256 2623 3439 2691 εὐχαῖς
3469 2622 3565 2673 καί
3583 2624 3698 2683 τοῖς

2110 2714 2217 2767 ἀπὸ
2245 2716 2351 2768 τῶν
2401 2716 2561 2787 ἰερῶν
2588 2716 2930 2787 γραμμάτων
2959 2714 3295 2785 μαθήμασιν,
3325 2713 3431 2767 ἀπὸ
3463 2713 3574 2765 τῶν
3602 2714 3700 2766 άν-

2112 2805 2393 2877 θρωπίνων
2422 2809 2606 2878 ψυχῶν
2639 2808 2746 2878 (92)
2779 2808 2870 2860 καὶ
2894 2808 2999 2860 ἀπὸ
3025 2807 3132 2859 τῶν
3162 2808 3361 2871 τόπων,
3399 2809 3455 2859 ὲν
3480 2803 3562 2867 οἷς
3590 2805 3690 2858 αὒ-

2110 2898 2233 2960 τοὺς
2274 2898 2381 2968 (95)
2427 2899 2722 2971 ἰδρύκασιν,
2756 2900 2864 2953 ἔσθ’
2908 2901 2995 2953 ὅτε
3023 2900 3077 2953 δὲ
3112 2900 3205 2952 καὶ
3236 2898 3340 2951 ἀπὸ
3369 2897 3479 2949 τῶν
3508 2895 3689 2960 ζώων.

2110 2988 2374 3053 Πολλάκις
2409 2991 2515 3062 γὰρ
2544 2994 2633 3044 ἐπὶ
2674 2996 2737 3063 τῇ
2781 2992 2923 3065 λύμῃ
2963 2994 3058 3046 καὶ
3102 2992 3209 3045 τῶν
3248 2990 3503 3044 τοιούτων
3532 2992 3693 3060 ἐνερ-

2110 3080 2265 3149 γοῦσί
2298 3100 2415 3135 τινα
2446 3084 2493 3135 οἱ
2526 3082 2795 3154 δαίμονες.

2176 3170 2275 3222 Διὰ
2301 3171 2356 3223 δὲ
2389 3170 2456 3223 τὰ
2506 3173 2759 3244 ἀνωτέρω
2796 3173 2967 3227 πολλὰ
3004 3174 3131 3246 περὶ
3186 3173 3277 3227 τοῦ
3329 3173 3506 3243 Ἰησοῦ
3552 3176 3687 3245 ἡμῖν

2105 3263 2365 3333 εἰρημένα
2396 3264 2455 3315 ού
2486 3264 2590 3336 χρὴ
2631 3264 2725 3319 νῦν
2752 3267 3090 3336 παλιλλογείν
3129 3266 3262 3338 πρὸς
3290 3266 3371 3329 τὸ,
3409 3268 3537 3319 ’Ὅτι
3566 3267 3689 3335 μὲν

2102 3350 2215 3408 οὖν
2252 3355 2420 3409 αὐτοὶ
2464 3355 2868 3425 διειίἐγχονται
2920 3358 3128 3427 σαφῶς
3182 3361 3253 3412 οὑ
3298 3359 3483 3423 Θεὸν,
3542 3356 3687 3411 ἀλλ’

2102 3447 2241 3501 οὐδὲ
2264 3449 2513 3517 δαίμονα
2552 3451 2694 3521 (94),
2730 3451 2888 3505 ἀλλὰ
2926 3452 3140 3520 νεκρὸν
3173 3451 3486 3516 σέϐοντες·
3524 3451 3687 3505 τοῦτο

2104 3540 2201 3609 μὲν
2227 3542 2422 3594 αὐτίκα
2449 3542 2537 3595 διὰ
2556 3543 2713 3595 τοῦτο
2743 3543 3158 3614 παραλιπόντες,
3194 3544 3389 3612 ἴδωμεν
3426 3542 3524 3605 τὰς
3554 3542 3686 3613 ἑῇς

2099 3632 2191 3685 τοῦ
2224 3634 2429 3687 Κέλσου
2462 3635 2663 3700 λέξεις,
2696 3639 2751 3688 ὲν
2785 3630 2871 3700 αἷς
2904 3654 3064 3706 φησι·
3112 3639 3407 3704 Πρότερον
3444 3635 3511 3687 δὲ
3542 3636 3685 3703 ip}.

2100 3738 2301 3793 σομαι,
2324 3725 2421 3777 διὰ
2444 3727 2501 3779 τί
2522 3726 2807 3795 δαίμονας
2831 3729 2900 3781 οὺ
2924 3727 3350 3794 θεραπευτέον;
3375 3729 3455 3780 Οὐ
3482 3727 3681 3780 πάντα

2092 3815 2297 3884 μέντοι
2343 3818 2491 3871 κατὰ
2544 3816 2783 3888 γνώμην
2830 3818 3127 3874 διοικεῖται
3178 3818 3284 3872 τοῦ
3336 3819 3525 3885 Θεοῦ;
3578 3820 3676 3873 καὶ

2098 3911 2265 3968 πᾶσα
2286 3913 2352 3977 ἐξ
2381 3913 2619 3965 ἐκείνου
2651 3914 2934 3980 πρόνοια;
2966 3915 3064 3969 καί
3088 3914 3121 3967 ὅ
3144 3932 3196 3967 τι
3223 3929 3333 3982 περ
3364 3915 3440 3967 ἂν
3460 3916 3531 3967 ἐν
3553 3917 3674 3981 τοῖς

2097 4006 2261 4070 ὅλοις
2293 4006 2411 4059 εἴτε
2445 4004 2589 4058 Θεοῦ
2621 4006 2798 4075 ἔργον
2818 4046 2832 4069 ,
2862 4006 2964 4059 εἴτ’
2992 4006 3260 4075 ἀγγέλων
3287 4046 3301 4071 ,
3327 4008 3432 4059 εἴτ’
3466 4008 3673 4061 ἄλλων

2095 4096 2417 4167 δαιμόνων,
2445 4096 2564 4149 εἴτε
2597 4094 2836 4164 ἡρώων,
2882 4095 3073 4153 πάντα
3106 4098 3289 4150 ταῦτα
3324 4098 3449 4166 ἔχει
3484 4099 3672 4165 νόμον

2094 4188 2161 4241 ἐκ
2200 4188 2304 4241 τοῦ
2339 4190 2627 4257 μεγίστου
2674 4187 2820 4241 Θεοῦ
2864 4205 2883 4251 ;
2915 4188 3185 4241 τέτακται
3218 4188 3283 4240 δὲ
3310 4190 3401 4257 ἐφ’
3436 4190 3668 4253 ἑκάστῳ

2094 4278 2347 4348 δύναμιν
2371 4278 2593 4347 λαχὼν,
2632 4277 2796 4344 ὅστις
2826 4278 3110 4345 ἠξίωται;
3139 4278 3356 4331 Τοῦτον
3389 4275 3523 4343 οὖν,
3564 4282 3671 4333 τόν

2092 4372 2315 4426 ἐκεῖθεν
2329 4372 2611 4437 ἐξουσίας
2627 4372 3008 4439 τετυχηκότα,
3026 4374 3095 4424 οὐ
3110 4372 3413 4439 θεραπεύει
3430 4371 3667 4437 δικαίως

430 4445 555 4500 Νοη
571 4446 729 4511 enim,
751 4446 945 4515 inquit,
964 4446 1081 4514 ﬁeri
1106 4456 1271 4515 potest
1288 4457 1341 4498 ut
1366 4446 1743 4512 idempluribus
1763 4444 1988 4498 dominis

2109 4468 2125 4517 5
2157 4465 2351 4518 σέϐων
2386 4466 2493 4518 τὸν
2519 4465 2696 4519 Θεόν·
2727 4464 2862 4517 οὔτε
2902 4464 3008 4533 γὰρ
3042 4458 3169 4516 οἷόν
3208 4481 3302 4527 τε,
3345 4465 3497 4531 φησί
3533 4464 3661 4531 (95),

426 4540 636 4594 serviat.
660 4535 792 4592 Vide
810 4551 863 4593 et
892 4539 982 4592 hic
1008 4548 1140 4607 quot
1168 4538 1267 4593 sibi
1295 4546 1352 4592 ut
1372 4554 1627 4593 concessa
1655 4548 1852 4601 sumat,
1871 4554 1990 4607 qua:

429 4640 608 4685 tamen
644 4630 784 4685 seria
816 4630 1227 4699 investigatione
1278 4629 1520 4699 indigent
1566 4631 1781 4700 altaque
1811 4640 1865 4685 et
1900 4646 1987 4685 re-

429 4732 577 4776 trusa
601 4722 908 4790 cognitione
950 4737 1129 4776 rerum
1173 4737 1291 4790 qua:
1327 4720 1393 4774 ad
1429 4721 1584 4789 hujus
1617 4722 1855 4776 universi
1895 4720 1988 4775 ad-

426 4814 879 4867 ministrationem
924 4814 1218 4882 pertinent.
1267 4812 1654 4882 lnquirendum
1700 4816 1846 4869 enim
1879 4828 1986 4882 quo

424 4920 585 4962 sensu
621 4905 803 4959 omnia
845 4907 1096 4959 dicantur
1141 4921 1243 4975 pro
1270 4906 1365 4962 Dei
1400 4918 1530 4963 nutu
1571 4906 1984 4970 administrari,

420 4999 761 5069 pertineatne
816 4997 931 5051 haec
985 4997 1388 5054 administratio
1438 5000 1602 5054 etiam
1639 4999 1704 5051 ad
1738 5005 1980 5066 peccata,

420 5103 621 5144 annon.
661 5087 793 5141 Nam
839 5089 884 5141 si
920 5087 1009 5141 illa
1047 5088 1447 5144 administratio
1485 5090 1724 5159 pertinet
1759 5089 1827 5144 ad
1859 5104 1984 5159 pec-

416 5191 566 5248 cata,
596 5196 702 5235 non
730 5181 1006 5237 hominum
1043 5190 1274 5246 tantum,
1295 5183 1387 5236 sed
1410 5183 1572 5236 etiam
1604 5183 1906 5237 daemonum
1931 5190 1985 5236 et

414 5274 461 5327 si
486 5273 617 5344 quid
645 5271 788 5327 aliud
814 5275 1058 5343 corporis
1076 5288 1267 5340 expers
1290 5284 1372 5327 est
1404 5283 1626 5342 peccato
1643 5258 1975 5337 obnoxium;

417 5366 599 5420 videat
622 5364 730 5429 ille,
760 5367 849 5437 qui
881 5366 984 5422 hoc
1012 5365 1162 5432 dicit,
1190 5379 1349 5434 quam
1375 5365 1669 5420 absurdum
1700 5366 1771 5421 sit
1799 5365 1980 5419 omnia

485 5545 595 5617 (92)
639 5546 773 5602 Ἀπὸ
806 5545 922 5600 τῶν
950 5547 1330 5615 ἀνθρωπίνων
1352 5544 1585 5615 ψυχῶν.
1658 5544 1784 5600 Vide
1812 5545 1978 5600 adno-

416 5618 650 5671 tationes
681 5619 747 5670 ad
775 5617 868 5670 lib.
897 5633 913 5670 ι
942 5633 1125 5670 contra
1153 5618 1381 5684 Celsum,
1412 5634 1559 5671 num.
1588 5617 1643 5669 ‘2.

490 5685 597 5751 (93)
626 5688 707 5739 Ad
736 5702 888 5740 oram
916 5697 1073 5739 antea
1103 5689 1396 5749 editorum,
1431 5688 1621 5751 αὑτάς.

489 5755 599 5823 tul)
631 5756 794 5811 Codd.
844 5755 972 5825 Reg.
1002 5766 1055 5812 et
1088 5757 1271 5822 Basil.,
1303 5759 1549 5829 δαίμονα.
1610 5755 1881 5813 lloeschel.
1920 5767 1975 5813 et

2093 4560 2401 4612 δουλεύειν
2436 4558 2541 4611 τὸν
2562 4557 2746 4611 αὑτὸν
2768 4558 3004 4610 πλείοσι
3032 4558 3275 4625 κυρίοις.
3316 4559 3456 4628 Ὅρα
3478 4557 3542 4628 δή
3572 4556 3663 4610 καὶ

2092 4651 2148 4701 ὲν
2182 4650 2385 4712 τούτοις
2407 4650 2504 4701 ὅσα
2535 4647 2866 4720 συναρπάζει
2891 4688 2904 4712 ,
2941 4647 3168 4716 δεόμενα
3193 4648 3289 4699 οὐκ
3320 4648 3662 4717 εὐκαταφρο-

2091 4742 2248 4812 νήτου
2278 4743 2590 4807 ἐξετάσεως,
2616 4740 2751 4794 ἀλλὰ
2776 4741 2870 4792 καὶ
2899 4741 3205 4811 ἐπιστήμης
3230 4738 3542 4809 βαθυτέρων
3569 4737 3661 4790 καὶ

2090 4833 2536 4904 άπορῤητοτέρων
2570 4834 2698 4903 περὶ
2721 4833 2819 4902 τῆς
2856 4831 2964 4885 τῶν
2988 4832 3122 4885 ὅλων
3157 4830 3498 4902 πραγμάτων
3530 4831 3659 4882 διοιο

2089 4926 2317 4994 κήσεως.
2344 4925 2415 4976 Τὸ
2443 4924 2570 4994 γὰρ,
2604 4925 2779 4979 πάντα
2805 4925 2945 4977 κατὰ
2974 4926 3198 4997 γνώμην
3220 4925 3534 4978 διοικεῖσθαι
3566 4923 3657 4977 τοῦ

2087 5014 2240 5078 Θεοῦ,
2280 5014 2395 5078 πῶς
2417 5015 2652 5085 λέγεται,
2684 5016 3023 5081 ἐξεταστέον·
3060 5016 3151 5068 καὶ
3181 5016 3410 5087 πότερον
3438 5015 3499 5067 τὸ
3533 5015 3658 5067 διοι-

2086 5104 2297 5157 κεῖσθαι
2332 5105 2520 5174 φθάνει
2559 5105 2650 5158 καὶ
2694 5105 2785 5157 ἐπὶ
2818 5104 2887 5157 τὰ
2930 5106 3349 5175 ἁμαρτανόμενα
3393 5104 3426 5174 ἦ
3462 5106 3558 5174 μή.
3597 5106 3657 5157 Εἰ

2084 5197 2185 5267 μὲν
2213 5195 2321 5267 γὰρ
2348 5196 2536 5266 φθάνει
2562 5195 2621 5248 τὸ
2663 5195 2971 5249 διοικεῖσθαι
3014 5195 3104 5247 καὶ
3131 5195 3225 5247 ἐπὶ
3251 5194 3318 5246 τὰ
3342 5195 3656 5265 ἁμαρτανό-

2087 5307 2221 5359 μενα
2248 5291 2308 5341 ού
2341 5290 2497 5360 μόνον
2528 5291 2584 5341 ἐν
2609 5288 2911 5359 ἀνθρώποις
2935 5328 2948 5351 ,
2985 5286 3119 5341 ἀλλὰ
3163 5287 3255 5339 καὶ
3282 5286 3532 5357 δαίμοσι,
3565 5286 3658 5338 καὶ

2083 5381 2204 5432 εἴτι
2232 5382 2339 5449 (96)
2373 5381 2497 5433 ἄλλο
2542 5380 2647 5431 τῶν
2687 5378 2789 5444 ἔξω
2833 5380 3094 5449 σωμάτων
3129 5380 3368 5448 πέφυκεν
3400 5378 3655 5447 ἁμαρτά.

2082 5549 2304 5618 Spenc..
2332 5552 2612 5621 δαίμονας.

2148 5622 2258 5742 (θίὸ)
2286 5616 2462 5677 Codex
2493 5616 2761 5688 Julianus,
2789 5624 2940 5691 φασί,
2977 5623 3247 5679 ιίωδείιει.
3277 5634 3333 5677 et
3363 5621 3654 5690 Spencer.,

2148 5710 2190 5742 i5
2220 5732 2231 5742 .
2787 5740 2791 5742 .

2080 5709 2262 5831 milli-3)
2283 5762 2551 5821 Hoeschel.
2568 5775 2620 5821 et
2647 5740 2927 5835 Spen‘cer"
2954 5765 3059 5818 εἴτε
3075 5778 3263 5820 errore
3295 5762 3641 5833 typographi.
