3972 6160
344 324 476 382 1517

1493 326 1771 383 CONTRA
1805 327 2079 384 CELSUM
2111 327 2239 384 LlB.
2281 325 2396 382 VII.

3427 330 3565 383 l5l3

341 459 452 498 νειν
474 459 488 472 ·
537 441 717 515 ὁράτω
758 442 856 514 τὴν
895 441 1122 496 ἀτοπίαν
1163 443 1193 495 ὁ
1229 442 1387 496 τοῦτο
1417 443 1590 514 λέγων
1616 445 1710 500 τοῦ
1739 447 1903 501 πάντα

2018 446 2110 502 Dei
2137 446 2366 503 arbitrio
2399 445 2700 516 dispensari
2743 461 2756 499 :
2786 446 2915 500 hinc
2941 446 3088 502 enim
3125 460 3464 516 consequens
3496 456 3579 500 est

341 533 479 586 κατὰ
508 532 730 604 γνώμην
772 532 1086 586 διοικεῖσθαι
1127 533 1222 587 τοῦ
1269 533 1436 587 Θεοῦ·
1489 537 1770 592 ἀκολουθεῖ
1801 541 1909 611 γὰρ

340 624 416 694 τῷ
443 624 583 694 λόγῳ
609 624 702 676 καὶ
724 623 791 676 τά
815 625 1234 695 ἁμαρτανόμενα
1258 627 1350 678 καὶ
1379 627 1554 680 πάντα
1583 628 1647 679 τὰ
1675 628 1782 682 ἀπὸ
1813 647 1910 682 καα

341 717 464 781 κίας
509 717 650 770 κατά
696 718 917 790 γνώμην
961 719 1271 773 διοικεῖσθαι
1323 720 1418 774 τοῦ
1457 720 1591 774 Θεοῦ
1617 739 1629 750 ·
1667 723 1804 793 ὅπερ
1847 726 1909 777 οὐ

340 810 532 863 ταύτόν
561 812 676 881 ἐστι
716 810 825 881 τῷ·
861 812 920 864 οὐ
956 811 1254 875 κωλύοντος
1284 813 1378 865 τοῦ
1417 813 1548 867 Θεοῦ
1588 815 1809 883 γίνεται.
1847 819 1909 872 Ei

340 901 396 952 δὲ
424 903 515 953 καὶ
538 903 738 973 κυρίως
761 920 843 965 τις
876 904 1060 958 ἀκούοι
1089 903 1182 957 τοῦ
1222 903 1554 971 διοικεῖσθαι,
1591 907 1911 964 διοικεῖσθαι

345 993 442 1062 μὲν
471 993 613 1062 λέγει
648 994 754 1066 (97)
786 995 851 1048 τὰ
875 997 981 1050 ἀπὸ
1024 997 1221 1060 κακίας
1259 998 1630 1070 διοικούμενα·
1668 1002 1910 1072 δηλονότι

341 1087 516 1138 πάντα
550 1086 690 1140 κατά
711 1089 932 1160 γνώμην
958 1089 1234 1143 διοικεῖται
1262 1091 1355 1144 τοῦ
1382 1093 1538 1157 Θεοῦ,
1575 1096 1669 1148 καὶ
1706 1098 1766 1150 οὐ
1804 1115 1910 1150 πα-

344 1184 566 1250 ρανομεῖ
592 1182 670 1244 είς
699 1181 794 1252 τὴν
825 1182 1089 1253 διοίκησιν
1116 1183 1208 1236 τοῦ
1231 1184 1366 1237 Θεοῦ
1407 1190 1513 1251 πᾶς
1541 1190 1868 1260 ἁμαρτάνων
1892 1210 1906 1224 ·

341 1270 402 1323 τὸ
428 1270 472 1323 δ’
517 1272 697 1343 ὅμοιον
731 1274 824 1327 καὶ
859 1275 984 1346 περὶ
1016 1276 1279 1346 Προνοίας
1307 1277 1667 1345 ὃιασταλτέον,
1700 1285 1792 1336 καὶ
1824 1285 1911 1337 λε-

349 1364 520 1428 κτέον,
567 1367 646 1418 ὅτι
671 1367 729 1419 τὸ
754 1406 766 1429 ,
798 1368 972 1421 Πᾶσα
1007 1369 1076 1432 ἐξ
1112 1371 1344 1425 ἐκείνου
1369 1375 1632 1440 πρόνοια,
1661 1378 1912 1447 σημαίνει

344 1455 443 1525 μέν
473 1473 526 1508 τι
572 1457 766 1527 ἀληθὲς
785 1501 798 1518 ,
830 1459 918 1511 ὅτε
947 1461 979 1529 ἡ
1014 1461 1238 1532 πρόνοια
1264 1464 1547 1518 σπουδαῖόν
1577 1469 1751 1519 ἐστιν·
1784 1471 1832 1520 εἰ
1867 1471 1910 1522 δ’

341 1548 672 1614 ἁπαξαπλῶς
715 1551 890 1605 πάντα
931 1553 1000 1605 τὰ
1034 1555 1289 1624 γινόμενα
1335 1558 1474 1610 κατὰ
1506 1558 1616 1624 (98)
1657 1560 1912 1630 πρόνοιαν

341 1638 478 1694 εἷναι
503 1643 762 1712 φήσομεν,
794 1644 897 1697 κᾶν
938 1646 1123 1710 κακῶς
1166 1665 1217 1700 τι
1245 1648 1492 1720 γίνηται,
1529 1651 1722 1721 ψεῦδος
1761 1655 1912 1708 ἔσται

338 1732 430 1795 τὸ,
467 1731 640 1787 Πᾶσα
680 1734 748 1800 ἐξ
792 1736 1027 1792 ἐκείνου
1066 1741 1343 1804 πρόνοια·
1378 1744 1425 1819 εί
1469 1743 1542 1814 μὴ
1586 1744 1692 1816 ἄρα
1721 1748 1814 1800 καὶ
1845 1748 1911 1800 τὰ

339 1825 458 1875 κατ’
489 1826 912 1898 ἐπακολούθησιν
962 1829 1068 1882 τῶν
1102 1833 1163 1883 ὲκ
1198 1835 1450 1899 προνοίας
1491 1836 1626 1890 Θεοῦ
1657 1839 1804 1908 λέγοι
1830 1859 1913 1904 τις

338 1915 476 1970 εἶναι
525 1920 588 1970 ὲκ
624 1920 876 1989 προνοίας
915 1921 1067 1974 Θεοῦ.
1123 1923 1497 1991 Ἀποφαίνεται
1540 1927 1594 1980 δὲ
1629 1931 1718 1982 καὶ
1742 1971 1755 1993 ,
1793 1931 1826 1982 ὅ
1856 1949 1911 1984 τι

339 2024 449 2077 περ
477 2010 552 2064 ἂν
578 2007 620 2081 ᾖ
651 2011 719 2064 ἐν
749 2012 872 2079 τοῖς
908 2013 1094 2079 ὅλοις,
1123 2013 1242 2066 εἴτε
1284 2017 1431 2069 Θεοῦ
1461 2016 1654 2086 ἔργον,
1683 2020 1786 2073 εἴτ’
1818 2023 1914 2091 ἀγι-

340 2102 547 2171 γέλων,
575 2103 691 2156 εἴτε
723 2103 927 2157 ἄλλων
956 2103 1272 2173 δαιμόνων,
1303 2108 1423 2161 εἴτε
1463 2111 1692 2177 ἡρώων,
1722 2112 1913 2167 πάντα

339 2193 523 2246 ταῦτα
550 2194 672 2264 ἔχει
699 2196 885 2264 νόμον
911 2197 978 2249 ἐκ
1009 2196 1113 2249 τοῦ
1138 2200 1418 2266 μεγίστου
1451 2201 1597 2254 Θεοῦ
1621 2218 1633 2231 ·
1669 2203 1767 2257 καὶ
1802 2207 1914 2257 οὐκ

336 2288 532 2357 ἀληθῆ
566 2305 630 2357 γε
660 2291 844 2358 λόγον
874 2291 1286 2358 ἀποφαίνεται.
1336 2291 1469 2344 Οὐδὲ
1498 2293 1604 2365 γὰρ
1642 2294 1712 2347 τὰ
1741 2313 1915 2368 παρα-

336 2379 600 2448 νομοῦντα
630 2381 867 2451 ἑπόμενα
897 2382 1044 2452 νόμῳ
1093 2381 1170 2452 τῷ
1213 2383 1319 2435 ἀπὸ
1364 2385 1619 2452 μεγίστου
1649 2385 1783 2438 Θεοῦ
1813 2405 1918 2440 πα-

339 2475 584 2541 ρανομεῇ
622 2473 963 2542 Παρανομεῖν
1002 2473 1057 2524 δὲ
1092 2475 1119 2525 ὁ
1160 2474 1317 2542 λόγος
1357 2474 1623 2528 δείκνυσιν
1665 2477 1722 2528 οὐ
1757 2479 1915 2546 μόνον

336 2560 650 2632 ἀνθρώπους
683 2562 936 2630 φαύλους,
962 2563 1094 2616 ἀλλά
1123 2564 1214 2616 καὶ
1242 2566 1368 2628 τοὺς
1391 2565 1626 2634 φαύλους
1657 2567 1916 2639 δαίμονας

336 2655 431 2707 καὶ
461 2657 586 2717 τοὺς
617 2655 851 2724 φαύλους
883 2656 1170 2724 ἀγγέλους.

405 2746 641 2810 Φαύλους
698 2748 754 2800 δὲ
803 2748 1062 2818 δαίμονας
1115 2752 1174 2802 οὐ
1230 2753 1377 2821 μόνοι
1426 2753 1656 2826 λέγομεν
1707 2759 1866 2829 ἡμεῖς
1896 2797 1911 2822 ,

339 2839 472 2893 ἀλλὰ
496 2841 588 2893 καὶ
614 2841 792 2911 σχεδὸν
824 2843 1039 2905 πάντες,
1063 2843 1174 2896 ὅσοι
1200 2844 1456 2915 δαίμονας
1487 2847 1729 2903 τιθέασιν
1753 2846 1910 2905 εἶναι.

340 2935 414 2986 υύ
449 2934 622 2986 πάντα
649 2930 739 2986 οῦν
764 2933 876 3004 ἔχει
903 2936 1064 3005 νόμον
1095 2937 1157 2988 ὲκ
1183 2936 1276 2989 τοῦ
1307 2939 1562 3007 μεγίστου
1591 2939 1747 2996 Θεοῦ.
1776 2943 1913 2996 Ὅσα

338 3023 444 3094 γὰρ
489 3025 616 3094 παρ’
651 3019 784 3077 ἰδίαν
834 3025 1183 3098 ἀπροσεξίαν,
1224 3028 1439 3092 κακίαν,
1484 3030 1516 3100 ἢ
1561 3029 1842 3104 πονηρίαν,
1879 3035 1911 3105 ἢ

333 3116 553 3182 ἄγνοιαν
612 3116 704 3168 τοῦ
782 3116 977 3179 καλοῦ,
1030 3118 1430 3171 ἀποπέπτωκεν
1479 3120 1570 3174 τοῦ
1630 3123 1774 3178 θείου
1824 3127 1910 3180 νό-

2015 553 2071 596 ut
2104 549 2328 612 peccata
2371 538 2583 604 omnia,
2634 540 2705 592 et‘
2736 538 2998 608 quidquid
3036 555 3102 593 ex
3137 540 3269 592 vitio
3311 538 3579 602 nascitur,

2011 648 2109 702 pro
2162 633 2253 688 Dei
2316 641 2450 687 nutu
2486 631 2971 695 administrentur;
3013 632 3157 699 quod
3193 631 3409 699 quidem
3473 646 3580 685 non

2014 725 2154 779 idem
2189 733 2272 778 est
2329 737 2394 778 ae
2449 721 2495 777 si
2547 723 2668 792 quis
2719 722 2928 776 diceret
2958 721 3074 775 hinc
3108 721 3223 776 ﬁeri
3254 737 3359 775 n0n
3397 723 3583 792 prohi-

2012 819 2174 874 bente
2205 818 2336 873 Deo.
2378 815 2514 871 Nam
2547 817 2591 871 si
2622 816 2745 886 quis
2773 815 2995 884 proprio
3033 829 3198 869 sensu
3235 815 3582 868 adminislra-

2014 910 2216 964 tionem
2242 908 2518 977 acceperit
2543 923 2604 961 ac
2636 908 2840 961 dixerit
2869 923 2930 962 ea
2954 947 2969 972 ,
3017 922 3139 975 quae
3177 906 3484 959 nascuntur
3514 921 3582 960 ex

2012 1001 2178 1065 vitio,
2207 999 2606 1062 administrari,
2635 999 2854 1052 evidens
2880 1008 2964 1053 est
2989 1014 3085 1067 pro
3120 997 3211 1051 Dei
3251 1008 3380 1051 nutu
3406 998 3584 1050 admi~

2014 1089 2232 1144 nislrari
2285 1089 2500 1154 omnia;
2545 1089 2776 1157 proinde
2823 1088 2876 1142 in
2925 1087 3016 1141 Dei
3054 1088 3582 1142 administrationem

2015 1181 2149 1237 nihil
2180 1196 2404 1252 peccare
2447 1195 2569 1236 eum
2609 1180 2698 1250 qui
2737 1190 2942 1249 peccat.
2986 1179 3061 1234 De
3102 1178 3450 1234 Providentia
3493 1196 3582 1234 ea-

2015 1273 2135 1328 dem
2180 1282 2265 1328 est
2303 1273 2606 1328 adhibeitda
2659 1273 2963 1326 distinctio.
3012 1268 3142 1324 Nam
3183 1271 3294 1325 hare
3335 1291 3348 1324 :
3399 1271 3585 1327 Omnis

2015 1383 2080 1419 ex
2117 1367 2211 1418 illo
2243 1367 2598 1435 providentia,
2641 1363 2845 1432 aliquid
2881 1379 3069 1417 verum
3099 1364 3436 1433 signiﬁcant,
3465 1381 3585 1418 cum

2015 1460 2378 1514 Providentiae
2425 1459 2560 1512 nihil
2603 1459 2703 1511 nisi
2733 1458 2940 1526 justum
2989 1459 3298 1511 περι-Μήιον.
3353 1458 3408 1511 Si
3457 1475 3588 1513 vero

2015 1554 2313 1622 generatim
2339 1552 2639 1606 dixerimus
2665 1551 2925 1620 quidquid
2960 1551 3038 1613 iit,
3066 1551 3118 1603 id
3142 1565 3206 1603 ex
3245 1554 3584 1618 providentia

2016 1641 2155 1704 ﬁeri,
2178 1644 2393 1696 etiamsi
2426 1641 2628 1694 malum
2665 1641 2756 1705 sit,
2797 1641 2994 1694 falsum
3038 1651 3118 1694 est
3150 1658 3354 1696 onmem
3393 1661 3456 1697 ea;
3491 1645 3584 1696 illo

2017 1752 2125 1789 esse
2162 1735 2575 1802 providentiam;
2616 1735 2719 1788 nisi
2761 1733 2900 1787 forte
2953 1734 3327 1803 intelligatur,
3361 1752 3480 1805 qua:
3517 1755 3587 1792 ex

1946 1821 1985 1879 Β
2016 1828 2274 1896 operibus
2309 1825 2664 1896 providentiae
2693 1826 2785 1880 Dei
2827 1838 3250 1896 consequmulm,
3284 1845 3341 1882 ea
3369 1846 3430 1882 ex
3459 1845 3584 1899 pro-

2015 1919 2252 1973 videntia
2290 1919 2381 1973 Dei
2418 1919 2552 1972 ﬁeri.
2592 1916 2831 1972 Allirmat
2871 1920 3069 1979 etiarn,
3102 1921 3361 1990 quidquid
3390 1922 3446 1989 fit
3481 1923 3588 1975 sire

2013 2027 2043 2063 a
2075 2010 2200 2073 Deo,
2235 2013 2338 2064 sive
2372 2011 2435 2064 ab
2461 2011 2680 2079 angelis,
2711 2011 2816 2064 sive
2839 2011 2901 2063 ab
2939 2010 3060 2065 aliis
3099 2013 3447 2079 dwmonibus,
3480 2015 3587 2067 sive

2013 2104 2075 2156 ab
2109 2103 2387 2164 heroibus,
2439 2104 2549 2155 lucc
2585 2103 2762 2155 omnia
2816 2101 2980 2172 legem
3029 2104 3216 2157 habere
3262 2107 3361 2159 sibi
3404 2124 3434 2159 a
3478 2106 3586 2161 Deo

2015 2197 2242 2248 "mxima
2292 2195 2673 2260 prwscriplam.
2731 2193 2835 2249 Sed
2875 2193 2926 2248 id
2969 2209 3186 2264 quoque
3247 2197 3440 2252 falsum
3477 2213 3584 2255 est.

2015 2289 2198 2356 Neque
2219 2287 2364 2340 enim
2383 2296 2590 2340 naturte
2608 2295 2988 2355 qumpeecant,
3021 2287 3109 2340 Dei
3141 2287 3312 2357 legem
3343 2305 3589 2361 sequun-

2018 2389 2103 2432 tur
2136 2392 2259 2431 cum
2291 2385 2537 2445 peccant.
2590 2375 2748 2447 743
2781 2377 2942 2447 Atqui
2975 2378 3251 2446 Scriptura
3290 2379 3446 2434 docet
3479 2399 3584 2436 nou

2021 2468 2196 2521 solum
2235 2466 2516 2532 homines,
2549 2466 2642 2523 sed
2686 2476 2741 2522 et
2787 2467 2960 2522 mulos
3002 2467 3273 2525 dannones
3311 2470 3588 2542 malosque

2017 2559 2235 2630 angelos
2261 2576 2508 2632 peccare.

2089 2741 2175 2798 69.
2205 2739 2388 2810 Neque
2421 2755 2553 2796 vero
2577 2757 2673 2798 nos
2698 2742 2794 2796 soli
2826 2743 2998 2799 malos
3035 2746 3304 2802 dzemones
3329 2748 3583 2816 dicimus,

2019 2839 2112 2892 sed
2149 2850 2315 2906 prope
2345 2850 2536 2890 omnes
2565 2835 2636 2888 illi
2671 2843 2936 2903 quotquot
2977 2838 3247 2892 daemones
3291 2855 3412 2895 esse
3462 2857 3585 2896 cre-

1989 2930 2168 2983 .dunt.
2205 2928 2322 2983 Non
2357 2929 2535 2984 omnia
2564 2929 2726 2999 igitur
2776 2929 2951 2998 legem
2999 2944 3026 2982 a
3063 2930 3175 2985 Deo
3209 2934 3446 2989 maximo
3478 2935 3582 2990 sibi

2017 3023 2390 3091 praescriptam
2413 3023 2632 3076 habent.
2665 3019 2920 3090 Quisquis
2953 3024 3096 3077 enim
3133 3025 3246 3080 sive
3282 3027 3588 3100 incogitan-

2021 3115 2110 3176 tia.
2142 3116 2255 3170 sive
2284 3116 2412 3168 vitio
2441 3124 2494 3169 et
2527 3113 2756 3176 malitia,
2792 3117 2905 3169 sive
2930 3115 3059 3170 boui
3095 3117 3405 3188 ignorantia
3439 3136 3467 3174 a
3503 3122 3584 3177 di-

336 3227 437 3279 μου
460 3209 590 3278 (99),
622 3210 721 3260 οὐκ
746 3209 856 3279 ἔχει
890 3210 978 3262 τὸν
1015 3211 1175 3279 νόμον
1208 3211 1301 3263 τοῦ
1329 3211 1486 3277 Θεοῦ,
1523 3214 1655 3282 ἀλλ’,
1678 3218 1762 3272 ἵνα
1791 3219 1903 3273 ὀνο-

2016 3211 2135 3262 vina
2167 3210 2281 3276 lege
2319 3207 2588 3270 discessit,
2618 3207 2663 3260 is
2700 3222 2802 3260 non
2837 3207 2932 3262 Dei
2973 3208 3168 3280 legem,
3206 3212 3322 3276 sed,
3363 3220 3423 3265 ut
3446 3228 3586 3269 novo

338 3301 492 3369 μάσω
531 3300 698 3370 καινῷ
725 3301 944 3370 ὀνόματι
1000 3304 1091 3354 καὶ
1127 3302 1202 3372 τῷ
1234 3305 1374 3358 κατὰ
1423 3306 1521 3377 τὴν
1554 3309 1793 3381 Γραφὴν,
1822 3313 1912 3367 τὸν

333 3392 496 3460 νόμον
525 3392 633 3462 ἔχει
655 3393 754 3461 τῆς
784 3393 1075 3462 ἁμαρτίας.
1105 3394 1261 3448 Κατὰ
1287 3397 1382 3466 μὲν
1412 3395 1503 3453 οῦν
1532 3403 1654 3464 τοὺς
1687 3403 1911 3469 πολλοὺς

333 3483 439 3536 τῶν
474 3485 726 3537 τιθέντων
756 3485 890 3536 εἶναι
917 3484 1196 3554 δαίμονας,
1231 3487 1324 3539 καὶ
1352 3490 1400 3540 οι
1434 3489 1624 3556 φαῦλοι
1659 3493 1910 3564 δαίμονες

331 3578 431 3630 οὐκ
471 3577 648 3650 ἔχουσι
683 3577 771 3630 τὸν
817 3578 923 3631 ἀπὸ
955 3577 1087 3630 Θεοῦ
1121 3578 1304 3650 νόμον,
1335 3579 1467 3634 ἀλλά
1510 3586 1902 3655 παρανομοῦσι·

331 3670 472 3723 κατά
509 3671 565 3722 δὲ
610 3672 774 3740 ἡμᾶς,
825 3673 1020 3734 πάντες
1068 3672 1339 3743 δαίμονες,
1392 3675 1763 3741 ἀποπεσόντες
1809 3680 1906 3750 τῆς

331 3764 425 3815 ἐπὶ
456 3763 516 3815 τὸ
559 3762 758 3831 ἀγαθὸν
799 3764 942 3830 όδοῦ,
992 3767 1255 3838 πρότερον
1301 3769 1398 3822 οὐκ
1445 3769 1597 3833 ὄντες
1632 3771 1902 3843 δαίμονες·

331 3857 426 3910 καὶ
456 3857 599 3910 ἐστιν
626 3855 760 3922 εἶδος
785 3858 891 3912 τών
948 3860 1287 3916 ἐκπεσόντων
1324 3861 1457 3916 Θεοῦ
1490 3864 1551 3916 τὸ
1581 3863 1688 3917 τῶν
1717 3865 1903 3937 δαιμό-

330 3966 454 4000 νων.
475 3949 671 4019 Διόπερ
702 3951 762 4002 οὐ
792 3951 894 4020 χρὴ
931 3949 1250 4021 θεραπεύειν
1276 3953 1552 4025 δαίμονας,
1583 3957 1729 4020 ὅστις
1761 3958 1905 4010 σέϐει

329 4039 479 4091 Θεόν.
511 4040 769 4110 Δηλοῦται
803 4042 857 4094 δὲ
892 4047 958 4094 τα
989 4044 1118 4113 περὶ
1145 4046 1270 4106 τοὺς
1297 4046 1556 4116 δαίμονας
1585 4050 1678 4100 καὶ
1706 4050 1769 4102 ἐκ
1797 4050 1905 4104 τῶν

329 4131 634 4185 καλούντων
664 4133 852 4196 αὐτοὺς
876 4134 950 4203 (1)
970 4136 1060 4186 ἐπὶ
1081 4137 1189 4197 τοῖς
1205 4135 1618 4207 ὀνομαζομένοις
1643 4140 1900 4211 φίλτροις,

327 4225 359 4294 ἢ
417 4226 716 4296 μισήτροις,
775 4226 806 4296 ἦ
869 4228 960 4279 ἐπὶ
1018 4225 1281 4279 κωλύσεσι
1329 4229 1596 4299 πράξεων,
1643 4232 1675 4301 ἢ
1733 4231 1902 4288 ἄλλων

326 4316 578 4367 τοιούτων
617 4316 843 4386 μυρίων·
887 4317 1027 4386 ἅπερ
1069 4317 1309 4370 ποιοῦσιν
1361 4321 1408 4370 οί
1452 4319 1516 4371 δι’
1547 4321 1767 4390 ἐπῳδῶν
1811 4325 1903 4376 καὶ

329 4407 670 4477 μαγγανειῶν
707 4406 1080 4477 μεμαθηκότες
1109 4406 1294 4460 καλεῖν
1334 4410 1426 4462 καὶ
1466 4409 1763 4478 ἐπάγεσθαι
1789 4413 1901 4466 δαί-

327 4516 494 4569 μονας
532 4500 613 4568 ἐφ’
645 4499 680 4552 ἃ
723 4500 1018 4570 βούλονται.
1059 4500 1255 4572 Διόπερ
1293 4504 1324 4572 ἡ
1369 4503 1583 4556 πάντων
1634 4504 1898 4576 δαιμόνων

324 4589 587 4660 θεραπεία
620 4589 869 4660 ἀλλοτρία
898 4589 1051 4660 ἡμῶν
1086 4592 1220 4652 ἐστι,
1255 4590 1361 4644 τῶν
1391 4592 1657 4646 σεϐόντων
1687 4595 1775 4648 τὸν
1806 4597 1898 4649 ἐπὶ

322 4684 456 4734 πᾶσι
485 4682 635 4734 Θεὸν·
675 4682 768 4734 καὶ
793 4680 1056 4752 θεραπεία
1090 4681 1356 4752 δαιμόνων
1385 4684 1532 4736 ἐστὶν
1568 4687 1599 4755 ἡ
1633 4686 1895 4758 θεραπεία

319 4775 427 4826 τῶν
466 4774 831 4844 νομιζομένων
863 4775 936 4844 (‘2)
980 4772 1132 4826 θεῶν·
1161 4773 1386 4841 Πάντες
1419 4775 1527 4847 γὰρ
1549 4779 1603 4830 οἱ
1626 4778 1745 4831 θεοὶ
1776 4778 1896 4833 τῶν

322 4865 509 4917 ἐθνῶν
540 4867 828 4936 δαιμόνια.
871 4867 1034 4937 Δῆλον
1082 4866 1137 4919 δὲ
1181 4867 1272 4919 καὶ
1304 4866 1461 4920 τοῦτο
1490 4871 1557 4921 ὲκ
1597 4871 1687 4922 τοῦ
1717 4875 1794 4935 εἰς
1823 4873 1892 4926 τὰ

319 4955 572 5008 δοκοῦντα
619 4960 974 5031 ἐνεργέστερα
1021 4959 1128 5012 τῶν
1181 4960 1547 5032 νομιζομένων
1598 4963 1756 5034 ίερῶν
1789 4983 1887 5017 κα-

316 5049 591 5112 τακλίσεις
621 5050 694 5120 (5)
741 5052 1064 5122 περιέργους
1122 5053 1419 5121 γεγονέναι,
1473 5056 1564 5107 καὶ
1611 5057 1749 5110 κατά
1790 5057 1888 5120 τὰς

316 5143 490 5214 ἀρχὰς
517 5143 614 5212 τῆς
662 5143 918 5213 ἱδρύσεως
959 5145 1067 5198 τῶν
1109 5145 1324 5198 τοιῶνδε
1368 5146 1568 5211 ξοάνων
1601 5151 1694 5202 καὶ
1729 5149 1881 5202 νεῶν·

383 5289 427 5320 ⁸⁷
462 5288 616 5343 Rom.
646 5304 762 5356 vni,
809 5289 864 5342 2.
945 5288 990 5320 ⁸⁸
1031 5289 1174 5343 Psal.
1209 5305 1333 5355 xcv,
1366 5289 1433 5352 5.-

2015 3311 2069 3357 et
2099 3299 2394 3368 Scripturis
2431 3299 2632 3352 usitato
2654 3301 2916 3354 vocabulo
2944 3310 3063 3354 utar
3084 3300 3151 3365 ⁸⁷,
3182 3305 3389 3372 peccati
3415 3305 3587 3374 legem

2016 3392 2196 3447 habet.
2225 3389 2411 3461 Itaque
2437 3406 2502 3446 ex
2533 3391 2792 3460 opinione
2837 3390 3127 3445 multorum
3181 3393 3271 3462 qui
3317 3393 3589 3451 daemones

2015 3500 2136 3541 esse
2169 3495 2436 3549 statuunt,
2475 3485 2601 3540 mali
2635 3497 2852 3554 quoque
2882 3485 3200 3539 dmmonesa
3228 3486 3337 3542 Deo
3367 3502 3472 3542 non
3505 3489 3585 3544 le-

2014 3595 2134 3648 gem
2165 3579 2385 3644 habent,
2423 3579 2518 3633 sed
2558 3577 2625 3631 ab
2664 3576 2752 3630 illa
2787 3577 3129 3642 desciscunt;
3183 3594 3280 3632 nos
3316 3594 3448 3634 vero
3495 3581 3588 3634 tri-

2015 3672 2230 3726 buimus
2256 3672 2307 3724 id
2333 3669 2588 3725 omnibus
2620 3669 2976 3733 daemonibus,
3013 3669 3105 3738 qui
3134 3685 3254 3722 cum
3284 3670 3412 3724 olim
3445 3671 3586 3728 tales

2011 3781 2117 3820 non
2143 3773 2346 3830 essent,
2377 3762 2646 3817 daemones
2677 3759 2804 3814 facti
2834 3768 2976 3820 sunt,
3014 3776 3076 3814 ex
3109 3775 3216 3828 quo
3255 3778 3283 3813 a
3323 3763 3430 3827 via,
3461 3780 3584 3833 qum

2009 3860 2074 3913 ad
2121 3859 2315 3912 bonum
2372 3854 2636 3925 perducit,
2695 3856 3026 3908 aberravere
3055 3869 3068 3905 :
3100 3854 3172 3907 ita
3218 3865 3275 3909 nt
3308 3857 3582 3912 daemones

2008 3948 2217 4018 Species
2247 3949 2353 4003 sint
2379 3957 2695 4000 naturarum
2713 3961 2833 4014 quae
2867 3960 2894 3997 a
2927 3945 3033 3998 Deo
3065 3946 3400 4002 exciderunt.
3432 3949 3578 4016 Qua-

2006 4053 2229 4110 propter
2263 4057 2366 4096 uon
2393 4049 2605 4108 oportet
2653 4039 2747 4092 Dei
2801 4039 3064 4091 cultorem
3095 4040 3432 4097 daenmuibus
3464 4045 3578 4097 cul-

2009 4145 2122 4188 tum
2155 4133 2386 4188 deferre.
2412 4129 2507 4186 Est
2543 4143 2598 4187 et
2623 4132 2734 4204 alia
2756 4132 3057 4185 daemonum
3080 4131 3184 4183 vim
3215 4137 3576 4204 cognoscendi

2008 4227 2146 4279 ratio
2179 4243 2190 4278 :
2230 4241 2420 4294 nempe
2439 4225 2497 4277 ‘si
2531 4225 2909 4280 consideretur
2936 4237 3028 4274 eos
3070 4236 3099 4273 a
3133 4223 3457 4290 quibusdam
3490 4240 3578 4280 vo-

2005 4317 2142 4381 cari,
2181 4327 2236 4370 nt
2263 4332 2415 4370 amor
2459 4326 2554 4369 aut
2600 4317 2782 4370 odium
2839 4315 3156 4382 inspiretur,
3205 4323 3296 4367 aut
3330 4319 3572 4385 quaedam

2005 4411 2246 4464 actiones
2300 4410 2704 4476 impediantur,
2766 4416 2859 4459 aut
2921 4407 3202 4459 innumera
3267 4407 3574 4477 hujusmodi

2005 4504 2106 4556 alia
2148 4505 2298 4564 ﬁant,
2324 4517 2551 4570 quorum
2587 4511 2838 4554 auctores
2867 4510 2995 4552 sunt
3023 4499 3077 4560 ii,
3107 4499 3197 4567 qui
3239 4502 3576 4557 carminibus

2006 4594 2339 4664 magicisque
2369 4591 2832 4646 incantationibus
2865 4602 3064 4642 norunt
3098 4591 3356 4646 invocare
3400 4603 3454 4646 et
3483 4611 3572 4648 ar-

2002 4699 2217 4741 cessere
2252 4685 2528 4738 dtemones
2581 4683 2940 4751 simulatque
2979 4680 3189 4735 libitum
3241 4691 3342 4738 est.
3395 4684 3575 4752 Quare

1998 4778 2240 4835 omnium
2265 4778 2569 4832 daemOuum
2589 4777 2762 4830 cultus
2780 4777 2992 4830 alienus
3033 4787 3116 4831 est
3143 4793 3169 4828 a
3199 4776 3352 4830 nobis
3374 4790 3569 4831 summa

2001 4873 2092 4926 Dei
2122 4871 2438 4936 cultoribus,
2470 4880 2524 4924 et
2552 4872 2728 4923 cultus
2753 4872 3058 4923 darmouum
3084 4870 3261 4922 cultus
3276 4878 3362 4924 est
3383 4884 3572 4924 eorum

1998 4966 2087 5034 qui
2122 4959 2195 5017 dii
2222 4965 2492 5018 habentur
2524 4978 2538 5015 :
2570 4960 2763 5015 Omnes
2793 4963 2937 5016 enim
2971 4963 3044 5014 dii
3092 4963 3324 5031 gentium
3373 4962 3572 5014 dwmo~

1997 5058 2085 5108 nia
2118 5057 2182 5110 ‘3.
2217 5057 2328 5108 lloc
2370 5057 2530 5109 etiam
2562 5055 2687 5108 inde
2719 5055 2906 5124 liquet,
2959 5055 3103 5124 quod
3146 5056 3198 5107 in
3229 5054 3402 5107 sacris
3450 5069 3571 5120 qua:

1995 5149 2298 5204 eﬂicaciora
2328 5149 2652 5203 videbantur
2668 5163 2884 5205 arcana:
2916 5147 3175 5204 adhibita:
3207 5145 3412 5200 fuerint
3438 5159 3568 5199 evo—

1984 5409 2091 5460 τῶν
2127 5407 2308 5462 καλῶν
2336 5409 2734 5462 ἀποπέπτωκεν
2762 5405 2853 5460 τοῦ
2885 5405 3030 5458 θείου
3059 5405 3244 5476 νόμου.

2055 5480 2128 5549 (1)
2155 5479 2325 5534 Codd.
2353 5479 2486 5550 Reg.
2517 5479 2786 5539 et'Basil.,
2823 5476 3038 5539 αὐτούς.
3080 5473 3236 5530 Libb.
3267 5473 3420 5542 editi,
3447 5473 3565 5531 δαί-

2025 5567 2148 5604 ονας
2155 5592 2167 5604 .

1985 5567 2332 5683 μοῖῗῗδοιιᾱ.
2361 5619 2608 5673 Vatican.
2635 5626 2690 5674 et
2715 5617 2903 5684 Basil.,
2944 5615 3334 5688 νομιζομένων.
3395 5616 3557 5675 Libh.

1979 5691 2132 5754 editi,
2168 5689 2401 5759 ὀνομαζο
2410 5691 2603 5759 μένων.

2049 5762 2124 5832 (5)
2152 5757 2573 5832 Καέακλῖσεις.
2612 5757 2934 5832 Legeudum
2975 5759 3188 5832 videtur
3222 5763 3325 5814 hoc
3350 5761 3473 5818 loco
3505 5770 3560 5820 et

1977 5830 2134 5902 paulo
2170 5843 2313 5906 post,
2347 5830 2766 5900 κατακηλὴσεις,
2805 5831 2884 5885 vel
2920 5830 3307 5902 κατακλήσεις.

382 5406 490 5474 (97)
525 5407 688 5476 Lego,
737 5408 784 5458 εί
830 5406 886 5459 δὲ
925 5405 1126 5476 κυρίως
1167 5423 1250 5469 τις
1297 5407 1485 5463 ἀκούοι
1531 5408 1622 5463 τοῦ
1669 5409 1878 5462 διοικεῖ-

310 5477 452 5541 σθαι,
480 5478 571 5532 καὶ
597 5477 909 5531 διοικεῖσθαι
947 5479 1043 5549 μὲν
1075 5476 1240 5546 λέγοι.

378 5550 490 5612 (98)
523 5549 634 5602 Vox
689 5549 833 5601 κατά
886 5550 1040 5604 deest
1085 5549 1137 5603 in
1171 5557 1327 5604 antea
1359 5550 1535 5615 editis,
1580 5551 1676 5605 sed
1717 5552 1875 5605 resti-

310 5619 477 5671 lttilur
501 5635 531 5674 e
561 5620 746 5672 codice
784 5619 1017 5674 Joliano.

376 5690 487 5765 (99)
523 5690 690 5746 Codd.
730 5689 865 5765 Reg.
893 5699 946 5765 et
969 5691 1319 5765 Dasileensis.
1353 5692 1520 5763 κακία
1550 5692 1581 5765 ᾗ
1616 5692 1867 5765 πονηρία,

303 5756 424 5827 ἢδι¹
455 5761 673 5830 ἄγνοιαν
708 5756 1016 5825 τοῦνκαλοῦ,
1067 5763 1461 5816 ἀποπέπτωκεν
1491 5756 1582 5815 τοῦ
1614 5756 1869 5816 Gelon-vci-

306 5845 426 5899 μου.
455 5831 599 5890 Libri
631 5845 809 5889 autem
840 5834 985 5897 editi,
1025 5833 1275 5907 κακίανῆ
1304 5834 1562 5908 πονηρίαν
1589 5835 1621 5904 ἣ
1651 5835 1869 5905 ἄγνοιαν
