3972 6160
401 299 536 355 1567
1845 300 1947 355 0R]

2061 300 2173 355 NIS
3499 314 3637 371 1508

398 431 523 469 cum
551 430 617 470 eo
643 424 849 485 spectet
880 414 1217 470 rationabilis
1250 415 1425 479 cibus,
1475 415 1520 469 si
1555 416 1635 471 sic
1690 415 1836 487 loqui
1891 418 1941 470 l‘a

2076 417 2327 488 ξενισμοῦ
2384 420 2801 493 ἀποστρεφούσῃ
2851 422 3068 477 ἀκούειν
3106 424 3182 487 ὡς
3226 424 3514 498 ἀσυνήθων
3546 430 3651 483 τῶν

397 513 505 571 est,
529 516 588 559 ut
619 506 911 574 patientem
935 514 989 559 et
1030 516 1368 559 mansuetum
1395 506 1557 559 faciat
1578 520 1699 559 eum
1729 508 1819 576 qui
1843 507 1958 577 ipso

399 599 655 661 vescitur,
695 596 966 666 quomodo
993 611 1173 651 sermo
1200 597 1288 650 ille
1336 614 1438 651 non
1476 608 1619 653 esset
1642 600 1834 654 melius
1862 616 1959 670 ap-

398 696 636 757 paratus,
661 688 815 757 cujus
844 687 1041 741 virtute
1089 688 1239 741 multi
1287 690 1553 755 patientes
1582 700 1636 746 et
1694 694 1960 748 mansueti

396 778 696 832 redduntur
727 787 819 830 aut
853 778 905 831 in
932 778 1036 833 illis
1065 778 1353 832 virtutibus
1384 795 1707 850 progressus
1741 768 1961 849 faciuni,

396 885 557 939 quam
594 869 681 923 ille
699 870 790 938 qui
815 884 1015 938 paucos
1036 871 1320 925 admodum
1346 882 1397 926 et
1416 871 1573 928 facile
1600 876 1964 931 numerabiles

396 960 667 1030 patientes
692 969 744 1015 et
773 961 929 1015 mites
966 959 1146 1026 allicit,
1184 972 1243 1016 ut
1269 964 1389 1016 dem
1435 964 1519 1018 vel
1562 980 1764 1033 paucos
1801 965 1959 1022 elliei.

395 1050 858 1117 Quemadmodum
889 1053 1031 1106 enim
1065 1053 1110 1106 si
1153 1055 1273 1122 quis
1307 1055 1525 1112 Graecus
1557 1057 1839 1128 [Egyptios
1873 1067 1965 1112 aut

394 1143 562 1213 Syros
582 1143 917 1214 dogmatibus
948 1143 1138 1210 iuvare
1161 1146 1341 1210 vellet,
1378 1156 1502 1201 ante
1522 1151 1702 1202 omnia
1751 1150 1964 1205 discere

392 1246 612 1291 curaret
639 1236 942 1290 futurorum
981 1237 1287 1291 auditorum
1318 1237 1586 1308 linguam,
1618 1250 1672 1294 et
1711 1243 1960 1306 barbare,

397 1326 651 1381 utGrmci
686 1327 893 1391 dicunt,
943 1327 1085 1396 loqui
1116 1328 1299 1383 mallet
1333 1332 1397 1383 ad
1425 1330 1677 1385 virtutem
1702 1332 1967 1402 Egyptiis

390 1426 443 1472 et
465 1418 619 1487 Syris
638 1418 1084 1486 persuadendum,
1104 1435 1285 1488 quam,
1301 1431 1509 1474 servata
1528 1423 1742 1491 prepria
1764 1423 1965 1505 lingua,

391 1509 525 1562 nihil
551 1507 817 1577 Egyptiis
846 1507 1103 1578 autSyris
1129 1512 1512 1577 prodesse;sic
1536 1512 1723 1566 divina
1749 1522 1962 1577 natura,

390 1598 733 1654 cumGraecis
756 1614 861 1653 non
888 1601 1195 1654 eruditione
1225 1601 1390 1655 claris
1422 1610 1654 1667 tantum,
1679 1604 1773 1658 sed
1795 1604 1959 1658 etiam

390 1690 612 1759 reliquis
644 1690 972 1758 provideret,
1003 1705 1063 1745 se
1115 1691 1437 1761 ignorantia:
1472 1693 1834 1749 multitudinis
1878 1706 1962 1748 at-

2064 509 2277 562 τοιῶνδε
2317 508 2619 575 διαλέξεων.
2657 511 2765 563 Καὶ
2792 510 2898 582 γὰρ
2943 512 3097 585 εἴπερ
3128 514 3414 584 πρόκειται
3442 516 3545 587 τῷ,
3581 520 3647 573 ἵν’

2064 598 2232 662 οὕτως
2286 599 2553 669 ὀνομάσω,
2610 599 2812 668 λογικῷ
2869 599 3114 672 βρώματι
3187 602 3506 667 ἀνεξίκακον
3559 609 3649 661 καὶ

2065 693 2236 761 πρᾶον
2276 692 2495 762 ποιῆσαι
2537 692 2625 743 τὸν
2651 691 2989 761 ἐμφαγόντα·
3026 693 3143 756 πῶς
3183 696 3243 747 οὐ
3276 695 3482 764 βέλτιον
3514 715 3644 751 συν-

2064 783 2461 852 εσκευασμένος
2508 780 2572 833 ἂν
2600 780 2685 851 εἴη
2718 783 2746 833 ὁ
2790 782 2945 849 λόγος
2972 783 3082 853 (70)
3126 784 3155 835 6
3187 784 3364 855 πλήθη
3394 787 3647 853 ἀνεξικά-

2064 890 2174 927 κων
2226 875 2320 926 καὶ
2366 873 2552 945 πράων
2593 874 3014 937 κατασκευάζων
3052 875 3083 943 ἢ
3133 878 3549 945 προκοπτόντων
3583 899 3642 948 γε

2066 966 2156 1019 ἐπὶ
2186 964 2383 1027 ταύτας
2409 963 2506 1026 τὰς
2551 962 2750 1034 ἀρετὰς
2801 963 2952 1035 παρὰ
2982 966 3073 1017 τὸν
3106 967 3248 1019 πάνυ
3290 967 3502 1035 ὀλίγους
3551 974 3641 1025 καὶ

2065 1055 2478 1126 εὐαριθμήτους,
2528 1055 2615 1107 ἵνα
2649 1054 2743 1106 καὶ
2782 1054 2942 1107 τοῦτο
2974 1054 3121 1125 δοθῇ,
3162 1055 3517 1122 ἀνεξικάκους
3551 1061 3641 1113 καὶ

2065 1145 2270 1215 πράους
2298 1143 2552 1195 ποιοῦντα
2576 1159 2589 1206 ;
2629 1143 2837 1212 Ὥσπερ
2861 1142 2918 1193 δὲ
2965 1145 2993 1195 6
3024 1145 3148 1206 τοὺς
3177 1145 3638 1211 Αἰγυπτιάζοντας

2065 1238 2097 1309 ἢ
2131 1238 2255 1299 τοὺς
2286 1235 2648 1307 Συριάζοντας
2704 1234 2930 1303 ὠφελεῖν
2977 1236 3150 1303 ὑγιέσι
3197 1236 3424 1307 δόγμασι
3463 1238 3639 1307 βουλό-

2070 1346 2226 1399 μενος
2259 1327 2369 1399 (7-1)
2406 1327 2602 1396 Ἕλλην
2634 1327 2915 1398 τυγχάνων
2952 1328 3315 1398 προενοήσατο
3351 1328 3416 1381 ἂν
3452 1329 3638 1399 μαθεῖν

2065 1420 2163 1483 τὰς
2199 1419 2305 1471 τῶν
2338 1418 2717 1488 ἀκουσομένων
2763 1417 3090 1481 διαλέκτους,
3124 1419 3236 1482 καὶ,
3278 1419 3353 1482 ὡς
3387 1419 3638 1489 Ἕλληνες

2065 1509 2404 1581 ὀνομάζουσι,
2436 1508 2786 1579 βαρϐαρίζειν
2815 1508 3011 1578 μᾶλλον
3037 1509 3173 1581 ὑπὲρ
3206 1511 3304 1581 τῆς
3332 1511 3639 1579 Αἰγυπτίων

2067 1603 2160 1655 καὶ
2183 1602 2368 1672 Σύρων
2404 1597 2735 1669 βελτιώσεως
2777 1599 2809 1669 ἢ
2848 1600 3045 1669 Ἕλλην
3077 1600 3251 1670 μένων
3288 1602 3451 1672 μηδὲν
3484 1603 3639 1656 δύνα-

2067 1690 2188 1744 σθαι
2217 1690 2326 1759 (72)
2352 1690 2616 1758 χρήσιμον
2640 1687 2817 1755 λέγειν
2848 1689 3162 1756 Αἰγυπτίοις
3187 1691 3280 1743 καὶ
3301 1690 3510 1761 Σύροις·
3546 1691 3636 1744 οῦ-

389 1779 1102 1848 temperavit;utconsuetis
1134 1790 1290 1835 utens
1323 1782 1505 1835 verbis
1535 1783 1601 1837 ad
1631 1784 1947 1838 audiendum

2058 1797 2160 1843 τως
2193 1780 2225 1849 ή
2256 1777 2624 1850 προνοουμένη
2656 1776 2777 1831 θεία
2810 1777 2971 1845 φύσις
3002 1779 3062 1831 οὐ
3098 1778 3207 1831 τῶν
3241 1778 3637 1834 πεπαιδεῦσθαι

387 1870 629 1925 alliceret
677 1870 985 1939 imperitum
1019 1872 1231 1940 vulgus,
1266 1873 1407 1941 quod
1437 1882 1558 1939 post
1590 1874 1748 1928 istam
1781 1875 1949 1928 intro-

386 1964 696 2019 ductionem
729 1962 889 2018 facile
921 1964 1280 2034 possctetiam
1313 1966 1504 2019 altiora
1535 1980 1689 2019 sensa
1724 1966 1777 2018 in
1806 1965 1952 2019 Seri-

385 2055 561 2122 pturis
580 2053 850 2107 occultata
869 2054 1139 2108 intellectu
1160 2056 1394 2124 assequi.
1414 2055 1625 2110 Etenim
1640 2056 1724 2110 vel
1748 2054 1950 2109 homini

385 2160 416 2198 e
447 2145 603 2215 vulgo
632 2145 942 2213 Seripturas
972 2144 1171 2214 legenti
1203 2142 1546 2200 manifestum
1590 2148 1668 2211 lit,
1696 2146 1863 2201 multa
1897 2146 1950 2200 in

386 2238 452 2291 iis
482 2252 602 2291 esse
629 2236 837 2290 altioris
883 2236 1163 2290 sententia:
1198 2251 1359 2308 quam
1414 2254 1536 2308 qua:
1575 2238 1809 2307 primum
1853 2239 1950 2291 de-

384 2325 756 2395 prehenditur,
793 2325 836 2378 si
875 2325 1034 2378 modo
1064 2325 1169 2380 illis
1201 2328 1607 2394 perserutandis
1656 2342 1756 2381 nos
1789 2328 1947 2383 dedi-

386 2432 528 2481 mus,
555 2427 611 2472 et
639 2417 886 2472 altiorem
916 2416 1060 2469 illam
1106 2420 1429 2473 sententiam
1460 2435 1524 2475 eo
1546 2420 1709 2491 738
1733 2421 1951 2476 eviden-

385 2511 575 2564 tiorem
597 2510 732 2578 ﬁeri,
748 2526 855 2581 quo
872 2513 991 2582 plus
1005 2528 1181 2583 operae
1200 2527 1264 2567 ac
1281 2513 1444 2567 studii
1466 2513 1517 2566 in
1537 2528 1598 2568 ea
1617 2512 1948 2582 exquirenda

382 2602 734 2670 impenditur.

2054 1870 2418 1942 νομιζομένων
2456 1869 2611 1939 μόνον
2645 1868 2712 1921 τὰ
2766 1868 3052 1939 Ἑλλήνων,
3095 1869 3232 1922 ἀλλὰ
3263 1871 3358 1923 καὶ
3401 1872 3508 1924 τῶν
3539 1871 3643 1926 λοι-

2057 1963 2173 2015 πῶν
2211 1961 2472 2031 Ἐλλήνων
2502 1959 2633 2029 (75),
2669 1960 2979 2029 συγκατέϐη
3017 1963 3082 2030 τῇ
3111 1961 3348 2033 ἰδιωτείᾳ
3380 1962 3472 2015 τοῦ
3504 1962 3638 2032 πλή-

2057 2054 2182 2118 θους
2227 2052 2334 2105 τῶν
2384 2050 2766 2122 ἁκροωμένων’
2808 2050 2893 2103 ἵνα
2951 2053 3073 2113 ταῖς
3131 2050 3415 2121 συνήθεσιν
3457 2052 3637 2115 αὐτοῖς

2059 2144 2376 2218 χρησαμένη
2405 2141 2582 2207 λέξεσι
2621 2139 3027 2211 προκαλέσηται
3050 2141 3142 2193 ἐπὶ
3166 2140 3428 2210 ἀκρόασιν
3447 2141 3508 2193 τὸ
3531 2141 3636 2193 τῶν

2063 2235 2285 2290 ἰδιωτῶν
2335 2233 2557 2303 πλῆθος.
2591 2231 2885 2302 δυνάμενον
2934 2232 2993 2298 ἐξ
3045 2232 3301 2304 εὐχεροῦς
3353 2233 3488 2303 μετὰ
3539 2234 3636 2303 τὴν

2058 2327 2204 2390 άπαξ
2246 2323 2539 2394 γενομένην
2573 2323 2881 2393 εἰσαγωγὴν
2915 2321 3371 2393 φιλοτιμήσασθαι
3404 2324 3539 2395 πρὸς
3577 2324 3636 2378 τὸ

2057 2420 2151 2473 καὶ
2207 2416 2477 2488 βαθύτερα
2516 2413 2624 2466 τῶν
2674 2413 3072 2486 κεκρυμμένων
3106 2414 3390 2484 νοημάτων
3422 2417 3478 2467 ὲν
3519 2418 3635 2478 ταῖς

2056 2511 2299 2581 Γραφαῖς
2336 2504 2673 2559 καταλαϐεῖν.
2706 2504 2818 2556 Καὶ
2848 2502 2925 2574 τῷ
2954 2503 3169 2574 τυχόντι
3200 2503 3306 2574 γὰρ
3321 2504 3476 2574 δῆλον
3508 2505 3635 2556 ταύ-

2054 2618 2152 2664 τας
2173 2597 2514 2668 γινώσκοντι,
2550 2597 2630 2648 ὅτι
2672 2594 2840 2648 πολλά
2869 2592 3161 2665 βαθύτερον
3207 2593 3318 2665 (74)
3350 2592 3443 2646 τοῦ
3477 2594 3635 2645 αὑτό-

381 2692 472 2745 θεν
500 2696 893 2766 ὲμφαινομένου
921 2697 1062 2769 ἔχειν
1086 2698 1304 2754 δύναται
1349 2700 1472 2755 νοῦν
1517 2705 1629 2766 τοῖς
1667 2700 1995 2755 ἀνατιθεῖσιν
2033 2697 2229 2758 αὐτοὺς
2276 2697 2341 2765 τῇ
2383 2691 2624 2759 ἐξετάσει
2676 2688 2770 2744 τοῦ
2829 2689 3005 2758 λόγου,
3050 2688 3449 2760 φανερούμενον
3493 2687 3631 2741 κατὰ

377 2785 475 2854 τὴν
500 2786 786 2852 ἀναλογίαν
808 2788 906 2858 τῆς
932 2790 1010 2852 εἰς
1046 2788 1135 2842 τὸν
1174 2790 1327 2859 λόγον
1364 2793 1575 2865 σχολῆς,
1612 2794 1704 2847 καὶ
1730 2796 1807 2857 εἰς
1835 2793 1933 2862 τὴν
1965 2790 2196 2859 ἄσκησιν
2231 2784 2391 2838 αὑτοῦ
2427 2782 2757 2853 προθυμίας.
3222 2794 3225 2797 ·

448 2879 536 2935 (il.
570 2881 646 2933 Ex
678 2881 761 2935 his
798 2881 1028 2936 edicitur
1058 2883 1107 2938 id
1157 2886 1298 2954 quod
1351 2889 1629 2953 ruSticius,
1682 2897 1741 2942 ut
1790 2888 1946 2943 Celso

2123 2880 2333 2935 Οὐκοῦν
2401 2875 2866 2938 κατεσκεύασται,
2923 2874 3033 2936 ὅτι,
3089 2873 3164 2937 ὣς
3219 2890 3350 2945 φησι
3406 2871 3628 2936 Κέλσος,

378 2975 615 3042 videtur,
670 2976 805 3029 dixit
860 2975 1051 3032 Jesus:
1096 2979 1420 3036 Percutiemi
1474 2994 1522 3037 te
1553 2986 1608 3038 in
1651 2986 1943 3051 maxillam,

2058 2971 2432 3044 ἀγροικότερον
2475 2966 2644 3021 εἰπὼν
2683 2967 2710 3017 ὁ
2767 2965 2992 3034 Ἰησοῦς,
3029 2964 3112 3030 Τῷ
3140 2964 3421 3018 τύπτοντί
3450 2978 3521 3017 σε
3544 2966 3630 3028 εις

377 3064 548 3129 praebe
576 3063 656 3116 illi
676 3073 722 3117 et
750 3064 1004 3130 alterunt;
1031 3077 1075 3118 et
1107 3069 1153 3120 ei
1177 3070 1266 3139 qui
1291 3071 1397 3123 vult
1421 3081 1588 3125 (ecum
1605 3074 1813 3142 judicio
1830 3091 1947 3127 con-

2058 3064 2165 3133 τὴν
2196 3062 2447 3130 σιαγόνα
2477 3058 2699 3127 πᾴρεχε
2730 3056 2827 3109 καὶ
2867 3056 2979 3124 τὴν
3022 3054 3237 3122 ἄλλην·
3290 3055 3388 3108 καί
3426 3054 3505 3119 τῷ
3541 3054 3632 3107 θὲ-

378 3155 586 3207 tendere
634 3164 679 3207 et
732 3155 961 3208 tunicam
1004 3165 1150 3209 tuam
1183 3160 1381 3224 tollere,
1411 3162 1613 3217 dimitte
1643 3174 1693 3217 et
1726 3164 1947 3233 pallium

2058 3154 2219 3209 λοντί
2266 3168 2365 3205 σοι
2411 3150 2685 3219 κριθῆναι
2719 3146 2818 3200 καὶ
2866 3147 2972 3199 τὸν
3004 3145 3225 3216 χιτῶνά
3275 3162 3390 3201 σου
3428 3146 3631 3200 λαϐεῖν

376 3243 446 3309 ⁸⁸,
467 3242 585 3311 plus
616 3243 870 3299 utilitatis
900 3246 967 3299 ad
993 3248 1157 3301 vitam
1183 3251 1456 3315 attulisse,
1488 3254 1567 3307 sie
1587 3256 1945 3325 enuntiatum,

378 3348 537 3401 quam
572 3332 710 3386 idem
737 3333 790 3387 in
819 3333 1040 3389 Critone
1078 3337 1277 3392 dictum
1305 3354 1333 3391 a
1369 3340 1609 3407 Platone,
1639 3358 1800 3413 quem
1855 3360 1949 3400 ne-

376 3423 504 3475 dum
532 3422 822 3492 intelligere
854 3425 1064 3493 possint
1093 3426 1291 3493 idiotae,
1321 3432 1408 3483 vix
1457 3430 1606 3486 illum
1643 3434 1950 3504 intelligunt

379 3512 413 3565 ii
445 3514 567 3583 qui,
601 3514 913 3577 liberalibus
938 3517 1237 3590 disciplinis
1270 3520 1543 3587 instructi,
1576 3525 1642 3578 ad
1679 3525 1947 3581 celebrem

380 3605 692 3667 Graecorum
732 3612 1127 3682 philosophiam
1159 3613 1442 3670 accedunt.
1481 3614 1948 3674 Considerandum

374 3714 640 3772 praeterea
678 3718 1005 3776 praeceptum
1056 3708 1121 3764 de
1151 3708 1412 3779 patientia
1446 3709 1739 3768 humilibus
1768 3716 1947 3771 verbis

374 3809 480 3849 non
502 3796 812 3864 depravari;
836 3800 1064 3868 proinde
1082 3816 1286 3855 meram
1317 3818 1439 3859 esse
1456 3804 1593 3859 Celsi
1619 3806 1945 3863 calumniam

375 3890 517 3953 quod
557 3890 658 3942 ait:
698 3890 799 3943 Sed
853 3892 918 3945 de
950 3893 1014 3946 iis
1044 3903 1091 3945 et
1129 3893 1269 3960 aliis,
1314 3912 1432 3963 qua:
1475 3898 1786 3966 depravant,
1833 3900 1943 3956 haec

374 3977 667 4046 sufﬁciant.
704 3980 954 4050 Quisquis
984 3984 1140 4052 plura
1192 3986 1595 4054 desideraverit,
1634 3992 1790 4058 facile
1837 3994 1944 4061 ipse

375 4077 663 4136 cognoscet.

450 4221 534 4277 62.
564 4225 674 4293 Age
712 4240 876 4292 nunc,
903 4226 1181 4284 videamus
1205 4246 1323 4298 qua:
1357 4242 1680 4299 sequuntur.
1707 4236 1799 4293 Sic
1824 4239 1940 4293 ille:

375 4309 533 4370 Nunc
587 4317 655 4368 ad
698 4317 825 4370 alia.
879 4316 1045 4372 Ferre
1100 4336 1202 4374 non
1260 4333 1475 4390 possunt
1530 4326 1753 4392 templa,
1798 4345 1941 4392 aras,

373 4406 675 4460 simulacra.
726 4406 829 4462 Sed
882 4428 1043 4482 neque
1100 4411 1326 4483 Scythia,
1380 4427 1543 4487 neque
1588 4416 1851 4473 Nomades
1885 4422 1940 4476 in

2050 3246 2198 3316 ἄφες
2233 3245 2329 3298 καὶ
2365 3243 2431 3296 τὸ
2476 3242 2728 3311 Ιμάτιον,
2781 3236 3201 3309 βιωφελέστερον
3242 3238 3494 3309 κεκίνηκε
3539 3236 3631 3289 τὸν

2049 3339 2205 3406 λόγον
2226 3337 2320 3390 καὶ
2350 3336 2692 3406 παρέστησεν
2719 3330 2891 3394 οὕτως
2924 3330 3091 3386 εἰπὼν
3122 3330 3154 3399 ἢ
3193 3331 3268 3392 ὡς
3300 3331 3357 3383 ὲν
3385 3329 3461 3400 τῷ
3489 3328 3627 3398 Κρί-

2048 3447 2177 3483 τωνι
2208 3428 2453 3491 Πλάτων,
2482 3420 2541 3481 οἶ)
2574 3425 2692 3496 μηδ’
2714 3421 2932 3477 ἀκούειν
2969 3421 3175 3473 ἰδιῶται
3200 3420 3474 3483 δύνανται,
3497 3418 3629 3472 ἀλλά

2053 3518 2209 3589 μόγις
2238 3519 2287 3570 οἰ
2320 3516 2388 3569 τά
2432 3515 2691 3584 ἐγκύκλια
2726 3513 2830 3584 πρὸ
2856 3512 2957 3577 τῆς
2998 3507 3199 3577 σεμνῆς
3245 3507 3505 3578 Ἑλλήνων
3538 3524 3598 3574 cpt
3618 3525 3633 3551 λ

2049 3608 2306 3677 λοσοφίας
2341 3607 2450 3676 (75)
2488 3604 2887 3675 μεμαθηκότες.
2925 3597 3295 3664 Κατανοητέον
3321 3597 3377 3648 δὲ
3409 3598 3521 3659 καὶ,
3551 3595 3629 3649 ὅτι

2048 3702 2109 3753 οῦ
2131 3698 2560 3771 παραφθείρεται
2604 3696 2631 3746 6
2664 3695 2791 3764 περὶ
2835 3688 3181 3759 ἀνεξικακίας
3216 3686 3342 3756 ν’θῧς
3385 3686 3490 3740 ὑπὸ
3530 3687 3626 3760 τῆς

2047 3790 2155 3843 τῶν
2184 3789 2378 3855 λέξεων
2412 3785 2698 3848 εὐτελείας·
2728 3783 2861 3837 ἀλλὰ
2894 3785 2988 3836 καὶ
3017 3784 3074 3837 ὲν
3100 3782 3272 3854 τούτῳ
3300 3786 3625 3853 συκοφαντεῖ

2044 3880 2136 3934 τὸν
2163 3879 2317 3947 λόγον
2351 3881 2379 3931 ό
2408 3878 2613 3941 Κέλσος
2644 3878 2834 3947 λέγων’
2891 3877 3067 3931 Ἀλλὰ
3107 3874 3291 3928 τῶνδε
3327 3874 3441 3944 μὲν
3490 3874 3623 3943 πέρι

2044 3970 2142 4023 καί
2178 3968 2403 4031 ἄλλων,
2444 3967 2560 4022 ὅσα
2588 3968 3121 4037 παραφθείρουσιν,
3149 3966 3398 4034 ἀρκείτω
3435 3964 3505 4017 τὰ
3546 3968 3623 4020 εἰ-

2038 4060 2290 4130 ρημένασ
2315 4060 2413 4114 καὶ
2439 4060 2553 4129 ὅτῳ
2578 4062 2759 4130 φίλον
2777 4060 2875 4114 ἐπὶ
2899 4060 3089 4114 πλέον
3118 4076 3173 4111 τι
3194 4056 3391 4111 αὐτῶν
3410 4057 3617 4125 ζητεῖν,

2046 4154 2294 4208 εἵσεται.

2114 4245 2251 4315 Φέρε
2301 4244 2378 4308 δὲ,
2436 4244 2633 4313 ἴδωμεν
2684 4243 2776 4297 καὶ
2812 4244 2880 4297 τὰ
2911 4241 3056 4312 ἑξῆς,
3088 4243 3143 4293 ἐν
3198 4233 3278 4303 οἷς
3320 4237 3491 4294 ταῦτά
3520 4256 3623 4310 φηα

2049 4352 2118 4388 σι·
2153 4334 2392 4404 Στῶμεν
2422 4333 2474 4387 δ’
2509 4334 2753 4389 ἐκεῖθεν·
2788 4336 2909 4388 Οὐκ
2942 4332 3255 4401 ἀνέχονται
3284 4332 3431 4398 νεὼς
3452 4331 3622 4400 ὁρῶν-

2049 4442 2168 4491 τες,
2202 4427 2301 4479 καὶ
2337 4427 2600 4495 βωμοὺς,
2636 4427 2731 4478 καὶ
2776 4424 3105 4493 ἀγάλματα.
3147 4423 3298 4477 Οὐδὲ
3334 4426 3441 4494 γὰρ
3466 4425 3619 4477 Σκύ-

374 4497 558 4568 Libya,
589 4516 750 4568 neque
782 4500 935 4556 Seres
966 4504 1160 4558 nullius
1188 4507 1270 4559 dei
1312 4507 1559 4573 cultores,
1614 4528 1775 4582 neque
1817 4529 1942 4582 gen-

2058 4519 2141 4569 θαι
2171 4516 2367 4579 τοῦτο,
2409 4516 2551 4570 οὐδὲ
2598 4516 2826 4569 Λιϐύων
2853 4519 2906 4569 ol
2935 4514 3221 4583 Νομάδες,
3254 4514 3396 4568 οὐδὲ
3432 4513 3620 4580 Σῆρες

373 4599 447 4643 tes
489 4590 613 4644 alia:
657 4592 829 4659 impim
867 4600 915 4645 et
958 4594 1216 4648 barbarae.
1249 4594 1314 4648 In
1345 4597 1442 4650 hac
1490 4595 1684 4654 Persas
1741 4605 1936 4656 versari

442 4743 487 4773 ιε
517 4741 704 4795 Matth.
732 4758 787 4810 v,
815 4744 903 4811 39,
935 4743 1023 4798 to.

440 4922 550 5001 (:19)
583 4922 849 5001 Ilmsehel.
894 4936 955 5001 et
1004 4924 1285 5001 Sp_e_rr_eer._,
1331 4928 1800 5001 συσκευασάμενος
1844 4930 1929 5001 εἴη

367 4992 433 5046 ἂν
461 4992 633 5059 λόγος,
680 4992 772 5046 sed
806 4995 996 5047 melius
1034 4996 1323 5050 Philocalia
1366 5009 1423 5050 ut
1453 4999 1501 5049 in
1535 4992 1723 5051 ιιοείΓο
1758 4992 1929 5052 textu:

371 5062 508 5138 Infra
537 5062 723 5115 eadem
748 5062 1060 5138 lihiloealia,
1084 5065 1169 5117 ἵνα
1196 5067 1289 5119 καὶ
1313 5066 1467 5120 τοῦτο
1486 5066 1632 5138 δοθῇ.
1657 5067 1927 5123 Haaseth

368 5141 424 5187 et
456 5131 734 5197 Speneer.,
765 5132 851 5184 ἵνα
877 5132 1023 5197 δοθῇ.

438 5199 549 5271 (71)
585 5199 937 5290 ἰξίξδᾱὶὶρι.“θι
976 5199 1279 5290 "Spe‘ncern
1321 5204 1505 5290 ὥσπερ
1553 5204 1609 5290 δέ
1638 5207 1702 5289 ,εἰ
1729 5208 1766 5290 ,ὁ
1803 5207 1929 5290 τοὺς

367 5270 826 5344 ᾼ-ἰγυπτιάζοντας
856 5272 889 5342 ἢ
914 5270 1041 5337 τοὺς
1082 5272 1437 5344 ξυριάζοντας
1463 5270 1688 5342 ὠφελεῖν
1721 5276 1927 5343 ὑγιέσιν

366 5340 629 5411 δόγμασιν
677 5340 943 5407 ἐϐούλετο,
996 5354 1052 5399 at
1081 5340 1373 5399 Philocalia
1410 5340 1611 5398 rectius
1656 5357 1713 5397 ut
1740 5340 1793 5397 in
1828 5362 1927 5399 n0-

370 5423 482 5463 ειη)
511 5419 679 5464 textu.

397 5471 549 5553 κη)
599 5479 821 5553 ξἰιίιοςη
876 5480 909 5551 ἢ
959 5482 1154 5553 Ἕλλην
1208 5483 1380 5553 μένων
1431 5483 1594 5553 μηδὲν
1646 5479 1927 5537 δύνασθαι·

369 5546 638 5623 thsclLel.
670 5559 727 5623 et
759 5546 1038 5623 Spencer.,
1066 5546 1323 5623 ἦ’“Ελλην
1379 5546 1504 5623 μέν’
1529 5555 1603 5617 ὡς
1649 5555 1720 5623 μὴ
1764 5553 1931 5607 δύνα-

370 5618 511 5668 σθαι.
554 5617 717 5671 Paulo
768 5617 888 5690 post
934 5617 1167 5689 Philem,
1215 5617 1390 5687 οὕτως
1430 5625 1461 5697 ἡ
1516 5617 1929 5697 προνοησαμένη

369 5684 485 5739 θεία
518 5685 693 5739 φύσις.

404 5701 485 5736 εια
518 5701 693 5755 φυσις,

2046 4611 2098 4662 ol
2132 4606 2311 4670 ἄθεοι,
2341 4607 2465 4661 οὐδ’
2499 4606 2658 4661 ἄλλα
2675 4608 2819 4674 ἔθνη
2846 4606 2916 4659 τὰ
2941 4604 3358 4675 δυσαγέστατα
3379 4606 3471 4658 καὶ
3490 4606 3623 4661 dro-

2110 4936 2219 5007 (75)
2260 4937 2588 5001 Ἑλλήνων.
2650 4940 2757 4994 Aut
2804 4941 3093 4996 delendum
3130 4943 3341 4997 videtur
3376 4952 3467 4998 aut
3499 4957 3623 4998 mu-

2039 5007 2254 5078 tandum
2297 5008 2349 5058 in
2381 5007 2699 5078 ἀνθρώπων.

2107 5075 2218 5145 (74)
2246 5078 2451 5131 Πολλὰ
2469 5075 2826 5145 βαθύτερον,
2869 5087 2976 5135 etc.
3022 5080 3096 5134 Ita
3127 5080 3450 5136 Philoealia.
3491 5081 3618 5136 Hm-

2036 5144 2272 5199 srhelius
2322 5156 2503 5199 autem
2553 5156 2606 5199 et
2658 5144 2985 5215 Speneerus,
3037 5151 3203 5205 πολὺν
3254 5152 3349 5204 τοῦ
3393 5152 3621 5206 αὐτόθεν

2036 5215 2431 5300 ἐμφαινομένου
2462 5216 2772 5300 βαθύτερον.
2834 5218 3000 5300 Paulo
3031 5232 3171 5288 post.
3206 5220 3441 5300 Philoez.
3472 5222 3618 5300 κατὰ

2034 5285 2133 5366 τὴν
2158 5285 2471 5353 ἀναλογίαν.
2505 5285 2775 5342 Ηωςρὶιει.
2802 5300 2857 5342 et
2881 5285 3162 5357 Spencer.,
3193 5290 3333 5344 κατὰ
3361 5290 3458 5361 τὴν
3484 5292 3621 5345 ἀνά-

2035 5370 2093 5406 Αο
2099 5370 2192 5407 γον
2199 5392 2213 5406 .

2254 5423 2695 5499 [lwseheliuswin
2727 5436 2891 5499 textu,
2949 5429 3112 5499 μόνης
3162 5431 3211 5482 oi
3242 5429 3313 5499 ea
3349 5418 3620 5496 ἐγκύκλια.

2037 5493 2171 5567 προς
2202 5493 2317 5567 τῆς
2350 5495 2551 5565 σεμνῆς
2595 5496 2859 5567 Ἑλλήνων
2896 5493 3228 5566 φιλοσοφίας.
3300 5493 3615 5553 Lectione-tu

2036 5563 2346 5619 Philocaliae
2378 5563 2562 5635 utpote
2598 5563 2878 5623 meli'orem
2908 5563 2981 5623 'in
3030 5563 3180 5624 testu
3211 5577 3394 5624 nostro
3425 5568 3622 5639 sequi-

2041 5649 2175 5689 mur.

3914 2904 3929 2969 l
