3972 6160
333 309 361 366 1
374 311 474 366 509

1500 309 1782 367 CONTRA
1814 309 2090 366 CELSUM
2131 309 2260 366 LIB.
2304 309 2419 364 VII.

3448 311 3586 365 1510

332 429 585 484 αώτατα.
616 430 734 484 Ὅτι
758 430 826 484 δὲ
851 430 948 484 καὶ
967 430 1188 500 Πέρσαι
1208 431 1394 499 οὕτως
1419 433 1763 503 νομίζουσιν
1778 433 1908 504 (76),

2015 435 2290 499 sententia,
2324 441 2545 486 testatur
2565 431 2865 487 Herodotus
2902 429 2982 484 his
3021 428 3224 484 verbis:
3246 428 3370 485 Scio
3399 427 3586 484 Persas

341 521 647 588 Ἡρόδοτος
674 521 746 574 ἐν
769 521 970 577 ,τοῖσδε
1017 522 1260 590 ἱστορεῖ·
1317 542 1336 574 ι
1389 525 1626 591 Πέρσας
1670 524 1739 577 δὲ
1775 521 1908 578 οῖδα

333 614 567 682 νόμοισι
599 612 802 666 τοῖσδε
827 613 1212 682 χρεομένους.
1267 614 1593 684 Ἆγάλματα
1623 617 1758 682 μὲν,
1807 617 1905 669 καὶ

331 705 590 774 βωμοὺς,
641 706 740 758 καὶ
794 705 980 771 ναοὺς
1024 709 1135 760 οὐκ
1193 707 1262 759 ἐν
1306 709 1468 776 νόμῳ
1517 708 1908 777 ποιευμένους

334 793 657 861 ἱδρύεσθαι,
683 793 842 848 ἀλλὰ
871 796 968 848 καὶ
1001 794 1158 848 τοῖσι
1183 795 1423 848 ποιοῦσι
1445 798 1679 866 μωρίην
1704 797 1907 866 ἐπιφέ-

330 901 565 952 ρουσινο
592 885 672 950 ὠς
697 885 809 954 μὲν
834 886 962 955 ἐμοὶ
1007 886 1221 951 δοκέει,
1256 886 1404 940 διότι
1452 889 1562 942 οὐκ
1607 890 1899 956 ἀνθρωπο-

333 975 522 1042 φυέας
548 975 836 1043 ἐνόμισαν
849 975 991 1041 τοὺς
1016 975 1205 1041 θεοὺς,
1238 975 1500 1044 καθάπερ
1516 981 1568 1031 οὶ
1592 978 1906 1044 Ἕλληνες,

332 1062 503 1120 εἶναι.
547 1083 566 1117 ι
604 1067 712 1121 Καὶ
761 1066 889 1135 μὴν
921 1067 1017 1120 καὶ
1046 1068 1415 1136 Ἡράκλειτος
1458 1059 1573 1120 ὦδέ
1605 1082 1730 1132 πως
1758 1069 1907 1121 ἀπου

333 1157 621 1224 φαίνεται⁹
663 1175 682 1208 ‹
724 1157 832 1211 Καὶ
859 1158 982 1223 τοῖς
1005 1157 1308 1228 ἀγάλμασι
1345 1158 1680 1212 τουτέοισιν
1707 1158 1911 1226 εὔχον-

332 1265 448 1312 ται,
481 1248 682 1302 όκοῖον
707 1249 764 1302 εἴ
798 1267 888 1315 τις
916 1249 1039 1314 τοῖς
1055 1249 1288 1318 δόμοισι
1316 1250 1426 1319 (77)
1457 1250 1905 1318 λεσχηνεύοιτο,

334 1339 472 1392 οὔτε
493 1339 833 1410 γιγνώσκων
857 1340 1031 1404 θεοὺς
1054 1339 1178 1393 οὐδ’
1209 1340 1425 1407 ἥρωας,
1458 1339 1676 1405 οἵτινές
1706 1341 1846 1396 εἱσι.
1887 1358 1905 1390 ι

338 1429 400 1482 Τί
423 1430 571 1498 γοῦν
621 1430 961 1500 σοφώτερον
997 1431 1102 1484 τοῦ
1143 1432 1517 1498 Ἡρακλείτου
1564 1431 1720 1500 ἡμᾶς
1751 1431 1913 1485 διδά-

332 1533 626 1583 σκουσιν;
669 1522 722 1573 Ὀ
758 1521 873 1590 μέν
916 1538 982 1590 τε
1007 1520 1172 1590 μάλα
1203 1522 1548 1590 ἀπορῤήτως
1585 1525 1914 1594 ὑποσημαί-

331 1628 421 1663 νει
454 1612 689 1679 ἠλίθιον
730 1612 796 1665 τὸ
833 1612 956 1678 τοῖς
983 1612 1327 1683 ἀγάλμασιν
1365 1616 1648 1684 εὔχεσθαι
1677 1617 1784 1670 ἐὰν
1825 1617 1910 1686 μὴ

331 1700 635 1771 γιγνώσκῃ
684 1719 772 1768 τις
825 1703 998 1770 θεοὺς
1038 1705 1136 1757 καὶ
1195 1704 1413 1772 ἥρωας,
1468 1705 1686 1773 οἵτινές
1732 1709 1909 1761 εἰσιν.

2012 527 2092 578 his
2120 525 2196 577 uti
2212 524 2409 591 legibus
2428 539 2446 576 :
2469 523 2774 588 simulacra,
2799 538 2946 588 aras,
2969 521 3160 590 templa
3184 521 3419 574 construi
3441 521 3587 574 nulla

2012 633 2188 670 eorum
2220 615 2302 669 lea:
2323 615 2497 684 jubet,
2525 617 2629 668 imo
2646 613 2786 681 apud
2818 630 2905 667 eos
2928 614 3184 666 habentur
3208 614 3589 681 stultiquihwc

2013 717 2344 760 construunt.
2379 705 2544 773 Cujus
2564 707 2638 760 rei
2667 708 2802 758 ratio
2833 715 2908 758 est
2934 721 3048 758 mea
3075 704 3284 774 quidem
3304 705 3584 767 sententia,

2012 798 2150 864 quod
2177 797 2301 850 deos
2349 813 2414 850 ea:
2463 797 2764 850 hominibus
2810 805 2954 848 ortos
2989 811 3093 848 non
3145 794 3494 856 arbitrentur,
3531 804 3587 844 ut

2015 883 2184 940 σταντὶ
2203 887 2270 938 ⁵³.
2290 885 2588 940 Heraclitus
2603 899 2805 953 quoque
2818 885 2891 936 sic
2911 882 3105 936 alicubi
3122 881 3372 952 loquitur.
3392 881 3460 935 Et
3478 881 3587 935 illis

2014 976 2318 1030 simulacris
2342 992 2517 1044 preces
2545 975 2796 1043 offerunt,
2826 975 2975 1044 quasi
3004 974 3048 1027 si
3080 975 3200 1042 quis
3227 991 3344 1026 cum
3373 974 3588 1042 parieti-

2016 1071 2109 1122 bus
2145 1068 2459 1137 colloquium
2486 1069 2720 1128 haberet,
2762 1065 2982 1134 ignarus
3016 1067 3143 1133 quid
3180 1068 3284 1119 sint
3337 1066 3433 1127 dii,
3461 1065 3584 1134 quid

2015 1159 2119 1212 sint
2179 1159 2384 1213 heroes.
2452 1159 2518 1213 Et
2566 1161 2693 1229 quid
2752 1160 2830 1212 illi
2895 1176 2987 1213 nos
3049 1161 3232 1212 docent
3286 1156 3587 1212 Heraclitea

2015 1249 2270 1303 sententia
2315 1250 2647 1315 sapientius?
2683 1249 2784 1303 Ille
2832 1249 2968 1302 clam
3021 1249 3318 1302 subindicat
3366 1249 3586 1300 stultum

2016 1356 2126 1394 esse
2151 1356 2324 1407 preces
2353 1340 2489 1409 ferre
2549 1342 2868 1406 simulacris,
2908 1341 3007 1394 nisi
3068 1349 3413 1407 cognoscatur
3459 1340 3586 1407 quid

2016 1433 2122 1484 sint
2167 1432 2263 1495 dii,
2291 1431 2418 1500 quid
2456 1433 2656 1486 heroes.
2689 1431 2778 1487 Sic
2814 1431 3134 1492 Heraclitus,
3161 1429 3241 1481 illi
3269 1445 3386 1483 vero
3439 1428 3587 1484 nulla

2017 1526 2316 1592 exceptione
2350 1525 2636 1577 simulacra
2663 1533 3017 1579 contemnunt.
3053 1521 3110 1577 Si
3146 1523 3285 1584 ideo,
3328 1524 3464 1592 quod
3494 1539 3586 1576 nec

2018 1632 2174 1695 lapis,
2207 1633 2528 1702 neclignum,
2571 1651 2661 1688 nec
2691 1653 2784 1700 (es,
2842 1652 2934 1688 nec
2987 1650 3177 1687 aurum
3211 1634 3350 1704 quod
3380 1636 3462 1688 hic
3490 1644 3585 1688 aut

2016 1720 2107 1775 ille
2132 1723 2397 1792 expolivit,
2419 1723 2554 1776 Deus
2577 1739 2686 1776 esse
2709 1724 2891 1793 possit,
2919 1722 3146 1776 ridicula
3173 1723 3283 1775 ha'c
3303 1725 3581 1793 sapientia.

338 1792 711 1860 Ἡράκλειτος
745 1795 861 1863 μὲν
899 1796 1104 1861 οὕτως·
1140 1800 1194 1850 οὶ
1227 1797 1294 1849 δὲ
1325 1797 1605 1866 ἄντικρυς
1643 1797 1714 1850 τὰ
1739 1797 1908 1868 ἀγάλ·

2016 1813 2209 1879 Ecquis
2253 1815 2388 1866 enim
2444 1815 2545 1866 nisi
2605 1831 2822 1883 prorsus
2859 1814 3106 1881 desipiat,
3154 1815 3263 1867 haec
3315 1815 3435 1869 deos
3475 1832 3587 1870 esse

329 1901 487 1953 ματα
514 1883 912 1952 ἀτιμάζουσιν.
947 1889 1017 1938 El
1037 1886 1173 1954 μὲν,
1209 1885 1298 1940 ὅτι
1321 1887 1513 1952 λίθος,
1548 1888 1584 1955 ἢ
1618 1887 1830 1952 ξύλον,
1872 1888 1908 1958 ἢ

2015 1905 2230 1972 iudicet,
2288 1921 2390 1957 ιιοιι
2416 1921 2531 1958 vero
2585 1906 2725 1958 dona
2783 1905 2886 1958 diis
2933 1914 3238 1958 consecrata
3307 1922 3586 1976 eorumque

335 1973 583 2042 χαλκὸς,
614 1973 652 2042 ἢ
684 1975 934 2043 χρυσὸς,
969 1975 1041 2028 ὃν
1069 1979 1101 2029 ό
1132 1975 1299 2030 δεῖνα
1327 1975 1365 2044 ἢ
1393 1980 1425 2030 o'
1450 1976 1617 2031 δεῖνα
1645 1978 1914 2047 εἰργάσα-

335 2067 421 2126 το,
445 2067 554 2118 οὐκ
575 2064 651 2118 ἂν
677 2065 770 2133 εἴη
801 2064 954 2131 θεὸς,
992 2067 1194 2135 γελοία
1229 2067 1267 2135 η
1310 2069 1513 2136 σοφία·
1546 2069 1638 2134 τίς
1682 2070 1777 2138 Γὰρ
1813 2071 1913 2125 καὶ

334 2154 544 2221 ἄλλος,
578 2158 630 2209 εὶ
655 2156 740 2226 μὴ
768 2155 963 2224 πάντη
999 2157 1234 2223 νήπιος,
1268 2158 1454 2212 ταῦτα
1478 2159 1701 2228 ἡγεῖται
1717 2162 1908 2228 θεοὺς,

331 2247 493 2300 ἀλλὰ
539 2248 686 2301 θεῶν
726 2248 836 2318 (78)
884 2249 1231 2318 ἀναθήματα
1260 2251 1357 2304 καὶ
1385 2251 1726 2322 άγάλματιη
1750 2257 1803 2308 el
1850 2254 1900 2306 δ’
1955 2261 1958 2264 ”

332 2336 420 2390 ὅτι
445 2339 601 2407 μηδὲ
644 2341 804 2406 θείας
839 2341 1075 2406 εἰκόνας
1103 2343 1504 2410 ὑποληπτέον,
1549 2343 1749 2413 ἄλλην
1797 2346 1906 2415 γὰρ

330 2425 483 2483 εἶναι
509 2431 656 2485 Θεοῦ
682 2431 944 2501 μορφὴν,
973 2431 1175 2500 ὥσπερ
1205 2434 1304 2490 xal
1321 2433 1581 2502 Πέρσαις
1610 2435 1790 2490 δοκεῖ’
1817 2441 1909 2490 λε-

2009 1994 2338 2049 simulacra?
2363 1994 2458 2049 Sin
2486 2006 2670 2063 putant
2701 2013 2862 2066 neque
2895 1997 3150 2064 imagines
3190 2013 3299 2050 esse
3345 1998 3583 2059 deorum,

2007 2085 2261 2155 siquidem
2309 2085 2420 2138 alia
2453 2087 2521 2139 sit
2566 2087 2784 2138 deorum
2828 2086 3021 2154 forma,
3071 2086 3125 2140 id
3162 2087 3298 2154 quod
3329 2097 3374 2138 et
3406 2084 3585 2141 Persis

2008 2176 2173 2229 visum
2196 2185 2292 2240 est,
2319 2193 2373 2228 se
2390 2177 2488 2245 ipsi
2506 2177 2855 2240 imprudentes
2885 2177 3256 2233 condemnant.
3274 2177 3432 2230 Aiunt
3448 2179 3584 2230 enim

2011 2266 2178 2320 Deum
2203 2268 2460 2321 hominem
2485 2267 2666 2334 fecisse
2694 2266 2964 2335 propriam
2993 2267 3294 2335 imaginem,
3317 2277 3367 2320 et
3414 2267 3585 2334 forma

2011 2357 2111 2410 sibi
2139 2357 2237 2426 ipsi
2277 2358 2516 2410 similem.
2572 2356 2674 2411 Sed
2705 2357 2986 2410 concedent
3045 2357 3252 2426 quidem
3299 2356 3586 2410 simulacra

2012 2446 2106 2500 illa
2139 2449 2484 2516 quorumdam
2497 2448 2663 2500 cultui
2682 2449 2938 2501 destinata
2965 2464 3097 2506 esse.
3121 2449 3226 2502 sire
3252 2447 3330 2500 illi
3365 2448 3581 2515 similes,

331 2522 595 2589 λήθασιν
641 2525 809 2578 αὐτοὶ
860 2524 1023 2593 σφᾶς
1068 2525 1288 2592 αὐτοὺς
1333 2526 1704 2596 ἐλέγχοντες,
1765 2528 1908 2582 ὅταν

2017 2540 2124 2592 sive
2147 2539 2429 2592 dissimiles
2457 2539 2629 2608 forma
2657 2540 2786 2595 sint.
2815 2539 2880 2592 At
2913 2539 3170 2608 negabunt
3207 2539 3330 2593 deos
3344 2555 3452 2593 esse
3469 2540 3577 2609 qui-

334 2614 549 2682 φῶσιν,
585 2616 673 2668 ὅτι
712 2619 744 2668 ό
775 2615 919 2680 Θεὸς
966 2617 1216 2684 ἐποίησε
1252 2617 1358 2670 τὸν
1396 2615 1706 2685 ἄνθρωπον
1752 2619 1908 2674 ἰδίαν

2017 2629 2111 2681 bus
2158 2630 2251 2682 illa
2285 2631 2579 2698 eriguntur,
2636 2639 2682 2683 et
2740 2630 3000 2684 daemones
3052 2617 3175 2684 esse.
3216 2630 3582 2698 affirmabant,

330 2707 551 2770 εἰκόνα,
579 2706 645 2760 τὸ
670 2706 738 2759 δὲ
763 2703 922 2772 εἶδος
965 2707 1167 2776 ὅμοιον
1213 2708 1419 2774 ἐαυτῷ.
1477 2710 1648 2764 Ἀλλὰ
1683 2710 1908 2777 συνθή-

2015 2719 2288 2788 dicentque
2329 2720 2477 2788 nefas
2509 2736 2618 2774 esse
2651 2719 2744 2774 Dei
2803 2720 2994 2774 cultori
3041 2719 3206 2773 ullum
3259 2720 3596 2774 dwmonibus,

334 2811 556 2850 σονται-
564 2796 681 2866 μὲν
712 2793 860 2852 εἶναι
881 2799 1067 2852 ταῦτα
1107 2798 1203 2851 ἐπὶ
1231 2797 1369 2868 τιμῇ
1404 2815 1600 2864 τινων,
1625 2800 1663 2869 ἢ
1692 2802 1908 2871 ὁμοίων

2015 2807 2208 2861 cultum
2237 2809 2480 2864 tribuere.
2525 2793 2537 2808 ’

332 2885 372 2953 ἢ
406 2886 698 2956 ἀνομοίων
727 2888 792 2941 τὸ
811 2884 989 2954 είδοςο
1047 2889 1183 2942 οὔτε
1240 2888 1308 2941 δὲ
1363 2890 1534 2957 θεοὺς
1585 2887 1756 2957 εἶναι,
1791 2888 1881 2960 οἷς
1904 2896 2088 2950 ταῦτα
2113 2899 2434 2966 ἀνάκειται,
2464 2901 2627 2955 ἀλλὰ
2653 2901 2954 2971 δαίμονας·
2996 2901 3136 2955 οὐδὲ
3166 2901 3381 2971 χρῆναι
3419 2905 3586 2969 θερα-

333 2980 538 3033 πεύειν
559 2980 863 3049 δαίμονας,
899 2981 1064 3048 ὅστις
1086 2982 1247 3036 σέϐει
1273 2985 1439 3037 Θεόν.
3145 2979 3148 2982 ’

403 3075 512 3126 Καὶ
551 3075 687 3146 πρὸς
739 3076 904 3131 ταῦτα
933 3077 986 3130 δὲ
1017 3076 1254 3130 λεκτέοψ
1285 3080 1428 3143 Ὅτι,
1475 3082 1633 3153 εἴπερ
1683 3083 1906 3149 Σκύθαι,

2084 3085 2173 3140 65.
2229 3085 2310 3141 Ad
2365 3086 2482 3142 haec
2530 3087 2852 3154 dicendum,
2903 3087 2945 3142 si
3003 3088 3256 3156 Scythae,
3317 3088 3584 3146 Nomades

334 3164 426 3217 καὶ
458 3165 667 3219 Λιϐύων
695 3169 744 3219 οἱ
774 3169 1038 3238 Νομάδες,
1068 3170 1161 3222 καὶ
1183 3171 1374 3240 Σῆρες,
1399 3171 1492 3235 οὓς
1526 3191 1688 3244 φησιν
1713 3174 1906 3239 ἀθέους

2015 3175 2177 3247 739
2211 3176 2262 3230 in
2296 3176 2492 3247 Libya,
2549 3177 2712 3232 Seres
2763 3177 2959 3246 quibus
3023 3178 3100 3232 ait
3158 3177 3347 3234 Celsus
3412 3183 3586 3238 nullos

335 3250 474 3307 εἶναι
504 3256 532 3307 ὁ
554 3256 780 3320 Κέλσος,
809 3260 903 3311 καὶ
933 3261 1066 3314 ἄλλα
1095 3261 1220 3331 ἔθνη
1253 3262 1631 3331 δυσαγέστατα
1658 3268 1752 3319 καὶ
1784 3268 1906 3321 ἀνο-

2015 3283 2130 3323 esse
2159 3267 2310 3330 deos,
2347 3269 2391 3322 si
2459 3269 2578 3323 aliae
2642 3278 2831 3338 gentes
2885 3268 3063 3337 impia:
3112 3278 3167 3323 et
3217 3270 3483 3339 barbarae,
3540 3275 3584 3328 si

339 3344 579 3415 μὼτατα,
605 3345 738 3399 ἀλλὰ
768 3347 862 3400 κα)⁵
893 3349 1120 3418 Πέρσαι,
1146 3350 1245 3401 οὐκ
1273 3351 1552 3422 ἀνέχονται
1584 3355 1718 3418 νεὼς
1745 3357 1908 3427 ὁρῶν-

2015 3357 2191 3412 Ρειετε
2223 3359 2321 3428 ipsi
2355 3373 2458 3412 non
2497 3358 2713 3428 templa,
2752 3374 2858 3413 non
2895 3358 3114 3424 altaria,
3141 3375 3246 3414 non
3293 3362 3584 3417 simulacra

333 3452 446 3498 τες,
471 3436 564 3488 καὶ
596 3436 830 3507 βωμοὺς,
866 3439 960 3490 καὶ
998 3438 1286 3509 ἀγάλματα
1306 3457 1320 3470 ·
1355 3442 1415 3493 οὐ
1446 3444 1593 3514 παρὰ
1614 3446 1770 3498 τοῦτο
1795 3449 1905 3501 ῐσον

337 3527 454 3580 ἐστὶ
481 3528 541 3581 τὸ
585 3529 658 3600 μὴ
698 3531 989 3601 ἀνέχεσθαι
1013 3531 1212 3584 τούτων
1255 3533 1494 3598 ἐκείνους
1523 3535 1600 3606 τῷ
1641 3539 1732 3590 καὶ
1761 3541 1907 3608 ἡμᾶς

338 3618 413 3689 μὴ
449 3619 730 3690 ἀνέχεσθαι
775 3621 972 3676 αὐτῶν.
1017 3623 1358 3689 Ἐξεταστέον
1401 3625 1508 3697 γὰρ
1536 3627 1604 3680 τὰ
1641 3629 1904 3700 δόγματα,

334 3711 426 3780 ἀφ’
471 3705 544 3764 ὧν
589 3712 900 3785 ὁρμώμενοι
945 3715 1084 3787 (79)
1133 3718 1232 3770 οὐκ
1295 3718 1575 3790 ἀνέχονται
1620 3721 1762 3775 ναῶν
1814 3724 1908 3777 καὶ

336 3803 662 3873 ἀγαλμάτων
705 3807 753 3858 οἱ
780 3807 853 3878 μὴ
883 3807 1195 3879 ἀνεχόμενοι
1231 3826 1295 3878 γε
1327 3810 1534 3864 αὐτῶν⁸
1572 3813 1671 3877 ἵν’,
1714 3815 1762 3867 εἰ
1810 3815 1908 3884 μὲν

336 3897 442 3948 ἀπὸ
471 3897 638 3965 ὑγιῶν
681 3898 962 3969 δογμάτων
990 3903 1091 3954 οὐκ
1131 3903 1400 3973 ἀνέχεται,
1451 3907 1735 3977 ἐπαινῆται
1776 3910 1804 3961 ὁ
1832 3911 1906 3981 μὴ

337 3987 678 4056 ἀνεχόμενος,
708 3991 754 4041 εἰ
777 3989 820 4041 δ’
846 3991 952 4043 ἀπὸ
979 3991 1330 4062 ἐσφαλμένων
1350 4035 1364 4058 ,
1391 3995 1644 4066 ψέγηται.
1677 3999 1908 4053 Δυνατὸν

335 4078 443 4149 γὰρ
473 4079 532 4130 τὸ
565 4079 695 4132 αὐτὸ
724 4079 830 4133 ἀπὸ
868 4083 1139 4153 διαφόρων
1168 4084 1450 4155 δογμάτων
1481 4087 1744 4154 γίνεσθαι.
1785 4086 1908 4144 Οἷον

337 4171 428 4223 ἐπὶ
457 4169 915 4241 παραδείγματος,
939 4173 1241 4228 ἐκκλίνουσι
1271 4177 1331 4229 τὸ
1359 4177 1628 4247 μοιχεύειν
1657 4182 1705 4232 οἱ
1729 4182 1796 4235 τὰ
1815 4183 1907 4236 τοῦ

337 4261 568 4324 Κιτιέως
595 4262 840 4332 Ζήνωνος
867 4263 1298 4332 φιλοσοφοῦντες,
1324 4268 1457 4322 ἀλλὰ
1485 4271 1577 4322 καὶ
1599 4272 1646 4322 οἱ
1671 4272 1738 4325 τὰ
1768 4273 1910 4326 Ἑπι-

337 4352 532 4421 κούρου
558 4391 572 4415 ,
606 4351 747 4414 τινὲς
795 4351 849 4404 δὲ
893 4355 984 4406 καὶ
1031 4355 1138 4407 τῶν
1182 4357 1459 4422 παντελῶς
1491 4360 1729 4414 ἰδιωτῶν.
1771 4363 1908 4416 Ἀλλ’

2009 3449 2209 3514 ferunt;
2232 3465 2337 3503 non
2369 3448 2575 3504 idcirco
2601 3449 2846 3503 eamdem
2883 3449 2987 3503 illis
3007 3464 3129 3504 esse
3162 3466 3246 3503 res
3280 3451 3584 3519 huiusmodi

2011 3552 2115 3593 non
2148 3537 2352 3593 ferendi
2393 3538 2657 3592 rationem
2686 3577 2701 3603 ,
2746 3549 2910 3608 atque
2954 3540 3129 3594 nobis.
3195 3539 3584 3609 lnquirendum

2009 3627 2152 3681 enim
2186 3634 2266 3680 est
2293 3626 2493 3695 quibus
2524 3627 2792 3696 dogmatis
2825 3627 2891 3679 ad
2941 3626 3232 3693 rejicienda
3269 3629 3469 3697 templa
3529 3639 3584 3684 et

2010 3712 2303 3767 simulacra
2339 3713 2553 3782 impulsi
2591 3714 2792 3768 fuerint
2822 3715 2882 3780 ii,
2915 3717 3008 3785 qui
3041 3715 3130 3770 illa
3182 3731 3288 3772 non
3349 3717 3527 3774 ferunt
3564 3734 3579 3772 :

2011 3811 2086 3866 ut,
2115 3803 2158 3856 si
2189 3803 2312 3872 quis
2343 3813 2563 3872 propter
2589 3819 2716 3858 sana
2753 3804 3004 3873 dogmata
3037 3821 3143 3860 non
3173 3806 3259 3860 illa
3300 3807 3428 3873 fert,
3461 3809 3581 3862 lau-

2010 3893 2198 3955 detur;
2241 3893 2286 3946 si
2348 3901 2568 3962 propter
2615 3892 2772 3960 falsa,
2831 3895 3186 3965 vituperetur.
3235 3897 3380 3953 Fieri
3433 3901 3580 3954 enim

2010 3993 2188 4054 potest
2212 3995 2266 4038 ut
2303 3986 2518 4042 diversa
2547 3987 2794 4056 dogmata
2823 3988 2900 4042 rei
2935 3988 3176 4057 ejusdem
3221 4006 3383 4047 causa
3447 3994 3578 4049 sint.

2012 4077 2252 4142 Exempli
2285 4079 2483 4148 gratia,
2541 4081 2712 4134 vitant
2758 4079 3086 4134 adulterium
3126 4081 3428 4152 philosophi
3488 4085 3579 4152 qui

2011 4173 2284 4228 Zenonem
2347 4172 2641 4227 Citiensem
2697 4180 3010 4238 sectantur;
3067 4174 3242 4226 vitant
3299 4181 3356 4227 et
3387 4174 3581 4242 quibus

2011 4263 2278 4332 Epicurus
2308 4263 2486 4330 placet
2537 4261 2823 4332 magister:
2863 4259 3105 4314 nonnulli
3158 4260 3319 4314 etiam
3357 4262 3579 4318 omnino

2012 4354 2211 4408 idiotaz.
2249 4351 2354 4405 Sed
2384 4352 2504 4405 vide
2532 4365 2693 4419 quam
2737 4349 2950 4404 diversa
3001 4351 3210 4401 ratione
3257 4348 3331 4403 illi
3390 4363 3581 4406 omnes

336 4443 456 4514 ὅρα,
492 4443 589 4514 ὅση
634 4442 894 4510 διαφωνία
939 4445 1055 4497 ἐστὶ
1092 4448 1218 4518 περὶ
1250 4448 1348 4519 τῆς
1383 4449 1474 4502 τοῦ
1512 4452 1782 4521 μοιχεύειν
1813 4456 1906 4507 ὲκ-

2015 4445 2082 4499 ab
2117 4443 2383 4498 adulterio
2416 4440 2743 4495 abstineant.
2771 4439 2875 4492 Alii
2908 4439 3033 4493 boni
3071 4439 3266 4507 publici
3300 4443 3500 4509 studio,
3527 4451 3581 4498 et

337 4535 564 4600 κλίσεως
595 4535 702 4588 τῶν
729 4537 1025 4590 τοσούτων·
1057 4540 1104 4591 οἱ
1138 4540 1254 4609 μὲν,
1286 4541 1373 4595 διὰ
1396 4543 1454 4595 τὸ
1477 4546 1788 4598 κοινωνικὸν
1813 4549 1906 4600 καὶ

337 4627 487 4697 παρὰ
516 4625 674 4694 φύσιν
707 4621 846 4681 εἶναι
884 4626 962 4698 τῷ
1003 4627 1204 4700 λογικῷ
1232 4630 1372 4702 ζῶῳ,
1402 4632 1640 4687 νοθεύειν
1681 4635 1776 4706 τὴν
1803 4637 1906 4690 ὑπὸ

337 4715 445 4768 τῶν
488 4717 665 4786 νόμων
718 4717 886 4788 ἑτέρῳ
933 4720 1479 4791 προκαταληφθεῖσαν
1520 4729 1778 4793 γυναῖκα,
1819 4729 1912 4781 καὶ¹

341 4806 579 4878 φθείρειν
604 4809 692 4861 τὸν
725 4809 883 4862 ἄλλου
920 4809 1202 4882 ἀνθρώπου
1232 4809 1380 4868 οἷκον
1405 4833 1417 4846 ·
1451 4817 1500 4869 οἱ
1525 4817 1580 4870 δὲ
1615 4818 1722 4870 ἀπὸ
1757 4820 1908 4872 Ἐπι-

341 4895 537 4966 κούρου
579 4897 638 4949 οὐ
670 4897 758 4950 διὰ
780 4898 936 4950 τοῦτο
978 4900 1038 4952 οὐ
1074 4902 1446 4971 μοιχεύουσιν,
1489 4906 1577 4957 ὅτε
1619 4907 1912 4977 ἀπέχονται

339 4985 432 5039 τοῦ
481 4986 783 5056 μοιχεύειν,
831 4988 964 5042 ἀλλὰ
1006 4988 1096 5044 διὰ
1141 4991 1202 5044 τὸ
1243 4995 1581 5065 νενομικέναι
1623 4996 1775 5059 τέλος
1815 4996 1912 5068 τὴν

340 5077 550 5150 ἡδονὴν,
582 5078 749 5131 πολλὰ
785 5079 829 5132 δ’
861 5082 1103 5154 ἀπαντᾷν
1136 5084 1248 5154 (80)
1277 5086 1552 5140 κωλυτικὰ
1575 5087 1678 5157 τῆς
1719 5088 1912 5159 ἡδονῆς

411 5216 458 5249 ⁸⁵
504 5215 761 5272 Herodot.
808 5216 903 5286 lib.
939 5232 975 5272 ι.

415 5333 523 5408 (7β)
567 5333 969 5408 Ὀνομάζουσι.
1023 5335 1638 5408 ΒοιιριδοΗοΙεεεησιιιηι
1673 5337 1906 5408 videtur,

339 5403 638 5474 νομίζουσι.
677 5403 842 5476 Paulo
871 5413 1014 5476 post,
1050 5405 1177 5476 libb.
1209 5407 1336 5460 editi
1380 5403 1655 5470 lsl'erodoti,
1691 5407 1902 5476 νόμοισι

340 5478 477 5528 τοῖσι
499 5474 843 5545 χρεομένους.
906 5475 1042 5528 Inl‘ra
1079 5475 1414 5545 l-lmscbelius
1454 5476 1506 5528 in
1543 5484 1688 5530 textu
1724 5474 1900 5545 habet,

341 5546 397 5597 ἓν
419 5543 566 5616 νόμῴ
594 5543 994 5616 πορευομένους
1012 5543 1275 5616 ἱδρῦσθαι,
1310 5553 1362 5599 et
1393 5545 1730 5616 inrilnargiue
1762 5543 1903 5614 ἱδρύ-

342 5631 430 5667 σαι
461 5614 556 5681 pro
589 5614 857 5685 ἱδρύσθαι.
904 5615 1032 5670 Vide
1064 5614 1394 5685 Herodotum
1428 5615 1520 5668 lib.
1543 5631 1589 5685 7|.

411 5685 521 5752 (77)
550 5681 805 5754 Δόμοισι,
872 5685 1140 5754 Iuterpres
1170 5683 1421 5738 Gelenius
1468 5684 1681 5738 videtur
1707 5681 1899 5752 legisse

341 5751 562 5823 δοκοῖσι,
598 5751 758 5811 vertit
784 5759 926 5812 enim
973 5773 987 5811 :
1020 5751 1100 5810 'Ac
1136 5754 1181 5808 si
1208 5755 1322 5826 quis
1359 5753 1628 5824 fabuletur
1657 5751 1782 5807 cum
1804 5756 1896 5806 sti-

2013 4535 2138 4605 quia
2172 4544 2378 4587 natura:
2412 4537 2676 4600 repugnat
2709 4529 2776 4582 ab
2829 4528 3105 4582 animante
3143 4528 3370 4584 rationis
3420 4531 3582 4598 parti-

2014 4625 2134 4688 cipe
2174 4623 2430 4676 feminam
2470 4617 2764 4673 adulterari
2791 4617 3001 4686 legibus
3028 4616 3368 4684 coniunctam
3404 4617 3577 4684 alteri,

2013 4728 2068 4771 et
2098 4714 2318 4770 alterius
2353 4710 2587 4766 hominis
2609 4709 2877 4777 corrumpi
2903 4706 3120 4762 donunn
3147 4725 3160 4772 ;
3205 4707 3421 4776 Epicuri
3448 4724 3580 4765 vero

2012 4805 2264 4874 discipuli
2305 4818 2409 4857 non
2463 4816 2526 4855 ea
2583 4815 2746 4855 causa
2801 4798 3071 4853 adulterio
3109 4797 3404 4863 abstinent,
3452 4815 3574 4854 cum

2015 4901 2106 4954 illo
2140 4893 2572 4959 abstinent;sed
2629 4893 2770 4961 quod
2820 4906 3094 4947 summum
3148 4890 3344 4944 bonum
3381 4892 3430 4945 in
3488 4907 3582 4948 vo-

2012 4993 2216 5061 luptate
2267 4988 2502 5058 positum
2559 4984 2929 5046 existiment,
2986 4981 3262 5051 multaque
3318 4982 3578 5050 voluptati

2013 5085 2130 5154 ejus
2161 5080 2398 5146 obicere,
2455 5078 2546 5148 qui
2591 5077 2682 5130 uni
2751 5073 3009 5129 adulterii
3061 5072 3322 5141 voluptati
3380 5071 3576 5126 cedit:
3679 5133 3682 5136 ί

2013 5330 2350 5404 pitibus,sed
2377 5330 2499 5404 vide
2531 5327 2626 5404 lib.
2653 5324 3234 5404 ι.ιοιιιιτι-ςέέιζειιιζι,Αιιζ
3243 5321 3298 5376 5.

2078 5404 2188 5473 (78)
2213 5392 2419 5473 "una
2444 5398 2622 5452 Θεῶν.
2645 5399 2833 5473 _Lego,
2873 5395 3010 5473 ἀλλα
3037 5393 3110 5473 μὴ
3138 5392 3295 5473 Θεῶν.
3318 5455 3338 5473 ¹
3355 5472 3358 5473 ν
3376 5456 3410 5473 μ

2080 5455 2188 5542 (79)
2227 5467 2719 5542 Ὀρμώμενοι.-Ιι3
2743 5455 2894 5520 iet-te
2927 5455 3572 5542 habet'codexdo'lianus.

2006 5525 2346 5597 Haescbelibg
2377 5525 2504 5592 νει-0
2535 5548 2589 5590 et
2617 5536 2924 5603 Speucerus
2969 5533 3020 5585 in
3060 5539 3226 5597 textu,
3259 5525 3571 5598 οῑμώμενοι,

2005 5623 2060 5668 et
2086 5615 2156 5684 ‘i_n_
2169 5610 2419 5684 margine
2447 5602 2740 5684 dittbpejos,
2774 5602 2935 5684 male.

2075 5679 2186 5751 (80)
2225 5665 2542 5751 ῗΑᾶἱιιντᾷν.
2570 5665 2703 5751 '_Sic
2727 5665 2956 5751 ;tlplltlit?
3004 5665 3576 5751 c0(li_‘x..|olianusncx

2005 5737 2378 5812 correctione;
2441 5737 2484 5801 si
2526 5745 2668 5799 enim
2717 5737 2951 5812 ἀπαντᾷ,
2987 5738 3131 5809 quod
3163 5739 3386 5809 .babent
3437 5737 3578 5792 libb.
