3972 6160
408 291 543 349 1511
1859 276 2009 334 οιιιο

2120 275 2186 331 IS
3538 251 3686 308 1512

406 404 588 477 qualia
628 410 757 458 sunt
784 414 997 462 carcer,
1052 396 1201 466 iuga,
1245 408 1418 458 mors.
1458 407 1607 461 saepe
1650 391 1814 446 ctiam
1854 396 1981 442 ante

2115 383 2160 457 ᾧ
2193 382 2398 450 εἴξαντι
2426 380 2523 450 μιᾷ
2551 379 2615 450 τῇ
2647 374 2743 430 τοῦ
2775 370 3048 445 μοιχεύειν
3081 371 3264 442 ἡδονῇ,
3299 384 3395 423 και
3440 367 3553 421 ἔσθ’
3585 370 3676 421 ὅτε

410 459 529 553 ἧιτις
568 511 755 568 pinnas
810 504 864 546 et
920 488 1182 561 pericula,
1225 488 1354 541 dum
1386 486 1643 540 observat
1696 481 1875 536 mariti
1937 489 1994 533 ct

2114 472 2343 546 ρυλακάς
2366 513 2380 536 ,
2416 472 2448 544 ἢ
2490 469 2696 541 φυγὰς,
2746 467 2780 534 ἢ
2831 463 3128 526 θανάτους·
3183 460 3442 524 πολλάκις
3480 459 3535 514 δὲ
3572 460 3681 532 πρὸ

409 590 640 645 aliorum
681 585 773 655 qui
805 582 878 637 illi
920 580 1130 641 favent,
1162 593 1194 634 e
1224 579 1385 633 domo
1415 576 1657 641 exitum;
1698 575 1770 628 ita
1830 581 1888 626 ut
1944 571 1988 626 si

412 694 683 752 supponas
714 676 1026 729 adulterum
1059 671 1280 733 marito,
1314 667 1631 724 domesticis
1666 664 1803 734 ejus,
1855 664 1991 719 illis-

411 789 519 846 que
546 770 686 842 apud
711 783 847 840 quos
868 766 938 821 ob
965 763 1274 834 huiusmodi
1308 761 1525 816 facinus
1575 760 1715 815 male
1761 757 1992 822 audiret,

411 864 587 918 latere
642 873 803 932 posse
833 899 850 922 ,
907 857 1074 912 etiam
1126 853 1427 924 Epicureus
1478 850 1774 921 voluptatis
1828 862 1992 903 causa

414 946 1136 1026 perpetraretadulterium.
1168 944 1251 998 Ad
1301 941 1525 999 idiotam
1574 942 1718 1013 quod
1780 941 1992 1004 attinet,

411 1046 701 1117 siquando,
735 1058 858 1097 cum
899 1038 1154 1096 adulterii
1197 1038 1333 1093 bella
1363 1044 1446 1093 est
1499 1034 1735 1096 occasio,
1774 1032 1873 1086 sibi
1923 1032 1995 1086 ab

414 1136 686 1194 adulterio
723 1141 1016 1203 temperat,
1073 1131 1124 1185 in
1181 1145 1342 1184 causa
1377 1136 1458 1183 est
1510 1126 1828 1197 plerumque
1887 1138 1992 1177 non

415 1231 650 1301 plurium
677 1225 1009 1294 voluptatum
1047 1221 1314 1294 captatio,
1351 1220 1446 1275 sed
1478 1217 1653 1286 legum
1702 1214 1994 1284 supplicio-

417 1333 651 1388 rumque
689 1325 888 1371 metus.
931 1312 1091 1367 Vides
1142 1310 1308 1382 igitur
1366 1309 1591 1371 factum,
1644 1303 1789 1374 quod
1829 1316 1993 1356 unum

417 1410 655 1475 videtur,
687 1404 991 1477 cuiusmodi
1029 1413 1112 1457 cst
1170 1397 1428 1454 adulterii
1484 1392 1833 1458 abstinentia,
1889 1406 1994 1444 non

418 1502 561 1557 idem
591 1512 796 1562 tamen,
833 1500 926 1553 sed
950 1498 1222 1551 diversum
1261 1491 1377 1547 ﬁeri
1416 1505 1514 1561 pro
1545 1485 1775 1542 diversis
1829 1482 2000 1538 homi-

420 1604 549 1643 num
588 1583 983 1648 voluntatibus,
1008 1598 1127 1653 qua:
1160 1582 1243 1635 vel
1271 1598 1298 1634 a
1330 1579 1483 1634 sanis
1505 1576 1587 1632 vel
1637 1574 1706 1629 ab
1734 1571 1999 1642 improbis

420 1689 475 1733 et
518 1677 698 1746 impiis
746 1676 998 1730 oriuntur
1049 1671 1354 1743 principiis,
1403 1665 1705 1737 cujnsmodi
1756 1673 1882 1718 sunt
1941 1663 1993 1717 in

420 1768 687 1841 Epicureo
715 1777 809 1822 aut
842 1766 935 1822 illo
966 1765 1159 1821 idiota.

492 2015 583 2073 64.
637 2010 1105 2081 Quemadmodum
1149 2009 1320 2080 igitur
1365 2019 1530 2062 unum
1581 2002 1712 2058 illud
1768 2002 1996 2068 factum,

426 2106 756 2163 abstinentia
817 2102 1030 2159 scilicet
1066 2099 1344 2165 adulterii,
1401 2099 1527 2154 licet
1577 2097 1828 2150 videatur
1878 2106 2002 2149 esse

423 2212 615 2262 unum,
644 2194 1072 2266 deprehenditur
1106 2201 1285 2246 tamen
1321 2203 1446 2245 esse
1497 2186 1803 2257 multiplex,
1838 2193 2002 2254 prout

426 2292 636 2346 diversa
668 2294 794 2343 sunt
827 2287 1075 2356 dogmata
1101 2293 1155 2338 et
1179 2281 1491 2337 voluntates
1516 2297 1530 2343 ;
1557 2280 1629 2335 ita
1655 2278 1746 2350 qui
1782 2278 1835 2331 in
1870 2276 2000 2342 aris,

427 2378 483 2433 in
513 2377 745 2448 templis,
789 2375 844 2429 in
886 2370 1191 2429 simulacris
1243 2370 1427 2425 colere
1488 2366 1831 2422 divinitatem
1895 2376 2001 2417 non

427 2466 719 2530 sustinent,
755 2473 807 2518 ul
861 2463 1096 2535 Scylhm,
1154 2460 1427 2515 Nomades
1490 2458 1543 2512 in
1605 2455 1797 2526 Libya,
1843 2453 2005 2508 Seres

426 2561 629 2632 quibus
658 2560 790 2614 deus
817 2572 925 2612 non
958 2564 1063 2623 est,
1096 2555 1297 2620 Persas,
1331 2552 1398 2606 ad
1437 2551 1802 2619 respuendum
1852 2548 2004 2602 illum

430 2652 636 2708 cultum
667 2650 790 2705 aliis
838 2649 1106 2721 dogmatis
1161 2654 1477 2708 moventur,
1522 2658 1585 2698 ac
1635 2642 1764 2707 illis,
1810 2640 2007 2711 quibus

428 2744 730 2802 Christiani
767 2753 821 2798 et
853 2741 1023 2798 Judaei
1065 2748 1323 2797 recusant
1353 2735 1661 2808 httjusmodi
1702 2732 1848 2789 cultu
1884 2748 2009 2802 pro-

430 2838 581 2908 sequi
613 2836 976 2893 divinitatem.
1011 2833 1179 2888 Nemo
1208 2833 1353 2887 enim
1392 2830 1606 2884 illorum
1655 2823 1783 2884 adio
1847 2825 2009 2880 habet

433 2945 559 2986 aras
582 2937 637 2984 et
662 2925 1147 2995 simulacra,quod
1203 2922 1403 2978 cultum
1461 2918 1765 2975 divinitatis
1824 2915 2009 2984 depri-

434 3035 586 3075 mere
612 3029 669 3073 et
699 3019 753 3073 in
798 3018 1077 3072 materiam
1115 3013 1206 3069 illo
1250 3011 1409 3066 modo
1442 3010 1772 3065 elaboratam
1832 3014 2009 3060 trans-

432 3110 577 3164 ferre
602 3118 886 3170 vereatur;
915 3108 1261 3180 7&0neque
1272 3106 1412 3174 quod
1426 3099 2008 3173 putetdaemonesinsi-

434 3201 643 3255 dere‘in
679 3198 1000 3268 quibusdam
1032 3196 1346 3251 simulacris
1374 3204 1428 3249 et
1451 3196 1603 3258 locis,
1658 3194 1746 3248 ubi
1784 3192 2009 3263 magicis

433 3290 775 3346 carminibus
797 3288 1158 3354 retineantur,
1186 3294 1283 3341 aut
1311 3301 1468 3356 posse
1500 3286 1621 3340 aliis
1656 3283 1828 3339 modis
1858 3299 2009 3353 qua:-

436 3383 559 3438 dam
601 3381 718 3435 loca
763 3394 1031 3450 occupare
1064 3379 1118 3433 in
1175 3378 1370 3448 quibus
1414 3379 1761 3433 victimarum
1818 3374 2011 3430 nidore

437 3472 581 3543 pasti
631 3471 873 3527 illicitam
924 3470 1112 3526 illicite
1159 3469 1491 3539 voluptatem
1553 3475 1845 3523 venentur.
1902 3465 2012 3521 Sed

436 3562 607 3620 Judazi
635 3573 688 3620 et
717 3562 1015 3620 Christiani
1044 3573 1268 3633 propter
1297 3561 1441 3617 istud
1472 3577 1489 3614 ι
1524 3559 1809 3615 Dominum
1844 3557 2012 3613 Deum

437 3667 586 3711 tuum
612 3656 832 3719 timebis,
863 3667 911 3709 ct
969 3654 1052 3707 illi
1098 3653 1201 3709 soli
1249 3652 1437 3707 servies
1463 3651 1544 3719 ‘°;
1601 3651 1732 3706 item
1789 3660 2014 3721 pr0pter

440 3751 582 3804 istud
620 3768 633 3804 :
670 3748 793 3803 Non
814 3736 966 3803 erunt
992 3747 1085 3802 tibi
1113 3746 1190 3800 dii
1220 3746 1318 3799 alii
1348 3756 1542 3815 prarter
1567 3760 1679 3807 me;
1720 3752 1776 3796 et
1825 3760 1839 3796 :
1890 3738 2013 3794 Non

439 3843 603 3912 [acies
628 3841 721 3894 tibi
745 3840 966 3905 idolum,
993 3853 1156 3908 neque
1179 3853 1386 3891 omnem
1442 3835 1845 3891 simiiitudinem
1896 3848 2015 3903 qute

439 3944 514 3989 est
548 3934 600 3986 in
625 3932 754 3985 caelo
777 3934 1014 3998 desuper,
1045 3939 1090 3983 et
1118 3944 1235 3997 qua:
1264 3930 1316 3981 in
1347 3936 1487 3981 terra
1514 3926 1785 3990 deorsum,
1821 3935 1868 3978 et
1897 3938 2015 3993 qua:

440 4027 497 4081 in
519 4027 668 4094 aquis
699 4024 794 4078 sub
834 4031 972 4076 terra
1002 4021 1284 4084 deorsum;
1314 4036 1420 4072 non
1440 4018 1691 4072 adorabis
1718 4033 1801 4080 ea,
1853 4030 2015 4085 neque

442 4117 579 4174 coles
607 4116 687 4182 ⁸²;
752 4124 807 4168 et
853 4123 1070 4184 propter
1120 4114 1223 4167 hoc
1265 4127 1307 4181 ε,
1330 4109 1610 4164 Dominum
1656 4107 1823 4161 Deum
1866 4114 2016 4163 tuum

441 4209 713 4276 adorabis,
747 4218 792 4262 et
821 4208 903 4261 itii
932 4206 1030 4260 soli
1055 4204 1247 4259 servies
1267 4204 1312 4235 ⁶²
1338 4242 1353 4267 ,
1380 4210 1435 4257 οι
1486 4210 1703 4272 propter
1732 4200 1836 4254 alia
1863 4200 2015 4269 plura

443 4300 662 4365 similia,
692 4314 798 4355 non
832 4296 1007 4354 solum
1039 4294 1257 4366 templa,
1299 4308 1423 4348 aras
1483 4300 1538 4347 et
1569 4290 1855 4347 simulacra
1882 4294 2014 4348 abo-

2093 565 2298 619 τούτων
2320 565 2414 617 καὶ
2444 561 2742 622 κινδύνους,
2768 554 2909 610 κατὰ
2940 553 3002 608 τὺ
3032 556 3310 626 ἐπιτηρεῖν
3334 553 3432 625 τὴν
3457 553 3550 606 τοῦ
3584 555 3682 607 ἀν-

2092 658 2217 729 δρὸς
2259 657 2434 724 ἔξοδον
2465 654 2572 708 ἀπὸ
2602 653 2703 723 τῆς
2738 652 2912 715 οἰκίας
2945 650 3040 704 καὶ
3068 647 3179 701 τῶν
3206 645 3275 699 τὰ
3306 646 3514 699 ἐκείνου
3549 663 3683 717 φρο-

2094 749 2328 804 νούντων
2349 764 2361 777 ·
2395 747 2471 810 ὡς
2504 748 2553 800 εί
2591 746 2713 798 καθ’
2744 744 2999 799 ὑπόθεσιν
3048 738 3369 814 μοιχεύοντα
3397 733 3507 792 οἷόν
3535 740 3580 791 τ’
3611 734 3680 810 ἦν

2094 838 2274 894 λαθεῖν
2301 839 2395 892 καὶ
2422 838 2513 891 τὸν
2547 834 2715 908 ἄνδρα
2748 836 2844 905 τῆς
2871 831 3150 903 γυναικὸς,
3174 831 3266 885 καὶ
3290 830 3417 893 τοὺς
3448 824 3681 892 οἰκείους

2095 931 2304 994 πάντας
2334 929 2519 992 αὑτοῦ,
2554 929 2646 981 καὶ
2670 929 2797 990 τοὺς
2827 926 2954 995 παρ’
2985 918 3066 987 οἷς
3090 940 3172 987 τις
3194 924 3258 976 ὲκ
3281 920 3378 975 τοῦ
3411 921 3683 992 μοιχεύειν

2095 1021 2304 1089 ἀδοξεῖ·
2336 1019 2436 1074 κᾶν
2467 1019 2751 1091 ἐμοίχευσε
2776 1017 2865 1070 διὰ
2893 1017 2990 1088 τὴν
3014 1015 3205 1087 ἡδονὴν
3223 1015 3252 1067 ό
3284 1012 3679 1084 Ἐπικούρειος.

2097 1114 2160 1167 Εἰ
2196 1113 2252 1166 δὲ
2283 1112 2376 1166 καὶ
2418 1113 2445 1163 ὁ
2478 1110 2692 1180 ἰδιώτης
2722 1108 2876 1172 ποτὲ,
2908 1108 3081 1178 παρὸν
3117 1105 3391 1177 μοιχεύειν
3416 1148 3430 1171 ,
3457 1106 3519 1165 ού
3560 1121 3682 1175 μοι⁴

2097 1201 2266 1272 χεύει.
2291 1201 2535 1272 εὑρεθείη
2567 1200 2634 1255 ἂν
2653 1200 2825 1253 ἐνίοτε
2857 1199 2943 1252 διὰ
2971 1199 3061 1252 τὸν
3089 1197 3359 1251 ἐνεστῶτα
3392 1198 3458 1250 ὲκ
3478 1196 3571 1250 τοῦ
3600 1196 3685 1249 νό-

2102 1310 2204 1363 μου
2231 1292 2393 1361 φόόον
2418 1292 2513 1345 καὶ
2539 1291 2637 1355 τάς
2666 1290 2917 1354 κολάσεις
2941 1289 3015 1361 μὴ
3042 1287 3306 1360 μοιχεύων
3325 1330 3339 1354 ,
3364 1288 3459 1341 καὶ⁸
3489 1287 3550 1339 ού
3590 1287 3685 1340 διὰ

2098 1383 2158 1437 τὸ
2186 1382 2459 1453 θηρᾶσθαι
2489 1383 2741 1447 πλείονας
2785 1382 2979 1454 ἡδονὰς
3006 1383 3035 1435 ὁ
3064 1381 3303 1445 τοιοῦτος
3342 1381 3582 1450 ἀπέχοιτ’
3618 1380 3687 1435 ἂν

2097 1472 2192 1526 τοῦ
2251 1472 2542 1543 μοιχεύειν.
2597 1474 2759 1546 Ὁρᾷς
2813 1469 2944 1538 οὖν,
3000 1474 3083 1526 ὅτι
3130 1473 3192 1525 τὸ
3233 1471 3291 1525 ἓν
3343 1468 3481 1526 εἶναι
3528 1488 3682 1542 νομι-

2100 1562 2323 1633 ζόμενον
2371 1563 2556 1635 ἔργον,
2592 1564 2625 1635 ἡ
2668 1565 2766 1635 τῆς
2803 1564 3052 1636 μοιχείας
3083 1562 3320 1634 ἁποδοχὴ
3353 1562 3504 1635 (81),
3534 1563 3687 1636 παρὰ

2098 1653 2197 1717 τὰς
2228 1653 2513 1726 προθέσεις
2538 1654 2645 1707 τῶν
2681 1655 3041 1726 ἀπεχομένων
3073 1655 3133 1707 ού
3161 1655 3378 1719 ταυτὸν,
3404 1654 3540 1708 ἀλλὰ
3565 1653 3683 1708 διά-

2028 1733 2072 1792 Β
2100 1762 2265 1816 φορον
2319 1746 2555 1814 γίνεται·
2593 1745 2626 1816 ἢ
2681 1746 2790 1818 γὰρ
2835 1747 2944 1801 ἀπὸ
2987 1746 3153 1816 ὑγιῶν
3172 1746 3479 1817 δογμάτων,
3510 1747 3543 1817 ἢ
3578 1746 3688 1800 ἀπὸ

2104 1833 2394 1907 μοχθηρῶν
2427 1835 2520 1888 καὶ
2551 1835 2931 1890 ἀσεϐεστάτων
2975 1834 3083 1890 τῶν
3117 1836 3176 1889 ἐν
3214 1834 3292 1906 τῷ
3330 1835 3689 1907 Ἐπικουρείῳ

2100 1924 2134 1997 ἢ
2168 1923 2246 1995 τῷ
2277 1924 2451 1996 τοιῷδ’
2482 1924 2684 1997 ἰδιώτῃ.
3050 1976 3054 1980 .

2173 1992 2386 2088 Ὥσπερ
2424 2010 2518 2069 οὖν
2558 1992 2739 2071 τὸ-ηέν
2791 2015 2952 2070 τοῦτο
3016 1992 3286 2088 πρᾶγμα,
3344 2016 3378 2086 ἡ
3430 2014 3533 2083 τῆς
3572 2031 3693 2085 μοι-

2102 2106 2254 2179 χείας
2312 2109 2525 2181 ἀποχὴ,
2559 2108 2617 2162 ἐν
2676 2104 2815 2164 εῖναι
2886 2107 3151 2172 δοκοῦσα,
3191 2107 3360 2162 πολλὰ
3408 2107 3693 2161 ἁλίσκεται

2102 2202 2441 2271 τυγχάνουσα
2474 2199 2625 2272 παρά
2660 2198 2727 2252 τὰ
2759 2199 2990 2271 διάφορα
3021 2198 3264 2270 δόγματα
3297 2199 3392 2253 καὶ
3422 2198 3519 2261 τάς
3550 2215 3687 2270 προ-

2103 2291 2310 2353 θέσεις·
2348 2287 2490 2342 οὖτω
2522 2288 2616 2342 καὶ
2643 2288 2751 2342 τῶν
2784 2288 2859 2359 μὴ
2892 2288 3235 2358 ἀνεχομένων
3274 2285 3426 2358 παρά
3462 2285 3691 2357 βωμοῖς,

2104 2380 2198 2434 καὶ
2224 2380 2388 2443 ναοῖς,
2418 2377 2510 2432 καὶ
2540 2377 2819 2449 ἀγάλμασι
2847 2376 3025 2431 σέϐειν
3053 2376 3114 2429 τὸ
3145 2377 3307 2442 θεῖον,
3335 2375 3539 2429 Σκύθαι
3569 2375 3690 2446 μὲν.

2104 2468 2138 2541 ἢ
2168 2468 2383 2523 Λιϐύων
2415 2471 2462 2522 οἱ
2505 2467 2782 2540 Νςμάδες,
2810 2467 2843 2540 ἢ
2871 2468 3041 2539 Σῆρες
3086 2469 3134 2520 οἱ
3168 2467 3349 2532 ἄθεοι,
3395 2467 3431 2538 ἢ
3461 2466 3691 2538 Πέρσαι,

2107 2554 2215 2608 ἀπὸ
2234 2555 2516 2628 δογμάτων
2537 2554 2696 2609 τοῦτο
2724 2557 3054 2628 πράττουσιν
3085 2557 3257 2613 ἄλλων
3285 2558 3318 2630 ἢ
3343 2554 3417 2611 ὧν
3433 2558 3696 2628 Χριστια-

2106 2643 2188 2698 νοὶ
2229 2644 2324 2699 καὶ
2368 2645 2607 2700 Ἰουδαῖοι
2649 2646 2749 2699 οὐκ
2787 2647 3071 2719 ἀνέχονται
3123 2648 3220 2720 τῆς
3263 2646 3516 2719 τοιαύτης
3561 2647 3695 2699 ὐπο-

2107 2736 2524 2810 λαμϐανομένης
2543 2740 2623 2802 είς
2640 2738 2700 2790 τὸ
2717 2737 2861 2793 θεῖον
2889 2738 3204 2812 θεραπείας.
3229 2740 3419 2804 Οὐδεὶς
3444 2739 3692 2804 ἐκείνων,

2108 2829 2195 2884 διά
2239 2831 2299 2884 τὸ
2349 2831 2616 2885 ἐκκλίνειν
2652 2831 2755 2893 καὶ
2802 2834 3095 2905 κατασπᾷν
3139 2834 3249 2905 (8'2)
3307 2834 3402 2887 καὶ
3436 2832 3696 2901 κατάγειν

2110 2921 2207 2994 τὴν
2242 2923 2370 2993 περὶ
2395 2923 2454 2976 τὸ
2486 2922 2625 2976 θεῖον
2673 2922 2970 2994 θρησκείαν
3009 2926 3102 2979 ἐπὶ
3141 2924 3241 2997 τὴν
3285 2924 3538 2997 τοιαύτην
3563 2924 3697 2994 ὓλην

2110 3014 2309 3067 οὑτωσὶ
2346 3015 2853 3086 ἐσχηματισμένην,
2908 3018 3009 3070 οὐκ
3059 3019 3312 3089 ἀνέχεται
3369 3017 3566 3090 βωμῶν
3600 3017 3699 3070 καὶ

2110 3104 2439 3175 ἀγαλμάτων
2459 3123 2472 3136 ·
2505 3107 2626 3161 οὐδὲ
2649 3108 2735 3161 διὰ
2762 3106 2822 3162 τὸ
2859 3107 3195 3181 διειληφέναι
3224 3111 3354 3181 περὶ
3398 3109 3691 3180 δαιμόνων,

2110 3196 2192 3248 ὅτι
2233 3198 2460 3251 τοιοῖσδε
2520 3200 2990 3272 παρακαθέζονται
3038 3202 3279 3273 σχήμασι
3322 3202 3416 3255 καὶ
3456 3201 3696 3273 χωρίοις,

2111 3288 2229 3360 ἦτοι
2262 3288 2367 3343 ὑπό
2389 3307 2549 3345 τινων
2576 3292 2919 3363 μαγγανειῶν
2948 3292 3363 3357 κατακλιθέντες
3385 3293 3520 3365 (8'5),
3544 3292 3577 3363 ἦ
3603 3293 3701 3344 καὶ

2112 3380 2285 3446 ἄλλως
2315 3381 2630 3455 δυνηθέντες
2661 3384 3094 3458 προκαταλαϐεῖν
3128 3387 3342 3451 ἐαυτοῐς
3380 3387 3597 3450 τόπους,
3637 3385 3700 3436 ἐν

2112 3467 2194 3537 οἷς
2217 3473 2317 3544 τῆς
2352 3473 2458 3528 τῶν
2489 3474 2766 3548 θυομένων
2799 3480 3085 3550 ἀποφορᾶς
3119 3479 3315 3549 λίχνως
3358 3476 3704 3550 μεταλαμϐά-

2115 3582 2297 3630 νοντες
2326 3567 2640 3639 παράνομον
2667 3568 2861 3641 ἡδονὴν
2900 3571 2995 3624 καὶ
3032 3570 3365 3641 παρανόμως
3417 3569 3702 3642 θηράσων-

2113 3675 2204 3712 ται
2230 3658 2363 3731 (84).
2397 3661 2716 3732 Χριστιανοὶ
2746 3661 2804 3713 δὲ
2833 3662 2929 3714 καὶ
2979 3661 3219 3715 Ἰουδαῖοι
3244 3660 3334 3715 διά
3365 3663 3451 3725 τὸ,
3478 3665 3702 3732 Κύριον

2116 3747 2224 3801 τὸν
2253 3749 2400 3802 Θεόν
2430 3765 2546 3803 σου
2570 3750 2887 3820 φοϐηθήσῃ
2918 3751 3049 3822 (εἷῆ,
3076 3753 3173 3806 καὶ
3204 3752 3366 3818 αὐτῷ
3388 3753 3555 3823 μόνῳ
3590 3757 3703 3808 λα-

2116 3838 2388 3905 τρεύσεις
2405 3854 2419 3867 ·
2464 3839 2560 3892 καὶ
2585 3837 2674 3892 διὰ
2699 3838 2781 3903 τὸ,
2815 3842 2936 3894 οὐκ
2964 3841 3213 3896 ἔσονταί
3239 3857 3341 3896 σοι
3365 3843 3487 3898 θεοὶ
3512 3842 3702 3911 ἕτεροι

2116 3927 2283 3996 πλὴν
2319 3928 2493 3998 ἐμοῦ·
2536 3933 2665 3996 καὶ,
2703 3934 2784 3987 Οὐ
2831 3932 3104 4002 ποιήσεις
3148 3932 3383 4000 σεαυτῷ
3417 3935 3701 3997 εἴδωλον,

2115 4016 2259 4072 οὐδὲ
2282 4018 2405 4075 πᾶν
2426 4023 2706 4093 ὁμοίωμα,
2735 4023 2852 4078 ὅσα
2865 4025 2935 4081 ἐν
2951 4024 3031 4092 τῷ
3053 4026 3289 4097 οὐρανῷ
3313 4027 3434 4082 ἄνω
3459 4028 3557 4081 καὶ
3584 4027 3703 4080 ὅσα

2115 4110 2187 4163 ἐν
2210 4111 2286 4181 τῇ
2310 4111 2387 4183 γῇ
2421 4113 2597 4181 κάτω,
2626 4116 2725 4170 καὶ
2750 4117 2867 4172 ὅσα
2889 4119 2960 4173 ἐν
2984 4118 3064 4187 τῷ
3094 4119 3265 4174 ὕδατι
3289 4118 3567 4174 ὑποκάτω
3588 4118 3701 4187 τῆς

2116 4201 2251 4272 τῆς,
2268 4206 2342 4259 οὐ
2367 4207 2815 4277 προσκυνήσεις
2834 4209 3057 4279 αὐτοῖς,
3082 4210 3224 4265 οὐδὲ
3239 4210 3326 4280 μὴ
3351 4211 3704 4278 λατρεύσεις

2118 4296 2322 4363 αὐτοῖς
2341 4315 2354 4328 ·
2391 4301 2483 4352 καὶ
2507 4300 2598 4354 διὰ
2627 4302 2709 4368 τὸ,
2734 4303 2951 4370 Κύριον
2971 4302 3078 4357 τόν
3104 4303 3251 4355 Θεόν
3283 4317 3398 4356 σου
3427 4317 3700 4369 προσκυ-

447 4393 748 4455 minantur,
778 4391 871 4446 sed
899 4390 1062 4445 etiam
1102 4388 1277 4457 parati
1308 4393 1434 4440 sunt
1464 4383 1600 4438 mori
1626 4383 1715 4438 ubi
1744 4399 1804 4438 se
1850 4382 2009 4438 dede-

2118 4385 2329 4455 Wio'stc
2349 4430 2362 4455 ,
2397 4391 2493 4445 καὶ
2520 4378 2523 4381 λ
2549 4390 2713 4458 αὐτῷ
2771 4395 2937 4463 μόνῳ
2991 4394 3347 4462 λατρεύσεις
3372 4434 3387 4459 ,
3435 4394 3527 4447 καὶ
3566 4391 3702 4445 ἄλλα

446 4487 521 4541 rit
541 4485 778 4549 occasio,
809 4492 869 4536 ut
895 4497 1047 4536 suam
1073 4480 1167 4536 Dei
1194 4479 1393 4534 summi
1426 4477 1703 4532 notionem
1740 4475 1809 4532 ab
1836 4474 2014 4547 aliqua

446 4576 712 4647 ejusmodi
754 4574 1035 4644 impietate
1063 4572 1440 4625 intaminatam
1482 4576 1721 4623 servent.

2125 4478 2345 4539 πλείονα
2377 4481 2586 4546 τούτοις
2618 4484 2975 4557 παραπλήσια
2995 4526 3010 4549 ,
3044 4485 3105 4538 ού
3141 4485 3299 4556 μόνον
3345 4483 3701 4556 ἐκτρέπονται

2123 4570 2259 4636 νεὼς
2281 4613 2296 4637 ,
2331 4576 2426 4629 καὶ
2453 4575 2671 4648 βωμοὺς
2694 4617 2708 4643 ,
2740 4578 2834 4631 καὶ
2859 4578 3148 4649 ἀγάλματα
3171 4617 3186 4642 ,
3218 4578 3353 4633 ἀλλά
3390 4580 3482 4632 καὶ
3512 4575 3605 4630 ἐπὶ
3639 4575 3703 4628 τὸ

445 4672 828 4743 ἀποθνήσκειν,
852 4668 939 4721 ὅτε
965 4667 1063 4732 δεῖ,
1099 4664 1329 4736 ετοίμως
1358 4664 1604 4735 ἔρχονται
1644 4664 1786 4735 ὑπὲρ
1838 4663 1932 4717 τοῦ
1971 4664 2045 4737 μὴ
2098 4669 2322 4737 μολῦναι
2368 4673 2467 4744 τὴν
2514 4675 2643 4744 περὶ
2680 4673 2774 4728 τοῦ
2803 4672 2936 4728 Θεοῦ
2979 4676 3086 4731 τῶν
3137 4676 3272 4731 ὅλων
3311 4673 3573 4743 ὑπόληψιν
3614 4670 3705 4724 διά

445 4782 589 4829 τινος
615 4764 853 4819 τοιούτου
889 4763 1372 4835 παρανομήματος.

609 4919 984 4983 Deut.vt,i‘5.
1061 4887 1601 4983 οὶΕιοιι.χι,ε,4.
1683 4915 1725 4947 οι
1757 4915 1949 4971 Matth.
1981 4931 2059 4982 ιν,
2094 4916 2183 4970 ιο.

449 5074 601 5140 editi,
629 5073 950 5135 retineatur,
978 5070 1186 5139 aliquid
1214 5069 1385 5124 deerit
1409 5077 1530 5138 post
1550 5067 2016 5140 Qavésougtverbi

449 5137 621 5214 gratia
648 5141 930 5214 ὑπομένει,
978 5141 1061 5195 vel
1077 5137 1219 5214 ‘Aquid
1247 5137 1445 5214 _simi|e_.
1488 5137 1643 5214 lnir::_
1667 5154 1767 5214 pro
1792 5138 1924 5214 eam
1950 5139 2019 5193 τὰ

449 5206 1049 5298 ἐκείνουοφρονούντων,
1079 5206 1215 5265 forte
1247 5209 1525 5278 legendum
1574 5206 1683 5261 τῶν
1714 5206 1783 5260 τὰ
1810 5209 2020 5263 ἐκείνου

450 5300 851 5407 φρουρουντων.

458 5426 491 5438 Δ.
520 5354 577 5427 (8
615 5357 632 5426 )
675 5351 982 5433 Ἀποδοχή.
1010 5348 1258 5438 puluino
1288 5345 1570 5418 legendum
1604 5346 1809 5420 ἀποχή,
1838 5358 1896 5426 ut
1927 5349 2023 5403 ini—

454 5433 531 5480 tio
560 5438 768 5478 numeri
797 5433 1097 5492 sequentis.

522 5492 771 5565 (8ﬁ)Kat
828 5486 1168 5565 νκὶιτασπᾷν.
1231 5486 1513 5546 Bohcrello
1559 5486 2022 5544 mi'mntandnm

453 5564 665 5618 videtur
696 5564 747 5615 iu
778 5564 857 5617 τό.

451 5632 1152 5769 ληὲἓῗζεξατακλιθέντες.
1189 5632 1367 5686 Mallet
1396 5628 1733 5695 Boherellus,
1780 5645 1994 5695 κατακη

1934 5838 1971 5853 a.

2207 5070 2322 5140 (84)
2356 5070 2529 5147 (Eadd.
2557 5070 2695 5147 Reg,
2724 5083 2777 5126 et
2804 5072 3148 5147 Basileensis,
3183 5075 3511 5147 παρανόμως
3535 5074 3709 5147 θηρά-

2129 5157 2321 5217 σωται.
2363 5140 2534 5217 μοι),
2550 5143 2679 5217 editi
2707 5160 2720 5195 :
2749 5144 3099 5217 παρανόμους
3128 5140 3473 5217 θηράσονται.

2201 5210 2315 5287 (85)
2345 5209 2691 5287 Φοϐηθῄσῃ.
2740 5209 2883 5287 Cod.
2904 5209 3043 5287 iieg.
3075 5223 3126 5287 et
3156 5209 3503 5287 iiimileensis,
3533 5231 3706 5287 προσ-

2130 5282 2733 5367 κυνήσειςνὶυμωιιιιιι.
2761 5298 2835 5344 tv,
2997 5291 3050 5336 et
3095 5283 3233 5367 infra
3262 5282 3596 5367 Ilmscltelins
3651 5295 3709 5339 et

2133 5348 2469 5419 Speaicerns.
2496 5348 2660 5404 Paulo
2710 5363 2830 5419 post
2879 5353 3038 5405 iidem
3091 5354 3249 5407 codd.
3276 5370 3408 5408 mss.
3446 5354 3566 5407 οὐδὲ
3596 5357 3708 5409 πᾶν

2131 5421 2404 5493 όμρίωμα.
2452 5418 2609 5493 μοι).
2636 5418 2937 5493 editi,o:36é
2974 5421 3174 5485 παντὸς
3220 5423 3488 5493 ὁμοίωμα.
3530 5423 3707 5493 Paulo

2136 5489 2274 5563 infra
2308 5490 2645 5563 Hm_s¢h_elius
2693 5500 2760 5563 et,
2795 5492 3120 5563 Spencerus,
3170 5489 3270 5563 ὅσα
3314 5494 3372 5546 ὲν
3395 5489 3497 5563 ’τῷ
3525 5491 3703 5548 ὕδατι.

2138 5558 2365 5625 Vulgata
2398 5558 2587 5621 Biblia,
2620 5561 2718 5612 ὅσα
2747 5562 2803 5612 ἐν
2830 5558 2941 5624 τοῖς
2968 5561 3143 5615 ὕδασι.
3191 5562 3311 5616 Mox
3337 5558 3505 5616 codex
3550 5563 3709 5617 Vati-

2135 5628 2486 5702 camts._o_05é
2529 5628 2601 5702 μῂ
2630 5628 2963 5702 λατρεύσεις.
3021 5631 3286 5685 ιΙοεειῖιιοΙ.
3329 5641 3383 5685 et
3414 5630 3706 5700 Spencer.,

2132 5695 2252 5749 οὐδὲ
2289 5696 2361 5769 μὴ
2393 5695 2711 5769 λατοεύσης.
2733 5695 2745 5702 ’
2897 5718 2904 5725 ·
