3972 6160
413 319 546 375 I515

1513 315 1792 374 CONTRA
1825 314 2098 370 CELSUM
2130 313 2257 368 LIB.
2303 311 2410 368 VII.

3491 310 3629 365 15H

476 436 702 508 Εἴρηται
752 433 809 488 δὲ
865 435 920 486 ὲν
971 434 1082 497 τοῖς
1130 433 1384 506 ἀνωτέρω
1437 436 1563 506 περὶ
1587 437 1810 508 Περσῶν
1839 437 1973 508 πρὸς

2142 435 2231 491 65.
2261 434 2336 488 De
2368 433 2546 489 Persis
2571 432 2683 502 jam
2732 447 2892 502 supra
2930 432 3184 495 diximus,
3246 434 3315 487 ab
3363 433 3467 488 illis
3517 452 3622 489 non

405 528 467 584 τδ
490 527 622 589 νεὼς
652 527 747 596 μὲν
775 524 969 587 αὐτοὺς
998 523 1070 594 μὴ
1105 524 1370 595 ἱδρῦσθαι,
1412 524 1588 578 σέϐειν
1622 525 1678 578 δὲ
1703 526 1793 578 τὸν
1817 526 1964 595 ἥλιον

404 620 497 674 καὶ
547 617 617 671 τὰ
657 616 750 670 τοῦ
793 615 925 669 Θεοῦ
959 616 1412 688 δημιουργήματα
1434 634 1446 646 ’
1477 617 1614 687 ὅπερ
1659 619 1790 688 ἡμῖν
1824 618 1966 685 ἁπη-

403 711 655 782 γόρευται
679 707 1235 780 (86),’διδασκομένοις
1278 709 1350 782 μὴ
1377 709 1654 782 λατρεύειν
1693 713 1757 780 τῇ
1794 711 1967 762 κτίσει

404 803 554 874 παρὰ
583 801 673 854 τὸν
706 801 998 854 κτίσανταο
1033 799 1147 853 ἀλλ’
1181 800 1376 853 εἰδέναι
1405 801 1502 871 μὲν
1522 841 1536 865 ,
1580 801 1669 854 ὅτι
1701 803 1740 869 ἠ
1773 802 1969 868 κτίσις

403 892 939 962 ἐλευθερωθήσεται
980 891 1096 946 ἀπὸ
1141 891 1251 959 τῆς
1283 891 1561 958 δουλείας
1593 891 1703 962 τῆς
1746 892 1971 962 φθορᾶς

403 990 490 1054 εἰς
529 986 644 1055 τὴν·
682 986 1027 1054 ἐλευθερίαν
1059 983 1166 1052 τῆς
1211 984 1396 1051 δόξης
1433 985 1551 1039 τῶν
1600 986 1824 1039 τέκνων
1862 984 1970 1039 τοῦ

408 1076 581 1134 Θεοῦ·
620 1074 732 1139 καὶ,
769 1074 855 1128 ὅτι
889 1075 928 1139 ἡ
962 1072 1404 1140 ἀποκαραδοκία
1437 1072 1546 1141 τῆς
1578 1075 1825 1139 κτίσεως
1857 1074 1970 1142 τὴν

403 1162 790 1232 ἀποκάλυψιν
815 1162 932 1215 τῶν
956 1160 1100 1216 υἱῶν
1123 1161 1227 1215 τοῦ
1253 1161 1399 1216 Θεοῦ
1423 1161 1828 1230 ἀπεκδέχεταιο
1849 1163 1967 1230 καὶ,

405 1257 492 1310 ὅτι
541 1255 992 1324 τῇματαιότητι
1037 1253 1148 1324 (87)
1191 1255 1229 1322 ἠ
1276 1254 1472 1318 κτίσις
1515 1254 1777 1323 ὑπετάγη
1804 1294 1818 1318 ,
1855 1257 1969 1325 οὐχ

404 1349 647 1411 ἑκοῦσα,
671 1347 830 1401 ἀλλὰ
856 1345 950 1398 διὰ
974 1345 1071 1399 τόν
1099 1345 1480 1409 ὑποτάξαντα
1498 1346 1589 1398 ἐπ’
1613 1347 1814 1400 ἑλπίδι
1830 1363 1843 1376 ·
1875 1349 1970 1401 καὶ

407 1441 482 1513 μὴ
513 1441 614 1511 μὴν
643 1442 735 1492 καὶ
765 1440 874 1493 δεῖν
906 1438 972 1490 τὰ
1005 1438 1097 1490 ἐπὶ
1128 1441 1193 1508 τῇ
1219 1438 1431 1508 δουλείᾳ
1466 1438 1575 1508 (88)
1623 1441 1722 1509 τῆς
1765 1439 1968 1510 φθορᾶς

403 1536 496 1587 καὶ
529 1533 619 1586 ἐπὶ
645 1535 710 1602 τῇ
759 1531 1074 1601 ματαιότητι
1100 1530 1508 1599 ὑποτεταγμένα
1545 1533 1637 1584 καὶ
1670 1533 1756 1584 ἐπ’
1797 1532 1969 1584 ἑλπίδι

404 1623 667 1696 κρείττονι
700 1618 870 1675 ταῦτα
897 1620 1196 1691 πράττοντα
1224 1621 1278 1672 ὲν
1319 1619 1470 1690 χώρᾳ
1505 1622 1667 1691 τιμᾷν
1700 1621 1834 1675 Θεοῦ
1874 1622 1966 1675 τοῦ

403 1716 698 1778 ἁνενδεοῦς,
730 1715 763 1786 ἢ
791 1714 882 1768 τοῦ
917 1713 1046 1767 Υἱοῦ
1067 1712 1229 1766 αὑτοῦ
1255 1714 1345 1765 καὶ
1366 1715 1743 1780 Πρωτοτόκου
1765 1713 1966 1780 πάσης

2073 525 2269 593 templa
2303 524 2519 594 quidem
2548 524 2811 588 construi,
2857 523 2946 577 sed
3002 521 3170 578 solem
3212 530 3390 578 tamen
3423 533 3474 578 et
3531 524 3626 579 Det

2069 632 2230 686 opera
2259 616 2494 671 adorari.
2527 615 2582 669 Id
2633 615 2776 684 quod
2827 615 3053 668 vetitum
3100 614 3256 670 nobis
3287 625 3391 680 est,
3441 626 3496 668 ιιι
3526 619 3620 684 qui

2071 710 2211 764 docti
2247 723 2432 764 sumus
2464 723 2566 762 non
2618 717 2930 761 creaturam
2975 707 3229 769 adorare,
3260 709 3354 762 sed
3402 707 3626 763 Creato-

2071 817 2207 863 rem,
2245 809 2298 854 et
2327 810 2620 854 creaturam
2647 799 2926 852 liberatum
2953 799 3024 852 iri
3067 815 3099 852 a
3143 799 3390 853 servitute
3440 817 3628 853 corru-

2069 894 2268 960 ptionis
2290 893 2342 945 in
2366 891 2656 945 libertatem
2683 889 2866 959 gloriae
2885 890 3118 958 ﬁliorum
3150 891 3242 944 Dei
3271 891 3335 954 ⁸³;
3365 900 3419 947 et
3453 909 3630 960 exspe-

2070 985 2350 1037 ctationem
2439 989 2698 1036 creatura:
2783 981 3146 1035 reuelationem
3223 982 3458 1050 ﬁliorum
3532 981 3630 1035 Dei

2070 1086 2366 1144 exspectare
2387 1074 2453 1140 σι,
2482 1083 2536 1129 et
2588 1076 2806 1128 vanitati
2849 1085 3144 1127 creaturam
3195 1075 3481 1143 subjectum
3522 1093 3632 1130 esse

2071 1184 2174 1221 non
2205 1168 2476 1233 volentem,
2509 1169 2600 1222 sed
2631 1177 2843 1234 prapter
2867 1182 2983 1219 eum
3009 1167 3097 1236 qui
3117 1166 3330 1235 subjecit
3354 1167 3406 1220 in
3442 1184 3528 1235 spe
3551 1169 3626 1232 ⁶⁸;

2071 1258 2297 1326 proinde
2333 1273 2421 1313 res
2471 1257 2800 1326 corruptioni
2855 1256 3127 1312 servitutis
3182 1256 3520 1326 subiacentes
3577 1270 3631 1315 et

2069 1350 2295 1405 vanitati
2347 1350 2618 1422 subjectus
2649 1361 2705 1406 et
2757 1347 2994 1404 melioris
3038 1349 3360 1403 conditionis
3415 1367 3508 1420 spe
3550 1353 3632 1407 sic

2071 1453 2448 1508 permanentes
2485 1443 2697 1496 adorari
2749 1457 2854 1496 non
2919 1449 3167 1508 oportere
3212 1455 3307 1508 pro
3359 1439 3488 1504 Deo,
3537 1443 3628 1510 qui

2069 1534 2212 1586 nulla
2244 1551 2301 1588 re
2331 1535 2557 1605 indiget,
2581 1545 2674 1589 aut
2703 1549 2800 1604 pro
2831 1533 2968 1587 Filio
3016 1533 3132 1599 ejus
3164 1542 3218 1587 et
3273 1530 3631 1602 Primogenito

2068 1625 2235 1676 omnis
2259 1638 2516 1678 creatum
2545 1627 2610 1682 ".
2651 1627 2825 1693 Atque
2851 1625 2965 1678 haec
2992 1622 3318 1691 supradictis
3347 1625 3411 1678 de
3445 1625 3633 1681 Persa-

2073 1730 2190 1767 rum
2218 1724 2377 1783 gente
2409 1731 2534 1770 aras
2553 1716 2766 1785 quidem
2798 1724 2852 1768 et
2884 1714 3176 1770 simulacra
3205 1727 3508 1782 aversante,
3538 1720 3631 1772 sed

404 1809 671 1874 κτίσεως.
695 1809 880 1878 Ἀρκεῖ
897 1807 1070 1860 τοίνυν
1099 1807 1230 1875 πρὸς
1263 1805 1490 1870 ἐκείνοις
1521 1808 1612 1858 καὶ
1643 1806 1814 1859 ταῦτα
1839 1807 1966 1876 περὶ

2083 1817 2375 1859 creaturam
2432 1807 2550 1862 loco
2601 1807 2875 1861 Creatoris
2927 1806 3138 1861 colente
3183 1805 3458 1862 addidisse
3501 1811 3635 1863 satis

403 1899 496 1952 τοῦ
527 1898 748 1970 Περσῶν
782 1898 983 1960 ἔθνους,
1016 1897 1230 1967 βωμοὺς
1261 1898 1354 1949 καὶ
1387 1896 1674 1967 ἀγάλματα
1706 1899 1966 1968 ἐκτρεπο-

409 1991 601 2062 μένων,
630 1989 990 2060 λατρευόντων
1017 1987 1074 2040 δὲ
1096 1990 1161 2058 τῇ
1189 1987 1360 2039 κτίσει
1394 1986 1543 2057 παρὰ
1571 1987 1660 2039 τὸν
1691 1987 1966 2042 κτίσαντα.

419 2084 568 2136 Ἐπεὶ
595 2082 652 2135 δὲ
681 2081 774 2135 καὶ
805 2080 901 2151 τὴν
953 2079 1304 2152 Ἡρακλείτου
1337 2077 1603 2150 παρέθετο
1633 2077 1774 2142 λέξιν
1795 2119 1808 2143 ,
1841 2079 1972 2133 ὑπο-

402 2174 794 2245 διηγησάμενος
831 2172 998 2244 αὐτὴν
1029 2171 1505 2242 ὑποσημαίνουσαν
1545 2170 1777 2236 ἠλίθιον
1821 2171 1972 2224 εἶναι

403 2266 467 2320 τὸ
496 2266 618 2332 τοῖς
641 2264 979 2334 ἀγάλμασιν
998 2263 1298 2332 εὔχεσθαι,
1322 2263 1429 2315 ἐὰν
1445 2262 1530 2331 μὴ
1561 2261 1863 2332 γιγνώσκῃ
1883 2280 1971 2330 τις

403 2359 576 2424 θεοὺς
608 2359 704 2410 καὶ
733 2357 949 2426 ἥρωας,
976 2356 1194 2421 οἵτινές
1219 2358 1337 2408 εἱσι
1363 2372 1375 2385 ·
1411 2355 1647 2418 λεκτέον,
1674 2355 1756 2407 ὅτι
1783 2355 1977 2424 γιγνώ-

405 2465 552 2503 σκειν
597 2449 694 2519 μέν
730 2451 844 2501 ἐστι
888 2448 1020 2502 Θεὸν
1044 2487 1059 2511 ,
1094 2448 1188 2499 καὶ
1221 2447 1311 2500 τὸν
1343 2446 1620 2516 Μονογενῆ
1653 2445 1836 2511 αὑτοῦ,
1883 2447 1976 2500 καὶ

404 2543 528 2606 τοὺς
547 2541 933 2612 τετιμημένους
956 2540 1060 2593 ὑπὸ
1079 2539 1214 2593 Θεοῦ
1242 2543 1306 2610 τῇ
1331 2540 1473 2605 Θεὸς
1497 2539 1852 2611 προσηγορίᾳ,
1883 2539 1975 2592 καὶ

409 2633 730 2703 μετέχοντας
760 2631 859 2702 τῆς
893 2630 1142 2702 θεότητος
1178 2628 1363 2695 αὑτοῦ,
1390 2629 1608 2700 ἐτέρους
1633 2629 1790 2692 ὄντας
1822 2627 1977 2700 παρὰ

405 2729 613 2791 πάντας
634 2729 757 2790 τοὺς
785 2725 939 2790 θεοὺς
971 2726 1078 2778 τῶν
1103 2724 1290 2789 ὲθνῶν,
1317 2725 1510 2788 οἵτινές
1540 2727 1646 2777 εἰσι
1670 2724 1917 2794 δαιμόνια
1942 2739 1957 2754 ο
1986 2724 2045 2777 οὑ

406 2824 711 2896 ἀγάλμασιν
735 2822 1009 2894 εὔχεσθαι.

479 2920 588 2973 Καὶ
610 2920 669 2972 οὑ
702 2918 858 2989 μόνον
885 2918 946 2970 τὸ
984 2915 1237 2988 εὔχεσθαι
1280 2920 1391 2980 τοῖς
1431 2917 1737 2985 ἀγάλμασιν
1771 2900 1975 2985 ἧλίθιόν

409 3017 576 3079 ἐστιν,
594 3014 726 3068 ἀλλὰ
745 3012 851 3083 γὰρ
875 3011 968 3064 καὶ
995 3011 1055 3063 τὸ
1083 3009 1617 3081 συμπεριφερόμενον
1639 3010 1748 3070 τοῖς
1766 3008 1976 3070 πολλοῖς

2077 1896 2257 1951 luerit.
2287 1897 2556 1964 Quoniam
2589 1913 2716 1951 vero
2751 1906 2805 1952 et
2834 1897 3089 1952 Heracliti
3150 1899 3309 1952 verba
3365 1899 3629 1970 recitavit,

2077 1993 2270 2060 quibus
2309 1991 2639 2046 subindicari
2703 1993 2798 2053 ait,
2851 1993 3069 2046 stultum
3121 2009 3228 2047 esse
3279 2011 3451 2062 preces
3499 1995 3634 2065 ferre

2075 2083 2394 2147 simulacris,
2418 2082 2519 2138 nisi
2545 2093 2723 2136 notum
2748 2086 2815 2136 sit
2838 2085 2964 2152 quid
2989 2085 3088 2136 sint
3122 2085 3217 2151 dii,
3252 2088 3377 2156 quid
3411 2089 3592 2145 heroes
3615 2108 3634 2154 ;

2076 2176 2387 2239 dicendum,
2433 2173 2590 2229 facile
2648 2176 2894 2243 cognosci
2945 2189 3100 2243 posse
3154 2175 3445 2232 discrimen
3494 2183 3633 2249 quod

2079 2268 2220 2320 inter
2249 2267 2437 2328 Deum,
2473 2265 2814 2334 Unigenitnm
2847 2265 2996 2332 ejus,
3047 2266 3288 2336 dignatus
3323 2284 3353 2322 a
3395 2272 3502 2326 Deo
3541 2273 3634 2327 Dei

2079 2357 2457 2426 appellatione,
2503 2357 2796 2426 participes
2823 2355 3294 2424 ejusdivinitatis,
3345 2370 3398 2414 et
3446 2379 3638 2420 omnes

2077 2452 2206 2504 deos
2229 2451 2467 2521 gentium
2527 2450 2617 2519 qui
2668 2448 2930 2504 daemonia
2975 2457 3119 2513 sunt,
3165 2451 3484 2523 intercedit;
3541 2460 3636 2513 sed

2079 2541 2245 2596 Deum
2279 2543 2532 2610 cognosci
2577 2541 2734 2596 simul
2762 2551 2816 2595 et
2868 2540 3178 2595 simulacris
3216 2544 3417 2600 cultum
3473 2549 3637 2606 tribui

2079 2647 2182 2683 non
2214 2646 2393 2696 posse.

2080 2723 2184 2796 μὴν
2211 2725 2432 2778 δυνατόν
2453 2728 2567 2778 ἐστι
2594 2729 2686 2780 καὶ
2709 2729 3028 2798 γιγνώσκειν
3049 2731 3137 2784 τὸν
3183 2731 3313 2784 Θεὸν
3375 2733 3467 2785 καὶ
3525 2733 3642 2798 τοῖς

2151 2912 2308 2984 74],
2327 2910 2605 2983 66.Neque
2626 2914 2798 2969 solum
2824 2916 3044 2971 stultum
3069 2926 3153 2972 est
3175 2918 3486 2976 simulacris
3511 2937 3640 2989 pre-

2081 3005 2383 3071 ceslerre,
2425 3020 2612 3060 verum
2674 3008 2835 3061 etiam
2880 3009 2946 3061 ad
2994 3007 3048 3064 id
3089 3010 3451 3066 simulandum
3495 3013 3639 3068 trahi

410 3106 820 3179 προσποιεῖσθαι
851 3105 962 3174 (89)
988 3109 1100 3168 τοῖς
1138 3102 1445 3172 ἀγάλμασιν
1475 3099 1728 3169 εὔχεσθαι
1753 3116 1764 3128 ·
1797 3100 1976 3152 ὁποῖον

2083 3098 2331 3166 exemplo
2375 3098 2736 3153 multitudinis
2774 3118 2790 3155 :
2839 3101 2981 3170 quod
3030 3101 3230 3156 faciunt
3263 3102 3640 3173 Peripatetica‘.

411 3199 650 3252 ποιοῦσιν
672 3200 721 3250 οἱ
752 3197 820 3250 τὰ
845 3198 951 3250 ἀπὸ
974 3196 1065 3248 τοῦ
1095 3195 1402 3266 Περιπάτου
1426 3190 1858 3262 φιλοσοφοῦντες,
1881 3191 1974 3244 κα)¹

409 3293 457 3344 οἱ
494 3291 562 3342 τὰ
600 3289 918 3359 Ἐπικούρου
963 3287 996 3358 ἢ
1029 3286 1364 3357 Δημοκρίτου
1397 3284 1779 3353 ἀσπαζόμενοι.
1809 3279 1976 3336 Οὐδὲν

411 3382 518 3452 γὰρ
560 3380 709 3442 νόθον
750 3378 854 3452 χρὴ
892 3378 1214 3448 ἐνυπάρχειν
1245 3379 1311 3446 τῇ
1345 3375 1490 3445 ψυχῇ
1521 3373 1614 3427 τοῦ
1646 3372 1858 3443 ἀληθῶς
1899 3374 1977 3434 εἰς

411 3473 474 3526 τὸ
509 3471 660 3525 Θεῖον
683 3471 953 3533 εὐσεϐοῦς.
1002 3471 1076 3522 Οὑ
1117 3467 1361 3538 τιμῶμεν
1390 3467 1446 3519 δὲ
1477 3465 1547 3518 τὰ
1574 3464 1860 3535 ἀγάλματα
1886 3463 1980 3514 καὶ

411 3565 498 3620 διὰ
524 3565 584 3618 τὸ
609 3566 703 3636 μὴ,
725 3565 786 3617 τδ
812 3564 933 3616 ὅσον
953 3564 1035 3631 ἐφ’
1059 3563 1209 3632 ἡμῖν,
1231 3558 1591 3613 καταπίπτειν
1615 3559 1694 3619 είς
1716 3555 1978 3624 ὑπόληψιν

410 3656 504 3728 τὴν
532 3653 777 3728 περὶτοῦ
811 3649 948 3706 εἶναι
989 3651 1058 3704 τὰ
1090 3651 1376 3719 ἀγάλματα
1417 3648 1571 3711 θεοὺς
1612 3647 1848 3717 ἑτέρους.
1890 3645 1981 3696 Διὸ

411 3751 506 3804 καὶ
543 3748 879 3819 ἐγκαλοῦμεν
909 3747 1098 3814 Κέλσῳ
1126 3745 1219 3796 καὶ
1251 3743 1384 3794 πᾶσι
1411 3744 1522 3801 τοῖς
1554 3737 1872 3810 ὁμολογοῦσι
1906 3735 1979 3806 μὴ

413 3839 548 3895 εἶναι
590 3841 761 3894 ταῦτα
806 3839 993 3901 θεοὺς,
1043 3836 1263 3890 ὅτιτῶν
1310 3833 1604 3887 δοκούντων
1633 3827 1770 3884 εἶναι
1803 3829 1980 3898 σοφῶν

415 3934 509 3986 καὶ
551 3936 584 4002 ἡ
630 3931 924 4001 φαινομένη
968 3931 1075 3999 (90)
1115 3929 1240 3999 περὶ
1281 3927 1349 3980 τὰ
1391 3925 1676 3995 ἀγάλματα
1704 3925 1870 3994 τιμή·
1901 3918 1982 3984 οἷς

416 4023 507 4076 καὶ
539 4021 952 4084 ἀκολουθοῦντες
992 4024 1041 4074 οἱ
1075 4020 1256 4073 πολλοὶ
1285 4018 1344 4070 οὑ
1388 4016 1542 4086 μόνον
1589 4015 1729 4067 κατὰ
1774 4029 1982 4083 συμπε-

419 4115 642 4188 ριφορὰν
675 4114 848 4167 σέϐειν
873 4114 1011 4165 αὑτὰ
1047 4111 1358 4180 νομίζοντες
1385 4108 1804 4178 ἁμαρτάνουσιν,
1845 4103 1982 4156 ἀλλὰ

417 4210 522 4282 γὰρ
545 4211 636 4264 καὶ
660 4208 1085 4268 καταπίπτοντες
1110 4207 1173 4274 τῇ
1200 4204 1340 4273 ψυχῇ
1365 4203 1454 4254 ἐπὶ
1473 4200 1533 4252 τὸ
1553 4197 1790 4268 νομίζειν
1811 4196 1982 4249 ταῦτα

415 4301 553 4358 εἶναι
602 4304 790 4365 θεοὺς,
825 4300 918 4353 καὶ
957 4298 1077 4370 μηδ’
1124 4294 1436 4364 ἀνεχόμενοι
1477 4290 1727 4351 ἀκούειν,
1761 4289 1840 4340 ὅτι
1884 4285 1982 4339 οῦκ

416 4399 520 4449 εἰσι
543 4394 713 4449 ταῦτα
737 4391 848 4446 θεολ⁸
875 4391 942 4444 τὰ
963 4391 1052 4442 ὑπ’
1073 4386 1249 4441 αὐτῶν
1279 4380 1582 4455 προσκυνοὺ
1593 4397 1746 4451 μενα.
1774 4377 1981 4440 Κέλσος

2078 3192 2430 3263 ριιίιοεοριιίιε
2460 3201 2772 3254 sectatores.
2797 3202 2850 3246 et
2872 3193 2962 3261 qui
2989 3193 3206 3262 Epicuri
3229 3205 3322 3248 aut
3345 3195 3638 3251 Democriti

2077 3285 2275 3353 placita
2305 3282 2730 3353 amplectuntur.
2761 3282 2902 3337 Nihil
2932 3285 3074 3338 enim
3102 3285 3154 3338 in
3182 3286 3360 3341 anima
3403 3289 3645 3346 hominis

2080 3391 2205 3431 vera
2240 3377 2442 3446 pietate
2500 3374 2661 3430 Deum
2703 3375 2930 3429 colentis
2975 3376 3152 3431 inesse
3197 3379 3350 3433 debet
3385 3380 3644 3436 adulteri-

2081 3482 2228 3520 num.
2264 3467 2365 3521 Est
2395 3465 2552 3519 nobis
2575 3475 2623 3519 et
2651 3466 2752 3519 alia
2780 3481 2938 3520 causa
2971 3482 3071 3520 cur
3100 3467 3403 3524 simulacris
3434 3469 3636 3524 nullum

2080 3558 2341 3612 honorem
2373 3558 2697 3618 habeamus,
2725 3558 2980 3610 nimirum
3007 3573 3072 3611 ne
3097 3567 3358 3626 quantum
3395 3559 3448 3613 in
3485 3563 3638 3616 nobis

2081 3663 2165 3703 εει
2215 3649 2270 3701 ἱιι
2316 3649 2457 3701 hanc
2510 3648 2761 3701 labamnr
2796 3647 3139 3714 opinionem,
3185 3647 3474 3702 simulacra
3504 3650 3642 3704 alios

2083 3743 2212 3797 deos
2269 3755 2412 3795 esse.
2445 3739 2709 3807 Quocirca
2743 3740 2876 3792 vitio
2918 3741 3176 3795 vertimus
3221 3739 3382 3796 Celso
3413 3741 3644 3812 aliisque

2085 3831 2380 3886 simulacra
2433 3833 2560 3887 deos
2603 3847 2706 3887 non
2752 3845 2872 3886 esse
2905 3832 3318 3898 confitentibus,
3345 3835 3511 3904 quod,
3546 3851 3656 3890 ευ..

2082 3924 2294 3992 pientes
2328 3925 2520 3989 habiti,
2583 3924 2788 3979 cultum
2822 3924 3129 3980 simulacris
3173 3925 3382 3981 deferre
3414 3928 3642 3982 videan-

2086 4024 2192 4066 tnr.
2229 4015 2426 4068 Eorum
2471 4018 2614 4070 enim
2672 4019 2918 4086 exemplo
2947 4021 3097 4073 multi
3147 4030 3370 4088 peccant
3399 4021 3492 4090 qui
3534 4034 3641 4074 non

2085 4105 2258 4160 solum
2293 4109 2406 4161 haec
2435 4109 2534 4163 sibi
2572 4110 2793 4180 coleqda
2825 4127 2943 4166 esse
2965 4123 3153 4180 putant
3179 4123 3238 4167 ut
3266 4128 3324 4167 se
3352 4122 3641 4167 consuetu-

2094 4197 2205 4249 dini
2236 4199 2662 4262 accommodent,
2687 4201 2780 4254 sed
2811 4202 2973 4254 etiam
3013 4213 3192 4257 mente
3235 4205 3287 4257 in
3325 4205 3464 4258 hanc
3502 4205 3640 4258 inci-

2086 4283 2218 4336 dunt
2245 4287 2576 4354 opinionem,
2615 4287 2702 4340 illa
2727 4303 2845 4343 esse
2879 4290 3012 4345 deos
3045 4309 3056 4343 :
3097 4307 3202 4358 quo
3245 4292 3306 4346 lit
3349 4301 3406 4344 ιιι
3430 4302 3431 4305 ‘
3455 4295 3642 4346 audire

2086 4387 2190 4424 non
2217 4373 2448 4438 possint,
2473 4374 2604 4427 deos
2631 4374 2718 4427 illa
2744 4391 2851 4428 non
2880 4391 2998 4430 esse
3023 4392 3140 4443 qum
3164 4379 3232 4431 ab
3260 4377 3388 4446 ipsis
3408 4377 3638 4432 adoran-

419 4488 516 4558 μὲν
545 4482 635 4538 οὖν
669 4501 830 4554 φησιν
857 4479 1007 4535 αὐτὰ
1033 4477 1118 4548 μὴ
1150 4475 1419 4545 ἡγεῖσθαι
1439 4471 1628 4536 θεοὺς,
1653 4467 1811 4524 ἀλλὰ
1831 4466 1976 4522 θεῶν

2087 4472 2191 4516 tur.
2223 4465 2312 4519 Ait
2334 4465 2550 4533 quidem
2575 4466 2760 4522 Celsus
2790 4485 2849 4522 se
2877 4469 2970 4520 illa
2997 4469 3117 4523 deos
3167 4485 3268 4523 non
3313 4471 3634 4535 existimare,

414 4576 790 4646 ἀναθήματα·
849 4573 920 4644 μὴ
969 4568 1288 4630 ἀποδεικνὺς
1312 4606 1326 4631 ,
1376 4565 1492 4628 πῶς
1533 4564 1630 4616 οὑκ
1682 4559 1981 4634 ἀνθρώπων

415 4669 520 4721 εἰσ).
545 4667 714 4720 ταῦτα
744 4663 1063 4733 ἀναθήματα
1088 4700 1102 4724 ,
1151 4658 1264 4712 ἀλλ’
1285 4699 1300 4724 ,
1342 4657 1418 4721 ὡς
1456 4654 1736 4724 ὠνόμασεν
1755 4693 1771 4718 ,
1806 4651 1982 4705 αὐτῶν

416 4761 522 4812 τῶν
545 4759 698 4813 θεῶν.
737 4757 910 4826 Σαφὲς
939 4755 1066 4827 γὰρ,
1097 4755 1176 4808 ὅτι
1210 4752 1354 4805 ἐστὶν
1385 4747 1682 4821 ἀνθρώπων
1708 4746 1985 4811 πεπλανη-

424 4844 594 4912 μένων
638 4846 763 4915 περ).
792 4844 853 4897 τὸ
901 4843 1040 4896 θεῖον
1083 4840 1254 4894 ταῦτα
1302 4838 1642 4908 ἀναθήματα.
1695 4834 1832 4887 Ἀλλ’
1866 4833 1986 4886 οὑδὲ

421 4938 568 5003 θείας
596 4940 798 5003 εἰκόνος
825 4938 1271 5008 ὑπολαμϐάνομεν
1295 4931 1430 4988 εἶναι
1461 4933 1527 4986 τὰ
1556 4931 1863 5002 ἀγάλματα,
1891 4930 1986 4983 ἆτε

424 5033 632 5102 μορφὴν
690 5031 919 5101 ἀοράτου
980 5028 1073 5083 καὶ
1136 5028 1424 5097 ἀσωμάτου
1490 5023 1563 5096 μὴ
1616 5023 1983 5094 διαγράφοντα

419 5118 553 5174 Θεοῦ
588 5118 718 5193 (9i).
764 5121 914 5173 Ἐπεὶ
937 5120 994 5172 δὲ
1027 5117 1392 5188 ὑπολαμϐάνει
1415 5116 1562 5186 ἡμᾶς
1587 5115 1616 5167 ό
1644 5114 1847 5176 Κέλσος
1869 5113 1981 5174 τοῖς

490 5243 536 5274 ⁸³
573 5241 732 5297 Rom.
761 5258 880 5304 vm,
911 5242 1001 5296 Si.

495 5363 604 5436 (86)
639 5363 806 5418 Codd.
853 5363 1003 5434 Reg.,
1047 5361 1210 5415 Basil.
1244 5370 1298 5413 et
1329 5357 1602 5423 Vatican.,
1642 5354 1977 5424 ἀπαγορεύε-

418 5453 603 5572 ταὶ87)
629 5501 795 5558 Codd.
833 5503 964 5573 Reg.
1007 5514 1061 5557 et
1106 5500 1294 5563 Basil.,
1340 5495 1730 5566 ἀπεκδέχεται·
1779 5498 1842 5566 τῇ
1869 5497 1976 5568 γὰρ

421 5575 760 5648 ματαιότητι.
1030 5645 1041 5648 _
1259 5601 1318 5648 ην

489 5648 600 5731 (88)
639 5637 780 5699 Idem
829 5659 980 5704 mss...
1026 5645 1111 5694 ἐπ’
1149 5639 1356 5692 ὲλπίδι’
1407 5638 1466 5689 οὑ
1508 5637 1611 5707 μὴν
1660 5638 1727 5691 τὰ
1768 5637 1858 5688 ἐπὶ
1909 5640 1974 5708 τῇ

418 5716 1105 5857 δοῖθῗὶιῗίῖροσποιεῖσθαι.
1149 5781 1284 5836 Vide
1314 5783 1506 5837 Euseb.
1531 5779 1626 5834 lib.
1654 5794 1703 5833 ιν
1738 5776 1973 5846 Ρναιρίιι.

733 5882 999 5940 Ριτιιοι..
1049 5880 1166 5942 Gn.
1214 5880 1322 5940 XI.

2082 4561 2172 4611 sed
2203 4558 2343 4610 dona
2395 4559 2496 4610 diis
2540 4571 2864 4614 consecrata.
2924 4563 2991 4614 At
3033 4577 3138 4615 non
3183 4563 3441 4626 ostendit,
3501 4577 3640 4631 quo-

2087 4650 2248 4703 modo
2293 4649 2382 4702 illa
2413 4666 2516 4703 non
2561 4653 2670 4704 sint
2707 4653 2888 4720 potius
2930 4664 3246 4707 consecrata
3298 4655 3643 4714 hominibus.

2088 4756 2247 4809 quam
2313 4742 2448 4804 diis,
2493 4753 2552 4794 ut
2600 4742 2860 4812 loquitur.
2909 4745 3136 4801 Constat
3201 4749 3346 4801 enim
3380 4746 3468 4799 illa
3501 4747 3645 4799 dona

2088 4843 2209 4883 esse
2235 4830 2510 4882 hominum
2531 4869 2546 4894 ,
2590 4831 2679 4899 qui
2709 4831 2773 4885 de
2804 4832 3085 4887 divinitate
3113 4835 3164 4888 in
3201 4848 3387 4888 errore
3418 4848 3646 4888 versan-

2094 4935 2200 4980 tur.
2235 4922 2422 4992 Neque
2465 4926 2632 4978 etiam
2684 4926 2955 4980 credimus
2989 4929 3276 4983 simulacra
3303 4941 3423 4982 esse
3450 4928 3649 4982 divinas

2090 5014 2364 5086 imaginis,
2411 5025 2469 5071 ut
2511 5032 2632 5087 qua:
2665 5017 2758 5072 Dei
2792 5020 3080 5074 invisibilis
3107 5031 3161 5074 et
3191 5021 3494 5089 incorporei
3534 5017 3647 5073 for-

2091 5124 2235 5164 mam
2263 5127 2369 5167 non
2396 5110 2652 5167 referant.
2701 5110 2853 5178 Quod
2888 5111 3080 5168 Celsus
3108 5121 3263 5182 putat
3294 5125 3392 5166 nos
3425 5126 3458 5164 a
3488 5112 3649 5166 nobis

1077 5241 1123 5272 “
1167 5239 1324 5304 lbid.,
1366 5238 1454 5291 19.
1531 5236 1780 5300 ".,l|)id.,
1814 5234 1904 5286 21).
1981 5232 2049 5264 ⁶⁶’
2076 5233 2289 5288 Coloss.
2329 5233 2485 5301 1,15.

2085 5356 2342 5419 evangel.,
2382 5357 2436 5410 in
2477 5357 2584 5411 line
2613 5356 2805 5422 capitis
2836 5353 3082 5408 secundi.

2155 5417 2262 5498 (90)
2291 5427 2398 5480 Kal
2433 5431 2470 5496 ἡ
2496 5417 2844 5498 φαινομένη.
2877 5421 3158 5498 Dolierello
3185 5419 3468 5498 legendum
3495 5417 3651 5472 vide-

2087 5489 2173 5549 tur
2213 5489 2417 5564 γίνεται
2544 5489 2878 5568 φαινομένη.-
2901 5493 3099 5568 Ibidem
3135 5490 3198 5568 ad
3229 5489 3524 5568 riiacgipem
3549 5504 3651 5543 an-

2085 5578 2165 5619 tea
2192 5557 2458 5620 edilornm
2494 5557 2716 5632 leg-gitur;
2756 5557 2886 5632 τιμή
2911 5579 2924 5592 ·
3017 5562 3110 5633 και
3135 5559 3571 5633 ἀκολουθοῦντες.

2155 5638 2264 5705 (91)
2317 5627 2588 5690 Ιιαξεριιθῖ.
2640 5627 2700 5688 et
2749 5627 3040 5705 sowing-1L
3083 5631 3327 5705 ἀοράτου.
3363 5629 3504 5705 Θεοῦ
3551 5627 3647 5683 καὶ

2082 5699 2368 5776 ἀσωμάτου
2401 5708 2473 5776 μὴ
2501 5705 2886 5774 διαγράφοντες
2910 5700 3062 5776 Θεοῦ.
3100 5699 3169 5752 At
3196 5702 3350 5754 codd.
3379 5699 3577 5773 Regius
3596 5712 3650 5757 et

2082 5773 2270 5846 Basil.,
2301 5787 2358 5832 ut
2389 5773 2439 5830 in
2462 5773 2656 5832 nostri)
2694 5783 2864 5840 textu,
2895 5773 3116 5829 rectius.

3227 5864 3305 5927 £8
