3972 6160
399 255 543 314 15Ιὸ

1895 249 2216 310 ORIGENIS

3498 252 3635 308 {536

409 375 546 446 ipsis
581 373 843 430 dissidere
880 383 1290 441 eum'negamus
1323 368 1662 426 divinitatem
1707 385 1825 426 esse
1858 372 1939 426 hut

2061 371 2322 434 ἐναντίοις
2354 370 2720 444 περιπίπτειν,
2747 371 2836 426 ὅτε
2863 369 3042 442 φαμὲν
3078 369 3152 441 μὴ
3189 363 3329 422 εῖναι
3353 365 3636 438 ἀνθρωπό-

408 481 569 520 mana
629 463 838 528 forma,
891 472 949 516 et
983 459 1330 515 nihilominus
1373 453 1644 515 credimus
1671 459 1837 515 Deum
1874 460 1956 516 fe-

408 559 548 616 cisse
579 557 854 612 hominem
887 569 1037 610 suam
1067 553 1355 624 imaginem
1379 596 1394 620 ,
1435 562 1488 609 et
1520 555 1572 608 in
1601 554 1831 624 imagine
1865 554 1957 609 Dei

399 651 599 706 fecisse
640 647 826 714 illum;
859 647 911 702 id
963 643 1315 702 refellendum
1345 655 1402 699 ut
1442 659 1605 716 supra
1638 663 1651 697 :
1679 659 1871 714 nempe
1903 645 1956 699 in

406 742 591 798 anima
627 739 856 793 rationis
879 737 1145 809 participe
1196 744 1251 792 et
1302 736 1370 789 ad
1420 736 1674 789 virtutem
1724 733 1957 789 formata

408 832 734 901 impressum
763 827 966 884 servari
1002 826 1253 898 imaginis
1297 825 1392 902 Dei
1428 827 1836 890 characterem;
1867 825 1956 880 ubi

392 923 558 979 etiam
589 920 800 986 Celsus,
834 933 957 974 cum
1011 935 1116 974 non
1152 916 1476 988 intelligeret
1516 917 1644 986 quid
1703 914 1956 970 differant

401 1021 517 1073 haec
544 1017 670 1084 duo,
697 1029 816 1071 esse
841 1015 1130 1086 imaginem
1175 1014 1293 1081 Dei,
1334 1022 1388 1067 et
1437 1014 1614 1069 creari
1664 1012 1953 1068 secundum

399 1107 691 1178 imaginem
725 1106 854 1171 Dei,
888 1121 989 1160 nos
1016 1105 1144 1160 facit
1167 1105 1425 1169 dicentes,
1456 1105 1625 1158 Deum
1655 1104 1835 1172 fecisse
1861 1105 1958 1157 ho-

393 1202 760 1255 minem.suam
780 1198 1079 1268 imaginem,
1103 1206 1152 1251 et
1185 1196 1358 1266 forma
1390 1196 1613 1251 similem
1630 1197 1746 1252 sibi.
1778 1195 1882 1251 Sed
1900 1203 1956 1250 et

397 1293 463 1347 de
493 1291 578 1347 his
614 1291 727 1360 iam
761 1305 920 1359 supra
943 1289 1143 1343 dictum
1168 1299 1272 1344 est.

462 1380 552 1435 67.
597 1381 724 1435 Post
763 1381 878 1435 haec
912 1377 1101 1435 Celsus
1135 1379 1200 1433 de
1237 1378 1563 1434 Christianis
1599 1379 1676 1434 ait
1723 1395 1737 1432 :
1773 1375 1955 1431 Facile

392 1476 739 1527 concesserint
783 1489 844 1526 ea
877 1487 987 1526 esse
1044 1469 1208 1525 cultui
1259 1471 1558 1542 aliquorum
1611 1483 1952 1535 consecrata,

395 1566 502 1620 sive
533 1564 612 1618 illi
645 1563 863 1631 similes,
893 1564 997 1617 sive
1023 1561 1305 1615 dissimiles
1339 1561 1509 1631 forma
1529 1563 1666 1627 sint;
1699 1577 1804 1616 non
1838 1577 1953 1615 vero

389 1675 501 1712 esse
534 1658 679 1724 deos,
703 1657 891 1727 quibus
922 1656 1031 1711 haec
1057 1657 1348 1724 eriguntur,
1401 1655 1488 1708 sed
1518 1671 1629 1708 esse
1654 1656 1953 1720 dwmones;

2066 481 2268 535 μορφον
2310 463 2370 517 τὸ
2427 464 2615 528 Θεῖον,
2642 465 2736 517 καὶ
2778 465 2867 517 ὅτε
2914 459 3239 529 πιστεύομεν
3262 498 3277 524 ,
3310 456 3392 510 ὅτι
3431 457 3460 508 ὁ
3504 453 3634 514 Θεὸς

2059 556 2280 627 ἐποίησε
2301 557 2390 609 τὸν
2414 554 2693 627 ἄνθρωπον
2723 553 2856 606 ἰδίαν
2883 553 3084 617 εἰκόνα,
3106 551 3197 603 καὶ
3221 553 3279 603 ἐν
3303 547 3468 601 εἰκόνι
3496 545 3630 599 Θεοῦ

2059 649 2310 720 ἐποίησεν
2333 649 2493 704 αὐτόν
2510 667 2522 680 ·
2550 647 2786 712 λεκτέον,
2819 647 2894 711 ὡς
2927 646 3022 700 καὶ
3047 647 3105 700 ἐν
3132 645 3243 707 τοῖς
3266 642 3520 714 ἀνωτέρω
3551 641 3630 694 εἴ·

2063 759 2216 812 ρηται
2236 781 2250 807 ,
2286 742 2366 795 ὃτι
2397 741 2456 794 τὸ
2499 741 2619 794 κατ’
2660 739 2842 792 εἰκόνα
2867 736 3002 791 Θεοῦ
3038 737 3095 789 ἐν
3121 735 3265 805 ψυχῇ
3306 732 3497 803 λογικῇ
3518 773 3532 798 ,
3560 733 3626 804 τῇ

2064 836 2192 905 ποιᾷ
2232 836 2349 887 κατ’
2385 834 2620 906 ἀρετὴν,
2666 828 2934 895 σώζεσθαι
2963 829 3160 901 φαμέν.
3206 827 3318 881 Καὶ
3344 825 3473 880 ἔνθα
3505 823 3629 895 μέν·

2056 943 2136 980 τοι
2181 929 2210 980 ὁ
2255 927 2493 990 Κέλσος,
2528 925 2603 998 μὴ
2644 924 2766 978 ἰδὼν
2809 922 3068 995 διαφορὰν
3106 921 3313 984 εἰκόνος
3356 917 3492 972 Θεοῦ
3537 919 3630 972 καὶ

2057 1018 2148 1072 τοῦ
2178 1020 2297 1072 κατ’
2328 1019 2510 1072 εἰκόνα
2537 1019 2693 1085 Θεοῦ,
2721 1018 2883 1089 φησιν
2931 1019 3078 1088 ἡμᾶς
3102 1012 3298 1083 λέγειν,
3324 1013 3406 1064 ὅτι
3433 1015 3466 1064 ὀ
3487 1011 3628 1078 Θεὸς

2055 1112 2303 1178 ἐποίησε
2347 1111 2453 1164 τὸν
2495 1112 2808 1182 ἄνθρωπον
2866 1110 3024 1166 ἰδίαν
3075 1107 3280 1162 εἰκόνα
3327 1105 3426 1158 καὶ
3469 1100 3626 1170 εἶδος

2056 1203 2260 1274 ὅμοιον
2289 1204 2507 1272 ἐαυτῷ·
2539 1205 2751 1278 εἴρηται
2781 1205 2837 1259 δὲ
2863 1207 2921 1256 ἐν
2950 1204 3063 1266 τοῖς
3088 1197 3343 1269 ἀνωτέρω
3369 1197 3462 1251 καὶ
3491 1197 3627 1269 πρὸς

2054 1297 2243 1350 ταῦτα.

2124 1384 2237 1441 Εἶθ’
2264 1385 2388 1458 ἑξῆς
2414 1405 2544 1459 φησι
2569 1388 2697 1460 περὶ
2726 1383 3063 1458 Χριστιανῶν
3084 1424 3098 1450 ,
3130 1385 3212 1438 ὅτι
3229 1424 3242 1449 ,
3278 1381 3625 1447 Συνθήσον-

2055 1492 2152 1529 ται
2178 1476 2293 1545 μὲν
2320 1473 2470 1530 εἶναι
2516 1477 2678 1531 ταῦτ’
2710 1477 2807 1530 ἐπὶ
2842 1475 2980 1545 τιμῇ
3023 1489 3202 1528 τινων
3223 1513 3237 1539 ,
3264 1472 3301 1541 ἢ
3336 1472 3554 1541 ὁμοίων
3584 1470 3624 1540 ἢ

2053 1570 2346 1638 ἀνομοίων
2377 1568 2442 1623 τὸ
2467 1566 2627 1636 εἶδος
2650 1587 2662 1600 ·
2696 1569 2836 1624 οὔτε
2859 1567 2927 1621 δὲ
2955 1566 3128 1632 θεοὺς
3156 1567 3329 1630 εἶναι,
3353 1558 3446 1631 οἷς
3466 1563 3626 1617 ταῦτ’

2053 1661 2353 1715 ἀνάκειται
2376 1700 2391 1725 ,
2444 1663 2606 1717 ἀλλὰ
2656 1661 2970 1730 δαίμονας·
3027 1659 3164 1714 οὔτε
3200 1655 3417 1728 χρῆναι
3460 1659 3628 1722 θερα-

389 1766 483 1805 nec
507 1749 590 1818 {as
620 1766 728 1804 esse
755 1749 852 1803 Dei
874 1749 1064 1801 cultori
1086 1747 1250 1801 ullum
1279 1747 1601 1802 da’monibus
1633 1748 1831 1800 cultum
1854 1749 1939 1800 tri-

2052 1753 2257 1806 πεύειν
2285 1752 2571 1820 δαίμονας
2595 1792 2610 1815 ,
2641 1751 2810 1817 ὅστις
2843 1749 3004 1804 σέϐει
3057 1750 3222 1803 Θεόν.
3253 1748 3361 1801 Καὶ
3404 1747 3452 1799 εἰ
3494 1744 3626 1814 ἡπί-

391 1842 569 1896 buere.
603 1841 658 1897 Si
691 1843 928 1896 novisset
960 1841 1262 1895 daemonum
1299 1848 1573 1907 naturam,
1611 1851 1668 1895 et
1699 1855 1820 1910 qua:
1857 1855 1948 1896 eo-

391 1949 510 1988 rum
551 1934 933 2003 unusquisque
963 1931 1114 1996 facit,
1143 1932 1258 1986 sive
1284 1941 1508 1986 vocetur
1537 1933 1604 1985 ab
1641 1933 1786 1989 illius
1813 1931 1947 1985 artis

390 2026 605 2094 peritis,
663 2025 776 2079 sive
815 2031 1004 2093 sponte
1034 2033 1155 2093 agat
1203 2024 1346 2092 quod
1391 2023 1504 2076 vult
1561 2035 1617 2078 et
1655 2033 1864 2093 potest;
1901 2023 1948 2078 si

387 2125 697 2187 perceptam
729 2115 1010 2170 habuisset
1043 2115 1110 2169 de
1136 2114 1470 2169 daemonibus
1497 2114 1798 2170 doctrinam
1818 2155 1834 2181 ,
1869 2115 1948 2169 al-

390 2219 497 2263 t-am
534 2223 667 2264 sane
694 2217 750 2263 et
782 2218 992 2262 natura:
1028 2208 1276 2262 humana:
1317 2207 1591 2262 intellectu
1643 2206 1944 2274 dillicilem,

384 2301 586 2372 probro
611 2317 714 2355 non
738 2299 975 2355 dedisset
1003 2299 1158 2354 nobis
1182 2341 1197 2366 ,
1223 2300 1364 2370 quod
1400 2313 1658 2368 negamus
1692 2299 1946 2354 colendos

385 2407 506 2447 esse
549 2393 820 2446 damones
845 2392 893 2445 ei
927 2391 1016 2461 qui
1065 2405 1332 2446 summum
1364 2389 1528 2444 Deum
1571 2394 1780 2445 adorat.
1822 2390 1936 2444 lmo

385 2493 592 2539 tantum
629 2483 782 2538 abest
817 2493 876 2538 ut
903 2483 1104 2538 cultum
1130 2483 1465 2538 daemonibus
1505 2483 1816 2538 deferamus
1839 2523 1852 2546 ,
1885 2490 1945 2538 ut

384 2577 549 2631 etiam
581 2575 703 2630 illos
740 2584 792 2630 et
812 2575 1066 2644 precibus
1094 2584 1148 2629 et
1179 2575 1298 2629 aliis
1333 2575 1504 2629 modis
1529 2589 1670 2644 quos
1693 2575 1940 2643 Scriptu-

382 2683 458 2723 ra:
507 2680 676 2723 sacra:
733 2664 892 2736 742
941 2665 1111 2720 nobis
1165 2664 1532 2734 suppeditant,
1563 2665 1844 2733 ejiciamus
1873 2679 1941 2718 ex

383 2757 661 2812 hominum
722 2754 1032 2820 animabus,
1086 2769 1154 2809 ex
1203 2752 1336 2808 locis
1380 2754 1467 2808 ubi
1501 2754 1809 2817 considunt,
1837 2752 1941 2807 ali-

381 2851 596 2921 quando
643 2849 805 2904 etiam
857 2863 925 2902 ex
977 2847 1339 2903 animantium
1390 2845 1730 2915 corporibus.
1786 2843 1940 2914 Saepe

379 2941 524 2996 enim
558 2940 801 3010 quaedam
827 2938 1098 2993 daemones
1142 2936 1378 3002 faciunt,
1433 2948 1554 3004 qua:
1602 2935 1766 2988 etiam
1823 2933 1939 2988 ani-

380 3031 653 3086 mantibus
678 3029 976 3098 perniciem
1001 3027 1254 3082 afferant.

451 3120 538 3176 68.
570 3121 832 3186 Quoniam
864 3134 992 3174 vero
1041 3118 1288 3188 superius
1321 3115 1606 3185 "permulta
1653 3115 1718 3170 de
1744 3113 1869 3170 Jesu
1906 3131 1937 3169 a

378 3211 535 3267 nobis
567 3212 708 3265 dicta
758 3217 916 3275 sunt,
951 3222 1055 3262 non
1087 3223 1222 3277 opus
1251 3215 1338 3262 est
1370 3217 1426 3261 ut
1459 3207 1644 3260 eadem
1672 3221 1818 3260 nunc
1854 3219 1939 3260 re-

375 3313 622 3374 petamus
655 3315 762 3370 quo
788 3298 1176 3366 respondeatur
1205 3296 1272 3350 ad
1301 3297 1478 3351 istud:
1513 3294 1788 3365 Manifeste
1813 3311 1938 3348 con-

373 3396 661 3450 vincuntur
689 3409 779 3447 nec
810 3392 973 3446 Deum
995 3433 1010 3457 ,
1043 3407 1134 3446 nec
1159 3392 1399 3446 dwmona
1442 3389 1610 3443 colere
1633 3428 1648 3452 ,
1675 3388 1765 3442 sed
1793 3404 1935 3440 mor-

375 3496 546 3540 tuum.
579 3483 943 3551 Quamobrem
979 3483 1082 3538 hoc
1101 3481 1463 3551 praetermisso
1492 3481 1767 3535 videamus
1805 3479 1935 3549 quid

376 3580 636 3649 deinceps
660 3576 850 3633 Celsus
900 3576 1092 3632 dicat:
1135 3576 1209 3629 Ac
1243 3575 1468 3643 primum
1507 3575 1800 3646 qutesierim
1841 3590 1935 3628 cur

373 3671 578 3724 colendi
608 3685 710 3724 non
738 3669 839 3723 sint
877 3669 1182 3723 daemones?
1227 3665 1417 3720 Nonne
1462 3670 1641 3722 omnia
1689 3683 1784 3736 pro
1835 3665 1934 3720 Dei

373 3770 504 3814 nutu
532 3759 996 3824 administrantur,
1030 3766 1076 3811 et
1104 3772 1169 3810 ex
1198 3756 1290 3811 illo
1329 3757 1500 3810 omnis
1542 3767 1616 3810 est
1653 3757 1933 3826 providen-

372 3852 490 3906 tia?
519 3850 710 3904 Nonne
737 3850 990 3919 quidquid
1014 3849 1073 3918 [it
1107 3851 1212 3902 sive
1232 3865 1262 3901 a
1295 3849 1404 3902 Deo
1429 3887 1444 3915 ,
1473 3850 1576 3903 sive
1605 3849 1667 3902 ab
1694 3849 1892 3919 angelis
1913 3887 1928 3914 ,

371 3947 487 4000 sive
510 3944 573 3999 ab
591 3943 712 3997 aliis
744 3943 1066 3996 dwmonibus
1087 3983 1102 4009 ,
1134 3944 1241 3995 sive
1267 3944 1330 3995 ab
1358 3941 1598 3995 heroibus
1619 3981 1634 4007 ,
1682 3943 1736 3994 id
1780 3957 1932 3996 omne

371 4040 532 4108 legem
567 4054 599 4091 a
647 4051 848 4090 summo
878 4035 984 4090 Deo
1013 4037 1372 4108 prtescriptam
1406 4035 1594 4089 habet?
1618 4032 1808 4088 Nonne
1849 4050 1930 4087 re-

370 4103 463 4184 bus
489 4129 713 4200 singulis
741 4144 855 4182 cum
888 4103 1142 4197 potestate
1179 4103 1459 4198 praefectus
1501 4136 1579 4180 est
1634 4127 1929 4198 quicunque

368 4221 464 4276 hoc
501 4237 712 4276 munere
736 4221 987 4291 dignatus
1015 4220 1136 4274 est?
1173 4219 1295 4273 Non
1320 4221 1481 4288 igitur
1514 4219 1603 4287 qui
1635 4217 1801 4271 Deum
1841 4232 1930 4270 co—

368 4316 448 4378 lit,
477 4316 521 4369 is
541 4317 682 4384 juste
702 4314 852 4368 illum
875 4313 1017 4376 colit,
1041 4315 1125 4368 cui
1149 4330 1178 4366 a
1201 4312 1308 4367 Deo
1329 4327 1572 4365 concessa
1587 4319 1812 4378 potestas
1829 4316 1929 4362 est.

2053 1843 2211 1895 στατό
2246 1860 2310 1912 γε
2350 1843 2442 1896 τὸν
2486 1844 2612 1914 περὶ
2652 1841 2919 1913 δαιμόνων
2951 1841 3139 1908 λόγον,
3170 1839 3263 1892 καὶ
3289 1831 3362 1892 ὧν
3400 1837 3628 1896 ἕκαστος

2051 1931 2227 1986 αὐτῶν
2252 1933 2480 2004 ἐνεργεῖ,
2514 1933 2623 1985 εἴτε
2653 1931 2983 2002 καλούμενος
3013 1929 3116 1982 ὑπὸ
3145 1929 3252 1982 τῶν
3293 1929 3420 1998 περὶ
3452 1924 3627 1979 ταῦτα

2048 2023 2253 2091 δεινῶν,
2284 2025 2394 2078 εἴτε
2427 2027 2517 2078 καὶ
2546 2025 2805 2088 ἑκουσίως
2842 2023 3110 2086 ἐπιδιδοὺς
3140 2022 3330 2076 ἐαυτὸν
3437 2020 3626 2091 βούλε-

2048 2139 2136 2175 ται
2161 2121 2253 2175 καὶ
2279 2122 2498 2175 δύναται
2532 2121 2778 2193 ἐνεργείᾳ
2802 2138 2814 2149 ·
2852 2122 2945 2174 καὶ
2970 2119 3232 2189 διειλήφει
3257 2117 3345 2170 τὸν
3372 2116 3496 2186 περὶ
3519 2115 3628 2168 δαι-

2051 2213 2226 2283 μόνων
2256 2213 2430 2282 λόγον,
2468 2213 2632 2266 πολὺν
2673 2213 2800 2266 ὄντα
2845 2211 2938 2265 καὶ
2971 2211 3274 2282 δύσληπτον
3315 2211 3380 2279 τῇ
3415 2208 3626 2279 ἀνθρω-

2049 2304 2179 2376 πίνῃ
2215 2302 2400 2372 φύσει·
2435 2305 2535 2357 οὐκ
2565 2304 2629 2357 ἂν
2659 2303 2976 2356 ἐνεκάλεσεν
3013 2303 3145 2373 ήμῖν
3175 2301 3472 2370 φάσκουσιν
3492 2339 3505 2363 ,
3539 2300 3624 2350 ὅτι

2046 2396 2107 2447 οὐ
2132 2395 2234 2468 χρὴ
2263 2396 2580 2468 θεραπεύειν
2602 2395 2879 2467 δαίμονας,
2905 2396 3050 2457 ὅστις
3079 2393 3225 2447 σέϐει
3253 2393 3341 2446 τὸν
3367 2393 3458 2444 ἐπὶ
3489 2393 3623 2444 πᾶσι

2047 2486 2196 2540 Θεόν.
2244 2489 2352 2541 Καὶ
2393 2489 2645 2542 τοσοῦτόν
2690 2506 2754 2558 γε
2807 2486 3102 2554 άποδέομεν
3156 2485 3249 2538 τοῦ
3299 2483 3621 2557 θεραπεύειν

2046 2579 2322 2650 δαίμονας,
2345 2581 2485 2634 ὥστε
2508 2583 2599 2634 καὶ
2619 2579 2938 2634 ἀπελαύνειν
2964 2579 3162 2641 αὐτοὺς
3189 2578 3372 2647 εὐχαῖς
3401 2577 3620 2638 καὶτοῖς

2045 2671 2152 2724 ἀπὸ
2180 2672 2286 2725 τῶν
2336 2673 2496 2744 ἱερῶν
2523 2673 2865 2744 γραμμάτων
2894 2670 3229 2742 μαθήμασιν,
3259 2668 3366 2723 ἀπὸ
3395 2667 3502 2721 τῶν
3527 2668 3622 2721 ἀνα

2047 2762 2329 2834 θρωπίνων
2357 2765 2542 2835 ψυχῶν
2573 2765 2681 2835 (92)
2714 2763 2804 2817 καὶ
2828 2763 2933 2816 ἀπὸ
2959 2763 3066 2816 τῶν
3094 2763 3295 2826 τόπων,
3332 2764 3388 2815 ἐν
3411 2757 3492 2823 οἷς
3516 2758 3614 2812 αὒ-

2044 2855 2169 2917 τοὺς
2209 2854 2316 2925 (9'5)
2362 2855 2656 2926 ίδρύκασιν,
2691 2856 2798 2909 ἔσθ’
2841 2857 2930 2910 ὅτε
2957 2855 3012 2908 δὲ
3046 2855 3139 2908 καὶ
3170 2853 3275 2906 ἀπὸ
3303 2852 3411 2906 τῶν
3440 2848 3612 2915 ζώων.

2045 2945 2310 3010 Πολλάκις
2343 2948 2450 3018 γὰρ
2479 2949 2568 3000 ἐπὶ
2609 2951 2672 3018 τῇ
2714 2947 2858 3020 λύμῃ
2897 2948 2992 3001 καὶ
3036 2948 3143 3001 τῶν
3182 2944 3437 2999 τοιούτων
3465 2945 3616 3015 ἐνερ-

2044 3036 2200 3105 γοῦσι
2231 3056 2350 3091 τινα
2380 3040 2429 3091 οί
2461 3039 2730 3110 δαίμονες.

2111 3125 2210 3178 Διὰ
2235 3127 2291 3179 δέ
2323 3125 2391 3179 τὰ
2439 3128 2694 3200 ἀνωτέρω
2730 3127 2902 3182 πολλὰ
2938 3129 3066 3201 περὶ
3120 3128 3212 3182 τοῦ
3265 3128 3440 3199 Ἰησοῦ
3483 3130 3612 3200 ἡμῖν

2039 3218 2301 3289 εἰρημένα
2330 3219 2390 3271 οὐ
2421 3219 2525 3291 χρὴ
2566 3219 2660 3274 νῦν
2687 3221 3025 3290 παλιλλογεῖν
3064 3221 3198 3294 πρὸς
3225 3221 3307 3284 τὸ,
3345 3222 3472 3275 ’Ότι
3497 3220 3616 3288 μὲν

2037 3305 2150 3364 οὖν
2186 3310 2355 3364 αὐτοὶ
2399 3310 2804 3380 diei—emortui
2856 3313 3064 3382 σαφῶς
3118 3316 3189 3367 οὐ
3234 3313 3418 3378 Θεὸν,
3475 3309 3614 3366 ἀλλ’

2036 3403 2176 3457 οὐδὲ
2199 3404 2450 3474 δαίμονα
2489 3404 2630 3476 (94),
2667 3406 2824 3460 ἀλλὰ
2862 3407 3076 3475 νεκρὸν
3109 3405 3420 3471 σέϐοντες·
3458 3404 3616 3458 τοῦτο

2039 3495 2137 3566 μὲν
2162 3497 2358 3550 αὐτίκα
2385 3497 2474 3550 διὰ
2493 3498 2650 3551 τοῦτο
2680 3498 3093 3569 παραλιπόντες,
3129 3498 3324 3566 ἴδωμεν
3360 3495 3459 3559 τὰς
3486 3495 3617 3566 ἑξῆς

2035 3587 2128 3641 τοῦ
2160 3588 2365 3643 Κέλσου
2398 3589 2599 3656 λέξεις,
2631 3593 2687 3643 ἐν
2720 3585 2806 3654 αἷς
2840 3607 2998 3660 φησι·
3045 3591 3341 3656 Πρότερον
3377 3587 3444 3638 δὲ
3475 3588 3618 3655 ἐρή-

2035 3694 2236 3749 σομαι,
2261 3681 2356 3733 διὰ
2379 3681 2437 3734 τί
2457 3680 2743 3749 δαίμονας
2765 3682 2835 3734 οὐ
2857 3678 3283 3747 θεραπευτέον;
3308 3681 3387 3732 Οὐ
3413 3678 3613 3732 πάντα

2028 3771 2233 3840 μέντοι
2278 3772 2426 3825 κατά
2478 3770 2718 3842 γνώμην
2764 3771 3061 3826 διοικεῖται
3111 3769 3218 3824 τοῦ
3269 3771 3458 3836 Θεοῦ;
3509 3771 3609 3825 καί

2033 3866 2200 3923 πᾶσα
2221 3867 2288 3932 ἐξ
2317 3867 2553 3920 ἐκείνου
2584 3866 2834 3934 πρόνοια
2850 3882 2868 3930 ;
2900 3867 2998 3922 καί
3022 3865 3055 3919 ὅ
3077 3884 3131 3919 τι
3158 3879 3268 3934 περ
3298 3866 3374 3919 ἂν
3395 3867 3465 3919 ἐν
3486 3868 3606 3933 τοῖς

2033 3962 2196 4026 ὅλοις
2229 3960 2346 4013 εἴτε
2380 3957 2525 4012 Θεοῦ
2556 3959 2733 4028 ἔργον
2753 3999 2767 4023 ,
2797 3958 2900 4011 εἶτ’
2927 3958 3197 4028 ἀγγέλων
3224 3998 3238 4023 ,
3263 3960 3367 4012 εἴτ’
3401 3959 3606 4013 ἄλλων·

2031 4051 2354 4122 δαιμόνων,
2381 4051 2500 4103 εἴτε
2533 4048 2772 4118 ἡρώων,
2819 4048 3010 4106 πάντα
3041 4050 3227 4103 ταῦτα
3261 4051 3385 4119 ἔχει
3418 4050 3606 4118 νόμον

2030 4143 2097 4196 ἐκ
2135 4143 2241 4197 τοῦ
2275 4143 2564 4212 μεγίστου
2611 4140 2757 4196 Θεοῦ
2802 4158 2820 4206 ;
2853 4141 3123 4195 τέτακται
3155 4141 3222 4194 δὲ
3248 4143 3338 4210 ἐφ’
3372 4140 3603 4205 ἑκάστῳ

2031 4234 2284 4302 δύναμιν
2308 4232 2532 4302 λαχὼν,
2569 4231 2735 4298 ὅστις
2764 4231 3048 4301 ἠξίωται;
3077 4231 3293 4285 Τοῦτον
3325 4227 3457 4296 οὗν,
3498 4231 3605 4286 τὸν

2029 4326 2253 4381 ἐκεῖθεν
2266 4327 2549 4392 ἐξουσίας
2565 4326 2947 4394 τετυχηκότα,
2964 4327 3034 4378 οὐ
3048 4325 3349 4392 θεραπεύει
3366 4323 3602 4388 δικαίως

369 4405 495 4460 Νοη
511 4406 668 4470 enim,
690 4405 884 4474 inquit,
903 4405 1019 4472 ﬁeri
1046 4414 1210 4473 potest
1226 4415 1280 4456 ut
1304 4403 1435 4455 idem
1449 4402 1681 4470 pluribus
1700 4399 1925 4454 dominis

2045 4423 2063 4473 5
2095 4419 2289 4472 σέϐων
2324 4420 2431 4472 τὸν
2457 4419 2635 4473 Θεόνι
2665 4418 2801 4471 οὔτε
2840 4417 2947 4486 γὰρ
2981 4411 3108 4470 οἷόν
3147 4433 3240 4482 τε,
3283 4417 3431 4485 φησί
3467 4415 3597 4486 (95),

365 4499 576 4554 serviat.
599 4495 732 4551 Vide
749 4509 803 4551 et
831 4497 922 4550 hic
947 4506 1079 4566 quot
1107 4496 1206 4550 sibi
1234 4503 1290 4549 ut
1311 4510 1565 4550 concessa
1593 4504 1790 4557 sumat,
1809 4509 1928 4563 quae

368 4599 548 4646 tamen
583 4589 724 4644 seria
756 4587 1167 4658 investigatione
1216 4586 1460 4657 indigent
1504 4587 1719 4656 altaque
1749 4595 1803 4641 et
1837 4602 1925 4641 re»

369 4692 516 4736 trusa
541 4681 849 4750 cognitione
889 4695 1069 4734 rerum
1112 4694 1230 4747 qua:
1266 4677 1332 4732 ad
1368 4677 1524 4746 hujus
1556 4678 1794 4732 universi
1833 4675 1926 4731 ad-

365 4774 820 4828 ministrationem
864 4772 1158 4841 pertinent.
1205 4769 1592 4840 luquirendum
1638 4771 1784 4826 enim
1817 4785 1924 4838 quo

364 4881 525 4923 sensu
561 4865 744 4920 omnia
785 4865 1036 4918 dicantur
1081 4878 1182 4934 pro
1209 4863 1305 4920 Dei
1338 4874 1469 4920 nutu
1509 4862 1922 4926 administrari,

360 4959 702 5031 pertineatne
757 4956 872 5010 haec
925 4955 1328 5012 administratio
1377 4957 1541 5011 etiam
1577 4955 1643 5009 ad
1676 4961 1920 5023 peccata,

361 5065 562 5105 annon.
601 5047 735 5102 Nam
781 5048 825 5100 si
851 5046 949 5100 illa
987 5046 1386 5102 administratio
1424 5047 1664 5116 pertinet
1698 5045 1767 5100 ad
1798 5061 1924 5115 pec-

358 5151 508 5208 cata,
536 5155 644 5196 non
671 5141 948 5196 hominum
984 5149 1214 5204 tantum,
1235 5141 1326 5194 sed
1349 5141 1512 5193 etiam
1543 5139 1846 5194 dtemonum
1871 5146 1925 5193 et

356 5234 403 5287 si
427 5233 558 5304 quid
586 5231 730 5287 aliud
756 5233 999 5301 corporis
1017 5245 1208 5298 expers
1230 5241 1313 5285 est
1345 5240 1566 5300 peccato
1583 5213 1916 5295 obnoxium;

359 5326 541 5380 videat
563 5323 672 5388 ille,
703 5325 792 5396 qui
823 5324 926 5380 hoc
953 5322 1104 5389 dicit,
1131 5337 1291 5392 quam
1315 5322 1609 5377 absurdum
1641 5323 1712 5378 sit
1739 5321 1920 5376 omnia

427 5506 538 5577 (92)
581 5503 865 5577 Ἀπὸητῶν
892 5504 1272 5577 ἀνθρωπίνων
1294 5501 1554 5577 ψυχῶν.Δ
1599 5500 1726 5556 Vide
1753 5500 1920 5556 adno-

357 5573 593 5631 tationes
623 5579 690 5630 ad
717 5576 811 5629 lib.
839 5591 856 5628 ι
885 5590 1067 5628 contra
1095 5575 1324 5641 Celsum,
1355 5591 1501 5629 num.
1529 5573 1585 5626 2.

433 5645 540 5711 (93)
569 5647 649 5698 Ad
679 5660 831 5698 oram
859 5655 1015 5697 antea
1045 5646 1339 5706 editorum,
1373 5644 1563 5708 αὑτάς.

432 5715 541 5782 (94)
573 5715 737 5768 Codd.
786 5713 914 5783 Reg.
945 5724 998 5770 et
1031 5715 1214 5780 Basil.,
1245 5716 1492 5786 δαίμονα.
1553 5711 1824 5770 ιίωεείιει.
1863 5722 1918 5768 et

2030 4514 2340 4567 δουλεύειν
2373 4512 2478 4565 τὸν
2500 4511 2685 4566 αὐτὸν
2707 4511 2943 4564 πλείοσι
2970 4511 3213 4578 κυρίοις.
3254 4511 3393 4580 Ὅρα
3413 4508 3477 4580 δὴ
3506 4508 3600 4562 καὶ

2031 4606 2086 4656 ἐν
2120 4604 2324 4666 τούτοις
2345 4605 2443 4656 ὅσα
2473 4601 2844 4674 συναρπάζει,
2879 4600 3106 4669 δεόμενα
3132 4601 3229 4652 οὐκ
3258 4601 3598 4669 εὐκαταφρο-

2029 4697 2187 4767 νήτου
2217 4697 2528 4762 ἐξετάσεως,
2554 4694 2690 4749 ἀλλὰ
2715 4694 2809 4746 καὶ
2837 4693 3144 4764 ἐπιστήμης
3169 4690 3478 4762 βαθυτέρων
3505 4689 3598 4742 καὶ

2029 4787 2476 4859 ἀποῤῥητοτέρων
2509 4786 2758 4858 περὶτῆς
2795 4784 2903 4839 τῶν
2927 4785 3062 4838 ὅλων
3095 4782 3434 4854 πραγμάτων
3466 4781 3596 4834 διοι-

2028 4881 2257 4950 κήσεως.
2283 4879 2356 4931 Τὸ
2383 4878 2509 4949 γὰρ,
2543 4879 2719 4933 πάντα
2743 4877 2883 4931 κατὰ
2913 4877 3137 4949 γνώμην
3159 4876 3471 4930 διοικεῖσθαι
3503 4875 3594 4929 τοῦ

2026 4968 2180 5032 Θεοῦ,
2219 4969 2335 5033 πῶς
2357 4969 2592 5039 λέγεται,
2623 4968 2962 5035 ἐξεταστέον·
2999 4967 3091 5021 καὶ
3120 4968 3349 5039 πότερον
3376 4966 3438 5019 τὸ
3470 4966 3597 5019 διοι-

2025 5059 2237 5113 κεῖσθαι
2272 5059 2460 5129 φθάνει
2498 5059 2590 5112 καὶ⁸
2634 5058 2725 5110 ἐπὶ
2757 5056 2826 5111 τὰ
2868 5058 3289 5128 ἁμαρτανόμενα
3332 5057 3365 5126 ἦ
3401 5057 3496 5126 μή.
3533 5057 3595 5110 Εἰ

2023 5152 2126 5223 μὲν
2154 5150 2262 5223 γὰρ
2288 5150 2476 5221 φθάνει
2502 5148 2562 5202 τὺ
2603 5148 2912 5202 διοικεῖσθαι
2953 5147 3044 5201 καὶ
3071 5148 3164 5201 ἐπὶ
3191 5147 3258 5199 τὰ
3281 5145 3594 5218 ἁμαρτανό-

2027 5263 2162 5316 μενα
2190 5246 2250 5296 ού
2282 5245 2438 5315 μόνον
2470 5244 2526 5294 ἐν
2550 5241 2852 5312 ἀνθρώποις
2875 5281 2889 5305 ,
2925 5239 3059 5294 ἀλλὰ
3102 5239 3195 5292 καὶ
3222 5237 3436 5309 δαίμοσι
3457 5277 3470 5299 ,
3502 5237 3596 5290 καί⁹

2023 5337 2145 5388 εἴτι
2173 5336 2282 5406 (96)
2314 5334 2438 5387 ἄλλο
2483 5334 2588 5385 τῶν
2628 5332 2731 5398 ἔξω
2774 5333 3034 5402 σωμάτων
3069 5332 3308 5400 πέφυκεν
3339 5328 3592 5399 ἁμαρτά.

2024 5505 2554 5591 δρξηπῐεξολδσξίμοιαεε
2694 5569 2704 5584 .

2089 5577 2200 5644 (95)
2228 5573 2405 5631 Codex
2435 5573 2704 5641 Julianus,
2731 5576 2882 5645 φασί,
2919 5575 3188 5631 Ιίωεοιιει.
3218 5585 3274 5629 et
3303 5573 3590 5642 Spencer.,

2022 5647 2204 5787 φη(σθίθ)
2225 5715 2493 5774 Hteschel.
2511 5727 2563 5774 et
2589 5689 2870 5787 Spencer.,
2896 5717 3002 5770 εἴτε
3017 5729 3205 5772 errore
3236 5713 3578 5785 typographi.
