3972 6160
405 313 538 370 1517

1554 321 1833 379 CONTRA
1867 325 2141 382 CELSUM
2173 325 2300 384 LIB.
2344 325 2457 383 VII.

3488 337 3625 391 1513

401 448 513 486 νειν
535 448 549 461 ·
597 432 777 504 ὁράτω
819 434 929 505 τὴν
955 434 1183 490 ἀτοπίαν
1224 437 1254 489 ὁ
1290 437 1447 490 τοῦτο
1477 437 1651 509 λέγων
1677 441 1771 496 τοῦ
1800 443 1947 498 πάντα

2080 445 2171 500 Dei
2199 446 2427 502 arbitrio
2460 445 2761 517 dispensari
2804 465 2817 502 :
2846 450 2975 504 hinc
3001 452 3148 506 enim
3185 466 3524 523 consequens
3556 465 3639 508 est

401 520 539 575 κατὰ
568 521 790 594 γνώμην
831 523 1146 579 διοικεῖσθαι
1188 526 1283 580 τοῦ
1329 527 1462 581 Θεοῦ
1484 548 1497 561 ο
1550 533 1831 588 ἀκολουθεί
1862 538 1970 609 γὰρ

399 613 477 682 τῷ
502 612 642 683 λόγῳ
669 615 761 667 καὶ
783 613 850 667 τὰ
875 617 1293 688 ἁμαρτανόμενα
1319 621 1410 673 καὶ⁸
1438 622 1613 675 πάντα
1643 623 1707 675 τὰ
1735 624 1842 678 ἀπὸ
1873 643 1971 680 κα-

399 705 524 768 κίας
568 707 709 760 κατὰ
755 709 976 780 γνώμην
1020 710 1330 767 διοικεῖσθαι
1383 715 1476 769 τοῦ
1517 715 1650 770 Θεοῦ
1676 735 1688 747 ·
1726 718 1864 790 ὅπερ
1906 723 1968 774 οὐ

398 798 590 851 ταύτόν
620 801 734 869 ἐστι
774 801 884 872 τῷο
919 803 979 856 οὐ
1014 803 1313 869 κωλύοντος
1342 807 1436 860 τοῦ
1475 808 1607 862 Θεοῦ
1646 811 1868 879 γίνεται.
1906 816 1968 869 Ei

397 888 453 940 δὲ
481 891 573 942 καὶ
596 893 795 962 κυρίως
818 911 900 956 τις
934 896 1118 950 ἀκούοι
1147 897 1240 950 τοῦ
1279 897 1611 967 διοικεῖσθαι,
1648 903 1969 961 διοικεῖσθαι

401 981 499 1050 μὲν
527 982 670 1051 λέγει
705 984 812 1057 (97)
843 987 908 1039 τὰ
933 989 1038 1041 ἀπὸ
1082 990 1278 1054 κακίας
1316 992 1686 1065 διοικούμενα·
1725 999 1968 1069 δηλονότι

397 1075 573 1127 πάντα
606 1077 746 1130 κατὰ
767 1079 988 1151 γνώμην
1015 1081 1291 1137 διοικεῖται
1318 1085 1410 1139 τοῦ
1438 1088 1594 1153 Θεοῦ,
1631 1093 1726 1144 καὶ
1762 1095 1822 1147 οὺ
1861 1112 1967 1148 πα-

400 1173 622 1239 ρανομεῖ
647 1172 726 1234 εἰς
755 1171 850 1243 τὴν
881 1173 1145 1245 διοίκησιν
1172 1176 1264 1229 τοῦ
1287 1178 1421 1232 Θεοῦ
1463 1185 1569 1246 πᾶς
1597 1186 1925 1256 ἁμαρτάνων
1948 1207 1962 1222 ’

397 1259 457 1311 τὸ
484 1259 528 1312 δ’
572 1262 752 1332 ὅμοιον
786 1265 879 1318 καὶ
915 1267 1039 1338 περὶ
1072 1269 1334 1339 Προνοίας
1362 1271 1722 1341 διασταλτέον,
1755 1282 1847 1333 καὶ⁹
1879 1282 1966 1334 λε-

403 1353 575 1418 κτέον,
622 1357 784 1410 ὅτιτὸ
809 1397 821 1421 ,
854 1360 1028 1413 Πᾶσα
1062 1362 1131 1425 ἐξ
1167 1364 1398 1419 ἐκείνου
1424 1371 1686 1436 πρόνοια,
1715 1376 1966 1444 σημαίνει

399 1444 498 1514 μέν
528 1462 580 1498 τι
627 1447 820 1517 ἀληθὲς
840 1492 852 1510 ,
885 1451 972 1503 ὅτε
1003 1453 1033 1522 ἡ
1069 1454 1292 1525 πρόνοια
1319 1459 1601 1514 σπουδαῖόν
1631 1465 1805 1516 ἐστιν·
1837 1469 1885 1519 εἰ
1921 1469 1964 1520 δ’

395 1536 727 1604 ἁπαξαπλῶς
770 1542 945 1596 πάντα
985 1545 1053 1597 τὰ
1087 1549 1342 1618 γινόμενα
1387 1554 1528 1606 κατὰ
1559 1554 1669 1621 (98)
1711 1558 1966 1627 πρόνοιαν

394 1626 531 1683 εἶναι
557 1632 816 1703 φήσομεν,
848 1636 951 1688 κᾶν
992 1639 1176 1703 κακῶς
1219 1659 1270 1694 τι
1298 1643 1546 1715 γίνηται,
1582 1648 1775 1716 ψεῦδος
1814 1653 1964 1706 ἔσται

391 1721 483 1784 τὸ,
520 1721 693 1777 Πᾶσα
733 1725 801 1791 ἐξ
845 1727 1078 1784 ἐκείνου
1119 1734 1396 1797 πρόνοια·
1431 1739 1478 1814 εί
1521 1739 1595 1810 μὴ
1639 1740 1744 1811 ἄρα
1774 1745 1866 1797 καὶ
1897 1745 1963 1798 τὰ

391 1815 510 1864 κατ’
540 1816 964 1889 ἐπακολούθησιν
1015 1822 1120 1874 τῶν
1153 1826 1216 1876 ἐκ
1250 1828 1502 1893 προνοίας
1544 1831 1678 1885 Θεοῦ
1709 1835 1855 1904 λέγοι
1881 1855 1964 1901 τις

389 1903 527 1959 εἶναι
576 1909 640 1960 ἐκ
675 1912 928 1980 προνοίας
966 1913 1119 1967 Θεοῦ.
1175 1917 1548 1985 Ἀποφαίνεται
1591 1922 1646 1975 δὲ
1680 1927 1770 1978 καὶ
1793 1967 1807 1990 ,
1845 1927 1876 1979 ὅ
1909 1947 1962 1981 τι

389 2014 500 2067 περ
528 2000 603 2053 ἂν
630 1997 672 2071 ᾖ
702 2002 770 2055 ἐν
800 2004 923 2070 τοῖς
959 2005 1144 2072 ὅλοις,
1174 2007 1292 2060 εἴτε
1335 2011 1482 2064 Θεοῦ
1512 2012 1705 2081 ἔργον,
1733 2016 1836 2069 εἴτ’
1869 2020 1965 2088 ἁν-

390 2091 597 2159 γένίων,
625 2093 742 2146 εἴτε
773 2094 978 2148 ἄλλων
1006 2095 1322 2165 δαιμόνων,
1353 2103 1473 2155 εἴτε
1513 2106 1742 2172 ἡρώων,
1772 2109 1963 2164 πάντα

388 2183 573 2235 ταῦτα
599 2183 722 2253 ἔχει
749 2187 935 2254 νόμον
960 2188 1028 2241 ἐκ
1059 2189 1163 2242 τοῦ
1188 2194 1468 2260 μεγίστου
1500 2196 1647 2250 Θεοῦ
1670 2213 1683 2227 ο
1718 2200 1817 2253 καί
1851 2203 1963 2255 οὐκ

385 2276 581 2346 ἀληθῆ
615 2295 680 2346 γε
709 2281 893 2348 λόγον
924 2282 1335 2350 ἀποφαίνεται.
1385 2286 1519 2340 Οὐδὲ
1547 2288 1652 2360 γὰρ
1691 2290 1761 2343 τὰ
1790 2310 1964 2365 παρα-

385 2367 648 2436 νομοῦντα
679 2371 916 2442 ἑπόμενα
947 2374 1093 2443 νόμῳ
1142 2374 1218 2444 τῷ
1261 2377 1368 2429 ἀπὸ
1412 2379 1668 2447 μεγίστου
1697 2382 1831 2435 Θεοῦ
1861 2402 1965 2438 πα-

386 2463 632 2530 ρανομεῖι
670 2463 1011 2534 Παρανομεῐν
1050 2465 1105 2517 δὲ
1140 2467 1166 2518 ό
1209 2466 1365 2535 λόγος
1405 2469 1670 2524 δείκνυσιν
1713 2474 1771 2524 ού
1805 2476 1962 2544 μόνον

383 2549 697 2621 ἀνθρώπους
731 2553 984 2620 φαύλους,
1009 2555 1141 2609 ἀλλὰ
1170 2557 1261 2609 καὶ
1289 2559 1415 2622 τοὺς
1438 2559 1673 2628 φαύλους
1705 2563 1963 2636 δαίμονας

382 2644 478 2695 καὶ
508 2646 634 2706 τοὺς
664 2646 898 2715 φαύλους
930 2649 1216 2716 ἀγγέλους.

451 2737 688 2800 Φαύλους
744 2739 800 2791 δὲ
849 2740 1108 2810 δαίμονας
1160 2745 1220 2796 οὐ
1277 2747 1424 2816 μόνοι
1472 2747 1702 2822 λέγομεν
1753 2756 1913 2826 ἡμεῖς
1942 2794 1958 2820 ,

385 2828 517 2882 ἀλλὰ
541 2832 633 2882 καὶ
660 2832 838 2901 σχεδὸν
870 2835 1084 2896 πάντες,
1109 2835 1218 2889 ὅσοι
1245 2837 1502 2910 δαίμονας
1533 2843 1775 2900 τιθέασιν
1799 2843 1956 2902 εἶναι.

385 2924 460 2975 Ut)
494 2924 667 2976 πάντα
694 2921 784 2977 οὖν
809 2924 920 2995 ἔχει
948 2929 1109 2998 νόμον
1140 2931 1202 2981 ἐκ
1228 2929 1320 2983 τοῦ
1353 2934 1606 3001 μεγίστου
1637 2936 1792 2992 Θεοῦ.
1821 2941 1958 2994 Ὅσα

383 3012 489 3083 γὰρ
534 3016 661 3084 παρ’
695 3016 828 3068 ἰδίαν
879 3017 1228 3090 ἀπροσεξίαν,
1269 3023 1484 3088 κακίαν,
1529 3026 1560 3096 ἢ
1605 3025 1887 3101 πονηρίαν,
1923 3033 1956 3103 ἢ

377 3105 598 3172 ἄγνοιαν
656 3107 748 3158 τοῦ
826 3108 1022 3172 καλοῦ,
1075 3111 1474 3166 ἀποπέπτωκεν
1523 3117 1614 3170 τοῦ
1674 3119 1818 3174 θείου
1869 3125 1955 3177 νό-

2075 551 2132 594 ut
2166 549 2388 610 peccata
2432 539 2643 605 omnia,
2694 542 2766 594 et‘
2796 542 3058 612 quidquid
3095 559 3162 598 ex
3197 546 3328 599 vitio
3371 547 3639 610 nascitur,

2071 646 2169 700 pro
2221 631 2314 687 Dei
2377 641 2510 687 nutu
2547 633 3030 699 administrentur;
3071 638 3217 704 quod
3252 638 3467 706 quidem
3532 655 3638 694 non

2073 723 2214 778 idem
2248 732 2331 778 est
2388 737 2453 778 ac
2508 722 2554 778 si
2606 723 2728 792 quis
2779 724 2986 779 diceret
3016 726 3132 780 hzec
3167 727 3281 782 ﬁeri
3313 744 3417 782 ltOlt
3454 731 3641 798 prohi-

2071 817 2233 872 bente
2263 817 2395 873 Deo.
2437 815 2572 871 Nam
2606 818 2650 872 si
2681 817 2804 886 quis
2832 819 3054 886 proprio
3091 834 3256 874 sensu
3293 822 3640 876 administra-

2074 909 2274 963 tionem
2300 908 2576 976 acceperit
2601 923 2662 962 ac
2694 909 2898 964 dixerit
2927 926 2987 964 ea
3012 951 3026 975 ,
3075 927 3196 980 quae
3235 911 3541 966 nascuntur
3571 929 3639 968 ex

2071 1000 2236 1064 vitio,
2265 999 2664 1063 administrari,
2693 1001 2912 1055 evidens
2938 1012 3021 1056 est
3047 1018 3142 1070 pro
3177 1002 3268 1056 Dei
3309 1015 3436 1057 nutu
3462 1006 3640 1058 admi~

2070 1089 2289 1143 nistrari
2343 1089 2558 1155 omnia;
2602 1091 2833 1159 proinde
2879 1091 2932 1145 iu
2981 1091 3073 1146 Dei
3111 1092 3638 1148 administrationem

2071 1181 2205 1236 nihil
2235 1195 2461 1250 peccare
2504 1197 2626 1238 eum
2666 1182 2754 1252 qui
2793 1193 2998 1252 peccat.
3042 1183 3117 1238 De
3158 1183 3505 1240 Providentia
3548 1203 3637 1241 ea-

2070 1272 2190 1327 dem
2235 1281 2320 1327 est
2358 1275 2662 1329 adhibenda
2715 1275 3019 1328 distinctio.
3067 1272 3198 1329 Nam
3238 1277 3350 1329 haec
3391 1296 3403 1330 :
3453 1277 3640 1333 Omnis

2070 1381 2135 1418 ex
2172 1365 2266 1418 illo
2297 1367 2653 1434 providentia,
2696 1366 2900 1435 aliquid
2936 1381 3124 1421 verum
3153 1368 3491 1437 signiﬁcant.
3519 1387 3640 1425 cum

2069 1457 2432 1513 Providentia:
2480 1459 2614 1513 nihil
2657 1461 2757 1513 nisi
2787 1460 2994 1529 justum
3043 1463 3352 1516 ascribitur.
3407 1463 3462 1518 Si
3512 1481 3642 1520 vero

2069 1554 2367 1621 generatim
2393 1553 2693 1607 dixerimus
2719 1555 2979 1623 quidquid
3014 1554 3092 1617 iit,
3120 1555 3172 1608 id
3196 1571 3260 1608 ex
3299 1560 3637 1624 providentia

2068 1640 2208 1704 ﬁeri,
2231 1644 2447 1697 etiamsi
2479 1644 2681 1696 malum
2717 1644 2809 1708 sit,
2850 1644 3046 1697 falsum
3091 1656 3170 1699 est
3202 1663 3407 1702 omnem
3447 1668 3510 1704 ea;
3544 1653 3636 1704 illo

2069 1751 2178 1788 esse
2214 1736 2628 1803 providentiam;
2669 1737 2770 1790 nisi
2814 1736 2953 1790 forte
3006 1739 3380 1809 intelligatur,
3413 1758 3532 1812 quae.
3569 1761 3638 1800 ex

1997 1820 2036 1878 Β
2067 1828 2326 1895 operibus
2361 1827 2716 1896 providentia:
2745 1829 2836 1883 Dei
2879 1844 3301 1901 consequuntur,
3335 1851 3393 1888 ea
3421 1853 3482 1890 ex
3511 1852 3636 1906 pro-

2066 1918 2304 1972 videntia
2341 1919 2432 1973 Dei
2469 1919 2604 1974 ﬁeri.
2643 1918 2883 1974 Allirluat
2923 1923 3121 1984 etiam,
3154 1927 3412 1995 quidquid
3441 1927 3497 1996 ﬁt
3533 1929 3638 1983 sive

2063 2026 2094 2061 a
2126 2008 2251 2072 Deo,
2285 2012 2389 2064 sive
2423 2011 2486 2064 ab
2512 2012 2732 2080 angelis,
2762 2013 2867 2066 sive
2889 2015 2952 2066 ab
2991 2015 3112 2069 aliis
3151 2018 3497 2086 dwmonibus,
3531 2023 3637 2075 sive

2063 2103 2126 2154 ab
2159 2102 2438 2164 heroibus,
2489 2104 2599 2156 Icare
2636 2105 2812 2178 omnia
2867 2104 3030 2176 legem
3080 2109 3266 2162 habere
3312 2113 3411 2165 sibi
3453 2131 3484 2166 a
3527 2114 3635 2169 Deo

2064 2196 2291 2247 "mxima
2341 2196 2723 2261 pra-scriptam.
2781 2196 2886 2252 Sed
2925 2197 2976 2250 id
3020 2213 3236 2269 (pioque
3295 2202 3489 2259 falsum
3526 2221 3634 2263 est.

2064 2287 2247 2355 Neque
2268 2287 2412 2340 enim
2432 2296 2639 2341 naturae
2657 2303 2777 2357 qum
2791 2299 3038 2358 peccant,
3071 2291 3158 2344 Dei
3191 2292 3361 2361 legem
3392 2311 3638 2368 sequun-

2067 2388 2152 2430 tur
2185 2393 2308 2430 cum
2339 2386 2586 2445 peccant.
2639 2377 2796 2449 743
2831 2381 2990 2450 Atqui
3024 2381 3299 2450 Scriptura
3338 2384 3494 2441 docet
3527 2407 3633 2444 ltOn

2069 2467 2243 2520 solum
2283 2466 2564 2532 homines,
2596 2469 2691 2525 sed
2735 2478 2790 2524 et
2835 2469 3008 2526 malos
3050 2471 3320 2531 daemones
3359 2477 3635 2550 malosque

2064 2559 2282 2630 angelos
2307 2576 2556 2632 peccare.

2134 2740 2221 2797 69.
2250 2738 2434 2811 Neque
2467 2757 2598 2798 vero
2623 2759 2720 2800 nos
2745 2744 2841 2799 soli
2872 2746 3044 2803 malos
3081 2751 3350 2808 daemones
3374 2753 3629 2824 dicimus,

2064 2838 2158 2890 sed
2195 2850 2360 2906 prope
2390 2852 2581 2892 omnes
2610 2837 2682 2890 illi
2717 2847 2982 2907 quotquot
3023 2842 3292 2898 daemones
3336 2862 3457 2901 esse
3507 2865 3631 2904 cre-

2034 2929 2213 2983 .dunt.
2250 2927 2366 2983 Non
2401 2930 2580 2984 omnia
2609 2931 2771 3001 igitur
2821 2933 2996 3002 legem
3043 2949 3071 2987 a
3109 2935 3219 2991 Deo
3252 2941 3490 2996 maximo
3523 2943 3627 2998 sibi

2062 3023 2434 3091 praescriptam
2456 3024 2676 3078 habent.
2709 3023 2965 3094 Quisquis
2997 3028 3139 3082 enim
3177 3030 3290 3086 sive
3326 3033 3632 3106 incogitan-

2065 3114 2154 3176 tia.
2186 3116 2298 3169 sive
2328 3116 2456 3170 vitio
2485 3125 2538 3170 et
2571 3116 2801 3180 malitia,
2836 3120 2949 3173 sive
2975 3119 3102 3175 boni
3139 3122 3449 3193 ignorantia
3484 3143 3511 3181 a
3548 3129 3628 3184 di-

379 3216 481 3268 μου
503 3198 634 3268 (99),
666 3201 764 3251 οὒκ
790 3200 899 3270 ἔχει
934 3202 1022 3254 τὸν
1059 3203 1220 3273 νόμον
1252 3205 1345 3258 τοῦ
1373 3206 1529 3272 Θεοῦ,
1566 3210 1699 3279 ἀλλ’,
1722 3215 1806 3269 ἵνα
1835 3217 1947 3271 ὀνο-

2059 3210 2179 3261 vina
2210 3209 2324 3276 lege
2363 3207 2632 3272 discessit,
2662 3210 2707 3264 is
2744 3225 2846 3263 non
2881 3211 2976 3266 Dei
3016 3212 3210 3283 legem,
3248 3218 3365 3282 sed,
3406 3226 3466 3271 ut
3489 3236 3630 3276 novo

381 3289 536 3357 μάσω
574 3290 741 3360 καινῷ
768 3292 986 3362 ὀνόματι
1043 3297 1135 3348 καὶ
1170 3296 1246 3366 τῷ
1278 3299 1417 3352 κατὰ
1466 3302 1564 3373 τὴν
1597 3305 1836 3378 Γραφὴν,
1865 3311 1956 3365 τὸν

376 3379 537 3449 νόμον
567 3382 675 3451 ἔχει
698 3383 796 3451 τῆς
827 3385 1117 3454 ἁμαρτίας.
1147 3388 1303 3443 Κατὰ
1329 3392 1424 3460 μὲν
1454 3391 1546 3448 οὖν
1574 3399 1697 3460 τοὺς
1729 3400 1953 3466 πολλοὺς

374 3471 481 3524 τῶν
516 3473 768 3527 τιθέντων
797 3477 932 3528 εἶναι
958 3477 1238 3548 δαίμονας,
1273 3481 1364 3534 καὶ
1393 3485 1442 3536 ol
1475 3485 1666 3552 φαῦλοι
1701 3491 1952 3561 δαίμονες

373 3566 472 3618 οὐκ
513 3567 690 3639 έχουσι
725 3568 813 3622 τὸν
859 3570 965 3622 ἀπὸ
997 3570 1128 3623 Θεοῦ
1162 3572 1345 3644 νόμον,
1376 3574 1508 3629 ἀλλὰ
1551 3583 1944 3652 παρανομοῦσιν

372 3660 512 3711 κατὰ
551 3660 606 3712 δὲ
651 3663 816 3731 ἡμεῖς,
866 3664 1061 3726 πάντες
1109 3665 1379 3736 δαίμονες,
1433 3670 1804 3738 ἀποπεσόντες
1851 3678 1947 3748 τῆς

371 3752 464 3804 ἐπὶ
496 3752 557 3805 τὸ
599 3753 799 3822 ἀγαθὸν
839 3756 982 3822 ὀδοῦ,
1032 3760 1294 3831 πρότερον
1340 3764 1438 3816 οὐκ
1485 3763 1638 3830 ὅντες
1672 3768 1941 3840 δαίμονες·

371 3846 465 3898 καὶ
496 3846 640 3900 ἔστιν
666 3845 800 3913 εἶδος
825 3850 932 3903 τῶν
987 3853 1326 3909 ἐκπεσόντων
1363 3856 1496 3910 Θεοῦ
1530 3859 1590 3911 τὸ
1621 3860 1728 3914 τῶν
1757 3862 1943 3934 δαιμό-

369 3954 492 3988 νων.
515 3939 711 4009 Διόπερ
742 3942 802 3993 οὐ
831 3943 932 4012 χρὴ
969 3941 1290 4014 θεραπεύειν
1315 3947 1591 4019 δαίμονας,
1623 3953 1769 4018 ὅστις
1799 3955 1943 4009 σέϐει

368 4027 518 4080 Θεόν.
549 4030 808 4100 Δηλοῦται
841 4033 896 4085 δὲ
930 4039 995 4086 τα
1027 4036 1155 4105 περὶ
1183 4039 1308 4101 τοὺς
1336 4040 1595 4110 δαίμονας
1624 4047 1716 4097 καὶ
1745 4047 1807 4100 ἐκ
1836 4049 1943 4103 τῶν

366 4120 672 4174 καλούντων
703 4124 889 4188 αὐτοὺς
913 4127 986 4195 (1)
1008 4128 1097 4179 ἐπί
1117 4131 1227 4191 τοῖς
1243 4129 1656 4202 ὀνομαζομένοις
1681 4137 1938 4209 φίλτροις,

365 4213 397 4282 ἢ
455 4215 754 4284 μισήτροις,
813 4217 844 4287 ἣ
905 4219 996 4270 ἐπὶ
1055 4219 1318 4272 κωλύσεσι
1367 4224 1634 4294 πράξεων,
1681 4229 1713 4297 ἢ
1770 4229 1939 4286 ἄλλων

363 4305 616 4357 τοιούτων
655 4306 879 4376 μυρίων·
922 4309 1064 4379 ἅπερ
1106 4309 1346 4362 ποιοῦσιν
1397 4315 1446 4364 oi
1489 4313 1554 4366 δι’
1584 4317 1804 4388 ἐπῳδῶν
1848 4323 1940 4374 καὶ

367 4397 707 4464 μαγγανειῶν
743 4397 1116 4468 μεμαθηκότες
1145 4400 1330 4453 καλεῖν
1371 4404 1463 4455 καὶ
1503 4404 1798 4474 ἐπάγεσθαι
1825 4411 1937 4464 δαί-

363 4504 530 4556 μονας
568 4489 650 4557 ἐφ’
681 4489 716 4542 δι
759 4490 1053 4560 βούλονται.
1094 4493 1291 4565 Διόπερ
1329 4497 1360 4566 ἡ
1405 4497 1620 4552 πάντων
1670 4500 1934 4572 δαιμόνων

2059 3310 2112 3356 ει
2142 3298 2436 3369 Scripturis
2474 3301 2675 3354 usitato
2697 3303 2958 3357 vocabulo
2986 3315 3105 3358 utar
3127 3304 3193 3369 ⁸⁷,
3224 3311 3431 3376 peccati
3457 3311 3629 3381 legem

2058 3391 2238 3446 habet.
2267 3389 2453 3460 Itaque
2478 3407 2545 3447 ex
2575 3393 2834 3461 opinione
2879 3394 3169 3449 multorum
3223 3399 3312 3468 qui
3359 3399 3631 3459 daemones

2057 3499 2177 3540 esse
2210 3494 2478 3550 statuunt,
2516 3486 2643 3541 mali
2676 3500 2894 3556 quoque
2923 3489 3242 3544 daenionesa
3269 3491 3378 3548 Deo
3408 3509 3513 3549 non
3547 3497 3626 3551 le-

2054 3593 2174 3646 gem
2206 3579 2426 3644 habent,
2463 3580 2558 3634 sed
2599 3579 2666 3633 ab
2705 3576 2792 3632 illa
2827 3580 3169 3647 desciscunt;
3223 3599 3322 3638 nos
3357 3600 3489 3641 vero
3535 3589 3629 3643 tri-

2055 3672 2270 3725 buimus
2297 3673 2347 3725 id
2373 3671 2628 3725 omnibus
2661 3672 3016 3736 dmmouibus,
3053 3674 3145 3742 qui
3174 3690 3294 3728 cum
3324 3676 3452 3730 olim
3485 3679 3625 3735 tales

2050 3780 2156 3818 non
2182 3773 2386 3831 essent,
2417 3763 2686 3818 daemones
2717 3761 2843 3817 facti
2873 3772 3015 3825 sunt,
3054 3781 3115 3818 ex
3149 3780 3255 3834 quo
3294 3784 3322 3820 ει
3362 3769 3469 3834 via,
3500 3787 3623 3841 qum

2047 3859 2113 3912 ad
2160 3857 2355 3911 bonum
2412 3856 2675 3926 perducit,
2735 3859 3065 3911 aberravere
3095 3874 3107 3910 :
3139 3859 3211 3912 ita
3257 3871 3314 3915 ut
3348 3863 3620 3920 daemones

2046 3948 2256 4017 species
2286 3949 2392 4003 sint
2417 3959 2732 4002 naturarum
2752 3964 2870 4018 qua:
2905 3963 2932 4000 a
2966 3949 3071 4003 Deo
3103 3952 3438 4008 exciderunt.
3470 3956 3617 4024 Qua-

2045 4053 2268 4110 propter
2302 4057 2404 4097 nou
2432 4051 2642 4109 Oportet
2691 4043 2784 4096 Dei
2839 4043 3102 4096 cultorem
3133 4045 3469 4104 daemonibus
3501 4052 3616 4105 cul-

2046 4144 2160 4187 tum
2193 4133 2423 4189 deferre.
2449 4131 2546 4187 Est
2581 4145 2636 4189 et
2668 4135 2771 4188 alia
2792 4136 3094 4189 daemonum
3117 4136 3222 4188 vim
3253 4145 3612 4211 cognoscendi

2046 4226 2184 4278 ratio
2216 4243 2227 4277 :
2267 4242 2458 4294 nempe
2476 4227 2534 4279 ‘si
2568 4228 2946 4282 consideretur
2972 4242 3065 4279 eos
3106 4241 3135 4278 a
3169 4230 3493 4296 quibusdam
3527 4249 3614 4288 vo-

2041 4317 2178 4380 cari,
2217 4328 2272 4370 ut
2299 4333 2452 4370 amor
2496 4329 2590 4371 aut
2637 4319 2817 4372 odium
2876 4320 3191 4387 inspiretur,
3241 4329 3332 4374 aut
3366 4327 3608 4392 quaedam

2040 4411 2282 4464 actiones
2336 4411 2739 4477 impediantur,
2801 4419 2894 4462 aut
2957 4411 3237 4465 innumera
3301 4414 3609 4484 hujusmodi

2039 4503 2141 4556 alia
2183 4504 2332 4565 ﬁant,
2360 4519 2586 4571 quorum
2622 4513 2872 4557 auctores
2902 4514 3030 4557 sunt
3057 4503 3112 4566 ii,
3142 4505 3232 4572 qui
3273 4510 3611 4566 carminibus

360 4576 623 4648 θεραπεία
656 4579 904 4651 ἀλλοτρία
933 4581 1086 4650 ἡμῶν
1121 4584 1256 4644 ἐστι,
1290 4584 1396 4638 τῶν
1427 4587 1692 4642 σεϐόντων
1722 4591 1810 4644 τὸν
1840 4595 1933 4646 ἐπὶ

2057 4594 2373 4664 uagicisque
2404 4595 2866 4648 incantationibus
2899 4607 3098 4647 norunt
3132 4596 3390 4653 invocare
3435 4610 3489 4654 et
3517 4619 3606 4656 ar-

357 4672 491 4722 πᾶσι
520 4670 670 4723 Θεόν·
709 4672 803 4724 καὶ
827 4670 1091 4742 θεραπεία
1124 4674 1391 4744 δαιμόνων
1420 4678 1567 4732 ἐστὶν
1603 4681 1635 4751 ἡ
1667 4681 1930 4754 θεραπεία

353 4762 462 4814 τῶν
500 4763 865 4833 νομιζομένων
897 4765 971 4835 (‘2)
1014 4763 1166 4817 θεῶν·
1195 4765 1421 4834 Πάντες
1453 4769 1561 4842 γὰρ
1584 4775 1637 4824 οἱ
1661 4775 1780 4827 θεοὶ
1811 4775 1930 4830 τῶν

355 4853 543 4907 ἐθνῶν
573 4856 862 4925 δαιμόνια.
905 4857 1068 4928 Δῆλον
1115 4859 1170 4910 δὲ
1214 4859 1306 4912 καὶ
1338 4859 1495 4913 τοῦτο
1525 4865 1590 4915 ἐκ
1631 4865 1722 4917 τοῦ
1752 4870 1828 4930 εἰς
1858 4868 1926 4921 τὰ

351 4944 604 4998 δοκοῦντα
650 4950 1007 5021 ἐνεργέστερα
1053 4950 1160 5004 τῶν
1214 4952 1581 5024 νομιζομένων
1631 4959 1789 5028 ίερῶν
1822 4978 1921 5012 κα-

348 5039 620 5103 τακλίσεις
651 5040 724 5110 (5)
771 5043 1095 5113 περιέργους
1154 5046 1452 5114 γεγονέναι,
1506 5050 1598 5101 καὶ
1644 5053 1782 5104 κατὰ
1823 5053 1920 5116 τὰς

347 5131 518 5203 ἀρχὰς
547 5133 644 5203 τῆς
691 5135 948 5204 ἱδρύσεως
990 5137 1098 5189 τῶν
1141 5138 1355 5191 τοιῶνδε
1399 5140 1600 5204 ξοάνων
1633 5146 1726 5197 καὶ
1761 5145 1913 5198 νεῶν·

412 5278 455 5309 ⁸⁷
491 5278 644 5333 Rom.
674 5295 791 5347 vm,
838 5281 892 5334 2.
975 5280 1019 5313 ⁸⁸
1060 5281 1204 5336 Psal.
1239 5298 1364 5349 xcv,
1397 5283 1464 5346 5,-

410 5395 519 5465 (97)
553 5395 716 5468 Lego,
766 5399 813 5448 εί
859 5397 914 5450 δέ
953 5399 1154 5468 κυρίως
1195 5416 1279 5462 τις
1327 5401 1514 5456 ἀκούοι
1561 5402 1652 5456 τοῦ
1700 5404 1909 5456 διοικεῖ.

338 5465 487 5540 σθαι,
509 5468 600 5540 κα)
625 5466 938 5540 διοικεῖσθαι
975 5465 1071 5540 μέν
1103 5468 1269 5537 λέγοι.

407 5537 518 5611 (98)
551 5537 662 5590 Vox
697 5538 861 5611 and
884 5610 891 5611 ί
915 5537 1067 5593 deest
1113 5539 1164 5593 iu
1199 5550 1354 5595 antea
1387 5543 1564 5611 editis,
1609 5547 1706 5600 sed
1748 5549 1906 5602 resti-

338 5607 505 5659 tuitur
529 5623 559 5663 e
589 5609 774 5661 codice
812 5608 1044 5663 Joliano.

551 5679 718 5734 Codd.
759 5678 892 5760 Reg.
921 5681 1346 5761 etpasileensis.
1381 5687 1549 5758 κακία
1579 5687 1610 5761 ᾗ
1645 5688 1896 5761 πονηρίᾳ,

329 5743 364 5814 ἢ
389 5746 452 5800 δι’
482 5749 701 5819 ἄγνοιαν
736 5743 1042 5815 τοῦκαλοῦ,
1094 5755 1490 5810 ἀποπέπτωκεν
1520 5743 1612 5811 τοῦ
1643 5743 1897 5812 θείού’νό-

333 5833 453 5886 μου.
483 5819 626 5878 Libri
658 5833 836 5878 autem
867 5825 1011 5888 editi,
1052 5826 1302 5900 κακίανῆ
1331 5829 1590 5903 πονηρίαν
1617 5830 1649 5900 ἢ
1680 5831 1898 5900 ἄγνοιαν

2037 4698 2251 4739 cessere
2285 4687 2563 4738 daemones
2616 4685 2973 4754 simulatque
3011 4685 3223 4740 libitum
3275 4698 3376 4744 est.
3429 4691 3608 4758 Quare

2032 4777 2273 4832 omnium
2298 4778 2603 4832 dienmnum
2623 4779 2797 4832 cultus
2815 4781 3025 4834 alienus
3066 4792 3150 4835 est
3176 4799 3203 4834 a
3232 4782 3386 4836 nobis
3407 4797 3602 4839 summ:

2035 4870 2125 4923 Dei
2155 4870 2470 4936 cultoribus,
2503 4881 2557 4925 et
2585 4874 2761 4926 cultus
2787 4875 3091 4927 daunouum
3117 4875 3294 4929 cultus
3309 4885 3395 4931 est.
3416 4891 3605 4932 eorum

2031 4963 2120 5031 qui
2156 4957 2228 5015 dii
2255 4964 2524 5016 habentur
2556 4979 2571 5016 :
2603 4962 2795 5018 Omnes
2825 4967 2968 5019 enim
3002 4967 3077 5018 dii
3124 4968 3356 5036 gentium
3405 4969 3604 5022 dcemo~

2029 5056 2118 5106 nia
2151 5055 2214 5109 ‘3.
2249 5055 2361 5108 lloc
2403 5057 2562 5110 etiam
2595 5057 2719 5111 inde
2749 5058 2939 5127 liquet,
2990 5060 3135 5128 quod
3178 5062 3229 5113 in
3261 5061 3434 5114 sacris
3481 5077 3602 5128 qua:

2026 5146 2330 5203 eﬁicaciora
2361 5150 2684 5205 videbantur
2700 5165 2916 5209 arcanae
2947 5153 3205 5208 adhibitae
3238 5151 3444 5206 fuerint
3469 5167 3600 5207 evo-

2014 5407 2122 5459 τῶν
2159 5407 2338 5462 καλῶν
2367 5409 2768 5483 ἀποπέπτωκεν
2792 5408 2884 5462 τοῦ
2900 5409 3060 5483 ,θείου
3089 5410 3274 5483 νόμου.

2085 5479 2158 5547 (1)
2185 5479 2354 5534 Codd.
2383 5480 2516 5550 Reg.
2546 5491 2598 5534 ει
2616 5479 2816 5542 'Basil.,
2853 5480 3068 5543 αὐτούς.
3110 5479 3266 5536 Lihb.
3296 5481 3449 5550 editi,
3477 5482 3594 5539 δαί-

2055 5565 2198 5604 ονας.

2014 5565 2637 5694 pézgfhodda‘iatican.
2665 5629 2720 5675 et
2743 5619 2933 5688 Basil.,
2973 5621 3362 5694 νομιζομένων.
3423 5624 3586 5684 Libh,

2008 5691 2162 5754 editi,
2197 5690 2632 5760 ὀνομαζομένων.

2079 5761 2153 5830 (5)
2179 5759 2593 5826 Κατακλῖσεις.
2656 5759 2963 5828 Legeudum
3003 5763 3216 5820 videtur
3250 5770 3353 5823 hoc
3379 5769 3501 5829 loco
3533 5779 3589 5829 et

2005 5833 2163 5900 paulo
2198 5843 2340 5905 post,
2374 5832 2795 5903 κατακηλήσεις,
2834 5835 2912 5890 vel
2948 5836 3335 5909 κατακλήσεις.
