3972 6160
402 243 535 299 1519

1892 244 2210 301 ORIGENIS

3509 248 3645 303 1520

389 360 667 428 catioues,
709 364 875 419 etiam
921 380 1043 420 cum
1090 366 1322 437 primum
1357 365 1648 421 simulacra
1698 363 1938 420 collocat:

2070 363 2294 427 ἅστινας
2323 364 2669 427 κατακλίσεις
2695 364 2744 417 oi
2775 365 2839 435 τῇ
2868 362 2975 418 τῶν
3002 362 3269 434 δαιμόνων
3311 362 3403 417 διὰ
3435 380 3645 433 μαγγα-

389 462 515 506 sunt
539 464 593 509 et
619 455 811 523 templa
839 466 1172 513 constructa.
1193 458 1338 524 Quas
1354 458 1701 513 evocationes
1719 456 1965 512 fecerunt

390 543 449 609 ii,
486 545 577 613 qui
611 546 821 601 artibus
849 549 1070 619 magicis
1091 558 1307 604 utentes
1339 551 1639 604 daemonum
1672 550 1838 605 cultui
1870 565 1963 604 va-

391 636 607 691 cabant.
641 640 816 709 Atque
849 641 975 697 hinc
1006 652 1089 697 est
1110 643 1253 712 quod
1287 642 1488 698 cultum
1521 643 1822 698 daemonum
1847 658 1964 712 per-

390 725 516 780 inde
573 743 635 782 ac
673 732 971 797 perniciem
1008 734 1299 806 fugiamus,
1358 750 1786 805 censeamusque
1821 737 1958 790 ritus

389 817 512 872 illos
560 822 757 889 quibus
818 825 884 879 ad
926 841 1068 895 aras,
1123 838 1332 885 statuas
1378 838 1432 883 et
1487 828 1681 898 templa
1735 838 1959 884 utuntur

388 906 584 976 Graeci,
614 913 916 969 daemonum
944 932 1065 973 esse
1099 919 1326 977 cultum.

466 1007 555 1061 70.
592 1004 739 1061 Dixit
795 1018 1054 1076 praeterea
1090 1028 1103 1064 :
1140 1011 1328 1068 Nonne
1361 1012 1583 1081 singulis
1643 1013 1796 1066 rebus
1821 1027 1957 1080 prte-

386 1101 553 1170 fectus
612 1108 689 1153 est
741 1112 996 1168 potestate
1043 1120 1074 1155 a
1130 1103 1235 1157 Deo
1293 1114 1509 1172 accepta
1556 1105 1790 1175 quisquis
1825 1120 1954 1172 quo-

384 1193 507 1245 libet
546 1206 697 1256 Opere
741 1192 931 1261 dignus
966 1195 1174 1249 habitus
1193 1197 1315 1250 est?
1362 1198 1455 1251 sed
1486 1197 1574 1251 hic
1606 1212 1741 1265 opus
1771 1206 1852 1250 est
1876 1194 1954 1249 al-

387 1285 525 1338 tiore
556 1282 808 1349 scientia,
829 1299 935 1353 qua
955 1287 1165 1341 deﬁniri
1194 1288 1366 1358 possit
1391 1298 1569 1343 utrum
1602 1289 1945 1357 quemadmo-

383 1376 510 1429 dum
541 1374 595 1428 in
633 1374 946 1432 civitatibus
985 1380 1271 1433 carniﬁces
1297 1390 1350 1434 et
1376 1380 1465 1434 alii
1500 1381 1812 1435 crudelibus
1838 1382 1953 1449 qui-

381 1470 503 1525 dem
546 1471 639 1527 sed
685 1471 1008 1527 necessariis
1055 1472 1374 1527 muneribus
1422 1473 1624 1528 addicti
1673 1486 1819 1539 sunt,
1876 1474 1950 1529 ita

379 1559 506 1614 mali
541 1561 812 1616 daemones
866 1559 1064 1613 muniis
1108 1560 1431 1628 quibusdam
1466 1559 1709 1629 praefecti
1759 1561 1869 1614 sint
1917 1576 1946 1613 a

378 1647 559 1706 Verbo
591 1648 687 1703 Dei
726 1650 870 1718 quod
896 1648 1241 1703 administrat
1282 1652 1499 1716 omnia;
1534 1667 1603 1705 an
1627 1692 1642 1713 ,
1690 1649 1948 1720 quemad-

2072 456 2227 510 νειῶν
2252 456 2516 528 θεραπείᾳ
2541 456 2891 527 σχολάζοντες
2917 454 3258 526 πεποίηνται.
3288 455 3379 508 Διὸ
3398 455 3640 509 δέδοκται

2070 550 2199 619 ἡμῖν
2226 547 2445 618 φεύγειν
2490 548 2566 611 ὡς
2608 547 2825 620 ὄλεθρον
2874 545 2972 617 τὴν
3017 545 3127 599 τῶν
3168 544 3435 615 δαιμόνων
3480 544 3641 617 θερα-

2068 642 2246 694 πείαν·
2292 641 2559 712 δαιμόνων
2602 641 2658 695 δὲ
2705 639 2999 712 θεραπείαν
3045 634 3181 692 εἷναί
3232 656 3411 710 φαμεν
3461 641 3639 693 πᾶσαν

2066 729 2162 801 τὴν
2182 729 2540 802 νομιζομένην
2562 731 2690 801 παρ’
2719 729 2941 799 Ἕλλησι
2964 728 3115 801 παρὰ
3135 727 3337 801 βωμοῖς
3358 729 3451 782 καὶ
3473 728 3637 798 ἀγάλ·
3732 770 3735 771 ν

2070 839 2203 892 μασι
2235 825 2328 876 καὶ
2359 827 2505 887 ναοῖς
2543 822 2679 877 θεῶν
2706 821 3024 893 θρησκείαν.

2134 998 2266 1058 Εἶπε
2296 1003 2352 1056 δὲ
2381 1005 2474 1059 καὶ
2506 1006 2588 1073 τὸ,
2618 1006 2888 1060 Τέτακται
2922 1003 2989 1058 δὲ
3009 1004 3101 1074 ἐφ’
3129 1003 3363 1071 ἑκάστῳ
3382 1000 3635 1072 δύναμιν⁵

2060 1096 2267 1164 λαχὼν
2286 1096 2393 1150 τοῦ
2406 1099 2694 1166 μεγίστου
2720 1096 2886 1163 Θεοῦ,
2907 1097 3074 1163 ὅστις
3093 1096 3336 1165 ἠξίωται
3360 1098 3632 1151 οὑτινοσ-

2061 1190 2173 1243 οῦν
2203 1189 2410 1259 ἕργου;
2444 1192 2622 1242 Δεῐται
2653 1190 2708 1242 δὲ
2750 1189 2890 1242 πάνυ
2940 1188 3241 1261 βαθυτέρας
3301 1190 3628 1261 ἐπιστήμης,

2061 1283 2153 1336 καὶ
2177 1282 2474 1352 δυναμένης
2510 1282 2875 1354 παραστῆσαι,
2911 1281 3136 1353 πότερόν
3176 1298 3327 1345 ποτε,
3352 1282 3427 1345 ὡς
3458 1286 3508 1336 οἱ
3541 1284 3633 1355 δή-

2064 1391 2174 1445 μιοι
2218 1375 2276 1428 ὲν
2301 1376 2419 1437 ταῖς
2455 1374 2637 1427 πόλεσι
2676 1375 2769 1428 καὶ
2798 1375 2847 1427 οἱ
2874 1374 3193 1445 τεταγμένοι
3223 1374 3314 1426 ἐπὶ
3358 1374 3466 1427 τῶν
3498 1391 3629 1427 σκυ-

2059 1466 2291 1537 θρωπῶν
2324 1467 2439 1538 μὲν,
2470 1466 2779 1535 ἀναγκαίων
2822 1466 2880 1520 δὲ
2916 1467 2972 1519 ὲν
3003 1468 3125 1530 ταῖς
3159 1466 3454 1531 πολιτείαις
3488 1483 3628 1537 πρα-

2057 1559 2302 1630 γμάτων,
2349 1558 2517 1622 οὕτως
2554 1560 2659 1611 είσὶ
2702 1560 3024 1629 τεταγμένοι
3078 1558 3345 1630 μοχθηροὶ
3379 1559 3627 1629 δαίμονες

2055 1652 2148 1703 ὲπί
2172 1668 2331 1705 τινων
2364 1651 2468 1704 ὑπὸ
2499 1650 2593 1704 τοῦ
2644 1650 2967 1714 διοικοῦντος
3023 1652 3092 1704 τὰ
3126 1651 3223 1705 ὅλα
3259 1652 3431 1719 Λόγου
3469 1651 3621 1704 Θεοῦ·

377 1744 597 1797 modum
627 1742 679 1796 in
706 1742 938 1797 desertis
975 1741 1112 1796 locis
1132 1742 1368 1798 latrones
1399 1761 1562 1798 unum
1589 1744 1819 1813 aliquem
1846 1744 1938 1799 sibi

2052 1743 2109 1814 ἢ,
2143 1742 2330 1812 ὥσπερ
2360 1744 2406 1793 οἱ
2454 1743 2510 1794 ἐν
2544 1744 2657 1805 ταῖς
2693 1741 2950 1813 ἐρημίαις
2993 1741 3365 1812 λῃστεύοντες,
3399 1742 3491 1795 καὶ
3528 1741 3624 1793 ’ἐνα

377 1834 699 1903 praeficiunt,
732 1834 814 1888 sic
844 1835 1119 1889 daemones
1152 1836 1305 1903 quasi
1339 1836 1653 1903 agminatim
1684 1837 1736 1890 in
1780 1836 1948 1891 diver-

375 1927 453 1982 sis
484 1934 645 1981 terrae
699 1927 1010 1997 regionibus
1045 1927 1279 1992 collecti,
1331 1928 1435 1982 sibi
1491 1928 1591 1997 ipsi
1646 1928 1944 1998 principem

379 2018 763 2073 constituerint
791 2018 944 2085 cujus
969 2018 1131 2073 ductu
1163 2020 1263 2088 ipsi
1298 2019 1677 2089 subripiantet
1700 2019 1947 2075 furentur

375 2111 653 2165 hominum
681 2110 842 2183 744
864 2112 1095 2166 animas.
1129 2112 1233 2179 Qui
1264 2121 1442 2167 autem
1479 2114 1545 2167 de
1577 2114 1641 2168 iis
1671 2115 1809 2169 bene
1830 2114 1941 2169 dis-

370 2218 556 2258 serere
587 2203 839 2267 voluerit,
872 2212 932 2258 ut
955 2204 1296 2259 Christianos
1322 2203 1467 2259 aliud
1504 2205 1781 2275 quidpiam
1814 2221 1945 2274 prs:-

373 2304 453 2347 ter
475 2309 740 2347 summum
768 2293 934 2349 Deum
954 2295 1456 2366 etZ'primogeuitum
1481 2296 1654 2351 omnis
1677 2308 1943 2354 creaturae

373 2380 606 2437 Verbum
646 2381 762 2454 ejus
810 2394 864 2439 et
892 2385 1060 2439 Deum
1110 2387 1290 2440 colere
1338 2385 1612 2457 fugientes
1663 2387 1937 2456 defendat,

368 2477 517 2533 illum
535 2489 747 2550 Oportet
774 2495 1037 2537 enarrare
1058 2483 1199 2538 istud
1231 2502 1243 2537 :
1275 2484 1466 2538 Omnes
1491 2493 1749 2555 quotquot
1788 2504 1938 2542 vene-

367 2580 490 2624 runt
508 2581 628 2625 ante
654 2587 757 2638 me,
788 2573 932 2642 {ures
958 2583 1079 2628 sunt
1104 2585 1150 2629 et
1184 2575 1435 2641 latrones,
1466 2586 1514 2629 et
1533 2594 1635 2630 non
1657 2580 1939 2634 audierunt

366 2681 450 2717 eos
477 2680 594 2718 oves
620 2665 698 2731 ‘5’;
733 2667 911 2722 ethoc
944 2684 957 2719 :
986 2666 1104 2721 Fur
1135 2685 1238 2722 non
1271 2669 1409 2723 venit
1436 2670 1538 2723 nisi
1567 2680 1622 2723 ut
1647 2670 1855 2740 furetur
1890 2684 1939 2727 et

366 2762 559 2806 mactet
598 2762 649 2807 et
676 2756 863 2825 perdat
887 2758 959 2823 ⁷ο,
988 2766 1043 2812 et
1067 2758 1111 2814 si
1136 2759 1265 2829 quid
1304 2759 1452 2814 aliud
1478 2760 1654 2816 simile
1679 2763 1853 2818 sacris
1879 2762 1935 2818 in

367 2842 664 2915 Scripturis
687 2847 891 2903 dictum
938 2850 1038 2914 sit,
1064 2861 1123 2905 ut
1159 2861 1214 2907 et
1245 2854 1386 2908 istud
1418 2869 1432 2907 :
1464 2851 1601 2908 Ecce
1629 2855 1751 2910 dedi
1792 2856 1936 2911 vobis

361 2945 672 3002 potestatem
707 2938 951 2994 calcandi
981 2958 1142 3011 supra
1170 2953 1431 3012 serpentes
1460 2955 1508 2999 et
1542 2948 1846 3015 scorpiones
1885 2956 1933 3001 et

362 3044 519 3095 super
564 3045 767 3084 omnem
817 3032 1058 3087 uirtutem
1092 3035 1316 3102 inimici,
1349 3046 1395 3090 et
1437 3038 1569 3091 nihil
1608 3038 1751 3093 vobis
1780 3055 1930 3094 noce-

362 3118 434 3172 bit
456 3118 537 3184 ⁷¹;
575 3130 628 3174 et
662 3120 762 3175 hoc
814 3122 995 3177 aliud:
1034 3124 1207 3194 Super
1249 3128 1483 3195 aspidem
1523 3140 1572 3183 et
1624 3130 1931 3185 basiliscum

360 3211 680 3276 ambulabis,
734 3224 782 3267 et
821 3216 1150 3272 conculcabis
1196 3220 1397 3274 leonem
1452 3230 1498 3275 et
1551 3222 1832 3277 draconem
1859 3225 1927 3278 7'.

361 3300 467 3358 Sed
512 3303 648 3358 nihil
692 3319 878 3360 eorum
912 3320 1138 3364 noverat
1182 3310 1390 3367 Celsus.
1437 3311 1570 3367 Nam
1606 3315 1649 3369 si
1681 3324 1805 3370 nota
1851 3315 1931 3372 illi

354 3406 567 3462 essent,
584 3410 691 3451 non
714 3398 967 3454 dixisset:
991 3398 1180 3457 Nonne
1193 3404 1445 3474 quidquid
1462 3404 1589 3473 ﬁtin
1606 3406 1705 3459 hac
1728 3406 1931 3462 univer-

356 3480 513 3541 sitate
535 3488 643 3543 sive
670 3505 702 3543 a
737 3489 867 3556 Deo,
899 3493 1008 3547 sive
1029 3494 1094 3547 ab
1123 3496 1466 3565 angelis,sive
1488 3497 1552 3550 ab
1575 3497 1697 3552 aliis
1726 3500 1928 3555 dwmo-

357 3579 539 3647 nibus,
574 3583 678 3637 sive
708 3584 772 3637 ab
800 3585 1066 3653 heroibus,
1088 3586 1199 3641 haec
1227 3589 1402 3643 omnia
1432 3589 1593 3660 legem
1615 3608 1648 3644 a
1678 3590 1789 3647 Deo
1819 3610 1931 3647 ma-

354 3673 498 3726 ximo
523 3677 886 3746 prtescriptam
918 3677 1016 3732 sibi
1040 3678 1268 3733 habent?
1298 3678 1489 3735 Nonne
1514 3683 1664 3738 rebus
1704 3686 1929 3755 singulis

350 3763 635 3830 prwfectus
682 3778 757 3818 est
814 3783 932 3819 cum
972 3778 1229 3836 potestate
1279 3771 1515 3839 quisquis
1570 3772 1667 3826 hoc
1716 3790 1928 3829 munere

352 3852 599 3923 dignatus
623 3856 741 3909 est?
767 3856 871 3921 Qui
896 3859 1060 3927 igitur
1085 3856 1253 3912 Deum
1278 3861 1422 3927 colit,
1445 3879 1548 3916 non
1574 3866 1617 3917 is
1636 3864 1781 3932 juste
1809 3867 1933 3919 colit

358 3946 509 3999 illum
546 3948 694 4001 cuia
732 3947 842 4003 Deo
902 3950 1029 4003 data
1061 3959 1291 4020 potestas
1333 3963 1429 4007 est.
1480 3952 1686 4020 Quibus
1736 3957 1923 4011 addit:

352 4037 505 4093 Fieri
532 4042 669 4094 enim
700 4059 803 4097 non
830 4051 997 4112 potest
1031 4053 1085 4097 ut
1112 4043 1351 4113 pluribus
1383 4046 1609 4101 dominis
1640 4049 1921 4104 serviatur.

353 4130 460 4186 Sed
497 4133 597 4188 hac
627 4134 694 4190 de
723 4149 782 4190 re
812 4134 865 4191 in
895 4135 1035 4193 libro
1053 4139 1300 4208 sequenti
1334 4140 1750 4210 disputabimus.
1788 4142 1921 4197 Nam

346 4222 545 4291 justam
579 4226 630 4280 in
666 4228 858 4283 molem
898 4230 1073 4285 crevit
1106 4232 1371 4300 septimus
1414 4232 1515 4286 iste
1569 4232 1726 4298 liber,
1756 4250 1916 4304 quem

350 4326 539 4371 contra
576 4318 717 4374 Celsi
754 4322 1016 4390 scriptum
1053 4324 1393 4394 scripsimus.

2050 1834 2170 1889 τινὰ
2204 1836 2638 1905 προστησάμενοι
2670 1834 2855 1905 ἄρχειν
2892 1834 3088 1887 αὐτῶν·
3143 1832 3313 1897 οὕτως
3354 1837 3401 1887 οἱ
3438 1835 3625 1905 δαίμο-

2049 1944 2156 1989 νες,
2186 1927 2347 1979 οἱονεὶ
2373 1925 2510 1981 κατὰ
2534 1926 2729 1990 τόπους
2763 1926 2837 1995 (4)
2869 1926 2968 1996 τῆς
2995 1926 3099 1997 γῆς
3134 1927 3449 1997 συστήματα
3474 1926 3624 1995 γενό·

2052 2035 2227 2089 μενοι,
2265 2018 2500 2089 ἄρχοντά
2529 2035 2649 2071 τινα
2675 2019 2889 2081 ἑαυτοῖς
2920 2019 3272 2088 πεποιὴκασι,
3303 2018 3394 2069 τὸν
3421 2018 3623 2088 ήγησόο

2050 2122 2210 2175 μενον
2263 2106 2441 2160 αὐτῶν
2487 2108 2565 2170 εἰς
2594 2105 2695 2170 τὰς
2734 2106 2979 2178 πράξεις,
3008 2107 3073 2171 ἃς
3105 2106 3306 2160 εἴλοντο
3345 2108 3485 2178 ὑπὲρ
3526 2107 3620 2161 τοῦ

2047 2199 2296 2252 κλέπτειν
2323 2198 2400 2269 (5)
2435 2198 2528 2251 καὶ
2566 2196 2843 2270 λῃστεύειν
2886 2198 3187 2269 ἀνθρώπων
3218 2199 3413 2270 ψυχάς.
3449 2202 3622 2272 Χρεία

2042 2291 2098 2344 δὲ
2139 2290 2215 2363 τῷ
2260 2290 2502 2362 μέλλοντι
2544 2291 2623 2353 εἰς
2675 2289 2845 2344 ταῦτα
2889 2290 3065 2360 λέγειν
3107 2291 3304 2355 καλῶς,
3358 2293 3444 2345 ἵνα
3493 2295 3621 2364 περὶ

2041 2384 2381 2457 Χριστιανῶν
2429 2384 2869 2456 ἀπολογήσηται,
2923 2386 3337 2456 ἐκτρεπομένων
3388 2386 3515 2439 ἄλλο
3564 2404 3618 2441 τι

2044 2476 2221 2532 σέόειν
2258 2476 2409 2549 παρὰ
2437 2475 2529 2530 τὸν
2560 2477 2653 2529 ἐπὶ
2683 2478 2814 2530 πᾶσι
2843 2477 2994 2541 Θεὸν,
3032 2477 3125 2530 καὶ
3155 2478 3244 2530 τὸν
3276 2478 3618 2548 πρωτότοκον

2042 2570 2222 2641 πάσης
2246 2569 2474 2633 κτίσεως
2498 2568 2672 2638 Λόγον
2691 2568 2853 2623 αὐτοῦ
2881 2571 2974 2623 καὶ
2994 2569 3124 2623 Θεὸν
3143 2569 3618 2642 (ϐ),διηγήσασθαι

2042 2662 2135 2715 καὶ
2158 2666 2247 2729 τὸ,
2268 2662 2512 2726 Πάντες,
2545 2662 2677 2717 ὅσοι
2702 2658 2892 2731 ἦλθον
2908 2661 3020 2730 πρὸ
3041 2662 3207 2731 ἐμοῦ,
3230 2664 3482 2716 κλέπται
3496 2663 3619 2718 εἰσὶ

2037 2752 2133 2807 καὶ
2162 2752 2408 2822 λῃσταὶ,
2440 2752 2539 2806 καὶ
2565 2756 2676 2807 οὐκ
2707 2752 2974 2821 ἤκουσεν
3002 2753 3197 2808 αὐτῶν
3226 2752 3297 2806 τὰ
3331 2756 3612 2823 πρόϐατα·

2036 2844 2129 2898 καὶ
2148 2846 2231 2911 τὸ,
2249 2846 2309 2898 '0
2325 2847 2587 2913 κλέπτης
2614 2847 2723 2900 οὐκ
2742 2846 2993 2915 ἔρχεται,
3013 2849 3062 2899 εὶ
3075 2846 3159 2915 μὴ
3178 2848 3277 2901 ἵνα
3295 2848 3494 2918 κλέψῃ
3512 2851 3614 2903 καὶ

2035 2938 2214 3007 θύσῃ,
2254 2939 2350 2991 καὶ
2386 2938 2679 3006 ἀπολέσῃ·
2711 2939 2805 2992 καὶ
2841 2938 2972 2991 εἴτι
3006 2938 3131 2993 ἄλλο
3166 2938 3374 3004 τούτοις
3398 2941 3614 3013 εἴρηται

2037 3031 2414 3102 παραπλήσιον
2465 3033 2522 3083 ὲν
2563 3035 2673 3094 τοῖς
2720 3034 2880 3103 ἱεροῖς
2907 3034 3248 3104 γράμμασιν·
3288 3034 3473 3108 ὥσπερ
3520 3041 3617 3092 καὶ

2035 3127 2122 3188 τὸ,
2170 3124 2343 3189 Ἰδοὺ,
2370 3124 2588 3177 δέδωκα
2609 3125 2751 3194 ὑμῖν
2763 3126 3054 3190 ἐξουσίαι·
3064 3128 3171 3182 τοῦ
3188 3128 3395 3182 πατεῖν
3408 3128 3615 3183 ἐπάνω

2038 3222 2232 3291 ὄφεων
2259 3219 2357 3274 καὶ
2386 3222 2709 3288 σκορπίων,
2744 3221 2841 3274 καὶ
2875 3221 3198 3277 ἐπιστᾶσαν
3217 3223 3330 3292 τὴν
3359 3223 3615 3294 δύναμιν

2036 3317 2142 3371 τοῦ
2158 3315 2394 3385 ἐχθροῦ,
2422 3315 2518 3368 καὶ
2540 3314 2721 3367 οὐδὲν
2735 3314 2891 3384 ὑμᾶς
2909 3321 2979 3369 οὺ
2994 3315 3078 3385 μὴ
3096 3316 3390 3387 ἀδικήσει·
3411 3319 3501 3371 καὶ
3525 3322 3613 3381 τὸ,

2049 3408 2167 3461 Ἐπ’
2209 3407 2436 3463 ἀσπίδα
2461 3408 2559 3462 καὶ
2587 3408 2961 3472 βασιλίσκω·
2988 3409 3264 3477 ἐπιϐήσλῃ,
3298 3411 3396 3464 καὶ
3434 3428 3615 3465 κατα-

2038 3500 2329 3571 πατήσεις
2385 3500 2602 3571 λέοντα
2658 3500 2755 3553 καὶ
2811 3499 3120 3568 δράκοντα.
3172 3502 3305 3553 Ἀλλ’
3355 3503 3610 3573 οὐδαμῶς

2035 3593 2151 3665 ⁴ᾔδει
2179 3593 2350 3646 ταῦτα
2376 3594 2404 3646 ό
2433 3592 2658 3656 Κέλσος.
2692 3594 2754 3645 El
2786 3591 2893 3663 γάρ
2922 3593 3056 3663 ᾔδει,
3097 3595 3195 3646 οὐκ
3225 3594 3289 3646 ἂν
3324 3590 3463 3658 εἶπε,
3495 3596 3613 3650 Καὶ

2035 3686 2069 3738 ὅ
2100 3704 2153 3738 τι
2182 3700 2291 3753 περ
2330 3684 2406 3739 ἂν
2432 3679 2475 3756 ᾖ
2500 3685 2570 3738 ἐν
2592 3684 2717 3751 τοῖς
2754 3684 2916 3750 ὅλοις
2944 3685 3063 3738 εἴτε
3104 3685 3250 3738 Θεοῦ
3277 3686 3473 3755 ἔργον,
3500 3687 3611 3740 εἶτ’

2033 3778 2320 3849 ἀγγέλων,
2367 3778 2485 3832 εἴτε
2528 3776 2945 3849 δαιμόνων-(7),
3003 3778 3121 3831 εἴτε
3168 3777 3390 3847 ἠρὼων·
3441 3779 3609 3833 ταῦτ’

2035 3870 2160 3939 ἔχει
2196 3871 2380 3938 νόμον
2424 3869 2493 3922 ἐκ
2539 3869 2646 3923 τοῦ
2678 3869 2965 3939 μεγίστου
3000 3869 3180 3933 Θεοῦ;
3227 3868 3498 3923 Τέτακται
3538 3869 3609 3924 δὲ

2033 3962 2125 4032 ἐφ’
2150 3962 2383 4026 ἑκάστῳ
2406 3962 2663 4031 δύναμιν
2694 3961 2919 4033 λαχὼν,
2959 3962 3127 4028 ὅστις
3160 3963 3435 4030 ήξίωται;
3465 3963 3602 4019 τοῦ·

2032 4073 2137 4110 τον
2190 4053 2321 4122 οὗν,
2374 4058 2481 4112 τόν
2515 4056 2740 4112 ἐκεῖθεν
2782 4057 3067 4123 ἐξουσίας
3107 4062 3491 4127 τετυχηκότα,
3532 4060 3605 4112 οὐ

2029 4149 2379 4216 θεραπεύσει
2405 4148 2646 4215 δικαίως
2676 4151 2711 4203 ό
2742 4147 2933 4202 σέϐων
2967 4148 3074 4202 τὸν
3116 4148 3605 4220 Θεόν(8).Τούτοις

2026 4240 2070 4293 δ’
2102 4242 2347 4313 ἐπιφέρει
2371 4244 2452 4307 τὸ,
2469 4245 2550 4297 Οὐ
2579 4242 2689 4313 γὰρ
2716 4237 2927 4296 οἷόντε
2949 4241 3261 4296 δουλεύειν
3286 4241 3393 4295 τὸν
3420 4240 3607 4294 αὑτὸν

1946 4327 1995 4383 D
2022 4336 2263 4388 πλείοσι
2310 4337 2553 4404 κυρίοις.
2590 4336 2726 4406 Περὶ
2770 4328 2829 4389 οὗ
2868 4337 2927 4388 ὲν
2971 4334 3049 4405 τῷ
3088 4334 3215 4404 ἑξῆς
3256 4333 3444 4405 βιϐλίῳ
3487 4330 3605 4384 δια-

347 4407 648 4481 ληψόμεθα,
697 4413 790 4467 ἆτε
831 4415 1079 4488 αὐτάρκη
1127 4418 1472 4489 περιγραφὴν
1518 4418 1793 4490 εἰληφότος
1825 4422 1918 4475 τοῦ
1957 4426 2181 4499 ἑϐδόμου
2240 4429 2404 4499 τόμου
2460 4428 2595 4498 πρὸς
2643 4428 2704 4481 τὸ
2735 4428 3072 4500 σύγγραμμα
3112 4427 3319 4481 Κέλσου
3354 4428 3487 4497 ἡμῖν
3511 4440 3604 4493 γε·

346 4507 688 4577 γραμμένου.

419 4660 463 4691 ⁸⁸
497 4659 653 4714 Joan.
688 4676 741 4727 κ,
765 4662 819 4716 8.
897 4663 941 4695 ⁷⁸
974 4663 1133 4735 lbid.,
1163 4666 1250 4720 10.
1326 4669 1367 4698 "
1405 4666 1535 4722 Luc.
1572 4685 1626 4732 χ,
1660 4669 1742 4722 19.
1826 4672 1869 4702 ⁷¹
1899 4672 1936 4724 P

2083 4671 2283 4734 xc,15.

413 4813 489 4884 (4)
519 4814 681 4867 Κατὰ
709 4816 947 4891 τόπους.
994 4817 1126 4891 Vide
1155 4818 1434 4886 iluetium,
1472 4819 1911 4891 Origenianorum

342 4884 437 4939 lib.
466 4899 526 4950 ll,
557 4894 748 4952 quaest.
777 4884 830 4947 5,
860 4888 924 4939 de
950 4889 1171 4952 angelis.

414 4954 489 5031 (5)
522 4954 980 5031 Μεεη-κλέ-πτε-ινἶ
1020 4954 1313 5021 licescltel.,
1347 4960 1585 5029 βλέπειν.
1625 4961 1911 5031 Spencer.,

341 5024 845 5102 βλάπτεινεηῐξευιο
899 5027 1222 5102 infraumssq
1283 5024 1696 5102 ἐκτρεπομένων
1734 5024 1911 5088 ἄλλοτί

338 5096 536 5151 σέϐειν.
602 5095 757 5152 Libb.
791 5106 950 5152 antea
983 5098 1138 5167 editi,
1170 5095 1600 5171 ἐντρεπομένων,
1629 5113 1731 5159 etc.

2091 4824 2163 4894 (6)
2191 4824 2301 4878 Kal
2336 4828 2502 4879 Θεόν.
2563 4826 2687 4880 Haec
2724 4827 2776 4880 in
2809 4836 2971 4882 antea
2999 4827 3161 4882 editis
3194 4829 3392 4885 omissa
3431 4830 3600 4885 resti-

2021 4905 2244 4948 tuuntur
2273 4912 2302 4949 e
2337 4912 2466 4949 mss.
2499 4896 2804 4952 codicibus.

2089 4965 2472 5039 (7)___lltesc_liel.
2505 4969 2557 5039 in
2607 4976 2774 5033 textu,
2826 4966 2936 5020 εἴτε
2966 4966 3252 5039 δαιμόνων.
3308 4967 3601 5038 Spenccr.,

2018 5035 2133 5107 εἴτε
2162 5035 2335 5107 ἄλλων
2358 5036 2642 5107 δαιμόνων.

2091 5106 2168 5176 (8)
2198 5106 2538 5163 “(BSCllE‘llllS
2572 5109 2624 5162 in
2655 5117 2826 5177 textu,
2854 5111 3004 5174 ὅστις
3035 5109 3180 5163 σέϐει
3208 5109 3299 5164 τὸν
3322 5108 3475 5164 Θεόν.
