3972 6160
423 364 551 420 1321

1584 359 1862 416 CONTRA
1894 357 2166 415 CELSUM
2199 357 2324 411 LIB.
2357 354 2491 411 Vill.

3504 349 3651 405 ισες

934 669 1879 808 ΩΡΙΓΕΝΟΥΣ
1951 662 2416 799 ΚΑΤΑ
2484 659 3164 795 ΚΕΛΣοΥ

1608 909 1988 999 ΤΟΜΟΣ
2026 904 2461 995 ΟΓΔΟΟΣ

632 1236 1214 1331 ORIGENIS
1283 1233 1756 1329 CONTRA
1833 1233 2290 1327 CELSUM
2367 1228 2730 1319 LIBER
2800 1225 3335 1321 OCTAVUS

473 1526 611 1597 Ἤδη
643 1524 853 1595 ἔφθασα
888 1525 980 1578 ἐπὶ
1010 1524 1072 1578 τὸ
1110 1526 1418 1585 συντελέσαι
1453 1527 1589 1581 ἑπτὰ
1613 1528 1810 1600 βιϐλία·
1835 1528 1957 1583 θέλει

2142 1527 2194 1581 1.
2226 1523 2340 1579 lam
2378 1536 2443 1578 eo
2470 1528 2796 1592 perventum
2830 1526 2917 1574 est
2949 1526 3009 1571 ut
3030 1525 3233 1585 septem
3265 1514 3429 1570 libros
3455 1513 3636 1570 absol-

394 1618 453 1671 δὲ
475 1616 741 1689 ἄρξασθαι
771 1616 864 1669 καὶ
889 1616 1093 1685 ὀγδόου.
1124 1617 1256 1680 Θεὸς
1288 1618 1343 1672 δὲ
1372 1619 1466 1672 καὶ
1495 1623 1523 1674 ὁ
1555 1620 1845 1691 μονογενὴς
1873 1620 1969 1674 αύ-

395 1709 491 1762 τοῦ
535 1709 705 1776 Λόγος
746 1707 1012 1777 παρέσται
1044 1709 1118 1781 (9)
1153 1712 1304 1782 ἡμῖν,
1342 1712 1427 1765 ἵνα
1468 1712 1728 1779 γενναίως
1772 1711 1871 1783 μὲν
1900 1711 1966 1765 τὰ

396 1798 604 1852 Κέλσου
630 1795 798 1867 ψεύδη
823 1795 1099 1868 διελεγχθῇ
1134 1799 1310 1871 μάτην
1335 1800 1789 1871 ἐπιγεγραμμένα
1820 1801 1968 1869 ἁλη-

396 1886 508 1955 θὴς
537 1890 737 1958 λόγος,
770 1887 1006 1952 δυνατῶς
1033 1888 1088 1942 δὲ
1126 1891 1219 1944 καὶ
1250 1892 1310 1945 τὸ
1341 1893 1464 1946 ὅσον
1505 1893 1597 1945 ἐπὶ
1628 1896 1738 1958 τοῖς
1761 1873 1968 1961 ὑπαγο-

400 1981 708 2054 ρευομένοις
756 1981 824 2035 τὰ
880 1982 1303 2053 Χριστιανισμοῦ
1369 1983 1682 2055 ἀποδειχθῇ·
1741 1984 1968 2056 εὐχομέ-

395 2090 505 2136 νοις
551 2074 635 2136 τὸ,
700 2072 877 2141 ’Υπὲρ
930 2074 1188 2141 Χριστοῦ
1244 2075 1670 2144 πρεσϐεύομεν,
1727 2076 1808 2144 ὡς
1860 2076 1968 2131 τοῦ

397 2162 544 2218 Θεοῦ
583 2163 1078 2231 παρακαλοῦντος
1114 2164 1187 2218 δι’
1216 2165 1382 2233 ἡμῶν
1410 2165 1540 2237 (10),
1573 2169 1744 2221 εἰπεῖν
1769 2170 1835 2239 τῇ
1872 2167 1965 2221 τοῦ

394 2252 606 2306 Παύλου
635 2253 890 2320 διαθέσει,
924 2256 1018 2309 καὶ
1062 2256 1391 2327 πρεσϐεῦσαι
1419 2258 1559 2329 ὑπὲρ
1590 2258 1685 2311 τοῦ
1728 2260 1965 2331 Χριστοῦ

392 2341 530 2412 πρὸς
557 2345 683 2405 τοὺς
709 2341 1048 2415 ἀνθρώπους,
1078 2344 1152 2407 ὠς
1187 2345 1215 2395 ὁ
1250 2342 1343 2396 τοῦ
1383 2342 1517 2397 Θεοῦ
1553 2344 1723 2413 Λόγος
1750 2346 1841 2397 ἐπὶ
1868 2346 1967 2417 τὴν

391 2435 528 2506 πρὸς
560 2436 746 2488 ἑαυτὸν
770 2435 950 2505 φιλίαν
982 2437 1308 2508 παρακαλεῖ·
1346 2436 1663 2507 βουλόμενος
1687 2438 1964 2492 οἰκειῶσαι

388 2520 724 2594 δικαιοσύνῃ,
771 2525 864 2576 καὶ
897 2523 1143 2595 ἀληθείᾳ,
1187 2525 1281 2578 καὶ
1319 2528 1439 2588 ταῖς
1478 2525 1688 2590 λοιπαῖς
1723 2528 1961 2598 ἀρεταῖς,

388 2612 516 2675 τους
562 2613 668 2683 πρὸ
710 2614 809 2684 τῆς
855 2615 1164 2686 παραδοχῆς
1213 2614 1324 2669 τῶν
1382 2615 1552 2686 Ἰησοῦ
1600 2616 1692 2670 τοῦ
1727 2618 1963 2689 Χριστοῦ

388 2701 673 2774 δογμάτων
701 2706 758 2757 ὲν
780 2706 951 2777 σκότῳ
976 2706 1052 2777 τῷ
1080 2708 1205 2778 περὶ
1230 2706 1384 2770 Θεοῦ,
1414 2710 1504 2762 καὶ
1529 2708 1718 2780 ἀγνοίᾳ
1748 2711 1813 2780 τῇ
1838 2709 1965 2781 περὶ

389 2793 483 2846 τοῦ
531 2795 813 2861 κτίσαντος
853 2798 1315 2870 ὲνδιατρίψαντας.
1352 2801 1462 2854 Καὶ
1520 2800 1676 2855 πάλιν
1742 2800 1797 2854 δὲ
1830 2802 1961 2873 ἐρῶ,

2069 1618 2278 1682 verim;
2311 1622 2563 1669 octavum
2594 1627 2741 1666 nunc
2780 1608 2995 1680 aggredi
3019 1609 3159 1664 volo.
3192 1608 3330 1662 Deus
3353 1616 3410 1662 et
3444 1606 3635 1678 unige-

2070 1712 2216 1766 nitus
2249 1706 2366 1777 ejus
2410 1707 2650 1761 Verbum
2703 1705 2843 1759 adsit
2875 1702 3053 1769 nobis,
3089 1711 3146 1756 ut
3177 1700 3317 1756 Celsi
3355 1700 3633 1755 mendacia

2068 1814 2352 1872 perperam
2390 1796 2655 1865 inscripta
2680 1811 2832 1850 verus
2854 1810 3050 1859 sermo,
3077 1801 3297 1848 strenue
3326 1792 3633 1848 refutentur

2069 1901 2124 1948 et
2156 1887 2436 1961 religionis
2471 1885 2801 1942 Christianae
2831 1885 3031 1939 veritas
3059 1882 3232 1939 solide
3279 1893 3333 1938 et
3367 1892 3631 1952 quantum

2066 1998 2164 2053 per
2193 1980 2473 2035 materiam
2502 1976 2689 2032 licebit
2730 1976 3152 2032 demonstretur.
3180 1974 3474 2029 Precamur
3502 1973 3631 2028 item

2068 2083 2127 2128 ut
2172 2085 2281 2142 quo
2329 2069 2511 2123 animo
2541 2065 2764 2131 Paulus,
2809 2066 2998 2121 eodem
3025 2074 3079 2120 et
3112 2080 3209 2120 nos
3248 2065 3427 2119 dicere
3457 2064 3633 2133 possi-

2067 2180 2211 2229 mus,
2241 2162 2347 2217 Pro
2376 2160 2583 2216 Christo
2618 2158 2875 2228 legatione
2920 2157 3197 2228 fungimur
3224 2167 3474 2226 tanquam
3525 2154 3634 2208 Deo

2067 2255 2380 2311 exhortante
2410 2268 2502 2324 per
2537 2268 2630 2306 uos
2656 2250 2726 2317 ⁷³,
2760 2258 2814 2304 et
2834 2264 2930 2317 pro
2951 2249 3166 2305 Christo
3190 2247 3458 2318 legatione
3481 2246 3633 2316 fungi

2069 2363 2196 2419 erga
2228 2344 2497 2412 homines,
2535 2343 2989 2414 quemadmodum
3011 2342 3103 2397 Dei
3126 2341 3357 2395 Verbum
3389 2340 3456 2395 ad
3483 2353 3633 2393 amo-

2066 2454 2179 2494 rem
2209 2438 2260 2492 in
2300 2452 2358 2492 se
2385 2435 2706 2489 exhortatur
2735 2451 2749 2486 :
2776 2433 2972 2502 quippe
3009 2432 3151 2501 quod
3200 2430 3309 2485 vult
3362 2428 3587 2500 iustitia:
3613 2469 3627 2491 ,

2063 2529 2281 2585 veritati
2333 2527 2652 2593 (ueterisque
2684 2523 2978 2579 virtutibus
3029 2536 3121 2577 eos
3149 2519 3466 2588 conciliare,
3512 2519 3630 2588 qui,

2065 2630 2352 2692 antequam
2381 2618 2505 2695 Jesu
2532 2618 2732 2674 Christi
2766 2617 3012 2686 dogmata
3044 2615 3368 2684 reciperent,
3394 2611 3448 2666 in
3474 2620 3631 2666 tene-

2064 2714 2181 2769 bris
2212 2722 2268 2769 et
2303 2711 2608 2784 ignorantia
2644 2710 2738 2765 Dei
2766 2708 3063 2765 conditoris
3089 2705 3465 2761 versabantttr.
3515 2702 3629 2758 lte-

2064 2816 2186 2855 rum
2214 2801 2418 2866 dicam,
2441 2801 2531 2855 det
2561 2800 2716 2853 nobis
2741 2800 2881 2854 Deus
2903 2798 3097 2853 fortem
3128 2806 3183 2849 et
3214 2810 3398 2849 verum
3422 2807 3630 2849 sermo-

388 2888 472 2939 ὂτι
498 2888 525 2939 ὁ
550 2888 680 2952 Θεὸς
714 2890 822 2961 δῴη
859 2892 990 2961 ἡμῖν
1034 2891 1125 2944 τὸν
1168 2894 1411 2960 γενναῖον
1438 2894 1532 2946 καὶ
1580 2891 1753 2964 ἀληθῆ
1784 2892 1957 2961 λόγον,

2067 2906 2214 2956 nem,
2264 2888 2548 2943 Dominum
2583 2889 2731 2943 illum
2760 2888 2856 2957 qui
2888 2889 2942 2940 in
2991 2886 3121 2940 bello
3145 2895 3334 2939 contra
3367 2882 3627 2939 malitiam

387 2978 479 3031 τὸν
519 2978 722 3051 Κύριον
766 2981 872 3034 τὸν
901 2982 1183 3050 κραταιὸν
1209 2983 1307 3035 καὶ
1338 2982 1600 3037 δυνατὸν
1630 2985 1700 3038 ἐν
1725 2984 1965 3053 πολέμῳ

386 3070 466 3141 τῷ
489 3071 627 3124 κατὰ
651 3072 749 3141 τῆς
779 3073 995 3136 κακίας.
1024 3074 1164 3144 Ἤδη
1189 3055 1245 3126 δὲ
1269 3074 1361 3126 καὶ
1395 3074 1487 3126 ἐπὶ
1520 3075 1617 3145 τὴν
1656 3074 1785 3146 ἑξῆς
1823 3074 1967 3141 λέξιν

388 3160 598 3213 Κέλσου
626 3163 719 3214 καὶ
751 3162 817 3215 τὰ
846 3162 981 3233 πρὸς
1018 3164 1187 3233 αὐτὴν
1214 3164 1453 3217 ὁδευτέον
1488 3166 1636 3218 ἐστὶν
1666 3167 1818 3236 ἡμῖν.

475 3253 821 3322 Ἐπηπὸρησε
871 3253 927 3304 δὲ
982 3256 1039 3306 ἐν
1095 3258 1205 3317 τοῖς
1240 3256 1345 3327 πρὸ
1374 3257 1576 3309 τούτων
1620 3257 1755 3326 πρὸς
1794 3258 1962 3327 ἡμᾶς,

384 3341 475 3396 διὰ
521 3343 573 3395 τί
610 3343 869 3414 δαίμονας
912 3345 972 3396 ού
1019 3344 1411 3415 θεραπεύομεν·
1450 3349 1544 3400 καὶ
1590 3348 1726 3419 πρὸς
1766 3348 1800 3403 ἃ
1842 3346 1961 3404 εἷπε

386 3434 515 3504 περὶ
562 3434 849 3505 δαιμόνων,
896 3435 1287 3507 ἀπηντήσαμεν
1341 3438 1479 3491 κατά
1528 3439 1588 3491 τὸ
1641 3441 1963 3511 φαινόμενον

385 3524 517 3595 ἡμῖν
566 3525 811 3598 βούλημα
868 3525 961 3580 τοῦ
1006 3527 1149 3581 θείου
1193 3527 1369 3596 λόγου.
1418 3523 1529 3580 Εἶθ’
1560 3528 1686 3599 ἑξῆς
1736 3531 1963 3596 ἐκείνοις

382 3616 531 3686 ἡμᾶς
560 3618 768 3685 εἰσάγει
804 3617 1059 3688 λέγοντας
1088 3619 1224 3692 πρὸς
1253 3617 1351 3689 τὴν
1396 3619 1734 3691 ὲπαπόρησιν
1772 3622 1960 3685 αὐτοῦ,

383 3704 626 3773 θέλοντος
664 3711 811 3781 ἡμᾶς
857 3713 951 3765 καὶ
1001 3711 1127 3775 τοὺς
1169 3711 1427 3782 δαίμονας
1473 3711 1821 3783 θεραπεύειν,
1880 3714 1960 3767 ὅτι

380 3800 479 3870 οὐχ
530 3796 639 3855 οἷόν
691 3820 751 3856 τε
800 3803 1068 3857 δουλεύειν
1110 3804 1203 3858 τὸν
1254 3806 1417 3861 αὑτὸν
1465 3806 1673 3861 πλείοσι
1728 3809 1955 3881 κυρίοις.

386 3891 567 3945 Τοῦτο
594 3893 666 3958 δ’,
698 3895 772 3958 ὡς
799 3895 969 3949 οἴεται
997 3896 1267 3964 στάσεως
1299 3900 1451 3953 εἷναι
1476 3901 1685 3969 φωνὴν
1716 3901 1851 3965 τῶν,
1880 3902 1961 3968 ὡς

380 3980 561 4047 αὐτὸς
586 3982 918 4052 ὠνόμασεν,
949 3986 1434 4056 ἀποτειχιζόντων
1451 3990 1494 4057 (1
1514 3992 1834 4061 1),ἑαυτοὺς
1862 3990 1961 4046 καὶ

378 4073 882 4142 ιὶπορῤηγνύντων
910 4078 1027 4131 ἀπὸ
1060 4077 1176 4130 τῶν
1202 4079 1430 4134 λοιπῶν
1472 4072 1814 4149 ἀνθρώπων.
1849 4086 1956 4137 Νο-

380 4163 529 4234 μίζει
562 4164 617 4216 δὲ
658 4166 799 4233 τοὺς
844 4168 1019 4222 τοῦτο
1058 4171 1370 4241 λέγοντας,
1408 4173 1473 4226 τὸ
1511 4174 1663 4227 ὅσον
1698 4175 1789 4244 ἐφ’
1822 4177 1957 4231 ἑαυ-

2068 2982 2221 3053 fortis
2267 2992 2349 3038 est
2382 2991 2429 3036 et
2462 2991 2646 3051 potens
2676 2981 2742 3036 ⁷⁸.
2778 2979 2929 3034 Nunc
2961 2980 3025 3034 ad
3077 2994 3140 3035 ea
3185 2978 3509 3034 veniendum
3545 2984 3629 3031 est

2069 3090 2186 3144 quae
2234 3074 2422 3131 Celsus
2464 3083 2655 3145 postea
2712 3073 2933 3142 objicit,
2982 3083 3037 3128 et
3078 3074 3143 3127 ad
3192 3088 3254 3126 ea
3298 3070 3630 3140 respondea-

2064 3170 2212 3224 dum.

2134 3259 2293 3333 745
2326 3260 2381 3315 2.
2405 3260 2579 3315 Antea
2600 3259 2846 3330 quaesivit
2869 3274 2897 3313 a
2933 3258 3087 3314 nobis
3111 3257 3238 3327 quid
3260 3270 3437 3314 causa:
3461 3265 3627 3320 esset,

2064 3366 2161 3405 cur
2199 3351 2473 3405 daemones
2498 3364 2602 3404 non
2636 3350 2903 3415 colamus,
2930 3358 2985 3404 et
3011 3351 3076 3403 ad
3104 3348 3217 3413 illa,
3241 3362 3361 3418 quae
3392 3346 3532 3404 dixit
3561 3346 3630 3403 de

2063 3440 2419 3507 daemonibus,
2448 3442 2788 3511 reposuimus
2813 3443 2952 3510 quod
2980 3441 3135 3498 nobis
3159 3440 3332 3495 visum
3362 3441 3633 3497 estverbo

2063 3534 2249 3590 divino
2279 3547 2729 3591 consentaneum.
2760 3536 2960 3589 Deinde
2995 3534 3060 3588 ad
3091 3533 3205 3602 ejus
3239 3533 3586 3601 quaestionem
3608 3573 3626 3597 ,

2066 3640 2173 3695 qua
2204 3641 2304 3682 nos
2334 3628 2403 3682 ad
2436 3627 2643 3682 cultum
2674 3627 2975 3680 daemonum
3000 3623 3227 3677 incitare
3257 3622 3492 3688 volebat,
3527 3637 3633 3677 nos

2062 3721 2453 3790 respondentes
2479 3719 2629 3783 fecit,
2667 3718 2781 3773 ﬁeri
2825 3733 2931 3772 non
2964 3731 3121 3785 posse
3153 3724 3209 3768 ut
3238 3712 3484 3784 pluribtts
3526 3716 3626 3769 do—

2062 3811 2229 3865 minis
2257 3812 2548 3865 serviatur.
2587 3808 2720 3875 Qua:
2741 3825 2861 3875 vox,
2890 3816 2947 3862 ut
2973 3817 3151 3877 putat,
3181 3807 3454 3861 seditionis
3479 3816 3553 3861 est
3577 3814 3627 3859 et

2061 3900 2329 3954 hominum
2347 3901 2730 3969 segregantium
2756 3910 2802 3953 et
2838 3900 3245 3954 rescindentium
3267 3914 3342 3963 se,
3360 3906 3419 3953 ut
3450 3896 3629 3968 loqui-

2062 4002 2169 4056 tur,
2200 4009 2233 4046 a
2269 3993 2591 4064 reliquorum
2632 3990 2902 4045 hominum
2928 3991 3197 4045 societate.
3231 3990 3359 4061 Ejus
3390 3989 3621 4056 judicio,

2058 4084 2147 4153 qui
2171 4085 2266 4138 hoc
2296 4083 2497 4149 dicunt,
2519 4098 2640 4137 suos
2668 4082 2748 4135 illi
2776 4083 2829 4135 in
2849 4081 3014 4135 Deum
3031 4082 3248 4149 affectus
3278 4079 3623 4147 transferunt.

2061 4175 2400 4245 Quapropter
2430 4174 2482 4228 id
2507 4174 2783 4230 existimat
2807 4170 3190 4241 apudhomincs
3208 4171 3416 4238 quidem
3434 4171 3626 4224 habere

379 4254 524 4320 τοῖς,
555 4257 993 4325 ἀπομάττεσθαι
1040 4261 1107 4315 τὸ
1148 4262 1439 4331 σφέτερον
1490 4266 1677 4332 πάθος
1720 4271 1807 4334 εὶς
1850 4270 1957 4322 τὸν

2065 4265 2257 4331 locum,
2291 4265 2592 4317 servientem
2627 4262 2854 4329 cuipiam
2884 4258 3022 4313 male
3048 4276 3101 4313 se
3134 4258 3293 4311 alteri
3321 4258 3375 4309 in
3403 4255 3640 4310 seraitu-.

380 4347 547 4400 Θεόν.
605 4348 694 4401 Διὸ
740 4350 832 4402 καὶ
869 4350 965 4403 ἐπὶ
1007 4351 1123 4421 μὲν
1167 4354 1490 4423 ἀνθρώπων
1547 4357 1744 4425 χώραν
1790 4360 1954 4430 ἔχειν

377 4438 570 4504 οἴεται,
616 4439 725 4493 τὸν
753 4440 1122 4498 δουλεύοντά
1160 4462 1275 4498 τινι
1314 4446 1401 4516 μὴ
1446 4448 1522 4502 ἂν
1554 4452 1817 4519 εὐλόγως
1842 4452 1953 4526 (l2)

378 4534 475 4588 καὶ
525 4534 693 4598 ἄλλῳ
737 4534 1046 4590 δουλεύειν
1076 4536 1381 4606 ἀνθρώπῳ,
1427 4540 1507 4607 ὡς
1532 4542 1955 4613 ,βλαπτομένου

375 4627 483 4681 τοῦ
509 4626 708 4696 ἐτέρου
739 4627 857 4683 ἀπὸ
885 4626 992 4696 τῆς
1020 4631 1307 4699 διαφόρου
1338 4631 1638 4700 δουλείας·
1667 4635 1821 4705 μηδὲ
1848 4637 1958 4691 τὸν

374 4720 689 4789 φθάσαντα
733 4720 1219 4790 συνομωμοκέναι
1264 4724 1380 4778 τινὶ
1433 4728 1799 4795 συνομνύειν
1849 4730 1947 4784 καὶ

375 4812 566 4880 ἐτέρῳο
582 4814 661 4879 ὠς
671 4813 1023 4878 βλάπτοντα
1041 4816 1223 4885 λόγον
1239 4815 1401 4885 ἔχειν
1416 4816 1482 4871 τὸ
1514 4818 1825 4875 δουλεύειν
1838 4823 1947 4893 (15)

378 4901 497 4966 ἅμα
520 4903 821 4973 διαφόροις
844 4906 1029 4974 ἣρωσι
1052 4908 1149 4961 καὶ
1182 4908 1305 4975 τοῖς
1332 4912 1618 4979 τοιούτοις
1645 4912 1941 4983 δαίμοσιν.

390 4994 520 5048 Ἐπὶ
548 4995 615 5048 δὲ
647 4997 813 5061 Θεοῦ,
840 4998 987 5065 πρὸς
1014 4999 1085 5052 ὂν
1108 5000 1245 5054 οὔτε
1267 5001 1467 5071 βλάϐη
1497 5020 1584 5069 τις
1620 5004 1755 5059 οὔτε
1780 5008 1943 5074 λύπη

376 5086 541 5157 φανῇ
557 5087 686 5159 (14),
707 5087 929 5159 ἄλογον
952 5091 1167 5162 νομίζει
1207 5094 1270 5147 τὸ
1310 5094 1714 5163 φυλάττεσθαι
1732 5098 1943 5167 ὁμοίως

478 5202 527 5233 ⁷³
554 5200 595 5255 ll
624 5200 754 5256 Cor.
785 5217 837 5268 v,
865 5202 954 5257 20.
1030 5206 1072 5236 ⁷⁸
1102 5206 1241 5261 Psal.
1277 5223 1434 5275 χχιιι,
1465 5210 1520 5264 8.

2059 4366 2162 4410 tem
2188 4358 2336 4421 dare,
2374 4367 2650 4425 propterea
2683 4354 2825 4424 quod
2858 4368 2923 4406 ea:
2953 4351 3155 4405 diversa
3185 4351 3429 4405 servitute
3458 4348 3628 4402 detri-

2059 4458 2289 4503 mentum
2319 4448 2453 4501 alter
2474 4449 2748 4516 patiatur;
2785 4443 3002 4513 proinde
3018 4444 3106 4513 qui
3145 4459 3198 4496 se
3224 4442 3386 4496 alicui
3420 4441 3624 4513 obliga-

2060 4543 2150 4606 rit,
2199 4540 2337 4595 hunc
2384 4541 2536 4596 alteri
2578 4555 2680 4591 non
2715 4537 2897 4590 debere
2921 4551 2975 4588 se
3003 4533 3268 4604 obligare;
3310 4536 3485 4604 sicque
3515 4550 3622 4589 non

2056 4649 2206 4701 posse
2238 4632 2452 4699 diversis
2479 4632 2719 4687 heroibus
2740 4640 2788 4682 et
2834 4627 3094 4696 ejusmodi
3121 4626 3444 4681 dwmonibus
3463 4625 3622 4679 simul

2056 4725 2268 4789 serviri,
2302 4727 2427 4796 quin
2457 4725 2647 4778 horum
2690 4721 2934 4777 alterutri
2962 4720 3056 4789 ﬁat
3090 4719 3315 4789 injuria.
3345 4717 3450 4773 Sed
3479 4717 3620 4789 quod

2054 4826 2253 4889 spectat
2289 4820 2358 4873 ad
2390 4819 2578 4884 Deum,
2606 4818 2659 4871 in
2680 4833 2829 4888 quem
2848 4815 3162 4883 necjactura
3202 4812 3311 4866 ulla
3367 4829 3457 4868 nec
3505 4827 3620 4863 mo-

2054 4915 2211 4968 lestia
2262 4914 2425 4978 cadit,
2460 4913 2749 4968 absurdum
2779 4910 2985 4979 judicat
3019 4909 3199 4963 eadem
3229 4909 3472 4961 cautione
3501 4906 3629 4975 plu-7

2055 5010 2190 5060 rium
2243 5009 2458 5061 deorum
2518 5008 2715 5063 cultum
2760 5010 2969 5081 fugere,
3023 5027 3083 5063 ac
3136 5010 3181 5063 si
3230 5022 3346 5060 cum
3387 5003 3615 5057 homini-

2056 5100 2168 5164 bus,
2219 5100 2481 5167 heroibus,
2543 5112 2589 5155 et
2645 5102 2904 5172 ejusmodi
2950 5100 3298 5165 daemonibus,
3352 5103 3613 5165 ageretur.

444 5318 521 5399 (9)
568 5320 885 5399 Παρέσται.
959 5323 1179 5399 ΜειΙΙειιι
1218 5324 1443 5378 Cuictus
1496 5335 1550 5379 et
1598 5325 1937 5399 ‘Bobercllus,

2122 5327 2231 5399 (ίῖ)
2261 5328 2530 5384 Hmschel.
2562 5338 2617 5384 et
2655 5329 2914 5399 Spcncer.
2970 5329 3127 5395 male,
3167 5328 3241 5398 μὴ
3289 5324 3615 5399 avenam.

444 5318 521 5429 (92
568 5320 885 5389 Παρέσται.
959 5323 1172 5377 Mallent
1218 5324 1443 5378 Cuietus
1496 5335 1550 5379 et
1604 5325 1937 5390 Bobercllus,

374 5406 651 5463 παρεστω,
702 5391 803 5445 nisi
855 5393 991 5447 forte
1040 5396 1109 5447 sit
1156 5393 1392 5446 futurum
1442 5410 1537 5464 pro
1597 5395 1937 5463 imperativo,

374 5477 524 5514 more
558 5460 925 5514 Hebraeorum.

373 5477 524 5515 more
558 5463 925 5516 Hebraeorum.
1447 5463 1452 5464 “

375 5601 400 5612 _
425 5531 852 5612 _tl.0)~Hmschel.
886 5543 937 5586 et
971 5533 1259 5612 Ειρςξιιοςεικ,⁵
1309 5534 1747 5612 παρακαλοῦντος
1791 5536 1939 5606 ἡμᾶς

371 5601 439 5686 δι’
475 5601 676 5686 ήμῴνη.
707 5602 802 5656 sed
857 5618 885 5657 a
928 5604 1085 5657 codd.
1132 5601 1297 5673 Regio
1346 5601 1402 5658 et
1451 5604 1743 5658 Basileensi
1794 5601 1940 5658 recte

375 5674 529 5727 abest
563 5673 729 5742 ἡμᾶς.

392 5740 559 5823 ’,(11)
604 5742 1133 5823 ’ῥιζοτειχιζόντιιν
1156 5742 1356 5823 “Forte
1387 5743 1667 5816 legendum
1719 5745 1942 5815 ἀποσχι-

385 5808 605 5873 ζόντων.
649 5813 779 5870 Vide
809 5808 950 5869 iit—ira
984 5831 1129 5870 num.
1152 5814 1205 5870 5.

2048 5394 2183 5480 bene
2212 5410 2389 5453 autem
2421 5401 2588 5453 codex
2624 5394 2951 5469 Att-glicanus
2977 5394 3269 5461 secundus,
3315 5397 3390 5466 μὴ
3428 5394 3493 5447 ἂν
3522 5394 3616 5447 εύ-

2048 5470 2240 5606 Λόῖῗῗῖ).
2276 5539 2546 5608 Ηωεοᾼίιθι.
2583 5551 2637 5596 et.
2684 5541 2964 5608 Spencer..
3016 5535 3077 5608 τὸ
3115 5535 3187 5606 μὴ
3227 5533 3517 5608 δουλεύειν,
3561 5541 3621 5589 at

2049 5621 2195 5665 reete
2223 5611 2390 5665 codex
2420 5606 2661 5664 Julianus
2686 5606 2871 5662 oinisit
2900 5607 3222 5676 particulam
3254 5607 3352 5676 μή.

2120 5658 2921 5747 illigari-ﬁ:"Scribendutnt
2950 5658 3352 5732 rccteividc‘tu'r
3399 5676 3635 5747 Guietoﬁ
3727 5658 3730 5662 ’

2049 5751 2246 5824 φθάνῃ.
