3972 6160
345 326 480 382 1525

1825 303 2142 365 ORlGENIS

3434 282 3574 339 ιδει

340 446 429 498 Ait
461 451 721 512 pratcrea
767 457 920 506 eum,
969 440 1061 508 qui
1104 436 1278 506 plures
1317 437 1444 491 deos
1478 432 1624 497 colit,
1667 432 1762 485 hoc
1794 433 1891 499 ipsi

2012 426 2133 491 τοῖς
2165 421 2296 492 περὶ
2321 417 2661 489 ἀνθρώπων,
2684 413 2781 469 καὶ
2806 410 3031 480 ἡρώων,
3060 408 3157 462 καὶ
3184 405 3425 460 τοιῶνδε
3452 405 3577 460 δαι-

339 498 476 604 quid
510 536 736 589 momina
766 498 1030 595 acceptum
1063 498 1275 599 facere,
1316 528 1455 599 quod
1502 540 1665 579 unum
1706 498 1891 593 aliquit:

2002 520 2204 588 μόνων
2246 514 2591 582 θεραπεύειν
2634 506 2808 573 θεοὺς
2854 503 3155 567 πλείονας.
3196 499 3332 567 Φησὶ
3372 498 3430 551 δέ
3481 498 3577 553 καὶ

339 642 558 688 eorum,
603 639 720 692 qua:
759 622 828 675 ad
873 619 1022 676 illum
1064 621 1361 686 pertinent,
1405 616 1562 671 colat.
1614 615 1779 671 Addit
1819 631 1907 668 ne-

340 717 422 785 fas
454 730 564 769 esse
596 713 792 767 cultum
823 712 984 766 alicui
1028 710 1252 781 deferre,
1289 709 1374 762 cui
1413 705 1557 762 istud
1598 722 1631 760 a
1663 704 1777 759 Deo
1809 706 1907 756 da-

339 824 449 862 tum
488 824 592 861 non
614 816 710 861 est.
746 803 1099 875 Quapropter,
1127 802 1318 871 inquit,
1351 800 1528 855 cultus
1552 799 1787 853 omnibus
1817 798 1907 851 de-

338 900 481 953 latus
510 899 598 966 qui
620 897 689 950 ad
720 895 885 950 Deum
912 896 1196 964 pertinent,
1233 893 1317 947 illi
1350 909 1454 946 non
1482 890 1746 960 displicet,
1774 890 1898 958 quia

340 1006 517 1044 omnes
551 989 697 1043 illius
730 997 875 1041 sunt.

410 1164 465 1218 3.
500 1163 800 1233 Antequam
830 1164 895 1218 ad
931 1161 1210 1233 sequentia
1258 1177 1574 1235 pergamus,
1608 1160 1896 1216 videndum

338 1270 518 1310 annon
543 1255 665 1325 jure
689 1256 1054 1324 approbemus
1099 1256 1202 1309 hoc
1233 1254 1453 1309 eﬂ‘atum
1495 1271 1510 1308 :
1539 1252 1709 1307 Nemo
1735 1260 1902 1320 potest

336 1348 542 1401 duobus
571 1348 796 1400 dominis
818 1346 1047 1411 servire;
1078 1346 1162 1399 cui
1195 1337 1542 1417 subiungitur
1580 1360 1595 1396 :
1623 1343 1728 1397 Aut
1764 1344 1902 1396 enim

336 1454 501 1492 unum
530 1438 651 1492 odio
681 1438 887 1492 habebit
929 1449 977 1491 et
1012 1439 1235 1493 alterum
1269 1428 1473 1510 diliget,
1503 1448 1594 1492 aut
1629 1454 1789 1491 unum
1819 1453 1903 1489 su-

336 1526 540 1579 stinebit
559 1534 605 1579 et
637 1526 862 1579 alterum
902 1537 1213 1580 contemnet.
1248 1526 1312 1582 Et
1349 1544 1509 1583 mox:
1546 1526 1669 1582 Non
1686 1526 1899 1596 potestis

336 1616 451 1670 Deo
492 1618 685 1671 servire
731 1628 782 1671 et
826 1633 1139 1671 mammona:
1166 1619 1232 1673 ⁷⁸.
1266 1618 1436 1690 Hujus
1469 1618 1612 1677 ειπειί
1659 1619 1900 1674 defensio

334 1710 570 1777 postulat
601 1718 659 1762 ut
690 1708 743 1762 in
776 1707 937 1763 altam
971 1709 1382 1781 abstrusamque
1409 1712 1476 1766 de
1501 1712 1605 1766 diis
1631 1720 1685 1766 et
1725 1711 1897 1765 domi—

2008 610 2113 663 τὸν
2142 606 2541 675 θεραπεύοντα
2582 600 2753 665 θεοὺς
2797 596 3102 660 πλείονας,
3141 590 3222 657 τῷ
3260 590 3330 645 ἓν
3363 607 3419 643 τι
3456 588 3576 642 τῶν

2006 701 2112 755 τοῦ
2159 698 2425 769 μεγάλου
2483 693 2850 763 θεραπεύειν,
2906 689 3087 758 φίλον
3128 685 3226 739 καὶ
3273 684 3347 738 ἐν
3386 683 3575 749 τούτῳ

2004 794 2212 856 ἐκείνῳ
2266 788 2476 843 ποιεῖν·
2528 787 2622 840 καὶ
2675 781 3047 856 προστίθησιν,
3080 778 3169 831 ὅτι
3213 775 3337 831 οὐδ’
3373 774 3574 839 ἔξεστι

2004 882 2283 954 τιμᾶσθαί
2326 884 2441 934 τινι
2489 876 2536 943 ᾧ
2573 876 2659 947 μὴ
2704 874 2773 939 ἐξ
2821 873 3055 927 ἐκείνου
3095 869 3269 923 τοῦτο
3316 866 3572 921 δέδοται.

2004 978 2157 1030 Διότι
2200 972 2383 1042 τιμῶν
2442 988 2532 1037 τις
2577 968 2674 1023 καὶ
2720 966 2932 1027 σέϐων,
2975 962 3127 1033 φησὶ,
3164 959 3305 1026 τοὺς
3339 958 3574 1012 ἐκείνου

2003 1066 2254 1129 πάντας,
2283 1066 2354 1117 οὐ
2387 1060 2572 1116 λυπεῖ
2592 1060 2700 1114 τὸν
2732 1058 2897 1122 Θεὸν,
2932 1051 3003 1112 οὗ
3040 1053 3256 1118 πάντες
3284 1053 3466 1105 εἰσίν.

2074 1159 2300 1229 Ἰδωμεν
2327 1156 2392 1227 δὴ
2426 1155 2532 1226 πρὸ
2558 1153 2667 1207 τῶν
2693 1151 2836 1220 ἑξῆς,
2869 1152 2916 1204 εί
2942 1148 3016 1220 μὴ
3048 1147 3279 1216 εὐλόγως
3313 1143 3571 1215 ἀποδεχό-

2005 1252 2143 1324 μεθα
2160 1252 2278 1323 τὴν,
2320 1248 2528 1313 Οὐδείς
2547 1247 2791 1300 δύναται
2814 1241 2953 1296 δυσί
2984 1240 3208 1307 κυρίοις
3231 1236 3565 1299 δουλεύειν,

2001 1344 2185 1415 φωνήν
2195 1378 2210 1405 ,
2302 1340 2618 1410 ἐπιφέρεται
2648 1339 2737 1403 τὸ,
2769 1337 2849 1389 Ἦ
2881 1333 2989 1403 γὰρ
3020 1331 3125 1385 τὸν
3161 1329 3268 1384 ἕνα
3299 1328 3571 1398 μισήσει,

2000 1433 2098 1487 καὶ
2144 1432 2250 1486 τὸν
2291 1431 2495 1498 ἕτερον
2525 1426 2835 1499 ἀγαπήσει·
2869 1424 2907 1492 ἢ
2944 1422 3081 1488 ἐνὸς
3112 1419 3439 1483 ἀνθέξεται,
3470 1417 3572 1471 καὶ

1999 1526 2104 1580 τοῦ
2143 1524 2348 1592 ἐτέρου
2382 1519 2838 1589 καταφρονήσει.
2890 1516 2999 1570 Καὶ
3043 1513 3170 1583 ἑξῆς
3200 1511 3346 1582 αὐτῷ
3375 1512 3457 1574 τὸ,
3484 1513 3568 1564 Οὐ

1998 1618 2259 1673 δύνασθε
2288 1613 2408 1679 Θεῷ
2445 1612 2758 1667 δουλεύειν
2799 1607 2897 1661 καὶ
2937 1602 3247 1676 μαμμωνᾷ.
3302 1602 3470 1662 Καλεῖ
3517 1601 3571 1654 δ’

1997 1710 2145 1780 ἡμᾶς
2176 1710 2208 1778 ἡ
2239 1704 2500 1774 ἀπολογία
2529 1704 2606 1766 εἰς
2637 1698 2928 1773 βαθύτερόν
2973 1713 3095 1751 τινα
3134 1695 3229 1748 καὶ
3262 1693 3573 1765 ἀπόρρητον

335 1801 420 1854 nis
471 1801 824 1881 quaestionem
864 1811 1246 1870 .penetremus.
1303 1803 1469 1858 Docet
1517 1806 1658 1858 enim
1711 1803 1891 1857 divina

1996 1798 2122 1869 napi.
2148 1797 2283 1851 θεῶν
2313 1797 2407 1850 καὶ
2449 1793 2652 1865 κυρίων
2683 1792 2858 1858 λόγον.
2899 1788 3212 1841 Ἐπίσταται
3255 1786 3362 1856 γὰρ
3390 1786 3423 1855 ή
3449 1782 3570 1837 θεία

335 1890 613 1959 Scriptura
662 1908 909 1961 maguum
966 1910 1085 1951 esse
1145 1894 1429 1949 Dominum
1487 1910 1598 1964 pra:
1657 1893 1897 1947 omnibus

332 1983 437 2035 diis
460 1983 544 2035 7°:
574 1982 627 2036 in
659 1984 853 2051 quibus
877 1985 1006 2041 deos
1035 2002 1139 2041 non
1167 1986 1519 2057 intelligimus
1548 1986 1688 2052 illos,
1719 1986 1809 2057 qui
1844 1986 1897 2041 in

334 2072 589 2141 gentibus
647 2074 943 2130 adorantur
996 2078 1267 2148 (novimus
1305 2093 1542 2146 namque
1570 2094 1743 2132 omnes
1772 2078 1897 2133 deos

330 2167 563 2236 gentium
612 2180 735 2220 esse
789 2166 1210 2240 daemonia");
1260 2170 1353 2225 sed
1398 2170 1548 2235 deos,
1582 2171 1645 2226 de
1669 2185 1895 2240 quorum
1959 2221 1963 2224 ,

330 2273 604 2327 synagoga
642 2258 971 2327 propbeticae
1002 2260 1196 2315 litterae
1224 2259 1430 2316 faciunt
1461 2262 1815 2327 mentionem,
1841 2272 1898 2317 et

332 2363 608 2402 summum.
627 2346 820 2415 Deum,
848 2352 937 2420 qui
959 2350 1076 2407 illos
1098 2351 1447 2421 dijudicat,et
1469 2368 1653 2407 eorum
1681 2354 1895 2409 unicui-

333 2454 437 2508 que
465 2454 662 2493 munus
690 2442 967 2510 proprium
1012 2444 1273 2512 assignat.
1316 2443 1446 2498 Nam
1479 2445 1618 2499 Deus
1651 2446 1793 2500 stetit
1838 2447 1893 2500 in

330 2543 600 2598 synagoga
631 2533 872 2596 deorum,
932 2532 988 2585 in
1037 2534 1209 2588 medio
1246 2545 1420 2588 autem
1458 2536 1584 2589 deos
1629 2535 1895 2606 dijudica-

332 2621 404 2673 bit
428 2620 494 2676 ⁷⁸.
525 2620 665 2676 Deus
691 2625 831 2678 enim
867 2634 953 2678 est
983 2625 1198 2680 deorum
1254 2625 1506 2681 Dominus
1553 2628 1645 2698 qui
1676 2643 1771 2698 per
1803 2627 1894 2683 Fi-

331 2707 686 2767 liutu.vocavit
715 2725 910 2768 terram
937 2732 969 2767 a
992 2714 1119 2770 solis
1152 2726 1271 2770 ortu
1290 2734 1449 2787 usque
1471 2719 1538 2772 ad
1570 2735 1811 2773 occasum
1825 2720 1891 2776 7’.

328 2799 590 2858 Jubemur
618 2807 787 2861 etiam
819 2805 929 2862 Deo
958 2809 1178 2862 deorum
1220 2810 1460 2879 conﬁteri
1487 2811 1533 2843 ⁸⁰
1564 2831 1577 2865 :
1609 2813 1894 2868 didicimus

330 2904 586 2959 praeterea
604 2894 769 2950 Deum
793 2914 894 2950 non
920 2914 1031 2952 esse
1055 2907 1402 2967 mortuorum,
1419 2901 1508 2954 sed
1533 2901 1890 2955 viventium“.

328 2983 516 3054 Neque
555 2985 669 3043 haec
710 2989 823 3043 sola
869 3001 997 3044 sunt
1034 2990 1088 3045 in
1125 2990 1264 3047 banc
1304 3006 1416 3046 rem
1451 2992 1589 3059 loca,
1637 3002 1892 3049 sexcenta

329 3074 434 3130 alia
463 3076 654 3132 referri
683 3091 920 3147 possent.

396 3167 451 3222 4.
483 3168 690 3229 Similia
716 3173 781 3224 de
807 3170 1034 3228 Domino
1065 3172 1406 3228 dominorum
1434 3174 1710 3246 inquirere
1732 3174 1894 3249 746

327 3270 384 3315 et.
429 3274 623 3331 sapere
672 3275 767 3316 nos
800 3262 998 3318 docent
1046 3264 1240 3319 divinae
1289 3266 1504 3321 litterae.
1553 3265 1707 3321 Nunc
1745 3270 1890 3323 enim

326 3359 478 3411 aiunt
502 3372 515 3408 :
540 3354 872 3426 Conﬁlemini
899 3359 1004 3412 Deo
1027 3359 1266 3423 deorum,
1285 3361 1536 3431 quoniam
1558 3361 1613 3415 in
1639 3363 1891 3417 saeculum

325 3449 690 3503 misericordia
723 3449 871 3518 ejus;
908 3451 1225 3511 conﬁtemini
1261 3451 1485 3506 Domino
1512 3452 1845 3508 dominorum
1870 3495 1888 3521 ,

325 3544 573 3609 quoniam
598 3543 649 3595 in
676 3543 929 3596 sa'culum
957 3544 1317 3597 misericordia
1335 3544 1448 3612 ejus
1463 3544 1508 3576 ⁸²
1526 3562 1539 3610 ;
1558 3561 1700 3601 nunc
1726 3561 1887 3602 vero:

325 3631 422 3686 Est
464 3634 606 3688 Deus
644 3633 757 3689 Rex
795 3651 973 3704 regum
1016 3646 1063 3689 et
1111 3635 1363 3690 Dominus
1407 3638 1795 3692 dominantium
1819 3638 1888 3691 ⁸³.

325 3723 488 3778 Novit
522 3726 685 3779 etiam
719 3725 1003 3795 Scriptura
1043 3728 1171 3782 deos
1216 3728 1306 3798 qui
1342 3728 1476 3784 tales
1516 3739 1642 3786 sunt
1668 3731 1887 3786 nomine

326 3826 506 3881 tenus,
537 3827 593 3871 et
613 3818 743 3872 deos
767 3820 859 3886 qui
890 3833 1079 3873 revera
1102 3830 1246 3883 sunt,
1274 3820 1387 3877 sive
1418 3837 1609 3877 nomen
1634 3824 1887 3889 habeant,

323 3908 441 3964 sive
472 3923 598 3962 non.
629 3908 772 3963 Idem
805 3912 871 3965 de
894 3911 1128 3966 dominis
1155 3914 1247 3981 qui
1276 3922 1400 3967 sunt
1429 3922 1483 3969 et
1514 3916 1606 3984 qui
1636 3932 1739 3971 non
1765 3926 1890 3971 sunt

322 3996 519 4052 Paulus
550 3999 626 4051 ait
647 4019 679 4054 σε
719 3998 835 4054 Etsi
858 4004 1089 4070 suntqui
1121 4002 1367 4056 dicantur
1389 4004 1488 4068 dii,
1522 4006 1629 4060 sive
1658 4008 1714 4061 in
1737 4006 1884 4073 coelo,

318 4092 425 4145 sive
472 4093 527 4144 in
572 4101 735 4157 terra,
768 4104 824 4147 ut
851 4106 972 4149 sunt
1014 4095 1090 4148 dii
1137 4095 1291 4150 multi
1331 4106 1379 4151 et
1421 4098 1622 4153 domini
1650 4100 1882 4156 multi“.

319 4182 523 4239 Deinde
551 4184 802 4252 quoniam
826 4186 967 4242 Dens
995 4187 1221 4244 deorum
1253 4203 1348 4257 per
1374 4188 1556 4246 Jesum
1586 4195 1654 4250 ab
1676 4195 1887 4251 oriente

318 4283 370 4328 et
402 4289 600 4330 occasu
626 4284 783 4332 vocat
804 4292 941 4347 quos
974 4279 1085 4332 vult
1114 4282 1181 4335 ad
1213 4298 1366 4339 suam
1398 4285 1769 4340 hmreditatem
1792 4326 1807 4353 ,
1832 4296 1887 4341 et

317 4362 572 4419 Christus
605 4365 845 4438 Dei,.qui
877 4377 962 4424 est
988 4369 1270 4440 Dominus,
1309 4375 1432 4431 inde
1458 4390 1517 4431 se
1549 4377 1743 4445 probat
1768 4393 1885 4431 om-

1998 1890 2187 1963 Γραφὴ
2214 1888 2323 1942 τὸν
2347 1886 2538 1958 μέγαν
2562 1880 2700 1937 εἷναι
2723 1884 2941 1951 Κύριον
2976 1878 3135 1949 παρὰ
3160 1878 3391 1943 πάντας
3427 1875 3573 1942 τοὺς

1997 1984 2186 2048 θεούςο
2218 1983 2275 2034 ἐν
2307 1976 2387 2042 οἷς
2430 1977 2584 2041 θεοὺς
2614 1977 2674 2029 οὐ
2697 1975 2821 2038 τοὺς
2841 1971 3342 2045 προσκυνουμένους
3370 1971 3428 2023 ἐν
3451 1971 3570 2033 τοῖς

1996 2070 2200 2126 ἔθνεσιν
2251 2068 2598 2139 ἐξακούομεν,
2651 2066 2746 2120 ἆτε
2787 2063 3068 2134 μαθόντες,
3115 2064 3197 2116 ὅτι
3244 2061 3464 2128 πάντες
3508 2064 3566 2115 οὶ

1997 2164 2115 2218 θεοὶ
2142 2163 2261 2217 τῶν
2292 2160 2479 2216 ἐθνῶν
2508 2159 2799 2229 δαιμόνια’
2836 2157 2972 2211 ἀλλὰ
3009 2156 3182 2220 θεοὺς,
3215 2148 3290 2209 ὧν
3318 2151 3425 2209 οἶδέ
3444 2172 3569 2208 τινα

1995 2255 2356 2326 συναγωγὴν
2386 2257 2415 2308 ό
2458 2251 2791 2325 προφητικδς
2823 2250 2995 2319 λόγος,
3039 2252 3132 2305 καὶ
3170 2248 3262 2304 τὸν
3303 2249 3396 2302 ἐπὶ
3432 2250 3567 2303 πᾶσι

1995 2348 2126 2401 Θεὸν
2152 2347 2372 2412 τούτους
2391 2344 2788 2414 διακρίνοντα,
2806 2344 2900 2397 καὶ
2916 2343 3329 2414 διατασσόμενον
3352 2342 3566 2412 ἑκάστῳ

1993 2442 2053 2494 τὸ
2084 2444 2279 2495 οἰκεῖον
2316 2439 2463 2512 αὐτῷ
2499 2439 2675 2511 ἔργον.
2717 2438 2779 2491 '0
2816 2436 2952 2503 Θεὸς
2980 2437 3088 2509 γὰρ
3115 2436 3265 2505 ἔστη
3288 2436 3359 2490 ἐν
3379 2450 3569 2489 συνα-

1994 2532 2153 2604 γωγῇ
2179 2533 2348 2596 θεῶν,
2374 2532 2445 2586 ἐν
2475 2533 2642 2602 μέσῳ
2674 2532 2742 2586 δὲ
2775 2531 2946 2597 θεοὺς
2986 2529 3284 2598 διακρινεῖ.
3320 2528 3429 2581 Καὶ
3454 2526 3566 2598 γάρ

1994 2628 2108 2679 ἐστι
2125 2624 2267 2690 Θεὸς
2292 2622 2440 2678 θεῶν
2456 2625 2686 2692 Κύριος,
2715 2623 2772 2686 ὃς
2792 2621 2881 2676 διὰ
2900 2620 2992 2675 τοῦ
3014 2619 3141 2674 Υίοῦ
3170 2618 3423 2673 ἐκάλεσε
3448 2616 3571 2684 τὴν

1994 2715 2068 2786 γῆ
2075 2735 2110 2770 ν
2124 2716 2242 2772 ἀπὸ
2258 2714 2567 2770 ἀνατολῶν
2582 2716 2759 2784 ἡλίου
2773 2715 2882 2781 ἕως
2895 2711 3157 2782 δυσμῶν.
3175 2712 3283 2765 Καὶ
3295 2726 3570 2783 προστασ-

1994 2809 2199 2880 σόμεθα
2217 2806 2699 2879 ἐξομολογεῖσθαι
2721 2805 2800 2872 τῷ
2829 2803 2949 2871 Θεῷ
2973 2804 3088 2859 τῶν
3110 2801 3275 2857 θεῶν’
3307 2802 3569 2873 μαθόντες

1993 2903 2085 2956 καὶ
2116 2903 2199 2967 τὸ,
2240 2902 2302 2954 '0
2352 2898 2494 2967 Θεὸς
2522 2901 2630 2953 οὐκ
2660 2899 2791 2953 ἐστι
2833 2894 3078 2964 νεκρῶν,
3107 2895 3267 2949 ἀλλὰ
3307 2892 3555 2955 ζώντων.

1995 2994 2172 3065 Ἀπερ
2202 2992 2264 3065 δὴ
2289 2992 2506 3062 λέγεται
2526 2991 2585 3044 οὐ
2620 2990 2780 3063 μόνον
2807 2989 2894 3043 διὰ
2923 2986 3030 3043 τῶν
3054 2988 3403 3056 ἐκκειμένων,
3428 2984 3566 3039 ἀλλὰ

1993 3087 2088 3142 καὶ
2112 3087 2179 3141 δι’
2209 3086 2384 3140 ἄλλων
2419 3083 2646 3156 μυρίων.

2063 3178 2299 3233 Τοιαῦτα
2342 3179 2398 3233 δὲ
2452 3178 2543 3231 καὶ
2590 3175 2717 3247 περὶ
2762 3172 2967 3245 Κυρίου
2996 3170 3198 3244 κυρίων
3224 3170 3564 3225 διδάσκουσιν

1992 3273 2137 3343 ἡμᾶς
2165 3270 2435 3338 ἐξετάζειν
2472 3269 2566 3324 καὶ
2595 3268 2809 3338 φρονεῖν
2845 3267 2894 3318 oi.
2926 3263 3058 3317 θεῖοι
3088 3264 3267 3333 Λόγον
3299 3262 3431 3315 ὅπου
3462 3263 3562 3332 μὲν

1991 3362 2254 3431 λέγοντες,
2287 3358 2772 3431 Ἐξομολογεῒσθε
2792 3358 2869 3428 τῷ
2894 3356 3014 3423 Θεῷ
3036 3354 3151 3410 τῶν
3171 3354 3341 3423 θεῶν,
3367 3355 3455 3408 ὅτι
3474 3358 3563 3421 εις

1989 3456 2095 3509 τὸν
2120 3454 2304 3509 αἰῶνα
2326 3453 2394 3508 τὸ
2424 3453 2596 3519 ἕλεος
2622 3451 2824 3509 αὐτοῦ’
2854 3448 3307 3519 ἐξομολογεῖσθε
3346 3445 3422 3513 τῷ
3444 3451 3564 3502 Κυ-

1981 3549 2094 3617 ρίῳ
2120 3547 2238 3601 τῶν
2262 3546 2501 3616 κυρίων,
2521 3544 2608 3599 ὅτι
2629 3547 2716 3612 είς
2736 3544 2843 3598 τὸν
2862 3542 3046 3598 αἰῶνα
3070 3541 3137 3596 τὸ
3162 3544 3332 3608 ἕλεος
3350 3540 3559 3595 αὐτοῦ·

1987 3643 2120 3696 ὅπου
2162 3639 2244 3706 δὲ,
2277 3641 2405 3694 Ὀτι
2442 3636 2612 3692 ἐστὶν
2649 3640 2682 3692 ό
2725 3636 2867 3702 Θεὸς
2903 3634 3202 3701 Βασιλεὺς
3232 3634 3351 3688 τῶν
3374 3634 3561 3697 βασι-

1987 3735 2307 3796 λευόντων,
2338 3730 2436 3784 καὶ
2479 3730 2692 3798 Κύριος
2726 3727 2848 3781 τῶν
2884 3728 3299 3796 κυριευόντων.
3338 3720 3459 3779 Οἶδε
3502 3726 3562 3779 δὲ

1986 3828 2016 3879 ό
2044 3826 2211 3894 Λόγος
2238 3822 2393 3887 θεοὺς
2423 3822 2548 3886 τοὺς
2574 3821 2671 3892 μέν
2699 3836 2849 3885 τινας
2868 3819 3212 3890 λεγομένους,
3241 3819 3366 3882 τοὺς
3386 3817 3443 3870 δέ
3464 3817 3562 3871 καὶ

1985 3916 2165 3983 δντας,
2189 3915 2299 3970 εἴτε
2330 3913 2652 3985 λεγομένους
2679 3913 2788 3966 εἴτε
2816 3913 2909 3984 μὴ’
2943 3912 3002 3965 τὺ
3031 3912 3076 3965 δ’
3115 3912 3251 3965 αὐτὸ
3293 3910 3560 3965 διδάσκων

1987 4008 2082 4062 καὶ
2111 4009 2239 4080 περὶ
2268 4007 2471 4079 κυρίων
2498 4005 2606 4059 τῶν
2647 4004 2813 4058 ὄντων
2838 4005 2931 4058 καὶ
2964 4003 3059 4075 μὴ,
3083 4005 3232 4073 λέγει
3268 4006 3295 4058 ὁ
3323 4002 3553 4068 Παῦλοςο

1986 4099 2094 4153 Καὶ
2118 4099 2229 4168 γὰρ
2260 4099 2425 4166 εἴπερ
2454 4096 2573 4152 εἰσὶ
2599 4098 2908 4167 λεγόμενοι
2935 4095 3077 4159 θεοὶ,
3102 4094 3207 4148 εἴτ’
3228 4095 3298 4148 ἐν
3323 4094 3557 4163 οὐρανῷ

1983 4190 2088 4245 εἴτ’
2116 4190 2213 4243 ἐπὶ
2244 4189 2374 4260 γῆς’
2408 4187 2610 4257 ὥσπερ
2636 4189 2753 4242 eici
2792 4186 2912 4243 θεοὶ
2952 4187 3191 4249 πολλοὶ,
3229 4187 3328 4240 καὶ
3366 4187 3556 4255 κύριοι

1985 4282 2219 4337 πολλοί.
2266 4278 2376 4337 Εἶτ’
2405 4282 2528 4335 ἐπεὶ
2554 4283 2582 4335 ό
2605 4280 2712 4335 τῶν
2743 4280 2878 4334 θεῶν
2902 4280 3031 4345 Θεὸς
3055 4278 3210 4333 καλεῖ
3239 4279 3333 4332 ἀπ’
3363 4279 3556 4331 ἀνατο-

1983 4375 2088 4428 λῶν
2119 4375 2209 4428 uati.
2243 4373 2460 4444 δυσμῶν
2494 4373 2585 4426 ἐπὶ
2622 4372 2719 4444 τὴν
2752 4372 2942 4426 ἑαυτοῦ
2974 4371 3163 4444 μερίδα
3193 4370 3280 4424 διὰ
3302 4370 3392 4423 τοῦ
3446 4372 3555 4442 Ἰη-

314 4454 477 4511 nibus
515 4456 921 4514 dominantibus
950 4473 1236 4530 praestare,
1270 4467 1413 4535 quod
1461 4469 1512 4524 in
1542 4471 1779 4525 omnium
1814 4469 1879 4524 li-

1993 4467 2079 4520 σοῦ
2122 4466 2215 4531 οὒς
2250 4465 2512 4536 βούλεταιδ
2544 4464 2746 4536 Κύριος
2782 4464 2838 4516 δὲ
2863 4463 2937 4517 ὢν
2965 4467 2993 4516 ὀ
3020 4463 3253 4534 Χριστὸς
3290 4460 3383 4516 τοῦ
3416 4462 3551 4516 Θεοῦ

312 4561 410 4602 nes
432 4552 757 4618 pervaserit,
790 4561 845 4605 et
876 4569 941 4608 ex
974 4558 1217 4611 omnium
1256 4558 1453 4617 ﬁnibus
1505 4562 1750 4618 subditos
1779 4561 1879 4617 sibi

311 4640 602 4705 asciveris,
655 4641 860 4698 idcirco
893 4643 1092 4702 Paulus
1139 4660 1264 4718 post
1313 4653 1474 4708 modo
1524 4663 1822 4709 memorata
1860 4672 1877 4710 :

311 4727 417 4785 Sed
448 4732 616 4795 nobis,
649 4733 843 4804 inquit,
893 4752 1030 4791 unus
1063 4737 1205 4793 Deus
1237 4739 1400 4796 Pater
1425 4760 1491 4798 ea:
1535 4761 1636 4816 quo
1678 4747 1873 4812 onmia,

307 4830 355 4869 et
379 4834 513 4873 unus
544 4820 802 4877 Dominus
829 4823 989 4880 Iesus
1023 4826 1260 4884 Christus
1292 4849 1385 4902 per
1409 4850 1558 4903 quem
1587 4838 1794 4904 omnia,
1827 4848 1874 4891 et

309 4924 400 4963 nos
426 4924 517 4977 per
544 4908 715 4977 ipsum
745 4910 812 4965 ⁸⁸.
841 4911 907 4968 Ει
947 4929 1070 4968 cum
1111 4918 1215 4973 hoc
1253 4922 1369 4976 loco
1399 4924 1713 4979 admirabile
1742 4927 1869 4996 quid

305 5011 363 5055 et
391 5013 650 5055 arcanum
690 5005 1047 5075 prospiceret,
1091 5011 1279 5066 addit:
1315 5011 1419 5068 Sed
1455 5031 1561 5070 non
1594 5018 1652 5070 in
1697 5020 1870 5071 omni-

302 5090 399 5145 bus
421 5102 493 5144 est
514 5093 735 5147 scientia
751 5093 817 5149 ⁸⁸.
854 5094 988 5152 Cum
1018 5110 1200 5155 autem
1236 5104 1367 5159 dicit
1393 5121 1407 5157 :
1433 5104 1538 5161 Sed
1564 5109 1711 5162 nobis
1733 5127 1868 5165 unus

301 5181 446 5237 Deus
486 5184 667 5250 Pater,
713 5204 778 5242 ea:
805 5205 909 5258 quo
942 5194 1160 5258 omnia;
1221 5206 1270 5249 et
1320 5214 1457 5251 unus
1491 5198 1746 5257 Dominus
1772 5202 1867 5257 Je-

299 5291 392 5328 s-us
427 5274 665 5332 Christus
689 5296 783 5350 per
811 5298 961 5351 quem
992 5284 1190 5352 omnia,
1230 5286 1332 5343 hac
1360 5303 1494 5345 voce
1522 5292 1671 5347 nobis
1700 5293 1869 5364 signi-

368 5412 632 5512 ἷὶἒίεὲῑιι.
661 5434 736 5512 νβ..
764 5420 912 5512 μ’.
950 5425 996 5457 ⁷⁸
1029 5425 1345 5512 Ρειιιειρνι,
1448 5502 1480 5512 λ
1502 5434 1546 5465 ⁷⁷
1580 5433 1724 5488 Psal.
1768 5451 1887 5498 xcv,
1917 5435 1968 5490 5.

696 5491 735 5573 ft
763 5491 953 5573 _Mat_tb.
1005 5511 1142 5564 ειη,
1187 5499 1276 5555 52.
1335 5491 1414 5534 ’⁸³
1444 5502 1588 5559 Psal.
1624 5520 1820 5572 cxxxv,
1857 5491 1916 5573 ἒ,
1942 5508 1994 5561 5.

295 5498 495 5547 cxxxv,
527 5487 582 5541 2.

300 5567 421 5619 \‘m,
451 5559 503 5609 6.
579 5559 625 5590 ⁸⁸
662 5560 819 5625 lbitl.,
857 5564 908 5617 7.

366 5696 782 5787 ilib’ﬂms'ehel:
810 5716 877 5787 et‘
901 5705 1160 5787 Spencer.
1243 5711 1300 5776 ἐξ
1348 5703 1408 5766 οὗ
1439 5712 1507 5765 τὰ
1537 5716 1713 5768 πάντα
1746 5713 1864 5787 [καὶ

297 5760 459 5837 ἡμεῖς
484 5768 560 5835 είς
588 5769 771 5845 αὐτον]
797 5777 886 5827 καὶ
916 5760 997 5840 εἷς
1022 5760 1335 5853 ΚύριοςίᾸῑ
1357 5760 1418 5841 'ih

1985 4559 2253 4613 δείκνυσιν
2294 4556 2359 4610 δι’
2388 4550 2462 4610 ὧν
2493 4555 2661 4622 ἐπέϐη
2692 4558 2804 4619 τοῖς
2842 4555 3057 4608 πάντων
3088 4557 3255 4626 ὁρίοις
3296 4556 3390 4609 καὶ
3418 4555 3554 4627 πρὸς

1985 4648 2176 4704 ἑαυτὸν
2216 4648 2325 4701 ἀπὺ
2363 4647 2576 4702 πάντων
2620 4645 2781 4719 ὁρίων
2827 4646 3010 4708 καλεῖ,
3052 4646 3134 4699 ὅτι
3170 4645 3286 4699 ἐστὶ
3334 4646 3550 4701 πάντων

1982 4740 2339 4812 κυριευόντων
2369 4737 2653 4811 διαφέρων,
2686 4736 2773 4791 διὰ
2800 4736 2957 4790 τοῦτο
2987 4736 3158 4790 ταῦτα
3192 4738 3549 4807 ἐπιστάμενος

1977 4833 2006 4885 ὁ
2036 4831 2246 4895 Παῦλός
2294 4847 2426 4903 φησι
2468 4829 2588 4901 μεθ’
2624 4828 2660 4884 ἃ
2708 4828 3043 4901 παρεθέμην·
3085 4828 3244 4882 Ἀλλ’
3288 4827 3432 4899 ἡμῖν
3460 4823 3551 4895 εἷς

1979 4926 2123 4990 Θεὸς
2150 4928 2182 4978 ό
2209 4923 2431 4992 Πατὴρ,
2454 4923 2523 4988 ἐξ
2550 4919 2622 4979 οὗ
2649 4922 2718 4977 τὰ
2741 4920 2955 4983 πάντα,
2981 4921 3076 4981 καὶ
3102 4916 3189 4989 εἷς
3204 4923 3415 4990 Κύριος
3433 4920 3545 4993 (15)

1984 5014 2216 5083 Ἰησοῦς
2241 5012 2511 5083 Χριστὸς,
2548 5012 2622 5066 δι’
2657 5008 2729 5068 οὗ
2751 5012 2825 5067 τὰ
2863 5011 3078 5075 πάντα,
3118 5010 3219 5065 καὶ
3268 5010 3437 5081 ἡμεῖς
3471 5008 3548 5063 δι’

1970 5109 2174 5164 αὑτοῦ.
2209 5108 2439 5181 Θεωρῶν
2464 5124 2523 5160 τε
2562 5106 2860 5179 θαυμάσιόν
2900 5123 3020 5160 τινα
3060 5106 3151 5160 καὶ
3201 5103 3547 5177 μυστηριώδη

1969 5202 2126 5270 λόγον
2174 5200 2315 5256 κατὰ
2356 5200 2445 5255 τὸν
2476 5200 2637 5253 τόπον
2682 5198 2929 5270 ἐπιφέρει
2973 5198 3172 5261 αὐτοῖς·
3231 5197 3390 5252 Ἀλλ’
3434 5196 3547 5249 οὐκ

1969 5295 2040 5347 ἐν
2074 5293 2263 5348 πᾶσιν
2283 5295 2323 5363 ἡ
2348 5291 2585 5364 γνῶσις.
2629 5290 2795 5345 Ἐπὰν
2817 5290 2875 5343 δέ
2902 5289 3053 5363 λέγῃ*
3094 5290 3254 5345 Ἀλλ’
3288 5286 3433 5359 ἡμῖν
3457 5282 3546 5353 εἷς

3311 5427 3356 5461 ⁸⁸
3392 5427 3539 5484 Psal.

2701 5433 2747 5466 ⁷ο
2795 5431 2935 5486 Psal.
2982 5446 3123 5492 mx,
3160 5432 3208 5485 i.
3311 5431 3356 5461 ³⁸
3392 5431 3513 5483 Psal

2701 5504 2739 5535 "
2784 5501 2963 5557 lCor.
2999 5518 3114 5557 vm.
3143 5501 3196 5557 5.
3293 5499 3340 5533 ⁸⁵
3368 5492 3515 5557 lCor

2691 5504 2739 5535 ⁸⁸
2784 5502 2805 5556 Ι
2834 5501 2963 5558 Cor.
2999 5518 3114 5569 vm,
3143 5501 3196 5557 5.

2070 5438 2115 5469 ⁷⁸
2157 5437 2301 5490 Psal.
2336 5451 2521 5493 unt.
2551 5436 2605 5490 l.

2093 5509 2140 5540 ⁸³
2166 5509 2185 5561 Ι
2215 5510 2353 5561 Tim.
2390 5524 2460 5573 Vt,
2496 5505 2584 5560 15.

1972 5717 2308 5789 desideratur
2357 5718 2450 5772 καὶ
2492 5722 2653 5789 ἡμεῖς
2698 5694 3007 5784 εἰςίὰύτόν,
3036 5721 3176 5789 quod
3222 5720 3428 5777 idcirco
3477 5717 3539 5780 in

1971 5788 2244 5865 prioribus
2271 5788 2593 5846 editionibus
2622 5792 2751 5847 unci
2777 5788 3085 5849 includunt.
