3972 6160
441 311 464 367 ί
478 313 581 370 525

1694 317 1970 375 CONTRA
2008 321 2281 379 CELSUM
2315 323 2442 379 LIB.
2481 323 2613 380 Vill.

3538 327 3670 381 1526

439 435 584 501 Θεὸς
612 437 645 488 ό
675 435 897 504 Πατὴρ,
944 435 1013 501 ἐξ
1055 430 1127 493 οὗ
1177 437 1273 492 re?
1295 437 1507 492 πάντα·
1550 439 1644 494 καὶ
1683 436 1772 509 εἷς
1799 444 1970 512 Κύριε

2073 482 2086 510 ,
2115 446 2238 501 licat
2262 460 2320 502 se
2348 455 2403 502 et
2431 461 2620 502 omnes
2643 445 2733 516 qui
2764 447 2830 500 ad
2872 459 3140 501 summum
3167 445 3389 499 deorum
3423 444 3588 499 Deum
3613 457 3669 501 ct

447 525 684 590 Ἰησοῦς
717 525 987 592 Χριστὸς,
1030 525 1102 578 δι’
1129 521 1201 582 οὗ
1242 527 1314 582 τὰ
1345 527 1556 583 πάνταο
1605 531 1665 583 τὸ
1687 531 1830 602 ἡμῖν
1861 533 1970 603 λέγε

2113 538 2180 594 ad
2228 553 2494 594 summum
2525 537 2866 593 dominorum
2897 535 3175 589 Dominum
3210 536 3505 589 enituntur.
3540 533 3662 591 Jam

435 615 520 684 ἐφ’
551 615 741 670 ἑαυτοῦ
781 620 873 670 καὶ
912 617 1126 673 πάντων
1157 619 1265 674 τῶν
1298 621 1710 693 ἀναϐεϐηκότων
1743 625 1880 696 πρὸς
1913 627 2005 680 τὸν

431 708 525 761 ἐπὶ
551 711 682 762 πᾶσι
711 709 840 763 Θεὸν
881 709 988 764 τῶν
1017 711 1174 775 θεῶν,
1205 713 1300 766 καὶ
1329 714 1463 784 πρὸς
1493 715 1580 770 τὸν
1611 717 1701 768 ἐπὶ
1730 719 1861 770 πᾶσι
1893 717 2006 772 Κύ-

435 815 546 870 ριον
585 800 693 853 τῶν
719 801 937 872 κυρίων.
989 803 1318 874 Ἀναὸέϐηκε
1351 804 1407 858 δὲ
1439 805 1576 877 πρὸς
1604 807 1696 860 τὸν
1742 810 1832 861 ἐπὶ
1868 811 2000 862 πᾶσι

429 888 562 943 Θεὸν
591 893 618 944 ό
651 891 919 963 ἀσχίστως
959 895 1050 948 καὶ
1082 895 1401 967 ἀδιαιρέτως
1429 898 1522 951 καὶ
1561 899 1869 969 ἀμερίστως
1899 900 1998 954 αύ-

429 983 520 1035 τὺν
553 984 721 1038 σέϐων
752 985 838 1038 διὰ
880 986 971 1039 τοῦ
1015 987 1175 1058 μόνου
1213 988 1579 1058 προσάγοντος
1615 990 1807 1062 ἐκείνῳ
1844 992 1994 1058 Υἱοῦ,

429 1076 520 1128 τοῦ
553 1076 683 1130 Θεοῦ
727 1077 899 1147 Λόγου
932 1080 1024 1133 καὶ
1052 1080 1239 1148 σοφίας
1271 1082 1328 1133 ὲν
1357 1080 1434 1152 τῷ
1479 1083 1651 1153 Ἰησοῦ
1694 1084 1997 1156 θεωρουμέ-

426 1185 540 1233 νου,
574 1171 697 1233 τοὺς
729 1173 889 1225 παντὶ
920 1173 1101 1243 τρόπῳ
1132 1174 1500 1244 πειρωμένους
1537 1175 1763 1239 ἑαυτοὺς
1793 1177 1997 1229 οἰκειῶ-

428 1276 516 1312 σαι
546 1261 610 1314 δι’
649 1261 936 1334 ἐξαιρέτων
982 1263 1182 1332 λόγων,
1223 1266 1316 1318 καὶ
1352 1265 1624 1338 πράξεων,
1658 1269 1750 1320 καὶ
1782 1267 1992 1339 διανοη-

427 1350 612 1418 μάτων
654 1352 782 1422 (l6),
827 1353 904 1424 τῷ
930 1351 1024 1406 τοῦ
1078 1355 1277 1418 παντὸς
1309 1356 1625 1430 δημιουργῷ
1663 1357 1800 1430 Θεῷ.
1834 1359 1993 1430 Παρὰ

421 1443 594 1497 ταῦτα
635 1445 678 1498 δ’
728 1443 876 1515 οἶμαι
909 1447 1002 1499 καὶ
1032 1445 1098 1499 τὰ
1131 1447 1339 1510 τούτοις
1385 1449 1738 1521 παραπλήσια
1769 1451 1859 1504 τὸν
1899 1467 1994 1520 με-

420 1536 954 1606 τασχηματιζόμενον
998 1538 1084 1603 εἰς
1127 1536 1383 1606 ἄγγελον
1412 1539 1604 1607 φωτὸς
1634 1540 1866 1611 ἄρχοντα
1897 1540 1990 1593 τοῦ

419 1623 611 1688 αἰῶνος
660 1625 848 1678 τούτου
896 1628 1248 1698 πεποιηκέναι
1287 1628 1367 1694 τό,
1417 1629 1506 1694 Τῷ
1532 1630 1600 1684 δὲ
1645 1631 1844 1686 ἕπεται
1879 1632 1992 1704 (17)

2111 629 2176 684 ad
2209 643 2476 684 summum
2509 627 2675 683 Deum
2705 627 2946 682 ascendit
2976 626 3084 691 ille,
3117 627 3204 694 qui
3236 626 3673 693 inseparabiliter

2109 728 2164 773 et
2191 719 2586 774 indivisibiliter
2607 720 2780 787 ipsum
2809 717 2940 774 colit
2963 732 3058 782 per
3084 715 3278 771 Filium
3308 715 3402 770 Dei
3427 716 3666 771 Verbum

2109 820 2162 865 et
2195 811 2512 879 sapientiam
2554 809 2608 864 in
2635 809 2759 865 Iesu
2789 819 3168 878 conspectum;
3199 807 3287 877 qui
3320 805 3490 862 Filius
3514 806 3663 861 solus

2110 903 2219 957 Deo
2249 901 2503 956 conciliat
2553 901 2860 971 quicunque
2911 897 3084 953 modis
3120 895 3370 952 omnibus
3400 897 3464 950 ad
3493 896 3662 951 Deum

2105 993 2265 1062 hujus
2295 993 2534 1048 universi
2580 993 2916 1050 conditorem
2963 1001 3228 1047 conantur
3256 992 3515 1046 accedere
3547 1004 3663 1043 ser-

2105 1101 2340 1146 monum,
2371 1085 2646 1139 actionum
2677 1095 2730 1138 et
2757 1082 3142 1152 cogitationum
3184 1081 3512 1150 integritate.
3551 1079 3660 1132 Ea-

2101 1190 2318 1249 propter
2353 1180 2526 1248 iisque
2555 1177 2747 1232 similia
2776 1176 3008 1231 arbitror
3049 1189 3076 1227 a
3113 1173 3352 1244 principe
3379 1170 3536 1237 hujus
3561 1187 3662 1226 sate

2100 1269 2230 1330 culi,
2262 1268 2350 1335 qui
2379 1282 2438 1321 se
2471 1271 2525 1320 in
2551 1266 2791 1336 angelum
2825 1266 2953 1320 lucis
2988 1261 3414 1332 transfigurat",
3441 1261 3658 1329 excogi-

2101 1366 2264 1411 tatum
2297 1358 2396 1411 hoc
2439 1357 2604 1411 fuisse
2638 1371 2652 1408 :
2684 1354 2829 1408 Tunc
2879 1365 3167 1424 sequuntur
3211 1352 3426 1404 deorum
3461 1353 3657 1406 da'mo-

2100 1463 2320 1516 numque
2363 1448 2621 1502 exercitus
2672 1447 2727 1500 in
2776 1447 3016 1501 undecim
3054 1445 3265 1498 ordines
3317 1446 3652 1501 distributus.

2101 1538 2203 1594 Ubi
2231 1540 2393 1594 etiam
2426 1540 2568 1594 idem
2621 1538 2687 1594 de
2717 1553 2775 1594 se
2809 1536 3252 1607 philosophisqne
3300 1535 3446 1590 addit
3476 1553 3489 1588 :
3523 1536 3652 1590 Cum

2099 1633 2226 1687 Jove
2263 1649 2380 1694 nos,
2414 1632 2508 1684 alii
2537 1647 2656 1685 vero
2685 1647 2800 1684 cum
2833 1630 2954 1682 aliis
2986 1627 3331 1681 dwmonibus.

416 1721 662 1787 στρατιὰ
695 1722 843 1776 θεῶν
867 1739 928 1776 τε
995 1723 1090 1777 καὶ
1152 1724 1466 1794 δαιμόνων,
1505 1728 1655 1782 κατὰ
1685 1727 1898 1783 ἕνδεκα
1932 1730 2144 1799 μοίρας
2191 1726 2534 1797 τεταγμένηο
2573 1727 2629 1781 ὲν
2660 1721 2740 1790 οἷς
2783 1725 2907 1795 περὶ
2953 1723 3141 1778 ἑαυτοῦ
3176 1723 3269 1776 καὶ
3299 1721 3405 1777 τῶν
3445 1722 3655 1792 φιλοσο-

417 1812 704 1880 φησάντων
732 1814 876 1882 λέγει
905 1813 988 1877 τὸ,
1019 1816 1177 1870 Μετὰ
1211 1818 1328 1885 μὲν
1357 1816 1488 1884 Διὸς
1512 1819 1622 1889 (18)
1666 1819 1857 1889 ἡμεῖς,
1891 1820 2065 1875 ἄλλοι
2099 1820 2166 1873 δὲ
2199 1820 2324 1890 μετ’
2367 1819 2572 1872 ἄλλων
2614 1817 2926 1886 δαιμόνων.

484 1902 700 1958 Πολλῶν
731 1905 907 1959 τοίνυν
952 1907 1258 1978 ’λεγομένων
1387 1909 1552 1963 ὅντων
1592 1910 1747 1978 θεῶν,
1794 1911 1970 1983 ὁμοίω.

2164 1912 2216 1967 5.
2257 1911 2389 1966 Cum
2431 1909 2599 1979 igitur
2637 1907 2784 1962 multi
2825 1906 3037 1961 nomine
3074 1914 3314 1966 tantum,
3356 1903 3504 1958 multi
3563 1921 3651 1960 re-

410 1996 469 2050 δὲ
497 1998 589 2050 καὶ
619 1999 840 2069 κυρίων,
878 1999 1247 2069 ἡμεῖς-πάντα
1280 2001 1608 2071 πράττομεν,
1651 2003 1714 2056 ἵν’
1743 2004 1802 2056 ού
1845 2004 1978 2074 μόνα

409 2088 477 2141 τὰ
524 2089 966 2162 προσκυνούμενα
1019 2089 1094 2154 ὼς
1146 2089 1300 2155 θεοὺς
1347 2093 1496 2164 παρὰ
1553 2097 1662 2158 τοῖς
1725 2095 1816 2148 ἐπὶ
1877 2097 1980 2167 γῆς

408 2176 615 2232 ἔθνεσιν
652 2178 1102 2252 ύπεραναϐῶμεν,
1149 2181 1282 2234 ἀλλὰ
1316 2183 1422 2254 γὰρ
1463 2185 1556 2238 καὶ
1598 2185 1689 2250 οὓς
1723 2204 1883 2255 φασιν
1923 2189 1977 2242 αί

406 2267 618 2340 Γραφαὶ
647 2269 817 2334 θεούςο
853 2273 978 2342 περὶ
1008 2265 1082 2325 ὧν
1113 2272 1262 2326 οὐδὲν
1302 2273 1478 2330 ἴσασιν
1507 2279 1553 2330 οἱ
1590 2275 1726 2341 ξένοι
1759 2277 1865 2331 τῶν
1895 2279 1980 2332 διὰ

404 2360 678 2427 Μωῦσέως
701 2363 794 2416 καὶ
818 2362 910 2416 τοῦ
940 2363 1189 2437 Σωτῆρος
1217 2366 1387 2436 Ἰησοῦ
1413 2368 1568 2438 ἡμῶν
1589 2369 1858 2440 διαθηκῶν
1885 2369 1979 2424 τοῦ

401 2451 558 2517 Θεοῦ,
592 2453 684 2506 καὶ
719 2456 776 2516 ,οἱ
815 2454 1080 2523 ἀλλότριοι
1122 2455 1227 2508 τῶν
1267 2456 1354 2510 διὰ
1392 2458 1595 2513 τούτων
1642 2459 1979 2532 δηλουμένων

401 2543 743 2611 ἐπαγγελιῶν
770 2545 952 2598 αὑτοῦ.
988 2547 1438 2619 Ὑπεραναὸαίνει
1469 2549 1524 2602 δὲ
1551 2549 1648 2621 τὴν
1676 2552 1824 2623 παρὰ
1849 2553 1980 2605 πᾶσι

399 2628 694 2702 δαιμονίοις
736 2633 974 2688 δουλείαν
1004 2635 1033 2688 ὁ
1094 2635 1254 2706 μηδὲν
1301 2637 1457 2708 ἔργον
1503 2637 1794 2708 δαιμονίοις
1831 2639 1980 2708 φίλον

403 2722 604 2776 ποιῶν·
651 2725 746 2778 καὶ
796 2726 1214 2797 ύπεραναϐαίνει
1269 2728 1367 2798 τὴν
1429 2727 1620 2798 μερίδα
1676 2727 1783 2781 τῶν
1832 2727 1981 2800 παρὰ

402 2814 598 2886 Παύλῳ
634 2815 964 2888 ,λεγομένων
1012 2814 1148 2874 εἶναι
1209 2819 1348 2874 θεῶν
1393 2823 1420 2874 ό
1465 2819 1682 2875 σκοπῶν
1741 2821 1850 2874 εἴτε
1906 2822 1982 2886 ὼς

404 2909 622 2972 ἐκεῖνοι,
673 2909 770 2962 εἴθ’
816 2911 1100 2964 όπωσποτὲ
1155 2911 1265 2982 ἔχει
1309 2912 1375 2966 τὰ
1427 2913 1745 2984 πράγματα,
1789 2915 1859 2967 οὐ
1909 2915 1982 2966 τὰ

392 3002 760 3073 βλεπόμενα,
796 3004 956 3058 ἀλλὰ
986 3005 1058 3059 τὰ
1097 3005 1182 3075 μὴ
1205 3006 1555 3074 βλεπόμενα
1572 3021 1586 3036 °
1613 3005 1704 3058 xui.
1730 3003 1870 3076 ὁρῶν
1897 3020 1981 3066 τις

396 3094 516 3147 τίνα
545 3094 744 3167 τρόπον
778 3097 871 3149 καὶ
899 3099 937 3166 ἡ
969 3097 1075 3165 τῆς
1109 3099 1359 3164 κτίσεως
1390 3095 1835 3164 ἀποκαραδοκία
1867 3095 1982 3164 τὴν

395 3186 784 3256 ἀποκάλυψιν
809 3187 926 3242 τῶν
950 3189 1098 3244 υἱῶν
1122 3191 1228 3244 τοῦ
1258 3189 1407 3244 Θεοῦ
1436 3188 1845 3258 ἀπεκδέχεται,
1868 3190 1980 3256 οὐχ

394 3278 640 3344 ἑκοῦσα,
686 3279 845 3333 ἀλλὰ
891 3279 988 3334 διὰ
1031 3281 1137 3334 τὸν
1177 3282 1558 3346 ὑποτάξαντα
1609 3281 1713 3334 ἐπ’
1755 3281 1973 3344 ἐλπίδι,

395 3368 657 3438 εὐφημῶν
688 3369 785 3440 τὴν
829 3371 1022 3435 κτίσιν,
1053 3373 1146 3424 καὶ
1176 3371 1383 3441 βλέπων
1415 3375 1536 3427 τίνα
1571 3373 1771 3444 τρόπον
1804 3372 1972 3426 ἐλευ-

394 3455 788 3525 θερωθήσεται
822 3459 988 3513 πᾶσα
1019 3459 1134 3514 ἀπὸ
1168 3459 1276 3528 τῆς
1301 3460 1581 3525 δουλείας
1601 3459 1707 3527 τῆς
1730 3458 1972 3528 φθορᾶς,

393 3549 494 3603 καὶ
526 3549 961 3616 καταντήσεται
1009 3553 1096 3619 είς
1126 3550 1238 3620 τὴν
1265 3551 1618 3619 ἐλευθερίαν
1653 3551 1760 3618 τῆς
1789 3551 1974 3618 δόξης

391 3637 512 3692 τῶν
539 3639 766 3693 τέκνων
801 3640 905 3695 τοῦ
949 3641 1114 3708 Θεοῦ,
1149 3642 1210 3695 ού
1243 3644 1574 3714 περισπᾶται
1619 3642 1753 3713 πρὸς
1794 3642 1854 3695 τὸ
1896 3642 1973 3713 τῷ

391 3728 512 3799 Θεῷ
541 3731 634 3783 καὶ
659 3730 800 3802 ἄλλῳ
823 3731 927 3784 τινὶ
950 3731 1214 3787 δουλεύειν
1256 3735 1371 3804 μετ’
1395 3731 1577 3797 αὐτοῦ,
1598 3733 1717 3786 οὐδὲ
1747 3733 1880 3804 πρὸς
1913 3735 1973 3788 τὸ

389 3820 512 3873 δυσὶ
541 3822 751 3892 κυρίοις
778 3823 1060 3878 δουλεύειν.
1097 3825 1172 3878 υύ
1195 3826 1431 3889 στάσεως
1453 3821 1546 3881 οὖν
1573 3827 1722 3898 φωνὴ
1747 3828 1842 3880 ἐπὶ
1861 3829 1974 3891 τοῖς

394 3914 624 3984 νοήσασι
653 3915 720 3968 τὰ
749 3915 990 3981 τοιαῦτα,
1019 3919 1110 3970 καὶ
1137 3918 1210 3988 μὴ
1240 3917 1450 3970 θέλουσι
1471 3919 1738 3973 δουλεύειν
1765 3919 1971 3973 πλείοσι

392 4005 602 4075 κυρίοις
619 4021 632 4035 ο
657 4005 742 4058 διὰ
771 4006 926 4059 τοῦτο
945 4007 1298 4078 ἀρκουμένοις
1318 4009 1508 4080 Κυρίῳ
1536 4011 1708 4082 Ἰησοῦ
1731 4011 1969 4083 Χριστῷ,

391 4094 693 4148 παιδεύοντι
723 4096 811 4164 ὑφ’
843 4097 1015 4168 ἑαυτῷ
1035 4099 1158 4162 τοὺς
1188 4099 1534 4164 δουλεύοντας
1560 4101 1730 4173 αύτῷ,
1783 4103 1848 4156 ἵν’
1883 4103 1970 4155 αύ-

389 4187 514 4248 τοὺς
542 4189 998 4257 πεπαιδευμένους
1047 4189 1292 4261 παραδῷ,
1334 4193 1655 4262 γενομένους
1695 4193 1968 4263 βασιλείαν

388 4279 544 4343 ἀξίαν
575 4280 728 4344 Θεοῦ,
760 4283 836 4352 τῷ
859 4280 976 4352 Θεῷ
1019 4282 1112 4334 καὶ
1156 4283 1348 4352 Πατρί.
1395 4284 1555 4338 Ἀλλὰ
1597 4285 1690 4338 καὶ
1738 4287 1964 4356 ἀποσχί-

389 4366 539 4433 ζουσι
565 4370 674 4443 (19)
701 4373 795 4426 καὶ
821 4373 1285 4444 ἀπορρηγνύουσιν
1318 4377 1542 4440 ἑαυτοὺς
1577 4376 1682 4430 ἀπὺ
1726 4375 1834 4430 τῶν
1865 4376 1960 4431 άλ-

2080 2018 2204 2058 vera
2262 2003 2369 2057 sint
2406 2000 2478 2054 dii
2507 2006 2560 2054 et
2595 1997 2815 2061 domini,
2860 2011 2957 2052 nos
3005 1998 3133 2051 totis
3179 1996 3382 2048 viribus
3421 1995 3651 2052 nitimur-

2081 2093 2459 2150 transcendere
2506 2105 2610 2145 non
2653 2105 2716 2144 ea
2763 2089 2874 2144 sola
2913 2104 3031 2158 qua:
3071 2089 3209 2157 apud
3263 2098 3448 2154 gentes
3497 2099 3653 2142 terra:

2079 2202 2176 2257 pro
2217 2185 2320 2239 diis
2369 2184 2700 2248 adorantur,
2747 2181 2838 2236 sed
2881 2181 3042 2235 etiam
3089 2181 3219 2234 deos
3267 2179 3385 2234 illos
3421 2195 3650 2250 quorum

2082 2278 2356 2347 Scriptura
2412 2274 2704 2340 meminit,
2755 2287 2996 2342 quosque
3051 2272 3294 2326 nesciunt
3349 2271 3420 2334 ii,
3474 2273 3564 2339 qui
3618 2288 3649 2322 a

2079 2370 2176 2425 Dei
2227 2368 2519 2425 fmderibus
2567 2381 2663 2436 per
2709 2364 2867 2437 747
2916 2363 3149 2434 Moysem
3192 2362 3482 2432 Jesumque
3529 2361 3648 2418 Sal-

2079 2470 2320 2517 vatorem
2357 2469 2597 2515 nostrum
2640 2456 2990 2528 promulgatis
3027 2454 3199 2516 alieni
3252 2461 3376 2507 sunt
3418 2460 3472 2507 et
3526 2467 3649 2521 pro-

2079 2549 2427 2606 missionibus
2463 2546 2668 2604 exclusi
2711 2560 2828 2615 qua:
2857 2559 2954 2614 per
2985 2542 3102 2598 illos
3147 2544 3517 2597 innotuerunt.
3571 2542 3646 2597 Se

2079 2652 2259 2697 autem
2290 2640 2449 2711 erigit
2468 2652 2630 2710 supra
2657 2651 2868 2692 omnem
2892 2634 3194 2689 demonum
3221 2633 3423 2686 cultum
3451 2633 3516 2697 is,
3547 2633 3642 2702 qui

2081 2733 2212 2787 nihil
2250 2730 2530 2786 daamoniis
2573 2736 2853 2798 acceptum
2889 2724 3048 2788 facit;
3098 2725 3226 2777 item
3264 2724 3309 2776 is
3338 2723 3548 2778 extollit
3581 2737 3642 2777 se

2081 2838 2246 2893 supra
2272 2821 2575 2890 portionem
2614 2831 2800 2874 eorum
2835 2829 2971 2886 quos
3000 2816 3128 2870 deos
3165 2813 3362 2868 Paulus
3392 2812 3642 2884 appellat,

2081 2915 2171 2984 qui
2203 2915 2318 2968 sive
2342 2921 2402 2968 ut
2450 2911 2523 2965 illi
2551 2949 2568 2976 ,
2617 2909 2730 2965 sive
2765 2907 3249 2978 quomodocunque
3289 2920 3372 2960 res
3401 2905 3596 2959 habeat
3627 2945 3642 2968 ,

2079 3012 2286 3075 spectat
2311 3020 2414 3058 non
2432 3019 2490 3058 ea
2510 3017 2622 3074 qua:
2646 3000 2910 3064 videntur,
2939 2999 3028 3053 sed
3061 3014 3177 3068 qua:
3200 3015 3300 3052 non
3322 2998 3560 3050 videntur
3574 2995 3641 3060 ‘8;

2082 3098 2206 3153 item
2248 3097 2338 3166 qui
2372 3093 2676 3151 considerat
2705 3091 2972 3160 quomodo
3014 3089 3332 3158 exspectatio
3380 3097 3644 3142 creatura:

2082 3188 2442 3244 reuelationem
2500 3171 2734 3254 ﬁliorum
2791 3183 2886 3238 Dei
2931 3191 3222 3251 exspectat,
3280 3197 3386 3234 non
3429 3180 3659 3255 volens,‘

2003 3300 2045 3358 ο
2076 3281 2166 3334 sed
2191 3289 2399 3348 propter
2428 3294 2547 3358 eunt
2570 3278 2658 3348 qui
2693 3275 2907 3344 subjecit
2936 3274 2992 3327 in
3021 3289 3108 3342 spe
3129 3273 3198 3339 8';
3233 3286 3464 3340 cumque
3487 3286 3642 3327 crea-

2079 3383 2250 3427 turam
2291 3371 2513 3425 laudans
2533 3349 2599 3424 ἐι
2632 3367 2824 3424 videns
2870 3365 3142 3435 quomodo
3185 3365 3459 3418 liberanda
3508 3364 3641 3418 sita

2076 3464 2319 3518 servitute
2346 3460 2700 3530 corruptionis
2726 3470 2774 3514 et
2813 3475 3093 3514 occursuro
3127 3460 3181 3510 in
3211 3455 3503 3511 libertatem
3534 3458 3641 3526 glo-

2075 3555 2169 3608 rite
2208 3554 2438 3622 ﬁliorum
2485 3553 2620 3618 Dei,
2653 3549 2844 3605 adduci
2879 3563 2982 3603 non
3037 3557 3214 3618 potest
3271 3555 3328 3599 ut
3382 3549 3640 3616 quemvis

2075 3645 2237 3699 alium
2273 3652 2468 3714 praeter
2505 3642 2671 3697 Deum
2699 3641 2868 3707 colat,
2901 3649 2993 3694 aut
3027 3640 3249 3695 alterius
3277 3639 3479 3695 cultum
3514 3653 3636 3692 cum

2076 3736 2167 3791 Dei
2200 3736 2346 3790 cultu
2369 3733 2677 3803 coniungat,
2712 3746 2888 3802 neque
2918 3740 2976 3786 ut
3008 3731 3218 3787 duobus
3245 3730 3480 3785 dominis
3514 3744 3635 3785 ser-

2073 3828 2202 3882 viat.
2238 3826 2352 3881 Non
2405 3826 2568 3896 igitur
2613 3825 2895 3880 seditionis
2939 3839 3044 3878 vox
3090 3833 3172 3879 est
3200 3823 3340 3894 apud
3384 3838 3477 3878 eos
3535 3824 3627 3894 qni

2072 3921 2186 3974 haec
2231 3919 2590 3988 intelligentes
2618 3917 2860 3986 pluribus
2902 3915 3133 3970 dominis
3162 3915 3369 3970 servire
3401 3914 3588 3970 nolunt
3613 3954 3630 3978 ,

2071 4024 2126 4069 et
2154 4013 2349 4079 quibus
2377 4022 2660 4083 pr0plerea
2698 4011 2830 4066 satis
2865 4021 2948 4068 est
2991 4011 3248 4064 Dominus
3279 4008 3436 4063 Jesus
3468 4005 3630 4061 Chri-

2071 4114 2186 4160 stus
2213 4105 2301 4175 qui
2334 4119 2433 4175 per
2464 4120 2523 4160 se
2554 4106 2710 4160 docet
2741 4118 2834 4158 eos
2865 4103 2956 4172 qui
2989 4101 3087 4172 ipsi
3126 4103 3384 4166 serviunt,
3422 4111 3479 4154 ut
3505 4112 3630 4156 eru-

2070 4199 2210 4251 ditos
2241 4199 2346 4251 Dco
2397 4206 2452 4251 et
2481 4195 2629 4254 Patri
2664 4195 2882 4258 tradat,
2936 4195 3104 4248 iactus
3136 4207 3356 4263 regnum
3407 4195 3516 4248 Deo
3545 4196 3628 4248 di-

2067 4302 2248 4356 gnum.
2287 4287 2390 4342 Sed
2417 4297 2473 4341 et
2499 4301 2557 4341 se
2584 4294 2871 4357 segregant
2926 4294 2978 4336 et
3011 4295 3263 4352 separant
3296 4283 3364 4337 ab
3423 4285 3503 4339 eis
3535 4289 3623 4353 qui

2067 4392 2096 4430 a
2126 4377 2348 4433 civitate
2393 4379 2487 4431 Dei
2522 4378 2681 4432 alieni
2729 4387 2856 4432 sunt
2900 4377 2944 4407 9°
2989 4388 3044 4430 et
3093 4393 3122 4430 a
3157 4375 3452 4431 foederibus
3507 4375 3623 4442 ejus

456 4527 500 4558 ⁸⁷
531 4525 573 4581 ll
607 4526 730 4584 Cor.
752 4543 836 4594 ιι,
869 4528 953 4582 14.
1028 4528 1073 4561 ⁸⁸
1105 4529 1148 4585 ll
1199 4530 1321 4586 Cor.
1358 4546 1431 4598 tv,
1464 4531 1548 4586 18.
1623 4531 1668 4563 ⁸³
1699 4532 1856 4589 Rom.
1905 4549 1970 4587 vn

2073 4533 2267 4600 19,20.
2333 4535 2378 4566 σο
2405 4533 2545 4604 Eph.
2578 4548 2639 4600 ιι,
2677 4533 2763 4591 ta.

455 4683 566 4764 (16)
603 4685 873 4742 liteschel.
904 4693 959 4741 et
989 4687 1272 4758 Spencer.,
1305 4687 1678 4760 διανοημάτων
1703 4689 1799 4743 καὶ
1825 4705 1951 4814 νοη-

455 4772 592 4814 ιτων,
627 4757 722 4810 sed
756 4757 834 4814 τὸ.
889 4757 982 4811 καὶ
1028 4758 1314 4814 νοημάτων
1365 4770 1509 4814 reete
1540 4759 1691 4814 abest
1728 4777 1756 4812 ιι
1786 4762 1887 4814 eod
1931 4800 1944 4814 .

429 4755 592 4830 άτων,
627 4757 722 4830 sed
756 4757 834 4830 το,
889 4757 982 4830 καὶ
1028 4755 1314 4830 νοημάτων
1365 4755 1509 4830 recte
1540 4759 1691 4830 abest
1728 4777 1756 4812 a
1786 4755 1944 4814 codd.

437 4825 553 4893 egio
575 4836 628 4879 et
664 4827 980 4899 Basileensi,
1026 4825 1214 4896 utpote
1250 4829 1597 4897 superﬂuum.
1631 4829 1948 4899 Paulo_post

384 4907 573 4970 omnes
607 4910 735 4970 mss.
769 4906 823 4950 et
868 4897 1220 4970 Hmschelius,
1282 4895 1430 4970 παρὰ
1475 4899 1643 4954 ταῦτα
1698 4899 1740 4970 δέ
1774 4895 1942 4970 οἶμαι.

385 4961 642 5046 gelenius
689 4966 951 5046 interpres
983 4969 1142 5046 vertit
1170 4961 1322 5040 quasi
1363 4961 1584 5037 legisset
1613 4969 1752 5025 κατὰ
1776 4961 1947 5024 ταῦτα

382 5030 429 5086 δ⁸
452 5030 797 5111 οἶμαιζριιριι
819 5030 1052 5111 Δξιιιι·ἱι›ιιίι
1078 5030 1404 5111 Spencerus_.

456 5101 565 5182 (ίῖ)
720 5101 1030 5182 segnem.
1077 5101 1234 5182 Plato
1282 5111 1340 5182 in
1366 5109 1584 5182 Plited.,
1628 5125 1750 5182 pag.
1794 5111 1940 5166 246:

390 5171 683 5258 :O'ptu‘aﬁ
729 5179 898 5244 μέγας
927 5178 1148 5258 ἡγεμὼν
1191 5182 1246 5232 ὲν
1276 5179 1501 5258 ,ούρανῷ
1549 5171 1729 5258 Ζεῦςξ
1746 5183 1944 5258 πτηνὸν

378 5241 530 5313 ἅρμα
561 5241 818 5308 ἐλαύνων,
864 5241 1078 5316 πρῶτος
1123 5266 1193 5300 πο
1234 5241 1408 5302 εύετὰι
1435 5241 1739 5320 δίακοσμῶν
1767 5241 1943 5304 πάντα

378 5313 472 5365 καὶ
500 5313 952 5370 ἐπιμελούμενος·
986 5317 1063 5369 τῶ
1093 5318 1137 5369 δ’
1185 5266 1373 5370 ἕπεται
1423 5321 1651 5370 στρατιὰ
1703 5323 1841 5370 θεῶν
1881 5339 1942 5370 τε

377 5313 472 5390 κα)
497 5313 952 5390 ἐπιμελούμενος·
986 5317 1065 5390 τῷ
1093 5318 1137 5369 δ’
1185 5313 1373 5390 ἕπεται
1423 5313 1651 5390 στρατιᾶ
1703 5323 1841 5374 θεῶν
1881 5339 1942 5375 τε

374 5384 471 5436 καὶ
493 5381 778 5461 δαιμόχων,
818 5386 973 5461 κατὰ-
988 5381 1190 5461 ἕνδεκαΔ
1206 5388 1344 5460 μέρη
1375 5381 1780 5461 κεκοσμημένη.
1823 5393 1939 5444 Μέ-

374 5469 459 5542 ξει
476 5452 804 5542 radiis-ria
830 5458 928 5542 “by.
952 5457 1088 5542 θεῶν
1136 5452 1288 5542 οΑίκιρ
1318 5452 1452 5530 μόνη
1472 5475 1484 5488 ·
1509 5528 1522 5542 .
1684 5452 1954 5542 δέ’ρἱλωνΔ

372 5521 488 5574 ὅσοι
515 5521 572 5605 ὲν
595 5523 673 5605 τῶ
695 5525 802 5579 τῶν
824 5521 1272 5605 δώδεκαηάριθμῷ
1287 5521 1607 5605 τεταγμένοι
1625 5529 1736 5605 θεοὶ
1750 5532 1940 5605 ἄρχον-

372 5607 484 5657 τες,
524 5596 781 5673 ἡγοῦνται
815 5596 952 5673 κατά
987 5596 1158 5673 τάξίν,
1188 5596 1271 5671 ’ἢν
1298 5596 1529 5673 ἕκαστος.
1557 5596 1936 5673 ὲτάχθηξΗαυ

376 5679 504 5728 gnus
543 5667 708 5739 igitur
747 5667 802 5739 in
833 5667 957 5722 ειείο
991 5667 1238 5739 λυχνίαι-,⁷
1267 5672 1465 5736 primus
1512 5667 1704 5724 incedit
1733 5667 1938 5726 alatum

376 5736 920 5809 currumimpellenst
957 5736 1130 5793 omnia
1158 5749 1208 5792 et
1233 5756 1491 5793 exornans
1528 5751 1576 5792 et
1605 5743 1934 5809 prouidentia

377 5819 470 5854 sua
517 5806 830 5872 gubernans.
893 5807 1050 5865 Ilum:
1094 5813 1330 5880 sequitur
1359 5812 1573 5866 deorum
1605 5806 1935 5868 daemonum-

1982 4690 2025 4746 D
2053 4706 2151 4760 que
2179 4693 2439 4745 exercitus
2468 4707 2559 4760 per
2606 4691 2844 4745 undecim
2877 4701 3049 4761 partes
3079 4691 3414 4747 distributus.
3466 4690 3619 4746 Vesta

2051 4771 2226 4814 autem
2267 4762 2320 4813 in
2358 4763 2571 4814 deorum
2615 4762 2726 4816 (ede
2769 4773 3032 4828 permanet
3073 4763 3205 4816 sola.
3246 4763 3486 4816 Aliorum
3514 4779 3636 4816 au--.

2051 4839 2149 4884 tem
2177 4833 2392 4884 deorum
2428 4833 2720 4901 quicunque
2747 4832 2802 4885 in
2844 4833 3116 4886 duodecim
3148 4849 3362 4886 numero
3407 4849 3620 4887 censen-

2048 4911 2158 4966 tur,
2189 4917 2284 4974 sua
2307 4902 2525 4974 quisque
2550 4904 2752 4956 muneri
2777 4912 2964 4973 praeest
2984 4911 3137 4971 prout
3165 4903 3244 4956 illi
3273 4904 3464 4974 singuli
3494 4913 3615 4957 sunt

2051 4971 2338 5026 constituti.
2367 4971 2630 5026 Spascsn.

2121 5041 2235 5114 (7178)
2263 5040 2424 5114 Μετὰ
2440 5042 2732 5114 parum.
2776 5041 2923 5114 Pilato
2951 5043 3004 5098 in
3038 5041 3262 5110 Phted.,'
3294 5057 3421 5114 pag.
3465 5042 3605 5096 250:

2049 5108 2256 5193 Κάλλος
2287 5111 2342 5164 δὲ
2391 5108 2512 5165 τότε
2543 5108 2609 5236 ἓν
2659 5113 2782 5167 ἰδεῖν
2809 5113 3075 5186 λαμπρὸν,
3105 5115 3192 5168 ὅτε
3226 5108 3322 5168 σὺν
3342 5113 3614 5182 εὐδαίμονι

2049 5199 2191 5236 vomu
2233 5183 2504 5236 μακαρίαν
2581 5183 2669 5236 law
2693 5201 2750 5236 τε
2791 5186 2884 5236 καὶ
2912 5184 3040 5236 θέαν
3070 5185 3320 5236 ἑπόμενοι
3352 5183 3487 5236 μετὰ
3516 5183 3611 5236 μὲν

2048 5182 2191 5266 χορῷ
2219 5183 2511 5266 ramis!
2549 5182 2669 5266 ita.
2693 5201 2750 5237 τε
2791 5182 3040 5266 uti)?“
3070 5183 3487 5266 ἐπίιιενοεέέετά
3515 5183 3611 5266 μὲι

2045 5249 2173 5325 Διὸς
2203 5249 2397 5325 ᾖμείς,
2427 5253 2572 5307 ἄλλοι
2593 5249 2603 5254 ’
2623 5254 2678 5308 δὲ
2728 5258 2840 5325 μετ’
2882 5255 3038 5309 ἄλλου
3082 5249 3239 5319 θεῶν,
3271 5249 3406 5306 εἶδόν
3433 5268 3490 5325 τε
3518 5249 3629 5304 καὶι

2047 5322 2321 5396 ἐτελοῦντο
2366 5325 2612 5389 τελετῶν,
2653 5322 2914 5396 ἦν’θέμις
2945 5325 3118 5396 λέγειν
3167 5323 3606 5396 μακαριωτάτην.

2050 5393 2114 5446 At
2151 5394 2587 5461 pulchritudinem
2625 5391 3103 5463 splendidissimum
3145 5391 3268 5446 tunc
3292 5391 3464 5463 videre
3493 5391 3615 5463 lice-

2047 5463 2156 5527 bat,
2204 5467 2415 5532 quando
2442 5481 2560 5519 cum
2609 5461 2755 5520 beato
2781 5464 2870 5517 illo
2913 5465 3068 5516 choro
3111 5463 3309 5530 felicem
3346 5461 3610 5532 illam_'oi-

2044 5530 2241 5588 sionem
2294 5535 2875 5604 contemplationemque
2915 5543 3193 5604 sequentes
3225 5572 3240 5596 ,
3303 5547 3426 5604 cum
3475 5530 3620 5604 Joue.

2043 5606 2248 5670 quidem
2275 5623 2389 5670 nos,
2434 5601 2527 5658 alii
2567 5621 2687 5659 vero
2721 5601 2837 5657 cum
2869 5603 2972 5658 alio
2997 5601 3242 5671 quodam
3277 5603 3493 5655 deorum
3527 5601 3574 5654 vi

2043 5673 2227 5727 derunt
2256 5688 2301 5728 et
2329 5675 2527 5727 initiati
2560 5683 2680 5727 sunt
2715 5676 2901 5735 sacris,
2934 5691 3050 5744 qua:
3085 5673 3166 5744 fas
3201 5681 3277 5728 est
3319 5674 3489 5726 dicere
3515 5687 3612 5725 sua

2043 5759 2254 5795 crorum
2280 5747 2508 5797 omnium
2536 5744 2852 5798 beatissima.
2893 5744 3153 5799 Speucen.

2109 5813 2224 5886 (l9)
2261 5811 2691 5884 Ἀποσχίζουσι.
2723 5815 2916 5886 Supra,
2947 5817 3105 5886 hujus
3140 5817 3232 5874 lib.
3268 5833 3414 5873 num.
3443 5817 3500 5885 2,
3533 5814 3610 5875 ian
