3972 6160
310 203 460 260 ’1527

1802 202 2121 260 ORIGENIS

3414 199 3438 252 1
3451 197 3555 254 528

320 327 523 379 exclusi
555 343 570 393 ;
602 336 661 383 ut
690 328 900 384 scilicet
932 329 1089 396 quasi
1132 328 1388 384 caelorum
1425 327 1576 382 cives
1610 327 1795 381 vivant
1823 327 1892 394 “,

2013 324 2220 397 ιοτρίων
2244 323 2346 395 τῆς
2381 320 2654 384 πολιτείας
2685 318 2776 373 τοῦ
2806 317 2940 372 Θεοῦ
2970 317 3061 371 καὶ
3101 316 3262 382 ξένων
3299 315 3407 369 τῶν
3442 315 3558 368 δια-

321 421 626 476 arcea’entes
647 423 716 474 ad
743 420 906 475 Deum
935 422 1203 485 viventem,
1228 432 1275 474 et
1306 421 1565 474 civitatem
1593 419 1684 473 Dei
1695 460 1707 481 .
1732 418 1889 473 Jeru—

322 510 490 566 salem
543 512 797 565 caelestem
826 551 839 574 ,
884 520 932 563 et
985 508 1271 564 mziiorum
1315 508 1621 579 angelorum
1668 509 1889 563 millium

321 599 678 671 frequentiam
717 611 762 653 et
793 596 1085 654 Ecclesium
1113 599 1503 670 primitivorum
1534 597 1625 670 qui
1652 600 1890 654 conscri-

319 691 395 761 pti
433 700 553 747 sunt
580 691 635 744 in
663 691 805 747 caelis
829 692 898 747 “.

393 875 447 930 6.
490 874 679 946 Neque
721 872 884 929 etiam
932 880 1223 942 propterea
1262 870 1562 939 refugimus
1608 885 1637 924 a
1669 870 1893 925 colendo

324 967 435 1022 alio
469 982 630 1036 quam
661 965 772 1020 Deo
802 980 898 1035 per
932 965 1164 1019 Verbum
1194 973 1251 1018 et
1277 963 1560 1017 veritatem
1587 961 1726 1032 ejus,
1752 960 1894 1031 quod

324 1057 471 1113 Deus
499 1057 883 1113 detrimentum
919 1064 1215 1128 pateretur,
1247 1054 1699 1125 quemadmodum
1735 1053 1895 1107 homo

322 1152 549 1206 videtur
584 1150 705 1206 laedi
731 1190 746 1217 ,
783 1167 905 1205 cum
951 1150 1106 1205 alteri
1141 1150 1390 1206 servitis
1427 1147 1518 1218 qui
1558 1148 1657 1217 ipsi
1688 1147 1893 1202 servit:

324 1242 419 1296 sed
454 1257 523 1297 ne
556 1256 656 1297 nos
685 1241 789 1310 ipsi
830 1241 1112 1308 lacdamur,
1145 1254 1245 1295 nos
1272 1254 1303 1294 a
1337 1239 1582 1309 portione
1610 1236 1704 1291 Dei
1744 1251 1899 1306 sepa-

324 1343 535 1401 rantes,
564 1336 617 1389 in
634 1350 738 1405 qua
759 1333 876 1401 ejus
896 1332 1217 1388 beatitudini
1234 1331 1622 1388 convenienter
1641 1329 1895 1394 vivimus,

322 1421 611 1477 excellenti
647 1422 954 1491 adoptionis
989 1423 1181 1492 spiritu
1223 1422 1489 1487 animati;
1545 1420 1636 1491 qui
1674 1420 1899 1490 spiritus

242 1544 245 1547 -
325 1513 382 1567 iu
413 1512 651 1569 cmlestis
671 1511 848 1567 Patris
880 1513 1003 1567 [iliis
1029 1528 1133 1568 non
1163 1512 1460 1578 verbo,sed
1486 1513 1659 1581 reipsa
1689 1521 1898 1566 secreto

323 1606 530 1661 clamat
556 1621 572 1660 :
606 1604 772 1672 Abba,
803 1604 968 1660 Pater
997 1605 1062 1660 “.
1099 1605 1180 1660 Ac
1212 1604 1745 1660 Lacedmmmtiorum
1775 1603 1900 1673 qui-

1990 415 2173 489 θηκῶν
2207 413 2368 468 αὐτοῦ
2388 431 2401 444 ·
2437 413 2523 468 ἵνα
2542 412 2602 466 τδ
2629 414 2685 468 ὲν
2712 412 2954 483 οὐρανοῖς
2990 409 3286 480 πολίτευμα
3316 406 3560 461 πολιτεύ-

1991 525 2211 573 σωνται,
2233 508 2695 577 προσερχόμενοι
2725 502 2845 570 Θεῷ
2869 501 3053 568 ζῶντι,
3074 500 3171 556 καί
3187 501 3361 554 ’πόλει
3389 498 3557 564 Θεοῦ,

2003 597 2399 669 Ἰερουσαλὴμ
2434 597 2782 666 ἐπουρανίῳ,
2825 595 2923 650 καὶ
2961 592 3249 667 μυριάσιν
3278 591 3557 662 ἀγγέλων,

1994 691 2353 760 πανηγύρει,
2402 689 2502 744 καὶ
2553 689 2847 757 ἐκκλησίᾳ
2910 685 3294 757 πρωτοτόκων
3344 682 3559 754 ἀπογε-

1993 782 2340 855 γραμμένων
2365 782 2434 836 ἐν
2468 781 2740 850 οὐρανοῖς
2771 779 2902 852 (20).

2078 875 2219 928 Ἀλλ’
2273 874 2380 929 οὐδ’
2423 873 2498 935 ὡς
2553 870 2919 943 βλαπτομένου
2956 868 3049 924 τοῦ
3093 865 3227 921 Θεοῦ
3271 866 3368 930 (ὼς
3419 863 3565 918 δοκεῖ

1999 967 2328 1039 βλάπτεσθαι
2375 965 2656 1037 ἄνθρωπος
2686 965 2790 1018 ὑπὸ
2840 962 2932 1018 τοῦ
2983 962 3077 1016 καλ¹
3121 960 3264 1031 ἄλλῳ
3297 958 3427 1029 παρ’
3463 954 3564 1010 αὐ·-

1995 1061 2085 1115 τὺν
2113 1060 2221 1132 (21)
2251 1057 2632 1130 δουλεύοντος),
2675 1057 2988 1128 έκκλίνομεν
3028 1055 3088 1109 τὸ
3126 1052 3394 1107 δουλεύειν
3422 1047 3565 1120 ἄλλῳ

1995 1152 2101 1206 τινὶ
2126 1152 2160 1223 ἢ
2182 1150 2259 1222 τῷ
2286 1150 2403 1222 Θεῷ
2431 1150 2518 1204 διὰ
2539 1150 2630 1205 τοῦ
2663 1149 2832 1219 Λόγου
2866 1146 3027 1201 αὐτοῦ
3053 1147 3144 1199 καὶ
3183 1144 3283 1215 τῆς
3310 1142 3565 1215 ἀληθείας

1997 1243 2163 1299 αὐτοῦ
2183 1260 2197 1274 ο
2233 1243 2345 1298 ἀλλ’
2373 1243 2458 1296 ἵνα
2492 1243 2650 1313 ἡμεῖς
2695 1240 2768 1313 μὴ
2811 1238 3111 1311 βλαϐῶμεν,
3144 1236 3368 1300 ἑαυτοὺς
3397 1236 3564 1305 χωρί-

1998 1335 2180 1401 ζοντες
2208 1336 2305 1405 τῆς
2347 1333 2436 1389 τοῦ
2470 1334 2563 1387 ἐπὶ
2610 1334 2744 1386 πᾶσι
2785 1330 2920 1385 Θεοῦ
2960 1329 3192 1402 μερίδος,
3237 1327 3313 1391 ὡς
3354 1326 3569 1391 οἰκείοις

1997 1424 2163 1481 αὐτοῦ
2209 1429 2275 1497 τῇ
2338 1423 2696 1496 μακαριότητι
2742 1421 2949 1487 ζῶντας
2998 1421 3265 1492 πνεύματι
3307 1418 3568 1490 ἐξαιρέτῳ

1998 1517 2269 1581 υἱοθεσίας
2289 1519 2318 1570 ό
2344 1516 2473 1580 Θεὸς
2491 1514 2601 1586 (2'2)
2629 1516 2686 1569 ὲν
2705 1514 2837 1579 υἱοῖς
2856 1514 2951 1568 τοῦ
2986 1515 3042 1567 ὲν
3062 1513 3309 1583 οὐρανοῖς
3333 1509 3565 1579 Πατρὸς,

2000 1612 2061 1666 οὐ
2102 1612 2362 1679 λεξείδια,
2392 1609 2526 1665 ἀλλὰ
2556 1610 2851 1682 πράγματα
2887 1605 3279 1679 μεγαλοφώνως
3324 1603 3465 1658 κατὰ
3505 1603 3570 1657 τὸ

325 1699 448 1753 dem
477 1696 641 1767 legati
667 1694 950 1753 Persarum
976 1712 1180 1768 regem,
1210 1697 1335 1752 licet
1353 1696 1460 1751 vim
1486 1695 1754 1751 satellites
1777 1694 1894 1766 ejus

2013 1705 2232 1776 ιρυπτὸν
2278 1702 2667 1775 φθεγγομένοις
2708 1706 2790 1766 τδ,
2835 1700 3018 1765 Ἄϐϐᾶ,
3062 1702 3095 1755 ό
3140 1696 3359 1766 Πατήρ.
3397 1698 3575 1751 Λακε-

326 1788 633 1855 iuierrent,
686 1803 794 1846 non
839 1788 1207 1843 adoraverunt
1234 1827 1250 1854 ,
1289 1786 1507 1842 reveriti
1543 1802 1710 1842 unum
1740 1802 1897 1841 suum

326 1885 616 1940 Dominum
639 1925 654 1950 ,
686 1898 877 1953 nempe
914 1882 1146 1954 Lycurgi
1191 1882 1362 1954 legem
1392 1902 1404 1937 :
1441 1883 1536 1952 qui
1570 1896 1701 1937 vero
1730 1881 1899 1936 multo

326 1974 707 2043 prmstantiore
738 1983 793 2028 et
844 1974 1108 2029 diviniore
1159 1972 1412 2044 legatione
1462 1973 1758 2045 funguntur
1802 1990 1898 2043 pro

329 2066 540 2122 Christo
566 2066 635 2133 “,
676 2067 752 2122 illi
782 2081 883 2121 nec
912 2064 1201 2121 Persarum
1228 2106 1242 2128 ,
1281 2079 1379 2119 nec
1410 2062 1723 2119 Graecorum
1747 2105 1762 2129 ,
1799 2079 1899 2120 nec

328 2159 717 2231 Egyptiorum
749 2158 1048 2230 principem
1083 2156 1453 2223 adoraveriut,
1487 2171 1586 2211 nec
1612 2156 1775 2211 ullum
1805 2171 1902 2212 cu-

325 2249 558 2318 juslibet
589 2249 785 2318 gentis.
822 2247 1037 2303 etiamsi
1068 2247 1341 2303 daemones
1373 2246 1674 2317 principum
1703 2246 1905 2301 satelli-

332 2353 414 2397 tes
444 2350 500 2396 et
546 2340 777 2395 ministri
823 2340 874 2394 id
907 2338 1088 2396 facere
1119 2347 1353 2409 cogant,
1386 2347 1443 2392 et
1475 2337 1695 2407 optima:
1740 2335 1908 2408 748
1933 2357 1959 2385 ο

329 2432 507 2503 legum
544 2445 666 2500 quas
696 2429 750 2483 in
783 2442 928 2485 terra
963 2430 1071 2485 sint
1102 2433 1350 2485 nuntium
1379 2430 1659 2483 remittere
1683 2442 1909 2498 persua-

330 2524 516 2577 deant.
557 2520 821 2576 Dominus
850 2523 994 2576 enim
1023 2522 1259 2588 illorum,
1290 2520 1379 2591 qui
1410 2535 1505 2590 pro
1532 2517 1740 2573 Christo
1766 2518 1906 2589 lega-

331 2618 473 2670 tione
508 2614 822 2685 funguntur,
847 2614 1098 2670 Christus
1122 2613 1383 2684 estcuius
1410 2612 1572 2682 legati
1605 2618 1753 2678 sunt,
1783 2612 1906 2680 qui-

332 2722 441 2776 que
473 2708 530 2760 in
557 2706 815 2776 principio
865 2703 1091 2760 Verbum
1125 2714 1262 2773 erat,
1292 2715 1340 2760 et
1374 2705 1516 2775 apud
1547 2702 1716 2763 Deum
1749 2711 1900 2769 erat,

334 2805 382 2850 et
416 2796 558 2852 Deus
583 2805 700 2851 erat
728 2797 796 2850 ".

2003 1792 2289 1864 δαιμονίων
2331 1793 2430 1864 μὲν
2476 1787 2569 1846 οὖν
2616 1793 2665 1845 οί
2717 1790 2972 1864 πρέσϐεις
3016 1790 3105 1843 τὸν
3146 1787 3369 1859 Περσῶν
3424 1788 3577 1857 βασι-

2002 1882 2096 1936 λέα
2132 1882 2242 1956 (25)
2267 1882 2442 1936 καίτοι
2473 1882 3024 1955 προσαναγκαζόντων
3054 1880 3255 1952 σφόδρα
3288 1879 3394 1933 τῶν
3416 1879 3574 1950 δορυ-

2005 1973 2206 2046 φόρων,
2235 1973 2295 2027 οὐ
2331 1973 2760 2046 προσεκύνησαν,
2790 1973 3110 2044 φοϐούμενοι
3144 1974 3235 2027 τὸν
3267 1973 3363 2026 ἕνα
3389 1965 3577 2044 κύριον

2004 2064 2180 2119 αὐτῶν
2227 2064 2318 2119 τὸν
2348 2064 2659 2135 Λυκούργου
2692 2065 2855 2136 νόμον
2884 2082 2897 2095 ·
2952 2066 3000 2118 οί
3039 2065 3093 2118 δὲ
3123 2064 3219 2135 τὴν
3252 2061 3427 2132 πολλῷ
3456 2060 3577 2132 μεί-

2003 2154 2133 2221 ζονα
2180 2158 2273 2211 καὶ
2314 2158 2588 2229 θειοτέραν
2628 2156 2923 2229 πρεσϐείαν
2969 2156 3120 2224 ὑπὲρ
3152 2154 3406 2224 Χριστοῦ
3435 2167 3578 2221 πρε-

2003 2252 2324 2317 σϐεύοντες
2352 2250 2476 2305 οὔτε
2502 2251 2593 2305 τὸν
2622 2251 2847 2325 Περσῶν
2876 2250 3130 2323 ἄρχοντα,
3156 2248 3279 2302 οὔτε
3312 2248 3419 2303 τῶν
3455 2247 3578 2303 Ἑλ-

2001 2343 2174 2415 λήνων
2202 2341 2334 2414 (24),
2365 2341 2487 2397 οὐτε
2513 2343 2620 2397 τῶν
2647 2343 2974 2412 Αἰγυπτίων,
3023 2340 3145 2395 οὐτε
3195 2340 3285 2395 τὸν
3332 2340 3578 2395 οὐτινοσυ

2002 2432 2095 2488 οὖν
2121 2435 2304 2501 ἔθνους
2333 2439 2764 2509 προσκυνήσαιεν
2798 2437 2886 2501 ἂν,
2918 2435 3018 2491 κᾶν
3050 2437 3099 2489 οἱ
3137 2434 3427 2506 δορυφόροι
3468 2431 3579 2488 τῶν

2006 2527 2281 2600 ἀρχόντων
2322 2530 2574 2602 δαίμονες
2616 2531 2708 2585 καὶ
2757 2529 2849 2585 τοῦ
2881 2529 3123 2583 διαϐόλου
3155 2528 3373 2598 ἄγγελοι
3408 2543 3580 2599 προσ-

2008 2619 2334 2689 αναγκάζειν
2361 2621 2556 2686 αὐτοὺς
2584 2621 2806 2676 ἐθέλωσι
2832 2621 2987 2676 τοῦτο
3014 2621 3209 2684 ποιεῖν,
3236 2619 3330 2672 καὶ
3355 2616 3582 2671 πείθωσι

2011 2713 2195 2784 μακρὰ
2215 2714 2422 2786 χαίρειν
2451 2714 2559 2786 (‘25)
2591 2713 2766 2783 λέγειν
2795 2713 2872 2784 τῷ
2898 2713 3095 2777 παντὸς
3138 2712 3302 2783 νόμου
3341 2709 3448 2764 τῶν
3486 2706 3581 2764 ἐπὶ

2007 2803 2110 2874 γῆς
2135 2803 2420 2874 κρείττονι,
2457 2802 2660 2876 Κύριος
2688 2803 2796 2875 γὰρ
2827 2801 2933 2858 τῶν
2966 2801 3116 2870 ὑπὲρ
3150 2798 3405 2869 Χριστοῦ
3441 2809 3579 2864 πρε-

334 2892 677 2947 σϐευόντων
720 2894 750 2946 ὁ
788 2891 1017 2964 Χριστός
1053 2894 1217 2958 ἐστιν,
1257 2891 1399 2963 ὑπὲρ
1432 2884 1492 2945 οὐ
1524 2892 1930 2964 πρεσϐεύουσιν,
1971 2899 2005 2952 ό
2031 2899 2102 2953 ἐν
2145 2898 2303 2970 ἀρχῇ
2332 2901 2521 2970 Λόγος
2562 2902 2667 2966 ὢν,
2696 2900 2794 2955 καὶ
2826 2898 2975 2969 πρὸς
3005 2898 3112 2954 τὸν
3151 2897 3299 2952 Θεὸν
3336 2893 3441 2960 ὢν.
3482 2890 3584 2947 καί

339 2986 485 3055 Θεὸς
517 2986 621 3041 ὤν.

409 3083 464 3138 7.
512 3083 713 3138 Deinde
739 3083 996 3151 quoniam
1030 3083 1222 3140 Celsus
1262 3082 1510 3140 altiorem
1553 3098 1717 3154 quam
1745 3096 1900 3155 putat

2070 3081 2184 3140 Εἶτ’
2234 3085 2355 3139 ἐπεὶ
2403 3084 2547 3151 ἔδοξε
2594 3084 2701 3139 τῶν
2745 3083 3080 3155 φαινομένων
3121 3082 3269 3154 αὐτῷ
3292 3082 3585 3155 βαθύτερόν

341 3172 409 3225 de
443 3171 699 3225 heroibus
741 3178 797 3224 et
824 3170 1149 3239 quibusdam
1181 3170 1518 3227 daemonibus
1556 3173 1911 3243 quaestionem

341 3270 558 3327 movet,
584 3276 706 3317 cum
733 3303 750 3330 ,
776 3272 1065 3333 postquam
1094 3265 1160 3319 de
1206 3261 1467 3318 servitute
1505 3277 1633 3334 erga
1666 3263 1912 3319 homines

343 3355 520 3423 dixit,
569 3357 799 3427 priorem
844 3356 1028 3411 Iterum
1072 3356 1235 3423 ltedi,
1281 3370 1400 3411 cum
1447 3357 1564 3427 quis
1602 3354 1777 3410 uolens
1814 3344 1915 3426 ipsi

343 3448 558 3514 servire,
587 3448 782 3503 servire
810 3446 922 3503 uult
948 3458 996 3510 et
1019 3448 1197 3514 alteri,
1234 3447 1383 3503 addit
1415 3446 1556 3502 idem
1586 3446 1916 3501 sentiendum

344 3556 458 3597 esse
500 3538 565 3595 de
594 3540 839 3596 heroibus
883 3548 935 3594 et
963 3540 1082 3595 aliis
1116 3539 1419 3611 hujusmodi
1452 3538 1779 3594 daemonibus
1805 3558 1826 3605 ,-
1850 3538 1917 3593 al)

346 3632 466 3702 ipso
494 3631 847 3703 querendum
898 3637 984 3686 est
1013 3630 1142 3700 quid
1180 3636 1333 3700 putct
1362 3641 1483 3684 esse
1533 3627 1730 3682 heroas
1759 3625 1878 3680 illos
1898 3665 1917 3688 ,

347 3721 478 3791 quid
512 3722 629 3777 illos
659 3724 970 3787 daemones;
1022 3723 1096 3776 ita
1145 3731 1204 3775 ut
1232 3722 1324 3791 qui
1362 3721 1488 3777 huic
1521 3720 1670 3776 heroi
1705 3720 1909 3784 servit,

349 3815 502 3869 illum
529 3814 681 3869 alteri
713 3814 869 3869 heroi
912 3815 1118 3869 servire
1160 3829 1267 3867 uon
1310 3813 1514 3878 liceat;
1561 3821 1616 3868 et
1663 3813 1756 3883 qui
1788 3812 1915 3867 huic

352 3909 587 3965 daemonii
638 3908 849 3974 servit,
902 3906 1060 3962 alteri
1104 3906 1257 3961 illum
1298 3921 1407 3961 non
1456 3907 1619 3962 liceat
1669 3907 1915 3974 servire;

350 4001 509 4071 quasi
544 4001 672 4055 inde
716 3998 1002 4053 laederetur
1050 3999 1201 4068 prior
1250 3998 1502 4065 daemon,
1556 3998 1748 4053 eodem
1803 3997 1919 4052 fere

349 4093 512 4149 modo
569 4108 633 4147 ac
681 4090 928 4145 homines
986 4088 1258 4144 laeduntur
1283 4131 1299 4156 ,
1333 4104 1457 4145 cum
1505 4090 1628 4145 aliis
1659 4088 1754 4143 dat
1777 4104 1836 4144 se
1865 4089 1917 4144 iu

353 4184 669 4238 servitutem
697 4223 713 4247 ,
770 4181 848 4246 is,
899 4180 987 4249 qui
1016 4179 1165 4250 prius
1208 4181 1338 4250 ipsis
1365 4180 1613 4235 servivit.
1657 4178 1922 4235 Ostendat

354 4276 523 4330 etiam
554 4290 715 4347 quam
740 4272 1011 4343 iacturam
1049 4272 1230 4329 facere
1264 4281 1416 4342 putet
1441 4273 1641 4329 heroas
1671 4282 1765 4329 aut
1802 4272 1922 4327 illos

355 4368 647 4423 (immunes.
694 4368 801 4422 Aut
828 4365 1061 4437 enim_in
1098 4367 1320 4437 pelagus
1366 4380 1629 4438 nugarum
1674 4366 1918 4422 incidens

2012 3192 2132 3228 τινα
2177 3177 2344 3229 κινεῖν
2385 3174 2540 3244 λόγον
2584 3174 2612 3226 ό
2653 3173 2857 3238 Κέλσος
2899 3174 3026 3244 περὶ
3062 3172 3254 3246 ἡρώων
3293 3172 3384 3226 καί
3427 3187 3588 3226 τινων

2013 3266 2300 3337 δαιμόνων,
2324 3266 2497 3335 λέγων
2530 3266 2666 3338 μετὰ
2693 3266 2783 3320 τὸν
2826 3267 2954 3339 περὶ
2979 3267 3078 3338 τῆς
3105 3265 3238 3339 πρὸς
3270 3264 3586 3338 ἀνθρώπους

2014 3358 2252 3424 δουλείας
2286 3359 2461 3430 λόγον,
2494 3362 2574 3427 ὡς
2599 3359 3024 3430 βλαπτομένου
3056 3357 3161 3413 τοῦ
3204 3357 3511 3427 προτέρου,
3538 3348 3591 3423 ᾧ
3642 3378 3646 3387 σ

2015 3468 2106 3520 τις
2135 3450 2446 3507 δουλεύειν
2476 3453 2784 3517 βούλεται,
2806 3452 2914 3506 ἐὰν
2958 3451 3268 3506 δουλεύειν
3311 3450 3455 3519 θέλῃ
3490 3449 3590 3504 καὶ

2017 3538 2290 3610 δευτέρῳ,
2322 3542 2403 3595 ὅτι
2430 3542 2522 3611 εἵη
2554 3541 2604 3595 δ’
2632 3542 2709 3596 ἂν
2737 3541 2803 3596 τὸ
2830 3542 2974 3596 αὐτὸ
3006 3541 3103 3596 καὶ
3134 3541 3266 3608 περὶ
3299 3540 3506 3609 ἡρώων
3525 3556 3592 3595 τε

2018 3634 2117 3687 καὶ
2154 3632 2273 3686 τῶν
2304 3634 2582 3689 τοιούτων
2620 3634 2944 3704 δαιμόνων·
2989 3634 3246 3687 πευπέον
3293 3630 3479 3696 αὐτοῦ,
3534 3632 3591 3686 τί

2019 3726 2129 3778 νοεῖ
2150 3725 2276 3788 τοὺς
2296 3724 2479 3795 ἥρωας
2494 3741 2507 3754 ·
2533 3725 2625 3777 καὶ
2646 3724 2912 3789 ποδαποὺς
2936 3719 3073 3778 εἶναι
3096 3724 3244 3794 λέγει
3263 3724 3390 3789 τοὺς
3420 3721 3593 3778 τοιού-

2018 3830 2143 3877 τους
2170 3812 2458 3884 δαίμονας;
2492 3813 2630 3866 ὥστε
2679 3814 2768 3867 τὸν
2810 3813 3123 3869 δουλεύοντα
3165 3812 3300 3885 τῷδε
3326 3812 3404 3883 τῷ
3428 3813 3588 3884 ἧρωῖ,

2020 3907 2112 3961 καὶ
2143 3907 2217 3978 μὴ
2247 3906 2416 3977 ἑτέρῳ
2458 3905 2722 3961 δουλεύειν
2751 3905 2879 3972 δεῖν,
2916 3907 3010 3960 καὶ
3039 3906 3117 3978 τῷ
3148 3904 3332 3977 τοιῷδε
3360 3906 3591 3977 δαίμονι,

2024 3998 2098 4071 μὴ
2129 3999 2221 4053 καὶ
2266 3998 2411 4070 ἄλλῳ
2459 3998 2720 4053 δουλεύειν
2742 4017 2754 4029 ·
2799 3998 2875 4063 ὡς
2926 3997 3291 4070 βλαπτομένου
3336 3996 3593 4066 ἀνάλογον

2018 4091 2132 4153 τοῖς
2179 4088 2566 4161 βλαπτομένοις
2592 4087 2897 4160 ἀνθρώποις
2923 4088 3015 4142 τοῦ
3042 4088 3303 4160 προτέρου
3324 4088 3593 4158 δαίμονος,

2019 4173 2101 4245 οἷς
2130 4198 2214 4243 τις
2240 4180 2529 4250 ὲλάτρευσε
2554 4179 2661 4252 πρὸ
2686 4180 2792 4233 τῶν
2818 4177 3101 4251 δευτέρων.
3144 4176 3302 4231 Ἀλλὰ
3345 4177 3438 4230 καὶ
3472 4174 3596 4230 τίνα

2022 4271 2150 4351 (‘26).
2172 4271 2372 4344 βλάϐην
2396 4273 2566 4326 οἴεται
2594 4267 2732 4326 εἶναι
2761 4269 2975 4344 ἡρώων,
3015 4270 3049 4342 ἢ
3092 4269 3199 4325 τῶν
3232 4266 3446 4323 τοιῶνδε
3476 4266 3594 4321 δαι-

2024 4365 2199 4435 μόνων
2220 4404 2236 4430 ,
2288 4365 2709 4437 παραστησάτω.
2757 4363 3245 4436 Ἀναγκασθήσεται
3300 4360 3409 4432 γὰρ
3456 4360 3595 4432 ἦτοι,

466 4516 508 4549 ’³
535 4514 735 4584 Philip.
767 4531 851 4582 ιιι,
878 4514 971 4570 20.
1045 4516 1090 4547 ”
1128 4513 1264 4569 Heb.
1294 4512 1508 4580 1:11.22,
1540 4512 1635 4568 25.
1711 4512 1758 4547 "
1783 4511 1912 4570 Rom

2013 4528 2085 4579 ιιι,
2113 4511 2197 4567 15.
2274 4512 2323 4554 οι
2350 4512 2390 4567 ll
2414 4510 2537 4568 Cor.
2569 4527 2623 4578 v,
2655 4510 2745 4566 20.
2820 4510 2864 4543 "
2891 4509 3045 4565 Joan.
3088 4526 3128 4574 ι,
3156 4513 3207 4565 l.

361 4671 507 4739 gitur
547 4668 996 4741 ἀποτειχιζόντων
1032 4667 1257 4741 ἑαυτοὺς
1290 4666 1399 4741 λκαὶ
1445 4667 1907 4741 amem-{vovng

2105 4666 2222 4741 (25);
2248 4670 2376 4741 Τῶν
2405 4666 2652 4741 Περσῶν
2686 4666 2970 4734 βασιλέα.
3016 4666 3297 4734 llerodoL,
3327 4668 3595 4741 Polgmrt..

361 4737 461 4795 Vel
488 4754 618 4805 ergo
656 4737 758 4794 hoc
804 4740 920 4808 loco
961 4739 1245 4805 legendum
1278 4737 1697 4808 ᾁποτειχίζουσι,
1734 4737 1929 4808 velul-

362 4823 483 4864 tero
514 4810 632 4864 loco
672 4807 989 4863 mutandum
1026 4805 1571 4876 ἀποτειχιζόντων’ίιι
1615 4805 1935 4877 ἀποσχιζόν-

361 4896 489 4935 των.

435 4947 553 5022 (20)
606 4946 779 5022 Codd.
808 4946 971 5022 _Reg.
1013 4957 1069 5003 et
1122 4944 1314 5015 Basil.,
1361 4952 1419 5004 έν
1469 4949 1737 5022 οὐρανοῖς.
1772 4946 1928 5004 Libb.

363 5017 517 5083 editi,
534 5017 602 5091 ’ἐν
632 5017 863 5091 οὐρανῷ.

438 5091 552 5164 (21)
575 5086 762 5164 Codd:
781 5086 937 5164 Reg"
969 5086 1132 5164 Basii.
1174 5098 1229 5143 et
1252 5088 1595 5164 Anglicanus
1636 5089 1929 5164 secundus,

364 5156 898 5236 Αᾴὺτρνηιιυιέ.
931 5156 1152 5236 editihiu
1184 5156 1364 5222 textu,
1384 5161 1510 5233 παρ’
1527 5158 1702 5236 αὐτῷ.

441 5226 555 5304 (22)
601 5234 651 5285 '0
693 5233 868 5304 Gedq,
898 5240 1017 5304 etc.
1069 5226 1368 5304 Q9r_ruptus
1396 5226 1482 5304 esi
1527 5230 1614 5304 hic
1655 5226 1834 5304 locus,
1875 5236 1932 5304 et

368 5298 571 5372 aliquid
601 5304 788 5357 deeSse
823 5302 1052 5355 videtur.
1092 5301 1183 5372 Vel
1229 5298 1359 5372 ergo
1404 5298 1824 5372 lcgeuduut._~.qi
1873 5300 1931 5372 εν

368 5369 503 5438 υἱοῖς
528 5372 621 5427 τοῦ
654 5373 980 5457 ὲνρύρμνοῖς
1008 5371 1236 5457 Πατρὸςὶ
1256 5370 1315 5424 οὐ
1348 5370 1588 5457 λεξεὶιδίῳ
1601 5369 1754 5457 “and:
1797 5369 1934 5457 πρά-

366 5460 535 5516 γματι
574 5438 969 5526 μεγαλοφώνως
1008 5438 1149 5496 κατὰ
1191 5443 1250 5497 τὸ
1279 5441 1517 5521 κρυπτὸν
1559 5438 1933 5511 φθεγγομένῳ.

370 5513 465 5585 Vel
502 5514 640 5585 forte
678 5514 846 5585 sic,76
875 5513 1086 5585 τίθησιν
1113 5513 1170 5585 ὲν
1198 5514 1332 5577 υἱοῖς
1353 5529 1446 5566 του
1476 5514 1533 5585 ὲν
1555 5511 1801 5585 οὐρανοῖς
1830 5511 1941 5585 Πας

370 5583 496 5707 rgo;
527 5585 588 5638 οὐ
611 5578 868 5653 λεξειδίῳ,
901 5578 1038 5636 ἀλλὰ
1065 5583 1346 5655 πράγματι
1375 5578 1768 5656 μεγαλοφώνως
1800 5578 1942 5637 κατᾶ

372 5668 402 5707 τ
465 5655 699 5707 κρυπτὸν
727 5653 1132 5707 φθεγγομένοις.

372 5653 432 5708 τὸ
465 5655 699 5725 κρυπτὸν
727 5653 1133 5727 φθεγγομένοις.

2078 4754 2161 4804 ag.
2199 4739 2302 4793 484
2332 4750 2386 4793 et
2409 4739 2536 4797 485.

2039 4754 2161 4809 pag.
2200 4754 2302 4793 4m
2332 4754 2386 4793 et
2409 4754 2536 4797 εδδ.

2112 4810 2219 4881 (24)
2248 4809 2394 4881 (iure
2423 4809 2540 4865 τῶν
2564 4808 2902 4881 ΑἘλλήνων.
2945 4816 3049 4881 etc.
3089 4804 3238 4881 ‘Lege
3267 4820 3391 4881 cum
3421 4806 3597 4862 Bolte-

2042 4875 2344 4939 ῐεΙΙο.ὀὐτε
2374 4880 2466 4933 τὸν
2502 4879 2789 4949 Ἑλλήνων.
2814 4875 2936 4930 οὐτε
2962 4876 3404 4949 τδιι-Αίγυπτίων.

2113 4950 2224 5019 (25)
2249 4951 2418 5005 Codd.
2452 4949 2581 5019 Reg.
2603 4944 2656 5001 et
2682 4949 2868 5019 Basil..
2898 4945 3081 5019 μακρὰ
3112 4944 3333 5019 χαίρειν.
3363 4947 3437 5019 Ita
3468 4961 3604 5019 quo-

2039 5016 2145 5090 que
2167 5016 2295 5090 libb.
2326 5021 2455 5074 editi
2488 5016 2737 5086 Origenis
2764 5018 2903 5073 iulru
2944 5016 3216 5090 nuiu._3t_i,
3250 5016 3439 5090 μακρὰ
3477 5016 3601 5087 χαί-

2041 5086 2442 5167 ρειν-είπόντες.
2498 5089 3001 5167 SiutiliteArAdicitur
3028 5086 3198 5142 πολλὰ
3230 5086 3445 5159 χαίρειν
3478 5086 3602 5141 Art-

2035 5159 2286 5233 stopltan.
2314 5162 2566 5225 Acharn.,
2602 5175 2654 5215 v.
2684 5159 2787 5216 199
2812 5176 2828 5212 :

2141 5276 2380 5345 Χαίρειν
2420 5274 2645 5328 κελεύω
2679 5272 2878 5327 πολλὰ
2916 5271 3057 5339 τοὺς
3092 5270 3421 5342 Ἀχαρνέας.
3508 5312 3531 5331 .

2040 5367 2177 5424 Male
2205 5383 2334 5437 ergo
2357 5367 2448 5422 hic
2477 5367 2814 5421 llmschelius
2828 5374 2883 5421 et
2900 5364 3206 5437 Spencerus
3239 5362 3460 5437 habent,
3494 5377 3602 5434 μα-

2042 5432 2442 5521 κρὰνήχεὶίρειν.
2473 5437 2638 5521 Paulo
2668 5448 2798 5521 post
2818 5432 2983 5517 coddL
3015 5435 3216 5506 Regius
3239 5443 3293 5489 et
3319 5432 3597 5489 Basileen-

2044 5504 2145 5581 sis,
2177 5504 2324 5581 θ’έρξ
2339 5508 2447 5581 γὰρ
2469 5507 2575 5562 τῶν
2597 5504 2735 5581 ὑπὲρ
2755 5504 3009 5581 Χριστοῦ.

2117 5572 2227 5651 (26)
2257 5572 2588 5651 ιλιιίὺίιιιιιθε
2613 5572 2761 5651 etliii,
2789 5572 2902 5632 ἀλλ’
2918 5580 2966 5632 εί
2986 5576 3237 5651 καίτιναἶ
3247 5572 3424 5651 (lodd._
3442 5572 3599 5642 Reg.,

2046 5644 2237 5719 Bakili,
2263 5649 2438 5707 Vatic.
2476 5659 2531 5706 et
2570 5650 2853 5720 Anglican.
2899 5651 3127 5722 primus,
3157 5644 3291 5702 ἀλλὰ
3333 5644 3424 5699 καί
3456 5659 3605 5703 τινα.
