  <div class='ocr_page' id='page_1' title='image "/cluster/home/n/w/nwhite01/storage/ocr_20150623/11/mdp.39015013266690/790.png"; bbox 0 0 3972 6160; ppageno 0'>
   <div class='ocr_carea' id='block_1_1' title="bbox 361 274 3593 345">
    <p class='ocr_par' dir='ltr' id='par_1_1' title="bbox 361 274 3593 345">
     <span class='ocr_line' id='line_1_1' title="bbox 361 274 3593 345; baseline 0.004 -14"><span class='ocrx_word' id='word_1_1' title='bbox 361 274 498 331; x_wconf 61' lang='grc' dir='ltr'>ιδεε)</span> <span class='ocrx_word' id='word_1_2' title='bbox 1537 280 1811 336; x_wconf 80' lang='lat' dir='ltr'><strong>CONTRA</strong></span> <span class='ocrx_word' id='word_1_3' title='bbox 1842 283 2118 343; x_wconf 73' lang='lat' dir='ltr'><strong>CELSUM</strong></span> <span class='ocrx_word' id='word_1_4' title='bbox 2151 285 2278 342; x_wconf 83' lang='lat' dir='ltr'><strong>LIB.</strong></span> <span class='ocrx_word' id='word_1_5' title='bbox 2311 283 2447 340; x_wconf 76' lang='lat' dir='ltr'><strong>Vlll.</strong></span> <span class='ocrx_word' id='word_1_6' title='bbox 3459 291 3593 345; x_wconf 74' lang='lat' dir='ltr'><strong>i550</strong></span> 
     </span>
    </p>
   </div>
   <div class='ocr_carea' id='block_1_2' title="bbox 358 391 1887 476">
    <p class='ocr_par' dir='ltr' id='par_1_2' title="bbox 358 391 1887 469">
     <span class='ocr_line' id='line_1_2' title="bbox 358 391 1887 469; baseline 0.006 -24"><span class='ocrx_word' id='word_1_7' title='bbox 358 396 436 455; x_wconf 78' lang='grc' dir='ltr'><strong>εἰς</strong></span> <span class='ocrx_word' id='word_1_8' title='bbox 479 391 706 460; x_wconf 85' lang='grc' dir='ltr'>πέλαγος</span> <span class='ocrx_word' id='word_1_9' title='bbox 739 391 1002 465; x_wconf 88' lang='grc' dir='ltr'>φλυαρίας</span> <span class='ocrx_word' id='word_1_10' title='bbox 1026 394 1280 466; x_wconf 85' lang='grc' dir='ltr'>ἐμπεσὼν</span> <span class='ocrx_word' id='word_1_11' title='bbox 1312 396 1598 452; x_wconf 79' lang='grc' dir='ltr'>ἀναλαϐεῖν</span> <span class='ocrx_word' id='word_1_12' title='bbox 1630 399 1722 453; x_wconf 82' lang='grc' dir='ltr'><strong>τὸν</strong></span> <span class='ocrx_word' id='word_1_13' title='bbox 1757 400 1887 469; x_wconf 66' lang='grc' dir='ltr'>λόγοι</span> 
     </span>
    </p>
   </div>
   <div class='ocr_carea' id='block_1_3' title="bbox 1994 391 3590 476">
    <p class='ocr_par' dir='ltr' id='par_1_3' title="bbox 1994 397 3590 476">
     <span class='ocr_line' id='line_1_3' title="bbox 1994 397 3590 476; baseline 0.001 -17"><span class='ocrx_word' id='word_1_14' title='bbox 1994 423 2008 463; x_wconf 70' lang='grc' dir='ltr'><strong>ι</strong></span> <span class='ocrx_word' id='word_1_15' title='bbox 2038 414 2263 476; x_wconf 76' lang='lat' dir='ltr'><strong>cogetur</strong></span> <span class='ocrx_word' id='word_1_16' title='bbox 2292 411 2537 471; x_wconf 75' lang='lat' dir='ltr'><strong>repetere</strong></span> <span class='ocrx_word' id='word_1_17' title='bbox 2559 414 2680 470; x_wconf 54' lang='lat' dir='ltr'><strong>quae</strong></span> <span class='ocrx_word' id='word_1_18' title='bbox 2709 399 2843 454; x_wconf 85' lang='lat' dir='ltr'><strong>dixit</strong></span> <span class='ocrx_word' id='word_1_19' title='bbox 2875 407 2929 454; x_wconf 90' lang='lat' dir='ltr'><strong>et</strong></span> <span class='ocrx_word' id='word_1_20' title='bbox 2962 397 3068 466; x_wconf 81' lang='lat' dir='ltr'><strong>jam</strong></span> <span class='ocrx_word' id='word_1_21' title='bbox 3099 410 3296 454; x_wconf 82' lang='lat' dir='ltr'><strong>statuta</strong></span> <span class='ocrx_word' id='word_1_22' title='bbox 3329 413 3590 464; x_wconf 73' lang='lat' dir='ltr'><strong>evertere.</strong></span> 
     </span>
    </p>
   </div>
   <div class='ocr_carea' id='block_1_4' title="bbox 356 483 1887 562">
    <p class='ocr_par' dir='ltr' id='par_1_4' title="bbox 356 483 1887 562">
     <span class='ocr_line' id='line_1_4' title="bbox 356 483 1887 562; baseline 0.006 -26"><span class='ocrx_word' id='word_1_23' title='bbox 356 485 448 536; x_wconf 76' lang='grc' dir='ltr'>καὶ</span> <span class='ocrx_word' id='word_1_24' title='bbox 463 483 718 551; x_wconf 81' lang='grc' dir='ltr'><strong>ἀθετῆσαι</strong></span> <span class='ocrx_word' id='word_1_25' title='bbox 739 483 807 536; x_wconf 78' lang='grc' dir='ltr'><strong>τὰ</strong></span> <span class='ocrx_word' id='word_1_26' title='bbox 827 485 1118 557; x_wconf 79' lang='grc' dir='ltr'>εἰρημένα·</span> <span class='ocrx_word' id='word_1_27' title='bbox 1146 486 1182 556; x_wconf 72' lang='grc' dir='ltr'>ἢ</span> <span class='ocrx_word' id='word_1_28' title='bbox 1209 485 1282 558; x_wconf 83' lang='grc' dir='ltr'>μὴ</span> <span class='ocrx_word' id='word_1_29' title='bbox 1309 486 1564 559; x_wconf 82' lang='grc' dir='ltr'>φλυαρεῖν</span> <span class='ocrx_word' id='word_1_30' title='bbox 1593 489 1780 554; x_wconf 86' lang='grc' dir='ltr'>θέλων,</span> <span class='ocrx_word' id='word_1_31' title='bbox 1803 495 1887 562; x_wconf 85' lang='grc' dir='ltr'><strong>όμι</strong></span> 
     </span>
    </p>
   </div>
   <div class='ocr_carea' id='block_1_5' title="bbox 1994 483 3593 562">
    <p class='ocr_par' dir='ltr' id='par_1_5' title="bbox 2030 491 3593 561">
     <span class='ocr_line' id='line_1_5' title="bbox 2030 491 3593 561; baseline 0.001 -12"><span class='ocrx_word' id='word_1_32' title='bbox 2030 506 2123 549; x_wconf 91' lang='lat' dir='ltr'><strong>aut</strong></span> <span class='ocrx_word' id='word_1_33' title='bbox 2151 493 2425 558; x_wconf 82' lang='lat' dir='ltr'><strong>conﬁteri,</strong></span> <span class='ocrx_word' id='word_1_34' title='bbox 2463 493 2506 548; x_wconf 90' lang='lat' dir='ltr'><strong>si</strong></span> <span class='ocrx_word' id='word_1_35' title='bbox 2539 492 2728 561; x_wconf 82' lang='lat' dir='ltr'><strong>nugari</strong></span> <span class='ocrx_word' id='word_1_36' title='bbox 2764 491 2918 558; x_wconf 88' lang='lat' dir='ltr'><strong>nolit,</strong></span> <span class='ocrx_word' id='word_1_37' title='bbox 2955 491 3056 546; x_wconf 85' lang='lat' dir='ltr'><strong>sibi</strong></span> <span class='ocrx_word' id='word_1_38' title='bbox 3090 493 3286 548; x_wconf 89' lang='lat' dir='ltr'><strong>heroas</strong></span> <span class='ocrx_word' id='word_1_39' title='bbox 3310 503 3365 548; x_wconf 91' lang='lat' dir='ltr'><strong>et</strong></span> <span class='ocrx_word' id='word_1_40' title='bbox 3391 495 3593 550; x_wconf 63' lang='lat' dir='ltr'><strong>dieme-</strong></span> 
     </span>
    </p>
   </div>
   <div class='ocr_carea' id='block_1_6' title="bbox 355 571 1887 657">
    <p class='ocr_par' dir='ltr' id='par_1_6' title="bbox 355 571 1887 648">
     <span class='ocr_line' id='line_1_6' title="bbox 355 571 1887 648; baseline 0.007 -23"><span class='ocrx_word' id='word_1_41' title='bbox 355 573 551 642; x_wconf 88' lang='grc' dir='ltr'>λογείν,</span> <span class='ocrx_word' id='word_1_42' title='bbox 569 573 650 625; x_wconf 84' lang='grc' dir='ltr'>ὃτι</span> <span class='ocrx_word' id='word_1_43' title='bbox 671 571 792 626; x_wconf 75' lang='grc' dir='ltr'>οὔτε</span> <span class='ocrx_word' id='word_1_44' title='bbox 808 575 993 644; x_wconf 78' lang='grc' dir='ltr'>ἥρωας</span> <span class='ocrx_word' id='word_1_45' title='bbox 1012 573 1134 628; x_wconf 73' lang='grc' dir='ltr'>οὔτε</span> <span class='ocrx_word' id='word_1_46' title='bbox 1150 575 1414 646; x_wconf 85' lang='grc' dir='ltr'>δαιμόνων</span> <span class='ocrx_word' id='word_1_47' title='bbox 1438 577 1600 648; x_wconf 86' lang='grc' dir='ltr'>φύσιν</span> <span class='ocrx_word' id='word_1_48' title='bbox 1617 580 1887 634; x_wconf 67' lang='grc' dir='ltr'>ἐπίσταται</span> 
     </span>
    </p>
   </div>
   <div class='ocr_carea' id='block_1_7' title="bbox 1994 571 3592 657">
    <p class='ocr_par' dir='ltr' id='par_1_7' title="bbox 2029 583 3592 657">
     <span class='ocr_line' id='line_1_7' title="bbox 2029 583 3592 657; baseline 0.001 -17"><span class='ocrx_word' id='word_1_49' title='bbox 2029 602 2157 640; x_wconf 93' lang='lat' dir='ltr'><strong>num</strong></span> <span class='ocrx_word' id='word_1_50' title='bbox 2190 588 2582 657; x_wconf 76' lang='lat' dir='ltr'><strong>incompertam</strong></span> <span class='ocrx_word' id='word_1_51' title='bbox 2612 598 2730 639; x_wconf 89' lang='lat' dir='ltr'><strong>esse</strong></span> <span class='ocrx_word' id='word_1_52' title='bbox 2768 596 3041 639; x_wconf 86' lang='lat' dir='ltr'><strong>naturam.</strong></span> <span class='ocrx_word' id='word_1_53' title='bbox 3080 583 3134 637; x_wconf 92' lang='lat' dir='ltr'><strong>In</strong></span> <span class='ocrx_word' id='word_1_54' title='bbox 3166 583 3214 638; x_wconf 93' lang='lat' dir='ltr'><strong>id</strong></span> <span class='ocrx_word' id='word_1_55' title='bbox 3247 597 3422 641; x_wconf 87' lang='lat' dir='ltr'><strong>autem</strong></span> <span class='ocrx_word' id='word_1_56' title='bbox 3450 591 3592 656; x_wconf 90' lang='lat' dir='ltr'><strong>quod</strong></span> 
     </span>
    </p>
   </div>
   <div class='ocr_carea' id='block_1_8' title="bbox 355 665 1887 744">
    <p class='ocr_par' dir='ltr' id='par_1_8' title="bbox 355 665 1887 740">
     <span class='ocr_line' id='line_1_8' title="bbox 355 665 1887 740; baseline 0.005 -22"><span class='ocrx_word' id='word_1_57' title='bbox 355 665 446 729; x_wconf 85' lang='grc' dir='ltr'>Είς</span> <span class='ocrx_word' id='word_1_58' title='bbox 471 665 529 718; x_wconf 88' lang='grc' dir='ltr'><strong>δέ</strong></span> <span class='ocrx_word' id='word_1_59' title='bbox 562 667 652 718; x_wconf 87' lang='grc' dir='ltr'>τὸν</span> <span class='ocrx_word' id='word_1_60' title='bbox 687 668 811 737; x_wconf 78' lang='grc' dir='ltr'>περὶ</span> <span class='ocrx_word' id='word_1_61' title='bbox 856 666 1155 738; x_wconf 87' lang='grc' dir='ltr'>ἀνθρώπων</span> <span class='ocrx_word' id='word_1_62' title='bbox 1195 667 1370 737; x_wconf 88' lang='grc' dir='ltr'>λόγον,</span> <span class='ocrx_word' id='word_1_63' title='bbox 1409 669 1792 740; x_wconf 81' lang='grc' dir='ltr'><strong>βλαπτομένων</strong></span> <span class='ocrx_word' id='word_1_64' title='bbox 1820 673 1887 725; x_wconf 74' lang='grc' dir='ltr'>τᾶ</span> 
     </span>
    </p>
   </div>
   <div class='ocr_carea' id='block_1_9' title="bbox 1994 665 3592 744">
    <p class='ocr_par' dir='ltr' id='par_1_9' title="bbox 2029 672 3592 744">
     <span class='ocr_line' id='line_1_9' title="bbox 2029 672 3592 744; baseline 0.003 -16"><span class='ocrx_word' id='word_1_65' title='bbox 2029 674 2188 740; x_wconf 82' lang='lat' dir='ltr'><strong>dixit,</strong></span> <span class='ocrx_word' id='word_1_66' title='bbox 2222 675 2470 729; x_wconf 84' lang='lat' dir='ltr'><strong>homines</strong></span> <span class='ocrx_word' id='word_1_67' title='bbox 2494 673 2637 740; x_wconf 74' lang='lat' dir='ltr'><strong>laadi,</strong></span> <span class='ocrx_word' id='word_1_68' title='bbox 2667 672 2710 728; x_wconf 91' lang='lat' dir='ltr'><strong>si</strong></span> <span class='ocrx_word' id='word_1_69' title='bbox 2740 674 2861 744; x_wconf 86' lang='lat' dir='ltr'><strong>quis</strong></span> <span class='ocrx_word' id='word_1_70' title='bbox 2893 673 3000 728; x_wconf 83' lang='lat' dir='ltr'><strong>illis</strong></span> <span class='ocrx_word' id='word_1_71' title='bbox 3021 673 3263 729; x_wconf 85' lang='lat' dir='ltr'><strong>serviens</strong></span> <span class='ocrx_word' id='word_1_72' title='bbox 3292 675 3443 730; x_wconf 85' lang='lat' dir='ltr'><strong>alteri</strong></span> <span class='ocrx_word' id='word_1_73' title='bbox 3474 692 3592 732; x_wconf 80' lang='lat' dir='ltr'><strong>ser-</strong></span> 
     </span>
    </p>
   </div>
   <div class='ocr_carea' id='block_1_10' title="bbox 353 757 1887 838">
    <p class='ocr_par' dir='ltr' id='par_1_10' title="bbox 353 757 1887 832">
     <span class='ocr_line' id='line_1_10' title="bbox 353 757 1887 832; baseline 0.007 -23"><span class='ocrx_word' id='word_1_74' title='bbox 353 757 651 832; x_wconf 86' lang='grc' dir='ltr'>προτέρων,</span> <span class='ocrx_word' id='word_1_75' title='bbox 691 758 784 812; x_wconf 77' lang='grc' dir='ltr'><strong>ἐὰν</strong></span> <span class='ocrx_word' id='word_1_76' title='bbox 814 757 1038 832; x_wconf 82' lang='grc' dir='ltr'>δουλεύῃ</span> <span class='ocrx_word' id='word_1_77' title='bbox 1077 776 1160 823; x_wconf 89' lang='grc' dir='ltr'><strong>τις</strong></span> <span class='ocrx_word' id='word_1_78' title='bbox 1190 759 1445 832; x_wconf 84' lang='grc' dir='ltr'><strong>δευτέρῳ,</strong></span> <span class='ocrx_word' id='word_1_79' title='bbox 1489 762 1734 818; x_wconf 86' lang='grc' dir='ltr'>λεκτέον·</span> <span class='ocrx_word' id='word_1_80' title='bbox 1769 764 1887 820; x_wconf 85' lang='grc' dir='ltr'>ποία</span> 
     </span>
    </p>
   </div>
   <div class='ocr_carea' id='block_1_11' title="bbox 1994 757 3594 838">
    <p class='ocr_par' dir='ltr' id='par_1_11' title="bbox 2027 766 3594 838">
     <span class='ocr_line' id='line_1_11' title="bbox 2027 766 3594 838; baseline 0.004 -21"><span class='ocrx_word' id='word_1_81' title='bbox 2027 766 2177 833; x_wconf 84' lang='lat' dir='ltr'><strong>viat;</strong></span> <span class='ocrx_word' id='word_1_82' title='bbox 2231 769 2582 836; x_wconf 67' lang='lat' dir='ltr'><strong>qurerendnm</strong></span> <span class='ocrx_word' id='word_1_83' title='bbox 2618 778 2700 823; x_wconf 89' lang='lat' dir='ltr'><strong>est</strong></span> <span class='ocrx_word' id='word_1_84' title='bbox 2755 783 2919 838; x_wconf 86' lang='lat' dir='ltr'><strong>quam</strong></span> <span class='ocrx_word' id='word_1_85' title='bbox 2963 767 3236 822; x_wconf 80' lang='lat' dir='ltr'><strong>existimet</strong></span> <span class='ocrx_word' id='word_1_86' title='bbox 3279 770 3440 838; x_wconf 88' lang='lat' dir='ltr'><strong>priori</strong></span> <span class='ocrx_word' id='word_1_87' title='bbox 3495 771 3594 825; x_wconf 90' lang='lat' dir='ltr'><strong>ho-</strong></span> 
     </span>
    </p>
   </div>
   <div class='ocr_carea' id='block_1_12' title="bbox 353 849 1887 930">
    <p class='ocr_par' dir='ltr' id='par_1_12' title="bbox 353 849 1852 928">
     <span class='ocr_line' id='line_1_12' title="bbox 353 849 1852 928; baseline 0.005 -26"><span class='ocrx_word' id='word_1_88' title='bbox 353 849 554 922; x_wconf 77' lang='grc' dir='ltr'>βλάϐην</span> <span class='ocrx_word' id='word_1_89' title='bbox 600 852 731 922; x_wconf 74' lang='grc' dir='ltr'>φησι</span> <span class='ocrx_word' id='word_1_90' title='bbox 770 850 1012 919; x_wconf 87' lang='grc' dir='ltr'>γίνεσθαι</span> <span class='ocrx_word' id='word_1_91' title='bbox 1063 851 1138 922; x_wconf 81' lang='grc' dir='ltr'>τῷ</span> <span class='ocrx_word' id='word_1_92' title='bbox 1179 853 1428 924; x_wconf 86' lang='grc' dir='ltr'><strong>προτέρῳ</strong></span> <span class='ocrx_word' id='word_1_93' title='bbox 1469 854 1759 928; x_wconf 81' lang='grc' dir='ltr'><strong>ἀνθρώπῳ,</strong></span> <span class='ocrx_word' id='word_1_94' title='bbox 1805 857 1852 909; x_wconf 89' lang='grc' dir='ltr'>εἰ</span> 
     </span>
    </p>
   </div>
   <div class='ocr_carea' id='block_1_13' title="bbox 1994 849 3593 930">
    <p class='ocr_par' dir='ltr' id='par_1_13' title="bbox 2026 858 3593 930">
     <span class='ocr_line' id='line_1_13' title="bbox 2026 858 3593 930; baseline 0.004 -19"><span class='ocrx_word' id='word_1_95' title='bbox 2026 858 2158 912; x_wconf 87' lang='lat' dir='ltr'><strong>mini</strong></span> <span class='ocrx_word' id='word_1_96' title='bbox 2194 860 2310 913; x_wconf 86' lang='lat' dir='ltr'><strong>lieri</strong></span> <span class='ocrx_word' id='word_1_97' title='bbox 2349 860 2621 930; x_wconf 89' lang='lat' dir='ltr'><strong>injuriam,</strong></span> <span class='ocrx_word' id='word_1_98' title='bbox 2665 875 2789 916; x_wconf 88' lang='lat' dir='ltr'><strong>cum</strong></span> <span class='ocrx_word' id='word_1_99' title='bbox 2817 861 2864 915; x_wconf 84' lang='lat' dir='ltr'><strong>is</strong></span> <span class='ocrx_word' id='word_1_100' title='bbox 2897 860 2984 930; x_wconf 91' lang='lat' dir='ltr'><strong>qui</strong></span> <span class='ocrx_word' id='word_1_101' title='bbox 3022 861 3121 930; x_wconf 89' lang='lat' dir='ltr'><strong>ipsi</strong></span> <span class='ocrx_word' id='word_1_102' title='bbox 3154 861 3356 926; x_wconf 81' lang='lat' dir='ltr'><strong>servit,</strong></span> <span class='ocrx_word' id='word_1_103' title='bbox 3390 861 3593 917; x_wconf 77' lang='lat' dir='ltr'><strong>servire</strong></span> 
     </span>
    </p>
   </div>
   <div class='ocr_carea' id='block_1_14' title="bbox 348 943 1624 1022">
    <p class='ocr_par' dir='ltr' id='par_1_14' title="bbox 348 943 1624 1022">
     <span class='ocr_line' id='line_1_14' title="bbox 348 943 1624 1022; baseline 0.004 -25"><span class='ocrx_word' id='word_1_104' title='bbox 348 943 608 1000; x_wconf 81' lang='grc' dir='ltr'><strong>δουλεύων</strong></span> <span class='ocrx_word' id='word_1_105' title='bbox 635 945 783 1017; x_wconf 87' lang='grc' dir='ltr'><strong>αύτῷ</strong></span> <span class='ocrx_word' id='word_1_106' title='bbox 808 945 1074 1000; x_wconf 80' lang='grc' dir='ltr'>δουλεύειν</span> <span class='ocrx_word' id='word_1_107' title='bbox 1105 946 1274 1000; x_wconf 79' lang='grc' dir='ltr'>ἐθέλει</span> <span class='ocrx_word' id='word_1_108' title='bbox 1304 950 1398 1001; x_wconf 72' lang='grc' dir='ltr'>καὶ</span> <span class='ocrx_word' id='word_1_109' title='bbox 1423 949 1624 1022; x_wconf 88' lang='grc' dir='ltr'>ἐτέρῳ;</span> 
     </span>
    </p>
   </div>
   <div class='ocr_carea' id='block_1_15' title="bbox 416 1037 1921 1115">
    <p class='ocr_par' dir='ltr' id='par_1_15' title="bbox 416 1037 1921 1115">
     <span class='ocr_line' id='line_1_15' title="bbox 416 1037 1921 1115; baseline 0.005 -26"><span class='ocrx_word' id='word_1_110' title='bbox 416 1038 478 1089; x_wconf 84' lang='grc' dir='ltr'>Εἰ</span> <span class='ocrx_word' id='word_1_111' title='bbox 531 1038 628 1107; x_wconf 83' lang='grc' dir='ltr'>μὲν</span> <span class='ocrx_word' id='word_1_112' title='bbox 659 1039 765 1110; x_wconf 84' lang='grc' dir='ltr'>γὰρ</span> <span class='ocrx_word' id='word_1_113' title='bbox 802 1037 876 1102; x_wconf 76' lang='grc' dir='ltr'>ὡς</span> <span class='ocrx_word' id='word_1_114' title='bbox 916 1038 1128 1110; x_wconf 77' lang='grc' dir='ltr'>ἰδιώτης</span> <span class='ocrx_word' id='word_1_115' title='bbox 1164 1038 1309 1107; x_wconf 81' lang='grc' dir='ltr'>λέγει</span> <span class='ocrx_word' id='word_1_116' title='bbox 1342 1040 1436 1093; x_wconf 70' lang='grc' dir='ltr'>καὶ</span> <span class='ocrx_word' id='word_1_117' title='bbox 1455 1042 1777 1111; x_wconf 78' lang='grc' dir='ltr'>ἀφιλόσοφον</span> <span class='ocrx_word' id='word_1_118' title='bbox 1810 1041 1921 1115; x_wconf 71' lang='grc'>(27)</span> 
     </span>
    </p>
   </div>
   <div class='ocr_carea' id='block_1_16' title="bbox 349 1127 1920 1203">
    <p class='ocr_par' dir='ltr' id='par_1_16' title="bbox 349 1127 1920 1203">
     <span class='ocr_line' id='line_1_16' title="bbox 349 1127 1920 1203; baseline 0.004 -23"><span class='ocrx_word' id='word_1_119' title='bbox 349 1127 548 1198; x_wconf 79' lang='grc' dir='ltr'>βλάϐην</span> <span class='ocrx_word' id='word_1_120' title='bbox 579 1127 675 1200; x_wconf 81' lang='grc' dir='ltr'>τὴν</span> <span class='ocrx_word' id='word_1_121' title='bbox 709 1130 835 1200; x_wconf 75' lang='grc' dir='ltr'>περὶ</span> <span class='ocrx_word' id='word_1_122' title='bbox 863 1129 1156 1200; x_wconf 85' lang='grc' dir='ltr'>χρημάτων</span> <span class='ocrx_word' id='word_1_123' title='bbox 1199 1128 1305 1182; x_wconf 85' lang='grc' dir='ltr'><strong>τῶν</strong></span> <span class='ocrx_word' id='word_1_124' title='bbox 1347 1129 1499 1193; x_wconf 77' lang='grc' dir='ltr'>ἐκτὸς</span> <span class='ocrx_word' id='word_1_125' title='bbox 1551 1133 1680 1201; x_wconf 88' lang='grc' dir='ltr'>ήμῖν</span> <span class='ocrx_word' id='word_1_126' title='bbox 1718 1148 1920 1203; x_wconf 82' lang='grc' dir='ltr'>σημαι-</span> 
     </span>
    </p>
   </div>
   <div class='ocr_carea' id='block_1_17' title="bbox 351 1220 1920 1296">
    <p class='ocr_par' dir='ltr' id='par_1_17' title="bbox 351 1220 1920 1296">
     <span class='ocr_line' id='line_1_17' title="bbox 351 1220 1920 1296; baseline 0.004 -24"><span class='ocrx_word' id='word_1_127' title='bbox 351 1220 588 1290; x_wconf 85' lang='grc' dir='ltr'>νομένων</span> <span class='ocrx_word' id='word_1_128' title='bbox 623 1220 752 1291; x_wconf 68' lang='lat'><strong>(28),</strong></span> <span class='ocrx_word' id='word_1_129' title='bbox 787 1221 1064 1292; x_wconf 78' lang='grc' dir='ltr'>ἐλεγχθείη</span> <span class='ocrx_word' id='word_1_130' title='bbox 1094 1220 1159 1274; x_wconf 81' lang='grc' dir='ltr'>ἂν</span> <span class='ocrx_word' id='word_1_131' title='bbox 1203 1221 1324 1293; x_wconf 85' lang='grc' dir='ltr'>μηδ’</span> <span class='ocrx_word' id='word_1_132' title='bbox 1370 1223 1665 1295; x_wconf 80' lang='grc' dir='ltr'><strong>ἐπιστήσας</strong></span> <span class='ocrx_word' id='word_1_133' title='bbox 1708 1225 1786 1296; x_wconf 83' lang='grc' dir='ltr'>τῷ</span> <span class='ocrx_word' id='word_1_134' title='bbox 1817 1225 1920 1278; x_wconf 83' lang='grc' dir='ltr'><strong>ὑπὸ</strong></span> 
     </span>
    </p>
   </div>
   <div class='ocr_carea' id='block_1_18' title="bbox 344 1312 1918 1387">
    <p class='ocr_par' dir='ltr' id='par_1_18' title="bbox 344 1312 1918 1387">
     <span class='ocr_line' id='line_1_18' title="bbox 344 1312 1918 1387; baseline 0.004 -22"><span class='ocrx_word' id='word_1_135' title='bbox 344 1313 661 1384; x_wconf 84' lang='grc' dir='ltr'>Σωκράτους</span> <span class='ocrx_word' id='word_1_136' title='bbox 721 1313 828 1383; x_wconf 67' lang='grc' dir='ltr'>(Ξ9)</span> <span class='ocrx_word' id='word_1_137' title='bbox 885 1312 1062 1376; x_wconf 87' lang='grc' dir='ltr'>καλῶς</span> <span class='ocrx_word' id='word_1_138' title='bbox 1114 1313 1382 1386; x_wconf 79' lang='grc' dir='ltr'>εἰρημένῳ</span> <span class='ocrx_word' id='word_1_139' title='bbox 1415 1317 1473 1369; x_wconf 86' lang='grc' dir='ltr'><strong>ἐν</strong></span> <span class='ocrx_word' id='word_1_140' title='bbox 1521 1316 1618 1387; x_wconf 83' lang='grc' dir='ltr'>τῷ,</span> <span class='ocrx_word' id='word_1_141' title='bbox 1667 1317 1796 1386; x_wconf 83' lang='grc' dir='ltr'><strong>Ἐμὲ</strong></span> <span class='ocrx_word' id='word_1_142' title='bbox 1850 1318 1918 1372; x_wconf 80' lang='grc' dir='ltr'>δὲ</span> 
     </span>
    </p>
   </div>
   <div class='ocr_carea' id='block_1_19' title="bbox 345 1405 1912 1477">
    <p class='ocr_par' dir='ltr' id='par_1_19' title="bbox 345 1405 1912 1477">
     <span class='ocr_line' id='line_1_19' title="bbox 345 1405 1912 1477; baseline 0.003 -19"><span class='ocrx_word' id='word_1_143' title='bbox 345 1406 589 1470; x_wconf 80' lang='grc' dir='ltr'>Ἄνυτος</span> <span class='ocrx_word' id='word_1_144' title='bbox 642 1405 739 1458; x_wconf 76' lang='grc' dir='ltr'>καὶ</span> <span class='ocrx_word' id='word_1_145' title='bbox 788 1405 1038 1472; x_wconf 86' lang='grc' dir='ltr'>Μέλιτος</span> <span class='ocrx_word' id='word_1_146' title='bbox 1085 1406 1422 1462; x_wconf 75' lang='grc' dir='ltr'>ἀποκτεῖναι</span> <span class='ocrx_word' id='word_1_147' title='bbox 1462 1407 1578 1477; x_wconf 82' lang='grc' dir='ltr'>μὲν</span> <span class='ocrx_word' id='word_1_148' title='bbox 1606 1408 1912 1475; x_wconf 78' lang='grc' dir='ltr'>δύνανται,</span> 
     </span>
    </p>
   </div>
   <div class='ocr_carea' id='block_1_20' title="bbox 335 1495 1913 1567">
    <p class='ocr_par' dir='ltr' id='par_1_20' title="bbox 335 1495 1913 1567">
     <span class='ocr_line' id='line_1_20' title="bbox 335 1495 1913 1567; baseline 0.005 -19"><span class='ocrx_word' id='word_1_149' title='bbox 335 1495 570 1564; x_wconf 70' lang='grc' dir='ltr'>,ϐλάψαι</span> <span class='ocrx_word' id='word_1_150' title='bbox 591 1495 658 1548; x_wconf 85' lang='grc' dir='ltr'>δὲ</span> <span class='ocrx_word' id='word_1_151' title='bbox 682 1497 750 1549; x_wconf 84' lang='grc' dir='ltr'>οὔ</span> <span class='ocrx_word' id='word_1_152' title='bbox 770 1514 783 1526; x_wconf 76' lang='grc'><strong><em>⁸</em></strong></span> <span class='ocrx_word' id='word_1_153' title='bbox 802 1499 872 1550; x_wconf 85' lang='grc' dir='ltr'>οὐ</span> <span class='ocrx_word' id='word_1_154' title='bbox 897 1497 1004 1566; x_wconf 59' lang='grc' dir='ltr'><strong>γὰρ</strong></span> <span class='ocrx_word' id='word_1_155' title='bbox 1029 1498 1282 1566; x_wconf 81' lang='grc' dir='ltr'>θεμιτὸν,</span> <span class='ocrx_word' id='word_1_156' title='bbox 1302 1498 1367 1552; x_wconf 82' lang='grc' dir='ltr'>τὸ</span> <span class='ocrx_word' id='word_1_157' title='bbox 1389 1500 1656 1567; x_wconf 78' lang='grc' dir='ltr'>κρεῖττον</span> <span class='ocrx_word' id='word_1_158' title='bbox 1671 1501 1786 1556; x_wconf 75' lang='grc' dir='ltr'><strong>ὑπὸ</strong></span> <span class='ocrx_word' id='word_1_159' title='bbox 1811 1502 1913 1556; x_wconf 84' lang='grc' dir='ltr'>τοῦ</span> 
     </span>
    </p>
   </div>
   <div class='ocr_carea' id='block_1_21' title="bbox 337 1586 1912 1666">
    <p class='ocr_par' dir='ltr' id='par_1_21' title="bbox 337 1586 1912 1666">
     <span class='ocr_line' id='line_1_21' title="bbox 337 1586 1912 1666; baseline 0.006 -28"><span class='ocrx_word' id='word_1_160' title='bbox 337 1587 605 1653; x_wconf 79' lang='grc' dir='ltr'>χείρονος</span> <span class='ocrx_word' id='word_1_161' title='bbox 624 1586 996 1651; x_wconf 79' lang='grc' dir='ltr'>βλάπτεσθαι</span> <span class='ocrx_word' id='word_1_162' title='bbox 1025 1588 1154 1658; x_wconf 82' lang='grc'>(50).</span> <span class='ocrx_word' id='word_1_163' title='bbox 1185 1589 1246 1641; x_wconf 86' lang='grc' dir='ltr'><strong>Εἰ</strong></span> <span class='ocrx_word' id='word_1_164' title='bbox 1288 1590 1344 1644; x_wconf 83' lang='grc' dir='ltr'>δὲ</span> <span class='ocrx_word' id='word_1_165' title='bbox 1382 1590 1581 1663; x_wconf 79' lang='grc' dir='ltr'>βλάϐην</span> <span class='ocrx_word' id='word_1_166' title='bbox 1633 1592 1728 1664; x_wconf 87' lang='grc' dir='ltr'>τὴν</span> <span class='ocrx_word' id='word_1_167' title='bbox 1763 1593 1912 1666; x_wconf 77' lang='grc' dir='ltr'>κίνη-</span> 
     </span>
    </p>
   </div>
   <div class='ocr_carea' id='block_1_22' title="bbox 340 1677 1911 1754">
    <p class='ocr_par' dir='ltr' id='par_1_22' title="bbox 340 1677 1911 1754">
     <span class='ocr_line' id='line_1_22' title="bbox 340 1677 1911 1754; baseline 0.006 -26"><span class='ocrx_word' id='word_1_168' title='bbox 340 1677 476 1747; x_wconf 89' lang='grc' dir='ltr'>σινῆ</span> <span class='ocrx_word' id='word_1_169' title='bbox 508 1678 692 1747; x_wconf 87' lang='grc' dir='ltr'>σχέσιν</span> <span class='ocrx_word' id='word_1_170' title='bbox 724 1678 866 1747; x_wconf 86' lang='grc' dir='ltr'>λέγοι</span> <span class='ocrx_word' id='word_1_171' title='bbox 892 1680 1030 1732; x_wconf 85' lang='grc' dir='ltr'>κατὰ</span> <span class='ocrx_word' id='word_1_172' title='bbox 1069 1681 1284 1745; x_wconf 83' lang='grc' dir='ltr'>κακίαν,</span> <span class='ocrx_word' id='word_1_173' title='bbox 1323 1682 1500 1752; x_wconf 71' lang='grc' dir='ltr'>δῆλον,</span> <span class='ocrx_word' id='word_1_174' title='bbox 1531 1685 1630 1746; x_wconf 79' lang='grc' dir='ltr'>ὅτι,</span> <span class='ocrx_word' id='word_1_175' title='bbox 1660 1684 1911 1754; x_wconf 77' lang='grc' dir='ltr'>οὐδεμιᾶς</span> 
     </span>
    </p>
   </div>
   <div class='ocr_carea' id='block_1_23' title="bbox 2023 949 2428 1006">
    <p class='ocr_par' dir='ltr' id='par_1_23' title="bbox 2023 949 2428 1006">
     <span class='ocr_line' id='line_1_23' title="bbox 2023 949 2428 1006; baseline 0.005 -2"><span class='ocrx_word' id='word_1_176' title='bbox 2023 949 2140 1004; x_wconf 81' lang='lat' dir='ltr'><strong>vult</strong></span> <span class='ocrx_word' id='word_1_177' title='bbox 2167 960 2221 1005; x_wconf 88' lang='lat' dir='ltr'><strong>et</strong></span> <span class='ocrx_word' id='word_1_178' title='bbox 2248 950 2428 1006; x_wconf 81' lang='lat' dir='ltr'><strong>alteri.</strong></span> 
     </span>
    </p>
   </div>
   <div class='ocr_carea' id='block_1_24' title="bbox 2094 1040 3591 1115">
    <p class='ocr_par' dir='ltr' id='par_1_24' title="bbox 2094 1040 3591 1115">
     <span class='ocr_line' id='line_1_24' title="bbox 2094 1040 3591 1115; baseline 0.002 -18"><span class='ocrx_word' id='word_1_179' title='bbox 2094 1040 2148 1097; x_wconf 91' lang='lat'><strong>8.</strong></span> <span class='ocrx_word' id='word_1_180' title='bbox 2189 1040 2326 1096; x_wconf 82' lang='lat' dir='ltr'><strong>Nam</strong></span> <span class='ocrx_word' id='word_1_181' title='bbox 2353 1043 2398 1098; x_wconf 89' lang='lat' dir='ltr'><strong>si</strong></span> <span class='ocrx_word' id='word_1_182' title='bbox 2434 1052 2493 1099; x_wconf 94' lang='lat' dir='ltr'><strong>ut</strong></span> <span class='ocrx_word' id='word_1_183' title='bbox 2526 1044 2697 1099; x_wconf 87' lang='lat' dir='ltr'><strong>idiota</strong></span> <span class='ocrx_word' id='word_1_184' title='bbox 2731 1053 2784 1096; x_wconf 88' lang='lat' dir='ltr'><strong>et</strong></span> <span class='ocrx_word' id='word_1_185' title='bbox 2812 1043 3164 1114; x_wconf 66' lang='lat' dir='ltr'><strong>philosophiae</strong></span> <span class='ocrx_word' id='word_1_186' title='bbox 3189 1044 3337 1099; x_wconf 89' lang='lat' dir='ltr'><strong>rudis</strong></span> <span class='ocrx_word' id='word_1_187' title='bbox 3374 1061 3591 1115; x_wconf 88' lang='lat' dir='ltr'><strong>respon-</strong></span> 
     </span>
    </p>
   </div>
   <div class='ocr_carea' id='block_1_25' title="bbox 2021 1133 3616 1207">
    <p class='ocr_par' dir='ltr' id='par_1_25' title="bbox 2021 1133 3616 1207">
     <span class='ocr_line' id='line_1_25' title="bbox 2021 1133 3616 1207; baseline 0.003 -19"><span class='ocrx_word' id='word_1_188' title='bbox 2021 1133 2143 1188; x_wconf 83' lang='lat' dir='ltr'><strong>deat</strong></span> <span class='ocrx_word' id='word_1_189' title='bbox 2168 1149 2198 1188; x_wconf 91' lang='lat' dir='ltr'><strong>a</strong></span> <span class='ocrx_word' id='word_1_190' title='bbox 2231 1148 2290 1189; x_wconf 91' lang='lat' dir='ltr'><strong>se</strong></span> <span class='ocrx_word' id='word_1_191' title='bbox 2316 1136 2491 1190; x_wconf 88' lang='lat' dir='ltr'><strong>notari</strong></span> <span class='ocrx_word' id='word_1_192' title='bbox 2524 1136 2785 1206; x_wconf 82' lang='lat' dir='ltr'><strong>iacturam</strong></span> <span class='ocrx_word' id='word_1_193' title='bbox 2815 1136 3022 1190; x_wconf 87' lang='lat' dir='ltr'><strong>illarum</strong></span> <span class='ocrx_word' id='word_1_194' title='bbox 3053 1152 3252 1203; x_wconf 89' lang='lat' dir='ltr'><strong>rerum,</strong></span> <span class='ocrx_word' id='word_1_195' title='bbox 3284 1153 3402 1207; x_wconf 68' lang='lat' dir='ltr'><strong>qua:</strong></span> <span class='ocrx_word' id='word_1_196' title='bbox 3432 1142 3616 1193; x_wconf 87' lang='lat' dir='ltr'><strong>extra&#39;</strong></span> 
     </span>
    </p>
   </div>
   <div class='ocr_carea' id='block_1_26' title="bbox 2019 1228 3583 1298">
    <p class='ocr_par' dir='ltr' id='par_1_26' title="bbox 2019 1228 3583 1298">
     <span class='ocr_line' id='line_1_26' title="bbox 2019 1228 3583 1298; baseline 0.003 -20"><span class='ocrx_word' id='word_1_197' title='bbox 2019 1241 2116 1280; x_wconf 91' lang='lat' dir='ltr'><strong>nos</strong></span> <span class='ocrx_word' id='word_1_198' title='bbox 2155 1235 2322 1292; x_wconf 90' lang='lat' dir='ltr'><strong>sunt,</strong></span> <span class='ocrx_word' id='word_1_199' title='bbox 2363 1228 2726 1283; x_wconf 84' lang='lat' dir='ltr'><strong>convincetnr</strong></span> <span class='ocrx_word' id='word_1_200' title='bbox 2773 1229 3050 1298; x_wconf 78' lang='lat' dir='ltr'><strong>ignorasse</strong></span> <span class='ocrx_word' id='word_1_201' title='bbox 3087 1229 3407 1298; x_wconf 70' lang='lat' dir='ltr'><strong>prmclarum</strong></span> <span class='ocrx_word' id='word_1_202' title='bbox 3443 1230 3583 1282; x_wconf 85' lang='lat' dir='ltr'><strong>istud</strong></span> 
     </span>
    </p>
   </div>
   <div class='ocr_carea' id='block_1_27' title="bbox 2019 1315 3584 1390">
    <p class='ocr_par' dir='ltr' id='par_1_27' title="bbox 2019 1315 3584 1390">
     <span class='ocr_line' id='line_1_27' title="bbox 2019 1315 3584 1390; baseline 0.003 -20"><span class='ocrx_word' id='word_1_203' title='bbox 2019 1315 2260 1374; x_wconf 90' lang='lat' dir='ltr'><strong>Socratis</strong></span> <span class='ocrx_word' id='word_1_204' title='bbox 2303 1318 2562 1376; x_wconf 84' lang='lat' dir='ltr'><strong>eﬂ&#39;atum:</strong></span> <span class='ocrx_word' id='word_1_205' title='bbox 2612 1319 2861 1375; x_wconf 81' lang='lat' dir='ltr'><strong>Occidere</strong></span> <span class='ocrx_word' id='word_1_206' title='bbox 2906 1338 2986 1376; x_wconf 85' lang='lat' dir='ltr'><strong>me</strong></span> <span class='ocrx_word' id='word_1_207' title='bbox 3035 1332 3245 1390; x_wconf 73' lang='lat' dir='ltr'><strong>possunt</strong></span> <span class='ocrx_word' id='word_1_208' title='bbox 3294 1323 3488 1390; x_wconf 81' lang='lat' dir='ltr'><strong>Anytus</strong></span> <span class='ocrx_word' id='word_1_209' title='bbox 3533 1332 3584 1376; x_wconf 83' lang='lat' dir='ltr'><strong>et</strong></span> 
     </span>
    </p>
   </div>
   <div class='ocr_carea' id='block_1_28' title="bbox 2021 1409 3583 1481">
    <p class='ocr_par' dir='ltr' id='par_1_28' title="bbox 2021 1409 3583 1481">
     <span class='ocr_line' id='line_1_28' title="bbox 2021 1409 3583 1481; baseline 0.003 -19"><span class='ocrx_word' id='word_1_210' title='bbox 2021 1409 2233 1465; x_wconf 77' lang='lat' dir='ltr'><strong>Helitus</strong></span> <span class='ocrx_word' id='word_1_211' title='bbox 2256 1453 2270 1476; x_wconf 95' lang='lat'><strong>,</strong></span> <span class='ocrx_word' id='word_1_212' title='bbox 2305 1411 2494 1466; x_wconf 74' lang='lat' dir='ltr'><strong>[ardere</strong></span> <span class='ocrx_word' id='word_1_213' title='bbox 2528 1429 2650 1466; x_wconf 83' lang='lat' dir='ltr'><strong>vero</strong></span> <span class='ocrx_word' id='word_1_214' title='bbox 2684 1413 2939 1478; x_wconf 85' lang='lat' dir='ltr'><strong>minime;</strong></span> <span class='ocrx_word' id='word_1_215' title='bbox 2982 1430 3101 1466; x_wconf 80' lang='lat' dir='ltr'><strong>nam</strong></span> <span class='ocrx_word' id='word_1_216' title='bbox 3130 1414 3248 1480; x_wconf 83' lang='lat' dir='ltr'><strong>ﬁeri</strong></span> <span class='ocrx_word' id='word_1_217' title='bbox 3285 1430 3385 1466; x_wconf 84' lang='lat' dir='ltr'><strong>non</strong></span> <span class='ocrx_word' id='word_1_218' title='bbox 3419 1421 3583 1481; x_wconf 75' lang='lat' dir='ltr'><strong>potest</strong></span> 
     </span>
    </p>
   </div>
   <div class='ocr_carea' id='block_1_29' title="bbox 2014 1504 3582 1573">
    <p class='ocr_par' dir='ltr' id='par_1_29' title="bbox 2014 1504 3582 1573">
     <span class='ocr_line' id='line_1_29' title="bbox 2014 1504 3582 1573; baseline 0.002 -17"><span class='ocrx_word' id='word_1_219' title='bbox 2014 1512 2073 1556; x_wconf 84' lang='lat' dir='ltr'><strong>ut</strong></span> <span class='ocrx_word' id='word_1_220' title='bbox 2107 1505 2244 1573; x_wconf 83' lang='lat' dir='ltr'><strong>quod</strong></span> <span class='ocrx_word' id='word_1_221' title='bbox 2281 1508 2620 1573; x_wconf 72' lang='lat' dir='ltr'><strong>prwstantius</strong></span> <span class='ocrx_word' id='word_1_222' title='bbox 2645 1517 2720 1560; x_wconf 81' lang='lat' dir='ltr'><strong>est</strong></span> <span class='ocrx_word' id='word_1_223' title='bbox 2750 1524 2782 1560; x_wconf 90' lang='lat' dir='ltr'><strong>a</strong></span> <span class='ocrx_word' id='word_1_224' title='bbox 2816 1507 3070 1560; x_wconf 83' lang='lat' dir='ltr'><strong>deteriore</strong></span> <span class='ocrx_word' id='word_1_225' title='bbox 3100 1505 3341 1559; x_wconf 69' lang='lat' dir='ltr'><strong>(cedatur.</strong></span> <span class='ocrx_word' id='word_1_226' title='bbox 3376 1504 3468 1559; x_wconf 90' lang='lat' dir='ltr'><strong>Sin</strong></span> <span class='ocrx_word' id='word_1_227' title='bbox 3500 1508 3582 1560; x_wconf 89' lang='lat' dir='ltr'><strong>in-</strong></span> 
     </span>
    </p>
   </div>
   <div class='ocr_carea' id='block_1_30' title="bbox 2012 1594 3578 1665">
    <p class='ocr_par' dir='ltr' id='par_1_30' title="bbox 2012 1594 3578 1665">
     <span class='ocr_line' id='line_1_30' title="bbox 2012 1594 3578 1665; baseline 0.005 -19"><span class='ocrx_word' id='word_1_228' title='bbox 2012 1594 2216 1665; x_wconf 84' lang='lat' dir='ltr'><strong>telligat</strong></span> <span class='ocrx_word' id='word_1_229' title='bbox 2248 1596 2458 1663; x_wconf 76' lang='lat' dir='ltr'><strong>injuriae</strong></span> <span class='ocrx_word' id='word_1_230' title='bbox 2504 1599 2728 1653; x_wconf 84' lang='lat' dir='ltr'><strong>nomine</strong></span> <span class='ocrx_word' id='word_1_231' title='bbox 2769 1608 2974 1653; x_wconf 88' lang='lat' dir='ltr'><strong>motum</strong></span> <span class='ocrx_word' id='word_1_232' title='bbox 3005 1605 3097 1651; x_wconf 88' lang='lat' dir='ltr'><strong>aut</strong></span> <span class='ocrx_word' id='word_1_233' title='bbox 3141 1599 3377 1652; x_wconf 88' lang='lat' dir='ltr'><strong>habitum</strong></span> <span class='ocrx_word' id='word_1_234' title='bbox 3425 1601 3578 1654; x_wconf 84' lang='lat' dir='ltr'><strong>vitio-</strong></span> 
     </span>
    </p>
   </div>
   <div class='ocr_carea' id='block_1_31' title="bbox 2015 1690 3579 1761">
    <p class='ocr_par' dir='ltr' id='par_1_31' title="bbox 2015 1690 3579 1761">
     <span class='ocr_line' id='line_1_31' title="bbox 2015 1690 3579 1761; baseline 0.005 -22"><span class='ocrx_word' id='word_1_235' title='bbox 2015 1701 2156 1754; x_wconf 89' lang='lat' dir='ltr'><strong>sum,</strong></span> <span class='ocrx_word' id='word_1_236' title='bbox 2188 1697 2420 1753; x_wconf 80' lang='lat' dir='ltr'><strong>constat,</strong></span> <span class='ocrx_word' id='word_1_237' title='bbox 2454 1705 2579 1744; x_wconf 91' lang='lat' dir='ltr'><strong>eum</strong></span> <span class='ocrx_word' id='word_1_238' title='bbox 2612 1690 2755 1744; x_wconf 81' lang='lat' dir='ltr'><strong>nulla</strong></span> <span class='ocrx_word' id='word_1_239' title='bbox 2789 1691 3050 1761; x_wconf 82' lang='lat' dir='ltr'><strong>ejusmodi</strong></span> <span class='ocrx_word' id='word_1_240' title='bbox 3088 1691 3142 1745; x_wconf 92' lang='lat' dir='ltr'><strong>in</strong></span> <span class='ocrx_word' id='word_1_241' title='bbox 3177 1691 3453 1759; x_wconf 82' lang='lat' dir='ltr'><strong>sapientes</strong></span> <span class='ocrx_word' id='word_1_242' title='bbox 3483 1708 3579 1746; x_wconf 86' lang='lat' dir='ltr'><strong>ca-</strong></span> 
     </span>
    </p>
   </div>
   <div class='ocr_carea' id='block_1_32' title="bbox 338 1766 1887 1854">
    <p class='ocr_par' dir='ltr' id='par_1_32' title="bbox 338 1766 1887 1839">
     <span class='ocr_line' id='line_1_32' title="bbox 338 1766 1887 1839; baseline 0.005 -22"><span class='ocrx_word' id='word_1_243' title='bbox 338 1766 626 1835; x_wconf 88' lang='grc' dir='ltr'>γινομένης</span> <span class='ocrx_word' id='word_1_244' title='bbox 657 1766 857 1837; x_wconf 72' lang='grc' dir='ltr'>βλάϐης</span> <span class='ocrx_word' id='word_1_245' title='bbox 893 1768 1017 1839; x_wconf 74' lang='grc' dir='ltr'>περὶ</span> <span class='ocrx_word' id='word_1_246' title='bbox 1057 1771 1181 1833; x_wconf 77' lang='grc' dir='ltr'>τοὺς</span> <span class='ocrx_word' id='word_1_247' title='bbox 1212 1773 1424 1838; x_wconf 79' lang='grc' dir='ltr'>σοφοὺς,</span> <span class='ocrx_word' id='word_1_248' title='bbox 1459 1772 1696 1825; x_wconf 83' lang='grc' dir='ltr'>δουλεύει</span> <span class='ocrx_word' id='word_1_249' title='bbox 1737 1789 1819 1835; x_wconf 87' lang='grc' dir='ltr'><strong>τις</strong></span> <span class='ocrx_word' id='word_1_250' title='bbox 1856 1775 1887 1825; x_wconf 88' lang='grc' dir='ltr'><strong>ἐ¹</strong></span> 
     </span>
    </p>
   </div>
   <div class='ocr_carea' id='block_1_33' title="bbox 1994 1766 3578 1854">
    <p class='ocr_par' dir='ltr' id='par_1_33' title="bbox 2016 1781 3578 1854">
     <span class='ocr_line' id='line_1_33' title="bbox 2016 1781 3578 1854; baseline 0.005 -22"><span class='ocrx_word' id='word_1_251' title='bbox 2016 1782 2106 1833; x_wconf 83' lang='lat' dir='ltr'><strong>dat</strong></span> <span class='ocrx_word' id='word_1_252' title='bbox 2146 1781 2341 1851; x_wconf 87' lang='lat' dir='ltr'><strong>injuria</strong></span> <span class='ocrx_word' id='word_1_253' title='bbox 2372 1821 2387 1846; x_wconf 95' lang='lat'><strong>,</strong></span> <span class='ocrx_word' id='word_1_254' title='bbox 2421 1797 2580 1851; x_wconf 83' lang='lat' dir='ltr'><strong>posse</strong></span> <span class='ocrx_word' id='word_1_255' title='bbox 2614 1784 2804 1837; x_wconf 80' lang='lat' dir='ltr'><strong>serviri</strong></span> <span class='ocrx_word' id='word_1_256' title='bbox 2838 1785 3046 1839; x_wconf 87' lang='lat' dir='ltr'><strong>duobus</strong></span> <span class='ocrx_word' id='word_1_257' title='bbox 3080 1784 3411 1852; x_wconf 89' lang='lat' dir='ltr'><strong>sapientibus</strong></span> <span class='ocrx_word' id='word_1_258' title='bbox 3441 1825 3455 1849; x_wconf 96' lang='lat'><strong>,</strong></span> <span class='ocrx_word' id='word_1_259' title='bbox 3483 1787 3578 1854; x_wconf 88' lang='lat' dir='ltr'><strong>qui</strong></span> 
     </span>
    </p>
   </div>
   <div class='ocr_carea' id='block_1_34' title="bbox 334 1857 1906 1932">
    <p class='ocr_par' dir='ltr' id='par_1_34' title="bbox 334 1857 1906 1932">
     <span class='ocr_line' id='line_1_34' title="bbox 334 1857 1906 1932; baseline 0.007 -23"><span class='ocrx_word' id='word_1_260' title='bbox 334 1857 636 1928; x_wconf 86' lang='grc' dir='ltr'>διεστηκόσι</span> <span class='ocrx_word' id='word_1_261' title='bbox 669 1860 851 1924; x_wconf 82' lang='grc' dir='ltr'>τόποις</span> <span class='ocrx_word' id='word_1_262' title='bbox 891 1858 1009 1914; x_wconf 76' lang='grc' dir='ltr'>οὖσι</span> <span class='ocrx_word' id='word_1_263' title='bbox 1043 1861 1134 1914; x_wconf 89' lang='grc' dir='ltr'><strong>δύο</strong></span> <span class='ocrx_word' id='word_1_264' title='bbox 1186 1866 1385 1932; x_wconf 79' lang='grc' dir='ltr'>σοφοῖς.</span> <span class='ocrx_word' id='word_1_265' title='bbox 1421 1865 1484 1916; x_wconf 88' lang='grc' dir='ltr'><strong>Εἰ</strong></span> <span class='ocrx_word' id='word_1_266' title='bbox 1513 1865 1556 1917; x_wconf 92' lang='grc' dir='ltr'>δ’</span> <span class='ocrx_word' id='word_1_267' title='bbox 1601 1864 1721 1917; x_wconf 81' lang='grc' dir='ltr'>οὐδὲ</span> <span class='ocrx_word' id='word_1_268' title='bbox 1754 1864 1906 1920; x_wconf 84' lang='grc' dir='ltr'>τοῦτο</span> 
     </span>
    </p>
   </div>
   <div class='ocr_carea' id='block_1_35' title="bbox 333 1949 1907 2036">
    <p class='ocr_par' dir='ltr' id='par_1_35' title="bbox 333 1949 1907 2036">
     <span class='ocr_line' id='line_1_35' title="bbox 333 1949 1907 2036; baseline 0.005 -32"><span class='ocrx_word' id='word_1_269' title='bbox 333 1949 572 2020; x_wconf 76' lang='grc' dir='ltr'>εὔλογον,</span> <span class='ocrx_word' id='word_1_270' title='bbox 628 1953 802 2025; x_wconf 82' lang='grc' dir='ltr'>μάτην</span> <span class='ocrx_word' id='word_1_271' title='bbox 847 1953 995 2024; x_wconf 83' lang='grc' dir='ltr'><strong>αὐτῷ</strong></span> <span class='ocrx_word' id='word_1_272' title='bbox 1047 1956 1411 2027; x_wconf 76' lang='grc' dir='ltr'>παρείληπται</span> <span class='ocrx_word' id='word_1_273' title='bbox 1457 1958 1516 2010; x_wconf 85' lang='grc' dir='ltr'>τὸ</span> <span class='ocrx_word' id='word_1_274' title='bbox 1560 1957 1907 2036; x_wconf 82' lang='grc' dir='ltr'>παράδειγμα</span> 
     </span>
    </p>
   </div>
   <div class='ocr_carea' id='block_1_36' title="bbox 332 2045 1905 2120">
    <p class='ocr_par' dir='ltr' id='par_1_36' title="bbox 332 2045 1905 2120">
     <span class='ocr_line' id='line_1_36' title="bbox 332 2045 1905 2120; baseline 0.004 -23"><span class='ocrx_word' id='word_1_275' title='bbox 332 2045 666 2116; x_wconf 85' lang='grc' dir='ltr'>κατηγοροῦν</span> <span class='ocrx_word' id='word_1_276' title='bbox 698 2046 820 2110; x_wconf 81' lang='grc' dir='ltr'>τοῦ,</span> <span class='ocrx_word' id='word_1_277' title='bbox 857 2046 1054 2114; x_wconf 68' lang='grc' dir='ltr'>οὐδεὶς</span> <span class='ocrx_word' id='word_1_278' title='bbox 1085 2047 1192 2118; x_wconf 76' lang='grc'>(51)</span> <span class='ocrx_word' id='word_1_279' title='bbox 1225 2049 1470 2104; x_wconf 78' lang='grc' dir='ltr'>δύναται</span> <span class='ocrx_word' id='word_1_280' title='bbox 1503 2051 1642 2104; x_wconf 79' lang='grc' dir='ltr'>δυσὶ</span> <span class='ocrx_word' id='word_1_281' title='bbox 1679 2052 1905 2120; x_wconf 73' lang='grc' dir='ltr'>κυρίοις</span> 
     </span>
    </p>
   </div>
   <div class='ocr_carea' id='block_1_37' title="bbox 330 2134 1904 2211">
    <p class='ocr_par' dir='ltr' id='par_1_37' title="bbox 330 2134 1904 2211">
     <span class='ocr_line' id='line_1_37' title="bbox 330 2134 1904 2211; baseline 0.006 -23"><span class='ocrx_word' id='word_1_282' title='bbox 330 2134 670 2189; x_wconf 79' lang='grc' dir='ltr'>δουλεύειν·</span> <span class='ocrx_word' id='word_1_283' title='bbox 708 2137 801 2190; x_wconf 75' lang='grc' dir='ltr'>καὶ</span> <span class='ocrx_word' id='word_1_284' title='bbox 833 2137 1031 2206; x_wconf 84' lang='grc' dir='ltr'>μᾶλλον</span> <span class='ocrx_word' id='word_1_285' title='bbox 1059 2141 1087 2191; x_wconf 90' lang='grc' dir='ltr'><strong>ό</strong></span> <span class='ocrx_word' id='word_1_286' title='bbox 1114 2140 1239 2211; x_wconf 82' lang='grc' dir='ltr'>περὶ</span> <span class='ocrx_word' id='word_1_287' title='bbox 1267 2141 1362 2210; x_wconf 77' lang='grc' dir='ltr'>τῆς</span> <span class='ocrx_word' id='word_1_288' title='bbox 1395 2143 1472 2205; x_wconf 81' lang='grc' dir='ltr'><strong>εἰς</strong></span> <span class='ocrx_word' id='word_1_289' title='bbox 1506 2142 1595 2195; x_wconf 81' lang='grc' dir='ltr'><strong>τὸν</strong></span> <span class='ocrx_word' id='word_1_290' title='bbox 1633 2143 1764 2196; x_wconf 79' lang='grc' dir='ltr'>Θεὸν</span> <span class='ocrx_word' id='word_1_291' title='bbox 1795 2143 1904 2198; x_wconf 77' lang='grc' dir='ltr'><strong>τῶν</strong></span> 
     </span>
    </p>
   </div>
   <div class='ocr_carea' id='block_1_38' title="bbox 328 2223 1904 2306">
    <p class='ocr_par' dir='ltr' id='par_1_38' title="bbox 328 2223 1904 2306">
     <span class='ocr_line' id='line_1_38' title="bbox 328 2223 1904 2306; baseline 0.008 -30"><span class='ocrx_word' id='word_1_292' title='bbox 328 2223 462 2278; x_wconf 73' lang='grc' dir='ltr'>ὅλων</span> <span class='ocrx_word' id='word_1_293' title='bbox 513 2225 754 2289; x_wconf 82' lang='grc' dir='ltr'>δουλείας</span> <span class='ocrx_word' id='word_1_294' title='bbox 801 2227 956 2297; x_wconf 88' lang='grc' dir='ltr'>μόνον</span> <span class='ocrx_word' id='word_1_295' title='bbox 1003 2228 1088 2281; x_wconf 80' lang='grc' dir='ltr'><strong>διὰ</strong></span> <span class='ocrx_word' id='word_1_296' title='bbox 1127 2229 1219 2281; x_wconf 88' lang='grc' dir='ltr'><strong>τοῦ</strong></span> <span class='ocrx_word' id='word_1_297' title='bbox 1271 2231 1633 2302; x_wconf 80' lang='grc' dir='ltr'>προσάγοντος</span> <span class='ocrx_word' id='word_1_298' title='bbox 1676 2233 1754 2304; x_wconf 81' lang='grc' dir='ltr'>τῷ</span> <span class='ocrx_word' id='word_1_299' title='bbox 1785 2234 1904 2306; x_wconf 83' lang='grc' dir='ltr'><strong>Θεῷ</strong></span> 
     </span>
    </p>
   </div>
   <div class='ocr_carea' id='block_1_39' title="bbox 327 2315 1902 2397">
    <p class='ocr_par' dir='ltr' id='par_1_39' title="bbox 327 2315 1902 2397">
     <span class='ocr_line' id='line_1_39' title="bbox 327 2315 1902 2397; baseline 0.007 -29"><span class='ocrx_word' id='word_1_300' title='bbox 327 2315 457 2368; x_wconf 85' lang='grc' dir='ltr'>Υίοῦ</span> <span class='ocrx_word' id='word_1_301' title='bbox 486 2317 646 2369; x_wconf 79' lang='grc' dir='ltr'>αὐτοῦ</span> <span class='ocrx_word' id='word_1_302' title='bbox 675 2319 933 2390; x_wconf 81' lang='grc' dir='ltr'>κρατήσει</span> <span class='ocrx_word' id='word_1_303' title='bbox 958 2318 1128 2388; x_wconf 86' lang='grc' dir='ltr'>λόγος.</span> <span class='ocrx_word' id='word_1_304' title='bbox 1161 2322 1326 2374; x_wconf 72' lang='grc' dir='ltr'>ςἈλλά</span> <span class='ocrx_word' id='word_1_305' title='bbox 1362 2323 1453 2375; x_wconf 69' lang='grc' dir='ltr'>καὶ</span> <span class='ocrx_word' id='word_1_306' title='bbox 1485 2325 1580 2394; x_wconf 82' lang='grc' dir='ltr'>οὐχ</span> <span class='ocrx_word' id='word_1_307' title='bbox 1609 2324 1684 2388; x_wconf 88' lang='grc' dir='ltr'>ὡς</span> <span class='ocrx_word' id='word_1_308' title='bbox 1712 2325 1902 2397; x_wconf 86' lang='grc' dir='ltr'>δεόμε-</span> 
     </span>
    </p>
   </div>
   <div class='ocr_carea' id='block_1_40' title="bbox 326 2406 1900 2484">
    <p class='ocr_par' dir='ltr' id='par_1_40' title="bbox 326 2406 1900 2484">
     <span class='ocr_line' id='line_1_40' title="bbox 326 2406 1900 2484; baseline 0.008 -27"><span class='ocrx_word' id='word_1_309' title='bbox 326 2422 415 2458; x_wconf 89' lang='grc' dir='ltr'><strong>νον</strong></span> <span class='ocrx_word' id='word_1_310' title='bbox 450 2407 540 2460; x_wconf 76' lang='grc' dir='ltr'>τὸν</span> <span class='ocrx_word' id='word_1_311' title='bbox 569 2406 698 2459; x_wconf 74' lang='grc' dir='ltr'>Θεὸν</span> <span class='ocrx_word' id='word_1_312' title='bbox 733 2408 1158 2480; x_wconf 80' lang='grc' dir='ltr'>θεραπεύσομέν,</span> <span class='ocrx_word' id='word_1_313' title='bbox 1193 2411 1301 2464; x_wconf 80' lang='grc' dir='ltr'>οὐδ’</span> <span class='ocrx_word' id='word_1_314' title='bbox 1337 2412 1410 2475; x_wconf 86' lang='grc' dir='ltr'>ὡς</span> <span class='ocrx_word' id='word_1_315' title='bbox 1443 2412 1801 2484; x_wconf 81' lang='grc' dir='ltr'>λυπούμενον,</span> <span class='ocrx_word' id='word_1_316' title='bbox 1836 2416 1900 2469; x_wconf 79' lang='grc' dir='ltr'>ἂν</span> 
     </span>
    </p>
   </div>
   <div class='ocr_carea' id='block_1_41' title="bbox 326 2493 1899 2578">
    <p class='ocr_par' dir='ltr' id='par_1_41' title="bbox 326 2493 1899 2578">
     <span class='ocr_line' id='line_1_41' title="bbox 326 2493 1899 2578; baseline 0.01 -33"><span class='ocrx_word' id='word_1_317' title='bbox 326 2493 401 2566; x_wconf 81' lang='grc' dir='ltr'>μὴ</span> <span class='ocrx_word' id='word_1_318' title='bbox 437 2493 824 2569; x_wconf 85' lang='grc' dir='ltr'>θεραπεύωμεν</span> <span class='ocrx_word' id='word_1_319' title='bbox 852 2501 1009 2556; x_wconf 73' lang='grc' dir='ltr'>αὐτόν</span> <span class='ocrx_word' id='word_1_320' title='bbox 1030 2519 1042 2531; x_wconf 86' lang='grc'><strong>·</strong></span> <span class='ocrx_word' id='word_1_321' title='bbox 1075 2502 1185 2554; x_wconf 82' lang='grc' dir='ltr'>ἀλλ’</span> <span class='ocrx_word' id='word_1_322' title='bbox 1220 2503 1295 2566; x_wconf 87' lang='grc' dir='ltr'>ὼς</span> <span class='ocrx_word' id='word_1_323' title='bbox 1326 2504 1477 2557; x_wconf 72' lang='grc' dir='ltr'>αὐτοὶ</span> <span class='ocrx_word' id='word_1_324' title='bbox 1510 2505 1616 2557; x_wconf 83' lang='grc' dir='ltr'><strong>ἀπὸ</strong></span> <span class='ocrx_word' id='word_1_325' title='bbox 1644 2507 1740 2576; x_wconf 78' lang='grc' dir='ltr'>τῆς</span> <span class='ocrx_word' id='word_1_326' title='bbox 1766 2508 1899 2578; x_wconf 77' lang='grc' dir='ltr'>πρὸς</span> 
     </span>
    </p>
   </div>
   <div class='ocr_carea' id='block_1_42' title="bbox 322 2586 1899 2666">
    <p class='ocr_par' dir='ltr' id='par_1_42' title="bbox 322 2586 1899 2666">
     <span class='ocr_line' id='line_1_42' title="bbox 322 2586 1899 2666; baseline 0.01 -27"><span class='ocrx_word' id='word_1_327' title='bbox 322 2586 410 2641; x_wconf 74' lang='grc' dir='ltr'>τὸν</span> <span class='ocrx_word' id='word_1_328' title='bbox 465 2589 593 2643; x_wconf 76' lang='grc' dir='ltr'>Θεὸν</span> <span class='ocrx_word' id='word_1_329' title='bbox 640 2591 932 2663; x_wconf 80' lang='grc' dir='ltr'>θεραπείας</span> <span class='ocrx_word' id='word_1_330' title='bbox 973 2594 1356 2666; x_wconf 77' lang='grc' dir='ltr'>ὠφελούμενοι,</span> <span class='ocrx_word' id='word_1_331' title='bbox 1412 2600 1503 2651; x_wconf 77' lang='grc' dir='ltr'>καὶ</span> <span class='ocrx_word' id='word_1_332' title='bbox 1567 2601 1758 2654; x_wconf 82' lang='grc' dir='ltr'>ἄλυποι</span> <span class='ocrx_word' id='word_1_333' title='bbox 1807 2603 1899 2655; x_wconf 82' lang='grc' dir='ltr'>καὶ</span> 
     </span>
    </p>
   </div>
   <div class='ocr_carea' id='block_1_43' title="bbox 322 2677 1896 2762">
    <p class='ocr_par' dir='ltr' id='par_1_43' title="bbox 322 2677 1896 2762">
     <span class='ocr_line' id='line_1_43' title="bbox 322 2677 1896 2762; baseline 0.012 -32"><span class='ocrx_word' id='word_1_334' title='bbox 322 2677 548 2742; x_wconf 86' lang='grc' dir='ltr'>ἀπαθεῖς</span> <span class='ocrx_word' id='word_1_335' title='bbox 593 2682 899 2752; x_wconf 85' lang='grc' dir='ltr'>γιγνόμενοι</span> <span class='ocrx_word' id='word_1_336' title='bbox 955 2686 1017 2737; x_wconf 84' lang='grc' dir='ltr'><strong>ἐκ</strong></span> <span class='ocrx_word' id='word_1_337' title='bbox 1062 2686 1155 2739; x_wconf 87' lang='grc' dir='ltr'><strong>τοῦ</strong></span> <span class='ocrx_word' id='word_1_338' title='bbox 1198 2686 1465 2742; x_wconf 87' lang='grc' dir='ltr'>δουλεύειν</span> <span class='ocrx_word' id='word_1_339' title='bbox 1514 2689 1590 2762; x_wconf 81' lang='grc' dir='ltr'><strong>τῷ</strong></span> <span class='ocrx_word' id='word_1_340' title='bbox 1627 2691 1718 2743; x_wconf 58' lang='grc' dir='ltr'><strong>ἐπὶ</strong></span> <span class='ocrx_word' id='word_1_341' title='bbox 1765 2695 1896 2750; x_wconf 82' lang='grc' dir='ltr'>πᾶσι</span> 
     </span>
    </p>
   </div>
   <div class='ocr_carea' id='block_1_44' title="bbox 319 2767 1892 2854">
    <p class='ocr_par' dir='ltr' id='par_1_44' title="bbox 319 2767 1892 2854">
     <span class='ocr_line' id='line_1_44' title="bbox 319 2767 1892 2854; baseline 0.011 -33"><span class='ocrx_word' id='word_1_342' title='bbox 319 2767 436 2838; x_wconf 84' lang='grc' dir='ltr'>Θεῷ</span> <span class='ocrx_word' id='word_1_343' title='bbox 476 2769 562 2823; x_wconf 76' lang='grc' dir='ltr'>διὰ</span> <span class='ocrx_word' id='word_1_344' title='bbox 606 2772 698 2825; x_wconf 89' lang='grc' dir='ltr'><strong>τοῦ</strong></span> <span class='ocrx_word' id='word_1_345' title='bbox 748 2775 1066 2844; x_wconf 83' lang='grc' dir='ltr'>μονογενοῦς</span> <span class='ocrx_word' id='word_1_346' title='bbox 1113 2778 1276 2831; x_wconf 85' lang='grc' dir='ltr'>αὑτοῦ</span> <span class='ocrx_word' id='word_1_347' title='bbox 1337 2781 1509 2848; x_wconf 86' lang='grc' dir='ltr'>Λόγου</span> <span class='ocrx_word' id='word_1_348' title='bbox 1563 2784 1656 2834; x_wconf 81' lang='grc' dir='ltr'>καὶ</span> <span class='ocrx_word' id='word_1_349' title='bbox 1686 2785 1892 2854; x_wconf 84' lang='grc' dir='ltr'>σοφίας.</span> 
     </span>
    </p>
   </div>
   <div class='ocr_carea' id='block_1_45' title="bbox 394 2862 1894 2944">
    <p class='ocr_par' dir='ltr' id='par_1_45' title="bbox 394 2862 1894 2944">
     <span class='ocr_line' id='line_1_45' title="bbox 394 2862 1894 2944; baseline 0.012 -30"><span class='ocrx_word' id='word_1_350' title='bbox 394 2862 532 2932; x_wconf 88' lang='grc' dir='ltr'>Ὅρα</span> <span class='ocrx_word' id='word_1_351' title='bbox 577 2863 632 2916; x_wconf 81' lang='grc' dir='ltr'>δὲ</span> <span class='ocrx_word' id='word_1_352' title='bbox 669 2865 782 2928; x_wconf 85' lang='grc' dir='ltr'>πῶς</span> <span class='ocrx_word' id='word_1_353' title='bbox 833 2865 1185 2923; x_wconf 79' lang='grc' dir='ltr'>άὸασάνιστόν</span> <span class='ocrx_word' id='word_1_354' title='bbox 1209 2872 1322 2924; x_wconf 87' lang='grc' dir='ltr'>ἐστι</span> <span class='ocrx_word' id='word_1_355' title='bbox 1352 2875 1438 2938; x_wconf 86' lang='grc' dir='ltr'>τὸ,</span> <span class='ocrx_word' id='word_1_356' title='bbox 1475 2877 1541 2928; x_wconf 86' lang='lat' dir='ltr'><strong>El</strong></span> <span class='ocrx_word' id='word_1_357' title='bbox 1571 2874 1679 2944; x_wconf 80' lang='grc' dir='ltr'><strong>γάρ</strong></span> <span class='ocrx_word' id='word_1_358' title='bbox 1710 2893 1762 2928; x_wconf 81' lang='grc' dir='ltr'>τι</span> <span class='ocrx_word' id='word_1_359' title='bbox 1797 2878 1894 2932; x_wconf 80' lang='grc' dir='ltr'><strong>καί</strong></span> 
     </span>
    </p>
   </div>
   <div class='ocr_carea' id='block_1_46' title="bbox 314 2947 1892 3036">
    <p class='ocr_par' dir='ltr' id='par_1_46' title="bbox 314 2947 1892 3036">
     <span class='ocr_line' id='line_1_46' title="bbox 314 2947 1892 3036; baseline 0.013 -34"><span class='ocrx_word' id='word_1_360' title='bbox 314 2947 466 3004; x_wconf 75' lang='grc' dir='ltr'>ἄλλο</span> <span class='ocrx_word' id='word_1_361' title='bbox 498 2949 614 3005; x_wconf 83' lang='grc' dir='ltr'>τῶν</span> <span class='ocrx_word' id='word_1_362' title='bbox 636 2954 706 3006; x_wconf 80' lang='grc' dir='ltr'>ἐν</span> <span class='ocrx_word' id='word_1_363' title='bbox 738 2955 860 3022; x_wconf 83' lang='grc' dir='ltr'>τοῖς</span> <span class='ocrx_word' id='word_1_364' title='bbox 880 2955 1041 3024; x_wconf 89' lang='grc' dir='ltr'>ὅλοις</span> <span class='ocrx_word' id='word_1_365' title='bbox 1073 2962 1457 3028; x_wconf 74' lang='grc' dir='ltr'>θεραπεύσεις</span> <span class='ocrx_word' id='word_1_366' title='bbox 1476 2980 1490 2993; x_wconf 87' lang='grc'><strong>·</strong></span> <span class='ocrx_word' id='word_1_367' title='bbox 1529 2965 1585 3018; x_wconf 84' lang='grc' dir='ltr'><strong>ἐν</strong></span> <span class='ocrx_word' id='word_1_368' title='bbox 1615 2958 1658 3032; x_wconf 78' lang='grc' dir='ltr'><strong>ᾧ</strong></span> <span class='ocrx_word' id='word_1_369' title='bbox 1685 2968 1892 3036; x_wconf 86' lang='grc' dir='ltr'>ἐμφαί-</span> 
     </span>
    </p>
   </div>
   <div class='ocr_carea' id='block_1_47' title="bbox 313 3044 1893 3130">
    <p class='ocr_par' dir='ltr' id='par_1_47' title="bbox 313 3044 1893 3130">
     <span class='ocr_line' id='line_1_47' title="bbox 313 3044 1893 3130; baseline 0.011 -35"><span class='ocrx_word' id='word_1_370' title='bbox 313 3059 458 3097; x_wconf 87' lang='grc' dir='ltr'>νεται</span> <span class='ocrx_word' id='word_1_371' title='bbox 498 3044 595 3117; x_wconf 81' lang='grc' dir='ltr'>τὴν</span> <span class='ocrx_word' id='word_1_372' title='bbox 633 3045 724 3100; x_wconf 82' lang='grc' dir='ltr'><strong>τοῦ</strong></span> <span class='ocrx_word' id='word_1_373' title='bbox 761 3047 892 3101; x_wconf 81' lang='grc' dir='ltr'>Θεοῦ</span> <span class='ocrx_word' id='word_1_374' title='bbox 933 3049 1227 3121; x_wconf 84' lang='grc' dir='ltr'>θεραπείαν</span> <span class='ocrx_word' id='word_1_375' title='bbox 1269 3056 1436 3128; x_wconf 83' lang='grc' dir='ltr'>χωρὶς</span> <span class='ocrx_word' id='word_1_376' title='bbox 1476 3057 1655 3128; x_wconf 83' lang='grc' dir='ltr'>πάσης</span> <span class='ocrx_word' id='word_1_377' title='bbox 1692 3058 1893 3130; x_wconf 81' lang='grc' dir='ltr'>βλάϐης</span> 
     </span>
    </p>
   </div>
   <div class='ocr_carea' id='block_1_48' title="bbox 312 3135 1885 3211">
    <p class='ocr_par' dir='ltr' id='par_1_48' title="bbox 312 3135 1885 3211">
     <span class='ocr_line' id='line_1_48' title="bbox 312 3135 1885 3211; baseline 0.011 -23"><span class='ocrx_word' id='word_1_378' title='bbox 312 3135 466 3207; x_wconf 76' lang='grc' dir='ltr'>ἡμῶν</span> <span class='ocrx_word' id='word_1_379' title='bbox 493 3139 638 3208; x_wconf 77' lang='grc' dir='ltr'>ἡμᾶς</span> <span class='ocrx_word' id='word_1_380' title='bbox 669 3141 958 3210; x_wconf 78' lang='grc' dir='ltr'>προσάγειν</span> <span class='ocrx_word' id='word_1_381' title='bbox 989 3144 1318 3211; x_wconf 81' lang='grc' dir='ltr'>ἁπαξαπλῶς</span> <span class='ocrx_word' id='word_1_382' title='bbox 1346 3165 1450 3203; x_wconf 90' lang='grc' dir='ltr'>τινι</span> <span class='ocrx_word' id='word_1_383' title='bbox 1477 3150 1582 3204; x_wconf 84' lang='grc' dir='ltr'>τῶν</span> <span class='ocrx_word' id='word_1_384' title='bbox 1614 3150 1704 3204; x_wconf 89' lang='grc' dir='ltr'><strong>τοῦ</strong></span> <span class='ocrx_word' id='word_1_385' title='bbox 1729 3151 1885 3205; x_wconf 86' lang='grc' dir='ltr'>Θεοῦ.</span> 
     </span>
    </p>
   </div>
   <div class='ocr_carea' id='block_1_49' title="bbox 325 3227 1883 3311">
    <p class='ocr_par' dir='ltr' id='par_1_49' title="bbox 325 3227 1883 3311">
     <span class='ocr_line' id='line_1_49' title="bbox 325 3227 1883 3311; baseline 0.014 -33"><span class='ocrx_word' id='word_1_386' title='bbox 325 3227 460 3280; x_wconf 81' lang='grc' dir='ltr'>Ἀλλ’</span> <span class='ocrx_word' id='word_1_387' title='bbox 493 3229 728 3300; x_wconf 73' lang='grc' dir='ltr'>ὡσπερεὶ</span> <span class='ocrx_word' id='word_1_388' title='bbox 760 3233 1034 3303; x_wconf 75' lang='grc' dir='ltr'>αἰσθηθεὶς</span> <span class='ocrx_word' id='word_1_389' title='bbox 1066 3238 1255 3291; x_wconf 83' lang='grc' dir='ltr'>ἑαυτοῦ</span> <span class='ocrx_word' id='word_1_390' title='bbox 1289 3241 1385 3310; x_wconf 77' lang='grc' dir='ltr'>οὐχ</span> <span class='ocrx_word' id='word_1_391' title='bbox 1418 3241 1585 3311; x_wconf 81' lang='grc' dir='ltr'>ὑγιῶς</span> <span class='ocrx_word' id='word_1_392' title='bbox 1613 3245 1851 3310; x_wconf 75' lang='grc' dir='ltr'>εἰπόντος</span> <span class='ocrx_word' id='word_1_393' title='bbox 1871 3265 1883 3276; x_wconf 90' lang='grc'><strong>·</strong></span> 
     </span>
    </p>
   </div>
   <div class='ocr_carea' id='block_1_50' title="bbox 307 3318 1886 3403">
    <p class='ocr_par' dir='ltr' id='par_1_50' title="bbox 307 3318 1886 3403">
     <span class='ocr_line' id='line_1_50' title="bbox 307 3318 1886 3403; baseline 0.014 -33"><span class='ocrx_word' id='word_1_394' title='bbox 307 3318 374 3371; x_wconf 84' lang='lat' dir='ltr'><strong>El</strong></span> <span class='ocrx_word' id='word_1_395' title='bbox 417 3319 524 3388; x_wconf 76' lang='grc' dir='ltr'><strong>γάρ</strong></span> <span class='ocrx_word' id='word_1_396' title='bbox 565 3337 618 3372; x_wconf 85' lang='grc' dir='ltr'>τι</span> <span class='ocrx_word' id='word_1_397' title='bbox 654 3322 752 3375; x_wconf 80' lang='grc' dir='ltr'><strong>καί</strong></span> <span class='ocrx_word' id='word_1_398' title='bbox 799 3323 950 3377; x_wconf 81' lang='grc' dir='ltr'>ἄλλο</span> <span class='ocrx_word' id='word_1_399' title='bbox 992 3325 1108 3379; x_wconf 84' lang='grc' dir='ltr'><strong>τῶν</strong></span> <span class='ocrx_word' id='word_1_400' title='bbox 1143 3329 1213 3382; x_wconf 85' lang='grc' dir='ltr'><strong>ἐν</strong></span> <span class='ocrx_word' id='word_1_401' title='bbox 1252 3331 1376 3396; x_wconf 80' lang='grc' dir='ltr'>τοῖς</span> <span class='ocrx_word' id='word_1_402' title='bbox 1408 3332 1571 3400; x_wconf 81' lang='grc' dir='ltr'>ὅλοις</span> <span class='ocrx_word' id='word_1_403' title='bbox 1601 3338 1886 3403; x_wconf 79' lang='grc' dir='ltr'>θεραπεύ-</span> 
     </span>
    </p>
   </div>
   <div class='ocr_carea' id='block_1_51' title="bbox 311 3408 1888 3503">
    <p class='ocr_par' dir='ltr' id='par_1_51' title="bbox 311 3408 1888 3503">
     <span class='ocr_line' id='line_1_51' title="bbox 311 3408 1888 3503; baseline 0.014 -42"><span class='ocrx_word' id='word_1_404' title='bbox 311 3424 439 3476; x_wconf 84' lang='grc' dir='ltr'>σεις</span> <span class='ocrx_word' id='word_1_405' title='bbox 472 3411 602 3480; x_wconf 75' lang='lat'><strong>(59.),</strong></span> <span class='ocrx_word' id='word_1_406' title='bbox 640 3408 736 3464; x_wconf 84' lang='grc' dir='ltr'>εἴτ’</span> <span class='ocrx_word' id='word_1_407' title='bbox 770 3415 1206 3488; x_wconf 77' lang='grc' dir='ltr'>ἐπαναλαμϐάνει</span> <span class='ocrx_word' id='word_1_408' title='bbox 1256 3423 1352 3474; x_wconf 73' lang='grc' dir='ltr'>καὶ</span> <span class='ocrx_word' id='word_1_409' title='bbox 1403 3423 1686 3494; x_wconf 83' lang='grc' dir='ltr'>διόρθωσιν</span> <span class='ocrx_word' id='word_1_410' title='bbox 1720 3447 1888 3503; x_wconf 87' lang='grc' dir='ltr'>προσ-</span> 
     </span>
    </p>
   </div>
   <div class='ocr_carea' id='block_1_52' title="bbox 308 3500 1884 3587">
    <p class='ocr_par' dir='ltr' id='par_1_52' title="bbox 308 3500 1884 3587">
     <span class='ocr_line' id='line_1_52' title="bbox 308 3500 1884 3587; baseline 0.013 -33"><span class='ocrx_word' id='word_1_411' title='bbox 308 3501 429 3568; x_wconf 84' lang='grc' dir='ltr'>άγει</span> <span class='ocrx_word' id='word_1_412' title='bbox 479 3500 557 3572; x_wconf 84' lang='grc' dir='ltr'>τῷ</span> <span class='ocrx_word' id='word_1_413' title='bbox 605 3503 909 3576; x_wconf 84' lang='grc' dir='ltr'>λεγομένῳ·</span> <span class='ocrx_word' id='word_1_414' title='bbox 960 3509 1055 3562; x_wconf 85' lang='grc' dir='ltr'>Ἐν</span> <span class='ocrx_word' id='word_1_415' title='bbox 1085 3511 1272 3578; x_wconf 81' lang='grc' dir='ltr'>τούτῳ</span> <span class='ocrx_word' id='word_1_416' title='bbox 1318 3513 1445 3566; x_wconf 84' lang='grc' dir='ltr'>οὐδ’</span> <span class='ocrx_word' id='word_1_417' title='bbox 1472 3515 1672 3578; x_wconf 80' lang='grc' dir='ltr'>ἔξεστι</span> <span class='ocrx_word' id='word_1_418' title='bbox 1718 3500 1884 3587; x_wconf 74' lang='grc' dir='ltr'>τιμᾶ-</span> 
     </span>
    </p>
   </div>
   <div class='ocr_carea' id='block_1_53' title="bbox 307 3595 1880 3669">
    <p class='ocr_par' dir='ltr' id='par_1_53' title="bbox 307 3595 1880 3669">
     <span class='ocr_line' id='line_1_53' title="bbox 307 3595 1880 3669; baseline 0.013 -25"><span class='ocrx_word' id='word_1_419' title='bbox 307 3596 446 3646; x_wconf 82' lang='grc' dir='ltr'>σθαι</span> <span class='ocrx_word' id='word_1_420' title='bbox 494 3595 713 3660; x_wconf 78' lang='grc' dir='ltr'>οὐδενί,</span> <span class='ocrx_word' id='word_1_421' title='bbox 745 3597 856 3666; x_wconf 84' lang='grc' dir='ltr'>ὅτῳ</span> <span class='ocrx_word' id='word_1_422' title='bbox 885 3599 972 3669; x_wconf 77' lang='grc' dir='ltr'>μὴ</span> <span class='ocrx_word' id='word_1_423' title='bbox 1020 3601 1089 3666; x_wconf 82' lang='grc' dir='ltr'><strong>ἐξ</strong></span> <span class='ocrx_word' id='word_1_424' title='bbox 1128 3603 1359 3658; x_wconf 82' lang='grc' dir='ltr'>ἐκείνου</span> <span class='ocrx_word' id='word_1_425' title='bbox 1401 3606 1575 3660; x_wconf 83' lang='grc' dir='ltr'>τοῦτο</span> <span class='ocrx_word' id='word_1_426' title='bbox 1625 3607 1880 3665; x_wconf 85' lang='grc' dir='ltr'>δέδοται.</span> 
     </span>
    </p>
   </div>
   <div class='ocr_carea' id='block_1_54' title="bbox 307 3685 1884 3772">
    <p class='ocr_par' dir='ltr' id='par_1_54' title="bbox 307 3685 1884 3772">
     <span class='ocr_line' id='line_1_54' title="bbox 307 3685 1884 3772; baseline 0.012 -34"><span class='ocrx_word' id='word_1_427' title='bbox 307 3685 416 3740; x_wconf 74' lang='grc' dir='ltr'><strong>Καὶ</strong></span> <span class='ocrx_word' id='word_1_428' title='bbox 450 3687 746 3761; x_wconf 86' lang='grc' dir='ltr'>πυθώμεθα</span> <span class='ocrx_word' id='word_1_429' title='bbox 784 3692 878 3746; x_wconf 88' lang='grc' dir='ltr'><strong>τοῦ</strong></span> <span class='ocrx_word' id='word_1_430' title='bbox 913 3693 1120 3748; x_wconf 87' lang='grc' dir='ltr'>Κέλσου</span> <span class='ocrx_word' id='word_1_431' title='bbox 1157 3700 1283 3769; x_wconf 76' lang='grc' dir='ltr'>περὶ</span> <span class='ocrx_word' id='word_1_432' title='bbox 1314 3698 1420 3753; x_wconf 83' lang='grc' dir='ltr'>τῶν</span> <span class='ocrx_word' id='word_1_433' title='bbox 1453 3701 1778 3772; x_wconf 82' lang='grc' dir='ltr'>τιμωμένων</span> <span class='ocrx_word' id='word_1_434' title='bbox 1808 3703 1884 3769; x_wconf 84' lang='grc' dir='ltr'>ὡς</span> 
     </span>
    </p>
   </div>
   <div class='ocr_carea' id='block_1_55' title="bbox 307 3773 1878 3863">
    <p class='ocr_par' dir='ltr' id='par_1_55' title="bbox 307 3773 1878 3863">
     <span class='ocr_line' id='line_1_55' title="bbox 307 3773 1878 3863; baseline 0.014 -35"><span class='ocrx_word' id='word_1_435' title='bbox 307 3773 462 3840; x_wconf 85' lang='grc' dir='ltr'>θεῶν,</span> <span class='ocrx_word' id='word_1_436' title='bbox 489 3778 521 3848; x_wconf 81' lang='grc' dir='ltr'>ἢ</span> <span class='ocrx_word' id='word_1_437' title='bbox 548 3778 887 3854; x_wconf 83' lang='grc' dir='ltr'>δαιμόνων,ἢ</span> <span class='ocrx_word' id='word_1_438' title='bbox 923 3787 1014 3838; x_wconf 77' lang='grc' dir='ltr'><strong>καὶ</strong></span> <span class='ocrx_word' id='word_1_439' title='bbox 1048 3787 1258 3858; x_wconf 82' lang='grc' dir='ltr'>ἡρώων,</span> <span class='ocrx_word' id='word_1_440' title='bbox 1290 3791 1395 3843; x_wconf 85' lang='grc' dir='ltr'>δτι·</span> <span class='ocrx_word' id='word_1_441' title='bbox 1430 3791 1623 3857; x_wconf 87' lang='grc' dir='ltr'>Πόθεν,</span> <span class='ocrx_word' id='word_1_442' title='bbox 1647 3788 1690 3848; x_wconf 82' lang='grc' dir='ltr'><strong>ὦ</strong></span> <span class='ocrx_word' id='word_1_443' title='bbox 1709 3788 1878 3863; x_wconf 70' lang='grc' dir='ltr'>οὗτος,</span> 
     </span>
    </p>
   </div>
   <div class='ocr_carea' id='block_1_56' title="bbox 303 3865 1881 3950">
    <p class='ocr_par' dir='ltr' id='par_1_56' title="bbox 303 3865 1881 3950">
     <span class='ocr_line' id='line_1_56' title="bbox 303 3865 1881 3950; baseline 0.016 -33"><span class='ocrx_word' id='word_1_444' title='bbox 303 3865 679 3922; x_wconf 86' lang='grc' dir='ltr'>ἀποδεικνύναι</span> <span class='ocrx_word' id='word_1_445' title='bbox 723 3871 884 3941; x_wconf 77' lang='grc' dir='ltr'>ἔχεις,</span> <span class='ocrx_word' id='word_1_446' title='bbox 917 3875 996 3928; x_wconf 78' lang='grc' dir='ltr'><strong>ὅτι</strong></span> <span class='ocrx_word' id='word_1_447' title='bbox 1041 3877 1146 3930; x_wconf 79' lang='grc' dir='ltr'>ἀπὸ</span> <span class='ocrx_word' id='word_1_448' title='bbox 1186 3880 1278 3933; x_wconf 90' lang='grc' dir='ltr'><strong>τοῦ</strong></span> <span class='ocrx_word' id='word_1_449' title='bbox 1325 3881 1459 3936; x_wconf 89' lang='grc' dir='ltr'><strong>Θεοῦ</strong></span> <span class='ocrx_word' id='word_1_450' title='bbox 1494 3885 1701 3950; x_wconf 86' lang='grc' dir='ltr'>τούτοις</span> <span class='ocrx_word' id='word_1_451' title='bbox 1738 3887 1881 3941; x_wconf 86' lang='grc' dir='ltr'>δέδο-</span> 
     </span>
    </p>
   </div>
   <div class='ocr_carea' id='block_1_57' title="bbox 303 3958 1878 4049">
    <p class='ocr_par' dir='ltr' id='par_1_57' title="bbox 303 3958 1878 4049">
     <span class='ocr_line' id='line_1_57' title="bbox 303 3958 1878 4049; baseline 0.017 -41"><span class='ocrx_word' id='word_1_452' title='bbox 303 3974 391 4010; x_wconf 85' lang='grc' dir='ltr'><strong>ται</strong></span> <span class='ocrx_word' id='word_1_453' title='bbox 412 3958 473 4010; x_wconf 80' lang='grc' dir='ltr'>τὸ</span> <span class='ocrx_word' id='word_1_454' title='bbox 503 3960 778 4028; x_wconf 76' lang='grc' dir='ltr'>τιμᾶσθαι,</span> <span class='ocrx_word' id='word_1_455' title='bbox 811 3965 902 4016; x_wconf 74' lang='grc' dir='ltr'>καὶ</span> <span class='ocrx_word' id='word_1_456' title='bbox 931 3967 1048 4036; x_wconf 77' lang='grc' dir='ltr'>ούχὶ</span> <span class='ocrx_word' id='word_1_457' title='bbox 1089 3969 1195 4022; x_wconf 71' lang='grc' dir='ltr'><strong>ἀπὸ</strong></span> <span class='ocrx_word' id='word_1_458' title='bbox 1237 3973 1466 4040; x_wconf 85' lang='grc' dir='ltr'>ἀγνοίας</span> <span class='ocrx_word' id='word_1_459' title='bbox 1510 3978 1602 4030; x_wconf 77' lang='grc' dir='ltr'>καὶ</span> <span class='ocrx_word' id='word_1_460' title='bbox 1642 3980 1878 4049; x_wconf 85' lang='grc' dir='ltr'>ἀμαθίας</span> 
     </span>
    </p>
   </div>
   <div class='ocr_carea' id='block_1_58' title="bbox 303 4047 1876 4128">
    <p class='ocr_par' dir='ltr' id='par_1_58' title="bbox 303 4047 1876 4128">
     <span class='ocr_line' id='line_1_58' title="bbox 303 4047 1876 4128; baseline 0.017 -28"><span class='ocrx_word' id='word_1_461' title='bbox 303 4047 648 4121; x_wconf 84' lang='grc' dir='ltr'>ἀνθρωπίνης</span> <span class='ocrx_word' id='word_1_462' title='bbox 680 4052 1042 4124; x_wconf 87' lang='grc' dir='ltr'>πλανωμένων</span> <span class='ocrx_word' id='word_1_463' title='bbox 1078 4058 1185 4128; x_wconf 77' lang='grc'>(35)</span> <span class='ocrx_word' id='word_1_464' title='bbox 1214 4063 1307 4115; x_wconf 72' lang='grc' dir='ltr'>καὶ</span> <span class='ocrx_word' id='word_1_465' title='bbox 1337 4047 1752 4126; x_wconf 84' lang='grc' dir='ltr'>ἀποπιπτόντων</span> <span class='ocrx_word' id='word_1_466' title='bbox 1783 4071 1876 4126; x_wconf 88' lang='grc' dir='ltr'><strong>τοῦ</strong></span> 
     </span>
    </p>
   </div>
   <div class='ocr_carea' id='block_1_59' title="bbox 302 4142 1877 4234">
    <p class='ocr_par' dir='ltr' id='par_1_59' title="bbox 302 4142 1877 4234">
     <span class='ocr_line' id='line_1_59' title="bbox 302 4142 1877 4234; baseline 0.017 -43"><span class='ocrx_word' id='word_1_467' title='bbox 302 4142 502 4234; x_wconf 75' lang='grc' dir='ltr'>κυρίως</span> <span class='ocrx_word' id='word_1_468' title='bbox 529 4144 877 4234; x_wconf 53' lang='grc' dir='ltr'>ξιμωμένου;</span> <span class='ocrx_word' id='word_1_469' title='bbox 922 4149 1156 4218; x_wconf 79' lang='grc' dir='ltr'>Τιμᾶται</span> <span class='ocrx_word' id='word_1_470' title='bbox 1199 4154 1349 4222; x_wconf 90' lang='grc' dir='ltr'>γοῦν,</span> <span class='ocrx_word' id='word_1_471' title='bbox 1382 4157 1456 4220; x_wconf 84' lang='grc' dir='ltr'>ὡς</span> <span class='ocrx_word' id='word_1_472' title='bbox 1494 4160 1600 4231; x_wconf 83' lang='grc' dir='ltr'>πρὸ</span> <span class='ocrx_word' id='word_1_473' title='bbox 1652 4161 1877 4234; x_wconf 85' lang='grc' dir='ltr'>βραχέος</span> 
     </span>
    </p>
   </div>
   <div class='ocr_carea' id='block_1_60' title="bbox 300 4228 1872 4325">
    <p class='ocr_par' dir='ltr' id='par_1_60' title="bbox 300 4228 1872 4325">
     <span class='ocr_line' id='line_1_60' title="bbox 300 4228 1872 4325; baseline 0.015 -41"><span class='ocrx_word' id='word_1_474' title='bbox 300 4232 501 4302; x_wconf 84' lang='grc' dir='ltr'>ἔλεγες,</span> <span class='ocrx_word' id='word_1_475' title='bbox 523 4228 567 4287; x_wconf 81' lang='grc' dir='ltr'><strong>ὦ</strong></span> <span class='ocrx_word' id='word_1_476' title='bbox 593 4236 785 4299; x_wconf 82' lang='grc' dir='ltr'>Κέλσε,</span> <span class='ocrx_word' id='word_1_477' title='bbox 805 4238 874 4292; x_wconf 76' lang='grc' dir='ltr'><strong>τά</strong></span> <span class='ocrx_word' id='word_1_478' title='bbox 907 4240 1179 4309; x_wconf 81' lang='grc' dir='ltr'>Ἀδριανοῦ</span> <span class='ocrx_word' id='word_1_479' title='bbox 1205 4245 1430 4301; x_wconf 85' lang='grc' dir='ltr'>παιδικά</span> <span class='ocrx_word' id='word_1_480' title='bbox 1453 4267 1466 4279; x_wconf 90' lang='grc'><strong>·</strong></span> <span class='ocrx_word' id='word_1_481' title='bbox 1492 4252 1585 4303; x_wconf 79' lang='grc' dir='ltr'>καὶ</span> <span class='ocrx_word' id='word_1_482' title='bbox 1613 4253 1674 4305; x_wconf 80' lang='grc' dir='ltr'>οὐ</span> <span class='ocrx_word' id='word_1_483' title='bbox 1703 4254 1872 4325; x_wconf 85' lang='grc' dir='ltr'>δήπου</span> 
     </span>
    </p>
   </div>
   <div class='ocr_carea' id='block_1_61' title="bbox 300 4325 1876 4416">
    <p class='ocr_par' dir='ltr' id='par_1_61' title="bbox 300 4325 1876 4416">
     <span class='ocr_line' id='line_1_61' title="bbox 300 4325 1876 4416; baseline 0.015 -39"><span class='ocrx_word' id='word_1_484' title='bbox 300 4325 462 4398; x_wconf 79' lang='grc' dir='ltr'>ἐρεῖς,</span> <span class='ocrx_word' id='word_1_485' title='bbox 506 4329 586 4382; x_wconf 84' lang='grc' dir='ltr'><strong>ὅτι</strong></span> <span class='ocrx_word' id='word_1_486' title='bbox 619 4329 725 4383; x_wconf 81' lang='grc' dir='ltr'>ἀπὸ</span> <span class='ocrx_word' id='word_1_487' title='bbox 765 4331 855 4385; x_wconf 86' lang='grc' dir='ltr'><strong>τοῦ</strong></span> <span class='ocrx_word' id='word_1_488' title='bbox 899 4331 1035 4386; x_wconf 83' lang='grc' dir='ltr'>θεοῦ</span> <span class='ocrx_word' id='word_1_489' title='bbox 1074 4335 1179 4388; x_wconf 86' lang='grc' dir='ltr'><strong>τῶν</strong></span> <span class='ocrx_word' id='word_1_490' title='bbox 1217 4338 1352 4394; x_wconf 85' lang='grc' dir='ltr'>ὅλων</span> <span class='ocrx_word' id='word_1_491' title='bbox 1397 4341 1598 4397; x_wconf 88' lang='grc' dir='ltr'>δέδοται</span> <span class='ocrx_word' id='word_1_492' title='bbox 1627 4346 1686 4398; x_wconf 82' lang='grc' dir='ltr'>τὸ</span> <span class='ocrx_word' id='word_1_493' title='bbox 1717 4349 1876 4416; x_wconf 82' lang='grc' dir='ltr'>τιμᾶ-</span> 
     </span>
    </p>
   </div>
   <div class='ocr_carea' id='block_1_62' title="bbox 2007 1873 3578 1942">
    <p class='ocr_par' dir='ltr' id='par_1_62' title="bbox 2007 1873 3578 1942">
     <span class='ocr_line' id='line_1_62' title="bbox 2007 1873 3578 1942; baseline 0.004 -16"><span class='ocrx_word' id='word_1_494' title='bbox 2007 1874 2236 1928; x_wconf 85' lang='lat' dir='ltr'><strong>diversis</strong></span> <span class='ocrx_word' id='word_1_495' title='bbox 2283 1874 2337 1929; x_wconf 90' lang='lat' dir='ltr'><strong>in</strong></span> <span class='ocrx_word' id='word_1_496' title='bbox 2383 1873 2518 1928; x_wconf 89' lang='lat' dir='ltr'><strong>locis</strong></span> <span class='ocrx_word' id='word_1_497' title='bbox 2547 1883 2752 1930; x_wconf 88' lang='lat' dir='ltr'><strong>essent.</strong></span> <span class='ocrx_word' id='word_1_498' title='bbox 2786 1873 2939 1942; x_wconf 86' lang='lat' dir='ltr'><strong>Quod</strong></span> <span class='ocrx_word' id='word_1_499' title='bbox 2993 1877 3036 1930; x_wconf 91' lang='lat' dir='ltr'><strong>si</strong></span> <span class='ocrx_word' id='word_1_500' title='bbox 3090 1891 3188 1931; x_wconf 91' lang='lat' dir='ltr'><strong>nec</strong></span> <span class='ocrx_word' id='word_1_501' title='bbox 3235 1877 3336 1930; x_wconf 90' lang='lat' dir='ltr'><strong>iste</strong></span> <span class='ocrx_word' id='word_1_502' title='bbox 3383 1892 3578 1932; x_wconf 88' lang='lat' dir='ltr'><strong>sensus</strong></span> 
     </span>
    </p>
   </div>
   <div class='ocr_carea' id='block_1_63' title="bbox 2005 1964 3574 2039">
    <p class='ocr_par' dir='ltr' id='par_1_63' title="bbox 2005 1964 3574 2039">
     <span class='ocr_line' id='line_1_63' title="bbox 2005 1964 3574 2039; baseline 0.002 -19"><span class='ocrx_word' id='word_1_503' title='bbox 2005 1966 2292 2033; x_wconf 83' lang='lat' dir='ltr'><strong>convenit,</strong></span> <span class='ocrx_word' id='word_1_504' title='bbox 2325 1966 2456 2021; x_wconf 89' lang='lat' dir='ltr'><strong>hinc</strong></span> <span class='ocrx_word' id='word_1_505' title='bbox 2507 1964 2708 2021; x_wconf 80' lang='lat' dir='ltr'><strong>frustra</strong></span> <span class='ocrx_word' id='word_1_506' title='bbox 2737 1967 2890 2022; x_wconf 90' lang='lat' dir='ltr'><strong>duxit</strong></span> <span class='ocrx_word' id='word_1_507' title='bbox 2932 1969 3237 2038; x_wconf 86' lang='lat' dir='ltr'><strong>exemplum</strong></span> <span class='ocrx_word' id='word_1_508' title='bbox 3276 1968 3341 2023; x_wconf 86' lang='lat' dir='ltr'><strong>ad</strong></span> <span class='ocrx_word' id='word_1_509' title='bbox 3392 1984 3574 2039; x_wconf 84' lang='lat' dir='ltr'><strong>repre-</strong></span> 
     </span>
    </p>
   </div>
   <div class='ocr_carea' id='block_1_64' title="bbox 2004 2053 3574 2126">
    <p class='ocr_par' dir='ltr' id='par_1_64' title="bbox 2004 2053 3574 2126">
     <span class='ocr_line' id='line_1_64' title="bbox 2004 2053 3574 2126; baseline 0.001 -16"><span class='ocrx_word' id='word_1_510' title='bbox 2004 2055 2344 2110; x_wconf 85' lang='lat' dir='ltr'><strong>hendendum</strong></span> <span class='ocrx_word' id='word_1_511' title='bbox 2377 2055 2556 2111; x_wconf 88' lang='lat' dir='ltr'><strong>istud:</strong></span> <span class='ocrx_word' id='word_1_512' title='bbox 2593 2053 2762 2110; x_wconf 83' lang='lat' dir='ltr'><strong>Nemo</strong></span> <span class='ocrx_word' id='word_1_513' title='bbox 2783 2066 2949 2126; x_wconf 77' lang='lat' dir='ltr'><strong>potest</strong></span> <span class='ocrx_word' id='word_1_514' title='bbox 2983 2059 3186 2112; x_wconf 77' lang='lat' dir='ltr'><strong>duobus</strong></span> <span class='ocrx_word' id='word_1_515' title='bbox 3220 2059 3442 2112; x_wconf 79' lang='lat' dir='ltr'><strong>dominis</strong></span> <span class='ocrx_word' id='word_1_516' title='bbox 3464 2074 3574 2112; x_wconf 75' lang='lat' dir='ltr'><strong>ser-</strong></span> 
     </span>
    </p>
   </div>
   <div class='ocr_carea' id='block_1_65' title="bbox 2003 2144 3572 2214">
    <p class='ocr_par' dir='ltr' id='par_1_65' title="bbox 2003 2144 3572 2214">
     <span class='ocr_line' id='line_1_65' title="bbox 2003 2144 3572 2214; baseline 0.001 -14"><span class='ocrx_word' id='word_1_517' title='bbox 2003 2148 2106 2201; x_wconf 78' lang='lat' dir='ltr'><strong>uire</strong></span> <span class='ocrx_word' id='word_1_518' title='bbox 2127 2144 2204 2212; x_wconf 80' lang='lat'><strong>&quot;;</strong></span> <span class='ocrx_word' id='word_1_519' title='bbox 2252 2145 2395 2214; x_wconf 89' lang='lat' dir='ltr'><strong>quod</strong></span> <span class='ocrx_word' id='word_1_520' title='bbox 2430 2145 2609 2214; x_wconf 82' lang='lat' dir='ltr'><strong>potius</strong></span> <span class='ocrx_word' id='word_1_521' title='bbox 2633 2161 2816 2200; x_wconf 90' lang='lat' dir='ltr'><strong>verum</strong></span> <span class='ocrx_word' id='word_1_522' title='bbox 2841 2157 2924 2202; x_wconf 89' lang='lat' dir='ltr'><strong>est</strong></span> <span class='ocrx_word' id='word_1_523' title='bbox 2951 2163 3069 2202; x_wconf 90' lang='lat' dir='ltr'><strong>cum</strong></span> <span class='ocrx_word' id='word_1_524' title='bbox 3103 2147 3335 2202; x_wconf 79' lang='lat' dir='ltr'><strong>refertur</strong></span> <span class='ocrx_word' id='word_1_525' title='bbox 3363 2147 3429 2200; x_wconf 89' lang='lat' dir='ltr'><strong>ad</strong></span> <span class='ocrx_word' id='word_1_526' title='bbox 3455 2163 3572 2203; x_wconf 87' lang='lat' dir='ltr'><strong>ser-</strong></span> 
     </span>
    </p>
   </div>
   <div class='ocr_carea' id='block_1_66' title="bbox 2002 2237 3571 2309">
    <p class='ocr_par' dir='ltr' id='par_1_66' title="bbox 2002 2237 3571 2309">
     <span class='ocr_line' id='line_1_66' title="bbox 2002 2237 3571 2309; baseline 0.005 -21"><span class='ocrx_word' id='word_1_527' title='bbox 2002 2238 2225 2290; x_wconf 86' lang='lat' dir='ltr'><strong>vitutem</strong></span> <span class='ocrx_word' id='word_1_528' title='bbox 2260 2252 2388 2308; x_wconf 81' lang='lat' dir='ltr'><strong>erga</strong></span> <span class='ocrx_word' id='word_1_529' title='bbox 2442 2237 2615 2292; x_wconf 91' lang='lat' dir='ltr'><strong>solum</strong></span> <span class='ocrx_word' id='word_1_530' title='bbox 2664 2238 3037 2293; x_wconf 86' lang='lat' dir='ltr'><strong>universorum</strong></span> <span class='ocrx_word' id='word_1_531' title='bbox 3086 2239 3279 2306; x_wconf 88' lang='lat' dir='ltr'><strong>Deum,</strong></span> <span class='ocrx_word' id='word_1_532' title='bbox 3327 2253 3422 2308; x_wconf 89' lang='lat' dir='ltr'><strong>per</strong></span> <span class='ocrx_word' id='word_1_533' title='bbox 3453 2241 3571 2309; x_wconf 91' lang='lat' dir='ltr'><strong>ejus</strong></span> 
     </span>
    </p>
   </div>
   <div class='ocr_carea' id='block_1_67' title="bbox 2000 2324 3569 2401">
    <p class='ocr_par' dir='ltr' id='par_1_67' title="bbox 2000 2324 3569 2401">
     <span class='ocr_line' id='line_1_67' title="bbox 2000 2324 3569 2401; baseline 0.006 -21"><span class='ocrx_word' id='word_1_534' title='bbox 2000 2324 2191 2381; x_wconf 90' lang='lat' dir='ltr'><strong>Filium</strong></span> <span class='ocrx_word' id='word_1_535' title='bbox 2207 2328 2298 2396; x_wconf 89' lang='lat' dir='ltr'><strong>qui</strong></span> <span class='ocrx_word' id='word_1_536' title='bbox 2336 2344 2432 2382; x_wconf 92' lang='lat' dir='ltr'><strong>nos</strong></span> <span class='ocrx_word' id='word_1_537' title='bbox 2458 2329 2706 2397; x_wconf 87' lang='lat' dir='ltr'><strong>perducit</strong></span> <span class='ocrx_word' id='word_1_538' title='bbox 2732 2330 2798 2384; x_wconf 88' lang='lat' dir='ltr'><strong>ad</strong></span> <span class='ocrx_word' id='word_1_539' title='bbox 2828 2331 3012 2385; x_wconf 90' lang='lat' dir='ltr'><strong>Deum.</strong></span> <span class='ocrx_word' id='word_1_540' title='bbox 3039 2329 3225 2401; x_wconf 87' lang='lat' dir='ltr'><strong>Neque</strong></span> <span class='ocrx_word' id='word_1_541' title='bbox 3248 2349 3376 2389; x_wconf 90' lang='lat' dir='ltr'><strong>vero</strong></span> <span class='ocrx_word' id='word_1_542' title='bbox 3401 2336 3569 2389; x_wconf 87' lang='lat' dir='ltr'><strong>Deum</strong></span> 
     </span>
    </p>
   </div>
   <div class='ocr_carea' id='block_1_68' title="bbox 2001 2418 3568 2497">
    <p class='ocr_par' dir='ltr' id='par_1_68' title="bbox 2001 2418 3568 2497">
     <span class='ocr_line' id='line_1_68' title="bbox 2001 2418 3568 2497; baseline 0.006 -25"><span class='ocrx_word' id='word_1_543' title='bbox 2001 2418 2239 2475; x_wconf 84' lang='lat' dir='ltr'><strong>colemus</strong></span> <span class='ocrx_word' id='word_1_544' title='bbox 2261 2460 2276 2484; x_wconf 90' lang='lat'><strong>,</strong></span> <span class='ocrx_word' id='word_1_545' title='bbox 2307 2422 2460 2491; x_wconf 89' lang='lat' dir='ltr'><strong>quasi</strong></span> <span class='ocrx_word' id='word_1_546' title='bbox 2516 2431 2704 2476; x_wconf 90' lang='lat' dir='ltr'><strong>nostro</strong></span> <span class='ocrx_word' id='word_1_547' title='bbox 2733 2420 2881 2474; x_wconf 88' lang='lat' dir='ltr'><strong>cultu</strong></span> <span class='ocrx_word' id='word_1_548' title='bbox 2936 2422 3235 2492; x_wconf 84' lang='lat' dir='ltr'><strong>indigeret,</strong></span> <span class='ocrx_word' id='word_1_549' title='bbox 3285 2437 3378 2480; x_wconf 88' lang='lat' dir='ltr'><strong>aut</strong></span> <span class='ocrx_word' id='word_1_550' title='bbox 3411 2428 3568 2497; x_wconf 88' lang='lat' dir='ltr'><strong>quasi</strong></span> 
     </span>
    </p>
   </div>
   <div class='ocr_carea' id='block_1_69' title="bbox 1999 2512 3563 2588">
    <p class='ocr_par' dir='ltr' id='par_1_69' title="bbox 1999 2512 3563 2588">
     <span class='ocr_line' id='line_1_69' title="bbox 1999 2512 3563 2588; baseline 0.006 -25"><span class='ocrx_word' id='word_1_551' title='bbox 1999 2512 2208 2566; x_wconf 83' lang='lat' dir='ltr'><strong>doleret</strong></span> <span class='ocrx_word' id='word_1_552' title='bbox 2237 2528 2294 2567; x_wconf 87' lang='lat' dir='ltr'><strong>se</strong></span> <span class='ocrx_word' id='word_1_553' title='bbox 2325 2529 2354 2567; x_wconf 88' lang='lat' dir='ltr'><strong>a</strong></span> <span class='ocrx_word' id='word_1_554' title='bbox 2401 2515 2554 2568; x_wconf 90' lang='lat' dir='ltr'><strong>nobis</strong></span> <span class='ocrx_word' id='word_1_555' title='bbox 2593 2528 2699 2568; x_wconf 92' lang='lat' dir='ltr'><strong>non</strong></span> <span class='ocrx_word' id='word_1_556' title='bbox 2743 2514 2843 2568; x_wconf 93' lang='lat' dir='ltr'><strong>coli</strong></span> <span class='ocrx_word' id='word_1_557' title='bbox 2871 2533 2886 2581; x_wconf 90' lang='lat'><strong>;</strong></span> <span class='ocrx_word' id='word_1_558' title='bbox 2922 2515 3016 2569; x_wconf 88' lang='lat' dir='ltr'><strong>sed</strong></span> <span class='ocrx_word' id='word_1_559' title='bbox 3050 2525 3106 2569; x_wconf 90' lang='lat' dir='ltr'><strong>ut</strong></span> <span class='ocrx_word' id='word_1_560' title='bbox 3135 2517 3233 2587; x_wconf 86' lang='lat' dir='ltr'><strong>ipsi</strong></span> <span class='ocrx_word' id='word_1_561' title='bbox 3265 2519 3480 2588; x_wconf 88' lang='lat' dir='ltr'><strong>pietatis</strong></span> <span class='ocrx_word' id='word_1_562' title='bbox 3510 2520 3563 2573; x_wconf 88' lang='lat' dir='ltr'><strong>in</strong></span> 
     </span>
    </p>
   </div>
   <div class='ocr_carea' id='block_1_70' title="bbox 1999 2603 3565 2680">
    <p class='ocr_par' dir='ltr' id='par_1_70' title="bbox 1999 2603 3565 2680">
     <span class='ocr_line' id='line_1_70' title="bbox 1999 2603 3565 2680; baseline 0.006 -24"><span class='ocrx_word' id='word_1_563' title='bbox 1999 2603 2164 2657; x_wconf 85' lang='lat' dir='ltr'><strong>Deum</strong></span> <span class='ocrx_word' id='word_1_564' title='bbox 2197 2603 2408 2659; x_wconf 78' lang='lat' dir='ltr'><strong>fructus</strong></span> <span class='ocrx_word' id='word_1_565' title='bbox 2433 2607 2734 2675; x_wconf 82' lang='lat' dir='ltr'><strong>capiamus,</strong></span> <span class='ocrx_word' id='word_1_566' title='bbox 2779 2615 2830 2660; x_wconf 91' lang='lat' dir='ltr'><strong>et</strong></span> <span class='ocrx_word' id='word_1_567' title='bbox 2863 2615 2918 2661; x_wconf 89' lang='lat' dir='ltr'><strong>ut</strong></span> <span class='ocrx_word' id='word_1_568' title='bbox 2944 2622 3154 2663; x_wconf 91' lang='lat' dir='ltr'><strong>summo</strong></span> <span class='ocrx_word' id='word_1_569' title='bbox 3186 2609 3293 2664; x_wconf 90' lang='lat' dir='ltr'><strong>Deo</strong></span> <span class='ocrx_word' id='word_1_570' title='bbox 3319 2625 3414 2680; x_wconf 89' lang='lat' dir='ltr'><strong>per</strong></span> <span class='ocrx_word' id='word_1_571' title='bbox 3447 2612 3565 2664; x_wconf 87' lang='lat' dir='ltr'><strong>uni-</strong></span> 
     </span>
    </p>
   </div>
   <div class='ocr_carea' id='block_1_71' title="bbox 1996 2695 3670 2772">
    <p class='ocr_par' dir='ltr' id='par_1_71' title="bbox 1996 2695 3670 2772">
     <span class='ocr_line' id='line_1_71' title="bbox 1996 2695 3670 2772; baseline 0.006 -25"><span class='ocrx_word' id='word_1_572' title='bbox 1996 2695 2235 2760; x_wconf 75' lang='lat' dir='ltr'><strong>genitum</strong></span> <span class='ocrx_word' id='word_1_573' title='bbox 2271 2697 2388 2764; x_wconf 89' lang='lat' dir='ltr'><strong>ejus</strong></span> <span class='ocrx_word' id='word_1_574' title='bbox 2447 2698 2682 2752; x_wconf 79' lang='lat' dir='ltr'><strong>Verbum</strong></span> <span class='ocrx_word' id='word_1_575' title='bbox 2721 2709 2774 2754; x_wconf 91' lang='lat' dir='ltr'><strong>et</strong></span> <span class='ocrx_word' id='word_1_576' title='bbox 2811 2699 3133 2769; x_wconf 86' lang='lat' dir='ltr'><strong>sapientiam</strong></span> <span class='ocrx_word' id='word_1_577' title='bbox 3182 2702 3500 2772; x_wconf 84' lang='lat' dir='ltr'><strong>servientes,</strong></span> <span class='ocrx_word' id='word_1_578' title='bbox 3532 2718 3564 2759; x_wconf 83' lang='lat' dir='ltr'><strong>a</strong></span> <span class='ocrx_word' id='word_1_579' title='bbox 3654 2748 3670 2757; x_wconf 82' lang='grc'>,</span> 
     </span>
    </p>
   </div>
   <div class='ocr_carea' id='block_1_72' title="bbox 1997 2782 2915 2856">
    <p class='ocr_par' dir='ltr' id='par_1_72' title="bbox 1997 2782 2915 2856">
     <span class='ocr_line' id='line_1_72' title="bbox 1997 2782 2915 2856; baseline 0.012 -21"><span class='ocrx_word' id='word_1_580' title='bbox 1997 2782 2255 2837; x_wconf 90' lang='lat' dir='ltr'><strong>molestiis</strong></span> <span class='ocrx_word' id='word_1_581' title='bbox 2288 2787 2574 2856; x_wconf 75' lang='lat' dir='ltr'><strong>poenisque</strong></span> <span class='ocrx_word' id='word_1_582' title='bbox 2601 2786 2915 2846; x_wconf 87' lang='lat' dir='ltr'><strong>liberemur.</strong></span> 
     </span>
    </p>
   </div>
   <div class='ocr_carea' id='block_1_73' title="bbox 2067 2875 3556 2949">
    <p class='ocr_par' dir='ltr' id='par_1_73' title="bbox 2067 2875 3556 2949">
     <span class='ocr_line' id='line_1_73' title="bbox 2067 2875 3556 2949; baseline 0.009 -19"><span class='ocrx_word' id='word_1_583' title='bbox 2067 2875 2230 2947; x_wconf 68' lang='grc'><strong>749</strong></span> <span class='ocrx_word' id='word_1_584' title='bbox 2266 2878 2318 2931; x_wconf 88' lang='lat'><strong>9.</strong></span> <span class='ocrx_word' id='word_1_585' title='bbox 2363 2875 2490 2931; x_wconf 78' lang='lat' dir='ltr'><strong>Vide</strong></span> <span class='ocrx_word' id='word_1_586' title='bbox 2517 2893 2570 2932; x_wconf 89' lang='lat' dir='ltr'><strong>ct</strong></span> <span class='ocrx_word' id='word_1_587' title='bbox 2597 2880 2737 2933; x_wconf 89' lang='lat' dir='ltr'><strong>istud</strong></span> <span class='ocrx_word' id='word_1_588' title='bbox 2773 2897 2932 2949; x_wconf 84' lang='lat' dir='ltr'><strong>quam</strong></span> <span class='ocrx_word' id='word_1_589' title='bbox 2968 2883 3422 2940; x_wconf 89' lang='lat' dir='ltr'><strong>inconsideratum</strong></span> <span class='ocrx_word' id='word_1_590' title='bbox 3451 2886 3556 2944; x_wconf 88' lang='lat' dir='ltr'><strong>sit:</strong></span> 
     </span>
    </p>
   </div>
   <div class='ocr_carea' id='block_1_74' title="bbox 1997 2966 3556 3041">
    <p class='ocr_par' dir='ltr' id='par_1_74' title="bbox 1997 2966 3556 3041">
     <span class='ocr_line' id='line_1_74' title="bbox 1997 2966 3556 3041; baseline 0.008 -21"><span class='ocrx_word' id='word_1_591' title='bbox 1997 2966 2137 3022; x_wconf 86' lang='lat' dir='ltr'><strong>Nam</strong></span> <span class='ocrx_word' id='word_1_592' title='bbox 2166 2971 2212 3023; x_wconf 68' lang='lat' dir='ltr'><strong>ei</strong></span> <span class='ocrx_word' id='word_1_593' title='bbox 2247 2970 2376 3038; x_wconf 84' lang='lat' dir='ltr'><strong>quid</strong></span> <span class='ocrx_word' id='word_1_594' title='bbox 2397 2970 2546 3023; x_wconf 82' lang='lat' dir='ltr'><strong>aliud</strong></span> <span class='ocrx_word' id='word_1_595' title='bbox 2585 2988 2768 3026; x_wconf 84' lang='lat' dir='ltr'><strong>eorum</strong></span> <span class='ocrx_word' id='word_1_596' title='bbox 2805 2989 2920 3041; x_wconf 75' lang='lat' dir='ltr'><strong>qua:</strong></span> <span class='ocrx_word' id='word_1_597' title='bbox 2959 2975 3013 3026; x_wconf 87' lang='lat' dir='ltr'><strong>in</strong></span> <span class='ocrx_word' id='word_1_598' title='bbox 3047 2978 3284 3030; x_wconf 77' lang='lat' dir='ltr'><strong>universo</strong></span> <span class='ocrx_word' id='word_1_599' title='bbox 3323 2987 3442 3032; x_wconf 78' lang='lat' dir='ltr'><strong>sunt</strong></span> <span class='ocrx_word' id='word_1_600' title='bbox 3467 2995 3556 3032; x_wconf 88' lang='lat' dir='ltr'><strong>co-</strong></span> 
     </span>
    </p>
   </div>
   <div class='ocr_carea' id='block_1_75' title="bbox 1993 3059 3559 3138">
    <p class='ocr_par' dir='ltr' id='par_1_75' title="bbox 1993 3059 3559 3138">
     <span class='ocr_line' id='line_1_75' title="bbox 1993 3059 3559 3138; baseline 0.008 -26"><span class='ocrx_word' id='word_1_601' title='bbox 1993 3059 2169 3126; x_wconf 81' lang='lat' dir='ltr'><strong>leres;</strong></span> <span class='ocrx_word' id='word_1_602' title='bbox 2219 3076 2326 3130; x_wconf 90' lang='lat' dir='ltr'><strong>quo</strong></span> <span class='ocrx_word' id='word_1_603' title='bbox 2377 3061 2554 3115; x_wconf 91' lang='lat' dir='ltr'><strong>innuit</strong></span> <span class='ocrx_word' id='word_1_604' title='bbox 2607 3077 2705 3117; x_wconf 91' lang='lat' dir='ltr'><strong>nos</strong></span> <span class='ocrx_word' id='word_1_605' title='bbox 2763 3066 2992 3120; x_wconf 90' lang='lat' dir='ltr'><strong>colendo</strong></span> <span class='ocrx_word' id='word_1_606' title='bbox 3027 3067 3136 3121; x_wconf 87' lang='lat' dir='ltr'><strong>Deo</strong></span> <span class='ocrx_word' id='word_1_607' title='bbox 3186 3068 3306 3122; x_wconf 86' lang='lat' dir='ltr'><strong>duci</strong></span> <span class='ocrx_word' id='word_1_608' title='bbox 3357 3071 3559 3138; x_wconf 88' lang='lat' dir='ltr'><strong>absque</strong></span> 
     </span>
    </p>
   </div>
   <div class='ocr_carea' id='block_1_76' title="bbox 1992 3151 3558 3230">
    <p class='ocr_par' dir='ltr' id='par_1_76' title="bbox 1992 3151 3558 3230">
     <span class='ocr_line' id='line_1_76' title="bbox 1992 3151 3558 3230; baseline 0.008 -27"><span class='ocrx_word' id='word_1_609' title='bbox 1992 3151 2099 3206; x_wconf 92' lang='lat' dir='ltr'><strong>ullo</strong></span> <span class='ocrx_word' id='word_1_610' title='bbox 2135 3153 2464 3208; x_wconf 88' lang='lat' dir='ltr'><strong>detrimento</strong></span> <span class='ocrx_word' id='word_1_611' title='bbox 2501 3154 2566 3208; x_wconf 86' lang='lat' dir='ltr'><strong>ad</strong></span> <span class='ocrx_word' id='word_1_612' title='bbox 2614 3155 2818 3210; x_wconf 87' lang='lat' dir='ltr'><strong>cultum</strong></span> <span class='ocrx_word' id='word_1_613' title='bbox 2856 3157 3143 3227; x_wconf 88' lang='lat' dir='ltr'><strong>cujuslibet</strong></span> <span class='ocrx_word' id='word_1_614' title='bbox 3175 3160 3250 3214; x_wconf 88' lang='lat' dir='ltr'><strong>rei</strong></span> <span class='ocrx_word' id='word_1_615' title='bbox 3291 3175 3409 3229; x_wconf 69' lang='lat' dir='ltr'><strong>qua:</strong></span> <span class='ocrx_word' id='word_1_616' title='bbox 3436 3175 3558 3230; x_wconf 88' lang='lat' dir='ltr'><strong>per-</strong></span> 
     </span>
    </p>
   </div>
   <div class='ocr_carea' id='block_1_77' title="bbox 1994 3241 3556 3320">
    <p class='ocr_par' dir='ltr' id='par_1_77' title="bbox 1994 3241 3556 3320">
     <span class='ocr_line' id='line_1_77' title="bbox 1994 3241 3556 3320; baseline 0.007 -25"><span class='ocrx_word' id='word_1_617' title='bbox 1994 3243 2166 3297; x_wconf 87' lang='lat' dir='ltr'><strong>tineat</strong></span> <span class='ocrx_word' id='word_1_618' title='bbox 2197 3245 2264 3299; x_wconf 91' lang='lat' dir='ltr'><strong>ad</strong></span> <span class='ocrx_word' id='word_1_619' title='bbox 2295 3241 2485 3298; x_wconf 88' lang='lat' dir='ltr'><strong>Deum.</strong></span> <span class='ocrx_word' id='word_1_620' title='bbox 2525 3241 2633 3299; x_wconf 89' lang='lat' dir='ltr'><strong>Sed</strong></span> <span class='ocrx_word' id='word_1_621' title='bbox 2675 3248 2827 3313; x_wconf 86' lang='lat' dir='ltr'><strong>quasi</strong></span> <span class='ocrx_word' id='word_1_622' title='bbox 2863 3249 3124 3303; x_wconf 86' lang='lat' dir='ltr'><strong>sensisset</strong></span> <span class='ocrx_word' id='word_1_623' title='bbox 3154 3249 3206 3303; x_wconf 91' lang='lat' dir='ltr'><strong>id</strong></span> <span class='ocrx_word' id='word_1_624' title='bbox 3245 3253 3386 3320; x_wconf 88' lang='lat' dir='ltr'><strong>quod</strong></span> <span class='ocrx_word' id='word_1_625' title='bbox 3421 3253 3556 3306; x_wconf 83' lang='lat' dir='ltr'><strong>dixit</strong></span> 
     </span>
    </p>
   </div>
   <div class='ocr_carea' id='block_1_78' title="bbox 1989 3336 3552 3414">
    <p class='ocr_par' dir='ltr' id='par_1_78' title="bbox 1989 3336 3552 3414">
     <span class='ocr_line' id='line_1_78' title="bbox 1989 3336 3552 3414; baseline 0.007 -27"><span class='ocrx_word' id='word_1_626' title='bbox 1989 3350 2094 3388; x_wconf 91' lang='lat' dir='ltr'><strong>non</strong></span> <span class='ocrx_word' id='word_1_627' title='bbox 2127 3349 2244 3389; x_wconf 89' lang='lat' dir='ltr'><strong>esse</strong></span> <span class='ocrx_word' id='word_1_628' title='bbox 2276 3351 2500 3391; x_wconf 86' lang='lat' dir='ltr'><strong>sanum:</strong></span> <span class='ocrx_word' id='word_1_629' title='bbox 2545 3336 2689 3392; x_wconf 86' lang='lat' dir='ltr'><strong>Nam</strong></span> <span class='ocrx_word' id='word_1_630' title='bbox 2718 3340 2763 3393; x_wconf 80' lang='lat' dir='ltr'><strong>si</strong></span> <span class='ocrx_word' id='word_1_631' title='bbox 2794 3340 2921 3409; x_wconf 87' lang='lat' dir='ltr'><strong>quid</strong></span> <span class='ocrx_word' id='word_1_632' title='bbox 2957 3340 3103 3394; x_wconf 80' lang='lat' dir='ltr'><strong>aliud</strong></span> <span class='ocrx_word' id='word_1_633' title='bbox 3135 3359 3312 3396; x_wconf 85' lang='lat' dir='ltr'><strong>eorum</strong></span> <span class='ocrx_word' id='word_1_634' title='bbox 3346 3360 3466 3414; x_wconf 72' lang='lat' dir='ltr'><strong>qua:</strong></span> <span class='ocrx_word' id='word_1_635' title='bbox 3498 3347 3552 3398; x_wconf 80' lang='lat' dir='ltr'><strong>in</strong></span> 
     </span>
    </p>
   </div>
   <div class='ocr_carea' id='block_1_79' title="bbox 1985 3427 3549 3500">
    <p class='ocr_par' dir='ltr' id='par_1_79' title="bbox 1985 3427 3549 3500">
     <span class='ocr_line' id='line_1_79' title="bbox 1985 3427 3549 3500; baseline 0.008 -22"><span class='ocrx_word' id='word_1_636' title='bbox 1985 3427 2082 3479; x_wconf 84' lang='lat' dir='ltr'><strong>hoc</strong></span> <span class='ocrx_word' id='word_1_637' title='bbox 2110 3427 2347 3480; x_wconf 79' lang='lat' dir='ltr'><strong>universo</strong></span> <span class='ocrx_word' id='word_1_638' title='bbox 2392 3437 2514 3482; x_wconf 77' lang='lat' dir='ltr'><strong>sunt</strong></span> <span class='ocrx_word' id='word_1_639' title='bbox 2547 3430 2744 3483; x_wconf 69' lang='lat' dir='ltr'><strong>colere:</strong></span> <span class='ocrx_word' id='word_1_640' title='bbox 2771 3470 2787 3495; x_wconf 94' lang='lat'><strong>,</strong></span> <span class='ocrx_word' id='word_1_641' title='bbox 2827 3448 2949 3485; x_wconf 91' lang='lat' dir='ltr'><strong>mox</strong></span> <span class='ocrx_word' id='word_1_642' title='bbox 2984 3433 3128 3486; x_wconf 82' lang='lat' dir='ltr'><strong>redit</strong></span> <span class='ocrx_word' id='word_1_643' title='bbox 3161 3434 3226 3488; x_wconf 90' lang='lat' dir='ltr'><strong>ad</strong></span> <span class='ocrx_word' id='word_1_644' title='bbox 3265 3448 3360 3500; x_wconf 90' lang='lat' dir='ltr'><strong>se,</strong></span> <span class='ocrx_word' id='word_1_645' title='bbox 3387 3444 3440 3490; x_wconf 92' lang='lat' dir='ltr'><strong>et</strong></span> <span class='ocrx_word' id='word_1_646' title='bbox 3467 3437 3549 3491; x_wconf 83' lang='lat' dir='ltr'><strong>di-</strong></span> 
     </span>
    </p>
   </div>
   <div class='ocr_carea' id='block_1_80' title="bbox 1984 3518 3548 3593">
    <p class='ocr_par' dir='ltr' id='par_1_80' title="bbox 1984 3518 3548 3593">
     <span class='ocr_line' id='line_1_80' title="bbox 1984 3518 3548 3593; baseline 0.009 -23"><span class='ocrx_word' id='word_1_647' title='bbox 1984 3527 2127 3570; x_wconf 87' lang='lat' dir='ltr'><strong>ctum</strong></span> <span class='ocrx_word' id='word_1_648' title='bbox 2159 3519 2436 3586; x_wconf 79' lang='lat' dir='ltr'><strong>corrigens</strong></span> <span class='ocrx_word' id='word_1_649' title='bbox 2466 3535 2481 3571; x_wconf 87' lang='lat'><strong>:</strong></span> <span class='ocrx_word' id='word_1_650' title='bbox 2518 3518 2642 3574; x_wconf 77' lang='lat' dir='ltr'><strong>Non</strong></span> <span class='ocrx_word' id='word_1_651' title='bbox 2673 3520 2787 3573; x_wconf 84' lang='lat' dir='ltr'><strong>licet</strong></span> <span class='ocrx_word' id='word_1_652' title='bbox 2809 3563 2824 3588; x_wconf 86' lang='lat'><strong>,</strong></span> <span class='ocrx_word' id='word_1_653' title='bbox 2857 3521 3069 3589; x_wconf 83' lang='lat' dir='ltr'><strong>inquit,</strong></span> <span class='ocrx_word' id='word_1_654' title='bbox 3099 3528 3394 3593; x_wconf 83' lang='lat' dir='ltr'><strong>quempiam</strong></span> <span class='ocrx_word' id='word_1_655' title='bbox 3423 3527 3548 3584; x_wconf 65' lang='lat' dir='ltr'><strong>coli.</strong></span> 
     </span>
    </p>
   </div>
   <div class='ocr_carea' id='block_1_81' title="bbox 1985 3613 3548 3675">
    <p class='ocr_par' dir='ltr' id='par_1_81' title="bbox 1985 3613 3548 3675">
     <span class='ocr_line' id='line_1_81' title="bbox 1985 3613 3548 3675; baseline 0.004 -9"><span class='ocrx_word' id='word_1_656' title='bbox 1985 3613 2088 3667; x_wconf 71' lang='lat' dir='ltr'><strong>nisi</strong></span> <span class='ocrx_word' id='word_1_657' title='bbox 2113 3615 2195 3666; x_wconf 87' lang='lat' dir='ltr'><strong>cui</strong></span> <span class='ocrx_word' id='word_1_658' title='bbox 2225 3615 2366 3667; x_wconf 78' lang='lat' dir='ltr'><strong>istud</strong></span> <span class='ocrx_word' id='word_1_659' title='bbox 2393 3631 2424 3668; x_wconf 90' lang='lat' dir='ltr'><strong>a</strong></span> <span class='ocrx_word' id='word_1_660' title='bbox 2459 3613 2566 3667; x_wconf 88' lang='lat' dir='ltr'><strong>Deo</strong></span> <span class='ocrx_word' id='word_1_661' title='bbox 2595 3615 2776 3669; x_wconf 85' lang='lat' dir='ltr'><strong>datum</strong></span> <span class='ocrx_word' id='word_1_662' title='bbox 2806 3624 2902 3669; x_wconf 76' lang='lat' dir='ltr'><strong>est.</strong></span> <span class='ocrx_word' id='word_1_663' title='bbox 2937 3616 3131 3670; x_wconf 84' lang='lat' dir='ltr'><strong>Verum</strong></span> <span class='ocrx_word' id='word_1_664' title='bbox 3163 3619 3229 3672; x_wconf 89' lang='lat' dir='ltr'><strong>de</strong></span> <span class='ocrx_word' id='word_1_665' title='bbox 3255 3620 3415 3675; x_wconf 88' lang='lat' dir='ltr'><strong>cultis</strong></span> <span class='ocrx_word' id='word_1_666' title='bbox 3443 3620 3548 3674; x_wconf 70' lang='lat' dir='ltr'><strong>illis</strong></span> 
     </span>
    </p>
   </div>
   <div class='ocr_carea' id='block_1_82' title="bbox 1983 3707 3546 3780">
    <p class='ocr_par' dir='ltr' id='par_1_82' title="bbox 1983 3707 3546 3780">
     <span class='ocr_line' id='line_1_82' title="bbox 1983 3707 3546 3780; baseline 0.005 -20"><span class='ocrx_word' id='word_1_667' title='bbox 1983 3717 2076 3761; x_wconf 89' lang='lat' dir='ltr'><strong>aut</strong></span> <span class='ocrx_word' id='word_1_668' title='bbox 2104 3707 2207 3762; x_wconf 88' lang='lat' dir='ltr'><strong>diis</strong></span> <span class='ocrx_word' id='word_1_669' title='bbox 2241 3716 2332 3760; x_wconf 91' lang='lat' dir='ltr'><strong>aut</strong></span> <span class='ocrx_word' id='word_1_670' title='bbox 2358 3707 2714 3772; x_wconf 67' lang='lat' dir='ltr'><strong>daemonibus,</strong></span> <span class='ocrx_word' id='word_1_671' title='bbox 2755 3716 2848 3761; x_wconf 89' lang='lat' dir='ltr'><strong>aut</strong></span> <span class='ocrx_word' id='word_1_672' title='bbox 2893 3710 3053 3762; x_wconf 86' lang='lat' dir='ltr'><strong>etiam</strong></span> <span class='ocrx_word' id='word_1_673' title='bbox 3101 3712 3375 3780; x_wconf 89' lang='lat' dir='ltr'><strong>heroibus,</strong></span> <span class='ocrx_word' id='word_1_674' title='bbox 3422 3714 3546 3768; x_wconf 85' lang='lat' dir='ltr'><strong>Cel-</strong></span> 
     </span>
    </p>
   </div>
   <div class='ocr_carea' id='block_1_83' title="bbox 1981 3799 3544 3871">
    <p class='ocr_par' dir='ltr' id='par_1_83' title="bbox 1981 3799 3544 3871">
     <span class='ocr_line' id='line_1_83' title="bbox 1981 3799 3544 3871; baseline 0.004 -18"><span class='ocrx_word' id='word_1_675' title='bbox 1981 3813 2097 3853; x_wconf 90' lang='lat' dir='ltr'><strong>sum</strong></span> <span class='ocrx_word' id='word_1_676' title='bbox 2133 3799 2558 3869; x_wconf 73' lang='lat' dir='ltr'><strong>interrogemus:</strong></span> <span class='ocrx_word' id='word_1_677' title='bbox 2581 3799 2732 3854; x_wconf 86' lang='lat' dir='ltr'><strong>Unde</strong></span> <span class='ocrx_word' id='word_1_678' title='bbox 2758 3800 3106 3869; x_wconf 88' lang='lat' dir='ltr'><strong>probaveris,</strong></span> <span class='ocrx_word' id='word_1_679' title='bbox 3145 3819 3178 3858; x_wconf 90' lang='grc' dir='ltr'><strong>ο</strong></span> <span class='ocrx_word' id='word_1_680' title='bbox 3210 3803 3382 3870; x_wconf 89' lang='lat' dir='ltr'><strong>bone,</strong></span> <span class='ocrx_word' id='word_1_681' title='bbox 3417 3805 3544 3871; x_wconf 90' lang='lat' dir='ltr'><strong>illis,</strong></span> 
     </span>
    </p>
   </div>
   <div class='ocr_carea' id='block_1_84' title="bbox 1979 3887 3544 3954">
    <p class='ocr_par' dir='ltr' id='par_1_84' title="bbox 1979 3887 3544 3954">
     <span class='ocr_line' id='line_1_84' title="bbox 1979 3887 3544 3954; baseline 0.006 -12"><span class='ocrx_word' id='word_1_682' title='bbox 1979 3897 2037 3942; x_wconf 87' lang='lat' dir='ltr'><strong>ut</strong></span> <span class='ocrx_word' id='word_1_683' title='bbox 2070 3887 2406 3954; x_wconf 87' lang='lat' dir='ltr'><strong>colerentur,</strong></span> <span class='ocrx_word' id='word_1_684' title='bbox 2438 3890 2619 3944; x_wconf 91' lang='lat' dir='ltr'><strong>datum</strong></span> <span class='ocrx_word' id='word_1_685' title='bbox 2645 3904 2766 3944; x_wconf 87' lang='lat' dir='ltr'><strong>esse</strong></span> <span class='ocrx_word' id='word_1_686' title='bbox 2803 3907 2833 3945; x_wconf 89' lang='lat' dir='ltr'><strong>a</strong></span> <span class='ocrx_word' id='word_1_687' title='bbox 2875 3891 3006 3954; x_wconf 88' lang='lat' dir='ltr'><strong>Deo,</strong></span> <span class='ocrx_word' id='word_1_688' title='bbox 3039 3907 3144 3947; x_wconf 93' lang='lat' dir='ltr'><strong>non</strong></span> <span class='ocrx_word' id='word_1_689' title='bbox 3180 3909 3310 3950; x_wconf 91' lang='lat' dir='ltr'><strong>vero</strong></span> <span class='ocrx_word' id='word_1_690' title='bbox 3347 3898 3416 3952; x_wconf 86' lang='lat' dir='ltr'><strong>ab</strong></span> <span class='ocrx_word' id='word_1_691' title='bbox 3445 3899 3544 3952; x_wconf 83' lang='lat' dir='ltr'><strong>lto-</strong></span> 
     </span>
    </p>
   </div>
   <div class='ocr_carea' id='block_1_85' title="bbox 1979 3977 3544 4056">
    <p class='ocr_par' dir='ltr' id='par_1_85' title="bbox 1979 3977 3544 4056">
     <span class='ocr_line' id='line_1_85' title="bbox 1979 3977 3544 4056; baseline 0.006 -23"><span class='ocrx_word' id='word_1_692' title='bbox 1979 3977 2236 4044; x_wconf 90' lang='lat' dir='ltr'><strong>minibus,</strong></span> <span class='ocrx_word' id='word_1_693' title='bbox 2269 3981 2356 4049; x_wconf 91' lang='lat' dir='ltr'><strong>qui</strong></span> <span class='ocrx_word' id='word_1_694' title='bbox 2388 3980 2692 4050; x_wconf 77' lang='lat' dir='ltr'><strong>ignorantia</strong></span> <span class='ocrx_word' id='word_1_695' title='bbox 2724 3986 2983 4036; x_wconf 88' lang='lat' dir='ltr'><strong>errabant</strong></span> <span class='ocrx_word' id='word_1_696' title='bbox 3009 3984 3395 4054; x_wconf 83' lang='lat' dir='ltr'><strong>etinscientia,</strong></span> <span class='ocrx_word' id='word_1_697' title='bbox 3421 3989 3544 4056; x_wconf 87' lang='lat' dir='ltr'><strong>qui-</strong></span> 
     </span>
    </p>
   </div>
   <div class='ocr_carea' id='block_1_86' title="bbox 1978 4071 3542 4145">
    <p class='ocr_par' dir='ltr' id='par_1_86' title="bbox 1978 4071 3542 4145">
     <span class='ocr_line' id='line_1_86' title="bbox 1978 4071 3542 4145; baseline 0.006 -22"><span class='ocrx_word' id='word_1_698' title='bbox 1978 4083 2081 4139; x_wconf 93' lang='lat' dir='ltr'><strong>que</strong></span> <span class='ocrx_word' id='word_1_699' title='bbox 2110 4072 2181 4126; x_wconf 87' lang='lat' dir='ltr'><strong>ab</strong></span> <span class='ocrx_word' id='word_1_700' title='bbox 2212 4071 2302 4126; x_wconf 92' lang='lat' dir='ltr'><strong>illo</strong></span> <span class='ocrx_word' id='word_1_701' title='bbox 2325 4072 2643 4127; x_wconf 76' lang='lat' dir='ltr'><strong>exciderant</strong></span> <span class='ocrx_word' id='word_1_702' title='bbox 2671 4073 2755 4126; x_wconf 90' lang='lat' dir='ltr'><strong>cui</strong></span> <span class='ocrx_word' id='word_1_703' title='bbox 2797 4073 2975 4128; x_wconf 90' lang='lat' dir='ltr'><strong>cultus</strong></span> <span class='ocrx_word' id='word_1_704' title='bbox 3008 4077 3229 4145; x_wconf 85' lang='lat' dir='ltr'><strong>proprie</strong></span> <span class='ocrx_word' id='word_1_705' title='bbox 3262 4077 3542 4132; x_wconf 74' lang='lat' dir='ltr'><strong>defertur?</strong></span> 
     </span>
    </p>
   </div>
   <div class='ocr_carea' id='block_1_87' title="bbox 1975 4162 3536 4236">
    <p class='ocr_par' dir='ltr' id='par_1_87' title="bbox 1975 4162 3536 4236">
     <span class='ocr_line' id='line_1_87' title="bbox 1975 4162 3536 4236; baseline 0.006 -21"><span class='ocrx_word' id='word_1_706' title='bbox 1975 4162 2200 4216; x_wconf 86' lang='lat' dir='ltr'><strong>Adriani</strong></span> <span class='ocrx_word' id='word_1_707' title='bbox 2228 4163 2476 4218; x_wconf 91' lang='lat' dir='ltr'><strong>coluntur</strong></span> <span class='ocrx_word' id='word_1_708' title='bbox 2502 4163 2714 4230; x_wconf 88' lang='lat' dir='ltr'><strong>amasii,</strong></span> <span class='ocrx_word' id='word_1_709' title='bbox 2735 4165 2971 4233; x_wconf 88' lang='lat' dir='ltr'><strong>utpaulo</strong></span> <span class='ocrx_word' id='word_1_710' title='bbox 2997 4175 3122 4220; x_wconf 90' lang='lat' dir='ltr'><strong>ante</strong></span> <span class='ocrx_word' id='word_1_711' title='bbox 3139 4167 3340 4236; x_wconf 85' lang='lat' dir='ltr'><strong>dixisti,</strong></span> <span class='ocrx_word' id='word_1_712' title='bbox 3365 4169 3536 4234; x_wconf 86' lang='lat' dir='ltr'><strong>Celse;</strong></span> 
     </span>
    </p>
   </div>
   <div class='ocr_carea' id='block_1_88' title="bbox 1977 4253 3533 4323">
    <p class='ocr_par' dir='ltr' id='par_1_88' title="bbox 1977 4253 3533 4323">
     <span class='ocr_line' id='line_1_88' title="bbox 1977 4253 3533 4323; baseline 0.005 -16"><span class='ocrx_word' id='word_1_713' title='bbox 1977 4262 2033 4307; x_wconf 83' lang='lat' dir='ltr'><strong>at</strong></span> <span class='ocrx_word' id='word_1_714' title='bbox 2061 4253 2301 4323; x_wconf 82' lang='lat' dir='ltr'><strong>profecto</strong></span> <span class='ocrx_word' id='word_1_715' title='bbox 2338 4269 2440 4309; x_wconf 92' lang='lat' dir='ltr'><strong>non</strong></span> <span class='ocrx_word' id='word_1_716' title='bbox 2477 4254 2827 4312; x_wconf 76' lang='lat' dir='ltr'><strong>aﬂirmaveris</strong></span> <span class='ocrx_word' id='word_1_717' title='bbox 2857 4257 3091 4313; x_wconf 79' lang='lat' dir='ltr'><strong>Antinoo</strong></span> <span class='ocrx_word' id='word_1_718' title='bbox 3125 4261 3304 4312; x_wconf 87' lang='lat' dir='ltr'><strong>datum</strong></span> <span class='ocrx_word' id='word_1_719' title='bbox 3335 4275 3362 4313; x_wconf 91' lang='lat' dir='ltr'><strong>a</strong></span> <span class='ocrx_word' id='word_1_720' title='bbox 3391 4277 3533 4315; x_wconf 87' lang='lat' dir='ltr'><strong>sum-</strong></span> 
     </span>
    </p>
   </div>
   <div class='ocr_carea' id='block_1_89' title="bbox 1975 4343 3538 4409">
    <p class='ocr_par' dir='ltr' id='par_1_89' title="bbox 1975 4343 3538 4409">
     <span class='ocr_line' id='line_1_89' title="bbox 1975 4343 3538 4409; baseline 0.006 -12"><span class='ocrx_word' id='word_1_721' title='bbox 1975 4359 2064 4398; x_wconf 92' lang='lat' dir='ltr'><strong>mo</strong></span> <span class='ocrx_word' id='word_1_722' title='bbox 2097 4343 2202 4396; x_wconf 88' lang='lat' dir='ltr'><strong>Deo</strong></span> <span class='ocrx_word' id='word_1_723' title='bbox 2242 4343 2408 4398; x_wconf 79' lang='lat' dir='ltr'><strong>fuisse</strong></span> <span class='ocrx_word' id='word_1_724' title='bbox 2442 4353 2501 4398; x_wconf 93' lang='lat' dir='ltr'><strong>ut</strong></span> <span class='ocrx_word' id='word_1_725' title='bbox 2537 4345 2828 4400; x_wconf 90' lang='lat' dir='ltr'><strong>coleretur.</strong></span> <span class='ocrx_word' id='word_1_726' title='bbox 2875 4345 3018 4403; x_wconf 83' lang='lat' dir='ltr'><strong>Idem</strong></span> <span class='ocrx_word' id='word_1_727' title='bbox 3054 4350 3120 4403; x_wconf 92' lang='lat' dir='ltr'><strong>de</strong></span> <span class='ocrx_word' id='word_1_728' title='bbox 3151 4350 3274 4404; x_wconf 86' lang='lat' dir='ltr'><strong>aliis</strong></span> <span class='ocrx_word' id='word_1_729' title='bbox 3298 4350 3538 4409; x_wconf 88' lang='lat' dir='ltr'><strong>dicemus</strong></span> 
     </span>
    </p>
   </div>
   <div class='ocr_carea' id='block_1_90' title="bbox 299 4418 1887 4510">
    <p class='ocr_par' dir='ltr' id='par_1_90' title="bbox 299 4418 1871 4510">
     <span class='ocr_line' id='line_1_90' title="bbox 299 4418 1871 4510; baseline 0.013 -39"><span class='ocrx_word' id='word_1_730' title='bbox 299 4418 442 4482; x_wconf 87' lang='grc' dir='ltr'>σθαι,</span> <span class='ocrx_word' id='word_1_731' title='bbox 474 4421 548 4484; x_wconf 87' lang='grc' dir='ltr'>ὡς</span> <span class='ocrx_word' id='word_1_732' title='bbox 578 4421 695 4494; x_wconf 86' lang='grc' dir='ltr'><strong>Θεῷ</strong></span> <span class='ocrx_word' id='word_1_733' title='bbox 733 4423 810 4495; x_wconf 83' lang='grc' dir='ltr'>τῷ</span> <span class='ocrx_word' id='word_1_734' title='bbox 853 4425 1103 4498; x_wconf 86' lang='grc' dir='ltr'>Ἀντινόῳ</span> <span class='ocrx_word' id='word_1_735' title='bbox 1138 4428 1268 4500; x_wconf 72' lang='grc'>(54).</span> <span class='ocrx_word' id='word_1_736' title='bbox 1297 4432 1368 4484; x_wconf 84' lang='grc' dir='ltr'><strong>Τὸ</strong></span> <span class='ocrx_word' id='word_1_737' title='bbox 1396 4434 1440 4487; x_wconf 87' lang='grc' dir='ltr'>δ’</span> <span class='ocrx_word' id='word_1_738' title='bbox 1474 4436 1602 4489; x_wconf 75' lang='grc' dir='ltr'>αὐτὸ</span> <span class='ocrx_word' id='word_1_739' title='bbox 1626 4438 1717 4491; x_wconf 71' lang='grc' dir='ltr'><strong>καὶ</strong></span> <span class='ocrx_word' id='word_1_740' title='bbox 1746 4439 1871 4510; x_wconf 71' lang='grc' dir='ltr'>περὶ</span> 
     </span>
    </p>
   </div>
   <div class='ocr_carea' id='block_1_91' title="bbox 1994 4418 3535 4510">
    <p class='ocr_par' dir='ltr' id='par_1_91' title="bbox 1994 4435 3535 4508">
     <span class='ocr_line' id='line_1_91' title="bbox 1994 4435 3535 4508; baseline 0.006 -21"><span class='ocrx_word' id='word_1_741' title='bbox 1994 4443 2329 4504; x_wconf 76' lang='grc' dir='ltr'>ιειειιιιιειιιιο</span> <span class='ocrx_word' id='word_1_742' title='bbox 2354 4443 2412 4488; x_wconf 88' lang='grc' dir='ltr'><strong>ιιι</strong></span> <span class='ocrx_word' id='word_1_743' title='bbox 2435 4435 2764 4491; x_wconf 88' lang='lat' dir='ltr'><strong>demonstret</strong></span> <span class='ocrx_word' id='word_1_744' title='bbox 2800 4437 2925 4506; x_wconf 88' lang='lat' dir='ltr'><strong>illis,</strong></span> <span class='ocrx_word' id='word_1_745' title='bbox 2953 4449 3012 4494; x_wconf 93' lang='lat' dir='ltr'><strong>ut</strong></span> <span class='ocrx_word' id='word_1_746' title='bbox 3037 4442 3302 4508; x_wconf 86' lang='lat' dir='ltr'><strong>colantur,</strong></span> <span class='ocrx_word' id='word_1_747' title='bbox 3337 4457 3366 4496; x_wconf 91' lang='lat' dir='ltr'><strong>a</strong></span> <span class='ocrx_word' id='word_1_748' title='bbox 3389 4457 3535 4496; x_wconf 88' lang='lat' dir='ltr'><strong>sum-</strong></span> 
     </span>
    </p>
   </div>
   <div class='ocr_carea' id='block_1_92' title="bbox 295 4511 1860 4602">
    <p class='ocr_par' dir='ltr' id='par_1_92' title="bbox 295 4511 1860 4602">
     <span class='ocr_line' id='line_1_92' title="bbox 295 4511 1860 4602; baseline 0.013 -37"><span class='ocrx_word' id='word_1_749' title='bbox 295 4511 399 4565; x_wconf 85' lang='grc' dir='ltr'><strong>τῶν</strong></span> <span class='ocrx_word' id='word_1_750' title='bbox 425 4512 596 4568; x_wconf 85' lang='grc' dir='ltr'>ἄλλων</span> <span class='ocrx_word' id='word_1_751' title='bbox 633 4514 882 4587; x_wconf 84' lang='grc' dir='ltr'>ἐροῦμεν,</span> <span class='ocrx_word' id='word_1_752' title='bbox 904 4520 1258 4586; x_wconf 88' lang='grc' dir='ltr'>ἀπαιτοῦντες</span> <span class='ocrx_word' id='word_1_753' title='bbox 1306 4525 1575 4592; x_wconf 81' lang='grc' dir='ltr'>ἀπόδειξιν</span> <span class='ocrx_word' id='word_1_754' title='bbox 1612 4531 1741 4602; x_wconf 77' lang='grc' dir='ltr'>περὶ</span> <span class='ocrx_word' id='word_1_755' title='bbox 1770 4531 1860 4585; x_wconf 87' lang='grc' dir='ltr'><strong>τοῦ</strong></span> 
     </span>
    </p>
   </div>
   <div class='ocr_carea' id='block_1_93' title="bbox 293 4603 1858 4690">
    <p class='ocr_par' dir='ltr' id='par_1_93' title="bbox 293 4603 1858 4690">
     <span class='ocr_line' id='line_1_93' title="bbox 293 4603 1858 4690; baseline 0.012 -34"><span class='ocrx_word' id='word_1_756' title='bbox 293 4603 529 4660; x_wconf 83' lang='grc' dir='ltr'>δεδόσθαι</span> <span class='ocrx_word' id='word_1_757' title='bbox 551 4606 730 4671; x_wconf 75' lang='grc' dir='ltr'>αὐτοῖς</span> <span class='ocrx_word' id='word_1_758' title='bbox 755 4609 860 4662; x_wconf 83' lang='grc' dir='ltr'>ἀπὸ</span> <span class='ocrx_word' id='word_1_759' title='bbox 893 4611 986 4664; x_wconf 76' lang='grc' dir='ltr'><strong>τοῦ</strong></span> <span class='ocrx_word' id='word_1_760' title='bbox 1014 4614 1105 4667; x_wconf 76' lang='grc' dir='ltr'><strong>ἐπὶ</strong></span> <span class='ocrx_word' id='word_1_761' title='bbox 1140 4616 1272 4668; x_wconf 81' lang='grc' dir='ltr'>πᾶσι</span> <span class='ocrx_word' id='word_1_762' title='bbox 1309 4616 1443 4671; x_wconf 87' lang='grc' dir='ltr'>Θεοῦ</span> <span class='ocrx_word' id='word_1_763' title='bbox 1483 4621 1542 4672; x_wconf 82' lang='grc' dir='ltr'><strong>τὸ</strong></span> <span class='ocrx_word' id='word_1_764' title='bbox 1585 4621 1858 4690; x_wconf 78' lang='grc' dir='ltr'>τιμᾶσθαι.</span> 
     </span>
    </p>
   </div>
   <div class='ocr_carea' id='block_1_94' title="bbox 305 4693 1861 4781">
    <p class='ocr_par' dir='ltr' id='par_1_94' title="bbox 305 4693 1861 4781">
     <span class='ocr_line' id='line_1_94' title="bbox 305 4693 1861 4781; baseline 0.013 -37"><span class='ocrx_word' id='word_1_765' title='bbox 305 4693 427 4747; x_wconf 87' lang='grc' dir='ltr'>Ἐὰν</span> <span class='ocrx_word' id='word_1_766' title='bbox 465 4695 508 4748; x_wconf 83' lang='grc' dir='ltr'>δ’</span> <span class='ocrx_word' id='word_1_767' title='bbox 539 4697 668 4768; x_wconf 75' lang='grc' dir='ltr'>ἡμῖν</span> <span class='ocrx_word' id='word_1_768' title='bbox 697 4697 1042 4774; x_wconf 82' lang='grc' dir='ltr'>ἁνθυποφέρῃ</span> <span class='ocrx_word' id='word_1_769' title='bbox 1071 4702 1130 4755; x_wconf 85' lang='grc' dir='ltr'><strong>τὺ</strong></span> <span class='ocrx_word' id='word_1_770' title='bbox 1178 4707 1556 4780; x_wconf 81' lang='grc' dir='ltr'>παραπλήσιον</span> <span class='ocrx_word' id='word_1_771' title='bbox 1597 4711 1724 4781; x_wconf 69' lang='grc' dir='ltr'>περι</span> <span class='ocrx_word' id='word_1_772' title='bbox 1767 4710 1861 4764; x_wconf 88' lang='grc' dir='ltr'><strong>τοῦ</strong></span> 
     </span>
    </p>
   </div>
   <div class='ocr_carea' id='block_1_95' title="bbox 362 4846 851 4919">
    <p class='ocr_par' dir='ltr' id='par_1_95' title="bbox 362 4846 851 4919">
     <span class='ocr_line' id='line_1_95' title="bbox 362 4846 851 4919; baseline 0.02 -19"><span class='ocrx_word' id='word_1_773' title='bbox 362 4846 409 4878; x_wconf 78' lang='grc'><strong>⁸⁸</strong></span> <span class='ocrx_word' id='word_1_774' title='bbox 431 4846 620 4904; x_wconf 81' lang='lat' dir='ltr'><strong>Matth.</strong></span> <span class='ocrx_word' id='word_1_775' title='bbox 655 4868 732 4919; x_wconf 79' lang='lat' dir='ltr'><strong>vr,</strong></span> <span class='ocrx_word' id='word_1_776' title='bbox 762 4853 851 4910; x_wconf 71' lang='grc'><strong>24.</strong></span> 
     </span>
    </p>
   </div>
   <div class='ocr_carea' id='block_1_96' title="bbox 360 4991 1860 5074">
    <p class='ocr_par' dir='ltr' id='par_1_96' title="bbox 360 4991 1860 5074">
     <span class='ocr_line' id='line_1_96' title="bbox 360 4991 1860 5074; baseline 0.013 -29"><span class='ocrx_word' id='word_1_777' title='bbox 360 4991 478 5074; x_wconf 58' lang='grc'>(27)</span> <span class='ocrx_word' id='word_1_778' title='bbox 501 4993 692 5074; x_wconf 52' lang='lat' dir='ltr'><strong>fieret,</strong></span> <span class='ocrx_word' id='word_1_779' title='bbox 720 5000 826 5074; x_wconf 53' lang='lat' dir='ltr'><strong>ora}</strong></span> <span class='ocrx_word' id='word_1_780' title='bbox 848 5003 1241 5074; x_wconf 60' lang='grc' dir='ltr'>ἀφιλόσοφον.</span> <span class='ocrx_word' id='word_1_781' title='bbox 1282 5005 1438 5063; x_wconf 90' lang='lat' dir='ltr'><strong>Libh.</strong></span> <span class='ocrx_word' id='word_1_782' title='bbox 1469 4991 1597 5062; x_wconf 67' lang='lat' dir='ltr'><strong>eiliti</strong></span> <span class='ocrx_word' id='word_1_783' title='bbox 1632 5011 1682 5064; x_wconf 91' lang='lat' dir='ltr'><strong>in</strong></span> <span class='ocrx_word' id='word_1_784' title='bbox 1715 5028 1860 5065; x_wconf 86' lang='lat' dir='ltr'><strong>mar-</strong></span> 
     </span>
    </p>
   </div>
   <div class='ocr_carea' id='block_1_97' title="bbox 291 5061 1859 5151">
    <p class='ocr_par' dir='ltr' id='par_1_97' title="bbox 291 5061 1859 5151">
     <span class='ocr_line' id='line_1_97' title="bbox 291 5061 1859 5151; baseline 0.013 -36"><span class='ocrx_word' id='word_1_785' title='bbox 461 5061 605 5151; x_wconf 71' lang='grc' dir='ltr'>λέγει</span> <span class='ocrx_word' id='word_1_786' title='bbox 653 5061 743 5122; x_wconf 77' lang='grc' dir='ltr'>καὶ</span> <span class='ocrx_word' id='word_1_787' title='bbox 792 5061 1132 5151; x_wconf 58' lang='grc' dir='ltr'>ἀφιλόσοφονῖ</span> <span class='ocrx_word' id='word_1_788' title='bbox 1170 5061 1490 5151; x_wconf 58' lang='lat' dir='ltr'><strong>Boliereilits</strong></span> <span class='ocrx_word' id='word_1_789' title='bbox 1528 5061 1681 5148; x_wconf 43' lang='lat' dir='ltr'><strong>legit;</strong></span> 
     </span>
    </p>
   </div>
   <div class='ocr_carea' id='block_1_98' title="bbox 290 5133 1852 5217">
    <p class='ocr_par' dir='ltr' id='par_1_98' title="bbox 290 5133 1852 5217">
     <span class='ocr_line' id='line_1_98' title="bbox 290 5133 1852 5217; baseline 0.015 -34"><span class='ocrx_word' id='word_1_790' title='bbox 290 5133 382 5217; x_wconf 74' lang='grc' dir='ltr'>καὶ</span> <span class='ocrx_word' id='word_1_791' title='bbox 407 5134 758 5217; x_wconf 82' lang='grc' dir='ltr'>ἀφιλόσοφος·</span> <span class='ocrx_word' id='word_1_792' title='bbox 783 5133 925 5210; x_wconf 79' lang='lat' dir='ltr'><strong>quod</strong></span> <span class='ocrx_word' id='word_1_793' title='bbox 949 5156 1001 5198; x_wconf 79' lang='lat' dir='ltr'><strong>et</strong></span> <span class='ocrx_word' id='word_1_794' title='bbox 1029 5133 1368 5203; x_wconf 73' lang='lat' dir='ltr'><strong>llmscltelius</strong></span> <span class='ocrx_word' id='word_1_795' title='bbox 1400 5147 1554 5204; x_wconf 80' lang='lat' dir='ltr'><strong>aﬂ&#39;ert</strong></span> <span class='ocrx_word' id='word_1_796' title='bbox 1641 5133 1852 5208; x_wconf 73' lang='lat' dir='ltr'><strong>Celenii</strong></span> 
     </span>
    </p>
   </div>
   <div class='ocr_carea' id='block_1_99' title="bbox 292 5211 758 5267">
    <p class='ocr_par' dir='ltr' id='par_1_99' title="bbox 292 5211 758 5267">
     <span class='ocr_line' id='line_1_99' title="bbox 292 5211 758 5267; baseline 0.017 -13"><span class='ocrx_word' id='word_1_797' title='bbox 292 5211 758 5267; x_wconf 79' lang='lat' dir='ltr'><strong>interpretatione.</strong></span> 
     </span>
    </p>
   </div>
   <div class='ocr_carea' id='block_1_100' title="bbox 361 5272 1844 5359">
    <p class='ocr_par' dir='ltr' id='par_1_100' title="bbox 361 5272 1844 5359">
     <span class='ocr_line' id='line_1_100' title="bbox 361 5272 1844 5359; baseline 0.013 -33"><span class='ocrx_word' id='word_1_798' title='bbox 361 5272 472 5356; x_wconf 51' lang='lat' dir='ltr'><strong>(g8)</strong></span> <span class='ocrx_word' id='word_1_799' title='bbox 528 5276 688 5359; x_wconf 69' lang='grc' dir='ltr'>Ἡμῖν</span> <span class='ocrx_word' id='word_1_800' title='bbox 737 5282 1212 5359; x_wconf 66' lang='grc' dir='ltr'>σημαινομένων.</span> <span class='ocrx_word' id='word_1_801' title='bbox 1259 5284 1438 5340; x_wconf 83' lang='lat' dir='ltr'><strong>Mallet</strong></span> <span class='ocrx_word' id='word_1_802' title='bbox 1501 5287 1844 5359; x_wconf 86' lang='lat' dir='ltr'><strong>Boherellns,</strong></span> 
     </span>
    </p>
   </div>
   <div class='ocr_carea' id='block_1_101' title="bbox 287 5341 1334 5427">
    <p class='ocr_par' dir='ltr' id='par_1_101' title="bbox 287 5341 1334 5427">
     <span class='ocr_line' id='line_1_101' title="bbox 287 5341 1334 5427; baseline 0.015 -33"><span class='ocrx_word' id='word_1_803' title='bbox 287 5341 770 5427; x_wconf 35' lang='grc' dir='ltr'>ἡμιέχξσημαίνῳν,</span> <span class='ocrx_word' id='word_1_804' title='bbox 803 5341 886 5404; x_wconf 64' lang='lat' dir='ltr'><strong>vel</strong></span> <span class='ocrx_word' id='word_1_805' title='bbox 905 5341 1334 5427; x_wconf 68' lang='grc' dir='ltr'>σημαινομένην.</span> 
     </span>
    </p>
   </div>
   <div class='ocr_carea' id='block_1_102' title="bbox 359 5412 1592 5494">
    <p class='ocr_par' dir='ltr' id='par_1_102' title="bbox 359 5412 1592 5494">
     <span class='ocr_line' id='line_1_102' title="bbox 359 5412 1592 5494; baseline 0.002 0"><span class='ocrx_word' id='word_1_806' title='bbox 359 5412 469 5494; x_wconf 63' lang='lat'><strong>(‘29?</strong></span> <span class='ocrx_word' id='word_1_807' title='bbox 504 5412 1054 5494; x_wconf 58' lang='grc' dir='ltr'><strong>ἓέιθὶεράτριξς;.Ρ¹ἓιίρ</strong></span> <span class='ocrx_word' id='word_1_808' title='bbox 1077 5412 1322 5494; x_wconf 45' lang='lat' dir='ltr'><strong>Ardor.</strong></span> <span class='ocrx_word' id='word_1_809' title='bbox 1353 5441 1474 5494; x_wconf 70' lang='lat' dir='ltr'><strong>nag-</strong></span> <span class='ocrx_word' id='word_1_810' title='bbox 1501 5427 1592 5482; x_wconf 75' lang='lat'><strong>50-</strong></span> 
     </span>
    </p>
   </div>
   <div class='ocr_carea' id='block_1_103' title="bbox 358 5484 1838 5569">
    <p class='ocr_par' dir='ltr' id='par_1_103' title="bbox 358 5484 1838 5569">
     <span class='ocr_line' id='line_1_103' title="bbox 358 5484 1838 5569; baseline 0.011 -31"><span class='ocrx_word' id='word_1_811' title='bbox 358 5484 469 5569; x_wconf 70' lang='grc' dir='ltr'>(ὅθ)</span> <span class='ocrx_word' id='word_1_812' title='bbox 506 5486 658 5569; x_wconf 47' lang='lat' dir='ltr'><strong>hibb.</strong></span> <span class='ocrx_word' id='word_1_813' title='bbox 687 5490 816 5569; x_wconf 62' lang='lat' dir='ltr'><strong>editi</strong></span> <span class='ocrx_word' id='word_1_814' title='bbox 844 5488 1100 5569; x_wconf 78' lang='lat' dir='ltr'><strong>P_lat0ttis,</strong></span> <span class='ocrx_word' id='word_1_815' title='bbox 1129 5484 1186 5544; x_wconf 81' lang='grc' dir='ltr'>οὐ</span> <span class='ocrx_word' id='word_1_816' title='bbox 1342 5484 1490 5569; x_wconf 59' lang='grc' dir='ltr'>οἶμαι</span> <span class='ocrx_word' id='word_1_817' title='bbox 1514 5497 1736 5569; x_wconf 81' lang='grc' dir='ltr'>θεμιτὸν</span> <span class='ocrx_word' id='word_1_818' title='bbox 1759 5495 1838 5554; x_wconf 83' lang='grc' dir='ltr'><strong>εἷ-</strong></span> 
     </span>
    </p>
   </div>
   <div class='ocr_carea' id='block_1_104' title="bbox 286 5556 1617 5635">
    <p class='ocr_par' dir='ltr' id='par_1_104' title="bbox 286 5556 1617 5635">
     <span class='ocr_line' id='line_1_104' title="bbox 286 5556 1617 5635; baseline 0.013 -30"><span class='ocrx_word' id='word_1_819' title='bbox 286 5556 827 5635; x_wconf 40' lang='grc' dir='ltr'>ναι-ἀμείνονιάν-δρὶ</span> <span class='ocrx_word' id='word_1_820' title='bbox 863 5560 966 5635; x_wconf 60' lang='lat' dir='ltr'><strong>om</strong></span> <span class='ocrx_word' id='word_1_821' title='bbox 997 5556 1235 5635; x_wconf 78' lang='grc' dir='ltr'>χείρονος</span> <span class='ocrx_word' id='word_1_822' title='bbox 1268 5556 1617 5635; x_wconf 70' lang='grc' dir='ltr'>βλάπτεσθαί.</span> 
     </span>
    </p>
   </div>
   <div class='ocr_carea' id='block_1_105' title="bbox 360 5574 1835 5707">
    <p class='ocr_par' dir='ltr' id='par_1_105' title="bbox 360 5574 1835 5707">
     <span class='ocr_line' id='line_1_105' title="bbox 360 5574 1617 5635; baseline 0.013 -29"><span class='ocrx_word' id='word_1_823' title='bbox 360 5574 372 5606; x_wconf 86' lang='grc' dir='ltr'><strong>ι</strong></span> <span class='ocrx_word' id='word_1_824' title='bbox 408 5574 459 5607; x_wconf 87' lang='grc' dir='ltr'><strong>α·</strong></span> <span class='ocrx_word' id='word_1_825' title='bbox 489 5574 647 5611; x_wconf 89' lang='grc' dir='ltr'>εινονι</span> <span class='ocrx_word' id='word_1_826' title='bbox 676 5574 827 5628; x_wconf 87' lang='grc' dir='ltr'>ανορι</span> <span class='ocrx_word' id='word_1_827' title='bbox 863 5574 966 5613; x_wconf 86' lang='grc' dir='ltr'><strong>υπο</strong></span> <span class='ocrx_word' id='word_1_828' title='bbox 997 5574 1231 5633; x_wconf 75' lang='grc' dir='ltr'>χείρονος</span> <span class='ocrx_word' id='word_1_829' title='bbox 1268 5574 1617 5635; x_wconf 72' lang='grc' dir='ltr'>βλάπτεσθαι.</span> 
     </span>
     <span class='ocr_line' id='line_1_106' title="bbox 360 5574 1835 5707; baseline 0.014 -31"><span class='ocrx_word' id='word_1_830' title='bbox 360 5574 840 5707; x_wconf 54' lang='grc' dir='ltr'>(δίςίιοεεοιιοιίιιε</span> <span class='ocrx_word' id='word_1_831' title='bbox 875 5630 926 5707; x_wconf 82' lang='lat' dir='ltr'><strong>in</strong></span> <span class='ocrx_word' id='word_1_832' title='bbox 956 5641 1120 5698; x_wconf 82' lang='lat' dir='ltr'><strong>textu,</strong></span> <span class='ocrx_word' id='word_1_833' title='bbox 1152 5634 1231 5707; x_wconf 73' lang='grc' dir='ltr'>τὸ,</span> <span class='ocrx_word' id='word_1_834' title='bbox 1275 5636 1464 5701; x_wconf 79' lang='grc' dir='ltr'>οὐδείς.</span> <span class='ocrx_word' id='word_1_835' title='bbox 1522 5636 1688 5692; x_wconf 88' lang='lat' dir='ltr'><strong>Paulo</strong></span> <span class='ocrx_word' id='word_1_836' title='bbox 1715 5651 1835 5707; x_wconf 79' lang='lat' dir='ltr'><strong>post</strong></span> 
     </span>
    </p>
   </div>
   <div class='ocr_carea' id='block_1_106' title="bbox 290 5699 1832 5776">
    <p class='ocr_par' dir='ltr' id='par_1_106' title="bbox 290 5699 1832 5776">
     <span class='ocr_line' id='line_1_107' title="bbox 290 5699 1832 5776; baseline 0.015 -35"><span class='ocrx_word' id='word_1_837' title='bbox 290 5702 432 5776; x_wconf 59' lang='lat' dir='ltr'><strong>recte</strong></span> <span class='ocrx_word' id='word_1_838' title='bbox 454 5712 648 5776; x_wconf 63' lang='lat' dir='ltr'><strong>omnes</strong></span> <span class='ocrx_word' id='word_1_839' title='bbox 683 5715 807 5776; x_wconf 76' lang='lat' dir='ltr'><strong>mss.</strong></span> <span class='ocrx_word' id='word_1_840' title='bbox 826 5699 1042 5776; x_wconf 82' lang='lat' dir='ltr'><strong>habent,</strong></span> <span class='ocrx_word' id='word_1_841' title='bbox 1075 5699 1322 5776; x_wconf 39' lang='grc' dir='ltr'>περι-τῆς</span> <span class='ocrx_word' id='word_1_842' title='bbox 1347 5699 1537 5770; x_wconf 26' lang='grc' dir='ltr'>είςντὸν</span> <span class='ocrx_word' id='word_1_843' title='bbox 1568 5709 1700 5764; x_wconf 81' lang='grc' dir='ltr'>Θεὸν</span> <span class='ocrx_word' id='word_1_844' title='bbox 1715 5699 1832 5764; x_wconf 75' lang='grc' dir='ltr'>’τῶν</span> 
     </span>
    </p>
   </div>
   <div class='ocr_carea' id='block_1_107' title="bbox 289 5761 1826 5854">
    <p class='ocr_par' dir='ltr' id='par_1_107' title="bbox 289 5761 1826 5854">
     <span class='ocr_line' id='line_1_108' title="bbox 289 5761 1826 5854; baseline 0.014 -36"><span class='ocrx_word' id='word_1_845' title='bbox 289 5761 420 5818; x_wconf 81' lang='grc' dir='ltr'>ὅλων</span> <span class='ocrx_word' id='word_1_846' title='bbox 449 5764 686 5833; x_wconf 84' lang='grc' dir='ltr'>δουλείας</span> <span class='ocrx_word' id='word_1_847' title='bbox 722 5769 899 5844; x_wconf 84' lang='grc' dir='ltr'>μόνον,</span> <span class='ocrx_word' id='word_1_848' title='bbox 941 5761 1531 5849; x_wconf 64' lang='grc' dir='ltr'>εἰοιιιιοἨαιὲὶιιεῙιιιε,</span> <span class='ocrx_word' id='word_1_849' title='bbox 1574 5761 1826 5854; x_wconf 73' lang='lat' dir='ltr'><strong>quicum</strong></span> 
     </span>
    </p>
   </div>
   <div class='ocr_carea' id='block_1_108' title="bbox 1941 5646 2092 5701">
    <p class='ocr_par' dir='ltr' id='par_1_108' title="bbox 1941 5646 2092 5701">
     <span class='ocr_line' id='line_1_109' title="bbox 1941 5646 2092 5701; baseline 0.007 -1"><span class='ocrx_word' id='word_1_850' title='bbox 1941 5646 2092 5701; x_wconf 78' lang='lat' dir='ltr'><strong>iterel</strong></span> 
     </span>
    </p>
   </div>
   <div class='ocr_carea' id='block_1_109' title="bbox 1971 4523 3536 4599">
    <p class='ocr_par' dir='ltr' id='par_1_109' title="bbox 1971 4523 3536 4599">
     <span class='ocr_line' id='line_1_110' title="bbox 1971 4523 3536 4599; baseline 0.006 -21"><span class='ocrx_word' id='word_1_851' title='bbox 1971 4540 2059 4578; x_wconf 69' lang='lat' dir='ltr'><strong>nio</strong></span> <span class='ocrx_word' id='word_1_852' title='bbox 2080 4525 2186 4580; x_wconf 90' lang='lat' dir='ltr'><strong>Deo</strong></span> <span class='ocrx_word' id='word_1_853' title='bbox 2202 4526 2383 4579; x_wconf 89' lang='lat' dir='ltr'><strong>datum</strong></span> <span class='ocrx_word' id='word_1_854' title='bbox 2402 4523 2588 4580; x_wconf 80' lang='lat' dir='ltr'><strong>fuisse.</strong></span> <span class='ocrx_word' id='word_1_855' title='bbox 2605 4526 2756 4594; x_wconf 87' lang='lat' dir='ltr'><strong>Quod</strong></span> <span class='ocrx_word' id='word_1_856' title='bbox 2771 4529 2862 4582; x_wconf 89' lang='lat' dir='ltr'><strong>sia</strong></span> <span class='ocrx_word' id='word_1_857' title='bbox 2880 4529 3037 4584; x_wconf 91' lang='lat' dir='ltr'><strong>nobis</strong></span> <span class='ocrx_word' id='word_1_858' title='bbox 3049 4531 3172 4599; x_wconf 87' lang='lat' dir='ltr'><strong>quid</strong></span> <span class='ocrx_word' id='word_1_859' title='bbox 3189 4531 3363 4587; x_wconf 88' lang='lat' dir='ltr'><strong>simile</strong></span> <span class='ocrx_word' id='word_1_860' title='bbox 3377 4530 3536 4588; x_wconf 73' lang='lat' dir='ltr'><strong>dele-</strong></span> 
     </span>
    </p>
   </div>
   <div class='ocr_carea' id='block_1_110' title="bbox 1971 4618 3534 4688">
    <p class='ocr_par' dir='ltr' id='par_1_110' title="bbox 1971 4618 3534 4688">
     <span class='ocr_line' id='line_1_111' title="bbox 1971 4618 3534 4688; baseline 0.005 -16"><span class='ocrx_word' id='word_1_861' title='bbox 1971 4632 2032 4672; x_wconf 91' lang='lat' dir='ltr'><strong>su</strong></span> <span class='ocrx_word' id='word_1_862' title='bbox 2061 4618 2310 4687; x_wconf 86' lang='lat' dir='ltr'><strong>postulet,</strong></span> <span class='ocrx_word' id='word_1_863' title='bbox 2331 4620 2677 4688; x_wconf 88' lang='lat' dir='ltr'><strong>probabimus</strong></span> <span class='ocrx_word' id='word_1_864' title='bbox 2697 4621 2878 4675; x_wconf 87' lang='lat' dir='ltr'><strong>datum</strong></span> <span class='ocrx_word' id='word_1_865' title='bbox 2898 4622 2976 4677; x_wconf 89' lang='lat' dir='ltr'><strong>illi</strong></span> <span class='ocrx_word' id='word_1_866' title='bbox 2997 4639 3025 4675; x_wconf 90' lang='lat' dir='ltr'><strong>a</strong></span> <span class='ocrx_word' id='word_1_867' title='bbox 3047 4624 3156 4680; x_wconf 86' lang='lat' dir='ltr'><strong>Deo</strong></span> <span class='ocrx_word' id='word_1_868' title='bbox 3183 4623 3348 4679; x_wconf 82' lang='lat' dir='ltr'><strong>fuisse</strong></span> <span class='ocrx_word' id='word_1_869' title='bbox 3367 4634 3423 4678; x_wconf 89' lang='lat' dir='ltr'><strong>ut</strong></span> <span class='ocrx_word' id='word_1_870' title='bbox 3438 4640 3534 4680; x_wconf 89' lang='lat' dir='ltr'><strong>co—</strong></span> 
     </span>
    </p>
   </div>
   <div class='ocr_carea' id='block_1_111' title="bbox 1968 4708 3528 4785">
    <p class='ocr_par' dir='ltr' id='par_1_111' title="bbox 1968 4708 3528 4785">
     <span class='ocr_line' id='line_1_112' title="bbox 1968 4708 3528 4785; baseline 0.005 -23"><span class='ocrx_word' id='word_1_871' title='bbox 1968 4708 2196 4785; x_wconf 80' lang='lat' dir='ltr'><strong>leretur,</strong></span> <span class='ocrx_word' id='word_1_872' title='bbox 2214 4718 2270 4762; x_wconf 85' lang='lat' dir='ltr'><strong>ut</strong></span> <span class='ocrx_word' id='word_1_873' title='bbox 2283 4725 2455 4766; x_wconf 75' lang='lat' dir='ltr'><strong>omnes</strong></span> <span class='ocrx_word' id='word_1_874' title='bbox 2468 4711 2807 4780; x_wconf 79' lang='lat' dir='ltr'><strong>huuoriﬁcent</strong></span> <span class='ocrx_word' id='word_1_875' title='bbox 2824 4711 3019 4769; x_wconf 81' lang='lat' dir='ltr'><strong>Filium</strong></span> <span class='ocrx_word' id='word_1_876' title='bbox 3032 4716 3528 4785; x_wconf 77' lang='lat' dir='ltr'><strong>sicuthonoriﬁcant</strong></span> 
     </span>
    </p>
   </div>
   <div class='ocr_carea' id='block_1_112' title="bbox 1966 5015 3518 5104">
    <p class='ocr_par' dir='ltr' id='par_1_112' title="bbox 1966 5015 3518 5104">
     <span class='ocr_line' id='line_1_113' title="bbox 1966 5015 3518 5104; baseline 0.007 -37"><span class='ocrx_word' id='word_1_877' title='bbox 1966 5015 2247 5104; x_wconf 75' lang='lat' dir='ltr'><strong>incidisset</strong></span> <span class='ocrx_word' id='word_1_878' title='bbox 2277 5018 2329 5071; x_wconf 89' lang='lat' dir='ltr'><strong>in</strong></span> <span class='ocrx_word' id='word_1_879' title='bbox 2357 5019 2597 5104; x_wconf 64' lang='lat' dir='ltr'><strong>codicem</strong></span> <span class='ocrx_word' id='word_1_880' title='bbox 2630 5035 2738 5104; x_wconf 61' lang='lat' dir='ltr'><strong>ius.~</strong></span> <span class='ocrx_word' id='word_1_881' title='bbox 2768 5021 2844 5104; x_wconf 42' lang='lat' dir='ltr'><strong>in-</strong></span> <span class='ocrx_word' id='word_1_882' title='bbox 2863 5038 2968 5104; x_wconf 65' lang='lat' dir='ltr'><strong>quo</strong></span> <span class='ocrx_word' id='word_1_883' title='bbox 2992 5024 3071 5087; x_wconf 78' lang='grc' dir='ltr'><strong>εἰς</strong></span> <span class='ocrx_word' id='word_1_884' title='bbox 3093 5022 3518 5104; x_wconf 62' lang='lat' dir='ltr'><strong>desiderabatur,</strong></span> 
     </span>
    </p>
   </div>
   <div class='ocr_carea' id='block_1_113' title="bbox 1962 5088 3518 5165">
    <p class='ocr_par' dir='ltr' id='par_1_113' title="bbox 1962 5088 3518 5165">
     <span class='ocr_line' id='line_1_114' title="bbox 1962 5088 3518 5165; baseline 0.011 -30"><span class='ocrx_word' id='word_1_885' title='bbox 1962 5089 2174 5153; x_wconf 88' lang='lat' dir='ltr'><strong>putavit</strong></span> <span class='ocrx_word' id='word_1_886' title='bbox 2209 5088 2488 5157; x_wconf 77' lang='lat' dir='ltr'><strong>legendum</strong></span> <span class='ocrx_word' id='word_1_887' title='bbox 2511 5090 2596 5165; x_wconf 71' lang='grc' dir='ltr'><strong>τῷ</strong></span> <span class='ocrx_word' id='word_1_888' title='bbox 2615 5091 2748 5165; x_wconf 10' lang='grc' dir='ltr'><strong>ᾈΘεῷ</strong></span> <span class='ocrx_word' id='word_1_889' title='bbox 2777 5088 2892 5148; x_wconf 79' lang='grc' dir='ltr'>τῶν</span> <span class='ocrx_word' id='word_1_890' title='bbox 2911 5093 3068 5156; x_wconf 83' lang='grc' dir='ltr'>ὅλων,</span> <span class='ocrx_word' id='word_1_891' title='bbox 3108 5097 3248 5163; x_wconf 83' lang='lat' dir='ltr'><strong>quod</strong></span> <span class='ocrx_word' id='word_1_892' title='bbox 3279 5088 3518 5165; x_wconf 50' lang='lat' dir='ltr'><strong>Spence?</strong></span> 
     </span>
    </p>
   </div>
   <div class='ocr_carea' id='block_1_114' title="bbox 1961 5163 3237 5219">
    <p class='ocr_par' dir='ltr' id='par_1_114' title="bbox 1961 5163 3237 5219">
     <span class='ocr_line' id='line_1_115' title="bbox 1961 5163 3237 5219; baseline 0.008 -10"><span class='ocrx_word' id='word_1_893' title='bbox 1961 5170 2058 5210; x_wconf 88' lang='lat' dir='ltr'><strong>rus</strong></span> <span class='ocrx_word' id='word_1_894' title='bbox 2089 5171 2186 5209; x_wconf 92' lang='lat' dir='ltr'><strong>suo</strong></span> <span class='ocrx_word' id='word_1_895' title='bbox 2217 5175 2366 5213; x_wconf 91' lang='lat' dir='ltr'><strong>more</strong></span> <span class='ocrx_word' id='word_1_896' title='bbox 2395 5163 2581 5215; x_wconf 88' lang='lat' dir='ltr'><strong>statim</strong></span> <span class='ocrx_word' id='word_1_897' title='bbox 2612 5163 2664 5216; x_wconf 90' lang='lat' dir='ltr'><strong>in</strong></span> <span class='ocrx_word' id='word_1_898' title='bbox 2697 5163 2903 5217; x_wconf 85' lang='lat' dir='ltr'><strong>textum</strong></span> <span class='ocrx_word' id='word_1_899' title='bbox 2942 5166 3237 5219; x_wconf 88' lang='lat' dir='ltr'><strong>transtulit.</strong></span> 
     </span>
    </p>
   </div>
   <div class='ocr_carea' id='block_1_115' title="bbox 2031 5225 3513 5306">
    <p class='ocr_par' dir='ltr' id='par_1_115' title="bbox 2031 5225 3513 5306">
     <span class='ocr_line' id='line_1_116' title="bbox 2031 5225 3513 5306; baseline 0.007 -28"><span class='ocrx_word' id='word_1_900' title='bbox 2031 5225 2378 5306; x_wconf 44' lang='grc' dir='ltr'><strong>(ᾆᾶζϐοιίιςχ.</strong></span> <span class='ocrx_word' id='word_1_901' title='bbox 2411 5228 2656 5306; x_wconf 73' lang='lat' dir='ltr'><strong>Joliatnts</strong></span> <span class='ocrx_word' id='word_1_902' title='bbox 2715 5247 2878 5300; x_wconf 89' lang='lat' dir='ltr'><strong>recte,</strong></span> <span class='ocrx_word' id='word_1_903' title='bbox 2928 5233 3513 5306; x_wconf 32' lang='lat' dir='ltr'><strong>Oeparreziaetg.hLibb.</strong></span> 
     </span>
    </p>
   </div>
   <div class='ocr_carea' id='block_1_116' title="bbox 1953 5295 3513 5370">
    <p class='ocr_par' dir='ltr' id='par_1_116' title="bbox 1953 5295 3513 5370">
     <span class='ocr_line' id='line_1_117' title="bbox 1953 5295 3513 5370; baseline 0.006 -22"><span class='ocrx_word' id='word_1_904' title='bbox 1953 5295 2104 5361; x_wconf 88' lang='lat' dir='ltr'><strong>editi,</strong></span> <span class='ocrx_word' id='word_1_905' title='bbox 2140 5295 2483 5370; x_wconf 87' lang='grc' dir='ltr'>θεραπεύεις.</span> <span class='ocrx_word' id='word_1_906' title='bbox 2535 5301 2735 5357; x_wconf 81' lang='lat' dir='ltr'><strong>Ibidem</strong></span> <span class='ocrx_word' id='word_1_907' title='bbox 2791 5295 2922 5359; x_wconf 80' lang='lat' dir='ltr'><strong>mss.</strong></span> <span class='ocrx_word' id='word_1_908' title='bbox 2967 5295 3021 5358; x_wconf 79' lang='grc' dir='ltr'><strong>οἰ</strong></span> <span class='ocrx_word' id='word_1_909' title='bbox 3079 5295 3414 5357; x_wconf 74' lang='lat' dir='ltr'><strong>lltescltclius</strong></span> <span class='ocrx_word' id='word_1_910' title='bbox 3461 5307 3513 5358; x_wconf 92' lang='lat' dir='ltr'><strong>in</strong></span> 
     </span>
    </p>
   </div>
   <div class='ocr_carea' id='block_1_117' title="bbox 1955 5369 3515 5446">
    <p class='ocr_par' dir='ltr' id='par_1_117' title="bbox 1955 5369 3515 5446">
     <span class='ocr_line' id='line_1_118' title="bbox 1955 5369 3515 5446; baseline 0.006 -29"><span class='ocrx_word' id='word_1_911' title='bbox 1955 5373 2123 5446; x_wconf 59' lang='lat' dir='ltr'><strong>textu,</strong></span> <span class='ocrx_word' id='word_1_912' title='bbox 2150 5369 2243 5421; x_wconf 75' lang='grc' dir='ltr'>καὶ</span> <span class='ocrx_word' id='word_1_913' title='bbox 2273 5369 2552 5446; x_wconf 78' lang='grc' dir='ltr'>διόρθωσιν</span> <span class='ocrx_word' id='word_1_914' title='bbox 2584 5372 3515 5446; x_wconf 31' lang='grc' dir='ltr'>προσάγειηδροιιςοιηιε,,καὶ-διόρ-</span> 
     </span>
    </p>
   </div>
   <div class='ocr_carea' id='block_1_118' title="bbox 1951 5433 3510 5513">
    <p class='ocr_par' dir='ltr' id='par_1_118' title="bbox 1951 5433 3510 5513">
     <span class='ocr_line' id='line_1_119' title="bbox 1951 5433 3510 5513; baseline 0.008 -27"><span class='ocrx_word' id='word_1_915' title='bbox 1951 5433 2118 5489; x_wconf 90' lang='grc' dir='ltr'>θωσιν</span> <span class='ocrx_word' id='word_1_916' title='bbox 2158 5433 2466 5513; x_wconf 74' lang='grc' dir='ltr'>προσάγων.</span> <span class='ocrx_word' id='word_1_917' title='bbox 2498 5433 2787 5513; x_wconf 15' lang='lat' dir='ltr'><strong>rBolte&#39;rello&#39;</strong></span> <span class='ocrx_word' id='word_1_918' title='bbox 2818 5433 3257 5513; x_wconf 10' lang='lat' dir='ltr'><strong>iplaeerethxaedt</strong></span> <span class='ocrx_word' id='word_1_919' title='bbox 3283 5433 3510 5513; x_wconf 87' lang='grc' dir='ltr'>διόρθὼ-</span> 
     </span>
    </p>
   </div>
   <div class='ocr_carea' id='block_1_119' title="bbox 1947 5510 3248 5582">
    <p class='ocr_par' dir='ltr' id='par_1_119' title="bbox 1947 5510 3248 5582">
     <span class='ocr_line' id='line_1_120' title="bbox 1947 5510 3248 5582; baseline -0.022 2"><span class='ocrx_word' id='word_1_920' title='bbox 1947 5511 2364 5582; x_wconf 53' lang='grc' dir='ltr'>σιν-ῇροσάγων</span> <span class='ocrx_word' id='word_1_921' title='bbox 2387 5511 2463 5581; x_wconf 79' lang='grc' dir='ltr'>τῷ</span> <span class='ocrx_word' id='word_1_922' title='bbox 2495 5512 2784 5582; x_wconf 85' lang='grc' dir='ltr'>λεγομένῳ,</span> <span class='ocrx_word' id='word_1_923' title='bbox 2811 5512 2890 5564; x_wconf 83' lang='grc' dir='ltr'><strong>ὅτι</strong></span> <span class='ocrx_word' id='word_1_924' title='bbox 2914 5512 3022 5564; x_wconf 78' lang='grc' dir='ltr'>οὐδ’</span> <span class='ocrx_word' id='word_1_925' title='bbox 3056 5510 3248 5582; x_wconf 60' lang='grc' dir='ltr'>ἔξεστι.</span> 
     </span>
    </p>
   </div>
   <div class='ocr_carea' id='block_1_120' title="bbox 2012 5577 3515 5699">
    <p class='ocr_par' dir='ltr' id='par_1_120' title="bbox 2012 5577 3515 5699">
     <span class='ocr_line' id='line_1_121' title="bbox 2012 5577 3515 5699; baseline 0.005 -68"><span class='ocrx_word' id='word_1_926' title='bbox 2012 5577 2127 5699; x_wconf 78' lang='grc'>(55)</span> <span class='ocrx_word' id='word_1_927' title='bbox 2147 5577 2539 5652; x_wconf 72' lang='grc' dir='ltr'>Κιιίάμαθίας</span> <span class='ocrx_word' id='word_1_928' title='bbox 2557 5577 2932 5648; x_wconf 60' lang='grc' dir='ltr'>ἀνθρωπίνης</span> <span class='ocrx_word' id='word_1_929' title='bbox 2959 5581 3376 5650; x_wconf 74' lang='grc' dir='ltr'>πλανωμένων.</span> <span class='ocrx_word' id='word_1_930' title='bbox 3417 5583 3515 5638; x_wconf 87' lang='lat' dir='ltr'><strong>Bo-</strong></span> 
     </span>
     <span class='ocr_line' id='line_1_122' title="bbox 2017 5649 3506 5699; baseline 0 0"><span class='ocrx_word' id='word_1_931' title='bbox 2017 5649 2092 5699; x_wconf 79' lang='lat' dir='ltr'><strong>rel</strong></span> <span class='ocrx_word' id='word_1_932' title='bbox 2120 5667 2181 5699; x_wconf 83' lang='lat' dir='ltr'><strong>us</strong></span> <span class='ocrx_word' id='word_1_933' title='bbox 2225 5651 2376 5699; x_wconf 65' lang='lat' dir='ltr'><strong>legit-</strong></span> <span class='ocrx_word' id='word_1_934' title='bbox 2407 5652 2499 5699; x_wconf 77' lang='grc' dir='ltr'>καὶ</span> <span class='ocrx_word' id='word_1_935' title='bbox 2527 5651 2762 5699; x_wconf 64' lang='grc' dir='ltr'>ἀμαθίας</span> <span class='ocrx_word' id='word_1_936' title='bbox 2784 5649 3084 5699; x_wconf 72' lang='grc' dir='ltr'>ἀνθρώπων</span> <span class='ocrx_word' id='word_1_937' title='bbox 3115 5651 3506 5699; x_wconf 64' lang='grc' dir='ltr'>πλανωμένων-</span> 
     </span>
    </p>
   </div>
   <div class='ocr_carea' id='block_1_121' title="bbox 2120 5651 3506 5733">
    <p class='ocr_par' dir='ltr' id='par_1_121' title="bbox 2120 5651 3506 5733">
     <span class='ocr_line' id='line_1_123' title="bbox 2120 5651 3506 5733; baseline 0.006 -32"><span class='ocrx_word' id='word_1_938' title='bbox 2120 5651 2499 5733; x_wconf 41' lang='grc' dir='ltr'>ιιεῃιοειιηκαὶ</span> <span class='ocrx_word' id='word_1_939' title='bbox 2524 5651 2766 5733; x_wconf 61' lang='grc' dir='ltr'>ἀμαθίας</span> <span class='ocrx_word' id='word_1_940' title='bbox 2784 5651 3084 5733; x_wconf 72' lang='grc' dir='ltr'>ἀνθρῴπων</span> <span class='ocrx_word' id='word_1_941' title='bbox 3115 5651 3506 5733; x_wconf 61' lang='grc' dir='ltr'>πλανωμένων.</span> 
     </span>
    </p>
   </div>
   <div class='ocr_carea' id='block_1_122' title="bbox 2009 5717 3504 5799">
    <p class='ocr_par' dir='ltr' id='par_1_122' title="bbox 2009 5717 3504 5799">
     <span class='ocr_line' id='line_1_124' title="bbox 2009 5717 3504 5799; baseline 0.01 -27"><span class='ocrx_word' id='word_1_942' title='bbox 2009 5717 2459 5799; x_wconf 48' lang='grc' dir='ltr'>(54)-ξΑνὶινόῳ.</span> <span class='ocrx_word' id='word_1_943' title='bbox 2524 5717 2656 5777; x_wconf 79' lang='lat' dir='ltr'><strong>Vide</strong></span> <span class='ocrx_word' id='word_1_944' title='bbox 2703 5717 3073 5778; x_wconf 71' lang='lat' dir='ltr'><strong>adnotationes</strong></span> <span class='ocrx_word' id='word_1_945' title='bbox 3129 5725 3192 5778; x_wconf 85' lang='lat' dir='ltr'><strong>ad</strong></span> <span class='ocrx_word' id='word_1_946' title='bbox 3248 5717 3342 5780; x_wconf 84' lang='lat' dir='ltr'><strong>lib.</strong></span> <span class='ocrx_word' id='word_1_947' title='bbox 3400 5741 3504 5799; x_wconf 80' lang='lat' dir='ltr'><strong>tu,</strong></span> 
     </span>
    </p>
   </div>
   <div class='ocr_carea' id='block_1_123' title="bbox 1938 5789 2215 5845">
    <p class='ocr_par' dir='ltr' id='par_1_123' title="bbox 1938 5789 2215 5845">
     <span class='ocr_line' id='line_1_125' title="bbox 1938 5789 2215 5845; baseline 0.011 -3"><span class='ocrx_word' id='word_1_948' title='bbox 1938 5789 2103 5842; x_wconf 74' lang='lat' dir='ltr'><strong>nunt.</strong></span> <span class='ocrx_word' id='word_1_949' title='bbox 2128 5789 2215 5845; x_wconf 82' lang='lat'><strong>55.</strong></span> 
     </span>
    </p>
   </div>
  </div>
