3972 6160
497 303 623 369 1551

1940 299 2277 372 ὀιιισιιῑῖιιε

3589 305 3726 361 1552

498 437 705 489 Patrem
720 435 783 486 9".
804 433 932 486 Nam
949 429 1233 500 prophetiae
1259 444 1464 495 omnes,
1486 438 1772 499 antequam
1807 445 2041 487 nascere-

2164 428 2358 500 Ἰησοῦ,
2385 428 2751 499 ἀποδείξομεν,
2796 427 2874 480 ὅτι
2922 424 3027 479 ἀπὸ
3067 422 3197 477 Θεοῦ
3231 422 3439 476 δέδοται
3476 418 3622 493 αὐτῷ
3668 420 3728 474 τὸ

496 538 582 579 tur
607 528 783 585 edita},
806 524 1005 577 Cultum
1032 523 1171 576 illius
1196 522 1661 577 commendabant.
1691 523 1795 578 Sed
1820 533 1872 576 et
1894 525 2054 577 mira-

494 616 610 668 cula
638 631 755 683 quae
783 614 908 668 fecit
934 629 1037 669 non
1066 622 1179 667 arte
1205 616 1430 681 magica,
1461 623 1518 667 ut
1547 617 1822 669 existimat
1844 614 2052 683 Celsus,

493 707 588 759 sed
632 704 915 759 divinitate
942 719 969 756 a
1014 705 1286 771 prophetis
1316 706 1593 773 praedicta,
1619 722 1647 758 a
1682 707 1788 760 Deo
1814 709 2054 761 testimo—

491 797 637 850 nium
665 796 982 860 habuerunt,
1006 796 1171 865 utqui
1190 795 1503 863 Filium,qui
1528 798 1756 851 Verbum
1772 808 1870 862 est,
1902 801 2049 864 colit,

490 888 557 951 is,
589 902 709 940 cum
746 887 876 941 nihil
908 897 1093 941 contra
1123 888 1381 941 rationem
1424 888 1604 954 faciat,
1629 904 1693 942 ex
1723 889 1864 944 illius
1900 891 2045 944 cultu

490 978 775 1031 utilitatem
812 978 1105 1047 percipiat;
1140 988 1193 1031 et
1224 980 1311 1044 qui
1345 978 1469 1032 colit
1496 978 1642 1032 illum
1674 980 1762 1047 qui
1792 990 1873 1033 est
1904 981 2046 1033 veri-

494 1080 578 1122 tas
606 1110 620 1133 ,
657 1071 702 1124 is
742 1086 807 1124 ex
854 1070 1096 1123 veritatis
1139 1068 1285 1122 Cultu
1340 1068 1528 1121 melior
1565 1070 1675 1122 ﬁat.
1714 1070 1864 1135 Quod
1905 1071 2044 1124 idem

491 1162 772 1215 dicendum
811 1163 874 1216 de
912 1162 1055 1215 cultu
1085 1161 1365 1228 sapienti-ae
1397 1170 1449 1214 et
1481 1162 1702 1230 justitiie
1729 1172 1782 1215 el
1806 1162 2045 1215 omnium

493 1269 610 1322 quae
646 1254 839 1308 Filium
890 1254 979 1307 Dei
1015 1268 1134 1307 esse
1186 1262 1447 1307 testantur
1491 1254 1685 1306 divina!
1730 1253 2043 1319 Scriptura}.

2153 522 2434 593 τιμᾶσθαι,
2477 522 2575 575 ἵνα
2625 520 2847 586 πάντες
2896 517 3103 589 τιμῶσι
3158 516 3265 570 τόν
3314 514 3469 579 Flor,
3533 512 3726 578 καθὼς

2152 615 2362 685 τιμῶσι
2395 615 2499 669 τὸν
2525 614 2773 682 Πατέρα.
2820 613 2885 666 Ai
2917 612 3025 682 γὰρ
3056 610 3159 681 πρὸ
3200 610 3302 678 τῆς
3337 606 3601 677 γενέσεως
3631 605 3728 657 αύ-

2151 707 2244 760 τοῦ
2294 710 2616 779 προφητεῖαι
2667 707 2950 768 συστάσεις
2990 699 3128 775 ἦσαν
3174 703 3271 771 τῆς
3325 700 3491 771 τιμῆς
3537 698 3723 753 αὐτοῦ.

2165 798 2321 851 Ἀλλά
2351 800 2443 851 καὶ
2472 798 2541 851 τὰ
2565 798 2653 851 ὑπ’
2678 797 2840 851 αὐτοῦ
2868 797 3133 867 γενόμενα
3160 792 3455 866 παράδοξα,
3489 790 3549 845 ού
3582 807 3723 861 μαγ-

2152 891 2362 962 γανεία,
2386 891 2460 953 ὡς
2487 891 2657 944 οἴεται
2682 890 2904 953 Κέλσος,
2936 890 3068 943 ἀλλὰ
3093 888 3325 957 θειότητι
3354 881 3723 955 προειρημένῃ

2152 981 2256 1033 ὑπὸ
2296 980 2401 1034 τῶν
2432 980 2743 1053 προφητῶν,
2782 980 2880 1052 τὴν
2917 980 3023 1032 ἀπὸ
3068 978 3200 1031 Θεοῦ
3241 973 3359 1046 εἶχε
3398 973 3725 1046 μαρτυρίαν,

2148 1073 2214 1125 ἵν’
2243 1075 2269 1125 ὸ
2297 1072 2471 1143 τιμῶν
2497 1072 2587 1127 τὸν
2615 1073 2742 1125 Υἰὸν
2770 1072 2897 1124 ὄντα
2928 1071 3116 1138 Λόγον,
3152 1068 3311 1140 μηδὲν
3338 1066 3528 1134 ἄλογον
3552 1063 3726 1137 πράτ-

2149 1182 2275 1227 των,
2297 1163 2569 1234 ὠφελῆται
2608 1166 2671 1217 ὲκ
2703 1163 2795 1216 τοῦ
2824 1165 2987 1233 τιμᾷν
3020 1162 3208 1216 αὐτόν’
3240 1160 3333 1215 καὶ
3360 1158 3534 1229 τιμῶν
3561 1155 3727 1211 αὐτὸν

2148 1256 2278 1311 ὄντα
2303 1254 2557 1325 ἀλήθειαν
2582 1256 2843 1326 κρείττων
2882 1255 3095 1325 γίνηται
3124 1253 3231 1306 ἀπὸ
3263 1251 3354 1306 τοῦ
3393 1251 3553 1322 τιμᾷν
3585 1248 3723 1318 ἀλή-

487 1346 667 1401 θειαν-
709 1346 849 1399 οὕτω
878 1346 932 1399 δὲ
964 1346 1056 1399 καὶ
1082 1345 1185 1399 ἀπὸ
1214 1346 1304 1400 τοῦ
1333 1348 1495 1417 τιμᾷν
1524 1347 1713 1415 σοφίαν
1750 1348 1843 1399 καὶ
1871 1347 2230 1421 δικαιοσύνην,
2262 1349 2356 1403 καὶ
2396 1349 2571 1403 πάντα
2611 1349 2752 1418 ειπερ
2805 1348 2965 1418 φασιν
3008 1344 3143 1401 εἷναι
3188 1346 3238 1399 οἱ
3275 1345 3406 1399 θεῖοι
3433 1343 3590 1411 Λόγοι
3627 1341 3727 1394 τὸν

487 1443 615 1497 Υίὸν
642 1443 732 1496 τοῦ
768 1440 923 1495 Θεοῦ.

560 1559 643 1612 10.
674 1558 789 1612 .lam
822 1573 950 1613 vero
978 1559 1098 1615 Filii
1128 1562 1219 1616 Dei
1254 1577 1404 1632 teque
1436 1577 1497 1615 ac
1530 1561 1622 1616 Dei
1649 1570 1701 1616 et
1726 1560 1905 1614 Patris
1928 1558 2040 1615 cul-

488 1659 599 1703 tum
637 1651 687 1704 in
721 1651 931 1721 integra
967 1655 1075 1707 vita
1109 1655 1340 1721 positum
1374 1668 1515 1717 esse,
1558 1653 1678 1707 vide
1736 1667 1914 1705 annon
1944 1652 2042 1705 d0-

492 1753 613 1797 ceat
642 1745 728 1798 bic
757 1745 902 1799 locus
938 1764 951 1800 :
982 1745 1083 1811 Qui
1124 1748 1176 1799 in
1215 1748 1322 1813 lege
1357 1745 1598 1814 gloriaris
1620 1784 1634 1809 ,
1663 1762 1752 1813 per
1799 1744 2047 1807 praevari-

486 1834 743 1887 cationem
782 1836 907 1904 legis
951 1837 1113 1889 Deum
1146 1838 1430 1889 inhonoras
1453 1835 1528 1903 ’3;
1574 1846 1627 1891 et
1667 1837 1765 1890 iste
1807 1855 1820 1891 :
1864 1834 2047 1901 Quan—

485 1936 541 1980 ιο
601 1928 765 1995 magis
818 1930 1011 1995 putatis
1068 1931 1329 1984 deteriora
1385 1930 1573 1985 mereri
1617 1930 1912 1998 supplicia,
1957 1928 2046 1999 qui

489 2017 690 2072 Filium
729 2019 823 2074 Dei
850 2022 1262 2087 conculcaverit,
1296 2032 1346 2076 et
1389 2023 1698 2092 sanguinem
1755 2019 2045 2074 testamenti

484 2111 741 2179 pollutum
771 2114 999 2177 duxerit,
1033 2120 1085 2169 in
1113 2132 1213 2183 quo
1240 2115 1598 2183 sanctiﬁcatus
1629 2124 1723 2180 est,
1753 2124 1799 2168 et
1824 2110 2045 2180 Spiritui

487 2206 674 2270 gratio?
706 2206 1073 2261 contumeliam
1103 2206 1281 2274 fecerit
1302 2204 1389 2256 θοι
1441 2206 1574 2261 Nam
1626 2207 1670 2261 si
1711 2220 1806 2274 per
1839 2220 2045 2273 praeva-

488 2299 801 2353 ricationem
834 2301 963 2370 legis
983 2302 1267 2356 inbonorat
1289 2303 1449 2357 Deum
1479 2302 1524 2356 is
1552 2302 1641 2371 qui
1661 2302 1833 2372 legem
1856 2300 2043 2367 violat,

487 2397 542 2442 ct
576 2388 642 2451 si,
664 2390 980 2447 conculcato
998 2392 1199 2456 Verbo,
1228 2392 1399 2447 Filius
1424 2392 1794 2459 conculcatur;
1824 2392 2044 2446 evidens

484 2490 570 2534 cst
620 2481 782 2534 Deum
836 2483 1090 2537 honorari
1143 2485 1211 2538 ab
1251 2485 1343 2539 illo
1390 2484 1479 2553 qui
1536 2484 1709 2554 legem
1760 2493 1959 2546 servat,
1992 2495 2047 2541 et

486 2573 650 2626 Deum
680 2573 783 2627 coli
813 2574 882 2627 ab
927 2590 994 2627 eo
1026 2576 1113 2642 qui
1142 2575 1319 2630 Verbo
1354 2576 1447 2629 Dei
1470 2586 1689 2630 ornatus
1722 2576 2045 2630 convenien-

487 2670 571 2716 ter
602 2664 887 2733 prmceptis
917 2664 1032 2732 ejus
1057 2666 1207 2720 vivit.
1246 2666 1303 2720 Si
1337 2669 1576 2721 novisset
1606 2666 1791 2722 Celsus
1822 2666 2041 2735 quinam

486 2753 551 2805 ad
590 2753 752 2807 Deum
785 2757 1124 2824 pertineant,
1161 2768 1217 2812 et
1247 2759 1393 2814 solos
1422 2774 1545 2814 esse
1578 2760 1891 2829 sapientes;
1920 2759 2041 2828 qui-

488 2862 611 2900 nam
652 2864 777 2902 vero
806 2849 873 2903 ab
901 2850 991 2903 illo
1021 2851 1177 2905 alieni
1202 2852 1332 2917 sint,
1361 2862 1417 2906 et
1448 2854 1590 2907 solos
1607 2868 1727 2908 esse
1757 2851 1926 2907 malos
1952 2851 2041 2919 qui

488 2954 758 3007 nunquam
796 2941 863 2994 ad
920 2942 1317 3011 suscipiendam
1360 2943 1614 2998 virtutem
1668 2944 2040 3013 propendent,

485 3040 630 3082 certe
662 3030 833 3100 750.
853 3032 1206 3087 intellexisset
1233 3035 1359 3101 quid
1387 3034 1486 3087 sibi
1519 3033 1645 3087 velit
1680 3034 1855 3089 istud:
1885 3034 2041 3100 Quis-

482 3120 600 3188 quis
628 3122 847 3174 honorat
877 3132 924 3174 et
964 3124 1084 3176 colit
1120 3140 1295 3177 omnes
1324 3126 1415 3194 qui
1453 3125 1522 3177 ad
1563 3123 1714 3179 illum
1742 3127 2040 3195 pertinent,

2220 1560 2339 1614 Ὅτι
2371 1559 2427 1613 δὲ
2483 1560 2514 1629 ή
2553 1558 2685 1631 πρὸς
2744 1558 2833 1611 τὸν
2888 1556 3011 1609 Υἱὸν
3041 1554 3132 1609 τοῦ
3185 1552 3318 1607 Θεοῦ
3347 1552 3478 1624 τιμὴ
3508 1551 3618 1623 (55)
3664 1552 3721 1603 ὲν

2154 1656 2252 1727 βίῳ
2289 1657 2433 1724 ὑγιεῖ
2461 1653 2689 1722 γίνεται,
2724 1651 2865 1704 οὕτω
2894 1650 2949 1702 δὲ
2985 1649 3076 1701 καὶ
3106 1649 3137 1718 ὴ
3183 1645 3318 1717 πρὸς
3344 1645 3435 1698 τὸν
3467 1644 3597 1698 Θεὸν
3624 1644 3723 1697 καὶ

2151 1747 2385 1819 Πατέρα,
2416 1747 2516 1816 ὅρα
2558 1743 2605 1796 εί
2646 1742 2719 1814 μὴ
2746 1738 3099 1811 διδασκόμεθα
3150 1736 3215 1790 ἔκ
3255 1752 3312 1789 τε
3356 1735 3477 1789 τοῦ·
3516 1736 3612 1801 Ὃς
3650 1734 3723 1786 ἐν

2148 1838 2305 1905 νόμῳ
2338 1832 2655 1910 καυχᾶσαι,
2687 1830 2785 1884 διὰ
2822 1829 2933 1898 τῆς
2974 1826 3359 1896 παραϐάσεως
3393 1823 3501 1879 τοῦ
3531 1825 3720 1894 νόμον

2149 1925 2252 1978 τὸν
2294 1923 2440 1977 Θεὸν
2479 1920 2795 1991 ἀτιμάζεις·
2848 1920 2943 1974 καὶ
2994 1921 3057 1973 ὲκ
3107 1918 3233 1972 τοῦθ
3280 1918 3454 1987 Πόσῳ
3494 1914 3723 1969 δοκεῖτε

2147 2016 2416 2085 χείρονος
2463 2013 2855 2082 ἀξιωθήσεται
2893 2013 3164 2081 τιμωρίας
3211 2013 3245 2064 ὁ
3283 2011 3388 2063 τὸν
3422 2007 3559 2062 Υίὸν
3608 2005 3722 2061 τοῦ

2148 2108 2297 2163 Θεοῦ
2342 2106 2789 2174 καταπατήσας,
2833 2105 2934 2161 καὶ
2976 2106 3042 2159 τὸ
3091 2099 3232 2173 αἷμα
3278 2100 3388 2169 τῆς
3432 2097 3723 2167 διαθήκης

2146 2196 2353 2252 κοινὸν
2380 2196 2770 2267 ἡγησάμενος,
2793 2195 2862 2249 ὲν
2888 2187 2935 2262 ᾧ
2958 2191 3231 2264 ἡγιάσθη,
3261 2190 3359 2245 καὶ
3390 2188 3453 2243 τὸ
3479 2189 3725 2259 Πνεῦμα

2144 2289 2255 2359 τῆς
2285 2289 2523 2360 χάριτος
2546 2289 2902 2357 ἐνυϐρίσας;
2938 2288 3001 2341 Et
3044 2285 3152 2356 γὰρ
3192 2285 3279 2339 διὰ
3325 2284 3421 2354 τῆς
3468 2285 3724 2355 παραϐά-

2147 2396 2284 2441 σεως
2318 2379 2410 2432 τοῦ
2457 2378 2621 2449 νόμου
2666 2378 2917 2448 ἀτιμάζει
2959 2376 3053 2431 τὸν
3107 2374 3237 2429 Θεὸν
3286 2375 3315 2428 ὁ
3364 2374 3721 2445 παραϐαίνων

2144 2470 2233 2525 τὸν
2264 2470 2446 2541 νόμον,
2476 2472 2568 2523 καὶ
2596 2472 2894 2524 καταπατεῖ
2916 2470 3006 2525 τὸν
3046 2468 3173 2522 Υίὸν
3199 2468 3292 2521 τοῦ
3325 2468 3457 2523 Θεοῦ
3489 2472 3517 2523 ό
3547 2487 3725 2523 κατα-

2145 2563 2328 2618 πατῶν
2361 2562 2452 2618 τὸν
2469 2563 2637 2632 Λόγον
2656 2579 2669 2593 ·
2700 2562 2855 2633 δῆλον
2886 2563 2967 2617 ὅτι
2997 2564 3128 2634 τιμᾷ
3160 2564 3255 2633 μὲν
3287 2563 3377 2617 τὸν
3405 2563 3535 2617 Θεὸν
3566 2566 3595 2617 ὁ
3617 2582 3718 2634 τη-

2146 2659 2254 2731 ρῶν
2285 2656 2376 2712 τὸν
2398 2656 2581 2728 νόμον,
2614 2655 2759 2709 σέϐει
2784 2655 2839 2708 δὲ
2867 2654 2956 2707 τὸν
2992 2654 3123 2709 Θεὸν
3149 2655 3177 2706 ὁ
3204 2655 3608 2725 κεκοσμημένος
3640 2655 3720 2725 τῷ

2142 2750 2298 2820 Λόγῳ
2349 2747 2442 2801 τοῦ
2494 2745 2627 2801 Θεοῦ
2676 2747 2770 2801 καὶ
2816 2746 2927 2809 τοῖς
2968 2744 3146 2816 ἔργοις
3187 2746 3368 2800 αὑτοῦ.
3410 2747 3471 2801 Et
3502 2747 3557 2801 δὲ
3598 2748 3717 2818 ᾔδει

2142 2840 2368 2907 Κέλσος,
2400 2839 2543 2904 τίνες
2578 2839 2675 2910 μέν
2722 2841 2826 2892 εἱσι
2857 2837 2950 2892 τοῦ
2991 2837 3146 2903 Θεοῦ,
3204 2838 3295 2893 καὶ
3342 2839 3423 2892 ὅτι
3471 2841 3518 2892 0i
3564 2840 3720 2911 μόνοι

2143 2934 2317 3002 σοφοὶ,
2352 2934 2494 2997 τίνες
2533 2932 2589 2986 δὲ
2624 2933 2673 2985 οἱ
2715 2931 3001 3003 ἀλλότριοι,
3029 2933 3123 2985 καὶ
3156 2932 3236 2985 ὃτι
3260 2930 3457 2996 πάντες
3496 2931 3546 2985 οἱ
3578 2932 3722 3000 φαῦ-

2141 3025 2221 3079 λοι
2252 3026 2301 3079 οἱ
2332 3025 2594 3097 μηδαμῶς
2619 3023 2858 3088 νεύοντες
2891 3024 3023 3096 πρὸς
3051 3024 3247 3096 ἀρετῆς
3277 3024 3554 3095 ἀνάληψιν,
3577 3022 3723 3081 εἶδεν

2141 3117 2206 3172 ἄν
2235 3135 2347 3181 πως
2375 3117 2438 3186 δὴ
2469 3117 2528 3169 τό
2560 3116 2698 3186 (56)ο
2732 3116 2916 3186 Τιμῶν
2956 3112 3070 3171 οὖν
3098 3135 3187 3183 τις
3223 3116 3322 3170 καὶ
3347 3116 3537 3171 σέϐων
3573 3118 3721 3185 τοὺς

487 3209 610 3278 quid
639 3210 725 3263 ille
754 3212 1028 3266 contristat
1070 3213 1232 3268 Deum
1258 3217 1328 3268 ad
1354 3231 1506 3285 quem
1546 3232 1719 3272 omnes
1744 3219 2041 3286 pertinent?

2147 3208 2372 3262 ἐκείνου
2400 3206 2509 3281 (57)
2535 3207 2782 3277 πάντας,
2804 3207 2861 3261 τί
2884 3207 3070 3262 λυπεῖ
3080 3208 3187 3262 τὸν
3214 3208 3380 3276 Θεὸν,
3402 3203 3473 3265 οὗ
3494 3207 3725 3277 πάντες

555 3406 645 3464 Η.
680 3407 915 3465 Subdit:
950 3410 1054 3475 Qui
1099 3412 1160 3466 de
1190 3412 1295 3467 Deo
1342 3413 1554 3483 loquens
1594 3414 1829 3486 afﬁrmat
1880 3435 2042 3473 unum

482 3516 594 3553 esse
613 3504 703 3571 qui
734 3502 982 3558 Dominus
1006 3517 1232 3571 vocetur,
1264 3508 1307 3560 is
1330 3508 1484 3576 impie
1507 3509 1652 3575 facit.
1685 3510 1883 3565 Dividit
1904 3517 2042 3566 enim

487 3590 583 3645 Dei
610 3608 844 3661 regnum,
872 3606 918 3649 et
956 3598 1261 3653 seditionem
1294 3600 1518 3663 inducit,
1548 3605 1697 3670 quasi
1728 3604 1887 3671 factio
1909 3615 2039 3658 esset

482 3695 533 3737 et
566 3685 756 3756 aliquis
785 3688 922 3743 alius
954 3688 1062 3744 Deo
1092 3694 1449 3751 adversarius.
1488 3693 1684 3749 Verum
1712 3697 1832 3752 btet:
1867 3696 2040 3752 locum

489 3775 776 3842 baberent,
815 3780 858 3833 si
896 3782 1292 3837 mathematicis
1321 3786 1879 3844 demonstrationibus
1912 3804 2040 3859 pro-

481 3867 638 3922 baret
686 3870 804 3925 illos
825 3911 841 3935 ,
870 3874 961 3942 qui
996 3889 1022 3927 a
1054 3876 1304 3943 gentibus
1335 3886 1389 3930 ut
1422 3879 1494 3933 dii
1528 3881 1778 3936 coluntur
1804 3921 1820 3946 ,
1852 3897 2041 3938 revera

481 3956 612 4015 deos
642 3976 778 4028 esse,
810 3979 912 4018 uon
945 3976 1123 4019 autem
1156 3967 1431 4035 improbos
1454 3970 1727 4028 daemones
1753 3989 1872 4031 csse
1897 3976 2039 4042 illos,

482 4052 571 4118 qui
603 4054 744 4106 circa
776 4064 1010 4120 statuas,
1044 4057 1239 4126 templa
1272 4068 1327 4112 et
1354 4060 1546 4115 altaria
1574 4064 1776 4117 versari
1809 4067 2040 4119 credun—

484 4154 593 4197 tur.
620 4147 689 4198 At
720 4159 817 4199 nos
848 4145 973 4199 illud
1016 4145 1107 4201 Dei
1139 4163 1361 4218 regnum
1387 4164 1517 4204 voce
1544 4159 1598 4205 et
1634 4153 1836 4221 scripto
1870 4170 1899 4206 a
1941 4170 2039 4209 no-

481 4235 615 4287 stris
647 4244 905 4302 perpetuo
940 4237 1288 4305 praedicatum
1320 4248 1374 4293 et
1424 4241 1720 4309 intelligere
1749 4253 1998 4311 optamus
2020 4287 2037 4315 ,

480 4335 532 4379 et
562 4326 694 4380 tales
720 4326 876 4393 efﬁci,
909 4337 965 4383 ut
1006 4330 1178 4386 solum
1210 4330 1376 4385 Deum
1408 4333 1706 4391 habeamus
1738 4351 1917 4403 regem
1941 4379 1956 4405 ,
1985 4346 2042 4392 et

485 4433 706 4488 regnum
752 4419 845 4475 Dei
884 4430 1124 4477 nostrum
1174 4423 1287 4478 ﬁat.
1322 4423 1414 4479 Ille
1454 4442 1584 4483 vero
1614 4429 1705 4498 qui
1756 4445 1854 4485 nos
1884 4431 2041 4486 docet

2141 3299 2305 3353 εἰσίν
2321 3313 2339 3363 ;

2220 3411 2377 3484 Ἑξῆς
2423 3411 2481 3465 δὲ
2510 3410 2740 3476 ’τούτοις
2799 3410 2967 3484 φησί’
3013 3412 3124 3467 Kal
3163 3413 3292 3484 μὴν
3316 3414 3351 3469 ὅ
3373 3430 3441 3486 τε
3461 3415 3722 3486 φάσκων

2140 3503 2247 3557 ἕνα
2290 3501 2561 3572 εἰρῆσθαι
2605 3504 2845 3571 Κύριον,
2884 3502 3015 3571 περὶ
3052 3504 3199 3560 Θεοῦ
3241 3505 3452 3577 λέγων,
3490 3508 3718 3571 ἀσεϐεῖ,

2141 3592 2377 3663 διαιρῶν
2404 3594 2517 3663 τὴν
2545 3594 2648 3649 τοῦ
2681 3593 2826 3648 Θεοῦ
2847 3593 3194 3662 βασιλειαν,
3224 3598 3320 3651 καὶ
3350 3597 3683 3658 στασιάζων
3700 3615 3714 3627 ·

2140 3689 2219 3755 ὠς
2246 3688 2435 3755 οὔσης
2459 3688 2757 3757 αἱρέσεως,
2787 3686 2883 3743 καὶ
2914 3686 3087 3757 ὄντος
3125 3690 3288 3757 τινὸς
3322 3691 3524 3759 ἐτέρου
3563 3692 3723 3745 dm-

2139 3778 2472 3834 στασιώτου
2503 3779 2679 3849 αὐτῷ.
2710 3780 2906 3855 Χώραν
2958 3785 3001 3839 δ’
3050 3778 3193 3854 εἶχεν
3239 3782 3387 3853 αὐτῷ
3430 3781 3626 3845 ταῦτα,
3661 3781 3719 3835 εἰ

2139 3870 2478 3940 γραμμικαῖς
2505 3870 2803 3939 ἀποδείξεσι
2842 3875 3077 3947 παρίστη
3103 3877 3228 3939 τοὺς
3264 3873 3368 3927 ὑπὸ
3400 3871 3511 3925 τῶν
3544 3873 3715 3927 ἐθνῶν

2139 3978 2439 4031 προσκυνου
2447 3964 2637 4034 μένους
2652 3966 2726 4029 ὼς
2738 3965 2892 4032 θεοὺς
2908 3967 3060 4031 θεοὺς
3071 3962 3226 4022 εἶναι·
3245 3967 3477 4029 καὶτοὺς
3497 3983 3563 4018 πε
3572 3966 3626 4037 pl.
3644 3966 3717 4021 τὰ

2136 4054 2424 4126 ἀγάλματα
2441 4058 2533 4110 καὶ
2552 4060 2674 4123 τοὺς
2688 4059 2821 4124 νεὼς
2844 4059 3075 4123 καὶτοὺς
3098 4059 3310 4131 βωμοὺς
3328 4059 3716 4131 νομιζομένους

2137 4150 2422 4220 τυγχάνειν
2452 4152 2686 4224 παρίστη
2718 4153 2791 4224 μὴ
2818 4152 2974 4217 ὄντας
3006 4152 3240 4223 φαύλους
3260 4151 3408 4215 τινάς
3431 4152 3711 4224 δαίμονας.

2151 4241 2309 4295 Ἀλλά
2354 4244 2449 4297 καὶ
2494 4244 2591 4317 τὴν
2637 4245 2728 4298 τοῦ
2776 4245 2907 4300 Θεοῦ
2945 4243 3221 4316 βασιλείαν
3267 4245 3394 4317 παρ’
3417 4246 3547 4317 ἡμῖν
3584 4263 3713 4298 συν-

2138 4331 2276 4401 εχῶς
2300 4332 2596 4406 λεγομένην
2620 4337 2713 4389 καὶ
2738 4334 3121 4407 γεγραμμένην
3136 4335 3297 4406 ἡμεῖς
3330 4334 3428 4406 μὲν
3453 4335 3547 4390 καὶ
3569 4337 3712 4389 νοεῖν

2137 4424 2426 4495 εὐχόμεθα,
2458 4426 2553 4479 καὶ
2581 4426 2805 4479 τοιοῦτοι
2834 4425 3132 4495 γίγνεσθαι,
3162 4425 3227 4480 ἶν’
3261 4425 3364 4479 ὑπὸ
3388 4424 3522 4478 Θεοῦ
3547 4426 3711 4495 μόνου

482 4511 680 4564 multos
708 4514 955 4567 venerari
986 4516 1134 4580 deos,
1170 4531 1277 4570 non
1306 4519 1397 4572 Dei
1434 4534 1682 4589 regnum,
1714 4522 1758 4575 si
1792 4533 2040 4577 constare

2147 4516 2566 4587 βασιλευώμεθα,
2595 4519 2688 4571 καὶ
2714 4517 2933 4589 γένηται
2959 4517 3051 4571 καὶ
3084 4515 3241 4589 ⁴ἡμῶν
3277 4518 3311 4587 ἡ
3347 4515 3591 4587 βασιλεία
3616 4516 3711 4569 τοῦ

479 4603 583 4656 sibi
610 4600 883 4671 voluisset,
912 4606 1004 4660 sed
1037 4622 1261 4675 regnum
1289 4585 1809 4681 deorum‘appellare
1831 4616 2034 4671 debuit.

2147 4585 2307 4660 Θεοῦ*
2349 4585 2553 4671 ἐκεῖνος
2600 4608 2695 4671 δὲ,
2725 4585 2964 4673 πολλοὺς
3020 4585 3169 4681 ήμᾶς
3219 4585 3479 4663 διδάσκων
3531 4608 3711 4661 σέϐειν

478 4691 590 4748 Nec
624 4693 787 4762 igitur
815 4706 899 4750 est
926 4698 1063 4767 apud
1113 4698 1280 4752 Deum
1312 4699 1487 4769 aliqua
1521 4701 1717 4769 factio,
1764 4721 1863 4761 nec
1895 4708 2037 4762 ullus

479 4781 610 4835 deus
642 4783 713 4836 illi
746 4786 1082 4842 adversarius
1110 4798 1192 4842 est
1227 4806 1241 4843 ι
1273 4804 1574 4859 quanquam
1608 4794 1849 4862 quidam,
1871 4795 2035 4852 veluti

477 4871 738 4940 Gigantes
769 4884 823 4927 et
851 4875 1092 4943 Titanes,
1123 4892 1218 4947 pro
1250 4895 1345 4933 sua
1372 4882 1611 4950 nequitia
1644 4894 1830 4937 contra
1865 4884 2032 4940 Deum

479 4978 725 5034 pugnare
755 4964 923 5021 velint
961 4983 1082 5021 cum
1110 4968 1264 5025 Celso
1292 4980 1342 5024 et
1371 4972 1490 5027 aliis
1521 4974 1609 5043 qui
1645 4974 1841 5029 bellum
1889 4976 2033 5032 indi-

475 5069 605 5111 cunt
634 5067 685 5112 et
721 5058 793 5113 illi
823 5060 913 5129 qui
946 5060 1124 5115 .lesum
1158 5063 1458 5119 innumeris
1490 5067 1813 5123 testimoniis
1841 5083 2034 5139 appro-

477 5148 656 5216 bavit,
685 5160 739 5203 et
770 5150 881 5217 illi,
916 5150 1006 5221 qui
1037 5166 1132 5221 pro
1163 5153 1339 5209 salute
1368 5156 1537 5210 nostri
1571 5157 1785 5226 generis
1816 5172 1907 5222 se,
1940 5160 2032 5227 qui

547 5353 592 5387 ⁵⁷
621 5350 775 5409 Joan.
807 5371 862 5422 v,
892 5355 982 5412 25.
1059 5353 1105 5389 ⁸⁸
1140 5355 1297 5410 Rom.
1327 5372 1388 5422 ιι,
1412 5356 1504 5411 25.
1583 5356 1628 5388 9'
1661 5356 1824 5412 ιιι-ὸν.
1861 5374 1916 5423 x,
1942 5358 2031 5415 29.

548 5551 658 5626 (55.)
691 5550 889 5626 Omnes
906 5568 1059 5619 mss.,
1082 5554 1217 5626 πρὸς
1242 5554 1335 5626 τὸν
1363 5554 1495 5607 Θεὸν
1518 5556 1670 5625 τιμή,
1698 5555 1882 5625 sicque
1911 5555 2035 5612 [lce-

480 5622 797 5698 scbeliusin
834 5633 979 5698 textu
1012 5622 1192 5698 habet,
1224 5625 1315 5679 sed
1347 5627 1411 5679 ad
1437 5622 1763 5698 omnem;
1789 5622 1882 5698 etv
1906 5627 2033 5681 Υίὸν

482 5690 736 5764 τοῦῌΘεοῦ
758 5694 908 5763 τιμή,
938 5698 1076 5759 quod
1126 5696 1429 5764 Spenccrus
1459 5697 1624 5750 textui
1658 5690 1753 5749 suo
1784 5697 2027 5751 inseruit.

555 5760 665 5830 (56)
699 5760 1029 5819 lloeSclielius
1057 5765 1108 5820 iu
1140 5760 1310 5837 textu,
1335 5762 1470 5822 εἶδεν
1493 5766 1558 5822 ἂν
1588 5765 1705 5832 πῶς
1729 5767 1808 5823 δεῖ
1826 5769 1907 5825 τό.
1932 5766 2031 5824 Cu-

2139 4696 2312 4763 θεοὺς,
2346 4698 2481 4752 θεῶν
2515 4699 2712 4770 μᾶλλον
2752 4696 2999 4768 ὠφειλεν,
3035 4699 3084 4753 εί
3123 4696 3501 4775 τάἀκόλουθα
3531 4696 3714 4767 ἑαυτῷ

2140 4791 2348 4855 σκοπεῖ,
2374 4790 2548 4859 λέγειν
2572 4789 2841 4859 βασιλείαν
2866 4789 3007 4862 ἢπερ
3030 4787 3182 4843 Θεοῦ.
3208 4788 3331 4843 οὔτ’
3350 4783 3443 4843 οὖν
3469 4787 3710 4860 αἱρέσεις

2137 4882 2289 4952 παρά
2321 4880 2458 4953 Θεῷ,
2485 4863 2596 4935 001:“
2621 4881 2735 4935 ἐστί
2776 4897 2859 4945 τις
2898 4880 3018 4944 θεὸς
3053 4879 3477 4953 ἀντιστασιώτης
3521 4879 3703 4948 αύτῷ·

2137 4975 2259 5036 κᾶν,
2300 4969 2409 5027 οἷον
2464 4974 2713 5043 γιγαντές
2758 4990 2921 5038 τινες,
2966 4973 2999 5045 ἦ
3039 4974 3283 5038 Τιτᾶνες,
3316 4974 3402 5028 διὰ
3431 4974 3529 5042 τὴν
3572 4970 3710 5024 ἰδίαν

2140 5064 2446 5136 φαυλότητα
2490 5064 2770 5135 θεομαχεῖν
2811 5062 3001 5117 θέλωσι
3044 5065 3180 5134 μετὰ
3220 5065 3425 5118 Κέλσου
3466 5064 3557 5117 καὶ
3596 5063 3711 5116 τῶν

2139 5158 2425 5229 ἀραμένων
2458 5158 2689 5229 πόλεμον
2727 5154 2862 5226 πρὸς
2905 5154 2997 5210 τὸν
3036 5155 3121 5209 διὰ
3168 5157 3374 5230 μυρίων
3427 5155 3715 5226 παραστή-

2142 5558 2241 5611 dex
2288 5555 2529 5615 Jolianus
2564 5560 2614 5615 in
2652 5559 2895 5627 margine
2938 5558 3121 5621 habet,
3161 5552 3298 5610 εἶδεν
3339 5556 3405 5610 ἂν
3452 5557 3569 5621 πῶς
3624 5559 3713 5613 δεῖ

2335 5630 2533 5755 ﬁ:(tiodex
2572 5698 2770 5768 Regius
2802 5698 3020 5768 optime,
3062 5695 3290 5754 ἐκείνου.
3329 5696 3487 5753 Libb.
3537 5698 3705 5769 editi,

2166 5786 2225 5823 κε
2251 5786 2389 5823 νους.

2166 5786 2389 5834 κεινους.
