3972 6160
335 349 472 405 1333

1502 345 1782 402 CONTRA
1829 347 2104 403 CELSUM
2142 347 2269 402 LIB.
2311 346 2452 403 Vill-

3435 343 3567 400 1551

335 487 499 522 σαντα
533 469 643 539 (58)
672 467 736 521 τὰ
777 467 902 540 περὶ
929 465 1020 519 τοῦ
1055 464 1248 536 Ἰησοῦ,
1281 466 1372 517 καὶ
1418 465 1552 534 πρὸς
1607 466 1768 519 αὑτὸν
1815 467 1887 520 τδτ

2005 478 2124 522 erat
2154 467 2409 533 Verbum,
2439 467 2703 520 universo
2725 467 2923 519 mundo
2953 472 3270 536 praesentem
3303 463 3569 526 exhibuit,

332 563 422 614 ἐπὶ
447 561 684 631 σωτηρίᾳ
706 559 796 612 τοῦ
815 561 1000 627 γένους
1025 558 1178 629 ἡμῶν
1208 559 1366 611 παντὶ
1382 558 1456 629 τῷ
1486 558 1674 628 κόσμῳ
1695 559 1904 631 ἀθρόως

330 651 519 705 ἑαυτὸν
550 651 679 704 ὄντα
707 651 874 720 Λόγον
903 651 976 714 ὡς
1007 651 1234 713 ἕκαστος
1264 654 1428 720 χωρεί
1456 651 1831 704 ἐπιδεδωκότα.

397 744 553 809 Δόξαι
607 745 650 797 δ’
709 744 774 797 ἄν
821 761 904 806 τις
957 744 1081 814 ἐξῆς
1145 743 1352 806 τούτοις
1403 743 1628 798 πιθανόν
1678 762 1728 798 τι
1780 745 1900 798 καθ’

325 836 482 909 ἡμῶν
511 837 688 902 λέγειν
714 837 771 889 ὲν
802 835 910 906 effr
939 837 1006 889 El
1043 835 1151 903 μὲν
1184 835 1260 903 δὴ
1284 834 1518 905 μηδένα
1551 838 1744 892 ἄλλον
1779 840 1904 892 ἐθε-

318 927 588 996 ράπευον
609 923 770 983 οὗτοι
799 927 962 995 πλὴν
998 926 1104 982 ἕνα
1139 929 1302 991 Θειῗν,
1348 925 1425 999 ἦν
1461 929 1536 982 ἄν
1575 949 1664 996 τις
1705 933 1907 999 αὐτοῖς

329 1020 470 1085 ἴσως
507 1019 654 1087 πρὸς
681 1017 820 1085 τοὺς
855 1018 1080 1086 ἄλλους
1117 1018 1334 1084 ἀτενὴς
1366 1022 1546 1089 λόγος
1591 1021 1735 1092 (59)·
1769 1025 1906 1076 νυνὶ

326 1112 393 1166 δὲ
413 1111 518 1165 τόν
543 1114 797 1180 ἔναγχος
817 1109 1079 1179 φανέντα
1101 1110 1310 1163 τοῦτον
1330 1113 1900 1180 ὑπερθρησκεύουσι,

282 1223 285 1225 ·
327 1204 424 1258 καὶ
453 1203 601 1274 ὅμως
635 1203 813 1258 οὐδὲν
859 1201 1232 1271 πλημμελεῖν
1277 1202 1580 1271 νομίζουσι
1619 1206 1749 1272 περὶ
1802 1208 1906 1259 τέν

329 1292 506 1356 Θεὸν,
553 1295 604 1347 εὶ
652 1293 748 1346 καὶ
803 1290 1103 1358 ὑπηρέτης
1147 1291 1331 1345 αὑτοῦ
1381 1292 1900 1360 θεραπευθιξσεται.

327 1385 555 1439 Λεκτέον
574 1385 628 1438 δὲ
659 1386 748 1437 καὶ
778 1384 912 1454 πρὸς
935 1383 1108 1444 τοῦτο,
1137 1384 1238 1448 ὅτι,
1263 1383 1418 1455 εἴπερ
1448 1387 1686 1456 νενοήκει
1713 1388 1740 1438 ὁ
1764 1385 1903 1438 Κέλ-

324 1494 414 1540 σος
470 1477 556 1529 τό·
601 1475 738 1546 Ἐγὼ
790 1476 885 1528 καὶ
941 1478 972 1528 ό
1012 1475 1210 1542 Πατὴρ
1256 1475 1324 1528 ἓν
1373 1476 1590 1544 ἐσμεν-⁸
1631 1478 1722 1530 καὶ
1751 1477 1810 1529 τὸ
1846 1479 1903 1532 ἐν

322 1569 454 1638 εὐχῇ
490 1567 773 1638 εἰρημένον
808 1566 912 1620 ὑπὸ
949 1566 1044 1619 τοῦ
1091 1567 1218 1619 Υἱοῦ
1254 1567 1346 1620 τοῦ
1389 1568 1521 1620 Θεοῦ
1557 1570 1614 1621 ἐν
1658 1568 1766 1639 τῷ·
1811 1571 1904 1635 Ὡς

321 1661 436 1731 ἐγὼ
476 1662 573 1714 καὶ
618 1660 698 1714 σὺ
739 1660 808 1713 ἓν
827 1661 1013 1730 ἐσμεν
1046 1660 1176 1730 (40),
1211 1661 1308 1713 οῦκ
1348 1659 1412 1712 ἂν
1450 1659 1583 1730 ᾤετο
1625 1663 1770 1732 ἡμᾶς
1811 1663 1901 1714 καὶ

321 1751 476 1806 ἄλλον
511 1751 832 1821 θεραπεύειν
865 1750 1013 1821 παρὰ
1066 1751 1156 1803 τὸν
1204 1750 1295 1802 ἐπὶ
1341 1751 1470 1802 πᾶσι
1509 1752 1660 1803 Θεόν.
1710 1752 1762 1802 Ὀ
1792 1751 1901 1820 γὰρ

2009 571 2168 630 prout
2190 563 2420 632 quisque
2450 576 2645 630 capere
2685 569 2916 632 poterat.

2081 737 2168 793 l2.
2203 739 2263 791 ln
2299 738 2366 793 iis
2391 753 2511 808 qua:
2541 748 2839 807 sequuntur
2873 736 3105 792 fortasse
3149 735 3412 807 suspicari
3448 737 3572 806 quis

2007 841 2182 901 posset
2213 833 2415 899 aliquid
2443 841 2628 886 contra
2665 847 2760 887 nos
2786 829 3063 900 probabile
3094 830 3230 884 dici:
3265 829 3320 883 Si
3346 830 3570 892 nullum,

2008 922 2204 991 inquit,
2237 923 2400 975 alium
2438 922 2600 976 Deum
2628 923 2852 976 colerent
2886 921 2972 973 isti
2997 937 3155 988 quam
3185 939 3345 974 unum
3378 926 3565 979 Deum,

2006 1024 2138 1068 esset
2189 1015 2296 1068 illis
2341 1015 2564 1086 fortasse
2606 1025 2788 1069 contra
2822 1017 2952 1068 alios
3002 1014 3176 1068 valida
3230 1015 3380 1066 ratio.
3412 1010 3568 1065 Nunc

2005 1116 2220 1172 autem,
2266 1124 2383 1161 cum
2442 1106 2705 1160 hominem
2761 1108 3054 1174 nuperrime
3106 1117 3347 1160 exortum
3411 1122 3568 1172 supra

2004 1204 2216 1255 modum
2249 1199 2460 1265 colunt,
2493 1201 2622 1253 nihil
2649 1208 2819 1252 tamen
2858 1201 2912 1251 in
2946 1198 3111 1252 Deum
3148 1215 3361 1268 peccare
3393 1215 3446 1251 se
3469 1215 3569 1265 pu-

2005 1303 2115 1346 tant
2142 1332 2155 1353 ,
2189 1291 2305 1344 licet
2337 1293 2450 1362 ejus
2480 1293 2776 1344 ministrum
2813 1290 3007 1343 colant.
3043 1292 3122 1344 Αιι
3159 1292 3255 1343 hoc
3287 1290 3448 1343 etiam
3484 1304 3570 1340 re-

2006 1382 2416 1450 spondendum,
2447 1381 2492 1436 si
2546 1380 2700 1435 Celso
2748 1391 3088 1450 perspectum
3136 1381 3328 1435 fuisset
3375 1380 3518 1435 istud
3546 1402 3561 1433 τ

2007 1473 2118 1544 Ego
2157 1484 2204 1528 et
2232 1471 2395 1527 Pater
2430 1489 2590 1526 unum
2623 1490 2806 1527 sumus
2836 1475 2885 1538 ¹,
2915 1485 2967 1526 et
2997 1473 3098 1527 hoc
3131 1473 3272 1527 aliud
3307 1473 3448 1542 quod
3474 1472 3563 1527 Fi-

2006 1567 2105 1620 lius
2130 1567 2219 1620 Dei
2249 1568 2390 1622 inter
2413 1567 2741 1635 precandum
2768 1566 2936 1620 dixit:
2961 1564 3108 1620 Sicut
3133 1582 3226 1636 ego
3246 1577 3292 1618 et
3326 1576 3382 1620 tu
3405 1583 3568 1619 unum

2001 1675 2180 1713 smnus
2207 1661 2252 1724 ',
2277 1675 2382 1712 non
2412 1661 2514 1713 sibi
2539 1675 2662 1714 eum
2681 1659 3021 1713 inducturum
3050 1658 3212 1712 fuisse
3230 1661 3282 1712 in
3304 1659 3560 1716 animum.

2004 1751 2170 1804 alium
2205 1765 2235 1804 a
2264 1752 2418 1804 nobis
2445 1766 2607 1820 quam
2639 1769 2906 1807 summum
2937 1753 3102 1805 Deum
3137 1751 3266 1807 coli.
3299 1750 3430 1804 Nam
3458 1749 3565 1802 Pa-

321 1843 543 1911 Πατὴρ,
577 1844 759 1914 φησὶν,
791 1843 860 1897 ἐν
891 1843 1039 1912 ἐμοὶ,
1089 1843 1247 1912 κάγὼ
1279 1843 1349 1895 ὲν
1374 1842 1451 1908 τῷ
1485 1843 1688 1911 Πατρί.
1731 1843 1794 1895 Εἰ
1845 1843 1887 1896 δὲ

2005 1853 2104 1908 ter,
2141 1843 2331 1912 inquit,
2357 1845 2410 1896 in
2438 1860 2516 1897 me
2538 1856 2584 1898 et
2614 1860 2706 1914 ego
2741 1845 2796 1897 in
2829 1842 2989 1897 Patre
3020 1845 3060 1898 ³.
3096 1844 3246 1906 Ouod
3277 1843 3322 1897 si
3355 1844 3475 1912 quis
3498 1859 3558 1897 ex

319 1952 402 1998 τις
428 1937 491 1988 ἐκ
518 1934 718 1987 τούτων
751 1935 858 2004 (ll)
894 1933 1411 2006 περισπασθήσεται.
1453 1936 1526 2005 μή
1561 1953 1634 2005 πη
1669 1935 1898 2004 αὐτομο-

317 2026 514 2098 λοῦμεν
550 2027 684 2098 πρὸς
717 2029 839 2090 τοὺς
865 2027 1214 2097 ἀναιροῦντας
1253 2027 1345 2080 δύο
1395 2023 1533 2081 εἶναι
1576 2029 1895 2092 ὑποστάσεις

317 2121 532 2191 Πατέρα
566 2121 659 2173 καὶ
693 2120 843 2173 Υἰόν·
890 2119 1242 2190 ἐπιστησάτω
1276 2117 1386 2189 τῷ⁶
1415 2113 1526 2174 Ἦν
1551 2117 1618 2172 δὲ
1656 2119 1896 2173 πάντων

315 2211 432 2265 τῶν⁵
479 2211 935 2265 πιστευσάντων
974 2213 1011 2280 ἡ
1059 2209 1267 2279 καρδιά
1307 2210 1403 2264 καὶ
1456 2211 1494 2279 ἡ
1548 2210 1715 2279 ψυχὴ
1762 2212 1892 2280 μία,

313 2303 398 2355 ἵνα
429 2303 678 2376 θεωρήσῃ
709 2303 794 2357 τό·
841 2303 980 2373 Ἐγὼ
1023 2305 1117 2357 καὶ
1149 2306 1180 2357 ό
1208 2302 1407 2371 Πατὴρ
1435 2303 1504 2355 ἓν
1523 2304 1726 2372 ἐσμεν.
1759 2305 1895 2359 Ἕνα

311 2391 403 2448 οὖν
426 2395 578 2457 Θεὸν,
601 2395 674 2459 ὼς
695 2393 1008 2447 excessum
1019 2411 1134 2464 μεν,
1165 2392 1256 2446 τὸν
1290 2393 1509 2464 Πατέρα
1538 2396 1630 2447 καὶ
1653 2394 1741 2447 τὸν
1766 2396 1894 2448 Υίὸν

309 2488 704 2560 θεραπεύομεν·
727 2489 820 2542 καὶ
839 2489 985 2560 μένει
1005 2490 1134 2558 ἡμῖν
1153 2489 1181 2539 ό
1203 2487 1335 2558 πρὸς
1354 2489 1476 2549 τοὺς
1497 2488 1685 2552 ἄλλους
1702 2491 1894 2560 ἀτενὴς

309 2579 481 2647 λόγος·
507 2581 598 2633 καὶ
618 2581 677 2633 οὐ
700 2581 790 2634 τὸν
812 2579 1035 2649 ἔναγχός
1058 2597 1118 2646 γε
1145 2579 1394 2647 φανέντα,
1419 2581 1493 2643 ὠς
1516 2581 1775 2652 πρότερον
1795 2581 1894 2634 οὐκ

309 2672 457 2737 ὄντα,
491 2672 1025 2744 ὑπερθρησκεῦομεν.
1057 2672 1214 2744 Αὑτῷ
1245 2672 1351 2743 γὰρ
1387 2673 1682 2745 πειθόμεθα
1714 2673 1791 2744 τῷ
1816 2675 1894 2726 εί-

310 2766 480 2819 πόντι·
503 2768 653 2834 Πρὶν
680 2768 736 2819 Ἀ
746 2766 932 2835 ϐραὰμ
955 2764 1227 2835 γενέσθαι
1255 2765 1368 2836 ἐγώ
1389 2767 1522 2835 εἰμι·
1549 2767 1639 2819 καὶ
1659 2765 1888 2834 λέγοντι.⁸

319 2858 459 2929 Ἐγώ
490 2862 604 2928 εἰμι
630 2861 667 2927 -ὴ
691 2859 972 2924 ἀλήθειαο
1007 2859 1100 2912 καὶ
1132 2860 1229 2930 οὐχ
1255 2859 1398 2913 οῦτω
1435 2877 1520 2923 τις
1561 2860 1715 2930 ἡμῶν
1746 2861 1893 2914 ἐστιν

306 2953 655 3025 ἀνδράποδον,
695 2953 770 3016 ὡς
803 2953 1030 3017 οἴεσθαι,
1085 2952 1228 3023 ετιὴ
1272 2953 1371 3022 τῆς
1429 2952 1686 3024 ἀληθείας
1737 2953 1892 3007 οὐσία

306 3045 413 3117 πρὸ
440 3044 547 3099 τῶν
570 3045 774 3117 χρόνων
803 3045 902 3116 τῆς
929 3043 1020 3099 τοῦ
1050 3045 1285 3117 Χριστοῦ
1328 3047 1646 3114 ἐπιφανείας
1671 3047 1772 3100 οὐκ
1799 3042 1886 3117 ἦν.

303 3137 685 3209 Θρησκεύομεν
715 3135 808 3192 οὖν
831 3139 921 3191 τὸν
972 3139 1189 3210 Πατέρα
1228 3137 1326 3209 τῆς
1365 3137 1620 3210 ἀληθείας
1655 3141 1752 3193 καὶ
1799 3141 1890 3192 τὸν

305 3230 432 3284 Υἱὸν
459 3232 554 3300 τὴν
577 3208 833 3300 ἆλήθειαν
862 3229 994 3299 (42),
1025 3208 1150 3284 ὅντα
1189 3208 1290 3284 δύο
1319 3233 1385 3302 τῇ
1429 3208 1718 3285 ὕίποστάσει
1747 3232 1888 3303 πρά-
1915 3208 1957 3266 C

305 3339 512 3392 γματα,
551 3321 607 3372 ἓν
637 3321 692 3373 δὲ
718 3323 784 3392 τῇ
819 3321 1060 3393 ὁμονοίᾳ,
1111 3322 1203 3375 καὶ
1244 3325 1310 3393 τῇ
1356 3325 1660 3396 συμφωνίᾳ,
1695 3326 1786 3377 καὶ
1818 3324 1889 3393 τῇ

303 3414 614 3480 ταυτότητι
656 3411 750 3465 τοῦ
799 3412 1176 3482 βουλήματος·
1212 3414 1288 3476 ὡς
1333 3415 1422 3467 τὸν
1469 3415 1748 3486 ἑωρακότα
1800 3417 1890 3469 τὸν

303 3501 450 3568 Υίὸν,
485 3504 611 3556 ὄντα
641 3504 1004 3573 ἀπαύγασμα
1044 3500 1156 3568 τῆς
1197 3502 1380 3569 δόξης
1411 3503 1509 3556 καὶ
1554 3502 1891 3572 χαρακτῆρα

302 3596 410 3664 τῆς
457 3595 854 3662 ὑποστάσεως
911 3594 1006 3649 τοῦ
1055 3594 1212 3664 Θεοῦ,
1262 3595 1562 3668 ἑωρακέναι
1608 3599 1666 3649 ἐν
1717 3595 1886 3668 αὐτῷ,

295 3687 412 3744 ὄντι
442 3689 609 3743 εἰκόνι
635 3688 918 3760 τοῦζΘεοῦ,
951 3688 1039 3742 τὸν
1072 3689 1222 3740 Θεόν.

367 3778 480 3836 Εἶτ’
534 3782 706 3837 οἴεται
759 3782 828 3838 ἐκ
875 3781 979 3836 τοῦ
1021 3781 1372 3850 θρησκεύειν
1407 3778 1566 3848 ἡμᾶς
1600 3780 1750 3850 μετὰ
1781 3780 1888 3835 τοῦ

301 3877 448 3930 Θεοῦ
481 3877 589 3930 τὸν
625 3875 761 3930 Υἱὸν
789 3875 972 3931 αὑτοῦ
993 3874 1348 3930 ἀκολουθεῖν
1372 3873 1515 3942 ἡμῖν
1542 3872 1608 3928 τὸ
1637 3874 1736 3928 καὶ
1754 3872 1885 3928 καθ’

297 3967 455 4038 ἡμᾶς
480 3970 551 4022 οὐ
575 3968 767 4037 μόνον
807 3968 912 4021 τὸν
955 3968 1122 4034 Θεὸν,
1159 3967 1318 4022 ἀλλὰ
1346 3965 1444 4020 καὶ
1486 3967 1628 4033 τοὺς
1663 3966 1883 4036 ὑπηρέ-

295 4078 405 4128 τας
445 4061 631 4116 αὐτοῦ
683 4062 1129 4129 θεραπεύεσθαι.
1167 4062 1228 4113 El
1277 4060 1374 4131 μὲν
1425 4056 1517 4114 οῦν
1576 4061 1712 4114 ἐνόει
1757 4062 1885 4125 τοὺς

294 4152 512 4225 ἀληθῶς
553 4152 833 4224 ὑπηρέτας
877 4151 971 4204 τοῦ
1016 4151 1150 4204 Θεοῦ
1188 4151 1325 4222 μετὰ
1359 4152 1450 4206 τὸν
1489 4152 1765 4224 Μονογενῆ
1789 4153 1882 4206 τοῦ

294 4245 450 4310 θεοῦ,
483 4247 574 4300 τὸν
607 4245 867 4317 Γαϐριὴλ,
921 4244 1014 4296 καὶ
1055 4243 1146 4296 τὸν
1193 4242 1428 4313 Μιχαὴλ,
1477 4243 1570 4296 καὶ
1610 4246 1733 4306 τοὺς
1773 4243 1882 4298 λοι-

295 4341 430 4403 ποῦς
457 4337 739 4407 ἀγγέλους,
775 4335 1146 4408 ἁρχαγγέλους
1173 4334 1304 4403 (45),
1341 4335 1433 4387 καὶ
1476 4333 1696 4397 τούτους
1729 4333 1882 4404 ἔλεγε

289 4427 401 4482 δεῖν
428 4427 854 4500 θεραπεύεσθαι⁸
890 4426 1025 4488 ἴσως
1052 4425 1116 4478 ἂν
1144 4423 1203 4476 τὸ
1246 4423 1372 4494 περὶ
1410 4422 1503 4477 τοῦ
1537 4426 1880 4492 θεραπεύειν

289 4519 455 4574 αὐτοῦ
489 4519 886 4592 σημαινόμενον
915 4516 1316 4589 ἐκκαθήραντες
1341 4514 1474 4587 (44),
1505 4515 1599 4569 καὶ
1640 4516 1747 4571 τῶν
1784 4515 1877 4571 τοῦ

1998 1937 2082 1990 his
2111 1938 2389 1992 verebitur
2420 1951 2486 1992 ne
2514 1938 2580 1991 ad
2603 1937 2720 1993 illos
2756 1937 3190 2007 transfugiamus,
3227 1938 3314 2007 qui
3349 1936 3562 1990 Patrem

1996 2036 2051 2084 et
2103 2027 2298 2082 Filium
2338 2029 2472 2083 duas
2508 2031 2823 2101 hypostases
2871 2043 2988 2085 esse
3025 2038 3264 2097 negant,
3319 2029 3565 2083 advertat

1997 2118 2236 2173 animum
2277 2121 2343 2174 ad
2390 2121 2576 2176 istud:
2629 2121 2760 2176 Erat
2815 2125 3047 2176 omnium
3093 2121 3415 2176 credentium
3466 2135 3558 2173 cor

1996 2229 2157 2266 unum
2182 2225 2228 2266 et
2246 2215 2424 2267 anima
2448 2231 2551 2267 una
2570 2215 2612 2282 ⁸,
2632 2225 2691 2269 ut
2715 2216 2978 2286 intelligat
3000 2217 3131 2286 quid
3159 2215 3258 2269 sibi
3277 2215 3403 2270 velit
3421 2213 3522 2269 hoc
3544 2230 3559 2267 :

1996 2303 2110 2375 Ego
2145 2313 2194 2360 et
2234 2305 2399 2360 Pater
2431 2324 2591 2360 unum
2637 2325 2816 2363 sumus
2845 2309 2887 2362 ⁸.
2933 2309 3107 2364 Utmm
3152 2309 3315 2378 igitur
3346 2308 3512 2362 Deum
3546 2347 3561 2367 ,

1997 2405 2056 2451 ut
2104 2397 2410 2466 explicavi,
2455 2398 2668 2456 Patrem
2725 2410 2780 2456 et
2837 2400 3030 2456 Filium
3081 2401 3347 2466 colimus,
3401 2411 3564 2470 atque

1995 2490 2130 2544 adeo
2154 2490 2312 2546 nobis
2343 2501 2526 2547 manet
2563 2502 2753 2548 contra
2799 2495 2932 2548 alios
2965 2494 3141 2548 valida
3183 2494 3351 2560 ratio;
3388 2507 3560 2561 neque

1995 2585 2274 2641 hominem
2300 2586 2612 2655 nuperrime
2633 2597 2878 2643 exortum
2908 2598 2961 2643 et
2988 2591 3078 2658 qui
3106 2598 3260 2644 antea
3297 2605 3398 2644 non
3421 2601 3558 2653 erat,

1998 2695 2209 2734 summa
2242 2682 2596 2736 veneratione
2645 2683 3041 2750 prosequimur.
3086 2679 3369 2738 Credimus
3414 2681 3556 2735 enim

1993 2771 2193 2826 dicenti
2217 2789 2232 2826 :
2263 2772 2554 2843 Antequam
2603 2774 2864 2828 Abraham
2907 2775 3095 2842 ﬁeret‘,
3117 2775 3224 2842 fego
3250 2789 3364 2827 sunt
3387 2773 3427 2837 ⁶;
3456 2780 3512 2825 et
3537 2789 3559 2824 :-

1994 2861 2110 2932 Ego
2177 2881 2295 2918 sum
2349 2867 2544 2920 veritas
2602 2867 2646 2921 '.
2714 2866 2900 2937 Neque
2956 2867 3244 2936 quisquam
3309 2875 3555 2920 nostrqu

1992 2957 2150 3029 751
2191 2969 2300 3012 tam
2330 2957 2524 3027 abjecti
2555 2959 2754 3028 ingenii
2787 2969 2865 3014 est
2909 2969 2965 3012 ut
2994 2959 3267 3014 existimet
3307 2959 3557 3012 substan-

1992 3051 2123 3104 tiam
2158 3052 2406 3108 veritatis
2434 3069 2541 3107 non
2577 3063 2705 3108 ante
2739 3061 2979 3122 tempora
3011 3050 3101 3106 illa
3132 3051 3296 3105 fuisse
3317 3093 3329 3117 ,
3361 3050 3559 3119 quibus

1990 3140 2242 3196 Christus
2265 3144 2411 3196 visus
2447 3154 2552 3197 est.
2582 3143 2826 3198 Colimus
2875 3143 3041 3212 igitur
3065 3140 3282 3196 Patrem
3310 3141 3556 3195 veritatis

1991 3243 2043 3288 et
2071 3233 2264 3288 Filium
2301 3237 2604 3299 veritatem,
2633 3249 2749 3304 qua:
2776 3233 2894 3288 duas
2923 3247 3007 3288 res
3034 3242 3158 3287 sunt
3185 3232 3354 3299 quoad
3384 3231 3559 3300 hypo-

1995 3326 2208 3389 stasim,
2243 3341 2348 3379 una
2383 3339 2514 3379 vero
2559 3325 2922 3380 consensione
2951 3333 3008 3380 et
3057 3322 3348 3379 concordia
3376 3333 3432 3377 et
3461 3337 3555 3373 νο-

1992 3415 2214 3471 luntatis
2247 3417 2522 3470 identitate
2551 3437 2572 3483 ;
2605 3416 2676 3470 ita
2714 3426 2772 3472 ut
2806 3416 2896 3485 qui
2932 3416 3066 3470 vidit
3096 3415 3320 3480 Filium,
3354 3416 3443 3484 qui
3471 3426 3554 3470 est

1989 3508 2236 3576 splendor
2260 3508 2443 3578 gloria:
2475 3520 2520 3561 et
2551 3509 2722 3577 ﬁgura
2747 3511 3056 3564 subslantite
3089 3510 3185 3565 Dei
3208 3509 3252 3574 ⁸,
3280 3509 3325 3564 is
3358 3509 3412 3563 in
3437 3508 3549 3576 illo,

1989 3603 2080 3670 qui
2108 3602 2200 3656 Dei
2238 3601 2416 3672 imago
2443 3611 2544 3667 est,
2575 3603 2770 3659 viderit
2808 3612 2864 3658 et
2890 3602 3129 3658 Patrem.

2060 3779 2150 3835 l3.
2176 3778 2380 3835 Deinde
2407 3788 2560 3848 putat
2591 3797 2657 3835 ea:
2675 3796 2756 3844 eo,
2782 3781 2921 3850 quod
2945 3797 3064 3836 cum
3085 3780 3190 3836 Deo
3213 3779 3410 3836 Filium
3431 3783 3546 3852 eius

1987 3871 2248 3938 colamus,
2277 3889 2591 3943 consequens
2622 3889 2735 3926 esse
2761 3881 2817 3926 ut
2861 3889 2966 3926 non
3007 3871 3174 3927 Deum
3211 3873 3408 3938 solum,
3455 3879 3548 3929 sed

1985 3966 2142 4019 etiam
2170 3965 2283 4035 ejus
2308 3966 2579 4020 ministros
2607 3967 2850 4022 colendos
2879 3984 2992 4022 esse
3022 3969 3330 4023 sentiamus.
3368 3966 3426 4021 Si
3465 3967 3548 4020 in-

1986 4056 2284 4112 tellexisset
2317 4058 2536 4128 quinam
2592 4060 2702 4113 sint
2741 4068 2860 4127 post
2897 4057 2991 4113 Dei
3043 4057 3392 4127 Uuigenitum
3420 4072 3548 4112 vere

1983 4149 2227 4204 ministri
2264 4151 2381 4217 Dei,
2417 4162 2472 4204 ut
2496 4149 2739 4214 Gabriel,
2777 4150 3036 4218 Michael,
3064 4163 3119 4207 et
3146 4151 3234 4206 alii
3260 4150 3434 4220 angeli
3465 4158 3546 4202 at-

1985 4257 2093 4310 que
2149 4243 2485 4313 archangeli,
2516 4254 2570 4297 et
2604 4259 2696 4297 eos
2725 4245 2984 4300 colendos
3007 4258 3127 4299 esse
3151 4243 3407 4306 dixisset;
3441 4240 3545 4293 lor-

1983 4342 2152 4394 tasse,
2190 4335 2498 4404 repurgatis
2521 4351 2640 4388 cum
2667 4335 3059 4408 signiﬁcatione
3091 4333 3235 4388 illius
3266 4333 3414 4386 vocis
3453 4346 3543 4384 co-

1981 4427 2106 4493 lere,
2161 4436 2269 4478 tum
2323 4427 2444 4496 ejus
2490 4427 2579 4494 qui
2614 4427 2744 4482 colit
2786 4426 3003 4492 ofﬁciis,
3040 4427 3144 4482 hoc
3190 4427 3308 4481 loco
3338 4439 3434 4495 pro
3465 4424 3540 4476 rei

1981 4526 2256 4572 momento
2283 4517 2582 4572 attulissem
2611 4533 2676 4573 ea
2705 4532 2828 4588 qua:
2879 4518 2945 4573 de
2969 4518 3072 4574 hoc
3104 4527 3419 4589 argumento
3449 4527 3531 4568 as-

360 4617 565 4714 ‘doan.
593 4657 766 4731 x,_30.
855 4659 876 4690 ³
901 4654 1058 4731 Joan.
1088 4671 1227 4731 δίνη,
1254 4655 1346 4731 9.2.
1447 4655 1645 4731 :Joan.
1675 4672 1790 4720 xw.
1825 4657 1914 4724 ll,
1952 4672 2006 4713 et
2036 4675 2166 4728 xvn,
2194 4659 2286 4731 2!,
2361 4659 2384 4692 ⁸
2413 4659 2536 4716 Act.
2565 4675 2640 4727 Iv,
2668 4661 2759 4715 32.
2861 4660 2884 4690 ⁸
2904 4658 3062 4714 Joan.
3095 4675 3148 4718 ι.
3172 4658 3262 4713 30.
3337 4659 3358 4690 °
3383 4656 3539 4712 .loau.

290 4744 408 4795 vm,
436 4731 525 4783 58.
599 4731 619 4760 ⁷
654 4727 811 4783 Juan.
847 4743 959 4793 xw,
993 4726 1047 4784 6.
1123 4727 1146 4759 ⁸
1185 4726 1350 4782 Hebr.
1385 4742 1423 4790 I,
1447 4728 1500 4781 5.

365 4864 476 4948 (ὅθ)
511 4862 1009 4932 Παραστήσαντα.
1062 4862 1322 4919 Gelenius
1368 4861 1566 4933 legisse
1622 4864 1859 4932 videtur,

1988 4883 2120 4930 ιντος
2167 4868 2450 4948 πράξεως.
2480 4865 2783 4948 .Grotiushin
2822 4863 3082 4946 Explicat.
3101 4863 3348 4948 Decalogi
3373 4881 3391 4918 :
3419 4865 3541 4920 Non

291 4936 654 5002 συστήσαντα.

360 5004 474 5072 (59)
505 5003 843 5059 Πωεειιριίιιε
869 5005 921 5060 in
961 5013 1136 5071 textu,
1169 5004 1368 5077 ἀγενὴς
1393 5003 1567 5072 λόγος,
1599 5005 1761 5059 male.

361 5087 476 5158 (40)
514 5087 609 5154 Ὠς
641 5087 756 5156 ἐγὼ
785 5088 882 5141 καὶ
919 5089 1000 5143 σὺ
1033 5089 1103 5142 ἓν
1149 5090 1354 5159 ἐσμεν.
1405 5086 1632 5158 Vulgata
1669 5090 1862 5156 Biblia,

289 5159 471 5222 καθὼς
500 5161 659 5229 ἡμεῖς
680 5158 737 5210 ἐν
765 5159 951 5230 ἐσμεν.

360 5241 472 5313 (41)
499 5245 567 5365 Eli
600 5241 667 5365 ge
698 5259 791 5308 τις
825 5241 896 5294 ἐκ
937 5241 1187 5296 τούτων.
1247 5242 1376 5300 Vide
1417 5245 1726 5317 Origenian.
1768 5243 1862 5301 lib.

378 5329 524 5365 quam
557 5351 571 5365 .
645 5352 658 5365 .

704 5393 822 5470 τῂν
846 5393 1176 5470 dirigetur.
1215 5394 1558 5470 ll‘oasehelius
1587 5399 1640 5451 in
1688 5407 1862 5470 textu,

283 5478 341 5522 et
369 5465 535 5521 codd.
572 5482 701 5521 mss.
728 5465 948 5533 Regius,
977 5466 1324 5527 Basileensis,
1351 5465 1644 5524 Vaticanus
1672 5480 1727 5523 et
1752 5469 1862 5522 Au-

285 5538 542 5609 glicanus
571 5538 806 5608 primus,
833 5535 962 5588 Υἰὸν
991 5536 1092 5605 τῆς
1115 5535 1389 5607 ἀληθείας.

533 5621 882 5695 Ἀγγ-ἐλιιυς,
927 5619 1353 5695 ιξρχαγγέλους.
1389 5621 1621 5695 Legend.
1654 5623 1867 5678 videtur

286 5690 550 5760 ἀγγέλους
576 5693 666 5746 καὶ
705 5690 1094 5763 ἁρχαγγέλους.

361 5776 471 5845 (Μ)
526 5775 1018 5844 Ἐκκαθήραντες,
1063 5784 1166 5828 etc.
1213 5775 1407 5829 Guielo
1463 5777 1672 5830 videtur
1725 5776 1860 5832 forte

291 5849 634 5902 scribendum
681 5847 1080 5924 ἐκκαθήραντες
1113 5846 1204 5902 καὶ
1249 5847 1305 5901 τὸ
1333 5849 1431 5920 τῆς
1459 5848 1554 5902 τοῦ
1598 5848 1858 5923 θεραπεύ-

1965 4947 2130 5007 potest
2160 4935 2427 5008 idemrdici
2458 4937 2520 5008 de
2563 4937 2781 5003 angelis,
2820 4936 2907 5008 qui
2949 4945 3011 5008 et_
3035 4935 3320 5008 intelligere
3367 4953 3539 5001 preces

1964 5004 2180 5075 possunt
2211 5019 2258 5060 et
2295 5007 2538 5074 beneﬁcia
2564 5022 2628 5058 ea:
2672 5005 2835 5058 animi
2871 5005 3099 5072 quadam
3130 5004 3371 5060 libertate
3399 5023 3537 5072 pra:—

1968 5087 2128 5130 stare.
2169 5075 2282 5131 llos
2325 5094 2445 5144 ergo
2478 5078 2566 5143 qui
2609 5076 2806 5146 honore
2843 5076 3172 5146 prosequitur
3216 5075 3414 5143 aliquo,
3445 5079 3535 5146 qui

1965 5148 2125 5200 etiam
2164 5148 2363 5215 aliquid
2410 5164 2587 5199 eorum
2620 5145 2865 5212 beneﬁcio
2908 5161 2961 5198 se
3003 5155 3175 5211 sperat
3215 5161 3365 5210 posse
3407 5145 3533 5198 con--

1967 5219 2135 5284 sequi,
2163 5234 2264 5270 non
2293 5227 2468 5283 peccat
2509 5219 2562 5270 in
2593 5217 2726 5269 hanc
2758 5217 2953 5284 legem;
2981 5216 3070 5268 sed
3100 5216 3144 5268 is
3184 5215 3534 5284 demum,qui

1967 5283 2040 5340 eis
2080 5304 2140 5359 ea
2183 5290 2385 5350 tribuit,
2425 5304 2540 5359 qua:
2581 5303 2782 5339 summa
2816 5286 2920 5337 Deo
2947 5294 3072 5359 sunt
3113 5285 3346 5352 propria.
3390 5283 3529 5359 Nam

1969 5373 2067 5411 vox
2099 5358 2193 5409 Dei
2218 5359 2270 5410 in
2294 5360 2389 5411 hoc
2413 5355 2662 5424 pra'cepto
2691 5359 2743 5408 in
2769 5355 3078 5424 summitatis
3103 5371 3254 5407 sensu
3280 5357 3530 5406 sumenda

1969 5438 2067 5481 est.
2101 5426 2354 5494 Exempla
2388 5445 2494 5480 rem
2542 5423 3062 5494 illustralmnt._Non
3091 5432 3399 5486 peccarunt,
3440 5429 3527 5493 qui

1967 5499 2197 5567 angelos,
2237 5487 2437 5569 quoties
2479 5498 2604 5564 ipsis
2645 5487 3244 5569 conspicui‘apparuere.
3290 5487 3528 5545 venerati

1963 5563 2086 5622 sunt
2128 5563 2551 5634 proc'untbemlo;
2594 5577 2647 5618 ut
2685 5565 2846 5616 Josue
2883 5581 2935 5627 ν,
2970 5565 3062 5623 l4;
3097 5563 3284 5632 quippe
3327 5578 3445 5615 cum
3477 5575 3526 5618 et

1959 5641 2220 5705 pronhctis
2264 5641 2398 5692 idem
2443 5639 2606 5689 Itonos
2651 5636 2908 5705 exliiliitus
2945 5637 3012 5688 sit
3045 5635 3157 5686 sine
3185 5644 3430 5705 peccato,
3466 5645 3523 5687 ut

1958 5702 2006 5762 ei
2036 5710 2123 5777 qui
2169 5710 2451 5777 putabatur
2492 5705 2728 5766 Samuel,
2759 5704 2782 5756 I
2819 5705 2968 5777 Sam.
2993 5719 3194 5767 xxvltt,
3233 5703 3331 5777 15;
3370 5702 3522 5777 Elim

1958 5778 2018 5830 ll
2049 5775 2176 5847 Reg.‘
2220 5779 2382 5842 1,15;
2427 5777 2559 5829 Dan.
2604 5792 2648 5838 ι,
2683 5777 2784 5837 46;
2837 5776 2923 5842 qui
2971 5785 3238 5847 munuset
3271 5775 3519 5829 libamina

1957 5846 2441 5913 t'etat,’reverentia'
2467 5849 2669 5918 signum
2706 5863 2806 5900 non
2841 5855 2995 5913 rotat,
3025 5856 3077 5899 ut
3119 5846 3190 5899 ibi
3223 5857 3455 5902 notatum
3486 5864 3521 5908 α
