3972 6160
337 287 472 344 1557

1518 289 1798 347 CONTRA
1836 286 2110 344 CELSUM
2147 288 2274 342 LIB.
2316 287 2453 344 Vill.

3456 293 3478 344 1
3489 291 3593 348 553

332 410 567 483 Πατρός.
592 410 655 464 Εἰ
674 409 730 464 δέ
747 427 907 464 τινων
935 409 1249 482 παρήκουσε
1280 408 1485 476 Κέλσος
1506 412 1579 484 μὴ
1596 411 1913 482 ὁμολογούν-

2024 413 2213 466 ctrina:
2238 414 2601 480 praebuerunt.
2640 411 2755 468 Non
2784 412 2949 481 igitur
2974 411 3258 467 seditionis
3281 411 3386 467 dux
3412 411 3591 480 Jesus,

330 519 438 556 των
471 496 580 572 (50)
619 499 711 554 τὸν
753 500 882 554 Υἱὸν
911 500 1004 553 τοῦ
1035 499 1168 553 Θεοῦ
1210 500 1323 555 υἱὸν
1370 497 1508 554 εἶναι
1537 502 1630 554 τοῦ
1659 502 1919 573 δημιουρ-

331 595 600 664 γήσαντος
626 593 743 646 τόδε
770 592 830 646 τὸ
862 593 987 656 πᾶν,
1019 592 1181 657 αὐτὸς
1211 589 1277 645 ἂν
1303 593 1489 664 εἰδείη,
1521 594 1616 647 καὶ
1639 596 1686 646 οἱ
1719 612 1922 663 συγκα-

332 686 668 758 τατιθέμενοι
696 685 918 762 τοιούτῳ
951 685 1113 756 λόγῳ.
1150 685 1223 737 Οὐ
1268 686 1508 748 στάσεως
1549 681 1641 738 οὖν
1681 686 1920 756 ἀρχηγέ-

332 796 434 849 της
463 781 491 832 6
528 777 756 850 Ἰησοῦς,
782 778 918 832 ἀλλὰ
950 779 1130 850 πάσης
1158 779 1403 850 εἰρήνης,
1436 780 1464 831 ὁ
1487 777 1653 831 εἰπὼν
1684 781 1798 842 τοῖς
1828 795 1920 848 μα-

334 871 527 945 θηταῖς
546 890 560 904 ’
593 872 856 945 Εἰρήνην
883 872 1096 942 ἀφίημι
1136 871 1299 942 ὑμῖν,
1345 872 1596 941 εἰρήνην
1619 871 1734 940 τὴν
1765 872 1920 942 ἐμὴν

331 963 537 1034 δίδωμι
552 964 711 1033 ὑμῖν.
736 959 850 1017 Εἶτ’
877 965 1105 1036 ἐπείπερ
1136 964 1404 1034 ἠπίστατο
1428 964 1554 1026 τοὺς
1582 963 1675 1016 τοῦ
1713 963 1916 1034 κόσμου

332 1057 426 1110 καὶ
455 1057 514 1110 οὐ
531 1057 664 1110 Θεοῦ
697 1057 1015 1128 ἀνθρώπους
1041 1057 1587 1130 προσπολεμήσοντας
1621 1056 1730 1127 (5-1)
1764 1057 1916 1126 ἡμῖν,

331 1150 669 1223 προσέθηκεν
703 1150 933 1215 ἐκείνοις
960 1151 1048 1216 τὸ,
1076 1153 1158 1205 Οὐ
1198 1151 1394 1217 καθὼς
1424 1153 1456 1204 ό
1486 1152 1713 1219 κόσμος
1748 1149 1917 1202 δίδω-

329 1259 433 1296 σιν
459 1242 725 1311 εἰρήνην,
757 1241 920 1312 κάγὼ
951 1241 1327 1312 δίδωμίὺμῖν
1353 1240 1620 1310 εἰρήνην.
1668 1238 1913 1311 Θαρροῦ-

331 1352 429 1405 μεν
452 1334 507 1388 δὲ
528 1335 593 1388 δι’
629 1334 820 1398 αὐτὸν,
865 1334 968 1388 κᾶν
1009 1333 1324 1404 θλιϐώμεθα
1369 1335 1425 1387 έν
1467 1333 1542 1404 τῷ
1590 1333 1798 1402 κόσμῳ,
1840 1334 1916 1384 εἰ-

327 1429 522 1482 πόντα’
575 1427 645 1481 ἐν
688 1424 768 1492 τῷ
814 1427 1018 1496 κόσμῳ
1075 1427 1284 1496 θλῖψιν
1335 1425 1499 1490 ἕξετε
1548 1424 1690 1496 (ὕὲ)·
1757 1424 1918 1478 ἀλλὰ

325 1516 617 1586 θαρσεῖτε,
661 1516 776 1587 ἐγὼ
805 1517 1095 1585 νενίκηκα
1139 1516 1246 1569 τὸν
1293 1517 1544 1585 κόσμον.
1584 1515 1693 1568 Καὶ
1728 1511 1914 1568 τοῦτόν

326 1627 505 1680 φαμεν
533 1605 668 1664 εἷναι
704 1611 832 1663 Υἱὸν
862 1608 996 1663 Θεοῦ
1018 1626 1033 1642 ο
1058 1608 1192 1663 Θεοῦ
1227 1608 1304 1673 δὲ,
1341 1607 1418 1672 ὃν,
1453 1611 1500 1660 εἰ
1524 1608 1604 1660 δεῖ
1631 1610 1751 1670 ταῖς
1778 1607 1919 1672 λέξε-

327 1720 410 1755 σιν
434 1702 794 1774 ἀκολουθῆσαι
821 1703 913 1756 τοῦ
939 1703 1168 1766 Κέλσου,
1206 1701 1406 1773 σφόδρα
1429 1701 1676 1772 σέϐομεν,
1709 1702 1802 1754 καὶ
1826 1701 1916 1754 τὸν

327 1793 453 1846 Υἱὸν
512 1793 673 1846 αὐτοῦ
716 1793 918 1865 σφόδρα
947 1794 1250 1865 ηὐξημένον
1296 1792 1400 1844 ὑπὸ
1440 1791 1534 1845 τοῦ
1576 1792 1785 1863 Πατρὺς
1835 1809 1916 1860 γι-

2021 505 2114 558 sed
2140 505 2321 559 omnis
2351 506 2539 573 pacis;
2573 507 2770 576 quippe
2800 506 2890 573 qui
2913 504 3194 572 discipulis
3224 505 3593 560 dixit:Pacem

2019 596 2255 663 relinquo
2281 597 2444 662 vobis,
2474 613 2652 664 pacem
2681 613 2845 650 meam
2880 599 2947 649 do
2978 595 3120 650 vobis
3148 597 3212 648 ¹³.
3245 597 3446 651 Deinde
3469 611 3594 652 cum

2019 686 2186 740 sciret
2236 689 2419 741 mundi
2470 699 2522 743 et
2554 704 2658 743 non
2692 689 2785 744 Dei
2823 689 2938 742 fore
2980 687 3230 743 homines
3260 691 3351 758 qui
3386 689 3588 744 bellum

2020 780 2178 834 nobis
2208 780 2534 847 indicerent,
2571 783 2748 837 addit:
2788 781 2908 836 Non
2939 783 3198 852 quomodo
3239 783 3463 835 mundus
3498 784 3592 834 dat

2016 888 2234 936 pacem,
2271 888 2364 942 ego
2392 874 2460 926 do
2497 874 2637 928 vobis
2676 891 2876 944 pacem.
2908 875 2967 927 In
3009 874 3098 926 illo
3131 882 3313 927 autem
3350 883 3591 926 nostram

2021 962 2267 1016 fiduciam
2301 962 2553 1032 ponimus
2579 1007 2594 1031 ,
2639 967 2850 1019 etiamsi
2891 965 2944 1018 in
2988 965 3187 1018 mundo
3235 979 3590 1033 premamur:

2023 1052 2161 1107 dixit
2185 1054 2328 1108 enim
2357 1071 2372 1108 :
2403 1054 2472 1109 In
2497 1057 2690 1111 mundo
2720 1059 3021 1124 pressuram
3052 1057 3328 1124 habebitis,
3355 1058 3446 1110 sed
3470 1074 3592 1109 con-

2017 1147 2203 1215 ﬁdite,
2239 1165 2332 1217 ego
2378 1150 2476 1203 vici
2509 1152 2765 1204 mundum
2795 1151 2859 1204 η.
2897 1150 2988 1206 lllc
3039 1161 3121 1204 est
3163 1164 3322 1218 quem
3364 1149 3596 1204 dicimus

2021 1253 2142 1294 esse
2168 1239 2260 1294 Dei
2279 1238 2500 1302 Filium,
2527 1241 2644 1306 Dei,
2672 1244 2910 1311 inquam,
2939 1256 3098 1311 quem
3128 1256 3456 1296 veneramur
3486 1257 3591 1294 ma-

2018 1330 2180 1395 xime,
2216 1341 2275 1384 ut
2301 1331 2442 1387 Celsi
2492 1333 2853 1393 verbis.utar.
2887 1343 2941 1389 et
2973 1333 3167 1386 Filium
3210 1332 3326 1399 ejus
3366 1347 3395 1385 a
3431 1331 3592 1388 Patre

2017 1436 2182 1490 quam
2215 1423 2456 1477 maxime
2483 1425 2684 1479 elatum
2714 1425 2882 1480 fuisse
2909 1425 3309 1496 cognoscimus.
3339 1424 3469 1479 Volo
3497 1441 3595 1478 au-

2017 1523 2124 1568 tem
2175 1515 2228 1568 in
2276 1517 2612 1571 credentium
2650 1519 2995 1572 multitudine
3039 1531 3161 1571 esse
3207 1519 3466 1586 quosdam
3499 1518 3589 1585 qui

2021 1603 2289 1658 diversam
2323 1607 2390 1660 ab
2424 1605 2544 1661 aliis
2576 1608 2902 1662 sententiam
2941 1617 3233 1676 sequentes
3281 1617 3481 1662 temere
3513 1607 3593 1660 ai-

2019 1696 2234 1752 iirment
2270 1696 2607 1754 Salvatorem
2662 1716 2782 1755 esse
2828 1717 3101 1755 summum
3141 1701 3350 1756 Deum:
3387 1710 3442 1754 at
3493 1716 3592 1756 nos

2025 1787 2157 1841 nihil
2189 1790 2389 1854 simile,
2421 1792 2511 1858 qui
2555 1792 2831 1847 credimus
2862 1793 3100 1847 dicenti:
3131 1789 3296 1847 Pater
3331 1793 3418 1863 qui
3449 1795 3590 1847 misit

325 1885 664 1958 γνώσκομεν.
704 1888 880 1940 Ἔστω
899 1887 951 1940 δέ
975 1903 1125 1948 τινας
1159 1885 1268 1955 (55)
1297 1883 1372 1946 ὡς
1393 1886 1449 1936 ἐν
1479 1884 1672 1954 πλήθει
1695 1901 1913 1937 πιστευ-

2019 1895 2097 1933 me
2123 1922 2137 1944 ,
2168 1881 2341 1950 major
2387 1899 2467 1936 me
2508 1894 2582 1937 est
2626 1885 2691 1937 ³⁵.
2745 1884 2923 1950 Quare
2953 1899 3114 1954 quem
3163 1899 3307 1939 nunc
3337 1899 3592 1939 vocamus

323 1977 513 2042 όντων,
545 1980 638 2032 καὶ
660 1978 961 2050 δεχομένων
988 1976 1301 2046 διαφωνίαν,
1327 1976 1414 2030 διὰ
1446 1976 1543 2046 τὴν
1581 1976 1910 2048 προπέτειαν

321 2067 670 2123 ὑποτίθεσθαι
707 2070 798 2121 τὸν
823 2069 1058 2140 Σωτῆρα
1083 2063 1219 2120 εἶναι
1252 2066 1342 2120 τὸν
1377 2067 1632 2136 μέγιστον
1659 2067 1751 2120 ἐπὶ
1773 2069 1907 2120 πᾶσι

2014 1973 2232 2030 Patrem
2263 2016 2279 2041 ,
2324 1993 2445 2031 eum
2484 1993 2590 2032 non
2624 2020 2641 2047 ,
2686 1987 2746 2034 ut
2799 1978 2991 2035 Celsus
3035 1979 3436 2045 calumniatur,
3493 1979 3590 2034 Dei

2012 2067 2151 2123 Filio
2197 2067 2543 2136 subjicitnus.

323 2162 454 2216 Θεὸν
491 2163 604 2232 (54)
631 2179 643 2191 ·
680 2162 795 2216 ἀλλ’
829 2161 944 2215 οὔτι
977 2179 1041 2230 γε
1068 2163 1227 2233 ἡμεῖς
1256 2160 1514 2223 τοιοῦτον,
1548 2161 1595 2214 οἱ
1632 2161 1938 2232 πειθόμενοι
1975 2161 2123 2233 αὐτῷ
2141 2163 2350 2231 λέγοντι
2370 2181 2383 2195 ·
2421 2164 2482 2217 '0
2505 2165 2727 2234 Πατὴρ,
2756 2169 2790 2220 ό
2814 2165 3054 2236 πέμψας
3080 2185 3176 2237 με,
3206 2166 3416 2238 μείζων
3471 2184 3592 2236 μου

321 2257 486 2312 ἐστί’
517 2259 703 2331 διόπερ
744 2260 841 2331 οὐχ
867 2259 925 2312 ὃν
947 2258 1041 2312 νῦν
1067 2257 1285 2330 Πατέρα
1313 2257 1606 2329 καλοῦμεν,
1675 2257 2038 2330 ὑποὸάλοιμεν
2079 2257 2214 2330 (55),
2263 2259 2339 2323 ὼς
2374 2259 2583 2324 Κέλσος
2614 2262 2760 2332 ἡμᾶς
2810 2265 3163 2332 συκοφαντεῖ,
3195 2262 3274 2334 τῷ
3319 2258 3434 2331 Υἱῷ
3496 2259 3591 2312 τοῦ

322 2347 479 2404 Θεοῦ.

391 2445 548 2499 Μετὰ
601 2445 775 2500 ταῦτά
809 2465 973 2518 φησιν
1017 2450 1046 2502 6
1082 2447 1319 2511 Κέλσος·
1380 2448 1507 2500 Ὅτι
1547 2447 1614 2501 δὲ
1649 2449 1758 2502 οὐκ
1798 2446 1916 2502 ἀπὸ

320 2538 560 2592 σκοποῦ
609 2539 795 2593 ταῦτα
844 2539 1094 2605 δοξάζω,
1153 2537 1351 2594 αὐτῶν
1398 2539 1644 2594 ἐκείνων
1692 2540 1917 2609 φωναῖς

325 2629 625 2699 χρήσομαι
649 2645 664 2660 ·
693 2630 762 2683 ἐν
785 2628 898 2700 γάρ
937 2646 1055 2684 που
1101 2615 1476 2700 τῷόῠρανίῳ
1497 2631 1768 2701 ’διαλόγῳ
1799 2619 1913 2703 (56)

323 2721 400 2791 τῇ
427 2722 494 2776 δέ
521 2736 638 2777 που
669 2723 938 2793 λέγουσι,
970 2721 1168 2777 τοῖσδε
1185 2723 1310 2788 τοῖς
1322 2722 1591 2794 ῥήμασιν
1611 2740 1624 2754 ·
1651 2725 1719 2776 El
1743 2725 1915 2793 ἰσχυ-

320 2814 561 2882 ρότερός
596 2814 728 2868 ἐστι
761 2813 908 2868 Θεοῦ
962 2813 1114 2880 Υἱὸς,
1154 2815 1250 2868 καὶ
1290 2816 1503 2884 Κύριος
1528 2814 1713 2869 αὐτοῦ
1744 2814 1914 2868 ἐστιν

323 2908 358 2959 ό
388 2905 522 2970 Υἱὸς
551 2903 660 2957 τοῦ
692 2904 1004 2972 ἀνθρώπου
1031 2922 1042 2933 ·
1075 2905 1176 2958 καὶ
1232 2905 1322 2971 τίς
1364 2905 1553 2971 ἄλλος
1610 2906 1910 2973 κυριεύσει

323 2995 424 3049 τοῦ
448 2994 809 3063 κρατοῦντος
840 2993 988 3047 Θεοῦ
1005 3010 1024 3058 ;
1042 2994 1176 3061 Πῶς
1205 2996 1422 3048 πολλοὶ
1445 2997 1576 3063 περὶ
1608 2994 1675 3048 τὸ
1704 2995 1908 3064 φρέαρ,

324 3087 422 3141 καὶ
444 3087 644 3154 οὐδεὶς
666 3089 753 3152 εὶς
779 3086 844 3141 τὸ
878 3086 1102 3156 φρέαρς
1131 3087 1232 3140 Διὰ
1259 3088 1337 3150 τί,
1363 3087 1668 3155 τοσαύτην
1710 3088 1912 3141 ἀνύων

324 3179 490 3242 ὀδόν,
539 3179 798 3248 ἄτολμος
846 3175 932 3243 ei;
987 3177 1278 3233 Λανθάνει
1319 3193 1425 3233 σε·
1486 3179 1736 3247 πάρεστι
1802 3180 1915 3249 γάρ
1943 3199 1986 3258 c

319 3285 422 3338 μοι
473 3267 696 3335 θάρσος
728 3268 828 3321 καὶ
875 3268 1151 3339 μάχαιρα.
1212 3269 1410 3335 Οὕτως
1442 3271 1514 3324 οὐ
1547 3268 1704 3324 τοῦτ’
1743 3270 1915 3324 ἐστιν

325 3362 528 3428 αὐτοῖς
577 3361 641 3414 τὸ
681 3363 1071 3431 προκείμενον
1083 3380 1102 3427 ;
1162 3364 1274 3417 Τὸν
1323 3363 1432 3433 γὰρ
1475 3363 1916 3431 ὑπερουράνιον

326 3456 476 3510 Θεὸν
531 3453 723 3508 ἄλλον
771 3452 1060 3508 ὑπέθεντο
1109 3454 1319 3508 τούτου
1366 3444 1618 3523 Πατέρα,
1663 3457 1794 3523 περὶ
1843 3455 1916 3509 ὃν

325 3546 640 3616 συνῆλθον
691 3545 921 3611 σέϐειν,
962 3547 1166 3605 ἵνίἐπὶ
1225 3546 1602 3617 προσχήματι
1647 3548 1914 3618 μεγάλου

326 3640 475 3695 Θεοῦ
512 3639 746 3702 τοῦτον,
769 3641 842 3693 ὃν
856 3641 1241 3708 προΐστανται
1265 3639 1372 3693 τὸν
1405 3640 1543 3693 Υἰὸν
1566 3640 1669 3695 τοῦ
1694 3639 1914 3708 ἀνθρώ-

324 3747 464 3795 που,
520 3731 592 3784 ὃν
633 3731 1081 3802 ἀποφαίνουσιν
1131 3731 1516 3799 ἰσχυρότερον
1556 3731 1653 3786 καὶ
1695 3733 1913 3800 Κύριον

324 3821 431 3874 τοῦ
469 3819 830 3888 κρατοῦντος
859 3819 1028 3884 Θεοῦ,
1057 3821 1427 3888 θρησκεύουσι
1446 3822 1654 3890 μόνον.
1697 3822 1914 3874 Ἔνθεν

325 3913 530 3979 αὺτοῖς
585 3913 777 3968 ἐκεῖνο
818 3914 884 3968 τὸ
926 3914 1332 3984 παράγγελμα,
1366 3915 1432 3969 τὸ
1458 3915 1543 3985 μὴ
1599 3915 1914 3970 δουλεύειν

326 4005 434 4057 δύο
464 4006 688 4073 κυρίοις
713 4023 724 4034 ·
756 4008 832 4060 ἵν’
864 4009 902 4074 ἡ
931 4006 1149 4073 στάσις
1195 4007 1328 4076 περὶ
1373 4008 1482 4061 ἕνα
1536 4007 1751 4062 τοῦτον
1801 4027 1914 4078 59v-

325 4094 650 4164 λάσσηται.
698 4098 808 4151 Καὶ
846 4101 904 4151 ὲν
953 4097 1162 4162 τούτοις
1213 4098 1276 4169 δὴ
1322 4098 1503 4162 πάλιν,
1545 4099 1645 4152 οὐκ
1677 4094 1768 4152 οἷδ’
1804 4099 1910 4153 ἀπὸ

328 4189 485 4252 ποίας
515 4190 775 4262 αἱρέσεως
806 4189 1155 4262 ἁσημοτάτης
1185 4189 1356 4243 ταῦτα
1382 4189 1582 4256 λαϐὼν,
1613 4192 1746 4244 πᾶσι
1777 4193 1911 4262 Χρι-

329 4283 561 4344 στιανοῖς
595 4282 691 4335 ἀπ’
736 4280 914 4336 αὐτῶν
967 4281 1214 4349 ἐγκαλεῖ·
1263 4280 1406 4349 λέγω
1451 4281 1496 4334 δ’
1538 4282 1907 4353 ἁσημοτάτης,

325 4373 400 4436 ὡς
443 4373 562 4445 μηδ’
593 4376 723 4445 ἡμῖν
766 4369 936 4436 εἶναι,
969 4377 1083 4437 τοῖς
1117 4373 1374 4435 πολλάκις
1407 4374 1910 4444 ὲγγυμνασαμένοις

328 4464 462 4534 πρὸς
486 4467 612 4527 τοὺς
641 4464 747 4517 ἀπὸ
778 4463 886 4517 τῶν
918 4464 1184 4536 αἱρέσεων
1212 4506 1226 4530 ,
1262 4463 1500 4536 φανερὰν
1532 4464 1632 4536 τὴν
1655 4461 1902 4534 γνώμην,

2026 2446 2039 2462 ’·
2099 2441 2188 2497 15.
2216 2442 2306 2498 Sic
2340 2452 2527 2512 postea
2559 2442 2748 2499 Celsus
2774 2462 2788 2497 :
2818 2442 2889 2498 Ut
2918 2443 3028 2498 haec
3071 2461 3101 2498 a
3129 2460 3285 2514 scopo
3314 2462 3415 2500 non
3440 2451 3592 2502 aber-

2025 2550 2144 2588 rare
2184 2535 2530 2588 demonstrem
2555 2575 2569 2598 ,
2603 2545 2723 2589 utar
2753 2536 2965 2588 illorum
3007 2536 3239 2603 ipsorum
3272 2539 3436 2593 verbis
3460 2555 3481 2604 ;
3511 2541 3588 2594 ita

2021 2627 2157 2680 enim
2191 2627 2272 2692 illi
2316 2626 2511 2680 alicubi
2549 2629 2602 2681 in
2634 2627 2858 2698 Dialogo
2893 2625 3127 2681 caelesti:
3162 2626 3222 2682 Si
3263 2626 3437 2684 Filius
3477 2632 3591 2700 for-

2019 2719 2122 2770 tior
2164 2727 2239 2771 est
2285 2717 2392 2771 Deo
2421 2757 2437 2784 ,
2486 2729 2534 2772 et
2586 2719 2844 2774 Dominus
2887 2719 3002 2787 ejus
3065 2731 3143 2772 est
3197 2717 3368 2775 Filius
3427 2722 3588 2795 753

2017 2809 2277 2874 hominis,
2337 2811 2512 2879 ecquis
2562 2811 2701 2865 alius
2741 2810 2993 2865 Dominus
3067 2815 3166 2864 erit
3230 2812 3361 2878 Dei,
3431 2831 3587 2884 penes

2016 2917 2168 2970 quem
2203 2911 2320 2955 sunt
2351 2903 2570 2959 omnia?
2599 2903 2870 2967 Quomodo
2896 2904 3048 2958 multi
3077 2905 3217 2958 circa
3261 2916 3495 2973 puteum.
3541 2923 3588 2961 et

2019 2994 2196 3048 nullus
2251 2995 2304 3048 in
2347 3004 2562 3063 puteum
2610 2997 2909 3052 descendit?
2957 2995 3065 3050 Cur
3119 3007 3323 3052 tantum
3383 2999 3589 3053 itineris

2018 3098 2256 3137 emensus
2285 3085 2503 3138 timidus
2528 3086 2624 3139 es?
2653 3086 2840 3149 Erras,
2866 3086 3011 3141 adest
3045 3089 3181 3141 enim
3211 3089 3340 3141 milii
3363 3091 3589 3144 audacia

2018 3185 2063 3228 et
2084 3174 2312 3245 gladius.
2334 3173 2521 3231 Nonne
2542 3178 2662 3232 inde
2681 3180 2836 3247 liquet
2861 3179 2956 3234 hoc
2973 3179 3082 3233 illis
3105 3196 3215 3234 esse
3229 3182 3544 3250 propositum
3565 3186 3592 3240 τ

2020 3262 2232 3319 Ponuut
2259 3267 2398 3320 enim
2424 3266 2587 3321 Deum
2613 3268 2776 3322 alium
2792 3271 2882 3338 qui
2900 3287 3059 3338 supra
3091 3272 3245 3325 cie/os
3263 3282 3338 3325 est
3372 3271 3588 3327 Patrem

2017 3373 2127 3412 esse
2154 3358 2324 3424 istius,
2359 3375 2510 3428 quem
2540 3363 2779 3415 unanimi
2824 3379 3082 3416 consensu
3125 3361 3324 3430 colunt,
3386 3374 3444 3418 ut
3494 3369 3588 3420 sub

2015 3450 2181 3518 specie
2203 3452 2380 3521 magni
2400 3451 2494 3504 Dei
2515 3451 2691 3505 colant
2714 3455 2851 3506 hunc
2880 3453 3082 3507 Filium
3115 3455 3360 3521 hominis,
3387 3459 3470 3510 cui
3487 3463 3590 3526 pri-

2015 3557 2127 3594 mas
2152 3543 2302 3606 dant,
2331 3559 2581 3614 quemque
2610 3542 2876 3611 afﬁrmant
2907 3542 3175 3612 fortiorem
3213 3544 3320 3598 Deo
3350 3537 3458 3601 esse
3493 3552 3586 3616 qni

2016 3633 2147 3700 regit
2173 3635 2374 3697 omnia,
2406 3651 2525 3688 cum
2554 3635 2670 3702 ejus
2692 3634 2758 3687 sit
2789 3633 3064 3689 Dominus.
3111 3638 3279 3704 Atque
3303 3637 3426 3691 hinc
3451 3640 3586 3693 illud

2015 3741 2195 3778 eorum
2229 3736 2567 3795 praeceptum,
2590 3727 2793 3780 duobus
2837 3727 3065 3782 dominis
3097 3744 3201 3784 non
3231 3745 3342 3785 esse
3362 3733 3592 3787 servien-

2014 3820 2160 3884 dum,
2217 3831 2273 3874 ut
2315 3819 2474 3890 factio
2503 3821 2648 3875 circa
2697 3822 2838 3875 hunc
2891 3839 3054 3876 unum
3105 3837 3356 3882 servetur.
3395 3827 3460 3882 Et
3499 3829 3588 3884 hic

2015 3909 2210 3965 iterum
2246 3911 2299 3965 in
2334 3911 2676 3968 Christianos
2701 3927 2889 3968 omnes
2914 3913 3130 3970 confert
3153 3931 3272 3986 qua:
3301 3933 3367 3972 ex
3401 3923 3590 3974 nescio

2015 4019 2119 4072 qua
2145 4004 2527 4061 obscurissima
2553 4005 2742 4060 bteresi
2773 4005 3121 4076 deprompsit.
3159 4007 3588 4067 Obcurissimam

2013 4095 2168 4161 dico;
2201 4111 2344 4164 nam,
2369 4097 2614 4168 quamvis
2643 4111 2786 4167 saepe
2809 4113 2930 4152 cum
2991 4099 3265 4156 luereticis
3289 4103 3587 4158 conﬂictati

2012 4185 2300 4252 fuerimus,
2341 4189 2500 4244 nobis
2537 4200 2716 4244 tamen
2750 4198 2852 4244 no‘n
2882 4189 3054 4258 liquet
3082 4208 3148 4247 ex
3179 4209 3280 4262 qua
3316 4199 3587 4250 sententia

2011 4277 2345 4333 Celsushazc
2375 4281 2774 4349 desumpserit;
2833 4283 2878 4338 si
2931 4293 3124 4337 tamen-
3159 4285 3484 4356 desumpsit,
3533 4300 3589 4340 et

2009 4382 2115 4422 non
2147 4369 2326 4438 potius
2353 4370 2638 4437 conﬁnxit,
2657 4382 2748 4425 aut
2767 4373 2921 4442 quasi
2945 4375 3338 4442 consequentia
3359 4377 3587 4438 addidit.

2007 4459 2115 4515 Nos
2149 4462 2294 4516 enim
2317 4463 2406 4531 qui
2453 4462 2680 4518 dicimus
2713 4466 2875 4519 etiam
2916 4466 3179 4521 mundum
3229 4469 3372 4524 hunc
3401 4474 3580 4526 sensi-

324 4556 417 4626 ἀφ’
445 4551 512 4628 ἦς
536 4554 708 4610 ταῦτα
730 4558 758 4609 6
782 4556 983 4619 Κέλσος
1017 4554 1236 4628 εἴληφεν
1255 4574 1268 4586 ο
1302 4555 1440 4625 εἴγε
1470 4553 1678 4624 εἴληφε,
1711 4555 1803 4606 καὶ⁵
1831 4553 1905 4625 μὴ

2019 4550 2174 4606 bilem
2195 4552 2313 4622 ejus
2340 4568 2462 4608 esse
2477 4553 2567 4622 qui
2589 4555 2831 4610 condidit
2866 4557 3072 4623 omnia,
3091 4557 3239 4614 clare
3270 4562 3590 4629 profitemur

326 4645 659 4712 ἀνέπλασεν,
699 4647 730 4718 ἢ
773 4646 1129 4718 ἁκολοῦθησιν
1175 4647 1501 4719 προσέθηκε.
1555 4646 1750 4716 Σαφῶς
1802 4646 1908 4717 γὰρ

325 4739 505 4807 ἡμεῖς,
537 4739 586 4791 οἱ
610 4737 858 4807 λέγοντες
890 4738 983 4791 τοῦ
1020 4739 1196 4793 πάντα
1242 4738 1521 4802 κτίσαντος
1561 4739 1654 4791 καὶ
1691 4738 1783 4791 τὸν
1824 4740 1908 4792 αἰ-

332 4826 521 4898 σθητὸν
549 4830 750 4901 κόσμον
778 4827 934 4895 εἶναι,
965 4831 1142 4902 φαμὲν
1168 4831 1257 4884 τὸν
1289 4830 1414 4884 Υἱὸν
1436 4831 1536 4884 οὐκ
1559 4831 1905 4901 ἰσχυρότερον

329 4916 424 4969 τοῦ
449 4917 682 4989 Πατρὸς,
712 4919 826 4973 ἀλλ’
866 4919 1268 4992 ὑποδεέστερον.
1309 4921 1418 4974 Καὶ
1448 4919 1606 4973 τοῦτο
1651 4919 1900 4990 λέγομεν,

405 5071 448 5102 ¹³
472 5069 627 5126 Joan.
670 5087 780 5137 xw,
805 5073 896 5127 27.
939 5073 984 5104 ¹¹⁶
1006 5073 1163 5131 Joan.
1189 5090 1304 5141 xvn,
1329 5075 1419 5131 55.
1497 5075 1543 5107 ¹⁵
1574 5074 1734 5130 Joan.
1769 5093 1880 5143 xiv,
1906 5075 1998 5135 28.

405 5226 660 5302 (50)-αὴ
708 5229 1182 5302 ὁμολογοῦντων.
1224 5230 1574 5302 Marcionilas
1627 5231 1896 5302 intelligit.

333 5299 468 5358 Vide
510 5299 601 5353 lib.
648 5313 737 5363 vr,
771 5313 920 5351 num.
949 5299 1040 5366 55,
1078 5309 1132 5354 et
1182 5301 1560 5354 adnotatioues
1598 5304 1664 5354 ad
1714 5299 1820 5356 Iib.‘
1846 5319 1897 5369 γ,

309 5370 713 5512 ίῃυὶἓίξῖἰὴι).
743 5446 900 5494 antea
936 5438 1066 5493 editi
1107 5440 1162 5496 in
1213 5448 1362 5496 textu
1397 5440 1620 5505 habent,
1652 5456 1896 5512 προσπο-

329 5512 698 5584 λεμίήσαντας·

404 5580 519 5652 (ὕῖὲ)
563 5583 898 5646 Haescbelins
925 5582 977 5634 in
1009 5589 1178 5646 textu,
1205 5580 1378 5652 ἔχετε.

403 5651 519 5722 (53)
569 5655 758 5707 Ἔστω
787 5651 854 5707 δέ
884 5667 1071 5720 τινας,
1095 5663 1201 5708 etc.
1234 5651 1362 5707 Vide
1390 5651 1694 5721 Origeuian.
1723 5653 1816 5710 lib.
1838 5669 1897 5722 ιι,

338 5734 526 5864 ςυὲῗί
550 5724 678 5850 Ξἳῖὸν
726 5793 1014 5867 μέγιστον
1062 5796 1160 5852 ἐπὶ
1235 5793 1383 5852 πᾶσι
1413 5795 1578 5849 Θεόν.
1623 5795 1696 5850 Ita
1735 5795 1898 5852 codd.

2019 4643 2213 4698 Filium
2245 4660 2350 4700 non
2378 4660 2496 4702 esse
2529 4647 2808 4705 fortiorem
2831 4649 3009 4716 Patre,
3038 4651 3130 4706 sed
3159 4651 3503 4722 inferiorem;
3534 4667 3590 4711 ct

2020 4737 2070 4790 id
2100 4737 2329 4794 dicimus
2352 4737 2506 4792 [idem
2526 4739 2788 4796 habentes
2802 4742 2849 4796 ei
2880 4741 3111 4796 dicenti:
3157 4739 3320 4797 Pater
3337 4747 3423 4814 qui
3449 4751 3588 4799 misit

2014 4846 2114 4894 me,
2152 4831 2326 4900 major
2372 4847 2451 4884 me
2506 4841 2620 4896 est;
2653 4845 2825 4899 neque
2869 4833 3154 4902 quisquam
3210 4845 3456 4889 nostrum
3514 4837 3588 4890 ita

2013 4923 2259 4991 stupidus
2289 4932 2371 4978 est
2401 4932 2460 4977 ut
2497 4924 2642 4978 dicat
2665 4923 2858 4979 Filium
2893 4925 3126 4982 hominis
3145 4940 3265 4982 esse
3294 4927 3388 4984 Dei
3418 4929 3591 4986 domi-

2009 5233 2166 5304 Reg.,
2203 5235 2368 5291 Basil.
2425 5248 2480 5294 et
2520 5240 2851 5307 Anglicanus
2900 5240 3198 5307 secundus;
3242 5240 3364 5297 libri
3406 5248 3579 5298 autem

2006 5307 2157 5366 editi,
2187 5307 2279 5360 τὸν
2313 5310 2407 5362 ἐπὶ
2441 5312 2574 5364 πᾶσι
2607 5311 2759 5365 Θεόν.
3230 5333 3235 5339 ·

2078 5377 2191 5450 (55)
2235 5380 2506 5453 Ηιεεοιιοι.
2537 5383 2590 5435 in
2627 5395 2796 5453 textu.
2827 5383 3206 5453 ὑπολάϐοιμεν.
3247 5379 3366 5433 Mox
3417 5381 3577 5435 codd.

2007 5444 2143 5522 Reg.
2173 5444 2235 5502 "et
2277 5449 2625 5516 Basileensis,
2667 5452 2742 5522 ὡς
2793 5453 3000 5515 Κέλσος
3049 5444 3194 5522 ἡμᾶς
3229 5453 3577 5522 συκοφαντεῖ.

2007 5515 2158 5571 Libb.
2188 5533 2348 5574 antea
2371 5522 2524 5584 editi,
2543 5515 2618 5584 ὡς
2642 5521 2853 5584 Κέλσος
2876 5524 3020 5592 ἡμᾶς
3046 5515 3397 5593 συκοφαντῶν
3425 5536 3575 5593 φησι,

2002 5599 2055 5640 et
2095 5603 2190 5656 pro
2220 5607 2374 5659 φησι,
2407 5593 2474 5644 ad
2505 5593 2800 5659 marginem
2839 5591 3059 5650 habent,
3090 5591 3260 5659 λέγει.

2071 5659 2186 5727 (56)
2233 5662 2500 5729 Οὑρανίῳ
2527 5662 2810 5730 Διαλόγῳ.
2843 5662 2971 5715 Vide
3004 5662 3095 5715 lib.
3125 5679 3199 5728 γι,
3234 5676 3380 5717 num.
3406 5662 3497 5730 55,
3523 5675 3583 5723 ei

2003 5729 2380 5786 adnmatioues
2408 5735 2475 5786 ad
2513 5731 2606 5785 lib.
2639 5747 2687 5796 ν,
2716 5729 2873 5791 num.
2900 5735 2988 5790 54.
