3972 6160
491 270 642 326 ἳΞῖθ

1978 262 2307 319 ORIGENIS

3610 271 3757 326 I540

495 405 646 444 num.
711 389 814 455 Sed
876 405 995 444 cum
1043 388 1376 444 Salvatorem
1421 397 1732 457 spectamus
1784 395 1842 442 ut
1883 388 2052 442 Deum

2162 384 2306 454 αὐτῷ
2337 384 2643 455 πειθόμενοι
2687 385 2892 439 εἰπόντι
2938 385 3030 440 τό·
3065 387 3128 441 '0
3169 387 3392 457 Πατὴρ,
3434 392 3467 443 ὀ
3505 389 3760 458 πέμψας

500 481 756 544 Vorbnm,
789 483 1131 548 sapientiam,
1158 481 1441 550 justitiam,
1469 481 1776 545 veritatem,
1816 488 1929 533 tum
1974 481 2059 532 di-

491 574 672 627 cimus
704 573 849 626 illum
871 573 1155 642 imperium
1178 574 1379 627 habere
1423 572 1475 626 in
1499 573 1679 625 omnia
1699 572 1798 626 sibi
1822 569 2059 637 subjecta

499 665 600 717 hoc
655 665 905 730 nomine;
956 680 1061 719 non
1093 679 1220 718 vero
1247 665 1408 718 etiam
1443 664 1494 716 in
1531 665 1697 717 Deum
1739 673 1795 717 et
1840 661 2058 716 Patrem

493 756 588 824 qui
619 756 670 808 in
703 755 874 824 ipsum
913 756 1194 824 imperium
1223 757 1401 810 habet.
1423 755 1687 822 Quoniam
1716 773 1846 814 vero
1879 759 2059 814 invitis

498 864 600 900 non
624 847 927 902 dominatur
955 848 1207 913 Verbum,
1233 857 1410 903 etnon
1430 849 1601 903 solum
1627 850 1766 903 inter
1791 851 2054 914 homines,

495 941 590 991 sed
617 939 779 993 etiam
826 939 965 993 inter
1001 941 1225 1008 angelos
1256 940 1499 993 nonnulli
1541 949 1670 993 sunt
1710 943 1885 996 adhuc
1933 943 2058 997 mali

482 1030 691 1098 «quibus
728 1031 1052 1086 accensendi
1107 1041 1234 1085 sunt
1265 1045 1452 1086 omnes
1487 1031 1782 1097 daemones,
1831 1033 2060 1088 dicimus

501 1125 735 1178 Verbum
760 1125 878 1178 istis
897 1123 1132 1178 nondum
1151 1125 1438 1189 dominari,
1458 1126 1723 1195 siquidem
1745 1129 2060 1196 nonjsponte

496 1219 570 1271 illi
599 1233 655 1272 se
687 1216 1008 1284 subjiciunt:
1043 1233 1350 1287 quanquam
1381 1219 1488 1273 alio
1531 1235 1689 1273 sensu
1719 1220 1880 1286 hujus
1907 1219 2059 1274 vocis

495 1311 775 1376 dominari,
801 1309 905 1363 illis
931 1311 1270 1370 dominatur;
1311 1313 1377 1364 ad
1407 1325 1529 1365 eum
1562 1310 1678 1365 fere
1704 1313 1921 1365 modum
1951 1328 2060 1380 quo

495 1403 724 1456 dicimus
755 1403 1024 1457 hominem
1051 1403 1236 1457 bestiis
1273 1403 1566 1468 dominari,
1589 1405 1835 1471 quamvis
1851 1408 1930 1458 eis
1953 1422 2057 1457 non

494 1496 801 1549 dominetur
827 1495 1222 1562 persuadendo,
1257 1505 1310 1550 et
1340 1496 1404 1548 ad
1442 1510 1563 1548 eum
1610 1499 1828 1549 modum
1855 1512 1960 1564 quo
2007 1498 2056 1549 in

493 1588 755 1655 quosdam
789 1586 972 1639 leones
1006 1597 1054 1641 et
1083 1585 1324 1652 iumenta
1362 1588 1646 1653 imperium
1670 1589 1878 1642 obtinet
1901 1590 1945 1640 is
1968 1591 2056 1657 qui

496 1678 584 1730 illa
613 1677 817 1730 domuit
858 1688 910 1730 et
943 1676 1351 1730 condoccfecit:
1389 1686 1760 1730 verumtamen
1815 1678 1945 1730 nihil
1979 1680 2062 1731 in-

496 1777 756 1823 tentatum
784 1768 1056 1837 relinquit,
1078 1779 1134 1820 nt
1172 1768 1274 1820 sibi
1300 1784 1404 1820 non
1443 1769 1804 1836 obsequentes
1836 1785 2057 1840 persua-
2089 1751 2132 1804 Β

491 1861 618 1914 deat
645 1869 699 1914 et
731 1875 828 1914 suo
861 1859 1090 1926 imperio
1125 1859 1336 1913 subdat.
1367 1858 1440 1912 Ex
1477 1861 1632 1914 nobis
1662 1860 1823 1928 igitur
1862 1861 2055 1913 falsum

483 1963 576 2006 est
615 1953 716 2008 hoc
743 1953 883 2021 quod
920 1952 1108 2007 Celsus
1135 1952 1286 2020 quasi
1317 1968 1481 2004 unum
1518 1968 1547 2005 e
1602 1952 2058 2021 nostrisdogina-

493 2045 637 2097 tibus
665 2043 909 2097 adducit:
942 2041 1133 2107 Ecquis
1167 2042 1303 2096 alius
1329 2044 1570 2096 dominus
1609 2045 1708 2097 erit
1749 2042 1882 2112 ejus,
1905 2061 2057 2112 penes

489 2153 639 2200 quem
667 2147 782 2190 sunt
807 2136 1019 2190 omnia?

563 2226 648 2282 16.
682 2227 880 2280 Deinde
911 2242 1018 2292 res,
1046 2227 1263 2295 Opinor,
1285 2241 1473 2281 rursus
1498 2225 1833 2282 confundens
1855 2241 1921 2282 ex
1949 2229 2056 2284 alia

492 2319 682 2373 liceresi
700 2328 976 2373 mutuatur
996 2321 1166 2373 istud:
1192 2319 1464 2384 Quomodo
1482 2319 1634 2372 multi
1655 2321 1793 2373 circa
1820 2332 2054 2388 puteum,

472 2425 537 2464 ,ει
568 2413 743 2466 nullus
787 2413 838 2466 in
860 2421 1071 2480 puteum
1101 2414 1408 2467 descendit?
1443 2412 1507 2467 Et
1540 2413 1677 2467 hoc:
1718 2411 1824 2467 Cur
1851 2424 2054 2468 tantum

490 2507 694 2558 itineris
711 2521 946 2560 emensus
974 2506 1189 2559 timidus
1222 2510 1314 2561 es?
1334 2524 1514 2571 erras;
1543 2518 1629 2561 et:
1656 2504 1746 2560 Est
1770 2509 1904 2560 enim
1929 2509 2055 2563 mihi

491 2593 717 2645 audacia
744 2604 788 2646 et
820 2594 1049 2662 gladius.
1083 2595 1322 2660 Quorum
1352 2596 1484 2650 nihil
1521 2613 1636 2660 nos,
1663 2597 1751 2666 qui
1781 2598 1846 2650 ad
1880 2599 2057 2653 Eccle-

476 2702 624 2739 Nam
667 2702 696 2740 a
728 2686 844 2741 solo
887 2688 1104 2742 Christo
1153 2705 1343 2742 nomen
1380 2690 1666 2744 habentem
1697 2693 2051 2760 pertinemus,

493 2795 678 2832 \erum
708 2793 829 2834 esse
878 2779 1128 2834 dicimus.
1160 2781 1284 2834 Ilaec
1316 2782 1569 2850 prail'atus
1613 2783 1758 2835 addit
1798 2799 1918 2852 qua:
1951 2785 2053 2838 sibi

476 2872 767 2925 existimat
789 2885 907 2925 esse
923 2885 1309 2937 consentanea,
1343 2875 1436 2926 sed
1465 2890 1581 2941 qua:
1599 2875 1729 2928 nihil
1768 2877 1834 2928 ad
1867 2889 2056 2931 nosat—

493 2965 682 3018 tinent.
703 2963 864 3018 Nobis
880 2968 1018 3020 enim
1035 2965 1196 3037 754¹
1211 2967 1540 3035 propositum
1553 2978 1629 3022 εει
1651 2984 1752 3022 non
1766 2971 2052 3038 quemdam

2156 495 2253 548 με,
2288 477 2497 546 μείζων
2517 495 2636 546 μου
2663 477 2813 530 ἐστι.
2856 479 2964 531 Καὶ
3003 477 3180 542 οὐδεὶς
3230 479 3387 550 ἡμῶν
3435 480 3609 544 οὓτως
3651 483 3759 551 ἐμ-

2161 570 2450 641 ϐρόντητός
2494 572 2668 631 ἐστιν,
2707 568 2782 631 ὡς
2822 567 3033 637 λέγειν’
3087 569 3289 642 Κύριός
3333 573 3450 624 ἐστι
3485 571 3580 624 τοῦ
3613 569 3754 625 Θεοῦ

2159 663 2188 714 ὁ
2215 661 2338 724 Υἱὸς
2363 661 2454 712 τοῦ
2483 659 2786 730 ἀνθρώπου.
2832 660 3066 730 Κρατεῖν
3091 659 3147 712 δέ
3188 678 3366 730 φαμεν
3394 662 3484 713 τὸν
3518 661 3756 732 Σωτῆρα

2163 752 2415 822 μάλιστα,
2442 753 2528 804 ὅτε
2559 752 2668 822 (57)
2702 751 2928 822 νοοῦμεν
2961 753 3122 804 αὑτὸν
3152 751 3284 804 Θεὸν
3311 753 3502 820 Λόγον,
3537 755 3632 806 καὶ
3661 769 3756 806 σο⁴

2160 844 2308 913 φίαν,
2357 846 2450 897 καὶ
2497 845 2867 917 δικαιοσύνην,
2908 847 3000 899 καὶ
3031 843 3323 915 ἀλήθειαν,
3375 846 3591 898 πάντων
3650 845 3756 915 μὲν

2159 937 2266 990 τῷν
2295 938 2750 1008 ὑποτεταγμένων
2781 939 2950 1009 αὐτῷ,
2985 937 3120 990 καθὸ
3187 936 3360 990 ταῦτά
3409 937 3522 1007 (58)
3557 938 3711 990 ἐστιν
3733 955 3749 967 ⁸

2159 1029 2271 1082 ἀλλ’
2304 1029 2422 1099 οὐχὶ
2457 1030 2548 1082 καὶ
2575 1030 2666 1082 τοῦ
2709 1030 3038 1102 κρατοῦντος
3073 1029 3234 1082 αὑτὸν
3266 1028 3375 1100 (59)
3407 1029 3622 1101 Πατρός
3654 1029 3752 1083 καὶ

2159 1121 2311 1174 Θεοῦ.
2333 1117 2443 1173 Εἶτ’
2470 1122 2588 1174 ἐπεὶ
2610 1122 2709 1174 οὐκ
2741 1122 2979 1176 ἀκόντων
3000 1122 3172 1190 Λόγος
3199 1124 3408 1192 κρατεῖ,
3445 1123 3552 1174 εἰσὶ
3573 1121 3632 1173 δέ
3661 1138 3750 1172 τι-

2158 1231 2247 1278 νες
2276 1215 2353 1267 ἔτι
2381 1215 2665 1282 φαῦλοι,οὺ
2701 1216 2858 1286 μόνον
2891 1217 3184 1287 ἅνθρωποι,
3220 1215 3355 1269 ἀλλὰ
3389 1216 3482 1269 καὶ
3499 1216 3749 1284 ἄγγελοι,

2159 1307 2253 1359 xui.
2294 1308 2489 1370 πάντες
2534 1308 2815 1378 δαίμονες’
2854 1309 3056 1362 τούτων
3090 1309 3270 1378 φαμὲν
3306 1309 3464 1362 αὑτὸν
3502 1310 3574 1378 μὴ
3617 1327 3756 1379 κρα-

2159 1403 2268 1453 τεῖν
2301 1400 2396 1469 μέν
2437 1417 2546 1463 πω,
2598 1400 2718 1452 ἐπεὶ
2757 1401 2829 1471 μὴ
2870 1401 3088 1464 ἑκόντες
3128 1401 3362 1453 εἴκουσιν
3407 1400 3582 1470 αὐτῷ·
3622 1405 3748 1452 κατ’

2159 1487 2285 1540 ἄλλο
2314 1487 2368 1539 δὲ
2402 1490 2794 1559 σημαινόμενον
2817 1489 2910 1542 τοῦ
2934 1491 3189 1558 κρατεῖν,
3217 1491 3310 1545 καὶ
3331 1491 3507 1543 αὐτῶν
3525 1497 3744 1560 κρατεῖ,

2158 1581 2232 1643 ὡς
2252 1581 2359 1634 τῶν
2381 1581 2588 1650 ἀλόγων
2613 1582 2765 1646 ζώων
2787 1583 2962 1653 φαμὲν
2979 1585 3068 1637 τὸν
3083 1583 3367 1655 ἄνθρωπον
3385 1587 3625 1655 κρατεῖν,
3645 1586 3746 1654 οὐχ

2161 1675 2502 1741 ὑποτάξαντα
2554 1676 2732 1727 αὐτῶν
2764 1675 2822 1727 τὸ
2855 1677 3196 1747 ἡγεμονικὸν,
3249 1677 3324 1742 ὡς
3384 1677 3746 1738 cilius-555m;

2163 1771 2353 1836 κρατεῖ
2366 1786 2524 1821 τινων
2545 1767 2770 1821 λεόντων
2788 1769 2879 1822 καὶ
2903 1769 3114 1839 κτηνῶν
3129 1769 3544 1839 δεδαμασμένων
3563 1786 3576 1798 ·
3604 1769 3746 1838 πλὴν

2163 1859 2338 1911 πάντα
2367 1863 2528 1924 ποιεῖ,
2566 1861 2649 1913 ἵνα
2680 1861 2770 1913 καὶ
2802 1862 2926 1924 τοὺς
2955 1862 3070 1913 νυνὶ
3104 1863 3175 1933 μὴ
3210 1861 3556 1931 πειθομένους
3591 1861 3745 1930 αὐτῷ

2161 1950 2352 2014 πείσας
2381 1953 2629 2026 κρατήσῃ
2655 1953 2748 2005 καὶ
2778 1952 2973 2005 αὐτῶν.
3005 1953 3142 2005 Καθ’
3168 1955 3313 2024 ἡμᾶς
3335 1950 3426 2008 οῦν
3462 1953 3658 2023 ψεῦδος
3680 1956 3747 2007 τὸ

2161 2041 2264 2094 ὑπὸ
2285 2042 2377 2095 τοῦ
2401 2044 2608 2096 Κέλσου
2629 2044 2938 2114 λεγόμενον,
2962 2045 3034 2110 ὡς
3053 2046 3140 2113 ὑφ’
3162 2045 3314 2116 ἡμῶν
3332 2046 3751 2117 ἀπαγγελλόμε-

2160 2149 2268 2197 νον,
2294 2137 2375 2199 τδ,
2396 2135 2489 2201 Τίς
2508 2135 2698 2202 ἄλλος
2717 2138 3015 2204 κυριεύσει
3045 2137 3148 2190 τοῦ
3178 2138 3535 2204 κρατοῦντος
3556 2139 3705 2193 Θεοῦ
3725 2157 3747 2204 ;

2231 2221 2363 2288 Εἶτ’,
2419 2222 2604 2295 οἶμαι,
2665 2229 2825 2280 πάλιν
2889 2227 3072 2297 φύρων
3130 2232 3202 2283 τὰ
3256 2230 3578 2299 πράγματα,
3633 2232 3750 2285 ἀπὺ

2158 2317 2322 2388 ἄλλης
2338 2319 2595 2390 αἱρέσεως
2616 2320 2768 2390 φέρει
2795 2320 2875 2372 τό·
2903 2320 3034 2386 Πῶς
3057 2321 3270 2374 πολλοὶ
3294 2323 3424 2389 περὶ
3443 2323 3509 2375 τὸ
3532 2324 3746 2391 φρέαρ,

2158 2407 2257 2461 καὶ
2289 2408 2486 2476 οὐδεὶς
2515 2413 2602 2476 εὶς
2630 2410 2696 2464 τὸ
2721 2416 2941 2480 φρέαρ;
2967 2411 3062 2463 xut
3097 2411 3173 2463 τό·
3217 2411 3316 2464 Διὰ
3347 2413 3398 2464 εἰ
3441 2415 3752 2479 τοσαύτην

2156 2501 2357 2554 ἀνύων
2401 2502 2580 2567 ὀδόν,
2616 2501 2868 2570 ἄτολμος
2898 2499 2991 2566 εἷ;
3032 2502 3320 2557 Λανθάνει
3366 2521 3438 2556 σε
3462 2520 3475 2532 °
3524 2505 3617 2556 καὶ
3659 2508 3752 2567 τὸ,

2157 2593 2414 2659 Πάρεστι
2453 2592 2564 2662 γάρ
2609 2611 2710 2663 μοι
2743 2593 2963 2661 θάρσος
2998 2595 3091 2648 καὶ
3127 2594 3404 2663 μάχαιρα·
3437 2592 3536 2649 Ὧν
3579 2599 3746 2666 ἡμεῖς

2155 2685 2328 2748 οὐδὲν,
2376 2685 2425 2738 οἱ
2473 2685 2579 2738 ἀπὸ
2623 2685 2722 2754 τῆς
2769 2684 3056 2754 ἐπωνύμου
3114 2686 3345 2756 Χριστοῦ
3417 2687 3746 2757 Ἑκκλησίας

2159 2779 2340 2849 μόνου,
2371 2779 2548 2846 φαμὲν
2584 2773 2722 2830 εἶναι
2745 2778 2960 2848 ἀληθές.
2991 2778 3176 2831 Ταῦτα
3205 2779 3266 2849 δὴ
3297 2779 3568 2849 προειπὼν
3593 2780 3751 2833 δοκεί

2157 2869 2428 2923 ἀκόλουθα
2477 2869 2651 2941 ἑαυτῷ
2686 2870 2894 2938 λέγειν,
2932 2870 3002 2922 τὰ
3040 2871 3190 2923 οὐδὲν
3226 2872 3351 2924 ὄντα
3393 2871 3526 2942 πρὸς
3569 2874 3746 2942 ἡμᾶς.

2167 2961 2325 3032 Ἡμῖν
2357 2963 2453 3032 μὲν
2485 2963 2592 3032 γὰρ
2629 2963 2688 3015 τὸ
2724 2963 3088 3033 προκείμενόν
3120 2965 3264 3015 ἐστιν
3303 2965 3398 3017 οὐκ
3435 2965 3494 3027 ἐξ
3542 2966 3747 3018 ὑποθέ-

487 3058 668 3111 colere
702 3059 865 3111 Deum
897 3074 1054 3127 quem
1092 3074 1536 3126 supponeremus,
1566 3061 1658 3114 sed
1689 3063 1919 3130 emnqui
1953 3063 2053 3116 hoc

2162 3055 2292 3118 σεώς
2337 3072 2456 3108 τινα
2498 3055 2672 3108 σέϐειν
2700 3055 2830 3108 Θεὸν
2854 3096 2868 3119 ,
2907 3055 3041 3108 ἀλλὰ
3081 3055 3170 3107 τὸν
3221 3055 3372 3108 τοῦδε
3410 3055 3500 3109 τοῦ
3542 3057 3746 3120 παντὸς

493 3151 800 3202 universum
842 3150 1083 3202 condidit
1124 3160 1179 3202 et
1235 3149 1498 3216 quidquid
1557 3166 1658 3204 nec
1689 3153 1920 3206 sentitur
1955 3170 2053 3208 nec

493 3249 844 3294 monstratur.
899 3239 1145 3293 Viderint
1192 3240 1286 3303 illi,
1337 3244 1426 3308 qui
1455 3241 1596 3294 viam
1624 3242 1784 3294 aliam
1815 3244 2055 3313 aliasque

492 3333 716 3385 semitas
746 3331 1148 3397 ingrediuntur,
1179 3331 1376 3398 quique
1397 3334 1540 3386 hunc
1569 3345 1854 3400 negantes,
1889 3336 2053 3390 alium

495 3437 683 3476 recens
707 3423 993 3475 conlictum
1024 3430 1077 3474 et
1098 3421 1316 3476 nomine
1349 3432 1558 3477 tantum
1601 3425 1765 3479 Deum
1799 3440 2055 3482 veneran-

495 3529 581 3568 tur
605 3515 763 3584 quasi
815 3515 1095 3568 conditore
1138 3517 1593 3585 praestantiorem,
1621 3527 1676 3573 et
1706 3518 1750 3572 si
1787 3521 1877 3588 qui
1929 3533 2055 3576 sunt

494 3610 584 3660 alii
620 3609 710 3678 qui
743 3608 927 3662 dicant
965 3607 1160 3662 Filium
1210 3608 1488 3662 fortiorem
1524 3625 1646 3665 esse
1681 3621 1738 3665 et
1777 3612 2053 3667 dominum

493 3703 608 3770 «με
650 3715 816 3770 penes
845 3715 1004 3771 quem
1034 3713 1159 3756 sunt
1183 3701 1383 3754 omnia.
1404 3701 1554 3767 Quod
1584 3715 1792 3771 spectat
1816 3704 1883 3757 ad
1912 3705 2052 3758 istud

495 3803 841 3861 pt‘;t:cepllllll,
879 3807 981 3846 non
1031 3793 1240 3848 duobus
1265 3793 1501 3848 dominis
1534 3797 1876 3849 serviendum
1913 3811 2052 3860 esse,

484 3889 595 3953 jam
629 3888 863 3940 diximus
892 3888 1019 3956 quid
1040 3902 1106 3942 ea
1130 3889 1194 3940 de
1222 3903 1278 3940 re
1308 3887 1461 3942 nobis
1503 3890 1786 3942 videatur:
1825 3906 1946 3945 cum
1975 3891 2055 3944 vi-

492 3979 688 4032 delicet
725 3979 1061 4033 ostendimus
1084 3979 1268 4033 Jesum
1302 3990 1356 4034 et
1389 3980 1670 4035 Dominum
1701 3983 1902 4035 nullam
1934 3996 2054 4037 esse

492 4070 770 4125 seditionis
807 4086 1024 4124 causam
1053 4071 1177 4137 illis,
1212 4073 1302 4140 qui
1336 4087 1498 4141 supra
1531 4088 1747 4126 omnem
1776 4075 2051 4128 dominum

486 4163 702 4232 erigere
732 4177 790 4218 se
815 4164 1146 4232 profitentes,
1169 4167 1268 4218 soli
1301 4165 1378 4218 illi
1412 4167 1636 4220 Domino
1663 4168 1930 4234 serviunt,
1960 4171 2051 4239 qui

493 4253 762 4310 DeiFilius
794 4266 848 4310 et
876 4255 1108 4310 Verbum
1143 4266 1246 4310 est.

564 4348 652 4402 Π.
696 4349 822 4403 Post
863 4349 975 4403 haec
1004 4349 1306 4415 aitCelsus,
1342 4367 1434 4403 nos
1465 4352 1528 4402 ab
1575 4352 1858 4415 altaribus,
1890 4351 2048 4422 755

2165 3149 2256 3201 xui.
2282 3148 2440 3200 ἄλλου
2487 3146 2793 3201 οὑτινοσοῦν
2829 3147 3184 3218 μὴάἰσθητοῦ
3223 3149 3352 3218 μηδὲ
3389 3148 3742 3220 δεικνυμένου

2155 3241 2503 3309 δημιουργόν.
2533 3240 2779 3292 Εἴσονται
2821 3240 2876 3292 δὲ
2912 3241 2960 3291 οἱ
3000 3239 3162 3308 ἀλλην
3192 3239 3306 3291 ὁδὸν
3341 3241 3434 3292 καὶ
3470 3241 3604 3294 ἄλλα
3648 3241 3743 3294 κέ-

2157 3332 2318 3384 λευθα
2353 3332 2689 3401 βαδίζοντες,
2731 3333 2824 3384 καὶ
2862 3331 3046 3382 τοῦτον
3091 3331 3190 3400 μὲν
3233 3333 3569 3402 ἀρνούμενοι,
3617 3351 3746 3386 και-

2157 3424 2348 3477 νοειδεῖ
2367 3423 2422 3475 δὲ
2450 3411 2831 3492 ἀνατὲλόισματι
2875 3425 2966 3475 καὶ
2997 3423 3218 3493 ὀνόματι
3257 3424 3413 3492 μόνον
3442 3424 3573 3477 Θεοῦ
3614 3427 3743 3479 ἑαυ-

2155 3517 2300 3578 τοὺς,
2328 3515 2410 3577 ὠς·
2438 3515 2644 3584 μείζονι
2679 3515 2768 3567 τοῦ
2804 3514 3157 3586 δημιουργοῦ,
3193 3514 3589 3578 ε’πιδεδωκότες,
3645 3519 3740 3569 καὶ

2157 3605 2312 3668 εἴτις
2345 3605 2430 3675 ἄρ’
2457 3605 2596 3666 ἐστὶ,
2625 3605 2794 3672 λέγων
2825 3605 3169 3677 ἰσχυρότερον
3200 3603 3334 3658 εἶναι
3359 3608 3448 3660 τὸν
3480 3607 3604 3659 Υἱὸν
3645 3611 3739 3660 καὶ

2158 3698 2240 3750 Κύ
2251 3716 2358 3768 ριον
2370 3696 2460 3750 τοῦ
2481 3697 2800 3768 κρατοῦντος
2812 3696 2967 3750 Θεοῦ.
2985 3697 3318 3751 Ἀποδεδὼκα
3326 3715 3422 3768 μεν
3439 3698 3495 3750 δὲ
3517 3699 3605 3751 τὸν
3620 3717 3742 3766 φαι-

2158 3791 2376 3858 νόμενον
2408 3790 2537 3858 ἡμῖν
2561 3786 2712 3854 λόγον
2743 3788 2822 3850 εἰς
2844 3789 2904 3840 τὸ
2935 3787 3010 3858 μὴ
3042 3789 3150 3842 δεῖν
3162 3788 3281 3841 δυσὶ
3300 3788 3737 3860 κυρίοιςδουλεύ-

2157 3897 2255 3933 εινο
2287 3881 2374 3933 ὅτε
2391 3881 2484 3932 καὶ
2501 3881 2938 3950 παρεστήσαμεν,
2962 3881 3229 3951 μηδεμίαν
3255 3880 3440 3936 στάσιν
3479 3882 3605 3951 περὶ
3645 3882 3737 3936 τὸν

2170 3971 2372 4040 Ἰησοῦν
2389 3973 2481 4024 καὶ
2499 3971 2696 4041 Κύριον
2715 3971 3128 4026 ἀποδείκνυσθαι
3145 3971 3397 4026 δύνασθαι
3411 3977 3467 4026 ὲν
3483 3977 3595 4037 τοῖς
3612 3975 3737 4044 ὁμο-

2157 4062 2402 4130 λογοῦσιν
2429 4063 2962 4135 ὑπεραναϐεϐηκέναι
2993 4064 3093 4134 μὲν
3127 4065 3299 4118 πάντα
3319 4067 3542 4137 Κύριον,
3585 4067 3731 4138 μόνῳ

2155 4157 2212 4210 δὲ
2246 4156 2432 4227 Κυρίῳ
2461 4156 2724 4211 δουλεύειν
2764 4157 2840 4228 τῷ
2865 4155 2978 4227 Υἱῴ
3002 4156 3093 4210 τοῦ
3122 4157 3257 4212 Θεοῦ
3289 4160 3381 4212 καὶ
3405 4160 3565 4229 Λόγῳ
3594 4160 3729 4231 (60).

2226 4354 2379 4424 λιετὰ
2420 4356 2590 4410 ταῦτα
2629 4355 2724 4410 δὲό
2766 4358 2968 4421 Κέλσος
3023 4361 3216 4429 φησίν·
3277 4359 3456 4429 Ἠμᾶς
3486 4363 3728 4431 ,ϐωμοὺς

491 4443 700 4508 statuis,
745 4441 948 4510 templis
995 4444 1248 4510 erigendis
1312 4444 1608 4511 abhorrere,
1653 4447 1775 4515 quia
1822 4448 1950 4510 lucc,
2005 4456 2056 4500 ut

2164 4449 2262 4501 καὶ
2283 4449 2593 4518 ἀγάλματα
2623 4448 2719 4501 καὶ
2749 4448 2896 4514 νεὼς
2919 4448 3190 4516 lapsana;
3225 4453 3485 4521 φεύγειν·
3513 4453 3641 4506 ἐπεὶ
3670 4456 3726 4506 τὸ

561 4595 672 4668 (57)
716 4599 872 4652 Ὅτε.
911 4597 1087 4654 Mallet
1116 4599 1342 4654 Guietus
1368 4601 1470 4652 ὅτι.

587 4669 676 4732 58)
722 4669 932 4725 Ταῦτα.
968 4672 1108 4723 Idem
1147 4672 1325 4723 mallet
1351 4671 1590 4725 τοιαῦτα.

560 4670 676 4807 ξ58)
722 4670 932 4725 Ταῦτα.
968 4672 1108 4723 Idem
1147 4672 1325 4723 mallet
1351 4671 1590 4725 τοιαῦτα.

567 4739 674 4814 *59)
713 4742 926 4814 Αὐτόν.
951 4741 1190 4814 _Subandi
1227 4745 1477 4814 κρατεῖν,
1501 4748 1550 4796 ni
1589 4746 1764 4814 legere
1799 4746 1953 4798 malis
1989 4741 2054 4798 αὖ

493 4812 580 4882 vel
597 4809 963 4882 Δαύτοῦ,ῌ(]υοι]
995 4811 1228 4882 pendeat
1255 4809 1283 4862 ai
1303 4813 1532 4882 Πατρός.

565 4879 817 4959 (δι’)νιΚαὶ
853 4881 1042 4948 Λόγῳ.
1071 4879 1194 4933 Haec
1220 4883 1272 4935 ili
1306 4879 1459 4936 antea
1491 4885 1649 4938 editis
1686 4887 1882 4939 omissa
1909 4897 2059 4949 sunt,

490 4961 543 5003 et
584 4958 939 5001 restituuntur
969 4966 997 5002 e
1033 4967 1164 5003 mss.

563 5017 676 5092 (tit)
727 5017 901 5092 Ἡμεῖς
938 5019 1200 5088 βωμοὺς,
1233 5021 1342 5092 fiat
1373 5021 1714 5092 ἀγάλματα,
1759 5026 1856 5078 καὶ
1901 5025 2050 5091 νεὼς

490 5089 764 5163 ἱδρύ-σθᾳι
797 5090 1056 5163 φεύγειν,
1086 5089 1336 5163 etc.__Pro
1384 5089 1627 5163 ἱδρῦσθαι
1673 5095 1855 5149 mallet
1889 5089 2052 5151 Guie-

495 5175 575 5236 ius
613 5159 904 5236 ζδρύεσθαι.
951 5163 1104 5228 Apud
1134 5159 1458 5236 ΔΜξιι-ιιιὶιιιιίΔ
1483 5166 1758 5236 It'eliecni,
1793 5184 1912 5236 pag.
1961 5166 2049 5229 25,

491 5231 745 5285 (heciltus
806 5232 945 5285 idem
1005 5231 1147 5298 quod
1179 5231 1366 5286 Celsus
1410 5232 1594 5300 objicit
1640 5253 1653 5288 :
1719 5235 1828 5288 Cur
1865 5231 2052 5290 'auilas

491 5317 614 5354 aras
650 5302 860 5366 trahent,
901 5303 1091 5369 templa
1155 5302 1330 5366 nulla,
1363 5305 1511 5356 nulla
1561 5322 1684 5358 riora
1720 5307 2051 5359 simulacra?

494 5373 588 5422 tiui
639 5374 894 5445 Octavius
943 5375 1130 5426 eodem
1182 5373 1293 5445 fere
1339 5375 1498 5445 modo
1545 5391 1606 5428 ac
1653 5378 1915 5445 Origenes
1966 5393 2050 5428 re-

496 5444 766 5507 spondens
800 5458 920 5510 pag.
948 5445 1036 5506 95,
1074 5445 1150 5496 ait
1178 5462 1190 5497 :
1222 5443 1430 5497 Putatis
1464 5444 1636 5498 autem
1666 5443 2052 5499 nos—occultare

490 5514 629 5576 quod
678 5514 918 5577 colimus,
956 5517 1001 5567 si
1057 5515 1274 5567 delubra
1324 5525 1372 5567 et
1439 5533 1560 5570 aras
1609 5533 1710 5569 non
1761 5517 2053 5571 habemus?

497 5582 648 5655 Quod
682 5586 817 5635 enim
844 5585 1194 5655 simulacrum
1230 5584 1336 5637 Deo
1371 5585 1562 5655 ﬁngam
1586 5627 1599 5650 ,
1643 5603 1790 5646 cum,
1839 5589 1882 5639 si
1919 5599 2052 5638 recte

495 5653 776 5714 existimes,
808 5654 873 5704 sit
903 5657 998 5706 Dei
1032 5657 1185 5707 homo
1217 5657 1322 5720 ipse
1362 5653 1745 5709 sintulacrum?
1787 5657 2050 5723 Templum

436 5735 448 5744 κ
495 5724 628 5781 quod
663 5723 708 5773 si
741 5737 1028 5789 exs'ruam,
1057 5740 1171 5778 cum
1205 5737 1342 5780 totus
1383 5727 1464 5781 hic
1498 5732 1721 5783 mundus
1753 5729 1864 5798 ejus
1901 5741 2052 5798 Opere

2165 4603 2454 4674 fabricatus
2511 4622 2625 4658 eum
2674 4622 2854 4672 capere
2879 4621 3009 4660 anon
3062 4609 3268 4675 possit?
3312 4606 3379 4659 Et
3412 4623 3529 4660 cum
3574 4609 3721 4659 homo

2165 4676 2324 4726 latius
2375 4692 2649 4734 maneam,
2700 4678 2838 4728 intra
2894 4694 3052 4730 unam
3098 4678 3373 4732 radiculam
3421 4679 3523 4728 t'int
3566 4688 3724 4729 tanta:

2165 4745 2454 4812 majestatis
2487 4746 2795 4798 includam?
2831 4744 3020 4800 Nonne
3052 4749 3237 4799 melius
3283 4748 3335 4798 in
3365 4757 3543 4799 nostra
3578 4749 3726 4798 dedi-

2166 4822 2364 4867 candus
2396 4825 2470 4867 est
2503 4816 2712 4868 mente?
2746 4816 2798 4868 in
2847 4827 3024 4869 nostro
3071 4818 3173 4870 imo
3223 4818 3608 4868 consecrandus
3650 4827 3725 4867 est

2167 4888 2410 4951 pectore?
2452 4885 2718 4938 Arnobius
2755 4888 2907 4939 initio
2951 4888 3080 4943 libri
3125 4889 3263 4939 sexti
3310 4889 3555 4938 adversus
3596 4903 3724 4952 gen-

2170 4967 2283 5006 tes:
2313 4952 2378 5007 In
2420 4957 2518 5007 hac
2561 4959 2727 5015 enim,
2767 4959 2971 5025 inquitt,
3005 4958 3290 5010 consuestis
3337 4970 3481 5024 parte
3525 4973 3725 5008 crimen

2161 5027 2307 5077 nobis
2333 5026 2618 5078 maximum
2651 5025 2933 5094 impietatis
2965 5028 3186 5095 aﬂigere,
3223 5027 3362 5096 quod
3399 5043 3560 5093 neque
3587 5031 3725 5080 «cdes

2159 5096 2710 5166 sacrascenerationis
2744 5099 2811 5147 ad
2845 5098 3006 5166 oﬁicia
3039 5108 3427 5162 construamus,
3458 5113 3560 5150 non
3593 5102 3721 5148 Δευο

2161 5182 2274 5217 rum
2311 5165 2533 5233 alicujus
2565 5165 2908 5219 simulacrum
2941 5169 3316 5220 constituamus
3348 5178 3437 5218 aut
3471 5166 3718 5232 formam,

2159 5251 2261 5287 non
2295 5237 2487 5288 altaria
2524 5235 2859 5302 fabricemus,
2885 5253 2984 5290 non
3014 5253 3155 5299 aras,
3187 5249 3291 5291 etc.
3326 5235 3457 5290 Ηιες
3491 5255 3582 5290 nos
3611 5253 3725 5288 ces-

2157 5321 2334 5357 samus
2364 5306 2438 5359 vel
2467 5306 2796 5373 extudi/imre
2821 5307 2895 5359 vel
2921 5307 3114 5374 facere,
3137 5319 3242 5360 etc.
3267 5305 3520 5374 Nunquid
3555 5308 3720 5360 Deum

2158 5377 2387 5428 delubris
2442 5387 2530 5428 aut
2578 5376 2890 5442 templorum
2943 5378 3414 5430 constructionibus
3483 5377 3723 5428 honora-

2161 5451 2315 5497 mus?
2355 5446 2665 5501 Lactantius
2700 5447 2793 5499 lib.
2825 5461 2884 5510 tt,
2920 5462 3034 5515 cap.
3064 5452 3097 5499 ‘2.
3127 5467 3138 5501 :
3177 5448 3314 5512 Quid
3348 5447 3443 5500 sibi
3489 5447 3724 5512 tentpla?

2160 5517 2285 5582 quid
2310 5534 2416 5569 ara:
2447 5516 2661 5570 volunt?
2697 5519 2820 5584 quid
2859 5519 3080 5584 denique
3128 5521 3238 5586 ipsa
3279 5518 3561 5570 simulacra
3603 5533 3722 5584 qua.-

2161 5595 2249 5637 aut
2312 5596 2637 5638 mortuorum
2685 5597 2775 5639 aut
2832 5590 3120 5640 absentium
3175 5590 3492 5640 monimenta
3553 5586 3725 5639 sunt?

2159 5656 2285 5708 Item
2318 5656 2370 5708 in
2403 5658 2507 5708 line
2529 5656 2650 5708 Iihri
2675 5656 2748 5709 De
2777 5661 2856 5710 ira
2882 5657 3013 5710 Dei:
3045 5657 3124 5710 Sit
3158 5659 3322 5718 nobis,
3358 5658 3550 5722 inquit,
3585 5655 3725 5708 Deus

2161 5742 2263 5779 non
2296 5725 2348 5779 in
2379 5728 2601 5795 templis,
2636 5730 2722 5780 sed
2759 5729 2812 5780 in
2846 5724 3000 5782 corde
3035 5740 3206 5782 nostro
3237 5739 3590 5782 consecratus.
3619 5725 3727 5778 De.
