3972 6160
311 273 443 331 1541

1479 277 1756 336 CONTRA
1789 283 2065 342 CELSUM
2104 285 2233 342 LIB.
2273 284 2409 340 Vill.

3388 289 3526 344 iii-£2

307 386 530 443 πιστὸν
561 385 672 459 (62)
695 387 839 457 ἡμῖν
869 387 1140 457 ἀφανοῦς
1172 388 1269 442 καὶ
1303 389 1640 460 ἀπορῤήτου
1673 412 1849 451 iccirco

1974 409 2147 471 putat,
2179 400 2396 454 occulto:
2419 407 2470 454 et
2493 415 2700 454 arcente
2728 400 2989 454 societatis
3013 409 3203 454 tessera
3227 409 3300 455 est
3330 404 3392 456 de
3421 420 3524 472 qua

304 481 442 546 νίας
464 478 633 534 οἴεται
664 480 816 534 εἶναι
862 482 1155 549 σύνθημα·
1197 485 1309 551 οὐχ
1349 483 1521 550 ὀρῶν,
1564 487 1653 541 ὅτι
1680 489 1868 558 βωμοὶ

301 572 417 642 μέν
444 573 600 626 εἰσιν
625 572 768 643 ἡμῖν
796 572 856 625 τὸ
893 573 1118 626 ἑκάστου
1144 573 1252 627 τῶν
1280 575 1501 629 δικαίων
1526 579 1864 649 ἡγεμονικὸν,

305 664 399 732 ἀφ’
430 657 490 717 οὗ
533 663 910 735 ἀναπέμπεται
949 663 1162 736 ἀληθῶς
1190 667 1284 721 καὶ
1323 669 1528 740 νοητῶς
1565 671 1738 746 εὐώδη
1771 675 1864 728 θυ-

303 819 626 876 structibilia
652 829 772 874 sunt
815 821 990 874 omnia
1015 837 1133 889 qua:
1169 838 1329 875 manu
1360 823 1515 890 ﬁunt.
1552 824 1864 884 Mundemus

297 894 403 945 hoc
428 891 693 959 templum,
719 892 860 960 quod
886 907 985 944 nan
1016 894 1182 959 fumo,
1212 909 1315 944 non
1341 894 1569 960 pulvere,
1593 900 1682 949 sed
1709 901 1863 954 malis

307 961 708 1030 cogitationibus
734 962 1067 1013 sordidatur
1090 977 1108 1013 :
1144 965 1282 1030 quod
1330 981 1430 1016 non
1470 967 1628 1019 cereis
1665 972 1858 1022 arden-

307 1035 466 1092 tibus,
491 1035 580 1084 sed
610 1031 852 1083 claritate
887 1048 948 1084 ac
977 1033 1090 1083 luce
1113 1033 1382 1100 sapientia:
1410 1034 1754 1092 illuminntur.
1782 1038 1860 1093 Ex

310 1103 393 1156 his
417 1112 471 1155 et
498 1101 764 1155 similibus
787 1110 896 1154 tum
929 1101 1204 1170 gentilium
1231 1102 1718 1171 criminationibus,
1750 1117 1860 1163 tum

306 1173 742 1245 Christianorum
782 1172 1058 1245 responsis
1092 1172 1459 1245 colligerees‘t
1493 1176 1665 1228 tribus
1718 1179 1864 1245 prio-

307 1245 454 1296 ribus
487 1241 746 1313 Ecclesia!
793 1240 1184 1313 saeculisnulla
1233 1243 1572 1296 Christianos
1619 1240 1856 1313 publica,

305 1313 629 1366 sublimibus
669 1311 810 1364 elata
861 1309 1121 1380 fastigiis,
1165 1320 1214 1366 et
1260 1313 1456 1380 quibus
1512 1309 1857 1372 Divi—nitatem

309 1393 560 1452 putarent
587 1380 856 1443 concludi,
895 1385 1089 1447 templa
1123 1382 1394 1445 habuisse,
1423 1398 1546 1436 aras
1580 1387 1752 1442 nullas
1793 1389 1859 1443 ad

305 1451 721 1508 ostentationem
769 1453 1105 1505 exstruxisse
1157 1451 1242 1503 ubi
1305 1454 1559 1508 animalia
1609 1457 1856 1511 immola-

306 1533 447 1588 rent,
476 1532 568 1576 aut
602 1523 724 1575 thus
763 1520 1068 1575 simulacris
1106 1521 1396 1575 adolerent.
1427 1524 1534 1578 Sed
1565 1527 1703 1580 male
1734 1528 1858 1583 hinc

305 1596 428 1663 quis
482 1591 872 1666 itifet'ret_illos
921 1591 1245 1666 nequidem
1279 1606 1344 1666 eo
1388 1592 1500 1666 fere
1548 1599 1706 1649 modo
1753 1614 1858 1666 quo

307 1661 448 1717 nunc
492 1661 744 1717 catholici
779 1661 1004 1714 Romani
1051 1662 1101 1714 in
1140 1661 1376 1726 Batavia,
1410 1665 1634 1719 latentes
1680 1661 1854 1721 eccle-

1968 493 2106 546 inter
2148 508 2240 546 nos
2274 491 2530 545 convenit.
2565 488 2784 545 Scilicet
2816 505 2920 544 non
2947 489 3081 544 vidit
3107 489 3243 560 apud
3281 505 3377 545 nos
3404 491 3523 545 ani-

1967 597 2112 636 mum
2155 581 2412 650 cujusque
2436 579 2564 649 justi
2601 580 2700 650 ipsi
2744 593 2863 634 esse
2901 580 3094 643 altare,
3126 595 3192 634 ex
3245 596 3351 648 quo
3396 597 3525 636 vere

1967 682 2022 728 et
2040 672 2354 741 spiritaliter
2375 671 2496 726 boui
2520 671 2700 726 odoris
2722 669 2932 725 suﬂitus
2951 672 3301 738 emittuntur,
3331 687 3525 741 preces

1967 827 2020 880 id
2051 825 2304 880 nimirum
2339 825 2512 881 voluit
2542 826 2724 882 dicere
2752 841 2860 880 non
2893 824 3188 879 Constantii
3219 822 3399 893 jussu,
3426 829 3523 882 sed

1967 898 2129 950 tacito
2163 912 2426 950 eimsensu
2465 913 2622 964 quem
2661 897 2874 963 politiea
2901 906 2950 950 et
2981 911 3106 965 erga
3151 908 3374 951 (‘3:l6l'05
3419 899 3522 952 im-

1966 977 2240 1034 peratores
2269 967 2584 1034 obsequium
2605 967 2890 1036 exigebat,
2927 966 3132 1020 dirutas
3163 965 3325 1020 fuisse
3362 967 3517 1021 Chri-

1963 1037 2552 1090 stianornmecclesias.
2577 1035 2635 1090 Ut
2653 1045 2828 1096 utest,
2853 1036 3110 1089 Eusebius
3125 1046 3177 1088 et
3209 1037 3524 1094 Lactantius

1963 1115 2146 1173 aperte
2180 1107 2395 1159 tradunt
2438 1117 2564 1160 ante
2608 1107 2919 1161 Diocletiani
2959 1109 3389 1174 persecutionem
3424 1123 3520 1162 ex-

1963 1177 2167 1229 stitisse
2213 1179 2264 1231 in
2312 1175 2498 1230 Galliis
2541 1177 2822 1229 ecclesias.
2875 1176 3101 1244 Optatos
3150 1175 3516 1240 Milevitanus,

1961 1245 2054 1299 lib.
2084 1263 2143 1310 Il,
2176 1261 2298 1314 cap.
2324 1247 2412 1307 4‘2,
2445 1245 2812 1315 Quadraginta
2852 1247 3097 1298 basilicas
3124 1261 3518 1303 commemorat

1963 1333 2082 1382 quae
2109 1319 2287 1370 lionue
2313 1318 2620 1370 visebantur
2647 1326 2770 1369 ante
2795 1318 3034 1369 eamdem
3064 1320 3514 1384 persecutionem,

1960 1401 2063 1454 qua
2116 1387 2322 1441 furente
2367 1387 2562 1441 docent
2605 1384 2759 1439 Gesta
2801 1394 3006 1452 purgat.
3038 1387 3198 1438 Cecil.
3233 1396 3281 1438 et
3317 1385 3513 1449 Felic..

1961 1457 2248 1509 ntmnullas
2273 1472 2484 1525 quoque
2528 1457 2581 1509 in
2616 1457 2794 1509 Africa
2829 1471 3047 1509 eversas
3077 1471 3196 1509 esse
3226 1459 3511 1525 ecclesias,

1959 1526 2093 1579 alias
2126 1527 2445 1581 Christianis
2483 1526 2779 1595 ademptas.
2827 1525 2976 1579 Tune
3017 1526 3242 1580 concilia
3277 1537 3332 1580 et
3380 1529 3514 1582 lide-

1961 1595 2086 1648 lium
2134 1607 2309 1649 etetus
2357 1598 2409 1649 in
2447 1600 2776 1664 privatorum
2829 1597 3076 1649 domibus
3123 1597 3289 1648 habiti
3351 1608 3513 1662 sunt,

1959 1665 2128 1718 donec
2158 1667 2238 1718 cis
2274 1667 2354 1719 ha:
2383 1682 2502 1735 qua:
2535 1668 2795 1735 ademptae
2827 1664 3071 1735 fuerant,
3115 1665 3352 1720 ecclesia:
3389 1669 3510 1722 red-

304 1733 704 1806 siasihabuisse
746 1747 838 1785 seu
873 1732 924 1785 in
975 1733 1580 1806 privatorum“lidebant
1629 1737 1854 1800 aedibus,
1888 1745 1931 1800 Β
1960 1736 2256 1806 ditaisunt.
2290 1737 2344 1790 ld
2372 1732 2651 1803 speciatim
2684 1732 2903 1790 adnotat
2934 1733 3160 1801 Optatos
3193 1736 3283 1790 lib.
3314 1752 3352 1800 l,
3386 1752 3508 1806 pag.

301 1822 398 1860 seu
429 1805 481 1858 in
517 1803 762 1877 domibus
793 1816 911 1877 quae
940 1801 1033 1877 τοῦ
1073 1801 1254 1877 κοινοῦ
1285 1803 1382 1874 τῆς
1432 1804 1753 1877 Ἐκκλησίας
1777 1824 1857 1863 es-

304 1885 443 1938 sent,
477 1885 530 1928 et
559 1872 691 1936 nihil
728 1874 967 1927 exterius
998 1873 1260 1927 baberent
1287 1872 1392 1941 quo
1421 1888 1449 1926 a
1479 1872 1855 1933 coun'nunibus

300 1944 545 2000 wdilieiis
574 1943 1052 2012 distinguerentur.
1086 1943 1142 1996 Si
1171 1944 1291 2012 quis
1320 1944 1393 1996 ita
1419 1947 1662 2010 sentiret,
1697 1947 1856 2001 innu-

304 2017 465 2070 meris
504 2022 886 2082 propemodum
931 2014 1301 2068 confutaretur
1337 2025 1572 2068 veterum
1613 2018 1855 2071 testiino-

303 2088 427 2140 niis.
461 2087 516 2139 1ο
544 2083 804 2152 Origenes
849 2091 1078 2136 tractatu
1105 2083 1174 2136 ΞΒ
1201 2084 1254 2136 in
1285 2083 1591 2138 Matthieum
1624 2093 1855 2143 testatur

301 2159 523 2210 ardente
578 2152 852 2206 Maximini
927 2156 1302 2221 persecutione
1369 2155 1621 2210 incensas
1686 2157 1854 2214 fuisse

303 2224 731 2280 (llirisiiiiiIOI'tttii
778 2221 1054 2276 ecclesias.
1084 2221 1287 2278 Scimus
1317 2235 1487 2277 autem
1517 2237 1564 2278 et
1591 2229 1729 2292 apud
1759 2245 1851 2282 nos

299 2305 456 2350 terra:
509 2305 704 2346 motum
738 2294 933 2360 factum
968 2295 1019 2346 in
1069 2295 1196 2348 locis
1237 2296 1546 2363 quibusdam
1592 2305 1641 2348 et
1684 2298 1850 2364 factas

300 2369 459 2436 fuisse
495 2364 748 2436 quasdam
774 2365 978 2429 ruinas,
1012 2366 1087 2418 ita
1125 2373 1181 2417 ut
1207 2366 1297 2430 qui
1341 2374 1489 2418 erant
1517 2367 1661 2436 impii
1704 2383 1851 2423 extra

297 2435 743 2507 jidem,'causam
792 2444 946 2487 terra:
1003 2445 1171 2488 motus
1221 2437 1448 2487 dicerent
1500 2435 1848 2507 Christianos,

298 2520 508 2576 propter
549 2506 688 2574 quod
729 2515 775 2556 et
807 2507 1191 2576 persecutiones
1232 2521 1402 2572 passa:
1439 2515 1559 2576 sunt
1613 2506 1850 2576 ecclesia:

300 2573 347 2630 et
389 2573 610 2630 incensa:
637 2584 777 2626 sunt.
805 2573 948 2627 Idem
980 2575 1196 2628 homilia
1238 2575 1304 2628 10
1336 2577 1386 2627 in
1434 2573 1559 2629 Jesu
1608 2575 1754 2631 Nave
1783 2581 1851 2633 de

299 2658 494 2700 ornatu
543 2645 896 2700 ecclesiarum
938 2653 993 2695 et
1035 2645 1284 2696 altarium
1333 2644 1618 2712 loquitur:
1669 2647 1850 2703 Scien-

300 2723 424 2770 dum
456 2730 527 2770 est
554 2724 807 2785 quantum
839 2729 904 2764 ex
933 2715 1294 2779 hujuscemodi
1331 2716 1622 2783 ﬁgurarum
1663 2719 1851 2772 adum-

301 2789 623 2840 brationibus
645 2786 940 2847 educentur;
962 2788 1098 2852 quod
1121 2787 1163 2836 si
1191 2786 1278 2852 qui
1307 2791 1436 2838 tales
1457 2796 1578 2839 sunt
1604 2789 1654 2839 in
1679 2790 1846 2853 nobis,

298 2875 516 2920 quorum
545 2855 672 2923 ﬁdes
701 2854 798 2904 ltoc
829 2857 1183 2906 tantummodo
1204 2854 1352 2906 habet
1385 2865 1442 2907 ut
1465 2859 1533 2907 ad
1575 2857 1846 2912 ecclesiam

299 2931 526 2990 veniant,
556 2937 600 2978 et
632 2927 877 2996 inclinent
907 2934 1057 2996 caput
1085 2940 1238 2976 suum
1270 2925 1649 2996 sacerdotibus,
1681 2930 1847 2996 oﬂicia

295 3001 592 3060 exhibeant,
619 3009 790 3066 servos
833 2992 926 3044 Dei
961 2995 1229 3066 honoitnt,
1266 2994 1333 3066 ad
1374 3006 1616 3048 ornatum
1647 2992 1849 3066 quoque

1957 1805 2045 1876 59,
2094 1805 2146 1858 in
2192 1807 2325 1860 urbe
2371 1807 2516 1860 Cirta
2562 1809 2878 1876 contigisse.
2939 1806 3180 1874 Denique
3217 1821 3281 1860 ex
3315 1805 3515 1862 edictis

1957 1875 2340 1943 imperatorum
2378 1877 2467 1944 qui
2509 1875 2750 1930 ultimam
2784 1877 3212 1944 persecutionem
3249 1880 3511 1930 aet-ende-

1957 1955 2116 2009 runt,
2167 1946 2570 2000 evidentissime
2626 1947 2791 2015 liquet
2850 1945 3186 1999 Christianos
3254 1947 3510 2000 habuisse

1953 2015 2212 2070 ecclesias
2247 2032 2341 2083 per
2372 2025 2537 2069 totum
2566 2016 2845 2084 imperium
2868 2019 3185 2073 Bouianum.
3232 2015 3367 2069 Nam
3405 2016 3512 2069 Eu-

1953 2087 2136 2139 sebius
2181 2085 2273 2138 lib.
2301 2101 2428 2150 vni,
2465 2102 2584 2154 cap.
2613 2087 2666 2149 ‘2,
2710 2087 2782 2139 ait
2817 2101 2960 2139 auito
3005 2088 3357 2140 nonodeeimo
3407 2087 3510 2139 iiii-

1953 2156 2087 2224 perii
2142 2155 2462 2210 Diocletiani
2521 2166 2809 2224 appetente
2865 2157 2954 2212 die
3011 2155 3148 2210 festo
3219 2157 3513 2210 Domiuieze

1954 2227 2224 2291 passionis
2262 2228 2527 2294 praposita
2560 2227 2725 2280 fuisse
2768 2227 2951 2296 ubique
2981 2226 3277 2291 imperialia
3311 2229 3506 2292 edicta,

1952 2297 2138 2364 quibus
2176 2296 2406 2349 ecclesite
2435 2297 2642 2366 quidem
2669 2298 2736 2349 ad
2774 2297 2940 2349 solum
2983 2311 3141 2364 usque
3179 2298 3344 2360 dirui,
3370 2297 3511 2350 sacri

1952 2382 2074 2419 vero
2119 2368 2319 2420 codices
2359 2365 2586 2434 ﬂammis
2619 2367 2825 2419 absumi
2856 2367 3199 2436 jubebantur.
3246 2365 3387 2420 Ideni
3430 2377 3511 2420 te-

1953 2446 2172 2506 stantur
2205 2436 2576 2506 'l‘heodoretus
2600 2436 2691 2490 lib.
2717 2451 2769 2500 ν,
2800 2452 2916 2506 cap.
2944 2437 3030 2498 59,
3064 2444 3118 2489 et
3148 2435 3508 2506 Hieronymus

1953 2503 2240 2562 Comment.
2268 2508 2322 2559 in
2365 2504 2614 2567 Zuchar.,
2653 2520 2770 2574 cap.
2795 2503 2968 2560 8.'Ex
3008 2506 3267 2576 martyrio
3315 2503 3506 2560 Marini

1924 2576 2137 2630 ’inilitis
2179 2577 2321 2645 quod
2372 2577 2536 2630 refert
2584 2577 2849 2630 Eusebius
2893 2578 2984 2630 lib.
3015 2591 3116 2639 vit,
3163 2591 3282 2642 cap.
3312 2576 3397 2638 15,
3441 2577 3506 2628 li-

1951 2655 2078 2713 quet
2123 2649 2423 2715 imperante
2455 2646 2698 2701 Gallieno
2743 2646 3079 2700 Christianos
3113 2645 3370 2700 Caesarea:
3402 2646 3509 2699 Pa-

1951 2718 2170 2771 laestina:
2222 2716 2502 2770 ecclesiam
2549 2718 2822 2771 habuisse.
2866 2717 3153 2784 Postquam
3219 2732 3358 2769 enim
3407 2732 3506 2770 eo-

1949 2788 2135 2856 gnovit
2179 2786 2407 2840 Acincus
2451 2787 2616 2855 judex
2669 2790 2931 2841 Marinum
2979 2801 3097 2839 sese
3137 2785 3505 2839 Christianum

1951 2857 2216 2925 profiteri,
2246 2867 2300 2910 et
2333 2857 2493 2910 trium
2532 2859 2787 2911 horarum
2821 2858 3050 2926 spulilttlt
3094 2858 3162 2910 ad
3203 2856 3505 2910 deliberan-

1949 2929 2076 2979 dum
2119 2927 2168 2980 ei
2200 2928 2484 2991 concessit,
2520 2928 2857 2989 'llieotecnns,
2895 2928 3066 2995 inquit
3106 2927 3387 2990 Eusebius,
3429 2927 3506 2978 ci-

1949 2997 2129 3050 vitatis
2155 2999 2423 3066 episcopus
2456 3000 2524 3049 ad
2560 2998 2708 3050 illum
2737 2999 3006 3057 accedens.
3032 3009 3078 3050 et
3108 2997 3504 3049 sermocinando

297 3071 482 3121 altaris
524 3066 601 3120 vel
649 3064 878 3140 ecclesia:
921 3063 1119 3140 aliquid
1167 3065 1472 3131 conferant,
1521 3081 1624 3140 non
1660 3063 1847 3121 itan-ten
1875 3083 1916 3140 ε
1951 3069 2163 3140 longius
2184 3063 2302 3140 eum
2330 3063 2608 3120 extrahens
2649 3066 2900 3140 prehensa
2944 3083 3103 3119 manu
3135 3068 3202 3118 ad
3238 3066 3506 3119 ecclesiam

297 3140 542 3190 itanibent
581 3135 813 3188 studium
848 3142 901 3184 ut
925 3135 1084 3185 etiam
1111 3149 1278 3186 mores
1313 3150 1434 3187 suos
1464 3135 1844 3191 excolunt......

296 3219 464 3262 sciant
494 3208 590 3259 sibi
618 3207 706 3274 qui
737 3208 866 3256 tales
881 3215 1057 3275 “sunt.
1222 3215 1419 3270 partem
1459 3218 1748 3275 sortemque
1783 3209 1846 3260 ab

296 3280 426 3333 Jesu
467 3270 688 3329 Domino
723 3290 839 3325 cum
868 3270 1172 3326 Gabaonitis
1203 3291 1312 3328 esse
1338 3270 1685 3330 tribuendam.
1720 3275 1850 3333 Vide

301 3350 542 3416 ejusdem
581 3346 873 3416 homiliani
887 3341 1225 3416 undecimam
1254 3345 1308 3396 in
1348 3343 1630 3416 Numeros.
1672 3348 1730 3398 2ο
1754 3349 1851 3403 Ar—

300 3411 493 3473 nobius
525 3418 623 3468 sub
655 3418 812 3466 tinem
844 3411 936 3464 lib.
964 3426 1015 3464 tv
1044 3421 1287 3465 adversus
1316 3427 1487 3478 gentes
1513 3432 1530 3467 :
1575 3415 1717 3468 Nam
1759 3435 1849 3469 no-

295 3500 408 3544 stra
432 3488 641 3556 quidem
681 3486 877 3556 scripta
898 3497 992 3556 cur
1030 3482 1234 3556 ignibus
1261 3489 1538 3556 meruerint
1566 3487 1725 3538 dari?
1755 3503 1851 3538 cur

299 3552 599 3612 immaniter
645 3553 1000 3609 conventicula
1050 3552 1220 3613 dirui,
1277 3555 1331 3606 in
1377 3555 1563 3620 quibus
1616 3571 1849 3610 summus

296 3640 481 3683 oratur
521 3628 680 3687 Deus,
717 3638 819 3694 pax
846 3625 1044 3675 cunctis
1073 3636 1119 3695 et
1156 3623 1302 3676 venia
1343 3627 1639 3695 postulatur
1684 3629 1851 3695 magi-

292 3704 570 3764 stratibus,
609 3693 941 3756 exercitibus,
987 3693 1212 3762 regibus,
1248 3694 1629 3761 familiaribus,
1666 3693 1847 3748 inimi-

295 3775 391 3835 eis,
421 3772 594 3822 adhuc
629 3770 782 3820 vitam
833 3767 1155 3835 degentibus,
1197 3772 1247 3818 et
1290 3768 1534 3819 resolutis
1572 3781 1849 3833 corporum

293 3834 576 3892 iunctione.
604 3838 661 3891 5"
689 3837 1000 3890 Lactantius
1029 3834 1122 3888 lib.
1146 3849 1198 3900 ν,
1229 3851 1374 3889 nutu.
1400 3836 1434 3887 2
1460 3849 1476 3889 :
1508 3836 1620 3905 Ego
1649 3855 1766 3890 cum
1795 3841 1847 3892 in

295 3910 548 3979 Bithynia
592 3906 851 3979 oratorias
893 3906 1094 3958 litteras
1141 3909 1342 3979 accitus
1372 3905 1640 3971 docerem,
1681 3910 1850 3961 conti-

295 3976 572 4048 gisse'tque,
612 3990 667 4030 ut
714 3978 1156 4048 eodemtempore
1191 3976 1289 4048 Dei
1323 3979 1566 4042 templum
1600 3988 1850 4032 euertere-

294 4045 403 4111 iur,
429 4051 531 4101 duo
564 4050 870 4100 exstiterunt
899 4045 1084 4096 ibidem
1111 4047 1199 4113 qui
1221 4045 1419 4113 jacenti
1451 4057 1604 4116 atque
1636 4048 1847 4116 abjectte

301 4121 522 4182 reritati,
563 4116 733 4170 nescio
762 4125 934 4166 utrum
962 4117 1231 4182 superbius
1263 4132 1331 4168 an
1363 4121 1710 4182 importunius
1767 4122 1847 4171 iii-

296 4191 573 4242 sultarent.
607 4187 720 4240 Hoc
749 4183 857 4257 Dei
872 4188 1128 4252 templum
1162 4197 1279 4238 erat
1304 4187 1622 4240 Nieomediie
1648 4191 1715 4242 de
1741 4203 1848 4257 quo

294 4263 398 4313 sub
433 4261 642 4312 initittm
677 4257 798 4310 libri
830 4253 904 4307 De
944 4259 1194 4307 mortibus
1237 4266 1620 4324 persecuturum
1654 4274 1673 4311 :
1713 4253 1848 4312 Pro-

295 4335 512 4400 {ligata,
556 4331 758 4396 inquit,
792 4341 956 4392 nuper
997 4326 1211 4400 ecclesia
1268 4341 1473 4400 rursum
1519 4330 1844 4400 exsurgit.“

299 4395 498 4469 inajore
524 4395 693 4470 gloria
739 4395 1134 4470 templum‘Dei
1165 4399 1313 4470 quod
1342 4399 1404 4448 ab
1451 4397 1623 4470 impiis
1669 4395 1842 4465 fuerat

1947 3138 2205 3205 perducit.
2233 3137 2464 3205 Cumque
2489 3140 2707 3190 interius
2740 3140 2805 3189 ad
2838 3137 3006 3205 ipsum
3040 3141 3203 3188 altare
3234 3151 3350 3205 eum
3395 3147 3504 3188 τιατ

1948 3203 2163 3270 luisset,
2210 3203 2425 3259 reducta
2471 3209 2722 3274 tantisper
2761 3203 2874 3275 ejus
2923 3209 3226 3274 chlamyde,
3273 3203 3504 3274 gladium

1947 3277 2027 3346 illi
2062 3294 2164 3346 quo
2209 3281 2520 3342 prtccinctus
2567 3287 2679 3330 erat
2718 3279 3012 3340 ostendens,
3061 3292 3180 3328 mox
3230 3291 3503 3346 sacrorum

1949 3344 2352 3415 Evangeliorum
2399 3349 2630 3400 codicem
2669 3365 2733 3401 ex
2782 3350 2998 3400 adverso
3028 3346 3186 3410 locat,
3229 3345 3417 3414 jubens
3449 3357 3503 3396 ut

1948 3432 2014 3469 ea:
2061 3419 2259 3470 duobus
2293 3427 2468 3470 utrum
2517 3417 2693 3471 mallet
2749 3416 2991 3485 eligeret,
3039 3417 3178 3468 Ideni
3240 3415 3503 3468 EUSebius

1950 3485 2043 3542 lib.
2071 3501 2176 3551 vn,
2210 3501 2328 3553 cap.
2373 3488 2458 3548 15,
2509 3491 2674 3540 rel'ert
2721 3487 3060 3553 imperatoris
3098 3485 3326 3538 Gallieni
3383 3486 3502 3539 edi-

1951 3567 2101 3609 ctum
2131 3572 2237 3624 quo
2273 3559 2580 3624 praecipitur
2607 3569 2660 3610 ut
2689 3558 2860 3610 cuncti
2888 3557 2994 3608 ἀπὸ
3022 3555 3200 3608 τόπων
3237 3556 3344 3608 τῶν
3373 3553 3506 3625 θρη-

1949 3626 2277 3696 σκευσίμων,
2323 3645 2355 3679 a
2399 3629 2650 3694 religiosis
2693 3628 2819 3679 locis
2862 3628 3178 3687 abscedant,
3227 3626 3276 3678 id
3317 3633 3399 3676 est
3445 3636 3518 3692 ut.

1949 3697 2188 3751 ecclesia-2
2233 3712 2366 3765 quas
2410 3701 2638 3764 gentiles
2679 3697 3005 3765 Christianis
3038 3697 3375 3765 ademerant,
3407 3708 3500 3746 eo-

1949 3781 2066 3819 rum
2095 3762 2359 3834 episcbpis
2407 3762 2776 3820 restituantur.
2811 3764 3070 3834 Vopiscus
3100 3765 3152 3817 in
3189 3762 3306 3816 Vita
3334 3767 3504 3816 Aure-

1948 3837 2098 3902 liani,
2132 3840 2412 3905 epistolam
2461 3837 2618 3904 hujus
2652 3839 2992 3905 imperatoris
3029 3836 3248 3890 exhibet
3280 3849 3384 3901 qua
3415 3849 3503 3888 se-

1948 3921 2168 3978 natores
2201 3920 2428 3978 castigat
2461 3908 2604 3976 quod
2634 3908 2924 3978 Sibyllinos
2960 3906 3124 3960 libros
3157 3909 3366 3973 aperire
3397 3905 3500 3978 du-

1948 3976 2185 4032 bitarent
2229 3997 2242 4031 :
2286 3976 2453 4032 Miror
2483 3995 2591 4042 vos,
2632 3976 2803 4046 patres
2848 3988 3036 4041 sancti,
3083 3977 3277 4045 inquit,
3317 3976 3500 4026 tandiu

1947 4049 2012 4101 de
2061 4051 2358 4116 aperiendis
2417 4049 2691 4116 Sibyllinis
2734 4048 2997 4100 dubitasse
3048 4047 3230 4110 libris,
3286 4046 3500 4116 perinde

1945 4115 2100 4186 quasi
2136 4121 2191 4173 in
2227 4115 2651 4174 Christianorum
2677 4119 2913 4179 ecclesia,
2941 4133 3042 4170 non
3075 4121 3125 4170 in
3163 4117 3349 4183 templo
3375 4115 3500 4186 deo-

1947 4185 2064 4242 rum
2112 4195 2342 4243 omnium
2380 4193 2699 4244 tractareti's.
2745 4189 2942 4242 Euseb.
2986 4189 3076 4241 lib.
3127 4202 3252 4249 uti,
3295 4199 3415 4251 cap.
3443 4185 3498 4245 1,

1947 4261 2035 4310 ubi
2073 4261 2304 4324 loquitur
2349 4263 2416 4315 de
2465 4261 2751 4313 interVallo
2797 4258 3050 4325 temporis
3091 4261 3230 4324 quod
3277 4253 3498 4325 pacilice

1946 4322 2156 4382 etlluxii
2179 4347 2208 4381 a
2243 4328 2511 4383 Valeriani
2548 4322 2920 4396 persecutione
2944 4328 3009 4380 ad
3036 4322 3153 4379 eam
3183 4339 3341 4393 quam
3376 4322 3501 4396 Dio-

1947 4400 2209 4453 cletianus
2259 4395 2601 4454 commovit:
2639 4399 2790 4461 Quis,
2827 4401 3028 4461 inquit,
3070 4395 3500 4448 innumerabilem

296 4461 548 4533 eversurit',
581 4461 939 4538 misericordia
981 4461 1194 4538 Domini
1239 4461 1545 4536 fabricatur.
1575 4461 1715 4522 ldein
1754 4486 1844 4523 eo-
1874 4461 1919 4516 D
1947 4468 2214 4522 hominum
2255 4471 2484 4538 quotidie
2519 4471 2588 4521 ad
2636 4473 2791 4536 [idem
2841 4466 3036 4538 Christi
3072 4464 3498 4538 confugientium

294 4549 419 4596 dem
463 4543 557 4595 lib.
587 4555 642 4604 ν,
674 4555 822 4594 nutu.
868 4536 953 4602 11,
1004 4537 1245 4604 loquitur
1287 4543 1350 4592 de
1385 4538 1610 4592 ecclesia
1643 4553 1762 4608 qua:
1791 4541 1845 4594 in

299 4614 430 4667 urbe
463 4612 707 4680 Phrygia:
733 4613 801 4662 ab
828 4609 1058 4661 ethnicis
1086 4609 1238 4676 jussu
1283 4609 1524 4676 praisidis
1567 4619 1847 4664 combusta

297 4695 419 4736 est:
459 4686 636 4751 Aliqui
670 4687 736 4751 ad
761 4680 1124 4751 occidendum
1169 4680 1459 4747 prtecipites
1503 4684 1843 4746 exstiterunt,

294 4765 427 4804 sicut
460 4749 590 4806 unus
617 4754 670 4804 in
702 4749 955 4818 Phrygia,
983 4751 1073 4818 qui
1117 4752 1413 4803 universum
1449 4752 1694 4820 papulum
1729 4767 1844 4804 cum

298 4839 407 4885 1,150
429 4825 628 4891 pariter
651 4824 1006 4876 conventiculo
1031 4825 1396 4874 concremavit.
1424 4820 1590 4891 Ideni
1606 4822 1743 4874 libro
1771 4822 1845 4874 De

297 4897 552 4945 mortibus
597 4903 982 4961 persecutorem
1009 4906 1230 4946 eversas
1276 4894 1330 4945 in
1360 4897 1492 4946 orbe
1536 4890 1844 4945 Christiano

295 4963 555 5018 ecclesias
606 4966 825 5017 uberius
879 4973 1289 5017 commemorat.
1353 4962 1572 5015 Eversa:
1626 4977 1843 5032 quoque

297 5044 426 5086 sunt
472 5034 526 5086 in
560 5033 748 5088 Galliis
798 5032 887 5086 ubi
937 5034 1282 5088 Constantius
1333 5034 1668 5102 imperabat:
1701 5032 1842 5086 Con-

296 5105 545 5169 stantius,
576 5105 749 5171 inquit
788 5103 881 5156 lib.
913 5104 991 5156 De
1024 5116 1178 5157 mort.
1205 5117 1485 5173 persecat.,
1515 5120 1633 5173 cap.
1660 5104 1744 5167 15,
1780 5118 1843 5156 ne

295 5176 571 5227 dissentire
603 5176 859 5227 videretur
899 5191 931 5226 a
974 5174 1259 5242 majoribus
1299 5175 1586 5243 prwceptis,
1622 5189 1839 5226 concen-

295 5248 484 5307 ticula,
525 5245 578 5297 id
626 5255 699 5297 est
736 5255 982 5312 parietes,
1023 5249 1112 5312 qui
1153 5246 1354 5298 restitui
1396 5255 1663 5311 poterunt,
1699 5244 1839 5295 dirui

293 5333 477 5386 passus
519 5328 616 5381 est,
655 5331 827 5386 verum
856 5325 1028 5368 autem
1072 5315 1167 5370 Dei
1202 5319 1467 5382 templum,
1505 5321 1641 5381 quod
1679 5313 1840 5386 estin

293 5385 618 5452 nominibus,
667 5385 925 5440 incolume
979 5391 1220 5441 servavit.
1274 5387 1428 5438 'l'uue
1480 5387 1736 5452 temporis
1784 5385 1837 5435 in

223 5505 228 5518 ..
294 5458 483 5515 Galliis
529 5463 757 5529 degebat
798 5456 1141 5524 Laetantius,
1189 5469 1245 5512 et
1292 5457 1632 5529 institutioni
1660 5453 1837 5529 Crispi

229 5533 231 5536 ’
294 5533 539 5586 vacabat.
576 5525 709 5584 Cum
736 5543 864 5596 ergo
882 5531 956 5582 ait
989 5529 1267 5592 Eusebius,
1297 5529 1344 5582 ll
1355 5528 1501 5580 istor.
1527 5525 1707 5579 eccles.
1741 5525 1835 5579 lib.

293 5614 418 5665 vni,
460 5619 576 5675 cap.
611 5601 694 5666 t5,
743 5601 1114 5675 Constantium
1158 5601 1575 5675 Chlorutu_n0u
1625 5601 1835 5675 destru-

295 5678 440 5728 Xisse
479 5668 772 5735 ecclesias,
819 5672 955 5742 μήτε
991 5674 1114 5733 τοὺς
1154 5688 1332 5734 οικους
1388 5669 1494 5723 τῶν
1537 5668 1836 5742 ἐκκλησιῶν

291 5744 550 5816 καθελών,
592 5762 743 5801 tuens
787 5741 903 5813 eius
947 5758 1008 5798 ex
1043 5743 1325 5799 Lactantio
1374 5741 1686 5812 accipienda
1722 5752 1830 5806 est;

1946 4541 2173 4603 turbam,
2212 4535 2328 4607 quis
2365 4535 2644 4593 numerum
2683 4537 3021 4592 ecclesiarum
3065 4537 3116 4588 in
3150 4535 3373 4607 singulis
3404 4549 3498 4607 ur-

1947 4609 2118 4673 bibus,
2141 4604 2257 4680 quis
2292 4611 2520 4663 illustres
2557 4611 2865 4680 populorum
2899 4621 3180 4680 concursus
3211 4607 3267 4680 in
3294 4604 3494 4656 (edibus

1943 4677 2635 4752 sacris,'cumulatepossit
2677 4679 2967 4732 describere
2989 4678 3017 4752 ?_
3057 4693 3157 4746 quo
3193 4677 3392 4752 [actum
3422 4681 3500 4725 est

1945 4759 2002 4802 ut
2035 4753 2219 4819 priscis
2247 4745 2486 4819 wdi/iciis
2515 4751 2627 4816 jam
2661 4765 2764 4803 non
2795 4749 3043 4812 contenti,
3081 4762 3134 4798 in
3162 4745 3380 4813 singulis
3410 4759 3500 4795 ur-

1944 4821 2092 4875 bibus
2121 4824 2383 4890 spatiosas
2415 4821 2477 4873 ab
2514 4822 2639 4888 ipsis
2669 4819 3021 4890 fundamentis
3057 4824 3376 4890 egistruerent
3415 4830 3501 4890 ecf

1942 4885 2158 4946 clesias.
2177 4893 2418 4946 Celebris
2452 4885 2750 4958 Lautprt‘dii
2794 4889 2944 4944 locus
2973 4890 3024 4958 in
3063 4885 3190 4958 Vita.
3211 4885 3498 4938 Alexandri

1944 4961 2144 5026 Severi,
2193 4978 2313 5031 cap.
2353 4963 2443 5026 49,
2492 4956 2691 5014 invicte
2743 4961 2933 5031 probat
2987 4956 3334 5031 Christianos
3375 4964 3500 5031 tune
3554 4987 3558 4991 -

1943 5025 2202 5100 temporis
2233 5025 2418 5086 Romae
2442 5032 2728 5086 ecclesiam
2745 5025 3028 5100 habuisse.
3057 5028 3187 5081 Cum
3210 5025 3499 5079 Cnristiaui

1939 5098 2213 5169 quemdam
2261 5104 2433 5156 locum
2478 5102 2569 5171 qui
2613 5101 2850 5174 publicus
2901 5098 3069 5174 fuerat
3130 5105 3496 5174 occupassent”

1941 5168 2125 5243 contra
2158 5175 2419 5242 popinarii
2449 5168 2673 5226 dicere—nt
2702 5171 2803 5223 sibi
2831 5185 2948 5243 eum
2979 5168 3189 5234 deberi,
3212 5168 3492 5243 uictori?“

1940 5234 2242 5310 imperator,
2273 5246 2456 5296 melius
2487 5259 2594 5295 esse
2633 5252 2688 5294 ut
2717 5237 3310 5313 quaiiiodocunqueillic
3355 5234 3494 5313 Deus

1941 5303 2169 5378 colatur,
2216 5303 2373 5382 quam
2409 5313 2700 5381 popinariis
2727 5303 3401 5382 'dedatur.:l'ertullianus,
3433 5303 3494 5379 de

1943 5384 2104 5450 ldol.,
2141 5377 2262 5453 cap.
2305 5387 2356 5447 7,
2388 5377 2485 5436 ubi
2507 5377 3173 5453 Christianorqualiquot
3203 5377 3375 5453 carpit
3397 5377 3496 5450 qui

1937 5456 2076 5509 idola
2104 5461 2170 5510 ad
2209 5450 2372 5510 iisqu
2418 5458 2699 5522 gentilium
2739 5451 3166 5522 fabricabantur,
3215 5450 3494 5522 ecclesiam

1938 5527 2168 5583 Domum
2208 5529 2303 5580 Dei
2333 5511 2507 5580 voc-Tit.
2543 5523 2675 5577 Tota
2705 5524 2788 5574 die
2829 5520 2897 5571 ad
2938 5519 3072 5570 hunc
3119 5523 3320 5576 partem
3350 5511 3492 5635 ,γέλω

3391 5599 3404 5634 i
3450 5597 3492 5635 ei

3372 5591 3494 5646 ιέαει

2004 5741 2117 5815 (6'2)
2154 5737 2223 5793 Τὸ
2253 5734 2489 5791 πιστόν.
2530 5730 2964 5803 Malleth'iietus
2989 5726 3104 5780 τόδε
3140 5723 3357 5791 πιστόν..
