3972 6160
528 291 664 346 23εὸ

1981 289 2294 348 ORIGENIS

3630 301 3769 357 ’ΞΗ

524 414 648 468 dico
675 428 704 466 a
727 428 863 481 pura
895 414 1226 469 conscientia
1250 411 1480 468 oblatas.
1514 412 1670 468 Unde
1700 411 1752 465 in
1780 412 2078 483 Apocalyps

2205 412 2465 482 μιάματα,
2505 412 2558 463 αἱ
2597 411 2892 481 προσευχαὶ
2939 410 3046 464 ἀπὸ
3094 403 3451 484 συνειδήσεως
3495 413 3768 486 καθαρᾶς.

523 503 750 559 Joannis
796 507 872 560 ’σε
906 505 1263 560 Odoramenta
1312 518 1482 559 autem
1520 516 1638 558 sunt
1675 507 1933 558 orationes
1970 523 2096 558 san-

526 608 764 661 ctorum;
795 608 848 650 et
875 600 1012 666 apud
1046 596 1297 650 Psalten:
1330 595 1454 649 Fiat
1487 597 1656 648 oratio
1689 612 1802 648 mea
1835 597 1966 647 sicut
2016 595 2096 646 in-

531 704 744 741 censum
777 691 829 740 in
853 701 1126 755 conspectu
1150 701 1239 742 tuo
1273 689 1337 743 "'.
1372 687 1580 742 Statum
1601 703 1726 740 vero
1748 697 1800 742 et
1825 688 1962 739 dona
1991 687 2098 741 Deo

538 781 913 835 canvenientia
941 796 1046 835 non
1080 796 1140 834 ea
1170 789 1294 834 sunt
1321 796 1439 850 qua:
1465 779 1762 834 mechanici
1793 778 2094 844 fabricam;

530 873 624 928 sed
657 888 776 943 qua:
806 890 836 928 a
863 874 953 928 Dei
987 875 1154 929 verbo
1182 874 1407 928 formata
1436 883 1489 927 et
1513 872 1758 940 expolita
1801 883 1925 925 sunt
1957 873 2095 926 intra

524 980 649 1019 nos:
693 965 919 1021 virtutes
947 967 1222 1029 videlicet,
1259 965 1452 1034 quibus
1527 965 1802 1018 imitamur
1834 963 2098 1032 Primoge—

524 1057 690 1108 nilum
708 1057 874 1111 omnis
889 1057 1226 1121 creaturtc”,
1248 1057 1297 1110 in
1317 1072 1426 1124 quo
1447 1055 1688 1122 justilim,
1709 1054 2093 1123 temperantiae,

521 1149 874 1213 fortitudinis,
889 1151 1184 1218 sapientiae,
1199 1149 1413 1217 pietatis
1426 1155 1479 1202 et
1496 1148 1822 1215 reliquarum
1837 1146 2096 1200 virtutum

519 1241 767 1308 exetnpla
805 1249 949 1293 sunt.
982 1239 1236 1306 Quisquis
1265 1239 1428 1308 igitur
1461 1237 1630 1290 verbo
1661 1236 1842 1290 divino
1876 1251 2094 1304 parens,

524 1333 961 1400 temperantiam,
995 1331 1286 1400 justitiam.
1323 1325 1720 1390 fortitudinem,
1746 1329 2090 1397 sapientiam,

532 1423 788 1492 pietatem
816 1435 1146 1491 cteterasque
1171 1424 1394 1478 virtutes
1426 1423 1526 1478 sibi
1563 1423 1914 1490 comparavit,
1951 1423 2002 1474 in
2033 1437 2098 1475 eo

520 1524 651 1568 sunt
694 1524 908 1577 statuae,
956 1513 1159 1583 quibus
1186 1531 1504 1583 persuasum
1550 1514 1700 1568 nobis
1731 1522 1811 1567 est
1845 1511 2096 1565 honorari

520 1607 717 1660 debere
745 1605 983 1658 omnium
1021 1617 1323 1660 statuarum
1363 1606 1657 1674 exemplar,
1692 1603 1784 1658 Dei
1817 1603 2096 1656 invisibilis

521 1697 837 1766 imaginem,
866 1696 1202 1766 unigenitum
1228 1695 1418 1750 Deum.
1444 1695 1545 1750 Sed
1563 1705 1616 1750 et
1636 1696 1723 1764 qui
1746 1695 2093 1764 erspoliautes

2199 503 2288 555 Διὸ
2306 504 2448 574 λέγει
2475 501 2582 573 (65)
2610 503 2756 574 παρά
2783 502 2860 572 τῷ
2901 503 3121 574 Ἰωάννῃ
3147 505 3204 555 ἐν
3229 506 3296 574 τῇ
3333 503 3767 575 Ἀποκιιῖὐψεν

2204 596 2278 649 Τὰ
2312 596 2378 647 δὲ
2409 593 2738 663 θυμιάματά
2776 596 2932 647 εἰσιν
2963 597 3021 646 al
3053 595 3381 662 προσευχαὶ
3408 594 3527 649 τῶν
3557 597 3768 665 ἁγίων-ο

2199 689 2291 740 καὶ
2320 687 2467 757 παρᾶ
2493 687 2569 756 τῷ
2598 685 2873 758 Ύμνῳδῷ·
2904 685 3221 753 Γενηθήτω
3249 687 3286 755 ἠ
3310 689 3619 757 προσευχή
3645 709 3769 760 μου

2197 781 2273 845 ὡς
2317 781 2575 848 θυμίαμα
2603 779 2858 831 ἐνώπιόν
2888 795 3026 832 σου.
3077 778 3389 849 Ἀγάλματα
3420 779 3477 833 δὲ
3509 781 3604 833 καὶ
3632 784 3769 855 πρέ-

2197 889 2363 925 ποντα
2399 872 2516 942 Θεῷ
2544 871 2883 942 ἀναθήματα,
2917 872 3012 940 οὐχ
3047 871 3150 924 ὑπὸ
3184 871 3465 941 βαναύσων
3503 875 3767 946 τεχνιτῶν

2195 961 2691 1032 κατεσκευασμένα,
2715 961 2826 1014 ἀλλ’
2850 961 2953 1013 ὑπὸ
2967 961 3123 1030 λόγου
3145 961 3279 1014 Θεοῦ
3297 979 3326 1014 τ
3332 962 3492 1034 ρανού
3500 981 3634 1034 μενα
3649 963 3764 1034 (οι)

2197 1055 2289 1107 καὶ
2322 1053 2670 1124 μορφούμενα
2704 1054 2760 1106 ὲν
2805 1054 2955 1123 ἡμῖν,
2980 1054 3035 1105 αἱ
3068 1052 3280 1122 ἀρεταὶ,
3307 1054 3602 1125 μιμήματα
3632 1074 3768 1126 τυγο

2195 1147 2449 1217 χάνουσαι
2474 1145 2566 1198 τοῦ
2589 1148 2970 1214 Πρωτοτόκου
2990 1144 3192 1212 πάσης
3206 1147 3474 1212 κτίσεως,
3501 1149 3558 1201 ὲν
3578 1142 3622 1217 ᾧ
3643 1151 3766 1203 ἐστι

2194 1239 2553 1309 δικαιοσύνης,
2599 1239 2690 1290 καὶ
2726 1237 3098 1310 σωφροςύνης,
3131 1238 3225 1291 καὶ
3258 1239 3522 1310 ἀνδρείας,
3555 1242 3651 1294 καὶ
3683 1260 3768 1294 σο-

2197 1333 2344 1402 φίας,
2382 1332 2474 1385 καὶ
2506 1330 2780 1394 εὐσεϐείας
2827 1330 2918 1384 καὶ.
2951 1329 3058 1383 τῶν
3098 1328 3298 1383 λοιπῶν
3338 1331 3546 1402 ἀρετῶν
3584 1351 3767 1404 παρα-

2194 1423 2475 1494 δείγματα.
2541 1423 2628 1474 Ἐν
2668 1423 2830 1474 πᾶσιν
2859 1418 2952 1474 οὖν
2993 1421 3109 1474 ὲστι
3145 1423 3259 1484 τοῖς
3301 1421 3440 1475 κατά
3480 1422 3575 1476 τὸν
3618 1425 3765 1477 θεῖον

2194 1515 2351 1583 λόγον
2386 1514 2733 1586 σωφροσύνην
2781 1516 2990 1578 ἑαυτοῖς
3040 1515 3500 1578 κατασκευάσασι,
3543 1518 3641 1570 καὶ
3682 1517 3764 1571 δι-

2194 1607 2504 1678 καιοσύνην,
2537 1609 2627 1660 καὶ
2653 1607 2921 1678 ἀνδρείαν,
2958 1605 3050 1659 καὶ
3095 1607 3305 1674 σοφίαν,
3333 1608 3427 1658 καὶ
3453 1608 3758 1672 εὐσέϐειαν,

2196 1699 2290 1751 καὶ
2317 1697 2422 1751 τῶν
2447 1697 2646 1750 λοιπῶν
2689 1696 2894 1767 ἀρετῶν
2920 1696 2986 1748 τὰ
3018 1695 3532 1766 κατασκευάσματα,
3588 1699 3761 1765 ἀγαλ-

515 1799 737 1841 ueterem
754 1789 1012 1842 hominem
1030 1804 1144 1840 cum
1175 1789 1375 1840 actibus
1397 1790 1505 1840 suis
1522 1799 1566 1840 et
1591 1788 1862 1841 iuduentes
1881 1804 2078 1840 novum.

2202 1808 2346 1862 ματα
2364 1809 2376 1821 ο
2404 1785 2483 1853 οἷς
2505 1790 2714 1861 πρέπον
2743 1789 2850 1859 (65)
2875 1784 3011 1841 εἷναι
3043 1787 3384 1859 πεπείσμεθα
3406 1791 3670 1859 τιμᾶσῖται
3701 1793 3763 1842 το

517 1895 635 1932 eum
657 1880 745 1948 qui
775 1890 1051 1933 renovatur
1077 1882 1128 1932 in
1146 1879 1460 1946 agnitionem
1483 1879 1766 1931 secundum
1792 1878 2072 1947 imaginem

525 1971 641 2040 ejus
691 1972 783 2042 qui
824 1973 1019 2026 creavit
1072 1971 1219 2024 illum
1250 1972 1312 2033 η,
1367 1971 1418 2024 id
1467 1971 1698 2025 assecuti
1734 1980 1853 2025 sunt
1895 1981 1951 2023 ut
1984 1971 2126 2024 sint

520 2067 812 2118 secundum
845 2062 1132 2131 imaginem
1181 2065 1478 2130 Creatoris,
1515 2063 1552 2117 ii
1588 2063 1639 2116 in
1699 2077 1758 2117 se
1805 2060 2090 2115 simulacra

521 2157 745 2222 faciunt,
783 2156 966 2224 qualia
1007 2172 1254 2227 summus
1285 2161 1422 2212 Deus
1475 2156 1730 2226 postulat.
1784 2156 1982 2210 Verum
2029 2166 2086 2209 ut

521 2251 660 2304 inter
677 2250 1094 2303 simulacrorum
1125 2250 1362 2304 artifices
1397 2249 1485 2302 alii
1520 2264 1652 2318 upus
1696 2248 2086 2303 admirabiliter

518 2342 826 2409 perficiunt,
862 2353 921 2397 ut
954 2344 1174 2398 Phidias
1199 2356 1250 2398 et
1279 2345 1582 2415 Polycletus
1609 2353 1664 2399 et
1696 2345 1927 2414 pictores
1953 2343 2084 2396 Zen-

521 2438 600 2489 xis
663 2446 718 2489 ct
776 2437 1034 2505 Apelles;
1104 2436 1193 2490 alii
1269 2436 1640 2506 imperfectius
1695 2437 1801 2491 illis
1865 2437 2088 2491 simula-

513 2543 608 2582 cra
647 2526 874 2589 faciunt,
917 2527 1006 2580 alii
1053 2530 1227 2581 adbnc
1269 2528 1387 2580 istis
1433 2528 1609 2581 minus
1657 2528 1986 2595 suntperiti,
2033 2541 2082 2582 ct

516 2619 678 2692 756
703 2622 755 2674 in
771 2637 980 2673 summa
1007 2637 1198 2690 magno
1215 2621 1533 2674 discrimine
1550 2621 1834 2674 simulacra
1858 2630 1912 2673 et
1943 2619 2081 2672 inta-

516 2713 667 2780 giues
706 2712 870 2774 fiunt;
907 2713 985 2765 sic
1015 2722 1140 2765 sunt
1169 2713 1406 2779 quidam,
1439 2712 1527 2780 qui
1572 2711 1761 2766 smmni
1799 2713 1885 2766 Dei
1925 2712 2084 2764 simu-

514 2803 658 2857 lacra
712 2802 904 2857 melius
958 2813 1013 2857 et
1056 2801 1346 2872 perfectius
1389 2801 1615 2869 faciant;
1652 2803 1727 2856 ita
1775 2811 1831 2855 ut
1875 2801 2082 2872 Jupiter

587 2961 633 2994 ¹⁶
659 2962 829 3030 Apoc.
860 2975 914 3026 v,
939 2958 992 3014 8.
1069 2960 1110 2991 ιτ
1143 2957 1346 3013 Psalm.
1377 2973 1504 3026 CXL,
1532 2957 1586 3010 9..

1667 2958 1708 2990 ⁸⁸
1743 2957 1948 3012 Coloss.
1981 2973 2018 3020 t,
2053 2956 2143 3012 15.

2198 1880 2544 1953 πρωτότυπον
2566 1879 2779 1931 πάντων
2804 1877 3151 1953 ἀγαλμάτων,
3176 1876 3485 1947 τὴνηείκόνα
3506 1877 3599 1929 τοῦ
3623 1879 3760 1930 Θεοῦ

2196 1949 2286 2027 τοῦ
2309 1973 2561 2044 ἀοράτου,
2595 1970 2686 2024 τὸν
2714 1949 2972 2041 μονογενῆ
2993 1969 3141 2022 Θεὸν.
3180 1966 3338 2022 Ἀλλά
3361 1969 3453 2023 καὶ
3477 1973 3529 2023 oi
3549 1969 3764 2023 ἐκδυό-

2188 2083 2358 2135 μενοι
2391 2065 2496 2116 τὸν
2526 2061 2785 2116 παλαιὸν
2811 2061 3124 2130 ἄνθρωπον
3153 2059 3273 2114 σὺν
3297 2058 3428 2125 ταῖς
3460 2059 3765 2127 πράξεσιν

2187 2157 2393 2222 αὐτοῦ,
2418 2155 2514 2208 καὶ
2539 2153 2882 2221 ἐνδυόμενοι
2901 2151 3010 2205 τὸν
3026 2152 3187 2215 νέον,
3211 2151 3317 2206 τὸν
3335 2152 3766 2220 ἀνακαινούμε-

2186 2269 2296 2304 νον
2308 2253 2394 2316 εὶς
2405 2249 2728 2318 ἐπίγνωσιν
2740 2247 2864 2300 κατ’
2877 2247 3079 2299 εἰκόνα
3096 2246 3198 2299 τοῦ
3215 2246 3531 2310 κτίσαντος
3544 2243 3759 2308 αὐτόν,

2186 2344 2248 2395 τὸ
2276 2343 2393 2394 κατ’
2435 2340 2616 2393 εἰκόνα
2657 2338 2750 2392 τοῦ
2778 2337 3058 2401 κτίσαντος
3095 2333 3234 2389 εἷναι
3262 2335 3758 2405 ἀναλαμϐάνοντες,

2189 2432 2476 2502 ἀγάλματα
2503 2434 2560 2482 ὲν
2593 2432 2802 2492 ἑαυτοῖς
2828 2428 3088 2490 ποιοῦσιν,
3143 2429 3301 2479 ὁποῖα
3331 2425 3575 2496 βούλεται
3603 2428 3631 2479 ὁ
3657 2427 3759 2478 ἐπὶ

2190 2527 2322 2579 πᾶσι
2342 2524 2471 2588 Θεὸς
2491 2525 2693 2585 ἐκεῖνος
2711 2520 2838 2592 (66).
2861 2521 3069 2590 Ὥσπερ
3092 2518 3147 2571 δὲ
3163 2519 3258 2571 καὶ
3272 2517 3484 2571 ἐπὶτῶν
3505 2519 3758 2588 ἀγαλμα-

2187 2615 2438 2680 τοποιῶν,
2455 2617 2504 2667 οἱ
2530 2614 2626 2684 μὲν
2651 2613 2792 2675 τινές
2823 2613 2926 2664 εἰσι
2950 2608 3273 2680 Θαυμαστῶς
3290 2609 3674 2681 κατορθοῦντες
3693 2611 3758 2662 τὸ

2187 2709 2365 2782 ἔργον,
2397 2707 2583 2778 ὥσπερ
2624 2711 2792 2760 εἰπεῖν
2833 2705 3126 2776 Φειδίας,ἥ
3168 2703 3539 2767 Πολύκλειτος,
3579 2705 3614 2776 ἢ
3647 2703 3758 2770 ζω-

2188 2803 2386 2876 γράφοι
2435 2800 2640 2866 Ζεῦξις,
2699 2799 2794 2853 καὶ
2848 2798 3138 2870 Ἀπελλῆς·
3193 2797 3369 2871 ἕτεροι
3419 2795 3475 2851 δὲ
3532 2798 3755 2852 ἔλαττον

2222 2955 2263 2988 ¹⁹
2290 2954 2496 3010 Coloss.
2527 2970 2608 3019 ιιι,
2634 2953 2688 3020 9,
2728 2952 2812 3007 10.

520 3117 639 3170 ‘idei
665 3115 954 3186 perorabit,
983 3115 1245 3186 ingemens
1270 3112 1626 3186 Cltristiauunt
1655 3112 1723 3186 ab
1742 3111 1897 3164 idolis
1926 3112 1983 3186 in
2006 3128 2088 3186 ec-
2115 3124 2155 3180 ε
2192 3120 2417 3186 gnanles
2449 3126 2555 3186 non
2600 3118 2806 3186 tantum
2836 3125 2970 3186 vana
2999 3124 3121 3186 esse
3148 3110 3748 3186 sintnlacraafiirmant,

516 3181 736 3240 clesiam
759 3187 946 3246 venire,
971 3181 1346 3250 de’adversarii
1369 3183 1573 3250 ofﬁcina
1607 3183 1662 3233 in
1691 3184 1904 3234 domum
1947 3181 2079 3235 Dei:

520 3256 762 3308 attollere
800 3258 867 3306 ad
896 3256 1063 3306 Deum
1109 3249 1324 3304 Patrem
1358 3249 1541 3303 inaniis
1578 3262 1769 3303 matres
1795 3252 2075 3305 idolorum.
2120 3273 2122 3275 ·

517 3327 657 3380 Idem
687 3326 890 3378 advers.
936 3321 1166 3385 Valent.,
1195 3337 1310 3389 cap.
1365 3321 1418 3386 ‘2,
1453 3323 1738 3375 ceclesiam
1793 3331 1949 3373 vocat
1982 3326 2079 3374 do-

516 3412 660 3450 mum
693 3396 968 3460 columbis,
1006 3403 1058 3445 et
1091 3391 1164 3445 De
1207 3409 1387 3446 coron.
1435 3395 1613 3458 milit.,
1655 3407 1770 3459 (ap.
1806 3393 1858 3451 5.
1902 3391 2078 3459 loqui-

523 3480 610 3520 tur
641 3469 706 3519 de
744 3465 1064 3534 baptisterio
1089 3475 1141 3518 et
1173 3465 1237 3515 de
1264 3465 1516 3526 ecclesia,
1550 3474 1606 3514 ut
1641 3466 1705 3534 tle
1736 3463 1942 3515 duobus
1967 3477 2081 3534 om-

521 3539 650 3590 nino
676 3533 951 3589 distinctis
975 3535 1105 3588 locis
1135 3549 1148 3584 :
1183 3535 1383 3602 Aquam
1415 3534 1617 3584 adituri
1645 3533 1858 3595 ibidem,
1901 3533 1989 3585 sed
2033 3544 2079 3586 et

516 3607 789 3676 aliquanto
819 3609 964 3674 prius
992 3606 1046 3657 in
1068 3605 1305 3676 ecclesia,
1334 3604 1426 3676 sub
1452 3605 1700 3656 antistitis
1724 3619 1881 3655 manu
1904 3611 2078 3676 conte-

512 3673 714 3730 stamur
740 3673 832 3729 nos
863 3678 1161 3729 renuntiare
1183 3675 1412 3736 diabolo,
1451 3684 1498 3726 et
1531 3689 1750 3740 pompte,
1783 3684 1830 3725 et
1881 3673 2080 3739 angelis

512 3747 647 3815 ejus.
685 3748 985 3815 Cyprianus
1016 3745 1091 3797 De
1140 3761 1281 3812 oper.
1306 3752 1356 3796 et
1393 3743 1729 3815 eleemmyn.,
1779 3759 1901 3811 pag.
1951 3742 2076 3808 205,

516 3799 832 3884 locutu—qlia
857 3816 1150 3869 Christiani
1172 3799 1572 3884 'rouveniebant
1611 3799 1944 3884 Dominicuum
1980 3799 2076 3884 vo;

515 3897 624 3952 cat,
663 3897 717 3939 et
748 3883 913 3954 epist.
951 3885 1040 3948 55,
1073 3886 1142 3936 al.
1166 3883 1255 3947 59,
1288 3884 1358 3954 ad
1383 3883 1874 3954 Cornel.,opponit,
1898 3883 2078 3936 eccle-

515 3957 651 4010 siam
701 3957 970 4024 Capitolio
1019 3965 1074 4007 et
1121 3955 1293 4008 altare
1345 3953 1559 4006 Domini
1611 3957 1718 4024 aris
1765 3953 2075 4024 idolorum:

516 4026 658 4090 Quid
698 4020 952 4092 superest,
1007 4025 1199 4092 inquit,
1250 4039 1406 4092 quam
1456 4032 1513 4074 ut
1547 4023 1760 4076 ecclesia
1816 4020 2075 4085 Capitolio

511 4100 682 4162 cedat,
715 4105 764 4150 et
789 4096 1141 4149 recedentibus
1177 4094 1529 4147 sacerdotibus
1571 4108 1630 4146 ac
1665 4092 1874 4144 Domini
1909 4093 2076 4144 altare

510 4167 909 4231 removentibus,
943 4168 998 4218 in
1026 4166 1149 4217 cleri
1188 4165 1350 4216 nostri
1389 4179 1599 4216 sacrum
1630 4162 2076 4230 venerandutnque

511 4253 808 4292 consessum
845 4236 1126 4290 simulacra
1149 4247 1301 4304 atque
1322 4232 1462 4285 idola
1496 4250 1610 4286 cum
1635 4234 1741 4286 aris
1765 4233 1871 4285 suis
1898 4244 2076 4286 trans-

509 4318 654 4361 eant.
701 4309 937 4376 lguatius
986 4303 1706 4376 Inarlyrg’stcculosecundo
1746 4303 1926 4376 fideles
1950 4304 2077 4354 hur-

515 4373 814 4432 tabalurvul
838 4381 887 4430 in
920 4393 1082 4431 unum
1115 4373 1277 4430 veluti
1304 4374 1554 4441 templum
1583 4373 1672 4427 Dei
1697 4373 2026 4426 confluerent
2057 4387 2070 4422 :

513 4449 714 4512 Πάντες
744 4445 856 4511 οῦν,
891 4449 1063 4515 inquit
1111 4446 1277 4512 Epist.
1313 4449 1381 4497 ad
1423 4443 1686 4513 Magnes.,
1709 4461 1878 4515 guunt.
1920 4444 1973 4503 7,
1997 4442 2073 4504 ὡς

511 4521 590 4583 εἰς
621 4519 715 4573 ἕνα
749 4520 874 4572 ναὸν
904 4513 1217 4588 συντρέχει-ε
1261 4514 1417 4588 Θεοῦ,
1466 4515 1538 4576 ὡς
1574 4515 1663 4566 ἐπὶ
1685 4513 1753 4588 ,ἓν
1781 4514 2071 4588 fluctuati;-

513 4607 646 4662 ριον.
679 4590 808 4662 Item
852 4584 1045 4662 μήτις
1072 4584 1138 4638 ad
1179 4587 1635 4662 l-‘ltiladelpnenos,
1684 4584 1738 4662 ἓν
1779 4584 2067 4662 θυσιαστήτ

551 4677 648 4722 ιον,
698 4660 772 4722 ὼς
824 4655 902 4721 εἷς
945 4658 1237 4718 ἐπίσκοπος
1287 4658 1402 4726 ἅμα
1445 4654 1522 4724 τῷ
1557 4654 1931 4725 πρεσϐυτερίῳ
1970 4654 2066 4726 ,καὶ

510 4725 774 4792 διακόνοις
803 4732 914 4791 τοῖς
964 4727 1263 4789 συνδούλοις
1313 4743 1434 4796 μου,
1483 4743 1643 4778 unum
1688 4727 1878 4786 altare,
1932 4725 2065 4796 sicut

512 4817 646 4853 unus
667 4801 958 4866 episwpus,
980 4815 1094 4851 cum
1129 4795 1446 4865 presbyterio
1465 4807 1510 4849 et
1540 4797 1773 4848 diacouis
1805 4795 2064 4847 conservis

510 4872 660 4925 meis.
691 4869 953 4924 Satviente
980 4868 1351 4937 persecutione
1379 4883 1500 4920 cum
1546 4867 1613 4918 ab
1661 4867 1802 4918 omni
1844 4878 2064 4937 prorsus

511 4950 781 4994 conventu
861 4934 1244 5008 imperatorum
1306 4938 1468 4990 editis
1528 4936 1814 5008 Christiani
1875 4934 2063 4988 exclu-

508 5013 790 5074 derentur,
846 5006 1167 5077 quocunque
1221 5011 1335 5062 loco
1385 5016 1632 5078 poterant
1677 5006 1742 5058 ad
1777 5019 2060 5078 peragen-

510 5084 633 5135 dam
674 5074 915 5152 synaxiin
958 5074 1476 5152 conveniebantgut
1520 5087 1745 5152 testatur
1777 5074 2064 5152 Dionysius

511 5146 910 5207 Alexandrinus
941 5151 1080 5218 apud
1112 5150 1306 5204 Euseb.
1339 5150 1432 5203 lib.
1467 5163 1535 5201 vn
1581 5146 1742 5208 Hist.,
1774 5162 1892 5218 cap.
1935 5146 2005 5197 2:).
2043 5161 2058 5197 :

508 5222 744 5294 Cumque
796 5222 860 5294 ab
899 5217 1137 5276 omnibus
1177 5219 1686 5294 [ugaremur_atque
1744 5217 2063 5294 opprimere-

508 5287 1026 5358 ntur,'niliilominus
1063 5287 1186 5344 tunc
1239 5287 1444 5360 quoque
1489 5287 1646 5360 festos
1691 5289 1886 5360 egimus
1927 5287 2058 5338 dies.

508 5355 692 5429 Quiuis
719 5365 883 5431 locus,
908 5364 962 5416 ιιι
987 5379 1087 5432 quo
1109 5355 1282 5416 uarias
1305 5355 1566 5432 ceruinum
1593 5355 1899 5432 singillatim
1935 5372 2063 5432 per-

507 5426 746 5498 tulimus,
787 5426 929 5502 ager,
980 5426 1215 5502 inquam,
1267 5431 1514 5492 solitudo,
1548 5429 1714 5490 navis,
1772 5426 2058 5502 stabulum,

506 5520 706 5570 carcer,
728 5497 894 5557 inst'ar
920 5497 1093 5569 templi
1123 5507 1190 5554 ad
1211 5517 1392 5554 sacros
1434 5510 1710 5570 conuentus
1741 5497 2058 5570 peragenda:

507 5575 626 5638 fuit.
661 5566 741 5628 Ad
799 5566 1088 5627 simulac-ra
1143 5574 1283 5640 quod
1326 5566 1950 5640 attinet,gTertullianus
2004 5568 2056 5618 in

507 5636 1119 5708 Apologetico,Clemens
1145 5636 1701 5712 Alexandrinuslibro
1723 5646 1875 5712 sexto
1905 5636 2058 5712 Stro-

505 5705 656 5782 utat.,
675 5705 954 5782 Origenes
979 5714 1079 5764 hoc
1108 5713 1244 5775 loco,
1273 5711 1527 5782 Minatius
1553 5709 1703 5762 Felix
1721 5709 1786 5782 .in
1815 5705 2056 5782 Octavio,

506 5781 656 5835 Lact.
684 5777 867 5836 ltbfn
913 5783 1175 5846 Ιηδίὶιιιι.,
1229 5798 1347 5850 cap.
1376 5779 1434 5846 2,
1467 5783 1727 5836 adversus
1778 5777 1916 5832 idola
1960 5792 2057 5847 pu-

2190 3180 2282 3234 sed
2316 3191 2369 3234 et
2402 3182 2599 3233 nullam
2631 3181 2696 3233 ab
2738 3180 3046 3250 hominibus
3088 3181 3379 3250 imaginem
3434 3183 3752 3238 Divinitatts

2183 3251 2357 3320 effingi
2395 3263 2644 3317 oportere
2676 3249 2779 3322 nisi
2827 3251 2879 3304 in
2920 3251 3102 3322 animo
3131 3249 3317 3306 nostro
3363 3269 3378 3306 :
3423 3268 3524 3322 qua
3575 3270 3744 3309 exce-

2181 3319 2364 3392 ptione
2428 3337 2644 3375 onmem
2691 3319 2918 3387 efligiem
2969 3319 3062 3374 Dei
3114 3323 3368 3392 sensilem
3425 3319 3745 3378 excludunt.

2181 3390 2242 3444 ἳυ
2270 3392 2518 3446 Clemens
2564 3392 2964 3444 Alexandrinus
2995 3392 3088 3463 lib.
3125 3407 3175 3444 rt
3227 3390 3511 3463 St_romat.,
3544 3393 3744 3463 Orige-

2182 3478 2279 3515 nes
2327 3463 2418 3516 ltb.
2460 3478 2510 3515 tv
2556 3472 2609 3514 et
2657 3477 2707 3512 γι
2758 3473 2939 3514 contra
2987 3460 3228 3526 Celsum,
3262 3461 3627 3518 Tertullianus
3648 3460 3746 3518 ὀε

2181 3543 2362 3599 spect.,
2395 3549 2512 3600 eap.
2542 3532 2613 3584 2:).
2637 3542 2690 3584 et
2713 3531 2803 3591 23,
2827 3531 3134 3599 significant
3161 3531 3360 3586 ludatis
3375 3535 3741 3602 praescriptam

2185 3605 2310 3656 olim
2343 3605 2513 3671 legent
2546 3605 2612 3655 de
2655 3602 2980 3668 imaginibus
3014 3603 3102 3654 Del
3155 3618 3260 3655 non
3310 3601 3637 3658 fabricandis
3671 3606 3742 3657 ad

2182 3673 2518 3726 Christianos
2547 3673 2705 3724 etiam
2740 3672 3032 3736 pertinere.
3060 3672 3114 3727 5°
3139 3673 3393 3728 Clemens
3426 3674 3732 3728 Alexandr.

2181 3745 2235 3796 in
2264 3743 2606 3810 .Protreptica,
2640 3742 2902 3807 Origenes
2937 3742 3028 3797 lib.
3081 3759 3135 3797 IV
3181 3753 3362 3796 contra
3411 3743 3641 3809 Celsum,
3683 3756 3742 3797 et

2181 3811 2406 3866 Tertull.
2437 3817 2509 3864 Ue
2537 3882 2544 3884 Α
2570 3811 2867 3865 idololatria
2911 3828 3117 3866 necnon
3149 3823 3206 3866 et
3234 3823 3414 3867 contra
3445 3814 3737 3884 llernioge-

2180 3899 2295 3952 nem
2326 3892 2470 3934 artes
2498 3882 2747 3949 pingendi
2784 3892 2946 3948 atque
2988 3883 3268 3952 scnlpendi
3310 3882 3738 3938 Cbristianisiut

2178 3964 2232 4005 et
2259 3951 2457 4004 iudicis
2485 3954 2800 4004 interdictas
2829 3962 3036 4020 putant,
3069 3951 3166 4006 nec
3203 3955 3301 4020 bos
3329 3965 3534 4008 tantum
3566 3955 3738 4007 artiﬁ-

2179 4024 2641 4076 cesdeterrentab
2670 4017 3318 4085 idolisl‘abricandis,‘sed
3349 4027 3514 4076 etiam
3545 4024 3734 4077 volunt

2181 4103 2237 4145 nt
2259 4093 2376 4145 aliis
2403 4094 2620 4146 omnino
2642 4092 2851 4145 artibus
2882 4107 2940 4146 se
2968 4094 3281 4146 tradant.4o
3311 4095 3543 4149 Irenasus
3570 4096 3666 4148 lib.
3690 4109 3731 4161 ι,

2177 4179 2296 4231 cap.
2338 4163 2428 4229 ‘25,
2477 4177 2705 4230 eumque
2755 4164 2867 4215 fere
2899 4164 3214 4218 cxseribens
3255 4164 3584 4233 Epiphanius
3619 4167 3732 4218 lue-

2179 4248 2286 4287 res.
2338 4235 2440 4299 ‘27,
2497 4234 2550 4286 id
2610 4244 2862 4303 tanquam
2905 4233 3124 4288 omnino
3172 4235 3446 4302 singulare
3491 4237 3542 4288 in
3596 4251 3730 4303 gno-

2178 4305 2330 4357 stieis
2377 4313 2564 4356 notant
2625 4306 2766 4370 quod
2819 4301 3086 4356 haberent
3122 4301 3395 4373 ,intagines
3445 4301 3647 4358 cnns‘n
3699 4322 3730 4360 e

2177 4373 2334 4427 l’ilali
2395 4373 2726 4445 exentplari,
2772 4383 2830 4425 ut
2877 4374 2949 4445 illi
2995 4374 3350 4440 jactitabant,
3398 4377 3728 4445 desumptas,

2179 4460 2313 4511 quas
2343 4460 2554 4497 summo
2579 4444 2756 4496 studio
2783 4443 3126 4512 occultabant
3157 4463 3220 4498 ac
3247 4446 3527 4512 gentilium
3579 4443 3728 4499 more

2177 4521 2588 4568 veneralmntur.
2642 4512 2771 4567 Vide
2823 4511 3007 4566 lrentci
3042 4517 3200 4568 verba
3232 4511 3350 4583 quae
3404 4533 3510 4568 non
3565 4515 3724 4568 modo

2168 4584 2310 4638 hunc
2336 4584 2536 4638 cultum
2567 4594 2816 4654 arguunt,
2849 4585 2941 4637 sed
2965 4593 3213 4640 elusum.
3238 4585 3295 4637 5°
3324 4584 3623 4640 Nonnullus
3651 4596 3727 4638 ta-

2170 4670 2290 4707 men
2349 4657 2501 4722 isque
2539 4661 2797 4724 probatus
2846 4654 3015 4724 etiam,
3057 4656 3225 4710 tribus
3272 4658 3461 4723 primis
3515 4655 3726 4724 Steculis

2166 4726 2268 4778 luit
2299 4723 2588 4793 imaginum
2628 4741 2777 4778 usus.
2806 4724 2940 4779 Vide
2980 4723 3268 4779 Eusebium
3301 4725 3396 4780 lib.
3430 4740 3500 4778 vn
3552 4723 3722 4786 Hist.,

2167 4811 2284 4862 cap.
2317 4795 2420 4859 l8;
2478 4795 2890 4862 Pbiloslorginm
2944 4794 3203 4848 Ariannm
3249 4795 3343 4848 lib.
3372 4810 3467 4863 vu,
3495 4809 3615 4864 cap.
3648 4795 3722 4858 ὃς

2164 4865 2526 4934 Neepborum
2563 4867 2656 4921 lib.
2690 4880 2762 4926 vi,
2805 4880 2924 4932 cap.
2957 4866 3057 4929 15;
3108 4865 3468 4920 Sozomenum
3524 4865 3619 4920 lib.
3673 4880 3723 4928 v,

2166 4951 2284 5004 cap.
2309 4937 2408 4999 21;
2459 4935 2710 4989 Pbotium
2750 4935 2872 4988 eod.
2905 4949 3132 5000 eccm;
3170 4937 3529 5004 Augustinum
3574 4935 3670 4990 lib.
3704 4950 3722 4989 ι

2164 5005 2241 5058 De
2268 5022 2521 5060 consensu
2552 5007 3010 5076 euangelistarum,
3045 5023 3164 5076 cap.
3195 5009 3299 5071 16;
3333 5004 3721 5076 Tertullianutn

2163 5077 2241 5129 De
2271 5080 2544 5145 pudicum,
2575 5093 2695 5144 cap.
2748 5079 2795 5129 1.
2841 5073 2975 5130 Vide
3031 5073 3197 5133 etiam
3247 5076 3500 5131 l’hotium
3530 5075 3723 5131 codice

2163 5162 2270 5202 LXI.

2234 5282 2343 5353 (63)
2373 5282 2467 5336 Διὸ
2518 5281 2698 5352 λέγει.
2744 5281 2926 5337 Mallet
2971 5281 3320 5353 Boherellus,_
3353 5281 3442 5334 Διὸ
3474 5280 3712 5350 λέγεται.

2163 5351 2305 5408 Infra
2325 5351 2436 5422 pro
2457 5351 2737 5424 γενηθήτω
2761 5358 2793 5426 ἡ
2820 5353 3088 5423 προσευχὴ
3123 5369 3248 5426 μου,
3283 5351 3504 5424 Vulgata
3548 5354 3720 5406 Biulia

2161 5427 2378 5490 habent,
2408 5425 2819 5496 κατευθυνοήτω
2850 5425 3178 5495 ἠπροσευχή
3230 5438 3354 5496 μου.

2234 5497 2344 5567 (fit)
2399 5493 2788 5564 Τρανούμενὰ.
2843 5493 3033 5567 theto
3099 5495 3438 5547 scribendum
3508 5493 3722 5548 videtur

2159 5563 2508 5638 τορνούμενα,
2540 5569 2591 5620 id
2617 5563 2698 5620 est
2722 5563 3097 5638 τετορευμένα.

2235 5634 2714 5709 (Gallitta-clientis
2744 5639 2794 5690 in
2828 5634 3000 5709 textu,
3027 5635 3075 5686 οἳ
3105 5634 3331 5706 πρέπον.

2231 5706 2338 5778 (66)
2371 5706 2510 5762 ldctn
2543 5710 2597 5761 in
2625 5718 2795 5773 testu,
2824 5706 3050 5758 ἐκείνου.
