3972 6160
416 286 553 342 1545

1572 279 1852 336 CONTRA
1892 280 2168 337 CELSUM
2207 281 2334 338 LlB.
2378 280 2514 338 Vlll.

3537 291 3675 346 1546

409 400 613 454 τούτων
642 398 751 473 (67)
782 396 1301 469 ἀγαλματοποιοῦσι,
1335 399 1428 451 καὶ
1457 400 1606 453 ἄλλοι
1633 401 1713 454 ἔτι
1754 404 1849 455 καὶ
1879 402 1987 456 τῶν

2098 403 2377 473 Olympius
2399 419 2428 457 a
2456 402 2648 458 Phidia
2675 401 3008 458 fabrefactus
3044 419 3110 460 ne
3131 405 3437 476 comparari
3456 407 3674 475 quidem

405 491 672 563 δευτέρων
721 491 961 555 ἔλαττον,
1017 492 1113 544 καὶ
1161 491 1500 558 ἁπαξαπλῶς
1543 494 1711 564 πολλὴ
1762 496 1992 566 διαφορά

410 584 524 634 ἐστι
561 581 662 652 τῆς
693 581 801 634 τῶν
844 580 1172 651 ἀγαλμάτων
1207 581 1301 635 καὶ
1330 580 1554 634 εἰκόνων
1601 584 1952 653 κατασκευῆς
1973 600 1986 613 ·

406 673 496 726 τὸν
524 673 684 726 αὐτὸν
725 673 920 744 τρόπον
963 673 1011 724 οἱ
1052 673 1151 742 μέν
1177 672 1320 735 τινές
1360 675 1467 724 εἰσι
1515 671 1796 738 ποιοῦντες
1823 674 1993 744 ἀγάλ-

410 780 558 832 ματα
589 762 681 815 τοῦ
726 762 821 814 ἐπὶ
864 763 996 814 πᾶσι
1025 760 1162 813 Θεοῦ
1205 759 1416 829 βέλτιον
1461 761 1552 813 καὶ
1597 761 1737 814 κατά
1782 762 1991 815 τελείαν

2099 494 2270 561 possit
2307 498 2373 547 ad
2401 507 2549 557 eum,
2578 491 2667 560 qui
2700 492 2994 546 secundum
3019 493 3306 564 imaginem
3347 493 3441 550 Dei
3465 509 3677 552 creato-

2103 583 2176 636 ris
2212 590 2558 636 constructus
2607 588 2709 636 cst.
2768 579 3034 636 Omnibus
3098 599 3229 638 vero
3259 601 3377 653 qua:
3414 587 3464 640 in
3515 587 3675 642 rebus

2099 672 2297 725 creatis
2325 681 2467 734 sunt,
2498 669 2656 740 longe
2685 668 2978 738 perfectius
3007 670 3357 727 simulacrum
3385 683 3440 729 et
3487 677 3675 730 excel-

2101 763 2297 816 lentius
2317 763 2368 814 in
2389 760 2672 815 Salvatore
2691 775 2879 818 nostro
2903 764 3092 832 estqui
3111 762 3274 818 dicit:
3305 764 3465 819 Pater
3491 767 3542 820 in
3569 784 3672 825 me.

405 860 749 930 ἐπιστήμην,
799 859 871 922 ὼς
925 858 1192 929 μηδεμίαν
1255 854 1395 910 εἶναι
1463 861 1749 929 σύγκρισιν
1787 859 1888 915 ,τοῦ
1931 861 2037 912 ὑπὸ
2075 859 2281 912 Φειδίου
2333 857 2867 922 κατασκευασθέντος
2917 858 3209 929 Ὀλυμπίου
3253 859 3373 923 Διὸς
3412 861 3546 932 πρὸς
3584 862 3675 916 τὸν

408 951 915 1006 κατασκευασθέντα
940 955 1059 1006 κατ’
1083 952 1266 1005 εἰκόνα
1283 951 1377 1004 τοῦ
1402 952 1684 1016 κτίσαντος
1706 952 1799 1006 τοῦ
1822 954 1979 1007 Θεοῦ·
2023 963 2241 1009 πάντων
2275 953 2329 1006 δὲ
2370 953 2477 1006 τῶν
2521 955 2578 1006 ὲν
2625 952 2722 1026 ὅλῃ
2779 957 2846 1024 τῇ
2890 953 3064 1007 κτίσει
3109 954 3286 1024 πολλῷ
3328 954 3532 1025 βέλτιον
3583 959 3674 1013 κα)⁵

409 1044 672 1116 ὑπερέχον
719 1047 867 1099 ἐστὶν
912 1049 972 1099 ἐν
1018 1045 1094 1116 τῷ
1139 1047 1349 1117 Σωτῆρι
1398 1046 1575 1118 ἡμῶν,
1625 1048 1703 1119 τῷ
1754 1050 2000 1119 λέγοντι·
2034 1053 2095 1104 '0
2121 1049 2317 1117 πατὴρ
2349 1049 2417 1102 ἐν
2451 1050 2600 1118 ἐμοί.

478 1138 589 1190 Καὶ
607 1139 665 1190 ἐν
695 1127 908 1209 ἑκάστῳ
937 1139 993 1192 δὲ
1021 1138 1126 1191 τῶν
1151 1138 1291 1191 κατὰ
1315 1138 1543 1211 δύναμιν
1573 1143 1781 1194 ἐκεῖνον
1810 1143 1904 1197 καὶ
1930 1145 1987 1195 ὲν

404 1233 579 1304 τούτῳ
629 1235 1025 1304 μιμησαμένων
1071 1234 1218 1286 ἐστὶν
1267 1233 1490 1304 ἄγαλμα
1531 1232 1593 1287 τὸ
1637 1237 1756 1288 κατ’
1803 1237 1989 1291 εἰκόνα

404 1324 500 1377 τοῦ
532 1325 836 1389 κτίσαντος,
866 1327 1003 1396 ὅπερ
1035 1326 1505 1390 κατασκευάζουσι
1546 1326 1622 1397 τῷ
1649 1330 1842 1400 ὲνορᾷν
1871 1329 1988 1400 Θεῷ

407 1417 623 1487 καθαρᾷ
670 1417 887 1490 καρδίᾳ,
937 1419 1172 1488 μιμηταὶ
1209 1418 1482 1488 γινόμενοι
1524 1419 1616 1471 τοῦ
1667 1419 1823 1472 Θεοῦ.
1881 1423 1990 1474 Καὶ

405 1507 743 1573 ἁπαξαπλῶς
770 1510 974 1573 πάντες
1012 1502 1328 1581 Χριστιανοί
1366 1509 1584 1574 ὁποίους
1623 1511 1848 1583 εἴπομεν
1878 1512 1986 1582 βω-

411 1600 565 1667 μοὺς,
593 1601 687 1652 καὶ
707 1601 870 1653 ὁποῖα
897 1601 1320 1672 παρεστήσαμεν
1349 1600 1661 1672 ἀγάλματα,
1691 1603 1988 1674 πειρῶνται

2164 1145 2248 1199 18.
2288 1144 2381 1198 Est
2407 1144 2572 1197 etiam
2603 1144 2654 1196 in
2683 1142 2908 1212 singulis
2949 1143 3133 1212 justis,
3169 1143 3316 1197 illum
3379 1145 3479 1198 hac
3513 1145 3566 1200 in
3617 1163 3673 1201 re

2091 1234 2270 1302 quoad
2307 1239 2534 1302 possunt
2565 1231 2926 1295 imitantibus,
2965 1233 3319 1286 simulacrum
3373 1235 3672 1290 secundmn

2092 1326 2382 1396 imaginem
2411 1324 2752 1380 Conditoris:
2780 1326 2922 1392 quod
2971 1325 3331 1380 simulacrum
3358 1324 3668 1394 eﬂ'ormant,

2089 1431 2212 1470 cum
2247 1417 2413 1470 Deum
2446 1428 2578 1484 puro
2609 1415 2776 1469 corde
2807 1413 3271 1482 contemplantur,
3307 1415 3508 1484 Deique
3538 1416 3662 1471 imi-

2097 1515 2300 1560 latores
2333 1504 2487 1559 fiunt.
2522 1504 2575 1558 In
2633 1520 2842 1559 summa
2888 1503 3185 1559 Christiani
3235 1519 3424 1560 omnes
3475 1507 3669 1560 altaria

2094 1606 2150 1651 ct
2179 1597 2472 1650 simulacra
2497 1607 2781 1652 exstruere
2802 1605 3092 1661 conantur,
3126 1595 3425 1664 cuiusmodi
3454 1613 3483 1651 a
3513 1599 3669 1654 nobis

407 1690 655 1762 ἱδρῦσθαι
685 1690 817 1763 (68),
850 1693 949 1745 οὐκ
975 1691 1156 1763 ἀψυχα
1183 1695 1276 1747 καὶ
1301 1695 1623 1766 ἀναίσθητα,
1660 1697 1778 1749 οὐδὲ
1802 1695 1988 1766 δαιμό-

2098 1683 2360 1750 explicata
2391 1693 2540 1748 sunt,
2575 1699 2682 1737 non
2725 1686 2962 1739 inanima
2993 1693 3050 1738 et
3096 1699 3254 1740 sensu
3290 1687 3519 1755 privata,
3561 1703 3668 1742 non

405 1798 514 1834 νων
585 1781 780 1853 λίχνων
831 1782 1228 1855 ὲφεδρευόντων
1287 1787 1400 1848 τοῖς
1457 1784 1686 1856 ἀψύχοις
1743 1786 1985 1848 δεκτικὰ,

406 1871 542 1926 ἀλλά
570 1872 879 1944 πνεύματος
919 1875 1053 1928 Θεοῦ
1080 1879 1194 1941 τοῖς
1227 1876 1538 1948 εἰρημένοις
1579 1877 1858 1948 ἀγάλμασι
1889 1877 1988 1946 τῆς

403 1963 628 2033 ἀρετῆς,
659 1963 751 2017 καὶ
773 1963 850 2034 τῷ
873 1967 991 2017 κατ’
1016 1964 1199 2020 εἰκόνα
1231 1966 1326 2020 τοῦ
1353 1965 1654 2032 κτίσαντος,
1673 1967 1748 2030 ὡς
1771 1966 1988 2030 οἰκείοις

403 2053 832 2125 ἐπιδημοῦντος·
873 2055 1018 2110 οὕτω
1044 2057 1102 2111 δὲ
1147 2059 1238 2110 καὶ
1271 2058 1331 2110 τὸ
1371 2056 1586 2128 πνεῦμα
1622 2057 1716 2111 τοῦ
1750 2058 1986 2130 Χριστοῦ

401 2147 534 2210 τοῖς,
579 2145 644 2198 ἵν’
682 2146 853 2210 οὕτως
893 2147 1165 2219 ὀνομάσω,
1209 2149 1555 2220 συμμόρφοις
1585 2149 1848 2218 ἐφιζάνει.
1877 2150 1988 2203 Καὶ

399 2237 624 2314 τοιαῦτά
647 2256 709 2307 γε
742 2239 1063 2310 βουλόμενος
1094 2242 1444 2312 παραστῆσαι
1474 2243 1503 2295 ό
1527 2239 1622 2293 τοῦ
1655 2240 1791 2294 Θεοῦ
1815 2241 1986 2309 Λόγος

401 2329 678 2403 ἀνέγραψε
711 2331 801 2384 τὸν
843 2331 942 2402 μὲν
985 2332 1116 2387 Θεὸν
1153 2335 1210 2386 ὲν
1253 2334 1558 2404 ἐπαγγελίᾳ
1609 2336 1720 2397 τοῖς
1758 2332 1987 2396 δικαίοις

399 2419 642 2491 λέγοντα·
693 2423 1022 2490 Ἐνοικήσω
1052 2425 1122 2478 ἐν
1148 2424 1372 2490 αὐτοῖς,
1401 2425 1499 2477 καὶ
1525 2423 1987 2492 ἐμπεριπατήσω

397 2512 470 2566 ἐν
517 2513 742 2580 αὐτοῖς,
797 2515 894 2568 καὶ
930 2516 1143 2584 ἔσομαι
1192 2514 1389 2570 αὐτῶν
1443 2515 1609 2581 Θεὸς,
1660 2516 1758 2569 καὶ
1813 2517 1984 2568 αὐτοὶ

399 2600 646 2657 ἔσονταί
675 2622 794 2672 μου
821 2607 971 2670 λαός
1001 2604 1146 2675 (69)·
1174 2606 1265 2657 τὸν
1294 2605 1349 2657 δὲ
1384 2607 1610 2678 Σωτῆρα
1642 2624 1654 2636 ·
1727 2606 1867 2660 Ἐάν
1898 2625 1986 2672 τις

399 2691 592 2763 ἀκούῃ
631 2713 751 2762 μου
793 2696 936 2763 τοὺς
964 2698 1202 2766 λόγους,
1250 2697 1347 2751 καὶ
1395 2698 1540 2766 ποιῇ
1580 2699 1823 2765 αὐτοὺς,
1872 2700 1988 2769 ἐγὼ

400 2783 499 2836 καὶ
545 2787 578 2837 ὁ
622 2785 824 2854 Πατήρ
864 2805 983 2856 μου
1031 2789 1405 2857 ἐλευσόμεθα
1451 2791 1601 2858 πρὸς
1643 2792 1850 2857 αὐτὸν,
1889 2791 1987 2844 καὶ

397 2873 597 2943 μονὴν
629 2877 765 2944 παρ’
798 2878 959 2944 αὐτῷ
991 2881 1378 2950 ποιησόμεθα.
1416 2880 1825 2948 Συνεξεταζέτω
1852 2882 1985 2950 γοῦν

400 2967 429 3018 ὁ
462 2966 781 3039 βουλόμενος
815 2969 1053 3040 βωμοὺς,
1099 2971 1194 3034 οὓς
1225 2972 1592 3045 διηγησάμην,
1628 2974 1831 3046 βωμοῖς
1857 2972 1937 3040 οἷς
1959 2979 1987 3029 ὁ

401 3054 610 3120 Κέλσος
640 3057 808 3125 λέγει,
844 3059 935 3110 καὶ
969 3059 1261 3130 ἀγάλματα
1291 3062 1350 3114 ὲν
1390 3065 1455 3134 τῇ
1490 3063 1598 3116 τῶν
1622 3064 1987 3119 εὐσεϐούντων

401 3149 483 3210 εἰς
513 3149 603 3202 τὸν
631 3149 739 3204 τῶν
775 3150 911 3204 ὅλων
946 3151 1078 3204 Θεὸν
1108 3151 1277 3223 ψυχῇ,
1310 3154 1592 3226 ἀγάλμασι
1631 3156 1861 3220 Φειδίου,
1895 3158 1988 3210 καὶ

406 3239 785 3304 Πολυκλείτου,
823 3242 918 3294 καὶ
943 3240 1050 3294 τῶν
1085 3242 1513 3314 παραπλησίων·
1552 3245 1647 3298 καὶ
1682 3246 1868 3317 σαφῶς
1908 3247 1987 3300 εἴ-

406 3347 578 3396 σεται,
615 3333 798 3387 ἐκεῖνα
833 3333 930 3403 μὲν
971 3335 1062 3387 καὶ
1097 3335 1279 3407 ἄψυχα
1319 3334 1456 3392 εἶναι
1491 3340 1585 3393 καὶ
1619 3343 1796 3413 χρόνῳ
1832 3342 1987 3411 φθει-

406 3423 626 3494 ρόμενα,
653 3423 824 3477 ταῦτα
844 3424 901 3476 δὲ
929 3427 985 3478 ὲν
1006 3428 1072 3496 τῇ
1106 3426 1357 3499 ἀθανάτῳ
1385 3429 1567 3499 μένειν
1587 3431 1754 3505 ψυχῇ,
1781 3436 1839 3497 ἐς
1865 3437 1988 3490 ὅσον

406 3515 584 3586 μένειν
613 3517 671 3569 έν
697 3517 832 3588 αὐτῇ
868 3518 975 3590 (70)
1006 3521 1038 3591 ἡ
1070 3519 1260 3592 λογιγὴ
1283 3521 1428 3592 ψυχὴ
1460 3521 1726 3592 βούλεται.

472 3607 536 3660 Εἰ
575 3607 633 3660 δὲ
666 3609 759 3660 καὶ
801 3610 960 3672 ναοὺς
1002 3613 1148 3674 ναοῖς
1184 3611 1265 3664 δεῖ
1305 3614 1660 3682 παραϐαλεῖν,
1697 3615 1784 3670 ἵνα
1816 3633 1991 3688 παρα-

403 3699 687 3769 στήσωμεν
703 3702 814 3763 τοῖς
830 3700 1246 3774 ἀποδεχομένοις
1266 3703 1334 3757 τά
1362 3704 1595 3769 Κέλσου,
1623 3707 1704 3759 ὅτι
1729 3707 1865 3770 νεὼς
1893 3709 1990 3779 μὲν

403 3789 677 3860 ἱδρύεσθαι
722 3793 849 3855 τοὺς
895 3793 1203 3862 πρέποντας
1233 3799 1346 3858 τοῖς
1373 3798 1681 3868 εἰρημένοις
1708 3799 1990 3871 ἀγάλμασι

403 3881 496 3932 καὶ
530 3880 732 3952 βωμοῖς
762 3884 821 3935 οὐ
865 3884 1154 3955 φεύγομεν·
1194 3887 1570 3958 ἐκτρεπόμεθα
1609 3890 1666 3943 δὲ
1707 3890 1784 3961 τῷ
1812 3891 1991 3962 πάσης

403 3967 548 4040 ζωῆς
593 3971 812 4042 χορηγῷ
837 3973 1077 4044 ἀψύχους
1116 3978 1209 4029 καὶ
1239 3978 1465 4048 νεκροὺς
1495 3979 1792 4050 οἰκοδομεῖν
1821 3981 1986 4046 νεώς·

403 4059 645 4114 ἀκουέτω
674 4063 701 4113 ὁ
733 4061 1072 4135 βουλόμενος,
1103 4066 1224 4120 τίνα
1270 4069 1469 4139 τρόπον
1503 4069 1885 4141 διδασκόμεθα,
1909 4073 1990 4126 ὅτι

402 4152 471 4206 τά
495 4152 720 4224 σώματα
739 4155 898 4226 ἡμῶν
924 4157 1048 4219 ναὸς
1064 4156 1156 4210 τοῦ
1185 4158 1320 4212 Θεοῦ
1339 4161 1472 4214 ἐστι·
1497 4162 1591 4214 καὶ
1611 4162 1665 4213 εί
1683 4180 1769 4226 τις
1791 4164 1880 4217 διά
1893 4165 1992 4235 τῆς

401 4244 695 4309 ἀκολασίας
718 4246 749 4318 ῆ
775 4247 873 4318 τῆς
895 4249 1172 4319 ἁμαρτίας
1203 4251 1414 4322 φθείρει
1432 4252 1523 4306 τὸν
1553 4253 1679 4306 ναὸν
1707 4253 1800 4306 τοῦ
1829 4255 1987 4322 Θεοῦ,

402 4329 556 4400 οὗτος
577 4337 652 4401 ὡς
678 4338 893 4409 ἀληθῶς
917 4341 1122 4412 ἀσεϐὴς
1145 4343 1224 4405 εἰς
1245 4343 1334 4396 τὸν
1361 4344 1538 4415 ἀληθῆ
1560 4345 1684 4398 ναὸν
1714 4345 1990 4418 φθαρήσε-

2092 1774 2404 1842 gulosorum
2440 1775 2741 1828 daemonum
2767 1776 2931 1830 rebus
2954 1775 3211 1834 inanimis
3246 1777 3552 1833 deditorum
3582 1795 3671 1834 re-

2090 1867 2396 1936 ceptacula,
2431 1868 2524 1922 sed
2567 1868 2762 1921 idonea
2799 1867 2864 1920 ad
2899 1867 3265 1936 recipiendum
3299 1867 3390 1924 Dei
3419 1869 3668 1938 spiritum

2091 1963 2183 2028 qui
2229 1960 2284 2014 in
2317 1960 2478 2015 dictis
2506 1963 2769 2016 virtutum
2797 1957 3111 2015 simulacris
3148 1967 3201 2011 et
3223 1960 3402 2013 anima
3433 1961 3502 2016 ad
3534 1962 3670 2016 ima-

2091 2054 2276 2121 ginem
2327 2053 2606 2108 Creatoris
2641 2057 2981 2109 conformata
3034 2060 3296 2120 tanquam
3336 2052 3386 2107 in
3435 2055 3671 2124 pr0priis

2094 2144 2394 2225 inhabitat:
2431 2145 2508 2200 sic
2534 2155 2588 2200 et
2612 2145 2813 2200 Christi
2843 2145 3067 2214 spiritus
3094 2143 3292 2199 insidet
3319 2149 3457 2208 suis,
3489 2155 3547 2199 ut
3590 2148 3669 2202 ita

2093 2239 2308 2307 loquar,
2333 2237 2732 2292 conformibus.
2759 2240 2949 2306 Atque.
2976 2235 3089 2290 ham
3134 2236 3329 2291 docere
3363 2237 3546 2292 volens
3572 2238 3667 2294 Dei

2095 2331 2352 2395 Verbum,
2383 2329 2548 2383 Deum
2568 2329 2725 2383 nobis
2743 2329 2963 2384 exhibet
2982 2329 3094 2381 haec
3113 2326 3277 2397 justis
3302 2327 3664 2397 pollicentem:

2090 2421 2408 2476 Inhabitabu
2431 2423 2483 2474 in
2507 2419 2612 2474 illis
2638 2430 2685 2474 et
2714 2420 2992 2473 ambulabo
3017 2421 3154 2473 inter
3177 2419 3319 2486 illos,
3345 2432 3391 2474 et
3416 2438 3502 2475 ero
3529 2421 3668 2478 Deus

2090 2514 2303 2568 illorum
2333 2513 2473 2581 iique
2495 2521 2648 2564 erant
2672 2511 2897 2581 populus
2923 2527 3068 2565 meus
3089 2512 3157 2577 ²⁰;
3208 2523 3263 2565 et
3290 2511 3661 2568 Salvatorem:

2089 2606 2150 2661 Si
2180 2607 2299 2675 quis
2319 2603 2551 2658 audierit
2582 2604 2733 2657 verba
2763 2620 2877 2658 mea
2914 2613 2961 2656 et
2994 2604 3174 2672 fecerit
3201 2621 3281 2666 ea,
3310 2621 3402 2673 ego
3425 2617 3472 2658 et
3501 2604 3664 2660 Pater

2089 2715 2234 2754 meus
2283 2699 2544 2752 veniemus
2583 2694 2652 2748 ad
2677 2692 2855 2757 illum,
2903 2704 2949 2746 et
2991 2695 3309 2748 mansionem
3365 2697 3504 2765 apud
3546 2713 3669 2750 eum

2089 2792 2344 2864 faciemus
2373 2793 2440 2845 ἰ.
2472 2789 2733 2845 Conferat
2755 2789 2942 2858 igitur,
2975 2789 3224 2857 quisquis
3251 2789 3503 2855 voluerit,
3539 2790 3672 2846 alta-

2093 2886 2198 2949 ria,
2245 2885 2310 2939 de
2339 2884 2536 2952 quibus
2586 2896 2892 2937 sermonem
2954 2878 3078 2947 feci,
3113 2895 3235 2934 eum
3289 2881 3550 2936 altaribus
3603 2881 3669 2935 de

2089 2974 2284 3042 quibus
2305 2975 2533 3040 Celsus;
2563 2981 2618 3026 et
2645 2970 2935 3026 simulacra
2973 2971 3025 3023 in
3059 2984 3248 3026 eorum
3283 2973 3372 3040 qui
3397 2987 3668 3027 summum

2095 3062 2259 3117 Deum
2316 3064 2404 3132 pie
2448 3063 2635 3117 colunt
2682 3061 2879 3114 animis
2915 3060 3211 3126 collocata,
3277 3076 3394 3116 cum
3441 3063 3667 3127 Phidias,

2092 3155 2354 3226 Polycleti
2413 3153 2784 3223 similiumque
2836 3151 3177 3219 simulacris;
3220 3161 3332 3206 tum
3385 3156 3668 3224 perspicue

2093 3247 2297 3300 videbit
2326 3246 2439 3300 haec
2464 3245 2683 3315 quidem
2709 3244 2950 3300 inanima
2983 3258 3108 3299 esse
3132 3257 3187 3298 et
3220 3246 3433 3315 injuriis
3465 3257 3669 3318 tempo-

2096 3355 2210 3393 rum
2239 3337 2472 3394 obnoxia
2492 3377 2506 3402 ,
2547 3337 2640 3391 illa
2668 3352 2802 3392 vero
2830 3335 2883 3389 in
2915 3335 3208 3391 immortali
3245 3337 3422 3392 anima
3455 3353 3667 3409 perma-

2093 3445 2242 3493 nere,
2312 3431 2553 3499 quandiu
2597 3444 2660 3485 ea
2717 3429 2768 3482 in
2831 3442 2890 3482 se
2948 3441 3270 3498 permanere
3327 3429 3440 3483 vult
3489 3431 3668 3485 anima

2093 3522 2306 3576 ratione
2334 3523 2579 3589 praedita.

2164 3613 2251 3668 19.
2299 3610 2452 3666 Nunc
2490 3611 2535 3665 si
2583 3612 2780 3682 templa
2833 3611 3049 3679 templis
3079 3611 3383 3680 comparari
3425 3613 3668 3682 "oportet,

2095 3713 2152 3754 ιιι
2183 3703 2472 3770 probemus
2496 3699 2634 3756 Celsi
2661 3700 2966 3755 fautoribus
2989 3699 3215 3755 minime
3254 3716 3352 3756 nos
3369 3701 3669 3758 abhorrere

2093 3793 2161 3847 ab
2187 3790 2721 3862 erigeudis-teinplis,
2756 3806 2874 3861 quae
2911 3791 3174 3845 altaribus
3207 3800 3262 3846 et
3295 3791 3603 3846 simulacris
3635 3809 3668 3846 ιι

2095 3891 2248 3946 nobis
2273 3889 2530 3957 expositis
2561 3888 2910 3954 conveniant,
2930 3888 3024 3942 sed
3041 3886 3182 3941 nolle
3205 3896 3412 3942 tantum
3431 3886 3668 3941 inanima

2093 3993 2147 4040 ct
2197 3992 2409 4036 mortua
2453 3981 2728 4035 aedificare
2788 3979 2984 4049 templa
3039 3979 3136 4044 illi,
3195 3979 3286 4048 qui
3319 3977 3498 4033 omnis
3548 3978 3679 4059 vita:

2093 4085 2285 4130 auctor
2306 4081 2419 4139 est;
2444 4072 2629 4126 audiat
2659 4071 2749 4142 qui
2781 4071 2890 4124 vult
2912 4071 3184 4141 quomodo
3221 4071 3519 4124 doceamur
3543 4085 3669 4122 cor-

2093 4181 2221 4235 pora
2254 4170 2439 4217 nostra
2480 4161 2574 4216 Dei
2599 4175 2718 4216 esse
2749 4160 3003 4228 templum
3027 4161 3094 4222 “.
3141 4169 3197 4214 et
3230 4160 3274 4214 si
3297 4159 3419 4227 quis
3445 4157 3669 4213 libidine

2094 4263 2186 4306 aut
2221 4261 2442 4323 peccato
2468 4251 2566 4306 Dei
2604 4251 2860 4319 templum
2891 4249 3197 4318 violaverit,
3231 4262 3357 4302 eum
3403 4247 3670 4316 disperdi-

2099 4356 2207 4397 tum
2230 4343 2315 4409 iri,
2350 4351 2410 4396 ut
2431 4355 2556 4396 vere
2574 4341 2795 4410 impium
2815 4344 2866 4394 in
2899 4354 3086 4394 verum
3111 4338 3389 4407 templum.
3410 4336 3666 4393 Omnium

401 4444 510 4482 ται.
540 4429 760 4483 Πάντων
775 4429 831 4482 δὲ
859 4431 966 4485 τῶν
997 4431 1169 4497 οὕτως
1192 4435 1603 4506 ὀνομαζομένων
1630 4436 1774 4490 ναῶν
1801 4439 1985 4510 κρείτ-

2098 4445 2266 4488 autem
2303 4432 2627 4501 templorum
2663 4435 2766 4489 hoc
2814 4447 2976 4487 sensu
3021 4440 3370 4500 acceptorum
3403 4430 3666 4500 optimum

399 4538 509 4577 των
527 4517 594 4596 ῆν
615 4523 708 4577 καὶ
735 4523 1004 4597 διαφέρων
1038 4525 1172 4589 νεὼς
1192 4527 1252 4580 τὸ
1277 4528 1418 4599 ἱερὸν
1451 4529 1545 4582 καὶ
1565 4529 1804 4602 καθαρὸν
1827 4530 1986 4602 σῶμα

401 4615 496 4668 τοῦ
516 4614 766 4686 Σωτῆρος
789 4616 943 4687 ἡμῶν
978 4618 1152 4688 Ἰησοῦ
1175 4619 1408 4690 Χριστοῦ
1430 4620 1562 4693 (71)·
1587 4622 1734 4685 ὅστις
1765 4623 1989 4676 ἐπιστά-

408 4723 566 4774 μενος
596 4707 1039 4763 ἐπιϐουλεύεσθαι
1081 4711 1178 4781 μὲν
1207 4710 1464 4767 δύνασθαι
1500 4713 1604 4766 ὑπὸ
1631 4713 1738 4766 τῶν
1771 4714 1983 4768 ἀσεϐῶν
2031 4770 2038 4773 ,,

405 4796 494 4848 τὸν
528 4798 637 4868 (72)
671 4799 796 4853 ναὸν
824 4799 915 4853 τοῦ
955 4802 1012 4854 ὲν
1051 4802 1199 4874 αὐτῷ
1227 4802 1383 4867 Θεοῦ,
1416 4805 1477 4856 οὐ
1509 4805 1615 4876 μὴν
1659 4803 1800 4857 ὥστε
1833 4806 1981 4875 ἰσχυ-

410 4888 631 4960 ροτέραν
677 4887 816 4944 εἶναι
861 4893 959 4963 τὴν
1004 4893 1111 4947 τῶν
1153 4895 1609 4950 ἐπιϐουλευόντων
1663 4897 1978 4971 προαίρεσιν

405 4979 506 5050 τῆς
524 4980 612 5037 τὸν
636 4982 772 5037 νεὼν
793 4986 1176 5058 οἰκοδομούσης
1205 4987 1500 5061 θειότητος,
1523 4990 1656 5060 φησί
1681 4989 1818 5060 πρὸς
1839 4989 1986 5042 ὲκεί-

406 5087 548 5134 νους·
597 5074 832 5128 Λύσατε
866 5076 974 5129 τὸν
1004 5079 1155 5133 ναὸν
1183 5081 1421 5146 τοῦτον,
1469 5081 1632 5151 κάγὼ
1667 5082 1737 5134 ἐν
1781 5082 1982 5151 τρισὶν

475 5274 520 5306 ²⁰
550 5273 592 5328 ll
623 5279 750 5330 Cor.
798 5290 874 5340 Vl,
923 5274 1022 5341 16,-,
1057 5282 1110 5329 ct
1153 5274 1328 5329 Levit.
1366 5291 1525 5341 xxvr,
1575 5275 1667 5330 12.

474 5450 940 5524 (67)Βεεισίιοσ
971 5452 1096 5524 loco
1145 5467 1274 5507 mss.
1316 5451 1519 5524 habent
1569 5451 1796 5524 τούτων,
1830 5455 1975 5521 quod

362 5572 364 5574 ,
407 5522 546 5578 male
581 5523 712 5594 libb.
744 5523 873 5577 editi
909 5523 1161 5590 rejiciunt
1193 5531 1316 5593 post
1341 5522 1570 5577 alterum
1599 5522 1819 5577 ἔλαττον
1835 5525 1976 5594 quod

407 5594 578 5664 paulo
596 5592 735 5664 infra
766 5595 1012 5664 habetur.

498 5661 588 5734 68)
630 5662 940 5732 Ἰδρύσθαι.
971 5663 1152 5718 Mallet
1178 5661 1404 5718 Guietus
1439 5661 1735 5734 ἱδρύεσθαι.

499 5732 587 5804 69)
617 5734 786 5790 Codd.
829 5735 960 5804 Reg.
988 5745 1040 5789 ct
1076 5734 1262 5797 Basil.,
1292 5751 1381 5804 μοι
1419 5732 1566 5798 λαός.

721 5829 994 5891 ΡΑΤιιοι.
1042 5829 1158 5890 Gn.
1207 5827 1319 5888 Xl.

1774 5277 1818 5306 “
1867 5273 2022 5329 Joan.
2068 5291 2188 5343 xw,
2233 5276 2323 5330 25.

2090 4538 2146 4584 et
2186 4527 2694 4598 praestantissimum
2720 4524 2823 4579 fuit
2850 4538 3045 4595 purum
3091 4533 3146 4578 et
3170 4532 3420 4578 sanctum
3471 4523 3664 4579 Salva,-

2094 4621 2227 4686 toris
2255 4607 2426 4674 nostri
2453 4618 2581 4674 Jesu
2626 4617 2828 4674 Christi
2862 4630 3096 4685 corpus;
3147 4616 3260 4684 qui,
3309 4630 3431 4670 cum
3481 4626 3667 4670 nosset

2095 4712 2284 4780 impios
2318 4711 2516 4780 templo
2549 4711 2780 4779 Dei,qui
2806 4710 2858 4764 in
2889 4711 3004 4777 ipso
3041 4717 3182 4770 erat,
3221 4706 3448 4760 insidias
3472 4721 3666 4775 parare

2089 4818 2270 4873 posse,
2291 4819 2396 4858 non
2421 4803 2494 4856 ita
2521 4811 2702 4856 tamen
2727 4809 2784 4854 ut
2806 4797 3448 4853 voluntasinsidiantium
3483 4798 3666 4851 futura

2088 4905 2238 4951 esset
2291 4896 2484 4951 fortior
2527 4893 2810 4949 divinitate
2861 4890 3021 4962 757
3063 4905 3184 4960 quae
3237 4888 3493 4959 templum
3536 4889 3666 4944 illud

2089 4996 2492 5052 construxerat,
2521 4987 2657 5041 dixit
2697 4986 2834 5039 illis:
2870 4982 3067 5039 Solvite
3104 4981 3354 5052 templum
3387 4982 3510 5048 hoc,
3535 4993 3582 5036 et
3612 4984 3667 5034 in

2079 5083 2255 5135 “tribus
2313 5081 2492 5134 diebus
2530 5078 2770 5133 excitabo
2813 5077 2966 5131 illud.
3013 5075 3128 5129 Hoc
3157 5085 3332 5128 autent
3360 5073 3559 5127 dicebat
3602 5072 3664 5124 de

2400 5276 2446 5306 ²²
2483 5273 2501 5327 ι
2535 5271 2662 5328 Cor.
2699 5287 2784 5337 ιιι,
2809 5271 2898 5335 16,
2925 5271 3023 5334 17;
3065 5281 3140 5334 v1,
3174 5268 3258 5321 10.

2157 5453 2280 5534 (70).
2303 5455 2466 5534 fidem
2499 5453 2686 5534 codd,
2733 5453 2790 5534 ὲν
2821 5449 2989 5534 αὐτῷ,
3025 5463 3219 5520 nempe
3256 5447 3333 5521 τῷ
3375 5448 3485 5504 τῶν
3525 5449 3664 5506 ὅλων

2084 5522 2223 5594 Θεῷ.
2252 5522 2420 5578 ἰεω).
2445 5525 2599 5594 editi,
2636 5525 2693 5576 ἐν
2730 5522 2887 5591 αὐτῇ.

2156 5589 2268 5664 (Ἠ)
2293 5593 2570 5664 Χριστοῦ.
2594 5594 2648 5648 ln
2677 5589 3017 5647 antea'editis
3034 5589 3326 5657 omittitur,
3342 5590 3436 5646 scd
3456 5592 3663 5665 supple-

2321 5681 2344 5717 s
2381 5701 2394 5716 .

2088 5674 2460 5807 ωῇἒῧίῗιιε
2492 5733 2799 5803 legendum,
2827 5731 2932 5784 ὑπὸ
2949 5731 3056 5785 τῶν
3087 5731 3300 5787 ἀσεϐῶν
3323 5733 3401 5797 εἰς
3422 5733 3535 5800 τόν,
3555 5740 3660 5792 etc.

3272 5826 3349 5884 lt!)
