3972 6160
416 293 554 350 15.ίῖ

1838 286 2163 345 ORIGENIS

3531 290 3554 341 Ι
3566 289 3680 343 548

415 410 605 480 templo
649 409 877 475 corporis
907 410 990 463 sui
1029 409 1094 460 ³³.
1129 404 1234 462 Sed
1268 414 1321 463 et
1352 404 1633 475 Scriptura
1684 419 1864 470 sacra,
1894 404 1967 458 ub

2092 400 2336 470 ἡμέραις
2376 402 2556 472 ἐγερῶ
2595 404 2802 462 αὐτόν.
2842 403 3020 459 Τοῦτο
3059 404 3127 458 δὲ
3165 407 3339 475 ἔλεγε
3376 406 3508 474 περὶ
3563 406 3680 458 τοῦ

409 502 830 558 resurrectionis
868 498 1188 571 mysterium
1224 499 1383 553 docet
1407 512 1501 552 eos
1528 496 1616 567 qui
1649 495 1846 549 divinis
1868 507 1986 548 ser—

415 594 666 649 monibus
690 594 932 663 praebere
958 606 1119 645 aures
1152 600 1377 659 possunt
1412 589 1645 655 divinas,
1668 586 1741 643 ait
1769 587 1982 642 destru-

412 693 559 739 ctum
581 682 833 753 templum
866 680 1335 737 resediﬁcatumiri
1364 677 1779 748 lapidibusvivis
1810 676 1984 743 iisque

410 773 847 843 pretiosissimis.
889 772 1007 839 Quo
1036 772 1244 826 indicat
1294 781 1733 837 unumquemque
1769 780 1980 829 eorum,

410 866 501 935 qui
529 866 695 921 verbo
722 863 813 919 Dei
846 865 1046 919 eruditi
1081 864 1136 917 in
1171 862 1365 918 eadem
1399 861 1623 933 pietatis
1647 858 1819 913 ollleia
1852 872 1983 913 con-

411 958 641 1025 spirant,
670 945 1123 1025 pretiosum'esse
1164 954 1329 1008 totius
1367 951 1549 1021 templi
1584 950 1675 1005 Dei
1722 950 1976 1019 lapidem.

408 1049 765 1116 Quamobrem
795 1046 1022 1102 Petrus:
1062 1045 1166 1099 Vos
1193 1052 1389 1107 autem,
1418 1044 1617 1113 inquit,
1642 1041 1980 1109 azdiﬁcamini

406 1143 607 1210 lapides
638 1142 761 1205 vivi,
784 1142 969 1194 domus
990 1136 1307 1206 spiritualis,
1341 1135 1691 1189 sacerdotium
1717 1143 1977 1197 sanctum,

405 1234 595 1304 oﬁ'erre
616 1232 916 1303 spirituales
937 1232 1158 1292 hostias,
1181 1226 1532 1297 acceptabiles
1556 1223 1668 1278 Deo
1686 1240 1779 1293 per
1799 1224 1979 1278 Jesum

404 1326 670 1380 Christum
697 1324 766 1391 “;
782 1332 837 1378 et
854 1322 1069 1377 Paulus:
1100 1319 1377 1387 didi/ictui
1408 1334 1562 1385 super
1583 1317 1978 1384 fundamentum

2091 496 2241 550 ναοῦ
2282 494 2390 549 τοῦ
2429 496 2702 565 σώματος
2725 498 2929 551 αὐτοῦ.
2966 499 3077 552 Καὶ
3125 499 3299 562 ἄλλως
3343 499 3404 551 δὲ
3440 499 3489 550 oi
3532 496 3678 549 0520:

2090 586 2237 655 λόγοι
2259 586 2327 640 τά
2350 587 2478 658 περὶ
2499 587 2848 651 ἀναστάσεως
2879 589 3155 659 μυστικῶς
3178 589 3521 651 διδάσκοντες
3541 590 3679 651 τοὺς

2090 676 2417 748 δυναμένους
2447 676 2664 731 ἀκούειν
2693 677 2943 750 θειοτέρα
2966 680 3101 750 ἀκοῇ
3133 680 3309 748 λόγων
3332 680 3490 742 Θεοῦ,
3523 680 3679 732 ἀνοι-

2090 767 2553 839 κοδομηθήσεσθαι
2598 767 2767 832 λίθοις
2814 771 2948 839 φασὶ
2988 770 3120 840 (75),
3161 770 3295 835 ζῶσι
3340 772 3435 824 καὶ
3472 788 3679 841 τιμιω-

2089 859 2300 923 τάτοις·
2331 859 2711 929 αἰνιττόμενοι,
2744 862 2826 914 ὄτι
2872 862 3100 925 ἕκαστος
3130 862 3238 916 τῶν
3282 864 3675 933 συμπνεόντων

2087 950 2175 1004 διὰ
2200 951 2292 1004 τοῦ
2313 951 2476 1005 αὐτοῦ
2491 952 2648 1022 λόγου
2666 955 2745 1017 εἰς
2770 952 2867 1023 τὴν
2896 956 3017 1006 κατ’
3035 953 3197 1008 αὐτὸν
3212 954 3493 1008 εὐσέϐειαν
3515 954 3669 1018 λίθος

2088 1040 2205 1094 ἐστὶ
2232 1040 2412 1111 τίμιος
2437 1041 2533 1094 τοῦ
2564 1043 2764 1106 παντὸς
2786 1042 2917 1096 ναοῦ
2944 1042 3039 1096 τοῦ
3065 1043 3221 1096 Θεοῦ.
3247 1043 3397 1096 Καθὸ
3427 1045 3531 1097 ὑπὸ
3562 1047 3670 1115 μὲν

2086 1131 2179 1184 τοῦ
2209 1131 2414 1202 Πέτρου
2447 1132 2695 1200 λέγεται·
2749 1133 2946 1203 Ὑμεῖς
2972 1133 3041 1187 δὲ
3072 1134 3482 1207 οἰκοδομεῖσθε
3498 1136 3665 1190 λίθοι

2091 1222 2325 1289 ζῶντες,
2376 1224 2474 1277 καὶ
2527 1225 2692 1291 οἷκος
2742 1225 3161 1294 πνευματικὸς,
3214 1228 3302 1290 εις
3351 1226 3673 1297 ἱεράτευμα

2089 1313 2283 1381 ἅγιον,
2340 1312 2653 1383 ἀνενέγκαι
2687 1315 3094 1384 πνευματικὰς
3125 1317 3363 1382 θυσίας,
3414 1320 3673 1385 εὐπροσ-

2088 1400 2338 1468 δέκτους
2373 1401 2454 1468 τῷ
2497 1403 2620 1482 Θείζρ
2655 1403 2753 1457 διὰ
2791 1404 2993 1470 Ἰησοῦ
3014 1405 3272 1471 Χριστοῦ
3294 1424 3307 1435 ·
3345 1405 3451 1458 ὑπὸ
3477 1406 3533 1459 δὲ
3565 1406 3666 1460 τοῦ

2088 1493 2299 1547 Παύλου
2341 1495 2427 1559 τὸ,
2467 1493 2962 1563 Οίκοδομηθέντες
3001 1496 3111 1567 (74)
3149 1496 3249 1549 ἐπὶ
3289 1496 3369 1562 τῷ
3412 1501 3669 1568 θεμελίῳ

405 1415 762 1484 apostolorum
809 1426 859 1467 et
903 1412 1301 1479 prophetarum,
1334 1409 1447 1477 ipso
1480 1422 1686 1461 summo
1734 1402 1979 1473 angulari

396 1509 576 1576 lapide
594 1507 797 1561 Christo
813 1503 1190 1572 JesrﬁDomino
1210 1509 1387 1553 nostro
1417 1499 1486 1551 ³⁵.
1521 1499 1792 1552 Arcanum
1812 1495 1976 1550 etiam

400 1598 711 1669 huiusmodi
744 1610 966 1651 sensum
995 1593 1199 1647 habent
1226 1592 1378 1646 Isaia:
1402 1589 1562 1644 verba
1585 1588 1741 1658 quasi
1782 1587 1849 1642 ad
1888 1586 1971 1640 Je-

2085 1586 2203 1640 τῶν
2253 1587 2613 1641 ἀποστόλων
2652 1586 2749 1640 καί
2792 1587 3133 1656 προφητῶν,
3178 1589 3354 1656 ὄντος
3399 1591 3666 1661 ἀκρογω-

404 1690 638 1747 rusalem
670 1688 896 1742 directa.
934 1684 1058 1739 Haec
1086 1684 1172 1737 illa
1202 1692 1361 1737 sunt:
1406 1680 1541 1733 Ecce
1583 1693 1829 1748 praepara
1884 1678 1971 1730 tibi

2084 1680 2279 1734 νιαίου
2316 1680 2490 1732 λίθου
2522 1676 2709 1731 αὐτοῦ
2743 1678 2999 1745 Χριστοῦ
3059 1681 3264 1747 Ἰησοῦ
3290 1682 3395 1735 τοῦ
3439 1684 3666 1751 Κυρίου

399 1778 777 1835 carbunculum
802 1776 1027 1846 lapidem
1057 1783 1227 1838 tuum,
1256 1781 1303 1826 et
1336 1770 1680 1838 fundamenta
1711 1776 1803 1819 tua
1856 1782 1971 1832 sap-

2084 1771 2272 1841 ἡμῶν.
2312 1767 2562 1822 Τοιοῦτον
2591 1768 2648 1821 δέ
2676 1785 2796 1824 τινα
2828 1771 3086 1839 μυστικὸν
3119 1771 3231 1840 ἔχει
3273 1770 3398 1824 νοῦν
3420 1774 3512 1825 καὶ
3539 1775 3575 1843 ή
3603 1775 3665 1826 ἐν

401 1873 627 1939 phirum,
654 1878 702 1923 et
726 1883 915 1936 ponam
930 1867 1194 1937 jaspidem
1221 1860 1616 1934 propugnacula
1637 1869 1727 1912 tua
1739 1869 1787 1913 et
1796 1868 1971 1926 portas

2084 1861 2161 1932 τῷ
2218 1859 2412 1930 Ἡσαΐᾳ
2451 1860 2616 1925 λέξις,
2658 1860 2832 1924 οὕτως
2874 1861 3090 1932 ἔχουσα,
3137 1864 3229 1915 καὶ
3271 1863 3533 1935 λεγομένη
3584 1865 3666 1928 ὡς

402 1974 521 2016 luas
557 1961 756 2031 lapides
791 1958 1141 2029 crystallinos,
1188 1966 1233 2011 et
1274 1955 1551 2010 circuitum
1597 1963 1743 2005 tuum
1776 1950 1971 2018 lapides

2082 1950 2217 2022 πρὸς
2234 1950 2330 2022 τὴν
2358 1950 2734 2021 Ἰερουσαλήμ·
2776 1950 2942 2014 Ἰδοὺ,
2967 1950 3241 2021 ἐτοιμάζω
3269 1968 3367 2007 σοι
3391 1954 3667 2021 ἄνθρακα

400 2051 787 2115 desiderabiles,
805 2061 853 2105 et
881 2066 1059 2104 omnes
1081 2049 1221 2119 ﬁlios
1237 2056 1355 2102 tuos
1391 2047 1570 2100 doctos
1597 2062 1628 2098 ο
1669 2044 1799 2109 Deo,
1824 2052 1873 2096 et
1920 2043 1971 2094 in

2079 2043 2187 2094 τὸν
2218 2042 2393 2095 λίθον
2427 2056 2567 2108 σου,
2607 2041 2707 2096 καὶ
2746 2042 2819 2095 τὰ
2864 2043 3107 2112 θεμέλιὰ
3152 2059 3270 2099 σου
3299 2046 3663 2116 σάπφειρον,

400 2145 564 2198 multa
590 2158 717 2213 pace
744 2157 931 2211 pueros
955 2151 1105 2206 tuos,
1137 2149 1183 2194 et
1211 2140 1267 2192 in
1287 2137 1503 2208 justitia
1530 2135 1872 2203 wdiﬁeaberis
1903 2135 1969 2188 “.

2079 2135 2177 2189 καὶ
2196 2132 2363 2201 θήσω
2381 2134 2487 2200 τὰς
2504 2133 2789 2201 ἐπάλξεις
2808 2148 2926 2189 σου
2947 2136 3178 2201 (amur,
3206 2138 3301 2191 καί
3326 2139 3423 2204 τὰς
3456 2141 3664 2205 πύλας

398 2252 516 2291 σου
542 2237 750 2300 λίθους
786 2232 1192 2302 κρυστάλλου,
1220 2231 1319 2283 καὶ
1364 2230 1471 2283 τὸν
1537 2230 1856 2297 περίϐολον
1916 2242 2032 2281 σου
2087 2228 2295 2292 λίθους
2335 2227 2676 2292 ἐκλεκτοὺς,
2718 2225 2819 2280 καὶ
2869 2226 3099 2294 πάντας
3141 2227 3283 2295 τοὺς
3325 2230 3494 2295 υἱούς
3537 2244 3662 2284 σου

398 2326 712 2391 διδακτοὺς
751 2323 919 2389 Θεοῦ,
956 2323 1055 2377 καί
1120 2322 1192 2378 ἐν
1256 2319 1456 2390 πολλῇ
1501 2319 1709 2388 εἰρήνῃ
1746 2319 1819 2373 τὰ
1857 2317 2036 2371 τέκνα
2077 2332 2214 2383 σου,
2244 2317 2341 2371 καὶ
2371 2317 2441 2370 ἐν
2474 2316 2831 2385 δικαιοσύνῃ
2864 2316 3323 2387 οἱκοδομηθήσῃ.

465 2444 556 2501 20.
596 2444 762 2513 Igitur
789 2442 1123 2513 interiustos
1150 2441 1240 2497 alii
1268 2450 1394 2497 sunt
1429 2439 1828 2506 carbunculus,
1870 2438 1964 2493 alii

2142 2438 2292 2491 Εἰσὶν
2315 2432 2406 2492 οῦν
2431 2455 2573 2501 τινες
2590 2436 2699 2492 τῶν
2726 2437 2952 2492 δικαίων
2976 2437 3180 2507 ἄνθραξ
3199 2437 3362 2502 λίθος,
3392 2438 3487 2493 καὶ
3505 2439 3661 2494 ἄλλοι

394 2536 704 2606 sappliirus,
730 2533 819 2588 alii
846 2532 1036 2603 iaspis,
1084 2532 1173 2587 alii
1215 2530 1528 2603 crystallus,
1561 2530 1750 2600 sicque
1800 2543 1964 2585 omne

2078 2529 2391 2602 σάπφειρος,
2424 2530 2518 2582 καὶ
2552 2527 2702 2582 ἄλλοι
2726 2528 2934 2592 ἴασπις,
2964 2529 3057 2581 καὶ
3094 2529 3241 2584 ἄλλυι
3286 2531 3652 2602 κρύσταλλος·

398 2628 689 2683 clectorum
715 2635 769 2681 et
793 2624 1157 2695 pretiosorum
1188 2623 1428 2692 lapidum
1461 2637 1631 2692 genus
1656 2621 1789 2689 justi
1817 2628 1962 2675 sunt.

2078 2622 2164 2673 καὶ
2191 2620 2332 2673 οὕτω
2354 2620 2462 2673 πᾶν
2489 2619 2645 2687 γένος
2675 2619 2948 2673 ἐκλεκτῶν
2976 2622 3069 2674 καὶ
3095 2621 3290 2691 τιμίων
3317 2621 3483 2676 λίθων
3512 2626 3658 2677 εἰσὶν

398 2719 682 2788 Quomodo
704 2727 885 2772 autem
934 2715 1266 2786 intelligendi
1304 2714 1415 2769 sint
1449 2712 1674 2782 lapides,
1717 2725 1963 2782 quamam

2078 2708 2121 2759 οἱ
2152 2707 2366 2761 δίκαιοι.
2399 2709 2502 2761 Τὸν
2539 2708 2596 2761 δὲ
2627 2709 2755 2779 περὶ
2781 2707 2944 2762 λίθων
2983 2708 3126 2772 νοῦν,
3174 2711 3267 2763 καὶ
3309 2710 3410 2780 τῆς
3439 2711 3659 2780 φύσεως

398 2825 585 2866 eorum
632 2817 825 2864 natura
863 2806 953 2870 sit,
1006 2808 1074 2862 ad
1122 2821 1257 2875 quas
1308 2806 1517 2860 animas
1568 2803 1759 2858 referri
1798 2801 1966 2871 possit

2078 2802 2249 2856 αὐτῶν
2288 2802 2468 2871 λόγον,
2509 2802 2604 2857 καὶ
2648 2805 2729 2867 εἰς
2773 2803 3020 2867 ποδαπάς
3063 2803 3243 2875 ψυχὰς
3288 2805 3656 2877 ἀναφέρεσθαι

399 2904 619 2974 pretiosi
653 2901 848 2972 lapidis
881 2914 1101 2965 nomen,
1131 2913 1238 2953 non
1271 2898 1552 2968 praesentis
1588 2896 1849 2965 temporis
1880 2903 1964 2951 est

2078 2890 2285 2944 δύναται
2324 2893 2389 2945 ἐκ
2418 2892 2511 2945 τοῦ
2559 2892 2738 2962 τιμίου
2771 2892 2921 2946 λίθου
2968 2884 3041 2946 τὸ’
3074 2893 3242 2963 ὄνομα
3268 2934 3282 2957 ,
3308 2894 3368 2946 οὐ
3396 2895 3537 2948 κατὰ
3564 2896 3656 2948 τὸν

398 2963 963 3064 explicare-Tantum
1005 2989 1248 3059 oportuit
1290 2989 1478 3058 paucis
1526 2963 1819 3041 admonere
1866 3002 1971 3055 quo

2078 2984 2317 3053 παρόντα
2364 2983 2554 3053 καιρόν
2600 2985 2715 3037 ἐστι
2758 2984 3150 3056 διηγήσασθαι·
3200 2986 3359 3056 μόνον
3400 2985 3443 3038 δ’
3486 2988 3656 3058 ἐχρῆν

400 3086 675 3141 intellectu
704 3083 846 3153 apud
880 3098 980 3135 nos
1014 3081 1211 3149 templa
1237 3081 1514 3143 dicantur,
1546 3086 1603 3131 et
1643 3077 1771 3146 quid
1808 3093 1971 3131 unum

2078 3077 2489 3149 ὑπομνησθῆναι
2527 3078 2615 3130 ἐπ’
2656 3077 2833 3145 ὀλίγον
2878 3077 2971 3130 τοῦ
3009 3076 3346 3148 βουλήματος
3374 3076 3483 3129 τῶν
3529 3077 3654 3129 καθ’

398 3174 529 3228 illud
565 3172 819 3241 templum
859 3169 949 3224 Dei
989 3184 1056 3225 ex
1089 3170 1343 3241 pretiosis
1394 3168 1663 3238 lapidibus
1723 3177 1973 3223 constru-

398 3273 547 3318 ctum
580 3260 872 3332 signiticet.
905 3258 1372 3326 Quemadmodum
1418 3259 1561 3313 enim
1606 3258 1650 3314 si
1695 3258 1890 3328 singuli
1920 3258 1972 3312 in

400 3355 513 3410 suis
537 3354 769 3426 quisque
805 3352 1032 3406 urbibus
1077 3360 1297 3421 propter
1325 3349 1485 3422 vulgo
1535 3358 1748 3419 recepta
1779 3349 1973 3418 templa

398 3443 537 3500 alios
560 3457 670 3513 pra:
692 3455 752 3497 se
778 3448 1210 3507 contemnerent,
1237 3440 1328 3510 qui
1347 3455 1406 3496 se
1434 3439 1745 3510 pulchriora
1774 3438 1975 3495 habere

402 3534 792 3607 gloriarentur,
818 3533 855 3588 ii
892 3547 1112 3589 suorum
1155 3532 1482 3601 elegantiam
1515 3531 1888 3587 describerent
1916 3539 1974 3585 ut

399 3638 466 3679 ea
502 3639 624 3695 quae
643 3624 732 3679 alii
764 3622 961 3678 habent
986 3663 1002 3688 ,
1042 3621 1300 3677 inferiora
1352 3637 1474 3677 esse
1522 3632 1846 3693 arguerent;
1893 3623 1973 3679 sic

404 3730 523 3782 nos,
546 3716 613 3771 iis
635 3717 726 3785 qui
756 3730 855 3770 nos
882 3714 1246 3770 criminantur
1286 3716 1429 3785 quod
1462 3716 1629 3770 Deum
1665 3716 1717 3769 in
1756 3716 1972 3786 templis

402 3801 923 3877 sensus'expcrtibus
959 3808 1173 3863 adorari
1215 3824 1321 3861 non
1353 3816 1606 3876 oportere
1644 3809 1969 3872 sentiamus,

400 3914 463 3953 ea
497 3913 618 3969 quae
642 3899 781 3967 apud
810 3912 909 3953 uos
939 3898 1134 3968 templa
1159 3907 1285 3953 sunt
1323 3899 1664 3968 opponimus,
1706 3909 1760 3953 et
1792 3908 1971 3954 osten-

401 3991 577 4045 dimus
604 3990 670 4045 iis
695 3990 785 4059 qui
809 4004 915 4045 non
940 4000 1065 4045 sunt
1088 3998 1144 4045 et
1166 3990 1267 4058 ipsi
1301 4004 1498 4045 sensus
1534 3999 1789 4058 expertes
1824 3991 1969 4045 suis-

399 4096 505 4151 que
521 4081 626 4136 diis
652 4081 837 4136 hacin
876 4097 934 4136 re
982 4081 1209 4145 similes,
1266 4081 1467 4135 nullam
1499 4096 1622 4137 esse
1676 4080 1967 4137 simulacra

402 4178 587 4225 nostra
615 4170 756 4225 inter
776 4179 830 4226 et
852 4169 1091 4240 gentium
1127 4167 1416 4224 simulacra
1468 4169 1967 4239 comparationem;

2075 3169 2223 3239 ἡμᾶς
2250 3168 2413 3235 ναῶν,
2453 3168 2547 3221 καὶ
2581 3167 2699 3230 ἐνὸς
2739 3166 2829 3221 τοῦ
2873 3168 2936 3221 ἐκ
2970 3167 3135 3220 λίθων
3176 3167 3372 3239 τιμίων
3415 3166 3519 3220 νεὼ
3557 3168 3654 3221 τοῦ

2075 3260 2232 3313 Θεοῦ.
2289 3262 2497 3333 ’Ὠσπερ
2543 3260 2675 3332 γάρ,
2718 3263 2767 3313 εἰ
2808 3262 2902 3316 ἐπὶ
2939 3265 3050 3325 τοῖς
3089 3261 3462 3333 νομιζομένοις
3504 3265 3655 3325 ναοῖς

2074 3352 2294 3406 ἕκαστοι
2313 3351 2454 3405 κατά
2476 3351 2575 3415 τάς
2599 3352 2748 3421 σφῶν
2766 3352 2947 3415 πόλεις
2983 3353 3340 3422 ἐσεμνύνοντο
3363 3355 3501 3424 πρὸς
3527 3355 3655 3416 τοὺς

2075 3444 2315 3515 ἐτέρους,
2342 3442 2527 3511 ἔλεγον
2549 3443 2615 3497 ἂν
2634 3444 2684 3496 οἱ
2706 3443 2799 3496 ἐπὶ
2821 3446 2933 3507 τοῖς
2959 3444 3305 3513 τιμιωτέροις
3330 3447 3476 3507 ναοῖς
3509 3445 3652 3515 μέγα

2076 3535 2399 3607 φρονοῦντες
2443 3535 2513 3588 τά
2556 3534 2808 3607 ἐξαίρετα
2846 3534 2955 3588 τῶν
2989 3535 3135 3589 ἰδίων
3160 3537 3240 3598 είς
3284 3535 3503 3605 ἔλεγχον
3541 3536 3652 3588 τῶν

2075 3627 2496 3697 ὑποδεεστέρων·
2540 3626 2682 3679 οὕτω
2729 3627 2866 3697 πρὸς
2911 3628 3035 3690 τοὺς
3085 3626 3449 3696 ἐγκαλοῦντας
3493 3630 3648 3698 ἡμῖν,

2074 3720 2194 3771 ἐπεὶ
2209 3718 2283 3789 μὴ
2299 3717 2585 3788 νομίζομεν
2599 3717 2709 3770 δεῖν
2725 3717 2846 3770 σέὸε
2854 3736 2899 3771 ιν
2913 3718 2971 3771 τὸ
2984 3717 3137 3771 Θείον
3158 3719 3286 3790 παρ’
3304 3719 3649 3791 ἀναισθήτοις

2073 3810 2240 3871 ναοῖς,
2282 3806 2899 3878 ἀντιπαραλαμϐἀνομεν
2939 3810 3064 3872 τοὺς
3101 3808 3222 3861 καθ’
3273 3811 3421 3880 ἡμᾶς
3464 3812 3647 3873 ναοὺς,

2075 3899 2170 3952 καὶ
2205 3899 2491 3969 δείκνυμεν
2520 3900 2632 3961 τοῖς
2669 3914 2732 3966 γε
2771 3899 2845 3969 μὴ
2895 3899 3261 3970 ἀναισθήτοις,
3304 3902 3437 3972 μηδὲ
3478 3918 3651 3974 παρα·-

2074 3993 2320 4063 πλησίοις
2365 3996 2476 4056 τοῖς
2522 3992 2864 4065 ἀναισθήτοις
2906 3993 3048 4062 θεοῖς
3076 3994 3277 4059 αὐτῶν,
3319 3995 3400 4048 ὅτι
3424 3996 3649 4066 οὐδεμία

2061 4087 2366 4159 ¹σύγκρισις
2394 4088 2509 4139 ἐστι
2542 4085 2665 4138 οὔτε
2698 4084 2804 4138 τῶν
2829 4085 2955 4155 παρ’
2993 4086 3123 4155 ἡμῖν
3143 4085 3470 4157 ἀγαλμάτων
3512 4088 3647 4158 πρὸς

2071 4178 2140 4231 τὰ
2164 4178 2451 4248 ἀγάλματα
2473 4177 2579 4230 τῶν
2602 4176 2792 4239 ἐθνῶν,
2824 4175 2948 4229 οὔτε
2971 4175 3081 4228 τῶν
3110 4179 3241 4249 παρ’
3263 4178 3393 4249 ἡμῖν
3419 4177 3643 4249 βωμῶν,

400 4278 499 4318 nec
534 4262 725 4318 altaria
765 4273 819 4318 et
857 4263 1211 4319 odoramenta
1268 4271 1475 4327 nostra,
1530 4269 1590 4316 ut
1636 4261 1715 4315 sic
1755 4260 1967 4330 loquar,

2078 4271 2185 4335 καὶ,
2217 4269 2282 4323 ἵν’
2313 4268 2484 4333 οὕτως
2506 4266 2775 4340 ὀνομάσω,
2813 4268 3169 4340 θυμιαμάτων
3198 4268 3309 4340 (75)
3343 4269 3479 4339 πρὸς
3520 4271 3645 4333 τοὺς

396 4371 520 4411 eum
556 4356 623 4411 iis
660 4372 782 4426 quae
818 4355 960 4423 apud
1006 4355 1129 4409 illas
1168 4363 1321 4422 sunt,
1370 4354 1655 4421 altaribus,
1705 4353 1864 4424 adipe
1915 4362 1971 4408 et

395 4450 693 4519 sanguine;
726 4463 902 4519 neque
942 4448 1187 4518 exposita
1222 4462 1252 4501 a
1286 4446 1440 4501 nobis
1480 4445 1677 4515 templa
1726 4444 1966 4499 conferri

398 4556 554 4610 posse
584 4555 703 4595 cum
730 4541 952 4597 deorum
984 4553 1144 4595 sensu
1189 4537 1533 4609 privatorum
1578 4536 1813 4606 templis,
1847 4551 1968 4606 qute

398 4633 640 4687 homines
685 4646 845 4686 sensu
895 4630 1047 4686 vacui
1111 4630 1491 4696 admirantur;
1525 4629 1725 4699 quippe
1766 4629 1967 4699 quibus

397 4741 463 4777 ne
497 4724 550 4776 in
582 4731 817 4777 mentem
852 4722 1072 4791 quidem
1105 4720 1253 4776 venit
1303 4721 1546 4775 divinum
1576 4734 1699 4775 esse
1746 4735 1964 4776 sensum

394 4829 502 4881 quo
523 4813 643 4879 quis
669 4813 833 4867 Deum
880 4813 1060 4875 sentit,
1098 4827 1196 4867 nec
1245 4828 1352 4868 non
1407 4814 1727 4879 simulacra,
1767 4815 1964 4883 templa

395 4916 448 4960 ut
474 4904 665 4958 altaria
695 4903 861 4973 758
888 4918 1009 4972 qua:
1035 4902 1147 4959 Deo
1168 4906 1521 4961 conveniunt.
1554 4906 1671 4962 Non
1712 4907 1875 4977 igitur
1895 4909 1963 4962 ab

396 4995 681 5059 altaribus,
714 4993 1015 5049 simulacris
1045 5003 1100 5048 et
1133 4994 1349 5063 templis
1376 4997 1647 5066 erigendis
1671 5008 1961 5067 propterea

394 5091 768 5149 abhorremus,
799 5085 939 5155 quod
977 5085 1097 5140 hzec
1144 5086 1213 5141 sit
1260 5089 1489 5142 occultae
1535 5099 1698 5154 atque
1752 5105 1963 5146 arcana;

394 5179 667 5237 societatis
698 5189 921 5244 tessera,
952 5180 1020 5234 de
1042 5194 1147 5248 qua
1181 5180 1320 5233 inter
1364 5194 1461 5234 nos
1497 5182 1826 5246 conveniat;
1867 5182 1961 5237 sed

2076 4364 2297 4416 ἐκείνων
2349 4361 2566 4433 βωμοὺς
2608 4362 2702 4414 καὶ
2745 4358 2844 4423 τὰς
2883 4361 3013 4433 παρ’
3059 4360 3244 4424 αὐτοῖς
3285 4358 3512 4422 κνίσσας
3552 4360 3645 4412 καὶ

2076 4456 2279 4526 αἵματα
2294 4470 2308 4483 ·
2337 4453 2455 4505 ἀλλ’
2475 4451 2596 4505 οὐδὲ
2619 4450 2727 4504 τῶν
2765 4451 3178 4521 ἀποδεχομένων
3201 4450 3311 4522 (76)
3332 4449 3476 4505 ναῶν
3507 4451 3644 4523 πρὸς

2072 4549 2199 4609 τοὺς
2231 4546 2391 4606 ναοὺς
2418 4543 2526 4597 τῶν
2557 4541 2912 4613 ἀναισθήτων,
2949 4541 3055 4594 ὑπὸ
3074 4541 3413 4612 ἀναισθήτων
3436 4541 3643 4612 ἀνθρὼ-

2073 4654 2190 4690 πων
2232 4633 2683 4706 θαυμαζομένων,
2728 4631 2823 4684 xui.
2862 4630 2997 4704 μηδὲ
3035 4630 3517 4700 φαντασιωθέντων
3544 4631 3642 4702 τὴν

2072 4729 2221 4782 θείαν
2245 4727 2515 4796 αἴσθησιν,
2623 4722 2934 4777 αἰσθάνεταί
2961 4739 3046 4786 τις
3077 4719 3235 4785 Θεοῦ,
3264 4721 3359 4775 καὶ
3385 4720 3493 4774 τῶν
3523 4721 3646 4775 τού-

2071 4835 2162 4873 του
2186 4816 2515 4887 ἀγαλμάτων
2536 4814 2630 4868 καὶ
2644 4812 2789 4866 ναῶν
2810 4811 2904 4864 καὶ
2926 4810 3145 4882 βωμῶν,
3163 4809 3479 4880 πρεπόντων
3500 4809 3640 4879 Θεῷ.

2071 4910 2186 4963 Οὐκ
2214 4909 2293 4970 είς
2323 4907 2385 4959 τὸ
2406 4906 2593 4960 πιστὸν
2617 4900 2711 4957 οὖν
2734 4901 2970 4973 ἀφανοῦς
3005 4900 3100 4955 καὶ
3119 4888 3426 4972 ἀπορρήτου
3454 4916 3645 4954 κοινω-

2069 5001 2206 5065 νίας,
2236 4999 2329 5053 καὶ
2358 4998 2419 5050 τὸ
2447 4996 2655 5051 τοιοῦτο
2685 4993 2955 5065 σύνθημα,
2995 4990 3265 5062 φεύγομεν
3297 4991 3515 5060 βωμοὺς
3546 4991 3644 5044 καὶ

2069 5092 2360 5161 ἀγάλματα
2390 5090 2487 5143 καὶ
2506 5088 2643 5151 νεὼς
2668 5084 2940 5158 ἱδρύεσθαι
2960 5101 2974 5114 ο
3005 5082 3120 5137 ἀλλ’
3147 5083 3250 5143 ὅτι,
3284 5081 3535 5153 εὑρόντες
3554 5081 3646 5135 διὰ

2069 5181 2168 5252 τὴν
2208 5179 2382 5252 Ἰησοῦ
2421 5177 2773 5232 διδασκαλίαν
2804 5175 2894 5228 τὸν
2925 5172 3123 5245 τρόπον
3157 5171 3257 5242 τῆς
3294 5173 3372 5236 εις
3401 5170 3463 5225 τὸ
3487 5170 3645 5225 Θεῖον

463 5335 508 5366 ⁸³
530 5333 690 5390 Joan.
723 5351 788 5399 ιι,
819 5333 906 5399 t9,
934 5332 1024 5388 2t.
1102 5332 1148 5364 “
1182 5331 1200 5385 Ι
1228 5330 1377 5389 Petr.
1409 5348 1472 5398 ιι,
1500 5332 1553 5388 5.
1631 5335 1678 5365 "
1709 5333 1907 5403 Epltes.
1946 5348 1971 5387 ιι

2078 5332 2140 5388 :0.
2219 5334 2265 5365 “
2293 5333 2397 5389 lsa.
2431 5347 2539 5398 LIV,
2572 5331 2662 5396 ll,
2703 5329 2787 5393 l2,
2820 5328 2913 5391 15,
2950 5326 3038 5382 14.

485 5488 575 5559 75)
608 5490 763 5544 Φασί
791 5498 938 5543 recte
965 5487 1189 5544 omnino
1226 5486 1463 5542 restituit
1493 5486 1657 5541 codex
1687 5483 1952 5540 Julianus.

460 5488 573 5628 ίπι)
605 5559 942 5615 Ηωεείιείὶιιε
974 5558 1047 5612 -in
1082 5566 1250 5628 textu
1283 5567 1336 5611 et
1379 5571 1540 5620 mss.,
1575 5554 1952 5626 οἰκοδομηθέν-

485 5554 573 5678 72
605 5559 942 5615 Hmscltelius
974 5558 1047 5612 -in
1099 5566 1250 5613 textu
1283 5567 1336 5611 et
1379 5571 1540 5620 mss.,
1575 5554 1956 5626 οἰκοδομηθέν-

487 5666 501 5678 .
527 5659 549 5681 κ
569 5643 853 5691 peneerus,
884 5627 1415 5691 ἐποικοδομηθέντες.

395 5642 501 5688 τες.
527 5642 853 5695 δρειιοετιιε,
884 5642 1415 5699 εποικοοομηυεντες.

463 5695 573 5766 (75)
607 5698 756 5769 Mss,
790 5697 882 5752 καὶ
917 5698 1024 5752 τῶν
1053 5700 1182 5769 παρ’
1212 5699 1414 5762 αὐτοῖς,
1463 5697 1527 5751 ἵν’
1561 5696 1731 5760 οὕτως
1768 5694 1955 5767 ὀνομάο

2066 5503 2163 5550 σω,
2191 5487 2575 5557 θυμιαμάτων.

2136 5552 2778 5628 (76)"Ariooexopérwr.
2817 5553 2972 5626 Legit
3025 5554 3343 5615 Boberellus
3383 5552 3612 5610 ἀποδεδο

2067 5627 2262 5696 μένων.
