3972 6160
402 272 538 328 1549

1581 268 1859 324 CONTRA
1890 269 2165 325 CELSUM
2201 269 2324 324 LIB.
2370 267 2506 324 VIII.

3492 267 3629 323 I530

395 388 671 451 εὐσεϐείας
715 388 982 456 φεύγομεν
1023 382 1090 437 τὰ
1123 384 1389 453 φαντασίᾳ
1428 384 1702 448 εὐσεϐείας
1743 385 1950 447 ἀσεϐεῖς

2061 387 2207 455 quia,
2248 395 2533 454 postquam
2562 398 2659 452 per
2688 381 2813 438 Jesu
2845 382 3142 438 doctrinam
3190 382 3492 439 invenimus
3540 400 3631 438 co—

393 481 651 536 ποιοῦντα
671 481 796 542 τοὺς
835 477 1206 548 ἑσφαλμένους
1232 476 1339 529 ἀπὸ
1378 477 1476 546 τῆς
1501 476 1588 529 διὰ
1624 475 1796 547 Ἰησοῦ
1830 478 1963 546 Χρι-

398 572 523 625 στοῦ
555 569 868 632 εὐσεϐείας·
898 570 955 633 ὃς
985 571 1100 621 ἑστι
1139 569 1297 638 μόνος
1336 566 1453 629 ὁδὸς
1495 566 1789 631 εὐσεϐείας,
1835 566 1962 635 ἁλη-

392 658 501 722 θῶς
541 657 713 726 λέγων
742 657 829 723 τὸ,
874 656 1018 727 Ἐγώ
1057 659 1171 727 ειμι
1198 657 1235 725 ἠ
1273 655 1431 721 ὁδὸς,
1476 656 1572 709 καὶ
1612 659 1650 723 ἠ
1693 655 1957 721 ἀλήθεια,

395 750 492 803 καί
519 750 557 817 ἠ
588 747 719 814 ζωή.

469 922 693 991 Ἶδωμεν
713 920 769 974 δὲ
788 920 881 973 καὶ
907 920 973 972 τὰ
997 918 1125 989 ἑξῆς
1150 919 1342 988 Κέλσῳ
1371 920 1637 989 λεγόμενα
1656 920 1781 990 περὶ
1805 919 1956 983 Θεοῦ,

394 1012 487 1064 καὶ
526 1012 600 1074 ὼς
633 1011 928 1081 προτρέπει
969 1013 1116 1081 ἡμᾶς
1146 1012 1241 1063 ἐπὶ
1284 1010 1379 1081 τὴν
1421 1010 1531 1063 τῶν
1575 1012 1650 1073 ὡς
1694 1010 1791 1081 μὲν
1825 1010 1959 1081 πρὸς

393 1101 645 1171 ἀλήθειαν
672 1101 1030 1156 εἰδωλοθύτων
1059 1102 1270 1172 χρῆσιν,
1302 1101 1357 1172 ἦ,
1390 1102 1454 1154 ἵν’
1491 1100 1661 1164 οῦτως
1688 1102 1958 1171 ὀνομάσω,

393 1192 832 1262 δαιμονιοθύτων,
878 1194 951 1255 ὡς
990 1194 1034 1246 δ’
1064 1194 1224 1255 αὐτὸς
1267 1192 1700 1264 προσαγορεύσαι
1734 1193 1818 1256 ἂν,
1864 1194 1958 1245 ἆτε

394 1283 469 1353 μὴ
500 1283 672 1349 εἰδὼς,
708 1283 758 1337 τί
795 1284 855 1336 τὸ
877 1284 1092 1355 ἀληθῶς
1136 1284 1278 1355 ἱερὸν
1312 1286 1403 1338 καὶ
1443 1284 1681 1337 ποδαπαὶ
1718 1286 1770 1336 αἱ
1811 1282 1961 1351 παρά

390 1373 563 1444 τούτῳ
598 1373 710 1444 (77)
756 1374 955 1439 θυσίαι,
999 1374 1319 1444 ἱεροθύτων·
1365 1373 1399 1427 ἀ
1439 1374 1495 1425 δὲ
1528 1374 1694 1441 λέγει,
1739 1371 1962 1425 τοιαῦτά

390 1467 556 1520 ἐστιν·
598 1466 661 1519 '0
703 1483 768 1535 γε
790 1467 916 1535 μὴν
959 1467 1100 1532 Θεὸς
1144 1466 1331 1519 ἅπασι
1368 1465 1585 1529 κοινός,
1632 1465 1851 1534 ἀγαθός
1899 1480 1961 1514 τε

390 1557 487 1609 καὶ
524 1557 888 1625 ἀπροσδεὴς,
924 1558 1021 1610 καὶ
1062 1556 1177 1621 ἔξω
1224 1558 1471 1625 φθόνου·
1506 1558 1563 1609 τί
1604 1552 1718 1610 οὖν
1745 1557 1960 1608 κωλύει

390 1649 533 1714 τοὺς
554 1647 821 1717 μάλιστα
841 1650 1328 1719 καθωσιωμένους
1345 1649 1505 1713 αὐτῷ
1534 1650 1630 1701 καὶ
1647 1648 1764 1702 τῶν
1778 1648 1958 1716 δημο-

389 1745 579 1798 τελῶν
594 1742 813 1812 ἑορτῶν
829 1739 1301 1811 μεταλαμϐάνειν
1312 1757 1330 1805 ;
1356 1741 1466 1793 Οὐκ
1483 1736 1597 1792 οῖδα
1616 1739 1672 1791 δὲ
1686 1738 1739 1790 τί
1763 1755 1958 1806 φαντα-

391 1835 536 1900 σθεὶς
555 1835 725 1889 οἴεται
750 1833 1055 1887 ἀκολουθεῖν
1082 1830 1157 1901 τῷ
1185 1831 1275 1884 τὸν
1297 1832 1427 1884 Θεὸν
1453 1826 1591 1883 εἶναι
1615 1828 1835 1897 ἀγαθὸν,
1864 1829 1956 1880 καὶ

388 1927 682 1998 ἀπροσδεῆ,
703 1925 793 1981 καὶ
836 1923 939 1988 ἔξω
980 1922 1193 1991 φθόνου,
1238 1922 1297 1975 τὸ
1334 1923 1460 1985 τοὺς
1504 1919 1955 1990 καθωσιωμένους

387 2018 537 2089 αύτῷ
582 2015 1011 2090 μεταλαμϐάνειν
1059 2013 1165 2067 τῶν
1220 2012 1526 2083 δημοτελῶν
1571 2011 1791 2083 ἑορτῶν.
1846 2012 1955 2064 Καί

389 2127 551 2180 φημι,
587 2110 669 2162 ὃτι
707 2105 985 2177 ἠκολούθει
1021 2106 1115 2175 μὲν
1150 2104 1227 2175 τῷ
1265 2105 1354 2156 τὸν
1393 2103 1524 2156 Θεὸν
1557 2099 1693 2156 εἶναι
1732 2101 1953 2171 ἀγαθὸν,

387 2202 480 2254 καὶ
495 2200 786 2272 ἀπροσδεῆ,
809 2199 900 2252 καὶ
918 2196 1022 2261 ἔξω
1038 2196 1230 2265 φθόνου
1241 2235 1253 2259 ,
1270 2195 1329 2247 τὸ
1346 2194 1522 2247 αὐτῶν
1543 2193 1652 2265 (78)
1667 2193 1776 2245 τῶν
1792 2194 1854 2263 δη
1865 2210 1957 2263 μο-

386 2292 555 2346 τελῶν
589 2289 1019 2361 μεταλαμϐάνειν
1048 2286 1269 2357 ἑορτῶν·
1305 2288 1352 2338 εἰ
1388 2285 1760 2349 ἀπεδείκνυτο,
1792 2285 1875 2337 ὅτι
1900 2287 1953 2337 al

386 2382 693 2455 δημοτελεῖς
720 2381 902 2453 ἑορταὶ
923 2374 1073 2432 οὐδὲν
1102 2377 1199 2448 μὲν
1223 2376 1433 2445 ἔχουσιν
1461 2376 1817 2446 ἐσφαλμένον,
1849 2375 1955 2427 ἀπὸ

386 2474 444 2526 δὲ
468 2474 566 2544 τῆς
598 2473 727 2543 περὶ
765 2470 899 2523 Θεοῦ
940 2468 1169 2539 θεωρίας
1202 2466 1689 2537 ἑνομοθετήθησαν,
1720 2466 1793 2529 ὼς
1829 2467 1956 2518 ἀκό-

386 2563 564 2616 λουθοι
584 2566 649 2632 τῇ
675 2564 752 2625 εἰς
776 2559 938 2615 αὐτὸν
959 2559 1222 2630 θεραπεία
1261 2558 1354 2609 καὶ
1383 2556 1653 2626 εὐσεϐείᾳ.
1681 2556 1745 2608 El
1775 2555 1954 2625 μέντοι

388 2654 445 2704 αἱ
486 2652 798 2723 δημοτελεῖς
839 2650 999 2721 μέχρι
1038 2648 1296 2718 ὀνόματος
1335 2646 1518 2716 ἑορταὶ
1555 2645 1756 2716 μηδένα
1800 2646 1955 2712 λόγον

388 2743 601 2813 ἔχουσιν
624 2740 1019 2803 ἀποδεικτικὸν,
1046 2737 1121 2800 ὡς
1154 2736 1490 2807 ἀρμόζουσαι
1527 2739 1592 2807 τῇ
1628 2737 1707 2798 είς
1730 2736 1791 2788 τὸ
1814 2735 1955 2787 θεῖον

388 2831 669 2904 θεραπείᾳ,
712 2830 824 2884 ἀλλ’
862 2830 1166 2898 ἐλέγχοιντο
1207 2823 1361 2881 οὖσαι
1409 2826 1808 2897 ἀναπλάσματα
1848 2826 1955 2879 τῶν

383 2924 531 2985 ὅπως
582 2922 711 2974 ποτὲ
767 2920 923 2990 ἔτυχε
976 2919 1064 2972 διά
1117 2935 1265 2980 τινας
1322 2918 1562 2988 ἱστορίας
1605 2917 1955 2988 ἀνθρωπικὰς

381 3015 553 3070 ταῦτα
580 3012 1073 3085 νομοθετησάντων,
1106 3010 1138 3080 ἢ
1180 3010 1274 3063 καὶ
1300 3010 1644 3078 φυσιολογίας
1674 3011 1800 3082 περὶ
1829 3008 1954 3062 ὓδα-

383 3107 528 3178 τοςῆ
563 3108 663 3179 γῆς
694 3106 727 3175 ἢ
771 3106 878 3157 τῶν
913 3105 1005 3157 ἀπ’
1043 3103 1212 3172 αὐτῆς
1253 3101 1477 3173 καρπῶν
1515 3101 1810 3154 δοκούντων
1839 3100 1948 3171 (79)

385 3199 654 3270 περιέχειν
674 3213 686 3226 ⁶
708 3196 886 3265 δῆλον,
918 3195 998 3247 ὅτι
1021 3194 1067 3245 oi
1092 3194 1152 3245 τὸ
1182 3193 1339 3245 Θεῖον
1363 3191 1735 3262 ὲξετασμένως
1774 3190 1950 3243 σέϐειν

383 3289 624 3352 θέλοντες
671 3286 889 3355 εὔλογόν
928 3304 980 3339 τι
1041 3286 1327 3357 πράττοιεν
1378 3284 1451 3353 μὴ
1511 3281 1950 3352 μεταλαμϐάνον-

383 3395 472 3441 τες
509 3376 616 3447 (80)
658 3374 766 3429 τῶν
809 3373 1116 3445 δημοτελῶν
1163 3372 1383 3444 ἑορτῶν.
1435 3372 1644 3439 Ἐορτὴ
1694 3370 1824 3442 γὰρ,
1874 3370 1950 3434 ὥς

386 3470 519 3542 φησι
550 3488 634 3533 τις
675 3470 769 3523 καὶ
808 3468 915 3521 τῶν
960 3466 1283 3539 Ἑλληνικῶν
1322 3464 1523 3533 σοφῶν,
1553 3464 1732 3527 καλῶς
1756 3463 1947 3531 λέγων,

381 3562 563 3618 οὐδὲν
584 3561 737 3616 ἄλλο
768 3561 939 3615 ἐστὶν
975 3560 1013 3628 ἢ
1044 3559 1111 3613 τὸ
1150 3559 1222 3613 τὰ
1255 3557 1467 3611 δέοντα
1506 3553 1818 3623 πράττειν·
1855 3555 1948 3607 καὶ

381 3656 627 3730 ἑορτάζει
653 3674 715 3725 γε
740 3654 883 3710 κατά
909 3652 1162 3724 ἀλήθειαν
1188 3652 1217 3703 ὁ
1244 3648 1315 3703 τά
1345 3648 1531 3703 δέοντα
1561 3646 1834 3718 πράττων,
1861 3645 1950 3698 ἀεὶ

380 3750 692 3821 εὐχόμενος,
714 3747 801 3801 διὰ
833 3744 1031 3809 παντὸς
1057 3742 1198 3797 θύων
1228 3742 1327 3805 τάς
1352 3739 1717 3811 ἀναιμάκτους
1746 3739 1803 3792 ἑν
1832 3739 1951 3800 ταῖς

381 3842 517 3913 πρὸς
541 3841 601 3893 τὸ
626 3840 779 3892 Θεῖον
804 3837 990 3907 εὐχαῖς
1010 3833 1219 3897 θυσίας.
1242 3831 1332 3885 Διὸ
1357 3831 1449 3885 καὶ
1472 3827 1953 3900 μεγαλοφυέστατά

385 3950 475 4004 μοι
523 3932 668 3983 δοκεῖ
711 3927 862 3999 παρὰ
900 3925 979 3996 τῷ
1022 3926 1220 3994 Παύλῳ
1268 3920 1520 3993 είρῆσθαι
1560 3921 1646 3983 τὸ,
1699 3917 1951 3987 Ἡμέρας

382 4020 835 4091 παρατηρεῖσθε,
866 4017 976 4089 (81)
1011 4016 1109 4070 καὶ
1125 4014 1347 4085 μῆνας,
1408 4015 1508 4068 καί
1548 4010 1811 4079 καιροὺς,
1850 4009 1951 4063 καὶ

379 4110 710 4175 ἐνιαυτούς·
731 4107 1019 4179 φοϐοῦμαι
1032 4105 1207 4175 ὑμᾶς,
1220 4105 1304 4175 μή
1331 4116 1455 4169 πως
1474 4099 1603 4169 είκῆ
1627 4101 1955 4154 κεκοπίακα

378 4203 465 4269 είς
487 4201 661 4271 ὑμᾶς.
1020 4206 1021 4209 “

462 4313 587 4367 Ἐὰν
615 4313 675 4365 δέ
711 4328 795 4376 τις
831 4310 965 4381 πρὸς
998 4307 1169 4363 ταῦτα
1204 4303 1555 4375 ἀνθυποφέρῃ
1594 4301 1663 4356 τὰ
1693 4300 1951 4371 περὶτῶν

379 4403 508 4475 παρ’
550 4405 679 4474 ἡμῖν
715 4397 1011 4468 κυριακῶν,
1050 4397 1083 4468 ἢ
1118 4392 1500 4467 παρασκευῶν,
1546 4393 1580 4462 ἢ
1613 4389 1702 4444 τοῦ
1732 4389 1943 4459 Πάσχα,
1975 4390 2023 4448 D
2051 4386 2254 4475 εοςνθξν

378 4493 412 4564 ἦ
444 4492 541 4563 τῆς
565 4488 943 4561 Πεντηκοστῆς
968 4486 1035 4539 δι’
1064 4483 1283 4556 ἡμερῶν
1305 4483 1584 4552 γινόμενα·
1607 4478 1825 4532 λεκτέον
1854 4481 1947 4530 καὶ

378 4586 515 4657 πρὸς
544 4582 721 4647 τοῦτο,
752 4584 834 4636 ὅτι
871 4584 899 4635 ὁ
927 4580 1023 4651 μὲν
1053 4578 1275 4641 τέλειος,
1312 4577 1398 4629 ἀεὶ
1422 4577 1479 4627 ἑν
1498 4575 1611 4635 τοῖς
1639 4571 1818 4639 λόγοις
1848 4570 1942 4635 ὢν,

381 4676 473 4728 καὶ
515 4676 628 4737 τοῖς
677 4672 877 4744 ἔργοις,
912 4670 1005 4723 καὶ
1044 4671 1156 4731 τοῖς
1191 4667 1510 4737 διανοήμασι
1543 4661 1638 4716 τοῦ
1677 4664 1743 4732 τῇ
1788 4660 1945 4729 φύσει

380 4767 581 4837 Κυρίου
613 4766 785 4834 Λόγου
809 4762 964 4829 Θεοῦ,
989 4762 1072 4815 ἀεί
1100 4763 1246 4813 ἑστιν
1283 4758 1443 4812 αὐτοῦ
1474 4759 1531 4811 ἑν
1557 4758 1676 4817 ταῖς
1709 4752 1946 4824 ἡμέραις

380 4854 474 4905 καὶ⁵
505 4854 590 4906 ἀεὶ
614 4855 735 4922 ἀγει
764 4850 1045 4924 Κυριακάς
1077 4850 1305 4921 ἡμέρας.
1351 4845 1510 4899 Ἀλλά
1539 4845 1633 4898 καὶ
1654 4844 1742 4896 ἀεὶ
1766 4857 1946 4911 παρα-

382 4941 655 5006 σκευάζων
698 4944 885 4996 ἑαυτὸν
915 4944 1051 5013 πρὸς
1096 4940 1157 4994 τὸ
1189 4935 1457 5010 ἀληθινῶς
1498 4936 1615 5007 ζῇν,
1666 4932 1761 4986 καὶ
1807 4932 1945 4984 ἀπε-

381 5034 606 5104 χόμενος
638 5032 745 5084 τῶν
773 5030 865 5083 τοῦ
900 5030 1013 5101 βίου
1051 5029 1218 5100 ἡδέων
1263 5028 1355 5081 καὶ
1383 5026 1510 5088 τοὺς
1541 5023 1764 5083 πολλοὺς
1796 5021 1943 5073 ἀπα-

2064 474 2202 529 lendi
2257 474 2352 527 Dei
2418 472 2677 526 rationem
2703 513 2719 539 ,
2766 470 3001 541 fugimus
3038 473 3300 541 quidquid
3336 489 3472 527 vana
3511 474 3627 544 pie—

2065 566 2189 620 tatis
2214 564 2393 633 specie
2418 564 2610 633 impios
2638 563 2888 618 faciteos
2915 564 3006 632 qui
3053 578 3082 617 a
3123 564 3268 618 cultu
3312 580 3408 634 per
3445 560 3626 621 Iesum

2062 654 2335 708 Christum
2378 653 2671 707 constituto
2715 652 2991 708 recedunt.
3026 654 3120 707 Est
3171 656 3315 709 enim
3348 655 3439 709 ille
3480 656 3630 710 solus

2064 744 2310 798 veritatis
2338 744 2447 809 via,
2480 754 2539 797 ut
2561 743 2653 813 qui
2675 758 2801 798 vere
2826 743 2960 797 dixit
2990 759 3005 797 :
3039 741 3147 814 Ego
3170 761 3283 799 sum
3309 747 3415 813 via,
3442 748 3629 801 veritas

2062 843 2107 884 el
2141 835 2243 885 vita
2280 833 2342 885 ’⁷.

2135 924 2222 981 2i.
2253 924 2372 977 Jam
2398 925 2679 978 videamus
2709 938 2828 993 quae
2852 923 3037 978 Celsus
3071 933 3254 993 postea
3300 926 3368 980 de
3406 927 3516 981 Deo
3545 929 3628 983 di-

2062 1024 2172 1080 cat,
2198 1026 2251 1070 et
2285 1017 2556 1085 quomodo
2592 1031 2692 1070 nos
2720 1017 2967 1069 hortetur
3003 1016 3070 1069 ad
3107 1017 3362 1071 utendum
3395 1018 3482 1085 iis,
3507 1035 3627 1089 quae

2065 1122 2124 1161 re
2150 1108 2367 1177 quidem
2393 1123 2519 1162 vera
2555 1107 2731 1168 idolis,
2761 1116 2871 1172 aut,
2911 1116 2970 1162 ut
2998 1108 3070 1162 ita
3104 1108 3313 1179 loquar,
3353 1111 3631 1166 daemoniis

2064 1199 2239 1253 oblata
2262 1208 2409 1266 sunt,
2434 1200 2526 1254 sed
2560 1215 2681 1267 quae
2729 1200 2866 1266 ipse,
2900 1199 3119 1270 ignarus
3154 1202 3283 1271 quid
3314 1203 3386 1256 sit
3415 1203 3627 1258 Divini-

2067 1299 2214 1345 taset
2241 1306 2358 1360 quae
2380 1292 2489 1346 sint
2519 1292 2752 1346 victimae
2777 1292 2850 1343 illi
2879 1301 3134 1360 acceptae,
3164 1307 3349 1348 sacras
3382 1295 3629 1353 victimas

2064 1382 2350 1435 vocaverit.
2406 1381 2533 1452 Ejus
2584 1384 2746 1437 verba
2785 1383 2863 1437 sic
2920 1384 3120 1437 habent
3155 1401 3168 1435 :
3211 1384 3352 1438 Deus
3396 1389 3627 1441 omnium

2062 1470 2349 1523 communis
2380 1480 2477 1537 est,
2519 1470 2707 1535 bonus,
2745 1472 2943 1525 nullius
2976 1472 3050 1524 rei
3083 1471 3341 1541 indigens,
3387 1475 3531 1528 nulla
3553 1478 3630 1529 in-

2061 1561 2224 1613 vidia.
2255 1560 2397 1625 Quid
2432 1563 2595 1632 igitur
2624 1572 2758 1615 velat
2792 1563 2920 1631 quin
2944 1561 3046 1630 illi,
3067 1564 3155 1631 qui
3185 1565 3483 1636 eimaxime
3501 1582 3628 1619 con-

2061 1661 2354 1716 secrantur,
2387 1650 2539 1719 festis
2564 1653 2789 1720 publicis
2820 1652 3063 1706 intersint
3084 1654 3109 1705 ?
3140 1652 3333 1707 Nescio
3356 1656 3628 1722 quomodo

2062 1744 2115 1796 in
2144 1742 2378 1795 animum
2418 1742 2714 1809 induxerit,
2766 1759 2834 1798 ex
2875 1758 2941 1797 eo
2984 1744 3126 1812 quod
3176 1745 3376 1811 bonus,
3430 1745 3628 1801 nullius

2057 1832 2133 1886 rei
2156 1832 2424 1902 indigens,
2452 1832 2595 1885 nulla
2628 1833 2834 1887 invidia
2855 1834 2924 1888 sit
2947 1833 3106 1896 Deus,
3132 1847 3467 1903 consequens
3487 1849 3626 1903 esse,

2058 1924 2224 1991 utqui
2255 1924 2489 1977 maxime
2514 1922 2590 1976 illi
2619 1923 2800 1977 devoti
2827 1932 2969 1989 sunt,
2997 1922 3155 1979 festis
3191 1924 3418 1992 publicis
3457 1925 3628 1981 inter-

2057 2014 2185 2069 sint.
2223 2012 2421 2067 Fateor
2470 2014 2722 2082 equidem
2768 2032 2781 2066 :
2830 2028 2897 2068 ex
2938 2028 3003 2068 eo
3050 2013 3191 2083 quod
3250 2014 3390 2069 Deus
3430 2015 3624 2081 bonus,

2057 2106 2256 2161 nullius
2295 2106 2373 2160 rei
2411 2106 2656 2174 indigus,
2715 2105 3021 2174 nulliusque
3054 2106 3276 2174 invidia:
3315 2108 3385 2161 sit
3428 2122 3623 2177 capax,

2057 2211 2396 2267 consequens
2435 2204 2579 2250 esset
2615 2194 2766 2249 festis
2804 2194 3032 2265 publicis
3057 2195 3321 2251 interesse
3349 2207 3624 2265 oportere,

2057 2289 2101 2344 si
2134 2288 2453 2357 probaretur
2484 2285 2617 2341 nihil
2641 2286 2731 2340 illa
2760 2287 2961 2343 habere
2984 2301 3294 2353 erroneum,
3315 2298 3370 2343 et
3399 2305 3429 2344 a
3457 2292 3623 2343 Deum

2057 2381 2508 2450 cognoscentibus
2564 2380 2860 2434 constituta
2922 2380 3110 2444 fuisse,
3151 2387 3408 2449 tanquam
3449 2381 3625 2435 cultus

2058 2470 2110 2523 in
2140 2470 2290 2524 illum
2321 2477 2378 2524 et
2427 2469 2647 2539 pietatis
2684 2470 2985 2537 sequelam.
3035 2470 3130 2524 Sin
3178 2485 3308 2526 vero
3348 2470 3480 2525 festa
3531 2471 3623 2525 illa

2056 2557 2291 2627 publica,
2323 2573 2440 2627 qua:
2471 2557 2685 2613 nonnisi
2720 2559 2939 2614 nomine
2964 2558 3099 2613 festa
3142 2567 3286 2623 sunt,
3338 2559 3486 2614 nulla
3532 2574 3622 2613 ra-

2060 2646 2204 2701 tione
2239 2648 2454 2716 probari
2496 2658 2723 2715 possunt
2751 2648 2934 2703 divino
2971 2648 3137 2703 cultui
3179 2662 3299 2703 esse
3338 2657 3625 2705 consenta-

2059 2752 2181 2803 nea,
2219 2739 2313 2793 sed
2342 2748 2642 2808 arguantur
2672 2738 2930 2809 ﬁgmenta
2953 2754 3075 2795 esse
3104 2739 3381 2795 hominum
3408 2741 3499 2810 qui
3534 2742 3621 2795 illa

2058 2829 2199 2883 datis
2252 2829 2588 2909 quibuslibet
2639 2830 3018 2885 occasionibus
3073 2840 3290 2899 propter
3353 2832 3620 2900 quasdam

2058 2922 2324 2976 humanas
2351 2920 2604 2974 historias
2629 2919 3005 2984 instituerunt,
3045 2921 3128 2976 vel
3180 2922 3439 2991 quasdam
3467 2938 3621 2991 aqua:

2060 3020 2152 3065 aut
2176 3020 2331 3065 terra:
2358 3019 2451 3062 aut
2476 3008 2747 3063 fructuum
2779 3023 2845 3063 ex
2872 3010 2961 3065 illa
2995 3012 3336 3066 nascentium
3369 3013 3619 3082 proprie-

2060 3110 2195 3156 tates
2221 3102 2507 3157 videantur
2541 3100 2870 3167 exprimere,
2907 3102 3251 3170 perspicuum
3276 3113 3360 3157 est
3381 3118 3496 3169 eos,
3524 3105 3619 3174 qui

2056 3205 2313 3250 accurate
2347 3195 2526 3249 colere
2573 3196 2760 3250 volunt
2793 3192 3156 3255 Divin‘itatem,
3197 3202 3616 3248 consentaneum

2053 3288 2181 3357 quid
2208 3287 2402 3343 rationi
2435 3286 2694 3349 facturos,
2745 3286 2790 3340 si
2840 3283 2991 3339 festis
3034 3284 3261 3355 publicis
3318 3300 3420 3339 non
3452 3286 3620 3340 inter-

2056 3378 2273 3433 I‘uerint.
2327 3377 2546 3432 Festum
2604 3378 2770 3442 enim,
2817 3385 2877 3431 ut
2918 3376 3149 3445 pulchre
3198 3377 3415 3446 quidam
3467 3377 3551 3431 vel
3586 3394 3618 3433 e

2054 3469 2258 3524 Graecis
2289 3468 2624 3538 sapientibus
2673 3468 2828 3531 dixit,
2861 3466 2995 3523 nihil
3028 3476 3103 3520 est
3152 3467 3299 3520 aliud
3348 3484 3506 3537 quant
3536 3468 3620 3537 of-

2055 3560 2230 3627 ﬁciunt
2266 3559 2436 3627 {acere
2473 3559 2556 3624 ¹⁸;
2588 3566 2644 3613 et
2674 3572 2808 3613 sane
2855 3557 2993 3611 festa
3050 3570 3178 3611 vere
3224 3556 3312 3611 ille
3353 3557 3618 3622 celebrat,

2053 3652 2283 3722 quisuis
2321 3649 2512 3706 olliciis
2562 3648 2833 3719 fungitur,
2889 3647 2980 3715 qui
3042 3655 3166 3700 orat
3204 3657 3482 3717 perpetuo,
3524 3654 3615 3717 qui

2056 3745 2222 3799 Deum
2242 3740 2355 3796 suis
2387 3739 2686 3795 invocando
2716 3738 2966 3806 precibus
2995 3737 3313 3793 incruentas
3356 3738 3504 3793 nulla
3536 3739 3619 3793 iu—

2054 3834 2394 3890 termissione
2433 3830 2637 3888 hostias
2668 3828 2845 3884 oﬂ‘ert.
2878 3826 3241 3894 Quamobrem
3297 3828 3431 3883 mihi
3471 3829 3621 3883 vidc-

2056 3937 2143 3982 tur
2184 3941 2215 3980 a
2263 3923 2432 3980 Paulo
2483 3920 3021 3993 magniﬁcentissime
3064 3920 3265 3974 dictum
3294 3933 3458 3975 esse:
3494 3919 3619 3976 Dies

2055 4017 2335 4073 observatis
2357 4024 2404 4070 et
2431 4028 2628 4068 menses
2653 4022 2700 4066 et
2732 4021 2962 4080 tempora
2999 4020 3046 4065 et
3088 4027 3290 4075 annos;
3323 4012 3477 4065 timeo
3503 4027 3614 4075 vos,

2055 4125 2117 4163 ne
2144 4108 2279 4177 forte
2299 4107 2410 4162 sine
2431 4121 2594 4160 causa
2623 4103 2972 4157 laboraverim
2999 4102 3056 4154 in
3091 4101 3231 4155 vobis
3271 4103 3341 4155 ’9.

2125 4283 2213 4336 22.
2239 4281 2337 4336 Hic
2366 4281 2411 4335 si
2446 4279 2569 4348 quis
2590 4276 2813 4345 objiciet
2850 4290 2912 4330 ea
2942 4288 3063 4343 qua:
3114 4273 3433 4337 Dominicis,
3456 4268 3647 4328 Parao'

2290 4367 2591 4430 Paschalis,
2614 4364 2963 4419 Pentecostes
2983 4362 3173 4417 diebus
3194 4363 3336 4430 apud
3365 4377 3465 4417 nos
3498 4364 3615 4419 ﬁcri

2053 4462 2260 4527 solent,
2292 4454 2725 4529 respondendum
2757 4461 2842 4509 est
2872 4451 3171 4522 perfectum
3225 4450 3615 4517 Christianum,

2050 4556 2145 4626 qui
2179 4552 2382 4615 verbis,
2413 4548 2667 4620 operibus
2707 4553 2763 4601 et
2813 4542 3233 4614 cogitationibus
3284 4542 3448 4614 759
3493 4558 3616 4598 cum

2053 4646 2228 4701 Verbo
2277 4643 2371 4698 Dei
2407 4656 2504 4697 suo
2543 4649 2738 4694 natura
2798 4636 3026 4692 Domino
3066 4643 3352 4703 versatur,
3402 4651 3617 4706 semper

2048 4750 2169 4793 esse
2200 4737 2253 4789 in
2280 4734 2397 4801 eius
2424 4731 2637 4796 diebus,
2670 4741 2885 4797 semper
2912 4740 3074 4797 agere
3119 4724 3235 4780 dies
3284 4724 3615 4783 Dominicas.

2049 4830 2154 4885 Sed
2185 4836 2237 4881 et
2258 4824 2348 4895 qui
2379 4837 2592 4892 semper
2618 4835 2677 4875 se
2698 4834 2883 4874 veram
2911 4817 2976 4871 ad
3002 4816 3172 4870 'vitam
3202 4824 3493 4884 praeparat,
3520 4818 3615 4885 qui

2053 4920 2287 4974 abstinet
2318 4917 2385 4970 ab
2411 4913 2574 4983 hujus
2630 4912 2754 4966 vita:
2802 4908 3169 4976 voluptatibus
3214 4907 3411 4975 quibus
3462 4908 3617 4961 multi

2054 5011 2344 5073 falluntur,
2387 5005 2478 5078 qui
2515 5018 2621 5059 non
2654 5001 2837 5057 carnis
2867 5000 3203 5069 prudentiam
3230 4997 3346 5064 alit,
3383 4997 3477 5052 sed
3506 5013 3621 5053 cor-

445 5198 488 5230 ¹⁷
517 5196 675 5253 Joan.
704 5209 817 5260 xtv,
844 5194 897 5248 6.
971 5194 1017 5227 ³³
1041 5192 1285 5263 Thucyd.
1312 5192 1351 5245 l.
1380 5207 1421 5245 ι.
1498 5191 1543 5221 ’θ
1576 5186 1758 5243 Galat.
1837 5198 1913 5246 tv,
1958 5177 2045 5243 I0,
2084 5177 2169 5230 Il.

446 5338 1014 5414 (7_7)1__Iap¢‘¢__todtcp_.
1063 5334 1273 5414 Guieto_
1321 5334 1543 5414 videto!
1591 5327 1932 5414 scribendum

373 5397 523 5484 παρά
541 5397 799 5484 trod-rapid
841 5418 926 5464 est
956 5397 1012 5459 ἀί
1053 5405 1200 5477 παρά
1225 5404 1288 5456 τὸ
1321 5403 1463 5473 ἱερὸν
1498 5400 1697 5453 θυσίαι.
1732 5397 1787 5451 Id
1830 5404 1932 5460 est,

374 5487 426 5535 al
457 5481 596 5554 ἱεραὶ
629 5481 868 5554 θυσίᾳιι,
992 5546 1037 5554 ,,
1078 5545 1108 5554 ,,
1219 5544 1258 5554 ..
1301 5543 1312 5554 .
1434 5541 1465 5554 ..
1641 5536 1657 5554 ι

446 5536 556 5623 (78)
596 5552 667 5606 Τὸ
718 5548 935 5623 αὐτῶν.
992 5545 1195 5623 Mallet_
1219 5541 1555 5623 Boherellus.2
1589 5536 1668 5623 Λτὸ
1716 5536 1930 5623 αὐτούὲ

374 5602 554 5676 Publi),
574 5602 691 5692 post
723 5602 1020 5692 iniss.,_dmb
1048 5617 1104 5669 δὲ
1135 5616 1232 5692 τῆς
1266 5612 1395 5682 περὶ
1427 5609 1557 5665 Θεοῦ
1588 5606 1839 5677 θεωρίας.
1876 5602 1933 5692 In

373 5704 531 5745 antea
558 5687 716 5747 editis
740 5690 1007 5744 omittitur
1030 5687 1177 5757 περί.
1301 5754 1311 5757 _
1485 5752 1497 5757 _
1520 5753 1535 5757 _
1781 5745 1814 5757 ..
1929 5688 1937 5697 ’

443 5762 553 5828 (79)
571 5745 943 5818 donavi-war.
970 5745 1164 5814 Guie'to
1187 5754 1422 5824 mihique
1450 5752 1661 5808 videtur
1691 5745 1933 5803 scriben-

2044 5326 2166 5375 dum
2191 5316 2448 5370 δοκοῖντο.
2677 5374 2720 5378 ί-
2975 5368 3011 5378 _
3093 5374 3103 5378 _
3302 5364 3315 5377 ,
3438 5365 3450 5378 ,

2115 5365 2954 5459 (έοδῒλιηιμςταλαμεᾴτςονττςς-
2975 5365 3315 5459 139229.022!
3324 5365 3488 5459 esse
3509 5365 3612 5459 ta-

2044 5434 2629 5514 beivcodeir'lblianus';
2662 5447 2768 5500 nisi
2803 5444 2945 5514 enim
2979 5448 3180 5514 negans
3200 5436 3466 5514 particula
3513 5434 3611 5503 μή,

2044 5508 2453 5598 quievabeditis
2494 5508 2668 5578 abest,
2690 5516 2808 5598 lhoc
2838 5508 3361 5598 Alocq_a:l\m_it‘t_atur,
3406 5517 3615 5574 praece-

2044 5574 2177 5655 {iiiis
2196 5574 2445 5662 ἓῦλὸῆδιιέ
2482 5574 2796 5662 mutandum
2828 5579 2933 5633 erit
2963 5577 3017 5630 in
3042 5574 3256 5662 ἄλογον.
3279 5643 3302 5662 ἲ
3328 5644 3408 5662 .u
3467 5658 3482 5662 Α

2114 5642 2449 5738 {Miltiades
2466 5657 2628 5715 codd.
2652 5667 2809 5719 mss.,
2834 5642 3259 5719 παρατηρεῖσθε.
3279 5643 3438 5703 Libb.
3458 5644 3617 5715 editi,

2044 5732 2453 5809 παρατηρῆσθε.
