3972 6160
3549 284 3707 339 1552

442 276 573 338 1551
1889 278 2208 338 ORIGENIS

441 418 546 471 pus
572 418 727 458 suum
751 401 983 469 castigat
1012 407 1065 453 et
1087 398 1143 451 in
1173 397 1492 453 servitutem
1520 397 1709 469 redigit
1737 398 1802 464 ⁸⁸,
1825 400 1891 453 ah
1920 400 1973 453 ill

2111 397 2349 462 τώντων,
2392 400 2484 452 καὶ
2536 398 2610 471 μὴ
2655 402 2868 472 τρέφων
2901 403 2963 456 τὺ
3014 404 3268 475 φρόνημα
3312 400 3412 470 τῆς
3457 400 3702 472 σαρκὸς,

441 507 657 560 semper
682 489 986 546 Parasceve
1011 491 1337 559 celebratur.
1378 488 1427 541 Is
1466 489 1659 553 etiam,
1693 491 1781 559 qui
1806 492 1973 561 cogita

2111 488 2224 541 ἀλλ’
2250 490 2578 555 ὑπωπιάζων
2610 493 2772 546 αὑτοῦ
2799 494 2859 546 τὸ
2883 494 3041 565 σῶμα
3069 496 3163 548 καὶ
3190 492 3572 561 δουλαγωγιῖΝ,
3596 491 3704 544 ἀεὶ

441 583 745 647 Christum,
785 580 928 651 quod
963 580 1174 635 Pascha
1215 589 1459 634 nostrum
1514 589 1598 636 est
1647 581 1715 646 ⁸¹,
1765 581 1973 635 immola

2110 577 2231 645 ἄγει
2263 577 2361 643 τὰς
2387 583 2759 650 παρασκευάς.
2790 583 2905 636 Ἔτι
2929 584 2984 636 δὲ
3008 586 3036 638 ὁ
3068 587 3284 656 νοήσας,
3307 585 3389 636 ὅτι
3407 583 3468 636 τὸ
3490 584 3703 651 Πάσχα

445 687 555 734 tum
574 689 695 733 esse
725 683 780 729 et
807 671 1180 727 manducanda
1219 669 1381 727 Verbi
1432 685 1596 726 carne
1635 670 1830 726 festum
1865 672 1973 725 dier

2109 669 2265 739 ήμῶν
2297 671 2435 742 ὑπὲρ
2459 670 2615 742 ήμῶν
2644 673 2754 743 (82)
2787 674 2951 745 ἑτύθη
3001 676 3252 744 Χριστὸς,
3285 675 3379 728 καὶ
3424 673 3529 745 χρὴ
3562 675 3703 743 ἑορο

441 768 526 838 agi
557 777 825 837 Oportere,
860 778 1074 834 semper
1107 761 1330 829 Pascha,
1361 762 1504 831 quod
1528 762 1809 816 transitura
1840 761 1973 831 signi

2107 758 2291 822 τάζειν
2322 759 2567 814 ἐσθίοντα
2605 761 2705 832 τῆς
2758 763 2957 834 σαρκὸς
2998 762 3092 816 τοῦ
3136 764 3344 832 Λόγοψ
3381 765 3481 816 ούκ
3530 761 3700 814 ἔστιν

441 863 583 926 ticat,
615 858 895 923 celebrat;
943 857 1293 927 cogitatione,
1333 855 1479 909 omni
1526 854 1713 918 verbo,
1745 838 1970 921 omniqu

2107 852 2195 904 ὅτε
2214 852 2273 903 οὺ
2304 855 2446 906 ποιεῖ
2468 852 2528 905 τὸ
2547 854 2761 924 Πάσχα,
2790 856 2928 926 ὅπερ
2951 855 3311 927 ἑρμηνεύεται
3333 855 3694 927 διαϐατήρια,

437 965 599 1022 opere
635 966 700 1006 ex
726 951 886 1019 hujus
915 949 1033 1003 vitae
1061 947 1221 1003 rebus
1252 947 1316 1000 ad
1350 948 1517 1003 Deum
1550 947 1823 1001 transiens
1850 955 1908 1000 et
1937 961 1973 999 at

2104 942 2391 997 διαϐαίνων
2422 944 2508 996 ἀεὶ
2529 943 2607 1014 τῷ
2632 943 2874 1016 λογισμῷ
2906 948 3000 999 καὶ⁵
3033 948 3193 1001 παντὶ
3223 948 3367 1018 λόγῳ
3400 949 3495 1001 καὶ
3528 950 3699 1020 πάσῃ

435 1043 551 1114 ejus
580 1043 855 1099 civitatem
891 1054 1211 1110 properans.
1238 1037 1509 1093 Praeterea
1540 1038 1633 1106 qui
1664 1052 1792 1092 vere
1826 1046 1973 1106 potes

2105 1033 2301 1105 πράξει
2330 1034 2436 1091 ἀπὸ
2470 1034 2577 1088 τῶν
2617 1035 2712 1088 τοῦ
2743 1036 2860 1106 βίου
2892 1038 3234 1109 πραγμάτων
3276 1039 3370 1091 ἐπὶ
3402 1039 3492 1091 τὸν
3520 1038 3694 1100 Θεὸν,

433 1133 616 1188 dicere
661 1150 674 1187 :
719 1131 895 1188 Simul
949 1132 1333 1185 resurreximus
1376 1146 1493 1183 cum
1537 1128 1745 1183 Christo
1776 1129 1857 1194 ³¹;
1900 1137 1955 1182 ει

2104 1123 2198 1175 καὶ
2237 1124 2329 1176 ἑπὶ
2354 1125 2451 1195 τὴν
2481 1122 2636 1177 πόλιν
2666 1126 2830 1179 αὑτοῦ
2865 1127 3129 1182 σπεύδων.
3158 1130 3301 1201 Πρὸς
3325 1128 3535 1193 τούτοις
3559 1130 3624 1183 δὲ
3662 1132 3696 1182 ὁ

433 1224 873 1279 Conresuscitavit
913 1232 959 1277 et
1006 1223 1282 1276 consedere
1330 1222 1450 1290 fecit
1498 1221 1553 1274 in
1596 1219 1893 1274 caelestibus
1944 1221 1973 1273 il

2100 1210 2395 1284 δυνάμενος
2423 1214 2561 1283 μετά
2595 1216 2848 1285 ἀληθείας
2871 1217 3070 1286 λέγειν,
3106 1219 3571 1290 Συνανέστημεν
3597 1220 3696 1285 τῷ

431 1315 640 1371 Christo
674 1316 751 1381 ³³;
803 1316 847 1370 is
874 1329 1090 1383 semper
1139 1322 1223 1369 est
1265 1314 1317 1367 in
1363 1314 1554 1369 diebus
1596 1311 1949 1369 Pentecostes

2104 1305 2349 1377 Χριστῷ,
2379 1304 2514 1360 ἀλλὰ
2545 1307 2637 1360 καὶ
2661 1303 2724 1363 τό
2742 1323 2756 1337 ο
2791 1308 3113 1378 Συνήγειρε
3142 1312 3239 1365 καὶ
3275 1310 3695 1366 συνεκάθισεν

432 1408 727 1476 przesertim
753 1422 875 1461 cum
902 1410 1199 1462 ascendens
1223 1407 1274 1460 in
1304 1405 1666 1468 ccenaculum,
1688 1414 1748 1459 ut
1769 1405 1973 1475 aposlol

2101 1393 2257 1462 ἡμᾶς
2286 1394 2355 1448 ἐν
2383 1396 2505 1463 τοῖς
2527 1399 2906 1466 ἐπουρανίοις
2938 1400 3008 1453 ἐν
3039 1401 3291 1469 Χριστῷ,
3325 1401 3411 1455 ἀεί
3444 1404 3591 1455 ἑστιν
3620 1404 3692 1455 ὲν

432 1499 556 1557 Jesu
584 1501 650 1567 “,
682 1500 932 1571 precibus
954 1509 1009 1555 et
1034 1499 1265 1555 orationi
1312 1509 1488 1565 vacat,
1520 1509 1579 1553 ut
1603 1499 1806 1567 dignus
1833 1499 1973 1554 vehe-

2098 1490 2218 1550 ταῖς
2242 1488 2339 1558 τῆς
2382 1489 2757 1560 Πεντηκοστῆς
2791 1491 3043 1563 ἡμέραις
3076 1493 3170 1545 καὶ
3200 1493 3434 1563 μάλιστα
3456 1495 3544 1547 ὅτε
3580 1495 3689 1548 καὶ

433 1591 602 1647 menti
634 1591 724 1646 illo
749 1592 942 1661 spiritu
974 1606 1004 1647 e
1035 1591 1173 1647 cmlo
1195 1592 1517 1646 adveniente
1543 1589 1638 1644 ﬁat
1664 1591 1733 1654 ³⁸,
1758 1591 1852 1660 qui
1880 1591 1973 1660 spil

2099 1583 2178 1645 είς
2199 1582 2259 1635 τὸ
2289 1583 2556 1654 ὑπερῷον,
2589 1585 2665 1648 ὡς
2693 1589 2743 1640 οὶ
2766 1586 3054 1642 ἀπόστολοι
3086 1586 3179 1640 τοῦ
3221 1587 3416 1658 Ἰησοῦ,
3447 1588 3685 1651 ἀναϐὰς,

428 1685 565 1739 ritus
592 1684 641 1738 vi
674 1700 767 1739 sua
797 1682 941 1738 delet
989 1684 1041 1738 in
1095 1684 1401 1738 hominibus
1454 1681 1713 1737 malitiam
1756 1690 1811 1736 et
1841 1681 1969 1751 quid

2102 1673 2346 1743 σχολάζει
2381 1679 2445 1747 τῇ
2484 1676 2665 1748 δεήσει
2700 1681 2794 1733 καὶ
2826 1681 2893 1750 τῇ
2929 1682 3202 1750 προσευχῇ
3234 1679 3309 1743 ὡς
3343 1678 3490 1743 ἄξιος
3520 1682 3685 1748 γενέ-

429 1776 558 1845 quid
607 1791 677 1831 ex
722 1775 813 1830 illa
852 1775 1131 1841 nascitur;
1181 1784 1240 1828 ut
1276 1774 1442 1829 etiam
1489 1774 1684 1843 dignus
1728 1772 1855 1838 ﬁat,
1906 1790 1970 1831 cu

2098 1763 2220 1817 σθαι
2247 1764 2349 1835 τῆς
2382 1767 2686 1837 φερομένης
2712 1767 2881 1837 πνοῆς
2912 1766 3090 1836 βιαίας
3116 1767 3455 1840 ἑξ·οὑρανοῦ,
3489 1769 3686 1839 βιαζο-

432 1867 570 1924 Deus
596 1868 764 1939 igneae
783 1867 976 1938 linguae
1005 1876 1214 1937 partem
1240 1867 1473 1936 aliquam
1501 1865 1780 1935 largiatur.

2101 1855 2265 1925 μένης
2298 1855 2614 1926 ἐξαφανίσαι
2643 1858 2740 1930 τὴν
2791 1860 2848 1914 ἑν
2882 1858 3187 1931 ἀνθρώποις
3217 1862 3417 1915 κακίαν
3464 1863 3559 1916 καὶ
3601 1864 3685 1916 τὰ

2096 1947 2188 2001 ἀπ’
2210 1948 2407 2018 αὐτῆς
2434 1948 2583 2015 ἄξιος
2607 1950 2665 2006 δὲ
2693 1951 2787 2004 καί
2808 1967 2952 2015 τινος
2980 1951 3248 2024 μερισμοῦ
3277 1952 3528 2025 γλώσσης
3560 1954 3682 2008 ἀπὸ

2095 2036 2228 2090 Θεοῦ
2260 2054 2332 2089 πυ
2339 2038 2514 2109 ρίνης.

490 2128 582 2186 23.
625 2129 826 2185 Verum
878 2140 1001 2184 cum
1046 2125 1235 2196 vulgus
1275 2139 1461 2180 eorum
1510 2125 1606 2194 qui
1644 2126 1864 2181 credere
1919 2128 1994 2181 vi-

424 2222 645 2287 dentur,
672 2236 776 2275 non
802 2220 874 2274 sit
901 2218 1184 2286 ejusmodi,
1218 2216 1312 2271 sed
1342 2225 1437 2272 aut
1460 2218 1593 2272 nolit
1617 2227 1711 2272 aut
1737 2233 1840 2272 non
1867 2233 1993 2287 pos-

423 2316 496 2370 sit
518 2329 709 2371 omnes
739 2310 1045 2380 hujusmodi
1070 2310 1186 2366 dies
1216 2308 1384 2365 festos
1421 2323 1600 2380 agere,
1633 2310 1838 2380 indiget
1863 2326 1991 2366 sen-

420 2406 669 2462 sibilibus
698 2404 860 2460 rebus
892 2416 1013 2472 quze
1062 2401 1447 2471 mysteriorum
1504 2400 1721 2457 illorum
1779 2416 1988 2457 memo-

423 2502 557 2554 riam
590 2505 874 2561 renovent,
916 2505 1061 2550 utne
1100 2509 1323 2565 prorsus
1364 2493 1600 2550 eﬂluant.
1635 2494 1758 2550 Haec
1795 2494 1990 2563 opinor

2178 2130 2236 2182 Ὀ
2283 2128 2338 2181 δὲ
2390 2129 2553 2193 πολὺς
2596 2130 2703 2184 τῶν
2744 2132 3017 2187 πιστεύειν
3066 2134 3363 2189 δοκούντων
3384 2176 3398 2200 ,
3442 2136 3536 2189 καὶ
3590 2139 3676 2209 μὴ

2091 2220 2423 2292 τηλικοῦτος,
2463 2222 2653 2291 δεῖται,
2686 2224 3041 2298 ὑπομνήσεως
3075 2227 3253 2299 χάριν,
3293 2227 3368 2299 μὴ
3405 2228 3674 2299 βουλόμε-

2091 2311 2240 2383 νοςῆ
2277 2312 2351 2383 μὴ
2381 2312 2675 2384 δυνάμενος
2726 2316 2903 2380 πάσας
2935 2318 3186 2383 τοιαύτας
3227 2320 3379 2389 ἄγειν
3430 2322 3671 2392 ἡμέρας,

2090 2402 2359 2473 αἰσθητῶν
2394 2406 2870 2478 παραδειγμάτων,
2908 2409 2994 2462 ἵνα
3026 2409 3100 2481 μὴ
3133 2411 3315 2465 τέλεον
3344 2416 3667 2485 παραρρυῇ.

2090 2492 2325 2548 Τοιαῦτα
2357 2495 2401 2548 δ’
2449 2492 2602 2568 οἶμαι
2642 2499 2733 2553 τὸν
2772 2500 2980 2554 Παῦλον
3008 2504 3299 2574 νενοηκότα
3318 2545 3334 2571 ,
3353 2503 3535 2574 μέρος
3562 2507 3671 2577 μὲν

2086 2584 2297 2655 ἑορτῆς
2316 2588 2656 2667 ὠνομακέναι
2682 2592 2781 2663 τὴν
2810 2595 2864 2646 ἑν
2888 2595 3121 2666 ἡμέραις
3147 2598 3506 2669 τεταγμέναις
3530 2605 3668 2672 παρ’

2088 2677 2276 2748 ἑτέρας
2316 2680 2425 2751 (85)
2470 2683 2686 2755 ἑορτήνο
2738 2685 2952 2756 ᾐνίχθαι
2984 2687 3041 2745 δὲ
3069 2692 3134 2742 ἐκ
3166 2688 3257 2743 τοῦ
3292 2689 3465 2754 οὕτως
3507 2690 3665 2744 λελε-

2092 2770 2317 2840 γμένου,
2337 2772 2417 2825 ὃτι
2439 2774 2539 2826 οὐκ
2561 2774 2619 2827 ἑν
2645 2776 2801 2849 μέρει
2828 2779 3037 2850 ἑορτῆς,
3058 2780 3172 2834 ἀλλ’
3188 2782 3246 2835 ὲν
3272 2782 3546 2855 ὁλοκλήρῳ
3566 2786 3667 2839 καὶ

2085 2860 2411 2935 ἀδιαλείτπῳ
2444 2865 2592 2919 ἐστὶν
2620 2868 2778 2939 ἑορτῇ
2807 2871 2835 2921 ὁ
2862 2870 2948 2923 ἀεὶ
2984 2870 3096 2940 βίος
3120 2872 3259 2927 κατὰ
3283 2873 3371 2927 τὸν
3402 2874 3541 2928 θεῖον
3568 2875 3665 2929 λό-

415 2974 511 3029 gro
538 2973 657 3013 esse
691 2968 747 3012 et
783 2971 1061 3027 nunquam
1094 2955 1392 3011 deficiente
1440 2955 1600 3010 festo.
1641 2955 1847 3009 Rursus
1882 2953 1973 3025 igi-

2084 2969 2197 3021 γον.
2229 2955 2368 3026 Ὅρα
2398 2951 2489 3009 οὖν
2520 2956 2679 3012 πάλιν
2741 2961 2834 3013 καὶ
2877 2961 2986 3015 τῶν
3033 2963 3335 3034 εἰρημένων
3378 2964 3485 3035 (84)
3531 2968 3665 3037 περὶ

417 3059 505 3105 tur
554 3066 619 3107 ex
666 3050 733 3104 iis
765 3065 885 3120 qua:
920 3050 984 3103 de
1019 3047 1220 3103 nostris
1258 3045 1411 3102 festis
1449 3048 1590 3101 dicta
1623 3056 1773 3113 sunt,
1799 3046 1973 3101 consi-

2084 3047 2282 3118 ἑορτῶν
2309 3047 2416 3101 τῶν
2444 3049 2573 3122 παρ’
2608 3052 2759 3122 ἡμῖν,
2802 3053 3302 3125 συνεξεταζομένων
3336 3059 3457 3121 ταῖς
3493 3056 3665 3128 δημο-

415 3146 661 3207 dera,an
708 3149 913 3206 nostra,
968 3139 1013 3195 si
1064 3154 1189 3194 cum
1245 3137 1475 3209 publicis
1525 3136 1973 3205 etlmicorumque

2084 3114 2257 3191 τελέσι
2296 3138 2387 3191 τοῦ
2417 3114 2752 3195 Κέλσούκαί
2766 3142 2874 3197 τῶν
2901 3114 3083 3198 ἐθνῶν.
3100 3114 3332 3216 ἑορταῖς,
3371 3149 3419 3200 εί
3437 3114 3527 3219 ⁷μὴ
3545 3114 3663 3219 ’μα-

414 3233 568 3289 festis
604 3231 977 3297 conferantur,
1019 3246 1128 3285 non
1185 3231 1355 3286 multo
1389 3229 1661 3283 sanctiora
1715 3228 1825 3283 sint
1876 3226 1973 3282 illis

2084 3229 2196 3302 κρῷ
2226 3230 2544 3301 σεμνότεραι
2567 3233 2701 3284 εἰσιν
2724 3227 2882 3287 αὗται
2906 3237 2961 3287 αἱ
2978 3237 3161 3308 ἑορταὶ
3192 3237 3300 3291 τῶν
3326 3236 3659 3310 δημοτελῶν,

416 3327 667 3398 publicis,
701 3329 973 3397 inquibus
1006 3327 1290 3396 prudentia
1341 3322 1523 3380 carnis
1568 3323 1763 3379 festum
1813 3337 1973 3393 agens

2084 3321 2139 3373 ἑν
2178 3314 2265 3384 αἷς
2294 3320 2356 3373 τὸ
2390 3322 2643 3393 φρόνημα
2686 3325 2785 3396 τῆς
2832 3327 3030 3396 σαρκὸς
3061 3327 3316 3398 ἑορτάζον
3361 3329 3656 3401 ἐξυϐρίζει,

2078 3411 2171 3462 ἐπὶ
2209 3410 2377 3481 μέθας
2410 3413 2503 3466 καὶ
2552 3414 2846 3480 ἀκολασίας
2892 3418 3312 3491 ἐκτρεπόμενον.
3347 3421 3488 3475 Πολὺ
3518 3422 3562 3474 δ’
3592 3422 3659 3477 ἂν

2077 3504 2161 3575 εἴη
2185 3502 2280 3557 νῦν
2336 3503 2535 3574 λέγειν,
2569 3507 2659 3561 διὰ
2691 3508 2744 3562 τί
2791 3510 2846 3563 αἱ
2894 3510 3035 3564 κατά
3062 3512 3151 3566 τὸν
3193 3512 3285 3566 τοῦ
3331 3513 3463 3568 Θεοῦ
3491 3516 3658 3585 νόμον

2076 3596 2258 3667 ἑορταὶ
2287 3594 2468 3665 ἄρτον
2500 3597 2818 3666 κακώσεως
2846 3599 3182 3655 διδάσκουσιν
3213 3602 3432 3667 ἐσθίειν,
3467 3604 3656 3676 ﬁdib-

2070 3703 2154 3755 μα
2181 3686 2331 3756 μετὰ
2368 3688 2656 3756 πικρίδων
2686 3690 2819 3761 (85)’
2851 3691 2884 3763 ἢ
2921 3692 3003 3745 ὅτι
3046 3694 3201 3763 φασί·
3248 3696 3655 3752 Ταπεινώσίιτε

2076 3775 2180 3843 τὰς
2221 3778 2424 3846 ψυχὰς
2455 3779 2641 3849 ὑμῶν,
2688 3780 2722 3852 ἦ
2765 3800 2819 3836 τι
2854 3782 3062 3849 τούτοις
3090 3786 3487 3858 παραπλήσιον.
3519 3789 3651 3844 Οὐδὲ

2076 3868 2183 3939 γὰρ
2239 3869 2460 3924 δυνατόν
2490 3872 2605 3926 ἑστι
2653 3873 2743 3929 τὸν
2797 3874 3050 3930 σύνθετον
3095 3879 3401 3951 ἄνθρωπον,
3442 3883 3565 3936 ἐπεὶ
3614 3886 3649 3951 ἠ

2072 3960 2229 4029 σὰρξ
2276 3961 2383 4033 (86)
2436 3962 2713 4033 ἐπιθυμεῖ
2755 3968 2904 4021 κατὰ
2951 3968 3056 4022 τοῦ
3097 3972 3453 4041 πνεύματος,
3490 3974 3555 4027 τὸ
3585 3974 3651 4027 δὲ

2073 4052 2307 4123 πνεῦμα
2325 4054 2474 4108 κατὰ
2499 4055 2607 4125 τῆς
2632 4059 2879 4126 σαρκὸς,
2915 4060 2974 4127 ἑξ
2999 4062 3132 4116 ὅλων
3165 4065 3457 4136 ἑορτάζειν·
3484 4067 3516 4138 ἦ
3540 4067 3647 4138 γὰρ

2074 4149 2345 4220 ἑορτάζων
2369 4169 2453 4215 τις
2476 4151 2555 4223 τῷ
2583 4151 2853 4223 πνεύματι
2888 4156 3050 4207 κακοί
3070 4154 3129 4207 τὸ
3159 4155 3336 4226 σῶμα,
3370 4156 3445 4228 μὴ
3481 4175 3648 4226 πεφυ·

401 4252 603 4309 corpus
635 4237 795 4308 quod
834 4235 1120 4305 prudentia
1171 4233 1351 4289 carnis
1402 4233 1625 4303 impedit
1678 4235 1971 4303 quominus

2084 4243 2186 4307 κὸς,
2233 4243 2320 4298 διὰ
2357 4246 2609 4317 φρόνημα
2654 4245 2751 4315 τῆς
2782 4245 3000 4315 σαρκὸς,
3052 4247 3326 4316 ἑορτάζειν
3378 4249 3519 4319 μετά
3556 4251 3646 4305 τοῦ

401 4347 522 4388 cum
555 4330 748 4402 spiritu
783 4328 979 4384 festum
1012 4334 1134 4399 agat
1156 4325 1295 4393 ;'aut
1322 4327 1365 4379 si
1397 4324 1592 4380 festum
1621 4333 1747 4394 agat
1776 4339 1972 4379 secun-

2084 4332 2400 4403 πνεύματος
2443 4333 2475 4404 ἢ
2522 4333 2792 4405 ἑορτάζων
2848 4335 2987 4388 κατά
3026 4336 3205 4407 σάρκα
3236 4337 3296 4389 οὺ
3336 4341 3505 4409 χωρεί
3556 4342 3646 4393 καὶ

401 4429 526 4480 dum
585 4437 840 4484 carnem,
891 4422 1085 4475 festum
1140 4434 1303 4489 agere
1360 4417 1656 4472 secundum
1716 4416 1966 4487 spiritum

2084 4421 2169 4494 τὴν
2202 4422 2343 4476 κατὰ
2376 4424 2591 4494 πνεῦμα
2616 4425 2827 4496 ἑορτήν.
2859 4424 3017 4479 Ἀλλά
3046 4426 3152 4497 γὰρ
3186 4427 3345 4497 ἀρκεῖ
3369 4428 3542 4482 ταῦτα
3572 4430 3648 4493 εἰς

421 2593 472 2647 in
511 2592 692 2646 animo
720 2589 972 2646 habuisse
993 2588 1241 2654 Paulum,
1268 2605 1390 2644 cum
1438 2588 1635 2645 festum
1679 2591 1844 2645 certis
1870 2588 1988 2644 die-

418 2683 516 2738 bus
547 2697 656 2752 prae
678 2681 891 2737 caeteris
907 2695 1193 2736 recurrens
1213 2679 1498 2750 appellavit
1533 2689 1735 2747 partem
1764 2679 1882 2749 [esti
1906 2680 1981 2747 “;

416 2775 611 2845 quibus
628 2774 809 2828 verbis
855 2771 1164 2828 subiudicat
1205 2770 1368 2826 vitam
1409 2770 1591 2827 divino
1633 2770 1801 2825 verbo
1839 2785 1984 2825 sem.

416 2882 511 2937 per
540 2876 959 2923 consentaneam
992 2880 1097 2919 non
1135 2866 1186 2918 in
1235 2872 1388 2934 parte
1417 2864 1565 2929 festi,
1615 2863 1709 2919 sed
1761 2864 1812 2917 in
1848 2864 1983 2919 inte-

415 3421 482 3477 ad
512 3418 828 3475 ebrietatem
859 3416 1250 3486 lasciviamque
1298 3428 1493 3486 magno
1538 3412 1712 3467 fertur
1748 3413 1974 3483 impetu.

413 3508 654 3579 Longum
714 3517 859 3561 esset
893 3520 1035 3560 nunc
1084 3517 1375 3573 exponere,
1409 3516 1506 3556 cur
1543 3500 1637 3558 Dei
1671 3500 1755 3557 lex
1788 3500 1978 3555 doceat

409 3588 463 3654 in
499 3598 654 3654 festis
686 3597 876 3654 diebus
899 3610 1090 3667 panem
1126 3594 1415 3665 aﬂlictionis
1435 3595 1480 3627 ³⁷
1499 3595 1658 3651 edere
1675 3601 1729 3650 et
1762 3607 1974 3662 azyma:

408 3709 568 3759 partes
592 3708 713 3745 cum
736 3690 958 3743 lactucis
994 3686 1284 3757 agrestibus
1326 3683 1393 3750 ³³,
1434 3691 1490 3738 et
1535 3698 1639 3754 qua
1689 3684 1754 3740 de
1805 3698 1973 3746 causa

408 3782 552 3835 dicat
587 3798 600 3833 :
631 3777 924 3832 Humiliate
955 3776 1159 3827 animas
1202 3782 1401 3828 vestras
1448 3773 1515 3839 ⁸³,
1570 3782 1626 3829 ει
1655 3773 1698 3828 si
1727 3772 1857 3841 quid
1891 3773 1975 3827 his

406 3880 491 3926 est
518 3869 711 3925 simile.
741 3865 925 3934 Neque
948 3864 1091 3917 enim
1120 3864 1236 3917 lleri
1274 3874 1453 3933 potest
1496 3874 1554 3918 ut
1586 3865 1745 3918 homo
1772 3880 1835 3920 ex
1869 3863 1973 3919 du-

407 3962 530 4033 plici
564 3970 721 4029 parte
753 3965 1013 4011 constans
1040 3965 1094 4010 et
1127 3955 1179 4008 in
1208 3972 1315 4024 quo
1342 3972 1466 4008 raro
1516 3958 1836 4024 concupiscit
1878 3958 1975 4010 ad-

408 4068 581 4109 uersus
610 4050 855 4120 spiritum
873 4057 920 4102 et
947 4045 1162 4117 spiritus
1187 4046 1432 4100 adversus
1459 4063 1673 4101 carnem
1709 4048 1777 4112 ‘°,
1827 4058 1973 4103 totus

406 4149 598 4202 festum
655 4154 796 4215 agat.
856 4141 988 4196 Nam
1035 4143 1080 4197 si
1135 4141 1331 4211 spiritu
1376 4140 1572 4194 festum
1619 4141 1747 4209 agit,
1774 4139 1973 4210 adliget

401 4530 504 4569 non
532 4522 734 4585 potest.
788 4511 893 4567 Sed
926 4511 1040 4566 btec
1060 4510 1128 4566 de
1161 4508 1314 4565 festis
1338 4509 1542 4563 dixisse
1576 4507 1707 4562 satis
1738 4507 1790 4560 in
1822 4521 1962 4577 prae-

402 4608 572 4661 sentia
597 4605 687 4658 sit.

467 4698 631 4769 760
656 4696 747 4750 ει.
771 4696 888 4749 iam
941 4695 1221 4749 videamus
1248 4693 1448 4762 quibus
1484 4693 1662 4747 verbis
1705 4707 1803 4747 nos
1834 4693 1967 4747 bor-

400 4798 541 4842 tetur
571 4786 759 4841 Celsus
790 4786 858 4840 ad
904 4786 1160 4838 utendum
1211 4783 1545 4854 idolothytis,
1588 4792 1640 4837 et
1688 4793 1746 4836 ut
1794 4783 1967 4837 sacri-

398 4880 534 4934 ﬁciis
582 4877 811 4946 publicis
868 4878 1182 4931 intersimus
1226 4890 1347 4944 qua:
1418 4876 1657 4945 publicis
1706 4875 1757 4927 in
1807 4872 1963 4929 festis

396 4971 512 5045 ﬁcari
540 4967 783 5024 solemne
804 4975 908 5022 est.
947 4966 1039 5022 Sic
1074 4966 1162 5021 ille
1192 4986 1204 5019 :
1233 4963 1293 5020 Si
1329 4966 1458 5020 nihil
1485 4965 1631 5019 idola
1652 4972 1803 5030 sunt,
1829 4967 1958 5034 quid

2072 4512 2160 4565 τὸν
2190 4514 2316 4584 περὶ
2342 4514 2542 4584 ἑορτῶν
2563 4514 2719 4583 λόγον
2756 4516 2849 4568 ἑπὶ
2882 4515 2973 4568 τοῦ
3010 4516 3292 4586 παρόντος.

2144 4694 2371 4765 Ἵδωμεν
2422 4694 2480 4748 δὲ
2535 4688 2618 4758 οἷς
2671 4696 2867 4767 χρῆται
2919 4697 2948 4747 ὁ
2996 4696 3203 4761 Κέλσος
3243 4695 3460 4764 λόγοις,
3517 4714 3647 4769 προ-

2066 4786 2282 4857 τρέπων
2317 4788 2463 4858 ήμᾶς
2507 4787 2599 4840 ἐπὶ
2637 4788 2734 4861 τὴν
2769 4788 2965 4859 χρῆσιν
3005 4788 3113 4843 τῶν
3159 4788 3523 4842 εἰδωλοθύτων
3555 4792 3647 4844 καὶ

2065 4877 2165 4941 τὰς
2192 4877 2506 4949 δημοτελεῖς
2533 4882 2590 4933 ὲν
2617 4879 2966 4951 δημοτελέσιν
2990 4883 3203 4950 ἑορταῖς
3241 4879 3451 4942 θυσίας.
3490 4882 3557 4933 Ἀ
3590 4882 3645 4934 δὲ

2067 4964 2235 5034 λέγει,
2278 4966 2504 5020 τοιαῦτά
2536 4970 2700 5021 ἑστιν·
2734 4971 2801 5022 El
2827 4969 2943 5039 μὲν
2967 4969 3147 5023 οὐδὲν
3175 4968 3361 5023 ταῦτά
3383 4970 3515 5024 ἐστι
3576 4972 3648 5024 τὰ

465 5110 510 5141 ³⁰
545 5106 719 5162 lCor.
747 5122 824 5172 Ix,
858 5106 988 5178 2'1.“
1023 5105 1065 5178 ξι
1093 5104 1251 5159 lCor.
1284 5104 1421 5178 v,_7.
1480 5103 1776 5178 Δξ’ςυιιιςει.
1813 5120 1898 5167 ιιι,
1933 5105 1973 5158 Ιχ

2089 5104 2119 5178 ³*
2140 5103 2337 5178 Ephes.
2367 5121 2427 5170 ιι,
2458 5106 2512 5178 θ.
2589 5107 2636 5139 ³⁸
2666 5108 2787 5162 Act.
2825 5124 2862 5173 ι,
2910 5108 2989 5171 l3,
3024 5109 3107 5163 l4.
3184 5109 3230 5143 ⁸³
3257 5111 3379 5163 Act.
3411 5125 3473 5177 ιι,
3502 5109 3558 5178 2,
3586 5109 3641 5164 5.

398 5178 662 5234 “Coloss.
699 5192 760 5243 tt,
788 5178 873 5231 16.
946 5175 989 5206 ³⁷
1024 5176 1179 5229 Deut.
1212 5189 1321 5236 ινι,
1345 5174 1398 5226 5.
1477 5173 1521 5204 ³⁸
1557 5174 1724 5227 Exod.
1762 5190 1860 5239 xu,
1893 5177 1948 5229 8.
2024 5175 2067 5206 ”
2102 5173 2273 5229 Levii.
2309 5192 2421 5241 1m,
2449 5176 2540 5233 29.
2614 5178 2660 5210 ‘°
2687 5178 2868 5233 Galat.
2911 5194 2961 5243 ι’,
2996 5178 3079 5251 i7.

465 5300 577 5371 (82)
619 5296 788 5369 Ὑπὲρ
1060 5295 1186 5377 Ιπίιεε
1215 5295 1407 5376 desunt
1435 5293 1486 5373 it]
1532 5295 1718 5348 codice
1764 5284 1956 5362 Angli-

465 5385 532 5421 no
566 5374 823 5421 secundo.
903 5370 1012 5421 tbb.
1059 5369 1189 5421 editi
1216 5379 1268 5419 tn
1298 5376 1538 5421 margine
1564 5363 1784 5421 habent.
1815 5365 1953 5421 ὑπὲρ

396 5363 532 5424 cano
559 5363 823 5425 "secundo.
852 5363 1012 5423 Libb.
1059 5366 1189 5421 editi
1216 5366 1268 5419 in
1298 5363 1538 5432 margine
1564 5363 1784 5429 habent,
1815 5365 1953 5436 ὑπὲρ

462 5477 574 5575 δέ)
607 5507 949 5565 Ιῐωθειιειίιιε
979 5507 1031 5560 in
1060 5515 1234 5567 textu,
1263 5502 1392 5575 παρ’
1414 5501 1637 5575 ἑτέραν.

462 5569 574 5646 (ει)
612 5579 723 5635 Καὶ
770 5576 1274 5646 τῶνείρημένων.
1336 5569 1653 5646 Boherellus
1699 5569 1828 5638 legit
1893 5572 1959 5624 ἑκ

390 5641 497 5716 τῶν
522 5641 848 5716 εἰρημένων.
893 5641 1124 5716 Guietus
1159 5660 1285 5716 vero
1320 5645 1610 5716 sit:_totut_n
1640 5641 1814 5716 locum
1841 5656 1960 5716 cor-

388 5711 509 5781 rigit
542 5710 685 5771 ι’κᾶἱ
713 5716 783 5771 τὰ
809 5715 1071 5785 εἰρημένα
1104 5715 1230 5787 περὶ
1274 5710 1477 5785 ἑορτῶν
1516 5710 1625 5765 τῶν
1674 5710 1802 5782 παρ’
1830 5712 1960 5781 ἡμῖν

2061 5297 2521 5370 σύνεξεταζόμενα
2546 5300 2664 5362 ταῖς
2693 5298 3010 5370 δημοτελέσι
3040 5298 3141 5370 τοῦ
3163 5298 3374 5351 Κέλσου
3414 5298 3511 5352 καὶ
3535 5298 3644 5370 τῶν

2061 5367 2234 5449 ἑθνῶν
2261 5367 2493 5449 ἑορταῖς,
2535 5370 2703 5449 εἰμὴ
2746 5367 2948 5449 ’μακρνῴ
2982 5368 3281 5439 σεμνότερά
3310 5369 3478 5435 ἑστιν,
3518 5369 3552 5438 ἢ
3588 5370 3642 5420 αἱ

2061 5438 2244 5507 ἑορταὶ
2266 5434 2374 5489 τῶν
2402 5434 2731 5507 δημοτελῶν,
2754 5434 2820 5491 ’ὲν
2852 5434 2959 5504 αἷς,
2998 5434 3105 5493 είς).

2281 5507 2532 5581 ΥιιΙειιιιι,
2558 5509 2650 5560 snt
2665 5507 2964 5581 ζιτικρίδωνἷ

2160 5572 2247 5647 86)
2284 5572 2535 5647 llchhel
2576 5587 2631 5630 et
2659 5572 2919 5645 Spencer.
2951 5578 3004 5630 in
3034 5576 3298 5647 margine,
3342 5576 3465 5647 ᾆσον
3497 5574 3579 5628 ἔτι
3603 5572 3646 5641 ἠ

2066 5644 2391 5717 σάρξζϐού.
2431 5647 2564 5717 Reg.
2599 5655 2652 5702 et
2681 5647 2868 5711 Basil.,
2899 5647 3023 5701 ὅσον
3056 5644 3193 5717 ὁτιή
3232 5644 3382 5719 σάρξ.
