3972 6160
355 325 489 380 1555

335 528 390 583 δ’
436 530 558 582 εἰσί
593 546 751 594 τινες
797 529 1096 599 δαίμονες,
1147 530 1427 598 δηλονότι
1482 531 1578 585 καὶ
1605 528 1769 587 οὗτοι
1817 532 1920 586 τοῦ

339 620 485 673 Θεοῦ
538 621 715 684 εἰσιν,
776 616 866 685 οἷς
927 621 1026 673 καὶ
1072 620 1450 686 πιστευτέον,
1512 621 1611 675 καὶ
1679 627 1919 690 καλλιει

328 705 547 773 ρητέον
623 705 772 758 κατὰ
839 708 1094 774 νόμους,
1169 706 1266 760 καὶ
1336 707 1764 774 προσευκτέον,
1841 708 1916 759 ἵν’

332 795 600 863 εὐμενεῖς
630 791 758 850 ὦσι.
791 798 1074 868 Χρήσιμον
1102 797 1145 849 δ’
1183 798 1263 859 εἰς
1292 797 1462 850 ταῦτα
1500 797 1618 850 ὅλον
1650 798 1740 850 τὸν
1791 799 1918 868 περὶ

334 887 696 940 εἰδωλοθύτων
727 887 904 955 λόγον,
940 890 1229 960 εἰρημένον
1257 889 1403 960 παρά
1435 888 1511 960 τῷ
1533 889 1729 960 Παύλῳ
1761 891 1818 943 ὲν
1850 892 1913 960 τῇ

334 977 575 1048 προτέρᾳ
607 977 744 1048 πρὸς
767 977 1086 1048 Κορινθίους
1119 978 1396 1050 ἐπιστολῇ,
1414 978 1597 1031 λαϐεῖν
1625 981 1704 1042 εἰς
1729 980 1917 1049 χεῖρας

331 1069 425 1121 καὶ
460 1069 770 1137 σαφηνίσαι·
810 1071 864 1122 ἐν
970 1071 1062 1124 καὶ
1095 1071 1228 1142 πρὸς
1261 1071 1322 1123 τὸ
1347 1071 1510 1141 μηδὲν
1537 1067 1675 1125 εἶναι
1701 1070 1916 1124 εἴδωλον

330 1160 402 1234 ὲν,
426 1159 613 1229 κόσμῳ
648 1161 904 1213 ἀπαντῶν
940 1161 1038 1231 τὴν
1078 1162 1186 1215 ἀπὸ
1229 1162 1322 1214 τοῦ
1353 1161 1583 1233 χρῆσθαι
1617 1166 1727 1226 τοῖς
1769 1164 1915 1216 εἰδω-

329 1247 568 1312 λοθύτοις
655 1249 857 1320 βλάϐην
921 1250 1347 1304 κατεσκεύασεν·
1418 1250 1744 1314 ἀποδεικνὺς
1801 1255 1913 1316 τοῖς

327 1340 546 1393 ἀκούειν
576 1340 682 1394 τῶν
714 1345 829 1394 ἐκεῖ
863 1343 1199 1414 δυναμένοις,
1240 1343 1321 1396 ὅτι
1346 1343 1562 1405 πάντως
1595 1344 1690 1395 καὶ
1709 1343 1910 1411 φονέως

327 1429 506 1500 χεῖρόν
537 1449 589 1482 τι
617 1432 843 1503 πράττει
870 1435 898 1486 ό
923 1434 1028 1486 τῶν
1062 1431 1426 1489 εἰδωλοθύτων
1457 1431 1906 1502 μεταλαμϐάνων,

325 1520 558 1584 ἀπολλῦς
589 1524 711 1587 τοὺς
745 1524 909 1576 αὑτοῦ
953 1525 1235 1593 ἀδελφοὺς,
1263 1524 1330 1576 δι’
1359 1523 1453 1588 οὓς
1491 1524 1722 1596 Χριστὸς
1774 1521 1908 1575 ἀπέ-

325 1608 473 1662 θανε.
510 1613 618 1664 Καὶ
667 1613 806 1682 μετά
832 1613 1008 1676 τοῦτο,
1051 1614 1218 1679 τιθεὶς
1243 1614 1536 1685 δαιμονίοις
1566 1611 1788 1666 θύεσθαι
1840 1611 1908 1665 τὰ

323 1697 583 1769 θυόμενα,
629 1702 948 1773 παρίστησι,
1005 1705 1292 1767 κοινωνοὺς
1326 1703 1433 1757 τῶν
1479 1702 1769 1773 δαιμονίων
1821 1699 1904 1769 γί-

1569 326 1850 382 CONTRA
1877 324 2156 383 CELSUM
2195 324 2322 379 LIB.
2363 322 2494 376 V'lll.

339 438 577 502 εἴδωλα,
603 441 658 491 τί
686 439 887 492 δεινόν
921 439 1284 509 κοινωνῆσαι
1316 440 1427 507 τῆς
1457 443 1844 507 πιινθοινίας;
1872 459 1894 495 ε

2028 439 2341 496 incommodi
2375 445 2452 491 cst
2477 435 2696 502 publicis
2734 433 2911 487 adesse
2949 433 3238 485 conviviis."
3266 429 3360 486 Sin
3385 431 3582 486 dtemo-
3688 508 3694 518 Ι

3447 315 3585 370 1554
3637 309 3640 312 ’

2027 547 2115 584 nes
2138 529 2352 598 quidam
2382 532 2526 588 sunt,
2565 523 2722 576 dubio
2749 522 2931 593 procul
2960 533 3005 575 et
3045 521 3097 574 hi
3139 520 3233 574 Dei
3275 530 3423 586 sunt,
3464 523 3583 596 qui-l

2022 623 2118 674 bus
2147 630 2192 674 et
2223 619 2539 672 credendum
2585 623 2684 681 est,
2732 624 2779 667 et
2833 613 3094 666 litandum
3138 613 3304 681 juxta
3347 612 3504 682 leges,
3532 620 3582 666 et

2017 727 2192 779 preces
2215 709 2493 779 offerenda:
2518 717 2571 761 ut
2595 706 2810 776 propitii
2856 705 2980 757 sint.
3014 703 3068 756 lu
3105 703 3218 758 haec
3249 717 3425 772 operae
3457 717 3585 772 pre-

2019 802 2148 854 tium
2185 799 2352 854 fuerit
2387 808 2556 852 totum
2589 788 2736 850 illum
2769 797 2939 850 locum
2967 794 3153 865 primae
3183 793 3248 847 ad
3268 793 3579 848 Corinthios

2018 869 2268 958 Epistolze
2295 888 2476 957 legere
2505 897 2560 944 et
2588 887 2884 956 explicare,
2919 885 3007 940 ubi
3050 884 3247 938 Paulus
3288 883 3354 937 de
3398 883 3574 938 idolo-

2018 981 2182 1051 thytis
2206 993 2511 1035 sermonem
2539 979 2669 1032 facit
2699 979 2766 1031 δι.
2798 977 2908 1032 Illic
2944 991 3217 1046 occupans
3245 975 3412 1040 istud,
3444 975 3576 1029 nihil

2013 1085 2134 1125 esse
2175 1069 2227 1123 in
2273 1068 2470 1122 mundo
2511 1067 2749 1127 idolum,
2798 1067 2988 1135 probat
3020 1080 3182 1133 quam
3232 1063 3454 1118 noxium
3507 1061 3577 1115 sit

2015 1163 2321 1234 idolorhytis
2371 1162 2473 1225 uti,
2504 1162 2847 1228 ostenditque
2879 1160 2944 1214 iis
2969 1158 3057 1226 qui
3090 1158 3258 1225 ipsius
3289 1157 3391 1211 hac
3422 1154 3488 1209 de
3519 1169 3576 1208 re

2013 1257 2177 1309 verba
2210 1270 2400 1323 capere
2449 1261 2695 1321 possunt,
2725 1250 2879 1320 pejus
2921 1248 3050 1319 quid
3080 1247 3370 1301 homicidio
3397 1243 3576 1300 facere

2009 1362 2153 1412 eum,
2205 1346 2294 1412 qui
2347 1345 2769 1413 idolothytorum
2827 1341 2885 1394 lit
2932 1339 3224 1408 particeps,
3276 1352 3396 1391 cum
3445 1351 3573 1390 suos

2010 1435 2210 1489 fratres
2236 1432 2548 1494 interﬁciat,
2597 1441 2814 1502 propter
2860 1444 3000 1499 quos
3031 1429 3278 1484 Christus
3327 1436 3573 1480 mortuus

2008 1534 2110 1578 est.
2143 1523 2342 1577 Deinde
2375 1537 2580 1590 ponens
2630 1521 2831 1574 hostias
2880 1517 3105 1572 mactari
3139 1516 3434 1578 dzemouiis,
3467 1512 3576 1582 pla-_

2007 1591 2130 1667 num
2199 1612 2329 1666 facit
2406 1615 2580 1666 socios
2643 1611 2755 1663 ﬁeri
2811 1607 3217 1669 daunouiurttm,
3271 1605 3362 1674 qui
3422 1619 3572 1658 men-

2007 1719 2121 1758 sam
2173 1703 2554 1758 dmmoniorum
2612 1701 2956 1769 participant,
3013 1705 3068 1751 et
3118 1697 3230 1751 ﬁeri
3271 1711 3376 1750 non
3412 1708 3572 1763 posse

323 1789 544 1856 γνεσθαι
579 1793 703 1855 τοὺς
738 1794 1250 1864 μεταλαμϐάνοντας
1281 1795 1573 1864 δαιμονίων
1603 1791 1894 1864 τραπέζης·

2007 1802 2060 1844 υι
2119 1793 2258 1848 idem
2319 1791 2390 1846 sit
2454 1802 2507 1846 et
2557 1808 2755 1845 mensae
2824 1791 3030 1844 Domini
3091 1799 3144 1843 et
3215 1801 3411 1840 mensa:
3456 1786 3566 1840 dte-

321 1883 619 1954 παρίστησί
646 1902 727 1949 τε,
753 1887 835 1939 ὄτι
864 1886 1124 1939 ἀδύνατόν
1152 1889 1266 1939 ἐστι
1304 1886 1394 1938 τὸν
1429 1885 1590 1938 αὐτὸν
1617 1884 1898 1957 τραπέζης

323 1971 527 2043 Κυρίου
565 1975 810 2044 μετέχειν
845 1977 938 2028 καὶ
977 1976 1254 2046 τραπέζης
1283 1974 1568 2046 δαιμόνων.
1610 1973 1746 2027 Ἀλλ’
1779 1975 1899 2027 ὲ-πεὶ

320 2060 448 2132 ὅλης
478 2065 778 2131 συντάξεως
797 2066 1005 2138 χρῄζει,
1028 2067 1116 2120 διὰ
1131 2067 1387 2122 πλειόνων
1413 2065 1893 2136 ἀποδεικνυμένης,

315 2155 349 2222 ή
409 2158 532 2228 περὶ
580 2157 782 2211 τούτων
816 2162 896 2222 εἰς
928 2160 1027 2231 τὴν
1069 2160 1204 2231 πρὸς
1251 2160 1568 2231 Κορινθίους
1612 2160 1896 2232 ἐπιστολὴν

315 2243 582 2316 διήγησις,
637 2248 1088 2320 ἀρκεσθησόμεθα
1145 2249 1255 2323 (87)
1300 2251 1394 2304 καὶ
1440 2254 1552 2315 τοῖς
1598 2253 1684 2304 ἐπ’
1717 2251 1895 2320 ὀλίγον

315 2337 746 2408 ἀποδεδομένοιςο
792 2341 850 2393 ἐν
887 2336 967 2404 οἷς
996 2341 1073 2413 τῷ
1107 2341 1412 2407 ὲξετάζοντι
1443 2342 1581 2396 αύτά
1627 2345 1892 2412 φανεῖται,

312 2419 416 2484 ὅτι,
474 2422 574 2476 κᾶν
609 2425 772 2494 μηδὲν
864 2427 934 2479 τὰ
984 2428 1197 2493 εἴδωλα,
1243 2430 1393 2482 οὐδὲν
1444 2425 1604 2500 ἦττον
1634 2433 1726 2484 καὶ
1753 2431 1895 2486 οὕτω

312 2508 484 2562 δεινόν
518 2514 711 2567 έστιτὸ
750 2516 1072 2586 κοινωνῆσαι
1113 2518 1213 2588 τῆς
1260 2519 1367 2572 τῶν
1399 2519 1630 2573 εἰδώλων
1671 2522 1892 2575 πανθοι-

312 2599 450 2662 νίας.
490 2602 718 2674 Εἴρηται
753 2605 849 2674 μὲν
879 2602 970 2659 οῦν
1002 2608 1133 2677 ἡμῖν
1164 2609 1400 2679 μετρίως
1439 2611 1531 2662 καὶ
1563 2611 1642 2673 εἰς
1673 2611 1752 2676 τὸ,
1788 2611 1891 2664 κᾶν

311 2681 413 2742 ὧσί
443 2707 588 2756 τινες
621 2694 890 2765 δαίμονες,
943 2692 1024 2761 οἷς
1071 2699 1139 2752 τὰ
1187 2699 1422 2770 θυόμενα
1468 2699 1673 2764 θύεται,
1728 2701 1891 2772 μηδὲν

311 2779 459 2850 ἡμᾶς
488 2784 665 2838 αὐτῶν
691 2785 1149 2857 μεταλαμϐάνειν,
1188 2789 1312 2853 τοὺς
1354 2791 1748 2862 ἐπισταμένους
1774 2793 1890 2846 δια-

311 2874 486 2944 φορὰν
536 2877 814 2948 τραπέζης
863 2879 1070 2949 Κυρίου
1107 2881 1200 2933 καὶ
1249 2881 1528 2953 τραπέζης
1573 2882 1885 2954 δαιμονίων·

312 2966 404 3018 καὶ
449 2965 536 3020 διὰ
566 2967 625 3020 τὸ
670 2969 1014 3032 ἐπίστασθαι,
1054 2971 1230 3024 πάντα
1262 2972 1362 3041 μὲν
1391 2973 1748 3042 πράττοντας,
1803 2973 1889 3027 ἵνα

310 3059 583 3130 τραπέζης
634 3061 840 3132 Κυρίου
887 3061 972 3114 ἀεὶ
1025 3064 1360 3135 μετέχωμεν,
1397 3066 1561 3118 ποιντί¹
1611 3065 1667 3118 δὲ
1701 3065 1889 3136 τρόπῳ

2008 1885 2308 1939 uiouiorum
2367 1885 2655 1953 particeps.
2735 1881 2997 1950 Quoniam
3081 1894 3210 1934 vero
3280 1878 3438 1944 hujus
3504 1879 3570 1932 de

2007 1978 2106 2032 hac
2173 1991 2230 2032 re
2291 1979 2358 2031 ad
2419 1976 2730 2033 Corinthios
2792 1975 3042 2045 Epistolas
3106 1973 3396 2042 explicatio
3454 1979 3565 2025 tra-

2003 2075 2150 2121 ctatu
2207 2067 2416 2138 integro
2478 2081 2615 2135 opus
2669 2067 2896 2121 haberet
2951 2065 3039 2132 qui
3093 2064 3234 2117 hanc
3280 2061 3567 2116 materiam

2003 2158 2251 2228 pluribus
2316 2158 2614 2224 enodaret,
2655 2157 2788 2212 satis
2838 2163 2998 2211 erunt
3042 2155 3198 2209 nobis
3241 2168 3414 2223 pauca
3475 2151 3566 2205 illa

2002 2263 2121 2318 qua:
2177 2248 2582 2318 respondimus,
2638 2263 2862 2317 quaeque
2912 2249 2955 2302 si
3017 2247 3139 2316 quis
3198 2243 3564 2315 perpenderit,

2004 2342 2283 2411 intelliget,
2319 2342 2528 2396 etiamsi
2561 2341 2693 2396 nihil
2725 2339 2864 2393 idola
2891 2339 3018 2404 sint,
3059 2337 3408 2392 nihilominus
3443 2348 3565 2402 per-

2003 2434 2263 2488 niciosum
2299 2447 2417 2488 esse
2446 2431 2677 2502 publicis
2717 2430 2984 2488 idolorum
3014 2429 3189 2497 epulis
3213 2427 3380 2482 vesci.
3419 2424 3565 2480 Satis

1998 2523 2161 2578 etiam
2197 2538 2224 2575 a
2263 2524 2416 2578 nobis
2443 2523 2724 2592 probatura
2746 2531 2848 2584 est,
2874 2519 3122 2588 quamvis
3150 2519 3422 2572 daemones
3445 2513 3564 2583 qui-

2000 2610 2122 2664 dam
2149 2611 2258 2665 sint
2286 2611 2482 2684 quibus
2509 2612 2697 2664 hostiae
2717 2618 3041 2673 mactantur,
3075 2621 3173 2662 nos
3213 2614 3390 2660 tamen
3437 2619 3562 2674 par-

2001 2700 2190 2770 ticipes
2216 2701 2428 2755 illarum
2467 2700 2581 2755 ﬁeri
2628 2717 2735 2757 non
2761 2701 2990 2767 debere;
3041 2699 3239 2770 quippe
3285 2697 3376 2766 qui
3430 2693 3562 2765 quid

1998 2805 2240 2845 mensam
2297 2790 2508 2846 Domini
2567 2794 2708 2847 inter
2761 2801 2816 2844 et
2865 2805 3108 2845 mensam
3169 2784 3558 2841 daemoniorum

1997 2881 2324 2936 discriminis
2355 2883 2569 2938 intersit
2600 2881 2997 2952 cognoscimus,
3030 2887 3084 2934 et
3113 2886 3399 2947 propterea
3440 2888 3560 2928 om-

1997 2971 2084 3024 nia
2127 2971 2376 3038 l'acimus,
2402 2982 2460 3027 ut
2478 2988 2692 3042 semper
2718 2973 2889 3027 simus
2924 2985 3124 3025 mensa:
3177 2966 3388 3024 Domini
3425 2978 3558 3036 par-

1998 3063 2210 3130 ticipes,
2237 3065 2494 3132 omnique
2525 3065 2683 3118 modo
2709 3077 2962 3119 cavemus
2985 3076 3052 3116 ne
3080 3075 3322 3116 mensam
3354 3059 3558 3115 daemo-

312 3153 762 3223 φυλαττομένους,
791 3155 877 3207 ἴνα
913 3155 1178 3226 μηδέποτε
1224 3159 1467 3210 κοινωνοὶ
1492 3157 1770 3230 τραπέζης
1803 3175 1887 3228 γε·

2000 3155 2202 3210 niorum
2237 3153 2639 3225 participemus.

310 3241 530 3310 νὼμεθα
560 3242 668 3295 τῶν
701 3244 1011 3315 δαιμονίων.

393 3326 544 3384 Ἐπεὶ
587 3332 644 3385 δέ
704 3351 869 3403 φησιν
924 3338 980 3388 ὲν
1011 3335 1220 3400 τούτοις
1252 3339 1279 3391 ό
1333 3338 1556 3403 Κέλσος,
1602 3340 1725 3403 ὃτι,
1775 3339 1886 3392 Kal

309 3425 363 3475 οἱ
387 3422 665 3491 δαίμονές
691 3426 807 3477 εἰσι
828 3425 933 3480 τοῦ
968 3428 1136 3491 Θεοῦ,
1167 3429 1263 3480 καὶ
1294 3427 1390 3481 διὰ
1431 3429 1603 3482 τοῦτο
1643 3446 1888 3485 πιστευ-

310 3513 450 3568 τέον
471 3514 640 3567 ἐστὶν
661 3515 892 3595 αὐτοῖς,
907 3518 1004 3570 καὶ
1025 3517 1448 3585 καλλιερητέον
1468 3520 1617 3572 κατὰ
1646 3522 1887 3589 νόμους,

309 3603 411 3658 καί
436 3607 858 3673 προσευκτέον,
901 3608 976 3660 ἵν’
1004 3608 1275 3677 εὐμενεῖς
1313 3604 1444 3663 ὦσι·
1491 3609 1765 3663 διδακτέον
1795 3609 1890 3663 καὶ

313 3693 439 3763 περὶ
483 3692 670 3746 τούτου
705 3695 828 3757 τοὺς
864 3693 1236 3766 βουλομένους,
1272 3697 1352 3750 ὅτι
1383 3700 1411 3751 ό
1433 3697 1526 3751 τοῦ
1559 3697 1694 3751 Θεοῦ
1731 3697 1888 3768 λόγος

308 3781 458 3836 οὐδὲν
492 3782 598 3834 τῶν
631 3783 845 3852 φαύλων
875 3785 1228 3856 ἀναγορεύειν
1267 3785 1512 3856 βούλεται
1542 3786 1728 3857 κτῆμα
1752 3787 1886 3840 Θεοῦ

308 3875 617 3945 τυγχάνειν,
649 3877 866 3942 ἀνάξιον
897 3878 1028 3931 αὐτὸ
1056 3879 1254 3949 κρίνων
1290 3878 1398 3950 (88)
1431 3878 1748 3949 τηλικούτου
1777 3880 1888 3932 Κυ-

314 3965 451 4037 ρίου.
484 3966 682 4035 Διόπερ
700 3966 759 4017 ού
788 3966 987 4029 πάντες
1030 3967 1126 4036 μὲν
1157 3967 1431 4038 ἄνθρωποι
1463 3969 1886 4040 χρηματίζουσιν

310 4056 585 4127 ἄνθρωποι
622 4054 778 4120 Θεοῦ,
817 4055 966 4124 μόνοι
1016 4056 1072 4108 δὲ
1105 4058 1152 4108 οί
1182 4057 1319 4122 ἄξιοι
1361 4057 1457 4110 τοῦ
1506 4057 1662 4111 Θεοῦ·
1705 4061 1887 4124 ὁποῖος

309 4141 378 4217 ἦν
414 4145 673 4214 Μωῦσῆς,
727 4145 820 4198 καὶ
875 4145 1078 4208 Ἠλίας,
1127 4147 1220 4198 καὶ
1269 4146 1324 4199 ετ
1361 4164 1446 4210 τις
1489 4147 1644 4210 ἄλλος
1687 4150 1885 4218 ἀναγέ-

310 4253 552 4305 γραπται
597 4234 881 4305 ἄνθρωπος
909 4235 1065 4298 Θεοῦ,
1116 4237 1148 4306 ἢ
1197 4236 1576 4307 παραπλήσιός
1627 4224 1742 4291 ἐστι
1775 4243 1886 4303 τοῖς

308 4323 838 4396 ἀναγεγραμμένοις.
895 4324 1050 4378 Οὕτω
1095 4326 1151 4378 δὲ
1198 4326 1291 4380 καὶ
1324 4327 1384 4379 οὐ
1420 4327 1620 4391 πάντες
1666 4328 1885 4397 ἄγγελοι

307 4413 529 4483 ἄγγελοι
567 4415 819 4483 λέγονται
861 4413 999 4468 εἶναι
1033 4417 1128 4469 τοῦ
1166 4415 1322 4480 Θεοῦ,
1358 4417 1491 4472 ἀλλά
1519 4419 1669 4489 μόνοι
1696 4421 1747 4472 οἰ
1784 4438 1886 4491 μα-

2060 3326 2152 3382 25.
2191 3325 2456 3394 Quoniam
2502 3343 2632 3384 vero
2674 3328 2872 3384 ibidem
2927 3327 3005 3382 ait
3047 3327 3257 3393 Celsus,
3294 3327 3559 3381 dtemones

1992 3419 2090 3474 Dei
2113 3437 2246 3486 esse,
2283 3431 2436 3487 atque
2482 3422 2611 3474 adeo
2646 3421 2752 3473 illis
2797 3419 3138 3485 credendum,
3194 3417 3457 3471 litandum
3491 3432 3559 3472 ea:

1990 3515 2296 3580 praescripto
2322 3513 2513 3580 legum,
2536 3528 2812 3582 precesque
2865 3510 3160 3580 o/ferendas
3205 3527 3318 3564 esse
3347 3518 3404 3564 ιιι
3435 3525 3561 3578 pro-

1988 3603 2107 3666 pitii
2131 3603 2270 3667 sint;
2302 3602 2606 3657 docendum
2644 3612 2727 3658 est
2750 3618 2844 3658 eos
2883 3603 2975 3673 qui
3009 3602 3198 3655 audire
3231 3602 3437 3664 volent,
3467 3614 3558 3655 res

1990 3693 2160 3748 malas
2189 3693 2242 3747 in
2293 3693 2576 3763 Scriptura
2616 3709 2772 3749 sacra
2820 3708 3098 3762 nunquam
3145 3693 3251 3747 dici
3285 3694 3350 3746 ad
3387 3691 3556 3746 Deum

1988 3785 2289 3852 pertinere,
2324 3793 2512 3854 utpote
2538 3799 2672 3854 quas
2696 3794 2847 3840 tanto
2874 3783 3103 3839 Domino
3131 3784 3380 3853 indignas
3405 3781 3556 3850 judi-

1990 3883 2096 3928 cat.
2133 3873 2247 3940 Qua
2281 3876 2348 3929 de
2379 3889 2542 3929 causa
2567 3890 2668 3929 nec
2693 3875 2941 3930 homines
2968 3888 3157 3929 omnes
3191 3873 3282 3927 Dei
3303 3872 3557 3928 homines

1990 3974 2277 4030 vocantur,
2307 3966 2399 4019 sed
2432 3965 2531 4018 soli
2564 3966 2636 4018 illi
2669 3967 2762 4034 qui
2817 3966 2930 4021 Deo
2973 3967 3116 4035 digni
3164 3974 3313 4027 sunt,
3368 3963 3557 4033 quales

1987 4064 2144 4109 erant
2169 4055 2380 4126 Moyses
2403 4056 2446 4087 δ’
2472 4064 2527 4110 et
2550 4057 2695 4112 Elias
2726 4057 2792 4122 ",
2816 4067 2871 4112 et
2904 4058 2947 4112 si
2971 4057 3092 4127 quis
3118 4057 3257 4112 alius
3274 4057 3434 4110 homo
3461 4055 3557 4109 Dei

1989 4146 2285 4215 appellatus
2308 4157 2410 4212 est,
2435 4159 2529 4202 aut
2556 4149 2748 4203 similis
2783 4149 2884 4202 fuit
2919 4149 2990 4202 iis
3033 4149 3125 4218 qui
3173 4149 3255 4202 sic
3300 4145 3554 4214 appellati

1988 4249 2131 4291 sunt.
2175 4237 2359 4306 Neque
2399 4239 2564 4293 etiam
2614 4253 2804 4294 omnes
2856 4239 3032 4308 angeli
3077 4239 3335 4292 dicuntur
3379 4234 3554 4306 angeli

1990 4327 2082 4382 Dei
2114 4341 2234 4382 esse
2267 4327 2334 4394 “,
2369 4327 2463 4382 sed
2506 4330 2604 4383 soli
2649 4329 2790 4383 beati
2833 4327 3044 4395 angeli;
3100 4329 3191 4397 qui
3248 4336 3429 4382 autem
3485 4329 3554 4381 ad

1988 4419 2118 4474 vitia
2173 4418 2530 4484 defecerunt,
2575 4419 2610 4472 ii
2662 4420 2838 4490 angeli
2891 4419 3092 4474 diaboli
3145 4429 3411 4474 vocantur
3457 4417 3552 4474 “:

307 4506 508 4577 κὰριοι·
529 4509 578 4559 οἰ
598 4506 655 4559 δὲ
686 4507 1050 4578 ἐκτραπέντες
1069 4508 1160 4560 ἐπὶ¹
1187 4507 1285 4579 τὴν
1305 4509 1524 4574 κακίαν,
1549 4509 1769 4579 ἄγγελοι
1789 4511 1882 4565 τοῦ

2000 4509 2442 4578 quemadmodum
2500 4509 2744 4564 homines
2805 4511 2956 4575 mali,
3013 4509 3264 4565 homines
3320 4510 3553 4578 peccati,

305 4597 550 4652 διαϐόλου
598 4599 970 4670 ὀνομάζονται·
1023 4599 1211 4671 ὥσπερ
1244 4602 1293 4653 οἱ
1354 4601 1544 4670 φαῦλοι
1585 4603 1880 4674 ἄνθρωποι,

307 4690 582 4761 ἄνθρωποι
614 4691 910 4762 ἁμαρτίας,
947 4690 980 4762 ἢ
1009 4693 1115 4746 υἱοὶ
1155 4691 1345 4764 λοιμοῦ
1388 4692 1522 4764 (89),
1564 4694 1596 4764 ἢ
1631 4695 1736 4747 υἰοὶ
1767 4694 1881 4748 ἀδι-

309 4778 447 4842 κίας.
491 4782 641 4834 Ἐπεὶ
668 4777 760 4836 οὖν
808 4781 900 4836 καὶ
929 4781 1204 4853 ἅνθρωποι
1239 4783 1288 4834 οἱ
1323 4783 1419 4853 μέν
1452 4784 1557 4836 εἰσι
1586 4784 1880 4849 σπουδαῖοι,

307 4871 357 4922 οἱ
389 4869 446 4922 δὲ
475 4871 686 4938 φαῦλοι·
717 4873 796 4926 διὸ
838 4874 932 4926 καὶ
963 4875 1012 4926 οἰ
1050 4874 1146 4944 μὲν
1176 4873 1270 4926 τοῦ
1297 4873 1452 4939 Θεοῦ,
1485 4876 1534 4926 οἰ
1555 4875 1612 4928 δὲ
1638 4875 1733 4928 τοῦ
1765 4876 1880 4930 δια-

310 4961 464 5014 ϐόλου
500 4957 638 5016 εἶναι
661 4962 933 5030 λέγονται·
979 4966 1113 5020 ἀλλὰ
1146 4967 1239 5020 καὶ
1280 4967 1500 5035 ἄγγελοι
1537 4969 1584 5020 οἰ
1642 4969 1740 5038 μὲν
1787 4967 1882 5022 τοῦ

308 5052 464 5117 Θεοῦ,
515 5055 562 5106 οἱ
595 5054 651 5106 δὲ
679 5054 772 5107 τοῦ
823 5055 1078 5129 πονηροῦ·
1116 5058 1365 5127 δαίμονες
1394 5058 1450 5111 δὲ
1485 5060 1668 5113 οὐκέτι
1699 5061 1880 5131 διχῶς,

311 5146 510 5207 πάντες
563 5143 670 5215 γὰρ
702 5145 1112 5200 ἀποδείκνυνται
1156 5145 1293 5202 εἶναι
1338 5149 1548 5217 φαῦλοι·
1609 5151 1696 5204 διὰ
1725 5151 1882 5204 τοῦτο

308 5237 551 5305 φήσομεν
591 5234 758 5305 ψευδῆ
788 5230 926 5289 εἶναι
976 5236 1066 5290 τὸν
1093 5238 1300 5291 Κέλσου
1333 5238 1486 5308 λόγον
1515 5241 1760 5303 εἰπόντος
1800 5241 1877 5293 τό’

1990 4599 2083 4652 lilii
2129 4600 2468 4668 perditionis,
2517 4600 2818 4668 iniquitatis
2851 4602 2945 4655 lilii
2987 4602 3357 4664 nominantur.
3391 4600 3549 4671 76],

1986 4692 2251 4758 Quoniam
2290 4693 2454 4762 igitur
2500 4707 2564 4747 ex
2617 4693 2926 4750 hominibus
2968 4694 3058 4747 alii
3106 4694 3237 4749 boni
3270 4703 3417 4758 sunt,
3463 4693 3555 4747 alii

1986 4781 2138 4856 mali,
2174 4782 2299 4836 inde
2334 4783 2395 4837 lit
2428 4794 2486 4838 ut
2511 4783 2602 4837 alii
2633 4783 2752 4849 Dei,
2788 4784 2872 4840 alii
2908 4799 3027 4839 esse
3058 4783 3254 4838 diaboli
3279 4785 3554 4838 dicantur.

1988 4870 2092 4926 Sed
2125 4883 2178 4926 et
2207 4888 2270 4928 ex
2303 4875 2530 4943 angelis,
2565 4876 2656 4930 alii
2688 4876 2780 4931 Dei
2815 4890 2956 4940 esse,
3007 4875 3098 4928 alii
3150 4876 3404 4931 dicuntur
3433 4889 3556 4929 esse

1992 4968 2156 5031 mali;
2189 4970 2568 5024 atdzemouum
2621 4971 2823 5025 nullum
2870 4980 2952 5026 est
2997 4971 3312 5036 discrimen,
3366 4985 3556 5025 omnes
3597 5010 3599 5014 -

1989 5059 2242 5113 dicuntur
2271 5075 2390 5115 esse
2425 5061 2571 5116 mali.
2596 5060 2808 5116 Falsqu
2845 5063 3008 5131 igitur
3054 5059 3390 5116 aﬂirmamus
3433 5075 3556 5116 esse

1988 5148 2129 5203 istud
2163 5151 2302 5218 quod
2349 5152 2426 5206 ait
2471 5150 2662 5206 Celsus
2699 5170 2712 5205 :
2748 5151 2810 5207 Si
2854 5153 3114 5207 dtemones
3163 5152 3374 5221 quidam
3404 5162 3549 5212 sunt,

1987 5238 2187 5294 clarum
2213 5249 2288 5295 est
2327 5259 2412 5297 eos
2436 5245 2504 5297 ad
2534 5243 2701 5298 Deum
2746 5245 3036 5313 pertinere;
3067 5252 3160 5296 aut
3204 5243 3414 5310 probet,
3458 5242 3551 5312 qui

379 5402 424 5436 εί
458 5401 480 5456 ι
529 5401 654 5457 Cor.
686 5416 805 5466 vm,
835 5401 892 5469 4,
928 5401 1015 5455 ll.
1092 5401 1138 5432 δ’
1183 5400 1333 5456 Deut.
1361 5416 1558 5467 xum,
1587 5401 1638 5454 1.
1713 5400 1758 5432 ⁸³
1793 5398 1860 5456 ιν

2000 5418 2027 5470 ς.
2057 5417 2098 5468 ι,
2138 5403 2224 5456 10.
2299 5403 2345 5436 ⁸⁸
2383 5401 2516 5461 Luc.
2548 5420 2647 5471 xu,
2678 5403 2731 5458 8.
2807 5402 2852 5434 ⁸³
2879 5402 3070 5456 Matth.
3103 5415 3226 5466 xxv,
3254 5400 3347 5455 41.

381 5537 492 5608 (87)
541 5535 878 5608 Ηωεειιθιὶιιε
947 5535 1000 5590 in
1053 5544 1225 5608 textu,
1283 5533 1768 5608 ἀρκεσθησὼμεθα,
1800 5547 1873 5608 ,ει

309 5606 482 5677 paulo
505 5618 626 5675 post
656 5607 793 5660 idem
817 5621 938 5677 cum
969 5607 1219 5677 omnibus
1247 5621 1374 5661 mss.
1409 5607 1593 5672 habet,
1625 5606 1875 5660 ἀποδεδο-

311 5675 513 5749 μένοις,
542 5678 864 5749 ξιιεηεθιιιε,
894 5675 1312 5749 ἀποδιδομένοις,

1981 5543 2168 5682 milia;
2202 5613 2272 5667 Ἢ
2296 5612 2416 5666 υΙοὶ
2440 5611 2673 5680 λοιμοῦ.
2703 5607 2918 5682 Optime
2953 5607 3031 5682 sic
3070 5605 3246 5682 liabet
3266 5606 3436 5662 codex
3461 5604 3553 5664 Jo-

1982 5675 2174 5752 lianus',
2203 5683 2344 5740 male
2373 5675 2550 5740 autem
2583 5682 2713 5738 libb.
2751 5675 2901 5748 editi,
2930 5679 3034 5732 υιοι
3074 5675 3270 5745 λοιμοί.

383 5747 494 5815 (δ8)
542 5745 709 5802 Recte
763 5761 918 5817 mss,
969 5745 1186 5817 κρίνων.
1240 5746 1398 5803 Libb.
1447 5747 1598 5815 editi,
1666 5745 1868 5815 κρίνον,
