3972 6160
417 324 551 380 1557

1573 321 1848 379 CONTRA
1885 321 2161 378 CELSUM
2199 321 2325 376 LIB.
2370 321 2500 376 VIII.

3529 329 3669 385 I558

417 439 541 494 στοῦ
607 439 780 510 Ἰησοῦ
828 438 1102 510 εὐμενείᾳ,
1148 439 1294 508 λέγοι
1340 439 1406 493 ἂν
1453 438 1692 513 Θαρῤὦν,
1726 441 1801 505 ὼς
1843 441 1977 493 οὑδὲπ

2099 449 2240 493 stum
2291 438 2688 504 benevolentia,
2737 438 2964 492 ﬁdenter
3001 446 3057 492 ut
3107 438 3239 494 nihil
3289 455 3545 510 paSsurus
3577 441 3662 496 vel

415 531 735 600 πεισόμενος
759 530 868 584 ἀπὸ
903 531 1102 594 παντὸς
1134 532 1227 584 τοῦ
1259 529 1366 585 τῶν
1399 532 1667 603 δαιμόνων
1693 533 1989 604 στρατοπέ-

412 622 520 674 δου·
557 623 772 688 Κύριος
798 622 1099 690 φωτισμός
1139 639 1258 691 μου
1301 621 1400 676 καὶ
1451 623 1650 690 σωτήρ
1689 641 1828 692 μου,
1858 624 1992 677 τίνα

410 714 861 783 φοϐηθήσομαι;
911 716 1128 782 Κύριος
1178 715 1638 783 ὑπερασπιστὴς
1688 715 1798 783 τῆς
1844 714 1991 782 ζωῆς

405 822 546 872 μου,
569 804 686 859 ἀπὸ
717 805 881 870 τινος
911 804 1231 868 δειλιάσω;
1250 806 1368 877 ἐρεῖ
1386 806 1442 858 δὲ
1471 807 1565 859 καὶ
1586 805 1645 859 τό
1663 805 1791 876 (94)·
1852 806 1992 859 Ἐὰν

411 895 822 966 παρατάξηται
844 898 937 949 ἐπ’
959 896 1065 965 ἐμὲ
1083 898 1454 966 παρεμϐολὴ,
1486 900 1556 952 οὐ
1589 897 1991 967 φοϐηθήσεται

411 987 450 1053 ἡ
486 987 696 1054 καρδία
715 1005 853 1056 μου.
888 988 1138 1042 Τοσαῦτα
1169 989 1264 1043 καὶ
1296 993 1376 1053 εἰς
1408 991 1577 1053 τὸ,Εί
1601 990 1652 1042 δ’
1685 991 1807 1042 είσί
1834 1007 1990 1055 τινες

409 1074 706 1142 δαίμονες,
751 1077 1031 1144 δηλονότι
1066 1080 1164 1133 καὶ
1198 1075 1362 1135 οὗτοι
1398 1081 1502 1134 τοῦ
1540 1080 1688 1134 Θεοῦ
1728 1083 1867 1146 εἱσι,
1895 1081 1991 1132 καὶ

408 1166 763 1220 πιστευτέον
798 1167 932 1238 (95),
962 1169 1063 1224 καὶ
1118 1173 1548 1238 καλλιερητέον
1573 1171 1722 1226 κατὰ
1745 1172 1987 1241 νόμους,

408 1258 507 1312 καὶ
539 1261 972 1325 προσευκτέον,
1009 1261 1084 1315 ἵν’
1119 1263 1386 1331 εὐμενεῖς
1409 1258 1581 1316 ὦσιν.

490 1349 802 1420 Ἐκθέμενοι
856 1352 912 1404 δὲ
969 1354 1064 1406 καὶ
1102 1354 1200 1424 τὴν
1257 1353 1383 1424 ἑξῆς
1431 1353 1608 1420 λέξιν,
1645 1355 1776 1426 φέρε
1805 1356 1986 1421 πάλιν,

407 1437 546 1490 κατὰ
576 1439 824 1510 δύναμιν,
861 1441 1032 1512 αὐτὴν
1063 1441 1406 1514 ἐξετάσωμεν
1439 1444 1612 1508 οὕτως
1641 1445 1888 1514 ἔχουσαν·
1920 1449 1990 1499 El

403 1529 518 1599 μὲν
544 1529 620 1598 δὴ
657 1532 808 1585 κατά
834 1550 887 1586 τι
917 1533 1167 1602 πάτριον
1190 1536 1417 1603 ἱερείων
1447 1535 1625 1590 τινῶν
1664 1537 1990 1607 ἀπέχονται

404 1621 524 1674 τῶν
549 1623 811 1688 τοιῶνδε,
840 1624 1077 1691 πάντως
1107 1626 1402 1695 ἀφεκτέον
1450 1629 1547 1682 καὶ
1593 1627 1748 1688 ζώων
1796 1630 1987 1684 ἁπάν-

403 1729 526 1766 των
547 1714 854 1783 ,βρώσεως-
880 1712 1032 1788 ᾗπερ
1060 1719 1159 1794 καὶ
1193 1721 1507 1788 Πυθαγόρᾳ
1540 1720 1722 1786 δοκεῖ,
1778 1723 1990 1790 ψυχὴν

404 1805 646 1874 τιμῶντι
698 1810 796 1862 καὶ
824 1811 895 1864 τὰ
918 1812 1139 1878 ταύτης
1166 1810 1406 1879 ὄργαναο
1435 1814 1487 1865 εί
1501 1813 1574 1877 δ’,
1606 1813 1751 1883 ὅπερ
1775 1815 1984 1884 φασὶν,

404 1896 564 1964 ὅπως
602 1899 688 1968 μὴ
733 1901 1165 1955 συνεστιῶνται
1215 1901 1457 1970 δαίμοσι
1477 1943 1491 1967 ,
1546 1905 1843 1974 μακαρίζω
1880 1905 1988 1974 τῆς

405 1990 628 2057 σοφίας
661 1992 901 2058 αὐτοὺς,
935 1992 1023 2045 ὅτι
1057 1991 1330 2060 βραδέως
1363 1996 1656 2050 συνίασιν
1694 1997 1864 2062 ὄντες
1895 1997 1988 2052 ἀεὶ

403 2080 713 2135 συνέστιοι
762 2083 1077 2152 δαιμόνων
1125 2083 1223 2137 καὶ
1271 2084 1403 2137 τότε
1436 2084 1514 2153 δὴ
1535 2086 1727 2154 μόνον
1752 2087 1988 2156 φυλάσ-

401 2183 612 2225 σονται
638 2173 849 2244 τοῦτοἈ
859 2176 1085 2228 ὁπόταν
1104 2175 1317 2244 ἱερεῖον
1331 2179 1628 2247 θυόμενον
1640 2180 1981 2244 βλέπωσιν·

399 2261 546 2315 ὅταν
600 2263 668 2316 δὲ
699 2265 871 2319 σῖτον
920 2268 1188 2335 ἐσθίωσι,
1239 2271 1338 2325 καὶ
1389 2269 1556 2326 οἶνον
1604 2274 1842 2339 πίνωσι,
1889 2275 1987 2328 καὶ

399 2353 747 2423 ἀκροδρύων
802 2360 1106 2429 γεύωνται,
1142 2363 1243 2414 καὶ
1278 2365 1424 2417 αὐτὸ
1460 2365 1616 2432 ὕδωρ
1650 2365 1750 2418 καὶ
1799 2366 1987 2421 αὐτὸν

398 2443 546 2512 ἀέρα
569 2449 969 2515 ἀναπνέωσιν,
997 2454 1110 2506 οὐκ
1157 2446 1272 2521 ἆρα
1301 2454 1460 2522 παρά
1481 2473 1658 2509 τινων
1688 2456 1986 2526 δαιμόνων

398 2535 624 2592 ἕκαστα
664 2541 892 2594 τούτων
921 2544 1359 2612 λαμϐάνουσιν,
1392 2542 1483 2612 οἷς
1509 2547 1670 2601 ,κατὰ
1715 2547 1866 2616 μέρη
1918 2549 1982 2602 τὸ

398 2628 676 2695 ἐπιμελὲς
715 2631 942 2697 ἑκάστῳ
982 2634 1453 2701 προστέτακται;
1487 2637 1600 2690 Οὐκ
1626 2633 1723 2690 οἶδ’
1751 2639 1898 2702 ὅπως
1927 2640 1983 2692 ὲν

397 2715 607 2778 τούτοις
626 2716 802 2784 ἔδοξεν
825 2718 973 2790 αὐτῷ
1005 2722 1334 2788 ἀκολουθεῖν,
1370 2728 1478 2778 δεῖν
1511 2726 1808 2795 ἀπέχεσθαι
1849 2728 1982 2781 πάν-

397 2825 504 2860 των
524 2807 679 2872 ζώων
702 2809 956 2882 βρώσεως
984 2814 1108 2876 τοὺς
1129 2814 1221 2878 οὒς
1242 2815 1491 2886 ὠνόμασε
1514 2819 1654 2871 κατά
1679 2835 1731 2870 τι
1758 2818 1982 2888 πάτριον

397 2897 518 2960 ἔθος
547 2901 756 2970 ἱερείων
785 2902 947 2954 τινῶν
966 2903 1358 2974 ἀπεχομένους.
1390 2907 1498 2958 Καὶ
1522 2908 1583 2959 οὐ
1607 2907 1763 2960 τοῦτό
1783 2925 1980 2978 φαμεν,

396 2983 471 3046 ὡς
494 2986 587 3037 καὶ
612 2985 929 3056 μὴτοιαῦτα
964 2990 1356 3054 ὑποϐάλλοντος
1377 2992 1469 3044 τοῦ
1501 2993 1644 3045 θείου
1660 2994 1858 3062 Λόγου,
1889 2997 1982 3049 καὶ

395 3076 488 3128 τοῦ
535 3078 942 3150 ἀσφαλεστέρου
977 3081 1090 3151 βίου
1133 3083 1227 3136 καὶ
1269 3083 1654 3156 καθαρωτέρου
1690 3086 1871 3140 ἕνεκεν
1909 3088 1983 3138 εἰ-

397 3167 611 3230 πόντος·
657 3170 848 3223 καλόν
890 3173 954 3224 τὸ
983 3172 1069 3240 μὴ
1099 3174 1312 3244 φαγεῖν
1327 3175 1491 3242 κρέα,
1517 3177 1672 3246 μηδὲ
1700 3177 1856 3231 πιεῖν
1900 3173 1981 3231 οἶ-

395 3273 526 3321 νον,
539 3261 680 3326 μηδ’
703 3254 834 3326 ένῷ
857 3265 888 3314 ό
919 3262 1183 3332 ἀδελφός
1214 3280 1328 3319 σου
1353 3271 1740 3334 προσκόπτεν
1765 3269 1860 3322 καὶ
1885 3269 1982 3324 πά-

395 3347 496 3400 λιν·
541 3353 599 3402 Μ
607 3351 638 3417 ὴ
673 3351 752 3416 τῷ
776 3352 1044 3421 βρώματί
1089 3372 1206 3409 σου
1241 3359 1476 3413 ἐκεῖνον
1495 3363 1788 3425 ἀπόλλυε,
1825 3361 1978 3430 ὑπὲρ

397 3436 468 3494 οὗ
502 3441 756 3507 Χριστὸς
796 3444 1071 3498 ἀπέθανεο
1127 3449 1220 3500 καὶ
1257 3449 1436 3502 πάλιν·
1487 3453 1556 3503 El
1601 3446 1978 3512 σκανδαλίζει

396 3527 504 3592 τὸν
552 3529 822 3600 ἀδελφόν
863 3553 983 3604 μου
1023 3536 1167 3604 κρέα
1202 3538 1332 3608 (96),
1386 3543 1458 3593 οὐ
1495 3540 1581 3610 μὴ
1627 3541 1792 3611 φάγω
1836 3543 1980 3610 κρέα

394 3620 482 3685 εἰς
529 3619 637 3673 τὸν
683 3620 888 3691 αἰῶνα,
939 3625 1038 3679 ἵνα
1073 3627 1159 3696 μὴ
1194 3627 1300 3682 τὸν
1330 3629 1598 3700 ἀδελφόν
1619 3650 1739 3701 μου
1786 3647 1977 3687 σκαν-

393 3709 534 3762 δαλί
537 3725 642 3763 σω.

475 3802 670 3856 Ἰστέον
719 3805 965 3875 μέντοιγε
989 3848 1003 3873 ,
1049 3810 1165 3874 ὅτι,
1225 3812 1489 3866 Ἰουδαίων
1537 3816 1796 3885 οἰομένων
1838 3818 1975 3870 νοεῖν

390 3891 480 3944 τὸν
516 3894 794 3959 Μωῦσέως
820 3899 1002 3968 νόμον,
1026 3902 1116 3953 καὶ
1144 3903 1454 3974 τηρούντων
1489 3906 1579 3958 ἐπὶ
1611 3906 1719 3959 τῶν
1755 3906 1976 3979 βρωμά-

391 3999 499 4035 των
525 3984 584 4036 es
619 3988 1055 4059 μεταλαμϐάνειν
1090 3994 1187 4063 μὲν
1216 3993 1324 4047 τῶν
1349 4001 1752 4069 νενομισμένων
1792 4000 1972 4064 αὐτοῖς

391 4076 666 4147 καθαρῶν,
716 4081 1016 4151 ἀπέχεσθαι
1069 4085 1125 4138 δὲ
1157 4087 1267 4140 τῶν
1306 4089 1652 4160 ἀκαθάρτων,
1698 4092 1833 4146 ἀλλὰ
1879 4094 1973 4146 καὶ

391 4168 466 4239 μὴ
510 4169 742 4240 χρῆσθαι
780 4175 971 4244 αἵματι
1005 4176 1144 4239 ζώου
1177 4183 1256 4244 εἰς
1295 4183 1519 4254 τροφὴν,
1557 4183 1690 4254 μηδὲ
1723 4188 1834 4248 τοῖς
1871 4185 1970 4257 θη-

391 4258 692 4328 ριαλὼτοις,
721 4263 813 4316 καὶ
844 4264 1043 4330 ἄλλοις,
1073 4271 1200 4339 περὶ
1231 4265 1306 4324 ὧν
1347 4273 1514 4336 πολὺς
1546 4275 1723 4343 λόγος,
1752 4278 1846 4330 καὶ
1885 4277 1973 4330 διὰ

385 4350 544 4403 τοῦτο
571 4351 667 4405 νῦν
697 4355 797 4407 οὐκ
827 4355 1078 4428 εὔκαιρος
1115 4357 1225 4430 (97)
1262 4361 1632 4436 ὲξετασθῆναγ
1667 4369 1699 4436 ἡ
1734 4366 1826 4420 τοῦ
1870 4368 1972 4440 ἰη-

2094 545 2121 582 a
2157 539 2266 583 toto
2319 534 2622 582 daemonum
2664 529 2928 591 exercitu,
2959 529 3137 584 dicere
3165 531 3372 598 possit:
3408 529 3662 584 Dominus

2093 621 2413 675 illuminatio
2445 636 2560 673 mea
2589 631 2634 673 et
2663 619 2892 673 salvator
2924 636 3252 690 meus,qnem
3295 621 3482 674 timebo
3507 623 3530 674 ι
3555 621 3663 676 Do-

2093 715 2267 766 minus
2295 720 2558 782 protector
2586 713 2702 767 vita
2736 729 2882 777 mete,
2913 730 2943 766 a
2970 729 3072 782 quo
3100 714 3370 782 trepidabo
3401 713 3485 768 ‘9?
3513 715 3664 770 Dicet

2092 811 2146 856 et
2184 801 2326 857 istud
2363 819 2376 855 :
2413 801 2474 856 Si
2527 802 2819 854 consistant
2865 803 3136 856 adversum
3183 818 3263 856 me
3301 812 3509 868 castra,
3560 820 3664 859 non

2094 894 2296 948 timebit
2341 909 2431 947 cor
2464 909 2633 947 meum
2655 894 2734 946 ·⁵⁰.
2771 895 2948 962 Atque
2990 895 3105 948 haec
3146 895 3196 948 in
3244 895 3386 971 istud
3419 913 3432 949 :
3463 895 3524 950 Si
3554 897 3664 951 da:—

2095 1001 2273 1039 mones
2316 985 2535 1054 quidam
2583 997 2727 1052 sunt,
2775 986 2963 1055 procul
3003 986 3163 1041 dubio
3215 998 3261 1040 et
3293 987 3348 1040 lii
3387 987 3486 1042 Dei
3518 998 3660 1055 sunt,

2091 1077 2280 1147 quibus
2323 1086 2369 1130 et
2403 1077 2718 1130 credendum
2755 1088 2801 1130 et
2846 1077 3105 1131 litandum
3136 1089 3209 1132 est
3253 1095 3317 1132 ea:
3357 1081 3660 1152 prwscripto

2093 1168 2290 1239 legum,
2317 1184 2600 1238 precesque
2626 1169 2910 1237 o/Iereuda:
2940 1180 2995 1222 ut
3029 1170 3256 1226 benevoli
3291 1173 3414 1225 sint.

2163 1341 2253 1397 28.
2297 1341 2456 1398 Nune
2487 1357 2549 1397 ea
2593 1357 2711 1412 quae
2742 1355 3041 1414 sequuntur
3073 1347 3363 1417 recitenrus
3391 1354 3443 1399 et
3477 1362 3662 1402 rursus

2091 1437 2461 1504 expendamus
2495 1452 2592 1507 pro
2628 1439 2854 1494 viribus.
2888 1437 2980 1492 Sic
3008 1439 3247 1508 loquitur
3281 1453 3296 1492 :
3337 1439 3397 1494 Si
3430 1457 3545 1510 qua:
3565 1457 3663 1504 pa-

2091 1526 2209 1579 trita
2242 1525 2378 1596 leges
2407 1527 2512 1582 illis
2545 1540 2720 1583 uetant
2751 1530 2997 1582 harumce
3028 1531 3355 1583 victimarum
3378 1533 3660 1600 participes

2089 1617 2227 1685 fieri,
2277 1635 2495 1686 prorsus
2545 1621 2912 1676 abstinendum
2950 1622 3109 1675 etiam
3158 1622 3266 1675 illis
3305 1632 3380 1677 est
3425 1628 3659 1679 omnium

2091 1709 2403 1764 animalium
2429 1728 2540 1765 esu.
2579 1712 2731 1778 Quod
2763 1713 2973 1781 quidem
3011 1723 3059 1766 et
3090 1711 3401 1782 Pythagora:
3439 1714 3660 1782 placuit,

2088 1818 2206 1871 qua:
2233 1804 2347 1872 ejus
2378 1814 2488 1858 erat
2520 1807 2575 1859 in
2615 1807 2848 1859 animam
2879 1815 2925 1859 et
2953 1805 3100 1859 illius
3130 1821 3326 1875 organa
3355 1808 3656 1860 reverentia.

2091 1892 2175 1960 Si,
2213 1895 2267 1947 id
2312 1897 2452 1966 quod
2478 1899 2652 1962 aiunt,
2682 1897 2786 1950 illis
2817 1897 3102 1963 abstinent,
3129 1913 3192 1952 ne
3231 1913 3426 1951 mensa:
3465 1899 3660 1951 dwmo-

2090 1985 2296 2038 nierum
2326 1988 2657 2053 occumbant,
2690 1987 2926 2041 admiror
2961 1986 3172 2041 illorum
3206 1988 3542 2056 sapientiam,
3570 1990 3660 2058 qui

2089 2078 2298 2132 tandem
2339 2079 2823 2134 animadverterunt
2865 2097 2918 2134 se
2949 2097 3153 2150 semper
3176 2097 3294 2135 cum
3333 2081 3658 2134 dannonibus

2088 2167 2317 2236 epulari,
2345 2179 2392 2224 et
2415 2180 2536 2223 tunc
2568 2171 2739 2224 solum
2769 2172 2822 2224 id
2859 2172 3091 2242 fugiunt,
3114 2189 3232 2226 cum
3259 2173 3518 2226 uictimam
3548 2187 3658 2224 ma-

2087 2269 2279 2313 ctatam
2304 2261 2498 2315 vident.
2529 2260 2597 2314 Et
2627 2261 2804 2330 fruges
2827 2279 2958 2331 quas
2985 2263 3169 2327 edunt,
3213 2262 3385 2316 vinum
3414 2263 3554 2332 quod
3579 2263 3656 2316 bi-

2089 2352 2235 2418 bunt,
2286 2351 2488 2422 fructus
2536 2369 2667 2422 quos
2702 2362 2934 2423 gustant,
2979 2369 3120 2424 aqua
3172 2355 3282 2422 ipsa
3323 2369 3480 2422 quam
3525 2355 3657 2407 Imu-

2089 2446 2250 2506 riunt,
2295 2454 2343 2497 et
2385 2461 2477 2498 aer
2515 2461 2665 2514 quem
2706 2445 2986 2515 respirant,
3022 2462 3190 2501 nonne
3222 2461 3400 2500 eorum
3449 2446 3656 2516 singula

2087 2553 2119 2589 a
2165 2537 2480 2606 quibusdam
2525 2537 2850 2592 dwmonibus
2876 2538 3160 2606 accipiunt,
3206 2538 3390 2607 quibus
3439 2538 3655 2608 singulis

2083 2641 2266 2679 earum
2317 2641 2493 2679 rerum
2541 2641 2670 2678 cura
2721 2626 2970 2680 mandata
3005 2627 3127 2681 est?
3160 2626 3257 2681 llic
3307 2628 3490 2683 nescio
3521 2641 3652 2696 quo-

2086 2717 2246 2770 modo
2274 2715 2430 2771 Celso
2465 2730 2802 2784 consequens
2849 2717 3023 2772 visum
3051 2717 3237 2783 fuerit,
3267 2727 3327 2773 ut
3356 2733 3491 2788 quos
3521 2719 3655 2778 dixit

2084 2822 2114 2864 a
2159 2807 2479 2875 quibusdam
2511 2808 2749 2864 victimis
2780 2809 3063 2864 abstinere
3092 2810 3272 2881 patrio
3302 2810 3538 2880 quodam
3567 2810 3654 2864 in-

2084 2900 2272 2955 stituto
2301 2939 2316 2964 ,
2374 2900 2408 2953 ii
2457 2903 2698 2956 omnium
2745 2903 3057 2956 animalium
3098 2916 3194 2959 esu
3249 2903 3524 2958 abstinere
3563 2904 3654 2957 de-

2083 2991 2264 3046 beant.
2298 2991 2482 3072 Neque
2508 2993 2610 3048 hoc
2654 2994 2903 3059 dicimus,
2935 2995 3087 3063 quasi
3141 2994 3425 3064 Scriptura
3480 2994 3654 3049 simile

2085 3082 2214 3150 quid
2261 3083 2414 3137 nobis
2465 3098 2569 3137 non
2620 3092 2930 3153 suggereret
2976 3099 3148 3139 :nam
3204 3093 3261 3138 ut
3308 3099 3406 3138 nos
3436 3084 3501 3138 ad
3554 3097 3653 3153 pu-

2085 3173 2282 3226 riorem
2323 3173 2686 3242 tutioremque
2736 3174 2902 3227 vitam
2948 3174 3225 3240 hortetur,
3269 3175 3346 3228 ait
3385 3193 3398 3229 :
3445 3173 3652 3230 Bonum

2082 3273 2153 3318 est
2199 3280 2300 3317 non
2336 3265 2656 3319 manducare
2709 3282 2940 3330 carnem,
2982 3277 3028 3320 et
3083 3283 3186 3320 non
3239 3267 3411 3321 bibere
3455 3267 3652 3332 vinum,

2081 3371 2244 3422 neque
2291 3355 2346 3408 in
2395 3371 2497 3424 quo
2529 3354 2696 3424 frater
2743 3365 2864 3410 tuus
2897 3357 3180 3426 offenditur
3206 3357 3273 3410 δι.
3319 3358 3384 3412 Ει
3418 3373 3608 3414 rursus
3636 3378 3649 3414 :

2082 3445 2210 3499 Noli
2239 3447 2353 3500 cibo
2386 3455 2475 3500 tuo
2504 3446 2657 3500 illum
2705 3449 2946 3515 perdere,
2990 3465 3087 3516 pro
3114 3466 3216 3518 quo
3245 3449 3484 3503 Christus
3514 3466 3650 3503 mor-

2080 3547 2200 3590 tuus
2229 3546 2302 3591 est
2333 3538 2412 3602 ";
2442 3546 2497 3590 et
2521 3537 2717 3593 iterum
2746 3555 2759 3590 :
2798 3537 2856 3595 Si
2885 3555 3002 3592 esca
3048 3539 3381 3593 scandalizat
3428 3540 3650 3607 fratrem

2078 3643 2270 3694 meum,
2303 3645 2403 3682 non
2435 3629 2763 3682 manducabo
2790 3646 3001 3684 carnem
3030 3631 3090 3684 in-
3122 3644 3394 3699 wternum,
3439 3647 3502 3686 ne
3534 3619 3648 3702 [ra-

2079 3727 2209 3770 trem
2237 3734 2408 3771 meum
2437 3717 2794 3772 scandalizem
2823 3719 2889 3776 ⁸³.

2145 3808 2240 3862 29.
2285 3807 2575 3863 Sciendum
2611 3818 2787 3863 tamen
2823 3821 2906 3865 est
2951 3809 3188 3877 Judaeos,
3221 3811 3311 3880 qui
3347 3811 3546 3884 Moysis
3578 3813 3648 3867 le-

2077 3916 2194 3971 gem
2228 3901 2455 3971 intelligi
2487 3917 2514 3955 a
2544 3917 2602 3956 se
2645 3911 2858 3970 putant,
2896 3901 2944 3956 id
2983 3905 3048 3957 de
3078 3901 3218 3958 cibis
3243 3905 3558 3970 observare,
3593 3914 3648 3958 ut

2076 3999 2366 4044 vescantur
2395 3991 2612 4060 quidem
2657 3992 2768 4046 illis
2801 4006 2938 4062 quos
2970 4007 3137 4062 puros
3165 4007 3286 4049 esse
3313 3995 3647 4058 existimant,

2077 4079 2144 4134 ab
2198 4080 2428 4151 impuris
2464 4097 2594 4139 vero
2647 4084 2992 4149 abstineant;
3043 4093 3309 4154 praeterea
3342 4093 3402 4139 ut
3445 4100 3544 4140 nec
3581 4102 3646 4140 ex

2075 4173 2369 4229 animantis
2399 4175 2666 4246 sanguine
2700 4192 2800 4232 nec
2830 4192 2894 4230 ex
2941 4177 3145 4245 pecude
3171 4192 3199 4230 a
3235 4176 3366 4232 l‘eris
3393 4177 3645 4231 dilaniata

2075 4265 2390 4319 alimentum
2426 4277 2668 4332 sumant,
2705 4284 2804 4323 nec
2849 4282 2916 4321 ex
2946 4265 3088 4334 aliis,
3137 4267 3203 4321 de
3233 4269 3432 4338 quibus
3459 4268 3648 4338 longus

2074 4355 2192 4410 ﬁeri
2251 4371 2435 4412 sermo
2492 4369 2676 4427 posset
2722 4375 2785 4415 ac
2831 4361 3058 4430 proinde
3108 4360 3211 4416 hoc
3264 4361 3385 4415 loco
3424 4361 3645 4414 minime

390 4439 482 4492 σοῦ
502 4441 836 4508 διδασκαλία,
862 4445 1160 4520 βουλομένη
1198 4451 1402 4517 πάντας
1434 4453 1752 4526 ἀνθρώπους
1803 4439 1971 4530 προσ-

2085 4449 2463 4518 tempestivus;
2513 4451 2608 4506 sed
2663 4451 2837 4518 Jesus,
2884 4468 3004 4508 cum
3059 4454 3219 4509 vellet
3263 4468 3358 4508 sua
3395 4452 3642 4507 doctrina

385 4532 715 4588 καλέσασθαι
741 4538 820 4600 είς
851 4537 948 4608 τὴν
972 4539 1216 4611 καθαρὰν
1251 4543 1580 4610 θεοσέϐειαν,
1615 4550 1709 4602 καὶ¹
1730 4550 1803 4621 μὴ
1832 4568 1965 4623 προ-

384 4626 548 4693 φάσει
581 4627 682 4696 τῆς
733 4631 860 4700 περὶ
912 4629 1215 4702 βρωμάτων
1280 4635 1583 4710 βαρυτέρας
1641 4642 1963 4711 νομοθεσίας

382 4716 608 4769 κωλύειν
641 4719 867 4784 πολλοὺς
894 4723 999 4775 τῶν
1028 4724 1339 4797 δυναμένων
1363 4727 1706 4801 ὠφεληθῆναι
1742 4735 1821 4797 εἰς
1855 4733 1957 4805 ἤθη

380 4809 487 4860 ἀπὸ
511 4813 956 4886 Χριστιανισμοῦ,
980 4817 1315 4890 ἀπεφήνατο,
1347 4823 1448 4886 ὅτι,
1479 4826 1559 4877 Οὐ
1590 4825 1662 4878 τὰ
1689 4829 1958 4896 εἰσερχό-

375 4916 527 4966 μενα
554 4906 640 4968 είς
662 4905 727 4958 τὸ
756 4910 949 4977 στόμα
985 4910 1298 4964 κοινοῖτὸν
1328 4912 1659 4982 ἄνθρωπον,
1690 4918 1849 4973 ἀλλὰ
1886 4920 1958 4974 τὰ

375 4991 737 5060 ἐξερχόμενα
767 4998 833 5050 ἐκ
854 5000 958 5052 τοῦ
978 4996 1292 5069 στόματος·
1319 5004 1390 5058 τὰ
1409 5005 1526 5074 μὲν
1555 5009 1663 5076 γὰρ
1685 5011 1951 5080 εἰσερχό-

372 5098 524 5148 μενα
555 5085 642 5147 εἰς
668 5083 732 5136 τὸ
766 5090 959 5155 στόμα
999 5093 1085 5156 εἰς
1127 5092 1240 5161 τὴν
1278 5099 1533 5160 κοιλίαν,
1567 5098 1720 5168 φησὶ,
1757 5099 1948 5167 χωρεῖ,

374 5173 470 5226 καὶ
506 5176 594 5240 εὶς
639 5176 951 5244 ἀφεδρῶνα
1005 5182 1373 5240 ἐκϐάλλεται·
1415 5191 1488 5242 τὰ
1521 5189 1573 5241 δ’
1603 5190 1839 5254 ἐξιόντα
1882 5189 1951 5242 ἐκ

375 5265 478 5319 τοῦ
502 5267 797 5335 στόματος
825 5269 1203 5342 διαλογισμοί
1223 5279 1340 5330 εἱσι
1377 5280 1625 5347 πονηροὶ
1652 5281 1950 5349 λαλούμε-

2070 4547 2136 4602 ad
2175 4563 2364 4616 puram
2409 4549 2670 4617 pietatem
2703 4546 2902 4604 omnes
2928 4551 3174 4605 homines
3199 4565 3526 4619 provocare,
3554 4565 3642 4604 ca-

2071 4638 2148 4691 vit
2180 4651 2246 4692 ne
2279 4637 2612 4694 difﬁciliores
2642 4639 2710 4692 de
2744 4640 2879 4695 cibis
2915 4641 3059 4710 leges
3086 4639 3284 4694 multos
3319 4655 3385 4694 ex
3428 4641 3493 4693 iis
3527 4655 3641 4693 mo-

2067 4741 2347 4797 rarentur,
2398 4747 2632 4802 quorum
2685 4732 2928 4787 moribus
2981 4733 3321 4801 corrigendis
3369 4731 3640 4786 Christia-

2067 4825 2274 4878 nismus
2301 4824 2561 4892 prodesse
2591 4834 2791 4894 posset.
2815 4825 2967 4880 Unde
3002 4823 3114 4877 haec
3143 4823 3258 4893 ejus
3281 4823 3638 4884 documenta:
3679 4842 3692 4848 -ν

2069 4914 2229 4985 763
2262 4913 2384 4968 Non
2415 4931 2532 4984 quw
2574 4915 2777 4968 intrant
2807 4917 2862 4969 in
2901 4931 2956 4968 os
2983 4915 3322 4984 coinquinant
3357 4915 3637 4977 hominem,

2061 5013 2149 5058 sed
2179 5021 2292 5075 quae
2330 5006 2618 5076 procedunt
2649 5023 2714 5059 ea:
2737 5023 2846 5060 ore.
2895 5004 3036 5060 Nam
3080 5023 3196 5077 qua:
3228 5009 3283 5060 in
3319 5023 3374 5060 os
3419 4998 3636 5067 intrant,

2061 5097 2257 5164 inquit,
2304 5097 2361 5150 in
2410 5107 2640 5151 ventrem
2667 5099 2865 5152 vadunt
2912 5107 2962 5152 et
3001 5099 3056 5152 in
3094 5114 3345 5152 secessum
3395 5098 3636 5151 emittun-

2062 5197 2189 5253 tur;
2224 5205 2339 5258 qua:
2370 5197 2544 5243 autent
2574 5195 2861 5256 procedunt
2891 5191 2955 5243 de
2994 5205 3102 5252 ore,
3147 5197 3266 5241 sunt
3297 5187 3630 5254 cogitationes

2061 5279 2215 5333 mala:
2246 5296 2364 5351 qua:
2391 5281 2752 5351 proferuntur,
2787 5280 3091 5346 homicidia,
3137 5278 3421 5341 adulteria,
3458 5275 3631 5344 [orni-

444 5442 488 5474 ⁵³
533 5443 675 5500 Psal.
724 5462 868 5512 xxvi,
922 5449 973 5502 1.
1051 5449 1282 5517 "Ibid.,
1310 5455 1361 5508 5.
1440 5456 1481 5486 ³¹
1519 5455 1672 5510 Rom.
1705 5473 1812 5525 XIV,
1851 5457 1943 5514 2i.

2096 5461 2252 5527 Ibid.,
2301 5463 2389 5518 I5.
2466 5463 2514 5495 ⁸³
2547 5462 2725 5534 [ϐοΐ.
2753 5479 2870 5529 vm,
2902 5462 2989 5517 15.

383 5595 558 5672 ⁵,(94)
574 5599 757 5672 ’μἘρεῖ
794 5601 865 5672 δὲ
901 5603 995 5655 καὶ
1032 5606 1115 5656 τό.
1149 5605 1270 5660 Haec
1326 5607 1518 5664 desunt
1553 5611 1604 5665 in
1642 5613 1799 5669 codd.
1839 5615 1941 5672 Re-

378 5667 550 5745 gierﬂt
570 5667 893 5745 Basilcensi,
919 5684 974 5726 et
1005 5674 1197 5730 abesse
1225 5689 1474 5745 pOSSlltIl.
1689 5667 1693 5703 ί

443 5735 556 5802 (95)
610 5735 949 5799 ι-Ιωεειιοιῖυε
985 5745 1038 5799 in
1068 5735 1240 5812 textu;
1273 5749 1514 5806 πιστέον.

2126 5618 2239 5687 (96)
2274 5618 2550 5672 llteschel.
2586 5627 2635 5672 et
2669 5631 2823 5681 mss.,
2854 5615 3013 5687 xpéa._
3048 5614 3378 5681 Spcncerus,
3409 5613 3621 5687 βρῶμα.

2123 5683 2238 5759 (97)
2268 5688 2437 5744 Codd.
2476 5687 2609 5758 Reg.
2647 5697 2701 5742 et
2738 5683 2927 5754 Basili,
2949 5684 3230 5758 εὔκαιρον.
