3972 6160
366 354 498 411 1561

1536 349 1812 406 CONTRA
1846 348 2124 406 CELSUM
2160 349 2288 404 LIB.
2325 348 2461 405 Vill.

3478 347 3504 402 ἃ
3513 347 3621 403 56⁸3

364 473 630 544 ἀφεκτέον
676 472 858 543 πάσης
911 469 1108 534 κακίας
1161 469 1382 524 καὶτῶν
1429 471 1536 523 ἀπὸ
1582 471 1799 536 κακίας,
1853 471 1929 524 κα⁴

2049 469 2315 524 Prteterea
2347 483 2456 535 nou
2501 473 2584 521 est
2625 463 3004 521 abstinendum
3035 461 3102 517 ab
3139 462 3378 521 omnium
3412 462 3622 518 animt:-

363 563 517 628 ζώων
548 565 804 618 ἁπάντων
852 560 1106 634 βρώσεως
1138 560 1232 631 (ὅ).
1276 560 1560 628 Ἀφεκτέον
1593 561 1648 613 δὲ
1674 561 1746 616 ,οὐ
1783 562 1942 631 μόνον

364 652 519 717 ζώων
552 652 826 725 βρώσεως,
863 652 998 706 ἀλλὰ
1024 652 1118 706 καὶ
1153 652 1354 715 παντὸς
1385 653 1714 717 οὑτινοσοῦν,
1752 657 1799 706 εί
1834 656 1942 707 ἀπὸ

361 745 560 808 κακίας
579 746 673 798 καὶ
701 745 809 797 τῶν
835 745 942 797 ἀπὸ
970 744 1167 806 κακίας
1193 743 1538 815 χρησαίμεθα
1569 740 1679 808 τοῖς
1719 744 1940 815 βρώμα-

364 852 466 888 σιν·
503 835 768 904 ἀφεκτέον
807 835 914 906 γὰρ
943 834 1036 887 τοῦ
1069 834 1267 888 ἐσθίειν
1307 835 1446 888 κατά
1478 837 1936 908 γαστριμαργίαν,

359 923 556 997 ἧκαθὸ
594 925 821 994 ἄγεσθαι
879 926 971 994 ὑφ’
1001 925 1212 997 ἡδονῆς,
1264 927 1431 998 χωρὶς
1482 929 1582 998 τῆς
1624 929 1702 991 εἰς
1751 929 1940 995 ὑγείαν

361 1017 452 1070 τοῦ
489 1017 736 1088 σώματος
764 1020 858 1071 καὶ
893 1017 1188 1089 θεραπείαν
1221 1019 1383 1071 αὑτοῦ
1417 1020 1744 1091 προθέσεως.
1778 1019 1941 1072 Οὐδα-

363 1106 478 1178 μῶς
500 1109 742 1178 μέντοιγε
777 1109 1005 1180 λέγομεν
1149 1111 1638 1181 μετενσωμάτωσιν
1681 1106 1940 1180 εἷναιιξιυ-

357 1199 479 1269 χῆς,
502 1200 596 1252 καὶ
623 1200 973 1254 κατάπτωσιν
999 1202 1167 1273 αὐτῆς
1200 1201 1359 1273 μέχρι
1391 1202 1499 1255 τῶν
1531 1203 1738 1268 ἀλόγων
1763 1202 1935 1268 ζώων·

355 1289 594 1360 δηλονότι
620 1291 730 1343 οὐδ’
760 1292 960 1361 ὁμοίως
980 1292 1292 1364 Πυθαγόρᾳ,
1319 1293 1420 1346 κᾶν
1455 1295 1787 1364 ἀπεχώμεθά
1807 1313 1937 1348 ποτε

357 1380 529 1448 ζώων,
566 1383 626 1434 οὐ
668 1383 984 1454 χρησόμεθα
1027 1385 1206 1437 αὐτῶν
1230 1389 1348 1449 ταῖς
1395 1386 1569 1458 σαρξί.
1616 1387 1804 1456 Ψυχὴν
1829 1387 1937 1458 γὰρ

353 1472 573 1544 λογικὴν
594 1477 760 1545 τιμᾷν
785 1475 950 1545 μόνην
983 1478 1144 1547 ἡμεῖς
1179 1477 1356 1546 ῖσμεν,
1395 1478 1489 1531 καὶ
1523 1477 1589 1530 τὰ
1620 1478 1823 1549 ταύτης
1846 1477 1936 1550 ὄρ-

353 1575 494 1626 γανα
528 1560 664 1631 μετά
690 1563 857 1633 τιμῆς
889 1564 1236 1636 παραδιδόναι
1286 1566 1425 1620 κατά
1475 1567 1543 1620 τὰ
1575 1567 1937 1641 νενομισμένα

351 1653 515 1722 ταφῇ·
553 1652 698 1717 ἄξιον
721 1653 828 1724 γὰρ
848 1655 906 1708 τὸ
937 1657 1033 1724 τῆς
1057 1655 1281 1726 λογικῆς
1307 1656 1496 1728 ψυχῆς·
1515 1659 1825 1729 οἰκητήριον
1861 1660 1934 1731 μὴ

352 1743 754 1812 παραρῤιπτεῖν
775 1744 1005 1815 ἀτίμως,
1035 1746 1128 1798 καὶ
1157 1735 1466 1817 ὡς’ἕτυχεν,
1498 1747 1697 1816 ὁμοίιος
1719 1747 1794 1818 τῷ
1828 1748 1935 1803 τῶν

2046 563 2177 616 lium
2213 576 2333 628 esu,
2367 558 2819 629 quemadmodum
2867 553 2935 609 ab
2974 553 3119 607 omni
3147 553 3297 616 vitio,
3334 561 3390 607 et
3431 554 3498 607 ab
3547 553 3616 608 iis

2040 651 2206 722 764
2234 666 2354 720 quae
2401 666 2468 705 ex
2519 648 2654 703 vitio
2698 643 3020 716 procedunt.
3058 641 3174 697 Non
3217 643 3390 697 solum
3435 656 3613 698 autem

2042 759 2134 796 esu
2174 743 2557 804 animantium,
2589 740 2682 793 sed
2716 738 3128 806 quibuscunque
3165 734 3329 790 etiam
3361 734 3496 790 cibis
3521 734 3618 788 ab-

2043 833 2350 887 stinendum
2391 841 2558 897 esset,
2595 831 2638 884 si
2672 829 2886 882 illorum
2940 828 3060 882 usui
3113 826 3424 895 adjunctum
3472 833 3616 879 esset

2039 926 2231 979 vilium
2261 933 2353 978 aut
2392 925 2522 992 quid
2566 939 2632 977 ex
2671 923 2803 977 vitio
2829 934 3188 989 consequens.
3217 917 3614 973 Abstinendum

2040 1017 2185 1071 enim
2217 1032 2244 1070 ιι
2276 1016 2521 1070 ciborum
2551 1029 2674 1079 usu,
2708 1014 2772 1067 ad
2805 1029 2961 1082 quem
2993 1029 3088 1068 nos
3111 1020 3204 1066 aut
3242 1010 3378 1080 gula)
3407 1019 3499 1064 aut
3523 1023 3614 1063 vo-

2043 1108 2260 1177 luptatis
2291 1109 2527 1160 studium
2557 1107 2925 1175 compelleret,
2950 1105 3067 1159 sine
3093 1103 3368 1172 proposito
3396 1099 3611 1154 sanitati

2039 1201 2283 1267 corporis
2313 1198 2537 1267 ejusque
2569 1197 2836 1252 curationi
2871 1195 3210 1250 consulendi.
3259 1193 3442 1261 Neque
3482 1205 3611 1244 vero

2038 1304 2322 1344 censemus
2348 1291 2587 1343 animam
2614 1301 2644 1341 e
2690 1300 2916 1355 corpore
2945 1285 2997 1338 iu
3027 1300 3220 1354 corpus
3255 1284 3512 1353 migrare,
3556 1290 3613 1336 et

2037 1397 2156 1435 eam
2206 1383 2272 1435 ad
2312 1383 2594 1436 brutarum
2634 1395 2806 1449 usque
2839 1378 3196 1432 animantium
3243 1376 3609 1430 conditionem

2038 1473 2217 1542 dejici.
2255 1473 2374 1526 Non
2427 1473 2611 1542 igitur,
2659 1475 2870 1527 etiamsi
2923 1469 3194 1524 interdum
3245 1466 3612 1521 animantibus

2039 1566 2397 1626 abstinemus,
2452 1580 2640 1619 earum
2686 1579 2882 1619 carnes
2931 1575 3244 1615 aversatnnr
3292 1559 3478 1613 eadem
3523 1571 3616 1610 ra-

2040 1656 2186 1710 tione
2235 1671 2336 1725 qua
2383 1655 2742 1726 Pythagoras.
2791 1655 2944 1723 Apud
2979 1668 3075 1706 nos
3112 1651 3254 1705 enim
3288 1649 3398 1704 sola
3431 1649 3611 1702 anima

2038 1747 2247 1801 ratione
2279 1748 2500 1816 praedita
2545 1748 2596 1800 in
2639 1749 2843 1802 honore
2874 1748 3122 1808 habetur,
3161 1751 3214 1797 et
3241 1743 3358 1811 ejus
3407 1755 3611 1811 organa

351 1828 580 1899 ἀλόγων·
607 1826 700 1886 καὶ
728 1833 959 1904 μάλιστα
974 1835 1063 1887 ὅτε
1089 1836 1135 1886 οἱ
1161 1835 1234 1906 (5)
1248 1835 1344 1907 τὴν
1358 1837 1522 1908 τιμὴν
1538 1838 1631 1890 τοῦ
1664 1839 1929 1908 σώματος,

2037 1851 2159 1891 cum
2190 1836 2400 1890 honore
2431 1835 2725 1904 sepultura:
2755 1837 3070 1898 traduntur,
3102 1845 3158 1888 ut
3206 1832 3364 1887 nobis
3406 1829 3611 1885 consti-

349 1921 475 1974 EvOa
504 1923 692 1996 λογικὴ
734 1925 878 1998 ψυχὴ
919 1927 1120 1998 ᾤκησε,
1164 1929 1562 1981 πεπιστεύκασι
1595 1930 1687 1982 καὶ
1721 1931 1806 1982 ἐπ’
1843 1931 1932 1983 αὺ-

346 2014 437 2067 τόν
487 2031 619 2083 φασι
676 2017 748 2087 (6)
791 2018 1080 2090 δεξάμενον
1140 2019 1318 2082 καλῶς
1374 2021 1788 2092 ἀγωνισαμένην
1843 2022 1931 2075 διὰ

346 2107 588 2162 τοιούτου
642 2111 872 2180 ὀργάνου
900 2112 1098 2184 ψυχήν.
1131 2113 1267 2183 Περὶ
1296 2111 1352 2164 δὲ
1378 2111 1494 2174 τοῦ,
1529 2112 1646 2176 πῶς
1668 2116 1715 2166 οἱ
1747 2115 1929 2185 νεκροὶ

346 2196 673 2268 ἐγείρονται,
743 2201 836 2254 καὶ
899 2201 1037 2272 ποίῳ
1095 2201 1306 2271 σώματι
1370 2200 1636 2272 ἔρχονται,
1699 2205 1755 2255 ὲν
1814 2207 1927 2268 τοῖς

345 2290 602 2360 ἀνωτέρω
647 2291 715 2344 δι’
749 2292 964 2361 ὀλίγων,
994 2293 1069 2358 ὡς
1102 2294 1299 2366 ἀπῄτει
1339 2298 1372 2367 ἡ
1421 2293 1625 2366 γραφὴ,
1665 2296 1930 2366 παρεστή-

347 2397 539 2450 σαμεν.

2041 1937 2215 1982 tutum
2241 1937 2344 1982 est.
2380 1927 2562 1998 Neque
2605 1929 2747 1982 enim
2791 1927 2944 1984 decet
2978 1928 3172 1982 animae
3201 1925 3406 1978 ratione
3435 1921 3608 1990 parti-

2037 2021 2172 2088 cipis
2209 2020 2539 2074 domicilium
2586 2022 2836 2075 indecore
2883 2029 2938 2076 et
2969 2019 3276 2086 ubicunque
3308 2015 3518 2085 projici,
3553 2021 3610 2073 ut

2037 2114 2318 2168 brutorum
2351 2114 2666 2168 animalium
2700 2113 2970 2175 cadaver;
3021 2111 3320 2182 pra-‘sertitn
3367 2123 3489 2163 cum
3518 2106 3608 2177 qui

2036 2205 2300 2261 honorant
2346 2223 2562 2277 corpus,
2595 2206 2684 2259 ubi
2723 2205 2899 2258 anima
2943 2206 3152 2258 ratione
3194 2204 3421 2272 praedita
3457 2200 3610 2255 habi-

2035 2297 2190 2361 tavit,
2222 2297 2256 2350 ii
2302 2313 2628 2368 persuasum
2663 2298 2897 2350 habeant
2945 2297 3090 2350 hunc
3129 2294 3386 2348 honorem
3419 2291 3612 2346 redun-

2035 2389 2165 2442 dare
2209 2390 2260 2442 in
2309 2403 2458 2454 eum,
2494 2390 2586 2458 qui
2635 2391 2872 2443 animam
2933 2387 3139 2456 accepit
3187 2384 3410 2454 pulchre
3452 2396 3608 2438 usam

349 2476 650 2544 hujusmodi
710 2479 1088 2534 instrumento.
1155 2479 1437 2546 Quomodo
1493 2493 1670 2535 autem
1740 2491 2024 2546 resurgant
2073 2483 2317 2549 mortui,
2385 2483 2542 2552 quale
2615 2499 2813 2554 corpus
2857 2482 3027 2537 induti
3060 2481 3313 2545 veniant,
3361 2479 3475 2532 hate
3519 2491 3614 2533 su-

347 2585 440 2639 pra
474 2571 682 2638 paucis,
721 2580 778 2624 ut
825 2569 981 2637 hujus
1037 2572 1349 2641 scriptionis
1395 2574 1534 2627 ratio
1587 2573 1914 2642 postulabat,
1955 2575 2376 2645 explicavimus.

417 2662 572 2715 Μετά
603 2662 776 2714 ταῦτα
804 2662 832 2711 ὁ
856 2663 1060 2726 Κέλσος
1089 2663 1149 2716 τὸ
1175 2664 1622 2735 ὁμολογουμένως
1657 2665 1759 2718 ὑπὸ
1792 2667 1928 2736 Χρι-

350 2752 578 2806 στιανῶν
626 2753 720 2804 καὶ
775 2751 1041 2805 Ἰουδαίων
1092 2753 1386 2824 λεγόμενον
1435 2755 1683 2824 τίθησιν,
1737 2755 1932 2809 ἀπολο-

347 2842 629 2914 γουμένων
676 2842 805 2915 περὶ
849 2844 949 2914 τῆς
987 2844 1094 2897 τῶν
1147 2845 1511 2900 εἰδωλοθύτων
1559 2847 1788 2918 ἀποχῆς,
1837 2848 1930 2900 καὶ

347 2935 659 3003 φασκόντων
697 2935 769 3006 μὴ
813 2935 922 2988 δεῖν
979 2937 1357 2991 συνεστιᾶσθαι
1395 2939 1609 3009 δαίμοσι
1642 2941 1767 3003 τοὺς
1805 2941 1931 2994 ἀνα-

347 3026 630 3097 κειμένους
663 3027 740 3098 τῷ
785 3027 878 3080 ἐπὶ
923 3029 1056 3082 πᾶσι
1089 3029 1223 3100 Θεῷ
1265 3031 1400 3101 πρὸς
1434 3032 1461 3084 ὃ
1504 3027 1622 3084 εἷπε
1655 3031 1722 3083 τὰ
1752 3032 1931 3085 ἐκκεί-

349 3134 503 3188 μενα.
544 3117 734 3187 Ἡμεῖς
767 3118 863 3188 μὲν
894 3115 1006 3183 οὖν,
1029 3120 1152 3174 ὅσον
1176 3121 1270 3174 ἐπὶ
1301 3120 1552 3192 βρώμασι
1576 3124 1668 3176 καὶ
1701 3123 1928 3193 πόμασι,

345 3207 439 3260 τοῦ
471 3209 847 3262 συνεστιᾶσθαι
879 3210 1095 3280 δαίμοσι
1130 3213 1363 3284 τρόπους
1417 3211 1606 3277 ἄλλους
1646 3213 1744 3266 οὐκ
1773 3214 1930 3283 ῐσμεν

347 3299 380 3370 ἢ
415 3299 534 3353 καθ’
561 3297 654 3363 οὓς
686 3301 753 3352 τά
788 3302 1095 3373 καλούμενα
1125 3305 1276 3376 παρά
1304 3307 1415 3367 τοῖς
1439 3305 1652 3368 πολλοῖς
1682 3305 1930 3377 ἱερόθυτα

347 3389 514 3442 ἐσθίει
545 3407 646 3456 τις,
674 3392 767 3443 καὶ
795 3390 938 3444 πίνει
957 3393 1047 3446 τὸν
1079 3393 1186 3446 τῶν
1215 3395 1367 3466 παρά
1392 3399 1502 3459 τοῖς
1527 3397 1819 3467 δαιμονίοις
1843 3417 1928 3467 γι-

347 3481 623 3552 γνομένων
650 3483 890 3536 σπονδῶν
914 3479 1073 3537 οἶνον·
1093 3486 1120 3537 ό
1137 3485 1192 3537 δὲ
1215 3487 1420 3550 Κέλσος
1450 3488 1615 3540 οῖεται
1649 3493 1928 3544 συνεστιᾶ-

349 3571 471 3625 σθαι
503 3571 718 3642 δαίμοσι
739 3574 942 3628 καὶτὸν
967 3574 1114 3628 σίτου
1151 3577 1649 3647 μεταλαμϐάνοντα,
1677 3581 1770 3634 καὶ
1783 3582 1930 3646 ὅπως

347 3661 542 3715 ποτοῦν
567 3662 712 3717 οἴνου
735 3664 976 3730 πίνοντα,
1008 3667 1102 3720 καὶ
1122 3668 1437 3740 ἀκροδρύων
1461 3671 1769 3742 γευόμενον,
1795 3673 1930 3727 ἀλλά

347 3757 440 3809 καὶ
467 3757 514 3809 εξ
553 3757 714 3828 μόνου
750 3757 940 3823 ὕδατός
966 3778 1049 3824 τις
1087 3762 1512 3833 μεταλαμϐάνει,
1549 3765 1641 3817 καὶ
1669 3767 1726 3818 ὲν
1756 3766 1929 3837 τούτῳ

347 3849 480 3919 φησὶ
529 3852 904 3905 συνεστιᾶσθαι
931 3853 1149 3924 δαίμοσι
1187 3855 1277 3908 τὸν
1308 3855 1546 3910 πίνοντα.
1600 3859 1928 3931 Προστίθησι

346 3937 402 3990 δὲ
435 3939 662 4003 τούτοις,
696 3942 775 3994 ὅτι
805 3945 1046 3998 καὶὸτδν
1077 3946 1212 4016 ἀέρα
1237 3946 1423 4000 τοῦτον
1445 3950 1748 4014 ἀναπνέων,¹
1779 3952 1928 4023 παρὰ

347 4028 615 4099 δαιμόνων
660 4033 822 4085 τινῶν
863 4035 955 4087 καὶ
992 4035 1178 4090 τοῦτον
1233 4038 1516 4108 λαμϐάνει·
1559 4044 1928 4114 χαριζομένων

346 4121 634 4191 δαιμόνων,
657 4123 764 4176 τῶν
791 4125 883 4177 ἐπὶ
914 4124 1007 4177 τοῦ
1025 4127 1186 4197 ἀέρος
1212 4131 1559 4201 τεταγμένων
1600 4132 1696 4203 (7),
1720 4134 1808 4187 τδν
1827 4134 1927 4204 τῆς

347 4216 620 4286 ἀναπνοῆς
650 4210 762 4280 τοῖς
799 4218 957 4282 ζώοις
995 4219 1150 4290 ἀέρα.
1199 4221 1254 4274 Ὁ
1280 4221 1595 4292 βουλόμενος
1626 4225 1802 4276 τοίνυν
1827 4245 1928 4279 πα-

349 4309 675 4380 ραστησάτω
721 4309 800 4381 τῷ
845 4310 1051 4363 Κέλσου
1086 4310 1246 4381 λόγῳ,
1280 4313 1374 4365 καὶ
1411 4313 1689 4379 δεικνύτω,
1723 4317 1840 4380 πῶς
1865 4319 1924 4371 οὐ

348 4397 480 4452 θεῖοί
509 4417 650 4463 τινες
689 4398 907 4468 ἄγγελοι
939 4401 1095 4464 Θεοῦ,
1131 4401 1265 4455 ἀλλὰ
1297 4385 1566 4477 δαίμονες,
1603 4399 1676 4459 ὧν
1704 4407 1821 4460 ὅλον
1865 4407 1927 4460 τὸ

347 4492 501 4562 γένος
529 4492 645 4545 ἐστὶ
671 4493 892 4560 φαῦλον,
926 4497 1384 4566 προστεταγμένοι
1417 4496 1490 4568 (8)
1525 4499 1630 4551 εἰσὶ
1660 4499 1836 4552 πάντα
1858 4499 1926 4553 τὰ

347 4581 721 4654 προειρημένα
740 4583 1061 4653 οἰκονομεῖν.
1080 4583 1190 4636 Καὶ
1223 4585 1380 4653 ἡμεῖς
1400 4583 1497 4654 μὲν
1515 4585 1623 4656 γάρ
1646 4601 1842 4655 φαμεν,
1865 4585 1925 4637 οὐ

347 4674 516 4744 χωρὶς
563 4674 898 4744 προστασίας
928 4674 1172 4744 ἀοράτων
1207 4673 1312 4745 (9),
1347 4675 1414 4726 ἵν’
1445 4674 1615 4738 οὕτως
1652 4675 1922 4744 ὀνομάσω,

299 4763 306 4770 ’
348 4767 606 4834 γεωργῶν
641 4767 732 4819 καὶ
752 4765 1255 4836 ἄλλωνοίκονόμων,
1290 4765 1350 4817 οὐ
1375 4766 1533 4836 μόνον
1555 4765 1664 4835 (10)
1684 4764 1789 4818 τῶν
1819 4765 1927 4818 ἀπὸ

349 4853 452 4922 γῆς
488 4856 790 4924 φυομένων,
838 4854 971 4909 ἀλλά
1003 4857 1097 4909 καὶ
1128 4858 1327 4920 παντὸς
1358 4857 1678 4927 ναματιαίου
1730 4856 1920 4920 ὕδατος

351 4945 446 4999 καὶ
481 4945 660 5017 ἀέρος,
702 4948 797 5016 τὴν
826 4947 928 5016 γῆν
960 4949 1144 5020 φέρειν
1171 4949 1238 5002 τὰ
1276 4949 1380 5002 ὑπὸ
1412 4947 1625 5018 φύσεως
1655 4949 1924 5019 λεγόμενα

423 5101 500 5164 (5i
531 5100 830 5169 Βρώσεως.
863 5103 992 5158 Post
1020 5105 1160 5157 hanc
1195 5119 1378 5158 vocem
1412 5105 1716 5159 addendum
1763 5103 1915 5157 vide-

347 5181 438 5227 tur
477 5171 766 5240 ἀφεκτέον,
827 5174 1121 5238 quodcum
1173 5174 1482 5229 immediate
1521 5185 1806 5242 sequatur,
1853 5188 1915 5227 ea

350 5244 464 5310 ipsa
497 5245 561 5294 de
589 5257 754 5295 causa
783 5242 909 5296 hinc
942 5242 1079 5295 forte
1112 5245 1328 5297 excidit.

424 5309 498 5382 (ι)
526 5310 656 5375 Mss.
689 5311 822 5382 lleg.
870 5321 921 5366 et
961 5310 1150 5372 Basil.,
1181 5310 1430 5381 λέγομεν.
1466 5311 1622 5366 Libb.
1656 5310 1808 5375 editi,
1839 5311 1919 5362 λέ-

388 5398 558 5443 οντες.

351 5397 643 5519 γοῖἓῗςὶίαί
667 5450 934 5519 μάλιστα
976 5449 1072 5504 ὅτε
1115 5453 1188 5514 οἱ,
1221 5459 1327 5504 etc.
1350 5450 1441 5513 Τὺ,
1474 5451 1521 5502 οί
1552 5459 1671 5516 post
1699 5450 1786 5502 ὅτε
1824 5449 1920 5502 de-

351 5521 570 5576 latndum
602 5521 814 5573 videtur
835 5521 1109 5573 Boherello
1141 5531 1194 5573 et
1221 5535 1317 5586 pro
1350 5521 1436 5571 ὅτε
1468 5519 1748 5583 legendum
1779 5519 1917 5571 forte

352 5593 452 5646 ἔτι.
490 5589 616 5643 Mihi
651 5605 778 5660 vero
809 5601 923 5657 post
942 5590 992 5640 οί
1023 5590 1196 5660 placet
1222 5590 1344 5640 addi
1373 5587 1916 5660 Xptc'ctavoi._t;nicl_o

353 5670 503 5716 totus
545 5660 633 5714 hic
684 5659 840 5712 locus
879 5675 1046 5726 usque
1090 5659 1155 5710 ad
1189 5661 1291 5710 ista
1321 5657 1481 5713 verba
1526 5658 1659 5728 Περὶ
1701 5658 1756 5710 δὲ
1800 5657 1911 5719 τοῦ,

354 5729 634 5783 addititius
667 5740 721 5782 et
762 5728 1082 5782 recidendus
1113 5728 1342 5781 videtur.

424 5797 500 5867 (6)
531 5798 704 5852 Φασί.
742 5797 1050 5851 Mutandum
1082 5809 1210 5867 puto
1239 5813 1358 5850 cum
1390 5796 1669 5852 Bohcrello
1697 5799 1748 5852 in
1775 5799 1912 5867 φθά-

1958 3080 1999 3136 C

2104 2669 2192 2722 5t.
2255 2668 2408 2722 Ponit
2458 2675 2642 2736 postea
2694 2664 2882 2721 Celsus
2938 2665 2990 2719 id
3041 2664 3183 2734 quod
3238 2671 3293 2738 et
3328 2659 3494 2716 Judaei
3550 2665 3606 2717 et

2034 2759 2327 2814 Christiani
2375 2775 2479 2811 una
2508 2773 2641 2812 voce
2675 2758 2993 2826 praedicant,
3027 2772 3151 2811 cutn
3186 2756 3448 2810 rationem
3490 2754 3610 2808 red-

2034 2849 2222 2902 dentes
2249 2865 2348 2903 cur
2381 2849 2448 2903 ab
2477 2848 2794 2918 idolothytis
2818 2849 3139 2910 abstineant,
3170 2848 3321 2901 aiunt
3350 2862 3473 2901 cum
3505 2847 3606 2899 dae-

2036 2941 2282 2995 monibus
2347 2939 2554 3008 cpulari
2614 2955 2721 2992 non
2784 2939 2983 2994 debere
3030 2938 3161 3001 eos,
3215 2939 3306 3006 qui
3352 2951 3604 3007 supremo

2036 3029 2144 3083 Deo
2177 3037 2587 3084 consecrantur.
2617 3027 2789 3093 Quam
2836 3026 2890 3080 in
2939 3043 3052 3083 rem
3091 3026 3245 3081 affert
3271 3042 3391 3097 qua:
3420 3026 3605 3081 retuli-

2036 3135 2174 3175 mus.
2211 3118 2320 3173 Nos
2361 3131 2528 3182 certe,
2558 3120 2697 3188 quod
2726 3128 2938 3187 spectat
2985 3120 3050 3172 ad
3083 3118 3259 3172 cibum
3289 3127 3602 3186 potumque.

2033 3227 2136 3264 non
2171 3211 2332 3263 aliam
2369 3225 2488 3264 cum
2531 3210 2867 3265 daemonibus
2910 3210 3164 3280 epulandi
3211 3209 3475 3262 rationem
3512 3222 3603 3262 co-

2031 3304 2359 3375 gnoscimus,
2393 3318 2553 3372 quam
2601 3317 2721 3356 cum
2753 3302 3115 3356 comeduntnr
3162 3315 3356 3354 carnes
3387 3314 3505 3368 qua:
3550 3299 3602 3352 in
3649 3331 3654 3337 -

2031 3396 2336 3456 sacrificiis.
2370 3405 2426 3449 ut
2466 3394 2614 3447 multi
2650 3403 2868 3457 vocant,
2919 3393 3288 3455 immolantur,
3323 3401 3377 3447 et
3405 3391 3606 3444 bibitur

2035 3487 2216 3540 vinum
2245 3487 2384 3554 quod
2417 3485 2696 3539 daemoniis
2742 3485 2966 3539 libatum
3015 3493 3130 3548 est;
3166 3493 3220 3537 at
3264 3483 3453 3538 Celsus
3479 3497 3601 3536 cum

2032 3575 2362 3630 dwmonibus
2409 3575 2656 3629 accnmbi
2700 3575 2873 3644 epulis
2921 3577 3220 3637 existimat,
3267 3575 3383 3628 sive
3420 3573 3605 3644 fruges

2031 3666 2286 3729 edantur,
2339 3667 2454 3721 sive
2500 3667 2743 3737 quolibet
2779 3667 2937 3722 modo
2981 3667 3197 3720 bibatur
3237 3667 3442 3729 vinum,
3488 3667 3606 3722 sive

2031 3756 2242 3812 trnctus
2276 3766 2577 3827 gustentur,
2607 3760 2723 3814 sive
2746 3759 2908 3813 etiam
2963 3773 3099 3828 aqua
3139 3757 3250 3812 sola
3285 3757 3600 3826 haurialnr;

2032 3848 2134 3903 hoc
2167 3850 2339 3918 ipsum
2375 3850 2451 3904 ait
2490 3865 2610 3904 csse
2636 3851 2842 3920 epulari
2877 3865 3000 3905 cum
3036 3850 3388 3904 daemonibus.
3437 3851 3599 3904 Addit

2031 3957 2208 3995 aerem
2231 3943 2426 4012 ipsum,
2446 3946 2534 4013 qui
2567 3945 2882 4010 reSpiratur,
2905 3959 2931 3995 a
2951 3943 3270 4012 quibusdam
3293 3943 3465 4010 accipi
3495 3946 3604 3998 daa-

2032 4035 2316 4100 monibus;
2369 4035 2808 4105 quandoquidem
2839 4035 2987 4088 illum
3021 4050 3200 4089 aerem
3233 4035 3601 4090 animantibus

2031 4129 2376 4197 Suppeditant
2425 4129 2696 4182 daemones
2749 4127 2824 4180 illi
2862 4127 2952 4196 qui
2997 4127 3104 4180 acri
3154 4136 3413 4196 praesunt.
3467 4127 3603 4182 Huic

2035 4218 2176 4273 Celsi
2220 4221 2499 4274 sententiae
2545 4221 2875 4274 assentialur
2905 4217 2995 4286 qui
3039 4217 3283 4280 voluerit,
3319 4227 3372 4271 et
3411 4218 3603 4287 probet

2033 4323 2139 4361 non
2191 4309 2413 4377 angelos
2452 4309 2542 4363 Dci
2596 4312 2772 4380 potius
2817 4324 2975 4378 quam
3031 4311 3324 4374 daemones,
3369 4324 3600 4378 quorum

2032 4413 2199 4465 genus
2235 4415 2393 4454 omne
2423 4401 2622 4453 malum
2666 4410 2768 4464 est,
2804 4399 3076 4470 prmdictis
3120 4400 3370 4456 omnibus
3416 4402 3601 4454 mode-

2031 4491 2212 4546 randis
2270 4494 2589 4562 prmpositos
2647 4509 2789 4549 esse.
2854 4493 2959 4550 Nos
3008 4510 3139 4549 vero
3203 4494 3434 4548 dicimus
3485 4494 3600 4548 sine

2029 4584 2278 4652 przesidio
2326 4585 2698 4652 invisibilium,
2750 4596 2804 4640 ttt
2859 4587 2929 4640 ita
2983 4587 3190 4656 loquar,
3236 4587 3596 4656 agricolarum

2028 4676 2368 4745 aliorumque
2398 4677 2918 4744 administratorum,
2949 4681 3040 4748 qui
3092 4693 3196 4732 non
3239 4678 3410 4732 solum
3444 4689 3599 4734 terrae

2028 4766 2400 4834 proventibus,
2450 4767 2544 4820 sed
2600 4768 2763 4821 etiam
2815 4784 2969 4837 aquae
3021 4779 3073 4824 et
3126 4770 3236 4823 acri
3291 4771 3599 4840 providerat,

2029 4865 2225 4912 terram
2281 4875 2386 4912 non
2437 4873 2497 4912 ea
2552 4859 2691 4912 ferre
2738 4875 2857 4928 qua:
2902 4870 3092 4912 natura
3148 4861 3259 4929 regi
3310 4861 3594 4924 dicuntur,

2032 4964 2227 5017 aquam
2274 4949 2435 5020 765
2487 4951 2539 5004 in
2591 4949 2826 5006 futilibus
2868 4961 2919 5004 ct
2947 4951 3122 5005 ﬂuviis
3156 4951 3299 5006 ultro
3330 4952 3598 5006 nascenti-

2020 5120 2169 5241 νει(νὴ
2203 5173 2367 5226 Codd.
2405 5174 2538 5240 Reg.
2570 5184 2623 5246 et
2653 5175 2998 5246 Basileensis,
3026 5175 3397 5246 τεταγμένων,
3423 5173 3597 5242 Spen-

2023 5259 2201 5303 cerus,
2247 5245 2723 5314 προτεταγμένων,
2756 5245 3096 5314 llmscltel'us
3125 5246 3174 5314 in
3213 5255 3383 5314 textu,
3418 5261 3594 5314 προσ-

2021 5309 2383 5382 τεταγμένων.
2447 5309 2586 5366 Infra
2645 5332 2796 5382 mss.,
2839 5309 2924 5368 ὧν
2961 5315 3078 5366 ὅλον
3102 5313 3163 5364 τὸ
3203 5313 3376 5380 γένος.
3431 5309 3588 5366 Libb.

2022 5376 2174 5447 editi,
2192 5376 2202 5382 ’
2223 5376 2296 5434 ὧν
2325 5383 2459 5434 ὅλων
2483 5383 2544 5435 τὸ
2576 5384 2748 5451 γένος.

2097 5453 2170 5532 (_8)
2200 5449 2732 5523 Προστεταγμένοι.
2772 5451 2997 5506 Malebat
3047 5449 3296 5514 Guictus,
3325 5467 3590 5523 προτετα-

2023 5537 2519 5660 γμῖεῖῗῖλιοράτων.
2553 5591 2680 5644 Vide
2726 5589 2975 5657 Origcnis
3002 5591 3192 5645 homil.
3218 5590 3289 5644 ‘25
3320 5590 3380 5660 iu
3401 5590 3589 5654 Josne,

2021 5671 2070 5714 ct
2126 5658 2310 5765 homil.
2351 5663 2384 5714 8
2439 5661 2489 5712 in
2538 5660 2740 5715 Jerem.
2797 5671 2851 5713 et
2892 5660 3047 5714 lluet.
3108 5659 3204 5714 lib.
3257 5676 3294 5715 tt
3345 5658 3588 5729 0rigcn.,

2079 5749 2104 5782 t:
2127 5749 2163 5782 ξ’
2198 5771 2209 5781 .
2238 5740 2287 5780 ξ’.

2021 5740 2201 5870 ψειῖιι)
2235 5754 2500 5855 tiocsclwl.
2531 5799 2583 5851 in
2619 5807 2790 5864 textu,
2833 5800 3031 5871 μόνων.
