3972 6160
486 278 619 336 1585

1965 281 2218 340 ORIGEN
2223 284 2283 339 IS

3610 276 3764 336 ισσι

481 395 583 451 bus
628 411 738 453 non
790 397 1016 468 irrigare
1061 404 1115 453 et
1156 396 1347 463 ﬂuere,
1378 412 1561 455 aerem
1601 413 1707 454 non
1738 401 1948 455 servari
1982 402 2050 455 in-

2172 368 2509 460 διοικεῖσθαι,
2542 394 2635 448 καὶ
2656 394 2717 448 τὸ
2742 393 2886 464 ὕδωρ
2915 394 2973 447 ἐν
3000 394 3118 456 ταῖς
3146 393 3349 463 πηγαῖς
3390 390 3484 445 καὶ
3506 392 3621 455 τοῖς
3651 391 3761 446 ai:-

482 497 804 558 corruptum
845 489 1123 558 vitamque
1169 489 1346 558 ipsum
1396 491 1791 560 respirantibus
1826 507 1930 546 non
1964 493 2063 547 im-

483 577 725 645 pertire;
779 578 873 632 sed
921 578 1394 636 administratores
1438 579 1558 636 illos
1613 581 1911 638 invisibiles
1955 598 2061 638 non

485 667 719 721 dicimus
752 682 871 723 esse
900 670 1195 725 daemones.
1246 670 1330 737 Et,
1360 671 1404 726 si
1437 673 1567 741 quid
1599 673 1856 729 audacter
1881 675 2063 730 dicere

485 768 757 825 oporteat,
809 759 857 813 si
913 775 1048 829 quas
1096 762 1245 816 hisce
1299 763 1350 816 in
1392 764 1554 818 rebus
1595 774 1780 834 partes
1827 766 2063 823 habeant

485 846 780 912 daemones,
806 849 1052 906 dicemus
1080 852 1185 907 illis
1216 853 1436 920 famem,
1470 854 1729 911 arborum
1762 858 2061 929 vitiumque

485 936 852 1004 sterilitatem,
881 941 1198 997 immodicos
1220 944 1451 1010 calores,
1477 947 1620 1002 aeris
1654 949 2058 1017 corruptionem

485 1025 552 1080 ad
567 1027 859 1096 perniciem
884 1030 1147 1087 fructibus
1177 1032 1503 1091 aﬂerendam
1525 1046 1865 1107 mortemque
1888 1041 2058 1095 inter-

487 1118 614 1173 dum
644 1120 1014 1178 animantibus
1039 1133 1093 1177 et
1119 1132 1325 1193 pestem
1371 1126 1682 1183 hominibus
1721 1128 2058 1185 inferendam

486 1209 654 1265 tribui
682 1221 936 1280 oportere
981 1215 1048 1269 ".
1099 1215 1305 1271 Horum
1348 1219 1589 1274 omnium
1636 1231 1888 1278 auctores
1933 1233 2060 1279 sunt

2174 488 2410 557 θιγενέσι
2459 488 2722 557 ποταμοῖς
2773 484 2999 555 όμϐρεῖν
3033 483 3144 554 (ll)
3192 484 3287 536 καὶ
3324 482 3604 554 φέρεσθαι,
3656 484 3760 536 καὶ

2169 581 2261 633 τὸν
2310 579 2447 651 ἀέρα
2489 576 2814 650 ἀδιάφθορον
2864 575 3182 647 τηρεῖσθαι,
3236 575 3330 627 xui
3373 574 3600 640 ζωτικὸν
3632 577 3759 639 τοῖς

2173 669 2531 724 άναπνέουσιν
2564 667 2723 721 αὐτὸν
2751 666 3061 735 γίγνεσθαι·
3094 667 3153 719 ού
3180 665 3285 737 μὴν
3325 667 3453 728 τοὺς
3484 666 3760 737 ἀοράτους

2170 761 2350 832 φαμὲν
2389 755 2528 813 εἶναι
2575 760 2865 830 δαίμονας·
2901 758 3036 824 ἀλλ’,
3080 760 3129 811 εἱ
3161 759 3266 830 χρὴ
3292 758 3762 829 ἀποτολμήσαντα

2164 854 2341 923 λέγειν
2383 852 2525 917 τινὰ,
2560 854 2718 925 εἴπερ
2748 851 2919 904 ταῦτα
2952 851 3218 922 δαιμόνων
3264 852 3412 905 ἐστὶν
3455 850 3610 922 ἔργα,
3642 852 3758 922 φή-

2164 963 2353 1016 σομεν,
2388 946 2469 998 ὅτι
2512 945 2683 1015 λιμοὶ,
2716 944 2812 996 καὶ
2860 945 3080 1015 άφορίαι
3127 943 3401 1015 σταφυλῆς
3447 944 3541 996 καὶ
3580 944 3756 1014 ἀκρο-

2161 1036 2361 1107 δρύων,
2395 1038 2489 1090 καὶ
2524 1037 2746 1106 αὐχμοὶ,
2791 1034 2928 1088 ἀλλά
2960 1036 3110 1105 καὶὴ
3155 1035 3247 1087 τοῦ
3288 1035 3448 1106 ἀέρος
3476 1034 3754 1105 διαφθορὰ

2161 1125 2255 1178 ἐπὶ
2283 1124 2430 1197 λύμῃ
2454 1123 2562 1177 τῶν
2592 1122 2841 1194 καρπῶν,
2868 1122 2978 1176 ἔσθ’
3015 1122 3103 1176 ὅτε
3133 1123 3190 1176 δέ
3218 1124 3313 1177 καὶ
3337 1123 3416 1194 τῷ
3447 1123 3555 1176 τῶν
3588 1121 3755 1186 ζώων

2162 1216 2374 1287 θανάτῳ
2407 1214 2609 1285 καὶτῷ
2653 1215 2794 1269 κατὰ
2842 1215 2948 1269 τῶν
2974 1213 3070 1267 ἀνθ
3080 1213 3274 1286 ρώπων
3317 1213 3489 1285 λοιμῷ
3505 1232 3518 1243 ”
3565 1216 3752 1268 πάντα

485 1302 760 1358 daemones
788 1305 856 1370 ⁸⁸,
886 1306 976 1375 (ιυί
1006 1316 1262 1377 tanquam
1288 1310 1577 1367 carniﬁces
1607 1312 1793 1368 divino
1821 1316 2050 1382 quodam

2160 1306 2331 1361 ταῦτα
2359 1306 2611 1377 δαίμονες
2652 1303 3014 1375 αύτουργοῦσι
3052 1304 3255 1373 δήμιοι.
3277 1304 3454 1375 κρίσει
3481 1303 3590 1356 τινὶ
3620 1302 3752 1375 θείᾳ

477 1392 687 1460 judicio
745 1397 1021 1467 accipiunt
1065 1399 1358 1466 aliquando
1407 1402 1523 1457 haec
1582 1406 1764 1459 omnia
1823 1405 2050 1463 faciendi

2159 1399 2415 1461 λαϐόντες
2444 1396 2691 1465 ἐξουσίαν
2714 1397 2770 1449 ἐν
2791 1398 3000 1467 καιροῖς
3025 1413 3133 1447 τισι
3154 1394 3303 1449 ταῦτ’
3334 1396 3576 1467 ἐνεργεῖν
3592 1435 3606 1458 ,
3626 1395 3747 1447 εἴτε

483 1493 834 1555 potestatem,
864 1489 978 1543 sive
1015 1490 1085 1544 ad
1117 1491 1385 1557 homines,
1422 1494 1514 1563 qui
1546 1510 1606 1551 se
1632 1505 1774 1552 totos
1802 1497 2050 1553 vitiorum

2159 1492 2239 1555 είς
2272 1488 2608 1562 ἐπιστροφὴν
2639 1486 2941 1560 ἀνθρώπων
2971 1488 3063 1540 ἐπὶ
3088 1486 3185 1558 τὴν
3225 1486 3380 1557 χύσιν
3410 1486 3511 1557 τῆς
3542 1486 3749 1550 κακίας

484 1574 779 1631 colluvioni
825 1577 1168 1647 dediderunt,
1211 1587 1643 1651 convertendos;
1693 1589 1805 1641 sive
1834 1589 1900 1641 ad
1928 1603 2050 1657 par-

2159 1580 2565 1649 ἐξοκειλάντων,
2590 1580 2697 1633 εἴτε
2720 1581 2814 1633 κα)⁵
2850 1581 2931 1642 είς
2960 1577 3260 1647 γυμνάσιον
3282 1577 3377 1631 τοῦ
3405 1577 3625 1647 λογικοῦ
3663 1579 3751 1648 γέ.

484 1667 657 1737 ticeps
688 1669 915 1725 rationis
954 1686 1125 1741 genus
1157 1675 1516 1729 exercendum
1544 1693 1559 1743 ;
1595 1686 1654 1730 ut
1683 1677 1775 1747 qui
1822 1678 1970 1734 hisce
2002 1679 2050 1735 in

2158 1689 2281 1735 νους
2296 1689 2308 1701 ο
2329 1672 2394 1724 ἶν’
2408 1672 2458 1724 οί
2490 1671 2587 1742 μὲν
2600 1671 2694 1723 καὶ
2710 1671 2767 1723 ἐν
2786 1672 2899 1732 τοῖς
2918 1667 3193 1731 τοσούτοις
3210 1666 3451 1730 εὐσεϐεῖς
3465 1667 3748 1737 μένοντες,

482 1756 890 1815 calamitatibus
930 1762 1188 1829 pietatem
1219 1774 1465 1827 servant,
1514 1782 1616 1822 nec
1647 1743 1771 1824 inde
1813 1770 2050 1825 deterio-

2157 1764 2251 1818 καὶ⁹
2270 1762 2530 1835 μηδαμῶς
2546 1762 2856 1832 γιγνόμενοι
2876 1760 3111 1831 χείρους,
3130 1759 3353 1830 φανεροὶ
3374 1759 3511 1822 τέως
3530 1761 3646 1822 τοῖς
3670 1757 3749 1827 μὴ

483 1861 573 1904 res
601 1850 760 1915 fiunt,
803 1850 883 1907 sic
925 1853 1140 1908 tandem
1171 1858 1569 1923 spectatoribus
1608 1868 1719 1914 tam
1765 1860 2050 1916 invisibili-

2159 1851 2444 1923 βλέπουσιν
2506 1852 2685 1906 αὐτῶν
2740 1853 2839 1922 τὴν
2896 1849 3009 1914 ’ἐξιν
3064 1850 3313 1922 ἁοράτοις
3369 1850 3464 1902 καὶ
3518 1851 3747 1920 ὁρατοῖς

483 1936 586 1992 bus
631 1953 792 2007 quam
841 1941 1184 2011 visibilibus,
1231 1946 1321 2015 qui
1387 1962 1575 2003 eorum
1636 1951 1883 2005 habitum
1947 1968 2050 2007 non

2157 1943 2375 2007 θεαταῖς
2417 1943 2717 2012 γένωνταισ
2768 1945 2816 1995 οί
2867 1943 2911 1996 δ’
2955 1941 3213 2004 ἐναντίως
3252 1941 3347 2011 μὲν
3386 1939 3747 2009 διακείμενοι,

481 2027 762 2098 videbant,
803 2035 1076 2090 manifesti
1125 2037 1294 2102 fiant;
1329 2039 1421 2106 qui
1462 2055 1594 2095 vero
1644 2051 1831 2096 contra
1862 2058 1921 2098 se
1957 2044 2055 2099 ba-

480 2118 613 2173 bcnt
662 2129 717 2173 et
784 2122 930 2178 intus
978 2126 1108 2179 vitia
1160 2128 1471 2194 occultant,
1516 2129 1624 2195 illi,
1674 2131 1863 2200 quales
1906 2134 2053 2198 sint,

479 2205 878 2265 calamitatibus
925 2212 1255 2281 prodantur,
1296 2223 1515 2285 tumque
1568 2226 1625 2272 ct
1673 2232 1732 2273 se
1776 2217 1878 2286 ipsi
1929 2233 2051 2273 sen-

480 2297 639 2364 tiant,
685 2307 742 2354 et
787 2305 1218 2373 spectatoribus,
1271 2316 1329 2361 ut
1373 2309 1452 2363 sic
1501 2308 1728 2379 loquar,
1776 2310 2051 2366 manifesti

479 2387 636 2446 ﬂant.

549 2482 639 2537 52.
672 2482 927 2540 Testatur
956 2496 1137 2542 autem
1184 2488 1391 2545 Psaltes
1430 2490 1674 2545 tristiora
1706 2492 2049 2549 incommoda

478 2574 665 2629 divino
683 2574 889 2643 judicio
916 2593 944 2632 a
977 2580 1132 2635 malis
1150 2581 1468 2650 quibusdam
1502 2584 1711 2653 angelis
1739 2585 2049 2655 importari.

477 2663 623 2719 Misit
651 2667 705 2720 in
732 2662 841 2734 eoi,
877 2669 1069 2739 inquit,
1088 2673 1222 2725 iram
1250 2673 1626 2742 indignationis
1650 2692 1781 2741 suae,
1801 2677 2054 2747 indigna-

480 2756 675 2809 tionem
690 2767 738 2810 et
758 2759 1407 2827 iram,ettribulationem,
1430 2764 1804 2820 immissionem
1831 2784 1924 2836 per
1955 2784 2053 2821 an-

471 2846 615 2915 gelos
650 2850 817 2905 malos
832 2852 898 2909 ”.
919 2852 1000 2907 An
1036 2863 1212 2909 autem
1236 2857 1364 2925 quid
1385 2850 1533 2912 aliud
1569 2868 1764 2926 prmter
1784 2861 1900 2914 haec
1928 2860 2046 2925 flat,

474 2953 597 2993 cum
631 2939 908 2995 licentiam
938 2944 1213 3011 accipiunt
1244 2946 1541 3015 dmmones,
1566 2949 1656 3017 qui
1683 2950 1901 3019 quidem
1935 2950 2049 3006 haec

474 3045 691 3099 semper
730 3030 913 3086 facere
942 3034 1147 3101 volunt,
1180 3043 1236 3090 at
1265 3052 1370 3093 non
1401 3054 1619 3107 semper
1641 3050 1891 3110 possunt,
1922 3043 2046 3111 quia
2077 3099 2117 3120 Λ

473 3118 854 3188 prohibentur,
869 3124 1139 3191 expendat
1167 3124 1256 3179 ille
1271 3127 1385 3193 qui,
1404 3135 1669 3195 quantum
1691 3128 1924 3183 humana
1946 3130 2048 3184 fert
2075 3112 2118 3157 υ

473 3219 691 3276 natura,
723 3220 899 3281 potest
927 3213 1231 3284 intelligere
1260 3231 1372 3284 quo
1401 3218 1585 3273 divino
1623 3219 1827 3287 judicio
1865 3222 2046 3277 multa:

472 3302 685 3368 animae,
725 3304 911 3359 relicto
938 3319 1182 3375 corpore,
1216 3308 1439 3375 pervias
1470 3312 1766 3364 acervatim
1798 3322 2045 3379 currant,

469 3408 591 3464 qua:
642 3405 844 3449 certam
877 3396 941 3450 ad
976 3407 1207 3453 mortem
1266 3400 1592 3468 perducunt.
1652 3401 1843 3472 Magna
1902 3404 2045 3458 enim

473 3492 602 3538 sunt
633 3484 950 3552 Deijudicia
976 3486 1057 3555 ⁸ο,
1111 3497 1168 3543 et
1211 3500 1433 3561 propter
1473 3507 1661 3548 eorum
1726 3494 2048 3564 magnitudi-

469 3589 593 3629 nem
615 3574 707 3629 illa
732 3577 945 3646 corpori
981 3577 1181 3649 illigata
1206 3596 1358 3638 mens
1383 3598 1491 3639 non
1513 3593 1693 3652 potest
1716 3587 1933 3655 assequi
1956 3588 2002 3619 “
2026 3606 2041 3643 :

468 3662 613 3719 unde
634 3679 755 3719 cum
790 3666 1031 3722 difficilia
1061 3670 1332 3740 explicatu
1364 3682 1510 3737 sunt,
1547 3684 1658 3729 tum
1710 3676 1779 3730 ab
1823 3677 2047 3747 imperi-

472 3755 542 3809 tis
572 3757 863 3813 animabus
897 3774 967 3813 ne
1012 3761 1300 3817 minimum
1341 3765 1556 3834 quidem
1619 3777 1844 3835 possunt
1889 3769 2048 3824 intel-

470 3845 582 3916 ligi.
614 3848 792 3918 Atque
821 3850 947 3904 hinc
973 3851 1031 3905 fit
1064 3862 1124 3907 ut
1161 3857 1437 3910 temerarii
1469 3859 1713 3927 quidam,
1746 3861 1861 3917 haec
1894 3860 2047 3932 igno-

470 3946 675 4003 rantes,
714 3942 1004 3997 temerario
1027 3944 1081 3998 ln
1107 3944 1460 4003 Divinitatem
1524 3949 1726 4019 impetu
1775 3952 2045 4008 invehan—

470 4038 577 4095 tur,
610 4031 793 4101 sicque
825 4032 1018 4102 impias
1041 4046 1273 4104 augeant
1298 4038 1582 4107 Opiniones
1603 4056 1722 4111 quas
1748 4042 2043 4100 Providen-

471 4117 602 4173 tiam
649 4120 864 4176 tollunt.
914 4122 1032 4178 Non
1091 4125 1261 4196 igitur
1298 4143 1328 4182 a
1364 4130 1699 4189 daemonibus
1744 4136 2045 4206 accipimus

468 4210 732 4280 quidquid
768 4212 820 4267 in
855 4230 1011 4269 usum
1037 4216 1197 4286 hujus
1222 4221 1348 4275 vita:
1387 4221 1552 4289 cedit,
1598 4240 1697 4281 nos
1736 4230 2044 4298 praesertim

464 4302 555 4367 qui
597 4304 682 4358 liis
721 4306 885 4361 rebus
913 4322 975 4362 ea
1004 4322 1108 4378 qua
1143 4326 1243 4381 par
1269 4320 1352 4368 est
1396 4314 1605 4371 ratione
1631 4318 1706 4373 uti
1731 4319 2040 4379 didicimus.

2153 2034 2474 2098 κλέπτοντες
2494 2034 2551 2088 δὲ
2577 2036 2675 2106 τὴν
2712 2035 2809 2105 τῆς
2839 2034 3036 2097 κακίας
3075 2031 3354 2096 ἐπίδειξιν,
3387 2030 3742 2101 ἐλεγχθέντες

2156 2124 2260 2177 ὑπὸ
2291 2124 2398 2177 τῶν
2428 2125 2829 2195 συμϐαινόντων
2862 2125 3031 2177 ὁποῖοί
3058 2127 3214 2188 είσιν,
3248 2124 3399 2178 αύτοί
3428 2141 3487 2175 τε
3528 2122 3748 2175 ἑαυτῶν

2157 2214 2576 2285 συναισθηθῶσι,
2620 2217 2714 2269 καὶ
2766 2215 2911 2287 δῆλοι
2960 2218 3090 2280 τοῖς,
3143 2216 3192 2268 ίν
3233 2214 3403 2278 οὓτως
3447 2214 3745 2284 ὀνομάσω,

2156 2304 2373 2369 θεαταῖς
2401 2306 2684 2375 γένωνται.

2222 2492 2506 2562 Μαρτυρεῖ
2547 2491 2604 2544 δὲ
2643 2492 2672 2543 ό
2698 2475 2985 2561 "rumpat;
3015 2489 3111 2561 τῷ,
3152 2490 3234 2543 ὅτι
3273 2490 3392 2561 θείᾳ
3432 2488 3607 2556 κρίσει
3646 2492 3743 2543 αὐ-

2152 2600 2246 2637 του
2254 2585 2461 2655 ργεῖται
2477 2582 2547 2635 τὰ
2561 2583 2910 2654 σκυθρωπότε
2920 2600 2985 2652 ρα
3003 2583 3106 2637 ὑπό
3120 2600 3279 2637 τινων
3295 2584 3543 2656 πονηρῶν
3560 2585 3738 2652 ἀγγέο

2153 2672 2259 2728 λων
2312 2672 2368 2727 ἐν
2416 2674 2512 2745 τῷο
2578 2674 2962 2729 Ἀπέστειλεν
3017 2675 3127 2745 (12)
3157 2676 3239 2738 είς
3268 2676 3487 2741 αὐτοὺς
3536 2675 3735 2745 ὀργὴν

2153 2767 2342 2836 θυμοῦ
2388 2766 2595 2831 αὐτοῦ,
2651 2768 2859 2837 θυμὸν,
2919 2767 3015 2821 καὶ
3066 2767 3271 2836 ὀργὴν,
3325 2767 3423 2821 καὶ
3479 2765 3733 2836 θλῐψιν·

2154 2858 2510 2926 ἀποστολὴν
2542 2859 2608 2912 δι’
2638 2858 2907 2929 ἀγγέλων
2939 2861 3236 2929 πονηρῶν.
3281 2861 3341 2913 Ei
3365 2859 3422 2912 δέ
3471 2861 3565 2913 καὶ
3604 2859 3738 2914 ἄλλο

2150 2962 2205 3002 τι
2255 2949 2402 3021 παρά
2434 2949 2605 3004 ταῦτα
2646 2950 2876 3018 γίνεται,
2920 2951 2998 3004 ὅθ’
3040 2953 3088 3004 οἱ
3123 2952 3374 3023 δαίμονες
3412 2954 3739 3024 ἐπιτρέπον-

2150 3054 2262 3102 ται,
2297 3041 2382 3093 ἀεὶ
2418 3041 2515 3110 μὲν
2543 3041 2857 3111 βουλόμενοι
2883 3041 3057 3096 ταῦτα
3083 3046 3280 3109 ποιεῖν,
3302 3045 3401 3097 οὐκ
3434 3045 3522 3097 ἀεὶ
3552 3044 3610 3097 δὲ
3643 3044 3738 3098 δυ·

2150 3132 2370 3203 νάμενοι
2418 3132 2507 3185 διὰ
2542 3133 2601 3185 τὸ
2632 3132 2962 3187 κωλύεσθαισ
3005 3135 3033 3186 ό
3073 3133 3370 3204 δυνάμενος
3408 3132 3734 3199 ἐξεταζέτω,

2147 3224 2246 3296 τὴν
2279 3223 2428 3277 θείαν
2458 3225 2658 3295 κρίσιν,
2685 3224 2826 3278 κατά
2854 3225 2915 3277 τὸ
2945 3224 3167 3278 δυνατὸν
3196 3225 3514 3298 ἀνθρωπίνῃ
3545 3226 3735 3295 φύσει,

2149 3313 2549 3386 φανταζόμενος
2602 3317 2728 3388 περὶ
2773 3315 2973 3387 ἀθρόας
3014 3315 3223 3369 πολλῶν
3263 3315 3450 3387 ψυχῶν
3488 3317 3735 3372 ἀπαλλα-

2147 3407 2251 3476 γῆς
2289 3406 2397 3459 ἀπὸ
2435 3406 2701 3478 σώματος,
2736 3407 2974 3460 τοιαῖσδε
3015 3410 3134 3470 ταῖς
3162 3408 3255 3460 ἐπὶ
3297 3408 3388 3462 τὸν
3429 3409 3594 3479 μέσον
3634 3409 3735 3464 θά-
3790 3396 3799 3403 ’

2134 3488 2304 3549 ⁷ναι-ον
2350 3497 2641 3568 φερούσαις
2685 3497 2824 3559 ὁδοῖς
2866 3495 3184 3567 χρωμένων.
3219 3499 3328 3550 Καὶ
3356 3496 3466 3567 γὰρ
3495 3498 3734 3567 μεγάλαι

2150 3588 2250 3659 μὲν
2288 3589 2345 3641 αἱ
2374 3589 2579 3660 κρίσεις
2606 3588 2697 3641 τοῦ
2728 3588 2862 3641 Θεοῦ
2900 3591 3026 3657 είσι,
3055 3591 3151 3643 καὶ
3190 3589 3277 3642 διά
3300 3589 3363 3642 τὸ
3396 3589 3629 3661 μέγεθος
3665 3593 3731 3644 ού

2147 3679 2390 3751 χωρηταὶ
2418 3679 2511 3751 νῷ,
2551 3678 2628 3750 τῷ
2661 3678 2741 3731 ἔτι
2779 3679 3106 3750 ἐνδεδεμένῳ
3141 3678 3319 3751 θνητῷ
3360 3678 3609 3750 σώματιο
3649 3681 3733 3735 διὸ

2146 3771 2240 3824 καὶ
2273 3769 2617 3841 δυσδιήγητοι
2646 3770 3022 3841 τυγχάνουσιν,
3070 3770 3414 3834 ἀπαιδεύτοις
3445 3770 3503 3823 δὲ
3527 3770 3733 3841 ψυχαῖς

2145 3861 2254 3914 οὐδ’
2286 3860 2380 3914 ἐπὶ
2421 3862 2585 3915 ποσὸν
2617 3860 2920 3933 θεωρηταίο
2955 3862 3035 3915 διὸ
3071 3862 3164 3914 καὶ
3204 3861 3253 3914 οί
3298 3861 3730 3932 προπετέστεροι

2144 3956 2210 4025 τῇ
2245 3954 2373 4025 περὶ
2398 3952 2571 4006 ταῦτα
2607 3954 2799 4025 ἀγνοίᾳ
2826 3954 2920 4007 καὶ
2964 3956 3030 4024 τῇ
3059 3953 3147 4007 διὰ
3170 3953 3267 4025 τὴν
3296 3954 3625 4027 προπέτειαν
3648 3956 3730 4017 είς

2144 4044 2205 4098 τὸ
2237 4043 2394 4098 Θεῖον
2425 4044 2714 4116 ἐπιστασίᾳ
2735 4042 2957 4108 αὔξουσι
2984 4045 3052 4098 τά
3080 4046 3251 4115 ἀσεϐῆ
3285 4046 3424 4100 κατά
3460 4046 3559 4116 τῆς
3584 4047 3726 4117 Προ-

2147 4136 2295 4201 νοίας
2334 4136 2597 4208 δόγματα.
2641 4138 2716 4190 Οὐ
2751 4136 2903 4209 παρὰ
2933 4137 3200 4208 δαιμόνων
3238 4134 3332 4192 οὖν
3374 4139 3585 4192 ἕκαστα
3617 4138 3727 4191 τῶν

2146 4232 2228 4295 είς
2276 4230 2375 4294 τὰς
2436 4228 2694 4300 βιωτικὰς
2736 4229 2925 4301 χρείας
2969 4230 3336 4302 λαμϐάνομεν,
3392 4229 3626 4302 μάλιστα
3674 4229 3723 4282 οἱ

2146 4323 2378 4387 δεόντως
2430 4324 2614 4386 αὐτοῖς
2665 4322 2899 4394 χρῆσθαι
2945 4323 3353 4394 μεμαθηκότεςο
3400 4322 3520 4375 οὐδὲ
3573 4338 3725 4374 συνε-

464 4391 652 4462 Neque
693 4397 837 4488 enim
868 4399 1202 4457 daemonibus
1257 4404 1566 4475 epulantur,
1625 4410 1719 4479 qui
1768 4410 2038 4484 frugibus,

2152 4415 2399 4469 στιῶνται
2426 4391 2674 4486 δαίμοσιν
2689 4391 3062 4479 -οίγσίτου,καὶ
3085 4391 3251 4477 οίνου,
3276 4415 3369 4467 καὶ
3384 4413 3720 4485 ἀκροδρύων,

463 4485 610 4549 vino,
652 4487 908 4543 arborum
941 4489 1229 4561 fructibus,
1293 4512 1432 4566 aqua
1486 4509 1541 4554 et
1569 4516 1697 4557 aere
1744 4503 2039 4574 fruuntur;

464 4576 562 4659 sed
591 4580 769 4646 potius
795 4596 919 4634 cum
949 4583 1151 4640 divinis
1180 4589 1391 4656 angelis
1411 4629 1427 4656 ,
1466 4594 1667 4661 quibus
1697 4596 1891 4652 horum
1919 4613 2038 4655 om-

463 4667 613 4721 nium
653 4684 784 4723 cura
816 4673 1072 4729 mandata
1102 4685 1208 4742 est,
1246 4681 1447 4750 quique
1476 4684 1642 4739 veluti
1677 4699 1942 4745 vocantur
1971 4694 2037 4748 ad

464 4771 705 4811 mensam
742 4760 815 4828 pii
851 4761 1107 4831 hominis,
1132 4767 1482 4836 obsequentis
1509 4778 1747 4832 sermoni
1801 4782 1892 4847 qui
1938 4781 2038 4837 do-

462 4854 550 4898 cct
575 4861 591 4898 :
620 4845 740 4901 Sive
785 4851 1141 4920 manducetis,
1175 4858 1280 4912 sive
1320 4860 1517 4925 bibitis,
1572 4866 1681 4919 sive
1725 4845 1852 4935 quid
1888 4871 2038 4923 aliud

461 4935 660 5004 facitis,
731 4941 909 4994 omnia
946 4943 1003 4996 in
1035 4945 1257 5013 gloriam
1323 4950 1418 5006 Dei
1473 4953 1711 5023 facile".
1744 4958 1811 5012 Et
1847 4976 2038 5017 rursus

462 5026 571 5081 alio
597 5028 653 5082 in
681 5028 801 5084 loco
824 5032 1086 5102 scriptum
1120 5048 1205 5092 est
1236 5056 1248 5093 :
1281 5040 1470 5097 Omnia
1500 5048 1555 5100 in
1582 5049 1790 5103 nomine
1820 5049 1915 5106 Dei
1948 5053 2034 5122 fa-

456 5119 645 5175 cite”.
675 5121 816 5193 Ergo
842 5138 963 5180 cum
998 5127 1049 5180 in
1082 5129 1306 5200 gloriam
1350 5138 1539 5209 ‘766
1590 5139 1680 5193 Dei
1739 5119 2035 5199 manduca-

457 5225 598 5277 mus,
638 5212 894 5284 bibimus,
936 5220 1268 5290 respiramus
1294 5265 1310 5292 ,
1358 5237 1412 5281 et
1447 5229 1499 5282 in
1530 5232 1784 5289 omnibus
1840 5236 2034 5290 rationi

2145 4506 2241 4561 καὶ
2275 4506 2487 4570 ὓδατος,
2519 4505 2614 4559 καὶ
2648 4506 2807 4575 ἀέρος
2851 4505 3379 4577 μεταλαμϐάνοντες,
3422 4504 3561 4557 ἀλλὰ
3597 4503 3723 4574 μᾶλ-

2141 4599 2233 4653 λον
2266 4597 2431 4662 θείοις
2457 4597 2708 4666 ἀγγέλοις
2746 4601 2856 4661 τοῖς
2895 4599 2987 4650 ἐπὶ
3017 4597 3126 4651 τῶν
3163 4596 3417 4651 τοιούτων
3453 4596 3722 4667 τεταγμέ-

2142 4708 2273 4757 νοις,
2309 4691 2504 4754 οῖτινες
2538 4690 2777 4761 ὡσπερεὶ
2808 4689 3099 4745 καλοῦνται
3142 4690 3235 4742 ἐπὶ
3263 4691 3363 4761 τὴν
3408 4691 3594 4743 ἑστίαν
3627 4689 3719 4743 τοῦ

2139 4781 2417 4846 εὐσεϐοῦς,
2454 4783 2548 4835 καὶ
2579 4781 2910 4846 ἀκούσαντος
2950 4781 3043 4835 τοῦ
3074 4781 3414 4844 διδάσκοντος
3450 4780 3615 4849 λόγου
3652 4781 3721 4835 τά

2137 4874 2342 4927 τοιάδε·
2385 4874 2521 4928 Εἴτε
2547 4875 2800 4938 ἐσθίετε,
2832 4874 2951 4927 εἴτε
2990 4875 3211 4937 πίνετε,
3244 4872 3364 4926 εἴτε
3398 4890 3451 4925 τι
3479 4873 3720 4937 ποιεῖτε,

2141 4963 2336 5016 πάντα
2362 4967 2445 5030 είς
2488 4963 2667 5029 δόξαν
2700 4963 2848 5018 Θεοῦ
2879 4965 3116 5018 ποιεῖτε.
3149 4963 3260 5017 Καὶ
3295 4964 3457 5019 πάλιν
3493 4965 3553 5016 ἐν
3580 4964 3724 5034 ἄλλῳ

2136 5056 2288 5126 τόπῳ
2338 5058 2549 5110 κεῖται*
2612 5055 2816 5111 Πάντα
2860 5056 2930 5110 ἐν
2975 5057 3217 5126 ὀνόματι
3266 5055 3417 5111 Θεοῦ
3476 5055 3721 5109 ποιεῖτε.

2144 5148 2271 5202 Ὅτε
2297 5144 2391 5203 οὖν
2426 5153 2504 5213 είς
2536 5150 2696 5217 δόξαν
2736 5150 2871 5203 Θεοῦ
2903 5150 3300 5220 ἐσθίομεν,’καὶ
3339 5151 3587 5221 πίνομεν,
3630 5148 3725 5202 καὶ

2143 5239 2511 5313 ἀναπνέομεν,
2548 5244 2641 5295 καὶ
2674 5242 2817 5296 κατὰ
2843 5244 2937 5298 τὸν
2979 5242 3134 5310 λόγον
3165 5241 3343 5296 πάντα
3383 5242 3721 5313 πράττομεν,

528 5368 1080 5467 ηιεωνίιιγιεξβίῂι.--
1118 5378 1172 5467 ’ξ
1187 5378 1379 5467 μοιιιι.
1416 5385 1637 5451 vttt,52.
1714 5388 1757 5420 ⁵³
1780 5389 1923 5445 Psal.
1957 5408 2050 5446 ιιι

2152 5436 2160 5461 ,
2193 5395 2282 5452 49.
2359 5396 2404 5428 ⁸⁸
2427 5398 2553 5467 Sap.
2589 5412 2720 5464 xv",
2755 5400 2803 5453 1.
2851 5394 3058 5451 “Psal.
3109 5412 3273 5465 xxxv,
3298 5396 3349 5451 7.
3425 5397 3471 5430 “
3500 5395 3721 5452 Coloss.

456 5452 541 5504 ut,
576 5440 663 5494 l7.
741 5442 787 5474 “
833 5442 849 5497 Ι
887 5443 1015 5501 Cor.
1051 5462 1106 5514 κ,
1143 5448 1231 5503 51.

460 5618 646 5751 milli)
693 5622 968 5692 Ὀμσρεῖν.
1005 5626 1201 5685 Cuieto
1225 5628 1568 5687 scribendum
1603 5631 1816 5688 videtur
1868 5633 2033 5705 ὀμοῤ-

2214 5639 2325 5713 (Ιὲ)
2359 5640 2606 5714 Vulgata,
2638 5639 3030 5708 ἐξαπέστειλεν.
