3972 6160
373 363 512 419 1565

1533 355 1814 413 CONTRA
1846 352 2121 411 CELSUM
2153 351 2282 410 LIB.
2323 349 2458 408 V111.

3486 345 3622 402 1566

370 483 545 538 οὐδενὶ
572 481 681 536 τῶν
719 477 990 552 δαιμόνων
1025 476 1446 548 συνεστιώμεθα,
1481 477 1614 531 ἀλλὰ
1646 481 1754 541 τοῖς
1787 477 1950 540 θείοις

2060 491 2326 546 paremus,
2343 473 2490 529 nullo
2518 487 2643 529 cum
2673 469 3045 538 daemone,sed
3065 482 3184 524 cum
3201 465 3398 524 divinis
3423 463 3630 534 angelis

371 572 640 644 ἀγγέλοις.
668 573 779 627 Καὶ
802 573 912 642 γὰρ
950 571 1072 626 πᾶν
1104 571 1326 640 κτίσμα
1346 569 1494 623 Θεοῦ
1525 568 1829 624 καλόνκαὶ
1859 570 1953 622 οὐ·

369 664 478 720 δὲν
507 667 872 731 ἀπόϐλητον,
892 665 1017 732 μετ’
1042 661 1431 730 εὐχαριστίας
1461 661 1945 729 λαμϐανόμενον-ο

374 753 663 825 ἁγιάζεται
691 755 800 828 τὰρ
826 754 922 807 διὰ
951 756 1137 822 λόγου
1161 751 1309 806 Θεοῦ
1337 751 1434 804 καὶ
1466 749 1806 815 ἐντεύξεως.
1837 749 1950 800 Οὐκ

374 846 440 901 ἂν
490 847 534 900 δ’
575 842 666 900 οὖν
727 845 910 909 καλὸν,
957 844 1077 896 οὐδὲ
1125 843 1347 897 δυνατδν
1378 840 1720 911 ἁγιάζεσθαι,
1755 839 1825 900 εἰ,
1876 837 1952 900 ὡς

371 940 580 1002 Κέλσος
637 938 843 1001 οἴεται,
892 936 1110 1007 δαίμοσι
1149 934 1324 988 ταῦτα
1366 931 1434 1005 ἦν
1481 931 1947 1006 προστεταγμένα.

454 1033 549 1084 Ἐκ
603 1029 806 1083 τούτων
857 1029 914 1082 δὲ
974 1028 1132 1099 δῆλον
1160 1068 1174 1092 ,
1233 1029 1315 1080 ὅτι
1373 1027 1468 1078 καὶ
1521 1025 1658 1097 πρὸς
1702 1024 1770 1078 τὰ
1824 1022 1952 1092 ἐξῆς

370 1123 520 1194 αὐτῷ
579 1122 881 1193 λελεγμένα
930 1121 1324 1190 ἀπηντήσαμεν
1380 1117 1551 1178 οὕτως
1612 1116 1831 1186 ἔχοντα·
1887 1115 1955 1169 Ἢ

369 1215 579 1268 τοίνυν
605 1209 834 1281 οὐδαμῆ
863 1209 1137 1279 οὐδαμῶς
1155 1207 1426 1273 βιωτέον,
1451 1205 1592 1260 οὐδὲ
1625 1205 1766 1273 τῇδε
1785 1221 1954 1273 παρι-

369 1301 602 1369 τητέον,
675 1300 714 1369 ἢ
764 1298 871 1353 τὸν
918 1299 1016 1352 ἐπὶ
1061 1297 1260 1352 τοῖσδε
1303 1296 1675 1365 παρελθόντα
1711 1297 1797 1360 εὶς
1845 1287 1955 1348 τὸν

368 1393 530 1457 βίον,
571 1391 815 1460 δαίμοσι
859 1389 986 1455 τοῖς
1027 1389 1100 1442 τὰ
1132 1389 1230 1442 ἐπὶ
1271 1386 1381 1457 γῆς
1423 1386 1737 1455 είληχόσιν
1774 1387 1953 1455 εὐχα-

369 1478 705 1548 ριστητέον,
757 1478 857 1532 καὶ
906 1479 1182 1546 ἀπαρχὰς
1236 1477 1336 1530 καὶ
1377 1476 1562 1545 εὐχὰς
1604 1475 1952 1543 ἀποδοτέον,

369 1571 482 1638 ἕως
525 1574 601 1625 ἂν
642 1570 845 1641 ζῶμεν,
893 1572 973 1637 ὡς
1014 1569 1090 1624 ἂν
1125 1570 1558 1640 φιλανθρώπων
1595 1569 1793 1624 αὐτῶν
1821 1589 1956 1640 τυγ-

371 1661 676 1732 χάνωμεν.
726 1663 836 1716 Καὶ
897 1662 1121 1732 βιωτέον
1169 1660 1262 1718 οῦν
1312 1666 1464 1735 ἡμῖν,
1523 1663 1618 1716 καὶ
1660 1662 1801 1716 κατὰ
1864 1662 1954 1716 τὸν

370 1752 528 1819 λόγον
567 1751 660 1804 τοῦ
713 1751 846 1806 Θεοῦ
897 1751 1136 1821 βιωτέον,
1182 1755 1304 1809 ὅσον
1350 1748 1460 1807 οἷόν
1514 1771 1572 1806 τε
1617 1753 1711 1807 καὶ
1757 1744 1955 1806 δίδοται

2054 566 2356 636 epulamur.
2383 565 2525 619 Nam
2545 564 2714 618 omnis
2742 572 2989 616 creatura
3010 561 3104 616 Dei
3123 561 3254 613 bona
3277 568 3372 624 est,
3404 566 3450 610 et
3494 552 3627 607 nihil

2054 657 2395 726 rejiciendum
2422 656 2560 725 quod
2595 671 2713 708 cum
2760 654 3054 722 gratiarum
3083 651 3285 704 actione
3304 648 3626 718 percipitur;

2053 748 2417 815 sanctiﬁcatur
2439 747 2573 800 enim
2607 762 2698 809 per
2724 745 2931 799 verbum
2957 742 3050 796 Dei
3065 751 3112 796 et
3135 740 3423 796 orationem
3445 739 3511 790 “.
3529 739 3625 791 At-

2055 839 2270 907 quiuec
2303 837 2442 891 bona
2475 846 2639 902 esset,
2667 851 2767 890 nec
2787 831 3346 905 possetsanctiﬁcari,
3369 830 3412 885 si
3431 830 3624 884 horum

2053 945 2208 993 cura,
2241 939 2297 981 ut
2328 938 2482 997 putat
2504 928 2711 991 Celsus,
2743 926 3078 981 dzemonibus
3096 924 3289 979 luisset
3315 923 3623 978 commissa.

2123 1023 2212 1077 55.
2246 1021 2322 1075 Ex
2353 1021 2439 1074 his
2469 1021 2644 1089 palam
2674 1027 2758 1074 est
2784 1017 2895 1086 jam
2926 1033 2954 1070 a
2989 1017 3142 1071 nobis
3193 1029 3478 1070 occursum
3507 1028 3627 1069 esse

2056 1115 2144 1181 iis,
2185 1127 2307 1181 quae
2340 1121 2524 1182 postea
2571 1111 2699 1165 dicit
2744 1111 2827 1164 his
2872 1106 3006 1177 ipsis
3053 1107 3279 1162 verbis:
3319 1109 3422 1160 Aut
3463 1107 3628 1176 igitur

2054 1222 2158 1258 non
2181 1205 2451 1259 vivendum
2476 1203 2705 1266 omnino,
2737 1217 2828 1254 nec
2863 1203 2914 1252 in
2949 1201 3083 1253 hanc
3113 1202 3272 1255 vitam
3319 1199 3626 1252 veniendum

2055 1305 2150 1358 est,
2179 1304 2270 1347 aut
2305 1294 2587 1348 venientem
2627 1295 2706 1372 his
2733 1292 3121 1346 conditionibus
3168 1299 3372 1358 oportet
3423 1292 3624 1345 dieme-

2055 1386 2230 1451 nibus,
2267 1387 2356 1455 qui
2396 1385 2618 1439 terrenis
2669 1386 2822 1438 rebus
2884 1393 3156 1451 prazsunt,
3197 1387 3399 1453 gratias
3449 1400 3623 1454 agere,

2054 1478 2314 1545 primitias
2339 1486 2387 1530 et
2409 1493 2606 1546 preces,
2651 1476 2886 1544 quandiu
2910 1477 3159 1540 vivemus,
3188 1473 3398 1544 offerre,
3432 1482 3489 1527 ut
3510 1474 3626 1528 illos

2057 1568 2310 1636 beneﬁcos
2337 1570 2690 1637 experiamur.
2723 1567 3020 1622 Vivendum
3075 1575 3223 1622 certe
3262 1567 3417 1622 nobis
3456 1576 3511 1621 et
3557 1581 3626 1621 ex

2059 1657 2219 1713 Verbi
2255 1659 2347 1713 Dei
2383 1660 2698 1728 prmscripto
2756 1658 3066 1722 vivendum,
3131 1666 3392 1725 quantum
3453 1657 3628 1726 possi-

2057 1750 2167 1804 bile
2192 1758 2346 1805 estet
2376 1761 2639 1818 quantutn
2673 1765 2739 1804 ex
2769 1749 2911 1804 illius
2965 1749 3284 1818 praescripto
3314 1749 3498 1804 vivere
3530 1750 3630 1804 da-

371 1815 490 1894 κατ’
530 1842 692 1895 αὐτὸν
741 1815 922 1912 βιοῦν-ο
972 1815 1169 1897 δίδοται
1201 1844 1257 1896 δέ
1300 1845 1393 1897 καὶ
1423 1845 1512 1898 ὅτε
1551 1843 1648 1896 εἶτ’
1680 1844 1949 1913 ἐσθίομεν,

2060 1851 2164 1896 tur.
2195 1841 2366 1897 Datur
2395 1851 2598 1906 autem,
2635 1857 2756 1896 cum
2798 1841 2914 1896 sive
2940 1841 3347 1905 manducemus,
3393 1840 3506 1895 sive
3543 1841 3629 1895 bi-

372 1931 484 1984 εἴτε
529 1933 776 2003 πίνομεν,
811 1933 986 1987 πάντα
1026 1937 1105 1997 εἰς
1145 1935 1300 1998 δόξαν
1351 1933 1483 1989 Θεοῦ
1526 1934 1805 2006 ποιοῦμεν.
1846 1936 1952 1988 Καὶ

372 2023 435 2078 οὐ
477 2027 839 2097 παραιτητέον
867 2028 996 2096 ἡμῖν
1046 2027 1106 2080 τὸ
1153 2027 1386 2098 χρῆσθαι
1435 2028 1550 2099 μετ’
1605 2028 1952 2100 εὐχαριστίας

372 2115 474 2186 τῆς
510 2118 644 2189 πρὸς
673 2120 779 2186 τὸν-
793 2121 1051 2174 κτίσαντα
1076 2124 1187 2186 τοῖς
1215 2122 1280 2174 δι’
1314 2125 1459 2193 ἡμᾶς
1492 2124 1657 2176 αὐτοῦ
1693 2125 1955 2195 δημιουρ-

372 2209 606 2278 γήμασι.
652 2211 761 2263 Καὶ
810 2212 904 2264 ἐπὶ
959 2213 1132 2265 τοῖσδε
1188 2213 1386 2284 μᾶλλον
1439 2215 1799 2287 παρήχθημεν
1850 2215 1953 2268 ὑπὸ

372 2298 464 2351 τοῦ
496 2298 630 2352 Θεοῦ
663 2303 743 2364 εἰς
790 2302 878 2355 τὸν
917 2301 1087 2372 βίονῆ
1121 2305 1205 2373 ἐφ’
1250 2301 1331 2368 οἷς
1374 2305 1579 2370 Κέλσος
1611 2305 1782 2360 οἴεται
1803 2324 1814 2335 ·
1861 2308 1954 2359 καὶ

372 2393 471 2462 οὐχ
500 2395 837 2465 ὑποκείμεθὰ
867 2413 930 2464 γε
961 2395 1230 2464 δαίμοσιν,
1278 2397 1410 2450 ἀλλὰ
1442 2397 1519 2468 τῷ
1554 2398 1646 2449 ἐπὶ
1674 2400 1804 2450 πᾶσι
1835 2397 1953 2466 Θεῷ

375 2485 464 2537 διὰ
507 2486 601 2538 τοῦ
655 2487 801 2557 ἡμᾶς
849 2487 1286 2558 προσαγαγόντος
1316 2486 1491 2558 Ἰησοῦ
1547 2487 1640 2540 τοῦ
1692 2487 1948 2558 Χριστοῦ.

376 2574 488 2627 Καὶ
535 2577 676 2628 κατὰ
730 2578 925 2646 νόμους
967 2577 1076 2649 (15)
1113 2577 1208 2647 μὲν
1239 2578 1372 2630 Θεοῦ
1402 2579 1576 2642 οὐδεὶς
1617 2577 1954 2648 εἰληχεδαί-

379 2682 498 2736 μων
532 2665 602 2719 τὰ
631 2668 724 2719 ἐπὶ
752 2667 882 2737 γῆς·
921 2669 1007 2722 διὰ
1041 2667 1098 2720 δὲ
1134 2668 1232 2738 τὴν
1263 2668 1411 2737 σφῶν
1439 2669 1779 2740 παρανομίαν
1807 2669 1948 2740 τάχα

381 2757 480 2828 μὲν
504 2759 685 2822 αὐτοῖς
717 2759 970 2812 διείλοντο
1016 2758 1125 2829 (14)
1167 2760 1292 2821 τοὺς
1340 2759 1556 2824 τόπους,
1587 2759 1714 2813 ἔνθα
1751 2761 1953 2832 ἐρημία

378 2849 495 2901 ἐστὶ
522 2848 772 2916 γνώσεως
804 2849 937 2902 Θεοῦ
969 2850 1063 2903 καὶ
1099 2848 1195 2902 τοῦ
1218 2852 1338 2903 κατ’
1371 2850 1532 2906 αὑτὸν
1572 2851 1709 2921 βίου,
1760 2853 1793 2922 ἦ
1826 2851 1952 2905 ἔνθα

377 2939 542 3002 πολύς
568 2942 713 2994 ἐστιν
746 2941 774 2992 ὁ
802 2941 900 3011 τῆς
926 2941 1211 3012 Θειότητος
1248 2941 1524 3012 ἀλλότριος
1544 2961 1555 2972 ·
1592 2945 1729 3013 τάχα
1760 2943 1836 3010 δὲ,
1877 2945 1952 3008 ὡς

376 3029 516 3096 ἄξιοι
544 3029 652 3084 τῶν
699 3031 950 3102 πονηρῶν
998 3032 1302 3085 ἐπιστάται·
1331 3034 1426 3085 καὶ
1467 3033 1720 3086 κολασταὶ
1751 3035 1948 3100 αὐτῶν,

2052 1936 2265 2002 bamus,
2294 1934 2473 1988 omnia
2512 1935 2562 1988 in
2593 1933 2813 2004 gloriam
2849 1935 2940 1988 Dei
2971 1933 3197 1989 facimus
3228 1950 3244 1987 :
3277 1948 3448 2002 neque
3463 1935 3626 1988 etiam

2055 2027 2412 2082 recusandum
2441 2027 2599 2082 nobis
2623 2035 2707 2083 est
2736 2027 2812 2080 uti
2839 2027 2999 2082 rebus
3028 2036 3248 2096 propter
3277 2041 3373 2080 nos
3402 2027 3624 2086 creatis.

2053 2117 2260 2187 gratias
2289 2117 2498 2186 agendo
2536 2115 2802 2171 Creatori.
2827 2116 3002 2184 Atque
3036 2116 3120 2169 his
3151 2117 3330 2184 potius
3361 2112 3628 2170 conditio-

2055 2207 2233 2273 nibus,
2260 2222 2421 2276 quam
2452 2208 2556 2269 eis,
2593 2208 2789 2276 quibus
2812 2207 3004 2262 Celsus
3029 2207 3322 2271 existimat,
3361 2206 3503 2261 Deus
3529 2221 3629 2260 nos

2054 2298 2111 2352 in
2145 2299 2284 2352 hanc
2313 2300 2474 2353 vitam
2500 2301 2774 2368 produxit.
2802 2298 2910 2354 Nec
2939 2314 3068 2354 sane
3118 2300 3485 2364 daemonibus,
3533 2299 3626 2354 sed

2052 2405 2265 2444 summo
2297 2390 2409 2445 Deo
2441 2390 2644 2445 subditi
2673 2406 2860 2446 sumus
2891 2406 2986 2461 per
3007 2389 3190 2445 Jesum
3214 2393 3626 2461 Christum,qui

2055 2497 2153 2535 nos
2182 2482 2247 2536 ad
2281 2482 2428 2536 illum
2461 2483 2704 2538 adduxit.
2760 2481 2943 2552 Neque
2973 2498 3101 2538 vero
3154 2499 3219 2538 ex
3269 2482 3364 2536 Dei
3421 2482 3628 2554 legibus

2053 2571 2193 2626 nllus
2219 2572 2428 2628 daemon
2459 2575 2620 2629 rebus
2664 2574 2892 2629 terrenis
2926 2574 3214 2644 praesidet;
3250 2576 3342 2630 sed
3385 2591 3484 2645 pro
3531 2591 3626 2630 sua

2054 2666 2330 2734 impietate
2373 2667 2618 2736 quaedam
2649 2666 2878 2722 fortasse
2911 2669 3013 2723 sibi
3046 2669 3324 2744 elegerunt
3378 2669 3496 2722 loca
3537 2669 3627 2723 ubi

2052 2760 2198 2814 nulla
2231 2769 2316 2816 est
2348 2760 2438 2814 Dei
2476 2760 2705 2828 vitaeque
2756 2759 2868 2814 Deo
2919 2771 3154 2830 accepta:
3226 2761 3484 2830 cognitio,
3538 2772 3629 2814 aut

2054 2853 2143 2907 ubi
2179 2853 2332 2908 multi
2366 2864 2494 2908 sunt
2521 2853 2823 2908 divinitatis
2853 2853 3074 2920 hostes;
3113 2857 3253 2908 forte
3297 2855 3463 2909 etiam
3490 2869 3620 2924 quo-

2054 2946 2196 2999 niam
2229 2945 2371 3014 digui
2419 2954 2546 3000 sunt
2569 2945 2660 3013 qui
2698 2945 2855 2998 malis
2882 2945 3127 3014 praesint,
3155 2961 3354 3016 eosque
3380 2946 3626 3016 puniant,

2054 3034 2287 3090 Verbum
2320 3035 2464 3105 quod
2507 3036 2650 3104 regit
2681 3037 2864 3090 omnia
2899 3036 3043 3090 dedit
3087 3037 3191 3091 illis
3220 3037 3272 3091 in
3305 3052 3398 3094 eos
3424 3037 3631 3106 princi-

377 3121 482 3174 ὑπὸ
519 3121 612 3175 τοῦ
645 3121 968 3187 διοικοῦντος
998 3123 1064 3176 τὰ
1093 3123 1188 3176 ὅλα
1224 3125 1396 3192 Λόγου
1436 3124 1739 3196 ἐτάχθησαν
1766 3125 1951 3196 ἄρχειν

2060 3135 2265 3196 patum,
2304 3126 2392 3194 qui
2429 3126 2542 3180 vitii
2591 3127 2770 3196 potius
2824 3142 2986 3195 quam
3023 3127 3118 3181 Dei
3155 3128 3378 3197 imperio
3423 3143 3482 3182 se
3527 3129 3630 3198 ipsi

375 3211 485 3267 τῶν
511 3213 737 3276 ἐαυτοὺς
767 3214 1147 3279 ὑποταξάντων
1178 3218 1244 3286 τῇ
1273 3216 1460 3287 κακίᾳ,
1493 3217 1587 3269 καὶ
1608 3217 1666 3270 οὐ
1698 3215 1776 3286 τῷ
1813 3216 1948 3288 Θεῷ.

377 3303 488 3356 Καὶ
529 3302 616 3356 διὰ
649 3303 872 3356 τοιαῦτα
904 3305 961 3357 δὲ
1005 3305 1210 3368 Κέλσος
1254 3307 1371 3376 μὲν,
1420 3308 1495 3370 ὡς
1547 3307 1756 3376 ἀγνοῶν
1801 3308 1952 3373 Θεὸν,

378 3392 446 3446 τὰ
476 3395 800 3465 χαριστήρια
826 3395 1074 3464 δαίμοσιν
1104 3397 1401 3449 ἀποδιδότω
1420 3415 1432 3426 ·
1469 3399 1626 3466 ἡμεῖς
1662 3398 1716 3449 δὲ
1744 3397 1820 3468 τῷ
1859 3398 1952 3451 τοῦ

379 3485 580 3548 παντὸς
635 3484 961 3555 Δημιουργῷ
1012 3485 1454 3556 εὐχαριστοῦντες
1503 3486 1635 3557 (15),
1690 3488 1783 3539 καὶ
1829 3489 1955 3549 τοὺς

381 3575 496 3646 μετ’
529 3573 874 3646 εὐχαριστίας
898 3574 990 3627 καὶ
1016 3575 1178 3644 εὐχῆς
1199 3574 1296 3645 τῆς
1325 3575 1416 3626 ἐπὶ
1433 3577 1543 3637 τοῖς
1565 3574 1762 3628 δοθεῖσι
1782 3593 1953 3645 προσ-

377 3666 676 3736 αγομένυυς
724 3663 922 3735 ἄρτους
972 3664 1243 3734 ἐσθίομεν,
1295 3663 1451 3735 σῶμα
1503 3665 1825 3735 γενομένους
1869 3665 1956 3718 διὰ

377 3759 474 3830 τὴν
516 3757 680 3827 εὐχὴν
719 3755 872 3824 ἆγιόν
917 3774 972 3809 τι
1015 3756 1109 3809 καὶ
1150 3755 1376 3824 ἁγιάζον
1413 3756 1539 3819 τοὺς
1587 3756 1724 3827 μετὰ
1769 3757 1954 3826 ὑγιοῦς

377 3847 687 3918 προθέσεως
716 3846 864 3918 αὐτῷ
894 3848 1208 3918 χρωμένους
1242 3845 1374 3919 (16).

460 3937 621 3989 Ἀλλὰ
667 3937 760 3989 καὶ
807 3937 1060 4008 ἀπαρχὰς
1091 3938 1295 4002 Κέλσος
1346 3939 1444 4009 μὲν
1494 3940 1788 4011 δαιμονίοις
1827 3941 1955 3994 ἀνα-

380 4028 580 4081 τιθέναι
627 4026 910 4096 βούλεται,
958 4031 1121 4098 ἡμεῖς
1173 4029 1230 4081 δὲ
1273 4028 1350 4099 τῷ
1394 4031 1634 4083 εἰπόντι·
1679 4034 1953 4100 Βλαστη-

379 4120 541 4174 σάτω
588 4120 628 4187 ἡ
685 4118 762 4189 γῆ
801 4121 1074 4187 ,βοτάνην
1127 4121 1364 4188 χόρτου,
1424 4121 1677 4188 σπεῖρον
1718 4121 1953 4192 σπέρμα

379 4207 527 4261 κατὰ
556 4206 729 4277 γένος
760 4207 858 4260 καὶ
915 4207 1041 4261 καθ’
1072 4209 1409 4276 ὁμοιότητα,
1446 4211 1545 4262 καὶ
1593 4210 1783 4273 ξύλον
1809 4211 1950 4280 κάρ-

377 4315 558 4368 πιμον
599 4297 813 4352 ποιοῦν
862 4298 1110 4366 καρπὸν,
1164 4296 1235 4354 οὗ
1292 4299 1356 4352 τὸ
1396 4301 1632 4369 σπέρμα
1661 4303 1846 4356 αὐτοῦ
1884 4304 1952 4356 ἐν

377 4391 538 4456 αὐτῷ
569 4392 718 4444 κατὰ
738 4390 909 4460 γένος
951 4391 1048 4443 ἐπὶ
1082 4389 1193 4458 τῆς
1231 4392 1360 4461 γῆς.
1390 4386 1458 4462 ᾯ
1490 4394 1546 4446 δὲ
1569 4393 1666 4456 τὰς
1695 4394 1950 4466 ἀπαρχὰς

2059 3217 2430 3272 subdiderunt.
2459 3217 2648 3273 Celsus
2700 3218 2864 3287 igitur
2905 3234 2967 3273 ea
3014 3219 3080 3272 de
3135 3233 3325 3284 causa,
3353 3229 3413 3272 ut
3461 3220 3627 3274 Deum

2059 3309 2332 3379 ignorans,
2363 3309 2565 3377 gratias
2598 3309 2936 3364 daemonibus
2992 3319 3145 3379 agat;
3184 3325 3282 3364 nos
3326 3311 3414 3379 qui
3471 3311 3631 3380 hujus

2057 3398 2429 3453 universitatis
2461 3397 2736 3452 Conditori
2785 3401 2986 3469 gratias
3022 3399 3255 3468 agimus,
3289 3414 3414 3454 eum
3447 3400 3626 3468 preci-

2058 3488 2158 3542 bus
2185 3496 2239 3541 et
2264 3489 2564 3556 gratiarum
2602 3490 2820 3544 actione
2843 3490 3055 3544 oblatos
3089 3489 3299 3543 edimus
3323 3504 3512 3557 panes,
3537 3476 3652 3560 qui

2056 3584 2278 3644 propter
2304 3577 2606 3630 orationem
2649 3577 2784 3631 ﬁunt
2837 3593 3038 3646 corpus
3063 3578 3351 3645 quoddam.
3381 3589 3629 3634 sanctum

2055 3669 2196 3734 quod
2248 3681 2383 3721 sano
2435 3667 2714 3738 proposito
2768 3668 3225 3723 manducantibus
3281 3670 3626 3724 sanctitatem

2055 3758 2306 3828 largitur.

2125 3934 2214 3987 54.
2250 3933 2527 3990 Primitias
2600 3951 2816 4005 quoque
2883 3938 3216 3995 dmmouibus
3275 3936 3472 3994 otierre
3516 3939 3630 3993 vult

2054 4023 2271 4089 Celsus;
2305 4036 2360 4078 at
2388 4041 2486 4081 nos
2511 4027 2586 4080 illi
2618 4029 2707 4096 qui
2745 4028 2880 4082 dixit
2912 4046 2924 4080 :
2960 4028 3222 4083 Germinet
3251 4038 3389 4083 terra
3415 4030 3626 4084 herbam

2055 4115 2179 4183 [teni
2205 4117 2483 4186 facientem
2512 4134 2683 4171 semen
2729 4120 3010 4174 secundum
3067 4137 3227 4190 genus
3264 4130 3311 4173 et
3342 4121 3627 4174 secundum

2053 4207 2469 4276 similitudinem,
2508 4219 2554 4262 et
2579 4208 2780 4279 lignum
2807 4212 3138 4280 fructiferum
3162 4212 3358 4280 faciens
3374 4210 3624 4278 fructum,

2054 4301 2206 4369 cujus
2241 4316 2413 4354 semen
2459 4302 2512 4352 in
2540 4303 2812 4371 semetipso
2848 4305 2914 4354 sit
2967 4303 3248 4356 secundant
3285 4317 3446 4371 genus
3474 4318 3629 4371 super

2054 4391 2344 4444 terram“.
2365 4393 2459 4445 Cui
2497 4402 2678 4446 autem
2717 4393 2986 4459 primitias
3017 4393 3235 4458 damus,
3295 4395 3469 4448 eidem
3501 4393 3629 4448 feri-

375 4483 694 4554 ἀποδίδομεν
723 4481 856 4552 (17),
891 4481 1062 4553 τούτῳ
1089 4485 1181 4537 καὶ
1206 4484 1303 4547 τὰς
1338 4485 1502 4554 εὐχὰς
1531 4487 1945 4557 ἁναπέμπομεν,

2060 4495 2173 4532 mus
2205 4495 2414 4548 preces,
2438 4483 2682 4535 habentes
2714 4483 3010 4551 pontiﬁcem
3046 4499 3292 4552 magnum
3313 4522 3328 4547 ,
3357 4483 3446 4554 qui
3475 4499 3630 4551 pene-

373 4578 618 4646 ἔχοντες
649 4575 923 4645 ἀρχιερέα
961 4577 1174 4645 μέγαν,
1225 4575 1625 4644 διεληλυθότα
1670 4579 1811 4645 τοὺς
1851 4581 1952 4633 οὺ-

369 4666 614 4734 ρανοὺς,
659 4658 907 4734 Ἰησοῦν
928 4665 1030 4718 τὸν
1064 4665 1200 4718 Υἱόν
1232 4665 1338 4718 τοῦ
1359 4667 1504 4720 Θεοῦ
1525 4685 1537 4697 ο
1569 4667 1666 4721 καὶ
1699 4670 1948 4736 κρατοῦ-

370 4775 486 4826 μεν
520 4757 630 4824 τῆς
673 4757 994 4826 ὁμολογίας
1046 4756 1148 4819 ἕως
1201 4756 1267 4809 ἂν
1319 4756 1520 4828 ζῶμεν,
1570 4758 1947 4831 φιλανθρώπου

377 4847 731 4914 τυγχάνοντες
759 4847 851 4900 τοῦ
884 4846 1042 4911 Θεοῦ,
1073 4848 1164 4900 καὶ
1194 4846 1288 4900 τοῦ
1319 4850 1656 4919 Μονογενοῦς
1697 4851 1858 4904 αὐτοῦ
1892 4853 1950 4905 ἐν

390 4933 564 5003 Ἰησοῦ
610 4936 739 5004 ἡμῖν
784 4937 1185 5007 φανερουμένου
1225 4936 1356 5008 (18).
1405 4939 1468 4991 El
1511 4938 1568 4991 δὲ
1607 4939 1698 4990 καὶ
1750 4938 1949 5008 πλῆθος

377 5023 649 5095 ποθοῦμεν
681 5019 755 5079 ὧν
795 5027 1189 5097 φιλανθρώπων
1215 5030 1500 5101 τυγχάνειν
1537 5029 1780 5102 θέλομεν,
1815 5048 1950 5100 μαν-

2055 4573 2207 4625 travit
2237 4572 2411 4637 ccelos,
2441 4572 2620 4626 Jesum
2656 4572 2853 4626 Filium
2884 4573 3068 4638 Dei,et
3092 4575 3230 4629 hanc
3258 4585 3486 4628 tenemus
3508 4591 3628 4627 con-

2055 4661 2332 4730 fessionem
2355 4665 2399 4698 ⁸⁸
2435 4678 2530 4731 per
2561 4673 2727 4718 totam
2761 4666 2946 4729 vitam,
2991 4667 3118 4735 quia
3182 4665 3483 4720 beneﬁcum
3529 4680 3628 4720 ex-

2054 4754 2295 4822 perimur
2368 4755 2534 4808 Deum
2563 4765 2616 4810 et
2644 4755 2992 4823 Unigenitum
3049 4760 3168 4827 ejus
3219 4760 3312 4829 qui
3367 4758 3522 4814 nobis
3573 4759 3626 4813 in

2055 4845 2179 4900 Jesu
2211 4846 2563 4913 conspicuum
2593 4863 2651 4902 se
2681 4851 2931 4917 praebuit.
2961 4850 3114 4916 Quod
3137 4852 3181 4904 si
3223 4852 3390 4905 etiam
3432 4865 3628 4919 magno

2057 4950 2280 4990 numero
2306 4936 2552 5004 cupimus
2603 4953 2746 5005 esse,
2777 4955 2912 5008 quos
2955 4939 3230 4997 beneﬁcos
3270 4941 3426 4997 nobis
3471 4939 3627 4996 volu-

2062 5046 2201 5098 mus,
2244 5032 2404 5104 767
2435 5032 2715 5097 docemur,
2750 5033 2916 5088 decies
2959 5034 3148 5088 millies
3194 5044 3406 5088 centena
3456 5031 3626 5086 millia

448 5182 494 5214 “
546 5181 564 5236 Ι
617 5182 758 5237 Tim.
809 5198 882 5247 tv,
919 5184 974 5249 4,
1008 5184 1063 5238 5.
1142 5184 1189 5217 ⁶¹
1236 5185 1432 5240 Genes.
1463 5201 1502 5251 ι,
1534 5185 1620 5238 11.
1696 5186 1740 5216 ⁸⁸
1776 5185 1937 5240 Hebr.
1967 5201 2044 5249 tv,
2082 5186 2168 5243 14.

450 5359 562 5430 (1.5)
593 5359 746 5427 Mss.,
772 5361 991 5432 νόμους,
1015 5363 1200 5432 sicque
1230 5363 1282 5416 in
1315 5371 1462 5417 textu
1490 5364 1652 5418 habet
1690 5363 1944 5419 Hmsche-

377 5430 484 5502 lius
515 5432 711 5502 guiad
743 5430 1040 5502 marginem
1077 5431 1262 5502 rejeeit
1290 5433 1474 5502 νόμον.

449 5499 560 5569 (14)
588 5500 744 5563 Μεε.,
779 5499 1054 5564 διείλοντο,
1085 5501 1204 5555 libri
1235 5499 1394 5554 antea
1422 5501 1574 5563 editi,
1611 5503 1870 5556 διελόντα.

447 5569 566 5640 (15)
591 5569 758 5642 Codd.
802 5569 937 5642 R__eg.
986 5581 1039 5623 et
1070 5570 1260 5637 Basil.,
1288 5571 1752 5642 εὐχαριστοῦντες.
1785 5573 1939 5629 Libh.

377 5640 548 5711 et|i_t_.,»
570 5640 1006 5711 εὐαρεστοῦντες.

450 5709 558 5831 ([166)
594 5708 744 5775 Mss,
801 5708 1159 5779 χρωμένους.
1207 5710 1364 5768 Libb.
1417 5711 1570 5777 editi,
1626 5713 1940 5785 χρωμένων,

379 5791 534 5834 male.

2126 5365 2237 5436 (l7)
2272 5365 2426 5428 Mss.,
2455 5367 2776 5436 ἀποδίδομεν
2805 5361 3124 5436 recte,_libl_i.
3155 5375 3280 5436 vero
3309 5360 3460 5426 editi,
3485 5361 3628 5436 απο-

2050 5429 2295 5506 δίδωμεν.
2326 5436 2462 5506 lnl'ra
2513 5429 2891 5506 Hmschelius,‘
2915 5429 3294 5506 φιλανθρώπου
3329 5431 3624 5506 τυγχάνον·-

2049 5499 2192 5626 ’ἐπ”
2215 5505 2386 5571 Θεοῦ,
2438 5506 2743 5575 Speneerus
2818 5499 3201 5572 φιλανθρώπου
3267 5499 3626 5570 τυγχάνοντος

2095 5592 2205 5626 εου.

2095 5592 2205 5628 εου.

2119 5645 2232 5714 (18)
2266 5644 2461 5698 Αὐτοῦ
2495 5645 2566 5697 ἐν
2608 5641 2988 5714 Ἰησοῦᾷἡμῖν
3025 5641 3490 5714 φανερουμένου.
3548 5640 3623 5696 lla

2049 5712 2250 5768 habent
2285 5714 2442 5767 codd.
2488 5713 2686 5781 Regius
2716 5721 2770 5765 et
2822 5712 3171 5777 Basileeusis,
3204 5712 3324 5764 libri
3355 5727 3484 5769 vero
3521 5727 3615 5765 au-

2051 5795 2134 5838 lea
2165 5785 2314 5847 editi,
2349 5782 2511 5835 αὐτοῦ
2549 5781 2720 5852 Ἰησοῦ
2748 5783 2803 5834 ἐν
2832 5784 2962 5851 ἡμῖν
2995 5781 3414 5853 φανερουμένου.
