3972 6160
424 293 556 350 1571

1841 283 2160 342 ORIGENIS

3537 274 3686 329 1572

424 415 523 484 ipsi
560 413 774 468 oculum
803 412 1079 475 ell'oderat,
1124 425 1230 466 non
1285 411 1458 466 solum
1521 423 1628 462 non
1685 406 1832 461 ultus
1885 416 1990 474 est,

2110 404 2188 457 ιοῦ
2209 403 2300 455 τὸν
2328 399 2626 471 ὀφθαλμὸν,
2643 399 2704 451 οὐ
2725 398 2884 468 μόνον
2906 397 3006 450 οὐκ
3026 396 3294 467 ἠμύνατο,
3313 394 3448 447 ἀλλὰ
3467 395 3558 448 καὶ
3584 392 3687 446 οὐκ

424 506 520 561 sed
542 506 692 560 illum
732 504 1040 559 salubribus
1069 501 1288 556 monitis
1327 503 1608 554 incantare
1662 514 1765 552 non
1811 499 1994 562 desiit,

426 599 599 651 donec
631 594 984 665 philosophia:
1017 607 1238 661 operam
1273 591 1404 644 dare
1434 590 1729 659 persuasit.
1764 589 1829 643 Et
1853 590 2002 644 Zeno

426 689 626 746 dicenti
664 704 678 740 :
711 686 1014 757 Dispeream
1044 685 1097 737 ni
1147 685 1344 738 malum
1393 683 1486 736 tibi
1526 683 1750 746 dedero;
1787 696 2001 750 respon-

428 781 508 834 dit
541 796 555 831 :
587 777 659 831 Ει
710 791 828 845 ego,
888 775 941 827 ni
993 773 1121 826 mihi
1154 781 1201 826 te
1233 772 1458 824 amicum
1509 767 1712 836 fecero.
1764 767 1999 821 Necdum

432 871 627 939 loquor
652 868 719 923 de
748 867 814 921 iis
844 865 935 935 qui
970 867 1035 920 ad
1076 865 1204 918 .lesu
1231 863 1532 917 doctrinam
1591 858 1808 913 formati
1859 857 2002 912 istud

427 962 719 1017 audierunt
752 975 766 1011 :
796 957 1010 1026 Diligite
1061 955 1302 1009 inimicos
1350 964 1573 1018 vestros,
1626 962 1673 1006 et
1723 963 1867 1006 orate
1909 967 2002 1019 pro

425 1052 843 1120 persequentibus
862 1065 970 1113 vos,
996 1058 1050 1101 ut
1074 1048 1188 1101 sitis
1214 1047 1313 1115 ﬁlii
1337 1044 1516 1097 Patris
1542 1045 1696 1097 vestri
1712 1045 1800 1112 qui
1823 1044 1876 1096 in
1902 1057 2004 1095 cae-

425 1146 490 1199 lis
521 1153 618 1210 est,
657 1143 746 1212 qui
771 1140 932 1194 solem
955 1155 1106 1192 suum
1132 1139 1258 1190 oriri
1284 1136 1410 1204 facit
1438 1150 1596 1204 super
1622 1134 1778 1187 bonos
1804 1141 1851 1186 et
1887 1149 2000 1186 ma-

425 1239 528 1301 los,
554 1244 602 1288 et
630 1232 764 1301 pluit
801 1246 958 1297 super
1019 1229 1188 1296 iustos
1217 1239 1263 1281 et
1297 1226 1603 1295 injustas".
1665 1225 1730 1278 Et
1773 1225 1824 1277 in
1874 1237 2001 1292 pro-

427 1321 662 1390 pheticis
713 1317 949 1386 eloquiis
1001 1317 1081 1369 sic
1157 1315 1396 1382 loquitur
1440 1315 1619 1382 justus
1678 1327 1691 1362 :
1755 1309 1999 1371 Domine,

429 1413 569 1466 Deus
599 1426 764 1474 meus,
801 1408 846 1461 si
881 1407 981 1475 feci
1016 1407 1180 1469 istud,
1206 1407 1250 1458 si
1277 1413 1353 1458 est
1387 1403 1640 1473 iniquitas
1680 1402 1734 1455 in
1759 1401 2004 1454 manibus

427 1505 576 1568 meis,
607 1503 651 1555 si
687 1500 893 1553 reddidi
947 1496 1353 1550 retribuentibus
1387 1495 1522 1553 mihi
1548 1494 1711 1557 mala,
1767 1493 2003 1546 decidam

429 1595 602 1663 utique
622 1593 684 1644 ab
709 1589 935 1643 inimicis
965 1589 1091 1641 meis
1123 1588 1321 1641 inanis.
1361 1585 1713 1653 Persequalur
1761 1583 2004 1635 inimicus

427 1687 657 1737 animam
685 1698 874 1747 meam,
904 1690 953 1734 et
985 1679 1406 1748 comprehendat,
1425 1686 1471 1730 et
1491 1675 1754 1730 conculcet
1784 1675 1839 1727 in
1864 1684 2004 1727 terra

427 1777 591 1828 vitam
621 1790 789 1828 meam
804 1773 872 1825 ⁷⁸⁵.
949 1839 952 1848 ῳ

499 2037 591 2095 '56.
614 2036 798 2106 Neque
827 2050 954 2091 vero
982 2034 1182 2104 angeli,
1214 2033 1305 2103 qui
1333 2031 1428 2086 Dei
1451 2041 1576 2086 sunt
1598 2030 1710 2086 veri
1741 2038 1996 2100 satrapm,

428 2130 708 2200 praesides,
745 2129 1098 2198 imperatores
1130 2135 1183 2180 et
1213 2131 1609 2193 procuratores,
1665 2121 1806 2176 mala
1857 2119 1998 2176 inle-

431 2232 580 2288 ruut,
606 2231 663 2277 ut
692 2231 843 2290 putat
873 2219 1084 2282 Celsus,
1119 2218 1186 2271 iis
1225 2233 1256 2271 a
1283 2216 1479 2284 quibus
1499 2226 1616 2269 orta
1649 2213 1782 2284 ipsis
1806 2221 1890 2267 est
1919 2211 2001 2265 in-

393 2301 594 2386 ‘juria.
620 2313 773 2380 Quod
802 2311 846 2366 si
875 2309 1093 2380 quidam
1117 2309 1409 2370 daemones,
1440 2306 1603 2378 769
1639 2321 1775 2374 quos
1798 2305 1850 2359 in
1882 2305 2000 2357 ani-

2104 465 2383 547 ἐπαύσατό
2427 465 2746 559 κατεπᾴδων
2794 487 2965 558 αὐτῷ,
3008 465 3113 550 ἕως
3157 485 3318 539 αὐτὸν
3361 485 3526 555 πείσῃ
3569 465 3712 554 (24).

2105 583 2411 653 φιλοσοφεῖν
2435 596 2448 610 ο
2485 581 2667 649 Ζήνων
2697 577 2754 630 δὲ
2801 577 2936 647 πρὸς
2983 575 3076 628 τὸν
3119 574 3365 640 εἰπόντα,
3422 574 3686 627 Ἀπολοίο

2097 692 2242 743 μην,
2274 674 2383 726 ἐὰν
2430 670 2514 739 μή
2562 687 2652 723 σε·
2679 667 3127 738 τιμωρήσωμαι]
3189 667 3329 737 Ἐγὼ
3365 666 3453 731 δὲ,
3509 661 3687 727 εἶπεν,

2102 765 2209 818 ἐὰν
2238 763 2324 832 μή
2357 777 2430 816 σε
2479 763 2661 831 φίλον
2703 758 3045 828 κτήσωμαι]
3079 759 3191 812 Καὶ
3231 758 3354 811 οὐδὲ
3403 775 3490 810 πω
3539 756 3693 824 λέγω

2103 856 2228 918 τοὺς
2288 853 2428 906 κατὰ
2470 851 2568 922 τὴν
2617 848 2965 903 διδασκαλίαν
3001 847 3175 919 Ἰησοῦ
3247 847 3685 916 πεποιωμένους,

2104 946 2198 999 καὶ
2225 943 2570 1004 ἀκούσαντας
2584 939 2696 993 τοῦ·
2747 937 3025 1007 Ἀγαπᾶτε
3044 937 3187 1004 τοὺς
3215 937 3465 1007 ἐχθροὺς
3495 935 3686 1005 ὑμῶν,

2105 1039 2202 1091 καὶ
2243 1037 2657 1106 προσεύχεσθε
2688 1031 2840 1100 ὑπὲρ
2882 1030 2999 1084 τῶν
3021 1030 3462 1098 ἐπηρεαζόντων
3487 1028 3641 1098 ὑμᾶς
3667 1069 3687 1091 ,

2105 1127 2263 1192 ὅπως
2302 1128 2558 1196 γένησθε
2586 1125 2704 1178 υἱοὶ
2733 1123 2840 1176 τοῦ
2878 1121 3108 1189 Πατρός
3137 1121 3304 1190 ὑμῶν
3332 1120 3436 1173 τοῦ
3461 1121 3532 1172 ἐν
3558 1119 3692 1185 τοῖς

2105 1217 2401 1286 οὐρανοῖς,
2435 1216 2502 1282 ὃς
2537 1215 2644 1268 τὸν
2676 1215 2854 1282 ἣλιον
2881 1212 3067 1267 αὑτοῦ
3096 1212 3418 1266 ἀνατέλλει
3449 1212 3545 1265 ἐπὶ
3577 1225 3694 1265 πο-

2103 1309 2329 1377 νηροὺς
2379 1307 2476 1362 καὶ
2528 1306 2823 1375 ἀγαθοὺς,
2876 1303 2974 1358 καὶ
3018 1303 3227 1373 ,βρέχει
3271 1304 3372 1356 ἐπὶ
3411 1303 3692 1369 δικαίους

2105 1402 2202 1454 καὶ
2241 1401 2505 1464 ἀδίκους.
2545 1400 2656 1451 Καὶ
2694 1399 2750 1449 ἐν
2795 1399 2910 1458 τοῖς
2953 1397 3309 1466 προφητικοῖς
3345 1393 3402 1446 δὲ
3446 1394 3622 1461 λόγοις
3654 1397 3692 1448 ὁ

2105 1497 2310 1560 δίκαιος
2331 1495 2554 1548 τοιαῦτά
2579 1511 2709 1565 φησι
2730 1510 2742 1522 ·
2768 1493 2944 1560 Κύριε
2969 1495 3001 1545 ὀ
3032 1491 3176 1556 Θεός
3195 1508 3334 1558 μου,
3357 1493 3407 1543 εὶ
3427 1490 3694 1558 ἐποίησα

2105 1587 2302 1649 τοῦτο,
2332 1589 2383 1640 εὶ
2411 1587 2583 1639 ἐστιν
2623 1584 2816 1636 ἀδικία
2857 1584 2929 1636 ἐν
2961 1583 3134 1650 χερσί
3159 1601 3300 1651 μου,
3343 1585 3395 1636 εὶ
3431 1584 3693 1638 ἀνταπέ-

2107 1677 2265 1730 δωκα
2302 1677 2425 1743 τοῖς
2461 1675 2934 1731 ἄνταποδιδοῦσι
2957 1692 3054 1744 μοι
3104 1673 3259 1727 κακά
3281 1690 3293 1703 ·
3325 1673 3692 1744 ἀποπέσοιμι

2031 1769 2072 1822 Β
2101 1769 2214 1836 ἄρα
2251 1768 2369 1823 ἀπὸ
2403 1769 2521 1822 τῶν
2547 1769 2775 1837 ἐχθρῶν
2802 1785 2938 1848 μου,
2971 1767 3166 1832 κενὸς,
3193 1766 3547 1829 καταδιώξαι
3571 1767 3692 1835 ἄρα

2101 1863 2134 1912 ὁ
2175 1859 2389 1928 ἐχθρὸς
2437 1860 2551 1928 τὴν
2594 1859 2808 1928 ψυχήν
2845 1875 2999 1928 μου,
3053 1857 3151 1911 καὶ
3207 1856 3548 1922 καταλάϐοι,
3584 1855 3694 1912 καὶ

2101 1951 2514 2018 καταπατῆσαι
2543 1954 2631 2018 εὶς
2670 1951 2788 2022 γῆν
2829 1951 2943 2018 τὴν
2970 1948 3120 2016 ζωήν
3146 1950 3299 2018 μου]

2186 2042 2347 2096 Ἀλλὰ
2383 2043 2502 2113 οὐχ,
2533 2043 2608 2107 ὼς
2640 2043 2810 2099 οἴεται
2841 2042 3067 2105 Κέλσος,
3097 2041 3422 2112 βλάπτουσιν
3465 2043 3514 2094 oi
3554 2041 3695 2112 ἀλη-

2102 2131 2210 2194 θῶς
2268 2133 2566 2202 σατράπαι,
2626 2133 2721 2184 καὶ
2771 2130 3040 2201 ὕπαρχοι,
3085 2131 3181 2184 καὶ
3224 2131 3539 2202 στρατηγοὶ,
3591 2133 3693 2185 καὶ

2101 2222 2382 2294 ἐπίτροποι
2398 2223 2489 2276 τοῦ
2509 2223 2643 2276 Θεοῦ
2661 2222 2878 2291 ἄγγελοι
2892 2223 3018 2285 τοὺς
3034 2221 3353 2292 ὑϐρίζοντας
3367 2239 3379 2250 ·
3403 2225 3449 2275 ει
3465 2221 3523 2274 δέ
3539 2240 3693 2286 τινες

2103 2309 2399 2381 βλάπτουσι
2445 2312 2714 2382 δαίμονες,
2756 2309 2850 2373 οὓς
2894 2308 3202 2382 ἐφαντάσθη
3245 2312 3338 2363 καὶ
3381 2313 3409 2363 6
3451 2311 3688 2377 Κέλσος,

431 2421 519 2461 mo
545 2403 734 2459 habuit
763 2412 817 2456 et
839 2401 1052 2465 Celsus,
1085 2398 1225 2453 mala
1273 2397 1546 2463 inferunt,
1583 2397 1636 2452 id
1686 2395 1896 2451 faciunt
1943 2403 2000 2447 ut

2110 2403 2432 2474 βλάπτουσιν
2464 2405 2540 2468 ὡς
2573 2404 2784 2476 φαῦλοι,
2822 2406 2914 2458 καὶ
2950 2405 3218 2475 μηδεμίαν
3256 2403 3615 2474 σατραπείαν,
3650 2401 3689 2471 ἦ

429 2496 580 2561 mali,
607 2510 707 2549 nec
730 2502 946 2562 accepta
973 2509 1002 2546 a
1028 2491 1139 2546 Deo
1191 2490 1301 2544 ulla
1355 2488 1594 2558 satrapia
1647 2496 1741 2542 aut
1775 2486 2000 2557 imperio

2110 2500 2459 2570 στρατηγίαν,
2507 2497 2539 2568 ἢ
2601 2499 2902 2567 ἐπιτροπὴν
2975 2497 3109 2550 Θεοῦ
3177 2495 3683 2567 ἐγκεχειρισμένοι’

429 2595 524 2641 aut
575 2584 976 2656 procuratione.
1007 2585 1183 2653 Atque
1225 2585 1389 2638 etiam
1416 2596 1513 2636 eos
1553 2580 1774 2644 laedunt,
1805 2581 1896 2649 qui
1943 2595 2000 2634 se

2110 2586 2194 2639 καὶ
2244 2586 2536 2656 βλάπτουσι
2575 2586 2701 2648 τοὺς
2747 2585 3142 2656 ὑποκειμένους
3186 2586 3369 2647 αὐτοῖς
3416 2585 3508 2636 καὶ
3551 2583 3690 2634 ὑπο-

429 2679 537 2734 illis
593 2676 886 2746 subjiciunt
947 2683 1110 2744 atque
1159 2673 1482 2729 submittunt
1537 2672 1692 2742 quasi
1745 2671 1997 2727 dominis.

2110 2678 2368 2744 τάξαντας
2421 2680 2647 2742 ἑαυτοὺς
2677 2679 2752 2743 ὡς
2784 2678 3073 2741 δεσπόταις
3106 2679 3354 2740 ἐκείνοις.
3390 2677 3545 2746 Τάχα
3577 2673 3691 2746 γὰρ

430 2769 590 2834 Hinc,
627 2777 684 2822 ut
718 2768 955 2832 videtur,
989 2766 1190 2822 accidit
1221 2774 1279 2820 ut
1310 2767 1402 2835 qui
1430 2765 1566 2819 cibis
1617 2779 1714 2834 per
1755 2764 1898 2834 leges
1921 2763 1999 2818 lo-

2110 2770 2196 2822 καὶ
2236 2771 2323 2824 διὰ
2359 2769 2516 2823 τοῦτο
2549 2772 2597 2823 οἱ
2638 2769 2759 2824 καθ’
2794 2770 3021 2825 ἕκαστον
3064 2769 3226 2823 τόπον
3257 2772 3336 2832 εἰς
3370 2769 3437 2821 τὰ
3469 2785 3689 2837 νενομι-

429 2874 621 2915 eorum
649 2858 833 2912 velitis
875 2865 1127 2921 utuntur,
1159 2855 1204 2911 si
1237 2856 1573 2910 daemonibus
1634 2855 1742 2909 illis
1799 2854 1997 2909 subditi

2110 2860 2275 2930 σμένα
2321 2860 2585 2932 βρώματα
2620 2861 2694 2931 μὴ
2741 2861 2850 2914 δεῖν
2896 2859 3173 2914 ἐσθίεσθαι
3216 2859 3690 2931 παρανομοῦντες,

432 2962 578 3019 sunt,
612 2964 803 3021 poenas
837 2951 999 3016 deut;
1030 2949 1110 3005 sin
1141 2950 1240 3003 sub
1286 2947 1392 3002 illis
1427 2963 1531 3002 non
1575 2948 1704 3012 sint,
1764 2961 1863 3001 nec
1896 2946 1999 3002 loci

2110 2952 2152 3003 sl.
2205 2952 2304 3022 μὲν
2337 2951 2445 3005 τῶν
2503 2952 2607 3006 ὑπὸ
2638 2953 2763 3014 τοὺς
2809 2952 3065 3022 δαίμονας
3107 2947 3216 3004 εἶεν
3256 2951 3517 3013 ἐκείνους,
3557 2949 3692 3018 βλά-

430 3043 698 3100 dzntnonio
722 3057 780 3096 se
801 3037 1348 3103 submiserint,soluti
1375 3052 1404 3092 a
1421 3053 1703 3108 poenarum
1727 3048 1870 3093 metu
1889 3039 1997 3094 dae-

2110 3060 2361 3098 πτονται·
2397 3046 2445 3097 εἰ
2479 3044 2535 3097 δέ
2574 3062 2720 3107 τινες
2757 3043 2865 3098 τῶν
2894 3045 2993 3114 οὐχ
3027 3044 3116 3096 ὑπ’
3149 3043 3410 3106 ἐκείνους,
3436 3041 3559 3094 οὐδὲ
3591 3043 3695 3094 αὐ-

432 3137 614 3191 monia
645 3135 731 3189 illa
750 3131 1162 3199 valerejubeant
1181 3145 1198 3198 ;
1217 3145 1526 3200 quanquam
1557 3130 1600 3184 si
1624 3130 1745 3185 aliis
1766 3130 1996 3184 aliarum

2110 3138 2232 3200 τοὺς
2266 3137 2626 3202 ὑποτάξαντες
2657 3137 2736 3208 τῷ
2768 3138 2860 3191 τοῦ
2892 3108 3057 3191 τόπου
3081 3137 3341 3207 δαιμονίῳ
3369 3135 3503 3203 (25),
3537 3135 3695 3187 ἐλεύ-

431 3240 614 3282 rerum
636 3223 944 3294 ignorantia
962 3236 1019 3276 se
1047 3221 1413 3290 subjecerunt,
1442 3220 1655 3274 illorum
1688 3219 1876 3274 ultioni
1905 3220 2000 3275 ob-

2110 3227 2252 3298 θεροι
2287 3229 2395 3282 ἀπὸ
2426 3228 2520 3281 τοῦ
2568 3229 2658 3282 ὑπ’
2694 3231 2918 3284 ἐκείνων
2969 3229 3194 3291 παθεῖν,
3247 3225 3434 3298 μακρὰ
3477 3228 3692 3297 χαίρειν

432 3316 577 3372 noxii
607 3315 740 3371 sint.
769 3313 876 3368 Sed
912 3310 1278 3373 Christianus,
1324 3325 1506 3374 verus,
1551 3312 1770 3379 inquam
1792 3350 1809 3378 ,
1843 3311 2000 3366 Chri-

2110 3317 2348 3381 εἰπόντες
2373 3321 2484 3383 τοῖς
2514 3320 2735 3372 τοιοισδῖ
2767 3319 3091 3391 δαιμονίοις,
3123 3318 3302 3382 ἄλλοις
3322 3316 3410 3370 διὰ
3432 3317 3530 3388 τὴν
3561 3319 3696 3390 περὶ

429 3407 663 3471 stianus,
709 3406 799 3474 qui
848 3404 1013 3458 solius
1063 3401 1158 3456 Dei
1209 3401 1482 3472 Vcrbique
1517 3400 1636 3470 ejus
1687 3402 1914 3471 imperio
1942 3417 2000 3457 se

2110 3408 2242 3462 ἄλλα
2275 3409 2496 3478 ἄγνοιαν
2524 3413 2750 3476 ἑαυτοὺς
2783 3410 3168 3477 ὑποτάξαντες,
3204 3411 3295 3464 ὑπ’
3328 3410 3550 3464 ἐκείνων
3579 3410 3693 3463 πά-

430 3499 638 3564 subdit,
673 3513 796 3552 cum
827 3495 1163 3550 daemonibus
1190 3494 1537 3562 praestantior
1563 3495 1656 3559 sit,
1680 3493 1816 3547 nihil
1840 3509 1870 3547 a
1901 3494 2004 3548 daa-

431 3589 631 3644 moniis
657 3587 764 3657 pati
798 3565 994 3656 potest.
1023 3582 1188 3652 Cujus
1213 3584 1288 3637 rei
1315 3598 1476 3638 causa
1526 3593 1609 3638 est
1632 3583 1758 3653 quia
1792 3593 2000 3637 castra-

430 3681 714 3735 metabitur
761 3675 979 3748 angelus
1046 3673 1258 3728 Domini
1325 3674 1378 3728 in
1427 3675 1650 3728 circuitu
1710 3675 2001 3728 timentium

427 3787 568 3836 eum,
605 3781 656 3824 et
691 3771 871 3840 esipiet
912 3785 998 3822 eos
1013 3767 1080 3833 ⁷⁸,
1109 3777 1164 3822 et
1201 3767 1320 3836 ejus
1347 3767 1563 3837 angelus
1588 3808 1603 3832 ,
1655 3767 1748 3836 qui
1801 3783 2001 3836 semper

426 3863 565 3918 uidet
606 3862 794 3931 faciem
833 3857 1014 3914 Patris
1041 3859 1340 3925 ccclesiis",
1379 3859 1495 3928 ejus
1531 3873 1720 3928 preces
1775 3874 1871 3928 per
1923 3872 2004 3913 so-

429 3958 541 4012 lum
570 3957 910 4012 sacerdotem
938 3967 1191 4022 magnum
1217 3968 1432 4022 semper
1461 3954 1838 4009 universorum
1893 3955 2001 4012 Deo

428 4049 613 4115 oﬁ‘ert,
648 4060 703 4105 et
736 4050 852 4120 ipse
876 4057 1132 4120 precatur
1160 4061 1283 4102 cum
1316 4060 1406 4110 eo,
1459 4045 1614 4114 cujus
1673 4045 1775 4116 ipsi
1849 4059 1997 4099 com-

428 4145 594 4198 missa
625 4157 756 4197 cura
781 4150 884 4198 est.
913 4139 990 4194 Ne
1015 4139 1182 4210 igitur
1214 4153 1313 4194 nos
1337 4137 1591 4192 inanibus
1624 4136 1791 4191 larvis
1825 4146 2000 4191 terre-

429 4235 594 4290 l‘aciat
621 4234 829 4299 Celsus,
859 4231 1118 4286 minitans
1148 4244 1248 4285 nos
1278 4229 1615 4285 daemonibus
1637 4268 1654 4295 ,
1685 4242 1823 4298 quos
1848 4226 1999 4282 nihili

427 4326 697 4391 ducimus,
721 4324 951 4378 luiturus
968 4337 1173 4393 poenas.
1199 4320 1342 4376 Nihil
1362 4321 1509 4376 enim
1533 4319 1700 4391 spreti
1728 4319 2001 4374 daemones

429 4431 623 4472 nocere
645 4425 870 4486 possunt
897 4417 1075 4482 nobis,
1102 4416 1192 4486 qui
1225 4413 1530 4470 consecrati
1557 4427 1744 4468 sumus
1779 4411 1854 4466 illi
1904 4411 1996 4480 qui

428 4509 572 4564 solus
591 4522 779 4563 omnes
800 4522 899 4563 suo
925 4508 1125 4564 auxilio
1158 4508 1351 4573 dignos
1374 4505 1632 4574 adjuvare
1655 4513 1851 4572 potest,
1880 4506 2000 4571 qui-

426 4612 533 4668 que
557 4607 817 4667 praaterea
873 4611 1004 4652 suos
1057 4596 1162 4667 piis
1191 4597 1242 4650 in
1280 4596 1427 4650 illum
1475 4594 1695 4666 angelos
1753 4593 1998 4663 praeﬁcit,

428 4695 611 4743 utnec
637 4687 934 4742 adversarii
969 4686 1168 4756 angeli,
1199 4701 1298 4741 nec
1353 4701 1543 4740 eorum
1603 4686 1877 4755 princeps,
1905 4698 2001 4738 vo-

427 4786 582 4833 catus
608 4777 765 4846 hujus
791 4777 969 4832 saeculi
987 4779 1224 4845 princeps
1243 4778 1310 4843 ⁷⁷,
1340 4775 1522 4832 facere
1550 4778 1844 4847 quidquam
1869 4790 1997 4844 pos-

427 4870 534 4923 sint
567 4868 828 4922 adversus
857 4881 951 4922 eos
978 4868 1068 4936 qui
1101 4869 1211 4922 Deo
1243 4869 1549 4924 consecrati
1584 4876 1735 4922 sunt.

2110 3517 2257 3571 σχειν
2295 3502 2578 3556 δύνανταιο
2619 3503 2732 3556 ἀλλ’
2764 3504 2824 3556 οὐ
2859 3501 3203 3575 Χριστιανὸς,
3239 3504 3267 3555 6
3299 3500 3514 3572 ἀληθῶς
3552 3502 3694 3571 Χρι-

2110 3593 2342 3657 στιανὸς,
2382 3596 2476 3647 καὶ
2505 3593 2778 3658 ὑποτάξας
2809 3597 2998 3649 ἑαυτὸν
3035 3595 3181 3665 μόνῳ
3212 3593 3290 3663 τῷ
3330 3593 3447 3663 Θεῷ
3481 3593 3580 3646 καὶ
3613 3593 3693 3664 τῷ

2107 3683 2264 3754 Λόγῳ
2309 3685 2494 3750 αὐτοῦ,
2535 3686 2695 3740 πάθοι
2734 3704 2787 3739 τι
2828 3686 2893 3741 ἂν
2939 3687 3045 3741 ὑπὸ
3090 3688 3198 3740 τῶν
3243 3686 3556 3757 δαιμονίων,
3593 3686 3688 3739 ἇτε

2109 3775 2370 3845 κρείττων
2411 3776 2680 3846 δαιμόνων
2728 3779 3042 3849 τυγχάνωνο
3085 3778 3180 3832 καὶ¹
3216 3778 3275 3830 οὐ
3320 3776 3482 3830 πάθοι
3513 3777 3566 3844 γ’
3598 3775 3688 3839 ἂν,

2107 3866 2228 3918 ἐπεὶ
2260 3868 2626 3936 παρεμϐαλεῖ
2657 3869 2910 3940 ἄγγελος
2934 3870 3154 3938 Kvplov
3196 3871 3398 3934 κύκλῳ
3433 3868 3552 3921 τῶν
3585 3885 3690 3936 ερο-

2109 3955 2411 4024 6ουμὲνων
2441 3957 2644 4021 αὑτὸν,
2662 3959 2760 4012 καὶ
2780 3959 3031 4026 ῥύσεται
3063 3958 3304 4024 αὐτοὺς,
3333 3959 3426 4012 καὶ
3459 3960 3492 4011 ό
3516 3957 3689 4026 ἀγγε-

2109 4050 2220 4112 λος
2240 4047 2427 4112 αὐτοῦ,
2461 4048 2558 4103 διὰ
2585 4049 2812 4116 παντὸς
2839 4049 3091 4115 ,ϐλέπων
3123 4050 3189 4104 τὸ
3224 4051 3545 4117 πρόσωπον
3580 4049 3686 4102 τοῦ

2108 4137 2178 4190 ἐν
2211 4139 2490 4206 οὐρανοῖς
2511 4140 2764 4208 Πατρός,
2795 4140 2880 4193 ἀεὶ
2912 4141 3010 4204 τὰς
3045 4141 3208 4211 εὐχὰς
3228 4139 3394 4194 αὑτοῦ
3427 4141 3686 4211 ἀναφέρει

2107 4227 2194 4280 διὰ
2226 4228 2320 4281 τοῦ
2359 4230 2517 4300 μόνου
2545 4230 2845 4301 ἀρχιερέως
2876 4229 2954 4300 τῷ
2984 4230 3102 4301 Θεῷ
3133 4230 3241 4284 τῶν
3271 4230 3426 4294 ὅλων,
3464 4232 3559 4283 καὶ
3589 4231 3687 4283 αὐ-

2105 4317 2197 4381 τὸς
2228 4320 2614 4389 συνευχόμενος
2637 4319 2713 4390 τῷ
2737 4320 2829 4374 ὑπ’
2857 4319 3020 4374 αὐτοῦ
3049 4321 3526 4391 ἐπιτροπευομένῳ
3553 4319 3684 4391 (‘26).

2107 4409 2197 4481 Μὴ
2232 4411 2682 4483 μορμολυττέσθω
2714 4411 2890 4465 τοίνυν
2927 4413 3074 4483 ἡμᾶς
3112 4414 3140 4464 6
3180 4412 3405 4476 Κέλσος,
3447 4411 3686 4465 ἀπειλῶν

2102 4501 2202 4573 τὴν
2231 4503 2338 4556 ἀπὸ
2370 4503 2477 4556 τῶν
2511 4504 2776 4574 δαιμόνων
2811 4504 3034 4576 βλάϐην,
3069 4507 3160 4574 ύφῖ
3193 4505 3347 4576 ἡμῶν
3380 4504 3686 4575 ἀμελουμέ-

2103 4609 2209 4645 νων
2228 4609 2241 4621 ·
2269 4593 2420 4647 οὐδὲν
2445 4594 2552 4666 γὰρ
2584 4597 2715 4667 ἡμῖν
2748 4596 3000 4667 δαίμονες
3029 4598 3389 4668 ἀμελούμενοι
3419 4597 3591 4649 ποιεῖν
3618 4595 3682 4648 ἂν

2102 4682 2371 4750 δύναιντο,
2407 4685 2787 4757 ἀνακειμένοις
2832 4687 2910 4758 τῷ
2947 4689 3092 4758 μόνῳ
3145 4689 3356 4760 βοηθεῖν
3396 4689 3531 4741 πᾶσι
3574 4689 3684 4750 rei;

2103 4774 2272 4839 ἀξίοις
2310 4775 2622 4848 δυναμένῳ·
2661 4777 2939 4847 ἐφιστάντι
2972 4780 3017 4832 δ’
3050 4780 3203 4833 οὐδὲν
3235 4775 3394 4851 ἦττον
3427 4780 3520 4832 καὶ
3560 4778 3686 4841 τοὺς

2034 4866 2039 4870 ’
2106 4869 2267 4933 ἰδίους
2297 4870 2562 4938 ἀγγέλους
2600 4873 2714 4934 τοῖς
2747 4872 2827 4934 εἰς
2869 4871 3031 4925 αὐτὸν
3075 4872 3410 4938 εὐσεϐοῦσιν,
3449 4874 3537 4926 ἵνα
3579 4889 3686 4944 μη-

425 4961 512 5014 δὲν
551 4961 601 5012 οἱ
633 4960 860 5013 ἐναντίοι
897 4959 1135 5028 ἄγγελοι,
1211 4963 1331 5032 μηδ’
1363 4962 1392 5013 6
1428 4963 1629 5016 τούτων
1683 4961 1902 5030 ἅρχων,
1956 4960 2246 5032 λεγόμενος
2278 4965 2382 5018 τοῦ
2421 4965 2636 5030 αἰῶνος
2686 4965 2796 5037 (27)
2849 4968 3084 5033 τούτου,
3128 4970 3368 5040 ἐνεργεῖν
3405 4968 3548 5023 κατὰ
3579 4967 3688 5021 τῶν

426 5045 799 5124 ἀνακειμένων
829 5053 907 5124 τῷ
939 5053 1057 5125 Θεῷ
1088 5055 1309 5126 δυνηθῇ.

501 5215 545 5246 ’³
568 5213 756 5270 Matth.
791 5231 848 5282 ν,
879 5216 974 5282 44,
1011 5215 1105 5270 45.
1177 5217 1223 5249 ⁷⁸
1253 5217 1399 5272 Psal.
1432 5233 1527 5283 vn,
1555 5218 1610 5284 4,
1637 5220 1694 5288 5,
1729 5222 1783 5275 6.

504 5368 626 5443 (‘24)
663 5372 875 5443 Πεισῃ.
919 5371 1012 5426 Sic
1055 5382 1205 5427 recte
1260 5387 1388 5427 mss.
1443 5372 1590 5429 Libri
1641 5384 1820 5430 autem
1868 5378 1998 5431 editi

427 5440 646 5516 habent,
670 5513 681 5516 _
705 5441 902 5516 πείσει.
939 5443 1104 5516 Paulo
1148 5452 1271 5516 post
1308 5444 1743 5516 τιμωρήσωμαιο
1780 5445 1889 5515 ἐγὼ
1917 5447 1994 5512 δὲ,

427 5507 599 5572 εἶπεν,
665 5511 760 5565 ἐὰν
803 5513 880 5635 ita
925 5528 1003 5564 σε.
1053 5507 1177 5567 Haec
1224 5507 1699 5570 desideran'tur'in
1746 5507 2000 5571 omnibus

431 5595 584 5635 mss..
611 5583 705 5635 sed
743 5581 811 5634 ab
887 5583 1146 5635 mschelio
1183 5585 1428 5635 sunnleta
1476 5597 1601 5635 sunt
1631 5601 1660 5635 ε
1711 5586 2000 5635 Plutarcho

431 5595 584 5658 mss,
611 5581 811 5658 sed_a_b
839 5581 1146 5658 Hmsclielio
1183 5585 1428 5655 suppleta
1476 5597 1601 5639 sunt
1631 5601 1660 5640 e
1709 5586 2000 5641 Plutarcho

429 5647 506 5700 De
534 5649 618 5700 ira
647 5652 954 5703 cohibenda.

500 5717 613 5787 ('25)
660 5718 744 5783 Τῷ
773 5719 877 5772 τοῦ
911 5722 1096 5776 τόπου
1126 5723 1426 5793 δαιμονίῳ.
1458 5723 1592 5783 Vide
1625 5726 1783 5785 lluct.
1822 5728 1995 5800 0rig.,

1876 5221 1920 5253 ⁷⁸
1947 5222 2092 5278 Psal.
2119 5239 2312 5290 xxmt,
2347 5223 2400 5279 8.

2502 5225 2545 5256 ⁷⁸
2583 5227 2773 5281 Matth.
2811 5241 2969 5292 xvm,
3003 5225 3090 5278 10.
3169 5225 3214 5256 ⁷⁷
3253 5224 3407 5281 Joan.
3444 5240 3558 5292 xw,
3595 5224 3685 5279 '50.

2105 5380 2199 5435 lib.
2227 5397 2286 5453 Il,
2314 5397 2368 5453 q.
2402 5381 2456 5447 5,
2493 5381 2567 5436 De
2609 5382 2833 5453 angelis.

2175 5451 2289 5522 (26)
2330 5451 2485 5506 Libb.
2518 5451 2696 5507 antea‘
2717 5453 2870 5519 editi,
2902 5451 2980 5523 τῷ
3015 5453 3105 5505 ὑπ’
3132 5451 3311 5507 αὐτῶν
3337 5453 3691 5522 ἐπιτροπευο-

2105 5523 2274 5646 μένῳ,
2304 5523 2398 5576 sed
2430 5536 2562 5576 mss.
2591 5531 2649 5574 ut
2683 5525 2734 5576 in
2770 5533 2960 5577 nostro
3001 5533 3173 5577 textu.
3206 5523 3374 5577 Paulo
3415 5535 3538 5587 post
3585 5523 3681 5576 du-

2146 5595 2244 5646 itnt
2273 5592 2500 5646 Guietus
2533 5607 2711 5646 annon
2756 5592 3042 5646 legendum
3080 5595 3168 5646 sit.
3204 5593 3276 5646 μὴ
3323 5591 3681 5646 μορμολυττὺ

2146 5595 2244 5646 itnt
2273 5592 2500 5664 Guietus
2533 5607 2711 5664 annon
2740 5592 3042 5664 legendum
3080 5595 3168 5660 sit,
3204 5593 3277 5664 μὴ
3322 5591 3681 5664 μορμολυττὺ

2107 5664 2218 5715 σθω
2251 5663 2428 5715 τοίνυν
2464 5661 2601 5731 πρὸς
2631 5661 2824 5733 ἡμᾶς.ξ
