3972 6160
329 313 468 369 1575

1516 316 1797 374 CORTRA
1836 321 2111 381 CELSUM
2148 324 2272 380 LIB.
2318 324 2448 382 Vill.

3397 415 3400 418 ί
3461 339 3601 396 ιδτι

401 427 510 484 Εἶτ’
545 431 954 502 ἐπιλαθόμενος,
977 435 1059 487 ὅτι
1082 436 1426 506 Χριστιανοῖς
1453 436 1606 491 λαλεῖ
1631 443 1746 502 τοῖς
1773 442 1899 514 μόνη

2099 447 2185 500 5ῖ.
2217 447 2417 501 Deinde
2459 448 2662 503 oblitus
2697 449 2839 517 loqui
2870 464 2928 504 se
2971 450 3328 518 Christianis,
3363 457 3454 526 qui
3497 459 3596 512 soli

326 522 404 594 τῷ
436 523 556 594 Θεῷ
597 523 684 577 διὰ
721 524 817 576 τοῦ
872 526 1046 595 Ἰησοῦ
1090 528 1424 597 εὐχομένοις,
1481 531 1573 582 καὶ
1624 533 1922 604 συμφόρων

326 614 393 667 τὰ
423 614 647 684 ἑτέρων,
687 614 781 666 καὶ
815 615 1026 683 ἀλόγως
1061 618 1407 687 Χριστιανοῖς
1438 621 1726 673 συνάπτων
1759 624 1918 687 αὐτὰ,

329 703 493 775 φησίν
516 720 529 733 ·
581 704 721 758 Ἐὰν
744 703 862 773 μὲν
886 705 1205 773 βαρϐάρως
1241 707 1465 773 αὐτοὺς
1514 709 1574 760 de
1588 709 1766 779 ομὰξῃ
1808 729 1917 778 τις,

326 795 588 865 δύναμιν
626 796 914 860 ἕξουσιν·
954 796 1063 849 ἐὰν
1108 797 1176 849 δὲ
1214 797 1580 865 Ἑλληνικῶς
1609 799 1648 868 ἢ
1691 802 1922 870 Ῥωμαϊ⁸

328 886 466 953 κῶς,
502 891 613 941 οὐκ
647 889 752 941 ἔτι.
789 888 1063 941 Δεικνύτω
1111 888 1219 959 γὰρ
1263 888 1385 941 τίνα
1431 891 1592 960 ἡμεῖς
1629 891 1918 966 βαρϐάρως

327 977 688 1050 ὀνομάζομεν,
725 979 799 1041 ὡς
835 977 1129 1041 καλοῦντες
1161 979 1322 1033 αὑτὸν
1367 981 1459 1032 ἐπὶ
1495 979 1748 1051 βοήθειαν
1771 1000 1783 1012 ·
1824 985 1919 1036 καὶ

327 1071 600 1124 πειθέσθω
647 1069 782 1147 (28),
828 1071 1006 1141 μάτην
1057 1070 1180 1122 καθ’
1229 1069 1385 1141 ἡμῶν
1416 1071 1588 1125 ταῦτα
1632 1075 1917 1144 εἰρηκέναι

326 1162 418 1213 τὸν
442 1161 678 1213 Κέλσον·
711 1162 959 1230 ἐφιστὰς,
989 1161 1069 1213 ὅτι
1096 1162 1143 1212 οἱ
1173 1160 1350 1212 λοιποὶ
1377 1160 1484 1231 (29)
1508 1162 1618 1215 τῶν
1656 1164 1917 1233 Χριστια-

325 1253 431 1307 νῶν
457 1255 578 1307 οὐδὲ
610 1256 723 1316 τοῖς
757 1256 813 1307 ὲν
848 1257 969 1316 ταῖς
1004 1253 1175 1315 θείαις
1204 1254 1447 1324 Γραφαῖς
1491 1255 1768 1323 κειμένοις
1792 1256 1913 1308 ὀνό-

328 1360 460 1414 μασι
494 1347 588 1397 καὶ
618 1343 973 1414 τεταγμένοις
1010 1344 1100 1395 ἐπὶ
1125 1343 1220 1395 τοῦ
1255 1343 1390 1395 Θεοῦ
1430 1342 1668 1413 χρῶνται
1701 1346 1759 1396 ὲν
1794 1349 1914 1408 ταῖς

325 1438 543 1508 εὐχαῖςο
610 1437 723 1489 ἀλλ’
770 1438 820 1488 οἱ
871 1437 970 1506 μὲν
1033 1435 1294 1505 ’Έλληνες
1355 1435 1706 1504 Ἑλληνικοῖς,
1753 1439 1802 1488 ei
1857 1437 1913 1489 δὲ

336 1531 593 1599 Ῥωμαῖοι
649 1530 996 1598 Ῥωμαϊκοῖς,
1050 1529 1142 1581 καὶ
1177 1528 1348 1590 οὕτως
1381 1527 1609 1591 ἕκαστος
1643 1528 1782 1581 κατὰ
1813 1529 1910 1599 τὴν

322 1621 516 1673 ἑαυτοῦ
549 1620 826 1673 διάλεκτον
867 1618 1086 1689 εῦχεται
1117 1617 1196 1688 τῷ
1238 1618 1358 1688 Θεῷ
1407 1620 1500 1672 καὶ
1545 1620 1704 1689 ὑμνεί
1746 1621 1910 1672 αὐτὸν

322 1713 397 1775 ὡς
429 1713 650 1764 δύναται
669 1728 682 1740 °
720 1712 814 1764 καὶ
847 1713 876 1762 ὁ
911 1711 1093 1781 πάσης
1121 1710 1402 1763 διαλέκτου
1433 1709 1636 1780 Κύριος
1662 1710 1772 1763 τῶν
1802 1711 1909 1765 ἀπὸ

2027 535 2136 592 Deo
2171 553 2268 605 per
2296 537 2480 593 Jesmn
2517 539 2845 608 supplicant,
2883 541 3113 597 aliorum
3162 546 3361 611 placita
3409 549 3602 604 miscet

2023 638 2077 681 et
2107 629 2345 683 absurde
2375 630 2702 685 Christianis
2733 635 2959 688 ascribit
2985 653 2999 687 ε
3027 635 3087 690 Si
3112 638 3229 706 quis
3258 638 3377 690 illos
3410 640 3602 693 barba-

2026 720 2116 780 ris,
2156 721 2352 788 inquit,
2390 723 2690 777 nominibus
2713 725 3072 793 appellaverit,
3104 737 3412 796 potestatem
3439 731 3600 784 habe-

2023 806 2188 872 bunt;
2220 809 2419 863 nullam
2465 827 2602 873 vero,
2650 815 2694 866 si
2740 813 2920 867 (ἔπεσε
2959 826 3050 868 aut
3099 816 3304 869 Latine.
3336 817 3602 872 Ostendat

2020 901 2164 951 enim
2216 915 2441 966 ecquem
2477 911 2533 954 ut
2567 903 2771 957 auxilio
2806 904 2962 958 nobis
3006 905 3077 959 sit
3121 906 3435 962 invocantes
3470 909 3592 960 bar-

2020 991 2154 1045 baro
2198 992 2414 1045 nomine
2451 994 2784 1062 appellemus
2815 1014 2828 1050 :
2857 1005 2911 1050 et
2959 995 3158 1050 frustra
3204 999 3317 1053 haec
3363 1015 3392 1052 a
3439 999 3598 1055 Celso

2021 1082 2175 1135 nobis
2200 1081 2483 1150 olijectari,
2516 1099 2832 1152 persuasum
2865 1088 2915 1141 ei
2944 1089 3016 1142 sit
3041 1090 3132 1157 qui
3161 1089 3600 1147 consideraverit

2020 1173 2256 1242 reliquos
2311 1174 2654 1231 Christianos
2702 1178 2844 1232 inter
2878 1180 3216 1248 precandum
3268 1183 3434 1237 neiis
3477 1185 3600 1250 qui-

2018 1257 2138 1310 dem
2179 1260 2400 1315 vocibus
2433 1263 2507 1315 uti
2551 1279 2674 1332 quae
2724 1264 2925 1320 divinis
2970 1268 3021 1320 in
3063 1267 3360 1336 Scripturis
3407 1273 3598 1340 positae

2019 1347 2183 1401 Deum
2209 1352 2425 1418 proprio
2440 1352 2661 1408 nomine
2677 1355 2992 1425 designant;
3017 1359 3111 1412 sed
3126 1357 3166 1412 G
3179 1375 3347 1414 razcos
3382 1360 3420 1416 G
3433 1377 3593 1430 rauce,

2019 1436 2290 1496 Romanos
2322 1442 2534 1512 Latine,
2561 1457 2615 1500 et
2649 1448 2728 1501 sic
2762 1448 3006 1516 singulas
3032 1460 3220 1517 gentes
3253 1451 3417 1506 Deum
3464 1469 3594 1523 pro-

2015 1531 2130 1596 pria
2160 1532 2339 1603 lingua
2373 1538 2589 1602 precari
2623 1547 2675 1591 et
2720 1539 2910 1594 laudes
2949 1544 3067 1608 ejus
3099 1557 3196 1610 pro
3231 1544 3436 1598 viribus
3461 1560 3594 1598 con-

2012 1621 2323 1690 oelebra-re;
2353 1627 2594 1681 omnium
2628 1644 2757 1684 vero
2785 1631 3091 1700 linguarum
3114 1631 3400 1688 Dominum
3423 1651 3594 1690 exau-

2011 1714 2126 1768 dire
2156 1730 2480 1787 quacunque
2513 1720 2694 1790 lingua
2733 1738 3042 1791 precemur,
3075 1726 3228 1794 quasi
3270 1742 3394 1790 una,
3425 1737 3479 1782 ut
3518 1727 3588 1780 ita

266 1816 273 1821 '
323 1806 503 1876 πάσης
533 1805 812 1857 διαλέκτου
839 1804 1143 1874 εὐχομένων
1182 1803 1390 1867 ἀκούει,
1425 1802 1500 1866 ὡς
1534 1804 1680 1873 μιᾶς,
1717 1802 1782 1855 ἶν’
1813 1803 1899 1854 οῦ-

2013 1806 2221 1876 loquar,
2252 1823 2354 1863 vox
2390 1822 2655 1878 quantum
2685 1814 2750 1868 ad
2784 1816 3092 1886 signiﬁcata
3128 1817 3358 1873 diversis
3394 1820 3593 1890 linguis

319 1912 426 1958 τως
477 1894 748 1965 ὀνομάσω,
798 1894 1000 1964 φωνῆς,
1053 1893 1152 1963 τῆς
1199 1893 1340 1946 κατὰ
1389 1891 1458 1944 τὰ
1510 1891 1904 1971 σημαινόμενα,

321 1985 553 2052 ἁκούων,
583 1985 918 2055 δηλουμένης
942 1986 1005 2035 ὲκ
1026 1982 1134 2035 τῶν
1167 1982 1425 2036 ποικίλων
1445 1982 1739 2036 διαλέκτων
1771 1982 1903 2055 (50).

321 2078 396 2129 Οὐ
426 2079 533 2147 γάρ
563 2079 710 2129 ἐστιν
743 2077 770 2126 ὁ
804 2077 894 2127 ἐπὶ
929 2076 1062 2127 πᾶσι
1091 2074 1224 2137 Θεὸς
1263 2069 1343 2138 εἷς
1373 2093 1456 2139 τις
1485 2074 1594 2127 τῶν
1629 2075 1908 2146 κεκληρω-

323 2169 499 2239 μένων
532 2168 810 2221 διάλεκτόν
851 2185 976 2220 τινα
1009 2167 1284 2239 βάρϐαρον
1314 2169 1346 2240 ἦ
1379 2167 1635 2238 Ἕλληνα,
1680 2169 1774 2221 καὶ
1805 2185 1908 2238 μη-

319 2261 435 2314 κέτι
471 2259 570 2324 τὰς
606 2257 798 2322 λοιπὰς
839 2259 1237 2330 ἐπισταμένων,
1277 2261 1308 2331 ἢ
1349 2260 1546 2330 μηκέτι
1578 2259 1688 2311 τῶν
1724 2261 1781 2313 ὲν
1813 2259 1907 2313 ἄλ-

317 2352 434 2417 λαις
463 2353 764 2415 διαλέκτοις
794 2353 1060 2420 λεγόντων
1096 2351 1492 2424 φροντιζόντων
1531 2352 1662 2422 (51).

387 2443 521 2499 Εἶτα
558 2445 696 2517 μετὰ
725 2444 913 2509 ταῦτα,
950 2447 1066 2516 ἦτοι
1111 2445 1338 2516 μηδενὸς
1367 2444 1606 2508 ἀκούσας
1640 2447 1900 2516 Χριστια-

315 2537 432 2600 νοῦ,
463 2537 498 2607 ἡ
541 2553 686 2600 τινος
723 2537 830 2590 ἀπὸ
861 2537 968 2590 τῶν
1017 2536 1228 2589 πολλῶν
1263 2537 1581 2607 παρανόμου
1617 2538 1709 2589 καὶ
1742 2539 1905 2589 ἀπαι-

314 2629 524 2694 δεύτου,
559 2631 692 2700 φησὶ
719 2632 843 2693 τοὺς
879 2631 1237 2700 Χριστιανοὺς
1259 2629 1469 2697 λέγειν·
1510 2628 1684 2692 Ἰδοὺ,
1716 2642 1904 2697 παρα-

317 2723 469 2788 στὰς
519 2722 596 2788 τῷ
648 2721 940 2791 ἀγάλματι
984 2722 1088 2775 τοῦ
1132 2721 1286 2786 Διὸς,
1333 2721 1371 2790 ἢ
1415 2722 1817 2786 Ἀπόλλωνος,
1862 2721 1900 2789 ἢ

316 2813 455 2866 ὅτου
500 2810 722 2878 δήποτε
757 2810 904 2866 Θεοῦ
950 2811 1082 2881 (52),
1108 2809 1476 2878 βλασρημῶ,
1518 2809 1615 2862 καὶ
1655 2809 1900 2877 ραπίζω,

316 2903 412 2956 καὶ
450 2901 630 2957 οὐδέν
659 2920 736 2972 με
767 2904 1084 2971 aperiatur
1128 2903 1227 2972 οὐχ
1255 2901 1417 2972 ὁρῶν,
1461 2903 1544 2954 ὅτι
1589 2903 1646 2954 ὲν
1677 2905 1740 2973 τῇ
1784 2902 1902 2974 θείᾳ

312 2994 601 3066 νομοθεσίᾳ
642 2995 1037 3065 προστέτακται
1086 2994 1224 3063 μετὰ
1271 2992 1378 3045 τῶν
1433 2991 1607 3046 ἄλλων
1656 2992 1764 3064 (55)
1809 2994 1901 3047 καὶ

309 3087 395 3150 τὸ,
425 3086 608 3152 Θεοὺς
633 3087 704 3138 οὑ
733 3084 1202 3154 κακολογήσειςο
1233 3085 1319 3138 ἵνα
1359 3085 1432 3155 μὴ
1461 3083 1709 3154 ἐθίζηται
1744 3085 1900 3156 ἡμῶν

2010 1900 2372 1968 exprimatur.
2404 1902 2589 1972 Neque
2635 1906 2798 1976 77o
2826 1909 2969 1962 enim
3001 1909 3142 1965 Deus
3166 1925 3232 1964 ex
3259 1926 3448 1967 eorum
3487 1929 3591 1966 nu-

2011 2005 2164 2045 mero
2193 2001 2298 2056 est,
2333 1994 2426 2062 qui
2473 1995 2759 2050 barbaram
2793 2008 2886 2052 aut
2919 1998 3167 2054 Graecam
3203 2002 3440 2073 linguam
3471 2019 3590 2058 sor-

2013 2083 2093 2136 titi
2124 2093 2348 2139 cazteras
2382 2085 2655 2155 ignorant,
2695 2089 2937 2159 nihilque
2978 2102 3178 2146 curant
3210 2109 3309 2150 eos
3332 2095 3425 2165 qui
3464 2095 3590 2152 aliis

2010 2173 2206 2244 linguis
2237 2175 2549 2246 loquuntur.

2084 2438 2174 2494 58.
2210 2438 2427 2506 Postea,
2461 2441 2602 2510 quod
2633 2452 2727 2497 aut
2777 2457 2842 2497 ex
2896 2445 3112 2502 nemine
3145 2447 3460 2505 Christiano
3489 2461 3586 2508 aut

2008 2546 2074 2584 ex
2103 2531 2311 2600 vulgari
2340 2535 2596 2603 quopiam
2648 2536 2815 2602 impio
2855 2545 2910 2590 et
2949 2537 3204 2605 imperito
3246 2542 3478 2606 audivit,
3511 2545 3586 2598 ait

2007 2621 2354 2678 Christianos
2419 2624 2810 2680 dicerezEcce
2863 2629 3113 2683 accedens
3159 2633 3229 2684 ad
3283 2632 3431 2688 Jovis
3490 2645 3584 2688 aut

2009 2712 2267 2780 Apollinis
2293 2723 2384 2767 aut
2415 2716 2694 2785 cujuslibet
2723 2717 2942 2773 alterius
2967 2721 3051 2774 dei
3074 2723 3439 2790 simulacrum,
3460 2743 3586 2780 con-

2007 2805 2238 2857 tumeliis
2267 2805 2402 2858 illud
2426 2806 2628 2861 lacesso
2648 2808 2917 2880 alapisque
2939 2813 3100 2875 credo,
3132 2825 3414 2871 nectamen
3445 2819 3578 2872 ulci-
3666 2867 3673 2886 ,

2005 2897 2191 2951 scitur.
2225 2896 2408 2952 Nescit
2443 2900 2695 2954 videlicet
2727 2902 2777 2955 in
2812 2902 2928 2972 lege
2957 2906 3136 2960 divina
3166 2907 3267 2977 legi
3296 2909 3437 2963 inter
3476 2910 3581 2965 alia

2005 2989 2143 3042 hanc
2178 2991 2601 3058 prohibitionem
2635 3009 2648 3045 :
2681 2993 2794 3046 Diis
2826 3010 2929 3047 non
2969 2997 3210 3052 detrahet;
3229 3001 3294 3066 ⁷⁸,
3329 3012 3384 3056 ut
3419 3016 3484 3056 ne
3518 3018 3582 3057 os

2007 3088 2250 3134 nostrum
2281 3093 2560 3135 assuescat
2589 3083 2839 3152 cuiquam
2867 3086 3193 3143 maledicere
3219 3108 3230 3141 :
3257 3093 3456 3161 quippe
3484 3096 3578 3165 qui

311 3178 373 3229 τὸ
413 3178 584 3246 στόμα
627 3175 902 3229 ὁντιναοῦν
949 3175 1288 3243 κακολογεῖν,
1340 3175 1665 3239 ἀκουόντων,
1709 3176 1899 3228 Εὐλο-

2013 3171 2336 3225 audierimus
2365 3192 2377 3227 ;
2407 3171 2730 3239 Benedicite,
2768 3185 2814 3227 et
2866 3175 3026 3229 nolite
3069 3178 3378 3234 maledicere
3401 3183 3467 3248 7’,
3524 3192 3580 3236 et

312 3269 485 3337 γεῐτε,
518 3268 615 3320 καὶ
639 3267 724 3336 μὴ
755 3265 1094 3334 καταρᾶσθε
1113 3285 1124 3296 ·
1159 3270 1252 3322 καὶ
1280 3267 1702 3338 διδασκομένων,
1736 3268 1816 3319 ὅτι
1849 3269 1896 3319 οἱ

310 3359 569 3426 λοίδοροι
592 3359 919 3423 βασιλείαν
949 3358 1096 3410 Θεοῦ
1118 3360 1184 3410 οὺ
1212 3357 1765 3426 κληρονομήσουσι.
1803 3359 1896 3421 Τίς

309 3452 351 3503 δ’
384 3451 555 3515 οὕτως
601 3452 658 3504 ὲν
693 3453 822 3521 ἡμῖν
871 3449 1096 3519 ἠλίθιος,
1130 3449 1205 3512 ὡς
1232 3450 1406 3502 ταῦτα
1450 3450 1648 3518 λέγειν,
1685 3451 1778 3502 καὶ
1823 3449 1895 3521 μὴ

309 3544 460 3612 ὁρᾷν,
498 3543 579 3594 ὅτι
611 3541 760 3594 οὐδὲν
791 3539 1012 3592 δύναται
1050 3539 1111 3591 τὸ
1150 3537 1360 3591 τοιοῦτο
1403 3537 1541 3609 πρὸς
1576 3539 1895 3608 καθαίρεσιν

308 3634 407 3703 τῆς
437 3633 563 3704 περὶ
592 3633 698 3686 τῶν
730 3631 1100 3703 νομιζομένων
1125 3629 1261 3683 θεῶν
1282 3628 1636 3700 ὑπολήψεωςς
1667 3630 1800 3681 ὅπου
1831 3647 1896 3698 γε

308 3727 402 3779 καὶ
444 3727 493 3778 οἱ
545 3725 720 3796 πάντῃ
766 3725 937 3788 ἄθεοι,
995 3722 1088 3778 καὶ
1128 3722 1226 3794 τὴν
1274 3722 1538 3794 Πρόνοιαν
1590 3720 1892 3785 ἀνελόντες,

308 3820 401 3870 καὶ
433 3818 680 3888 σύστημα
713 3815 1074 3887 νομιζομένων
1102 3814 1403 3883 φιλοσόφων
1434 3813 1521 3866 διὰ
1551 3813 1659 3865 τῶν
1695 3812 1896 3884 μοχθη-

311 3908 419 3980 ρῶν
463 3909 745 3978 δογμάτων
785 3908 878 3960 καὶ
913 3905 1127 3958 ἀσεϐῶν
1159 3909 1543 3976 γεννήσαντες,
1581 3904 1692 3958 οὔτ’
1741 3905 1895 3959 αὐτοὶ

309 4000 638 4054 πεπόνθασιν
669 3995 742 4053 ὧν
775 3999 885 4068 (54)
920 4000 968 4050 οἱ
1003 3999 1189 4050 πολλοὶ
1232 3997 1745 4069 νομίζουσικακῶν,
1780 3996 1892 4050 οὗθ’

307 4094 356 4147 οἱ
392 4090 460 4143 τὰ
499 4091 723 4144 ἐκείνων
758 4089 1134 4160 ἀσπασάμενοι
1172 4089 1418 4159 δόγματα
1442 4107 1454 4119 ⁸
1492 4090 1628 4143 ἀλλὰ
1659 4091 1768 4162 γάρ
1800 4093 1895 4145 καὶ

308 4182 594 4236 πλουτοῦσι
632 4184 723 4235 καὶ
764 4182 1066 4250 ὑγιαίνουσι
1097 4180 1167 4233 τὰ
1219 4179 1467 4251 σώματα.
1505 4183 1568 4234 El
1598 4181 1655 4234 δὲ
1689 4182 1893 4256 βλάϐην

305 4295 388 4341 τις
415 4277 570 4349 ζητεῖ
599 4277 656 4328 ὲν
686 4276 935 4342 ἐκείνοις,
959 4275 1158 4346 ὁράτω,
1183 4275 1266 4327 ὅτι
1291 4273 1506 4344 άληθῶς
1526 4275 1631 4327 εἱσι
1656 4274 1892 4346 βεϐλαμ-

309 4366 458 4436 μένοι
492 4365 626 4438 (55).
655 4365 790 4419 Ποία
818 4364 926 4436 γὰρ
959 4363 1158 4436 μείζων
1188 4363 1358 4435 βλάϐη
1385 4363 1479 4416 τοῦ
1511 4364 1585 4435 μὴ
1617 4368 1760 4418 νοεῖν
1784 4365 1891 4418 ἀπὸ

2002 3262 2356 3317 didicerimus
2389 3264 2514 3332 quia
2553 3263 2798 3318 maledici
2829 3282 3044 3335 regnum
3085 3267 3178 3321 Dei
3209 3285 3312 3322 non
3338 3274 3578 3340 posside-

2001 3355 2206 3410 bunt”.
2263 3354 2330 3408 Et
2377 3356 2500 3424 quis
2539 3356 2680 3409 inter
2731 3371 2831 3410 nos
2866 3358 2940 3412 ita
2976 3358 3200 3414 insanus
3231 3369 3312 3415 est
3357 3373 3417 3417 ut
3464 3365 3579 3422 haec

1998 3448 2164 3512 dicat,
2198 3461 2298 3502 nec
2331 3447 2518 3502 videat
2549 3449 2684 3502 nihil
2720 3449 3025 3519 hujusmodi
3055 3449 3283 3520 injurias
3317 3457 3579 3522 prodesse

1999 3539 2064 3592 ad
2100 3537 2456 3600 evellendam,
2502 3553 2622 3606 qua:
2666 3541 2732 3594 de
2763 3540 2864 3594 diis
2912 3553 3176 3610 concepta
3212 3553 3316 3608 est,
3359 3547 3576 3614 Opinio-

1998 3627 2155 3682 nem?
2188 3643 2312 3682 cum
2341 3627 2541 3680 fuerint
2578 3629 2828 3682 homines
2855 3630 2967 3696 qui,
3000 3629 3127 3684 licet
3158 3631 3380 3689 omnino
3403 3634 3572 3690 Deum

1998 3735 2101 3773 non
2135 3727 2493 3790 agnoscerent
2522 3727 2579 3772 et
2625 3717 3028 3774 Providentiam
3064 3721 3338 3788 tollerent,
3366 3732 3420 3777 et
3453 3739 3577 3794 per-

1997 3810 2219 3864 niciosis
2252 3808 2537 3878 impiisque
2569 3810 2845 3878 dogmatis
2876 3820 3057 3865 ortum
3104 3812 3360 3868 dederint
3409 3817 3575 3871 sectis

1996 3903 2353 3970 quorumdam
2401 3901 2497 3972 qui
2532 3901 2844 3972 philosophi
2895 3903 3186 3968 habentur,
3220 3905 3356 3960 nihil
3393 3915 3574 3962 tamen

1994 4007 2182 4047 eorum
2214 3992 2356 4062 passi
2387 4002 2516 4047 sunt
2545 4007 2667 4062 quae
2695 3991 2887 4062 vulgus
2919 3993 3059 4047 mala
3084 3992 3313 4061 judicat,
3351 4011 3450 4050 nec
3481 3996 3574 4064 qni

1994 4100 2183 4141 eorum
2217 4085 2565 4157 dogmatibus
2611 4085 3130 4139 adhaaserunt:imo
3187 4085 3460 4140 ditescunt
3515 4096 3573 4141 et

1993 4179 2114 4234 sani
2153 4193 2384 4248 corpore
2433 4187 2582 4233 sunt.
2623 4177 2944 4246 Quanquam
2990 4178 3037 4231 si
3083 4176 3467 4233 detrimentum
3515 4181 3568 4233 in

1993 4276 2102 4331 illis
2138 4290 2376 4346 quaeras,
2405 4274 2612 4328 videbis
2642 4288 2738 4328 eos
2773 4288 2900 4327 vere
2935 4273 3323 4327 detrimentum
3355 4289 3564 4342 passos.

1992 4367 2126 4422 Nam
2155 4367 2298 4436 quod
2336 4365 2509 4435 majus
2536 4366 2924 4420 detrimentum
2965 4372 3068 4426 est,
3098 4377 3257 4431 quam
3283 4378 3349 4418 ex
3380 4363 3567 4418 mundi

305 4460 406 4529 τῆς
449 4459 653 4526 τάξεως
696 4459 789 4514 τοῦ
842 4459 1046 4530 κόσμου
1094 4459 1186 4512 τὸν
1234 4459 1606 4529 πεποιηκότα;
1648 4456 1783 4509 Ποία
1829 4455 1886 4509 δὲ

2013 4458 2302 4515 :onditione
2332 4471 2438 4510 non
2474 4454 2776 4524 intelligere
2803 4452 3196 4508 Conditorem?
3233 4453 3430 4524 Ecqua:
3462 4455 3568 4509 mi-

303 4554 503 4625 χείρων
552 4553 894 4624 ταλαιπωρία
940 4551 1032 4605 τοῦ
1061 4549 1435 4621 τετυφλῶσθαι
1469 4548 1578 4620 (56)
1613 4549 1704 4602 τὸν
1738 4548 1882 4612 νοῦν,

304 4648 398 4700 καὶ
432 4647 506 4718 μὴ
541 4645 758 4717 βλέπειν
787 4644 878 4698 τὸν
916 4644 1118 4708 παντὸς
1156 4642 1246 4696 νοῦ
1285 4640 1614 4713 δημιουργὸν
1645 4641 1739 4692 καὶ
1772 4640 1883 4692 Πα-

303 4743 436 4814 τέρα
455 4761 470 4808 ;

1992 4551 2135 4607 seria
2167 4549 2340 4619 pejor,
2369 4562 2534 4618 quam
2577 4561 2719 4601 caeca
2766 4554 2947 4599 mente
2974 4560 3094 4599 esse
3120 4555 3174 4599 et
3225 4562 3326 4601 non
3385 4546 3570 4603 videre

1991 4643 2255 4698 mentium
2283 4639 2526 4696 omnium
2561 4637 2812 4708 opificem
2839 4645 2894 4692 et
2930 4635 3188 4692 Patrem?

377 4897 423 4929 ⁷⁸
460 4896 628 4953 Exod.
684 4913 817 4964 xxn,
857 4896 946 4951 28.
1023 4896 1069 4928 ⁷³
1102 4895 1260 4949 Rom.
1293 4909 1391 4960 xu,
1429 4893 1515 4948 M.
1590 4892 1636 4924 ⁸ο
1676 4891 1696 4943 l
1737 4890 1861 4944 Cor.
1895 4904 1968 4952 νι,
2000 4888 2087 4943 10.

375 5052 488 5121 (Ξῖ)
528 5051 770 5121 Αίῶνοςᾼ.
797 5047 950 5106 Libb.
978 5051 1103 5121 editi
1138 5051 1192 5104 in
1231 5048 1493 5121 margine,
1525 5046 1764 5121 κόσμου.

378 5113 494 5192 (28)
528 5122 694 5176 Codd.
726 5113 874 5190 Reg.
902 5133 957 5175 et
985 5120 1177 5188 Basil.,
1208 5113 1497 5172 πειθέσθω.
1525 5113 1686 5171 Libb.
1719 5113 1872 5179 editi,

303 5183 756 5334 πυῗὲῗξιΐίοιποί.
811 5257 1083 5328 Spencero
1138 5259 1352 5312 videtur
1408 5256 1729 5326 legendum,
1779 5253 1874 5306 λό-

302 5350 486 5472 11120)
529 5396 849 5472 Teir-orata
866 5397 938 5452 τὰ
978 5392 1716 5472 σημαινόμενα,,ἀκούωφςζ
1764 5390 1871 5472 δη-

298 5460 716 5541 λοὺμένηξέκ
763 5460 1249 5542 -τῷγᾴποιῖιίλωνῖ
1282 5462 1630 5542 διαλέκτων.
1677 5460 1871 5542 Guieto

301 5536 426 5601 haee
446 5536 620 5596 aliena
647 5537 963 5594 etaddititia
990 5538 1259 5592 videntur.
1289 5536 1405 5602 Qua
1422 5536 1488 5588 de
1522 5545 1707 5595 causa,
1725 5536 1869 5600 igno-

302 5628 425 5669 rare
461 5627 546 5666 me
573 5609 769 5664 fateor.

369 5681 482 5752 (3!)
525 5677 862 5752 llmschelius
895 5677 1151 5752 iii__textu,
1181 5672 1339 5731 codd.
1366 5673 1584 5744 Regius,
1619 5669 1784 5726 Basil.
1814 5679 1864 5725 ct

302 5743 406 5809 duo
436 5743 738 5820 A'nglicani,
769 5743 1097 5818 φροντίζειν.

2052 5040 2166 5111 (52)
2207 5039 2310 5096 Pro
2356 5039 2492 5093 Θεοῦ
2549 5038 2706 5095 codd.
2739 5037 2872 5108 Reg.
2897 5046 2950 5091 et
2980 5035 3307 5091 Basileensis
3359 5036 3563 5090 habent

1979 5111 2144 5174 τινός.

2052 5179 2167 5252 (55)
2207 5180 2367 5235 Μετὰ
2423 5179 2543 5233 τῶν
2603 5178 2826 5232 ἄλλων.
2881 5176 3007 5231 Ηίιεο
3045 5175 3240 5229 desunt
3293 5175 3344 5227 in
3399 5184 3557 5226 antea

1983 5251 2167 5314 editis,
2196 5253 2290 5305 sed
2328 5252 2692 5305 restituuntur
2723 5263 2752 5301 e
2785 5263 2917 5300 mss.

2050 5305 2362 5391 (54)_Oﬁt’
2403 5319 2572 5391 αὐτοὶ
2627 5321 3003 5391 πεπόνθασιν
3213 5309 3406 5363 Guieto
3473 5309 3558 5391 vi-

1977 5376 2365 5513 get‘ur'fl'orsan
2423 5390 2803 5454 scribendum,
2855 5383 2964 5437 οὒτ’
3023 5379 3197 5449 αὐτοί,
3236 5395 3289 5431 τι
3354 5376 3560 5430 πεπόν-

2011 5477 2133 5513 ασιν
2163 5476 2259 5513 ων.

2011 5477 2133 5514 ασιν
2163 5476 2259 5514 ων.

2049 5530 2164 5601 (55)
2214 5529 2368 5585 Libb.
2417 5528 2544 5583 editi
2596 5527 2649 5580 in
2699 5525 2981 5594 margine,
3029 5521 3166 5572 εἰσὶν
3214 5517 3263 5568 οἱ
3314 5515 3555 5586 βεϐλαμ-

1979 5600 2149 5671 μένοι.

2049 5671 2160 5742 (56)
2188 5669 2352 5726 Iidem
2386 5669 2436 5721 in
2476 5665 2740 5732 margine,
2767 5663 2860 5716 τοῦ
2887 5679 2945 5715 τε
2978 5655 3336 5728 τυφλοῦσθαι.
