3972 6160
565 277 703 335 15⁸15

633 402 723 458 59.
755 401 1044 471 Postquam
1072 398 1336 467 eiusmodi
1367 399 1532 453 verba
1561 397 1912 461 Christianis,
1939 397 2134 467 quibus
2164 405 2206 458 Α

565 495 789 550 minime
841 495 1194 556 conveniunt,
1243 507 1338 561 per
1377 490 1707 545 calumniam
1763 491 1973 551 tribuit,
2029 491 2129 544 sibi

565 587 678 655 ipse
712 583 1074 639 defensionem
1109 598 1331 651 parasse
1379 591 1552 652 putat,
1588 581 1682 634 sed
1715 595 1831 648 quae
1864 580 2130 634 ludicrum

541 685 646 733 ‘est
687 676 866 745 potius
906 691 1069 745 quam
1119 675 1380 739 defensio,
1413 689 1535 728 cum
1575 681 1827 742 tanquam
1861 687 1959 727 nos
1991 673 2131 726 allo—

560 782 778 838 quens:
810 767 932 820 Non
978 767 1141 830 vides,
1179 767 1374 835 inquit,
1425 782 1454 819 ο
1501 765 1652 830 bone,
1684 781 1793 816 esse
1838 766 1994 816 etiam
2039 765 2129 830 qui

561 869 706 911 tuum
740 859 1028 910 dmmonem
1057 874 1160 910 non
1192 857 1346 910 modo
1372 873 1548 910 coram
1574 856 1898 909 contumeliis
1928 866 2128 920 oneret,

558 949 648 1003 sed
684 949 842 1002 etiam
872 964 938 1002 ea:
967 950 1108 1001 ontni
1141 959 1281 1002 terra
1307 949 1543 1016 marique
1567 947 1817 1015 expellat,
1840 957 1885 1000 et
1909 958 1956 1000 te
1977 950 2128 1017 quasi

557 1041 900 1094 simulacrum
957 1041 1036 1094 illi
1081 1051 1440 1094 consecratum
1497 1040 1720 1093 vinculis
1777 1042 2126 1110 constringat,

557 1132 731 1185 tralia!
765 1132 833 1184 ad
867 1132 1206 1199 supplicium,
1251 1141 1296 1184 et
1334 1131 1479 1183 cruci
1525 1130 1748 1198 afﬁgat;
1786 1147 1875 1184 nec
1922 1134 2126 1184 da'mon

555 1223 644 1276 ille
688 1234 880 1287 tamen,
931 1232 1048 1284 aut,
1086 1222 1527 1290 quemadmodum
1574 1222 1829 1290 loqueris,
1876 1222 1967 1277 ilt'e
2028 1223 2126 1278 Dei

555 1312 733 1367 Filius
766 1330 829 1367 ea:
858 1315 959 1367 isto
992 1330 1177 1383 pwnns
1210 1314 1444 1381 repetat?
1476 1312 1604 1378 Qum
1635 1314 1852 1382 quidem
1888 1313 2126 1370 defensio

559 1403 734 1457 locum
771 1403 1011 1469 haberet,
1067 1405 1134 1464 si,
1169 1419 1306 1472 quos
1353 1403 1507 1458 nobis
1553 1418 1834 1458 sermones
1881 1405 2120 1470 ascribit,

558 1493 628 1546 iis
682 1503 1010 1546 uteremur:
1048 1509 1361 1562 quanquam
1411 1508 1508 1548 nec
1566 1502 1674 1547 tum
1725 1509 1854 1549 vera
1897 1495 2122 1562 diceret,

557 1599 682 1638 cum
704 1583 1001 1639 DeiFilium
1033 1585 1268 1654 appellet
1293 1585 1610 1639 (laetnonem.
1647 1586 1720 1639 Ex
1753 1586 1906 1640 nobis
1937 1585 2121 1656 igitur,

554 1676 648 1746 qui
693 1675 966 1730 diemones
999 1689 1187 1730 omnes
1235 1676 1463 1730 dicimus
1507 1691 1629 1730 esse
1666 1678 1856 1740 malos,
1903 1679 1998 1746 qui
2045 1687 2123 1732 tot

2046 273 2203 330 ORlG
2213 274 2370 329 ΕΝῐὸ

3667 285 3774 340 1576

2311 395 2556 467 Περιοεὶς
2587 395 2640 447 δὲ
2666 396 2796 465 ἡμῖν
2821 394 3091 458 τοιούτους
3114 394 3324 463 λόγους,
3351 397 3442 450 καὶ
3467 404 3772 469 συκοφαντῶν

2235 488 2609 556 Χριστιανοὺς,
2640 489 2700 538 οὐ
2735 486 2991 552 λέγοντας
3017 486 3087 539 τά
3119 488 3362 552 τοιαῦτα,
3402 493 3573 562 ἐαυτῷ
3601 496 3765 551 ἀπολοο

2233 581 2356 648 γίαν
2391 580 2634 651 πορίζειν
2668 579 2896 647 νομίζει,
2934 579 3183 647 παίγνιον
3218 581 3416 650 μᾶλλον
3447 584 3479 653 ἣ
3514 585 3767 655 ἀπολογίαν

2231 672 2626 740 τυγχάνουσαν,
2659 672 2716 722 ἐν
2816 686 2980 740 φησιν
3020 670 3096 734 ὡς
3131 671 3265 742 πρὸς
3297 674 3444 743 ἡμᾶς
3465 689 3478 702 ’
3513 675 3624 742 Οὐκ
3651 676 3764 745 δρᾷ(

2231 759 2362 828 οὖν,
2404 759 2451 817 ὦ
2487 763 2793 827 βέλτιστε,
2823 762 2914 815 ὅτι
2948 764 3043 817 καὶ
3077 764 3184 817 τὸν
3213 764 3328 817 σὸν
3354 765 3599 835 δαίμονα
3623 787 3766 825 κατα-

2230 850 2382 916 στάς
2422 868 2510 916 τις
2552 853 2624 904 οὐ
2646 851 3007 919 βλασφημεῖ
3024 854 3235 920 μόνον,
3266 854 3428 908 ἀλλὰ
3473 858 3564 909 καὶ
3604 859 3765 927 πάσης

2231 941 2343 1010 γῆς
2380 943 2476 996 καὶ
2521 941 2841 1010 θαλάσσης
2868 943 3246 1010 ἐκκηρύττει·
3291 947 3393 999 καί
3425 964 3499 1000 σε
3549 949 3648 1001 τὸν
3683 965 3764 1003 xa-

2230 1033 2606 1103 θωσιωμένον
2633 1034 2836 1103 ὥσπερ
2877 1035 3114 1104 ἄγαλμα
3142 1035 3302 1102 αὐτῷ
3337 1037 3532 1105 δήσας
3569 1039 3762 1109 ἀπάγει,

2229 1124 2326 1176 καὶ
2354 1124 2812 1185 ἀνασκολοπίζει
2837 1143 2850 1155 ο
2883 1127 2979 1180 καὶ
3016 1130 3048 1180 ό
3073 1127 3319 1196 δαίμων,
3354 1128 3416 1196 ἣ,
3441 1130 3521 1195 ὡς
3543 1131 3618 1183 σὺ
3652 1134 3762 1201 φῂς.

2229 1217 2262 1268 ό
2288 1216 2392 1270 τοῦ
2421 1216 2567 1270 Θεοῦ
2591 1215 2757 1282 Παῖς,
2783 1216 2963 1270 οὐδὲν
2985 1217 3174 1271 αὑτὸν
3197 1219 3519 1287 ἀμύνεται;
3539 1220 3709 1292 Χώραν
3728 1224 3760 1275 δ’

2227 1303 2372 1379 εἶχεν
2404 1310 2435 1379 ή
2475 1309 2737 1377 ἀπολογία
2782 1307 2943 1379 αὕτη,
2979 1313 3026 1363 εἰ
3070 1311 3334 1376 τοιούτοις
3366 1313 3558 1380 λόγοις,
3587 1317 3759 1380 ὁποίους

2226 1403 2372 1470 ἡμᾶς
2406 1401 2712 1472 ἀνέγραψεν
2740 1403 3023 1470 λέγοντας,
3059 1402 3382 1474 ὲχριὶιμεθαθ
3423 1405 3643 1474 καίτοιγε
3676 1393 3758 1459 οὐδ’

2225 1489 2396 1553 οὕτως
2421 1489 2595 1560 ἀληθῆ
2627 1491 2798 1559 ἔλεγε,
2826 1491 3053 1563 δαίμονα
3073 1491 3242 1546 εἰπὼν
3271 1493 3364 1546 τὸν
3391 1494 3514 1546 Υίὸν
3534 1495 3618 1546 τοῦ
3633 1495 3752 1547 Θεοῦ.

2225 1581 2380 1634 Κατὰ
2417 1581 2512 1651 μὲν
2546 1577 2637 1635 οὖν
2673 1583 2846 1653 ἡμᾶς,
2877 1586 3004 1647 τοὺς
3031 1583 3290 1653 λέγοντας
3324 1586 3527 1648 πάντας
3545 1585 3754 1655 δαίμονας

2229 1667 2366 1725 εἶναι
2396 1672 2650 1740 φαύλους,
2681 1675 2742 1726 ού
2765 1674 2972 1744 δαίμων
2997 1677 3025 1728 ὁ
3057 1676 3180 1739 τοὺς
3207 1677 3458 1730 τοσούσδε
3479 1679 3753 1749 ἐπιστρέψας

558 1767 809 1822 homines
839 1767 904 1821 ad
953 1767 1115 1821 Deum
1159 1771 1448 1831 convertit,
1496 1785 1602 1823 non
1651 1770 1741 1824 ille
1775 1775 1986 1823 ammon
2018 1778 2117 1832 est,

2230 1763 2364 1834 πρὸς
2383 1737 2472 1816 τὸν
2494 1765 2645 1828 Θεὸν,
2673 1765 2806 1818 ἀλλὰ
2829 1737 2962 1830 Geo;
2991 1737 3179 1835 Λόγος,
3201 1769 3299 1821 καὶ
3319 1769 3452 1822 Θεοῦ
3476 1771 3600 1832 Παῖς
3613 1737 3636 1799 ’⁸
3648 1737 3752 1822 κᾷτά

555 1860 650 1914 sed
711 1860 850 1916 Deus
901 1861 1133 1914 Verbum
1187 1871 1242 1914 et
1290 1860 1384 1913 Dei
1437 1859 1732 1916 Filiuszat
1782 1860 1992 1923 Celsus,
2032 1861 2123 1929 qni

557 1949 729 2006 malos
775 1966 804 2004 a
849 1966 906 2006 se
951 1952 1220 2005 dannones
1270 1953 1491 2019 agnosci
1546 1951 1732 2006 nnllibi
1773 1951 2121 2021 significavit,

556 2042 742 2096 nescio
794 2043 1065 2112 quomodo
1114 2045 1195 2096 sui
1251 2041 1539 2096 immemor
1591 2042 1774 2096 Jcsum
1822 2044 2122 2096 daemonem

555 2135 814 2189 nominet.
848 2137 1110 2190 Caeterum
1145 2150 1317 2205 poenae
1351 2135 1531 2204 impiis
1563 2135 1842 2190 intentatae
1875 2135 2124 2188 accident

555 2227 850 2295 aliquando
890 2228 977 2292 iis,
1014 2229 1104 2296 qui
1141 2238 1262 2298 post
1300 2227 1540 2284 remedia
1589 2227 1769 2280 omnia
1804 2226 1961 2296 771
2002 2241 2125 2294 quae

553 2318 948 2383 detrectarunt,
995 2319 1049 2372 in
1085 2319 1316 2382 malitia,
1355 2329 1412 2372 ut
1459 2319 1532 2372 ita
1582 2318 1779 2382 dicam,
1832 2317 2121 2372 insanabili

553 2409 1045 2478 deprehendentur.

624 2502 714 2556 60.
748 2501 818 2556 Et
846 2517 944 2556 nos
979 2503 1200 2572 quidem
1234 2517 1356 2556 cum
1393 2500 1798 2573 sermonenrde
1831 2499 2006 2570 pinnis
2037 2498 2120 2552 fa-

551 2596 747 2658 ciams,
798 2593 1001 2649 multos
1043 2595 1146 2648 hac
1187 2597 1253 2648 de
1289 2595 1463 2662 pmnis
1503 2593 1751 2648 doctrina
1801 2609 1830 2646 a
1879 2593 2122 2661 peccatis

553 2687 877 2750 avertimus;
925 2686 1022 2740 sed
1074 2686 1206 2755 quid
1262 2686 1374 2752 ille,
1412 2701 1574 2754 quem
1629 2685 1820 2740 Celsus
1857 2685 2121 2754 Apollinis

553 2783 645 2828 ant
673 2773 822 2830 Jovis
851 2774 1188 2830 sacerdotem
1237 2773 1390 2842 dicit,
1429 2775 1773 2843 respondeat,
1805 2773 2121 2828 considere-

553 2879 698 2920 mus.

626 2955 778 3022 Sero,
804 2954 1003 3025 inquit,
1036 2959 1240 3012 molunt
1281 2955 1499 3009 deorum
1544 2955 1734 3018 molle;

551 3058 644 3105 et:

618 3137 687 3193 In
722 3147 873 3190 natos
904 3149 1148 3191 natorum
1179 3144 1229 3188 et
1259 3136 1349 3202 qui
1378 3145 1660 3188 nascentur
1683 3134 1745 3186 ab
1779 3132 1907 3187 illis.

550 3227 686 3284 Vide
713 3238 915 3298 quanto
949 3229 1090 3281 istud
1138 3236 1352 3293 praestet
1381 3240 1398 3280 :
1429 3227 1552 3279 Non
1597 3226 1903 3278 occidentur
1947 3235 2120 3292 patres

551 3336 646 3389 pro
675 3320 822 3388 ﬁliis,
854 3336 944 3373 nec
990 3319 1089 3388 ﬁlii
1119 3334 1212 3386 pro
1242 3317 1497 3383 patribus,
1527 3319 1617 3370 sed
1645 3317 2000 3385 unusquisque
2027 3333 2119 3382 pro

550 3423 758 3480 peccato
811 3428 905 3466 suo
956 3411 1287 3466 morietur“.
1323 3410 1386 3464 Et
1422 3409 1560 3464 hoc:
1594 3407 1926 3462 Comedentis
1969 3422 2118 3462 urant

551 3505 816 3568 acerbam,
869 3505 1225 3570 obstupescent
1272 3503 1452 3556 dentes
1506 3500 1700 3570 ejus“.
1745 3499 1876 3554 Item
1940 3500 2114 3553 illud:

553 3595 724 3650 Filius
757 3613 861 3650 non
899 3596 1125 3664 portabit
1152 3596 1484 3665 iniquitatem
1519 3595 1706 3662 patris,
1751 3604 1798 3647 et
1829 3601 1978 3662 pater
2016 3610 2120 3648 non

547 3689 780 3756 portabit
810 3687 1136 3756 iniquitatem
1194 3686 1316 3755 ﬁlii,
1361 3685 1578 3754 justitia
1622 3685 1759 3753 justi
1800 3701 1958 3754 super
2000 3702 2118 3740 eum

547 3781 671 3842 erit,
694 3790 739 3832 et
754 3779 992 3846 impietas
1015 3779 1161 3846 impii
1193 3779 1293 3833 erit
1320 3794 1477 3847 super
1503 3793 1623 3832 eum
1649 3777 1714 3831 ⁸³.
1749 3775 1902 3842 Quod
1928 3778 1972 3832 si
1997 3778 2120 3847 quis

549 3868 748 3925 dixerit
771 3869 894 3923 huic
923 3870 1173 3925 oraculo:

616 4095 684 4150 In
715 4105 862 4149 natos
891 4105 1133 4150 natorum
1165 4105 1210 4149 et
1251 4094 1340 4164 qui
1379 4093 1660 4148 nascentur
1685 4094 1745 4147 ab
1770 4093 1876 4148 illis
1897 4133 1912 4159 ,

547 4190 728 4243 simile
749 4204 870 4244 esse
893 4188 1067 4243 istud:
1092 4185 1196 4252 Qui
1227 4186 1394 4239 reddit
1424 4197 1638 4254 peccata
1667 4198 1871 4252 patrum
1896 4187 1949 4241 in
1973 4188 2115 4256 ﬁlios

544 4283 599 4333 in
626 4283 831 4334 tertiam
887 4291 933 4334 et
965 4288 1209 4350 quartam
1258 4280 1642 4348 generationem
1694 4295 1877 4332 eorum
1915 4281 2003 4350 qui
2036 4296 2115 4334 me

545 4372 826 4440 oderint“;
863 4373 1038 4428 discat
1071 4387 1139 4426 ex
1163 4369 1444 4425 Ezechiele
1471 4370 1786 4440 parabolam
1821 4386 1973 4435 esse,
2007 4387 2109 4441 qua

544 4464 886 4533 reprehendit
918 4465 1160 4519 dicentes
1180 4482 1192 4517 :
1212 4460 1396 4518 Patres
1423 4463 1756 4518 comederunt
1784 4479 1935 4516 uvam
1966 4481 2115 4518 acer-

2225 1851 2280 1903 δὲ
2309 1851 2533 1916 Κέλσον,
2573 1854 2735 1924 μηδὲν
2767 1855 3086 1925 ἐμφήναντα
3116 1856 3243 1924 περὶ
3275 1855 3490 1925 φαύλων
3512 1857 3748 1926 δαιμόνων,

2225 1943 2325 1996 οὐκ
2364 1939 2456 1996 οἷδ’
2501 1945 2650 2006 ὅπως
2688 1945 3076 2016 ἐπιλαθόμενον
3120 1947 3341 2013 ἑαυτοῦ,
3390 1949 3584 2019 δαίμων
3610 1949 3748 2018 63h“,-

2229 2034 2353 2098 σοῦς
2385 2035 2618 2106 εἴρηται.
2671 2037 2934 2109 ’Ύστερον
2969 2038 3216 2107 μέντοιγε
3257 2041 3330 2093 τὰ
3372 2040 3615 2111 λεγόμενα
3654 2042 3748 2111 περὶ

2223 2124 2330 2177 τῶν
2364 2124 2574 2179 ἀσεϐῶν
2615 2126 2808 2194 φΟάσει
2845 2127 2983 2198 μετὰ
3034 2129 3212 2183 πάντα
3244 2131 3319 2184 τὰ
3349 2131 3615 2202 φάρμακα,
3643 2131 3746 2201 ἅπερ

2224 2215 2285 2268 οὐ
2317 2217 2681 2287 προσήκαντο,
2719 2219 2812 2271 ἐπὶ
2855 2219 2982 2282 τοὺς
3015 2220 3589 2293 καταλαμϐανομένους
3613 2223 3660 2274 ἐν
3677 2224 3742 2293 τῇ,

2224 2305 2300 2370 ὡς
2333 2305 2397 2362 ἂν
2427 2309 2572 2362 εἴποι
2614 2326 2718 2373 τις,
2748 2309 2950 2380 ἀνιάτῳ
2979 2311 3164 2382 κακίᾳ.

2293 2480 2403 2532 Καὶ
2432 2482 2592 2552 ἡμεῖς
2631 2481 2728 2551 μὲν
2767 2483 2796 2535 ὃ
2825 2500 2876 2535 τι
2913 2485 3042 2537 ποτὲ
3065 2487 3199 2556 ,περὶ
3228 2487 3500 2550 κολάσεως
3529 2487 3738 2554 λέγοντες,

2224 2567 2316 2621 καὶ
2347 2568 2434 2622 διὰ
2465 2570 2564 2641 τῆς
2593 2571 2721 2642 περὶ
2756 2571 3028 2635 κολάσεως
3059 2574 3411 2641 διδασκαλίας
3443 2577 3638 2639 πολλοὺς
3661 2573 3738 2630 ἀπὸ

2222 2659 2330 2712 τῶν
2350 2660 2766 2732 ἁμαρτημάτων
2793 2664 3190 2736 ὲπιστρέφομεν
3211 2684 3224 2696 ο
3253 2671 3288 2720 ὁ
3312 2667 3366 2720 δὲ
3393 2669 3521 2721 κατὰ
3542 2668 3618 2721 τὸν
3639 2665 3738 2719 Κέλ-

2225 2765 2315 2801 σον
2348 2751 2525 2822 ίερεὺς
2557 2750 2651 2803 τοῦ
2700 2751 3030 2817 ’Λπόλλωνος
3062 2754 3096 2826 ἢ
3129 2755 3223 2810 τοῦ
3266 2759 3388 2823 Διὸς
3409 2753 3491 2814 οἷα
3517 2758 3736 2829 ἀποκρίνει

2220 2857 2312 2893 ται
2344 2843 2770 2912 κατανοήσωμεν
2788 2859 2802 2873 ο

2235 2930 2370 2999 Ὀψὲ
2404 2931 2535 3002 (57),
2565 2933 2715 3004 φησι,
2750 2933 2901 2988 θεῶν
2939 2935 3191 2991 ἀλέουσι
3217 2941 3422 3008 μύλτκ

2222 3024 2315 3075 καὶ

2237 3113 2327 3177 Ἐς
2353 3113 2579 3167 πα.’δων
2605 3114 2716 3189 (58)
2743 3118 2960 3185 παῖδας
2984 3120 3074 3173 τοί
3105 3137 3212 3174 κεν
3229 3123 3545 3262 perm-uadi!
3569 3118 3730 3190 γένυν-

3533 3207 3625 3243 ται.

3533 3207 3609 3243 ται
3614 3229 3625 3241 .

2225 3273 2367 3346 ’Ὀρα
2395 3274 2451 3327 δὲ
2482 3277 2591 3346 ὅσῳ
2624 3276 2814 3330 τούτου
2859 3279 3061 3350 βέλτιον
3093 3283 3176 3346 τὸ,
3218 3284 3346 3338 οὐκ
3372 3279 3728 3337 ἀποθανοῦνται

2222 3363 2472 3430 πατέρες
2521 3365 2673 3433 ὑπὲρ
2717 3365 2961 3433 τέκνων,
3006 3370 3149 3424 οὐδὲ
3196 3372 3321 3425 υἱοὶ
3365 3369 3726 3426 ἀποθανοῦνται

2220 3455 2372 3524 ὑπὲρ
2409 3457 2706 3525 πατέρων·
2739 3459 2995 3527 ἕκαστος
3021 3461 3098 3531 τῇ
3131 3463 3389 3533 ἁμαρτίᾳ
3414 3463 3602 3518 ἑαυτοῦ
3622 3462 3726 3516 ἀπο-

2221 3548 2512 3602 θανεῖται·
2545 3549 2639 3602 καὶ
2684 3551 2864 3616 τοῦτο,
2923 3553 3033 3607 Τοῦ
3085 3557 3388 3624 φαγόντος
3428 3557 3524 3610 τὸν
3551 3555 3727 3624 ὄμφακα

2219 3639 2687 3708 αιμωδιάσουσιν
2713 3646 2765 3696 οι
2804 3643 3046 3711 ὀδόντες
3077 3647 3292 3702 αὐτοῦ·
3327 3649 3414 3702 καὶ
3441 3647 3515 3711 τὸ,
3553 3644 3658 3710 Υἱὸς
3677 3643 3725 3695 οὐ

2216 3729 2474 3798 λήψεται
2506 3732 2746 3786 ἀδικίαν
2771 3736 3014 3802 πατρὸς,
3063 3737 3159 3790 καὶ
3198 3737 3400 3807 πατὴρ
3430 3740 3495 3792 οὺ
3531 3735 3724 3803 λήψεται

2217 3821 2456 3874 ἀδικίαν
2521 3823 2684 3876 υἱοῦ·
2757 3823 3108 3897 δικαιοσύνη
3163 3828 3399 3885 δικαίου
3455 3829 3537 3882 ἐπ’
3589 3823 3724 3881 αὑτὸν

2216 3912 2416 3975 ἔσται,
2447 3913 2544 3966 καὶ
2573 3914 2789 3984 ἀνομία
2826 3917 3052 3986 ἀνόμου
3089 3920 3181 3972 ἐπ’
3210 3923 3403 3977 αὐτὸν
3430 3922 3593 3976 ἔσται.
3635 3916 3722 3970 Ἐὰν

2216 4004 2272 4057 δέ
2300 4022 2381 4068 τις
2418 4005 2604 4076 ὅμοιον
2635 4001 2773 4060 εἶναι
2806 4008 2939 4082 λέγῃ
2972 4009 3068 4081 τῷ,

2231 4099 2320 4163 Ὲς
2338 4097 2566 4152 παίδων
2583 4098 2817 4166 παῖδας,
2838 4101 2893 4153 οἳ
2913 4103 3008 4156 καὶ
3022 4106 3352 4172 μετόπισθε
3369 4104 3614 4174 γένωνται
3625 4096 3716 4168 (59),

2217 4189 2280 4244 τὸ
2307 4229 2321 4254 ,
2394 4189 2742 4258 ’Λποδιδοὺς
2793 4193 3082 4262 ἁμαρτίας
3137 4196 3406 4266 πατέρων
3459 4194 3544 4248 ἐπὶ
3589 4189 3718 4244 τέκνα

2215 4281 2311 4333 ἐπὶ
2345 4282 2551 4350 τρίτην
2592 4282 2692 4336 καὶ
2715 4284 3004 4353 τετάρτην
3031 4288 3246 4356 γοετέὰν
3271 4289 3391 4354 τοῖς
3418 4280 3635 4357 μισοῦσί
3649 4293 3715 4346 με.

2220 4370 2556 4440 μανθανέτω,
2575 4373 2656 4425 ὅτι
2685 4374 2742 4426 ὲν
2770 4374 2846 4446 τῷ
2888 4376 3146 4448 Ἰεζεκιὴλ
3169 4377 3442 4449 παραϐολὴ
3463 4376 3516 4427 τὸ
3539 4367 3717 4424 τοιοῦτον

2220 4457 2357 4514 εἶναι
2386 4462 2651 4530 λέλεκται,
2694 4466 2999 4538 αἰτιωμένῳ
3036 4470 3162 4529 τοὺς
3191 4469 3468 4538 λέγονταςο
3501 4468 3554 4519 Ol
3585 4455 3714 4515 πατέ-

541 4557 681 4620 bam,
699 4565 745 4607 et
786 4555 962 4606 dentes
985 4552 1218 4620 ﬁliorum
1255 4553 1614 4620 obstupescunt
1638 4553 1708 4606 ⁸⁵.
1736 4551 1890 4607 Unde
1918 4554 2114 4607 subse-

2222 4570 2318 4620 βες
2344 4555 2568 4624 ἔφαγον
2608 4555 2862 4625 ὄμφακα,
2904 4559 3000 4612 καὶ
3047 4562 3102 4612 οι
3142 4560 3382 4627 ὀδόντες
3409 4559 3515 4611 τῶν
3549 4553 3717 4608 τέκνων

540 4647 772 4715 quitur:
826 4642 949 4697 Vivo
991 4660 1104 4712 ego,
1157 4642 1284 4695 dicit
1330 4641 1610 4708 Dominus,
1655 4645 1710 4697 ni
1753 4645 1969 4714 quisque
2014 4660 2111 4698 suo

539 4735 704 4804 ipsius
758 4745 967 4804 peccato
1017 4733 1290 4790 morietur.
1335 4733 1473 4800 Quid
1527 4745 1706 4790 autem
1756 4736 2012 4804 parabola
2045 4737 2111 4791 de

542 4921 572 4935 _
607 4851 664 4972 δὲ
694 4852 849 4905 Deut.
881 4866 1026 4916 sxw,
1053 4849 1138 4904 16.

542 4939 596 4972 ί).
671 4959 686 4972 .

541 4939 596 4974 ὃ,
629 4939 686 4974 4ο

542 5083 554 5095 .
581 4959 723 5138 1(37)
773 5010 927 5079 Ὀψέ.
963 5010 1100 5066 Alibi
1141 5025 1326 5066 versus
1374 5011 1461 5066 hic
1513 5011 1874 5083 proverbialis
1912 5013 2109 5083 legitur

542 5100 593 5138 tn
625 5097 753 5138 eaer
783 5099 797 5136 :

693 5097 797 5136 er:

541 5099 652 5138 tute
693 5099 753 5135 er
783 5099 797 5136 :

616 5099 754 5244 US$49
781 5173 919 5228 θεὸν
941 5173 1189 5228 ἀλέουσι
1215 5172 1416 5240 μύλοι,
1447 5172 1700 5227 ἀλέουσι
1725 5172 1794 5225 δὲ
1823 5171 2044 5227 λεπτά.

535 5267 812 5323 Plutarch.
836 5307 853 5330 ,
894 5265 967 5318 De
1006 5281 1120 5335 sera
1169 5263 1696 5335 Numinisuvindicta
1734 5280 1752 5316 :
1784 5265 1948 5316 Ὥστε
2001 5266 2101 5335 οὐχ

531 5337 643 5410 ὁρῶ
658 5337 716 5410 τί
743 5338 1005 5410 χρήσιμον
1039 5333 1352 5410 ἔνεστιτοῖς
1380 5333 1493 5410 ὀψὲ·
1509 5332 1572 5404 δὴ
1608 5333 1816 5410 τούτοις
1835 5335 1990 5410 ’ἀλεζν
2019 5332 2104 5386 λεέ

533 5403 790 5486 γομένοίξ
827 5403 1019 5486 μύλοις.
1059 5403 1505 5486 τῶνοθεῶν,’κα;ὶ
1543 5403 1753 5484 ποιοῦσι
1796 5403 1894 5486 τὴν
1940 5403 2094 5486 δίκην

534 5473 786 5548 ἀμαυρὰν
829 5473 928 5528 ’καὶ
973 5475 1062 5548 τὸν
1109 5473 1270 5548 φόϐον
1597 5473 1693 5548 τῆς
1725 5473 1956 5548 κακίας.
2001 5473 2098 5526 At-

532 5543 629 5614 que
658 5543 786 5599 adeo
818 5562 918 5598 non
944 5547 1088 5596 video
1120 5545 1252 5614 quid
1272 5545 1519 5596 utilitatis
1553 5543 1685 5595 adsit
1719 5544 1802 5605 iis,
1846 5545 1935 5612 qui
1977 5559 2093 5596 sero

535 5613 742 5667 tandem
787 5615 975 5666 molere
1020 5614 1170 5666 molis
1220 5613 1436 5666 deorum
1481 5614 1726 5665 dicuntur
1765 5629 1782 5664 :
1825 5629 1943 5665 cum
1995 5615 2094 5664 Itoc

533 5694 684 5747 pacto
709 5695 755 5736 et
781 5682 992 5750 justitia
1035 5683 1283 5736 reddatur
1313 5685 1555 5752 obscura,
1588 5691 1634 5736 ct
1667 5682 1883 5737 malitia:
1925 5693 2089 5737 metus

1249 4851 1294 4882 ⁸³
1333 4849 1534 4906 Jerem.
1564 4866 1720 4915 xxxi,
1750 4850 1841 4906 50.
1919 4852 1966 4882 ⁸³
2003 4852 2197 4908 Ezech.
2240 4870 2390 4920 xvnt,
2414 4854 2504 4909 20.

2219 4646 2600 4715 ᾐμωδίασαν·
2631 4642 2676 4715 ᾧ
2713 4649 3056 4722 ἐπιφέρεται·
3090 4651 3183 4704 Ζῶ
3206 4651 3339 4722 ἐγὼ,
3367 4649 3512 4720 λέγει
3535 4645 3714 4710 Κύριος,

2217 4739 2354 4792 ἀλλ’
2385 4739 2422 4808 ἣ
2463 4739 2719 4806 ἕκαστος
2749 4739 2824 4809 τῇ
2850 4742 3064 4798 ἑαυτοῦ
3106 4743 3357 4814 ἁμαρτίᾳ
3382 4733 3714 4796 ἀποθανεῖται.

2608 4856 2655 4888 ⁸⁸
2695 4857 2866 4913 Exod.
2900 4874 2993 4924 sx,
3043 4859 3096 4914 5.
3229 4861 3278 4893 ⁸³
3317 4857 3498 4914 Ezech.
3529 4841 3713 4909 smne:

2217 5027 2508 5070 evanescat.
2542 5016 2805 5074 Speucan.

2289 5086 2399 5156 (5S)
2451 5087 2542 5153 Ἐς
2572 5088 2820 5142 παίδων.
2856 5087 3013 5144 llom.
3042 5088 3116 5146 ΙΙ.
3141 5090 3210 5153 Υ,
3244 5104 3291 5143 V.
3319 5086 3419 5143 508
3446 5102 3460 5139 :

2211 5177 2324 5232 Kal
2353 5178 2564 5245 παῖδες
2594 5181 2843 5248 παίδων,
2879 5182 2972 5234 τοί
3001 5198 3107 5235 κεν
3125 5182 3442 5302 μετόπισὲε
3469 5173 3711 5297 ﬁgit?“

3411 5261 3500 5302 res
3593 5279 3604 5290 .

3411 5261 3604 5302 PENCEB.

2283 5341 2393 5411 ('59)
2439 5342 2655 5396 Rectius
2689 5357 2847 5405 mss.,
2890 5343 2938 5394 οἳ
2994 5343 3089 5397 κει)⁸
3141 5339 3423 5412 μετόπισθε
3473 5338 3710 5412 γένωνται,

2209 5393 2866 5480 quam,“bbdanteai
3119 5393 3335 5466 δπισθεν
3357 5393 3612 5477 γένωνταιἶ

2205 5465 2410 5551 έειιόυε
2441 5491 2618 5534 autem
2647 5481 2734 5535 hic
2764 5465 2955 5536 versus
2983 5465 3039 5536 ut
3071 5465 3251 5551 supra.
3277 5465 3436 5534 Paulo
3463 5480 3564 5544 post
3590 5465 3710 5551 iitli

2201 5542 2322 5602 libri
2357 5551 2508 5612 editi,
2539 5553 2652 5614 τοῖς
2708 5551 2927 5622 μισοῦσί
2978 5569 3044 5624 με
3081 5542 3316 5624 μαθέτω,
3361 5557 3413 5603 at
3457 5542 3567 5598 mss.
3594 5543 3639 5589 ut
3671 5542 3710 5581 Ill

2204 5630 2391 5676 nostro
2423 5630 2619 5694 textu,
