  <div class='ocr_page' id='page_1' title='image "/cluster/home/n/w/nwhite01/storage/ocr_20150623/11/mdp.39015013266690/814.png"; bbox 0 0 3972 6160; ppageno 0'>
   <div class='ocr_carea' id='block_1_1' title="bbox 471 281 605 338">
    <p class='ocr_par' dir='ltr' id='par_1_1' title="bbox 471 281 605 338">
     <span class='ocr_line' id='line_1_1' title="bbox 471 281 605 338; baseline 0.022 -3"><span class='ocrx_word' id='word_1_1' title='bbox 471 281 605 338; x_wconf 78' lang='grc'><strong>1577</strong></span> 
     </span>
    </p>
   </div>
   <div class='ocr_carea' id='block_1_2' title="bbox 1615 285 2565 345">
    <p class='ocr_par' dir='ltr' id='par_1_2' title="bbox 1615 285 2565 345">
     <span class='ocr_line' id='line_1_2' title="bbox 1615 285 2565 345; baseline 0.001 -4"><span class='ocrx_word' id='word_1_2' title='bbox 1615 285 1892 342; x_wconf 80' lang='lat' dir='ltr'><strong>CONTRA</strong></span> <span class='ocrx_word' id='word_1_3' title='bbox 1926 287 2202 345; x_wconf 75' lang='lat' dir='ltr'><strong>CELSUM</strong></span> <span class='ocrx_word' id='word_1_4' title='bbox 2241 285 2371 342; x_wconf 87' lang='lat' dir='ltr'><strong>LIB.</strong></span> <span class='ocrx_word' id='word_1_5' title='bbox 2427 286 2565 342; x_wconf 79' lang='lat' dir='ltr'>VIII.</span> 
     </span>
    </p>
   </div>
   <div class='ocr_carea' id='block_1_3' title="bbox 3559 280 3695 335">
    <p class='ocr_par' dir='ltr' id='par_1_3' title="bbox 3559 280 3695 335">
     <span class='ocr_line' id='line_1_3' title="bbox 3559 280 3695 335; baseline 0 -1"><span class='ocrx_word' id='word_1_6' title='bbox 3559 280 3695 335; x_wconf 76' lang='lat' dir='ltr'><strong>I578</strong></span> 
     </span>
    </p>
   </div>
   <div class='ocr_carea' id='block_1_4' title="bbox 463 397 2038 477">
    <p class='ocr_par' dir='ltr' id='par_1_4' title="bbox 463 397 2033 476">
     <span class='ocr_line' id='line_1_4' title="bbox 463 397 2033 476; baseline 0.003 -21"><span class='ocrx_word' id='word_1_7' title='bbox 463 402 537 455; x_wconf 74' lang='grc' dir='ltr'>Θύ</span> <span class='ocrx_word' id='word_1_8' title='bbox 568 397 708 455; x_wconf 87' lang='grc' dir='ltr'><strong>κατά</strong></span> <span class='ocrx_word' id='word_1_9' title='bbox 742 400 830 454; x_wconf 84' lang='grc' dir='ltr'><em>τὸν</em></span> <span class='ocrx_word' id='word_1_10' title='bbox 862 399 1104 472; x_wconf 87' lang='grc' dir='ltr'><em>παρόντα</em></span> <span class='ocrx_word' id='word_1_11' title='bbox 1136 404 1192 457; x_wconf 87' lang='grc' dir='ltr'><em>δὲ</em></span> <span class='ocrx_word' id='word_1_12' title='bbox 1225 404 1413 476; x_wconf 88' lang='grc' dir='ltr'><em>καιρόν</em></span> <span class='ocrx_word' id='word_1_13' title='bbox 1442 405 1557 457; x_wconf 80' lang='grc' dir='ltr'><em>ἐστι</em></span> <span class='ocrx_word' id='word_1_14' title='bbox 1590 404 1950 476; x_wconf 85' lang='grc' dir='ltr'><em>διηγήσασθαι</em></span> <span class='ocrx_word' id='word_1_15' title='bbox 1980 408 2033 459; x_wconf 89' lang='grc' dir='ltr'><strong>τί</strong></span> 
     </span>
    </p>
   </div>
   <div class='ocr_carea' id='block_1_5' title="bbox 2145 397 3698 477">
    <p class='ocr_par' dir='ltr' id='par_1_5' title="bbox 2145 398 3698 476">
     <span class='ocr_line' id='line_1_5' title="bbox 2145 398 3698 476; baseline -0.008 -14"><span class='ocrx_word' id='word_1_16' title='bbox 2145 408 2367 476; x_wconf 73' lang='lat' dir='ltr'><strong>peccatis</strong></span> <span class='ocrx_word' id='word_1_17' title='bbox 2391 422 2559 476; x_wconf 90' lang='lat' dir='ltr'><strong>usque</strong></span> <span class='ocrx_word' id='word_1_18' title='bbox 2585 405 2649 459; x_wconf 89' lang='lat' dir='ltr'><strong>ad</strong></span> <span class='ocrx_word' id='word_1_19' title='bbox 2680 403 2894 458; x_wconf 93' lang='lat' dir='ltr'><strong>tertiam</strong></span> <span class='ocrx_word' id='word_1_20' title='bbox 2928 411 2982 456; x_wconf 90' lang='lat' dir='ltr'><strong>et</strong></span> <span class='ocrx_word' id='word_1_21' title='bbox 3009 408 3256 469; x_wconf 78' lang='lat' dir='ltr'><strong>quartam</strong></span> <span class='ocrx_word' id='word_1_22' title='bbox 3292 398 3698 469; x_wconf 74' lang='lat' dir='ltr'><strong>generationem</strong></span> 
     </span>
    </p>
   </div>
   <div class='ocr_carea' id='block_1_6' title="bbox 461 492 2031 568">
    <p class='ocr_par' dir='ltr' id='par_1_6' title="bbox 461 492 2031 568">
     <span class='ocr_line' id='line_1_6' title="bbox 461 492 2031 568; baseline 0.003 -23"><span class='ocrx_word' id='word_1_23' title='bbox 461 492 712 562; x_wconf 75' lang='grc' dir='ltr'><em>σημαίνει</em></span> <span class='ocrx_word' id='word_1_24' title='bbox 760 492 792 562; x_wconf 80' lang='grc' dir='ltr'><strong>ἡ</strong></span> <span class='ocrx_word' id='word_1_25' title='bbox 828 495 954 564; x_wconf 74' lang='grc' dir='ltr'><em>περὶ</em></span> <span class='ocrx_word' id='word_1_26' title='bbox 989 494 1083 547; x_wconf 82' lang='grc' dir='ltr'><em>τοῦ</em></span> <span class='ocrx_word' id='word_1_27' title='bbox 1114 496 1206 548; x_wconf 77' lang='grc' dir='ltr'><strong>ἐπὶ</strong></span> <span class='ocrx_word' id='word_1_28' title='bbox 1239 494 1353 567; x_wconf 70' lang='grc'><strong>(40)</strong></span> <span class='ocrx_word' id='word_1_29' title='bbox 1402 496 1593 567; x_wconf 82' lang='grc' dir='ltr'><strong>τρίτην</strong></span> <span class='ocrx_word' id='word_1_30' title='bbox 1646 497 1739 549; x_wconf 75' lang='grc' dir='ltr'><em>καὶ</em></span> <span class='ocrx_word' id='word_1_31' title='bbox 1766 498 2031 568; x_wconf 84' lang='grc' dir='ltr'><strong>τετάρτην</strong></span> 
     </span>
    </p>
   </div>
   <div class='ocr_carea' id='block_1_7' title="bbox 460 582 1785 657">
    <p class='ocr_par' dir='ltr' id='par_1_7' title="bbox 460 582 1785 657">
     <span class='ocr_line' id='line_1_7' title="bbox 460 582 1785 657; baseline 0.004 -24"><span class='ocrx_word' id='word_1_32' title='bbox 460 582 653 650; x_wconf 80' lang='grc' dir='ltr'><em>γενεὰν</em></span> <span class='ocrx_word' id='word_1_33' title='bbox 680 582 1024 637; x_wconf 80' lang='grc' dir='ltr'>ἀποδίδοσθαι</span> <span class='ocrx_word' id='word_1_34' title='bbox 1055 585 1154 647; x_wconf 84' lang='grc' dir='ltr'><em>τὰς</em></span> <span class='ocrx_word' id='word_1_35' title='bbox 1184 586 1456 656; x_wconf 86' lang='grc' dir='ltr'><em>ἁμαρτίας</em></span> <span class='ocrx_word' id='word_1_36' title='bbox 1485 586 1785 657; x_wconf 79' lang='grc' dir='ltr'><em>παραϐολή.</em></span> 
     </span>
    </p>
   </div>
   <div class='ocr_carea' id='block_1_8' title="bbox 531 668 2030 747">
    <p class='ocr_par' dir='ltr' id='par_1_8' title="bbox 531 668 2030 747">
     <span class='ocr_line' id='line_1_8' title="bbox 531 668 2030 747; baseline 0.003 -22"><span class='ocrx_word' id='word_1_37' title='bbox 531 668 685 738; x_wconf 85' lang='grc' dir='ltr'><em>Εἶτα,</em></span> <span class='ocrx_word' id='word_1_38' title='bbox 736 673 811 737; x_wconf 86' lang='grc' dir='ltr'><em>ὡς</em></span> <span class='ocrx_word' id='word_1_39' title='bbox 845 676 900 727; x_wconf 78' lang='grc' dir='ltr'><em>αἱ</em></span> <span class='ocrx_word' id='word_1_40' title='bbox 931 676 1121 745; x_wconf 80' lang='grc' dir='ltr'><strong>γρᾶες,</strong></span> <span class='ocrx_word' id='word_1_41' title='bbox 1161 675 1658 746; x_wconf 86' lang='grc' dir='ltr'><em>διαλοιδορούμενος</em></span> <span class='ocrx_word' id='word_1_42' title='bbox 1697 679 1826 747; x_wconf 79' lang='grc' dir='ltr'><em>ἡμῖν</em></span> <span class='ocrx_word' id='word_1_43' title='bbox 1870 695 2030 747; x_wconf 83' lang='grc' dir='ltr'><em>φησι·</em></span> 
     </span>
    </p>
   </div>
   <div class='ocr_carea' id='block_1_9' title="bbox 462 763 2033 837">
    <p class='ocr_par' dir='ltr' id='par_1_9' title="bbox 462 763 2033 837">
     <span class='ocr_line' id='line_1_9' title="bbox 462 763 2033 837; baseline 0.004 -20"><span class='ocrx_word' id='word_1_44' title='bbox 462 764 545 818; x_wconf 91' lang='grc' dir='ltr'><strong>Σὺ</strong></span> <span class='ocrx_word' id='word_1_45' title='bbox 564 763 671 834; x_wconf 79' lang='grc' dir='ltr'><em>μὲν</em></span> <span class='ocrx_word' id='word_1_46' title='bbox 694 764 765 818; x_wconf 84' lang='grc' dir='ltr'><em>τὰ</em></span> <span class='ocrx_word' id='word_1_47' title='bbox 786 765 1096 834; x_wconf 78' lang='grc' dir='ltr'><em>ἀγάλματα</em></span> <span class='ocrx_word' id='word_1_48' title='bbox 1118 768 1343 820; x_wconf 87' lang='grc' dir='ltr'><em>τούτων</em></span> <span class='ocrx_word' id='word_1_49' title='bbox 1366 766 1653 834; x_wconf 79' lang='grc' dir='ltr'><strong>λοιδορῶν</strong></span> <span class='ocrx_word' id='word_1_50' title='bbox 1676 768 2033 837; x_wconf 77' lang='grc' dir='ltr'><strong>καταγελᾷς,</strong></span> 
     </span>
    </p>
   </div>
   <div class='ocr_carea' id='block_1_10' title="bbox 463 854 2039 927">
    <p class='ocr_par' dir='ltr' id='par_1_10' title="bbox 463 854 2039 927">
     <span class='ocr_line' id='line_1_10' title="bbox 463 854 2039 927; baseline 0.003 -19"><span class='ocrx_word' id='word_1_51' title='bbox 463 856 531 921; x_wconf 74' lang='grc' dir='ltr'><em>ὃς</em></span> <span class='ocrx_word' id='word_1_52' title='bbox 566 859 751 910; x_wconf 83' lang='grc' dir='ltr'><em>αὐτόν</em></span> <span class='ocrx_word' id='word_1_53' title='bbox 784 873 847 925; x_wconf 77' lang='grc' dir='ltr'><strong>γε</strong></span> <span class='ocrx_word' id='word_1_54' title='bbox 895 854 1006 927; x_wconf 70' lang='grc'><strong>(41)</strong></span> <span class='ocrx_word' id='word_1_55' title='bbox 1035 858 1143 910; x_wconf 84' lang='grc' dir='ltr'><em>τὸν</em></span> <span class='ocrx_word' id='word_1_56' title='bbox 1182 858 1477 911; x_wconf 87' lang='grc' dir='ltr'><em>Διόνυσον</em></span> <span class='ocrx_word' id='word_1_57' title='bbox 1514 857 1553 926; x_wconf 78' lang='grc' dir='ltr'>ἢ</span> <span class='ocrx_word' id='word_1_58' title='bbox 1588 858 1694 912; x_wconf 87' lang='grc' dir='ltr'><strong>τόν</strong></span> <span class='ocrx_word' id='word_1_59' title='bbox 1756 859 2039 926; x_wconf 77' lang='grc' dir='ltr'><strong>Ἡρακλέα</strong></span> 
     </span>
    </p>
   </div>
   <div class='ocr_carea' id='block_1_11' title="bbox 462 946 2039 1018">
    <p class='ocr_par' dir='ltr' id='par_1_11' title="bbox 462 946 2039 1018">
     <span class='ocr_line' id='line_1_11' title="bbox 462 946 2039 1018; baseline 0.001 -20"><span class='ocrx_word' id='word_1_60' title='bbox 462 947 727 1015; x_wconf 83' lang='grc' dir='ltr'><em>παρόντα</em></span> <span class='ocrx_word' id='word_1_61' title='bbox 782 950 834 1001; x_wconf 83' lang='grc' dir='ltr'><em>εὶ</em></span> <span class='ocrx_word' id='word_1_62' title='bbox 881 948 1293 1015; x_wconf 85' lang='grc' dir='ltr'><em>ἐλοιδόρησας,</em></span> <span class='ocrx_word' id='word_1_63' title='bbox 1345 951 1463 1002; x_wconf 84' lang='grc' dir='ltr'><em>οὐκ</em></span> <span class='ocrx_word' id='word_1_64' title='bbox 1509 946 1585 1001; x_wconf 84' lang='grc' dir='ltr'><em>ἂν</em></span> <span class='ocrx_word' id='word_1_65' title='bbox 1633 949 1781 1014; x_wconf 74' lang='grc' dir='ltr'><em>ἴσως</em></span> <span class='ocrx_word' id='word_1_66' title='bbox 1818 950 2039 1018; x_wconf 81' lang='grc' dir='ltr'><em>χαίρων</em></span> 
     </span>
    </p>
   </div>
   <div class='ocr_carea' id='block_1_12' title="bbox 461 1036 2040 1104">
    <p class='ocr_par' dir='ltr' id='par_1_12' title="bbox 461 1036 2040 1104">
     <span class='ocr_line' id='line_1_12' title="bbox 461 1036 2040 1104; baseline 0 -13"><span class='ocrx_word' id='word_1_67' title='bbox 461 1036 852 1104; x_wconf 78' lang='grc' dir='ltr'><em>ἀπήλλαξας·</em></span> <span class='ocrx_word' id='word_1_68' title='bbox 898 1037 1005 1090; x_wconf 87' lang='grc' dir='ltr'><strong>τὸν</strong></span> <span class='ocrx_word' id='word_1_69' title='bbox 1051 1036 1118 1089; x_wconf 80' lang='grc' dir='ltr'><em>δὲ</em></span> <span class='ocrx_word' id='word_1_70' title='bbox 1152 1037 1269 1090; x_wconf 82' lang='grc' dir='ltr'><em>σὸν</em></span> <span class='ocrx_word' id='word_1_71' title='bbox 1302 1037 1449 1089; x_wconf 84' lang='grc' dir='ltr'><em>Θεὸν</em></span> <span class='ocrx_word' id='word_1_72' title='bbox 1486 1040 1753 1104; x_wconf 87' lang='grc' dir='ltr'><em>παρόντα</em></span> <span class='ocrx_word' id='word_1_73' title='bbox 1779 1039 2040 1091; x_wconf 84' lang='grc' dir='ltr'><em>κατατεί-</em></span> 
     </span>
    </p>
   </div>
   <div class='ocr_carea' id='block_1_13' title="bbox 462 1124 2039 1195">
    <p class='ocr_par' dir='ltr' id='par_1_13' title="bbox 462 1124 2039 1195">
     <span class='ocr_line' id='line_1_13' title="bbox 462 1124 2039 1195; baseline 0.003 -20"><span class='ocrx_word' id='word_1_74' title='bbox 462 1141 672 1190; x_wconf 78' lang='grc' dir='ltr'><em>νοντες</em></span> <span class='ocrx_word' id='word_1_75' title='bbox 698 1126 797 1178; x_wconf 81' lang='grc' dir='ltr'><em>καὶ</em></span> <span class='ocrx_word' id='word_1_76' title='bbox 824 1124 1194 1191; x_wconf 79' lang='grc' dir='ltr'><strong>κολάζοντες,</strong></span> <span class='ocrx_word' id='word_1_77' title='bbox 1224 1126 1404 1179; x_wconf 79' lang='grc' dir='ltr'><em>οὐδὲν</em></span> <span class='ocrx_word' id='word_1_78' title='bbox 1428 1130 1481 1180; x_wconf 88' lang='lat' dir='ltr'><strong>ol</strong></span> <span class='ocrx_word' id='word_1_79' title='bbox 1504 1126 1688 1180; x_wconf 87' lang='grc' dir='ltr'><em>ταῦτα</em></span> <span class='ocrx_word' id='word_1_80' title='bbox 1710 1126 2039 1195; x_wconf 81' lang='grc' dir='ltr'><strong>δράσαντες</strong></span> 
     </span>
    </p>
   </div>
   <div class='ocr_carea' id='block_1_14' title="bbox 465 1218 2040 1287">
    <p class='ocr_par' dir='ltr' id='par_1_14' title="bbox 465 1218 2040 1287">
     <span class='ocr_line' id='line_1_14' title="bbox 465 1218 2040 1287; baseline 0.001 -17"><span class='ocrx_word' id='word_1_81' title='bbox 465 1219 836 1272; x_wconf 78' lang='grc' dir='ltr'><em>πεπόνθασιν</em></span> <span class='ocrx_word' id='word_1_82' title='bbox 856 1236 867 1248; x_wconf 91' lang='grc'><strong>·</strong></span> <span class='ocrx_word' id='word_1_83' title='bbox 917 1219 1053 1272; x_wconf 82' lang='grc' dir='ltr'><em>ἀλλ’</em></span> <span class='ocrx_word' id='word_1_84' title='bbox 1082 1218 1224 1271; x_wconf 86' lang='grc' dir='ltr'><em>οὐδὲ</em></span> <span class='ocrx_word' id='word_1_85' title='bbox 1256 1220 1404 1287; x_wconf 83' lang='grc' dir='ltr'><em>μετὰ</em></span> <span class='ocrx_word' id='word_1_86' title='bbox 1444 1218 1631 1271; x_wconf 86' lang='grc' dir='ltr'><em>ταῦτα</em></span> <span class='ocrx_word' id='word_1_87' title='bbox 1670 1218 1739 1271; x_wconf 83' lang='grc' dir='ltr'><em>ἐν</em></span> <span class='ocrx_word' id='word_1_88' title='bbox 1776 1221 2040 1283; x_wconf 88' lang='grc' dir='ltr'><em>τοσούτῳ</em></span> 
     </span>
    </p>
   </div>
   <div class='ocr_carea' id='block_1_15' title="bbox 459 1304 2040 1377">
    <p class='ocr_par' dir='ltr' id='par_1_15' title="bbox 459 1304 2040 1377">
     <span class='ocr_line' id='line_1_15' title="bbox 459 1304 2040 1377; baseline 0.001 -18"><span class='ocrx_word' id='word_1_89' title='bbox 459 1307 575 1376; x_wconf 78' lang='grc' dir='ltr'><strong>βίῳ</strong></span> <span class='ocrx_word' id='word_1_90' title='bbox 603 1304 711 1375; x_wconf 75' lang='grc'><strong>(42)</strong></span> <span class='ocrx_word' id='word_1_91' title='bbox 754 1324 807 1359; x_wconf 89' lang='grc' dir='ltr'><strong>τι</strong></span> <span class='ocrx_word' id='word_1_92' title='bbox 840 1306 1049 1359; x_wconf 84' lang='grc' dir='ltr'><em>καινὸν</em></span> <span class='ocrx_word' id='word_1_93' title='bbox 1087 1305 1156 1369; x_wconf 81' lang='grc' dir='ltr'><strong>ἐξ</strong></span> <span class='ocrx_word' id='word_1_94' title='bbox 1187 1305 1421 1360; x_wconf 87' lang='grc' dir='ltr'><em>ἐκείνου</em></span> <span class='ocrx_word' id='word_1_95' title='bbox 1450 1306 1656 1377; x_wconf 76' lang='grc' dir='ltr'><em>γέγονε</em></span> <span class='ocrx_word' id='word_1_96' title='bbox 1682 1305 1761 1370; x_wconf 86' lang='grc' dir='ltr'><em>τῷ</em></span> <span class='ocrx_word' id='word_1_97' title='bbox 1798 1307 2040 1360; x_wconf 85' lang='grc' dir='ltr'><em>πιστεύ-</em></span> 
     </span>
    </p>
   </div>
   <div class='ocr_carea' id='block_1_16' title="bbox 463 1393 2037 1467">
    <p class='ocr_par' dir='ltr' id='par_1_16' title="bbox 463 1393 2037 1467">
     <span class='ocr_line' id='line_1_16' title="bbox 463 1393 2037 1467; baseline -0.001 -18"><span class='ocrx_word' id='word_1_98' title='bbox 463 1411 640 1450; x_wconf 73' lang='grc' dir='ltr'><em>σαντι</em></span> <span class='ocrx_word' id='word_1_99' title='bbox 685 1396 781 1459; x_wconf 84' lang='grc' dir='ltr'><em>ἂν,</em></span> <span class='ocrx_word' id='word_1_100' title='bbox 828 1398 907 1462; x_wconf 87' lang='grc' dir='ltr'><em>ὡς</em></span> <span class='ocrx_word' id='word_1_101' title='bbox 966 1399 1079 1450; x_wconf 83' lang='grc' dir='ltr'><em>οὐκ</em></span> <span class='ocrx_word' id='word_1_102' title='bbox 1110 1393 1189 1467; x_wconf 73' lang='grc' dir='ltr'><em>ἦν</em></span> <span class='ocrx_word' id='word_1_103' title='bbox 1242 1397 1471 1465; x_wconf 82' lang='grc' dir='ltr'><em>ἐκεῖνος</em></span> <span class='ocrx_word' id='word_1_104' title='bbox 1522 1397 1831 1465; x_wconf 84' lang='grc' dir='ltr'><em>ἅνθρωπος</em></span> <span class='ocrx_word' id='word_1_105' title='bbox 1874 1398 2037 1467; x_wconf 80' lang='grc' dir='ltr'><em>γόης,</em></span> 
     </span>
    </p>
   </div>
   <div class='ocr_carea' id='block_1_17' title="bbox 465 1487 2040 1558">
    <p class='ocr_par' dir='ltr' id='par_1_17' title="bbox 465 1487 2040 1558">
     <span class='ocr_line' id='line_1_17' title="bbox 465 1487 2040 1558; baseline 0 -16"><span class='ocrx_word' id='word_1_106' title='bbox 465 1488 624 1542; x_wconf 81' lang='grc' dir='ltr'><em>ἀλλὰ</em></span> <span class='ocrx_word' id='word_1_107' title='bbox 652 1488 798 1541; x_wconf 86' lang='grc' dir='ltr'><strong>Θεοῦ</strong></span> <span class='ocrx_word' id='word_1_108' title='bbox 832 1488 1013 1554; x_wconf 65' lang='lat' dir='ltr'><strong>Huic;</strong></span> <span class='ocrx_word' id='word_1_109' title='bbox 1034 1490 1140 1542; x_wconf 81' lang='lat' dir='ltr'><strong>Kal</strong></span> <span class='ocrx_word' id='word_1_110' title='bbox 1170 1491 1202 1542; x_wconf 85' lang='grc' dir='ltr'><strong>ό</strong></span> <span class='ocrx_word' id='word_1_111' title='bbox 1228 1487 1470 1558; x_wconf 66' lang='grc' dir='ltr'><em>πέμψας</em></span> <span class='ocrx_word' id='word_1_112' title='bbox 1494 1488 1607 1557; x_wconf 81' lang='grc' dir='ltr'><strong>ἄρα</strong></span> <span class='ocrx_word' id='word_1_113' title='bbox 1637 1488 1742 1541; x_wconf 85' lang='grc' dir='ltr'><strong>τόν</strong></span> <span class='ocrx_word' id='word_1_114' title='bbox 1779 1490 1915 1541; x_wconf 86' lang='grc' dir='ltr'><em>Υἱὸν</em></span> <span class='ocrx_word' id='word_1_115' title='bbox 1936 1489 2040 1557; x_wconf 71' lang='grc' dir='ltr'><em>ἀγ-</em></span> 
     </span>
    </p>
   </div>
   <div class='ocr_carea' id='block_1_18' title="bbox 465 1578 2042 1651">
    <p class='ocr_par' dir='ltr' id='par_1_18' title="bbox 465 1578 2042 1651">
     <span class='ocr_line' id='line_1_18' title="bbox 465 1578 2042 1651; baseline -0.002 -17"><span class='ocrx_word' id='word_1_116' title='bbox 465 1580 771 1649; x_wconf 70' lang='grc' dir='ltr'><em>γελμάτων</em></span> <span class='ocrx_word' id='word_1_117' title='bbox 811 1580 921 1651; x_wconf 75' lang='grc'><strong>(45)</strong></span> <span class='ocrx_word' id='word_1_118' title='bbox 960 1579 1138 1633; x_wconf 82' lang='grc' dir='ltr'><em>τινῶν</em></span> <span class='ocrx_word' id='word_1_119' title='bbox 1179 1580 1399 1645; x_wconf 83' lang='grc' dir='ltr'><em>εἵνεκα,</em></span> <span class='ocrx_word' id='word_1_120' title='bbox 1433 1579 1620 1644; x_wconf 83' lang='grc' dir='ltr'><em>οὕτως</em></span> <span class='ocrx_word' id='word_1_121' title='bbox 1656 1578 1824 1647; x_wconf 85' lang='grc' dir='ltr'><strong>ὠμῶς</strong></span> <span class='ocrx_word' id='word_1_122' title='bbox 1864 1582 2042 1632; x_wconf 85' lang='grc' dir='ltr'><em>κολα-</em></span> 
     </span>
    </p>
   </div>
   <div class='ocr_carea' id='block_1_19' title="bbox 464 1669 2043 1739">
    <p class='ocr_par' dir='ltr' id='par_1_19' title="bbox 464 1669 2043 1739">
     <span class='ocr_line' id='line_1_19' title="bbox 464 1669 2043 1739; baseline -0.001 -16"><span class='ocrx_word' id='word_1_123' title='bbox 464 1670 706 1732; x_wconf 82' lang='grc' dir='ltr'><em>σθέντα,</em></span> <span class='ocrx_word' id='word_1_124' title='bbox 738 1670 818 1736; x_wconf 85' lang='grc' dir='ltr'><em>ὠς</em></span> <span class='ocrx_word' id='word_1_125' title='bbox 837 1670 1284 1739; x_wconf 67' lang='grc' dir='ltr'><strong>συνδιαφθεῖραι</strong></span> <span class='ocrx_word' id='word_1_126' title='bbox 1312 1671 1409 1723; x_wconf 77' lang='grc' dir='ltr'><em>καὶ</em></span> <span class='ocrx_word' id='word_1_127' title='bbox 1434 1672 1505 1723; x_wconf 83' lang='grc' dir='ltr'><em>τὰ</em></span> <span class='ocrx_word' id='word_1_128' title='bbox 1532 1669 1867 1738; x_wconf 73' lang='grc' dir='ltr'><strong>ἀγγέλματα</strong></span> <span class='ocrx_word' id='word_1_129' title='bbox 1885 1680 2043 1736; x_wconf 83' lang='grc' dir='ltr'><em>περι-</em></span> 
     </span>
    </p>
   </div>
   <div class='ocr_carea' id='block_1_20' title="bbox 2140 493 3706 565">
    <p class='ocr_par' dir='ltr' id='par_1_20' title="bbox 2140 493 3706 565">
     <span class='ocr_line' id='line_1_20' title="bbox 2140 493 3706 565; baseline -0.007 -12"><span class='ocrx_word' id='word_1_130' title='bbox 2140 500 2428 554; x_wconf 87' lang='lat' dir='ltr'><strong>reddendis</strong></span> <span class='ocrx_word' id='word_1_131' title='bbox 2488 497 2780 565; x_wconf 73' lang='lat' dir='ltr'><strong>signiticet,</strong></span> <span class='ocrx_word' id='word_1_132' title='bbox 2836 493 3120 563; x_wconf 75' lang='lat' dir='ltr'><strong>przeseutis</strong></span> <span class='ocrx_word' id='word_1_133' title='bbox 3173 493 3427 559; x_wconf 84' lang='lat' dir='ltr'><strong>temporis</strong></span> <span class='ocrx_word' id='word_1_134' title='bbox 3479 504 3583 543; x_wconf 91' lang='lat' dir='ltr'><strong>non</strong></span> <span class='ocrx_word' id='word_1_135' title='bbox 3616 499 3706 542; x_wconf 80' lang='lat' dir='ltr'><strong>est.</strong></span> 
     </span>
    </p>
   </div>
   <div class='ocr_carea' id='block_1_21' title="bbox 2136 591 2428 658">
    <p class='ocr_par' dir='ltr' id='par_1_21' title="bbox 2136 591 2428 658">
     <span class='ocr_line' id='line_1_21' title="bbox 2136 591 2428 658; baseline -0.003 -13"><span class='ocrx_word' id='word_1_136' title='bbox 2136 591 2428 658; x_wconf 84' lang='lat' dir='ltr'><strong>explicare.</strong></span> 
     </span>
    </p>
   </div>
   <div class='ocr_carea' id='block_1_22' title="bbox 2208 670 3703 735">
    <p class='ocr_par' dir='ltr' id='par_1_22' title="bbox 2208 670 3703 735">
     <span class='ocr_line' id='line_1_22' title="bbox 2208 670 3703 735; baseline -0.007 0"><span class='ocrx_word' id='word_1_137' title='bbox 2208 682 2295 735; x_wconf 78' lang='lat' dir='ltr'><strong>tll.</strong></span> <span class='ocrx_word' id='word_1_138' title='bbox 2332 680 2459 735; x_wconf 83' lang='lat' dir='ltr'><strong>Post</strong></span> <span class='ocrx_word' id='word_1_139' title='bbox 2506 681 2619 734; x_wconf 74' lang='lat' dir='ltr'><strong>hzcc</strong></span> <span class='ocrx_word' id='word_1_140' title='bbox 2666 678 3000 732; x_wconf 83' lang='lat' dir='ltr'><strong>anicularum</strong></span> <span class='ocrx_word' id='word_1_141' title='bbox 3051 688 3199 728; x_wconf 90' lang='lat' dir='ltr'><strong>more</strong></span> <span class='ocrx_word' id='word_1_142' title='bbox 3223 674 3530 728; x_wconf 86' lang='lat' dir='ltr'><strong>convicians</strong></span> <span class='ocrx_word' id='word_1_143' title='bbox 3558 691 3570 724; x_wconf 90' lang='lat'><strong>:</strong></span> <span class='ocrx_word' id='word_1_144' title='bbox 3598 670 3703 735; x_wconf 80' lang='lat' dir='ltr'><strong>Tu,</strong></span> 
     </span>
    </p>
   </div>
   <div class='ocr_carea' id='block_1_23' title="bbox 2139 763 3701 836">
    <p class='ocr_par' dir='ltr' id='par_1_23' title="bbox 2139 763 3701 836">
     <span class='ocr_line' id='line_1_23' title="bbox 2139 763 3701 836; baseline -0.004 -15"><span class='ocrx_word' id='word_1_145' title='bbox 2139 769 2333 836; x_wconf 82' lang='lat' dir='ltr'><strong>inquit,</strong></span> <span class='ocrx_word' id='word_1_146' title='bbox 2365 769 2635 822; x_wconf 78' lang='lat' dir='ltr'><strong>maledicis</strong></span> <span class='ocrx_word' id='word_1_147' title='bbox 2678 767 2889 818; x_wconf 88' lang='lat' dir='ltr'><strong>illorum</strong></span> <span class='ocrx_word' id='word_1_148' title='bbox 2940 764 3239 817; x_wconf 86' lang='lat' dir='ltr'><strong>simulacris</strong></span> <span class='ocrx_word' id='word_1_149' title='bbox 3280 778 3440 831; x_wconf 83' lang='lat' dir='ltr'><strong>eaque</strong></span> <span class='ocrx_word' id='word_1_150' title='bbox 3474 763 3701 815; x_wconf 86' lang='lat' dir='ltr'><strong>ludibrio</strong></span> 
     </span>
    </p>
   </div>
   <div class='ocr_carea' id='block_1_24' title="bbox 2138 851 3703 925">
    <p class='ocr_par' dir='ltr' id='par_1_24' title="bbox 2138 851 3703 925">
     <span class='ocr_line' id='line_1_24' title="bbox 2138 851 3703 925; baseline -0.003 -17"><span class='ocrx_word' id='word_1_151' title='bbox 2138 858 2293 910; x_wconf 81' lang='lat' dir='ltr'><strong>habes</strong></span> <span class='ocrx_word' id='word_1_152' title='bbox 2326 872 2342 909; x_wconf 91' lang='lat'><strong><em>:</em></strong></span> <span class='ocrx_word' id='word_1_153' title='bbox 2372 858 2462 925; x_wconf 86' lang='lat' dir='ltr'><strong>qui</strong></span> <span class='ocrx_word' id='word_1_154' title='bbox 2485 859 2529 909; x_wconf 85' lang='lat' dir='ltr'><strong>si</strong></span> <span class='ocrx_word' id='word_1_155' title='bbox 2563 856 2765 909; x_wconf 80' lang='lat' dir='ltr'><strong>Baccho</strong></span> <span class='ocrx_word' id='word_1_156' title='bbox 2810 854 2908 915; x_wconf 88' lang='lat' dir='ltr'><strong>ipsi</strong></span> <span class='ocrx_word' id='word_1_157' title='bbox 2934 863 3023 906; x_wconf 88' lang='lat' dir='ltr'><strong>aut</strong></span> <span class='ocrx_word' id='word_1_158' title='bbox 3056 851 3271 907; x_wconf 81' lang='lat' dir='ltr'><strong>Herculi</strong></span> <span class='ocrx_word' id='word_1_159' title='bbox 3302 854 3543 921; x_wconf 71' lang='lat' dir='ltr'><strong>prazsenti</strong></span> <span class='ocrx_word' id='word_1_160' title='bbox 3579 869 3703 905; x_wconf 88' lang='lat' dir='ltr'><strong>con-</strong></span> 
     </span>
    </p>
   </div>
   <div class='ocr_carea' id='block_1_25' title="bbox 2139 946 3701 1017">
    <p class='ocr_par' dir='ltr' id='par_1_25' title="bbox 2139 946 3701 1017">
     <span class='ocr_line' id='line_1_25' title="bbox 2139 946 3701 1017; baseline -0.003 -15"><span class='ocrx_word' id='word_1_161' title='bbox 2139 950 2356 1003; x_wconf 82' lang='lat' dir='ltr'><strong>viciatus</strong></span> <span class='ocrx_word' id='word_1_162' title='bbox 2405 966 2562 1014; x_wconf 87' lang='lat' dir='ltr'><strong>esses,</strong></span> <span class='ocrx_word' id='word_1_163' title='bbox 2606 950 2825 1017; x_wconf 79' lang='lat' dir='ltr'><strong>fortasse</strong></span> <span class='ocrx_word' id='word_1_164' title='bbox 2877 948 3026 1001; x_wconf 68' lang='lat' dir='ltr'><strong>(artus</strong></span> <span class='ocrx_word' id='word_1_165' title='bbox 3081 965 3180 1001; x_wconf 88' lang='lat' dir='ltr'><strong>non</strong></span> <span class='ocrx_word' id='word_1_166' title='bbox 3216 948 3564 1002; x_wconf 71' lang='lat' dir='ltr'><strong>discessisses.</strong></span> <span class='ocrx_word' id='word_1_167' title='bbox 3596 946 3701 1000; x_wconf 86' lang='lat' dir='ltr'><strong>Sed</strong></span> 
     </span>
    </p>
   </div>
   <div class='ocr_carea' id='block_1_26' title="bbox 2140 1037 3703 1107">
    <p class='ocr_par' dir='ltr' id='par_1_26' title="bbox 2140 1037 3703 1107">
     <span class='ocr_line' id='line_1_26' title="bbox 2140 1037 3703 1107; baseline -0.001 -17"><span class='ocrx_word' id='word_1_168' title='bbox 2140 1040 2228 1104; x_wconf 85' lang='lat' dir='ltr'><strong>qui</strong></span> <span class='ocrx_word' id='word_1_169' title='bbox 2253 1048 2558 1105; x_wconf 69' lang='lat' dir='ltr'><strong>prmsentem</strong></span> <span class='ocrx_word' id='word_1_170' title='bbox 2576 1048 2724 1090; x_wconf 87' lang='lat' dir='ltr'><strong>tuum</strong></span> <span class='ocrx_word' id='word_1_171' title='bbox 2754 1038 2916 1090; x_wconf 89' lang='lat' dir='ltr'><strong>Deum</strong></span> <span class='ocrx_word' id='word_1_172' title='bbox 2941 1038 3304 1090; x_wconf 72' lang='lat' dir='ltr'><strong>distenderant</strong></span> <span class='ocrx_word' id='word_1_173' title='bbox 3332 1037 3703 1107; x_wconf 83' lang='lat' dir='ltr'><strong>suppliciisque</strong></span> 
     </span>
    </p>
   </div>
   <div class='ocr_carea' id='block_1_27' title="bbox 2140 1126 3702 1197">
    <p class='ocr_par' dir='ltr' id='par_1_27' title="bbox 2140 1126 3702 1197">
     <span class='ocr_line' id='line_1_27' title="bbox 2140 1126 3702 1197; baseline -0.002 -15"><span class='ocrx_word' id='word_1_174' title='bbox 2140 1130 2521 1191; x_wconf 84' lang='lat' dir='ltr'><strong>crnciaverunt,</strong></span> <span class='ocrx_word' id='word_1_175' title='bbox 2555 1130 2593 1181; x_wconf 89' lang='lat' dir='ltr'><strong>ii</strong></span> <span class='ocrx_word' id='word_1_176' title='bbox 2635 1130 2695 1181; x_wconf 86' lang='lat' dir='ltr'><strong>ob</strong></span> <span class='ocrx_word' id='word_1_177' title='bbox 2727 1129 2987 1197; x_wconf 77' lang='lat' dir='ltr'><strong>ejusmodi</strong></span> <span class='ocrx_word' id='word_1_178' title='bbox 3016 1128 3222 1196; x_wconf 88' lang='lat' dir='ltr'><strong>facinus</strong></span> <span class='ocrx_word' id='word_1_179' title='bbox 3253 1126 3380 1181; x_wconf 83' lang='lat' dir='ltr'><strong>nihil</strong></span> <span class='ocrx_word' id='word_1_180' title='bbox 3414 1128 3537 1180; x_wconf 88' lang='lat' dir='ltr'><strong>mali</strong></span> <span class='ocrx_word' id='word_1_181' title='bbox 3561 1131 3702 1195; x_wconf 84' lang='lat' dir='ltr'><strong>passi</strong></span> 
     </span>
    </p>
   </div>
   <div class='ocr_carea' id='block_1_28' title="bbox 2140 1218 3702 1290">
    <p class='ocr_par' dir='ltr' id='par_1_28' title="bbox 2140 1218 3702 1290">
     <span class='ocr_line' id='line_1_28' title="bbox 2140 1218 3702 1290; baseline -0.001 -17"><span class='ocrx_word' id='word_1_182' title='bbox 2140 1229 2282 1280; x_wconf 88' lang='lat' dir='ltr'><strong>sunt,</strong></span> <span class='ocrx_word' id='word_1_183' title='bbox 2309 1222 2397 1273; x_wconf 90' lang='lat' dir='ltr'><strong>sed</strong></span> <span class='ocrx_word' id='word_1_184' title='bbox 2431 1237 2591 1290; x_wconf 88' lang='lat' dir='ltr'><strong>neque</strong></span> <span class='ocrx_word' id='word_1_185' title='bbox 2620 1221 2773 1289; x_wconf 86' lang='lat' dir='ltr'><strong>longo</strong></span> <span class='ocrx_word' id='word_1_186' title='bbox 2796 1230 2907 1286; x_wconf 84' lang='lat' dir='ltr'><strong>post</strong></span> <span class='ocrx_word' id='word_1_187' title='bbox 2937 1219 3027 1271; x_wconf 77' lang='lat' dir='ltr'><strong>illa</strong></span> <span class='ocrx_word' id='word_1_188' title='bbox 3051 1228 3297 1286; x_wconf 80' lang='lat' dir='ltr'><strong>tempore.</strong></span> <span class='ocrx_word' id='word_1_189' title='bbox 3332 1218 3471 1284; x_wconf 88' lang='lat' dir='ltr'><strong>Quid</strong></span> <span class='ocrx_word' id='word_1_190' title='bbox 3497 1220 3613 1272; x_wconf 86' lang='lat' dir='ltr'><strong>novi</strong></span> <span class='ocrx_word' id='word_1_191' title='bbox 3639 1222 3702 1272; x_wconf 72' lang='lat' dir='ltr'><strong>alr</strong></span> 
     </span>
    </p>
   </div>
   <div class='ocr_carea' id='block_1_29' title="bbox 2140 1307 3707 1378">
    <p class='ocr_par' dir='ltr' id='par_1_29' title="bbox 2140 1307 3707 1378">
     <span class='ocr_line' id='line_1_29' title="bbox 2140 1307 3707 1378; baseline -0.001 -17"><span class='ocrx_word' id='word_1_192' title='bbox 2140 1308 2233 1361; x_wconf 88' lang='lat' dir='ltr'><strong>illo</strong></span> <span class='ocrx_word' id='word_1_193' title='bbox 2260 1321 2482 1378; x_wconf 87' lang='lat' dir='ltr'><strong>tempore</strong></span> <span class='ocrx_word' id='word_1_194' title='bbox 2524 1310 2712 1362; x_wconf 89' lang='lat' dir='ltr'><strong>accidit</strong></span> <span class='ocrx_word' id='word_1_195' title='bbox 2746 1308 2883 1377; x_wconf 86' lang='lat' dir='ltr'><strong>quod</strong></span> <span class='ocrx_word' id='word_1_196' title='bbox 2915 1308 3071 1374; x_wconf 79' lang='lat' dir='ltr'><strong>ﬁdem</strong></span> <span class='ocrx_word' id='word_1_197' title='bbox 3108 1309 3267 1375; x_wconf 84' lang='lat' dir='ltr'><strong>faciat</strong></span> <span class='ocrx_word' id='word_1_198' title='bbox 3311 1324 3429 1361; x_wconf 88' lang='lat' dir='ltr'><strong>eum</strong></span> <span class='ocrx_word' id='word_1_199' title='bbox 3473 1324 3572 1361; x_wconf 84' lang='lat' dir='ltr'><strong>non</strong></span> <span class='ocrx_word' id='word_1_200' title='bbox 3607 1307 3707 1360; x_wconf 87' lang='lat' dir='ltr'><strong>im-</strong></span> 
     </span>
    </p>
   </div>
   <div class='ocr_carea' id='block_1_30' title="bbox 2140 1394 3704 1467">
    <p class='ocr_par' dir='ltr' id='par_1_30' title="bbox 2140 1394 3704 1467">
     <span class='ocr_line' id='line_1_30' title="bbox 2140 1394 3704 1467; baseline 0.001 -17"><span class='ocrx_word' id='word_1_201' title='bbox 2140 1408 2399 1467; x_wconf 85' lang='lat' dir='ltr'><strong>postorem</strong></span> <span class='ocrx_word' id='word_1_202' title='bbox 2429 1400 2708 1459; x_wconf 86' lang='lat' dir='ltr'><strong>hominem,</strong></span> <span class='ocrx_word' id='word_1_203' title='bbox 2741 1400 2830 1451; x_wconf 77' lang='lat' dir='ltr'><strong>sed</strong></span> <span class='ocrx_word' id='word_1_204' title='bbox 2866 1394 3063 1450; x_wconf 85' lang='lat' dir='ltr'><strong>Filium</strong></span> <span class='ocrx_word' id='word_1_205' title='bbox 3100 1396 3190 1450; x_wconf 86' lang='lat' dir='ltr'><strong>Dei</strong></span> <span class='ocrx_word' id='word_1_206' title='bbox 3235 1398 3382 1451; x_wconf 73' lang='lat' dir='ltr'><strong>esse?</strong></span> <span class='ocrx_word' id='word_1_207' title='bbox 3429 1397 3528 1451; x_wconf 86' lang='lat' dir='ltr'><strong>Ille</strong></span> <span class='ocrx_word' id='word_1_208' title='bbox 3574 1399 3704 1465; x_wconf 85' lang='lat' dir='ltr'><strong>ipse,</strong></span> 
     </span>
    </p>
   </div>
   <div class='ocr_carea' id='block_1_31' title="bbox 2141 1488 3707 1557">
    <p class='ocr_par' dir='ltr' id='par_1_31' title="bbox 2141 1488 3707 1557">
     <span class='ocr_line' id='line_1_31' title="bbox 2141 1488 3707 1557; baseline 0 -16"><span class='ocrx_word' id='word_1_209' title='bbox 2141 1491 2230 1557; x_wconf 89' lang='lat' dir='ltr'><strong>qui</strong></span> <span class='ocrx_word' id='word_1_210' title='bbox 2262 1488 2463 1542; x_wconf 80' lang='lat' dir='ltr'><strong>Filium</strong></span> <span class='ocrx_word' id='word_1_211' title='bbox 2508 1491 2721 1543; x_wconf 84' lang='lat' dir='ltr'><strong>miserat</strong></span> <span class='ocrx_word' id='word_1_212' title='bbox 2776 1499 2829 1542; x_wconf 90' lang='lat' dir='ltr'><strong>ut</strong></span> <span class='ocrx_word' id='word_1_213' title='bbox 2883 1489 3124 1557; x_wconf 73' lang='lat' dir='ltr'><strong>qutedam</strong></span> <span class='ocrx_word' id='word_1_214' title='bbox 3172 1489 3537 1551; x_wconf 83' lang='lat' dir='ltr'><strong>annuutiaret,</strong></span> <span class='ocrx_word' id='word_1_215' title='bbox 3589 1506 3707 1543; x_wconf 88' lang='lat' dir='ltr'><strong>eum</strong></span> 
     </span>
    </p>
   </div>
   <div class='ocr_carea' id='block_1_32' title="bbox 2141 1580 3705 1648">
    <p class='ocr_par' dir='ltr' id='par_1_32' title="bbox 2141 1580 3705 1648">
     <span class='ocr_line' id='line_1_32' title="bbox 2141 1580 3705 1648; baseline -0.003 -13"><span class='ocrx_word' id='word_1_216' title='bbox 2141 1588 2321 1648; x_wconf 86' lang='lat' dir='ltr'><strong>postea</strong></span> <span class='ocrx_word' id='word_1_217' title='bbox 2354 1582 2431 1633; x_wconf 90' lang='lat' dir='ltr'><strong>ita</strong></span> <span class='ocrx_word' id='word_1_218' title='bbox 2470 1582 2750 1633; x_wconf 80' lang='lat' dir='ltr'><strong>crudeliter</strong></span> <span class='ocrx_word' id='word_1_219' title='bbox 2794 1583 3151 1633; x_wconf 79' lang='lat' dir='ltr'><strong>excruciatum</strong></span> <span class='ocrx_word' id='word_1_220' title='bbox 3197 1590 3249 1631; x_wconf 90' lang='lat' dir='ltr'><strong>ut</strong></span> <span class='ocrx_word' id='word_1_221' title='bbox 3282 1596 3385 1632; x_wconf 91' lang='lat' dir='ltr'><strong>una</strong></span> <span class='ocrx_word' id='word_1_222' title='bbox 3427 1596 3544 1633; x_wconf 88' lang='lat' dir='ltr'><strong>cum</strong></span> <span class='ocrx_word' id='word_1_223' title='bbox 3596 1580 3705 1647; x_wconf 85' lang='lat' dir='ltr'><strong>ipso</strong></span> 
     </span>
    </p>
   </div>
   <div class='ocr_carea' id='block_1_33' title="bbox 2143 1670 3706 1740">
    <p class='ocr_par' dir='ltr' id='par_1_33' title="bbox 2143 1670 3706 1740">
     <span class='ocr_line' id='line_1_33' title="bbox 2143 1670 3706 1740; baseline -0.001 -16"><span class='ocrx_word' id='word_1_224' title='bbox 2143 1671 2394 1724; x_wconf 86' lang='lat' dir='ltr'><strong>mandata</strong></span> <span class='ocrx_word' id='word_1_225' title='bbox 2439 1672 2707 1737; x_wconf 87' lang='lat' dir='ltr'><strong>perierint,</strong></span> <span class='ocrx_word' id='word_1_226' title='bbox 2764 1670 3006 1740; x_wconf 66' lang='lat' dir='ltr'><strong>neglexit,</strong></span> <span class='ocrx_word' id='word_1_227' title='bbox 3044 1681 3091 1722; x_wconf 87' lang='lat' dir='ltr'><strong>et</strong></span> <span class='ocrx_word' id='word_1_228' title='bbox 3136 1678 3209 1721; x_wconf 87' lang='lat' dir='ltr'><strong>tot</strong></span> <span class='ocrx_word' id='word_1_229' title='bbox 3263 1670 3453 1738; x_wconf 87' lang='lat' dir='ltr'><strong>elapsis</strong></span> <span class='ocrx_word' id='word_1_230' title='bbox 3499 1670 3706 1723; x_wconf 80' lang='lat' dir='ltr'><strong>steculis</strong></span> 
     </span>
    </p>
   </div>
   <div class='ocr_carea' id='block_1_34' title="bbox 467 1737 2038 1839">
    <p class='ocr_par' dir='ltr' id='par_1_34' title="bbox 467 1737 2038 1829">
     <span class='ocr_line' id='line_1_34' title="bbox 467 1737 2038 1829; baseline 0.003 -20"><span class='ocrx_word' id='word_1_231' title='bbox 467 1758 612 1812; x_wconf 61' lang='grc' dir='ltr'><em>’δεῖν</em></span> <span class='ocrx_word' id='word_1_232' title='bbox 651 1760 783 1829; x_wconf 70' lang='grc'>(44),</span> <span class='ocrx_word' id='word_1_233' title='bbox 814 1760 910 1813; x_wconf 77' lang='grc' dir='ltr'><em>καὶ</em></span> <span class='ocrx_word' id='word_1_234' title='bbox 956 1737 1247 1814; x_wconf 81' lang='grc' dir='ltr'><em>τοσούτου</em></span> <span class='ocrx_word' id='word_1_235' title='bbox 1293 1759 1516 1828; x_wconf 84' lang='grc' dir='ltr'><em>χρόνου</em></span> <span class='ocrx_word' id='word_1_236' title='bbox 1561 1758 1904 1824; x_wconf 78' lang='grc' dir='ltr'><em>διελθόντος</em></span> <span class='ocrx_word' id='word_1_237' title='bbox 1932 1760 2038 1813; x_wconf 76' lang='grc' dir='ltr'><em>οὐκ</em></span> 
     </span>
    </p>
   </div>
   <div class='ocr_carea' id='block_1_35' title="bbox 2145 1737 3705 1839">
    <p class='ocr_par' dir='ltr' id='par_1_35' title="bbox 2145 1758 3705 1827">
     <span class='ocr_line' id='line_1_35' title="bbox 2145 1758 3705 1827; baseline 0.001 -17"><span class='ocrx_word' id='word_1_238' title='bbox 2145 1758 2251 1826; x_wconf 76' lang='lat' dir='ltr'><strong>iam</strong></span> <span class='ocrx_word' id='word_1_239' title='bbox 2287 1759 2517 1811; x_wconf 88' lang='lat' dir='ltr'><strong>nondum</strong></span> <span class='ocrx_word' id='word_1_240' title='bbox 2557 1760 2950 1826; x_wconf 77' lang='lat' dir='ltr'><strong>expergiscitur.</strong></span> <span class='ocrx_word' id='word_1_241' title='bbox 3000 1758 3192 1827; x_wconf 83' lang='lat' dir='ltr'><strong>Ecquis</strong></span> <span class='ocrx_word' id='word_1_242' title='bbox 3234 1770 3339 1810; x_wconf 89' lang='lat' dir='ltr'><strong>tam</strong></span> <span class='ocrx_word' id='word_1_243' title='bbox 3390 1758 3705 1812; x_wconf 87' lang='lat' dir='ltr'><strong>inhumanus</strong></span> 
     </span>
    </p>
   </div>
   <div class='ocr_carea' id='block_1_36' title="bbox 465 1849 2043 1919">
    <p class='ocr_par' dir='ltr' id='par_1_36' title="bbox 465 1849 2043 1919">
     <span class='ocr_line' id='line_1_36' title="bbox 465 1849 2043 1919; baseline 0.001 -17"><span class='ocrx_word' id='word_1_244' title='bbox 465 1849 834 1919; x_wconf 69' lang='grc' dir='ltr'><em>ἐπεστράφη.</em></span> <span class='ocrx_word' id='word_1_245' title='bbox 880 1851 973 1915; x_wconf 76' lang='grc' dir='ltr'><strong>Τίς</strong></span> <span class='ocrx_word' id='word_1_246' title='bbox 1001 1851 1187 1915; x_wconf 81' lang='grc' dir='ltr'><em>οὕτως</em></span> <span class='ocrx_word' id='word_1_247' title='bbox 1221 1851 1468 1915; x_wconf 84' lang='grc' dir='ltr'><em>ἀνόσιος</em></span> <span class='ocrx_word' id='word_1_248' title='bbox 1502 1849 1731 1918; x_wconf 85' lang='grc' dir='ltr'><em>πατήρ;</em></span> <span class='ocrx_word' id='word_1_249' title='bbox 1787 1849 2043 1916; x_wconf 85' lang='grc' dir='ltr'><em>Ἐκεῖνος</em></span> 
     </span>
    </p>
   </div>
   <div class='ocr_carea' id='block_1_37' title="bbox 462 1936 2045 2009">
    <p class='ocr_par' dir='ltr' id='par_1_37' title="bbox 462 1936 2045 2009">
     <span class='ocr_line' id='line_1_37' title="bbox 462 1936 2045 2009; baseline -0.001 -15"><span class='ocrx_word' id='word_1_250' title='bbox 462 1942 576 2008; x_wconf 84' lang='grc' dir='ltr'><em>μὲν</em></span> <span class='ocrx_word' id='word_1_251' title='bbox 613 1936 726 1996; x_wconf 80' lang='grc' dir='ltr'><em>οὖν</em></span> <span class='ocrx_word' id='word_1_252' title='bbox 768 1939 954 2009; x_wconf 84' lang='grc' dir='ltr'><em>τυχὸν</em></span> <span class='ocrx_word' id='word_1_253' title='bbox 994 1942 1292 2004; x_wconf 82' lang='grc' dir='ltr'><em>ἐϐούλετο,</em></span> <span class='ocrx_word' id='word_1_254' title='bbox 1323 1942 1404 2007; x_wconf 88' lang='grc' dir='ltr'><em>ὡς</em></span> <span class='ocrx_word' id='word_1_255' title='bbox 1431 1940 1571 2009; x_wconf 74' lang='grc' dir='ltr'><em>φὴς,</em></span> <span class='ocrx_word' id='word_1_256' title='bbox 1603 1941 1701 1995; x_wconf 86' lang='grc' dir='ltr'><em>διὰ</em></span> <span class='ocrx_word' id='word_1_257' title='bbox 1732 1942 1906 1995; x_wconf 84' lang='grc' dir='ltr'><em>τοῦτο</em></span> <span class='ocrx_word' id='word_1_258' title='bbox 1941 1956 2045 1993; x_wconf 85' lang='grc' dir='ltr'><em>πε-</em></span> 
     </span>
    </p>
   </div>
   <div class='ocr_carea' id='block_1_38' title="bbox 459 2030 2045 2101">
    <p class='ocr_par' dir='ltr' id='par_1_38' title="bbox 459 2030 2045 2101">
     <span class='ocr_line' id='line_1_38' title="bbox 459 2030 2045 2101; baseline 0.001 -17"><span class='ocrx_word' id='word_1_259' title='bbox 459 2030 800 2098; x_wconf 73' lang='grc' dir='ltr'><em>ριυϐρίζετο·</em></span> <span class='ocrx_word' id='word_1_260' title='bbox 833 2030 957 2084; x_wconf 82' lang='grc' dir='ltr'><em>οἵδε</em></span> <span class='ocrx_word' id='word_1_261' title='bbox 981 2031 1066 2096; x_wconf 85' lang='grc' dir='ltr'><em>δὲ,</em></span> <span class='ocrx_word' id='word_1_262' title='bbox 1094 2032 1199 2099; x_wconf 80' lang='grc' dir='ltr'><em>οὓς</em></span> <span class='ocrx_word' id='word_1_263' title='bbox 1222 2032 1302 2086; x_wconf 92' lang='grc' dir='ltr'><em>σὺ</em></span> <span class='ocrx_word' id='word_1_264' title='bbox 1324 2032 1732 2101; x_wconf 65' lang='grc' dir='ltr'><em>βλασφημεῖς,</em></span> <span class='ocrx_word' id='word_1_265' title='bbox 1758 2032 1907 2101; x_wconf 83' lang='grc' dir='ltr'><em>ἐνῆν</em></span> <span class='ocrx_word' id='word_1_266' title='bbox 1928 2033 2045 2101; x_wconf 85' lang='grc' dir='ltr'><em>μὲν</em></span> 
     </span>
    </p>
   </div>
   <div class='ocr_carea' id='block_1_39' title="bbox 466 2122 2041 2187">
    <p class='ocr_par' dir='ltr' id='par_1_39' title="bbox 466 2122 2041 2187">
     <span class='ocr_line' id='line_1_39' title="bbox 466 2122 2041 2187; baseline 0.001 -13"><span class='ocrx_word' id='word_1_267' title='bbox 466 2122 674 2186; x_wconf 78' lang='grc' dir='ltr'><em>εἰπεῖν,</em></span> <span class='ocrx_word' id='word_1_268' title='bbox 726 2122 815 2175; x_wconf 86' lang='grc' dir='ltr'><em>ὅτι</em></span> <span class='ocrx_word' id='word_1_269' title='bbox 855 2122 952 2175; x_wconf 77' lang='grc' dir='ltr'><em>καὶ</em></span> <span class='ocrx_word' id='word_1_270' title='bbox 994 2123 1161 2176; x_wconf 77' lang='grc' dir='ltr'><em>αὐτοὶ</em></span> <span class='ocrx_word' id='word_1_271' title='bbox 1211 2123 1563 2187; x_wconf 81' lang='grc' dir='ltr'><em>βούλονται,</em></span> <span class='ocrx_word' id='word_1_272' title='bbox 1608 2124 1706 2176; x_wconf 79' lang='grc' dir='ltr'><em>καὶ</em></span> <span class='ocrx_word' id='word_1_273' title='bbox 1737 2122 1835 2177; x_wconf 79' lang='grc' dir='ltr'><strong>διὰ</strong></span> <span class='ocrx_word' id='word_1_274' title='bbox 1880 2124 2041 2177; x_wconf 84' lang='grc' dir='ltr'><em>τοῦτ’</em></span> 
     </span>
    </p>
   </div>
   <div class='ocr_carea' id='block_1_40' title="bbox 465 2212 2044 2283">
    <p class='ocr_par' dir='ltr' id='par_1_40' title="bbox 465 2212 2044 2283">
     <span class='ocr_line' id='line_1_40' title="bbox 465 2212 2044 2283; baseline -0.001 -17"><span class='ocrx_word' id='word_1_275' title='bbox 465 2214 778 2283; x_wconf 69' lang='grc' dir='ltr'><em>ἀνέχονται</em></span> <span class='ocrx_word' id='word_1_276' title='bbox 828 2213 1365 2283; x_wconf 73' lang='grc' dir='ltr'><em>,ϐλασφημούμενοι</em></span> <span class='ocrx_word' id='word_1_277' title='bbox 1389 2230 1402 2244; x_wconf 91' lang='grc'><strong>·</strong></span> <span class='ocrx_word' id='word_1_278' title='bbox 1460 2212 1533 2266; x_wconf 84' lang='grc' dir='ltr'><em>τὰ</em></span> <span class='ocrx_word' id='word_1_279' title='bbox 1586 2213 1696 2283; x_wconf 60' lang='grc' dir='ltr'><strong>γὰρ</strong></span> <span class='ocrx_word' id='word_1_280' title='bbox 1754 2213 1861 2266; x_wconf 80' lang='grc' dir='ltr'><em>ἴσα</em></span> <span class='ocrx_word' id='word_1_281' title='bbox 1920 2213 2044 2278; x_wconf 82' lang='grc' dir='ltr'><em>τοῖς</em></span> 
     </span>
    </p>
   </div>
   <div class='ocr_carea' id='block_1_41' title="bbox 467 2298 2043 2376">
    <p class='ocr_par' dir='ltr' id='par_1_41' title="bbox 467 2298 2043 2376">
     <span class='ocr_line' id='line_1_41' title="bbox 467 2298 2043 2376; baseline 0.002 -23"><span class='ocrx_word' id='word_1_282' title='bbox 467 2302 626 2369; x_wconf 73' lang='grc' dir='ltr'><em>ἴσοις</em></span> <span class='ocrx_word' id='word_1_283' title='bbox 663 2304 1031 2372; x_wconf 82' lang='grc' dir='ltr'><em>παραϐαλεῖν</em></span> <span class='ocrx_word' id='word_1_284' title='bbox 1072 2303 1409 2372; x_wconf 84' lang='grc' dir='ltr'><em>κράτιστον.</em></span> <span class='ocrx_word' id='word_1_285' title='bbox 1458 2305 1606 2357; x_wconf 81' lang='grc' dir='ltr'><em>Ἀλλ’</em></span> <span class='ocrx_word' id='word_1_286' title='bbox 1637 2298 1804 2359; x_wconf 85' lang='grc' dir='ltr'><em>οὗτοί</em></span> <span class='ocrx_word' id='word_1_287' title='bbox 1837 2320 1903 2373; x_wconf 77' lang='grc' dir='ltr'><strong>γε</strong></span> <span class='ocrx_word' id='word_1_288' title='bbox 1946 2304 2043 2376; x_wconf 75' lang='grc' dir='ltr'><em>καὶ</em></span> 
     </span>
    </p>
   </div>
   <div class='ocr_carea' id='block_1_42' title="bbox 464 2392 2044 2464">
    <p class='ocr_par' dir='ltr' id='par_1_42' title="bbox 464 2392 2044 2464">
     <span class='ocr_line' id='line_1_42' title="bbox 464 2392 2044 2464; baseline -0.001 -17"><span class='ocrx_word' id='word_1_289' title='bbox 464 2395 700 2463; x_wconf 77' lang='grc' dir='ltr'><em>σφόδρα</em></span> <span class='ocrx_word' id='word_1_290' title='bbox 735 2396 1060 2464; x_wconf 81' lang='grc' dir='ltr'><em>ἀμύνονται</em></span> <span class='ocrx_word' id='word_1_291' title='bbox 1087 2394 1193 2447; x_wconf 85' lang='grc' dir='ltr'><em>τὸν</em></span> <span class='ocrx_word' id='word_1_292' title='bbox 1220 2394 1723 2463; x_wconf 63' lang='grc' dir='ltr'><em>βλασφημοῦντα,</em></span> <span class='ocrx_word' id='word_1_293' title='bbox 1753 2392 1884 2462; x_wconf 79' lang='grc' dir='ltr'><em>ἤτοι</em></span> <span class='ocrx_word' id='word_1_294' title='bbox 1910 2394 2044 2462; x_wconf 69' lang='grc' dir='ltr'><em>φεύ-</em></span> 
     </span>
    </p>
   </div>
   <div class='ocr_carea' id='block_1_43' title="bbox 465 2483 2048 2554">
    <p class='ocr_par' dir='ltr' id='par_1_43' title="bbox 465 2483 2048 2554">
     <span class='ocr_line' id='line_1_43' title="bbox 465 2483 2048 2554; baseline -0.001 -17"><span class='ocrx_word' id='word_1_295' title='bbox 465 2502 647 2554; x_wconf 70' lang='grc' dir='ltr'><em>γοντα</em></span> <span class='ocrx_word' id='word_1_296' title='bbox 678 2484 773 2539; x_wconf 85' lang='grc' dir='ltr'><em>διὰ</em></span> <span class='ocrx_word' id='word_1_297' title='bbox 799 2484 974 2538; x_wconf 86' lang='grc' dir='ltr'><em>τοῦτο</em></span> <span class='ocrx_word' id='word_1_298' title='bbox 1002 2485 1099 2538; x_wconf 78' lang='grc' dir='ltr'><em>καὶ</em></span> <span class='ocrx_word' id='word_1_299' title='bbox 1125 2485 1556 2553; x_wconf 79' lang='grc' dir='ltr'><em>κρυπτόμενον,</em></span> <span class='ocrx_word' id='word_1_300' title='bbox 1579 2483 1617 2551; x_wconf 79' lang='grc' dir='ltr'><strong>ἢ</strong></span> <span class='ocrx_word' id='word_1_301' title='bbox 1645 2483 2048 2553; x_wconf 78' lang='grc' dir='ltr'><em>ἁλισκόμενον</em></span> 
     </span>
    </p>
   </div>
   <div class='ocr_carea' id='block_1_44' title="bbox 464 2573 2043 2645">
    <p class='ocr_par' dir='ltr' id='par_1_44' title="bbox 464 2573 2043 2645">
     <span class='ocr_line' id='line_1_44' title="bbox 464 2573 2043 2645; baseline 0.001 -18"><span class='ocrx_word' id='word_1_302' title='bbox 464 2576 561 2627; x_wconf 80' lang='grc' dir='ltr'><em>καὶ</em></span> <span class='ocrx_word' id='word_1_303' title='bbox 603 2575 1043 2645; x_wconf 78' lang='grc' dir='ltr'><em>ἀπολλύμενον.</em></span> <span class='ocrx_word' id='word_1_304' title='bbox 1078 2576 1187 2628; x_wconf 77' lang='grc' dir='ltr'><strong>Καὶ</strong></span> <span class='ocrx_word' id='word_1_305' title='bbox 1225 2574 1362 2645; x_wconf 77' lang='grc' dir='ltr'><em>πρὸς</em></span> <span class='ocrx_word' id='word_1_306' title='bbox 1404 2573 1577 2628; x_wconf 84' lang='grc' dir='ltr'><em>ταῦτα</em></span> <span class='ocrx_word' id='word_1_307' title='bbox 1615 2575 1660 2627; x_wconf 78' lang='grc' dir='ltr'><em>δ’</em></span> <span class='ocrx_word' id='word_1_308' title='bbox 1700 2574 1903 2644; x_wconf 81' lang='grc' dir='ltr'><em>εἴποιμ’</em></span> <span class='ocrx_word' id='word_1_309' title='bbox 1957 2574 2043 2639; x_wconf 84' lang='grc' dir='ltr'><em>ἂν,</em></span> 
     </span>
    </p>
   </div>
   <div class='ocr_carea' id='block_1_45' title="bbox 465 2664 2046 2736">
    <p class='ocr_par' dir='ltr' id='par_1_45' title="bbox 465 2664 2046 2736">
     <span class='ocr_line' id='line_1_45' title="bbox 465 2664 2046 2736; baseline 0.001 -20"><span class='ocrx_word' id='word_1_310' title='bbox 465 2665 545 2716; x_wconf 76' lang='grc' dir='ltr'><em>ὅτι</em></span> <span class='ocrx_word' id='word_1_311' title='bbox 566 2664 659 2717; x_wconf 76' lang='grc' dir='ltr'><strong>καὶ</strong></span> <span class='ocrx_word' id='word_1_312' title='bbox 672 2666 833 2735; x_wconf 71' lang='grc' dir='ltr'><em>ἡμεῖς</em></span> <span class='ocrx_word' id='word_1_313' title='bbox 851 2665 1026 2718; x_wconf 71' lang='grc' dir='ltr'><em>οὐδενὶ</em></span> <span class='ocrx_word' id='word_1_314' title='bbox 1046 2665 1445 2736; x_wconf 83' lang='grc' dir='ltr'><em>λοιδορούμεθα,</em></span> <span class='ocrx_word' id='word_1_315' title='bbox 1468 2665 1795 2736; x_wconf 85' lang='grc' dir='ltr'><em>πειθόμενοι,</em></span> <span class='ocrx_word' id='word_1_316' title='bbox 1814 2666 1894 2718; x_wconf 83' lang='grc' dir='ltr'><em>ὅτι</em></span> <span class='ocrx_word' id='word_1_317' title='bbox 1916 2667 2046 2719; x_wconf 89' lang='grc' dir='ltr'><em>Λοί-</em></span> 
     </span>
    </p>
   </div>
   <div class='ocr_carea' id='block_1_46' title="bbox 466 2754 2046 2825">
    <p class='ocr_par' dir='ltr' id='par_1_46' title="bbox 466 2754 2046 2825">
     <span class='ocr_line' id='line_1_46' title="bbox 466 2754 2046 2825; baseline 0.002 -19"><span class='ocrx_word' id='word_1_318' title='bbox 466 2754 627 2822; x_wconf 88' lang='grc' dir='ltr'><em>δοροι</em></span> <span class='ocrx_word' id='word_1_319' title='bbox 670 2755 998 2819; x_wconf 80' lang='grc' dir='ltr'><em>βασιλείαν</em></span> <span class='ocrx_word' id='word_1_320' title='bbox 1047 2755 1194 2809; x_wconf 85' lang='grc' dir='ltr'><em>Θεοῦ</em></span> <span class='ocrx_word' id='word_1_321' title='bbox 1237 2757 1308 2809; x_wconf 86' lang='grc' dir='ltr'><em>οὐ</em></span> <span class='ocrx_word' id='word_1_322' title='bbox 1351 2755 1911 2825; x_wconf 79' lang='grc' dir='ltr'><em>κληρονομήσουσι·</em></span> <span class='ocrx_word' id='word_1_323' title='bbox 1952 2758 2046 2809; x_wconf 75' lang='grc' dir='ltr'><strong>καὶ</strong></span> 
     </span>
    </p>
   </div>
   <div class='ocr_carea' id='block_1_47' title="bbox 466 2845 2044 2918">
    <p class='ocr_par' dir='ltr' id='par_1_47' title="bbox 466 2845 2044 2918">
     <span class='ocr_line' id='line_1_47' title="bbox 466 2845 2044 2918; baseline 0.003 -21"><span class='ocrx_word' id='word_1_324' title='bbox 466 2845 964 2915; x_wconf 75' lang='grc' dir='ltr'><em>ἀναγιγνώσκοντες</em></span> <span class='ocrx_word' id='word_1_325' title='bbox 1016 2848 1099 2909; x_wconf 91' lang='grc' dir='ltr'><em>τὸ,</em></span> <span class='ocrx_word' id='word_1_326' title='bbox 1149 2846 1468 2917; x_wconf 79' lang='grc' dir='ltr'><em>Εὐλογεῖτε</em></span> <span class='ocrx_word' id='word_1_327' title='bbox 1512 2847 1653 2913; x_wconf 83' lang='grc' dir='ltr'><em>τοὺς</em></span> <span class='ocrx_word' id='word_1_328' title='bbox 1713 2848 2044 2918; x_wconf 84' lang='grc' dir='ltr'><em>καταρωμέ-</em></span> 
     </span>
    </p>
   </div>
   <div class='ocr_carea' id='block_1_48' title="bbox 463 2937 2040 3008">
    <p class='ocr_par' dir='ltr' id='par_1_48' title="bbox 463 2937 2040 3008">
     <span class='ocr_line' id='line_1_48' title="bbox 463 2937 2040 3008; baseline 0.003 -19"><span class='ocrx_word' id='word_1_329' title='bbox 463 2954 611 3003; x_wconf 88' lang='grc' dir='ltr'><em>νους</em></span> <span class='ocrx_word' id='word_1_330' title='bbox 646 2937 811 3006; x_wconf 81' lang='grc' dir='ltr'><em>ὑμῖν,</em></span> <span class='ocrx_word' id='word_1_331' title='bbox 858 2938 970 3000; x_wconf 75' lang='grc' dir='ltr'><em>καὶ,</em></span> <span class='ocrx_word' id='word_1_332' title='bbox 1014 2938 1351 3007; x_wconf 77' lang='grc' dir='ltr'><em>Εὺλογεῖτε,</em></span> <span class='ocrx_word' id='word_1_333' title='bbox 1396 2939 1494 2992; x_wconf 84' lang='grc' dir='ltr'><em>καὶ</em></span> <span class='ocrx_word' id='word_1_334' title='bbox 1537 2939 1624 3008; x_wconf 79' lang='grc' dir='ltr'><em>μὴ</em></span> <span class='ocrx_word' id='word_1_335' title='bbox 1678 2939 2040 3008; x_wconf 83' lang='grc' dir='ltr'><em>καταρᾶσθε·</em></span> 
     </span>
    </p>
   </div>
   <div class='ocr_carea' id='block_1_49' title="bbox 2143 1847 3707 1918">
    <p class='ocr_par' dir='ltr' id='par_1_49' title="bbox 2143 1847 3707 1918">
     <span class='ocr_line' id='line_1_49' title="bbox 2143 1847 3707 1918; baseline 0.002 -18"><span class='ocrx_word' id='word_1_336' title='bbox 2143 1851 2333 1915; x_wconf 80' lang='lat' dir='ltr'><strong>pater?</strong></span> <span class='ocrx_word' id='word_1_337' title='bbox 2370 1847 2472 1902; x_wconf 85' lang='lat' dir='ltr'><strong>Sed</strong></span> <span class='ocrx_word' id='word_1_338' title='bbox 2516 1850 2674 1914; x_wconf 87' lang='lat' dir='ltr'><strong>enim,</strong></span> <span class='ocrx_word' id='word_1_339' title='bbox 2724 1849 2915 1918; x_wconf 83' lang='lat' dir='ltr'><strong>inquis,</strong></span> <span class='ocrx_word' id='word_1_340' title='bbox 2972 1866 3074 1903; x_wconf 86' lang='lat' dir='ltr'><strong>non</strong></span> <span class='ocrx_word' id='word_1_341' title='bbox 3117 1849 3445 1902; x_wconf 85' lang='lat' dir='ltr'><strong>contumeliis</strong></span> <span class='ocrx_word' id='word_1_342' title='bbox 3486 1848 3707 1917; x_wconf 77' lang='lat' dir='ltr'><strong>affectus</strong></span> 
     </span>
    </p>
   </div>
   <div class='ocr_carea' id='block_1_50' title="bbox 2144 1944 3711 2013">
    <p class='ocr_par' dir='ltr' id='par_1_50' title="bbox 2144 1944 3711 2013">
     <span class='ocr_line' id='line_1_50' title="bbox 2144 1944 3711 2013; baseline 0 -17"><span class='ocrx_word' id='word_1_343' title='bbox 2144 1954 2239 2009; x_wconf 88' lang='lat' dir='ltr'><strong>est,</strong></span> <span class='ocrx_word' id='word_1_344' title='bbox 2267 1945 2365 1997; x_wconf 86' lang='lat' dir='ltr'><strong>nisi</strong></span> <span class='ocrx_word' id='word_1_345' title='bbox 2394 1945 2516 2012; x_wconf 88' lang='lat' dir='ltr'><strong>quia</strong></span> <span class='ocrx_word' id='word_1_346' title='bbox 2560 1944 2783 2008; x_wconf 79' lang='lat' dir='ltr'><strong>fortasse</strong></span> <span class='ocrx_word' id='word_1_347' title='bbox 2816 1946 2974 1999; x_wconf 86' lang='lat' dir='ltr'><strong>voluit</strong></span> <span class='ocrx_word' id='word_1_348' title='bbox 3006 1961 3023 1998; x_wconf 92' lang='lat'><strong><em>:</em></strong></span> <span class='ocrx_word' id='word_1_349' title='bbox 3063 1953 3117 1997; x_wconf 89' lang='lat' dir='ltr'><strong>at</strong></span> <span class='ocrx_word' id='word_1_350' title='bbox 3155 1960 3285 2013; x_wconf 87' lang='lat' dir='ltr'><strong>quos</strong></span> <span class='ocrx_word' id='word_1_351' title='bbox 3311 1944 3604 2013; x_wconf 83' lang='lat' dir='ltr'><strong>proscindis</strong></span> <span class='ocrx_word' id='word_1_352' title='bbox 3631 1944 3711 1997; x_wconf 84' lang='lat' dir='ltr'><strong>in-</strong></span> 
     </span>
    </p>
   </div>
   <div class='ocr_carea' id='block_1_51' title="bbox 2133 2034 3706 2101">
    <p class='ocr_par' dir='ltr' id='par_1_51' title="bbox 2133 2034 3706 2101">
     <span class='ocr_line' id='line_1_51' title="bbox 2133 2034 3706 2101; baseline -0.001 -15"><span class='ocrx_word' id='word_1_353' title='bbox 2133 2034 2318 2101; x_wconf 84' lang='lat' dir='ltr'><strong>juriis,</strong></span> <span class='ocrx_word' id='word_1_354' title='bbox 2365 2035 2486 2088; x_wconf 90' lang='lat' dir='ltr'><strong>illos</strong></span> <span class='ocrx_word' id='word_1_355' title='bbox 2540 2037 2696 2088; x_wconf 87' lang='lat' dir='ltr'><strong>etiam</strong></span> <span class='ocrx_word' id='word_1_356' title='bbox 2735 2036 2902 2089; x_wconf 86' lang='lat' dir='ltr'><strong>dicere</strong></span> <span class='ocrx_word' id='word_1_357' title='bbox 2946 2035 3062 2088; x_wconf 90' lang='lat' dir='ltr'><strong>licet</strong></span> <span class='ocrx_word' id='word_1_358' title='bbox 3100 2035 3176 2088; x_wconf 89' lang='lat' dir='ltr'><strong>sic</strong></span> <span class='ocrx_word' id='word_1_359' title='bbox 3217 2034 3436 2087; x_wconf 89' lang='lat' dir='ltr'><strong>tractari</strong></span> <span class='ocrx_word' id='word_1_360' title='bbox 3480 2034 3625 2100; x_wconf 70' lang='lat' dir='ltr'><strong>velle,</strong></span> <span class='ocrx_word' id='word_1_361' title='bbox 3657 2044 3706 2087; x_wconf 89' lang='lat' dir='ltr'><strong>et</strong></span> 
     </span>
    </p>
   </div>
   <div class='ocr_carea' id='block_1_52' title="bbox 2145 2126 3706 2199">
    <p class='ocr_par' dir='ltr' id='par_1_52' title="bbox 2145 2126 3706 2199">
     <span class='ocr_line' id='line_1_52' title="bbox 2145 2126 3706 2199; baseline -0.001 -19"><span class='ocrx_word' id='word_1_362' title='bbox 2145 2139 2419 2197; x_wconf 88' lang='lat' dir='ltr'><strong>propterea</strong></span> <span class='ocrx_word' id='word_1_363' title='bbox 2447 2129 2673 2197; x_wconf 86' lang='lat' dir='ltr'><strong>injurias</strong></span> <span class='ocrx_word' id='word_1_364' title='bbox 2711 2145 2857 2199; x_wconf 72' lang='lat' dir='ltr'><strong>a’quo</strong></span> <span class='ocrx_word' id='word_1_365' title='bbox 2890 2130 3063 2181; x_wconf 88' lang='lat' dir='ltr'><strong>animo</strong></span> <span class='ocrx_word' id='word_1_366' title='bbox 3096 2128 3341 2182; x_wconf 89' lang='lat' dir='ltr'><strong>tolerare.</strong></span> <span class='ocrx_word' id='word_1_367' title='bbox 3387 2126 3527 2181; x_wconf 88' lang='lat' dir='ltr'><strong>Nam</strong></span> <span class='ocrx_word' id='word_1_368' title='bbox 3557 2130 3706 2197; x_wconf 74' lang='lat' dir='ltr'><strong>paria</strong></span> 
     </span>
    </p>
   </div>
   <div class='ocr_carea' id='block_1_53' title="bbox 2144 2216 3703 2288">
    <p class='ocr_par' dir='ltr' id='par_1_53' title="bbox 2144 2216 3703 2288">
     <span class='ocr_line' id='line_1_53' title="bbox 2144 2216 3703 2288; baseline -0.002 -16"><span class='ocrx_word' id='word_1_369' title='bbox 2144 2220 2356 2287; x_wconf 88' lang='lat' dir='ltr'><strong>paribus</strong></span> <span class='ocrx_word' id='word_1_370' title='bbox 2382 2219 2615 2288; x_wconf 87' lang='lat' dir='ltr'><strong>conferre</strong></span> <span class='ocrx_word' id='word_1_371' title='bbox 2641 2219 2912 2287; x_wconf 88' lang='lat' dir='ltr'><strong>optimum.</strong></span> <span class='ocrx_word' id='word_1_372' title='bbox 2930 2218 3091 2287; x_wconf 79' lang='grc'><strong>772</strong></span> <span class='ocrx_word' id='word_1_373' title='bbox 3119 2216 3430 2285; x_wconf 81' lang='lat' dir='ltr'><strong>Quanquam</strong></span> <span class='ocrx_word' id='word_1_374' title='bbox 3465 2216 3545 2269; x_wconf 88' lang='lat' dir='ltr'><strong>illi</strong></span> <span class='ocrx_word' id='word_1_375' title='bbox 3577 2232 3703 2269; x_wconf 85' lang='lat' dir='ltr'><strong>con-</strong></span> 
     </span>
    </p>
   </div>
   <div class='ocr_carea' id='block_1_54' title="bbox 2146 2307 3706 2378">
    <p class='ocr_par' dir='ltr' id='par_1_54' title="bbox 2146 2307 3706 2378">
     <span class='ocr_line' id='line_1_54' title="bbox 2146 2307 3706 2378; baseline -0.003 -16"><span class='ocrx_word' id='word_1_376' title='bbox 2146 2309 2443 2362; x_wconf 77' lang='lat' dir='ltr'><strong>uiciatorem</strong></span> <span class='ocrx_word' id='word_1_377' title='bbox 2485 2324 2653 2362; x_wconf 82' lang='lat' dir='ltr'><strong>secere</strong></span> <span class='ocrx_word' id='word_1_378' title='bbox 2692 2309 2935 2374; x_wconf 86' lang='lat' dir='ltr'><strong>puniunt,</strong></span> <span class='ocrx_word' id='word_1_379' title='bbox 2974 2307 3062 2375; x_wconf 87' lang='lat' dir='ltr'><strong>qui</strong></span> <span class='ocrx_word' id='word_1_380' title='bbox 3108 2308 3301 2361; x_wconf 88' lang='lat' dir='ltr'><strong>idcirco</strong></span> <span class='ocrx_word' id='word_1_381' title='bbox 3345 2316 3438 2360; x_wconf 89' lang='lat' dir='ltr'><strong>aut</strong></span> <span class='ocrx_word' id='word_1_382' title='bbox 3493 2308 3627 2378; x_wconf 81' lang='lat' dir='ltr'><strong>fugit</strong></span> <span class='ocrx_word' id='word_1_383' title='bbox 3657 2316 3706 2357; x_wconf 89' lang='lat' dir='ltr'><strong>et</strong></span> 
     </span>
    </p>
   </div>
   <div class='ocr_carea' id='block_1_55' title="bbox 2146 2398 3707 2467">
    <p class='ocr_par' dir='ltr' id='par_1_55' title="bbox 2146 2398 3707 2467">
     <span class='ocr_line' id='line_1_55' title="bbox 2146 2398 3707 2467; baseline -0.001 -16"><span class='ocrx_word' id='word_1_384' title='bbox 2146 2399 2340 2464; x_wconf 87' lang='lat' dir='ltr'><strong>latitat,</strong></span> <span class='ocrx_word' id='word_1_385' title='bbox 2376 2410 2465 2453; x_wconf 88' lang='lat' dir='ltr'><strong>aut</strong></span> <span class='ocrx_word' id='word_1_386' title='bbox 2488 2410 2669 2465; x_wconf 82' lang='lat' dir='ltr'><strong>captus</strong></span> <span class='ocrx_word' id='word_1_387' title='bbox 2694 2403 2760 2451; x_wconf 87' lang='lat' dir='ltr'><strong>ad</strong></span> <span class='ocrx_word' id='word_1_388' title='bbox 2790 2399 3099 2467; x_wconf 87' lang='lat' dir='ltr'><strong>supplicium</strong></span> <span class='ocrx_word' id='word_1_389' title='bbox 3121 2398 3562 2466; x_wconf 84' lang='lat' dir='ltr'><strong>protrahitur.Ad</strong></span> <span class='ocrx_word' id='word_1_390' title='bbox 3594 2398 3707 2451; x_wconf 66' lang='lat' dir='ltr'><strong>hinc</strong></span> 
     </span>
    </p>
   </div>
   <div class='ocr_carea' id='block_1_56' title="bbox 2151 2485 3706 2557">
    <p class='ocr_par' dir='ltr' id='par_1_56' title="bbox 2151 2485 3706 2557">
     <span class='ocr_line' id='line_1_56' title="bbox 2151 2485 3706 2557; baseline -0.003 -16"><span class='ocrx_word' id='word_1_391' title='bbox 2151 2489 2447 2557; x_wconf 84' lang='lat' dir='ltr'><strong>respondeo</strong></span> <span class='ocrx_word' id='word_1_392' title='bbox 2495 2488 2817 2542; x_wconf 79' lang='lat' dir='ltr'><strong>maledicere</strong></span> <span class='ocrx_word' id='word_1_393' title='bbox 2874 2502 2970 2541; x_wconf 89' lang='lat' dir='ltr'><strong>nos</strong></span> <span class='ocrx_word' id='word_1_394' title='bbox 3026 2486 3247 2540; x_wconf 88' lang='lat' dir='ltr'><strong>nemini.</strong></span> <span class='ocrx_word' id='word_1_395' title='bbox 3309 2485 3522 2539; x_wconf 85' lang='lat' dir='ltr'><strong>Scimus</strong></span> <span class='ocrx_word' id='word_1_396' title='bbox 3560 2486 3706 2538; x_wconf 88' lang='lat' dir='ltr'><strong>enim</strong></span> 
     </span>
    </p>
   </div>
   <div class='ocr_carea' id='block_1_57' title="bbox 2147 2575 3705 2648">
    <p class='ocr_par' dir='ltr' id='par_1_57' title="bbox 2147 2575 3705 2648">
     <span class='ocr_line' id='line_1_57' title="bbox 2147 2575 3705 2648; baseline -0.001 -16"><span class='ocrx_word' id='word_1_397' title='bbox 2147 2580 2426 2634; x_wconf 85' lang='lat' dir='ltr'><strong>maledicos</strong></span> <span class='ocrx_word' id='word_1_398' title='bbox 2458 2579 2554 2632; x_wconf 80' lang='lat' dir='ltr'><strong>Dei</strong></span> <span class='ocrx_word' id='word_1_399' title='bbox 2585 2596 2798 2648; x_wconf 85' lang='lat' dir='ltr'><strong>regnum</strong></span> <span class='ocrx_word' id='word_1_400' title='bbox 2826 2594 2929 2630; x_wconf 86' lang='lat' dir='ltr'><strong>non</strong></span> <span class='ocrx_word' id='word_1_401' title='bbox 2959 2593 3288 2645; x_wconf 81' lang='lat' dir='ltr'><strong>possessuros</strong></span> <span class='ocrx_word' id='word_1_402' title='bbox 3311 2592 3421 2630; x_wconf 89' lang='lat' dir='ltr'><strong>esse</strong></span> <span class='ocrx_word' id='word_1_403' title='bbox 3442 2575 3511 2637; x_wconf 62' lang='lat'><strong>3°;</strong></span> <span class='ocrx_word' id='word_1_404' title='bbox 3543 2584 3596 2629; x_wconf 91' lang='lat' dir='ltr'><strong>et</strong></span> <span class='ocrx_word' id='word_1_405' title='bbox 3626 2575 3705 2630; x_wconf 87' lang='lat' dir='ltr'><strong>le—</strong></span> 
     </span>
    </p>
   </div>
   <div class='ocr_carea' id='block_1_58' title="bbox 2147 2666 3705 2741">
    <p class='ocr_par' dir='ltr' id='par_1_58' title="bbox 2147 2666 3705 2741">
     <span class='ocr_line' id='line_1_58' title="bbox 2147 2666 3705 2741; baseline -0.001 -18"><span class='ocrx_word' id='word_1_406' title='bbox 2147 2671 2327 2741; x_wconf 77' lang='lat' dir='ltr'><strong>gimus</strong></span> <span class='ocrx_word' id='word_1_407' title='bbox 2358 2690 2370 2724; x_wconf 92' lang='lat'><strong>:</strong></span> <span class='ocrx_word' id='word_1_408' title='bbox 2407 2669 2567 2725; x_wconf 86' lang='lat' dir='ltr'><strong>Orate</strong></span> <span class='ocrx_word' id='word_1_409' title='bbox 2597 2688 2691 2738; x_wconf 86' lang='lat' dir='ltr'><strong>pro</strong></span> <span class='ocrx_word' id='word_1_410' title='bbox 2734 2670 3123 2723; x_wconf 73' lang='lat' dir='ltr'><strong>exsecrantibus</strong></span> <span class='ocrx_word' id='word_1_411' title='bbox 3160 2685 3243 2722; x_wconf 83' lang='lat' dir='ltr'><strong>vos</strong></span> <span class='ocrx_word' id='word_1_412' title='bbox 3258 2670 3325 2734; x_wconf 64' lang='lat' dir='ltr'><strong>El&quot;;</strong></span> <span class='ocrx_word' id='word_1_413' title='bbox 3359 2674 3413 2722; x_wconf 88' lang='lat' dir='ltr'><strong>et</strong></span> <span class='ocrx_word' id='word_1_414' title='bbox 3437 2687 3452 2722; x_wconf 88' lang='lat'><strong>:</strong></span> <span class='ocrx_word' id='word_1_415' title='bbox 3478 2666 3705 2722; x_wconf 86' lang='lat' dir='ltr'><strong>Benedi—</strong></span> 
     </span>
    </p>
   </div>
   <div class='ocr_carea' id='block_1_59' title="bbox 2144 2757 3702 2814">
    <p class='ocr_par' dir='ltr' id='par_1_59' title="bbox 2144 2757 3702 2814">
     <span class='ocr_line' id='line_1_59' title="bbox 2144 2757 3702 2814; baseline -0.001 -1"><span class='ocrx_word' id='word_1_416' title='bbox 2144 2762 2246 2813; x_wconf 82' lang='lat' dir='ltr'><strong>cite</strong></span> <span class='ocrx_word' id='word_1_417' title='bbox 2267 2770 2316 2814; x_wconf 92' lang='lat' dir='ltr'><strong>et</strong></span> <span class='ocrx_word' id='word_1_418' title='bbox 2343 2759 2499 2814; x_wconf 86' lang='lat' dir='ltr'><strong>nolite</strong></span> <span class='ocrx_word' id='word_1_419' title='bbox 2525 2760 2835 2813; x_wconf 86' lang='lat' dir='ltr'><strong>maledicere</strong></span> <span class='ocrx_word' id='word_1_420' title='bbox 2852 2759 2915 2810; x_wconf 82' lang='grc'><strong>⁸⁸.</strong></span> <span class='ocrx_word' id='word_1_421' title='bbox 2936 2757 3124 2811; x_wconf 89' lang='lat' dir='ltr'><strong>Notum</strong></span> <span class='ocrx_word' id='word_1_422' title='bbox 3156 2757 3310 2811; x_wconf 87' lang='lat' dir='ltr'><strong>nobis</strong></span> <span class='ocrx_word' id='word_1_423' title='bbox 3332 2768 3414 2811; x_wconf 88' lang='lat' dir='ltr'><strong>est</strong></span> <span class='ocrx_word' id='word_1_424' title='bbox 3446 2767 3500 2811; x_wconf 85' lang='lat' dir='ltr'><strong>et</strong></span> <span class='ocrx_word' id='word_1_425' title='bbox 3527 2758 3666 2812; x_wconf 83' lang='lat' dir='ltr'><strong>istud</strong></span> <span class='ocrx_word' id='word_1_426' title='bbox 3689 2776 3702 2812; x_wconf 91' lang='lat'><strong>:</strong></span> 
     </span>
    </p>
   </div>
   <div class='ocr_carea' id='block_1_60' title="bbox 2148 2848 3708 2917">
    <p class='ocr_par' dir='ltr' id='par_1_60' title="bbox 2148 2848 3708 2917">
     <span class='ocr_line' id='line_1_60' title="bbox 2148 2848 3708 2917; baseline -0.002 -13"><span class='ocrx_word' id='word_1_427' title='bbox 2148 2850 2546 2915; x_wconf 77' lang='lat' dir='ltr'><strong>Maledicimur,</strong></span> <span class='ocrx_word' id='word_1_428' title='bbox 2584 2861 2630 2903; x_wconf 86' lang='lat' dir='ltr'><strong>et</strong></span> <span class='ocrx_word' id='word_1_429' title='bbox 2660 2848 3091 2903; x_wconf 74' lang='lat' dir='ltr'><strong>benedicimus”.</strong></span> <span class='ocrx_word' id='word_1_430' title='bbox 3118 2848 3186 2901; x_wconf 89' lang='lat' dir='ltr'><strong>Et</strong></span> <span class='ocrx_word' id='word_1_431' title='bbox 3211 2848 3425 2917; x_wconf 88' lang='lat' dir='ltr'><strong>quidem</strong></span> <span class='ocrx_word' id='word_1_432' title='bbox 3457 2849 3499 2902; x_wconf 90' lang='lat' dir='ltr'><strong>si</strong></span> <span class='ocrx_word' id='word_1_433' title='bbox 3525 2850 3708 2902; x_wconf 87' lang='lat' dir='ltr'><strong>convi-</strong></span> 
     </span>
    </p>
   </div>
   <div class='ocr_carea' id='block_1_61' title="bbox 2147 2938 3707 3009">
    <p class='ocr_par' dir='ltr' id='par_1_61' title="bbox 2147 2938 3707 3009">
     <span class='ocr_line' id='line_1_61' title="bbox 2147 2938 3707 3009; baseline -0.001 -15"><span class='ocrx_word' id='word_1_434' title='bbox 2147 2941 2289 2994; x_wconf 88' lang='lat' dir='ltr'><strong>cium</strong></span> <span class='ocrx_word' id='word_1_435' title='bbox 2343 2942 2626 3009; x_wconf 81' lang='lat' dir='ltr'><strong>quamdam</strong></span> <span class='ocrx_word' id='word_1_436' title='bbox 2679 2939 2839 2993; x_wconf 84' lang='lat' dir='ltr'><strong>habet</strong></span> <span class='ocrx_word' id='word_1_437' title='bbox 2904 2938 3153 2993; x_wconf 75' lang='lat' dir='ltr'><strong>vindicta:</strong></span> <span class='ocrx_word' id='word_1_438' title='bbox 3207 2939 3469 2994; x_wconf 90' lang='lat' dir='ltr'><strong>rationem</strong></span> <span class='ocrx_word' id='word_1_439' title='bbox 3515 2938 3563 2993; x_wconf 85' lang='lat' dir='ltr'><strong>ei</strong></span> <span class='ocrx_word' id='word_1_440' title='bbox 3614 2941 3707 3007; x_wconf 88' lang='lat' dir='ltr'><strong>qui</strong></span> 
     </span>
    </p>
   </div>
   <div class='ocr_carea' id='block_1_62' title="bbox 465 3027 2038 3119">
    <p class='ocr_par' dir='ltr' id='par_1_62' title="bbox 465 3027 2038 3100">
     <span class='ocr_line' id='line_1_62' title="bbox 465 3027 2038 3100; baseline 0.003 -20"><span class='ocrx_word' id='word_1_441' title='bbox 465 3028 667 3091; x_wconf 78' lang='grc' dir='ltr'><em>εἰδότες</em></span> <span class='ocrx_word' id='word_1_442' title='bbox 696 3029 753 3082; x_wconf 82' lang='grc' dir='ltr'><em>δὲ</em></span> <span class='ocrx_word' id='word_1_443' title='bbox 780 3028 876 3082; x_wconf 78' lang='grc' dir='ltr'><strong>καὶ</strong></span> <span class='ocrx_word' id='word_1_444' title='bbox 908 3029 988 3091; x_wconf 85' lang='grc' dir='ltr'><em>τὸ,</em></span> <span class='ocrx_word' id='word_1_445' title='bbox 1024 3027 1477 3097; x_wconf 86' lang='grc' dir='ltr'><em>Λοιδορούμενοι</em></span> <span class='ocrx_word' id='word_1_446' title='bbox 1505 3031 1893 3100; x_wconf 76' lang='grc' dir='ltr'><em>εὐλογοῦμεν.</em></span> <span class='ocrx_word' id='word_1_447' title='bbox 1937 3033 2038 3085; x_wconf 68' lang='grc' dir='ltr'><strong>Καῖ</strong></span> 
     </span>
    </p>
   </div>
   <div class='ocr_carea' id='block_1_63' title="bbox 2145 3027 3708 3119">
    <p class='ocr_par' dir='ltr' id='par_1_63' title="bbox 2150 3028 3708 3100">
     <span class='ocr_line' id='line_1_63' title="bbox 2150 3028 3708 3100; baseline 0.001 -18"><span class='ocrx_word' id='word_1_448' title='bbox 2150 3029 2344 3099; x_wconf 90' lang='lat' dir='ltr'><strong>injuria</strong></span> <span class='ocrx_word' id='word_1_449' title='bbox 2380 3028 2603 3083; x_wconf 81' lang='lat' dir='ltr'><strong>aﬂ‘ectus</strong></span> <span class='ocrx_word' id='word_1_450' title='bbox 2643 3030 2874 3092; x_wconf 89' lang='lat' dir='ltr'><strong>videtur,</strong></span> <span class='ocrx_word' id='word_1_451' title='bbox 2919 3044 3018 3083; x_wconf 90' lang='lat' dir='ltr'><strong>nec</strong></span> <span class='ocrx_word' id='word_1_452' title='bbox 3064 3030 3204 3084; x_wconf 89' lang='lat' dir='ltr'><strong>hanc</strong></span> <span class='ocrx_word' id='word_1_453' title='bbox 3254 3029 3409 3085; x_wconf 90' lang='lat' dir='ltr'><strong>nobis</strong></span> <span class='ocrx_word' id='word_1_454' title='bbox 3442 3030 3708 3100; x_wconf 84' lang='lat' dir='ltr'><strong>permittit</strong></span> 
     </span>
    </p>
   </div>
   <div class='ocr_carea' id='block_1_64' title="bbox 462 3118 2037 3192">
    <p class='ocr_par' dir='ltr' id='par_1_64' title="bbox 462 3118 2037 3192">
     <span class='ocr_line' id='line_1_64' title="bbox 462 3118 2037 3192; baseline 0.003 -22"><span class='ocrx_word' id='word_1_455' title='bbox 462 3118 620 3189; x_wconf 69' lang='grc' dir='ltr'><em>εἴπερ</em></span> <span class='ocrx_word' id='word_1_456' title='bbox 672 3118 733 3171; x_wconf 81' lang='grc' dir='ltr'><em>τὸ</em></span> <span class='ocrx_word' id='word_1_457' title='bbox 773 3119 1027 3190; x_wconf 85' lang='grc' dir='ltr'><em>λοιδορεῖν</em></span> <span class='ocrx_word' id='word_1_458' title='bbox 1069 3118 1180 3190; x_wconf 69' lang='grc'><strong>(45)</strong></span> <span class='ocrx_word' id='word_1_459' title='bbox 1231 3119 1385 3189; x_wconf 90' lang='grc' dir='ltr'><em>λόγον</em></span> <span class='ocrx_word' id='word_1_460' title='bbox 1424 3119 1547 3173; x_wconf 83' lang='grc' dir='ltr'><em>τινὰ</em></span> <span class='ocrx_word' id='word_1_461' title='bbox 1592 3120 1705 3190; x_wconf 74' lang='grc' dir='ltr'><em>ἔχει</em></span> <span class='ocrx_word' id='word_1_462' title='bbox 1742 3122 2037 3192; x_wconf 74' lang='grc' dir='ltr'><em>ἀμυντικὸν</em></span> 
     </span>
    </p>
   </div>
   <div class='ocr_carea' id='block_1_65' title="bbox 464 3206 2038 3283">
    <p class='ocr_par' dir='ltr' id='par_1_65' title="bbox 464 3206 2038 3283">
     <span class='ocr_line' id='line_1_65' title="bbox 464 3206 2038 3283; baseline 0.003 -25"><span class='ocrx_word' id='word_1_463' title='bbox 464 3206 559 3258; x_wconf 77' lang='grc' dir='ltr'><strong>τοῦ</strong></span> <span class='ocrx_word' id='word_1_464' title='bbox 596 3206 875 3271; x_wconf 79' lang='grc' dir='ltr'><em>δοκοῦντος</em></span> <span class='ocrx_word' id='word_1_465' title='bbox 905 3208 1215 3278; x_wconf 67' lang='grc' dir='ltr'><em>ἠδικῆσθαι,</em></span> <span class='ocrx_word' id='word_1_466' title='bbox 1254 3210 1348 3263; x_wconf 67' lang='grc' dir='ltr'><strong>καὶ</strong></span> <span class='ocrx_word' id='word_1_467' title='bbox 1378 3210 1498 3263; x_wconf 80' lang='grc' dir='ltr'><em>οὐδὲ</em></span> <span class='ocrx_word' id='word_1_468' title='bbox 1530 3209 1717 3262; x_wconf 78' lang='grc' dir='ltr'><em>τοῦτον</em></span> <span class='ocrx_word' id='word_1_469' title='bbox 1754 3211 2038 3283; x_wconf 77' lang='grc' dir='ltr'><em>ἐπιτρέπει</em></span> 
     </span>
    </p>
   </div>
   <div class='ocr_carea' id='block_1_66' title="bbox 465 3296 2041 3371">
    <p class='ocr_par' dir='ltr' id='par_1_66' title="bbox 465 3296 2041 3371">
     <span class='ocr_line' id='line_1_66' title="bbox 465 3296 2041 3371; baseline 0.004 -24"><span class='ocrx_word' id='word_1_470' title='bbox 465 3298 597 3364; x_wconf 82' lang='grc' dir='ltr'><em>ἡμῖν</em></span> <span class='ocrx_word' id='word_1_471' title='bbox 623 3297 650 3347; x_wconf 92' lang='lat'><strong>6</strong></span> <span class='ocrx_word' id='word_1_472' title='bbox 674 3296 766 3348; x_wconf 77' lang='grc' dir='ltr'><strong>τοῦ</strong></span> <span class='ocrx_word' id='word_1_473' title='bbox 791 3296 926 3349; x_wconf 78' lang='grc' dir='ltr'><strong>Θεοῦ</strong></span> <span class='ocrx_word' id='word_1_474' title='bbox 955 3298 1125 3364; x_wconf 84' lang='grc' dir='ltr'><em>Λόγος</em></span> <span class='ocrx_word' id='word_1_475' title='bbox 1142 3315 1156 3328; x_wconf 77' lang='grc' dir='ltr'><strong><em>ο</em></strong></span> <span class='ocrx_word' id='word_1_476' title='bbox 1190 3300 1341 3369; x_wconf 86' lang='grc' dir='ltr'><em>πόσῳ</em></span> <span class='ocrx_word' id='word_1_477' title='bbox 1371 3300 1527 3352; x_wconf 82' lang='grc' dir='ltr'><em>πλέον</em></span> <span class='ocrx_word' id='word_1_478' title='bbox 1556 3299 1684 3355; x_wconf 80' lang='grc' dir='ltr'><em>ἔνθα</em></span> <span class='ocrx_word' id='word_1_479' title='bbox 1713 3300 1908 3371; x_wconf 83' lang='grc' dir='ltr'><em>πολλὴν</em></span> <span class='ocrx_word' id='word_1_480' title='bbox 1931 3301 2041 3369; x_wconf 80' lang='grc' dir='ltr'><em>ηλι-</em></span> 
     </span>
    </p>
   </div>
   <div class='ocr_carea' id='block_1_67' title="bbox 467 3384 2034 3462">
    <p class='ocr_par' dir='ltr' id='par_1_67' title="bbox 467 3384 2034 3462">
     <span class='ocr_line' id='line_1_67' title="bbox 467 3384 2034 3462; baseline 0.006 -25"><span class='ocrx_word' id='word_1_481' title='bbox 467 3384 689 3454; x_wconf 88' lang='grc' dir='ltr'><em>θιότητα</em></span> <span class='ocrx_word' id='word_1_482' title='bbox 744 3386 993 3456; x_wconf 77' lang='grc' dir='ltr'><em>ἐμφαίνει</em></span> <span class='ocrx_word' id='word_1_483' title='bbox 1045 3388 1105 3440; x_wconf 80' lang='grc' dir='ltr'><em>τὸ</em></span> <span class='ocrx_word' id='word_1_484' title='bbox 1154 3388 1431 3460; x_wconf 84' lang='grc' dir='ltr'><em>λοιδορεῖν,</em></span> <span class='ocrx_word' id='word_1_485' title='bbox 1477 3391 1538 3443; x_wconf 78' lang='lat' dir='ltr'>o6</span> <span class='ocrx_word' id='word_1_486' title='bbox 1588 3390 1693 3462; x_wconf 82' lang='grc' dir='ltr'><strong>χρὴ</strong></span> <span class='ocrx_word' id='word_1_487' title='bbox 1744 3392 2034 3462; x_wconf 85' lang='grc' dir='ltr'><em>λοιδορεῖν;</em></span> 
     </span>
    </p>
   </div>
   <div class='ocr_carea' id='block_1_68' title="bbox 481 3474 2035 3554">
    <p class='ocr_par' dir='ltr' id='par_1_68' title="bbox 481 3474 2035 3554">
     <span class='ocr_line' id='line_1_68' title="bbox 481 3474 2035 3554; baseline 0.006 -29"><span class='ocrx_word' id='word_1_488' title='bbox 481 3474 707 3544; x_wconf 83' lang='grc' dir='ltr'><em>Ἐπίσης</em></span> <span class='ocrx_word' id='word_1_489' title='bbox 748 3476 804 3527; x_wconf 84' lang='grc' dir='ltr'><em>δὲ</em></span> <span class='ocrx_word' id='word_1_490' title='bbox 849 3476 1054 3546; x_wconf 58' lang='grc' dir='ltr'><strong>⁴ἠλίθιον</strong></span> <span class='ocrx_word' id='word_1_491' title='bbox 1086 3478 1148 3531; x_wconf 85' lang='grc' dir='ltr'><em>τὸ</em></span> <span class='ocrx_word' id='word_1_492' title='bbox 1192 3479 1544 3549; x_wconf 87' lang='grc' dir='ltr'><em>λοιδορεῖσθαι</em></span> <span class='ocrx_word' id='word_1_493' title='bbox 1581 3481 1733 3550; x_wconf 84' lang='grc' dir='ltr'><em>λίθῳ,</em></span> <span class='ocrx_word' id='word_1_494' title='bbox 1765 3482 1797 3551; x_wconf 82' lang='grc' dir='ltr'>ἢ</span> <span class='ocrx_word' id='word_1_495' title='bbox 1832 3483 2035 3554; x_wconf 83' lang='grc' dir='ltr'><em>χρυσῷ,</em></span> 
     </span>
    </p>
   </div>
   <div class='ocr_carea' id='block_1_69' title="bbox 468 3562 2039 3646">
    <p class='ocr_par' dir='ltr' id='par_1_69' title="bbox 468 3562 2039 3646">
     <span class='ocr_line' id='line_1_69' title="bbox 468 3562 2039 3646; baseline 0.008 -30"><span class='ocrx_word' id='word_1_496' title='bbox 468 3562 501 3633; x_wconf 75' lang='grc' dir='ltr'>ἢ</span> <span class='ocrx_word' id='word_1_497' title='bbox 534 3564 775 3636; x_wconf 87' lang='grc' dir='ltr'><em>ἀργύρῳ,</em></span> <span class='ocrx_word' id='word_1_498' title='bbox 806 3567 915 3629; x_wconf 80' lang='grc' dir='ltr'><em>τοῖς</em></span> <span class='ocrx_word' id='word_1_499' title='bbox 948 3568 1396 3639; x_wconf 83' lang='grc' dir='ltr'><em>μεμορφωμένοις</em></span> <span class='ocrx_word' id='word_1_500' title='bbox 1424 3572 1502 3634; x_wconf 87' lang='grc' dir='ltr'><strong>είς</strong></span> <span class='ocrx_word' id='word_1_501' title='bbox 1526 3572 1624 3642; x_wconf 84' lang='grc' dir='ltr'><em>τὴν</em></span> <span class='ocrx_word' id='word_1_502' title='bbox 1648 3575 2039 3646; x_wconf 80' lang='grc' dir='ltr'><em>νενομισμένην</em></span> 
     </span>
    </p>
   </div>
   <div class='ocr_carea' id='block_1_70' title="bbox 465 3656 2035 3736">
    <p class='ocr_par' dir='ltr' id='par_1_70' title="bbox 465 3656 2035 3736">
     <span class='ocr_line' id='line_1_70' title="bbox 465 3656 2035 3736; baseline 0.008 -30"><span class='ocrx_word' id='word_1_503' title='bbox 465 3656 578 3717; x_wconf 83' lang='grc' dir='ltr'><em>τοῖς</em></span> <span class='ocrx_word' id='word_1_504' title='bbox 634 3657 849 3727; x_wconf 85' lang='grc' dir='ltr'><em>μακρὰν</em></span> <span class='ocrx_word' id='word_1_505' title='bbox 904 3658 1174 3729; x_wconf 75' lang='grc' dir='ltr'><em>θειότητος</em></span> <span class='ocrx_word' id='word_1_506' title='bbox 1228 3663 1553 3731; x_wconf 86' lang='grc' dir='ltr'><em>τυγχάνουσι</em></span> <span class='ocrx_word' id='word_1_507' title='bbox 1613 3663 1750 3717; x_wconf 83' lang='grc' dir='ltr'><em>θεῶν</em></span> <span class='ocrx_word' id='word_1_508' title='bbox 1806 3667 2035 3736; x_wconf 85' lang='grc' dir='ltr'><em>μορφήν.</em></span> 
     </span>
    </p>
   </div>
   <div class='ocr_carea' id='block_1_71' title="bbox 466 3743 2038 3822">
    <p class='ocr_par' dir='ltr' id='par_1_71' title="bbox 466 3743 2038 3822">
     <span class='ocr_line' id='line_1_71' title="bbox 466 3743 2038 3822; baseline 0.007 -27"><span class='ocrx_word' id='word_1_509' title='bbox 466 3743 623 3797; x_wconf 81' lang='grc' dir='ltr'><em>Οὕτω</em></span> <span class='ocrx_word' id='word_1_510' title='bbox 671 3745 727 3797; x_wconf 87' lang='grc' dir='ltr'><em>δὲ</em></span> <span class='ocrx_word' id='word_1_511' title='bbox 775 3746 895 3800; x_wconf 79' lang='grc' dir='ltr'><em>οὐδὲ</em></span> <span class='ocrx_word' id='word_1_512' title='bbox 942 3748 1329 3820; x_wconf 84' lang='grc' dir='ltr'><em>καταγελῶμεν</em></span> <span class='ocrx_word' id='word_1_513' title='bbox 1388 3752 1495 3805; x_wconf 84' lang='grc' dir='ltr'><em>τῶν</em></span> <span class='ocrx_word' id='word_1_514' title='bbox 1540 3751 1764 3822; x_wconf 76' lang='grc' dir='ltr'><em>ἀψύχων</em></span> <span class='ocrx_word' id='word_1_515' title='bbox 1818 3752 2038 3817; x_wconf 84' lang='grc' dir='ltr'><em>ξοάνων,</em></span> 
     </span>
    </p>
   </div>
   <div class='ocr_carea' id='block_1_72' title="bbox 465 3834 2038 3908">
    <p class='ocr_par' dir='ltr' id='par_1_72' title="bbox 465 3834 2038 3908">
     <span class='ocr_line' id='line_1_72' title="bbox 465 3834 2038 3908; baseline 0.006 -22"><span class='ocrx_word' id='word_1_516' title='bbox 465 3834 578 3886; x_wconf 83' lang='grc' dir='ltr'><em>ἀλλ’</em></span> <span class='ocrx_word' id='word_1_517' title='bbox 619 3835 653 3905; x_wconf 80' lang='grc' dir='ltr'>ἢ</span> <span class='ocrx_word' id='word_1_518' title='bbox 694 3836 801 3905; x_wconf 84' lang='grc' dir='ltr'><strong>ἄρα</strong></span> <span class='ocrx_word' id='word_1_519' title='bbox 835 3837 942 3889; x_wconf 86' lang='grc' dir='ltr'><em>τῶν</em></span> <span class='ocrx_word' id='word_1_520' title='bbox 988 3840 1432 3904; x_wconf 85' lang='grc' dir='ltr'><em>προσκυνούντων</em></span> <span class='ocrx_word' id='word_1_521' title='bbox 1476 3843 1679 3905; x_wconf 80' lang='grc' dir='ltr'><em>αὐτοῖς.</em></span> <span class='ocrx_word' id='word_1_522' title='bbox 1725 3842 1862 3895; x_wconf 78' lang='grc' dir='ltr'><em>Ἀλλ’</em></span> <span class='ocrx_word' id='word_1_523' title='bbox 1907 3843 2038 3908; x_wconf 84' lang='grc' dir='ltr'><em>οὐδ’,</em></span> 
     </span>
    </p>
   </div>
   <div class='ocr_carea' id='block_1_73' title="bbox 465 3917 2037 4004">
    <p class='ocr_par' dir='ltr' id='par_1_73' title="bbox 465 3917 2037 4004">
     <span class='ocr_line' id='line_1_73' title="bbox 465 3917 2037 4004; baseline 0.006 -29"><span class='ocrx_word' id='word_1_524' title='bbox 465 3922 531 3975; x_wconf 80' lang='grc' dir='ltr'><em>ἂν</em></span> <span class='ocrx_word' id='word_1_525' title='bbox 571 3917 671 3976; x_wconf 83' lang='grc' dir='ltr'><em>ὧσί</em></span> <span class='ocrx_word' id='word_1_526' title='bbox 718 3942 861 3989; x_wconf 87' lang='grc' dir='ltr'><em>τινες</em></span> <span class='ocrx_word' id='word_1_527' title='bbox 896 3927 1147 3997; x_wconf 85' lang='grc' dir='ltr'><em>δαίμονες</em></span> <span class='ocrx_word' id='word_1_528' title='bbox 1188 3931 1518 4002; x_wconf 82' lang='grc' dir='ltr'><em>ὲνιδρυμένοι</em></span> <span class='ocrx_word' id='word_1_529' title='bbox 1555 3934 1696 3989; x_wconf 76' lang='grc' dir='ltr'><em>τισὶν</em></span> <span class='ocrx_word' id='word_1_530' title='bbox 1741 3933 2037 4004; x_wconf 82' lang='grc' dir='ltr'><em>ἀγάλμασι,</em></span> 
     </span>
    </p>
   </div>
   <div class='ocr_carea' id='block_1_74' title="bbox 469 4014 2038 4089">
    <p class='ocr_par' dir='ltr' id='par_1_74' title="bbox 469 4014 2038 4089">
     <span class='ocr_line' id='line_1_74' title="bbox 469 4014 2038 4089; baseline 0.008 -25"><span class='ocrx_word' id='word_1_531' title='bbox 469 4014 560 4065; x_wconf 72' lang='grc' dir='ltr'><strong>καὶ</strong></span> <span class='ocrx_word' id='word_1_532' title='bbox 598 4014 882 4085; x_wconf 81' lang='grc' dir='ltr'><em>νομίζηται</em></span> <span class='ocrx_word' id='word_1_533' title='bbox 917 4020 944 4069; x_wconf 98' lang='lat'><strong>6</strong></span> <span class='ocrx_word' id='word_1_534' title='bbox 988 4018 1086 4087; x_wconf 80' lang='grc' dir='ltr'><em>μέν</em></span> <span class='ocrx_word' id='word_1_535' title='bbox 1111 4036 1197 4081; x_wconf 89' lang='grc' dir='ltr'><strong>τις</strong></span> <span class='ocrx_word' id='word_1_536' title='bbox 1236 4021 1414 4073; x_wconf 80' lang='grc' dir='ltr'><em>αὐτῶν</em></span> <span class='ocrx_word' id='word_1_537' title='bbox 1452 4018 1590 4074; x_wconf 79' lang='grc' dir='ltr'><em>εἶναι</em></span> <span class='ocrx_word' id='word_1_538' title='bbox 1632 4023 1902 4089; x_wconf 86' lang='grc' dir='ltr'><em>Διόνυσος,</em></span> <span class='ocrx_word' id='word_1_539' title='bbox 1940 4025 1968 4076; x_wconf 93' lang='lat'><strong>6</strong></span> <span class='ocrx_word' id='word_1_540' title='bbox 1994 4022 2038 4075; x_wconf 87' lang='grc' dir='ltr'><em>δ’</em></span> 
     </span>
    </p>
   </div>
   <div class='ocr_carea' id='block_1_75' title="bbox 480 4098 2039 4183">
    <p class='ocr_par' dir='ltr' id='par_1_75' title="bbox 480 4098 2039 4183">
     <span class='ocr_line' id='line_1_75' title="bbox 480 4098 2039 4183; baseline 0.008 -29"><span class='ocrx_word' id='word_1_541' title='bbox 480 4098 788 4173; x_wconf 80' lang='grc' dir='ltr'><em>Ἡρακλῆς,</em></span> <span class='ocrx_word' id='word_1_542' title='bbox 825 4105 944 4158; x_wconf 76' lang='grc' dir='ltr'>οὐδὲ</span> <span class='ocrx_word' id='word_1_543' title='bbox 977 4106 1185 4170; x_wconf 80' lang='grc' dir='ltr'><em>τούτοις</em></span> <span class='ocrx_word' id='word_1_544' title='bbox 1218 4108 1599 4180; x_wconf 64' lang='grc' dir='ltr'><em>λοιῶρούμεθα</em></span> <span class='ocrx_word' id='word_1_545' title='bbox 1619 4128 1633 4141; x_wconf 76' lang='grc' dir='ltr'>ο</span> <span class='ocrx_word' id='word_1_546' title='bbox 1667 4111 1893 4181; x_wconf 87' lang='grc' dir='ltr'><em>μάταιον</em></span> <span class='ocrx_word' id='word_1_547' title='bbox 1929 4113 2039 4183; x_wconf 82' lang='grc' dir='ltr'><em>γὰρ</em></span> 
     </span>
    </p>
   </div>
   <div class='ocr_carea' id='block_1_76' title="bbox 466 4192 2039 4274">
    <p class='ocr_par' dir='ltr' id='par_1_76' title="bbox 466 4192 2039 4274">
     <span class='ocr_line' id='line_1_76' title="bbox 466 4192 2039 4274; baseline 0.007 -29"><span class='ocrx_word' id='word_1_548' title='bbox 466 4192 528 4245; x_wconf 74' lang='grc' dir='ltr'><em>τὸ</em></span> <span class='ocrx_word' id='word_1_549' title='bbox 555 4194 813 4258; x_wconf 78' lang='grc' dir='ltr'><em>τοιοῦτον,</em></span> <span class='ocrx_word' id='word_1_550' title='bbox 846 4196 940 4249; x_wconf 75' lang='grc' dir='ltr'><em>καὶ</em></span> <span class='ocrx_word' id='word_1_551' title='bbox 980 4198 1227 4268; x_wconf 80' lang='grc' dir='ltr'><em>οὐδαμῶς</em></span> <span class='ocrx_word' id='word_1_552' title='bbox 1256 4200 1396 4253; x_wconf 87' lang='grc' dir='ltr'><strong>κατά</strong></span> <span class='ocrx_word' id='word_1_553' title='bbox 1422 4201 1513 4253; x_wconf 83' lang='grc' dir='ltr'><em>τὸν</em></span> <span class='ocrx_word' id='word_1_554' title='bbox 1552 4203 1726 4272; x_wconf 76' lang='grc' dir='ltr'><em>πρᾶον</em></span> <span class='ocrx_word' id='word_1_555' title='bbox 1764 4204 1857 4255; x_wconf 75' lang='grc' dir='ltr'><strong>καὶ</strong></span> <span class='ocrx_word' id='word_1_556' title='bbox 1887 4205 2039 4274; x_wconf 88' lang='grc' dir='ltr'><em>είρη-</em></span> 
     </span>
    </p>
   </div>
   <div class='ocr_carea' id='block_1_77' title="bbox 2149 3120 3704 3189">
    <p class='ocr_par' dir='ltr' id='par_1_77' title="bbox 2149 3120 3704 3189">
     <span class='ocr_line' id='line_1_77' title="bbox 2149 3120 3704 3189; baseline -0.001 -13"><span class='ocrx_word' id='word_1_557' title='bbox 2149 3123 2386 3176; x_wconf 85' lang='lat' dir='ltr'><strong>Verbum</strong></span> <span class='ocrx_word' id='word_1_558' title='bbox 2440 3120 2569 3185; x_wconf 89' lang='lat' dir='ltr'><strong>Dei,</strong></span> <span class='ocrx_word' id='word_1_559' title='bbox 2615 3131 2816 3188; x_wconf 88' lang='lat' dir='ltr'><strong>quanto</strong></span> <span class='ocrx_word' id='word_1_560' title='bbox 2859 3120 3034 3174; x_wconf 86' lang='lat' dir='ltr'><strong>minus</strong></span> <span class='ocrx_word' id='word_1_561' title='bbox 3084 3120 3406 3175; x_wconf 80' lang='lat' dir='ltr'><strong>maledicere</strong></span> <span class='ocrx_word' id='word_1_562' title='bbox 3457 3128 3704 3189; x_wconf 83' lang='lat' dir='ltr'><strong>oportet,</strong></span> 
     </span>
    </p>
   </div>
   <div class='ocr_carea' id='block_1_78' title="bbox 2146 3208 3709 3277">
    <p class='ocr_par' dir='ltr' id='par_1_78' title="bbox 2146 3208 3709 3277">
     <span class='ocr_line' id='line_1_78' title="bbox 2146 3208 3709 3277; baseline -0.001 -11"><span class='ocrx_word' id='word_1_563' title='bbox 2146 3226 2267 3266; x_wconf 93' lang='lat' dir='ltr'><strong>cum</strong></span> <span class='ocrx_word' id='word_1_564' title='bbox 2316 3210 2368 3264; x_wconf 89' lang='lat' dir='ltr'><strong>id</strong></span> <span class='ocrx_word' id='word_1_565' title='bbox 2415 3210 2595 3264; x_wconf 81' lang='lat' dir='ltr'><strong>facere</strong></span> <span class='ocrx_word' id='word_1_566' title='bbox 2645 3224 2835 3277; x_wconf 82' lang='lat' dir='ltr'><strong>magna</strong></span> <span class='ocrx_word' id='word_1_567' title='bbox 2886 3210 3109 3263; x_wconf 87' lang='lat' dir='ltr'><strong>stultitia</strong></span> <span class='ocrx_word' id='word_1_568' title='bbox 3148 3209 3263 3264; x_wconf 78' lang='lat' dir='ltr'><strong>est?</strong></span> <span class='ocrx_word' id='word_1_569' title='bbox 3310 3208 3488 3277; x_wconf 67' lang='lat' dir='ltr'><strong>Eque</strong></span> <span class='ocrx_word' id='word_1_570' title='bbox 3527 3220 3709 3266; x_wconf 85' lang='lat' dir='ltr'><strong>autem</strong></span> 
     </span>
    </p>
   </div>
   <div class='ocr_carea' id='block_1_79' title="bbox 2144 3299 3710 3370">
    <p class='ocr_par' dir='ltr' id='par_1_79' title="bbox 2144 3299 3710 3370">
     <span class='ocr_line' id='line_1_79' title="bbox 2144 3299 3710 3370; baseline -0.001 -13"><span class='ocrx_word' id='word_1_571' title='bbox 2144 3301 2368 3357; x_wconf 88' lang='lat' dir='ltr'><strong>stultum</strong></span> <span class='ocrx_word' id='word_1_572' title='bbox 2392 3310 2477 3355; x_wconf 88' lang='lat' dir='ltr'><strong>est</strong></span> <span class='ocrx_word' id='word_1_573' title='bbox 2503 3300 2822 3354; x_wconf 81' lang='lat' dir='ltr'><strong>maledicere</strong></span> <span class='ocrx_word' id='word_1_574' title='bbox 2850 3299 3032 3369; x_wconf 89' lang='lat' dir='ltr'><strong>lapidi,</strong></span> <span class='ocrx_word' id='word_1_575' title='bbox 3058 3310 3151 3353; x_wconf 89' lang='lat' dir='ltr'><strong>aut</strong></span> <span class='ocrx_word' id='word_1_576' title='bbox 3181 3315 3337 3367; x_wconf 91' lang='lat' dir='ltr'><strong>auro,</strong></span> <span class='ocrx_word' id='word_1_577' title='bbox 3367 3309 3458 3355; x_wconf 88' lang='lat' dir='ltr'><strong>aut</strong></span> <span class='ocrx_word' id='word_1_578' title='bbox 3483 3310 3710 3370; x_wconf 78' lang='lat' dir='ltr'><strong>argento</strong></span> 
     </span>
    </p>
   </div>
   <div class='ocr_carea' id='block_1_80' title="bbox 2147 3390 3711 3460">
    <p class='ocr_par' dir='ltr' id='par_1_80' title="bbox 2147 3390 3711 3460">
     <span class='ocr_line' id='line_1_80' title="bbox 2147 3390 3711 3460; baseline -0.001 -12"><span class='ocrx_word' id='word_1_579' title='bbox 2147 3396 2314 3449; x_wconf 87' lang='lat' dir='ltr'><strong>versis</strong></span> <span class='ocrx_word' id='word_1_580' title='bbox 2362 3395 2414 3447; x_wconf 92' lang='lat' dir='ltr'><strong>in</strong></span> <span class='ocrx_word' id='word_1_581' title='bbox 2445 3394 2698 3456; x_wconf 82' lang='lat' dir='ltr'><strong>formam,</strong></span> <span class='ocrx_word' id='word_1_582' title='bbox 2730 3406 2917 3460; x_wconf 90' lang='lat' dir='ltr'><strong>quam,</strong></span> <span class='ocrx_word' id='word_1_583' title='bbox 2955 3390 3046 3460; x_wconf 88' lang='lat' dir='ltr'><strong>qui</strong></span> <span class='ocrx_word' id='word_1_584' title='bbox 3077 3392 3256 3460; x_wconf 89' lang='lat' dir='ltr'><strong>procul</strong></span> <span class='ocrx_word' id='word_1_585' title='bbox 3287 3401 3413 3445; x_wconf 91' lang='lat' dir='ltr'><strong>sunt</strong></span> <span class='ocrx_word' id='word_1_586' title='bbox 3441 3406 3469 3445; x_wconf 90' lang='lat' dir='ltr'><strong>a</strong></span> <span class='ocrx_word' id='word_1_587' title='bbox 3507 3392 3711 3447; x_wconf 83' lang='lat' dir='ltr'><strong>Divini-</strong></span> 
     </span>
    </p>
   </div>
   <div class='ocr_carea' id='block_1_81' title="bbox 2148 3479 3706 3548">
    <p class='ocr_par' dir='ltr' id='par_1_81' title="bbox 2148 3479 3706 3548">
     <span class='ocr_line' id='line_1_81' title="bbox 2148 3479 3706 3548; baseline -0.002 -11"><span class='ocrx_word' id='word_1_588' title='bbox 2148 3493 2274 3546; x_wconf 90' lang='lat' dir='ltr'><strong>tate,</strong></span> <span class='ocrx_word' id='word_1_589' title='bbox 2304 3484 2527 3538; x_wconf 90' lang='lat' dir='ltr'><strong>deorum</strong></span> <span class='ocrx_word' id='word_1_590' title='bbox 2556 3496 2677 3536; x_wconf 87' lang='lat' dir='ltr'><strong>esse</strong></span> <span class='ocrx_word' id='word_1_591' title='bbox 2707 3481 3039 3536; x_wconf 85' lang='lat' dir='ltr'><strong>existimant.</strong></span> <span class='ocrx_word' id='word_1_592' title='bbox 3066 3479 3248 3548; x_wconf 87' lang='lat' dir='ltr'><strong>Neque</strong></span> <span class='ocrx_word' id='word_1_593' title='bbox 3276 3481 3438 3534; x_wconf 89' lang='lat' dir='ltr'><strong>etiam</strong></span> <span class='ocrx_word' id='word_1_594' title='bbox 3472 3482 3706 3535; x_wconf 88' lang='lat' dir='ltr'><strong>inanima</strong></span> 
     </span>
    </p>
   </div>
   <div class='ocr_carea' id='block_1_82' title="bbox 2147 3568 3706 3636">
    <p class='ocr_par' dir='ltr' id='par_1_82' title="bbox 2147 3568 3706 3636">
     <span class='ocr_line' id='line_1_82' title="bbox 2147 3568 3706 3636; baseline -0.003 -11"><span class='ocrx_word' id='word_1_595' title='bbox 2147 3571 2435 3625; x_wconf 87' lang='lat' dir='ltr'><strong>simulacra</strong></span> <span class='ocrx_word' id='word_1_596' title='bbox 2489 3569 2721 3623; x_wconf 84' lang='lat' dir='ltr'><strong>ludibrio</strong></span> <span class='ocrx_word' id='word_1_597' title='bbox 2760 3568 3044 3632; x_wconf 83' lang='lat' dir='ltr'><strong>habemus,</strong></span> <span class='ocrx_word' id='word_1_598' title='bbox 3087 3568 3179 3620; x_wconf 89' lang='lat' dir='ltr'><strong>sed</strong></span> <span class='ocrx_word' id='word_1_599' title='bbox 3227 3582 3320 3622; x_wconf 92' lang='lat' dir='ltr'><strong>eos</strong></span> <span class='ocrx_word' id='word_1_600' title='bbox 3366 3568 3455 3636; x_wconf 92' lang='lat' dir='ltr'><strong>qui</strong></span> <span class='ocrx_word' id='word_1_601' title='bbox 3502 3569 3706 3625; x_wconf 86' lang='lat' dir='ltr'><strong>cultum</strong></span> 
     </span>
    </p>
   </div>
   <div class='ocr_carea' id='block_1_83' title="bbox 2148 3657 3706 3726">
    <p class='ocr_par' dir='ltr' id='par_1_83' title="bbox 2148 3657 3706 3726">
     <span class='ocr_line' id='line_1_83' title="bbox 2148 3657 3706 3726; baseline -0.003 -11"><span class='ocrx_word' id='word_1_602' title='bbox 2148 3662 2253 3715; x_wconf 90' lang='lat' dir='ltr'><strong>illis</strong></span> <span class='ocrx_word' id='word_1_603' title='bbox 2290 3661 2550 3715; x_wconf 89' lang='lat' dir='ltr'><strong>tribuunt.</strong></span> <span class='ocrx_word' id='word_1_604' title='bbox 2582 3659 2688 3713; x_wconf 89' lang='lat' dir='ltr'><strong>Sed</strong></span> <span class='ocrx_word' id='word_1_605' title='bbox 2733 3672 2934 3726; x_wconf 89' lang='lat' dir='ltr'><strong>neque,</strong></span> <span class='ocrx_word' id='word_1_606' title='bbox 2965 3660 3007 3711; x_wconf 91' lang='lat' dir='ltr'><strong>si</strong></span> <span class='ocrx_word' id='word_1_607' title='bbox 3037 3657 3257 3725; x_wconf 87' lang='lat' dir='ltr'><strong>quidam</strong></span> <span class='ocrx_word' id='word_1_608' title='bbox 3286 3657 3555 3712; x_wconf 67' lang='lat' dir='ltr'><strong>dtemones</strong></span> <span class='ocrx_word' id='word_1_609' title='bbox 3586 3659 3706 3726; x_wconf 90' lang='lat' dir='ltr'><strong>qui-</strong></span> 
     </span>
    </p>
   </div>
   <div class='ocr_carea' id='block_1_84' title="bbox 2147 3744 3704 3814">
    <p class='ocr_par' dir='ltr' id='par_1_84' title="bbox 2147 3744 3704 3814">
     <span class='ocr_line' id='line_1_84' title="bbox 2147 3744 3704 3814; baseline -0.003 -11"><span class='ocrx_word' id='word_1_610' title='bbox 2147 3748 2373 3803; x_wconf 84' lang='lat' dir='ltr'><strong>busdam</strong></span> <span class='ocrx_word' id='word_1_611' title='bbox 2405 3747 2716 3802; x_wconf 86' lang='lat' dir='ltr'><strong>simulacris</strong></span> <span class='ocrx_word' id='word_1_612' title='bbox 2759 3746 2965 3809; x_wconf 89' lang='lat' dir='ltr'><strong>insunt,</strong></span> <span class='ocrx_word' id='word_1_613' title='bbox 3011 3760 3237 3814; x_wconf 90' lang='lat' dir='ltr'><strong>quorum</strong></span> <span class='ocrx_word' id='word_1_614' title='bbox 3266 3747 3405 3799; x_wconf 88' lang='lat' dir='ltr'><strong>alter</strong></span> <span class='ocrx_word' id='word_1_615' title='bbox 3432 3744 3704 3811; x_wconf 84' lang='lat' dir='ltr'><strong>Bacchus,</strong></span> 
     </span>
    </p>
   </div>
   <div class='ocr_carea' id='block_1_85' title="bbox 2147 3836 3709 3904">
    <p class='ocr_par' dir='ltr' id='par_1_85' title="bbox 2147 3836 3709 3904">
     <span class='ocr_line' id='line_1_85' title="bbox 2147 3836 3709 3904; baseline -0.001 -10"><span class='ocrx_word' id='word_1_616' title='bbox 2147 3841 2283 3895; x_wconf 90' lang='lat' dir='ltr'><strong>alter</strong></span> <span class='ocrx_word' id='word_1_617' title='bbox 2314 3839 2567 3893; x_wconf 87' lang='lat' dir='ltr'><strong>Hercules</strong></span> <span class='ocrx_word' id='word_1_618' title='bbox 2596 3847 2830 3904; x_wconf 87' lang='lat' dir='ltr'><strong>putetur,</strong></span> <span class='ocrx_word' id='word_1_619' title='bbox 2856 3837 2959 3891; x_wconf 90' lang='lat' dir='ltr'><strong>illis</strong></span> <span class='ocrx_word' id='word_1_620' title='bbox 2985 3838 3285 3892; x_wconf 87' lang='lat' dir='ltr'><strong>convicium</strong></span> <span class='ocrx_word' id='word_1_621' title='bbox 3320 3836 3564 3893; x_wconf 78' lang='lat' dir='ltr'><strong>facimus.</strong></span> <span class='ocrx_word' id='word_1_622' title='bbox 3598 3837 3709 3893; x_wconf 90' lang='lat' dir='ltr'><strong>Iloc</strong></span> 
     </span>
    </p>
   </div>
   <div class='ocr_carea' id='block_1_86' title="bbox 2147 3928 3704 3991">
    <p class='ocr_par' dir='ltr' id='par_1_86' title="bbox 2147 3928 3704 3991">
     <span class='ocr_line' id='line_1_86' title="bbox 2147 3928 3704 3991; baseline -0.004 -6"><span class='ocrx_word' id='word_1_623' title='bbox 2147 3931 2292 3986; x_wconf 88' lang='lat' dir='ltr'><strong>enim</strong></span> <span class='ocrx_word' id='word_1_624' title='bbox 2346 3944 2467 3983; x_wconf 92' lang='lat' dir='ltr'><strong>cum</strong></span> <span class='ocrx_word' id='word_1_625' title='bbox 2520 3928 2706 3983; x_wconf 87' lang='lat' dir='ltr'><strong>inutile</strong></span> <span class='ocrx_word' id='word_1_626' title='bbox 2740 3936 2843 3991; x_wconf 92' lang='lat' dir='ltr'><strong>est,</strong></span> <span class='ocrx_word' id='word_1_627' title='bbox 2898 3937 3008 3982; x_wconf 91' lang='lat' dir='ltr'><strong>tum</strong></span> <span class='ocrx_word' id='word_1_628' title='bbox 3056 3929 3290 3981; x_wconf 90' lang='lat' dir='ltr'><strong>animam</strong></span> <span class='ocrx_word' id='word_1_629' title='bbox 3344 3936 3704 3991; x_wconf 89' lang='lat' dir='ltr'><strong>mansuetam,</strong></span> 
     </span>
    </p>
   </div>
   <div class='ocr_carea' id='block_1_87' title="bbox 2149 4018 3707 4091">
    <p class='ocr_par' dir='ltr' id='par_1_87' title="bbox 2149 4018 3707 4091">
     <span class='ocr_line' id='line_1_87' title="bbox 2149 4018 3707 4091; baseline -0.001 -17"><span class='ocrx_word' id='word_1_630' title='bbox 2149 4022 2429 4091; x_wconf 78' lang='lat' dir='ltr'><strong>paciﬁcam</strong></span> <span class='ocrx_word' id='word_1_631' title='bbox 2480 4018 2936 4089; x_wconf 89' lang='lat' dir='ltr'><strong>tranquillamque</strong></span> <span class='ocrx_word' id='word_1_632' title='bbox 2993 4020 3239 4084; x_wconf 86' lang='lat' dir='ltr'><strong>dedecet,</strong></span> <span class='ocrx_word' id='word_1_633' title='bbox 3285 4034 3409 4073; x_wconf 91' lang='lat' dir='ltr'><strong>cum</strong></span> <span class='ocrx_word' id='word_1_634' title='bbox 3456 4019 3707 4074; x_wconf 88' lang='lat' dir='ltr'><strong>didicerit</strong></span> 
     </span>
    </p>
   </div>
   <div class='ocr_carea' id='block_1_88' title="bbox 2149 4108 3707 4178">
    <p class='ocr_par' dir='ltr' id='par_1_88' title="bbox 2149 4108 3707 4178">
     <span class='ocr_line' id='line_1_88' title="bbox 2149 4108 3707 4178; baseline -0.002 -12"><span class='ocrx_word' id='word_1_635' title='bbox 2149 4110 2371 4175; x_wconf 88' lang='lat' dir='ltr'><strong>nemini,</strong></span> <span class='ocrx_word' id='word_1_636' title='bbox 2405 4119 2881 4178; x_wconf 88' lang='lat' dir='ltr'><strong>quantumcunque</strong></span> <span class='ocrx_word' id='word_1_637' title='bbox 2913 4108 3083 4163; x_wconf 90' lang='lat' dir='ltr'><strong>malus</strong></span> <span class='ocrx_word' id='word_1_638' title='bbox 3110 4109 3204 4173; x_wconf 88' lang='lat' dir='ltr'><strong>sit,</strong></span> <span class='ocrx_word' id='word_1_639' title='bbox 3229 4109 3518 4163; x_wconf 84' lang='lat' dir='ltr'><strong>conviciari</strong></span> <span class='ocrx_word' id='word_1_640' title='bbox 3542 4122 3707 4178; x_wconf 90' lang='lat' dir='ltr'><strong>opor-</strong></span> 
     </span>
    </p>
   </div>
   <div class='ocr_carea' id='block_1_89' title="bbox 2151 4199 3148 4266">
    <p class='ocr_par' dir='ltr' id='par_1_89' title="bbox 2151 4199 3148 4266">
     <span class='ocr_line' id='line_1_89' title="bbox 2151 4199 3148 4266; baseline -0.002 -13"><span class='ocrx_word' id='word_1_641' title='bbox 2151 4210 2289 4266; x_wconf 87' lang='lat' dir='ltr'><strong>tere,</strong></span> <span class='ocrx_word' id='word_1_642' title='bbox 2322 4202 2437 4257; x_wconf 86' lang='lat' dir='ltr'><strong>sive</strong></span> <span class='ocrx_word' id='word_1_643' title='bbox 2463 4201 2622 4255; x_wconf 87' lang='lat' dir='ltr'><strong>bomo</strong></span> <span class='ocrx_word' id='word_1_644' title='bbox 2652 4200 2740 4265; x_wconf 86' lang='lat' dir='ltr'><strong>sit,</strong></span> <span class='ocrx_word' id='word_1_645' title='bbox 2780 4200 2896 4254; x_wconf 85' lang='lat' dir='ltr'><strong>sive</strong></span> <span class='ocrx_word' id='word_1_646' title='bbox 2922 4199 3148 4253; x_wconf 85' lang='lat' dir='ltr'><strong>daemon.</strong></span> 
     </span>
    </p>
   </div>
   <div class='ocr_carea' id='block_1_90' title="bbox 469 4286 3703 4366">
    <p class='ocr_par' dir='ltr' id='par_1_90' title="bbox 469 4286 3703 4366">
     <span class='ocr_line' id='line_1_90' title="bbox 469 4286 3703 4366; baseline 0.003 -29"><span class='ocrx_word' id='word_1_647' title='bbox 469 4286 616 4339; x_wconf 80' lang='grc' dir='ltr'><em>ναῖον</em></span> <span class='ocrx_word' id='word_1_648' title='bbox 649 4286 741 4340; x_wconf 73' lang='grc' dir='ltr'><strong>καὶ</strong></span> <span class='ocrx_word' id='word_1_649' title='bbox 769 4288 999 4359; x_wconf 78' lang='grc' dir='ltr'><em>γαληνὸν</em></span> <span class='ocrx_word' id='word_1_650' title='bbox 1031 4290 1128 4362; x_wconf 84' lang='grc' dir='ltr'><em>τὴν</em></span> <span class='ocrx_word' id='word_1_651' title='bbox 1160 4291 1357 4363; x_wconf 67' lang='grc' dir='ltr'><em>ψυχὴν,</em></span> <span class='ocrx_word' id='word_1_652' title='bbox 1389 4295 1481 4347; x_wconf 67' lang='grc' dir='ltr'><strong>καὶ</strong></span> <span class='ocrx_word' id='word_1_653' title='bbox 1517 4294 1773 4364; x_wconf 82' lang='grc' dir='ltr'><em>μαθόντα,</em></span> <span class='ocrx_word' id='word_1_654' title='bbox 1802 4296 1882 4347; x_wconf 82' lang='grc' dir='ltr'><em>ὅτι</em></span> <span class='ocrx_word' id='word_1_655' title='bbox 1910 4296 2029 4349; x_wconf 82' lang='grc' dir='ltr'><em>οὐδὲ</em></span> <span class='ocrx_word' id='word_1_656' title='bbox 2066 4295 2153 4348; x_wconf 75' lang='grc' dir='ltr'><em>διὰ</em></span> <span class='ocrx_word' id='word_1_657' title='bbox 2212 4295 2309 4366; x_wconf 84' lang='grc' dir='ltr'><em>τὴν</em></span> <span class='ocrx_word' id='word_1_658' title='bbox 2351 4295 2546 4348; x_wconf 84' lang='grc' dir='ltr'><em>κακίαν</em></span> <span class='ocrx_word' id='word_1_659' title='bbox 2599 4293 2680 4347; x_wconf 82' lang='grc' dir='ltr'><em>δεῖ</em></span> <span class='ocrx_word' id='word_1_660' title='bbox 2724 4311 2828 4347; x_wconf 89' lang='grc' dir='ltr'><em>τινι</em></span> <span class='ocrx_word' id='word_1_661' title='bbox 2869 4292 3218 4364; x_wconf 87' lang='grc' dir='ltr'><em>λοιδορεῖσθαι</em></span> <span class='ocrx_word' id='word_1_662' title='bbox 3239 4332 3253 4358; x_wconf 90' lang='grc'><strong>,</strong></span> <span class='ocrx_word' id='word_1_663' title='bbox 3287 4292 3381 4346; x_wconf 75' lang='grc' dir='ltr'><em>εἴτ’</em></span> <span class='ocrx_word' id='word_1_664' title='bbox 3413 4292 3703 4364; x_wconf 77' lang='grc' dir='ltr'><em>ἀνθρώπῳ,</em></span> 
     </span>
    </p>
   </div>
   <div class='ocr_carea' id='block_1_91' title="bbox 469 4375 837 4448">
    <p class='ocr_par' dir='ltr' id='par_1_91' title="bbox 469 4375 837 4448">
     <span class='ocr_line' id='line_1_91' title="bbox 469 4375 837 4448; baseline 0.016 -21"><span class='ocrx_word' id='word_1_665' title='bbox 469 4375 577 4428; x_wconf 77' lang='grc' dir='ltr'><em>εἴτε</em></span> <span class='ocrx_word' id='word_1_666' title='bbox 604 4377 837 4448; x_wconf 88' lang='grc' dir='ltr'><em>δαίμονι.</em></span> 
     </span>
    </p>
   </div>
   <div class='ocr_carea' id='block_1_92' title="bbox 533 4468 2038 4543">
    <p class='ocr_par' dir='ltr' id='par_1_92' title="bbox 533 4468 2037 4543">
     <span class='ocr_line' id='line_1_92' title="bbox 533 4468 2037 4543; baseline 0.007 -20"><span class='ocrx_word' id='word_1_667' title='bbox 533 4472 647 4525; x_wconf 80' lang='grc' dir='ltr'><em>υύκ</em></span> <span class='ocrx_word' id='word_1_668' title='bbox 670 4468 786 4526; x_wconf 82' lang='grc' dir='ltr'><em>οἶδα</em></span> <span class='ocrx_word' id='word_1_669' title='bbox 814 4473 858 4526; x_wconf 84' lang='grc' dir='ltr'><em>δ’</em></span> <span class='ocrx_word' id='word_1_670' title='bbox 886 4475 1031 4538; x_wconf 79' lang='grc' dir='ltr'><em>ὅπως</em></span> <span class='ocrx_word' id='word_1_671' title='bbox 1073 4478 1101 4530; x_wconf 93' lang='lat'><strong>6</strong></span> <span class='ocrx_word' id='word_1_672' title='bbox 1132 4477 1335 4539; x_wconf 76' lang='grc' dir='ltr'><em>Κέλσος</em></span> <span class='ocrx_word' id='word_1_673' title='bbox 1367 4480 1513 4533; x_wconf 84' lang='grc' dir='ltr'><em>ἀκων</em></span> <span class='ocrx_word' id='word_1_674' title='bbox 1547 4480 1800 4532; x_wconf 83' lang='grc' dir='ltr'><em>ἐνέπεσεν</em></span> <span class='ocrx_word' id='word_1_675' title='bbox 1833 4480 1913 4542; x_wconf 81' lang='grc' dir='ltr'><em>εἰς</em></span> <span class='ocrx_word' id='word_1_676' title='bbox 1956 4479 2037 4543; x_wconf 85' lang='grc' dir='ltr'><em>τὸ,</em></span> 
     </span>
    </p>
   </div>
   <div class='ocr_carea' id='block_1_93' title="bbox 2145 4468 3705 4543">
    <p class='ocr_par' dir='ltr' id='par_1_93' title="bbox 2215 4471 3705 4543">
     <span class='ocr_line' id='line_1_93' title="bbox 2215 4471 3705 4543; baseline -0.006 -9"><span class='ocrx_word' id='word_1_677' title='bbox 2215 4480 2303 4535; x_wconf 70' lang='grc'><strong>42.</strong></span> <span class='ocrx_word' id='word_1_678' title='bbox 2334 4478 2527 4533; x_wconf 79' lang='lat' dir='ltr'><strong>Nescio</strong></span> <span class='ocrx_word' id='word_1_679' title='bbox 2560 4485 2737 4530; x_wconf 89' lang='lat' dir='ltr'><strong>autem</strong></span> <span class='ocrx_word' id='word_1_680' title='bbox 2764 4473 3031 4543; x_wconf 91' lang='lat' dir='ltr'><strong>quomodo</strong></span> <span class='ocrx_word' id='word_1_681' title='bbox 3077 4471 3261 4529; x_wconf 87' lang='lat' dir='ltr'><strong>Celsus</strong></span> <span class='ocrx_word' id='word_1_682' title='bbox 3302 4474 3611 4543; x_wconf 91' lang='lat' dir='ltr'><strong>imprudens</strong></span> <span class='ocrx_word' id='word_1_683' title='bbox 3638 4487 3705 4527; x_wconf 89' lang='lat' dir='ltr'><strong>eo</strong></span> 
     </span>
    </p>
   </div>
   <div class='ocr_carea' id='block_1_94' title="bbox 467 4560 2036 4639">
    <p class='ocr_par' dir='ltr' id='par_1_94' title="bbox 467 4560 2036 4639">
     <span class='ocr_line' id='line_1_94' title="bbox 467 4560 2036 4639; baseline 0.005 -26"><span class='ocrx_word' id='word_1_684' title='bbox 467 4560 560 4625; x_wconf 68' lang='grc' dir='ltr'><strong>οὓς</strong></span> <span class='ocrx_word' id='word_1_685' title='bbox 600 4563 704 4634; x_wconf 79' lang='grc' dir='ltr'><em>πρὸ</em></span> <span class='ocrx_word' id='word_1_686' title='bbox 739 4563 966 4634; x_wconf 80' lang='grc' dir='ltr'><em>βραχέος</em></span> <span class='ocrx_word' id='word_1_687' title='bbox 999 4565 1206 4638; x_wconf 80' lang='grc' dir='ltr'><em>ὕμνησε</em></span> <span class='ocrx_word' id='word_1_688' title='bbox 1248 4568 1504 4639; x_wconf 85' lang='grc' dir='ltr'><em>δαίμονας</em></span> <span class='ocrx_word' id='word_1_689' title='bbox 1545 4570 1577 4638; x_wconf 84' lang='grc' dir='ltr'>ἢ</span> <span class='ocrx_word' id='word_1_690' title='bbox 1615 4568 1789 4631; x_wconf 80' lang='grc' dir='ltr'><em>θεοὺς,</em></span> <span class='ocrx_word' id='word_1_691' title='bbox 1832 4568 1928 4622; x_wconf 81' lang='grc' dir='ltr'><em>νῦν</em></span> <span class='ocrx_word' id='word_1_692' title='bbox 1960 4569 2036 4638; x_wconf 85' lang='grc' dir='ltr'><em>τῷ</em></span> 
     </span>
    </p>
   </div>
   <div class='ocr_carea' id='block_1_95' title="bbox 467 4651 2035 4731">
    <p class='ocr_par' dir='ltr' id='par_1_95' title="bbox 467 4651 2035 4731">
     <span class='ocr_line' id='line_1_95' title="bbox 467 4651 2035 4731; baseline 0.005 -27"><span class='ocrx_word' id='word_1_693' title='bbox 467 4651 614 4724; x_wconf 74' lang='grc' dir='ltr'><em>ἔργῳ</em></span> <span class='ocrx_word' id='word_1_694' title='bbox 645 4654 1021 4708; x_wconf 82' lang='grc' dir='ltr'><em>ἀποδεικνύναι</em></span> <span class='ocrx_word' id='word_1_695' title='bbox 1055 4659 1419 4726; x_wconf 82' lang='grc' dir='ltr'><em>φαυλοτάτους</em></span> <span class='ocrx_word' id='word_1_696' title='bbox 1450 4656 1605 4722; x_wconf 82' lang='grc' dir='ltr'><em>εἶναι,</em></span> <span class='ocrx_word' id='word_1_697' title='bbox 1638 4661 1731 4713; x_wconf 81' lang='grc' dir='ltr'><em>καὶ</em></span> <span class='ocrx_word' id='word_1_698' title='bbox 1763 4678 2035 4731; x_wconf 88' lang='grc' dir='ltr'><em>τιμωρου-</em></span> 
     </span>
    </p>
   </div>
   <div class='ocr_carea' id='block_1_96' title="bbox 471 4744 2040 4821">
    <p class='ocr_par' dir='ltr' id='par_1_96' title="bbox 471 4744 2040 4821">
     <span class='ocr_line' id='line_1_96' title="bbox 471 4744 2040 4821; baseline 0.004 -25"><span class='ocrx_word' id='word_1_699' title='bbox 471 4744 661 4813; x_wconf 84' lang='grc' dir='ltr'><em>μένους</em></span> <span class='ocrx_word' id='word_1_700' title='bbox 697 4746 892 4815; x_wconf 77' lang='grc' dir='ltr'><em>μᾶλλον</em></span> <span class='ocrx_word' id='word_1_701' title='bbox 926 4748 1240 4817; x_wconf 81' lang='grc' dir='ltr'><em>ἀμυντικῶς</em></span> <span class='ocrx_word' id='word_1_702' title='bbox 1280 4749 1422 4820; x_wconf 77' lang='grc' dir='ltr'><em>ἥπερ</em></span> <span class='ocrx_word' id='word_1_703' title='bbox 1462 4750 1787 4814; x_wconf 78' lang='grc' dir='ltr'><em>κολάζοντας</em></span> <span class='ocrx_word' id='word_1_704' title='bbox 1820 4752 2040 4821; x_wconf 89' lang='grc' dir='ltr'><em>διορθω-</em></span> 
     </span>
    </p>
   </div>
   <div class='ocr_carea' id='block_1_97' title="bbox 469 4837 2039 4914">
    <p class='ocr_par' dir='ltr' id='par_1_97' title="bbox 469 4837 2039 4914">
     <span class='ocr_line' id='line_1_97' title="bbox 469 4837 2039 4914; baseline 0.011 -26"><span class='ocrx_word' id='word_1_705' title='bbox 469 4837 653 4901; x_wconf 80' lang='grc' dir='ltr'><em>τικῶς,</em></span> <span class='ocrx_word' id='word_1_706' title='bbox 685 4840 821 4893; x_wconf 72' lang='grc' dir='ltr'><em>ἐπὰν</em></span> <span class='ocrx_word' id='word_1_707' title='bbox 869 4840 1051 4905; x_wconf 77' lang='grc' dir='ltr'><em>αὐτοῖς</em></span> <span class='ocrx_word' id='word_1_708' title='bbox 1088 4842 1392 4913; x_wconf 83' lang='grc' dir='ltr'><em>λοιδορῆται</em></span> <span class='ocrx_word' id='word_1_709' title='bbox 1420 4861 1533 4906; x_wconf 83' lang='grc' dir='ltr'><em>τις·</em></span> <span class='ocrx_word' id='word_1_710' title='bbox 1584 4844 1717 4914; x_wconf 77' lang='grc' dir='ltr'><em>φησὶ</em></span> <span class='ocrx_word' id='word_1_711' title='bbox 1757 4838 1883 4913; x_wconf 79' lang='grc' dir='ltr'><em>γὰρ,</em></span> <span class='ocrx_word' id='word_1_712' title='bbox 1937 4845 2039 4907; x_wconf 86' lang='grc' dir='ltr'><em>Ὃς</em></span> 
     </span>
    </p>
   </div>
   <div class='ocr_carea' id='block_1_98' title="bbox 2145 4565 3706 4640">
    <p class='ocr_par' dir='ltr' id='par_1_98' title="bbox 2145 4565 3706 4640">
     <span class='ocr_line' id='line_1_98' title="bbox 2145 4565 3706 4640; baseline -0.004 -16"><span class='ocrx_word' id='word_1_713' title='bbox 2145 4572 2424 4640; x_wconf 88' lang='lat' dir='ltr'><strong>prolapsus</strong></span> <span class='ocrx_word' id='word_1_714' title='bbox 2453 4568 2543 4632; x_wconf 91' lang='lat' dir='ltr'><strong>sit,</strong></span> <span class='ocrx_word' id='word_1_715' title='bbox 2573 4576 2632 4620; x_wconf 92' lang='lat' dir='ltr'><strong>ut</strong></span> <span class='ocrx_word' id='word_1_716' title='bbox 2658 4580 2793 4635; x_wconf 90' lang='lat' dir='ltr'><strong>quos</strong></span> <span class='ocrx_word' id='word_1_717' title='bbox 2817 4565 2974 4634; x_wconf 88' lang='lat' dir='ltr'><strong>paulo</strong></span> <span class='ocrx_word' id='word_1_718' title='bbox 3006 4574 3129 4620; x_wconf 90' lang='lat' dir='ltr'><strong>ante</strong></span> <span class='ocrx_word' id='word_1_719' title='bbox 3155 4566 3427 4619; x_wconf 56' lang='lat' dir='ltr'><strong>daemones</strong></span> <span class='ocrx_word' id='word_1_720' title='bbox 3456 4574 3548 4618; x_wconf 90' lang='lat' dir='ltr'><strong>aut</strong></span> <span class='ocrx_word' id='word_1_721' title='bbox 3573 4565 3706 4619; x_wconf 90' lang='lat' dir='ltr'><strong>deos</strong></span> 
     </span>
    </p>
   </div>
   <div class='ocr_carea' id='block_1_99' title="bbox 2147 4655 3708 4724">
    <p class='ocr_par' dir='ltr' id='par_1_99' title="bbox 2147 4655 3708 4724">
     <span class='ocr_line' id='line_1_99' title="bbox 2147 4655 3708 4724; baseline -0.004 -9"><span class='ocrx_word' id='word_1_722' title='bbox 2147 4662 2394 4715; x_wconf 84' lang='lat' dir='ltr'><strong>laudibus</strong></span> <span class='ocrx_word' id='word_1_723' title='bbox 2423 4659 2709 4722; x_wconf 82' lang='lat' dir='ltr'><strong>extulerat,</strong></span> <span class='ocrx_word' id='word_1_724' title='bbox 2755 4670 2848 4709; x_wconf 88' lang='lat' dir='ltr'><strong>eos</strong></span> <span class='ocrx_word' id='word_1_725' title='bbox 2888 4670 3030 4709; x_wconf 90' lang='lat' dir='ltr'><strong>nunc</strong></span> <span class='ocrx_word' id='word_1_726' title='bbox 3064 4670 3249 4709; x_wconf 85' lang='lat' dir='ltr'><strong>revera</strong></span> <span class='ocrx_word' id='word_1_727' title='bbox 3297 4655 3559 4724; x_wconf 89' lang='lat' dir='ltr'><strong>pessimos</strong></span> <span class='ocrx_word' id='word_1_728' title='bbox 3584 4669 3708 4709; x_wconf 87' lang='lat' dir='ltr'><strong>esse</strong></span> 
     </span>
    </p>
   </div>
   <div class='ocr_carea' id='block_1_100' title="bbox 2145 4743 3704 4813">
    <p class='ocr_par' dir='ltr' id='par_1_100' title="bbox 2145 4743 3704 4813">
     <span class='ocr_line' id='line_1_100' title="bbox 2145 4743 3704 4813; baseline -0.003 -13"><span class='ocrx_word' id='word_1_729' title='bbox 2145 4746 2415 4809; x_wconf 88' lang='lat' dir='ltr'><strong>ostendat,</strong></span> <span class='ocrx_word' id='word_1_730' title='bbox 2466 4754 2525 4797; x_wconf 92' lang='lat' dir='ltr'><strong>ut</strong></span> <span class='ocrx_word' id='word_1_731' title='bbox 2556 4744 2644 4813; x_wconf 90' lang='lat' dir='ltr'><strong>qui</strong></span> <span class='ocrx_word' id='word_1_732' title='bbox 2702 4744 2928 4810; x_wconf 90' lang='lat' dir='ltr'><strong>puniant</strong></span> <span class='ocrx_word' id='word_1_733' title='bbox 2976 4743 3226 4795; x_wconf 82' lang='lat' dir='ltr'><strong>vindictae</strong></span> <span class='ocrx_word' id='word_1_734' title='bbox 3274 4743 3451 4797; x_wconf 88' lang='lat' dir='ltr'><strong>studio</strong></span> <span class='ocrx_word' id='word_1_735' title='bbox 3502 4743 3704 4811; x_wconf 90' lang='lat' dir='ltr'><strong>potius,</strong></span> 
     </span>
    </p>
   </div>
   <div class='ocr_carea' id='block_1_101' title="bbox 2146 4834 3698 4907">
    <p class='ocr_par' dir='ltr' id='par_1_101' title="bbox 2146 4834 3698 4907">
     <span class='ocr_line' id='line_1_101' title="bbox 2146 4834 3698 4907; baseline -0.001 -16"><span class='ocrx_word' id='word_1_736' title='bbox 2146 4854 2309 4907; x_wconf 88' lang='lat' dir='ltr'><strong>quam</strong></span> <span class='ocrx_word' id='word_1_737' title='bbox 2345 4836 2648 4906; x_wconf 81' lang='lat' dir='ltr'><strong>corrigendi</strong></span> <span class='ocrx_word' id='word_1_738' title='bbox 2681 4836 2880 4896; x_wconf 86' lang='lat' dir='ltr'><strong>animo,</strong></span> <span class='ocrx_word' id='word_1_739' title='bbox 2930 4834 2975 4888; x_wconf 87' lang='lat' dir='ltr'><strong>si</strong></span> <span class='ocrx_word' id='word_1_740' title='bbox 3021 4834 3141 4907; x_wconf 86' lang='lat' dir='ltr'><strong>quis</strong></span> <span class='ocrx_word' id='word_1_741' title='bbox 3186 4835 3293 4890; x_wconf 89' lang='lat' dir='ltr'><strong>illis</strong></span> <span class='ocrx_word' id='word_1_742' title='bbox 3341 4836 3698 4892; x_wconf 88' lang='lat' dir='ltr'><strong>conviciatur.</strong></span> 
     </span>
    </p>
   </div>
   <div class='ocr_carea' id='block_1_102' title="bbox 541 4951 2038 5024">
    <p class='ocr_par' dir='ltr' id='par_1_102' title="bbox 541 4951 2021 5024">
     <span class='ocr_line' id='line_1_102' title="bbox 541 4951 2021 5024; baseline 0.007 -21"><span class='ocrx_word' id='word_1_743' title='bbox 541 4951 586 4981; x_wconf 78' lang='grc'><strong>⁸⁸</strong></span> <span class='ocrx_word' id='word_1_744' title='bbox 626 4951 793 5009; x_wconf 88' lang='lat' dir='ltr'><strong>ICor.</strong></span> <span class='ocrx_word' id='word_1_745' title='bbox 823 4972 895 5019; x_wconf 79' lang='lat' dir='ltr'><strong>v1,</strong></span> <span class='ocrx_word' id='word_1_746' title='bbox 926 4957 1014 5011; x_wconf 86' lang='lat' dir='ltr'><strong>l0.</strong></span> <span class='ocrx_word' id='word_1_747' title='bbox 1087 4958 1130 4988; x_wconf 82' lang='grc'><strong>⁸⁷</strong></span> <span class='ocrx_word' id='word_1_748' title='bbox 1174 4958 1364 5012; x_wconf 83' lang='lat' dir='ltr'><strong>Matth.</strong></span> <span class='ocrx_word' id='word_1_749' title='bbox 1398 4976 1448 5024; x_wconf 89' lang='lat' dir='ltr'><strong>v,</strong></span> <span class='ocrx_word' id='word_1_750' title='bbox 1477 4960 1565 5014; x_wconf 72' lang='grc'><strong>41.</strong></span> <span class='ocrx_word' id='word_1_751' title='bbox 1645 4962 1690 4992; x_wconf 83' lang='grc'>⁸⁸</span> <span class='ocrx_word' id='word_1_752' title='bbox 1734 4962 1884 5014; x_wconf 72' lang='lat' dir='ltr'><strong>llom.</strong></span> <span class='ocrx_word' id='word_1_753' title='bbox 1924 4975 2021 5023; x_wconf 79' lang='lat' dir='ltr'><strong>xu,</strong></span> 
     </span>
    </p>
   </div>
   <div class='ocr_carea' id='block_1_103' title="bbox 2145 4951 2715 5024">
    <p class='ocr_par' dir='ltr' id='par_1_103' title="bbox 2145 4951 2715 5015">
     <span class='ocr_line' id='line_1_103' title="bbox 2145 4951 2715 5015; baseline -0.004 -8"><span class='ocrx_word' id='word_1_754' title='bbox 2145 4998 2148 5007; x_wconf 94' lang='lat'><strong>.</strong></span> <span class='ocrx_word' id='word_1_755' title='bbox 2226 4957 2270 4988; x_wconf 69' lang='lat'><strong>&#39;9</strong></span> <span class='ocrx_word' id='word_1_756' title='bbox 2310 4954 2327 5005; x_wconf 98' lang='lat' dir='ltr'><strong>I</strong></span> <span class='ocrx_word' id='word_1_757' title='bbox 2360 4954 2483 5009; x_wconf 87' lang='lat' dir='ltr'><strong>Cor.</strong></span> <span class='ocrx_word' id='word_1_758' title='bbox 2520 4970 2591 5015; x_wconf 86' lang='lat' dir='ltr'><strong>tv,</strong></span> <span class='ocrx_word' id='word_1_759' title='bbox 2631 4951 2715 5005; x_wconf 62' lang='grc' dir='ltr'><strong>ιε.</strong></span> 
     </span>
    </p>
   </div>
   <div class='ocr_carea' id='block_1_104' title="bbox 544 5058 2029 5137">
    <p class='ocr_par' dir='ltr' id='par_1_104' title="bbox 544 5058 2029 5137">
     <span class='ocr_line' id='line_1_104' title="bbox 544 5058 2029 5137; baseline 0.005 -26"><span class='ocrx_word' id='word_1_760' title='bbox 544 5058 655 5129; x_wconf 66' lang='grc'><strong>(10)</strong></span> <span class='ocrx_word' id='word_1_761' title='bbox 694 5061 963 5117; x_wconf 87' lang='lat' dir='ltr'><strong>Particula</strong></span> <span class='ocrx_word' id='word_1_762' title='bbox 997 5065 1088 5117; x_wconf 76' lang='grc' dir='ltr'><em>ἐπί</em></span> <span class='ocrx_word' id='word_1_763' title='bbox 1116 5067 1265 5121; x_wconf 81' lang='lat' dir='ltr'><strong>deest</strong></span> <span class='ocrx_word' id='word_1_764' title='bbox 1297 5067 1349 5120; x_wconf 92' lang='lat' dir='ltr'><strong>in</strong></span> <span class='ocrx_word' id='word_1_765' title='bbox 1384 5078 1542 5122; x_wconf 88' lang='lat' dir='ltr'><strong>antea</strong></span> <span class='ocrx_word' id='word_1_766' title='bbox 1579 5069 1758 5133; x_wconf 84' lang='lat' dir='ltr'><strong>editis,</strong></span> <span class='ocrx_word' id='word_1_767' title='bbox 1789 5071 1881 5124; x_wconf 87' lang='lat' dir='ltr'><strong>sed</strong></span> <span class='ocrx_word' id='word_1_768' title='bbox 1908 5085 2029 5137; x_wconf 85' lang='lat' dir='ltr'><strong>sup-</strong></span> 
     </span>
    </p>
   </div>
   <div class='ocr_carea' id='block_1_105' title="bbox 472 5130 868 5198">
    <p class='ocr_par' dir='ltr' id='par_1_105' title="bbox 472 5130 868 5198">
     <span class='ocr_line' id='line_1_105' title="bbox 472 5130 868 5198; baseline 0 -16"><span class='ocrx_word' id='word_1_769' title='bbox 472 5130 650 5198; x_wconf 82' lang='lat' dir='ltr'><strong>pletur</strong></span> <span class='ocrx_word' id='word_1_770' title='bbox 678 5144 868 5198; x_wconf 20' lang='lat' dir='ltr'><strong>eimss.</strong></span> 
     </span>
    </p>
   </div>
   <div class='ocr_carea' id='block_1_106' title="bbox 565 5196 1709 5273">
    <p class='ocr_par' dir='ltr' id='par_1_106' title="bbox 565 5196 1709 5273">
     <span class='ocr_line' id='line_1_106' title="bbox 565 5196 1709 5273; baseline 0.007 -23"><span class='ocrx_word' id='word_1_771' title='bbox 694 5197 1029 5273; x_wconf 67' lang='lat' dir='ltr'><strong>liceschelius</strong></span> <span class='ocrx_word' id='word_1_772' title='bbox 1060 5203 1110 5254; x_wconf 93' lang='lat' dir='ltr'><strong>in</strong></span> <span class='ocrx_word' id='word_1_773' title='bbox 1150 5211 1318 5268; x_wconf 80' lang='lat' dir='ltr'><strong>textu,</strong></span> <span class='ocrx_word' id='word_1_774' title='bbox 1344 5205 1417 5267; x_wconf 81' lang='grc' dir='ltr'><em>ὡς</em></span> <span class='ocrx_word' id='word_1_775' title='bbox 1443 5206 1603 5259; x_wconf 81' lang='grc' dir='ltr'><em>αὐτόν</em></span> <span class='ocrx_word' id='word_1_776' title='bbox 1626 5222 1709 5273; x_wconf 89' lang='grc' dir='ltr'><strong>γε.</strong></span> 
     </span>
    </p>
   </div>
   <div class='ocr_carea' id='block_1_107' title="bbox 562 5266 2023 5343">
    <p class='ocr_par' dir='ltr' id='par_1_107' title="bbox 562 5266 2023 5343">
     <span class='ocr_line' id='line_1_107' title="bbox 562 5266 2023 5343; baseline 0.004 -23"><span class='ocrx_word' id='word_1_777' title='bbox 562 5266 651 5343; x_wconf 59' lang='grc'><strong>42)</strong></span> <span class='ocrx_word' id='word_1_778' title='bbox 692 5267 1003 5343; x_wconf 81' lang='lat' dir='ltr'><strong>Boherellus</strong></span> <span class='ocrx_word' id='word_1_779' title='bbox 1038 5266 1320 5339; x_wconf 79' lang='lat' dir='ltr'><strong>distinguit</strong></span> <span class='ocrx_word' id='word_1_780' title='bbox 1351 5266 1471 5341; x_wconf 83' lang='lat' dir='ltr'><strong>post</strong></span> <span class='ocrx_word' id='word_1_781' title='bbox 1501 5266 1709 5343; x_wconf 74' lang='grc' dir='ltr'><em>βίῳ,ἐι</em></span> <span class='ocrx_word' id='word_1_782' title='bbox 1747 5275 2023 5341; x_wconf 83' lang='lat' dir='ltr'><strong>sequentia</strong></span> 
     </span>
    </p>
   </div>
   <div class='ocr_carea' id='block_1_108' title="bbox 467 5336 2023 5407">
    <p class='ocr_par' dir='ltr' id='par_1_108' title="bbox 467 5336 2023 5407">
     <span class='ocr_line' id='line_1_108' title="bbox 467 5336 2023 5407; baseline 0.004 -18"><span class='ocrx_word' id='word_1_783' title='bbox 467 5336 597 5406; x_wconf 76' lang='lat' dir='ltr'><strong>legit</strong></span> <span class='ocrx_word' id='word_1_784' title='bbox 632 5336 1040 5406; x_wconf 83' lang='lat' dir='ltr'><strong>interrogative,</strong></span> <span class='ocrx_word' id='word_1_785' title='bbox 1072 5336 1261 5407; x_wconf 69' lang='lat' dir='ltr'><strong>nempe</strong></span> <span class='ocrx_word' id='word_1_786' title='bbox 1299 5336 1369 5394; x_wconf 71' lang='grc' dir='ltr'><em>τίζ</em></span> <span class='ocrx_word' id='word_1_787' title='bbox 1405 5336 1524 5395; x_wconf 65' lang='lat' dir='ltr'><strong>Mosi</strong></span> <span class='ocrx_word' id='word_1_788' title='bbox 1569 5336 1662 5403; x_wconf 76' lang='grc' dir='ltr'><em>τὸ,</em></span> <span class='ocrx_word' id='word_1_789' title='bbox 1696 5342 1752 5407; x_wconf 75' lang='grc' dir='ltr'>ἐξ</span> <span class='ocrx_word' id='word_1_790' title='bbox 1795 5336 2023 5406; x_wconf 68' lang='grc' dir='ltr'><em>ἐκείνου,</em></span> 
     </span>
    </p>
   </div>
   <div class='ocr_carea' id='block_1_109' title="bbox 466 5406 2030 5480">
    <p class='ocr_par' dir='ltr' id='par_1_109' title="bbox 466 5406 2030 5480">
     <span class='ocr_line' id='line_1_109' title="bbox 466 5406 2030 5480; baseline 0.003 -21"><span class='ocrx_word' id='word_1_791' title='bbox 466 5406 721 5480; x_wconf 65' lang='lat' dir='ltr'><strong>explicat,</strong></span> <span class='ocrx_word' id='word_1_792' title='bbox 751 5422 815 5459; x_wconf 82' lang='lat' dir='ltr'><strong>ea:</strong></span> <span class='ocrx_word' id='word_1_793' title='bbox 845 5408 937 5480; x_wconf 83' lang='lat' dir='ltr'><strong>ill_o</strong></span> <span class='ocrx_word' id='word_1_794' title='bbox 980 5406 1227 5480; x_wconf 75' lang='lat' dir='ltr'><strong>tempore,</strong></span> <span class='ocrx_word' id='word_1_795' title='bbox 1269 5418 1321 5462; x_wconf 86' lang='lat' dir='ltr'><strong>et</strong></span> <span class='ocrx_word' id='word_1_796' title='bbox 1352 5412 1429 5480; x_wconf 80' lang='grc' dir='ltr'><em>τῷ</em></span> <span class='ocrx_word' id='word_1_797' title='bbox 1458 5406 1810 5464; x_wconf 83' lang='grc' dir='ltr'><em>πιστεύσαντι</em></span> <span class='ocrx_word' id='word_1_798' title='bbox 1859 5422 2030 5464; x_wconf 83' lang='lat' dir='ltr'><strong>mutat</strong></span> 
     </span>
    </p>
   </div>
   <div class='ocr_carea' id='block_1_110' title="bbox 465 5474 2026 5548">
    <p class='ocr_par' dir='ltr' id='par_1_110' title="bbox 465 5474 2026 5548">
     <span class='ocr_line' id='line_1_110' title="bbox 465 5474 2026 5548; baseline 0.004 -20"><span class='ocrx_word' id='word_1_799' title='bbox 465 5476 519 5528; x_wconf 91' lang='lat' dir='ltr'><strong>iu</strong></span> <span class='ocrx_word' id='word_1_800' title='bbox 582 5474 676 5528; x_wconf 79' lang='grc' dir='ltr'><em>τοῦ</em></span> <span class='ocrx_word' id='word_1_801' title='bbox 751 5476 1044 5528; x_wconf 80' lang='grc' dir='ltr'><em>πιστῶσαι.</em></span> <span class='ocrx_word' id='word_1_802' title='bbox 1084 5474 1259 5542; x_wconf 76' lang='lat' dir='ltr'><strong>Quod</strong></span> <span class='ocrx_word' id='word_1_803' title='bbox 1331 5474 1736 5548; x_wconf 76' lang='lat' dir='ltr'><strong>interpretando</strong></span> <span class='ocrx_word' id='word_1_804' title='bbox 1807 5492 2026 5535; x_wconf 89' lang='lat' dir='ltr'><strong>secutus</strong></span> 
     </span>
    </p>
   </div>
   <div class='ocr_carea' id='block_1_111' title="bbox 467 5561 609 5599">
    <p class='ocr_par' dir='ltr' id='par_1_111' title="bbox 467 5561 609 5599">
     <span class='ocr_line' id='line_1_111' title="bbox 467 5561 609 5599; baseline -0.007 0"><span class='ocrx_word' id='word_1_805' title='bbox 467 5561 609 5599; x_wconf 77' lang='grc'><strong>811111.</strong></span> 
     </span>
    </p>
   </div>
   <div class='ocr_carea' id='block_1_112' title="bbox 539 5614 2029 5689">
    <p class='ocr_par' dir='ltr' id='par_1_112' title="bbox 539 5614 2029 5689">
     <span class='ocr_line' id='line_1_112' title="bbox 539 5614 2029 5689; baseline 0.004 -21"><span class='ocrx_word' id='word_1_806' title='bbox 539 5614 649 5687; x_wconf 69' lang='grc'><strong>(45)</strong></span> <span class='ocrx_word' id='word_1_807' title='bbox 689 5615 857 5670; x_wconf 87' lang='lat' dir='ltr'><strong>Codd.</strong></span> <span class='ocrx_word' id='word_1_808' title='bbox 895 5632 1047 5681; x_wconf 82' lang='lat' dir='ltr'><strong>mss.,</strong></span> <span class='ocrx_word' id='word_1_809' title='bbox 1087 5616 1469 5686; x_wconf 86' lang='grc' dir='ltr'><em>ἀγγελμάτων,</em></span> <span class='ocrx_word' id='word_1_810' title='bbox 1504 5628 1560 5674; x_wconf 84' lang='lat' dir='ltr'><strong>et</strong></span> <span class='ocrx_word' id='word_1_811' title='bbox 1592 5618 1748 5689; x_wconf 83' lang='lat' dir='ltr'><strong>paulo</strong></span> <span class='ocrx_word' id='word_1_812' title='bbox 1789 5627 1914 5689; x_wconf 87' lang='lat' dir='ltr'><strong>post.</strong></span> <span class='ocrx_word' id='word_1_813' title='bbox 1938 5620 2029 5689; x_wconf 85' lang='grc' dir='ltr'><em>ἀγ-</em></span> 
     </span>
    </p>
   </div>
   <div class='ocr_carea' id='block_1_113' title="bbox 747 5726 1321 5790">
    <p class='ocr_par' dir='ltr' id='par_1_113' title="bbox 747 5726 1321 5790">
     <span class='ocr_line' id='line_1_113' title="bbox 747 5726 1321 5790; baseline 0.009 -5"><span class='ocrx_word' id='word_1_814' title='bbox 747 5726 1015 5787; x_wconf 75' lang='grc' dir='ltr'><em>ΡΑτιιοι..</em></span> <span class='ocrx_word' id='word_1_815' title='bbox 1053 5730 1169 5790; x_wconf 80' lang='lat' dir='ltr'><strong>Gn.</strong></span> <span class='ocrx_word' id='word_1_816' title='bbox 1210 5728 1321 5790; x_wconf 84' lang='lat' dir='ltr'><strong>XI.</strong></span> 
     </span>
    </p>
   </div>
   <div class='ocr_carea' id='block_1_114' title="bbox 2132 5064 3700 5136">
    <p class='ocr_par' dir='ltr' id='par_1_114' title="bbox 2132 5064 3700 5136">
     <span class='ocr_line' id='line_1_114' title="bbox 2132 5064 3700 5136; baseline 0 -17"><span class='ocrx_word' id='word_1_817' title='bbox 2132 5064 3113 5136; x_wconf 13' lang='grc' dir='ltr'><em>γέλματα.Ι1οεδριιυ111ιε.ἀγγελμάτων</em></span> <span class='ocrx_word' id='word_1_818' title='bbox 3136 5074 3186 5117; x_wconf 91' lang='lat' dir='ltr'><strong>et</strong></span> <span class='ocrx_word' id='word_1_819' title='bbox 3210 5065 3511 5133; x_wconf 82' lang='grc' dir='ltr'><em>ἀγέλματα,</em></span> <span class='ocrx_word' id='word_1_820' title='bbox 3539 5067 3700 5135; x_wconf 82' lang='lat' dir='ltr'><strong>Spen-</strong></span> 
     </span>
    </p>
   </div>
   <div class='ocr_carea' id='block_1_115' title="bbox 2132 5134 3080 5203">
    <p class='ocr_par' dir='ltr' id='par_1_115' title="bbox 2132 5134 3080 5203">
     <span class='ocr_line' id='line_1_115' title="bbox 2132 5134 3080 5203; baseline -0.005 -13"><span class='ocrx_word' id='word_1_821' title='bbox 2132 5134 2310 5196; x_wconf 71' lang='lat' dir='ltr'><strong>cerus,</strong></span> <span class='ocrx_word' id='word_1_822' title='bbox 2335 5134 2660 5203; x_wconf 85' lang='grc' dir='ltr'><em>ἀγαλμάτων</em></span> <span class='ocrx_word' id='word_1_823' title='bbox 2686 5134 3080 5203; x_wconf 22' lang='grc' dir='ltr'><em>θιγὰγὰλματα.</em></span> 
     </span>
    </p>
   </div>
   <div class='ocr_carea' id='block_1_116' title="bbox 2132 5202 3697 5328">
    <p class='ocr_par' dir='ltr' id='par_1_116' title="bbox 2132 5202 3697 5328">
     <span class='ocr_line' id='line_1_116' title="bbox 2203 5202 3697 5328; baseline -0.004 -70"><span class='ocrx_word' id='word_1_824' title='bbox 2203 5205 2335 5328; x_wconf 59' lang='grc' dir='ltr'><em>μι)</em></span> <span class='ocrx_word' id='word_1_825' title='bbox 2376 5202 2683 5270; x_wconf 84' lang='grc' dir='ltr'><em>Περιιδεῖν.</em></span> <span class='ocrx_word' id='word_1_826' title='bbox 2751 5202 3056 5271; x_wconf 74' lang='lat' dir='ltr'><strong>Legendum</strong></span> <span class='ocrx_word' id='word_1_827' title='bbox 3107 5202 3320 5255; x_wconf 85' lang='lat' dir='ltr'><strong>videtur</strong></span> <span class='ocrx_word' id='word_1_828' title='bbox 3357 5202 3488 5256; x_wconf 83' lang='lat' dir='ltr'><strong>mihi</strong></span> <span class='ocrx_word' id='word_1_829' title='bbox 3538 5211 3697 5272; x_wconf 75' lang='lat' dir='ltr'><strong>atque</strong></span> 
     </span>
     <span class='ocr_line' id='line_1_117' title="bbox 2132 5272 2718 5328; baseline -0.005 0"><span class='ocrx_word' id='word_1_830' title='bbox 2132 5276 2205 5328; x_wconf 87' lang='lat' dir='ltr'><strong>Bo</strong></span> <span class='ocrx_word' id='word_1_831' title='bbox 2227 5274 2432 5328; x_wconf 74' lang='lat' dir='ltr'><strong>terello.</strong></span> <span class='ocrx_word' id='word_1_832' title='bbox 2462 5272 2718 5328; x_wconf 81' lang='grc' dir='ltr'><em>περιεῖδε.</em></span> 
     </span>
    </p>
   </div>
   <div class='ocr_carea' id='block_1_117' title="bbox 2227 5289 2718 5327">
    <p class='ocr_par' dir='ltr' id='par_1_117' title="bbox 2227 5289 2718 5327">
     <span class='ocr_line' id='line_1_118' title="bbox 2227 5289 2718 5327; baseline -0.004 0"><span class='ocrx_word' id='word_1_833' title='bbox 2227 5289 2432 5327; x_wconf 63' lang='lat' dir='ltr'><strong>sereno.</strong></span> <span class='ocrx_word' id='word_1_834' title='bbox 2462 5290 2615 5327; x_wconf 84' lang='grc' dir='ltr'><em>πεοιε</em></span> <span class='ocrx_word' id='word_1_835' title='bbox 2625 5289 2718 5325; x_wconf 84' lang='grc' dir='ltr'><em>ιοε.</em></span> 
     </span>
    </p>
   </div>
   <div class='ocr_carea' id='block_1_118' title="bbox 2174 5290 3697 5411">
    <p class='ocr_par' dir='ltr' id='par_1_118' title="bbox 2174 5290 3697 5411">
     <span class='ocr_line' id='line_1_119' title="bbox 2174 5290 2718 5342; baseline -0.007 -13"><span class='ocrx_word' id='word_1_836' title='bbox 2174 5290 2432 5339; x_wconf 88' lang='lat' dir='ltr'><strong>onereuo,</strong></span> <span class='ocrx_word' id='word_1_837' title='bbox 2462 5290 2718 5342; x_wconf 83' lang='grc' dir='ltr'><em>περιειοε.</em></span> 
     </span>
     <span class='ocr_line' id='line_1_120' title="bbox 2203 5336 3697 5411; baseline -0.005 -14"><span class='ocrx_word' id='word_1_838' title='bbox 2203 5343 2318 5411; x_wconf 74' lang='grc'><strong>(45)</strong></span> <span class='ocrx_word' id='word_1_839' title='bbox 2357 5344 2463 5396; x_wconf 78' lang='grc' dir='ltr'><strong>Καὶ</strong></span> <span class='ocrx_word' id='word_1_840' title='bbox 2501 5342 2668 5407; x_wconf 82' lang='grc' dir='ltr'><em>εἴπερ</em></span> <span class='ocrx_word' id='word_1_841' title='bbox 2694 5339 2780 5411; x_wconf 4' lang='grc' dir='ltr'><em>,τὸ</em></span> <span class='ocrx_word' id='word_1_842' title='bbox 2811 5337 3130 5411; x_wconf 76' lang='grc' dir='ltr'><em>λοιδορεῖν.</em></span> <span class='ocrx_word' id='word_1_843' title='bbox 3160 5336 3697 5411; x_wconf 62' lang='lat' dir='ltr'><strong>pollerelluslegeu-</strong></span> 
     </span>
    </p>
   </div>
   <div class='ocr_carea' id='block_1_119' title="bbox 2132 5405 3702 5478">
    <p class='ocr_par' dir='ltr' id='par_1_119' title="bbox 2132 5405 3702 5478">
     <span class='ocr_line' id='line_1_121' title="bbox 2132 5405 3702 5478; baseline -0.003 -12"><span class='ocrx_word' id='word_1_844' title='bbox 2132 5405 2255 5467; x_wconf 80' lang='grc'><strong>(111111</strong></span> <span class='ocrx_word' id='word_1_845' title='bbox 2298 5405 2473 5478; x_wconf 77' lang='lat' dir='ltr'><strong>putat,</strong></span> <span class='ocrx_word' id='word_1_846' title='bbox 2517 5405 2804 5477; x_wconf 71' lang='grc' dir='ltr'><em>καὶέἵπερ</em></span> <span class='ocrx_word' id='word_1_847' title='bbox 2833 5407 3025 5478; x_wconf 14' lang='grc' dir='ltr'><em>ὃτεντὸ</em></span> <span class='ocrx_word' id='word_1_848' title='bbox 3076 5405 3348 5475; x_wconf 84' lang='grc' dir='ltr'><em>λοιδορεῖν.</em></span> <span class='ocrx_word' id='word_1_849' title='bbox 3381 5406 3544 5478; x_wconf 75' lang='lat' dir='ltr'><strong>I’aulo</strong></span> <span class='ocrx_word' id='word_1_850' title='bbox 3582 5422 3702 5478; x_wconf 77' lang='lat' dir='ltr'><strong>post</strong></span> 
     </span>
    </p>
   </div>
   <div class='ocr_carea' id='block_1_120' title="bbox 2136 5475 3701 5548">
    <p class='ocr_par' dir='ltr' id='par_1_120' title="bbox 2136 5475 3701 5548">
     <span class='ocr_line' id='line_1_122' title="bbox 2136 5475 3701 5548; baseline -0.003 -13"><span class='ocrx_word' id='word_1_851' title='bbox 2136 5475 2521 5544; x_wconf 58' lang='grc' dir='ltr'><em>ηιεεηαοῦτον</em></span> <span class='ocrx_word' id='word_1_852' title='bbox 2563 5475 2862 5548; x_wconf 71' lang='grc' dir='ltr'><em>ἐπιτρέπει.</em></span> <span class='ocrx_word' id='word_1_853' title='bbox 2896 5477 3044 5548; x_wconf 82' lang='lat' dir='ltr'><strong>L_ihh.</strong></span> <span class='ocrx_word' id='word_1_854' title='bbox 3100 5486 3274 5548; x_wconf 84' lang='lat' dir='ltr'><strong>autea_</strong></span> <span class='ocrx_word' id='word_1_855' title='bbox 3310 5475 3460 5548; x_wconf 60' lang='lat' dir='ltr'><strong>editi,</strong></span> <span class='ocrx_word' id='word_1_856' title='bbox 3510 5476 3701 5531; x_wconf 85' lang='grc' dir='ltr'><em>τοῦτον</em></span> 
     </span>
    </p>
   </div>
   <div class='ocr_carea' id='block_1_121' title="bbox 2134 5543 3519 5622">
    <p class='ocr_par' dir='ltr' id='par_1_121' title="bbox 2134 5543 3519 5622">
     <span class='ocr_line' id='line_1_123' title="bbox 2134 5543 3519 5622; baseline -0.005 -17"><span class='ocrx_word' id='word_1_857' title='bbox 2134 5543 2473 5622; x_wconf 80' lang='grc' dir='ltr'><em>ἐπιτρέπειν.</em></span> <span class='ocrx_word' id='word_1_858' title='bbox 2512 5543 2823 5603; x_wconf 79' lang='lat' dir='ltr'><strong>Bohcrellus</strong></span> <span class='ocrx_word' id='word_1_859' title='bbox 2851 5543 3036 5596; x_wconf 74' lang='grc' dir='ltr'><em>τοῦτον</em></span> <span class='ocrx_word' id='word_1_860' title='bbox 3064 5551 3233 5597; x_wconf 87' lang='lat' dir='ltr'><strong>mutat</strong></span> <span class='ocrx_word' id='word_1_861' title='bbox 3265 5544 3316 5597; x_wconf 91' lang='lat' dir='ltr'><strong>in</strong></span> <span class='ocrx_word' id='word_1_862' title='bbox 3345 5543 3519 5598; x_wconf 83' lang='grc' dir='ltr'><em>τοῦτο.</em></span> 
     </span>
    </p>
   </div>
   <div class='ocr_carea' id='block_1_122' title="bbox 3285 5714 3364 5775">
    <p class='ocr_par' dir='ltr' id='par_1_122' title="bbox 3285 5714 3364 5775">
     <span class='ocr_line' id='line_1_124' title="bbox 3285 5714 3364 5775; baseline 0.025 -2"><span class='ocrx_word' id='word_1_863' title='bbox 3285 5714 3364 5775; x_wconf 83' lang='grc'><strong>50</strong></span> 
     </span>
    </p>
   </div>
  </div>
