3972 6160
467 280 607 337 1579

1924 272 2081 328 οιιιο
2093 272 2240 327 ΕΝΙΞ

3577 274 3697 330 1580

463 403 716 457 Aitenim
749 418 761 453 :
789 400 891 464 Qui
933 400 975 451 si
1028 397 1236 452 Baccho
1277 397 1374 466 ipsi
1417 407 1503 450 aut
1538 395 1755 450 Herculi
1784 380 2031 464 prwseuli

2137 393 2324 446 αὐτόν
2353 407 2418 460 γε
2449 390 2557 461 (46)
2589 391 2694 444 τὸν
2739 391 3036 443 Διόνυσον
3068 389 3105 458 ἢ
3136 389 3241 444 τὸν
3292 389 3576 460 Ἠρακλέα
3601 412 3692 450 παι

465 494 786 548 canviciatus
813 509 967 557 esses,
999 490 1221 556 fortasse
1249 506 1350 542 non
1383 491 1531 542 (tctus
1563 489 1905 542 discessisses.
1936 489 2035 554 Qui

467 582 703 639 voluerit
727 581 957 648 explicet
993 581 1267 648 quomodo
1295 580 1494 633 absens
1525 581 1804 650 quidpiam
1847 582 2038 634 audire

467 678 672 746 possit;
703 690 799 730 cur
825 674 961 727 absit
987 674 1298 741 aliquando,
1331 672 1621 739 aliquando
1647 676 1808 741 adsit,
1834 684 1886 729 et
1909 675 2036 744 quid

467 767 666 837 negotii
704 773 893 832 urgeat.
924 765 1196 817 diemones
1240 773 1296 817 ut
1340 781 1369 819 e
1413 766 1528 819 loco
1561 766 1611 818 in
1648 766 1822 820 locum
1857 777 2036 822 trans-

430 875 440 883 '
469 861 725 929 migrent.
760 858 888 911 Post
914 858 1026 911 haec
1070 858 1392 912 existimans
1436 864 1635 927 co'rpus
1665 857 1790 914 Jesu
1825 860 2036 912 disteu-«

465 960 582 1006 tum
632 949 1043 1014 et'cruciatum,
1098 967 1204 1006 non
1253 960 1432 1003 autem
1478 950 1593 1017 ejus
1632 951 1970 1005 divinitatem
2005 968 2034 1006 a

465 1043 619 1098 nobis
647 1045 810 1098 Deum
839 1045 966 1110 dici,
993 1045 1086 1098 sed
1109 1057 1208 1112 pro
1232 1043 1338 1096 Deo
1361 1043 1602 1096 habitum
1633 1042 1800 1096 fuisse
1820 1043 2038 1110 quando

465 1137 876 1194 distendebatur
905 1146 960 1190 el
993 1135 1368 1198 cruciabatur,
1398 1135 1474 1187 ait
1509 1151 1521 1186 :
1551 1131 1657 1186 Sed
1684 1133 1772 1200 qui
1800 1148 2034 1199 prcus-en-

464 1239 565 1281 tem
599 1236 747 1280 tuum
778 1226 944 1279 Deum
974 1226 1337 1279 distenderant
1363 1224 1736 1291 suppliciisque
1767 1223 2034 1275 cruciave-

466 1329 610 1384 runt,
661 1319 724 1372 ob
773 1318 1030 1386 ejusmodi
1079 1319 1288 1385 fucinus
1341 1316 1471 1372 nihil
1519 1316 1650 1369 mali
1694 1317 1835 1384 passi
1889 1328 2033 1369 sunt.

466 1411 602 1465 Cum
631 1426 763 1465 vero
791 1411 942 1480 plura
973 1411 1083 1479 jam
1119 1410 1184 1462 de
1215 1409 1280 1463 iis
1307 1423 1425 1476 qua:
1447 1405 1604 1462 Jesus
1634 1415 1692 1460 ut
1723 1408 1884 1462 homo
1909 1419 2038 1472 pas-

465 1522 557 1560 sus
586 1513 669 1558 est
695 1503 1139 1566 disseruerimus,
1173 1503 1272 1555 hac
1300 1503 1365 1556 de
1407 1515 1462 1554 re
1492 1514 1633 1553 nunc
1669 1495 1849 1552 tacere
1887 1497 2034 1563 libet,

467 1609 534 1647 ne
561 1596 746 1647 eadem
796 1591 992 1660 saepius
1042 1591 1238 1644 iterare
1271 1591 1578 1644 videamur.
1607 1587 1873 1652 Quoniam
1911 1601 2038 1640 vero

466 1684 564 1746 ait,
600 1699 761 1750 neque
784 1681 937 1749 longo
961 1691 1072 1749 post
1100 1690 1327 1750 tempore
1371 1681 1654 1749 quidquam
1682 1678 1808 1731 mali
1854 1694 2036 1744 passos

2132 483 2324 549 ρόντα
2349 483 2401 532 εὶ
2422 479 2838 548 ἐλοιδόρησας,
2875 480 2986 531 οὐκ
3011 477 3088 531 ἂν
3111 480 3255 545 ἴσως
3282 480 3501 547 χαίρων
3525 482 3697 549 dum.

2139 572 2351 637 λαξας.
2383 571 2508 634 Πῶς
2533 570 2589 623 δὲ
2618 571 2710 623 καὶ
2737 570 2923 623 ἀκούοι
2946 588 2998 623 τι
3018 571 3078 622 οὐ
3105 571 3291 642 παρὼν
3324 573 3453 642 (47),
3481 575 3509 626 ὁ
3533 574 3697 644 βουλό.

2142 677 2302 730 μενος
2333 661 2774 732 παραστησάτωσ
2809 663 2904 714 καὶ
2939 662 3028 714 διὰ
3065 662 3118 714 τί
3161 663 3290 716 ποτέ
3327 665 3424 734 μὲν
3465 667 3694 737 πάρεστι,

2141 753 2270 805 ποτέ
2299 752 2354 805 δέ
2383 753 2441 805 οὐ
2474 753 2704 824 πάρεστι
2728 769 2742 783 ·
2782 753 2875 806 καὶ
2902 753 2984 816 τίς
3014 757 3046 825 ἡ
3085 757 3436 826 πραγματεία
3463 761 3569 822 τοῖς
3593 761 3694 813 δαί-

2143 860 2266 912 μοσι
2295 843 2393 912 τῆς
2421 843 2872 912 μεταναστάσεως
2900 845 3008 898 ἀπὸ
3035 846 3200 899 τόπου
3227 849 3309 910 εἰς
3343 848 3524 901 τόπον.
3561 851 3695 923 Ἑξῆς

2138 933 2194 987 δὲ
2220 935 2430 998 τούτοις
2468 935 2636 1002 λέγει,
2668 937 2913 1007 οἰόμενος
2940 938 3003 990 τὸ
3031 940 3478 1010 κατατεινόμενον
3511 945 3598 996 καὶ
3621 964 3696 998 κο-

2140 1025 2431 1096 λαζόμενον
2488 1027 2648 1096 σῶμα
2699 1028 2794 1080 τοῦ
2854 1028 3050 1100 Ἰησοῦ,
3093 1030 3187 1082 καὶ
3229 1032 3290 1083 οὺ
3325 1031 3422 1102 τὴν
3473 1036 3528 1087 ἐν
3567 1037 3694 1108 αὐτῷ

2139 1116 2366 1187 θεότητα
2397 1117 2528 1189 (48),
2563 1118 2694 1171 Θεὸν
2724 1121 2876 1190 ἡμᾶς
2901 1120 3101 1188 λέγειν,
3137 1123 3230 1175 καὶ
3264 1123 3353 1176 ὅτε
3383 1127 3693 1181 κατετείνετο

2140 1209 2233 1262 καὶ
2285 1210 2590 1275 ἐκολάζετο,
2649 1210 2780 1265 Θεὸν
2813 1212 3146 1282 νενομίσθαι,
3183 1215 3288 1277 ὃτι,
3329 1215 3440 1268 Τὸν
3481 1217 3545 1269 δὲ
3595 1220 3692 1271 σὺν

2142 1301 2289 1353 Θεὸν·
2348 1302 2616 1368 παρόντα
2674 1304 3126 1369 κατατείνοντες
3183 1305 3282 1358 καὶ
3349 1305 3690 1375 κολάζοντες,

2138 1391 2321 1445 οὐδὲν
2343 1395 2397 1446 οἱ
2439 1392 2627 1447 ταῦτα
2651 1393 2984 1462 δράσαντες
3016 1397 3371 1450 πεπόνθασι.
3409 1399 3617 1452 Πλείονα
3644 1401 3689 1452 δὲ

2141 1483 2268 1551 περὶ
2307 1476 2382 1536 ὧν
2414 1484 2680 1538 πέπονθεν
2717 1486 3073 1557 ἀνθρωπίνων
3104 1491 3162 1542 ὲν
3208 1493 3322 1554 τοῖς
3355 1491 3596 1562 ἀνωτέρω
3623 1495 3688 1544 εἰ·

2139 1573 2350 1637 πάντες,
2400 1574 2493 1627 νῦν
2537 1576 2752 1640 ἑκόντες
2789 1579 3234 1650 παραπέμπομεν
3275 1582 3367 1636 τὸν
3407 1582 3572 1651 λόγον,
3620 1584 3687 1635 ἵνα

2144 1662 2216 1733 μὴ
2249 1664 2494 1734 δοκῶμεν
2527 1665 2885 1736 παλιλλογεῖν.
2932 1672 3083 1724 Ἐπεὶ
3116 1672 3173 1724 δέ
3210 1689 3366 1744 φησι,
3395 1675 3541 1742 μηδὲ
3568 1676 3687 1737 μετὰ

465 1789 573 1825 esse
609 1773 696 1841 qui
737 1768 920 1824 Iesum
954 1749 1210 1837 supplicio
1241 1770 1546 1837 affecerunt,
1580 1767 1651 1819 illi
1694 1775 1748 1819 et
1789 1765 2031 1820 omnibus

2141 1756 2325 1810 ταῦτα
2348 1757 2416 1809 ἐν
2439 1759 2704 1822 τοσούτῳ
2722 1759 2841 1826 βίῳ
2862 1761 3220 1814 πεπονθέναι
3245 1780 3298 1815 τι
3322 1765 3578 1830 τούτους,
3601 1765 3686 1819 τὸν

467 1861 710 1917 discendi
742 1861 950 1930 enpidis
991 1861 1339 1914 ostendemus
1376 1859 1565 1912 urbem
1608 1858 1778 1927 illam,
1817 1857 1903 1910 ubi
1939 1855 2034 1910 Ju-

466 1953 705 2006 dazorum
739 1951 968 2019 populus
1001 1948 1183 2002 Jesum
1229 1948 1376 2001 cruci
1433 1945 1572 2016 aﬂigi
1620 1945 1913 2013 postulavit
1956 1945 2037 1999 his

466 2042 795 2096 clamoribus
827 2055 840 2093 :
871 2039 1151 2108 Cruciﬁge,
1180 2038 1425 2105 cruciﬁge
1454 2037 1651 2100 eum”,
1690 2047 1744 2090 et
1772 2036 2035 2090 latronem

464 2133 745 2188 seditionis
772 2139 825 2184 et
848 2129 1010 2183 caedis
1038 2144 1187 2183 reum
1220 2135 1617 2196 prOptcreaque
1647 2126 1950 2194 conjectum
1983 2128 2034 2180 in

463 2237 737 2278 carcerem
770 2219 968 2275 dimitti
1003 2218 1343 2286 praeoptarit,
1375 2216 1557 2272 Jesum
1601 2231 1730 2270 vero
1773 2231 1869 2286 per
1899 2217 2036 2270 invi-

463 2314 607 2365 diam
639 2310 895 2364 traditum
928 2305 1089 2376 773
1123 2303 1393 2374 cruciﬂgi,
1430 2319 1535 2357 non
1578 2303 1668 2356 diu
1719 2311 1841 2372 post
1884 2301 2034 2355 obsi-

465 2401 626 2455 dione
659 2399 916 2461 cinctam,
948 2405 1003 2450 et
1046 2395 1214 2449 multo
1250 2403 1491 2462 tempore
1539 2400 1901 2460 expugnatam
1961 2389 2033 2443 ita

465 2489 654 2554 fuisse,
689 2498 747 2541 nt
775 2501 804 2539 a
853 2482 1224 2538 fundamentis
1254 2495 1443 2534 eversa
1495 2487 1549 2532 et
1594 2479 1804 2531 deserta
1853 2474 2028 2528 fuerit.

465 2580 603 2634 Nam
645 2578 786 2633 Deus
812 2575 969 2644 hujus
1001 2574 1103 2630 loci
1134 2571 1626 2640 incolasjudieavit
1650 2568 1918 2637 indignos,
1941 2566 2030 2634 qui

463 2671 549 2726 vel
578 2681 917 2724 communem
947 2666 1114 2719 vitam
1145 2663 1390 2717 viverent
1416 2679 1430 2716 :
1456 2675 1789 2730 quanquam,
1816 2668 1876 2712 ut
1905 2657 2031 2726 quid

467 2757 786 2816 incredibile
820 2757 1020 2819 dicam,
1054 2754 1160 2809 illis
1203 2753 1468 2823 pepercit,
1501 2767 1624 2807 cum
1655 2750 1891 2805 inimicis
1925 2758 2035 2802 tra-

466 2853 632 2917 didit;
666 2851 864 2920 quippe
892 2863 1027 2916 quos
1059 2847 1264 2900 videret
1302 2845 1444 2898 nulla
1487 2860 1544 2900 re
1591 2844 1830 2899 revocari
1877 2856 2034 2911 posse

465 2947 529 2997 ad
566 2944 836 2998 saniorem
867 2941 1054 3003 vitam,
1087 2949 1144 2993 et
1173 2940 1224 2992 in
1273 2940 1388 2993 dies
1429 2937 1600 3007 magis
1631 2950 1694 2990 ac
1739 2937 1909 3004 magis
1940 2950 2023 2988 ne-

465 3036 630 3103 quitia
664 3046 931 3089 crescere.
979 3033 1155 3098 Atque
1187 3031 1376 3083 horum
1412 3028 1676 3081 malorum
1718 3026 1825 3080 illis
1871 3040 2028 3079 causa

466 3125 567 3179 fuit
591 3125 811 3193 sanguis
840 3121 967 3176 Jesu
999 3136 1094 3189 per
1130 3135 1316 3174 eorum
1348 3119 1577 3174 insidias
1608 3116 1809 3170 eﬂ‘nsus
1843 3116 1893 3168 in
1923 3124 2027 3168 ter-

471 3231 611 3281 ram,
640 3231 757 3285 quae
785 3230 890 3269 non
936 3213 1113 3285 potuit
1146 3212 1380 3282 amplius
1425 3225 1548 3266 reos
1598 3210 1731 3264 tanti
1777 3207 2034 3263 facinoris

467 3308 758 3362 sustinere.

533 3584 626 3639 45.
669 3582 871 3638 Novum
911 3581 1094 3651 igitur,
1130 3594 1196 3633 ex
1227 3594 1334 3649 quo
1364 3578 1523 3634 Jesus
1558 3593 1750 3648 passus
1803 3585 1923 3641 est,
1976 3587 2031 3631 et

464 3677 594 3733 illud
629 3675 862 3738 accidit;
899 3674 1030 3728 illud
1074 3673 1220 3737 dico,
1257 3671 1400 3740 quod
1447 3684 1576 3739 erga
1627 3669 1813 3722 urbem
1837 3706 1853 3730 ,
1887 3669 2032 3737 quod

462 3785 590 3839 erga
621 3778 786 3824 totam
820 3775 1056 3836 gentem,
1087 3763 1235 3834 quod
1278 3776 1407 3833 erga
1441 3761 1812 3816 Christianum
1865 3773 2033 3828 popu-

463 3859 571 3912 lum
608 3857 824 3920 accidit,
856 3857 944 3924 qui
981 3865 1202 3924 repente
1238 3863 1290 3907 et
1313 3854 1463 3922 quasi
1489 3851 1649 3907 simul
1683 3860 1835 3905 ortus
1868 3848 2033 3902 fuisse

461 3949 702 4002 videtur.
735 3947 942 4001 Novum
982 3956 1035 3999 et
1069 3946 1218 4009 illud,
1239 3948 1329 4014 qui
1361 3959 1390 3997 a
1421 3944 1514 3997 Dei
1548 3941 1843 3996 foederibus
1871 3941 2030 3996 alieni

461 4050 637 4104 erant,
672 4039 762 4107 qui
803 4038 1005 4092 nullam
1039 4040 1091 4091 in
1132 4035 1587 4106 promissionibus
1619 4041 1830 4101 partem
1869 4029 2032 4083 babe-

462 4132 612 4197 bant,
635 4130 726 4200 qui
756 4128 942 4208 procul
974 4145 1003 4182 a
1036 4127 1261 4182 veritate
1293 4137 1468 4190 erant,
1500 4140 1593 4180 eos
1623 4134 1802 4177 tamen
1847 4122 2028 4176 divina

459 4224 690 4294 quadam
722 4224 920 4278 virtute
974 4220 1229 4287 amplecti
1283 4218 1591 4272 veritatem.
1626 4215 1739 4270 Hoc
1783 4213 2029 4284 profecto

461 4331 564 4368 non
594 4313 902 4382 impostoris
927 4313 1178 4373 hominis,
1203 4311 1294 4364 sed
1328 4309 1418 4363 Dei
1458 4317 1542 4363 est
1565 4321 1718 4377 opus,
1745 4305 1837 4375 qui
1871 4319 2026 4358 suum

2153 1848 2394 1915 Ἰησοῦν
2418 1847 2831 1915 κολάσαντας·
2861 1851 3105 1922 δείξομεν
3135 1852 3285 1922 αὐτῷ
3318 1853 3412 1907 καὶ
3445 1856 3566 1907 πᾶσι
3594 1857 3683 1917 τοῖς

2142 1937 2485 2009 βουλομένοις
2537 1939 2749 2010 μαθεῖν,
2785 1941 2864 1994 ὅτι
2899 1943 2930 2011 ἡ
2977 1943 3150 2007 πόλις,
3203 1944 3262 1995 ἐν
3364 1947 3391 1997 ὁ
3428 1945 3529 1997 τῶν
3576 1947 3682 1998 Ἰον-

2137 2029 2301 2082 δαίων
2327 2029 2468 2093 λεὼς
2495 2029 2693 2099 ἠξίωσε
2723 2031 2816 2084 τὸν
2861 2031 3064 2104 Ἰησοῦν
3096 2035 3495 2106 σταυρωθῆναι,
3520 2037 3681 2105 λέγων,

2139 2119 2426 2186 Σταύρου,
2463 2119 2730 2186 σταύρου
2756 2121 2976 2184 αὑτὸν,
3008 2123 3102 2176 καὶ
3135 2126 3564 2196 προὺτιμήσαντο
3592 2126 3682 2196 (49)

2135 2213 2227 2263 τὸν
2255 2211 2457 2282 λῃστὴν
2494 2213 2582 2266 διά
2617 2213 2806 2266 στάσιν
2850 2214 2944 2267 καὶ
2979 2216 3137 2283 φόνον
3188 2217 3453 2288 βληθέντα
3483 2221 3556 2282 είς
3599 2236 3680 2287 φυ-

2137 2300 2306 2371 λακὴν
2348 2303 2681 2373 ἀπολυθῆναι
2714 2303 2922 2368 τοῦτον,
2967 2306 3059 2359 τὸν
3086 2308 3142 2360 δὲ
3197 2310 3426 2379 Ἰησοῦν,
3457 2310 3538 2364 διὰ
3573 2310 3678 2379 φθό-

2138 2409 2227 2445 νον
2275 2394 2684 2463 παραδοθέντα,
2722 2397 3099 2467 σταυρωθῆναι
3142 2397 3280 2470 (50),
3331 2404 3443 2471 μετ’
3473 2402 3529 2454 οὐ
3571 2402 3677 2455 πολὺ

2136 2483 2529 2556 ἐξεπολεμήθη,
2579 2487 2671 2538 καὶ
2715 2487 2806 2538 ἐπὶ
2849 2487 3100 2544 τοσοῦτον
3146 2490 3506 2564 ἐπολιορκήθη
3535 2492 3678 2563 χρόνῳ

2136 2575 2360 2642 πλείονι,
2394 2577 2520 2629 ὥστ’
2556 2580 2620 2631 ἐκ
2654 2576 2868 2648 βάθρων
2907 2581 3077 2650 αὐτὴν
3111 2581 3412 2635 ἀνάστατον
3443 2582 3674 2652 γενέσθαι,

2135 2670 2230 2722 καὶ
2263 2670 2640 2742 ἐρημωθῆναι,
2675 2671 2926 2736 ἀναξίους
2959 2672 3241 2744 κρίνοντος
3272 2677 3396 2737 τοὺς
3422 2675 3508 2728 τὸν
3543 2674 3676 2726 τόπον

2135 2761 2340 2813 ἐκεῖνον
2382 2761 2662 2825 οἰκοῦντας
2707 2761 2801 2814 τοῦ
2845 2761 2978 2814 Θεοῦ
3025 2763 3126 2833 τῆς
3173 2765 3498 2836 κοινωτέρας
3538 2762 3672 2833 ζωῆς.

2134 2851 2244 2902 Καὶ
2277 2850 2589 2920 φειδόμενος
2623 2869 2686 2920 γε
2726 2853 2926 2917 αὐτῶν,
2961 2855 3048 2906 ἵνα
3083 2856 3400 2926 παραδόξως
3433 2854 3574 2914 εἴπω,
3600 2854 3674 2907 καὶ

2133 2941 2273 3011 ὀρῶν
2304 2942 2537 3006 ἀνιάτως
2578 2943 2798 3014 ἔχοντας
2831 2945 2966 3017 πρὸς
2997 2946 3093 3017 τὴν
3122 2947 3220 3000 ἐπὶ
3253 2948 3313 3000 τὸ
3344 2951 3567 3018 κρεῖττον
3593 2963 3671 3017 με·

2135 3032 2385 3104 ταϐολὴν,
2429 3035 2522 3087 καὶ
2565 3036 2832 3107 ὁσημέραι
2879 3035 3136 3101 αὔξοντας
3181 3041 3242 3091 ἐν
3287 3043 3351 3110 τῇ
3383 3038 3476 3110 τῆς
3511 3039 3672 3099 κακίας

2141 3123 2313 3194 χύσει,
2344 3127 2659 3196 παρέδωκεν
2691 3129 2886 3191 αὐτοὺς
2915 3134 3026 3192 τοῖς
3064 3130 3193 3182 πολε
3205 3131 3382 3201 μοῦσι.
3413 3131 3512 3184 Καὶ
3533 3129 3670 3182 ταῦτα

2138 3215 2327 3284 γέγονε
2379 3216 2467 3270 διά
2523 3219 2583 3270 τὸ
2629 3219 2855 3288 ἐκχυθὲν
2896 3214 3032 3290 αἷμα
3065 3220 3160 3273 τοῦ
3216 3221 3387 3291 Ἰησοῦ
3432 3220 3557 3274 κατά
3593 3218 3670 3288 τὴν

2136 3305 2426 3379 ἐπιϐουλὴν
2460 3309 2639 3362 αὐτῶν
2683 3312 2775 3364 ἐπὶ
2814 3313 2912 3382 τὴν
2953 3311 3055 3381 γῆν
3101 3312 3284 3366 αὐτῶν
3319 3313 3501 3384 μηκέτι
3540 3311 3668 3363 δυνα-

2139 3399 2304 3470 μένην
2334 3404 2531 3472 χωρεῖν
2555 3403 2681 3466 τοὺς
2706 3403 2767 3454 τὸ
2798 3399 3114 3472 τηλικοῦτον
3145 3403 3282 3472 ἄγος
3310 3403 3442 3457 κατά
3473 3403 3555 3455 τοῦ
3595 3402 3668 3469 Ἰη-

2137 3490 2230 3542 σοῦ
2260 3492 2656 3562 τολμήσαντας.

2206 3583 2408 3636 Καινὸν
2442 3580 2534 3636 οὖν
2573 3583 2815 3652 γέγονεν,
2858 3583 2915 3649 ἐξ
2952 3577 3013 3636 οὗ
3042 3584 3282 3639 πέπονθε
3311 3585 3492 3655 χρόνου
3525 3584 3549 3635 ὁ
3583 3583 3665 3650 Ἰη-

2137 3676 2280 3740 σοῦς,
2311 3677 2530 3728 κάκεῖνο
2553 3693 2566 3704 ο
2599 3675 2741 3744 λέγω
2779 3675 2836 3728 δέ
2867 3675 2927 3728 τὸ
2959 3675 3097 3728 κατά
3124 3676 3229 3746 τὴν
3259 3674 3426 3740 πόλιν,
3459 3675 3540 3728 καὶ
3578 3671 3664 3724 πᾶν

2133 3771 2193 3822 τὸ
2224 3769 2362 3823 κατά
2392 3769 2452 3820 τὸ
2493 3768 2664 3832 ἔθνος,
2701 3769 2792 3821 καὶ
2825 3767 2884 3822 τὸ
2929 3767 3070 3822 κατὰ
3110 3768 3214 3840 τὴν
3259 3768 3454 3840 ἀθρόαν
3490 3765 3663 3834 γένεσιν

2133 3861 2318 3924 ἔθνους
2348 3860 2686 3932 Χριστιανῶν
2717 3861 2957 3931 ὡσπερεὶ
2983 3859 3266 3930 τεχθέντος
3297 3842 3543 3919 εἰσάπαξο
3565 3872 3661 3908 και-

2133 3951 2219 4004 νὸν
2263 3950 2320 4002 δὲ
2360 3950 2453 4002 καὶ
2496 3949 2558 4001 τὸ
2583 3950 2708 4012 τοὺς
2743 3948 2923 4013 ξένους
2956 3947 3063 4000 τῶν
3103 3946 3378 4018 διαθηκῶν
3413 3943 3497 3997 τοῦ
3534 3938 3660 3999 Θεοῦ,

2133 4041 2226 4094 καὶ
2266 4040 2579 4112 ἀλλοτρίους
2621 4039 2728 4092 τῶν
2771 4037 3129 4106 ἐπαγγελιῶν,
3177 4039 3304 4101 τοὺς
3353 4034 3550 4108 μακρὰν
3584 4030 3660 4097 τῆς

2131 4133 2422 4203 ἀληθείας,
2468 4132 2694 4202 δυνάμει
2742 4131 2847 4183 τινὶ
2895 4129 3015 4201 θείᾳ
3071 4128 3466 4200 παραδέχεσθαι
3501 4122 3655 4190 αὐτήν.

2132 4223 2315 4277 Ταῦτα
2347 4223 2402 4276 δέ
2431 4223 2530 4276 οὐκ
2563 4221 2848 4294 ἀνθρώπου
2883 4222 3077 4292 γόητος
3110 4217 3202 4291 ἦν,
3236 4220 3351 4274 ἀλλ’
3384 4218 3507 4289 ἔργα
3532 4209 3656 4266 Θεοῦ.

2132 4313 2443 4384 πέμψαντος
2482 4312 2588 4366 τῶν
2625 4311 2789 4365 αὑτοῦ
2843 4311 3201 4381 ἀγγελμάτων
3248 4308 3357 4381 (51)
3405 4308 3549 4360 ἕνεκα
3587 4301 3657 4352 τὸν

461 4406 631 4474 ipsius
663 4405 922 4472 Verbum,
958 4405 1100 4473 quod
1130 4405 1180 4457 in
1214 4401 1340 4456 Jesu
1380 4409 1519 4465 erat,
1554 4399 1722 4463 misit,
1761 4405 1818 4450 ut
1852 4397 2019 4466 ipsius

2135 4403 2288 4455 κὺτοῦ
2314 4404 2372 4478 ἐν
2403 4402 2482 4472 τῷ
2521 4401 2696 4472 Ἰησοῦ
2713 4401 2883 4468 Λόγον
2900 4418 2912 4430 ·
2948 4402 3096 4471 ὅμως
3121 4399 3447 4453 κολασθέντα
3478 4392 3573 4464 (59.)
3599 4389 3657 4449 ὡς

459 4497 710 4552 mamlata
743 4496 1110 4550 annuntiaret‘.
1143 4493 1297 4560 Quod
1318 4491 1405 4546 hic
1434 4506 1573 4545 saava
1607 4487 1868 4558 supplicia
1899 4502 2026 4556 pas-

459 4603 549 4643 sus
578 4597 661 4642 est
687 4587 1102 4658 generosissime
1133 4594 1189 4640 et;
1240 4582 1697 4645 mansuetissime,
1731 4581 1782 4633 id
1808 4578 2024 4649 quidem

459 4693 670 4744 eorum,
705 4678 794 4747 qui
833 4693 955 4732 eum
989 4673 1185 4744 injuste
1210 4674 1616 4737 cruciaverunt,
1639 4671 2025 4740 arguiterude-

460 4767 684 4834 litatem,
714 4766 808 4820 sed
839 4766 954 4819 haec
973 4764 1360 4834 suppliciorum
1386 4762 1664 4831 perpessio
1689 4760 1781 4813 Dei
1802 4759 2027 4812 manda-

461 4859 529 4914 tis
555 4857 851 4928 perniciem
884 4872 990 4911 uon
1027 4855 1229 4920 attulit,
1263 4855 1355 4909 sed
1397 4853 1511 4920 illa,
1543 4864 1601 4909 ut
1635 4855 1708 4907 ita
1733 4853 1943 4921 loquar,
1970 4853 2023 4905 in

527 4992 574 5024 ’θ
609 4991 739 5044 Luc.
763 5005 920 5055 χχιιι,
957 4990 1050 5042 21.

527 5101 636 5176 (46)
679 5101 1016 5176 llmscbelius
1051 5101 1102 5153 in
1139 5109 1310 5176 textu,
1340 5101 1414 5163 ὡς
1441 5100 1600 5155 αὐτόν
1626 5117 1713 5168 γε.

533 5170 641 5246 (47)
681 5174 826 5246 idem
852 5175 904 5246 in
939 5181 1108 5236 textu,
1138 5170 1404 5246 παρόντα.

530 5241 638 5314 (48)
681 5243 821 5314 Idem
850 5243 902 5294 in
935 5241 1402 5314 textn,_05to'=qm_.

527 5308 638 5381 (49)
679 5312 786 5366 Καὶ
834 5308 1350 5381 προὺτιμήσαντοε
1378 5309 1483 5381 Καί
1510 5310 1684 5381 _deest
1752 5308 1803 5381 in
1859 5317 2019 5381 antea

453 5379 738 5446 edit.,'sed
773 5383 823 5434 in
874 5397 1046 5448 marg.
1091 5381 1294 5434 codicis
1325 5379 1520 5433 Joliani
1558 5380 1881 5431 restituitur.
1914 5379 2019 5432 Bo-

455 5455 659 5508 herello
692 5454 908 5518 insuper
936 5453 1145 5516 legend.
1176 5450 1386 5503 videtur
1413 5448 1841 5519 προύτιμήσατο.

523 5523 633 5589 (50)
673 5519 1110 5587 Σταυρωθῆναι.
1151 5521 1205 5574 Id
1245 5518 1581 5573 desideratur
1617 5521 1670 5572 in
1699 5528 1860 5572 antea
1906 5518 2019 5571 edi-

456 5591 546 5651 tis,
583 5591 676 5643 sed
707 5590 982 5656 suppletur
1006 5604 1036 5641 e
1071 5589 1521 5643 codice‘Joliano.

520 5658 632 5728 (5t)
671 5655 1000 5725 Mss.’recte,
1030 5659 1406 5740 ἀγγελμάτων.
1449 5657 1816 5735 llmsclielius,
1861 5655 2020 5736 ἀγελ-

2129 4481 2512 4566 τὴνῶμότητα
2543 4493 2965 4564 κατηγορεῖσθαι
2993 4491 3100 4544 τῶν
3125 4491 3326 4554 ἀδίκως
3354 4488 3504 4543 αὐτὸν
3529 4482 3656 4537 κολα-

2130 4585 2356 4645 σάντων,
2374 4585 2468 4638 καὶ
2483 4583 2831 4654 ἀνδρειότατα
2852 4581 3220 4650 ὑπομείναντα
3243 4580 3334 4632 καὶ
3359 4577 3484 4649 μετά
3508 4573 3654 4636 πάσης

2127 4674 2432 4745 πραότητος
2452 4691 2464 4704 ”
2499 4674 2560 4726 οὐ
2591 4672 2861 4744 διέφθειρε
2887 4673 2943 4724 δὲ
2979 4674 3011 4742 ἡ
3043 4671 3262 4734 κόλασις
3295 4668 3451 4724 αὑτοῦ
3492 4663 3550 4716 τὰ
3580 4656 3653 4711 τοῦ

2126 4764 2262 4818 Θεοῦ
2308 4765 2645 4835 ἀγγέλματα,
2690 4763 2831 4828 ἀλλ’,
2859 4765 2906 4816 εἱ
2944 4763 3024 4816 δεῖ
3072 4762 3243 4826 οὕτως
3289 4759 3551 4830 ὀνομάσαι,
3591 4750 3653 4807 εἰς

2126 4853 2326 4922 γνῶσιν
2368 4854 2478 4924 (55)
2519 4853 2656 4908 αὑτά
2693 4854 2898 4920 ἢγαγεν
2923 4871 2935 4883 ο
2969 4853 3042 4916 ὼς
3087 4853 3180 4906 καὶ
3215 4851 3376 4913 αὐτὸς
3407 4838 3653 4907 ἐδίδαξενὸ

2128 5100 2332 5169 μάτων,
2367 5097 2693 5166 Spencerus,
2724 5095 3055 5169 ἀγαλμάτων
3153 5162 3168 5169 _
3356 5156 3402 5169 η
3459 5146 3571 5169 nu:

2197 5151 2332 5240 (52),
2350 5151 2534 5235 Ὄξιιως
2576 5151 2967 5240 κολασὶὶένὶ-α,
3012 5175 3117 5216 etc.
3153 5162 3225 5240 Ita
3271 5156 3423 5240 c‘Qdd-

2125 5225 2448 5292 Basileetnsis
2487 5225 2542 5289 et
2599 5235 2886 5289 Vaticanus
2935 5225 3162 5302 quorum
3211 5228 3396 5302 lectio»
3440 5225 3482 5275 Si
3525 5225 3648 5302 δεξφς

2127 5317 2363 5360 mutetur
2394 5307 2445 5358 in
2485 5304 2670 5375 ὠμῶς,
2700 5305 2887 5375 melior
2913 5299 3152 5375 videtup
3177 5301 3341 5375 altera
3372 5299 3644 5375 quantuni-

2123 5348 2406 5444 ὖὶὲἐὲἶεῑέ
2434 5348 2672 5428 ὶιιιυῗιιῖἒ
2701 5348 2900 5442 iouis:
2926 5348 3502 5444 έρλέἇὸέγέῥέὼςξτὴγ
3525 5348 3645 5444 é’lff‘

2121 5430 2260 5516 τητα
2295 5443 2711 5516 κατηγορεῖσθαι
2753 5430 2860 5516 τῶν
2881 5430 3280 5516 ⁷ἀδίκως-αὑτὸν
3313 5430 3641 5516 attaining:

2123 5501 2214 5568 κάὶ
2235 5501 2581 5585 ἀνδρειότατα
2614 5513 3002 5585 ὑπομείναντος
3035 5501 3128 5562 καὶ
3159 5505 3291 5579 μετά
3314 5501 3481 5568 πάσης
3506 5504 3641 5562 πραο-

2121 5602 2306 5656 τητοςξ
2426 5581 2723 5656 διέφθειρεν
2746 5584 2784 5656 Λή
2820 5581 3059 5656 κόλασις.

2347 5650 2701 5715 Πωὸειιῦιωε,
2729 5650 2802 5714 ὡς
2838 5650 3056 5730 γνέῦσιέ
