3972 6160
390 327 523 384 1581

1575 334 1854 390 CONTRA
1891 333 2171 391 CELSUM
2207 336 2331 391 LIB.
2378 336 2509 393 Vill.

3500 338 3636 394 i532

401 445 608 516 Ἰησοῦς
639 446 832 515 λέγων’
871 449 1011 502 Ἐὰν
1021 449 1106 516 μὴ
1131 453 1164 501 ὀ
1193 453 1414 516 κόκκος
1436 450 1540 505 τοῦ
1562 452 1736 506 σίτου
1762 453 1949 506 πεσὼν

2071 453 2346 507 hominum
2378 453 2738 522 cognitionem
2773 452 3002 506 adduxit
3031 471 3043 505 :
3072 452 3122 505 id
3164 459 3304 519 quod
3332 451 3489 509 Jesus
3519 456 3635 525 ipso

386 538 473 602 εἰς
505 537 620 606 τὴν
651 539 768 607 γῆν
799 540 1090 609 ἀποθάνῃ,
1115 542 1298 607 αὐτὸς
1323 543 1510 610 μόνος
1529 542 1695 611 μένει
1714 561 1726 573 ·
1758 544 1866 598 ἐὰν
1892 543 1961 596 δὲ

387 628 678 697 ἀποθάνῃ,
711 631 909 684 πολὺν
951 633 1182 700 καρπὸν
1226 632 1408 702 φέρει.
1456 634 1768 688 Ἀποθανὼν
1795 631 1888 690 οὖν
1930 638 1958 688 ὁ

388 716 584 780 κόκκος
613 719 706 771 τοῦ
735 719 884 772 σίτου
922 722 1126 791 Ἰησοῦς
1162 721 1326 775 πολὺν
1353 723 1564 794 καρπὸν
1596 725 1794 795 ήνεγκε
1816 742 1828 754 ·
1866 727 1960 778 καὶ

386 807 472 860 ἀεὶ
505 810 533 861 ὁ
565 809 754 883 Πατὴρ
784 815 1003 882 προνοεῖ
1033 812 1140 866 τῶν
1167 815 1231 867 ἐκ
1262 816 1355 868 τοῦ
1382 813 1610 869 Θανάτου
1637 816 1730 869 τοῦ
1760 817 1958 871 κόκκου

386 897 479 950 τοῦ
532 900 679 954 σίτου
727 905 1145 974 γεγενημένων,
1201 905 1294 958 καὶ
1346 907 1642 978 γινομένων
1698 908 1777 962 ἔτι
1801 951 1816 973 ,
1867 911 1960 964 καὶ

387 989 660 1060 ἐσομένων
705 994 949 1063 καρπῶν.
1006 995 1190 1058 "Octo;
1232 993 1324 1050 οὖν
1355 999 1536 1070 πατὴρ
1587 1004 1615 1054 ὁ
1645 1000 1740 1054 τοῦ
1783 1003 1956 1074 Ἰησοῦ

387 1080 576 1152 Πατὴρ
603 1083 706 1136 τοῦ
738 1084 891 1138 ἰδίου
928 1085 1008 1154 μὴ
1043 1085 1401 1156 φεισάμενος
1438 1091 1594 1155 Υἱοῦ,
1627 1093 1763 1146 ἀλλ’
1807 1094 1959 1162 ὑπὲρ

386 1171 554 1238 ἡμῶν
575 1173 814 1229 πάντων
842 1178 1147 1245 παραδοὺς
1168 1181 1372 1245 αὐτὸν,
1398 1182 1568 1253 ἀμνὸν
1591 1185 1717 1238 ὄντα
1743 1185 1956 1248 ἑαυτοῦ,

385 1261 452 1312 ἵν’
499 1263 606 1336 ἄρῃ
646 1264 742 1335 τὴν
785 1266 1059 1338 ἁμαρτίαν
1087 1269 1184 1323 τοῦ
1243 1270 1448 1341 κόσμου
1502 1274 1530 1326 ό
1573 1274 1712 1346 ὑπὲρ
1760 1277 1960 1340 παντὸς

385 1351 546 1404 αὐτοῦ
577 1355 932 1427 ἀποθνήσκων
953 1359 1121 1429 ἀμνὸς
1139 1361 1294 1414 Θεοῦ.
1317 1364 1394 1414 Δι’
1411 1363 1440 1415 ὃ
1459 1363 1568 1434 (54)
1602 1365 1700 1418 οὐκ
1723 1366 1960 1434 ἀναγκα-

385 1442 638 1512 ζόμενος,
673 1447 789 1500 ἀλλ’
825 1448 966 1503 ἑκὼν
995 1451 1252 1522 ὑπέμεινε
1287 1454 1355 1507 τὰ
1401 1455 1509 1508 ἀπὸ
1545 1456 1653 1509 τῶν
1691 1457 1958 1529 ὑϐριστῶν

385 1534 535 1604 αὐτῷ
589 1540 992 1610 προσαγόμενα.
1052 1538 1186 1597 Εἶτα
1240 1544 1379 1615 μετὰ
1426 1545 1601 1602 ταῦτα
1642 1550 1670 1600 ὁ
1731 1550 1955 1615 Κέλσος,

384 1625 852 1697 ὲπαναλαμϐάνων
895 1631 985 1685 τὸν
1028 1633 1164 1703 πρὸς
1197 1617 1337 1698 ’τοὺς
1391 1635 1841 1709 βλασφημοῦντας
1893 1642 1958 1694 τά

384 1716 675 1789 ἀγάλματα
697 1719 874 1788 λόγον,
909 1723 1091 1794 φησίν·
1122 1725 1258 1779 Οἵδε
1301 1725 1389 1790 δὲ,
1417 1727 1522 1792 οὓς
1549 1729 1632 1781 σὺ
1667 1731 1954 1800 ,βλασφη-

377 1808 529 1876 μεῖς,
557 1811 709 1878 ἐνῆν
727 1813 846 1882 μὲν
873 1815 1084 1878 εἰπεῖν,
1121 1816 1208 1870 ὅτι
1248 1819 1348 1870 καὶ
1393 1821 1561 1875 αὐτοὶ
1600 1821 1950 1889 βούλονται,

385 1901 479 1954 καὶ
503 1900 599 1954 διὰ
620 1903 780 1957 τοῦτ’
815 1906 1131 1974 ἀνέχονται
1153 1909 1694 1982 βλασφημούμενοι
1711 1931 1725 1943 ·
1749 1915 1822 1968 τὰ
1847 1917 1954 1984 γὰρ

383 1991 489 2045 ἶσα
519 1991 642 2059 τοῖς
681 1995 838 2061 ἴσοις
877 1999 1244 2066 παραϐαλεῖν
1284 2000 1623 2070 κράτιστον.
1676 2005 1824 2059 Ἀλλ’
1850 2003 1954 2061 οὗ-

381 2085 470 2136 τοί
495 2101 562 2152 γε
593 2084 691 2137 καὶ
711 2087 946 2155 σφόδρα
973 2090 1299 2158 ἀμύνονται
1324 2092 1429 2146 τὸν
1450 2094 1958 2166 ,ϐλασφημοῦντας

379 2173 509 2242 ἢτοι
544 2192 610 2244 γε
645 2179 944 2247 φεύγοντα
981 2179 1078 2234 διὰ
1110 2181 1282 2236 τοῦτο
1312 2183 1411 2238 καὶ
1451 2190 1879 2257 κρυπτόμενον,
1914 2191 1952 2259 ἢ

377 2265 780 2350 ἀίλισκόμενον
807 2271 903 2323 καὶ
927 2272 1372 2342 ἀπολλύμενον.
1397 2277 1470 2329 Οὐ
1503 2277 1954 2350 βλασφημοῦντας

377 2347 489 2416 οὖν,
527 2354 643 2408 ἀλλ’
675 2357 1079 2424 ἀπελαύνοντας
1101 2362 1209 2415 ἀπὸ
1239 2363 1347 2415 τῶν
1375 2363 1577 2430 ξοάνων
1604 2347 1836 2423 καὶ-τῶν
1862 2373 1956 2424 ἀν-

376 2441 662 2512 θρωπίνων
717 2449 984 2518 σωμάτων
1044 2451 1137 2505 καὶ
1190 2452 1376 2523 ψυχῶν
1434 2456 1794 2526 Χριστιανοὺς
1840 2461 1952 2532 (5⁵)

376 2533 676 2602 ἀμύνεσθαι
714 2540 1022 2609 νομίζουσιν
1061 2543 1111 2595 οἰ
1149 2542 1420 2614 δαίμονες.
1451 2547 1544 2618 Μὴ
1585 2548 1718 2602 νοῶν
1758 2550 1865 2622 γὰρ
1893 2553 1953 2604 τὸ

377 2625 681 2694 γινόμενον,
714 2629 911 2700 ἀληθές
935 2650 986 2684 τι
1014 2632 1155 2686 κατά
1182 2635 1273 2686 τὸν
1301 2635 1461 2688 τόπον
1495 2639 1523 2690 ὁ
1569 2639 1774 2702 Κέλσος
1800 2641 1952 2712 εἴρη-

377 2733 488 2769 κεν.
528 2717 745 2788 Ἀληθὲς
775 2722 882 2793 γὰρ
915 2723 975 2776 τὺ
1022 2725 1237 2792 φαύλων
1281 2726 1546 2798 δαιμόνων
1577 2729 1953 2803 πληρουμένας

375 2807 475 2870 τὰς
501 2808 609 2861 τῶν
633 2813 1100 2876 καταδικαζόντων
1124 2817 1484 2887 Χριστιανοὺς
1507 2818 1704 2890 ψυχὰς,
1730 2823 1824 2874 καὶ
1843 2823 1951 2876 τῶν

376 2898 751 2968 προδιδόντων,
803 2903 897 2955 καὶ
930 2903 1036 2958 τῶν
1069 2905 1430 2961 εὐδοκούντων
1463 2907 1573 2981 (56)
1607 2911 1951 2982 Χριστιανοῑς

377 2991 797 3062 προσπολεμεῖν.

458 3081 594 3136 Ἀλλ’
620 3085 741 3136 ἐπεὶ
773 3086 830 3137 at
857 3085 1024 3156 ψυχαὶ
1070 3087 1178 3140 τῶν
1219 3089 1308 3144 διὰ
1333 3091 1757 3164 Χριστιανισμδν
1806 3095 1944 3150 ἀπο-
1975 3113 2022 3173 C

374 3171 746 3242 θνησκόντων,
786 3176 853 3228 δι’
902 3177 1180 3232 εὐσέϐειαν
1237 3182 1352 3251 μετ’
1376 3182 1623 3248 εὐκλείας
1675 3186 1950 3240 ἀπαλλατ-

372 3264 596 3334 τόμεναι
647 3266 740 3319 τοῦ
795 3267 1065 3338 σώματος,
1098 3271 1369 3343 καθῄρουν
1417 3275 1514 3347 τὴν
1563 3277 1793 3349 δύναμιν
1842 3281 1948 3334 τῶν

373 3355 662 3424 δαιμόνων,
703 3359 796 3411 καὶ
829 3361 1171 3432 ἀτονωτέραν
1198 3365 1376 3417 αὐτῶν
1409 3368 1623 3420 ἐποίουν
1667 3369 1763 3440 τὴν
1807 3371 1948 3425 κατά

373 3444 479 3495 τῶν
536 3447 839 3516 ἀνθρώπων
894 3451 1360 3523 ὲπιϐουλὴν,”διά
1416 3456 1592 3522 τοῦτο,
1651 3455 1824 3528 οἶμαι,
1876 3465 1943 3532 τῇ

375 3535 538 3605 πείρᾳ
565 3536 827 3606 μαθόντες
852 3541 900 3591 οἰ
939 3539 1190 3610 δαίμονες
1217 3542 1442 3606 ἑαυτοὺς
1475 3545 1815 3614 ἡττωμένους
1851 3548 1946 3600 καὶ

373 3628 772 3697 κρατουμένους
801 3629 904 3682 ὑπὸ
930 3631 1036 3683 τῶν
1066 3631 1358 3702 μαρτύρων
1388 3633 1487 3702 τῆς
1518 3633 1791 3704 ἀληθείας,
1815 3636 1945 3704 ὲφο-

371 3718 614 3791 ϐήθησαν
658 3721 818 3775 πάλιν
857 3723 1014 3792 ήκειν
1045 3724 1137 3776 ὲπί
1169 3723 1228 3777 τὸ
1252 3724 1554 3795 ἀμύνεσθαι
1580 3742 1593 3756 ο
1627 3727 1718 3779 καὶ
1747 3726 1940 3792 οὕτως,

369 3811 474 3874 ἓως
518 3812 878 3867 ἐπιλάθωνται
921 3809 996 3868 ὧν
1045 3815 1343 3870 πεπόνθασι
1394 3818 1590 3881 πόνων,
1625 3817 1769 3881 εἰκὸς
1806 3815 1943 3872 εἶναι

368 3903 466 3974 τὴν
495 3903 586 3956 τοῦ
614 3905 820 3975 κόσμου
855 3906 990 3977 πρὸς
1027 3908 1382 3978 Χριστιανοὺς
1421 3911 1670 3980 εἰρήνην
1706 3908 1843 3963 ἐπὰν
1885 3909 1943 3963 δὲ

372 3993 727 4056 συλλέξωνται
755 3996 852 4065 τὴν
882 3995 1131 4066 δύναμιν,
1169 3998 1262 4051 καὶ
1311 3997 1416 4050 ὑπὸ
1459 3999 1561 4067 τῆς
1608 3997 1806 4062 κακίας
1847 4016 1942 4052 τυ-

370 4081 659 4152 φλούμενοι
691 4084 849 4138 πάλιν
879 4085 1181 4155 ἀμύνεσθαι
1209 4087 1424 4151 θέλωσι,
1459 4089 1551 4142 καὶ
1584 4091 1941 4159 Χριστιανοὺς

367 4171 602 4235 διώκειν,
633 4173 795 4227 πάλιν
839 4174 1355 4247 καθαιρεθήσονται’
1395 4179 1487 4230 καὶ
1530 4179 1648 4231 τότε
1692 4179 1854 4233 πάλιν
1886 4185 1940 4234 at

367 4263 534 4334 ψυχαὶ
559 4265 668 4318 τῶν
699 4266 1084 4326 εὐσεϐούντων,
1112 4269 1205 4320 καὶ
1226 4268 1294 4320 δι’
1323 4269 1607 4322 εὐσέϐειαν
1638 4271 1940 4342 ἀποδυομέ-

368 4370 474 4406 νων
508 4354 577 4407 τά
615 4353 862 4424 σώματα,
898 4353 1182 4407 καθελοῦσι
1208 4356 1268 4407 τὸ
1304 4355 1393 4408 τοῦ
1439 4357 1672 4426 πονηροῦ
1719 4362 1956 4431 στρατό-’

2065 538 2248 592 docuit
2277 538 2364 594 his
2394 541 2576 596 verbis
2607 557 2620 591 :
2660 539 2784 594 Nisi
2823 555 3047 608 granum
3071 540 3326 608 frumenti
3355 545 3544 596 cadens
3577 547 3630 597 in

2061 640 2254 684 terram
2267 642 2528 686 mortuum
2542 631 2721 700 fuerit,
2751 633 2916 701 ipsum
2941 633 3112 685 solum
3142 644 3349 694 manet;
3377 636 3424 687 si
3458 645 3634 688 autem

2061 733 2323 775 mortuum
2349 722 2528 791 fuerit,
2563 723 2784 776 multum
2810 723 3041 792 fructum
3072 725 3228 791 a/fert
3263 725 3328 778 ⁹¹.
3362 725 3630 780 Mortuum

2062 811 2224 879 igitur
2239 828 2464 882 granum
2485 813 2734 867 frumenti
2750 813 2906 868 Jesus
2925 815 3144 868 multutn
3161 814 3396 870 fructum
3415 819 3630 884 attulit;

2062 911 2117 957 et
2134 903 2291 958 Pater
2309 919 2522 974 semper
2539 906 2798 975 prospicit
2812 907 3072 962 fructibus
3090 907 3180 976 qui
3205 922 3270 962 ex
3292 917 3460 962 morte
3479 912 3629 979 grani

2064 991 2322 1048 frumenti
2374 1003 2428 1048 et
2475 994 2586 1047 nati
2617 1003 2766 1056 sunt,
2801 1002 2855 1049 et
2887 994 3184 1048 etiamnum
3221 1005 3542 1059 nascuntur,
3578 1009 3634 1050 et

2062 1085 2321 1138 nascituri
2348 1096 2492 1139 sunt.
2525 1083 2805 1139 Humanus
2831 1101 2960 1155 ergo
2985 1097 3140 1154 pater
3168 1097 3249 1141 est
3279 1086 3406 1142 Jesu
3443 1086 3628 1155 Pater,

2060 1177 2151 1242 qui
2185 1177 2399 1243 prOprio
2433 1174 2578 1228 Filio
2607 1192 2709 1228 non
2739 1177 2992 1243 pepercit,
3019 1177 3110 1229 sed
3141 1193 3236 1244 pro
3281 1177 3428 1230 nobis
3457 1179 3632 1232 omni-

2062 1266 2156 1318 bus
2197 1268 2418 1320 tradidit
2462 1267 2613 1320 illuni
2646 1267 2712 1330 ",
2747 1281 2940 1334 agnum
2977 1282 3167 1329 suum,
3202 1282 3260 1320 ut
3302 1269 3488 1338 Agnus
3535 1269 3629 1323 Dei

2063 1357 2228 1409 totius
2254 1358 2435 1411 mundi
2470 1372 2632 1412 causa
2661 1359 2896 1410 moriens
2945 1358 3129 1411 mundi
3157 1369 3436 1425 peccatum
3472 1359 3628 1413 tolle—

2063 1455 2145 1500 ret
2171 1447 2236 1498 ⁸³.
2286 1445 2438 1501 Unde
2479 1463 2584 1502 non
2618 1448 2962 1510 necessitate,
3020 1448 3116 1502 sed
3172 1448 3358 1503 volens
3407 1449 3631 1518 pertulit

2064 1536 2241 1591 illatas
2279 1539 2381 1592 sibi
2429 1553 2457 1592 a
2496 1539 2958 1592 conviciatoribus
3008 1539 3386 1594 contumelias.
3430 1540 3626 1594 Postea

2063 1627 2257 1682 Celsus
2294 1629 2511 1684 rediens
2547 1631 2613 1682 ad
2641 1645 2735 1684 eos
2779 1630 2873 1698 qui
2912 1629 3199 1684 simulacra
3231 1630 3440 1700 injuriis
3474 1631 3631 1686 inho-

2063 1730 2258 1776 norant
2282 1735 2296 1772 :
2335 1721 2502 1786 Quos,
2521 1721 2720 1790 inquis,
2749 1739 2938 1776 oneras
2958 1721 3307 1787 contumeliis,
3331 1723 3452 1776 illos
3470 1725 3626 1776 etiam

2061 1811 2235 1864 dicere
2281 1811 2398 1864 licet
2441 1812 2518 1865 ita
2556 1813 2776 1866 tractari
2815 1813 2943 1866 velle
2983 1821 3032 1866 et
3071 1821 3344 1880 propterea
3396 1814 3625 1882 injurias

2058 1917 2208 1972 (equo
2261 1903 2438 1956 aninto
2486 1903 2644 1972 ferre.
2684 1903 2826 1958 Nam
2871 1906 3024 1973 paria
3074 1904 3292 1972 paribus
3345 1905 3619 1974 conferre,

2059 1992 2335 2060 optimum.
2380 1992 2690 2063 Quanquam
2740 1993 2819 2046 illi
2860 1994 3263 2047 conuiciatorem
3310 2010 3478 2048 severe
3525 2012 3626 2063 ριιο

2059 2085 2230 2147 niunt,
2261 2084 2351 2153 qui
2377 2084 2574 2137 idcirco
2606 2083 2737 2153 fugit
2767 2096 2814 2138 et
2844 2083 3038 2148 latitat,
3074 2098 3163 2137 aut
3194 2095 3376 2153 captus
3410 2087 3478 2137 ad
3508 2102 3630 2154 sup-

2055 2174 2271 2243 plicium
2305 2175 2555 2230 trahitur.
2605 2176 2884 2229 Daemones
2913 2177 3080 2245 igitur
3113 2174 3452 2231 Christianos
3491 2177 3626 2230 ulei-

2059 2265 2138 2320 sci
2168 2274 2363 2333 putant
2401 2280 2509 2319 non
2540 2266 2666 2334 quia
2701 2265 3098 2328 conviciantur,
3139 2267 3232 2318 sed
3273 2267 3398 2334 quia
3428 2266 3569 2334 ipsos
3598 2285 3628 2320 c

2057 2359 2364 2413 simulacris
2403 2369 2456 2413 et
2483 2359 2734 2414 humanis
2763 2370 2869 2413 tam
2897 2357 3220 2427 corporibus
3247 2374 3406 2428 quam
3431 2363 3627 2414 animis

2055 2448 2352 2518 expellunt.
2375 2450 2636 2516 Quamvis
2661 2451 2803 2504 enim
2832 2465 2941 2503 rem
2971 2464 3074 2502 non
3106 2450 3627 2522 intelligeret,'77ﬁI

2055 2538 2157 2592 hoc
2185 2539 2306 2593 loco
2330 2549 2506 2593 tamen
2536 2553 2722 2592 verum
2756 2539 2882 2607 quid
2915 2538 3073 2592 dixit.
3133 2536 3326 2592 Verum
3369 2541 3511 2592 enim
3543 2549 3627 2592 est

2058 2629 2266 2682 animas
2306 2639 2415 2682 tum
2455 2644 2646 2683 eorum
2687 2631 2778 2698 qui
2827 2628 3172 2684 Christianos
3222 2631 3623 2688 condemnant.

2058 2727 2171 2773 tum
2207 2734 2391 2774 eorum
2429 2719 2522 2788 qui
2571 2719 2691 2774 illos
2735 2721 3001 2787 produnt,
3029 2729 3139 2773 tum
3165 2721 3398 2790 denique
3431 2736 3618 2776 eorum

2054 2811 2144 2880 qui
2178 2811 2281 2865 illis
2312 2811 2512 2865 bellum
2539 2811 2779 2867 indicere
2807 2811 3134 2882 gloriantur,
3176 2813 3330 2868 malis
3360 2814 3622 2868 daemoni-

2056 2905 2154 2958 bus
2186 2917 2307 2958 esse
2333 2903 2579 2960 refertas.

2126 3061 2218 3116 44.
2275 3061 2382 3116 Sed
2423 3078 2542 3116 cum
2591 3063 2784 3117 anima:
2834 3078 3020 3116 eorum
3069 3065 3158 3132 qui
3219 3065 3619 3120 Christianismi

2052 3167 2221 3206 causa
2253 3155 2558 3208 moriuntur
2607 3169 2906 3223 magnaque
2937 3171 3060 3209 cum
3097 3156 3268 3224 gloria
3305 3173 3502 3226 corpus
3537 3175 3625 3212 re-

2049 3243 2332 3312 linquunt.
2371 3255 2696 3313 potestatem
2745 3249 3049 3300 (humanum
3096 3247 3430 3314 frangerent,
3487 3250 3621 3303 insi-

2048 3335 2272 3404 diasque
2296 3336 2605 3392 hominibus
2633 3339 2701 3391 ab
2742 3338 2821 3392 eis
2845 3349 3188 3408 comparatas
3218 3339 3406 3393 irritas
3431 3342 3622 3395 redde-

2049 3435 2197 3493 rent;
2232 3444 2351 3482 eam
2383 3429 2451 3482 ob
2503 3444 2636 3491 rem,
2688 3431 2907 3498 opinor,
2952 3431 3224 3484 dmmones
3281 3433 3620 3499 experientia

2047 3520 2190 3572 docti
2239 3532 2299 3572 se
2345 3534 2374 3572 a
2422 3520 2748 3588 martyribus
2787 3521 3034 3573 veritatis
3073 3521 3212 3574 vinci
3254 3531 3310 3574 et
3351 3525 3619 3590 superari,

2047 3625 2236 3662 rursus
2286 3611 2524 3664 vindicta
2573 3611 2648 3662 uti
2701 3611 3015 3664 timuerunt.
3064 3612 3245 3679 Atque
3292 3613 3388 3676 ita,
3447 3613 3619 3669 donec

2047 3700 2418 3755 molestiarum
2463 3715 2599 3770 quas
2629 3703 2871 3770 perpessi
2901 3712 3029 3756 sunt
3049 3703 3462 3769 obliviscantur,
3491 3721 3620 3774 prn-

2044 3792 2223 3848 babite
2249 3803 2332 3847 est
2359 3794 2685 3848 Christianis
2711 3808 2832 3848 cum
2869 3794 2972 3847 hoc
3015 3796 3214 3848 mundo
3263 3811 3450 3865 pacem
3497 3813 3620 3852 esse

2047 3883 2305 3936 futuram.
2341 3883 2633 3956 Postquam
2665 3893 2844 3938 autem
2887 3885 3203 3956 collegerint
3253 3896 3614 3955 potestatem.

2043 3986 2096 4028 et
2123 3975 2362 4044 nequitia
2387 3977 2648 4031 obcazcati
2679 3991 2865 4031 rursus
2891 3977 3077 4032 ulcisci
3110 3992 3168 4032 se
3190 3978 3374 4031 volent
3392 3988 3444 4032 et
3462 3977 3616 4033 Chri-

2045 4069 2255 4124 SIianos
2312 4069 2609 4134 insectari;
2669 4085 2861 4124 rursus
2917 4067 3368 4141 proﬂigabuntur,
3426 4085 3616 4124 rursus

2043 4161 2237 4214 anima:
2279 4162 2512 4230 piorum,
2563 4165 2653 4230 qui
2688 4163 2907 4230 pietatis
2941 4177 3103 4215 causa
3151 4175 3344 4228 corpus
3390 4173 3613 4227 exuent,

2045 4255 2172 4307 ntali
2200 4255 2498 4308 exercitum
2522 4254 2890 4309 debellabunt.
2928 4253 3040 4322 Ego
3074 4263 3256 4306 autem
3295 4254 3488 4322 Opinor
3515 4253 3621 4307 da:-

2045 4360 2231 4399 mones
2270 4346 2393 4413 quia
2443 4345 2684 4400 sentiunt
2717 4358 2868 4398 suam
2907 4353 3231 4411 potestatem
3268 4345 3336 4399 ab
3379 4346 3445 4400 iis
3488 4361 3614 4415 pes-

369 4433 546 4497 πεδον.
592 4444 732 4514 Ἐγὼ
753 4446 798 4498 δ’
831 4442 1004 4516 οἶμαι,
1030 4446 1109 4499 ὅτι
1146 4445 1457 4516 αἰσθόμενοι
1483 4449 1531 4500 οἱ
1560 4447 1829 4519 δαίμονες,
1857 4453 1938 4506 ὅτι

2054 4438 2283 4490 sumdari
2330 4437 2420 4506 qui
2453 4438 2689 4490 victares
2731 4437 2892 4490 morti
2922 4437 3277 4502 occumbunt,
3334 4437 3453 4492 illos
3487 4452 3617 4493 vero

365 4537 414 4588 ot
465 4534 562 4605 μὲν
595 4534 873 4599 νικῶντες,
915 4537 1008 4589 καὶ
1046 4535 1114 4588 δι’
1163 4535 1442 4588 εὐσέϐειαν
1481 4536 1935 4610 ἀποθνήσκοντες,

366 4627 717 4698 καθαιροῦσιν
763 4627 942 4682 αὐτῶν
992 4628 1090 4700 τὴν
1138 4628 1454 4682 δυναστείαν
1477 4646 1490 4658 ο
1527 4630 1576 4682 οἰ
1605 4630 1662 4683 δὲ
1685 4630 1772 4685 διὰ
1815 4634 1939 4696 τοὺς

368 4718 560 4780 πόνους
605 4715 924 4788 ἡττώμενοι,
958 4718 1051 4770 καὶ
1101 4716 1198 4787 τὴν
1249 4715 1559 4770 θεοσέϐειαν
1592 4716 1937 4789 ἀρνούμενοι,

367 4808 667 4879 ὑποχείριοι
707 4808 935 4871 ἐκείνοις
976 4808 1236 4876 γίνονται,
1282 4807 1391 4861 ἐσθ’
1433 4808 1521 4861 ὅτε
1565 4808 1941 4879 προσφιλονει-

367 4893 518 4947 κοῦσι
551 4899 660 4959 τοῖς
685 4897 1126 4968 παραδιδομένοις
1152 4899 1494 4968 Χριστιανοῖς
1513 4914 1525 4925 ·
1547 4897 1623 4960 ὼς
1644 4895 1940 4968 κολαζόμε-

365 5001 444 5038 νοι
483 4986 580 5055 μὲν
609 4987 712 5039 ὑπὸ
751 4989 845 5058 τῆς
877 4988 1164 5058 ὁμολογίας
1194 4988 1396 5050 αὐτῶν,
1437 4989 1840 5058 ἀναπαυόμενοι
1881 4989 1936 5040 δὲ

366 5075 458 5130 ἐπὶ
487 5079 554 5146 τῇ
587 5078 810 5146 ἀρνήσει
843 5078 1039 5132 αὐτῶν.
1069 5081 1175 5132 Καὶ
1202 5079 1316 5132 ἐστι
1343 5097 1405 5148 γε
1428 5079 1631 5132 τούτων
1657 5079 1777 5150 ἴχνη
1809 5079 1938 5132 θεά-

367 5166 562 5221 σασθαι
595 5167 687 5220 καὶ
720 5168 776 5218 ὲν
808 5171 916 5232 τοῖς
954 5170 1252 5232 δικασταῖς,
1287 5168 1666 5239 κολαζομένοις
1700 5170 1797 5239 μὲν
1830 5169 1934 5222 ὑπὸ

362 5260 475 5321 τοῖς
513 5256 838 5327 ὑπομένουσι
883 5259 992 5330 (57)
1027 5259 1126 5322 τὰς
1151 5259 1334 5323 αἰκίας
1376 5260 1470 5314 καὶ
1493 5259 1592 5322 τὰς
1627 5259 1889 5329 βασάνους
1915 5274 1928 5287 ·

432 5372 476 5402 ⁹¹
516 5369 674 5426 Joan.
713 5389 820 5437 xu,
853 5372 943 5427 24.
1021 5373 1066 5404 θ’
1107 5373 1263 5429 Rom.
1289 5388 1384 5427 vttt
1409 5413 1424 5437 ,
1460 5371 1549 5426 32.

435 5490 544 5560 (st)
588 5490 739 5553 Mss...
763 5493 827 5546 δι’
854 5493 930 5546 ὃν.
963 5491 1121 5545 Libb.
1148 5492 1298 5549 editi.
1326 5491 1406 5544 διό
1428 5501 1478 5544 et
1510 5493 1576 5544 δι’
1598 5493 1645 5544 δ.

434 5563 549 5629 (55)
593 5560 927 5615 Ηωεειιριίυε
961 5563 1012 5614 in
1049 5573 1220 5624 textu,
1247 5561 1610 5631 Χριστιανῶν.
1644 5561 1802 5614 male.

431 5632 542 5703 (
581 5633 690 5685 Καὶ
722 5631 838 5686 τῶν
868 5631 1278 5703 *προδιδόντων
1301 5630 1421 5703 καὶ
1462 5630 1579 5684 τῶν
1606 5631 1925 5684 εὑδοκούν-

359 5719 494 5754 των.
524 5701 604 5756 1η
652 5703 825 5772 codd.
853 5701 1096 5772 Julianus
1123 5711 1178 5756 et
1215 5702 1548 5772 Anglicanus
1590 5704 1799 5772 primus
1833 5703 1924 5766 qui

365 5783 540 5827 tamen
593 5788 691 5841 pro
747 5771 1140 5842 εὑδοκούντων,
1183 5770 1384 5828 habént
1442 5770 1920 5842 εὐδαιμονούντων,

2041 4528 2134 4595 qui
2172 4528 2348 4597 pmnis
2373 4527 2614 4596 superati
2643 4527 2847 4582 cultum
2873 4527 2986 4581 veri
3012 4527 3104 4581 Dei
3127 4527 3362 4593 ejurant,
3390 4529 3442 4583 in
3473 4529 3617 4597 ipso-

2042 4635 2161 4672 rum
2190 4617 2453 4672 ditionem
2488 4617 2696 4682 venire,
2745 4617 2949 4671 idcirco
2981 4632 3104 4671 cum
3142 4615 3470 4673 Christianis
3495 4633 3612 4672 ma-

2045 4725 2146 4764 nus
2176 4724 2509 4774 conserere;
2545 4710 2744 4780 quippe
2765 4710 2854 4778 qui
2892 4709 3102 4762 illorum
3134 4709 3475 4791 confessione
3503 4718 3614 4765 tor-

2041 4812 2300 4870 quentur,
2332 4801 2689 4868 abnegatione
2733 4810 3074 4854 recreantur.
3105 4801 3286 4869 Atque
3323 4801 3480 4869 hujus
3529 4803 3608 4857 rei

2044 4895 2266 4964 vestigia
2304 4895 2491 4948 videre
2520 4903 2604 4946 cst
2637 4894 2688 4946 in
2719 4893 2850 4961 ipsis
2875 4892 3147 4960 iudicibus
3172 4893 3288 4960 qui,
3309 4908 3430 4947 cum
3455 4893 3613 4949 Chri-

2041 4986 2208 5039 stiani
2239 4983 2599 5040 contumelias
2626 4992 2679 5036 et
2716 4991 2982 5035 tormenta
3015 4997 3212 5051 magno
3261 4982 3444 5036 animo
3482 4997 3611 5051 per-

2043 5077 2247 5139 ferunt,
2282 5089 2628 5143 summopere
2662 5073 2880 5134 dolent;
2917 5073 3258 5141 triumphant
3296 5087 3447 5134 vero,
3485 5087 3606 5126 cum

2039 5167 2381 5223 Christianus
2423 5165 2745 5219 succumbit.
2770 5163 2956 5229 Neque
2983 5164 3033 5216 id
3069 5163 3272 5216 faciunt
3304 5178 3463 5216 sensu
3491 5162 3606 5227 ejus

2038 5273 2198 5327 quam
2233 5267 2427 5312 vocant
2454 5254 2826 5309 humanitatis.
2854 5253 3202 5321 Perspectum
3226 5252 3368 5305 enim
3407 5253 3605 5307 habent

1627 5373 1674 5404 ⁸³
1716 5371 1874 5426 Joan.
1913 5389 1966 5437 ι,
2008 5371 2102 5426 29.

2037 5491 2132 5544 sed
2159 5505 2223 5544 ex
2254 5490 2590 5544 correctione
2620 5484 2999 5544 εὐδοκούντων,
3035 5497 3139 5549 qua
3167 5481 3217 5533 in
3250 5493 3383 5532 νοοε
3411 5479 3604 5532 allusin

2037 5571 2120 5613 est
2151 5563 2216 5613 ad
2253 5563 2373 5612 Act.
2419 5575 2544 5619 vm,
2581 5557 2630 5608 1.
2666 5556 2816 5608 Libb.
2862 5563 3016 5602 antea
3063 5552 3192 5603 etliti
3241 5551 3478 5604 habent:
3508 5551 3602 5604 xui.

2033 5631 2158 5692 τοὺς
2187 5629 2539 5700 προδιδόντας.
2562 5626 2655 5700 καί
2687 5623 2815 5700 τοὺς,
2843 5619 3213 5700 εὐδοκοῦντας.
3355 5691 3368 5700 _
3422 5693 3436 5700 _
3536 5689 3560 5700 η

2105 5691 2398 5766 (57)’Ὑπὸ
2450 5697 2572 5760 τοῖς
2628 5692 3017 5760 ὑπομένουσι.
3072 5691 3250 5745 Malim
3279 5729 3294 5755 ,
3347 5691 3452 5743 ὑπο
3494 5691 3604 5743 τῶν

2036 5768 2431 5839 ὑπομενόντων.
