3972 6160
411 315 551 370 1585

1565 325 1840 382 CONTRA
1880 326 2159 388 CELSUM
2193 331 2318 389 LIB.
2362 330 2490 388 VIII.

3515 335 3652 390 1586
3681 285 3736 344 II:

491 432 556 483 Ἡ
587 434 685 503 μὲν
712 432 886 487 Πυθία
910 435 1210 505 ἱστόρηται,
1229 435 1309 488 ὅτι
1336 438 1427 490 καὶ
1450 440 1759 497 νοθευθεῖσα
1787 444 1976 517 ἔχρησέ

2160 448 2251 502 46.
2282 449 2358 502 Ac
2397 447 2584 518 Pythia
2617 446 2830 513 quidem
2853 456 3106 499 narratur
3124 448 3394 516 corrumpi
3438 464 3495 503 se
3531 468 3654 519 per-

411 540 541 576 ττοτε
566 541 580 556 ·
616 527 664 578 οἱ
696 525 752 578 δὲ
788 526 918 597 παρ’
953 529 1082 596 ἡμῖν
1116 528 1391 597 προφῆται
1426 531 1486 582 ού
1525 533 1680 601 μόνον
1723 536 1826 589 ὑπὸ
1879 537 1986 588 τῶν

409 617 528 669 κατ’
577 618 774 680 αὐτοὺς
821 617 1262 688 ἐθαυμάσθησαν,
1303 619 1390 671 διὰ
1432 620 1527 690 τὴν
1555 624 1840 694 ἐνάργειαν
1881 627 1987 678 τῶν

409 703 721 776 λεγομένων
760 706 852 759 ὑπ’
895 706 1092 772 αὐτῶν,
1140 707 1273 762 ἀλλά
1317 709 1408 761 καὶ
1444 711 1500 762 ὲν
1554 715 1664 775 τοῖς
1700 713 1831 784 ἑξῆς
1863 717 1989 786 χρό-

414 814 546 861 νοις.
592 798 684 850 Ἐκ
715 796 823 868 γὰρ
854 790 927 852 ὧν
960 797 1198 870 ἔχρησαν
1250 802 1298 853 οἱ
1342 803 1618 873 προφῆται
1667 805 1760 856 καὶ
1806 807 1988 870 πόλεις

415 887 786 958 ώρθώθησαν,
832 889 927 941 καὶ
971 888 1246 959 ἄνθρωποι
1293 891 1659 963 ὑγιάσθησαν,
1708 896 1802 948 καὶ
1841 897 1989 966 λιμοὶ

414 976 750 1031 ἐπαύσαντο·
797 976 932 1031 ἀλλά
978 977 1071 1030 καὶ
1114 979 1193 1040 εἰς
1239 979 1494 1032 ἀποικίαν
1533 981 1718 1049 σαφῶς
1754 981 1852 1053 τὴν
1895 985 1986 1036 ἀπ’

413 1066 686 1137 Αἰγύπτου
700 1069 779 1131 είς
793 1067 888 1137 τὴν
911 1069 1268 1139 Παλαιστίνην
1282 1069 1422 1122 κατά
1439 1073 1716 1141 χρησμοὺς
1735 1071 1988 1142 ἐλήλυθεν

409 1157 532 1211 ὅλον
556 1158 616 1211 τὸ
643 1158 910 1212 Ἰουδαίων
946 1157 1113 1221 ἔθνος⁸
1147 1159 1283 1229 ὅπερ
1313 1159 1569 1228 μετελθὺν
1604 1161 1701 1230 μὲν
1729 1162 1796 1215 τά
1825 1179 1990 1232 προσ-

412 1249 681 1319 ταχθέντα
716 1250 820 1302 ὑπὸ
868 1248 961 1302 τοῦ
994 1247 1128 1301 Θεοῦ
1165 1249 1542 1319 εύδαιιιόνησε,
1574 1250 1770 1318 σφαλὲν
1799 1250 1854 1303 δὲ
1895 1269 1990 1320 με-

411 1341 606 1412 τέγνω.
651 1342 718 1395 Τί
748 1341 803 1394 δὲ
830 1341 910 1393 δεῖ
936 1332 1112 1407 λέγειν
1152 1341 1265 1393 ὅσοι
1286 1339 1539 1394 δυνάσται
1574 1340 1668 1394 καὶ
1697 1341 1810 1395 ὅσοι
1849 1341 1988 1394 ἰδιῶ-

412 1449 520 1497 ται,
541 1432 680 1486 κατά
711 1432 808 1495 τὰς
841 1431 1080 1502 ἱστορίας
1102 1430 1203 1500 τῆς
1220 1431 1466 1502 Γραφῆς,
1490 1429 1712 1500 ἄμεινον
1742 1431 1774 1502 ἢ
1805 1433 1986 1504 χεῖρον

415 1524 772 1595 προσέχοντες
796 1525 914 1586 ταῖς
943 1523 1298 1594 προφητείαις
1324 1521 1356 1592 ἢ
1390 1520 1784 1592 ἀμελήσαντες,
1808 1523 1984 1593 ἀπήλ-

411 1613 613 1680 λαξαν;
640 1615 702 1666 Εἰ
725 1613 781 1666 δὲ
813 1616 910 1667 καὶ
931 1615 1058 1686 περὶ
1081 1613 1332 1676 ἀπαιδίας
1359 1613 1439 1665 δεῖ
1475 1612 1674 1680 λέγειν,
1707 1613 1788 1681 ἐφ’
1875 1611 1984 1683 (65)

410 1703 802 1775 δυσφοροῦντες
830 1721 974 1768 τινες
1003 1704 1257 1772 γεγόνασι
1291 1704 1580 1776 πατέρεςῆ
1611 1705 1862 1777 μητέρες,
1888 1706 1985 1768 τάς

2092 540 2303 594 misisse
2336 548 2392 592 ut
2422 541 2640 592 oracula
2672 539 2858 591 ederet
2886 555 2900 590 :
2933 547 2986 589 at
3027 539 3190 590 nostri
3224 540 3502 606 propheta:
3540 558 3646 594 non

2090 631 2260 683 solum
2318 630 2399 684 sui
2482 629 2771 696 temporis,
2856 627 2948 681 sed
2997 628 3160 680 etiam
3207 633 3650 698 consequentium

2092 730 2391 790 temporum
2441 718 2759 774 hominibus
2797 718 3144 771 admirationi
3181 717 3335 773 fuere
3368 722 3436 775 ob
3465 736 3649 776 eorum

2090 827 2208 880 quae
2254 813 2507 866 dicebant
2541 810 2894 864 evidentiam.
2926 809 3059 861 Nam
3089 825 3152 863 ex
3192 825 3377 864 eorum
3422 812 3652 868 oraculis

2088 911 2142 956 et
2170 904 2328 957 urbes
2365 902 2596 956 conditae
2628 911 2775 963 sunt,
2813 911 2867 956 et
2902 900 3210 955 hominibus
3237 905 3478 956 restituta
3510 905 3653 956 sani-

2093 1005 2174 1049 tas
2192 1003 2300 1059 est,
2323 1003 2374 1048 et
2391 1004 2672 1048 cessarunt
2693 992 2880 1055 fames;
2901 992 2992 1044 sed
3011 1000 3065 1044 et
3079 1002 3182 1046 tota
3200 991 3502 1047 Judmorum
3524 1010 3652 1062 gens

2089 1101 2154 1138 ex
2205 1082 2445 1154 Egypto
2498 1085 2549 1137 in
2589 1083 2923 1137 Palaestinam
2964 1081 3129 1136 veluti
3162 1083 3371 1137 colonia
3421 1083 3651 1137 deducta

2091 1181 2174 1228 est
2195 1174 2272 1239 9‘;
2305 1189 2423 1242 qua:
2458 1175 2674 1243 quidem
2719 1186 2852 1241 gens
2885 1173 3056 1225 donec
3094 1173 3190 1226 Dei
3243 1173 3504 1227 mandatis
3535 1188 3650 1226 mo-

2091 1279 2205 1318 rem
2234 1264 2424 1332 gessit,
2464 1263 2592 1317 felix
2626 1263 2764 1327 luit;
2794 1277 2913 1316 cum
2942 1262 3010 1315 ab
3039 1264 3144 1317 illis
3180 1263 3452 1326 discessit,
3485 1263 3654 1332 poeni-

2088 1355 2207 1409 tuit.
2239 1354 2375 1421 Quid
2395 1368 2686 1409 memorem
2710 1364 2920 1422 Oportet
2938 1363 3068 1423 quot
3099 1355 3364 1423 principes
3393 1363 3447 1407 et
3473 1355 3654 1422 priva-

2088 1453 2170 1498 tos
2189 1444 2596 1512 Scripturarum
2624 1444 2850 1498 historia
2881 1450 3251 1514 repraasentet,
3287 1445 3375 1512 qui
3401 1459 3654 1512 prospera

2089 1530 2393 1586 infaustave
2421 1529 2636 1585 fortuna
2672 1531 2752 1585 usi
2787 1540 2916 1584 sunt
2946 1542 3106 1600 prout
3140 1532 3540 1602 prophetiarum
3564 1541 3657 1586 aut

2087 1623 2441 1677 observantes
2463 1634 2558 1678 aut
2594 1624 2928 1693 negligentes
2950 1623 3204 1677 fuerunt?
3233 1623 3382 1688 Quod
3419 1624 3462 1677 si
3492 1625 3653 1678 etiam

2049 1751 2052 1753 -
2087 1714 2156 1768 de
2206 1713 2500 1767 liberorum
2535 1715 2769 1768 orbitate
2797 1715 3085 1769 dicendum
3133 1723 3406 1784 estquam
3435 1715 3654 1785 quidam

412 1799 541 1870 περὶ
572 1797 761 1852 τούτου
795 1795 959 1864 εὐχὰς
991 1795 1413 1865 ἀναπέμψαντες
1461 1796 1538 1866 τῷ
1580 1796 1687 1849 τῶν
1718 1796 1854 1850 ὅλων
1886 1799 1976 1866 Δη-

2092 1802 2314 1856 moleste
2339 1801 2576 1858 ferentes
2602 1805 2853 1872 precibus
2877 1805 2947 1858 ab
2971 1805 3345 1858 universorum
3363 1804 3656 1860 Conditore

413 1887 688 1959 μιουργῷ·
740 1885 1036 1951 ἀναγνώτω
1069 1901 1150 1946 τις
1201 1884 1268 1936 τὰ
1302 1885 1428 1954 περὶ
1470 1884 1564 1936 τοῦ
1610 1883 1857 1953 Ἀϐραὰμ
1892 1885 1984 1936 καὶ

409 1981 505 2050 τῆς
539 1981 771 2050 Σάρρας,
802 1963 860 2040 ἐξ
882 1968 954 2028 ὧν
981 1975 1204 2043 γέγονεν
1243 1974 1428 2028 Ἰσαὰκ
1460 1975 1560 2046 ἤδη
1595 1973 1985 2045 γεγηρακότων

408 2073 436 2123 ὁ
470 2068 666 2132 παντὸς
695 2067 788 2122 τοῦ
839 2065 1106 2120 Ἰουδαίων
1145 2063 1330 2127 ἔθνους
1362 2065 1545 2136 πατὴρ
1575 2064 1706 2134 (66),
1739 2064 1832 2116 καὶ
1868 2063 1984 2116 ἐτέ-

409 2181 518 2234 ρων
550 2161 699 2232 παρά
743 2160 962 2223 τούτους
981 2178 993 2190 ο
1038 2158 1332 2228 ἀναγνώτω
1359 2158 1414 2210 δὲ
1440 2158 1534 2209 καὶ
1561 2156 1629 2208 τά
1661 2156 1788 2228 περ).
1830 2154 1985 2217 Ἰεζε-

408 2254 546 2316 κίου,
578 2253 637 2306 οὐ
675 2253 842 2322 μόνην
877 2251 1194 2321 ἀπαλλαγὴν
1225 2249 1382 2302 νόσου
1410 2247 1688 2310 λαϐόντος,
1724 2245 1863 2298 κατὰ
1887 2245 1982 2308 τὰς

417 2341 637 2395 Ἡσαΐου
677 2342 1028 2416 προφητείας,
1056 2341 1190 2394 ἀλλὰ
1222 2341 1317 2393 καὶ
1349 2337 1767 2409 τεθαρρηκότως
1805 2336 1984 2390 εἰπόν-

405 2450 496 2496 τος
527 2432 607 2485 τό·
652 2431 783 2486 Ἀπὸ
820 2431 931 2500 γὰρ
973 2432 1077 2485 τοῦ
1123 2432 1240 2485 νῦν
1271 2431 1380 2502 (67)
1419 2429 1624 2484 παιδία
1664 2428 1916 2495 ποιήσω,
1945 2429 1982 2482 ἅ

404 2524 727 2594 ἀναγγελεῖ
761 2524 876 2592 τὴν
915 2523 1310 2590 δικαιοσύνην
1351 2538 1487 2576 σου.
1530 2522 1642 2574 Καὶ
1695 2523 1753 2574 ἐν
1797 2525 1862 2592 τῇ
1897 2538 1984 2573 τε-

409 2614 580 2685 τάρτῃ
611 2614 667 2666 δὲ
714 2613 821 2667 τῶν
858 2613 1148 2667 Βασιλειῶν
1189 2615 1224 2683 ἡ
1279 2611 1650 2683 ὑποδεξαμένη
1685 2612 1774 2665 τὸν
1811 2611 1982 2664 Ἐλισ-

405 2705 574 2767 σαῖον,
623 2703 804 2772 χάριτι
850 2703 983 2756 Θεοῦ
1041 2701 1491 2774 προφητεύσαντα
1544 2701 1672 2772 περὶ
1717 2702 1982 2770 γενέσεως

411 2794 612 2859 παιδὸς,
645 2794 786 2847 κατὰ
821 2795 919 2857 τάς
967 2794 1130 2864 εύχάς
1167 2793 1261 2846 τοῦ
1316 2793 1614 2846 Ἐλισσαίου
1652 2792 1840 2861 γέγονε
1881 2794 1982 2862 μή·

403 2901 528 2954 τηρ.
577 2883 735 2936 Ἀλλά
779 2885 875 2937 καὶ
925 2883 1204 2955 πηρώσεις
1249 2883 1476 2953 ίάθησαν
1511 2883 1701 2952 μυρίαι
1735 2882 1839 2934 ὑπὸ
1885 2879 1979 2934 τοῦ

417 2975 610 3045 Ἰησοῦ·
631 2977 724 3028 καὶ
757 2975 927 3040 ἄλλοι,
954 2976 1089 3047 πρὸς
1104 2975 1182 3046 τῷ
1198 2978 1255 3028 ὲν
1283 2974 1548 3046 Ἰεροσολύ
1559 2992 1677 3045 μοις
1701 2973 1831 3046 ἱερῷ
1860 2973 1981 3026 τολ-

407 3067 677 3136 μήσαντες
707 3065 925 3135 ὑϐρίσαι
957 3065 1054 3137 τὴν
1106 3064 1398 3134 Ἰουδαῖκὴν
1429 3063 1744 3134 θρησκείαν,
1779 3062 1980 3116 πεπόν-

404 3153 527 3206 θασι
555 3154 623 3207 τὰ
651 3155 1118 3226 ἀναγεγραμμένα
1150 3157 1206 3209 ἐν
1238 3155 1348 3215 τοῖς
1392 3154 1808 3217 Μακκαϐαῖκοῖς
1838 3152 1970 3223 (68).
2000 3144 2043 3201 C

487 3244 624 3297 Ἀλλ’
675 3245 888 3314 ἐροῦσιν
941 3246 1199 3315 Ἕλληνες
1241 3246 1412 3300 ταῦτα
1459 3245 1689 3316 μύθους,
1733 3245 1975 3313 καίτοιγε

404 3333 828 3404 μαρτυρούμενα
856 3334 931 3397 ὡς
957 3335 1131 3406 ἀληθῆ
1171 3336 1274 3388 ὑπὸ
1299 3335 1434 3388 ὅλων
1465 3336 1556 3388 δύο
1584 3335 1772 3388 ἐθνῶν.
1804 3335 1868 3387 Τί
1897 3335 1974 3398 δὲ,

401 3423 523 3492 οὐχὶ
553 3425 751 3494 μᾶλλον
779 3425 846 3478 τά
891 3426 1152 3495 Ἑλλήνων
1188 3425 1346 3496 μῦθοι
1379 3426 1411 3496 ἢ
1444 3425 1614 3479 ταῦτα
1641 3443 1655 3490 ;
1694 3427 1756 3478 El
1787 3425 1841 3477 δὲ
1883 3425 1976 3478 καὶ

402 3513 568 3582 ὁμόσε
595 3531 678 3576 τις
704 3515 959 3586 χωρήσας
985 3514 1061 3584 τῷ
1096 3515 1256 3584 λόγῳ,
1284 3516 1370 3568 ἵνα
1403 3516 1475 3586 μὴ
1504 3515 1630 3586 δόξῃ
1657 3514 1977 3586 ἀποκληρω-

401 3606 569 3670 τικῶς
609 3606 678 3660 τά
724 3607 822 3676 μὲν
869 3609 1105 3678 σφέτερα
1154 3607 1262 3677 (69)
1308 3607 1725 3679 παραδέχεσθαι,
1774 3610 1886 3670 τοῖς
1930 3607 1974 3660 δ’

400 3698 699 3768 ἀλλοτρίοις
732 3699 998 3762 ἀπιστεῖν,
1029 3700 1194 3769 φήσαι
1229 3700 1324 3751 καὶ
1358 3697 1424 3750 τά.
1459 3697 1726 3768 Ἑλλήνων
1759 3698 1863 3751 ὑπό
1891 3717 1974 3751 τι-

399 3804 504 3842 νων
536 3788 817 3855 γεγονέναι
859 3787 1147 3858 δαιμόνων,
1181 3788 1274 3841 καὶ
1305 3787 1372 3841 τὰ
1418 3787 1684 3840 Ἰουδαίων
1720 3788 1837 3858 ἦτοι
1871 3788 1974 3841 ὑπὸ

398 3875 491 3928 τοῦ
519 3875 652 3929 Θεοῦ
697 3877 783 3929 διὰ
809 3876 917 3930 τῶν
944 3877 1256 3948 προφητῶν,
1287 3878 1320 3948 ἢ
1371 3878 1474 3930 ὑπὸ
1499 3877 1608 3929 τῶν
1641 3877 1906 3946 ἀγγέλων,
1939 3877 1970 3948 ἢ

399 3968 504 4020 ὑπὸ
534 3968 626 4020 τοῦ
659 3968 793 4021 Θεοῦ
835 3968 922 4022 διὰ
959 3968 1067 4021 τῶν
1097 3970 1342 4037 ἀγγέλων
1363 3987 1375 4001 ·
1410 3971 1500 4022 καὶ
1534 3969 1600 4023 τὰ
1631 3969 1972 4041 Χριστιανῶν

398 4057 455 4109 δὲ
492 4057 596 4110 ὑπὸ
624 4057 716 4110 τοῦ
758 4057 929 4128 Ἰησοῦ
965 4058 1059 4110 καὶ
1098 4059 1196 4128 τῆς
1242 4061 1298 4110 ὲν
1323 4061 1436 4122 τοῖς
1474 4059 1790 4121 ἀποστόλοις
1818 4059 1973 4113 δυνά-

403 4166 548 4219 μεως
573 4149 734 4202 αὐτοῦ
757 4165 770 4178 ο
804 4148 922 4219 φέρ’
968 4149 1181 4201 ἅπαντα
1209 4149 1542 4220 πειραθῶμεν
1589 4149 1854 4220 ἀλλήλοις,
1880 4151 1971 4202 καὶ

398 4242 458 4296 τὺ
483 4240 632 4305 τέλος
667 4241 862 4310 ἴδωμεν
895 4239 988 4293 τοῦ
1030 4239 1364 4310 βουλήματος
1397 4239 1504 4293 τῶν
1538 4240 1967 4310 ἐνεργησάντων,

398 4331 493 4384 καὶ
534 4329 632 4402 τὴν
676 4330 782 4384 ἀπὸ
811 4331 999 4383 τούτου
1032 4329 1298 4400 ὠφέλειαν
1334 4331 1366 4402 ἢ
1411 4329 1612 4400 βλάϐην
1651 4331 1682 4401 ἢ
1713 4330 1970 4402 οὐδέτερα

395 4419 503 4473 τῶν
559 4420 656 4482 τὰς
704 4418 1066 4490 νομιζομένας
1116 4420 1437 4492 εὐεργεσίας
1486 4421 1870 4474 πεπονθότων·
1919 4423 1967 4473 εἰ

2092 1895 2458 1962 impetrarunt
2507 1904 2564 1949 ut
2600 1905 2780 1962 patres
2817 1906 2910 1949 aut
2955 1907 3156 1950 matres
3194 1895 3408 1960 fierent,
3447 1897 3659 1966 legatur

2089 1983 2362 2038 Abraham
2391 1985 2652 2053 Sarzrque
2687 1984 2909 2040 historia
2943 2001 3005 2038 ex
3037 1987 3235 2054 quibus
3267 1987 3372 2054 iam
3406 1988 3655 2055 decrepi-

2090 2073 2159 2127 tis
2182 2082 2347 2128 natus
2375 2083 2457 2126 est
2486 2073 2631 2128 Isaac
2672 2077 2833 2128 totius
2866 2075 3174 2130 Judaeorum
3224 2078 3397 2146 gentis
3422 2089 3574 2147 pater
3603 2089 3658 2131 ι·ι

2088 2164 2314 2218 aliorum
2340 2173 2534 2231 praeter
2564 2164 2698 2218 istos
2719 2167 2787 2218 ³⁵.
2821 2165 3094 2234 chantur
3118 2176 3166 2220 cl
3195 2183 3312 2233 qua:
3337 2169 3399 2220 de
3426 2169 3654 2220 Ezechia

2088 2256 2300 2321 prodita
2335 2265 2461 2307 sunt
2493 2253 2584 2320 qui
2610 2268 2713 2307 non
2742 2256 2927 2308 morbo
2959 2257 3132 2308 solum
3169 2240 3428 2310 liberatus
3463 2266 3564 2320 cst,
3596 2268 3653 2308 ut

2085 2345 2252 2398 Isaias
2277 2345 2623 2413 praedixerat,
2649 2344 2742 2398 sed
2770 2346 2931 2399 etiam
2962 2347 3188 2399 fidenter
3216 2348 3390 2400 dixit:
3428 2347 3653 2400 Posthac

2084 2433 2370 2499 procreabo
2413 2432 2576 2501 776
2619 2432 2806 2485 liberos
2849 2435 2938 2501 qui
2966 2434 3354 2486 almumiabunl
3377 2435 3652 2503 justitiam

2087 2535 2230 2576 tuam
2262 2525 2326 2578 9‘.
2356 2523 2422 2577 Et
2454 2526 2504 2577 itt
2542 2534 2734 2593 quarto
2767 2523 2973 2595 Regum
3017 2527 3209 2580 mulier
3240 2528 3324 2580 illa
3349 2569 3362 2592 ,
3394 2544 3510 2597 qua:
3539 2529 3653 2582 Eli-

2086 2629 2249 2666 smum
2280 2623 2567 2681 exceperat
2588 2613 2657 2676 9’,
2686 2613 2864 2668 Eliszei
2895 2616 3148 2683 precibus
3175 2616 3314 2672 facta
3346 2629 3429 2672 est
3453 2630 3648 2685 mater,

2087 2704 2136 2756 id
2183 2705 2328 2773 quod
2384 2711 2645 2772 propheta
2679 2705 2765 2759 ille
2801 2707 2890 2760 Dei
2939 2709 3108 2776 gratia
3162 2710 3642 2777 prmnumiarcrat.

2085 2793 2356 2847 lnnumcri
2385 2809 2601 2862 quoque
2646 2794 2891 2849 homines
2920 2796 3172 2852 membris
3205 2798 3376 2851 mutili
3416 2815 3646 2870 accepe-

2088 2895 2216 2940 runt
2251 2902 2278 2940 a
2311 2886 2437 2941 Iesu
2481 2889 2771 2941 sanitatem
2806 2889 2888 2951 ἐς
2938 2899 2991 2943 ει
3039 2889 3146 2953 alii,
3198 2892 3290 2959 qui
3339 2890 3646 2946 Iudaeorum

2084 2976 2287 3029 cultum
2329 2977 2531 3030 violare
2566 2979 2616 3029 in
2651 2977 2848 3046 templo
2873 2979 2986 3032 ausi
3029 2979 3266 3045 fuerant,
3299 2997 3433 3050 quas
3462 2996 3652 3052 pmnus

2086 3066 2309 3134 lueriut,
2344 3068 2586 3122 referunt
2615 3067 3044 3125 Machabaeorum
3078 3070 3199 3125 libri
3225 3071 3289 3125 9°.

2155 3242 2242 3295 47.
2277 3242 2346 3294 At
2375 3242 2517 3295 enim
2562 3241 2794 3295 dixerint
2829 3243 3001 3298 Graeci
3054 3243 3295 3299 fabulosa
3331 3245 3442 3298 haec
3481 3262 3599 3300 csse
3622 3288 3639 3313 ,

2079 3346 2394 3401 quanquam
2432 3333 2941 3402 vcraesseintegra:
2980 3335 3097 3388 dum
3135 3344 3321 3404 gentes
3359 3345 3643 3390 testantur.

2079 3420 2212 3474 Cum
2258 3436 2385 3474 vero
2428 3419 2620 3474 fabulae
2678 3438 2782 3475 non
2828 3433 3010 3476 essent
3049 3425 3266 3492 potius,
3320 3441 3440 3494 qua:
3472 3426 3645 3481 (ιι-πά

2081 3518 2340 3574 narrant,
2375 3526 2534 3578 quam
2578 3512 2722 3564 ista?
2759 3512 2908 3577 Quod
2962 3515 3152 3582 siquis,
3198 3530 3261 3567 ne
3307 3515 3447 3567 nulla
3482 3532 3644 3570 causa

2079 3601 2310 3669 probare
2343 3615 2436 3654 sua
2471 3611 2523 3654 et
2559 3602 2732 3654 aliena
2769 3617 3027 3669 respuere
3071 3605 3349 3668 videatur,
3398 3621 3482 3658 res
3516 3622 3642 3674 pro-

2080 3693 2202 3760 pius
2230 3691 2633 3761 contemplatus
2674 3693 2816 3746 dicat
2864 3708 2981 3761 qua:
3015 3693 3187 3748 (ἓνωοὶ
3236 3706 3478 3759 narrant,
3513 3712 3574 3748 ea
3612 3715 3639 3747 ιι

2077 3785 2400 3852 quibusdam
2443 3783 2806 3848 daemonibus;
2839 3799 2957 3852 qua:
3001 3782 3168 3837 Judaei
3215 3783 3476 3849 referunt,
3510 3802 3572 3840 ea
3609 3804 3640 3840 ο

2081 3875 2191 3929 Deo
2233 3889 2330 3942 per
2367 3875 2680 3943 prOphetas,
2724 3883 2814 3926 aut
2855 3873 2922 3925 ab
2951 3873 3176 3942 angelis,
3220 3885 3366 3929 aula
3409 3877 3515 3930 Deo
3546 3893 3640 3945 per

2078 3965 2296 4034 angelos
2322 3983 2336 4031 ;
2366 3964 2798 4019 Christianorum
2823 3979 2949 4017 vero
2975 3948 3234 4018 miracula
3259 3982 3286 4017 ιι
3310 3964 3433 4020 Jesu
3463 3977 3514 4019 ct
3549 3983 3642 4034 pn-

2081 4065 2279 4108 teslate
2315 4055 2381 4109 ab
2405 4057 2517 4123 ipso
2541 4055 2799 4124 apostolis
2831 4056 2951 4108 data
2979 4053 3119 4108 faeta
3148 4070 3293 4119 esse,
3324 4072 3440 4126 age,
3463 4062 3641 4110 omnia

2078 4149 2308 4202 invicem
2359 4147 2721 4202 conferamus.
2787 4147 3074 4200 Videamus
3131 4148 3403 4214 quodnam
3452 4165 3639 4201 eorum

2076 4239 2366 4292 consilium
2415 4239 2540 4304 fuit,
2591 4241 2680 4306 qui
2727 4239 3096 4307 prodigiorum
3135 4238 3345 4290 illorum
3395 4248 3642 4292 auctores

2074 4331 2324 4393 fuerunt;
2356 4346 2447 4392 au,
2478 4344 2705 4397 quorum
2738 4345 2894 4382 causa
2919 4328 3157 4397 prodigia
3186 4329 3300 4381 lucc
3324 4329 3462 4383 facta
3493 4341 3638 4392 sunt,

2080 4421 2366 4474 ulililalem
2398 4420 2523 4480 illis,
2553 4437 2618 4472 an
2659 4420 3043 4473 detrimentum
3079 4419 3381 4482 attulerint,
3418 4437 3484 4472 an
3513 4437 3641 4473 neu-

398 4510 474 4582 μὴ
509 4511 618 4583 (70)
665 4511 949 4582 φιλόσοφον
999 4511 1096 4581 μὲν
1144 4510 1333 4580 ὄψεται
1375 4513 1433 4565 τὸ
1481 4511 1648 4566 πάλαι
1701 4512 1968 4566 Ἰουδαίων

2085 4522 2242 4564 trum.
2274 4509 2434 4564 Certe
2461 4512 2676 4577 antiqua
2699 4509 3006 4564 Iudaeorum
3031 4525 3158 4578 grus
3184 4509 3450 4562 videbitur
3480 4510 3641 4563 fuiSse

393 4603 545 4669 ἔθνος
573 4604 702 4675 πρὶν
733 4603 1084 4675 ἐξυϐρίσωσιν
1113 4603 1220 4675 (7-1)
1268 4606 1346 4666 εἰς
1373 4603 1434 4656 τὸ
1478 4604 1651 4665 Θεῖον,
1682 4605 1770 4673 ὑφ’
1795 4597 1854 4657 οὗ
1881 4605 1969 4656 διὰ

391 4697 491 4766 τὴν
523 4696 723 4768 πολλὴν
769 4696 968 4750 κακίαν
1009 4695 1535 4766 ἐγκατελείφθησανο
1571 4694 1885 4765 παραδόξως
1912 4696 1967 4747 δὲ

398 4789 698 4852 συστάντας
720 4789 1081 4860 Χριστιανοὺς
1111 4787 1252 4842 κατά
1277 4787 1374 4858 τὴν
1397 4787 1568 4859 ἀρχὴν
1595 4786 1827 4856 μάλιστα
1855 4787 1964 4855 (72)

461 4979 508 5010 ⁸⁵
544 4979 710 5032 Exod.
741 4995 837 5042 ιιι,
879 4979 930 5034 8.
1011 4980 1052 5010 δε
1075 4978 1367 5042 Geu.xvn,
1398 4977 1485 5041 19;
1517 4994 1643 5038 xxx,
1675 4979 1870 5041 17,92.
1948 4979 1992 5010 ³⁸
2020 4978 2120 5032 lsa.
2158 4994 2387 5041 xxxviii,
2414 4975 2578 5042 5,19.
2657 4976 2700 5006 ⁸⁷
2742 4972 2805 5030 IV
2846 4975 2975 5046 Reg.
3008 4992 3082 5042 tv,
3122 4975 3309 5042 16,17.

396 5065 484 5112 xv,
517 5051 605 5101 '50.
682 5049 726 5079 ³⁸
765 5048 952 5102 lMac.
984 5064 1057 5114 Ix,
1095 5049 1192 5110 55;
1230 5049 1270 5101 ll
1306 5047 1440 5102 Mac.
1475 5063 1561 5112 Ill,
1592 5048 1693 5114 2.1;
1727 5064 1801 5114 ιχ,
1837 5047 1887 5102 5.

473 5203 586 5276 (65)
640 5205 756 5272 Ἐφ’
876 5205 1042 5260 Recte
1083 5207 1160 5262 sic
1217 5207 1415 5260 habent
1477 5207 1635 5276 codd.
1674 5205 1873 5276 Regius
1916 5216 1968 5261 et

403 5274 751 5346 Basileensis.
791 5276 928 5329 Male
956 5285 1132 5329 autem
1163 5276 1292 5330 libb.
1325 5286 1480 5346 antea
1521 5275 1683 5346 editi,
1705 5274 1779 5338 ὡς
1803 5275 1928 5346 ἔφη.

465 5344 574 5415 (66)
613 5343 755 5409 Ἤδη
783 5346 1194 5415 γεγηρακότων
1220 5348 1251 5398 ὀ
1281 5345 1506 5410 παντὸς
1535 5344 1640 5397 τοῦ
1675 5343 1965 5399 Ἰουδαίων

388 5413 606 5479 ἔθνους
638 5413 1012 5482 πατήρζινιωιξ
1035 5415 1212 5468 omnia
1243 5429 1364 5480 quae
1401 5414 1452 5466 in
1489 5421 1644 5467 antea
1687 5417 1844 5470 editis
1870 5418 1962 5468 de-

389 5486 721 5540 siderantur.
758 5485 1117 5538 restituuntur
1147 5499 1176 5536 e
1203 5485 1358 5536 codd.
1396 5498 1523 5536 mss.

464 5554 575 5624 (67)
614 5551 724 5607 Τοῦ
753 5553 889 5607 νῦν.
920 5553 1139 5624 Vulgata
1174 5553 1343 5608 Biblia
1375 5551 1480 5605 τῶν
1523 5555 1575 5605 0'
1609 5552 1824 5620 habent,
1860 5556 1958 5626 τῆς

389 5623 532 5694 σήμε
558 5623 650 5679 ον.

463 5641 571 5748 (cali
599 5699 650 5748 M

463 5693 571 5765 (68)
599 5693 1054 5761 Μακκαϐατκοῖς.
1097 5694 1228 5750 Vide
1273 5694 1518 5752 Grotium
1549 5695 1640 5750 lib.
1679 5711 1736 5758 ιι,
1774 5709 1819 5747 c.
1868 5695 1958 5759 ‘20,

2077 4617 2208 4672 gens
2241 4602 2684 4671 philosophorum
2713 4641 2728 4665 ,
2768 4611 3056 4670 antequam
3089 4613 3376 4670 peccarent
3413 4605 3462 4656 in
3496 4603 3640 4656 Divi-

2079 4697 2322 4760 uilatem,
2373 4712 2399 4748 a
2450 4711 2553 4763 qua
2611 4696 2677 4749 ob
2730 4711 2993 4749 summam
3051 4696 3345 4764 nequitiam
3401 4695 3637 4749 derclicti

2077 4797 2241 4853 sunt;
2285 4798 2336 4841 et
2379 4785 2700 4851 Christiani,
2741 4787 2829 4854 qui
2871 4785 3027 4839 modo
3071 4787 3302 4861 quodam
3340 4785 3637 4839 incredibili

3387 4973 3432 5007 ⁸⁸
3449 4972 3636 5030 Matth.

2075 5204 2102 5276 §
2127 5205 2178 5268 9,
2198 5205 2290 5276 iDe
2305 5211 2428 5276 jure
2458 5207 2579 5259 belli
2599 5217 2646 5260 el
2667 5207 2832 5273 pacis.

2130 5275 2242 5345 ((39)
2278 5275 2610 5329 lloeschelius
2634 5278 2683 5328 in
2717 5286 2886 5340 textu,
2911 5275 3087 5342 ἔτερα.

2135 5333 2248 5414 (Ἲυ)
2289 5345 2484 5414 Εὶμή.
2515 5346 2678 5398 Forte
2736 5333 3187 5414 scribendumlﬁ
3237 5340 3387 5414 ttév,_
3417 5340 3467 5414 id
3524 5350 3630 5414 est,

2061 5409 2238 5478 ὅντως
2273 5409 2576 5486 ,δήίυὲιίιῃ
2628 5425 2758 5476 etc.,
2808 5423 2860 5466 et
2917 5421 3038 5480 post
3082 5409 3266 5478 ὄψεται
3327 5410 3630 5465 addendum

2058 5502 2162 5538 τις.

2113 5502 2246 5625 ς(⁸71)
2281 5554 2587 5625 Spenccrus
2623 5554 2678 5625 in
2705 5559 2872 5625 textu,
2909 5547 3274 5625 ἐξυϐρίσασιν.

2139 5617 2247 5694 (72)
2285 5617 2578 5678 Μάλιστα.
2622 5622 2713 5680 Τὸ,
2751 5619 3000 5739 μάλιστα,
3048 5620 3130 5670 hic
3163 5628 3244 5669 est
3285 5617 3500 5687 μᾶλλον,
3533 5620 3634 5675 sed!

2139 5706 2300 5739 πιειςςρ
2330 5693 2523 5739 Μᾶλλον
2557 5708 2652 5739 nro
2683 5689 2909 5739 addam
2934 5689 3298 5739 scribendum.

2072 5689 2300 5750 fortasse
2328 5693 2523 5763 μᾶλλον
2557 5708 2652 5760 pro
2681 5689 2909 5760 μάλιστα
2934 5689 3298 5741 scribendum.
