3972 6160
396 314 537 370 1587

1871 325 2191 384 ORIGENIS

3486 324 3638 383 1588

344 462 347 463 ν
397 437 450 489 iu
488 437 800 493 societatem
855 437 1206 504 coaluerunt,
1257 440 1415 495 initio
1466 441 1732 512 prodigiis
1780 444 1956 512 potius

2063 447 2163 501 ὑπὸ
2207 446 2315 501 τῶν
2357 445 2655 517 τεραστίων
2692 446 2836 517 ἥπερ
2867 444 2976 499 τῶν
3005 443 3416 517 προτρεπτικῶν
3451 441 3639 511 λόγων

393 540 559 592 quam
600 528 1072 583 exhortationibus
1111 529 1441 584 videbuntur
1486 532 1550 585 ad
1600 533 1955 602 relinquenda

390 616 571 682 patria
605 616 850 670 instituta
901 616 1140 679 adducti,
1182 627 1237 672 et
1268 619 1332 670 ad
1365 620 1739 688 amplectenda
1787 623 1961 677 aliena

394 707 652 761 traducti.
735 707 802 761 Et
868 722 1001 763 sane
1069 708 1115 762 sl
1182 711 1248 764 de
1304 712 1476 778 prima
1528 712 1959 768 Christianorum

391 797 778 851 constitutione
811 797 1132 852 verisimilis
1162 799 1442 855 habendus
1476 815 1561 857 est
1589 819 1790 870 sermo,
1814 806 1963 859 dicc-

391 901 513 938 mns
539 887 815 952 probabile
854 903 959 941 non
991 904 1113 944 esse
1156 891 1449 960 apostolos,
1496 895 1735 963 plebeios
1761 905 1816 950 et
1838 896 1960 951 sine

390 973 586 1030 litteris
648 978 818 1042 viros,
864 979 933 1032 ad
981 979 1294 1048 religionem
1324 980 1693 1037 Christianam
1728 985 1960 1039 homini-

390 1063 491 1120 bus
514 1069 942 1122 annuntiandam
972 1069 1075 1123 alia
1103 1087 1158 1124 re
1182 1069 1412 1125 cuntisos
1436 1087 1556 1128 esse
1580 1088 1742 1142 quam
1760 1074 1956 1129 collata

391 1158 494 1211 sibi
542 1167 813 1227 potestate
856 1171 912 1215 et
940 1163 1138 1231 gratia,
1179 1177 1300 1228 qua:
1332 1178 1520 1216 eorum
1559 1165 1958 1233 prmdicatiouis

387 1262 572 1302 eomes
603 1260 746 1314 erat,
772 1260 830 1304 ut
865 1253 1182 1305 ammntiata
1215 1253 1284 1307 ab
1308 1254 1438 1322 ipsis
1470 1254 1714 1307 doctrina
1749 1257 1960 1323 recipe-

386 1347 572 1403 retur;
594 1356 693 1395 ncc
707 1357 893 1396 eorum
918 1344 1194 1397 auditores
1213 1358 1240 1395 a
1267 1345 1463 1414 patriis
1492 1345 1761 1400 institutis
1785 1346 1959 1416 iisque

386 1442 661 1488 vetuSIate
696 1435 1034 1491 conﬁrmatis
1064 1438 1292 1503 abduci,
1331 1447 1386 1491 et
1429 1438 1494 1489 ad
1544 1439 1795 1506 dogmata
1849 1452 1956 1494 tam

388 1522 628 1586 insolita,
669 1533 783 1603 tam)
811 1526 984 1580 aliena
1012 1528 1080 1580 ab
1111 1526 1177 1580 iis
1198 1527 1396 1595 quibus
1440 1528 1690 1582 iunutriti
1717 1528 1955 1594 luerant,

387 1615 734 1683 suscipienda
784 1617 962 1671 induci
1006 1618 1268 1686 potuisse,
1305 1619 1407 1672 nisi
1447 1618 1678 1672 mirifica
1717 1620 1958 1688 quadam

385 1709 625 1774 potentia
662 1707 930 1776 rebusque
959 1709 1279 1777 prodigiosis
1307 1710 1434 1763 moti
1463 1710 1709 1765 fuissent.

2062 539 2501 608 προσαγομένους
2528 536 2606 606 τῷ
2638 537 2952 590 καταλιπεῖν
2990 538 3086 606 μὲν
3114 535 3182 589 τά
3210 537 3433 607 πάτρια,
3463 537 3640 605 αἱρεῖ-

2062 628 2185 681 σθαι
2214 628 2269 681 δὲ
2297 627 2367 681 τά
2401 627 2509 681 τῶν
2548 627 2792 698 πατρίων
2820 625 3094 695 ἀλλότρια.
3128 624 3239 677 Καὶ
3271 624 3399 694 γὰρ,
3434 624 3481 675 εἰ
3515 622 3632 692 χρὴ

2061 718 2156 772 καὶ
2184 717 2262 788 τῷ
2303 717 2472 771 εἰκότι
2502 717 2734 789 χρῆσθαι
2757 716 2899 786 λόγῳ
2926 715 3055 786 περὶ
3096 715 3194 784 τῆς
3224 712 3459 787 ἀρχῆθεν
3492 714 3637 783 Χρι-

2061 808 2288 862 στιανῶν
2333 809 2661 872 συστάσεως,
2699 808 2960 877 φήσομεν,
3004 807 3084 859 ὃτι
3126 805 3188 858 οὐ
3231 803 3474 867 πιθανὸν,
3501 802 3634 855 οὔτε

2059 900 2185 963 τοὺς
2218 899 2391 971 Ἰησοῦ
2433 899 2764 963 ἀποστόλους
2805 899 2940 967 (75),
2988 898 3187 969 ἄνδρας
3228 894 3637 966 ἀγραμμάτους

2058 988 2153 1041 xui
2179 988 2412 1051 ἰδιώτας,
2442 975 2719 1059 ἄλλῳτινὶ
2747 987 3143 1060 τεθαρρηκέναι
3174 987 3309 1056 πρὸς
3335 986 3397 1040 τὸ
3426 1002 3639 1053 καταγο

2057 1081 2235 1150 γεῖλαι
2278 1084 2393 1144 τοῖς
2441 1080 2751 1154 ἀνθρώποις
2778 1082 2868 1134 τὸν
2910 1079 3333 1153 Χριστιανισμὺν
3376 1078 3409 1148 ἢ
3447 1080 3511 1148 τῇ
3544 1076 3638 1129 δο-

2060 1172 2214 1245 θείσῃ
2248 1172 2433 1235 αὐτοῖς
2472 1172 2695 1242 δυνάμει
2736 1173 2831 1225 xui.
2859 1174 2924 1242 τῇ
2955 1173 3012 1223 ὲν
3042 1170 3119 1241 τῷ
3152 1170 3294 1239 λόγῳ
3326 1170 3406 1232 εἰς
3436 1169 3503 1221 τά
3530 1169 3637 1238 δη-

2058 1263 2294 1334 λούμενα
2336 1266 2636 1335 πράγματα
2682 1263 2895 1335 χάριτιο
2932 1262 3044 1316 ἀλλ’
3090 1263 3212 1315 οὐδὲ
3247 1261 3373 1323 τοὺς
3419 1261 3641 1329 ἀκροω-

2062 1358 2255 1428 μένους
2302 1359 2479 1413 αὐτῶν
2525 1356 2933 1429 μετατεθεῖσθαι
2978 1360 3043 1410 ὲκ
3086 1354 3329 1427 πατρίων
3368 1352 3639 1423 πολυχρο-

2058 1448 2185 1502 νίων
2217 1449 2375 1512 ἐθῶν,
2414 1450 2488 1521 μὴ
2527 1449 2805 1519 ἀξιολόγου
2834 1447 2976 1511 τινὸς
3002 1447 3283 1516 δυνάμεως
3314 1443 3508 1505 αὐτοὺς
3535 1444 3637 1495 xui

2058 1543 2360 1614 τεραστίων
2390 1543 2729 1614 πραγμάτων
2773 1538 3245 1612 μετακινησάντων
3280 1537 3371 1589 ἐπὶ
3396 1534 3464 1587 τά
3486 1533 3637 1586 οὕτω

2061 1633 2186 1698 ξένα
2213 1634 2307 1686 xui.
2341 1632 2595 1703 ἀλλότρια
2623 1631 2732 1685 τῶν
2768 1630 3076 1701 συντρόφων
3106 1627 3289 1689 αὐτοῖς
3323 1622 3636 1694 δογμάτων.

458 1799 549 1853 48.
570 1798 759 1853 Postea
788 1800 977 1855 Celsus
1008 1802 1190 1855 nescio
1221 1802 1518 1871 quomodo,
1542 1802 1745 1871 prolata
1770 1802 1822 1855 in
1851 1817 1958 1857 me-

2132 1808 2266 1876 Εἶτ’,
2311 1810 2409 1863 οὐκ
2436 1806 2529 1863 οἷδ’
2556 1809 2703 1871 ὅπως
2738 1807 2768 1859 ό
2807 1805 3012 1868 Κέλσος
3041 1802 3137 1874 τὴν
3185 1798 3491 1872 προθυμίαν
3523 1796 3638 1849 τῶν

272 1918 283 1925 ι
387 1891 535 1943 dium
551 1905 738 1944 eorum
754 1892 1133 1962 alacritathni
1150 1908 1321 1962 usque
1343 1892 1407 1946 ad
1426 1902 1655 1947 mortem
1675 1901 1887 1947 certant
1906 1901 1963 1945 ut

386 1997 456 2034 ne
472 1981 947 2037 Christianismum
979 1984 1211 2053 ejurent,
1252 1986 1406 2054 quasi
1430 1992 1614 2037 nostra
1641 1999 1962 2054 comparans

385 2088 511 2125 cum
542 2074 625 2138 iis,
654 2089 775 2143 qum
795 2075 1099 2132 initiatores
1121 2078 1493 2149 etmystagogi
1524 2079 1736 2140 dicunt,
1756 2078 1917 2131 addat
1945 2097 1959 2132 :

388 2163 689 2227 Enimvero,
722 2166 854 2219 bone
886 2169 985 2231 vir,
1019 2170 1459 2237 quemadmodum
1489 2181 1543 2222 tu
1573 2169 1742 2222 credis
1765 2178 1961 2221 (eterna

385 2255 663 2323 supplicia,
679 2258 754 2309 sic
768 2267 817 2311 et
839 2257 1053 2312 illorum
1072 2276 1345 2313 sacrorum
1369 2265 1700 2330 interpretes,
1724 2262 1963 2314 initiato-

385 2360 467 2396 res
489 2344 651 2415 777
666 2357 711 2400 et
730 2351 1194 2418 nzystagogi.Quas
1208 2352 1327 2405 aliis
1342 2361 1395 2404 tu
1414 2353 1633 2405 minaris
1642 2368 1838 2421 prunas,
1852 2369 1963 2407 eas-

382 2436 499 2489 dem
512 2438 591 2490 illi
604 2441 872 2493 minantur
885 2441 998 2493 tibi.
1015 2441 1466 2495 Considerandum
1479 2443 1616 2495 enim
1630 2458 1697 2496 an
1711 2443 1966 2497 illiverio-

385 2545 444 2581 ra
461 2539 551 2581 aut
567 2530 800 2598 ﬁrmiora
818 2531 1015 2584 dicunt.
1034 2530 1213 2586 Verbis
1231 2533 1366 2585 enim
1380 2548 1528 2602 wqua
1549 2536 1752 2604 utrique
1765 2551 1962 2589 assere.

384 2622 589 2675 ratione
605 2632 771 2676 vestra
788 2639 908 2676 vera
922 2640 1031 2677 esse
1042 2624 1376 2678 contenditis.
1389 2623 1491 2678 Sed
1505 2627 1550 2679 si
1567 2641 1697 2695 opus
1714 2637 1789 2681 est
1806 2644 1964 2696 argu-

383 2716 589 2778 mentis,
615 2715 697 2769 illi
719 2715 880 2768 multa
897 2726 943 2769 et
966 2715 1246 2784 manifesta
1265 2717 1559 2787 proferunt,
1593 2718 1752 2772 ducta
1770 2728 1879 2772 tum
1895 2735 1961 2773 ex

386 2808 630 2873 aperibus
646 2807 1058 2861 dwmonicarum
1082 2809 1437 2876 quarumdam
1468 2818 1813 2877 potestatum,
1848 2822 1959 2865 tum

384 2916 449 2952 ex
475 2899 810 2952 oraculorum
831 2899 1112 2966 responsis,
1129 2906 1177 2952 et
1194 2914 1258 2952 ea:
1274 2901 1533 2953 vaticiniis
1547 2901 1715 2954 omnis
1731 2902 1958 2971 generis.

384 2990 676 3045 Contendit
697 2990 860 3059 igitur
887 3003 1166 3044 sacrorum
1198 2989 1473 3059 principes
1505 3005 1663 3060 teque
1685 3007 1747 3045 ac
1777 3008 1877 3048 nos
1894 2994 1959 3048 de

2066 1901 2224 1972 μέχρι
2245 1900 2474 1954 θανάτου
2500 1897 2916 1967 ἀγωνιζομένων
2946 1895 3085 1965 ὑπὲρ
3128 1892 3222 1946 τοῦ
3260 1891 3333 1962 μὴ
3374 1889 3642 1958 ἐξομόσα-

2018 2026 2027 2033 ι
2064 1992 2185 2046 σθαι
2214 1990 2636 2061 Χριστιανισμδν
2662 1985 3089 2058 παρατιθέμενος
3112 1984 3222 2054 (74)
3254 1983 3500 2052 ἐπιφέρει
3521 1980 3639 2033 ὠσ-

2064 2082 2222 2154 περεὶ
2252 2081 2445 2147 ὲξισῶν
2481 2080 2551 2134 τά
2577 2080 2819 2151 ἡμέτερα
2849 2079 2962 2139 τοῖς
2990 2075 3093 2129 ὑπὸ
3118 2074 3226 2127 τῶν
3257 2072 3519 2125 τελεστῶν
3541 2071 3641 2124 xui

2066 2173 2440 2247 μυσταγωγῶν
2458 2171 2792 2242 λεγομένοις,
2828 2167 2920 2222 καί
2945 2184 3076 2239 φησι
3096 2184 3110 2197 ’
3138 2165 3413 2220 Μάλιστα
3430 2163 3569 2232 μὲν,
3589 2158 3642 2215 ὦ

2059 2268 2364 2333 βέλτιστε,
2381 2264 2581 2333 ὥσπερ
2613 2263 2693 2318 σὺ
2733 2260 3016 2326 κολάσεις
3051 2258 3327 2323 αἰωνίους
3358 2254 3635 2324 νομίζεις,

2062 2358 2214 2411 οὕτω
2231 2356 2327 2410 καὶ
2350 2358 2403 2409 οἱ
2430 2355 2547 2409 τῶν
2566 2352 2738 2422 ἱερῶν
2758 2353 3004 2405 ἐκείνων
3028 2348 3311 2417 ἐξηγηταὶ
3361 2345 3646 2399 calcarat

2061 2466 2125 2503 τε
2151 2448 2247 2502 καὶ
2277 2445 2660 2517 μυσταγωγοί
2675 2461 2688 2474 ·
2730 2441 2803 2509 ἃς
2822 2442 2902 2495 σὺ
2929 2441 3050 2510 μὲν
3075 2439 3202 2504 τοῖς
3222 2438 3433 2501 ἄλλοις
3471 2436 3641 2489 ἀπει-

2060 2539 2208 2607 λεῖς,
2246 2539 2461 2593 ἐκεῖνοι
2496 2536 2564 2591 δέ
2603 2552 2719 2590 σοι.
2773 2534 3001 2602 Πότερα
3038 2530 3148 2603 γὰρ
3184 2528 3383 2595 αὐτῶν
3417 2527 3639 2596 ἀνιηθέ-

2060 2647 2244 2699 στερα
2260 2628 2296 2698 ἢ
2318 2625 2797 2696 ἐπικρατέστερα,
2814 2622 3012 2687 ἔξεστι
3038 2619 3290 2675 σκοπεῖν
3306 2634 3318 2647 ’
3341 2617 3498 2686 λόγῳ
3519 2614 3644 2684 μὲν

2060 2720 2170 2790 γὰρ
2193 2720 2263 2785 ἐξ
2290 2720 2429 2774 ἴσου
2462 2716 2595 2785 περὶ
2623 2715 2741 2770 τῶν
2778 2712 3082 2784 σφετέρων
3121 2711 3337 2779 σφίσιν
3373 2706 3643 2773 ἑκάτεροι

2059 2812 2500 2867 διαϐεϐαιοῦσθε
2527 2807 2638 2880 (75)
2656 2825 2671 2839 ·
2703 2805 3034 2876 Τεκμηρίων
3061 2801 3130 2856 δὲ
3158 2804 3212 2855 ει
3248 2798 3395 2861 δέοι,
3436 2798 3642 2851 πολλὰ

2058 2904 2273 2958 ἐκεῖνοι
2311 2902 2409 2958 καὶ
2433 2898 2653 2970 ἐναργῆ
2695 2897 2805 2969 (76)
2838 2895 3221 2949 δεικνύουσιν
3255 2892 3397 2959 ἔργα
3424 2905 3488 2942 τε
3507 2886 3641 2939 δαι-

2052 2996 2280 3064 μονίων
2306 2993 2485 3047 τινῶν
2511 2989 2822 3059 δυνάμεων
2850 2988 2946 3041 καὶ
2980 2983 3361 3055 χρηστηρίων
3386 3020 3400 3044 ,
3432 2978 3530 3031 καὶ
3562 2978 3641 3028 ὲκ

386 3080 674 3151 suppliciis
700 3081 924 3136 aeternis
957 3081 1124 3151 loqui,
1154 3082 1378 3151 vultque
1406 3082 1713 3152 expendere
1739 3085 1806 3138 ab
1833 3092 1951 3138 utra

2063 3082 2452 3138 παντοδαπῶν
2488 3081 2783 3152 μαντείων
2804 3073 3271 3146 προκομίζοντες.
3317 3069 3521 3125 Οὐκοῦν
3550 3067 3643 3121 διά

386 3182 545 3241 parte
589 3180 695 3225 stet
721 3173 938 3227 veritas.
965 3172 1226 3241 Equidem
1263 3170 1643 3226 aﬂirmaverim
1672 3189 1838 3241 penes
1859 3190 1953 3231 eos

2063 3177 2264 3232 τούτων
2300 3175 2400 3239 τάς
2430 3173 2677 3235 αἰωνίους
2708 3171 2954 3233 κολάσεις
2979 3168 3071 3222 ἐπὶ
3103 3167 3205 3237 γῆς
3229 3163 3339 3236 (77)
3390 3160 3641 3233 βούλεται

386 3277 506 3316 esse
534 3263 842 3327 veritatem,
869 3264 960 3331 qui
992 3273 1218 3333 possunt
1245 3263 1506 3318 doctrina:
1536 3279 1645 3317 suae
1676 3265 1957 3322 auditores

386 3357 459 3411 ita
491 3354 702 3411 allicere
743 3365 800 3410 ut
830 3355 1038 3423 vivant,
1068 3356 1221 3425 quasi
1263 3356 1402 3411 certi
1429 3371 1549 3410 eam
1576 3370 1700 3411 esse
1733 3358 1959 3417 verissi-

388 3466 554 3504 mam.
585 3451 747 3518 Atqui
780 3447 949 3503 Judasi
996 3460 1050 3503 et
1074 3447 1368 3503 Christiani
1414 3448 1494 3503 sic
1523 3446 1702 3502 all‘ecti
1732 3457 1856 3502 sunt
1892 3449 1958 3502 de

388 3539 608 3605 surculo,
635 3548 693 3593 ut
725 3549 941 3603 vocant,
992 3537 1195 3604 futuro,
1229 3539 1297 3593 de
1344 3538 1581 3607 [rzemiis
1622 3552 1741 3607 qua:
1772 3538 1823 3591 in
1869 3538 1957 3593 illo

384 3632 580 3702 justos,
608 3630 675 3684 de
705 3632 881 3700 pteuis
928 3644 1046 3699 quae
1076 3639 1392 3698 peccatores
1421 3639 1662 3684 manent.
1691 3628 1958 3684 Ostendat.

390 3725 555 3793 igitur
583 3721 773 3777 Celsus
799 3731 893 3776 aut
922 3721 1170 3790 quisquis
1203 3720 1437 3775 voluerit
1465 3734 1600 3791 quos
1634 3721 1713 3775 sic
1737 3721 1802 3775 de
1833 3734 1960 3788 sup-

393 3816 571 3885 pliciis
618 3815 840 3869 aeternis
903 3812 1184 3869 atl‘ecerint
1248 3827 1530 3868 sacrorum
1586 3812 1857 3883 principes
1904 3821 1959 3865 et

391 3905 714 3976 mystagogi.
761 3904 1034 3958 Credibile
1063 3905 1208 3957 enim
1240 3912 1321 3957 est
1367 3902 1529 3971 hujus
1558 3903 1818 3956 doctrinm
1860 3917 1957 3970 pa-

395 4006 601 4051 rentem
624 4007 729 4049 non
759 3994 898 4047 velle
923 4002 1129 4047 tantum
1157 3992 1545 4061 suppliciorum
1573 3992 1851 4045 horrorem
1879 3993 1960 4044 in-

393 4097 583 4144 cutere
607 4088 750 4141 etde
775 4085 881 4140 illis
911 4085 1202 4151 disserere,
1253 4083 1349 4137 sed
1379 4082 1544 4136 etiam
1582 4082 1653 4135 ita
1683 4083 1959 4136 auditores

394 4179 607 4233 allicere
635 4186 691 4231 ut
753 4191 850 4246 pro
885 4174 1093 4229 viribus
1121 4173 1329 4241 fugiant
1358 4169 1446 4223 illa
1472 4171 1817 4225 committere
1841 4186 1961 4239 quae

394 4267 651 4337 supplicia
687 4266 817 4335 ipsis
847 4273 1210 4318 arcesserent.
1237 4259 1343 4315 Sed
1372 4270 1427 4314 et
1455 4259 1776 4330 prophetiae,
1802 4258 1960 4314 umdo

397 4373 501 4411 non
530 4357 899 4426 perfunctorie
927 4354 1176 4424 legantur
1208 4352 1394 4423 positae
1427 4350 1480 4404 in
1507 4349 1613 4404 illis
1652 4350 1960 4415 praedictio-

2059 3271 2152 3325 καὶ
2182 3270 2329 3341 ἡμᾶς
2347 3268 2525 3337 λέγειν
2551 3267 2647 3319 xui
2673 3265 2798 3328 τοὺς
2827 3260 3102 3323 τελεστάς,
3128 3257 3221 3312 καὶ
3252 3254 3548 3320 ἐξετάζειν,
3584 3256 3643 3307 δ-

2057 3364 2274 3434 πότεροι
2308 3358 2503 3430 μᾶλλον
2528 3355 2899 3427 ἀληθεύουσιν.
2934 3351 3156 3421 Εἴποιμι
3183 3350 3229 3402 δ’
3254 3346 3319 3400 ἂν
3352 3344 3643 3416 ἀληθεύειν

2055 3457 2182 3519 τοὺς
2210 3452 2534 3522 δυνηθέντας
2571 3448 2831 3502 διαθεῖναι
2870 3446 2996 3508 τοὺς
3026 3440 3301 3514 ἀκροατὰς
3328 3437 3438 3491 τῶν
3479 3435 3640 3503 λεγοο

2060 3545 2237 3615 μένων
2284 3541 2427 3595 οὕτω
2471 3537 2749 3610 βιοῦντας,
2790 3536 2865 3598 ὡς
2905 3533 3110 3587 τούτων
3165 3530 3336 3592 οὕτως
3381 3527 3637 3597 ἐχόντων.

2056 3632 2390 3688 Διατίθενται
2431 3628 2672 3683 Ἰουδαῖοι
2692 3627 2786 3680 xui
2809 3621 3123 3696 Χριστιανοὶ
3153 3619 3279 3690 περ).
3302 3617 3395 3671 τοῦ
3425 3615 3519 3668 ὑπ’
3542 3616 3644 3668 αὑ-

2056 3725 2166 3780 τῶν
2196 3723 2307 3796 (78)
2336 3718 2667 3790 καλουμένου
2703 3715 2986 3788 μέλλοντος
3013 3710 3208 3773 αἰῶνος
3233 3750 3248 3773 ,
3293 3708 3387 3762 xui
3427 3706 3557 3796 τῶν
3581 3709 3641 3796 ἐν

2058 3791 2403 3884 αὐτῷτγετρῶν
2430 3809 2528 3880 μὲν
2552 3806 2644 3859 ἐπὶ
2669 3806 2795 3867 τοὺς
2830 3801 3094 3864 δικαίους,
3139 3796 3430 3884 κολάσεων
3451 3791 3640 3884 δὲᾲὲπὶ

2056 3880 2190 3965 τοὺς.
2214 3880 2592 3970 ἁμαρτωλούς.
2625 3890 2896 3946 Δεικνύτω
2911 3885 3003 3943 οὖν
3030 3889 3125 3942 xui
3152 3886 3380 3948 Κέλσος,
3405 3882 3440 3952 ἢ
3465 3882 3493 3933 ὁ
3510 3880 3637 3950 βου-

2057 3991 2300 4061 λόμενος,
2324 3986 2468 4049 τίνες
2481 3983 2792 4052 διετέθησαν
2818 3979 2946 4051 περ)⁵
2972 3975 3202 4030 αἰωνίων
3232 3972 3340 4045 (79)
3362 3971 3638 4025 κολάσεων

2059 4081 2163 4134 ὑπὸ
2193 4079 2299 4133 τῶν
2327 4075 2589 4131 τελεστῶν
2622 4073 2713 4128 xui.
2749 4067 3140 4144 μυσταγωγῶν.
3181 4065 3345 4127 Εἰκὸς
3369 4062 3480 4133 γάρ
3512 4062 3632 4114 ἐστι

2058 4171 2119 4224 τὸ
2148 4168 2392 4239 βούλημα
2416 4166 2509 4219 τοῦ
2544 4163 2748 4237 πατρὸς
2793 4161 2901 4214 τῶν
2944 4157 3250 4228 λεγομένων
3285 4151 3455 4215 εἶναι,
3485 4153 3547 4204 οὐ
3575 4151 3637 4203 τὸ

2059 4258 2413 4330 ἀφοσιοῦσθαι
2446 4256 2603 4327 μόνον
2627 4255 2720 4307 xui.
2748 4252 2923 4304 εἰπεῖν
2944 4249 3070 4319 περὶ
3096 4246 3389 4310 κολάσεων,
3417 4243 3551 4297 ἀλλά
3573 4241 3635 4293 τὸ

2058 4352 2315 4406 διαθεῖναι
2351 4350 2475 4411 τοὺς
2511 4345 2804 4407 ἀκούοντας
2832 4343 2967 4414 πρὸς
3008 4339 3089 4405 τὸ,
3118 4340 3215 4409 ὅση
3252 4336 3497 4407 δύναμις,
3529 4351 3633 4402 φυ-

394 4466 515 4516 nes,
550 4450 683 4503 satis
714 4449 844 4503 mihi
877 4461 999 4501 esse
1032 4447 1284 4501 videntur
1312 4445 1377 4498 ad
1422 4443 1741 4514 prudentem
1794 4439 1954 4495 simul

2063 4439 2322 4507 λὰξασθαι
2353 4438 2422 4492 τά
2446 4436 2554 4489 τῶν
2584 4435 2854 4490 κολάσεων
2875 4432 3023 4487 αἴτια
3050 4431 3246 4493 αὐτοὺς
3274 4425 3629 4499 ἐργάσασθαι,

393 4552 449 4596 et
477 4541 766 4596 candidum
821 4540 1078 4594 lectorem
1116 4537 1548 4608 persuadendqu
1573 4574 1591 4598 ,
1625 4534 1787 4603 .viros
1839 4534 1958 4587 illos

394 4630 489 4684 llei
520 4630 720 4699 Spiritu
753 4626 959 4682 alllatos
984 4628 1168 4691 fuisse,
1193 4627 1387 4695 quibus
1404 4623 1537 4680 nihil
1561 4639 1627 4678 ex
1651 4623 1954 4677 daemonum

392 4722 669 4787 operibus,
709 4718 840 4773 nihil
889 4733 955 4772 ex
987 4718 1334 4772 oraculorum
1379 4716 1675 4787 responsis.
1725 4714 1955 4769 nihilex

391 4811 669 4866 vaticiniis
695 4810 777 4863 vel
808 4808 1076 4863 tantillum
1105 4808 1282 4862 simile
1310 4806 1491 4862 all'erri
1520 4816 1722 4878 potest.

468 5032 592 5105 (73)
610 5030 776 5105 Codd.
814 5030 948 5105 Reg.
984 5039 1059 5105 et_
1092 5030 1280 5105 Bas“?
1321 5030 1450 5105 τοὺς
1499 5026 1676 5105 linem?
1722 5028 1957 5083 ἀποστό-

393 5097 538 5167 λους.
561 5097 730 5156 ΠΜ).
760 5097 922 5171 edit;
967 5100 1062 5171 τοῦ
1108 5100 1280 5171 Ἰησοῦ
1310 5097 1658 5171 ἀποστόλους.

467 5173 576 5245 (74)
619 5171 785 5245 Ὑπὲρ
817 5169 930 5245 τοῆ
946 5169 1032 5239 μὴ
1058 5168 1958 5245 ἐξομόσασθαι’Χριστιανισμὸν

394 5236 875 5313 παρατιθέμενος.
916 5236 1038 5295 Haec
1074 5243 1125 5294 in
1158 5236 1322 5294 “antea
1357 5238 1516 5292 editis
1548 5236 1954 5303 desiderantur,

392 5328 446 5369 et
475 5314 789 5382 supplentur
818 5328 847 5382 ο
877 5327 1005 5365 mss.

469 5374 784 5457 (73)'Codd:
828 5381 956 5457 περς.
1014 5390 1069 5457 c_t
1115 5379 1474 5444 Basileensis,
1525 5374 1951 5432 διαϐεϐαιοῦσθε.

392 5449 547 5508 Lihh.
564 5449 732 5517 'editi,
761 5449 1151 5504 διαϐεϐαιοῦσι.

455 5525 566 5591 (76)
608 5519 876 5590 Ἐναρτῆ.
906 5520 1238 5575 llmschelius
1261 5517 1312 5572 in
1350 5526 1517 5584 textu,
1550 5519 1609 5572 ὲν
1633 5518 1798 5589 ἀρχῇ,
1829 5530 1953 5585 per-

394 5607 595 5660 perant.

465 5662 574 5727 (77)
614 5658 893 5728 Ἐπὶγῆς.
931 5657 1117 5728 Nullus
1151 5666 1234 5712 est
1278 5658 1364 5728 hic
1420 5659 1607 5713 horum
1661 5657 1951 5728 verborum

394 5724 604 5783 sensus.
657 5724 1179 5797 Leg'itVBuhL-rellus
1216 5727 1410 5798 ἐπίσης
1459 5746 1472 5782 :
1530 5730 1760 5784 resumit
1809 5724 1950 5782 enim

2074 4533 2233 4586 ’Δλλά
2259 4532 2350 4584 xui.
2380 4530 2434 4584 ul
2465 4531 2791 4601 προφητεῖαι
2822 4528 2933 4588 τοῖς
2967 4524 3040 4596 μὴ
3070 4522 3358 4595 παρέργως
3409 4518 3518 4590 (80)
3550 4520 3634 4571 ὲν-

2058 4623 2380 4693 τυγχάνουσι
2406 4623 2471 4691 τῇ
2505 4623 2562 4672 ὲν
2589 4621 2778 4682 αὐταῖς
2811 4614 3114 4688 προγνώσει
3151 4612 3330 4667 ἱκαναί
3373 4628 3461 4682 μοι
3494 4607 3631 4663 εἶναι

2059 4714 2273 4770 δοκοῦσι
2301 4712 2436 4782 πρὸς
2463 4711 2523 4764 τὸ
2548 4713 2731 4764 πεῖσαι
2759 4709 2851 4761 τὸν
2889 4704 3125 4769 συνετῶς
3164 4704 3281 4774 ἅμα
3312 4702 3406 4755 καὶ
3433 4701 3634 4768 εὐγνω-

2067 4807 2240 4877 μόνως
2268 4802 2762 4873 ἀναγιγνώσκοντα,
2797 4802 2879 4855 ὅτι
2905 4797 3040 4853 Θεοῦ
3069 4796 3292 4866 Πνεῦμα
3328 4789 3396 4865 ἦν
3434 4795 3493 4847 ὲν
3521 4793 3634 4854 τοῖς

2064 5042 2186 5099 quae
2217 5027 2376 5096 paulo
2400 5035 2557 5081 antea
2586 5025 2742 5099 (dicta
2770 5033 2919 5099 sunt,
2943 5025 3049 5099 ubi
3099 5025 3266 5078 habes
3314 5019 3528 5099 ὲξισῷν,
3579 5026 3635 5099 et

2063 5089 2122 5166 ἐξ
2158 5089 2297 5163 ἴσου,
2336 5114 2434 5152 nec
2464 5113 2563 5151 vox
2585 5098 2698 5165 ipsa
2728 5095 2924 5165 ἐπίσης
2943 5093 3256 5161 infrequens
3276 5101 3360 5146 est
3384 5089 3629 5158 Origeui.

2136 5191 2248 5252 (78)
2284 5187 2421 5255 Περὶ
2455 5186 2561 5242 τοῦ
2592 5187 2693 5242 ὑπ’
2727 5184 2945 5240 αὐτῶν.
2973 5183 3212 5250 Legebat
3236 5180 3496 5246 'Guietus,
3525 5177 3633 5231 ὑπὸ

2063 5259 2157 5313 τοῦ
2192 5259 2282 5313 ὑπ’
2303 5258 2504 5313 αὐτῶν.
3164 5323 3173 5332 ο

2135 5347 2245 5418 (79)
2269 5348 2410 5417 Περὶ
2432 5346 2702 5418 αἰωνίων,
2724 5342 3065 5418 ett:.Legejiat
3084 5343 3246 5418 etiam
3265 5338 3365 5418 hic
3383 5336 3633 5418 Cui-etus,

2062 5406 2165 5476 ὑπδ
2198 5406 2429 5474 α’ἰωνῖων
2460 5406 2735 5471 κολάσεων
2776 5414 2880 5467 ὑπὸ
2914 5406 3027 5465 τῶν
3067 5408 3353 5464 τελεστῶν.
3393 5408 3449 5461 lu
3482 5406 3639 5459 libris

2063 5504 2221 5546 antea
2255 5492 2414 5544 editis
2439 5502 2536 5557 pro
2563 5486 2801 5554 τελεστῷ
2827 5484 2974 5557 quod
3016 5483 3246 5537 habetur
3280 5480 3333 5533 iu
3376 5477 3638 5533 omnibus

2063 5578 2194 5616 mss.
2237 5555 2706 5629 Ιρείιιιντελετῶν,
2736 5555 2893 5608 male.
3187 5563 3197 5570 '

2135 5652 2246 5725 (80)
2276 5650 2604 5725 Πάρέργως.
2636 5647 2725 5702 Sic
2758 5643 3139 5725 rectehabent
3161 5639 3318 5695 codd.
3348 5639 3549 5708 Regius
3582 5649 3638 5694 et

2062 5712 2411 5787 uasitéensi's,
2426 5712 2574 5775 libri
2589 5729 2765 5774 autem
2797 5715 2949 5782 editi,
2984 5712 3306 5785 περιέργως.
