3972 6160
408 343 436 398 1
447 342 549 398 589

1613 340 1898 397 CONTRA
1936 336 2213 395 CELSUM
2254 337 2379 391 LIB.
2424 335 2556 392 Vill.

3535 333 3691 387 1590‘

405 464 665 534 ἀνδράσιν
697 464 954 528 ἐκείνοις,
1011 456 1086 516 ὧν
1139 462 1289 516 οὐδὲν
1330 461 1442 533 (8-1)
1479 462 1586 515 τῶν
1623 461 1988 532 δεικνυμένων
2032 459 2206 530 ἔργων
2237 459 2548 528 δαιμονίων,
2576 455 2694 510 οὐδὲ
2739 454 2845 508 τῶν
2881 455 2944 508 ὲκ
2995 453 3341 526 χρηστηρίων
3369 453 3663 526 δυνάμεων,

405 557 524 610 οὐδὲ
562 557 671 611 τῶν
717 558 1015 628 μαντείων,
1051 556 1153 610 κᾶν
1197 557 1292 609 ἐπὶ
1319 557 1484 610 ποσὸν
1513 556 1950 628 παραϐάλλεσθαι
1983 554 2222 608 δύναται.

479 650 708 720 Ἷδωμεν
749 651 806 704 δὲ
856 652 950 704 καὶ
979 650 1047 704 τὰ
1095 650 1221 721 ἑξῆς
1261 651 1403 704 οὕτω
1434 651 1699 721 λεγόμενα
1751 651 1855 704 ὑπὸ
1895 650 1986 702 τοῦ
2025 657 2059 711 Α

405 741 614 794 Κέλσου
663 742 801 813 πρὸς
845 743 992 813 ἡμᾶς
1016 758 1028 771 ·
1087 743 1209 794 Ἔτι
1249 742 1358 813 (82)
1394 741 1462 794 δὲ
1485 741 1612 808 πῶς
1648 745 1760 795 οὐκ
1800 743 1992 795 ἄτοπα

405 833 570 901 ὑμῶν
589 834 794 900 ταῦτα,
831 833 896 886 τὸ
935 832 1046 901 μὲν
1089 832 1259 901 σῶμα
1297 833 1522 898 ποθεῖν,
1553 832 1649 885 καί
1695 822 1986 894 ἐλπίζειν,

408 924 495 978 ὅτι
519 926 665 979 αὐτό
693 924 865 978 τοῦτο
898 924 1328 990 ἀναστήσεται,
1357 925 1438 989 ὠς
1465 923 1646 976 οὐδὲν
1678 921 1823 991 ἡμῖν
1857 923 1992 974 τού-

405 1034 512 1070 του
537 1016 804 1085 κρεῖττον
841 1015 984 1070 οὐδὲ
1011 1016 1349 1084 τιμιώτερον
1370 1032 1382 1045 -
1417 1013 1604 1068 πάλιν
1641 1013 1691 1065 δ’
1718 1011 1864 1067 αὐτὸ
1898 1013 1991 1079 ῥί-

404 1123 576 1163 πτειν
601 1111 689 1174 είς
712 1109 1019 1174 κολάσεις,
1053 1109 1134 1174 ὡς
1165 1107 1419 1176 denter;
1453 1105 1633 1160 Ἀλλὰ
1659 1104 1784 1170 τοῖς
1814 1105 1989 1158 τοῦτο

403 1200 772 1269 πειθομένοις
820 1201 916 1254 καὶ
969 1198 1049 1263 τῷ
1096 1197 1322 1268 σώματι
1381 1197 1826 1264 συγτετηκόσιν
1880 1198 1990 1248 οὐκ

401 1290 575 1355 ἄξιον
603 1290 778 1344 τοῦτο
807 1289 1216 1360 διαλέγεσθαν
1252 1286 1416 1344 οὗτοι
1441 1287 1551 1358 γάρ
1576 1291 1735 1342 εἰσιν
1784 1291 1839 1340 οἱ
1889 1287 1987 1340 καὶ

401 1379 474 1432 τὰ
500 1379 661 1433 ἄλλα
685 1381 948 1449 ἄγροικοι
969 1380 1067 1434 καὶ
1099 1379 1438 1448 ἀκάθαρτοι,
1470 1381 1565 1433 καί
1601 1381 1780 1449 χωρίς
1802 1380 1988 1448 λόγου

400 1467 476 1536 τῇ
509 1469 722 1523 στάσει
748 1471 1062 1538 συνόντες.
1102 1471 1233 1537 Τοῖς
1255 1471 1373 1540 μέν
1398 1489 1466 1541 γε
1498 1471 1608 1540 (85)
1643 1469 1758 1538 τὴν
1778 1468 1991 1537 ψυχὴν

399 1558 438 1626 ἢ
480 1559 585 1612 τὸν
616 1560 768 1614 νοῦν
797 1559 949 1629 (εἴτε
1001 1561 1408 1630 πνευματικὸν
1449 1561 1666 1615 τοῦτον
1708 1561 1987 1615 ἐθέλουσι

400 1650 630 1716 καλεῖν,
661 1651 781 1704 εἴτε
818 1651 1054 1719 πνεῦμα
1079 1650 1311 1720 νοερὸν,
1344 1651 1520 1722 ἅγιον
1544 1652 1642 1705 καὶ
1671 1649 1985 1720 μακάριον,

399 1741 520 1794 εἴτε
540 1740 753 1810 ψυχὴν
779 1740 974 1801 ζῶσαν
996 1781 1010 1806 ,
1058 1741 1178 1795 εἴτε
1210 1743 1372 1809 θείας
1401 1742 1499 1795 καὶ
1529 1740 1850 1811 ἀσωμάτου
1879 1743 1990 1810 φύ-

398 1847 551 1897 σεως
582 1833 835 1900 ἔκγονον
857 1831 966 1902 (84)
991 1831 1425 1901 ὐπερουράνιόν
1447 1849 1510 1886 τε
1538 1832 1635 1885 καὶ
1661 1833 1984 1901 ἄφθαρτον,

397 1919 504 1972 εἷθ’
538 1918 570 1972 6'
594 1935 648 1972 τι
685 1920 842 1973 καὶὸ
885 1939 938 1975 τι
979 1923 1301 1991 χαίρουσιν
1345 1921 1801 1993 ὀνομάζοντες),
1863 1921 1987 1987 τοῖς

398 2011 571 2063 τοῦτο
593 2011 943 2072 ἐλπίζουσιν
967 2014 1130 2078 ἕξειν
1165 2015 1406 2068 αἰώνιον
1430 2014 1552 2067 σὺν
1578 2013 1718 2079 Θεῷ,
1753 2015 1986 2080 τούτοις

396 2099 742 2170 διαλέξομαι
763 2119 776 2132 ο
809 2104 985 2158 τοῦτο
1010 2104 1126 2173 μέν
1170 2123 1236 2175 γε
1276 2105 1462 2174 ὀρθῶς
1494 2104 1860 2174 νομίζουσιν,
1907 2107 1985 2170 ὡς

397 2194 450 2243 οἱ
474 2190 590 2259 μὲν
617 2189 686 2247 εὗ
705 2195 1044 2262 βιώσαντες
1076 2197 1648 2267 εὐδαιμονήσουσιν,
1674 2201 1729 2251 ol
1760 2197 1828 2250 δὲ
1856 2196 1983 2251 ἅδι-

396 2298 490 2334 κοι
521 2282 772 2352 πάμπαν
799 2287 1058 2352 αἰωνίοις
1083 2289 1288 2355 κακοῖς
1310 2288 1694 2343 συνέσονται.
1720 2288 1830 2342 Καὶ
1857 2289 1984 2340 τού-

395 2389 502 2425 του
534 2367 603 2426 δὲ
629 2377 734 2430 τοῦ
767 2377 1058 2447 δόγματος
1100 2379 1240 2448 μήθ’
1286 2376 1450 2434 οὗτοι
1487 2381 1624 2449 μήτ’
1657 2381 1848 2446 ἄλλος
1876 2380 1982 2434 ἀν·-

395 2463 644 2532 θρὼπων
666 2469 882 2536 μηδείς
915 2486 1060 2525 ποτε
1094 2472 1356 2539 ἀποστῇ,
1387 2474 1810 2538 ἀποτείνοντες

395 2553 531 2624 Περὶ
563 2556 911 2620 ἀναστάσεως
942 2559 1004 2628 δὴ
1030 2561 1078 2610 εί
1108 2561 1199 2612 καὶ
1230 2560 1389 2623 αὐτὸς
1421 2561 1520 2632 ἤδη
1551 2561 1810 2625 πολλάκις
1841 2563 1980 2614 ὀνει-

395 2643 548 2708 δίζει,
576 2647 688 2698 ἀλλ’
719 2649 901 2717 ἡμεῖς,
935 2649 994 2701 τὸ
1017 2649 1156 2702 κατά
1181 2652 1271 2704 τὸν
1311 2652 1474 2706 τόπον
1509 2654 1640 2723 ἡμῖν
1684 2654 1846 2720 φανὲν
1883 2653 1978 2706 εῦ-

397 2731 574 2799 λογον,
608 2734 682 2798 ὼς
720 2731 830 2788 οἷόν
870 2739 918 2789 τ’
943 2733 1046 2808 ἦν,
1091 2741 1567 2811 παραστήσαντες,
1617 2743 1677 2794 οὐ
1715 2743 1980 2813 μέλλομεν

396 2825 534 2893 πρὸς
566 2825 624 2878 ἓν
657 2827 908 2898 ἔγκλημα
933 2829 1191 2894 πολλάκις
1224 2832 1516 2903 λεγόμενον
1550 2834 1808 2898 πολλάκις
1839 2837 1978 2888 ἀπο-

394 2917 687 2984 λογεῖσθαι.
717 2921 1052 2990 Συκοφαντεῖ
1078 2923 1134 2976 δὲ
1154 2925 1304 2993 ἡμᾶς
1333 2927 1362 2977 6
1389 2925 1595 2988 Κέλσος
1621 2965 1634 2989 ,
1675 2927 1751 2990 ὼς
1798 2927 1980 2982 οὐδὲν

395 3009 500 3062 τοῦ
529 3011 802 3080 σώματος
831 3015 1100 3081 κρεῖττον
1137 3016 1279 3068 οὐδὲ
1311 3018 1648 3086 τιμιώτερον
1668 3019 1738 3071 ἐν
1763 3019 1836 3087 τῇ
1868 3036 1979 3074 συ·-

391 3099 602 3155 στάσει
627 3102 794 3170 ἡμῶν
832 3105 1231 3173 ἡγουμένους·
1264 3105 1441 3177 ψυχὴν
1470 3107 1578 3179 γὰρ
1622 3111 1820 3173 παντὸς
1869 3111 1975 3163 σώ-

397 3208 586 3261 ματος,
605 3193 696 3245 καὶ
724 3193 959 3263 μάλιστα
983 3196 1081 3267 τὴν
1107 3196 1349 3267 λογικὴν,
1376 3199 1556 3268 φαμὲν
1577 3197 1715 3252 εἶναι
1744 3204 1974 3271 πρᾶγμα

391 3279 716 3351 τιμιώτερον
735 3298 748 3310 °
780 3285 827 3334 εί
852 3286 945 3336 καὶ
981 3284 1088 3353 (86)
1121 3285 1180 3338 τὸ
1209 3289 1328 3339 κατ’
1357 3288 1540 3342 εἰκόνα
1563 3291 1658 3342 τοῦ
1691 3291 1977 3354 κτίσαντος

391 3376 536 3446 ψυχὴ
575 3377 670 3447 μὲν
699 3380 886 3447 χωρεῖ,
906 3378 1156 3448 οὐδαμῶς
1184 3381 1241 3433 δὲ
1261 3381 1323 3434 τὸ
1353 3383 1531 3452 σῶμα.
1564 3385 1699 3437 Οὐδὲ
1725 3385 1832 3457 γὰρ
1849 3385 1968 3438 καθ’

393 3468 542 3537 ἡμᾶς
585 3466 744 3536 σῶμα
778 3469 806 3519 6
841 3467 1003 3531 Θεός·
1037 3469 1122 3521 ἵνα
1173 3468 1247 3540 μὴ
1282 3471 1667 3541 περιπέσωμεν
1701 3467 1782 3535 οἷς
1815 3490 1969 3543 περι-

392 3558 682 3612 πίπτουσιν
703 3558 924 3622 ἀτὸποις
962 3561 1008 3612 oi
1032 3559 1101 3612 τὰ
1119 3561 1364 3631 Ζήνωνος
1387 3561 1500 3631 (87)-
1526 3563 1620 3615 καὶ
1647 3564 1971 3633 Χρυσίππου

393 3648 822 3717 φιλοσοφοῦντες.

475 3738 628 3791 Ἐπεὶ
655 3739 698 3790 δ’
726 3738 973 3804 ὀνειδίζει
1022 3741 1152 3810 ἡμῖν
1183 3740 1276 3793 καὶ
1310 3741 1386 3805 ὡς
1413 3741 1638 3796 ποθοῦσι
1681 3745 1743 3798 τὸ
1791 3745 1969 3817 σῶμα,

394 3829 545 3895 ἴστω,
576 3832 679 3895 ὅτι,
710 3833 757 3884 εί
788 3833 884 3902 μὲν
915 3834 942 3884 6
965 3832 1124 3894 πόθος
1150 3833 1350 3901 φαῦλόν
1376 3834 1544 3899 ἐστιν,
1580 3836 1730 3891 οὐδὲν
1779 3839 1972 3892 ποθοῦ-

391 3937 492 3990 μεν
513 3939 524 3950 ·
553 3923 600 3973 εί
632 3922 687 3974 δὲ
725 3923 906 3992 μέσον,
934 3923 1204 3994 ποθοῦμεν
1254 3925 1432 3979 πάντα
1450 3967 1464 3989 ,
1499 3928 1598 3980 ὅσα
1627 3930 1655 3981 6
1696 3929 1829 3994 Θεὸς
1858 3933 1971 3995 τοῖς

387 4011 614 4076 δικαίοις
640 4015 1051 4083 ἐπαγγέλλεται.
1074 4015 1262 4080 Οὕτως
1282 4013 1374 4071 οὖν
1396 4019 1487 4070 καὶ
1507 4020 1605 4089 τὴν
1625 4020 1732 4074 τῶν
1747 4022 1969 4076 δικαίων

387 4105 684 4159 ἀνάστασιν
715 4106 986 4178 ποθοῦμεν
1016 4109 1109 4161 καὶ
1134 4108 1444 4177 ἐλπίζομεν.
1476 4112 1705 4181 Νομίζει
1741 4113 1798 4165 δὲ
1832 4113 1969 4166 Κέλ-

389 4213 480 4259 σος
507 4199 600 4250 καὶ
628 4198 1096 4268 ἀνομολογούμενα
1111 4202 1256 4270 ἡμᾶς
1276 4201 1485 4264 ἑαυτοῖς
1501 4204 1692 4265 ποιεῖν,
1707 4204 1841 4255 ὅπου
1871 4204 1968 4274 μὲν

385 4289 664 4352 ἐλπίζουσι
681 4291 778 4362 τὴν
805 4291 896 4343 τοῦ
931 4291 1180 4361 σώματος
1208 4293 1522 4358 ἀνάστασιν,
1571 4295 1646 4357 ὡς
1684 4297 1782 4365 τῆς
1817 4299 1967 4373 παρὰ

385 4379 520 4432 θεοῦ
545 4382 714 4452 τιμῆς
739 4381 889 4446 ἀξίου
912 4401 924 4412 ·
962 4383 1095 4435 ὅπου
1127 4383 1181 4435 δὲ
1215 4384 1494 4453 ῥίπτουσιν
1527 4385 1660 4439 αὐτὸ
1698 4387 1779 4450 είς
1808 4388 1968 4441 κολά-

388 4487 521 4534 σεις,
558 4472 635 4535 ὡς
675 4473 886 4543 ἄτιμον.
935 4475 1097 4527 Οὐδὲν
1143 4470 1235 4528 οὗν
1277 4475 1471 4546 ἄτιμον
1503 4477 1564 4530 τὸ
1593 4477 1659 4531 δι’
1684 4479 1966 4534 εὐσέϐειαν

386 4563 619 4633 πάσχον,
650 4565 743 4617 καὶ
769 4565 834 4617 δι’
852 4565 1053 4637 ἀρετὴν
1081 4569 1429 4638 περιστάσεις
1458 4569 1800 4641 αἱρούμενον’
1830 4572 1964 4626 ἀλλὰ

2166 649 2258 703 49.
2294 649 2585 703 Videamus
2615 656 2669 702 et
2694 660 2754 700 ea
2782 645 2978 714 quibus
3010 654 3196 713 postea
3240 644 3668 714 nos-compellat

2093 740 2284 795 Celsus
2337 757 2350 791 :
2405 737 2676 809 Prwterea
2749 736 3009 806 quomodo
3077 750 3179 787 non
3254 735 3483 787 absurda
3555 736 3666 787 lttL’c

2093 846 2279 898 uestra,
2309 834 2377 884 ad
2403 847 2591 895 corpus
2619 831 2880 899 aspirare,
2908 838 2954 880 et
2984 842 3195 890 sperare
3229 825 3362 878 illud
3389 842 3414 878 e
3443 826 3664 878 mortuis

2095 937 2498 990 surrecturum,
2539 925 2692 994 quasi
2751 922 2882 976 nillil
2929 923 3096 974 nostri
3141 921 3483 988 praestantius
3533 930 3662 974 esset

2091 1029 2246 1088 atque
2273 1021 2576 1088 pretiosius,
2611 1028 2656 1070 et
2694 1017 2829 1069 idem
2869 1013 3001 1067 illud
3041 1022 3216 1066 tamen
3267 1014 3506 1067 omnibus
3545 1029 3668 1066 cru-

2091 1111 2312 1164 ciatibus
2341 1125 2596 1178 exponere
2619 1120 2866 1174 tanquam
2894 1123 2999 1159 rem
3031 1105 3228 1158 nullius
3254 1106 3447 1172 pretii?
3479 1103 3674 1158 Verum-

2091 1203 2326 1256 homines
2357 1200 2659 1270 hujasmodi
2695 1199 3026 1269 opinionibus
3066 1197 3230 1252 dediti
3256 1207 3303 1251 et
3330 1198 3535 1266 corpori
3563 1199 3664 1251 ad-

2091 1294 2220 1346 dicti
2256 1293 2388 1346 tanti
2423 1308 2526 1345 non
2558 1301 2677 1345 sunt
2721 1301 2774 1344 ut
2825 1305 2943 1342 cum
2995 1288 3102 1342 illis
3133 1305 3194 1341 ea
3241 1289 3306 1342 de
3344 1304 3400 1341 re
3433 1288 3670 1341 dissero--

2090 1399 2206 1436 mus
2239 1398 2258 1438 :
2285 1384 2337 1435 lii
2365 1382 2501 1436 enim
2534 1383 2670 1434 alias
2699 1390 2746 1433 et
2771 1381 2954 1433 rustici
2985 1388 3100 1432 sunt
3125 1389 3171 1432 et
3199 1380 3415 1448 impuri,
3449 1387 3499 1432 et
3525 1381 3664 1432 sedi-

2092 1474 2282 1526 tionem
2311 1473 2455 1528 nulla
2488 1473 2698 1526 ratione
2725 1471 2952 1540 faciunt.
2981 1471 3083 1534 Qui
3112 1485 3233 1523 vero
3259 1478 3469 1537 sperant
3519 1470 3664 1533 fulu-

2092 1580 2206 1617 rutn
2239 1580 2348 1618 esse
2373 1573 2428 1616 ut
2458 1564 2634 1616 anima
2667 1571 2758 1614 aut
2798 1576 2940 1614 mens
2980 1559 3108 1628 (site
3155 1575 3270 1612 eam
3312 1560 3661 1626 substantiam

2089 1655 2401 1723 spiritalem,
2449 1654 2552 1708 sive
2595 1655 2844 1723 spiritum
2899 1651 3299 1720 intelligentiam,
3347 1662 3582 1705 sanctum
3613 1660 3662 1704 et

2090 1746 2319 1810 beatum,
2349 1747 2456 1798 sive
2491 1745 2725 1798 animant
2752 1746 3030 1814 viventem,
3060 1745 3165 1798 sive
3194 1743 3383 1796 divina:
3413 1751 3462 1795 et
3494 1745 3664 1795 incor-

2090 1852 2262 1904 poretr
2282 1845 2490 1890 natura:
2517 1836 2840 1904 progeniem,
2860 1836 2964 1889 site
2996 1849 3304 1904 quocunque
3326 1833 3432 1886 alio
3457 1834 3662 1886 nomine

2092 1927 2356 1995 appellare
2396 1927 2596 1995 velint).
2635 1937 2832 1980 (eterna
2869 1943 2985 1980 cum
3037 1926 3143 1980 Deo
3180 1927 3283 1980 vita
3327 1926 3559 1995 fruatur,
3591 1926 3663 1978 ad

2089 2035 2174 2070 eos
2199 2034 2487 2071 sermonem
2516 2016 2717 2086 dirigo.
2764 2016 2955 2071 Merito
2994 2018 3080 2076 isti
3124 2034 3433 2086 persuasum
3470 2017 3662 2070 habent

2087 2126 2175 2162 eos
2208 2108 2298 2178 qui
2335 2117 2470 2162 recte
2499 2109 2664 2178 778
2687 2108 2923 2161 vixerunt
2953 2108 3203 2176 felicitate
3225 2106 3532 2171 donandos;
3562 2109 3664 2161 ini-

2086 2215 2217 2268 quos
2243 2207 2418 2252 autem
2460 2199 2672 2251 cateruis
2697 2196 2969 2265 suppliciis
3011 2199 3299 2251 cruciatum
3340 2199 3428 2254 iri.
3461 2198 3536 2252 Ab
3564 2198 3661 2252 Itec

2086 2287 2328 2354 dogmate
2359 2301 2450 2338 nec
2478 2284 2567 2338 isti
2608 2301 2698 2338 nec
2743 2285 2908 2354 quivis
2941 2285 3080 2338 alius
3131 2288 3400 2340 discedere
3453 2288 3656 2341 debeat.

2086 2374 2532 2430 Resurrectionis
2565 2376 2758 2446 dogma
2786 2375 3036 2444 quamvis
3084 2377 3187 2430 iste
3227 2377 3384 2432 nobis
3415 2377 3523 2446 jam
3559 2393 3660 2432 εωο

2083 2468 2206 2536 pius
2247 2468 2380 2521 vitio
2428 2468 2674 2533 verterit,
2727 2475 2904 2520 tamen
2956 2482 3076 2521 cum
3118 2478 3247 2521 ante
3304 2483 3400 2535 pro
3452 2468 3660 2522 viribus

2088 2558 2382 2612 dixerimus
2411 2572 2474 2612 ea
2503 2558 2569 2612 de
2603 2573 2660 2610 re
2688 2571 2809 2624 quae
2861 2557 3015 2611 nobis
3048 2557 3247 2610 rationi
3289 2566 3658 2611 consentanea

2083 2652 2196 2705 visa
2223 2659 2369 2717 sunt,
2407 2666 2513 2706 nou
2571 2652 2834 2706 debemus
2857 2653 3137 2716 obtrusam
3182 2653 3381 2721 saepius
3417 2652 3658 2720 objecta-

2087 2743 2288 2798 tiouem
2320 2744 2547 2811 repetita
2587 2742 2786 2811 saepius
2821 2742 3142 2799 defensioue
3169 2744 3430 2798 refutare.
3469 2746 3535 2798 At
3564 2759 3657 2798 ca-

2083 2831 2382 2885 lumniatur
2416 2847 2514 2886 nos
2546 2832 2733 2886 Celsus
2758 2845 2880 2884 cum
2913 2832 3058 2887 hanc
3085 2832 3240 2886 nobis
3274 2833 3500 2886 ascribit
3532 2847 3655 2886 sen-

2081 2926 2344 2991 tentiam,
2395 2924 2526 2977 nihil
2577 2927 2631 2976 in
2683 2925 2830 2978 nobis
2889 2941 3000 2977 esse
3053 2939 3270 2992 corpore
3317 2924 3654 2993 pra'stautins

2079 3024 2236 3085 atque
2261 3017 2567 3082 pretiosius.
2597 3017 2849 3070 Animam
2880 3017 3024 3070 enim
3084 3024 3139 3070 et
3180 3018 3482 3085 praesertim
3533 3032 3651 3068 eam

2079 3124 2200 3178 quae
2246 3109 2477 3165 rationis
2513 3119 2596 3164 est
2642 3111 2938 3178 particeps,
2985 3107 3316 3164 aﬂirmamus
3353 3122 3475 3163 esse
3501 3111 3652 3163 omni

2079 3216 2309 3269 corpore
2339 3201 2749 3270 pretiosiorem;
2789 3215 2911 3254 cum
2961 3199 3014 3252 in
3053 3200 3256 3260 anima.
3294 3214 3398 3254 nou
3434 3199 3486 3251 in
3525 3213 3651 3252 cor-

2001 3326 2046 3385 c
2082 3305 2211 3361 pore
2243 3293 2546 3362 impressus
2585 3293 2655 3348 sit
2703 3291 2957 3362 imaginis
2989 3290 3300 3346 Conditoris
3344 3291 3649 3345 character.

2081 3383 2268 3454 Neque
2303 3385 2449 3439 enim
2471 3401 2536 3440 ex
2563 3385 2720 3440 nobis
2744 3385 2883 3440 Deus
2911 3392 2994 3439 est
3022 3398 3242 3452 corpus,
3274 3397 3340 3437 ne
3379 3383 3431 3436 in
3461 3383 3650 3436 eadem

2081 3476 2316 3529 absurda
2367 3476 2696 3541 incidamus,
2731 3475 2782 3528 in
2826 3491 2948 3546 quae
2987 3474 3221 3530 Zenonis
3267 3482 3321 3528 et
3361 3473 3649 3543 Chrysippi

2077 3576 2380 3622 sectatores
2421 3569 2742 3622 inciderunt.

2149 3742 2238 3796 50.
2265 3741 2531 3809 Quoniam
2579 3755 2715 3795 vero
2769 3741 2925 3796 nobis
2963 3743 3123 3797 etiam
3174 3745 3468 3811 exprobrat
3502 3747 3645 3814 quod

2076 3834 2142 3887 ad
2169 3847 2366 3900 corpus
2409 3832 2733 3900 aSpiremus,
2785 3832 2942 3896 sciat,
2979 3832 3022 3887 si
3077 3832 3405 3886 desiderium
3445 3835 3643 3888 malum

2073 3933 2176 3988 est,
2205 3922 2338 3976 nihil
2369 3936 2398 3976 a
2434 3923 2591 3976 nobis
2617 3921 2951 3985 desiderari;
2988 3923 3030 3974 si
3062 3931 3142 3976 est
3184 3922 3518 3990 imliti‘ereus,
3546 3927 3642 3978 de-

2072 4016 2303 4070 siderari
2324 4029 2352 4067 a
2379 4014 2538 4070 nobis
2565 4012 2825 4083 quidquid
2851 4013 3012 4083 justis
3049 4015 3330 4083 pollicetur
3360 4016 3521 4072 Deus.
3553 4014 3645 4069 Sic

2072 4106 2235 4174 igitur
2256 4105 2533 4174 justorum
2571 4105 3029 4159 resurrectionem
3075 4113 3324 4174 Optamus
3361 4116 3414 4160 et
3451 4120 3646 4174 spera-

2073 4208 2209 4247 mus.
2247 4192 2538 4246 Existimat
2587 4201 2850 4260 praaterea
2879 4193 3066 4248 Celsus
3110 4208 3206 4248 nos
3235 4193 3457 4247 minime
3489 4195 3646 4249 nobis

2071 4293 2348 4346 constare,
2375 4299 2500 4336 cum
2535 4282 2664 4336 hinc
2690 4283 2909 4350 quidem
2955 4298 3236 4352 speramus
3281 4285 3640 4338 resurrectio-

2071 4388 2194 4427 nem
2227 4372 2472 4440 corporis
2509 4381 2568 4425 ut
2597 4371 2742 4440 digiti
2772 4372 2860 4425 cui
2897 4373 2982 4425 hic
3021 4389 3048 4424 ιι
3087 4371 3196 4426 Deo
3233 4373 3408 4426 honor
3440 4373 3644 4427 habea—

2074 4475 2193 4532 tur;
2220 4464 2368 4518 illinc
2409 4475 2538 4515 vero
2585 4459 2838 4516 omnibus
2876 4462 3212 4517 cruciatibus
3245 4461 3377 4516 illud
3409 4463 3640 4532 exponi-

2072 4572 2214 4625 mus,
2241 4568 2296 4611 ut
2333 4570 2445 4610 rem
2486 4555 2684 4609 nullius
2711 4554 2897 4624 pretii.
2925 4554 2996 4608 At
3030 4552 3132 4608 vile
3165 4569 3272 4610 non
3301 4563 3384 4609 est
3416 4554 3467 4609 id
3496 4555 3640 4622 quod

384 4654 477 4705 καὶ
511 4655 619 4706 πᾶν
647 4654 842 4725 ἄτιμον
871 4656 931 4708 τὸ
966 4655 1102 4726 μετὰ
1139 4656 1338 4720 κακίας
1377 4659 1435 4711 ἐν
1467 4658 1682 4729 ἡδοναῖς
1725 4677 1962 4714 κατανα-

2085 4649 2290 4704 )ietatis
2334 4663 2497 4702 causa
2543 4648 2748 4716 patitur
2776 4661 2829 4702 et
2878 4655 3100 4716 propter
3136 4646 3393 4700 virtutem
3441 4646 3638 4700 discrio

382 4742 720 4814 λισγόμενον.
752 4745 888 4814 Φησὶ
916 4743 1046 4813 γοῦν
1068 4746 1162 4798 καὶ
1194 4747 1222 4797 6
1251 4745 1392 4809 θεῖος
1423 4745 1847 4817 λόγος’Σπέρμα
1867 4749 1962 4802 ἒν-

384 4851 556 4900 τιμον
579 4835 754 4889 ποῖον
765 4849 784 4900 ;
822 4835 1059 4906 σπέρμα
1093 4835 1436 4904 ἀνθρώπου·
1484 4837 1720 4907 σπέρμα
1752 4838 1962 4907 ἄτιμον

457 4989 568 5066 (Si)
607 4985 721 5066 ᾭν
749 4994 948 5066 ορδέν.
976 4995 1134 5066 Legit
1183 4987 1623 5066 Boherellus,_oig
1647 4993 1816 5051 οὐδέν.

460 5063 572 5130 (δὲ)
605 5064 746 5114 Ἔτι.
776 5063 944 5117 Recte
979 5063 1109 5118 mss.
1137 5067 1274 5119 Male
1297 5066 1453 5130 alias,
1479 5064 1603 5117 εἴτι.

458 5129 569 5201 (85)
604 5131 775 5185 Codd.
814 5133 946 5201 Reg.
973 5145 1027 5186 et
1060 5135 1409 5196 Basileensis,
1441 5129 1559 5194 τὰς
1609 5136 1829 5198 στάσεις
1876 5152 1961 5189 νο-

387 5199 626 5264 σοῦντες·
653 5203 765 5275 rei;
793 5199 1060 5275 μέντοιγε.
1097 5205 1248 5257 ι.ἰΙ›Ι›.
1278 5204 1406 5257 editi
1439 5205 1490 5255 in
1514 5212 1696 5275 textu,
1726 5208 1792 5275 τῇ
1836 5205 1963 5258 στά-

387 5270 899 5334 σειζσυννοσοῦντες.
934 5273 986 5325 lu
1011 5275 1257 5342 margine
1287 5287 1433 5340 vero,
1462 5273 1525 5342 τῇ
1556 5272 1742 5327 στάσει
1767 5270 1960 5327 ’συνόν-

381 5358 495 5404 τες,
524 5343 955 5409 quod‘prtestare
995 5341 1225 5394 \idelur.

460 5412 570 5477 (84)
600 5409 931 5477 Spencerus,
973 5410 1212 5478 ἔγγονον.
1255 5411 1420 5466 Paulo
1467 5419 1588 5478 post
1637 5412 1765 5467 libb.
1805 5413 1958 5477 editi,

383 5481 741 5563 ῥέομάζοντες
799 5481 985 5563 τοῦτον
1042 5479 1349 5563 ἐλπίζουσιν
1386 5480 1540 5563 ,ἕξειν
1595 5483 1829 5563 αἰώνιον.
1864 5484 1960 5535 σὺν

385 5549 505 5630 ρξεῷ
532 5550 691 5630 τοῦτο
712 5549 1046 5620 διαλέξομαι,
1074 5553 1168 5604 sed
1195 5552 1352 5606 codd.
1385 5552 1582 5621 Regius
1603 5562 1657 5606 et
1691 5551 1958 5606 Basileeu-

387 5624 462 5674 sis
495 5631 550 5673 ut
575 5624 623 5674 iu
660 5630 847 5674 nostro
875 5632 1044 5674 textu.

455 5691 566 5760 (85)
642 5690 1094 5756 Ἀποτείνοντες.
1165 5691 1280 5746 Non
1337 5692 1469 5747 satis
1520 5692 1673 5746 video
1711 5733 1724 5758 ,
1787 5691 1961 5760 inquit

315 5775 320 5777 ·
388 5758 719 5830 Buherellus,
751 5776 858 5831 quo
899 5763 1168 5830 pertineat
1211 5764 1352 5817 istud
1401 5762 1744 5827 vocabulum,
1783 5758 1957 5826 neque

2073 4742 2218 4796 mina
2275 4742 2454 4807 subit;
2515 4742 2607 4796 sed
2657 4741 2800 4810 quod
2853 4742 2904 4793 in
2962 4741 3110 4796 vitiis
3164 4740 3642 4810 voluptatibusque

2070 4835 2436 4898 consumitur,
2469 4833 2520 4888 id
2543 4834 2647 4888 vile
2664 4843 2768 4889 est.
2793 4832 2908 4887 lloc
2928 4833 3084 4888 docet
3112 4831 3291 4887 divina
3319 4830 3596 4901 Scriptura
3622 4847 3636 4885 :

2081 4988 2310 5044 habetur
2364 4989 2502 5042 inira
2551 5004 2700 5043 num.
2755 4990 2845 5044 5i.
2903 4988 3141 5043 Putarim
3199 5000 3320 5042 esse
3368 4987 3637 5042 diversam

2065 5061 2351 5115 lectionem
2377 5074 2496 5127 quae
2521 5073 2551 5112 e
2584 5060 2829 5128 margine
2869 5061 2920 5113 iu
2967 5070 3170 5112 textum
3202 5057 3502 5128 irrepserit.
3540 5056 3628 5108 Ni~

2068 5131 2262 5184 mirum
2295 5125 2405 5196 pro
2421 5127 2552 5181 ποτὲ
2587 5125 2820 5253 ἀποστιῇ,
2860 5131 2927 5183 ad
2968 5144 3117 5182 oram
3149 5125 3410 5194 scriptum
3464 5125 3635 5177 fuerat

2068 5199 2358 5253 ἁποσταῖέν
2385 5215 2536 5253 ποτε.
2566 5199 2710 5253 unde
2777 5208 2954 5252 actum
2996 5209 3078 5251 est
3125 5196 3251 5249 illud
3279 5235 3293 5253 ,
3321 5194 3635 5247 ἀποτείνον-

2065 5194 2358 5253 ἁποσταῖέν
2385 5215 2536 5263 ποτε,
2566 5199 2710 5253 unde
2752 5194 2954 5253 factum
2996 5209 3078 5251 est
3125 5196 3251 5249 illud
3279 5235 3293 5257 ,
3321 5194 3635 5247 ἀποτείνον-

2065 5286 2174 5332 τες,
2211 5268 2350 5337 quod
2404 5269 2454 5320 in
2509 5278 2716 5322 textum
2771 5278 3046 5336 receptum
3099 5275 3203 5318 est.
3265 5264 3424 5337 certe
3477 5265 3637 5337 dcbel

2065 5354 2186 5393 esse
2212 5333 2502 5406 optativus,
2531 5353 2628 5391 nec
2653 5338 2854 5405 plurale
2900 5333 3085 5406 minus
3115 5333 3396 5406 convenit,
3419 5343 3470 5387 et
3519 5334 3636 5406 ipse

2064 5401 2326 5477 Origenes
2350 5401 2510 5461 verba
2541 5401 2680 5462 Celsi
2715 5403 3132 5465 referensiufra,
3165 5417 3314 5456 num.
3339 5401 3431 5467 51,
3463 5401 3634 5455 semel

2062 5480 2249 5541 habet,
2287 5479 2595 5531 ἀποσταῖεν.

2133 5539 2244 5617 (86)
2275 5551 2343 5602 Et
2378 5550 2495 5601 καί.
2534 5547 2623 5600 Sic
2658 5545 2822 5617 habet
2846 5543 3009 5617 codex
3040 5539 3285 5617 Jolianus
3327 5556 3394 5617 est
3442 5555 3632 5617 eone.

2061 5609 2256 5674 ctione.
2297 5619 2413 5673 [μυ.
2450 5619 2535 5670 ed.
2563 5617 2596 5686 ἢ
2629 5615 2742 5670 καί.
2771 5612 3076 5686 Legettdttttt
3111 5619 3237 5686 puto
3269 5610 3516 5686 enataui
3548 5609 3630 5663 τό.

2131 5688 2240 5758 (δ’ῖ)
2262 5691 2325 5740 Ol
2352 5689 2421 5740 τὰ
2454 5679 2748 5753 Ζήνωνος.
2789 5679 3416 5758 Yidepduutatiuucs_a_d
3449 5683 3542 5735 lib.
3589 5695 3633 5746 ι,

2059 5750 2328 5821 ηιιίιι.’21;
2363 5759 2452 5810 lib.
2492 5750 2570 5822 ut,
2607 5771 2752 5808 nutu.
2789 5752 2877 5820 Ἡ,
2917 5752 3012 5805 lib.
3047 5765 3120 5812 tv,
3147 5764 3296 5802 num.
3333 5750 3416 5804 M.
