  <div class='ocr_page' id='page_1' title='image "/cluster/home/n/w/nwhite01/storage/ocr_20150623/11/mdp.39015013266690/821.png"; bbox 0 0 3972 6160; ppageno 0'>
   <div class='ocr_carea' id='block_1_1' title="bbox 409 306 538 361">
    <p class='ocr_par' dir='ltr' id='par_1_1' title="bbox 409 306 538 361">
     <span class='ocr_line' id='line_1_1' title="bbox 409 306 538 361; baseline 0.008 -1"><span class='ocrx_word' id='word_1_1' title='bbox 409 306 538 361; x_wconf 66' lang='grc'>1391</span> 
     </span>
    </p>
   </div>
   <div class='ocr_carea' id='block_1_2' title="bbox 1932 318 2250 377">
    <p class='ocr_par' dir='ltr' id='par_1_2' title="bbox 1932 318 2250 377">
     <span class='ocr_line' id='line_1_2' title="bbox 1932 318 2250 377; baseline -0.006 -1"><span class='ocrx_word' id='word_1_2' title='bbox 1932 318 2250 377; x_wconf 76' lang='lat' dir='ltr'><strong>ORIGENIS</strong></span> 
     </span>
    </p>
   </div>
   <div class='ocr_carea' id='block_1_3' title="bbox 3522 322 3683 377">
    <p class='ocr_par' dir='ltr' id='par_1_3' title="bbox 3522 322 3683 377">
     <span class='ocr_line' id='line_1_3' title="bbox 3522 322 3683 377; baseline 0.006 -2"><span class='ocrx_word' id='word_1_3' title='bbox 3522 323 3545 375; x_wconf 84' lang='grc'><strong>1</strong></span> <span class='ocrx_word' id='word_1_4' title='bbox 3558 322 3683 377; x_wconf 72' lang='lat'><strong>5‘32</strong></span> 
     </span>
    </p>
   </div>
   <div class='ocr_carea' id='block_1_4' title="bbox 409 425 1975 515">
    <p class='ocr_par' dir='ltr' id='par_1_4' title="bbox 409 425 1975 513">
     <span class='ocr_line' id='line_1_4' title="bbox 409 425 1975 513; baseline 0.011 -33"><span class='ocrx_word' id='word_1_5' title='bbox 409 425 634 502; x_wconf 80' lang='lat' dir='ltr'><strong>Ecquod</strong></span> <span class='ocrx_word' id='word_1_6' title='bbox 667 451 837 489; x_wconf 78' lang='lat' dir='ltr'><strong>semen</strong></span> <span class='ocrx_word' id='word_1_7' title='bbox 864 437 917 489; x_wconf 84' lang='lat' dir='ltr'><strong>in</strong></span> <span class='ocrx_word' id='word_1_8' title='bbox 944 436 1178 491; x_wconf 84' lang='lat' dir='ltr'><strong>honore?</strong></span> <span class='ocrx_word' id='word_1_9' title='bbox 1205 457 1375 494; x_wconf 85' lang='lat' dir='ltr'><strong>semen</strong></span> <span class='ocrx_word' id='word_1_10' title='bbox 1396 444 1655 508; x_wconf 78' lang='lat' dir='ltr'><strong>hominis;</strong></span> <span class='ocrx_word' id='word_1_11' title='bbox 1682 448 1875 513; x_wconf 83' lang='lat' dir='ltr'><strong>ecquod</strong></span> <span class='ocrx_word' id='word_1_12' title='bbox 1906 461 1975 497; x_wconf 85' lang='lat' dir='ltr'><strong>se-</strong></span> 
     </span>
    </p>
   </div>
   <div class='ocr_carea' id='block_1_5' title="bbox 2084 425 3684 515">
    <p class='ocr_par' dir='ltr' id='par_1_5' title="bbox 2094 438 3684 515">
     <span class='ocr_line' id='line_1_5' title="bbox 2094 438 3684 515; baseline 0.002 -21"><span class='ocrx_word' id='word_1_13' title='bbox 2094 442 2297 505; x_wconf 83' lang='grc' dir='ltr'>ποῖον;</span> <span class='ocrx_word' id='word_1_14' title='bbox 2342 442 2576 511; x_wconf 85' lang='grc' dir='ltr'>σπέρμα</span> <span class='ocrx_word' id='word_1_15' title='bbox 2609 442 2937 510; x_wconf 80' lang='grc' dir='ltr'>ἀνθρώπου.</span> <span class='ocrx_word' id='word_1_16' title='bbox 2971 438 3081 496; x_wconf 78' lang='grc' dir='ltr'><strong>Εἶτ’</strong></span> <span class='ocrx_word' id='word_1_17' title='bbox 3115 444 3280 499; x_wconf 78' lang='grc' dir='ltr'>οἴεται</span> <span class='ocrx_word' id='word_1_18' title='bbox 3316 443 3389 515; x_wconf 81' lang='grc' dir='ltr'>μὴ</span> <span class='ocrx_word' id='word_1_19' title='bbox 3420 443 3684 513; x_wconf 74' lang='grc' dir='ltr'>διαλέγε-</span> 
     </span>
    </p>
   </div>
   <div class='ocr_carea' id='block_1_6' title="bbox 411 524 1983 603">
    <p class='ocr_par' dir='ltr' id='par_1_6' title="bbox 411 524 1983 603">
     <span class='ocr_line' id='line_1_6' title="bbox 411 524 1983 603; baseline 0.011 -32"><span class='ocrx_word' id='word_1_20' title='bbox 411 536 530 575; x_wconf 86' lang='lat' dir='ltr'><strong>meu</strong></span> <span class='ocrx_word' id='word_1_21' title='bbox 565 524 621 576; x_wconf 87' lang='lat' dir='ltr'><strong>in</strong></span> <span class='ocrx_word' id='word_1_22' title='bbox 670 527 1006 593; x_wconf 83' lang='lat' dir='ltr'><strong>contemptu?</strong></span> <span class='ocrx_word' id='word_1_23' title='bbox 1037 544 1209 582; x_wconf 85' lang='lat' dir='ltr'><strong>semen</strong></span> <span class='ocrx_word' id='word_1_24' title='bbox 1250 532 1536 588; x_wconf 74' lang='lat' dir='ltr'><strong>Itominis‘.</strong></span> <span class='ocrx_word' id='word_1_25' title='bbox 1590 534 1793 587; x_wconf 89' lang='lat' dir='ltr'><strong>Deinde</strong></span> <span class='ocrx_word' id='word_1_26' title='bbox 1828 545 1983 603; x_wconf 88' lang='lat' dir='ltr'><strong>putat</strong></span> 
     </span>
    </p>
   </div>
   <div class='ocr_carea' id='block_1_7' title="bbox 411 609 1980 693">
    <p class='ocr_par' dir='ltr' id='par_1_7' title="bbox 411 609 1980 693">
     <span class='ocr_line' id='line_1_7' title="bbox 411 609 1980 693; baseline 0.01 -30"><span class='ocrx_word' id='word_1_27' title='bbox 411 609 603 668; x_wconf 82' lang='lat' dir='ltr'><strong>Celsus</strong></span> <span class='ocrx_word' id='word_1_28' title='bbox 646 630 771 668; x_wconf 90' lang='lat' dir='ltr'><strong>cum</strong></span> <span class='ocrx_word' id='word_1_29' title='bbox 809 616 1122 671; x_wconf 87' lang='lat' dir='ltr'><strong>hominibus</strong></span> <span class='ocrx_word' id='word_1_30' title='bbox 1166 618 1362 674; x_wconf 87' lang='lat' dir='ltr'><strong>disseri</strong></span> <span class='ocrx_word' id='word_1_31' title='bbox 1401 639 1507 677; x_wconf 94' lang='lat' dir='ltr'><strong>non</strong></span> <span class='ocrx_word' id='word_1_32' title='bbox 1559 636 1816 693; x_wconf 81' lang='lat' dir='ltr'><strong>oportere</strong></span> <span class='ocrx_word' id='word_1_33' title='bbox 1856 641 1980 681; x_wconf 83' lang='lat' dir='ltr'><strong>cor-</strong></span> 
     </span>
    </p>
   </div>
   <div class='ocr_carea' id='block_1_8' title="bbox 413 701 1980 781">
    <p class='ocr_par' dir='ltr' id='par_1_8' title="bbox 413 701 1980 781">
     <span class='ocr_line' id='line_1_8' title="bbox 413 701 1980 781; baseline 0.011 -31"><span class='ocrx_word' id='word_1_34' title='bbox 413 701 564 767; x_wconf 87' lang='lat' dir='ltr'><strong>poris</strong></span> <span class='ocrx_word' id='word_1_35' title='bbox 591 704 875 757; x_wconf 88' lang='lat' dir='ltr'><strong>commoda</strong></span> <span class='ocrx_word' id='word_1_36' title='bbox 903 706 1274 773; x_wconf 76' lang='lat' dir='ltr'><strong>sperantibus,</strong></span> <span class='ocrx_word' id='word_1_37' title='bbox 1297 712 1494 779; x_wconf 81' lang='lat' dir='ltr'><strong>quippe</strong></span> <span class='ocrx_word' id='word_1_38' title='bbox 1515 714 1606 781; x_wconf 87' lang='lat' dir='ltr'><strong>qui</strong></span> <span class='ocrx_word' id='word_1_39' title='bbox 1635 714 1783 767; x_wconf 90' lang='lat' dir='ltr'><strong>nulla</strong></span> <span class='ocrx_word' id='word_1_40' title='bbox 1817 730 1980 768; x_wconf 88' lang='lat' dir='ltr'><strong>causa</strong></span> 
     </span>
    </p>
   </div>
   <div class='ocr_carea' id='block_1_9' title="bbox 411 793 1978 869">
    <p class='ocr_par' dir='ltr' id='par_1_9' title="bbox 411 793 1978 869">
     <span class='ocr_line' id='line_1_9' title="bbox 411 793 1978 869; baseline 0.008 -24"><span class='ocrx_word' id='word_1_41' title='bbox 411 793 611 848; x_wconf 95' lang='lat' dir='ltr'><strong>addicti</strong></span> <span class='ocrx_word' id='word_1_42' title='bbox 648 805 775 847; x_wconf 90' lang='lat' dir='ltr'><strong>sunt</strong></span> <span class='ocrx_word' id='word_1_43' title='bbox 810 796 883 849; x_wconf 87' lang='lat' dir='ltr'><strong>rei</strong></span> <span class='ocrx_word' id='word_1_44' title='bbox 920 795 971 848; x_wconf 89' lang='lat' dir='ltr'><strong>in</strong></span> <span class='ocrx_word' id='word_1_45' title='bbox 1007 810 1171 865; x_wconf 91' lang='lat' dir='ltr'><strong>quam</strong></span> <span class='ocrx_word' id='word_1_46' title='bbox 1202 811 1419 869; x_wconf 82' lang='lat' dir='ltr'><strong>Sperata</strong></span> <span class='ocrx_word' id='word_1_47' title='bbox 1452 804 1520 865; x_wconf 88' lang='lat' dir='ltr'><strong>ab</strong></span> <span class='ocrx_word' id='word_1_48' title='bbox 1550 804 1656 858; x_wconf 92' lang='lat' dir='ltr'><strong>illis</strong></span> <span class='ocrx_word' id='word_1_49' title='bbox 1695 806 1978 860; x_wconf 88' lang='lat' dir='ltr'><strong>commoda</strong></span> 
     </span>
    </p>
   </div>
   <div class='ocr_carea' id='block_1_10' title="bbox 411 884 1982 963">
    <p class='ocr_par' dir='ltr' id='par_1_10' title="bbox 411 884 1982 963">
     <span class='ocr_line' id='line_1_10' title="bbox 411 884 1982 963; baseline 0.009 -27"><span class='ocrx_word' id='word_1_50' title='bbox 411 884 607 938; x_wconf 83' lang='lat' dir='ltr'><strong>cadere</strong></span> <span class='ocrx_word' id='word_1_51' title='bbox 632 899 735 939; x_wconf 91' lang='lat' dir='ltr'><strong>non</strong></span> <span class='ocrx_word' id='word_1_52' title='bbox 765 896 1016 953; x_wconf 90' lang='lat' dir='ltr'><strong>possunt.</strong></span> <span class='ocrx_word' id='word_1_53' title='bbox 1054 886 1163 941; x_wconf 87' lang='lat' dir='ltr'><strong>Hos</strong></span> <span class='ocrx_word' id='word_1_54' title='bbox 1190 890 1353 944; x_wconf 89' lang='lat' dir='ltr'><strong>etiam</strong></span> <span class='ocrx_word' id='word_1_55' title='bbox 1399 896 1631 949; x_wconf 87' lang='lat' dir='ltr'><strong>rusticos</strong></span> <span class='ocrx_word' id='word_1_56' title='bbox 1662 904 1716 949; x_wconf 90' lang='lat' dir='ltr'><strong>et</strong></span> <span class='ocrx_word' id='word_1_57' title='bbox 1743 897 1982 963; x_wconf 88' lang='lat' dir='ltr'><strong>impuros</strong></span> 
     </span>
    </p>
   </div>
   <div class='ocr_carea' id='block_1_11' title="bbox 409 976 1980 1039">
    <p class='ocr_par' dir='ltr' id='par_1_11' title="bbox 409 976 1980 1039">
     <span class='ocr_line' id='line_1_11' title="bbox 409 976 1980 1039; baseline 0.01 -16"><span class='ocrx_word' id='word_1_58' title='bbox 409 984 657 1029; x_wconf 81' lang='lat' dir='ltr'><strong>vocatae</strong></span> <span class='ocrx_word' id='word_1_59' title='bbox 706 976 852 1029; x_wconf 91' lang='lat' dir='ltr'><strong>nulla</strong></span> <span class='ocrx_word' id='word_1_60' title='bbox 901 979 1113 1032; x_wconf 87' lang='lat' dir='ltr'><strong>ratione</strong></span> <span class='ocrx_word' id='word_1_61' title='bbox 1150 980 1403 1034; x_wconf 90' lang='lat' dir='ltr'><strong>seditioni</strong></span> <span class='ocrx_word' id='word_1_62' title='bbox 1451 984 1700 1039; x_wconf 89' lang='lat' dir='ltr'><strong>deditos:</strong></span> <span class='ocrx_word' id='word_1_63' title='bbox 1737 1000 1857 1039; x_wconf 91' lang='lat' dir='ltr'><strong>cum</strong></span> <span class='ocrx_word' id='word_1_64' title='bbox 1891 986 1980 1039; x_wconf 87' lang='lat' dir='ltr'><strong>de-</strong></span> 
     </span>
    </p>
   </div>
   <div class='ocr_carea' id='block_1_12' title="bbox 409 1066 1982 1143">
    <p class='ocr_par' dir='ltr' id='par_1_12' title="bbox 409 1066 1982 1143">
     <span class='ocr_line' id='line_1_12' title="bbox 409 1066 1982 1143; baseline 0.01 -28"><span class='ocrx_word' id='word_1_65' title='bbox 409 1066 614 1119; x_wconf 87' lang='lat' dir='ltr'><strong>hnisset</strong></span> <span class='ocrx_word' id='word_1_66' title='bbox 655 1077 711 1118; x_wconf 94' lang='lat' dir='ltr'><strong>ut</strong></span> <span class='ocrx_word' id='word_1_67' title='bbox 756 1067 839 1120; x_wconf 87' lang='lat' dir='ltr'><strong>vir</strong></span> <span class='ocrx_word' id='word_1_68' title='bbox 882 1069 1153 1123; x_wconf 87' lang='lat' dir='ltr'><strong>lmmanus</strong></span> <span class='ocrx_word' id='word_1_69' title='bbox 1197 1071 1360 1125; x_wconf 87' lang='lat' dir='ltr'><strong>etiam</strong></span> <span class='ocrx_word' id='word_1_70' title='bbox 1402 1075 1792 1143; x_wconf 76' lang='lat' dir='ltr'><strong>agrestioribus</strong></span> <span class='ocrx_word' id='word_1_71' title='bbox 1831 1074 1982 1130; x_wconf 81' lang='lat' dir='ltr'><strong>auxi-</strong></span> 
     </span>
    </p>
   </div>
   <div class='ocr_carea' id='block_1_13' title="bbox 408 1149 1979 1222">
    <p class='ocr_par' dir='ltr' id='par_1_13' title="bbox 408 1149 1979 1222">
     <span class='ocr_line' id='line_1_13' title="bbox 408 1149 1979 1222; baseline 0.012 -21"><span class='ocrx_word' id='word_1_72' title='bbox 408 1151 536 1203; x_wconf 89' lang='lat' dir='ltr'><strong>lium</strong></span> <span class='ocrx_word' id='word_1_73' title='bbox 570 1149 735 1206; x_wconf 77' lang='lat' dir='ltr'><strong>ferre.</strong></span> <span class='ocrx_word' id='word_1_74' title='bbox 783 1153 968 1222; x_wconf 77' lang='lat' dir='ltr'><strong>Neque</strong></span> <span class='ocrx_word' id='word_1_75' title='bbox 1000 1158 1146 1210; x_wconf 89' lang='lat' dir='ltr'><strong>enim</strong></span> <span class='ocrx_word' id='word_1_76' title='bbox 1191 1161 1347 1215; x_wconf 88' lang='lat' dir='ltr'><strong>nobis</strong></span> <span class='ocrx_word' id='word_1_77' title='bbox 1394 1171 1453 1214; x_wconf 90' lang='lat' dir='ltr'><strong>ut</strong></span> <span class='ocrx_word' id='word_1_78' title='bbox 1496 1177 1619 1218; x_wconf 87' lang='lat' dir='ltr'><strong>cum</strong></span> <span class='ocrx_word' id='word_1_79' title='bbox 1663 1164 1837 1219; x_wconf 81' lang='lat' dir='ltr'><strong>brutis</strong></span> <span class='ocrx_word' id='word_1_80' title='bbox 1860 1167 1979 1219; x_wconf 87' lang='lat' dir='ltr'><strong>ani-</strong></span> 
     </span>
    </p>
   </div>
   <div class='ocr_carea' id='block_1_14' title="bbox 407 1242 1980 1312">
    <p class='ocr_par' dir='ltr' id='par_1_14' title="bbox 407 1242 1980 1312">
     <span class='ocr_line' id='line_1_14' title="bbox 407 1242 1980 1312; baseline 0.011 -19"><span class='ocrx_word' id='word_1_81' title='bbox 407 1242 706 1306; x_wconf 74' lang='lat' dir='ltr'><strong>mantibus,</strong></span> <span class='ocrx_word' id='word_1_82' title='bbox 754 1244 826 1297; x_wconf 87' lang='lat' dir='ltr'><strong>ita</strong></span> <span class='ocrx_word' id='word_1_83' title='bbox 884 1261 1004 1300; x_wconf 91' lang='lat' dir='ltr'><strong>cum</strong></span> <span class='ocrx_word' id='word_1_84' title='bbox 1070 1248 1453 1306; x_wconf 88' lang='lat' dir='ltr'><strong>rusticioribus</strong></span> <span class='ocrx_word' id='word_1_85' title='bbox 1505 1253 1817 1312; x_wconf 88' lang='lat' dir='ltr'><strong>hominibus</strong></span> <span class='ocrx_word' id='word_1_86' title='bbox 1869 1256 1980 1311; x_wconf 87' lang='lat' dir='ltr'><strong>cir-</strong></span> 
     </span>
    </p>
   </div>
   <div class='ocr_carea' id='block_1_15' title="bbox 405 1334 1978 1410">
    <p class='ocr_par' dir='ltr' id='par_1_15' title="bbox 405 1334 1978 1410">
     <span class='ocr_line' id='line_1_15' title="bbox 405 1334 1978 1410; baseline 0.009 -25"><span class='ocrx_word' id='word_1_87' title='bbox 405 1334 736 1403; x_wconf 83' lang='lat' dir='ltr'><strong>cumscripta</strong></span> <span class='ocrx_word' id='word_1_88' title='bbox 790 1337 1026 1391; x_wconf 81' lang='lat' dir='ltr'><strong>societas</strong></span> <span class='ocrx_word' id='word_1_89' title='bbox 1061 1348 1180 1404; x_wconf 89' lang='lat' dir='ltr'><strong>est;</strong></span> <span class='ocrx_word' id='word_1_90' title='bbox 1211 1342 1306 1394; x_wconf 90' lang='lat' dir='ltr'><strong>sed</strong></span> <span class='ocrx_word' id='word_1_91' title='bbox 1355 1342 1447 1409; x_wconf 87' lang='lat' dir='ltr'><strong>qui</strong></span> <span class='ocrx_word' id='word_1_92' title='bbox 1500 1358 1598 1399; x_wconf 90' lang='lat' dir='ltr'><strong>nos</strong></span> <span class='ocrx_word' id='word_1_93' title='bbox 1631 1343 1781 1410; x_wconf 82' lang='lat' dir='ltr'><strong>fecit,</strong></span> <span class='ocrx_word' id='word_1_94' title='bbox 1820 1345 1865 1400; x_wconf 91' lang='lat' dir='ltr'><strong>is</strong></span> <span class='ocrx_word' id='word_1_95' title='bbox 1905 1347 1978 1399; x_wconf 91' lang='lat' dir='ltr'><strong>ita</strong></span> 
     </span>
    </p>
   </div>
   <div class='ocr_carea' id='block_1_16' title="bbox 408 1422 1977 1490">
    <p class='ocr_par' dir='ltr' id='par_1_16' title="bbox 408 1422 1977 1490">
     <span class='ocr_line' id='line_1_16' title="bbox 408 1422 1977 1490; baseline 0.011 -17"><span class='ocrx_word' id='word_1_96' title='bbox 408 1437 506 1476; x_wconf 83' lang='lat' dir='ltr'><strong>nos</strong></span> <span class='ocrx_word' id='word_1_97' title='bbox 543 1422 672 1479; x_wconf 81' lang='lat' dir='ltr'><strong>fecit</strong></span> <span class='ocrx_word' id='word_1_98' title='bbox 716 1435 774 1479; x_wconf 89' lang='lat' dir='ltr'><strong>ut</strong></span> <span class='ocrx_word' id='word_1_99' title='bbox 809 1441 931 1480; x_wconf 90' lang='lat' dir='ltr'><strong>cum</strong></span> <span class='ocrx_word' id='word_1_100' title='bbox 984 1427 1258 1485; x_wconf 85' lang='lat' dir='ltr'><strong>universis</strong></span> <span class='ocrx_word' id='word_1_101' title='bbox 1310 1432 1623 1488; x_wconf 88' lang='lat' dir='ltr'><strong>hominibus</strong></span> <span class='ocrx_word' id='word_1_102' title='bbox 1660 1436 1977 1490; x_wconf 84' lang='lat' dir='ltr'><strong>societatem</strong></span> 
     </span>
    </p>
   </div>
   <div class='ocr_carea' id='block_1_17' title="bbox 409 1514 1977 1588">
    <p class='ocr_par' dir='ltr' id='par_1_17' title="bbox 409 1514 1977 1588">
     <span class='ocr_line' id='line_1_17' title="bbox 409 1514 1977 1588; baseline 0.01 -24"><span class='ocrx_word' id='word_1_103' title='bbox 409 1514 754 1570; x_wconf 80' lang='lat' dir='ltr'><strong>haberemus.</strong></span> <span class='ocrx_word' id='word_1_104' title='bbox 800 1518 960 1572; x_wconf 74' lang='lat' dir='ltr'><strong>Decet</strong></span> <span class='ocrx_word' id='word_1_105' title='bbox 1002 1520 1166 1588; x_wconf 83' lang='lat' dir='ltr'><strong>igitur</strong></span> <span class='ocrx_word' id='word_1_106' title='bbox 1194 1532 1249 1577; x_wconf 93' lang='lat' dir='ltr'><strong>et</strong></span> <span class='ocrx_word' id='word_1_107' title='bbox 1281 1539 1403 1578; x_wconf 93' lang='lat' dir='ltr'><strong>cum</strong></span> <span class='ocrx_word' id='word_1_108' title='bbox 1434 1525 1652 1580; x_wconf 85' lang='lat' dir='ltr'><strong>rusticis</strong></span> <span class='ocrx_word' id='word_1_109' title='bbox 1687 1526 1977 1588; x_wconf 88' lang='lat' dir='ltr'><strong>disserere,</strong></span> 
     </span>
    </p>
   </div>
   <div class='ocr_carea' id='block_1_18' title="bbox 406 1604 1976 1683">
    <p class='ocr_par' dir='ltr' id='par_1_18' title="bbox 406 1604 1976 1683">
     <span class='ocr_line' id='line_1_18' title="bbox 406 1604 1976 1683; baseline 0.007 -26"><span class='ocrx_word' id='word_1_110' title='bbox 406 1614 463 1657; x_wconf 87' lang='lat' dir='ltr'><strong>et</strong></span> <span class='ocrx_word' id='word_1_111' title='bbox 492 1604 621 1660; x_wconf 88' lang='lat' dir='ltr'><strong>totis</strong></span> <span class='ocrx_word' id='word_1_112' title='bbox 663 1608 867 1663; x_wconf 83' lang='lat' dir='ltr'><strong>viribus</strong></span> <span class='ocrx_word' id='word_1_113' title='bbox 895 1625 988 1665; x_wconf 84' lang='lat' dir='ltr'><strong>eos</strong></span> <span class='ocrx_word' id='word_1_114' title='bbox 1019 1612 1083 1664; x_wconf 87' lang='lat' dir='ltr'><strong>ad</strong></span> <span class='ocrx_word' id='word_1_115' title='bbox 1118 1612 1421 1668; x_wconf 86' lang='lat' dir='ltr'><strong>civiliorem</strong></span> <span class='ocrx_word' id='word_1_116' title='bbox 1459 1616 1623 1667; x_wconf 89' lang='lat' dir='ltr'><strong>vitam</strong></span> <span class='ocrx_word' id='word_1_117' title='bbox 1662 1616 1976 1683; x_wconf 74' lang='lat' dir='ltr'><strong>traducere;</strong></span> 
     </span>
    </p>
   </div>
   <div class='ocr_carea' id='block_1_19' title="bbox 406 1696 1977 1771">
    <p class='ocr_par' dir='ltr' id='par_1_19' title="bbox 406 1696 1977 1771">
     <span class='ocr_line' id='line_1_19' title="bbox 406 1696 1977 1771; baseline 0.007 -24"><span class='ocrx_word' id='word_1_118' title='bbox 406 1710 529 1747; x_wconf 90' lang='lat' dir='ltr'><strong>cum</strong></span> <span class='ocrx_word' id='word_1_119' title='bbox 573 1696 801 1765; x_wconf 88' lang='lat' dir='ltr'><strong>impuris</strong></span> <span class='ocrx_word' id='word_1_120' title='bbox 827 1699 1013 1763; x_wconf 80' lang='lat' dir='ltr'><strong>etiam,</strong></span> <span class='ocrx_word' id='word_1_121' title='bbox 1040 1709 1120 1765; x_wconf 91' lang='lat' dir='ltr'><strong>ut,</strong></span> <span class='ocrx_word' id='word_1_122' title='bbox 1165 1712 1429 1769; x_wconf 89' lang='lat' dir='ltr'><strong>quantum</strong></span> <span class='ocrx_word' id='word_1_123' title='bbox 1469 1703 1584 1757; x_wconf 81' lang='lat' dir='ltr'><strong>ﬁeri</strong></span> <span class='ocrx_word' id='word_1_124' title='bbox 1628 1712 1825 1771; x_wconf 92' lang='lat' dir='ltr'><strong>potest,</strong></span> <span class='ocrx_word' id='word_1_125' title='bbox 1859 1705 1977 1771; x_wconf 87' lang='lat' dir='ltr'><strong>puri</strong></span> 
     </span>
    </p>
   </div>
   <div class='ocr_carea' id='block_1_20' title="bbox 2086 534 3681 605">
    <p class='ocr_par' dir='ltr' id='par_1_20' title="bbox 2086 534 3681 605">
     <span class='ocr_line' id='line_1_20' title="bbox 2086 534 3681 605; baseline -0.002 -16"><span class='ocrx_word' id='word_1_126' title='bbox 2086 535 2210 589; x_wconf 85' lang='grc' dir='ltr'><strong>σθαι</strong></span> <span class='ocrx_word' id='word_1_127' title='bbox 2258 535 2367 588; x_wconf 85' lang='grc' dir='ltr'><strong>δεῖν</strong></span> <span class='ocrx_word' id='word_1_128' title='bbox 2408 537 2523 597; x_wconf 88' lang='grc' dir='ltr'>τοῖς</span> <span class='ocrx_word' id='word_1_129' title='bbox 2570 534 2635 586; x_wconf 70' lang='grc' dir='ltr'><strong>τά</strong></span> <span class='ocrx_word' id='word_1_130' title='bbox 2674 535 2803 604; x_wconf 75' lang='grc' dir='ltr'>περὶ</span> <span class='ocrx_word' id='word_1_131' title='bbox 2846 534 2942 587; x_wconf 83' lang='grc' dir='ltr'><strong>τοῦ</strong></span> <span class='ocrx_word' id='word_1_132' title='bbox 2995 534 3243 605; x_wconf 85' lang='grc' dir='ltr'>σώματος</span> <span class='ocrx_word' id='word_1_133' title='bbox 3289 536 3600 600; x_wconf 78' lang='grc' dir='ltr'><strong>ἐλπίζουσιν</strong></span> <span class='ocrx_word' id='word_1_134' title='bbox 3644 536 3681 586; x_wconf 82' lang='grc' dir='ltr'>ὁ</span> 
     </span>
    </p>
   </div>
   <div class='ocr_carea' id='block_1_21' title="bbox 2084 626 3683 701">
    <p class='ocr_par' dir='ltr' id='par_1_21' title="bbox 2084 626 3683 701">
     <span class='ocr_line' id='line_1_21' title="bbox 2084 626 3683 701; baseline 0.001 -22"><span class='ocrx_word' id='word_1_135' title='bbox 2084 628 2308 691; x_wconf 77' lang='grc' dir='ltr'><strong>Κέλσος,</strong></span> <span class='ocrx_word' id='word_1_136' title='bbox 2338 627 2412 690; x_wconf 86' lang='grc' dir='ltr'>ὡς</span> <span class='ocrx_word' id='word_1_137' title='bbox 2443 626 2824 701; x_wconf 70' lang='grc' dir='ltr'>συντετηκόσιν</span> <span class='ocrx_word' id='word_1_138' title='bbox 2852 626 3059 693; x_wconf 80' lang='grc' dir='ltr'><strong>ἀλόγως</strong></span> <span class='ocrx_word' id='word_1_139' title='bbox 3100 628 3385 698; x_wconf 79' lang='grc' dir='ltr'><strong>πράγματι</strong></span> <span class='ocrx_word' id='word_1_140' title='bbox 3417 628 3683 698; x_wconf 80' lang='grc' dir='ltr'>ἀδυνάτῳ</span> 
     </span>
    </p>
   </div>
   <div class='ocr_carea' id='block_1_22' title="bbox 2082 715 3680 787">
    <p class='ocr_par' dir='ltr' id='par_1_22' title="bbox 2082 715 3680 787">
     <span class='ocr_line' id='line_1_22' title="bbox 2082 715 3680 787; baseline 0.002 -18"><span class='ocrx_word' id='word_1_141' title='bbox 2082 720 2262 786; x_wconf 82' lang='grc' dir='ltr'>τυχεῖν</span> <span class='ocrx_word' id='word_1_142' title='bbox 2294 717 2403 771; x_wconf 85' lang='grc' dir='ltr'><strong>τῶν</strong></span> <span class='ocrx_word' id='word_1_143' title='bbox 2432 715 2799 786; x_wconf 78' lang='grc' dir='ltr'><strong>ἐλπιζομένων</strong></span> <span class='ocrx_word' id='word_1_144' title='bbox 2849 717 2940 769; x_wconf 84' lang='grc' dir='ltr'>ὑπ’</span> <span class='ocrx_word' id='word_1_145' title='bbox 2983 717 3162 771; x_wconf 77' lang='grc' dir='ltr'>αὐτῶν</span> <span class='ocrx_word' id='word_1_146' title='bbox 3186 757 3199 781; x_wconf 88' lang='grc'><strong>,</strong></span> <span class='ocrx_word' id='word_1_147' title='bbox 3244 718 3530 787; x_wconf 82' lang='grc' dir='ltr'>ἀγροίκους</span> <span class='ocrx_word' id='word_1_148' title='bbox 3566 721 3680 775; x_wconf 71' lang='grc' dir='ltr'>καὶ</span> 
     </span>
    </p>
   </div>
   <div class='ocr_carea' id='block_1_23' title="bbox 2082 807 3682 880">
    <p class='ocr_par' dir='ltr' id='par_1_23' title="bbox 2082 807 3682 880">
     <span class='ocr_line' id='line_1_23' title="bbox 2082 807 3682 880; baseline 0.003 -21"><span class='ocrx_word' id='word_1_149' title='bbox 2082 807 2424 878; x_wconf 83' lang='grc' dir='ltr'>ἀκαθάρτους</span> <span class='ocrx_word' id='word_1_150' title='bbox 2449 808 2647 871; x_wconf 80' lang='grc' dir='ltr'>αὐτοὺς</span> <span class='ocrx_word' id='word_1_151' title='bbox 2674 807 2875 871; x_wconf 86' lang='grc' dir='ltr'>καλῶν,</span> <span class='ocrx_word' id='word_1_152' title='bbox 2924 810 3018 862; x_wconf 76' lang='grc' dir='ltr'><strong>καὶ</strong></span> <span class='ocrx_word' id='word_1_153' title='bbox 3054 810 3222 880; x_wconf 74' lang='grc' dir='ltr'>χωρὶς</span> <span class='ocrx_word' id='word_1_154' title='bbox 3267 809 3427 877; x_wconf 89' lang='grc' dir='ltr'>λόγου</span> <span class='ocrx_word' id='word_1_155' title='bbox 3475 812 3682 863; x_wconf 81' lang='grc' dir='ltr'>συνόν-</span> 
     </span>
    </p>
   </div>
   <div class='ocr_carea' id='block_1_24' title="bbox 2079 895 3683 969">
    <p class='ocr_par' dir='ltr' id='par_1_24' title="bbox 2079 895 3683 969">
     <span class='ocr_line' id='line_1_24' title="bbox 2079 895 3683 969; baseline 0.003 -22"><span class='ocrx_word' id='word_1_156' title='bbox 2079 912 2176 959; x_wconf 88' lang='grc' dir='ltr'><strong>τας</strong></span> <span class='ocrx_word' id='word_1_157' title='bbox 2206 895 2315 967; x_wconf 92' lang='grc'>(88)</span> <span class='ocrx_word' id='word_1_158' title='bbox 2357 899 2421 966; x_wconf 85' lang='grc' dir='ltr'>τῇ</span> <span class='ocrx_word' id='word_1_159' title='bbox 2465 897 2681 949; x_wconf 82' lang='grc' dir='ltr'><strong>στάσει·</strong></span> <span class='ocrx_word' id='word_1_160' title='bbox 2724 896 2842 949; x_wconf 85' lang='grc' dir='ltr'>δέον</span> <span class='ocrx_word' id='word_1_161' title='bbox 2893 897 2968 960; x_wconf 85' lang='grc' dir='ltr'>ὡς</span> <span class='ocrx_word' id='word_1_162' title='bbox 3010 897 3385 969; x_wconf 83' lang='grc' dir='ltr'>φιλάνθρωπον</span> <span class='ocrx_word' id='word_1_163' title='bbox 3428 900 3683 962; x_wconf 73' lang='grc' dir='ltr'>καὶτοῖς</span> 
     </span>
    </p>
   </div>
   <div class='ocr_carea' id='block_1_25' title="bbox 2081 985 3677 1060">
    <p class='ocr_par' dir='ltr' id='par_1_25' title="bbox 2081 985 3677 1060">
     <span class='ocr_line' id='line_1_25' title="bbox 2081 985 3677 1060; baseline 0.003 -22"><span class='ocrx_word' id='word_1_164' title='bbox 2081 986 2484 1055; x_wconf 79' lang='grc' dir='ltr'>ἀγροικοτέροις</span> <span class='ocrx_word' id='word_1_165' title='bbox 2514 985 2727 1055; x_wconf 83' lang='grc' dir='ltr'>βοηθεῖν</span> <span class='ocrx_word' id='word_1_166' title='bbox 2747 1003 2759 1015; x_wconf 87' lang='grc'><strong>·</strong></span> <span class='ocrx_word' id='word_1_167' title='bbox 2788 987 2909 1039; x_wconf 79' lang='grc' dir='ltr'>οὐδὲ</span> <span class='ocrx_word' id='word_1_168' title='bbox 2936 988 3045 1059; x_wconf 83' lang='grc' dir='ltr'><strong>γάρ</strong></span> <span class='ocrx_word' id='word_1_169' title='bbox 3075 988 3134 1040; x_wconf 82' lang='grc' dir='ltr'><strong>τὸ</strong></span> <span class='ocrx_word' id='word_1_170' title='bbox 3162 990 3472 1043; x_wconf 83' lang='grc' dir='ltr'>κοινωνικὸν</span> <span class='ocrx_word' id='word_1_171' title='bbox 3502 1008 3677 1060; x_wconf 84' lang='grc' dir='ltr'>περι-</span> 
     </span>
    </p>
   </div>
   <div class='ocr_carea' id='block_1_26' title="bbox 2081 1076 3681 1147">
    <p class='ocr_par' dir='ltr' id='par_1_26' title="bbox 2081 1076 3681 1147">
     <span class='ocr_line' id='line_1_26' title="bbox 2081 1076 3681 1147; baseline 0.004 -19"><span class='ocrx_word' id='word_1_172' title='bbox 2081 1078 2383 1147; x_wconf 73' lang='grc' dir='ltr'><strong>γέγραπται</strong></span> <span class='ocrx_word' id='word_1_173' title='bbox 2422 1076 2610 1146; x_wconf 85' lang='grc' dir='ltr'>ῶσπερ</span> <span class='ocrx_word' id='word_1_174' title='bbox 2656 1076 2762 1130; x_wconf 85' lang='grc' dir='ltr'><strong>ἀπὸ</strong></span> <span class='ocrx_word' id='word_1_175' title='bbox 2796 1077 2902 1131; x_wconf 89' lang='grc' dir='ltr'><strong>τῶν</strong></span> <span class='ocrx_word' id='word_1_176' title='bbox 2934 1079 3141 1147; x_wconf 85' lang='grc' dir='ltr'>ἀλόγων</span> <span class='ocrx_word' id='word_1_177' title='bbox 3187 1079 3358 1147; x_wconf 81' lang='grc' dir='ltr'>ζώων,</span> <span class='ocrx_word' id='word_1_178' title='bbox 3392 1080 3535 1134; x_wconf 80' lang='grc' dir='ltr'>οὓτω</span> <span class='ocrx_word' id='word_1_179' title='bbox 3565 1083 3681 1134; x_wconf 73' lang='grc' dir='ltr'><strong>καὶ</strong></span> 
     </span>
    </p>
   </div>
   <div class='ocr_carea' id='block_1_27' title="bbox 2081 1167 3678 1241">
    <p class='ocr_par' dir='ltr' id='par_1_27' title="bbox 2081 1167 3678 1241">
     <span class='ocr_line' id='line_1_27' title="bbox 2081 1167 3678 1241; baseline 0.003 -22"><span class='ocrx_word' id='word_1_180' title='bbox 2081 1168 2187 1220; x_wconf 87' lang='grc' dir='ltr'><strong>ἀπὸ</strong></span> <span class='ocrx_word' id='word_1_181' title='bbox 2231 1167 2340 1221; x_wconf 89' lang='grc' dir='ltr'><strong>τῶν</strong></span> <span class='ocrx_word' id='word_1_182' title='bbox 2378 1169 2783 1238; x_wconf 85' lang='grc' dir='ltr'>ἀγροικοτέρων</span> <span class='ocrx_word' id='word_1_183' title='bbox 2842 1168 3142 1238; x_wconf 82' lang='grc' dir='ltr'>ἀνθρώπων</span> <span class='ocrx_word' id='word_1_184' title='bbox 3170 1188 3183 1201; x_wconf 90' lang='grc'><strong>·</strong></span> <span class='ocrx_word' id='word_1_185' title='bbox 3232 1170 3346 1224; x_wconf 82' lang='grc' dir='ltr'>ἀλλ’</span> <span class='ocrx_word' id='word_1_186' title='bbox 3394 1172 3596 1241; x_wconf 78' lang='grc' dir='ltr'><strong>ἐπίσης</strong></span> <span class='ocrx_word' id='word_1_187' title='bbox 3644 1175 3678 1224; x_wconf 85' lang='grc' dir='ltr'>ὁ</span> 
     </span>
    </p>
   </div>
   <div class='ocr_carea' id='block_1_28' title="bbox 2083 1257 3675 1331">
    <p class='ocr_par' dir='ltr' id='par_1_28' title="bbox 2083 1257 3675 1331">
     <span class='ocr_line' id='line_1_28' title="bbox 2083 1257 3675 1331; baseline 0.002 -21"><span class='ocrx_word' id='word_1_188' title='bbox 2083 1259 2312 1328; x_wconf 79' lang='grc' dir='ltr'>ποιήσας</span> <span class='ocrx_word' id='word_1_189' title='bbox 2372 1259 2520 1328; x_wconf 81' lang='grc' dir='ltr'>ἡμᾶς</span> <span class='ocrx_word' id='word_1_190' title='bbox 2567 1257 2702 1329; x_wconf 86' lang='grc' dir='ltr'>πρὸς</span> <span class='ocrx_word' id='word_1_191' title='bbox 2754 1259 2963 1323; x_wconf 81' lang='grc' dir='ltr'>πάντας</span> <span class='ocrx_word' id='word_1_192' title='bbox 3026 1258 3338 1331; x_wconf 85' lang='grc' dir='ltr'>ἀνθρώπους</span> <span class='ocrx_word' id='word_1_193' title='bbox 3396 1262 3675 1330; x_wconf 85' lang='grc' dir='ltr'>πεποίηκε</span> 
     </span>
    </p>
   </div>
   <div class='ocr_carea' id='block_1_29' title="bbox 2080 1345 3673 1422">
    <p class='ocr_par' dir='ltr' id='par_1_29' title="bbox 2080 1345 3673 1422">
     <span class='ocr_line' id='line_1_29' title="bbox 2080 1345 3673 1422; baseline 0.002 -21"><span class='ocrx_word' id='word_1_194' title='bbox 2080 1349 2445 1411; x_wconf 78' lang='grc' dir='ltr'>κοινωνικούς.</span> <span class='ocrx_word' id='word_1_195' title='bbox 2497 1348 2678 1413; x_wconf 82' lang='grc' dir='ltr'>Ἀξιον</span> <span class='ocrx_word' id='word_1_196' title='bbox 2717 1345 2809 1403; x_wconf 78' lang='grc' dir='ltr'><strong>οὖν</strong></span> <span class='ocrx_word' id='word_1_197' title='bbox 2853 1350 3193 1419; x_wconf 83' lang='grc' dir='ltr'>διαλέγεσθαι</span> <span class='ocrx_word' id='word_1_198' title='bbox 3230 1351 3323 1404; x_wconf 71' lang='grc' dir='ltr'>καὶ</span> <span class='ocrx_word' id='word_1_199' title='bbox 3360 1353 3673 1422; x_wconf 81' lang='grc' dir='ltr'>ἀγροίκοις,</span> 
     </span>
    </p>
   </div>
   <div class='ocr_carea' id='block_1_30' title="bbox 2080 1437 3675 1510">
    <p class='ocr_par' dir='ltr' id='par_1_30' title="bbox 2080 1437 3675 1510">
     <span class='ocr_line' id='line_1_30' title="bbox 2080 1437 3675 1510; baseline -0.011 1"><span class='ocrx_word' id='word_1_200' title='bbox 2080 1437 2196 1500; x_wconf 53' lang='grc' dir='ltr'><strong>καῖ’</strong></span> <span class='ocrx_word' id='word_1_201' title='bbox 2230 1438 2329 1508; x_wconf 76' lang='grc' dir='ltr'><strong>ὅση</strong></span> <span class='ocrx_word' id='word_1_202' title='bbox 2359 1438 2604 1509; x_wconf 84' lang='grc' dir='ltr'>δύναμις,</span> <span class='ocrx_word' id='word_1_203' title='bbox 2633 1441 2889 1510; x_wconf 86' lang='grc' dir='ltr'>μετάγειν</span> <span class='ocrx_word' id='word_1_204' title='bbox 2923 1442 3120 1505; x_wconf 80' lang='grc' dir='ltr'>αὐτοὺς</span> <span class='ocrx_word' id='word_1_205' title='bbox 3158 1444 3248 1495; x_wconf 78' lang='grc' dir='ltr'><strong>ἐπὶ</strong></span> <span class='ocrx_word' id='word_1_206' title='bbox 3289 1442 3350 1495; x_wconf 83' lang='grc' dir='ltr'><strong>τὸ</strong></span> <span class='ocrx_word' id='word_1_207' title='bbox 3387 1445 3675 1496; x_wconf 87' lang='grc' dir='ltr'>ἀστειότε-</span> 
     </span>
    </p>
   </div>
   <div class='ocr_carea' id='block_1_31' title="bbox 2085 1528 3672 1601">
    <p class='ocr_par' dir='ltr' id='par_1_31' title="bbox 2085 1528 3672 1601">
     <span class='ocr_line' id='line_1_31' title="bbox 2085 1528 3672 1601; baseline 0.004 -20"><span class='ocrx_word' id='word_1_208' title='bbox 2085 1545 2174 1598; x_wconf 88' lang='grc' dir='ltr'><strong>ρον</strong></span> <span class='ocrx_word' id='word_1_209' title='bbox 2194 1545 2206 1556; x_wconf 93' lang='grc'><strong>·</strong></span> <span class='ocrx_word' id='word_1_210' title='bbox 2244 1528 2337 1581; x_wconf 76' lang='grc' dir='ltr'><strong>καὶ</strong></span> <span class='ocrx_word' id='word_1_211' title='bbox 2363 1529 2712 1601; x_wconf 73' lang='grc' dir='ltr'>ἀκαθάρτοις,</span> <span class='ocrx_word' id='word_1_212' title='bbox 2741 1532 2835 1583; x_wconf 72' lang='grc' dir='ltr'><strong>κα)⁸</strong></span> <span class='ocrx_word' id='word_1_213' title='bbox 2867 1535 3039 1586; x_wconf 88' lang='grc' dir='ltr'>ποιεῖν</span> <span class='ocrx_word' id='word_1_214' title='bbox 3069 1533 3265 1595; x_wconf 69' lang='grc' dir='ltr'>αὐτοὺς</span> <span class='ocrx_word' id='word_1_215' title='bbox 3289 1572 3303 1595; x_wconf 93' lang='grc'><strong>,</strong></span> <span class='ocrx_word' id='word_1_216' title='bbox 3344 1534 3419 1597; x_wconf 86' lang='grc' dir='ltr'>ὼς</span> <span class='ocrx_word' id='word_1_217' title='bbox 3450 1528 3560 1587; x_wconf 77' lang='grc' dir='ltr'>οἷόν</span> <span class='ocrx_word' id='word_1_218' title='bbox 3603 1536 3672 1587; x_wconf 78' lang='grc' dir='ltr'><strong>τέ</strong></span> 
     </span>
    </p>
   </div>
   <div class='ocr_carea' id='block_1_32' title="bbox 2082 1618 3672 1691">
    <p class='ocr_par' dir='ltr' id='par_1_32' title="bbox 2082 1618 3672 1691">
     <span class='ocr_line' id='line_1_32' title="bbox 2082 1618 3672 1691; baseline 0.004 -21"><span class='ocrx_word' id='word_1_219' title='bbox 2082 1619 2219 1681; x_wconf 77' lang='grc' dir='ltr'>ἐστι,</span> <span class='ocrx_word' id='word_1_220' title='bbox 2250 1618 2521 1690; x_wconf 87' lang='grc' dir='ltr'>καθαρούς</span> <span class='ocrx_word' id='word_1_221' title='bbox 2553 1621 2691 1691; x_wconf 91' lang='grc'>(89)·</span> <span class='ocrx_word' id='word_1_222' title='bbox 2730 1622 2822 1673; x_wconf 78' lang='grc' dir='ltr'><strong>καὶ</strong></span> <span class='ocrx_word' id='word_1_223' title='bbox 2849 1624 2957 1685; x_wconf 87' lang='grc' dir='ltr'>τοῖς</span> <span class='ocrx_word' id='word_1_224' title='bbox 2988 1623 3155 1691; x_wconf 81' lang='grc' dir='ltr'>χωρὶς</span> <span class='ocrx_word' id='word_1_225' title='bbox 3185 1622 3341 1691; x_wconf 87' lang='grc' dir='ltr'>λόγου</span> <span class='ocrx_word' id='word_1_226' title='bbox 3378 1624 3672 1677; x_wconf 81' lang='grc' dir='ltr'>ὁτιποτοῦν</span> 
     </span>
    </p>
   </div>
   <div class='ocr_carea' id='block_1_33' title="bbox 2084 1708 3672 1785">
    <p class='ocr_par' dir='ltr' id='par_1_33' title="bbox 2084 1708 3672 1785">
     <span class='ocr_line' id='line_1_33' title="bbox 2084 1708 3672 1785; baseline 0.003 -25"><span class='ocrx_word' id='word_1_227' title='bbox 2084 1708 2359 1778; x_wconf 73' lang='grc' dir='ltr'>φρονοῦσι,</span> <span class='ocrx_word' id='word_1_228' title='bbox 2395 1713 2487 1764; x_wconf 74' lang='grc' dir='ltr'><strong>καὶ</strong></span> <span class='ocrx_word' id='word_1_229' title='bbox 2515 1712 2614 1781; x_wconf 87' lang='grc' dir='ltr'><strong>τὴν</strong></span> <span class='ocrx_word' id='word_1_230' title='bbox 2641 1712 2818 1783; x_wconf 78' lang='grc' dir='ltr'>ψυχὴν</span> <span class='ocrx_word' id='word_1_231' title='bbox 2844 1712 3110 1777; x_wconf 78' lang='grc' dir='ltr'>νοσοῦσιν,</span> <span class='ocrx_word' id='word_1_232' title='bbox 3135 1714 3220 1767; x_wconf 78' lang='grc' dir='ltr'>ἵνα</span> <span class='ocrx_word' id='word_1_233' title='bbox 3252 1714 3447 1784; x_wconf 81' lang='grc' dir='ltr'>μηκέτι</span> <span class='ocrx_word' id='word_1_234' title='bbox 3488 1716 3672 1785; x_wconf 72' lang='grc' dir='ltr'>χωρὶς</span> 
     </span>
    </p>
   </div>
   <div class='ocr_carea' id='block_1_34' title="bbox 407 1784 1975 1875">
    <p class='ocr_par' dir='ltr' id='par_1_34' title="bbox 407 1784 1975 1866">
     <span class='ocr_line' id='line_1_34' title="bbox 407 1784 1975 1866; baseline 0.01 -28"><span class='ocrx_word' id='word_1_235' title='bbox 407 1784 747 1854; x_wconf 79' lang='lat' dir='ltr'><strong>etliciantur;</strong></span> <span class='ocrx_word' id='word_1_236' title='bbox 776 1791 1005 1860; x_wconf 86' lang='lat' dir='ltr'><strong>denique</strong></span> <span class='ocrx_word' id='word_1_237' title='bbox 1033 1810 1156 1848; x_wconf 87' lang='lat' dir='ltr'><strong>cum</strong></span> <span class='ocrx_word' id='word_1_238' title='bbox 1181 1797 1245 1849; x_wconf 89' lang='lat' dir='ltr'><strong>iis</strong></span> <span class='ocrx_word' id='word_1_239' title='bbox 1268 1798 1360 1865; x_wconf 87' lang='lat' dir='ltr'><strong>qui</strong></span> <span class='ocrx_word' id='word_1_240' title='bbox 1386 1797 1503 1852; x_wconf 87' lang='lat' dir='ltr'><strong>sine</strong></span> <span class='ocrx_word' id='word_1_241' title='bbox 1531 1798 1736 1852; x_wconf 80' lang='lat' dir='ltr'><strong>ratione</strong></span> <span class='ocrx_word' id='word_1_242' title='bbox 1765 1798 1975 1866; x_wconf 87' lang='lat' dir='ltr'><strong>quidvis</strong></span> 
     </span>
    </p>
   </div>
   <div class='ocr_carea' id='block_1_35' title="bbox 2084 1784 3504 1875">
    <p class='ocr_par' dir='ltr' id='par_1_35' title="bbox 2084 1800 3504 1875">
     <span class='ocr_line' id='line_1_35' title="bbox 2084 1800 3504 1875; baseline 0.005 -24"><span class='ocrx_word' id='word_1_243' title='bbox 2084 1800 2241 1868; x_wconf 85' lang='grc' dir='ltr'>λόγου</span> <span class='ocrx_word' id='word_1_244' title='bbox 2273 1819 2325 1854; x_wconf 90' lang='grc' dir='ltr'><strong>τι</strong></span> <span class='ocrx_word' id='word_1_245' title='bbox 2357 1802 2672 1872; x_wconf 84' lang='grc' dir='ltr'>πράττωσι,</span> <span class='ocrx_word' id='word_1_246' title='bbox 2700 1804 2836 1874; x_wconf 83' lang='grc' dir='ltr'>μηδὲ</span> <span class='ocrx_word' id='word_1_247' title='bbox 2861 1803 2958 1873; x_wconf 86' lang='grc' dir='ltr'>τὴν</span> <span class='ocrx_word' id='word_1_248' title='bbox 2985 1803 3160 1874; x_wconf 81' lang='grc' dir='ltr'>ψυχὴν</span> <span class='ocrx_word' id='word_1_249' title='bbox 3186 1806 3504 1875; x_wconf 83' lang='grc' dir='ltr'>νοσήσωσιν.</span> 
     </span>
    </p>
   </div>
   <div class='ocr_carea' id='block_1_36' title="bbox 406 1879 3671 1969">
    <p class='ocr_par' dir='ltr' id='par_1_36' title="bbox 406 1879 3671 1969">
     <span class='ocr_line' id='line_1_36' title="bbox 406 1879 3671 1969; baseline 0.007 -40"><span class='ocrx_word' id='word_1_250' title='bbox 406 1879 649 1934; x_wconf 87' lang='lat' dir='ltr'><strong>sentiunt</strong></span> <span class='ocrx_word' id='word_1_251' title='bbox 692 1890 745 1936; x_wconf 90' lang='lat' dir='ltr'><strong>et</strong></span> <span class='ocrx_word' id='word_1_252' title='bbox 788 1885 968 1938; x_wconf 88' lang='lat' dir='ltr'><strong>anima</strong></span> <span class='ocrx_word' id='word_1_253' title='bbox 1008 1897 1293 1957; x_wconf 74' lang='lat' dir='ltr'><strong>aegrotant,</strong></span> <span class='ocrx_word' id='word_1_254' title='bbox 1360 1899 1415 1944; x_wconf 93' lang='lat' dir='ltr'><strong>ut</strong></span> <span class='ocrx_word' id='word_1_255' title='bbox 1472 1907 1538 1946; x_wconf 88' lang='lat' dir='ltr'><strong>ne</strong></span> <span class='ocrx_word' id='word_1_256' title='bbox 1605 1893 1835 1961; x_wconf 84' lang='lat' dir='ltr'><strong>amplius</strong></span> <span class='ocrx_word' id='word_1_257' title='bbox 1901 1893 2197 1963; x_wconf 82' lang='lat' dir='ltr'><strong>quidquam</strong></span> <span class='ocrx_word' id='word_1_258' title='bbox 2246 1897 2364 1951; x_wconf 88' lang='lat' dir='ltr'><strong>sine</strong></span> <span class='ocrx_word' id='word_1_259' title='bbox 2438 1898 2647 1953; x_wconf 87' lang='lat' dir='ltr'><strong>ratione</strong></span> <span class='ocrx_word' id='word_1_260' title='bbox 2690 1896 2914 1965; x_wconf 77' lang='lat' dir='ltr'><strong>faciant,</strong></span> <span class='ocrx_word' id='word_1_261' title='bbox 2990 1914 3166 1969; x_wconf 84' lang='lat' dir='ltr'><strong>neque</strong></span> <span class='ocrx_word' id='word_1_262' title='bbox 3209 1899 3412 1955; x_wconf 86' lang='lat' dir='ltr'><strong>morbis</strong></span> <span class='ocrx_word' id='word_1_263' title='bbox 3462 1900 3671 1953; x_wconf 74' lang='lat' dir='ltr'><strong>anima:</strong></span> 
     </span>
    </p>
   </div>
   <div class='ocr_carea' id='block_1_37' title="bbox 404 1970 669 2034">
    <p class='ocr_par' dir='ltr' id='par_1_37' title="bbox 404 1970 669 2034">
     <span class='ocr_line' id='line_1_37' title="bbox 404 1970 669 2034; baseline 0.019 -11"><span class='ocrx_word' id='word_1_264' title='bbox 404 1970 669 2034; x_wconf 86' lang='lat' dir='ltr'><strong>laborent.</strong></span> 
     </span>
    </p>
   </div>
   <div class='ocr_carea' id='block_1_38' title="bbox 478 2066 1976 2152">
    <p class='ocr_par' dir='ltr' id='par_1_38' title="bbox 478 2066 1976 2152">
     <span class='ocr_line' id='line_1_38' title="bbox 478 2066 1976 2152; baseline 0.01 -30"><span class='ocrx_word' id='word_1_265' title='bbox 478 2066 565 2122; x_wconf 83' lang='grc'><strong>51.</strong></span> <span class='ocrx_word' id='word_1_266' title='bbox 600 2070 873 2140; x_wconf 85' lang='lat' dir='ltr'><strong>Approbat</strong></span> <span class='ocrx_word' id='word_1_267' title='bbox 930 2087 1116 2144; x_wconf 85' lang='lat' dir='ltr'><strong>postea</strong></span> <span class='ocrx_word' id='word_1_268' title='bbox 1168 2095 1261 2135; x_wconf 92' lang='lat' dir='ltr'><strong>eos</strong></span> <span class='ocrx_word' id='word_1_269' title='bbox 1308 2083 1395 2148; x_wconf 85' lang='lat' dir='ltr'><strong>qui</strong></span> <span class='ocrx_word' id='word_1_270' title='bbox 1445 2094 1668 2152; x_wconf 83' lang='lat' dir='ltr'><strong>sperant</strong></span> <span class='ocrx_word' id='word_1_271' title='bbox 1727 2085 1863 2147; x_wconf 79' lang='lat' dir='ltr'><strong>fore.</strong></span> <span class='ocrx_word' id='word_1_272' title='bbox 1920 2093 1976 2139; x_wconf 91' lang='lat' dir='ltr'><strong>ut</strong></span> 
     </span>
    </p>
   </div>
   <div class='ocr_carea' id='block_1_39' title="bbox 405 2160 1979 2248">
    <p class='ocr_par' dir='ltr' id='par_1_39' title="bbox 405 2160 1979 2248">
     <span class='ocr_line' id='line_1_39' title="bbox 405 2160 1979 2248; baseline 0.012 -37"><span class='ocrx_word' id='word_1_273' title='bbox 405 2160 583 2214; x_wconf 90' lang='lat' dir='ltr'><strong>anima</strong></span> <span class='ocrx_word' id='word_1_274' title='bbox 614 2173 709 2217; x_wconf 86' lang='lat' dir='ltr'><strong>aut</strong></span> <span class='ocrx_word' id='word_1_275' title='bbox 746 2180 899 2221; x_wconf 87' lang='lat' dir='ltr'><strong>mens</strong></span> <span class='ocrx_word' id='word_1_276' title='bbox 942 2184 1105 2237; x_wconf 88' lang='lat' dir='ltr'><strong>quam</strong></span> <span class='ocrx_word' id='word_1_277' title='bbox 1141 2174 1225 2225; x_wconf 85' lang='lat' dir='ltr'><strong>vel</strong></span> <span class='ocrx_word' id='word_1_278' title='bbox 1271 2175 1607 2241; x_wconf 85' lang='lat' dir='ltr'><strong>spiritualem</strong></span> <span class='ocrx_word' id='word_1_279' title='bbox 1649 2177 1815 2248; x_wconf 77' lang='lat'><strong>779</strong></span> <span class='ocrx_word' id='word_1_280' title='bbox 1851 2181 1979 2233; x_wconf 87' lang='lat' dir='ltr'><strong>sub-</strong></span> 
     </span>
    </p>
   </div>
   <div class='ocr_carea' id='block_1_40' title="bbox 406 2253 1974 2336">
    <p class='ocr_par' dir='ltr' id='par_1_40' title="bbox 406 2253 1974 2336">
     <span class='ocr_line' id='line_1_40' title="bbox 406 2253 1974 2336; baseline 0.012 -33"><span class='ocrx_word' id='word_1_281' title='bbox 406 2253 700 2319; x_wconf 86' lang='lat' dir='ltr'><strong>stantiam,</strong></span> <span class='ocrx_word' id='word_1_282' title='bbox 758 2257 839 2310; x_wconf 88' lang='lat' dir='ltr'><strong>vel</strong></span> <span class='ocrx_word' id='word_1_283' title='bbox 907 2260 1113 2314; x_wconf 85' lang='lat' dir='ltr'><strong>ratione</strong></span> <span class='ocrx_word' id='word_1_284' title='bbox 1172 2265 1499 2330; x_wconf 70' lang='lat' dir='ltr'><strong>praeditum,</strong></span> <span class='ocrx_word' id='word_1_285' title='bbox 1558 2267 1974 2336; x_wconf 76' lang='lat' dir='ltr'><strong>intelligentem,</strong></span> 
     </span>
    </p>
   </div>
   <div class='ocr_carea' id='block_1_41' title="bbox 405 2346 1973 2417">
    <p class='ocr_par' dir='ltr' id='par_1_41' title="bbox 405 2346 1973 2417">
     <span class='ocr_line' id='line_1_41' title="bbox 405 2346 1973 2417; baseline 0.01 -23"><span class='ocrx_word' id='word_1_286' title='bbox 405 2351 653 2395; x_wconf 80' lang='lat' dir='ltr'><strong>sanctum</strong></span> <span class='ocrx_word' id='word_1_287' title='bbox 680 2351 737 2398; x_wconf 92' lang='lat' dir='ltr'><strong>et</strong></span> <span class='ocrx_word' id='word_1_288' title='bbox 766 2346 982 2400; x_wconf 88' lang='lat' dir='ltr'><strong>beatum</strong></span> <span class='ocrx_word' id='word_1_289' title='bbox 1009 2352 1283 2417; x_wconf 82' lang='lat' dir='ltr'><strong>spiritum,</strong></span> <span class='ocrx_word' id='word_1_290' title='bbox 1313 2354 1394 2408; x_wconf 90' lang='lat' dir='ltr'><strong>vel</strong></span> <span class='ocrx_word' id='word_1_291' title='bbox 1435 2355 1674 2409; x_wconf 88' lang='lat' dir='ltr'><strong>animam</strong></span> <span class='ocrx_word' id='word_1_292' title='bbox 1703 2357 1973 2411; x_wconf 88' lang='lat' dir='ltr'><strong>viventem</strong></span> 
     </span>
    </p>
   </div>
   <div class='ocr_carea' id='block_1_42' title="bbox 406 2439 1977 2500">
    <p class='ocr_par' dir='ltr' id='par_1_42' title="bbox 406 2439 1977 2500">
     <span class='ocr_line' id='line_1_42' title="bbox 406 2439 1977 2500; baseline 0.01 -16"><span class='ocrx_word' id='word_1_293' title='bbox 406 2442 624 2499; x_wconf 84' lang='lat' dir='ltr'><strong>vocant,</strong></span> <span class='ocrx_word' id='word_1_294' title='bbox 653 2443 858 2490; x_wconf 71' lang='lat' dir='ltr'><strong>aeterna</strong></span> <span class='ocrx_word' id='word_1_295' title='bbox 908 2439 1016 2493; x_wconf 88' lang='lat' dir='ltr'><strong>vita</strong></span> <span class='ocrx_word' id='word_1_296' title='bbox 1070 2456 1191 2494; x_wconf 92' lang='lat' dir='ltr'><strong>cum</strong></span> <span class='ocrx_word' id='word_1_297' title='bbox 1231 2442 1342 2498; x_wconf 88' lang='lat' dir='ltr'><strong>Deo</strong></span> <span class='ocrx_word' id='word_1_298' title='bbox 1382 2445 1611 2499; x_wconf 77' lang='lat' dir='ltr'><strong>fruatur.</strong></span> <span class='ocrx_word' id='word_1_299' title='bbox 1638 2446 1890 2500; x_wconf 86' lang='lat' dir='ltr'><strong>Admittit</strong></span> <span class='ocrx_word' id='word_1_300' title='bbox 1922 2456 1977 2500; x_wconf 93' lang='lat' dir='ltr'><strong>et</strong></span> 
     </span>
    </p>
   </div>
   <div class='ocr_carea' id='block_1_43' title="bbox 405 2526 1975 2605">
    <p class='ocr_par' dir='ltr' id='par_1_43' title="bbox 405 2526 1975 2605">
     <span class='ocr_line' id='line_1_43' title="bbox 405 2526 1975 2605; baseline 0.01 -30"><span class='ocrx_word' id='word_1_301' title='bbox 405 2526 505 2578; x_wconf 91' lang='lat' dir='ltr'><strong>hoc</strong></span> <span class='ocrx_word' id='word_1_302' title='bbox 529 2527 725 2596; x_wconf 82' lang='lat' dir='ltr'><strong>dogma</strong></span> <span class='ocrx_word' id='word_1_303' title='bbox 755 2539 812 2584; x_wconf 92' lang='lat' dir='ltr'><strong>ut</strong></span> <span class='ocrx_word' id='word_1_304' title='bbox 843 2541 991 2586; x_wconf 89' lang='lat' dir='ltr'><strong>recte</strong></span> <span class='ocrx_word' id='word_1_305' title='bbox 1020 2534 1337 2601; x_wconf 83' lang='lat' dir='ltr'><strong>cogitatum,</strong></span> <span class='ocrx_word' id='word_1_306' title='bbox 1364 2553 1450 2589; x_wconf 86' lang='lat' dir='ltr'><strong>eos</strong></span> <span class='ocrx_word' id='word_1_307' title='bbox 1474 2538 1565 2605; x_wconf 85' lang='lat' dir='ltr'><strong>qui</strong></span> <span class='ocrx_word' id='word_1_308' title='bbox 1588 2539 1712 2591; x_wconf 83' lang='lat' dir='ltr'><strong>bene</strong></span> <span class='ocrx_word' id='word_1_309' title='bbox 1732 2539 1975 2593; x_wconf 72' lang='lat' dir='ltr'><strong>vixerunt</strong></span> 
     </span>
    </p>
   </div>
   <div class='ocr_carea' id='block_1_44' title="bbox 403 2617 1972 2699">
    <p class='ocr_par' dir='ltr' id='par_1_44' title="bbox 403 2617 1972 2699">
     <span class='ocr_line' id='line_1_44' title="bbox 403 2617 1972 2699; baseline 0.008 -29"><span class='ocrx_word' id='word_1_310' title='bbox 403 2617 658 2684; x_wconf 79' lang='lat' dir='ltr'><strong>felicitate</strong></span> <span class='ocrx_word' id='word_1_311' title='bbox 685 2623 961 2677; x_wconf 88' lang='lat' dir='ltr'><strong>donandos</strong></span> <span class='ocrx_word' id='word_1_312' title='bbox 984 2641 1114 2689; x_wconf 86' lang='lat' dir='ltr'><strong>esse,</strong></span> <span class='ocrx_word' id='word_1_313' title='bbox 1149 2626 1357 2696; x_wconf 84' lang='lat' dir='ltr'><strong>iniquos</strong></span> <span class='ocrx_word' id='word_1_314' title='bbox 1382 2644 1499 2681; x_wconf 76' lang='lat' dir='ltr'><strong>vero</strong></span> <span class='ocrx_word' id='word_1_315' title='bbox 1520 2632 1735 2683; x_wconf 72' lang='lat' dir='ltr'><strong>retentis</strong></span> <span class='ocrx_word' id='word_1_316' title='bbox 1768 2631 1972 2699; x_wconf 83' lang='lat' dir='ltr'><strong>suppli-</strong></span> 
     </span>
    </p>
   </div>
   <div class='ocr_carea' id='block_1_45' title="bbox 406 2710 1972 2786">
    <p class='ocr_par' dir='ltr' id='par_1_45' title="bbox 406 2710 1972 2786">
     <span class='ocr_line' id='line_1_45' title="bbox 406 2710 1972 2786; baseline 0.008 -25"><span class='ocrx_word' id='word_1_317' title='bbox 406 2710 503 2762; x_wconf 62' lang='lat' dir='ltr'><strong>ciis</strong></span> <span class='ocrx_word' id='word_1_318' title='bbox 533 2712 780 2780; x_wconf 72' lang='lat' dir='ltr'><strong>affectum</strong></span> <span class='ocrx_word' id='word_1_319' title='bbox 813 2715 903 2769; x_wconf 87' lang='lat' dir='ltr'><strong>iri.</strong></span> <span class='ocrx_word' id='word_1_320' title='bbox 936 2715 1041 2770; x_wconf 89' lang='lat' dir='ltr'><strong>Sed</strong></span> <span class='ocrx_word' id='word_1_321' title='bbox 1071 2730 1135 2769; x_wconf 84' lang='lat' dir='ltr'><strong>ex</strong></span> <span class='ocrx_word' id='word_1_322' title='bbox 1175 2719 1425 2773; x_wconf 88' lang='lat' dir='ltr'><strong>omnibus</strong></span> <span class='ocrx_word' id='word_1_323' title='bbox 1452 2735 1569 2786; x_wconf 70' lang='lat' dir='ltr'><strong>quae</strong></span> <span class='ocrx_word' id='word_1_324' title='bbox 1606 2720 1750 2774; x_wconf 86' lang='lat' dir='ltr'><strong>dicta</strong></span> <span class='ocrx_word' id='word_1_325' title='bbox 1789 2732 1915 2774; x_wconf 89' lang='lat' dir='ltr'><strong>sunt</strong></span> <span class='ocrx_word' id='word_1_326' title='bbox 1944 2736 1972 2773; x_wconf 88' lang='lat' dir='ltr'><strong>a</strong></span> 
     </span>
    </p>
   </div>
   <div class='ocr_carea' id='block_1_46' title="bbox 404 2802 1974 2879">
    <p class='ocr_par' dir='ltr' id='par_1_46' title="bbox 404 2802 1974 2879">
     <span class='ocr_line' id='line_1_46' title="bbox 404 2802 1974 2879; baseline 0.006 -24"><span class='ocrx_word' id='word_1_327' title='bbox 404 2802 583 2868; x_wconf 80' lang='lat' dir='ltr'><strong>Celso,</strong></span> <span class='ocrx_word' id='word_1_328' title='bbox 627 2804 759 2856; x_wconf 89' lang='lat' dir='ltr'><strong>nihil</strong></span> <span class='ocrx_word' id='word_1_329' title='bbox 808 2807 1048 2861; x_wconf 90' lang='lat' dir='ltr'><strong>admiror</strong></span> <span class='ocrx_word' id='word_1_330' title='bbox 1090 2809 1264 2876; x_wconf 82' lang='lat' dir='ltr'><strong>magis</strong></span> <span class='ocrx_word' id='word_1_331' title='bbox 1310 2822 1473 2875; x_wconf 89' lang='lat' dir='ltr'><strong>quam</strong></span> <span class='ocrx_word' id='word_1_332' title='bbox 1526 2811 1667 2878; x_wconf 89' lang='lat' dir='ltr'><strong>quod</strong></span> <span class='ocrx_word' id='word_1_333' title='bbox 1701 2811 1974 2879; x_wconf 68' lang='lat' dir='ltr'><strong>praedictis</strong></span> 
     </span>
    </p>
   </div>
   <div class='ocr_carea' id='block_1_47' title="bbox 406 2891 1974 2970">
    <p class='ocr_par' dir='ltr' id='par_1_47' title="bbox 406 2891 1974 2970">
     <span class='ocr_line' id='line_1_47' title="bbox 406 2891 1974 2970; baseline 0.007 -26"><span class='ocrx_word' id='word_1_334' title='bbox 406 2891 557 2945; x_wconf 86' lang='lat' dir='ltr'><strong>addit</strong></span> <span class='ocrx_word' id='word_1_335' title='bbox 586 2908 598 2943; x_wconf 93' lang='lat'>:</span> <span class='ocrx_word' id='word_1_336' title='bbox 632 2893 707 2946; x_wconf 85' lang='lat' dir='ltr'><strong>Ab</strong></span> <span class='ocrx_word' id='word_1_337' title='bbox 750 2893 846 2947; x_wconf 85' lang='lat' dir='ltr'><strong>hoc</strong></span> <span class='ocrx_word' id='word_1_338' title='bbox 878 2896 1121 2963; x_wconf 85' lang='lat' dir='ltr'><strong>dogmate</strong></span> <span class='ocrx_word' id='word_1_339' title='bbox 1151 2913 1241 2950; x_wconf 85' lang='lat' dir='ltr'><strong>nec</strong></span> <span class='ocrx_word' id='word_1_340' title='bbox 1271 2899 1371 2960; x_wconf 83' lang='lat' dir='ltr'><strong>illi,</strong></span> <span class='ocrx_word' id='word_1_341' title='bbox 1411 2915 1501 2952; x_wconf 88' lang='lat' dir='ltr'><strong>nec</strong></span> <span class='ocrx_word' id='word_1_342' title='bbox 1528 2900 1665 2953; x_wconf 84' lang='lat' dir='ltr'><strong>alius</strong></span> <span class='ocrx_word' id='word_1_343' title='bbox 1695 2901 1974 2970; x_wconf 77' lang='lat' dir='ltr'><strong>quisquam</strong></span> 
     </span>
    </p>
   </div>
   <div class='ocr_carea' id='block_1_48' title="bbox 404 2984 1975 3047">
    <p class='ocr_par' dir='ltr' id='par_1_48' title="bbox 404 2984 1975 3047">
     <span class='ocr_line' id='line_1_48' title="bbox 404 2984 1975 3047; baseline 0.008 -13"><span class='ocrx_word' id='word_1_344' title='bbox 404 2984 671 3038; x_wconf 80' lang='lat' dir='ltr'><strong>discedere</strong></span> <span class='ocrx_word' id='word_1_345' title='bbox 704 2986 905 3041; x_wconf 83' lang='lat' dir='ltr'><strong>debeat.</strong></span> <span class='ocrx_word' id='word_1_346' title='bbox 934 2985 1136 3041; x_wconf 85' lang='lat' dir='ltr'><strong>Tamen</strong></span> <span class='ocrx_word' id='word_1_347' title='bbox 1178 2989 1466 3044; x_wconf 86' lang='lat' dir='ltr'><strong>scribendo</strong></span> <span class='ocrx_word' id='word_1_348' title='bbox 1488 3000 1680 3045; x_wconf 87' lang='lat' dir='ltr'><strong>contra</strong></span> <span class='ocrx_word' id='word_1_349' title='bbox 1709 2992 1975 3047; x_wconf 84' lang='lat' dir='ltr'><strong>Christia-</strong></span> 
     </span>
    </p>
   </div>
   <div class='ocr_carea' id='block_1_49' title="bbox 405 3074 1970 3151">
    <p class='ocr_par' dir='ltr' id='par_1_49' title="bbox 405 3074 1970 3151">
     <span class='ocr_line' id='line_1_49' title="bbox 405 3074 1970 3151; baseline 0.005 -25"><span class='ocrx_word' id='word_1_350' title='bbox 405 3088 527 3136; x_wconf 86' lang='lat' dir='ltr'><strong>nos,</strong></span> <span class='ocrx_word' id='word_1_351' title='bbox 559 3088 790 3143; x_wconf 86' lang='lat' dir='ltr'><strong>quorum</strong></span> <span class='ocrx_word' id='word_1_352' title='bbox 822 3074 944 3129; x_wconf 85' lang='lat' dir='ltr'><strong>ﬁdei</strong></span> <span class='ocrx_word' id='word_1_353' title='bbox 971 3075 1115 3128; x_wconf 92' lang='lat' dir='ltr'><strong>nulla</strong></span> <span class='ocrx_word' id='word_1_354' title='bbox 1150 3076 1254 3130; x_wconf 76' lang='lat' dir='ltr'><strong>alia</strong></span> <span class='ocrx_word' id='word_1_355' title='bbox 1291 3092 1378 3131; x_wconf 87' lang='lat' dir='ltr'><strong>res</strong></span> <span class='ocrx_word' id='word_1_356' title='bbox 1415 3079 1625 3147; x_wconf 87' lang='lat' dir='ltr'><strong>objecta</strong></span> <span class='ocrx_word' id='word_1_357' title='bbox 1664 3091 1771 3145; x_wconf 79' lang='grc' dir='ltr'>εει,</span> <span class='ocrx_word' id='word_1_358' title='bbox 1812 3098 1970 3151; x_wconf 85' lang='lat' dir='ltr'><strong>quam</strong></span> 
     </span>
    </p>
   </div>
   <div class='ocr_carea' id='block_1_50' title="bbox 405 3164 1975 3236">
    <p class='ocr_par' dir='ltr' id='par_1_50' title="bbox 405 3164 1975 3236">
     <span class='ocr_line' id='line_1_50' title="bbox 405 3164 1975 3236; baseline 0.007 -20"><span class='ocrx_word' id='word_1_359' title='bbox 405 3164 567 3229; x_wconf 91' lang='lat' dir='ltr'><strong>Deus,</strong></span> <span class='ocrx_word' id='word_1_360' title='bbox 618 3164 1006 3233; x_wconf 89' lang='lat' dir='ltr'><strong>promissiones</strong></span> <span class='ocrx_word' id='word_1_361' title='bbox 1049 3181 1144 3234; x_wconf 89' lang='lat' dir='ltr'><strong>per</strong></span> <span class='ocrx_word' id='word_1_362' title='bbox 1194 3167 1471 3224; x_wconf 85' lang='lat' dir='ltr'><strong>Christum</strong></span> <span class='ocrx_word' id='word_1_363' title='bbox 1497 3168 1664 3236; x_wconf 77' lang='lat' dir='ltr'><strong>iustis</strong></span> <span class='ocrx_word' id='word_1_364' title='bbox 1707 3172 1881 3235; x_wconf 69' lang='lat' dir='ltr'><strong>factae,</strong></span> <span class='ocrx_word' id='word_1_365' title='bbox 1920 3182 1975 3227; x_wconf 91' lang='lat' dir='ltr'><strong>et</strong></span> 
     </span>
    </p>
   </div>
   <div class='ocr_carea' id='block_1_51' title="bbox 402 3255 1973 3328">
    <p class='ocr_par' dir='ltr' id='par_1_51' title="bbox 402 3255 1973 3328">
     <span class='ocr_line' id='line_1_51' title="bbox 402 3255 1973 3328; baseline 0.008 -20"><span class='ocrx_word' id='word_1_366' title='bbox 402 3255 651 3309; x_wconf 89' lang='lat' dir='ltr'><strong>doctrina</strong></span> <span class='ocrx_word' id='word_1_367' title='bbox 677 3256 742 3309; x_wconf 90' lang='lat' dir='ltr'><strong>de</strong></span> <span class='ocrx_word' id='word_1_368' title='bbox 768 3255 1032 3323; x_wconf 91' lang='lat' dir='ltr'><strong>supplicio</strong></span> <span class='ocrx_word' id='word_1_369' title='bbox 1075 3258 1290 3326; x_wconf 91' lang='lat' dir='ltr'><strong>iniquos</strong></span> <span class='ocrx_word' id='word_1_370' title='bbox 1316 3272 1595 3328; x_wconf 89' lang='lat' dir='ltr'><strong>manente,</strong></span> <span class='ocrx_word' id='word_1_371' title='bbox 1629 3264 1973 3320; x_wconf 85' lang='lat' dir='ltr'><strong>animadver-</strong></span> 
     </span>
    </p>
   </div>
   <div class='ocr_carea' id='block_1_52' title="bbox 2151 2074 3669 2150">
    <p class='ocr_par' dir='ltr' id='par_1_52' title="bbox 2151 2074 3669 2150">
     <span class='ocr_line' id='line_1_52' title="bbox 2151 2074 3669 2150; baseline -0.007 -14"><span class='ocrx_word' id='word_1_372' title='bbox 2151 2080 2304 2136; x_wconf 86' lang='grc' dir='ltr'>Μετά</span> <span class='ocrx_word' id='word_1_373' title='bbox 2331 2080 2387 2133; x_wconf 84' lang='grc' dir='ltr'>δὲ</span> <span class='ocrx_word' id='word_1_374' title='bbox 2414 2080 2585 2134; x_wconf 82' lang='grc' dir='ltr'>ταῦτα</span> <span class='ocrx_word' id='word_1_375' title='bbox 2616 2080 2937 2150; x_wconf 81' lang='grc' dir='ltr'>ἀποδέχεται</span> <span class='ocrx_word' id='word_1_376' title='bbox 2975 2079 3101 2141; x_wconf 76' lang='grc' dir='ltr'>τοὺς</span> <span class='ocrx_word' id='word_1_377' title='bbox 3142 2078 3239 2149; x_wconf 82' lang='grc' dir='ltr'>τὴν</span> <span class='ocrx_word' id='word_1_378' title='bbox 3284 2076 3461 2147; x_wconf 77' lang='grc' dir='ltr'>ψυχὴν</span> <span class='ocrx_word' id='word_1_379' title='bbox 3495 2075 3527 2144; x_wconf 83' lang='grc' dir='ltr'>ἢ</span> <span class='ocrx_word' id='word_1_380' title='bbox 3564 2074 3669 2126; x_wconf 82' lang='grc' dir='ltr'><strong>τὸν</strong></span> 
     </span>
    </p>
   </div>
   <div class='ocr_carea' id='block_1_53' title="bbox 2080 2166 3663 2242">
    <p class='ocr_par' dir='ltr' id='par_1_53' title="bbox 2080 2166 3663 2242">
     <span class='ocr_line' id='line_1_53' title="bbox 2080 2166 3663 2242; baseline -0.007 -14"><span class='ocrx_word' id='word_1_381' title='bbox 2080 2172 2227 2237; x_wconf 86' lang='grc' dir='ltr'>νοῦν,</span> <span class='ocrx_word' id='word_1_382' title='bbox 2261 2172 2377 2241; x_wconf 84' lang='grc' dir='ltr'>ἢτὸ</span> <span class='ocrx_word' id='word_1_383' title='bbox 2416 2171 2743 2242; x_wconf 79' lang='grc' dir='ltr'>καλούμενον</span> <span class='ocrx_word' id='word_1_384' title='bbox 2790 2173 2921 2242; x_wconf 80' lang='grc' dir='ltr'>παρ’</span> <span class='ocrx_word' id='word_1_385' title='bbox 2966 2171 3147 2231; x_wconf 78' lang='grc' dir='ltr'>αὐτοῖς</span> <span class='ocrx_word' id='word_1_386' title='bbox 3196 2167 3561 2237; x_wconf 70' lang='grc' dir='ltr'>πνευματικὸν</span> <span class='ocrx_word' id='word_1_387' title='bbox 3582 2205 3597 2229; x_wconf 92' lang='grc'><strong>,</strong></span> <span class='ocrx_word' id='word_1_388' title='bbox 3627 2166 3663 2233; x_wconf 79' lang='grc' dir='ltr'>ἦ</span> 
     </span>
    </p>
   </div>
   <div class='ocr_carea' id='block_1_54' title="bbox 2078 2256 3666 2333">
    <p class='ocr_par' dir='ltr' id='par_1_54' title="bbox 2078 2256 3666 2333">
     <span class='ocr_line' id='line_1_54' title="bbox 2078 2256 3666 2333; baseline -0.006 -17"><span class='ocrx_word' id='word_1_389' title='bbox 2078 2264 2291 2331; x_wconf 82' lang='grc' dir='ltr'>λογικὸν</span> <span class='ocrx_word' id='word_1_390' title='bbox 2326 2261 2563 2333; x_wconf 84' lang='grc' dir='ltr'>πνεῦμα,</span> <span class='ocrx_word' id='word_1_391' title='bbox 2592 2262 2801 2332; x_wconf 85' lang='grc' dir='ltr'>νοερὸν,</span> <span class='ocrx_word' id='word_1_392' title='bbox 2834 2262 2988 2329; x_wconf 84' lang='grc' dir='ltr'>ἆγιον</span> <span class='ocrx_word' id='word_1_393' title='bbox 3022 2259 3116 2313; x_wconf 72' lang='grc' dir='ltr'>καὶ</span> <span class='ocrx_word' id='word_1_394' title='bbox 3157 2258 3457 2330; x_wconf 85' lang='grc' dir='ltr'>μακάριον,</span> <span class='ocrx_word' id='word_1_395' title='bbox 3491 2258 3524 2326; x_wconf 83' lang='grc' dir='ltr'>ἢ</span> <span class='ocrx_word' id='word_1_396' title='bbox 3554 2256 3666 2324; x_wconf 77' lang='grc' dir='ltr'><strong>ψυ-</strong></span> 
     </span>
    </p>
   </div>
   <div class='ocr_carea' id='block_1_55' title="bbox 2077 2347 3664 2425">
    <p class='ocr_par' dir='ltr' id='par_1_55' title="bbox 2077 2347 3664 2425">
     <span class='ocr_line' id='line_1_55' title="bbox 2077 2347 3664 2425; baseline -0.008 -15"><span class='ocrx_word' id='word_1_397' title='bbox 2077 2356 2177 2425; x_wconf 82' lang='grc' dir='ltr'><strong>χὴν</strong></span> <span class='ocrx_word' id='word_1_398' title='bbox 2212 2354 2391 2418; x_wconf 81' lang='grc' dir='ltr'>ζῶσαν</span> <span class='ocrx_word' id='word_1_399' title='bbox 2438 2353 2757 2418; x_wconf 74' lang='grc' dir='ltr'>ἐλπίζοντας</span> <span class='ocrx_word' id='word_1_400' title='bbox 2788 2353 2928 2417; x_wconf 76' lang='grc' dir='ltr'>ἕξειν</span> <span class='ocrx_word' id='word_1_401' title='bbox 2978 2350 3228 2413; x_wconf 79' lang='grc' dir='ltr'>αἰώνιον,</span> <span class='ocrx_word' id='word_1_402' title='bbox 3272 2349 3367 2402; x_wconf 73' lang='grc' dir='ltr'>καὶ</span> <span class='ocrx_word' id='word_1_403' title='bbox 3398 2349 3494 2401; x_wconf 76' lang='grc' dir='ltr'><strong>σὺν</strong></span> <span class='ocrx_word' id='word_1_404' title='bbox 3537 2347 3664 2417; x_wconf 80' lang='grc' dir='ltr'><strong>Θεῷ</strong></span> 
     </span>
    </p>
   </div>
   <div class='ocr_carea' id='block_1_56' title="bbox 2077 2438 3663 2517">
    <p class='ocr_par' dir='ltr' id='par_1_56' title="bbox 2077 2438 3663 2517">
     <span class='ocr_line' id='line_1_56' title="bbox 2077 2438 3663 2517; baseline -0.006 -18"><span class='ocrx_word' id='word_1_405' title='bbox 2077 2446 2209 2499; x_wconf 82' lang='grc' dir='ltr'>αὐτὸ</span> <span class='ocrx_word' id='word_1_406' title='bbox 2254 2445 2471 2498; x_wconf 74' lang='grc' dir='ltr'>ἔσεσθαι</span> <span class='ocrx_word' id='word_1_407' title='bbox 2499 2444 2643 2515; x_wconf 85' lang='grc'>(90)·</span> <span class='ocrx_word' id='word_1_408' title='bbox 2682 2444 2964 2517; x_wconf 87' lang='grc' dir='ltr'>προσίεται</span> <span class='ocrx_word' id='word_1_409' title='bbox 2992 2444 3049 2497; x_wconf 87' lang='grc' dir='ltr'>δὲ</span> <span class='ocrx_word' id='word_1_410' title='bbox 3088 2441 3266 2511; x_wconf 83' lang='grc' dir='ltr'>ὀρθῶς</span> <span class='ocrx_word' id='word_1_411' title='bbox 3302 2438 3663 2510; x_wconf 75' lang='grc' dir='ltr'>νομιζόμενον</span> 
     </span>
    </p>
   </div>
   <div class='ocr_carea' id='block_1_57' title="bbox 2077 2532 3662 2607">
    <p class='ocr_par' dir='ltr' id='par_1_57' title="bbox 2077 2532 3662 2607">
     <span class='ocr_line' id='line_1_57' title="bbox 2077 2532 3662 2607; baseline -0.003 -19"><span class='ocrx_word' id='word_1_412' title='bbox 2077 2536 2171 2590; x_wconf 78' lang='grc' dir='ltr'><strong>καὶ</strong></span> <span class='ocrx_word' id='word_1_413' title='bbox 2200 2537 2262 2589; x_wconf 80' lang='grc' dir='ltr'><strong>τὸ</strong></span> <span class='ocrx_word' id='word_1_414' title='bbox 2292 2537 2389 2607; x_wconf 81' lang='grc' dir='ltr'><strong>μὲν</strong></span> <span class='ocrx_word' id='word_1_415' title='bbox 2423 2536 2556 2603; x_wconf 74' lang='grc' dir='ltr'>περὶ</span> <span class='ocrx_word' id='word_1_416' title='bbox 2582 2535 2701 2589; x_wconf 87' lang='grc' dir='ltr'><strong>τῶν</strong></span> <span class='ocrx_word' id='word_1_417' title='bbox 2730 2532 2798 2590; x_wconf 84' lang='grc' dir='ltr'>εὖ</span> <span class='ocrx_word' id='word_1_418' title='bbox 2832 2534 3188 2600; x_wconf 82' lang='grc' dir='ltr'>βιωσάντων</span> <span class='ocrx_word' id='word_1_419' title='bbox 3207 2576 3221 2600; x_wconf 91' lang='grc'><strong>,</strong></span> <span class='ocrx_word' id='word_1_420' title='bbox 3268 2534 3350 2599; x_wconf 89' lang='grc' dir='ltr'>ὠς</span> <span class='ocrx_word' id='word_1_421' title='bbox 3386 2533 3662 2600; x_wconf 82' lang='grc' dir='ltr'>εὐδαιμο-</span> 
     </span>
    </p>
   </div>
   <div class='ocr_carea' id='block_1_58' title="bbox 2076 2620 3664 2700">
    <p class='ocr_par' dir='ltr' id='par_1_58' title="bbox 2076 2620 3664 2700">
     <span class='ocr_line' id='line_1_58' title="bbox 2076 2620 3664 2700; baseline -0.01 -11"><span class='ocrx_word' id='word_1_422' title='bbox 2076 2634 2409 2700; x_wconf 78' lang='grc' dir='ltr'>νησόντων,</span> <span class='ocrx_word' id='word_1_423' title='bbox 2458 2628 2649 2697; x_wconf 75' lang='grc' dir='ltr'>δόγμα</span> <span class='ocrx_word' id='word_1_424' title='bbox 2674 2645 2687 2657; x_wconf 91' lang='grc'>·</span> <span class='ocrx_word' id='word_1_425' title='bbox 2732 2626 2865 2694; x_wconf 81' lang='grc' dir='ltr'>περὶ</span> <span class='ocrx_word' id='word_1_426' title='bbox 2888 2625 2956 2679; x_wconf 85' lang='grc' dir='ltr'>δὲ</span> <span class='ocrx_word' id='word_1_427' title='bbox 2979 2626 3096 2679; x_wconf 85' lang='grc' dir='ltr'><strong>τῶν</strong></span> <span class='ocrx_word' id='word_1_428' title='bbox 3120 2625 3364 2687; x_wconf 81' lang='grc' dir='ltr'>ἀδίκων,</span> <span class='ocrx_word' id='word_1_429' title='bbox 3393 2623 3474 2688; x_wconf 86' lang='grc' dir='ltr'>ὡς</span> <span class='ocrx_word' id='word_1_430' title='bbox 3507 2620 3664 2689; x_wconf 76' lang='grc' dir='ltr'>πάμ-</span> 
     </span>
    </p>
   </div>
   <div class='ocr_carea' id='block_1_59' title="bbox 2077 2713 3661 2787">
    <p class='ocr_par' dir='ltr' id='par_1_59' title="bbox 2077 2713 3661 2787">
     <span class='ocr_line' id='line_1_59' title="bbox 2077 2713 3661 2787; baseline -0.008 -11"><span class='ocrx_word' id='word_1_431' title='bbox 2077 2739 2199 2776; x_wconf 82' lang='grc' dir='ltr'><strong>παν</strong></span> <span class='ocrx_word' id='word_1_432' title='bbox 2227 2721 2487 2784; x_wconf 67' lang='grc' dir='ltr'>αἰωνίοις</span> <span class='ocrx_word' id='word_1_433' title='bbox 2523 2718 2632 2787; x_wconf 88' lang='grc'>(91)</span> <span class='ocrx_word' id='word_1_434' title='bbox 2671 2718 2877 2782; x_wconf 81' lang='grc' dir='ltr'>κακοῖς</span> <span class='ocrx_word' id='word_1_435' title='bbox 2919 2713 3491 2785; x_wconf 78' lang='grc' dir='ltr'>συσχεθησομένων.</span> <span class='ocrx_word' id='word_1_436' title='bbox 3546 2714 3661 2765; x_wconf 76' lang='grc' dir='ltr'>Καὶ</span> 
     </span>
    </p>
   </div>
   <div class='ocr_carea' id='block_1_60' title="bbox 2076 2802 3661 2881">
    <p class='ocr_par' dir='ltr' id='par_1_60' title="bbox 2076 2802 3661 2881">
     <span class='ocr_line' id='line_1_60' title="bbox 2076 2802 3661 2881; baseline -0.006 -19"><span class='ocrx_word' id='word_1_437' title='bbox 2076 2810 2399 2881; x_wconf 85' lang='grc' dir='ltr'>τεθαύμακά</span> <span class='ocrx_word' id='word_1_438' title='bbox 2434 2825 2497 2876; x_wconf 89' lang='grc' dir='ltr'><strong>γε</strong></span> <span class='ocrx_word' id='word_1_439' title='bbox 2524 2807 2615 2861; x_wconf 90' lang='grc' dir='ltr'><strong>τοῦ</strong></span> <span class='ocrx_word' id='word_1_440' title='bbox 2643 2807 2851 2859; x_wconf 85' lang='grc' dir='ltr'>Κέλσου</span> <span class='ocrx_word' id='word_1_441' title='bbox 2880 2806 3031 2875; x_wconf 84' lang='grc' dir='ltr'>παρά</span> <span class='ocrx_word' id='word_1_442' title='bbox 3077 2806 3254 2859; x_wconf 89' lang='grc' dir='ltr'>πάντα</span> <span class='ocrx_word' id='word_1_443' title='bbox 3285 2803 3353 2856; x_wconf 75' lang='grc' dir='ltr'><strong>τά</strong></span> <span class='ocrx_word' id='word_1_444' title='bbox 3394 2802 3661 2872; x_wconf 86' lang='grc' dir='ltr'>λεγόμενα</span> 
     </span>
    </p>
   </div>
   <div class='ocr_carea' id='block_1_61' title="bbox 2077 2892 3661 2973">
    <p class='ocr_par' dir='ltr' id='par_1_61' title="bbox 2077 2892 3661 2973">
     <span class='ocr_line' id='line_1_61' title="bbox 2077 2892 3661 2973; baseline -0.006 -20"><span class='ocrx_word' id='word_1_445' title='bbox 2077 2903 2207 2973; x_wconf 88' lang='grc' dir='ltr'>παρ’</span> <span class='ocrx_word' id='word_1_446' title='bbox 2252 2898 2400 2969; x_wconf 83' lang='grc' dir='ltr'>αὐτῷ</span> <span class='ocrx_word' id='word_1_447' title='bbox 2450 2899 2511 2950; x_wconf 84' lang='grc' dir='ltr'><strong>τὸ</strong></span> <span class='ocrx_word' id='word_1_448' title='bbox 2551 2897 2723 2959; x_wconf 70' lang='grc' dir='ltr'>οὕτως</span> <span class='ocrx_word' id='word_1_449' title='bbox 2752 2896 3143 2967; x_wconf 81' lang='grc' dir='ltr'>ἐπιφερόμενον</span> <span class='ocrx_word' id='word_1_450' title='bbox 3173 2898 3287 2957; x_wconf 85' lang='grc' dir='ltr'>τοῖς</span> <span class='ocrx_word' id='word_1_451' title='bbox 3325 2892 3661 2965; x_wconf 83' lang='grc' dir='ltr'>προειρημέ-</span> 
     </span>
    </p>
   </div>
   <div class='ocr_carea' id='block_1_62' title="bbox 2076 2982 3659 3059">
    <p class='ocr_par' dir='ltr' id='par_1_62' title="bbox 2076 2982 3659 3059">
     <span class='ocr_line' id='line_1_62' title="bbox 2076 2982 3659 3059; baseline -0.007 -14"><span class='ocrx_word' id='word_1_452' title='bbox 2076 3009 2205 3057; x_wconf 89' lang='grc' dir='ltr'>νοις,</span> <span class='ocrx_word' id='word_1_453' title='bbox 2242 2994 2299 3045; x_wconf 88' lang='grc' dir='ltr'><strong>ἐν</strong></span> <span class='ocrx_word' id='word_1_454' title='bbox 2322 2984 2366 3058; x_wconf 83' lang='grc' dir='ltr'>ᾧ</span> <span class='ocrx_word' id='word_1_455' title='bbox 2400 3007 2531 3059; x_wconf 86' lang='grc' dir='ltr'>φησι</span> <span class='ocrx_word' id='word_1_456' title='bbox 2554 3005 2567 3018; x_wconf 72' lang='grc'><strong><em>⁸</em></strong></span> <span class='ocrx_word' id='word_1_457' title='bbox 2597 2988 2705 3041; x_wconf 78' lang='grc' dir='ltr'>Καὶ</span> <span class='ocrx_word' id='word_1_458' title='bbox 2735 2988 2947 3041; x_wconf 82' lang='grc' dir='ltr'>τούτου</span> <span class='ocrx_word' id='word_1_459' title='bbox 2979 2986 3046 3039; x_wconf 85' lang='grc' dir='ltr'>δὲ</span> <span class='ocrx_word' id='word_1_460' title='bbox 3070 2985 3176 3038; x_wconf 82' lang='grc' dir='ltr'><strong>τοῦ</strong></span> <span class='ocrx_word' id='word_1_461' title='bbox 3208 2984 3501 3053; x_wconf 65' lang='grc' dir='ltr'>δόπγιατος</span> <span class='ocrx_word' id='word_1_462' title='bbox 3516 2982 3659 3050; x_wconf 74' lang='grc' dir='ltr'><strong>μήθ’</strong></span> 
     </span>
    </p>
   </div>
   <div class='ocr_carea' id='block_1_63' title="bbox 2076 3071 3654 3148">
    <p class='ocr_par' dir='ltr' id='par_1_63' title="bbox 2076 3071 3654 3148">
     <span class='ocr_line' id='line_1_63' title="bbox 2076 3071 3654 3148; baseline -0.006 -14"><span class='ocrx_word' id='word_1_463' title='bbox 2076 3077 2241 3137; x_wconf 83' lang='grc' dir='ltr'>οὗτοι</span> <span class='ocrx_word' id='word_1_464' title='bbox 2263 3080 2401 3148; x_wconf 75' lang='grc' dir='ltr'>μήτ’</span> <span class='ocrx_word' id='word_1_465' title='bbox 2429 3078 2620 3142; x_wconf 69' lang='grc' dir='ltr'>ἄλλος</span> <span class='ocrx_word' id='word_1_466' title='bbox 2646 3075 2970 3145; x_wconf 77' lang='grc' dir='ltr'>ἀνθρώπων</span> <span class='ocrx_word' id='word_1_467' title='bbox 2992 3074 3204 3143; x_wconf 74' lang='grc' dir='ltr'>μηδείς</span> <span class='ocrx_word' id='word_1_468' title='bbox 3229 3088 3371 3127; x_wconf 81' lang='grc' dir='ltr'>ποτε</span> <span class='ocrx_word' id='word_1_469' title='bbox 3386 3071 3654 3139; x_wconf 77' lang='grc' dir='ltr'>ἀποστῇ.</span> 
     </span>
    </p>
   </div>
   <div class='ocr_carea' id='block_1_64' title="bbox 2077 3162 3657 3241">
    <p class='ocr_par' dir='ltr' id='par_1_64' title="bbox 2077 3162 3657 3241">
     <span class='ocr_line' id='line_1_64' title="bbox 2077 3162 3657 3241; baseline -0.006 -17"><span class='ocrx_word' id='word_1_470' title='bbox 2077 3170 2189 3225; x_wconf 64' lang='grc' dir='ltr'><strong>Καὶ</strong></span> <span class='ocrx_word' id='word_1_471' title='bbox 2211 3172 2376 3241; x_wconf 83' lang='grc' dir='ltr'>ὲχρῆν</span> <span class='ocrx_word' id='word_1_472' title='bbox 2404 3186 2466 3238; x_wconf 86' lang='grc' dir='ltr'><strong>γε</strong></span> <span class='ocrx_word' id='word_1_473' title='bbox 2487 3168 2644 3222; x_wconf 82' lang='grc' dir='ltr'>αὑτὸν</span> <span class='ocrx_word' id='word_1_474' title='bbox 2671 3168 2827 3238; x_wconf 81' lang='grc' dir='ltr'>ὁρᾷν,</span> <span class='ocrx_word' id='word_1_475' title='bbox 2847 3165 2987 3220; x_wconf 88' lang='grc' dir='ltr'><strong>κατά</strong></span> <span class='ocrx_word' id='word_1_476' title='bbox 3001 3164 3337 3237; x_wconf 86' lang='grc' dir='ltr'>Χριστιανῶν</span> <span class='ocrx_word' id='word_1_477' title='bbox 3355 3162 3657 3233; x_wconf 75' lang='grc' dir='ltr'>γράφοντα,</span> 
     </span>
    </p>
   </div>
   <div class='ocr_carea' id='block_1_65' title="bbox 2076 3250 3659 3330">
    <p class='ocr_par' dir='ltr' id='par_1_65' title="bbox 2076 3250 3659 3330">
     <span class='ocr_line' id='line_1_65' title="bbox 2076 3250 3659 3330; baseline -0.008 -17"><span class='ocrx_word' id='word_1_478' title='bbox 2076 3255 2155 3324; x_wconf 74' lang='grc' dir='ltr'>οἷς</span> <span class='ocrx_word' id='word_1_479' title='bbox 2189 3262 2221 3330; x_wconf 83' lang='grc' dir='ltr'>ἡ</span> <span class='ocrx_word' id='word_1_480' title='bbox 2252 3261 2398 3312; x_wconf 83' lang='grc' dir='ltr'>πᾶσα</span> <span class='ocrx_word' id='word_1_481' title='bbox 2420 3256 2672 3320; x_wconf 81' lang='grc' dir='ltr'>ὑπόθεσίς</span> <span class='ocrx_word' id='word_1_482' title='bbox 2698 3259 2814 3309; x_wconf 87' lang='grc' dir='ltr'>ἐστι</span> <span class='ocrx_word' id='word_1_483' title='bbox 2844 3256 2942 3325; x_wconf 86' lang='grc' dir='ltr'>τῆς</span> <span class='ocrx_word' id='word_1_484' title='bbox 2967 3254 3202 3316; x_wconf 84' lang='grc' dir='ltr'>πίστεως</span> <span class='ocrx_word' id='word_1_485' title='bbox 3229 3254 3258 3304; x_wconf 90' lang='grc' dir='ltr'>ὁ</span> <span class='ocrx_word' id='word_1_486' title='bbox 3286 3252 3437 3313; x_wconf 84' lang='grc' dir='ltr'>Θεὸς,</span> <span class='ocrx_word' id='word_1_487' title='bbox 3468 3250 3564 3302; x_wconf 73' lang='grc' dir='ltr'><strong>καὶ</strong></span> <span class='ocrx_word' id='word_1_488' title='bbox 3600 3250 3659 3299; x_wconf 86' lang='grc' dir='ltr'>αἱ</span> 
     </span>
    </p>
   </div>
   <div class='ocr_carea' id='block_1_66' title="bbox 403 3338 1975 3419">
    <p class='ocr_par' dir='ltr' id='par_1_66' title="bbox 403 3344 1973 3419">
     <span class='ocr_line' id='line_1_66' title="bbox 403 3344 1973 3419; baseline 0.008 -22"><span class='ocrx_word' id='word_1_489' title='bbox 403 3356 521 3398; x_wconf 84' lang='lat' dir='ltr'><strong>tere</strong></span> <span class='ocrx_word' id='word_1_490' title='bbox 573 3345 803 3399; x_wconf 87' lang='lat' dir='ltr'><strong>debebat</strong></span> <span class='ocrx_word' id='word_1_491' title='bbox 855 3344 1251 3414; x_wconf 85' lang='lat' dir='ltr'><strong>Christianum,</strong></span> <span class='ocrx_word' id='word_1_492' title='bbox 1297 3350 1341 3403; x_wconf 94' lang='lat' dir='ltr'><strong>si</strong></span> <span class='ocrx_word' id='word_1_493' title='bbox 1392 3352 1572 3405; x_wconf 80' lang='lat' dir='ltr'><strong>victus</strong></span> <span class='ocrx_word' id='word_1_494' title='bbox 1618 3352 1738 3419; x_wconf 86' lang='lat' dir='ltr'><strong>ejus</strong></span> <span class='ocrx_word' id='word_1_495' title='bbox 1785 3365 1973 3409; x_wconf 85' lang='lat' dir='ltr'><strong>contra</strong></span> 
     </span>
    </p>
   </div>
   <div class='ocr_carea' id='block_1_67' title="bbox 2084 3338 3659 3419">
    <p class='ocr_par' dir='ltr' id='par_1_67' title="bbox 2084 3338 3659 3419">
     <span class='ocr_line' id='line_1_67' title="bbox 2084 3338 3659 3419; baseline -0.008 -17"><span class='ocrx_word' id='word_1_496' title='bbox 2084 3349 2166 3402; x_wconf 89' lang='grc' dir='ltr'><strong>διά</strong></span> <span class='ocrx_word' id='word_1_497' title='bbox 2190 3348 2282 3401; x_wconf 90' lang='grc' dir='ltr'><strong>τοῦ</strong></span> <span class='ocrx_word' id='word_1_498' title='bbox 2308 3345 2543 3419; x_wconf 78' lang='grc' dir='ltr'>Χριστοῦ</span> <span class='ocrx_word' id='word_1_499' title='bbox 2583 3346 2711 3416; x_wconf 76' lang='grc' dir='ltr'>περὶ</span> <span class='ocrx_word' id='word_1_500' title='bbox 2747 3344 2854 3396; x_wconf 87' lang='grc' dir='ltr'><strong>τῶν</strong></span> <span class='ocrx_word' id='word_1_501' title='bbox 2894 3342 3115 3397; x_wconf 90' lang='grc' dir='ltr'>δικαίων</span> <span class='ocrx_word' id='word_1_502' title='bbox 3163 3339 3485 3408; x_wconf 79' lang='grc' dir='ltr'>ἐπαγγελίαι</span> <span class='ocrx_word' id='word_1_503' title='bbox 3509 3379 3523 3397; x_wconf 89' lang='lat'><strong>,</strong></span> <span class='ocrx_word' id='word_1_504' title='bbox 3561 3338 3659 3391; x_wconf 67' lang='grc' dir='ltr'><strong>καὶ</strong></span> 
     </span>
    </p>
   </div>
   <div class='ocr_carea' id='block_1_68' title="bbox 402 3435 1976 3511">
    <p class='ocr_par' dir='ltr' id='par_1_68' title="bbox 402 3435 1976 3511">
     <span class='ocr_line' id='line_1_68' title="bbox 402 3435 1976 3511; baseline 0.007 -22"><span class='ocrx_word' id='word_1_505' title='bbox 402 3435 744 3492; x_wconf 84' lang='lat' dir='ltr'><strong>Christianos</strong></span> <span class='ocrx_word' id='word_1_506' title='bbox 780 3441 1118 3507; x_wconf 79' lang='lat' dir='ltr'><strong>argumentis</strong></span> <span class='ocrx_word' id='word_1_507' title='bbox 1149 3456 1178 3494; x_wconf 91' lang='lat' dir='ltr'><strong>a</strong></span> <span class='ocrx_word' id='word_1_508' title='bbox 1206 3456 1302 3495; x_wconf 90' lang='lat' dir='ltr'><strong>sua</strong></span> <span class='ocrx_word' id='word_1_509' title='bbox 1340 3443 1602 3510; x_wconf 83' lang='lat' dir='ltr'><strong>religione</strong></span> <span class='ocrx_word' id='word_1_510' title='bbox 1623 3445 1976 3511; x_wconf 87' lang='lat' dir='ltr'><strong>descisceret,</strong></span> 
     </span>
    </p>
   </div>
   <div class='ocr_carea' id='block_1_69' title="bbox 409 3524 1976 3604">
    <p class='ocr_par' dir='ltr' id='par_1_69' title="bbox 409 3524 1976 3604">
     <span class='ocr_line' id='line_1_69' title="bbox 409 3524 1976 3604; baseline 0.008 -28"><span class='ocrx_word' id='word_1_511' title='bbox 409 3524 735 3594; x_wconf 69' lang='lat' dir='ltr'><strong>reiecturum</strong></span> <span class='ocrx_word' id='word_1_512' title='bbox 776 3531 938 3580; x_wconf 89' lang='lat' dir='ltr'><strong>etiam</strong></span> <span class='ocrx_word' id='word_1_513' title='bbox 994 3530 1112 3582; x_wconf 92' lang='lat' dir='ltr'><strong>sine</strong></span> <span class='ocrx_word' id='word_1_514' title='bbox 1164 3529 1330 3584; x_wconf 90' lang='lat' dir='ltr'><strong>dubio</strong></span> <span class='ocrx_word' id='word_1_515' title='bbox 1360 3532 1555 3600; x_wconf 84' lang='lat' dir='ltr'><strong>dogma</strong></span> <span class='ocrx_word' id='word_1_516' title='bbox 1601 3534 1764 3596; x_wconf 84' lang='lat' dir='ltr'><strong>istud,</strong></span> <span class='ocrx_word' id='word_1_517' title='bbox 1798 3553 1830 3588; x_wconf 84' lang='grc' dir='ltr'><strong>α</strong></span> <span class='ocrx_word' id='word_1_518' title='bbox 1875 3552 1976 3604; x_wconf 85' lang='lat' dir='ltr'><strong>quo</strong></span> 
     </span>
    </p>
   </div>
   <div class='ocr_carea' id='block_1_70' title="bbox 405 3617 1975 3688">
    <p class='ocr_par' dir='ltr' id='par_1_70' title="bbox 405 3617 1975 3688">
     <span class='ocr_line' id='line_1_70' title="bbox 405 3617 1975 3688; baseline 0.006 -20"><span class='ocrx_word' id='word_1_519' title='bbox 405 3617 481 3668; x_wconf 88' lang='lat' dir='ltr'><strong>ait</strong></span> <span class='ocrx_word' id='word_1_520' title='bbox 514 3632 673 3687; x_wconf 84' lang='lat' dir='ltr'><strong>neque</strong></span> <span class='ocrx_word' id='word_1_521' title='bbox 720 3617 1070 3683; x_wconf 80' lang='lat' dir='ltr'><strong>Christianos,</strong></span> <span class='ocrx_word' id='word_1_522' title='bbox 1106 3635 1267 3688; x_wconf 86' lang='lat' dir='ltr'><strong>neque</strong></span> <span class='ocrx_word' id='word_1_523' title='bbox 1312 3621 1478 3674; x_wconf 90' lang='lat' dir='ltr'><strong>ullum</strong></span> <span class='ocrx_word' id='word_1_524' title='bbox 1512 3622 1673 3675; x_wconf 84' lang='lat' dir='ltr'><strong>alium</strong></span> <span class='ocrx_word' id='word_1_525' title='bbox 1714 3624 1975 3678; x_wconf 85' lang='lat' dir='ltr'><strong>hominem</strong></span> 
     </span>
    </p>
   </div>
   <div class='ocr_carea' id='block_1_71' title="bbox 404 3708 1976 3786">
    <p class='ocr_par' dir='ltr' id='par_1_71' title="bbox 404 3708 1976 3786">
     <span class='ocr_line' id='line_1_71' title="bbox 404 3708 1976 3786; baseline 0.006 -26"><span class='ocrx_word' id='word_1_526' title='bbox 404 3708 669 3761; x_wconf 85' lang='lat' dir='ltr'><strong>discedere</strong></span> <span class='ocrx_word' id='word_1_527' title='bbox 693 3709 898 3763; x_wconf 78' lang='lat' dir='ltr'><strong>debere.</strong></span> <span class='ocrx_word' id='word_1_528' title='bbox 927 3709 1111 3781; x_wconf 81' lang='lat' dir='ltr'><strong>Longe</strong></span> <span class='ocrx_word' id='word_1_529' title='bbox 1136 3712 1426 3767; x_wconf 87' lang='lat' dir='ltr'><strong>humanius</strong></span> <span class='ocrx_word' id='word_1_530' title='bbox 1455 3711 1618 3769; x_wconf 85' lang='lat' dir='ltr'><strong>Celso</strong></span> <span class='ocrx_word' id='word_1_531' title='bbox 1642 3714 1976 3786; x_wconf 85' lang='lat' dir='ltr'><strong>Chrysippus</strong></span> 
     </span>
    </p>
   </div>
   <div class='ocr_carea' id='block_1_72' title="bbox 406 3800 1979 3874">
    <p class='ocr_par' dir='ltr' id='par_1_72' title="bbox 406 3800 1979 3874">
     <span class='ocr_line' id='line_1_72' title="bbox 406 3800 1979 3874; baseline 0.006 -24"><span class='ocrx_word' id='word_1_532' title='bbox 406 3812 524 3851; x_wconf 90' lang='lat' dir='ltr'><strong>mea</strong></span> <span class='ocrx_word' id='word_1_533' title='bbox 563 3800 782 3867; x_wconf 87' lang='lat' dir='ltr'><strong>quidem</strong></span> <span class='ocrx_word' id='word_1_534' title='bbox 815 3803 1084 3856; x_wconf 87' lang='lat' dir='ltr'><strong>sententia</strong></span> <span class='ocrx_word' id='word_1_535' title='bbox 1114 3817 1235 3857; x_wconf 91' lang='lat' dir='ltr'><strong>cum</strong></span> <span class='ocrx_word' id='word_1_536' title='bbox 1270 3804 1583 3859; x_wconf 90' lang='lat' dir='ltr'><strong>hominibus</strong></span> <span class='ocrx_word' id='word_1_537' title='bbox 1611 3806 1723 3874; x_wconf 87' lang='lat' dir='ltr'><strong>egit</strong></span> <span class='ocrx_word' id='word_1_538' title='bbox 1757 3808 1807 3859; x_wconf 93' lang='lat' dir='ltr'><strong>in</strong></span> <span class='ocrx_word' id='word_1_539' title='bbox 1841 3806 1979 3860; x_wconf 90' lang='lat' dir='ltr'><strong>libro</strong></span> 
     </span>
    </p>
   </div>
   <div class='ocr_carea' id='block_1_73' title="bbox 408 3887 1972 3965">
    <p class='ocr_par' dir='ltr' id='par_1_73' title="bbox 408 3887 1972 3965">
     <span class='ocr_line' id='line_1_73' title="bbox 408 3887 1972 3965; baseline 0.008 -26"><span class='ocrx_word' id='word_1_540' title='bbox 408 3887 485 3940; x_wconf 86' lang='lat' dir='ltr'><strong>De</strong></span> <span class='ocrx_word' id='word_1_541' title='bbox 507 3890 759 3941; x_wconf 83' lang='lat' dir='ltr'><strong>curandis</strong></span> <span class='ocrx_word' id='word_1_542' title='bbox 791 3889 1089 3957; x_wconf 66' lang='lat' dir='ltr'><strong>amictibus.</strong></span> <span class='ocrx_word' id='word_1_543' title='bbox 1135 3892 1247 3946; x_wconf 91' lang='lat' dir='ltr'><strong>Illic</strong></span> <span class='ocrx_word' id='word_1_544' title='bbox 1272 3894 1415 3946; x_wconf 90' lang='lat' dir='ltr'><strong>enim</strong></span> <span class='ocrx_word' id='word_1_545' title='bbox 1449 3908 1570 3947; x_wconf 91' lang='lat' dir='ltr'><strong>cum</strong></span> <span class='ocrx_word' id='word_1_546' title='bbox 1604 3894 1849 3955; x_wconf 78' lang='lat' dir='ltr'><strong>aﬁectus.</strong></span> <span class='ocrx_word' id='word_1_547' title='bbox 1882 3900 1972 3965; x_wconf 89' lang='lat' dir='ltr'><strong>qui</strong></span> 
     </span>
    </p>
   </div>
   <div class='ocr_carea' id='block_1_74' title="bbox 409 3980 1976 4053">
    <p class='ocr_par' dir='ltr' id='par_1_74' title="bbox 409 3980 1976 4053">
     <span class='ocr_line' id='line_1_74' title="bbox 409 3980 1976 4053; baseline 0.006 -22"><span class='ocrx_word' id='word_1_548' title='bbox 409 3987 655 4031; x_wconf 90' lang='lat' dir='ltr'><strong>naturam</strong></span> <span class='ocrx_word' id='word_1_549' title='bbox 678 3980 968 4033; x_wconf 88' lang='lat' dir='ltr'><strong>humanam</strong></span> <span class='ocrx_word' id='word_1_550' title='bbox 1004 3981 1268 4037; x_wconf 84' lang='lat' dir='ltr'><strong>infestant</strong></span> <span class='ocrx_word' id='word_1_551' title='bbox 1302 3984 1745 4053; x_wconf 89' lang='lat' dir='ltr'><strong>perturbantque,</strong></span> <span class='ocrx_word' id='word_1_552' title='bbox 1781 4001 1976 4041; x_wconf 88' lang='lat' dir='ltr'><strong>sanare</strong></span> 
     </span>
    </p>
   </div>
   <div class='ocr_carea' id='block_1_75' title="bbox 406 4067 1977 4146">
    <p class='ocr_par' dir='ltr' id='par_1_75' title="bbox 406 4067 1977 4146">
     <span class='ocr_line' id='line_1_75' title="bbox 406 4067 1977 4146; baseline 0.008 -29"><span class='ocrx_word' id='word_1_553' title='bbox 406 4067 590 4132; x_wconf 85' lang='lat' dir='ltr'><strong>vellet,</strong></span> <span class='ocrx_word' id='word_1_554' title='bbox 627 4071 901 4138; x_wconf 68' lang='lat' dir='ltr'><strong>prmeipue</strong></span> <span class='ocrx_word' id='word_1_555' title='bbox 930 4072 1148 4140; x_wconf 78' lang='lat' dir='ltr'><strong>quidem</strong></span> <span class='ocrx_word' id='word_1_556' title='bbox 1197 4073 1264 4126; x_wconf 91' lang='lat' dir='ltr'><strong>iis</strong></span> <span class='ocrx_word' id='word_1_557' title='bbox 1297 4074 1464 4126; x_wconf 90' lang='lat' dir='ltr'><strong>utitur</strong></span> <span class='ocrx_word' id='word_1_558' title='bbox 1491 4077 1827 4143; x_wconf 86' lang='lat' dir='ltr'><strong>argumentis</strong></span> <span class='ocrx_word' id='word_1_559' title='bbox 1858 4093 1977 4146; x_wconf 85' lang='lat' dir='ltr'><strong>quae</strong></span> 
     </span>
    </p>
   </div>
   <div class='ocr_carea' id='block_1_76' title="bbox 403 4158 1975 4226">
    <p class='ocr_par' dir='ltr' id='par_1_76' title="bbox 403 4158 1975 4226">
     <span class='ocr_line' id='line_1_76' title="bbox 403 4158 1975 4226; baseline 0.005 -16"><span class='ocrx_word' id='word_1_560' title='bbox 403 4158 506 4211; x_wconf 87' lang='lat' dir='ltr'><strong>sibi</strong></span> <span class='ocrx_word' id='word_1_561' title='bbox 533 4172 664 4213; x_wconf 88' lang='lat' dir='ltr'><strong>sana</strong></span> <span class='ocrx_word' id='word_1_562' title='bbox 693 4158 1046 4226; x_wconf 88' lang='lat' dir='ltr'><strong>videbantur;</strong></span> <span class='ocrx_word' id='word_1_563' title='bbox 1076 4163 1168 4215; x_wconf 90' lang='lat' dir='ltr'><strong>sed</strong></span> <span class='ocrx_word' id='word_1_564' title='bbox 1209 4163 1449 4216; x_wconf 89' lang='lat' dir='ltr'><strong>secunda</strong></span> <span class='ocrx_word' id='word_1_565' title='bbox 1476 4172 1532 4217; x_wconf 90' lang='lat' dir='ltr'><strong>et</strong></span> <span class='ocrx_word' id='word_1_566' title='bbox 1556 4165 1714 4218; x_wconf 88' lang='lat' dir='ltr'><strong>tertia</strong></span> <span class='ocrx_word' id='word_1_567' title='bbox 1752 4167 1975 4220; x_wconf 82' lang='lat' dir='ltr'><strong>adhibet</strong></span> 
     </span>
    </p>
   </div>
   <div class='ocr_carea' id='block_1_77' title="bbox 404 4249 1979 4324">
    <p class='ocr_par' dir='ltr' id='par_1_77' title="bbox 404 4249 1979 4324">
     <span class='ocr_line' id='line_1_77' title="bbox 404 4249 1979 4324; baseline 0.006 -23"><span class='ocrx_word' id='word_1_568' title='bbox 404 4249 567 4302; x_wconf 88' lang='lat' dir='ltr'><strong>etiam</strong></span> <span class='ocrx_word' id='word_1_569' title='bbox 598 4264 665 4302; x_wconf 82' lang='lat' dir='ltr'><strong>ex</strong></span> <span class='ocrx_word' id='word_1_570' title='bbox 700 4249 805 4304; x_wconf 90' lang='lat' dir='ltr'><strong>illis</strong></span> <span class='ocrx_word' id='word_1_571' title='bbox 832 4251 1097 4320; x_wconf 81' lang='lat' dir='ltr'><strong>dogmatis</strong></span> <span class='ocrx_word' id='word_1_572' title='bbox 1124 4253 1307 4316; x_wconf 91' lang='lat' dir='ltr'><strong>ducta,</strong></span> <span class='ocrx_word' id='word_1_573' title='bbox 1340 4268 1459 4321; x_wconf 71' lang='lat' dir='ltr'><strong>qua:</strong></span> <span class='ocrx_word' id='word_1_574' title='bbox 1490 4255 1591 4309; x_wconf 84' lang='lat' dir='ltr'><strong>sibi</strong></span> <span class='ocrx_word' id='word_1_575' title='bbox 1616 4272 1721 4310; x_wconf 90' lang='lat' dir='ltr'><strong>non</strong></span> <span class='ocrx_word' id='word_1_576' title='bbox 1746 4258 1979 4324; x_wconf 90' lang='lat' dir='ltr'><strong>proban-</strong></span> 
     </span>
    </p>
   </div>
   <div class='ocr_carea' id='block_1_78' title="bbox 407 4339 1974 4417">
    <p class='ocr_par' dir='ltr' id='par_1_78' title="bbox 407 4339 1974 4417">
     <span class='ocr_line' id='line_1_78' title="bbox 407 4339 1974 4417; baseline 0.006 -26"><span class='ocrx_word' id='word_1_577' title='bbox 407 4349 514 4393; x_wconf 88' lang='lat' dir='ltr'><strong>tur.</strong></span> <span class='ocrx_word' id='word_1_578' title='bbox 558 4339 807 4405; x_wconf 83' lang='lat' dir='ltr'><strong>Quanwis</strong></span> <span class='ocrx_word' id='word_1_579' title='bbox 840 4342 965 4405; x_wconf 86' lang='lat' dir='ltr'><strong>tria,</strong></span> <span class='ocrx_word' id='word_1_580' title='bbox 1015 4342 1211 4412; x_wconf 90' lang='lat' dir='ltr'><strong>inquit,</strong></span> <span class='ocrx_word' id='word_1_581' title='bbox 1239 4355 1407 4399; x_wconf 80' lang='lat' dir='ltr'><strong>essent</strong></span> <span class='ocrx_word' id='word_1_582' title='bbox 1454 4346 1709 4399; x_wconf 83' lang='lat' dir='ltr'><strong>bonorum</strong></span> <span class='ocrx_word' id='word_1_583' title='bbox 1763 4364 1974 4417; x_wconf 86' lang='lat' dir='ltr'><strong>genera,</strong></span> 
     </span>
    </p>
   </div>
   <div class='ocr_carea' id='block_1_79' title="bbox 405 4431 1975 4506">
    <p class='ocr_par' dir='ltr' id='par_1_79' title="bbox 405 4431 1975 4506">
     <span class='ocr_line' id='line_1_79' title="bbox 405 4431 1975 4506; baseline 0.006 -25"><span class='ocrx_word' id='word_1_584' title='bbox 405 4431 503 4483; x_wconf 82' lang='lat' dir='ltr'><strong>hoc</strong></span> <span class='ocrx_word' id='word_1_585' title='bbox 542 4432 700 4483; x_wconf 88' lang='lat' dir='ltr'><strong>etiam</strong></span> <span class='ocrx_word' id='word_1_586' title='bbox 742 4435 935 4500; x_wconf 83' lang='lat' dir='ltr'><strong>posito,</strong></span> <span class='ocrx_word' id='word_1_587' title='bbox 969 4435 1195 4488; x_wconf 82' lang='lat' dir='ltr'><strong>sanandi</strong></span> <span class='ocrx_word' id='word_1_588' title='bbox 1233 4446 1356 4488; x_wconf 81' lang='lat' dir='ltr'><strong>sunt</strong></span> <span class='ocrx_word' id='word_1_589' title='bbox 1392 4437 1611 4504; x_wconf 74' lang='lat' dir='ltr'><strong>allectus</strong></span> <span class='ocrx_word' id='word_1_590' title='bbox 1642 4451 1659 4487; x_wconf 91' lang='lat'><strong><em>:</em></strong></span> <span class='ocrx_word' id='word_1_591' title='bbox 1690 4453 1850 4506; x_wconf 86' lang='lat' dir='ltr'><strong>neque</strong></span> <span class='ocrx_word' id='word_1_592' title='bbox 1877 4442 1975 4491; x_wconf 88' lang='lat' dir='ltr'><strong>ad-</strong></span> 
     </span>
    </p>
   </div>
   <div class='ocr_carea' id='block_1_80' title="bbox 405 4524 1973 4595">
    <p class='ocr_par' dir='ltr' id='par_1_80' title="bbox 405 4524 1973 4595">
     <span class='ocr_line' id='line_1_80' title="bbox 405 4524 1973 4595; baseline 0.007 -26"><span class='ocrx_word' id='word_1_593' title='bbox 405 4524 614 4574; x_wconf 84' lang='lat' dir='ltr'><strong>modum</strong></span> <span class='ocrx_word' id='word_1_594' title='bbox 648 4524 944 4576; x_wconf 80' lang='lat' dir='ltr'><strong>curandunt</strong></span> <span class='ocrx_word' id='word_1_595' title='bbox 975 4533 1073 4587; x_wconf 85' lang='lat' dir='ltr'><strong>est,</strong></span> <span class='ocrx_word' id='word_1_596' title='bbox 1104 4540 1221 4576; x_wconf 86' lang='lat' dir='ltr'><strong>cum</strong></span> <span class='ocrx_word' id='word_1_597' title='bbox 1250 4527 1437 4579; x_wconf 82' lang='lat' dir='ltr'><strong>ardent</strong></span> <span class='ocrx_word' id='word_1_598' title='bbox 1470 4527 1698 4579; x_wconf 76' lang='lat' dir='ltr'><strong>maxime</strong></span> <span class='ocrx_word' id='word_1_599' title='bbox 1731 4528 1973 4595; x_wconf 70' lang='lat' dir='ltr'><strong>aﬂ‘ectus,</strong></span> 
     </span>
    </p>
   </div>
   <div class='ocr_carea' id='block_1_81' title="bbox 405 4612 1974 4684">
    <p class='ocr_par' dir='ltr' id='par_1_81' title="bbox 405 4612 1974 4684">
     <span class='ocr_line' id='line_1_81' title="bbox 405 4612 1974 4684; baseline 0.005 -21"><span class='ocrx_word' id='word_1_600' title='bbox 405 4612 701 4680; x_wconf 81' lang='lat' dir='ltr'><strong>cujusrnodi</strong></span> <span class='ocrx_word' id='word_1_601' title='bbox 727 4614 792 4666; x_wconf 87' lang='lat' dir='ltr'><strong>sit</strong></span> <span class='ocrx_word' id='word_1_602' title='bbox 820 4614 1029 4681; x_wconf 83' lang='lat' dir='ltr'><strong>dogma,</strong></span> <span class='ocrx_word' id='word_1_603' title='bbox 1049 4617 1184 4683; x_wconf 85' lang='lat' dir='ltr'><strong>quod</strong></span> <span class='ocrx_word' id='word_1_604' title='bbox 1216 4615 1413 4682; x_wconf 71' lang='lat' dir='ltr'><strong>affectu</strong></span> <span class='ocrx_word' id='word_1_605' title='bbox 1438 4620 1775 4684; x_wconf 80' lang='lat' dir='ltr'><strong>perturbatus</strong></span> <span class='ocrx_word' id='word_1_606' title='bbox 1805 4628 1974 4681; x_wconf 87' lang='lat' dir='ltr'><strong>tenet;</strong></span> 
     </span>
    </p>
   </div>
   <div class='ocr_carea' id='block_1_82' title="bbox 406 4706 1975 4777">
    <p class='ocr_par' dir='ltr' id='par_1_82' title="bbox 406 4706 1975 4777">
     <span class='ocr_line' id='line_1_82' title="bbox 406 4706 1975 4777; baseline 0.003 -18"><span class='ocrx_word' id='word_1_607' title='bbox 406 4721 492 4769; x_wconf 83' lang='lat' dir='ltr'><strong>ne,</strong></span> <span class='ocrx_word' id='word_1_608' title='bbox 523 4707 567 4757; x_wconf 83' lang='lat' dir='ltr'><strong>si</strong></span> <span class='ocrx_word' id='word_1_609' title='bbox 596 4708 648 4756; x_wconf 88' lang='lat' dir='ltr'><strong>in</strong></span> <span class='ocrx_word' id='word_1_610' title='bbox 669 4706 950 4773; x_wconf 83' lang='lat' dir='ltr'><strong>dogmatis,</strong></span> <span class='ocrx_word' id='word_1_611' title='bbox 972 4722 1087 4774; x_wconf 79' lang='lat' dir='ltr'><strong>qua:</strong></span> <span class='ocrx_word' id='word_1_612' title='bbox 1109 4709 1342 4761; x_wconf 87' lang='lat' dir='ltr'><strong>animum</strong></span> <span class='ocrx_word' id='word_1_613' title='bbox 1371 4721 1714 4777; x_wconf 80' lang='lat' dir='ltr'><strong>occuparunt,</strong></span> <span class='ocrx_word' id='word_1_614' title='bbox 1744 4721 1975 4764; x_wconf 88' lang='lat' dir='ltr'><strong>everten-</strong></span> 
     </span>
    </p>
   </div>
   <div class='ocr_carea' id='block_1_83' title="bbox 406 4795 1975 4859">
    <p class='ocr_par' dir='ltr' id='par_1_83' title="bbox 406 4795 1975 4859">
     <span class='ocr_line' id='line_1_83' title="bbox 406 4795 1975 4859; baseline 0.004 -12"><span class='ocrx_word' id='word_1_615' title='bbox 406 4797 488 4847; x_wconf 85' lang='lat' dir='ltr'><strong>dis</strong></span> <span class='ocrx_word' id='word_1_616' title='bbox 522 4795 879 4858; x_wconf 84' lang='lat' dir='ltr'><strong>iutempestive</strong></span> <span class='ocrx_word' id='word_1_617' title='bbox 928 4812 1210 4859; x_wconf 87' lang='lat' dir='ltr'><strong>moremur,</strong></span> <span class='ocrx_word' id='word_1_618' title='bbox 1237 4800 1477 4852; x_wconf 87' lang='lat' dir='ltr'><strong>elabatur</strong></span> <span class='ocrx_word' id='word_1_619' title='bbox 1505 4803 1796 4855; x_wconf 83' lang='lat' dir='ltr'><strong>curationis</strong></span> <span class='ocrx_word' id='word_1_620' title='bbox 1828 4818 1975 4854; x_wconf 87' lang='lat' dir='ltr'><strong>occa-</strong></span> 
     </span>
    </p>
   </div>
   <div class='ocr_carea' id='block_1_84' title="bbox 403 4884 1969 4954">
    <p class='ocr_par' dir='ltr' id='par_1_84' title="bbox 403 4884 1969 4954">
     <span class='ocr_line' id='line_1_84' title="bbox 403 4884 1969 4954; baseline 0.002 -15"><span class='ocrx_word' id='word_1_621' title='bbox 403 4886 505 4939; x_wconf 78' lang='lat' dir='ltr'><strong>sio.</strong></span> <span class='ocrx_word' id='word_1_622' title='bbox 546 4884 708 4936; x_wconf 85' lang='lat' dir='ltr'><strong>Addit</strong></span> <span class='ocrx_word' id='word_1_623' title='bbox 739 4898 755 4935; x_wconf 89' lang='lat'><strong><em>:</em></strong></span> <span class='ocrx_word' id='word_1_624' title='bbox 782 4885 1006 4937; x_wconf 85' lang='lat' dir='ltr'><strong>Etiamsi</strong></span> <span class='ocrx_word' id='word_1_625' title='bbox 1033 4888 1266 4954; x_wconf 81' lang='lat' dir='ltr'><strong>voluptas</strong></span> <span class='ocrx_word' id='word_1_626' title='bbox 1298 4900 1429 4941; x_wconf 84' lang='lat' dir='ltr'><strong>esset</strong></span> <span class='ocrx_word' id='word_1_627' title='bbox 1467 4906 1730 4943; x_wconf 87' lang='lat' dir='ltr'><strong>summum</strong></span> <span class='ocrx_word' id='word_1_628' title='bbox 1753 4890 1969 4952; x_wconf 86' lang='lat' dir='ltr'><strong>bonum,</strong></span> 
     </span>
    </p>
   </div>
   <div class='ocr_carea' id='block_1_85' title="bbox 407 4975 1973 5052">
    <p class='ocr_par' dir='ltr' id='par_1_85' title="bbox 407 4975 1973 5052">
     <span class='ocr_line' id='line_1_85' title="bbox 407 4975 1973 5052; baseline 0.003 -24"><span class='ocrx_word' id='word_1_629' title='bbox 407 4986 453 5028; x_wconf 87' lang='lat' dir='ltr'><strong>et</strong></span> <span class='ocrx_word' id='word_1_630' title='bbox 485 4976 561 5029; x_wconf 81' lang='lat' dir='ltr'><strong>sic</strong></span> <span class='ocrx_word' id='word_1_631' title='bbox 590 4976 805 5030; x_wconf 88' lang='lat' dir='ltr'><strong>sentiret</strong></span> <span class='ocrx_word' id='word_1_632' title='bbox 838 4975 926 5029; x_wconf 77' lang='lat' dir='ltr'><strong>ille</strong></span> <span class='ocrx_word' id='word_1_633' title='bbox 965 4991 1115 5045; x_wconf 87' lang='lat' dir='ltr'><strong>quem</strong></span> <span class='ocrx_word' id='word_1_634' title='bbox 1143 4979 1277 5031; x_wconf 89' lang='lat' dir='ltr'><strong>male</strong></span> <span class='ocrx_word' id='word_1_635' title='bbox 1307 4979 1458 5032; x_wconf 80' lang='lat' dir='ltr'><strong>habet</strong></span> <span class='ocrx_word' id='word_1_636' title='bbox 1505 4981 1746 5052; x_wconf 74' lang='lat' dir='ltr'><strong>a/fectus,</strong></span> <span class='ocrx_word' id='word_1_637' title='bbox 1785 4982 1973 5039; x_wconf 80' lang='lat' dir='ltr'><strong>niltilo-</strong></span> 
     </span>
    </p>
   </div>
   <div class='ocr_carea' id='block_1_86' title="bbox 480 5132 917 5199">
    <p class='ocr_par' dir='ltr' id='par_1_86' title="bbox 480 5132 917 5199">
     <span class='ocr_line' id='line_1_86' title="bbox 480 5132 917 5199; baseline -0.009 -11"><span class='ocrx_word' id='word_1_638' title='bbox 480 5136 495 5164; x_wconf 87' lang='grc'>¹</span> <span class='ocrx_word' id='word_1_639' title='bbox 544 5132 710 5187; x_wconf 83' lang='lat' dir='ltr'><strong>Eccli.</strong></span> <span class='ocrx_word' id='word_1_640' title='bbox 748 5149 801 5199; x_wconf 84' lang='lat' dir='ltr'><strong>x,</strong></span> <span class='ocrx_word' id='word_1_641' title='bbox 829 5132 917 5187; x_wconf 70' lang='grc'><strong>25.</strong></span> 
     </span>
    </p>
   </div>
   <div class='ocr_carea' id='block_1_87' title="bbox 478 5266 1977 5389">
    <p class='ocr_par' dir='ltr' id='par_1_87' title="bbox 478 5266 1977 5389">
     <span class='ocr_line' id='line_1_87' title="bbox 478 5266 1977 5389; baseline 0.003 -66"><span class='ocrx_word' id='word_1_642' title='bbox 478 5267 587 5389; x_wconf 80' lang='grc'>(88)</span> <span class='ocrx_word' id='word_1_643' title='bbox 639 5266 942 5338; x_wconf 88' lang='lat' dir='ltr'><strong>Spencerus</strong></span> <span class='ocrx_word' id='word_1_644' title='bbox 997 5271 1049 5324; x_wconf 93' lang='lat' dir='ltr'><strong>in</strong></span> <span class='ocrx_word' id='word_1_645' title='bbox 1101 5281 1284 5335; x_wconf 81' lang='lat' dir='ltr'><strong>textu,</strong></span> <span class='ocrx_word' id='word_1_646' title='bbox 1315 5268 1735 5335; x_wconf 82' lang='grc' dir='ltr'>συννοσοῦντας,</span> <span class='ocrx_word' id='word_1_647' title='bbox 1790 5272 1977 5341; x_wconf 86' lang='lat' dir='ltr'><strong>sicque</strong></span> 
     </span>
     <span class='ocr_line' id='line_1_88' title="bbox 504 5340 1971 5389; baseline 0.001 -2"><span class='ocrx_word' id='word_1_648' title='bbox 504 5349 570 5389; x_wconf 71' lang='lat' dir='ltr'><strong>iet</strong></span> <span class='ocrx_word' id='word_1_649' title='bbox 613 5354 837 5389; x_wconf 84' lang='lat' dir='ltr'><strong>munero</strong></span> <span class='ocrx_word' id='word_1_650' title='bbox 864 5342 1214 5389; x_wconf 69' lang='lat' dir='ltr'><strong>nrmcedenli-</strong></span> <span class='ocrx_word' id='word_1_651' title='bbox 1246 5341 1581 5389; x_wconf 81' lang='lat' dir='ltr'><strong>llmschelius</strong></span> <span class='ocrx_word' id='word_1_652' title='bbox 1607 5340 1695 5389; x_wconf 87' lang='lat' dir='ltr'><strong>hic</strong></span> <span class='ocrx_word' id='word_1_653' title='bbox 1719 5352 1775 5389; x_wconf 87' lang='lat' dir='ltr'><strong>et</strong></span> <span class='ocrx_word' id='word_1_654' title='bbox 1818 5359 1971 5389; x_wconf 74' lang='lat' dir='ltr'><strong>IIISS.-</strong></span> 
     </span>
    </p>
   </div>
   <div class='ocr_carea' id='block_1_88' title="bbox 408 5340 1973 5408">
    <p class='ocr_par' dir='ltr' id='par_1_88' title="bbox 408 5340 1973 5408">
     <span class='ocr_line' id='line_1_89' title="bbox 408 5340 1973 5408; baseline 0.004 -17"><span class='ocrx_word' id='word_1_655' title='bbox 408 5340 570 5391; x_wconf 80' lang='lat' dir='ltr'><strong>habet</strong></span> <span class='ocrx_word' id='word_1_656' title='bbox 613 5354 837 5392; x_wconf 86' lang='lat' dir='ltr'><strong>numero</strong></span> <span class='ocrx_word' id='word_1_657' title='bbox 864 5342 1215 5407; x_wconf 63' lang='lat' dir='ltr'><strong>praecedenti.</strong></span> <span class='ocrx_word' id='word_1_658' title='bbox 1246 5341 1581 5397; x_wconf 72' lang='lat' dir='ltr'><strong>llceschclius</strong></span> <span class='ocrx_word' id='word_1_659' title='bbox 1607 5340 1695 5394; x_wconf 90' lang='lat' dir='ltr'><strong>hic</strong></span> <span class='ocrx_word' id='word_1_660' title='bbox 1719 5352 1775 5395; x_wconf 92' lang='lat' dir='ltr'><strong>et</strong></span> <span class='ocrx_word' id='word_1_661' title='bbox 1818 5340 1973 5408; x_wconf 70' lang='lat' dir='ltr'><strong>mss,</strong></span> 
     </span>
    </p>
   </div>
   <div class='ocr_carea' id='block_1_89' title="bbox 406 5408 1676 5476">
    <p class='ocr_par' dir='ltr' id='par_1_89' title="bbox 406 5408 1676 5476">
     <span class='ocr_line' id='line_1_90' title="bbox 406 5408 1676 5476; baseline 0.002 -17"><span class='ocrx_word' id='word_1_662' title='bbox 406 5409 682 5471; x_wconf 77' lang='grc' dir='ltr'>συνόντας.</span> <span class='ocrx_word' id='word_1_663' title='bbox 712 5408 949 5476; x_wconf 84' lang='lat' dir='ltr'><strong>Legebat</strong></span> <span class='ocrx_word' id='word_1_664' title='bbox 971 5410 1215 5476; x_wconf 89' lang='lat' dir='ltr'><strong>Guietus,</strong></span> <span class='ocrx_word' id='word_1_665' title='bbox 1243 5409 1676 5472; x_wconf 85' lang='grc' dir='ltr'>συννοικοῦντας.</span> 
     </span>
    </p>
   </div>
   <div class='ocr_carea' id='block_1_90' title="bbox 476 5479 1967 5550">
    <p class='ocr_par' dir='ltr' id='par_1_90' title="bbox 476 5479 1967 5550">
     <span class='ocr_line' id='line_1_91' title="bbox 476 5479 1967 5550; baseline 0.005 -19"><span class='ocrx_word' id='word_1_666' title='bbox 476 5479 589 5546; x_wconf 82' lang='grc'>(89)</span> <span class='ocrx_word' id='word_1_667' title='bbox 611 5479 779 5550; x_wconf 77' lang='lat' dir='ltr'><strong>Codd.</strong></span> <span class='ocrx_word' id='word_1_668' title='bbox 814 5480 1011 5550; x_wconf 77' lang='lat' dir='ltr'><strong>Regius</strong></span> <span class='ocrx_word' id='word_1_669' title='bbox 1044 5493 1100 5535; x_wconf 86' lang='lat' dir='ltr'><strong>et</strong></span> <span class='ocrx_word' id='word_1_670' title='bbox 1124 5483 1471 5544; x_wconf 84' lang='lat' dir='ltr'><strong>Basileeusis,</strong></span> <span class='ocrx_word' id='word_1_671' title='bbox 1503 5479 1790 5550; x_wconf 78' lang='grc' dir='ltr'>καθαρούς.</span> <span class='ocrx_word' id='word_1_672' title='bbox 1814 5480 1967 5539; x_wconf 83' lang='lat' dir='ltr'><strong>Libb.</strong></span> 
     </span>
    </p>
   </div>
   <div class='ocr_carea' id='block_1_91' title="bbox 405 5546 1018 5618">
    <p class='ocr_par' dir='ltr' id='par_1_91' title="bbox 405 5546 1018 5618">
     <span class='ocr_line' id='line_1_92' title="bbox 405 5546 1018 5618; baseline 0.01 -22"><span class='ocrx_word' id='word_1_673' title='bbox 405 5549 554 5606; x_wconf 78' lang='lat' dir='ltr'><strong>editi,</strong></span> <span class='ocrx_word' id='word_1_674' title='bbox 573 5546 1018 5618; x_wconf 47' lang='lat' dir='ltr'><strong>_xa0upwrép_ou;.</strong></span> 
     </span>
    </p>
   </div>
   <div class='ocr_carea' id='block_1_92' title="bbox 481 5613 1965 5692">
    <p class='ocr_par' dir='ltr' id='par_1_92' title="bbox 481 5613 1965 5692">
     <span class='ocr_line' id='line_1_93' title="bbox 481 5613 1965 5692; baseline 0.006 -25"><span class='ocrx_word' id='word_1_675' title='bbox 481 5613 589 5692; x_wconf 62' lang='lat' dir='ltr'><strong>(9t?)</strong></span> <span class='ocrx_word' id='word_1_676' title='bbox 622 5613 887 5692; x_wconf 55' lang='lat' dir='ltr'><strong>Kai&#39;obr&#39;</strong></span> <span class='ocrx_word' id='word_1_677' title='bbox 910 5619 1029 5683; x_wconf 85' lang='grc' dir='ltr'><strong>Θεῴ</strong></span> <span class='ocrx_word' id='word_1_678' title='bbox 1048 5621 1191 5692; x_wconf 75' lang='grc' dir='ltr'>αὐτὸ</span> <span class='ocrx_word' id='word_1_679' title='bbox 1216 5622 1480 5677; x_wconf 79' lang='grc' dir='ltr'>ἔσεσθαι.</span> <span class='ocrx_word' id='word_1_680' title='bbox 1514 5622 1738 5677; x_wconf 74' lang='lat' dir='ltr'><strong>Guietus</strong></span> <span class='ocrx_word' id='word_1_681' title='bbox 1774 5640 1965 5692; x_wconf 85' lang='lat' dir='ltr'><strong>perpe-</strong></span> 
     </span>
    </p>
   </div>
   <div class='ocr_carea' id='block_1_93' title="bbox 410 5686 1963 5752">
    <p class='ocr_par' dir='ltr' id='par_1_93' title="bbox 410 5686 1963 5752">
     <span class='ocr_line' id='line_1_94' title="bbox 410 5686 1963 5752; baseline 0.01 -19"><span class='ocrx_word' id='word_1_682' title='bbox 410 5699 522 5735; x_wconf 72' lang='lat' dir='ltr'><strong>ram</strong></span> <span class='ocrx_word' id='word_1_683' title='bbox 560 5687 672 5741; x_wconf 73' lang='lat' dir='ltr'><strong>hth</strong></span> <span class='ocrx_word' id='word_1_684' title='bbox 699 5686 875 5740; x_wconf 86' lang='lat' dir='ltr'><strong>aliena</strong></span> <span class='ocrx_word' id='word_1_685' title='bbox 912 5699 964 5743; x_wconf 88' lang='lat' dir='ltr'><strong>et</strong></span> <span class='ocrx_word' id='word_1_686' title='bbox 1010 5690 1256 5746; x_wconf 77' lang='lat' dir='ltr'><strong>addititia</strong></span> <span class='ocrx_word' id='word_1_687' title='bbox 1305 5708 1423 5748; x_wconf 82' lang='lat' dir='ltr'><strong>esse</strong></span> <span class='ocrx_word' id='word_1_688' title='bbox 1487 5686 1810 5752; x_wconf 70' lang='lat' dir='ltr'><strong>arbitratur.</strong></span> <span class='ocrx_word' id='word_1_689' title='bbox 1847 5695 1963 5748; x_wconf 77' lang='lat' dir='ltr'><strong>Mox</strong></span> 
     </span>
    </p>
   </div>
   <div class='ocr_carea' id='block_1_94' title="bbox 2082 3429 3657 3509">
    <p class='ocr_par' dir='ltr' id='par_1_94' title="bbox 2082 3429 3657 3509">
     <span class='ocr_line' id='line_1_95' title="bbox 2082 3429 3657 3509; baseline -0.007 -18"><span class='ocrx_word' id='word_1_690' title='bbox 2082 3440 2209 3509; x_wconf 75' lang='grc' dir='ltr'>περ).</span> <span class='ocrx_word' id='word_1_691' title='bbox 2235 3438 2340 3493; x_wconf 86' lang='grc' dir='ltr'><strong>τῶν</strong></span> <span class='ocrx_word' id='word_1_692' title='bbox 2368 3437 2566 3490; x_wconf 85' lang='grc' dir='ltr'>ἀδίκων</span> <span class='ocrx_word' id='word_1_693' title='bbox 2606 3438 2661 3488; x_wconf 85' lang='grc' dir='ltr'><strong>αί</strong></span> <span class='ocrx_word' id='word_1_694' title='bbox 2704 3434 2833 3505; x_wconf 70' lang='grc' dir='ltr'>περὶ</span> <span class='ocrx_word' id='word_1_695' title='bbox 2880 3432 3153 3495; x_wconf 86' lang='grc' dir='ltr'>κολάσεως</span> <span class='ocrx_word' id='word_1_696' title='bbox 3180 3430 3541 3490; x_wconf 74' lang='grc' dir='ltr'>διδασκαλίαι,</span> <span class='ocrx_word' id='word_1_697' title='bbox 3573 3429 3657 3481; x_wconf 77' lang='grc' dir='ltr'>ὅτι</span> 
     </span>
    </p>
   </div>
   <div class='ocr_carea' id='block_1_95' title="bbox 2079 3519 3659 3598">
    <p class='ocr_par' dir='ltr' id='par_1_95' title="bbox 2079 3519 3659 3598">
     <span class='ocr_line' id='line_1_96' title="bbox 2079 3519 3659 3598; baseline -0.007 -16"><span class='ocrx_word' id='word_1_698' title='bbox 2079 3530 2171 3583; x_wconf 83' lang='grc' dir='ltr'><strong>τὸν</strong></span> <span class='ocrx_word' id='word_1_699' title='bbox 2219 3527 2602 3598; x_wconf 82' lang='grc' dir='ltr'>ἀνατραπέντα</span> <span class='ocrx_word' id='word_1_700' title='bbox 2632 3525 2956 3596; x_wconf 85' lang='grc' dir='ltr'>Χριστιανὸν</span> <span class='ocrx_word' id='word_1_701' title='bbox 2997 3525 3062 3576; x_wconf 88' lang='grc' dir='ltr'><strong>ἐκ</strong></span> <span class='ocrx_word' id='word_1_702' title='bbox 3115 3522 3209 3575; x_wconf 86' lang='grc' dir='ltr'><strong>τοῦ</strong></span> <span class='ocrx_word' id='word_1_703' title='bbox 3252 3519 3659 3588; x_wconf 76' lang='grc' dir='ltr'>παραδέξασθαι</span> 
     </span>
    </p>
   </div>
   <div class='ocr_carea' id='block_1_96' title="bbox 2079 3613 3657 3688">
    <p class='ocr_par' dir='ltr' id='par_1_96' title="bbox 2079 3613 3657 3688">
     <span class='ocr_line' id='line_1_97' title="bbox 2079 3613 3657 3688; baseline -0.006 -16"><span class='ocrx_word' id='word_1_704' title='bbox 2079 3620 2201 3682; x_wconf 87' lang='grc' dir='ltr'>τοὺς</span> <span class='ocrx_word' id='word_1_705' title='bbox 2226 3619 2367 3671; x_wconf 86' lang='grc' dir='ltr'>κατὰ</span> <span class='ocrx_word' id='word_1_706' title='bbox 2388 3616 2724 3688; x_wconf 82' lang='grc' dir='ltr'>Χριστιανῶν</span> <span class='ocrx_word' id='word_1_707' title='bbox 2752 3615 2846 3668; x_wconf 87' lang='grc' dir='ltr'><strong>τοῦ</strong></span> <span class='ocrx_word' id='word_1_708' title='bbox 2864 3615 3067 3667; x_wconf 85' lang='grc' dir='ltr'>Κέλσου</span> <span class='ocrx_word' id='word_1_709' title='bbox 3098 3614 3306 3683; x_wconf 90' lang='grc' dir='ltr'>λόγους,</span> <span class='ocrx_word' id='word_1_710' title='bbox 3336 3613 3480 3674; x_wconf 86' lang='grc' dir='ltr'>είκός</span> <span class='ocrx_word' id='word_1_711' title='bbox 3510 3613 3657 3663; x_wconf 77' lang='grc' dir='ltr'>ἐστιν</span> 
     </span>
    </p>
   </div>
   <div class='ocr_carea' id='block_1_97' title="bbox 2080 3701 3653 3779">
    <p class='ocr_par' dir='ltr' id='par_1_97' title="bbox 2080 3701 3653 3779">
     <span class='ocr_line' id='line_1_98' title="bbox 2080 3701 3653 3779; baseline -0.006 -17"><span class='ocrx_word' id='word_1_712' title='bbox 2080 3709 2416 3762; x_wconf 76' lang='grc' dir='ltr'>ἀποϐαλόντα</span> <span class='ocrx_word' id='word_1_713' title='bbox 2436 3708 2544 3779; x_wconf 71' lang='grc'>(92)</span> <span class='ocrx_word' id='word_1_714' title='bbox 2563 3708 2653 3759; x_wconf 84' lang='grc' dir='ltr'><strong>τὸν</strong></span> <span class='ocrx_word' id='word_1_715' title='bbox 2673 3707 2828 3775; x_wconf 90' lang='grc' dir='ltr'>λόγον</span> <span class='ocrx_word' id='word_1_716' title='bbox 2853 3703 3242 3757; x_wconf 80' lang='grc' dir='ltr'>συναποϐαλεῖν</span> <span class='ocrx_word' id='word_1_717' title='bbox 3271 3703 3364 3756; x_wconf 72' lang='grc' dir='ltr'><strong>καὶ</strong></span> <span class='ocrx_word' id='word_1_718' title='bbox 3384 3703 3443 3754; x_wconf 75' lang='grc' dir='ltr'>τὸ</span> <span class='ocrx_word' id='word_1_719' title='bbox 3459 3701 3653 3769; x_wconf 82' lang='grc' dir='ltr'>δόγμα,</span> 
     </span>
    </p>
   </div>
   <div class='ocr_carea' id='block_1_98' title="bbox 2079 3792 3656 3870">
    <p class='ocr_par' dir='ltr' id='par_1_98' title="bbox 2079 3792 3656 3870">
     <span class='ocr_line' id='line_1_99' title="bbox 2079 3792 3656 3870; baseline -0.007 -17"><span class='ocrx_word' id='word_1_720' title='bbox 2079 3795 2173 3864; x_wconf 82' lang='grc' dir='ltr'>οὗ,</span> <span class='ocrx_word' id='word_1_721' title='bbox 2204 3800 2357 3870; x_wconf 80' lang='grc' dir='ltr'>φησὶ,</span> <span class='ocrx_word' id='word_1_722' title='bbox 2381 3797 2533 3866; x_wconf 79' lang='grc' dir='ltr'>μήτε</span> <span class='ocrx_word' id='word_1_723' title='bbox 2564 3796 2904 3865; x_wconf 70' lang='grc' dir='ltr'>Χριστιανοὶ</span> <span class='ocrx_word' id='word_1_724' title='bbox 2930 3795 3261 3849; x_wconf 75' lang='grc' dir='ltr'>ἀποσταῖεν</span> <span class='ocrx_word' id='word_1_725' title='bbox 3273 3794 3424 3863; x_wconf 78' lang='grc' dir='ltr'>μήτε</span> <span class='ocrx_word' id='word_1_726' title='bbox 3443 3792 3656 3861; x_wconf 77' lang='grc' dir='ltr'>μηδεὶς</span> 
     </span>
    </p>
   </div>
   <div class='ocr_carea' id='block_1_99' title="bbox 2080 3878 3654 3955">
    <p class='ocr_par' dir='ltr' id='par_1_99' title="bbox 2080 3878 3654 3955">
     <span class='ocr_line' id='line_1_100' title="bbox 2080 3878 3654 3955; baseline -0.006 -13"><span class='ocrx_word' id='word_1_727' title='bbox 2080 3889 2269 3953; x_wconf 69' lang='grc' dir='ltr'>ἄλλος</span> <span class='ocrx_word' id='word_1_728' title='bbox 2321 3888 2660 3954; x_wconf 74' lang='grc' dir='ltr'>ἀνθρώπων.</span> <span class='ocrx_word' id='word_1_729' title='bbox 2737 3885 2894 3939; x_wconf 87' lang='grc' dir='ltr'>Ἀλλά</span> <span class='ocrx_word' id='word_1_730' title='bbox 2935 3884 3436 3955; x_wconf 78' lang='grc' dir='ltr'>φιλανθρωπότερον</span> <span class='ocrx_word' id='word_1_731' title='bbox 3501 3878 3654 3952; x_wconf 73' lang='grc' dir='ltr'>οἶμαι</span> 
     </span>
    </p>
   </div>
   <div class='ocr_carea' id='block_1_100' title="bbox 2081 3973 3655 4048">
    <p class='ocr_par' dir='ltr' id='par_1_100' title="bbox 2081 3973 3655 4048">
     <span class='ocr_line' id='line_1_101' title="bbox 2081 3973 3655 4048; baseline -0.004 -17"><span class='ocrx_word' id='word_1_732' title='bbox 2081 3978 2287 4031; x_wconf 78' lang='grc' dir='ltr'>Κέλσου</span> <span class='ocrx_word' id='word_1_733' title='bbox 2322 3976 2642 4048; x_wconf 80' lang='grc' dir='ltr'>Χρύσιππον</span> <span class='ocrx_word' id='word_1_734' title='bbox 2674 3976 2783 4047; x_wconf 81' lang='grc'>(95)</span> <span class='ocrx_word' id='word_1_735' title='bbox 2813 3976 3166 4046; x_wconf 80' lang='grc' dir='ltr'>πεποιηκέναι</span> <span class='ocrx_word' id='word_1_736' title='bbox 3191 3976 3247 4028; x_wconf 83' lang='grc' dir='ltr'><strong>ἐν</strong></span> <span class='ocrx_word' id='word_1_737' title='bbox 3279 3974 3354 4044; x_wconf 80' lang='grc' dir='ltr'>τῷ</span> <span class='ocrx_word' id='word_1_738' title='bbox 3383 3973 3524 4041; x_wconf 83' lang='grc' dir='ltr'>Περὶ</span> <span class='ocrx_word' id='word_1_739' title='bbox 3544 3987 3655 4025; x_wconf 72' lang='grc' dir='ltr'>πα-</span> 
     </span>
    </p>
   </div>
   <div class='ocr_carea' id='block_1_101' title="bbox 2081 4061 3648 4137">
    <p class='ocr_par' dir='ltr' id='par_1_101' title="bbox 2081 4061 3648 4137">
     <span class='ocr_line' id='line_1_102' title="bbox 2081 4061 3648 4137; baseline -0.004 -17"><span class='ocrx_word' id='word_1_740' title='bbox 2081 4066 2199 4120; x_wconf 83' lang='grc' dir='ltr'><strong>θῶν</strong></span> <span class='ocrx_word' id='word_1_741' title='bbox 2226 4066 2641 4135; x_wconf 78' lang='grc' dir='ltr'>θεραπευτικῷ,</span> <span class='ocrx_word' id='word_1_742' title='bbox 2670 4066 2987 4137; x_wconf 84' lang='grc' dir='ltr'>βουλόμενον</span> <span class='ocrx_word' id='word_1_743' title='bbox 3018 4063 3351 4136; x_wconf 78' lang='grc' dir='ltr'>θεραπεῦσαι</span> <span class='ocrx_word' id='word_1_744' title='bbox 3376 4064 3445 4116; x_wconf 86' lang='grc' dir='ltr'><strong>τά</strong></span> <span class='ocrx_word' id='word_1_745' title='bbox 3478 4061 3648 4132; x_wconf 82' lang='grc' dir='ltr'>πάθη,</span> 
     </span>
    </p>
   </div>
   <div class='ocr_carea' id='block_1_102' title="bbox 2081 4154 3650 4227">
    <p class='ocr_par' dir='ltr' id='par_1_102' title="bbox 2081 4154 3650 4227">
     <span class='ocr_line' id='line_1_103' title="bbox 2081 4154 3650 4227; baseline -0.002 -19"><span class='ocrx_word' id='word_1_746' title='bbox 2081 4158 2155 4221; x_wconf 86' lang='grc' dir='ltr'>ὡς</span> <span class='ocrx_word' id='word_1_747' title='bbox 2201 4158 2598 4226; x_wconf 85' lang='grc' dir='ltr'>κατεπείγοντα</span> <span class='ocrx_word' id='word_1_748' title='bbox 2646 4158 2738 4211; x_wconf 73' lang='grc' dir='ltr'>κα).</span> <span class='ocrx_word' id='word_1_749' title='bbox 2780 4156 3099 4227; x_wconf 82' lang='grc' dir='ltr'>ἐνοχλοῦντα</span> <span class='ocrx_word' id='word_1_750' title='bbox 3155 4155 3252 4225; x_wconf 82' lang='grc' dir='ltr'>τὴν</span> <span class='ocrx_word' id='word_1_751' title='bbox 3308 4154 3650 4225; x_wconf 77' lang='grc' dir='ltr'>ἀνθρωπίνην</span> 
     </span>
    </p>
   </div>
   <div class='ocr_carea' id='block_1_103' title="bbox 2080 4244 3651 4320">
    <p class='ocr_par' dir='ltr' id='par_1_103' title="bbox 2080 4244 3651 4320">
     <span class='ocr_line' id='line_1_104' title="bbox 2080 4244 3651 4320; baseline -0.004 -19"><span class='ocrx_word' id='word_1_752' title='bbox 2080 4248 2273 4320; x_wconf 70' lang='grc' dir='ltr'>ψυχὴν,</span> <span class='ocrx_word' id='word_1_753' title='bbox 2310 4250 2729 4320; x_wconf 85' lang='grc' dir='ltr'>προηγουμένως</span> <span class='ocrx_word' id='word_1_754' title='bbox 2759 4250 2854 4319; x_wconf 77' lang='grc' dir='ltr'><strong>μὲν</strong></span> <span class='ocrx_word' id='word_1_755' title='bbox 2872 4251 2983 4310; x_wconf 86' lang='grc' dir='ltr'>τοῖς</span> <span class='ocrx_word' id='word_1_756' title='bbox 3015 4246 3260 4299; x_wconf 86' lang='grc' dir='ltr'>δοκοῦσιν</span> <span class='ocrx_word' id='word_1_757' title='bbox 3293 4246 3441 4315; x_wconf 82' lang='grc' dir='ltr'>αὐτῷ</span> <span class='ocrx_word' id='word_1_758' title='bbox 3476 4244 3651 4312; x_wconf 76' lang='grc' dir='ltr'>ὑγιέσι</span> 
     </span>
    </p>
   </div>
   <div class='ocr_carea' id='block_1_104' title="bbox 2080 4334 3653 4410">
    <p class='ocr_par' dir='ltr' id='par_1_104' title="bbox 2080 4334 3653 4410">
     <span class='ocr_line' id='line_1_105' title="bbox 2080 4334 3653 4410; baseline -0.004 -18"><span class='ocrx_word' id='word_1_759' title='bbox 2080 4340 2278 4409; x_wconf 86' lang='grc' dir='ltr'>λόγοις,</span> <span class='ocrx_word' id='word_1_760' title='bbox 2325 4340 2589 4410; x_wconf 86' lang='grc' dir='ltr'>δευτέρως</span> <span class='ocrx_word' id='word_1_761' title='bbox 2627 4339 2683 4392; x_wconf 85' lang='grc' dir='ltr'><strong>δέ</strong></span> <span class='ocrx_word' id='word_1_762' title='bbox 2730 4339 2823 4393; x_wconf 73' lang='grc' dir='ltr'><strong>καὶ</strong></span> <span class='ocrx_word' id='word_1_763' title='bbox 2869 4338 3065 4409; x_wconf 87' lang='grc' dir='ltr'>τρίτως</span> <span class='ocrx_word' id='word_1_764' title='bbox 3110 4338 3213 4391; x_wconf 82' lang='grc' dir='ltr'>κᾶν</span> <span class='ocrx_word' id='word_1_765' title='bbox 3258 4339 3368 4399; x_wconf 87' lang='grc' dir='ltr'>τοῖς</span> <span class='ocrx_word' id='word_1_766' title='bbox 3418 4336 3490 4405; x_wconf 86' lang='grc' dir='ltr'>μὴ</span> <span class='ocrx_word' id='word_1_767' title='bbox 3526 4334 3653 4404; x_wconf 80' lang='grc' dir='ltr'>ἀρέ-</span> 
     </span>
    </p>
   </div>
   <div class='ocr_carea' id='block_1_105' title="bbox 2084 4419 3652 4500">
    <p class='ocr_par' dir='ltr' id='par_1_105' title="bbox 2084 4419 3652 4500">
     <span class='ocr_line' id='line_1_106' title="bbox 2084 4419 3652 4500; baseline -0.004 -17"><span class='ocrx_word' id='word_1_768' title='bbox 2084 4448 2269 4483; x_wconf 90' lang='grc' dir='ltr'>σκουσι</span> <span class='ocrx_word' id='word_1_769' title='bbox 2309 4430 2416 4483; x_wconf 87' lang='grc' dir='ltr'><strong>τῶν</strong></span> <span class='ocrx_word' id='word_1_770' title='bbox 2454 4430 2763 4500; x_wconf 83' lang='grc' dir='ltr'>δογμάτων’</span> <span class='ocrx_word' id='word_1_771' title='bbox 2813 4428 2939 4483; x_wconf 86' lang='grc' dir='ltr'>Κᾶν</span> <span class='ocrx_word' id='word_1_772' title='bbox 2998 4427 3107 4497; x_wconf 77' lang='grc' dir='ltr'>γὰρ</span> <span class='ocrx_word' id='word_1_773' title='bbox 3149 4428 3313 4495; x_wconf 85' lang='grc' dir='ltr'>τρία,</span> <span class='ocrx_word' id='word_1_774' title='bbox 3365 4426 3528 4495; x_wconf 66' lang='grc' dir='ltr'>φησιν</span> <span class='ocrx_word' id='word_1_775' title='bbox 3553 4465 3567 4486; x_wconf 90' lang='grc'><strong>,</strong></span> <span class='ocrx_word' id='word_1_776' title='bbox 3609 4419 3652 4493; x_wconf 78' lang='grc' dir='ltr'><em>ᾖ</em></span> 
     </span>
    </p>
   </div>
   <div class='ocr_carea' id='block_1_106' title="bbox 2083 4517 3643 4593">
    <p class='ocr_par' dir='ltr' id='par_1_106' title="bbox 2083 4517 3643 4593">
     <span class='ocr_line' id='line_1_107' title="bbox 2083 4517 3643 4593; baseline -0.004 -16"><span class='ocrx_word' id='word_1_777' title='bbox 2083 4525 2222 4593; x_wconf 77' lang='grc' dir='ltr'>γένη</span> <span class='ocrx_word' id='word_1_778' title='bbox 2252 4522 2367 4575; x_wconf 84' lang='grc' dir='ltr'><strong>τῶν</strong></span> <span class='ocrx_word' id='word_1_779' title='bbox 2382 4520 2638 4591; x_wconf 72' lang='grc' dir='ltr'>ἀγαθῶν,</span> <span class='ocrx_word' id='word_1_780' title='bbox 2669 4520 2767 4573; x_wconf 77' lang='grc' dir='ltr'>καὶ</span> <span class='ocrx_word' id='word_1_781' title='bbox 2792 4520 2943 4573; x_wconf 82' lang='grc' dir='ltr'>οὓτω</span> <span class='ocrx_word' id='word_1_782' title='bbox 2960 4517 3350 4586; x_wconf 76' lang='grc' dir='ltr'>θεραπευτέον</span> <span class='ocrx_word' id='word_1_783' title='bbox 3374 4518 3447 4570; x_wconf 80' lang='grc' dir='ltr'>τὰ</span> <span class='ocrx_word' id='word_1_784' title='bbox 3468 4517 3643 4583; x_wconf 82' lang='grc' dir='ltr'>πάθη·</span> 
     </span>
    </p>
   </div>
   <div class='ocr_carea' id='block_1_107' title="bbox 2082 4606 3648 4681">
    <p class='ocr_par' dir='ltr' id='par_1_107' title="bbox 2082 4606 3648 4681">
     <span class='ocr_line' id='line_1_108' title="bbox 2082 4606 3648 4681; baseline -0.006 -14"><span class='ocrx_word' id='word_1_785' title='bbox 2082 4617 2153 4669; x_wconf 88' lang='grc' dir='ltr'>οὐ</span> <span class='ocrx_word' id='word_1_786' title='bbox 2187 4612 2706 4681; x_wconf 77' lang='grc' dir='ltr'>περιεργαζόμενον</span> <span class='ocrx_word' id='word_1_787' title='bbox 2734 4611 2803 4663; x_wconf 75' lang='grc' dir='ltr'>ἐν</span> <span class='ocrx_word' id='word_1_788' title='bbox 2832 4607 2909 4674; x_wconf 87' lang='grc' dir='ltr'>τῷ</span> <span class='ocrx_word' id='word_1_789' title='bbox 2937 4608 3119 4677; x_wconf 83' lang='grc' dir='ltr'>καιρῷ</span> <span class='ocrx_word' id='word_1_790' title='bbox 3157 4608 3268 4674; x_wconf 81' lang='grc' dir='ltr'>τῆς</span> <span class='ocrx_word' id='word_1_791' title='bbox 3304 4606 3648 4675; x_wconf 70' lang='grc' dir='ltr'>φλεγμονῆς</span> 
     </span>
    </p>
   </div>
   <div class='ocr_carea' id='block_1_108' title="bbox 2082 4696 3649 4769">
    <p class='ocr_par' dir='ltr' id='par_1_108' title="bbox 2082 4696 3649 4769">
     <span class='ocr_line' id='line_1_109' title="bbox 2082 4696 3649 4769; baseline -0.004 -12"><span class='ocrx_word' id='word_1_792' title='bbox 2082 4704 2198 4757; x_wconf 78' lang='grc' dir='ltr'><strong>τῶν</strong></span> <span class='ocrx_word' id='word_1_793' title='bbox 2227 4702 2429 4757; x_wconf 82' lang='grc' dir='ltr'>παθῶν</span> <span class='ocrx_word' id='word_1_794' title='bbox 2456 4702 2521 4754; x_wconf 82' lang='grc' dir='ltr'>τὸ</span> <span class='ocrx_word' id='word_1_795' title='bbox 2555 4699 3007 4769; x_wconf 65' lang='grc' dir='ltr'>προκαταλαϐὸν</span> <span class='ocrx_word' id='word_1_796' title='bbox 3044 4700 3231 4768; x_wconf 81' lang='grc' dir='ltr'>δόγμα</span> <span class='ocrx_word' id='word_1_797' title='bbox 3259 4696 3362 4750; x_wconf 75' lang='grc' dir='ltr'><strong>τόν</strong></span> <span class='ocrx_word' id='word_1_798' title='bbox 3392 4697 3510 4750; x_wconf 79' lang='grc' dir='ltr'><strong>ὑπὸ</strong></span> <span class='ocrx_word' id='word_1_799' title='bbox 3542 4697 3649 4750; x_wconf 83' lang='grc' dir='ltr'><strong>τοῦ</strong></span> 
     </span>
    </p>
   </div>
   <div class='ocr_carea' id='block_1_109' title="bbox 2082 4787 3647 4862">
    <p class='ocr_par' dir='ltr' id='par_1_109' title="bbox 2082 4787 3647 4862">
     <span class='ocr_line' id='line_1_110' title="bbox 2082 4787 3647 4862; baseline -0.005 -15"><span class='ocrx_word' id='word_1_800' title='bbox 2082 4795 2307 4860; x_wconf 80' lang='grc' dir='ltr'>πάθους</span> <span class='ocrx_word' id='word_1_801' title='bbox 2349 4794 2823 4862; x_wconf 78' lang='grc' dir='ltr'>ἐνοχλούμενονο</span> <span class='ocrx_word' id='word_1_802' title='bbox 2884 4789 3095 4860; x_wconf 79' lang='grc' dir='ltr'>μήπως</span> <span class='ocrx_word' id='word_1_803' title='bbox 3140 4788 3214 4857; x_wconf 80' lang='grc' dir='ltr'>τῇ</span> <span class='ocrx_word' id='word_1_804' title='bbox 3260 4788 3481 4856; x_wconf 77' lang='grc' dir='ltr'>ἀκαίρῳ</span> <span class='ocrx_word' id='word_1_805' title='bbox 3516 4787 3647 4854; x_wconf 61' lang='grc' dir='ltr'>περὶ</span> 
     </span>
    </p>
   </div>
   <div class='ocr_carea' id='block_1_110' title="bbox 2082 4878 3650 4953">
    <p class='ocr_par' dir='ltr' id='par_1_110' title="bbox 2082 4878 3650 4953">
     <span class='ocr_line' id='line_1_111' title="bbox 2082 4878 3650 4953; baseline -0.006 -15"><span class='ocrx_word' id='word_1_806' title='bbox 2082 4886 2193 4953; x_wconf 76' lang='grc' dir='ltr'>τὴν</span> <span class='ocrx_word' id='word_1_807' title='bbox 2212 4885 2557 4952; x_wconf 74' lang='grc' dir='ltr'>ἀνατροπὴν</span> <span class='ocrx_word' id='word_1_808' title='bbox 2581 4885 2700 4938; x_wconf 89' lang='grc' dir='ltr'><strong>τῶν</strong></span> <span class='ocrx_word' id='word_1_809' title='bbox 2718 4881 3282 4951; x_wconf 75' lang='grc' dir='ltr'>προκαταλαϐόντων</span> <span class='ocrx_word' id='word_1_810' title='bbox 3301 4880 3413 4947; x_wconf 81' lang='grc' dir='ltr'>τὴν</span> <span class='ocrx_word' id='word_1_811' title='bbox 3439 4878 3650 4947; x_wconf 63' lang='grc' dir='ltr'>ψυχὴν</span> 
     </span>
    </p>
   </div>
   <div class='ocr_carea' id='block_1_111' title="bbox 2081 4972 3646 5047">
    <p class='ocr_par' dir='ltr' id='par_1_111' title="bbox 2081 4972 3646 5047">
     <span class='ocr_line' id='line_1_112' title="bbox 2081 4972 3646 5047; baseline -0.004 -17"><span class='ocrx_word' id='word_1_812' title='bbox 2081 4975 2388 5047; x_wconf 80' lang='grc' dir='ltr'>δογμάτων</span> <span class='ocrx_word' id='word_1_813' title='bbox 2419 4974 2620 5047; x_wconf 73' lang='grc' dir='ltr'>σχολῇ</span> <span class='ocrx_word' id='word_1_814' title='bbox 2649 4974 2758 5047; x_wconf 74' lang='grc'>(94)</span> <span class='ocrx_word' id='word_1_815' title='bbox 2782 4976 2819 5043; x_wconf 74' lang='grc' dir='ltr'><strong><em>ἡ</em></strong></span> <span class='ocrx_word' id='word_1_816' title='bbox 2840 4972 3184 5047; x_wconf 74' lang='grc' dir='ltr'>ἐγχωροῦσα</span> <span class='ocrx_word' id='word_1_817' title='bbox 3211 4972 3486 5041; x_wconf 74' lang='grc' dir='ltr'>θεραπεία</span> <span class='ocrx_word' id='word_1_818' title='bbox 3536 4986 3646 5023; x_wconf 80' lang='grc' dir='ltr'>πα-</span> 
     </span>
    </p>
   </div>
   <div class='ocr_carea' id='block_1_112' title="bbox 2081 5272 3644 5347">
    <p class='ocr_par' dir='ltr' id='par_1_112' title="bbox 2081 5272 3644 5347">
     <span class='ocr_line' id='line_1_113' title="bbox 2081 5272 3644 5347; baseline 0 -20"><span class='ocrx_word' id='word_1_819' title='bbox 2081 5273 2366 5347; x_wconf 72' lang='lat' dir='ltr'><strong>Boherello</strong></span> <span class='ocrx_word' id='word_1_820' title='bbox 2398 5275 2681 5347; x_wconf 85' lang='lat' dir='ltr'><strong>legendum</strong></span> <span class='ocrx_word' id='word_1_821' title='bbox 2721 5278 2953 5347; x_wconf 78' lang='lat' dir='ltr'><strong>thetnr,</strong></span> <span class='ocrx_word' id='word_1_822' title='bbox 2983 5276 3260 5347; x_wconf 86' lang='grc' dir='ltr'>προσίεται</span> <span class='ocrx_word' id='word_1_823' title='bbox 3292 5276 3346 5329; x_wconf 79' lang='grc' dir='ltr'>δὲ</span> <span class='ocrx_word' id='word_1_824' title='bbox 3368 5275 3442 5339; x_wconf 83' lang='grc' dir='ltr'>ὡς</span> <span class='ocrx_word' id='word_1_825' title='bbox 3472 5272 3644 5347; x_wconf 79' lang='grc' dir='ltr'>ὀρθῶς</span> 
     </span>
    </p>
   </div>
   <div class='ocr_carea' id='block_1_113' title="bbox 2079 5343 3221 5416">
    <p class='ocr_par' dir='ltr' id='par_1_113' title="bbox 2079 5343 3221 5416">
     <span class='ocr_line' id='line_1_114' title="bbox 2079 5343 3221 5416; baseline 0.003 -21"><span class='ocrx_word' id='word_1_826' title='bbox 2079 5343 2428 5416; x_wconf 77' lang='grc' dir='ltr'>νομιζόμενον</span> <span class='ocrx_word' id='word_1_827' title='bbox 2454 5343 2555 5398; x_wconf 66' lang='grc' dir='ltr'>’καὶ</span> <span class='ocrx_word' id='word_1_828' title='bbox 2587 5346 2645 5397; x_wconf 70' lang='grc' dir='ltr'>τὸ</span> <span class='ocrx_word' id='word_1_829' title='bbox 2676 5348 2804 5416; x_wconf 72' lang='grc' dir='ltr'>περὶ</span> <span class='ocrx_word' id='word_1_830' title='bbox 2836 5346 2932 5415; x_wconf 82' lang='grc' dir='ltr'><strong>μὲν</strong></span> <span class='ocrx_word' id='word_1_831' title='bbox 2956 5343 3083 5408; x_wconf 85' lang='grc' dir='ltr'>τῶν,</span> <span class='ocrx_word' id='word_1_832' title='bbox 3117 5356 3221 5416; x_wconf 85' lang='lat' dir='ltr'><strong>etc.</strong></span> 
     </span>
    </p>
   </div>
   <div class='ocr_carea' id='block_1_114' title="bbox 2147 5414 3277 5481">
    <p class='ocr_par' dir='ltr' id='par_1_114' title="bbox 2147 5414 3277 5481">
     <span class='ocr_line' id='line_1_115' title="bbox 2147 5414 3277 5481; baseline -0.001 -13"><span class='ocrx_word' id='word_1_833' title='bbox 2147 5414 2258 5481; x_wconf 91' lang='grc'>(91)</span> <span class='ocrx_word' id='word_1_834' title='bbox 2287 5414 2440 5467; x_wconf 86' lang='lat' dir='ltr'><strong>Libb.</strong></span> <span class='ocrx_word' id='word_1_835' title='bbox 2475 5416 2602 5469; x_wconf 89' lang='lat' dir='ltr'><strong>editi</strong></span> <span class='ocrx_word' id='word_1_836' title='bbox 2634 5416 2684 5468; x_wconf 90' lang='lat' dir='ltr'><strong>in</strong></span> <span class='ocrx_word' id='word_1_837' title='bbox 2711 5414 2979 5481; x_wconf 58' lang='lat' dir='ltr'><strong>margine,</strong></span> <span class='ocrx_word' id='word_1_838' title='bbox 3023 5415 3277 5477; x_wconf 80' lang='grc' dir='ltr'>αἰωνίως.</span> 
     </span>
    </p>
   </div>
   <div class='ocr_carea' id='block_1_115' title="bbox 2152 5414 3313 5553">
    <p class='ocr_par' dir='ltr' id='par_1_115' title="bbox 2152 5414 3313 5553">
     <span class='ocr_line' id='line_1_116' title="bbox 2152 5414 3277 5481; baseline -0.001 -13"><span class='ocrx_word' id='word_1_839' title='bbox 2152 5415 2227 5481; x_wconf 90' lang='grc'><strong>(91</strong></span> <span class='ocrx_word' id='word_1_840' title='bbox 2287 5414 2440 5467; x_wconf 86' lang='lat' dir='ltr'><strong>Libb.</strong></span> <span class='ocrx_word' id='word_1_841' title='bbox 2475 5416 2602 5469; x_wconf 89' lang='lat' dir='ltr'><strong>editi</strong></span> <span class='ocrx_word' id='word_1_842' title='bbox 2634 5416 2684 5468; x_wconf 90' lang='lat' dir='ltr'><strong>in</strong></span> <span class='ocrx_word' id='word_1_843' title='bbox 2711 5414 2979 5481; x_wconf 58' lang='lat' dir='ltr'><strong>margine,</strong></span> <span class='ocrx_word' id='word_1_844' title='bbox 3023 5415 3277 5477; x_wconf 80' lang='grc' dir='ltr'>αἰωνίως.</span> 
     </span>
     <span class='ocr_line' id='line_1_117' title="bbox 2152 5414 3313 5553; baseline -0.002 -16"><span class='ocrx_word' id='word_1_845' title='bbox 2152 5414 2261 5553; x_wconf 50' lang='lat' dir='ltr'><strong>(sai</strong></span> <span class='ocrx_word' id='word_1_846' title='bbox 2288 5484 2627 5538; x_wconf 66' lang='lat' dir='ltr'><strong>stchelius</strong></span> <span class='ocrx_word' id='word_1_847' title='bbox 2657 5485 2708 5537; x_wconf 91' lang='lat' dir='ltr'><strong>in</strong></span> <span class='ocrx_word' id='word_1_848' title='bbox 2734 5495 2903 5547; x_wconf 84' lang='lat' dir='ltr'><strong>textu,</strong></span> <span class='ocrx_word' id='word_1_849' title='bbox 2929 5484 3313 5537; x_wconf 79' lang='grc' dir='ltr'>ἀποϐάλλοντα.</span> 
     </span>
    </p>
   </div>
   <div class='ocr_carea' id='block_1_116' title="bbox 2153 5552 3643 5622">
    <p class='ocr_par' dir='ltr' id='par_1_116' title="bbox 2153 5552 3643 5622">
     <span class='ocr_line' id='line_1_118' title="bbox 2153 5552 3643 5622; baseline -0.001 -15"><span class='ocrx_word' id='word_1_850' title='bbox 2153 5552 2263 5622; x_wconf 81' lang='grc'>(95)</span> <span class='ocrx_word' id='word_1_851' title='bbox 2289 5554 2662 5621; x_wconf 82' lang='grc' dir='ltr'>Χρύσιππον.</span> <span class='ocrx_word' id='word_1_852' title='bbox 2710 5555 2840 5608; x_wconf 83' lang='lat' dir='ltr'><strong>Vide</strong></span> <span class='ocrx_word' id='word_1_853' title='bbox 2887 5556 3266 5610; x_wconf 87' lang='lat' dir='ltr'><strong>adnotationes</strong></span> <span class='ocrx_word' id='word_1_854' title='bbox 3325 5552 3389 5606; x_wconf 89' lang='lat' dir='ltr'><strong>ad</strong></span> <span class='ocrx_word' id='word_1_855' title='bbox 3441 5553 3535 5605; x_wconf 91' lang='lat' dir='ltr'><strong>lih.</strong></span> <span class='ocrx_word' id='word_1_856' title='bbox 3604 5569 3643 5615; x_wconf 85' lang='lat' dir='ltr'><strong>t,</strong></span> 
     </span>
    </p>
   </div>
   <div class='ocr_carea' id='block_1_117' title="bbox 2080 5625 2346 5677">
    <p class='ocr_par' dir='ltr' id='par_1_117' title="bbox 2080 5625 2346 5677">
     <span class='ocr_line' id='line_1_119' title="bbox 2080 5625 2346 5677; baseline -0.004 0"><span class='ocrx_word' id='word_1_857' title='bbox 2080 5639 2224 5677; x_wconf 89' lang='lat' dir='ltr'><strong>num.</strong></span> <span class='ocrx_word' id='word_1_858' title='bbox 2256 5625 2346 5676; x_wconf 63' lang='grc'><strong>64.</strong></span> 
     </span>
    </p>
   </div>
   <div class='ocr_carea' id='block_1_118' title="bbox 2139 5690 3642 5763">
    <p class='ocr_par' dir='ltr' id='par_1_118' title="bbox 2139 5690 3642 5763">
     <span class='ocr_line' id='line_1_120' title="bbox 2139 5690 3642 5763; baseline -0.001 -18"><span class='ocrx_word' id='word_1_859' title='bbox 2139 5693 2251 5763; x_wconf 70' lang='grc'>(91)</span> <span class='ocrx_word' id='word_1_860' title='bbox 2284 5694 2431 5755; x_wconf 58' lang='lat' dir='ltr'><strong>Mss,</strong></span> <span class='ocrx_word' id='word_1_861' title='bbox 2457 5692 2647 5763; x_wconf 71' lang='grc' dir='ltr'>σχολῇ.</span> <span class='ocrx_word' id='word_1_862' title='bbox 2684 5691 2837 5746; x_wconf 55' lang='grc' dir='ltr'><strong>Ιλίιὼ.</strong></span> <span class='ocrx_word' id='word_1_863' title='bbox 2868 5702 3024 5747; x_wconf 82' lang='lat' dir='ltr'><strong>antea</strong></span> <span class='ocrx_word' id='word_1_864' title='bbox 3055 5690 3204 5757; x_wconf 83' lang='lat' dir='ltr'><strong>editi,</strong></span> <span class='ocrx_word' id='word_1_865' title='bbox 3238 5691 3446 5762; x_wconf 72' lang='grc' dir='ltr'>σχολήν.</span> <span class='ocrx_word' id='word_1_866' title='bbox 3483 5692 3642 5746; x_wconf 83' lang='lat' dir='ltr'><strong>male.</strong></span> 
     </span>
    </p>
   </div>
  </div>
