3972 6160
288 352 311 410 Ξ
323 353 426 410 593

1508 365 1788 422 CONTRA
1825 367 2100 425 CELSUM
2137 371 2266 428 LIB.
2304 371 2436 426 VIII.

3414 382 3438 436 1
3448 381 3550 437 594

283 473 438 542 ραπό
454 486 647 549 ineat.
679 484 817 553 Φησὶ
850 483 906 536 δὲ
933 485 1014 536 ὅτι
1034 501 1048 516 ’
1074 485 1200 539 Κᾶν
1239 487 1428 556 ἡδονὴ
1460 484 1502 559 ᾖ
1544 491 1609 543 τὸ
1633 493 1851 560 ἀγαθὸν

1981 499 2154 552 minus
2182 498 2585 551 subveniendum
2605 505 2680 550 est
2709 506 2756 549 et
2781 496 3156 550 ostendendum
3178 499 3335 551 etiam
3363 500 3427 551 ob
3459 498 3548 563 iis,

285 565 379 617 καὶ
424 572 597 627 τοῦτο
623 573 816 642 φρονῇ
839 578 872 628 o'
899 575 1018 630 ὑπὸ
1050 577 1154 630 τοῦ
1187 577 1417 645 πάθους
1452 571 1872 651 κρατούμενος,

283 655 390 708 οὐδ
405 662 475 716 ὲν
500 659 684 733 ἧττον
714 664 874 730 αὐτῷ
899 666 1258 736 βοηθητέον,
1294 670 1390 723 καὶ
1427 671 1871 742 παραδεικτέον,

282 746 370 798 ὅτι
411 755 507 808 καὶ
534 754 658 821 τοῖς
686 754 920 823 ἡδονὴν
943 757 1199 827 τάγαθὸν
1224 759 1322 812 καὶ
1352 759 1526 827 τέλος
1551 763 1873 832 τιθεμένοις

280 836 853 914 ἀνομολογούμενόν
877 846 1006 900 ἐστι
1032 846 1155 902 πᾶν
1195 849 1402 916 πάθος.
1459 853 1656 925 Ἐχρῆν
1695 854 1872 908 τοίνυν

283 925 376 1017 καὶ
412 935 505 986 τὸν
528 935 751 1001 Κέλσον,
771 935 920 1001 ἅπαξ
936 939 1381 1011 παραδεξάμενον
1393 942 1462 996 τά
1477 945 1740 1016 περὶτῶν
1757 946 1868 1017 (95)

280 1008 349 1066 εὖ
377 1023 733 1088 βιωσάντων
757 1008 1030 1097 δόγματα,
1053 1030 1134 1095 ὡς
1158 1008 1740 1101 εὖδαιμονησόντων,
1763 1008 1870 1090 καί

287 1113 420 1181 περὶ
447 1113 566 1168 τῶν
585 1115 827 1181 ἀδίκων,
849 1119 930 1184 ὡς
958 1118 1210 1188 πάμπαν
1242 1124 1501 1190 αἰωνίοις
1524 1127 1731 1192 κακοῖς
1756 1143 1866 1181 συ-

285 1207 772 1276 σχεθησομένων,
817 1209 1124 1274 ἀκολούθως
1174 1213 1352 1286 ἑαυτῷ
1388 1219 1601 1282 ποιεῖν,
1647 1218 1774 1284 καὶ,
1815 1220 1866 1272 εί

284 1289 394 1348 οἷόν
420 1297 471 1348 τ’
490 1292 579 1368 ἦν,
606 1298 744 1368 μετὰ
771 1299 863 1352 τὸν
899 1302 1222 1373 φαινόμενον
1248 1305 1358 1376 (96)
1389 1306 1539 1378 αὐτῷ
1589 1309 1863 1380 προηγού-

1981 587 2069 656 qui
2102 604 2366 640 summum
2400 589 2587 641 bonum
2634 598 2680 641 et
2721 587 2879 655 ﬁnem
2917 587 2972 641 in
3018 587 3280 656 voluptate
3322 601 3544 656 ponunt,

1979 677 2198 743 a/fectus
2237 694 2412 731 omnes
2470 679 2779 744 improbari.
2841 675 3079 733 Necesse
3123 678 3287 748 igitur
3325 687 3445 735 erat
3486 688 3547 734 ut

1977 766 2189 834 Celsus,
2213 781 2495 839 postquam
2521 769 2690 825 semel
2710 769 3102 839 approbaverat
3126 770 3238 824 haec
3266 769 3542 838 dogmata,

1967 857 2148 928 justas
2189 859 2441 927 felicitate
2491 860 2766 915 donandos
2812 877 2924 916 esse
2969 869 3019 914 et
3063 860 3288 930 injustas
3332 861 3544 914 (uternis

1973 949 2135 1015 poenis
2159 950 2452 1002 cruciatum
2477 950 2570 1014 iri,
2601 959 2848 1020 pergeret
2876 965 3038 1020 porro
3065 959 3122 1004 ut
3147 950 3463 1018 incoeperat,
3487 961 3544 1006 et

1971 1049 2090 1108 post
2125 1039 2346 1094 allatum
2378 1044 2523 1109 quod
2557 1042 2658 1097 sibi
2685 1041 3022 1112 praecipuum
3064 1041 3350 1096 videbatur
3382 1058 3540 1113 argu-

1972 1137 2234 1193 mentum,
2278 1131 2534 1198 probaret
2583 1131 2849 1200 siquidem
2900 1143 3123 1200 posset,
3182 1132 3540 1202 pluribusque

1971 1219 2325 1275 conﬁrmaret
2353 1223 2568 1293 iniquos
2604 1239 2732 1278 vere
2765 1225 2988 1280 internis
3018 1226 3194 1292 poenis
3233 1225 3533 1280 cruciatum

1972 1307 2056 1371 iri,
2089 1317 2145 1364 et
2170 1309 2429 1366 felicitate
2470 1313 2752 1370 donaudos
2780 1328 2904 1370 esse
2956 1316 3048 1384 qui
3087 1325 3236 1369 recte
3273 1315 3530 1369 vixerint.

287 1405 446 1457 μενον
471 1390 628 1458 λόγον
671 1393 1179 1451 ὲπικατασκευάσαι
1211 1399 1305 1454 καὶ
1343 1400 1431 1454 διά
1482 1401 1744 1458 πλειόνων
1795 1402 2096 1470 ἀποδεῖξαι,
2133 1404 2218 1457 ὅτι
2271 1405 2487 1476 ἀληθῶς
2519 1409 2568 1460 οἱ
2609 1407 2782 1463 ἄδικοι
2817 1408 3046 1479 πάμπαν
3082 1407 3317 1471 αἰωνίοις
3352 1410 3538 1470 κακοῖς

285 1480 724 1552 συσχεθήσονται,
759 1486 853 1538 καὶ
883 1489 931 1540 oi
973 1484 1030 1542 εὖ
1059 1489 1354 1559 βιώσαντες
1386 1495 1853 1567 εὐδαιμονήσουσι.

351 1571 460 1622 Καὶ
485 1570 592 1644 γὰρ
618 1574 777 1644 ἡμεῖς
798 1581 1220 1651 προηγουμένως
1242 1583 1362 1654 μὲν,
1391 1584 1480 1639 διὰ
1497 1585 1564 1639 τά
1596 1587 1859 1642 πείσαντα

281 1660 427 1729 ήμᾶς
459 1661 629 1716 πολλά
676 1666 770 1719 καὶ
823 1669 990 1740 μυρία
1031 1671 1172 1726 κατά
1219 1675 1640 1748 Χριστιανισμὸν
1687 1677 1857 1748 βιοῦν,

283 1749 488 1814 πάντας
506 1752 842 1825 ἀνθρώπους,
885 1759 983 1829 ὅση
1011 1761 1260 1832 δύναμις,
1291 1764 1431 1829 ὅλοις
1460 1770 1570 1831 τοῖς
1601 1769 1861 1839 Χριστια-

281 1841 385 1895 νῶν
409 1841 590 1912 λόγοις
621 1847 855 1901 οίκειοῦν
883 1849 1214 1922 βουλόμεθαο
1246 1855 1378 1909 ὅπου
1397 1857 1452 1909 δὲ
1480 1860 1861 1932 προκαταλαμ-

279 1932 609 2004 6ανομένους
641 1939 970 2011 εὑρίσκομεν
988 1946 1056 2014 τῇ
1082 1945 1218 2016 πρὸς
1233 1947 1592 2017 Χριστιανοὺς
1612 1951 1855 2024 διαϐολῇ,

278 2023 353 2084 ὡς
389 2025 523 2095 μηδὲ
551 2027 660 2098 (97)
703 2032 961 2102 παρέχειν
996 2033 1064 2088 τά
1108 2029 1226 2090 ὦτα
1249 2076 1264 2101 ,
1301 2040 1570 2110 φαντασίᾳ
1593 2040 1686 2093 τοῦ
1725 2023 1857 2114 μηδὲ

277 2113 518 2178 εὐσεϐεῖς
549 2115 686 2172 εἶναι
729 2122 1107 2191 Χριστιανοὺς,
1142 2131 1254 2191 τοῖς
1283 2128 1351 2182 τά
1377 2131 1471 2184 τοῦ
1503 2131 1646 2186 θείου
1682 2135 1854 2204 Λόγου

275 2205 544 2262 διδάσκειν
573 2212 1063 2285 ἐπαγγελλομένοις
1081 2219 1230 2282 τινάς
1245 2236 1258 2250 ο
1289 2222 1406 2274 ἐκεῖ
1427 2223 1566 2277 κατά
1593 2224 1654 2278 τὸ
1676 2226 1858 2295 φιλάν-

276 2296 494 2366 θρωπον
517 2340 530 2364 ,
557 2301 655 2372 ὅση
708 2303 930 2376 δύναμις
953 2345 967 2369 ,
1005 2309 1271 2380 ίστάμεθα
1316 2313 1404 2366 ἴνα
1425 2354 1440 2378 ,
1482 2314 1584 2369 κᾶν
1626 2316 1693 2370 τὰ
1727 2319 1854 2388 περὶ

272 2385 486 2440 αἰωνίου
509 2389 783 2455 κολάσεως
814 2394 908 2446 ἐπὶ
937 2396 1062 2459 τοὺς
1089 2398 1420 2464 ἀσεϐοῦντας
1467 2401 1712 2474 δόγματα
1753 2423 1853 2458 κα-

273 2478 729 2546 τασκευάσαντες,
759 2485 1163 2555 παραδέξασθαι
1207 2491 1524 2563 ποιήσωμεν
1564 2495 1655 2548 τὸν
1697 2495 1854 2565 λόγον

274 2566 368 2617 καὶ
395 2568 520 2659 τοὺς
543 2571 616 2640 μὴ
643 2571 894 2636 θέλοντας
921 2577 1337 2646 Χριστιανίζειν.
1366 2581 1522 2635 Οὕτω
1538 2583 1594 2636 δὲ
1611 2586 1705 2638 καὶ
1726 2588 1853 2659 περ)¹

273 2654 381 2708 τῶν
400 2651 458 2710 εὖ
494 2658 804 2726 βιωσάντων
833 2667 1039 2735 πεῖσμα
1063 2668 1307 2737 ἐμποιεῖν
1333 2670 1577 2743 θέλομεν,
1596 2651 1848 2748 ὁρῶντες,

270 2745 352 2798 ὄτι
380 2748 549 2802 πολλά
577 2751 687 2805 τῶν
708 2754 848 2806 κατά
876 2755 965 2808 τὸν
996 2759 1122 2827 ὑγιῆ
1151 2759 1263 2829 βίον
1292 2764 1384 2816 καὶ
1411 2765 1461 2816 oi
1491 2765 1591 2835 τῆς
1620 2745 1852 2834 πίστεως

271 2839 536 2913 ἀλλότριοι
562 2845 761 2914 ὁμοίως
788 2849 916 2918 ἡμῖν
951 2848 1215 2918 λέγουσιν.
1244 2854 1378 2907 Οὐδὲ
1411 2856 1521 2927 γὰρ
1549 2857 1648 2922 τὰς
1668 2861 1850 2925 κοινὰς

270 2933 478 2996 ἑννοίας
525 2937 651 3006 περὶ
688 2937 869 2991 καλῶν
907 2940 1002 2993 καὶ
1046 2941 1302 3011 δικαίων,
1354 2947 1450 3000 καὶ
1485 2949 1725 3021 αίσχρῶν
1758 2953 1850 3005 καὶ

269 3023 486 3090 ἀδίκων,
520 3025 670 3100 εὕροι
697 3045 781 3092 τις
809 3029 874 3083 ἂν
918 3034 1136 3098 πάντως
1173 3037 1602 3105 ἀπολωλεκότας.
1642 3045 1849 3108 Πάντες

2037 1586 2126 1641 52.
2155 1585 2442 1642 Enimvero
2477 1603 2596 1647 nos.
2627 1604 2761 1656 quos
2807 1589 2974 1643 multa
3007 1599 3062 1644 et
3113 1589 3396 1644 innumera
3445 1605 3532 1643 ar-

1966 1683 2219 1744 gumenta
2269 1676 2434 1728 vitam
2478 1691 2543 1729 ex
2587 1677 3013 1732 Christianismo
3042 1678 3264 1745 exigere
3303 1692 3531 1746 persua-

1966 1774 2178 1828 serunt,
2210 1773 2340 1818 ante
2379 1765 2558 1818 omnia
2609 1766 2828 1834 quidem
2874 1783 2972 1837 pro
3019 1767 3226 1822 viribus
3270 1783 3532 1822 conamur

1963 1870 2154 1911 onmes
2188 1857 2442 1911 homines
2497 1858 2567 1911 ad
2621 1859 2884 1914 universa
2941 1861 3380 1915 Christianorum
3438 1862 3534 1916 do-
3579 1931 3581 1934 ι

1960 1956 2144 2018 εωοιε
2198 1946 2474 2001 credenda
2511 1948 2784 2016 excitare;
2824 1950 2918 2004 sed
2971 1965 3094 2005 cum
3148 1950 3530 2006 incidimusin

1959 2038 2246 2107 quosdam,
2304 2051 2446 2105 quos
2503 2053 2706 2106 sparsa:
2762 2049 2954 2094 contra
2989 2041 3152 2111 780
3194 2041 3532 2097 Christianos

1959 2129 2244 2182 calumniae
2283 2130 2355 2182 ita
2381 2141 2736 2198 occuparunt,
2765 2140 2846 2197 ut,
2873 2132 2999 2201 quia
3038 2134 3377 2188 induxerunt
3408 2135 3532 2189 ani-

1957 2234 2103 2273 mum
2128 2228 2376 2289 expertes
2405 2221 2622 2284 pietatis
2655 2236 2778 2276 esse
2804 2221 3169 2286 Christianos,
3201 2239 3267 2278 ne
3292 2241 3530 2281 commo-

1957 2310 2086 2365 dent
2115 2312 2329 2380 quidem
2359 2326 2521 2366 aures
2559 2313 2627 2366 iis
2676 2314 2768 2382 qui
2822 2314 2980 2369 Verbi
3036 2316 3210 2372 divini
3266 2319 3528 2389 mysteria

1956 2400 2152 2456 docere
2187 2403 2542 2472 pollicentur;
2578 2414 2713 2472 tum,
2749 2408 2894 2476 quod
2922 2410 3233 2465 communis
3267 2412 3526 2468 humani-

1958 2499 2042 2546 tas
2070 2495 2332 2561 postulat,
2351 2496 2547 2550 damus
2575 2511 2674 2565 pro
2697 2497 2904 2553 viribus
2924 2513 3166 2567 operam,
3194 2510 3251 2554 ut
3281 2501 3524 2558 doctrina

1955 2583 2022 2636 de
2050 2586 2227 2653 penis
2259 2588 2482 2641 aeternis
2509 2589 2707 2658 impios
2749 2592 3198 2660 exspectantibus
3232 2594 3526 2650 conﬁrme-

1957 2682 2063 2738 tur,
2098 2684 2152 2728 et
2179 2677 2263 2730 vel
2293 2677 2361 2731 ab
2412 2679 2479 2733 iis
2534 2681 2871 2750 suscipiatur
2919 2682 3012 2749 qui
3056 2683 3358 2738 Christiani
3405 2685 3524 2740 ﬁeri

1954 2764 2165 2819 nolunt.
2197 2766 2289 2822 Sic
2315 2770 2481 2824 etiam
2519 2785 2615 2825 eos
2640 2771 2730 2840 qui
2783 2772 2922 2827 bene
2957 2774 3208 2830 vixerunt
3262 2776 3524 2834 felicitate

1951 2852 2208 2909 donatum
2259 2856 2696 2926 iri'persuadere
2739 2876 3027 2931 conamur,
3073 2866 3318 2921 videntes
3351 2867 3522 2922 multa

1953 2946 2020 2997 ad
2079 2945 2248 3000 vitam
2303 2959 2450 3004 recte
2517 2952 2922 3022 transigendam
2977 2957 3309 3024 pertinentia
3375 2958 3522 3013 dicta

1951 3035 2119 3092 fuisse
2147 3038 2215 3093 ah
2245 3039 2477 3096 inimicis
2507 3043 2650 3108 ﬁdei,
2683 3059 2803 3113 quae
2844 3049 3044 3104 nostris
3069 3051 3292 3106 omnino
3321 3051 3523 3107 similia

269 3108 360 3167 οὖν
388 3115 658 3186 ἄνθρωποι
678 3159 692 3182 ,
734 3120 968 3192 ὁρῶντες
1000 3123 1090 3177 τὸν
1115 3126 1317 3196 κόσμον
1349 3131 1441 3182 καὶ
1475 3130 1571 3202 τὴν
1614 3133 1672 3186 ἐν
1699 3133 1847 3204 αὐτῷ

1957 3137 2098 3181 sunt.
2125 3127 2306 3198 Neque
2329 3131 2472 3184 enim
2503 3132 2754 3188 homines
2782 3138 3042 3203 reperias,
3074 3139 3126 3191 in
3157 3140 3355 3206 quibus
3377 3155 3523 3195 con.-

268 3206 606 3277 τεταγμένην
634 3209 862 3280 οὐρανοῦ
897 3213 1007 3285 (98)
1041 3216 1136 3269 καὶ
1171 3217 1280 3271 τῶν
1308 3220 1364 3272 ὲν
1391 3223 1456 3290 τῇ
1502 3221 1734 3276 ἀπλανεῖ
1761 3224 1848 3276 κί-

269 3308 457 3360 νησιν,
498 3293 605 3346 τῶν
651 3313 712 3350 τε
751 3301 1062 3370 φερομένων
1098 3305 1356 3369 ἐναντίως
1397 3310 1464 3378 τῇ
1504 3308 1597 3362 τοῦ
1641 3309 1848 3380 κόσμου

270 3383 480 3452 κινήσει
509 3384 814 3456 λεγομένων
837 3389 1126 3462 πλανητῶν
1165 3393 1348 3460 τάξιν,
1376 3396 1612 3467 ὁρῶντες
1655 3398 1710 3450 δὲ
1756 3401 1850 3451 καὶ

269 3473 366 3545 τὴν
393 3475 501 3530 τῶν
524 3478 702 3550 ἀέρων
739 3481 850 3553 (99)
882 3485 977 3536 καὶ
1009 3484 1145 3556 πρὸς
1165 3486 1225 3538 τὸ
1250 3489 1519 3558 χρήσιμον
1551 3487 1728 3555 ζώοις,
1754 3493 1849 3545 κα)⁸

272 3563 504 3633 μάλιστα
539 3567 847 3640 ἀνθρώποις
871 3611 888 3635 ,
924 3575 1148 3645 κρᾶσιν,
1178 3576 1272 3629 καὶ
1304 3577 1401 3648 τὴν
1440 3578 1698 3646 ἀφθονίαν
1742 3581 1848 3635 τῶν

267 3655 333 3708 δι’
381 3657 702 3728 ἀνθρώπους
770 3661 1356 3738 δεδημιουργημένων,
1414 3668 1846 3725 εὐλαϐείσθωσαν

266 3745 588 3820 δυσάρεστόν
625 3770 676 3806 τι
711 3756 930 3824 ποιῆσαι
958 3756 1035 3826 τῷ
1063 3758 1390 3830 Δημιουργῷ
1416 3758 1510 3812 τοῦ
1534 3761 1731 3824 παντὸς
1753 3763 1846 3815 καὶ

264 3837 372 3890 τῶν
393 3839 579 3908 ψυχῶν
603 3842 801 3907 αὐτῶν,
835 3849 930 3900 καὶ
958 3847 1053 3900 τοῦ
1083 3850 1142 3901 ἐν
1169 3849 1360 3914 αὐταῖς
1388 3851 1480 3904 νοῦ
1507 3852 1684 3906 αὐτῶν
1709 3871 1719 3883 ·
1751 3855 1847 3907 καὶ

269 3931 652 3986 πεπείσθωσαν
675 3935 1106 4008 κολασθήσεσθαι
1140 3941 1240 4011 μὲν
1274 3942 1366 3994 ἐπὶ
1399 3946 1511 4008 τοῖς
1534 3946 1846 4015 ἁμαρτανο-

271 4018 468 4087 μένοις,
495 4021 826 4093 ἀχθήσεσθαι
875 4027 932 4079 δὲ
961 4029 1222 4098 ἀνάλογον
1269 4034 1380 4095 τοῖς
1426 4034 1846 4105 κατορθωθεῖσιν

266 4107 299 4178 ἢ
333 4112 445 4173 τοῖς
487 4112 834 4182 καθηκόντως
870 4118 1178 4174 ἀποδοθεῖσι
1240 4121 1418 4188 λόγοις
1448 4125 1552 4178 ὑπὸ
1588 4125 1683 4178 τοῦ
1725 4129 1844 4180 κατ’

267 4199 422 4265 ἀξίαν
467 4202 697 4258 ἕκαστον
734 4207 1141 4279 οἱκονομοῢντος
1176 4212 1252 4283 (1)
1278 4230 1291 4243 ·
1339 4215 1434 4267 καὶ
1465 4216 1845 4274 πεπείσθωσαν

267 4293 466 4357 πάντες
500 4294 795 4366 ἅνθρωποι,
832 4295 891 4352 εὖ
931 4300 1030 4370 μὲν
1061 4303 1110 4352 οἱ
1142 4303 1296 4356 καλοὶ
1316 4305 1410 4357 ἐπὶ
1436 4309 1549 4369 τοῖς
1581 4305 1845 4376 βελτίοσιν

266 4386 696 4453 ἀπαλλάξοντες,
735 4391 896 4443 κακοὶ
930 4391 986 4444 δὲ
1031 4393 1216 4458 κακῶς
1253 4394 1436 4459 πόνοις
1476 4397 1567 4449 καὶ
1593 4396 1843 4466 βασάνοις

1951 3233 2143 3272 munes
2181 3219 2246 3272 de
2283 3219 2512 3275 honesto
2533 3222 2810 3293 justoque,
2839 3228 2903 3281 de
2933 3228 3070 3296 turpi
3099 3239 3153 3281 et
3186 3228 3385 3297 injuste
3421 3245 3525 3283 no-

1952 3307 2128 3363 tiones
2163 3323 2387 3378 prorsus
2420 3311 2614 3366 deletze
2655 3311 2879 3370 fuerint.
2912 3304 3116 3371 Omnes
3150 3315 3317 3388 igitur
3347 3319 3523 3372 homi-

1950 3413 2070 3465 nes,
2112 3400 2204 3468 qui
2238 3401 2499 3455 mundum
2542 3405 2731 3459 vident
2765 3415 3192 3479 consta‘ntesque
3226 3407 3276 3461 in
3304 3423 3371 3462 eo
3410 3423 3523 3465 cce-

1952 3484 2124 3539 lorum
2178 3488 2649 3560 inerrantiumque
2697 3494 2976 3550 stellarum
3019 3498 3432 3564 conversiones,
3466 3510 3522 3554 et

1951 3577 2198 3643 planetas
2232 3584 2599 3651 mundumque
2629 3589 2838 3642 moveri
2874 3589 2927 3641 in
2961 3589 3270 3644 contrarias
3296 3599 3517 3659 partes;

1948 3669 2040 3736 qui
2075 3669 2257 3724 vident
2292 3675 2437 3728 aeris
2470 3678 2788 3744 temperiem
2827 3695 2950 3732 cum
2993 3681 3376 3746 animantium,
3407 3692 3518 3738 tum

1949 3761 2182 3815 maxime
2207 3763 2488 3818 hominum
2517 3770 2994 3825 commoditatibus
3023 3775 3515 3839 accommodatam,

1947 3859 2001 3904 et
2036 3849 2362 3909 aﬂluentiam
2400 3871 2580 3912 rermn
2623 3875 2741 3928 qua:
2768 3860 3048 3917 hominum
3081 3878 3248 3918 causa
3285 3867 3518 3921 conditae

1946 3952 2074 3997 sunt
2096 3985 2112 4008 ,
2143 3957 2375 4002 caveant
2401 3951 2676 4020 quidpiam
2713 3955 2894 4010 facere
2922 3958 3065 4025 quod
3105 3945 3264 4027 hujus
3299 3960 3518 4014 univer-

1945 4033 2142 4100 sitatis,
2180 4037 2486 4093 auimarum
2541 4043 2800 4110 ipsarum,
2845 4053 2895 4098 et
2924 4048 3121 4102 mentis
3162 4064 3284 4116 qua:
3322 4050 3372 4101 in
3408 4049 3517 4104 illis

1944 4131 2050 4192 est,
2089 4125 2367 4183 Couditori
2416 4132 2745 4200 displiceat:
2783 4138 2888 4192 illis
2935 4139 3412 4206 persuasissimum
3444 4141 3516 4194 sit

1946 4229 2006 4268 se
2034 4216 2100 4270 de
2121 4221 2359 4286 peccatis
2389 4219 2621 4279 luiturus
2661 4241 2871 4292 litanias,
2907 4230 3054 4283 etab
3083 4243 3167 4293 eo,
3199 4229 3289 4297 qui
3332 4229 3514 4298 singu-

1947 4306 2024 4360 los
2055 4323 2152 4376 pro
2200 4311 2412 4365 meritis
2455 4313 2639 4378 habet,
2675 4333 2795 4370 cum
2853 4319 2981 4386 ipsis
3021 4330 3200 4373 actum
3233 4320 3320 4384 iri,
3355 4329 3514 4388 prout

1945 4397 2082 4452 bene
2103 4415 2161 4454 se
2180 4403 2716 4468 gesseriutetoﬂiciis
2738 4410 2761 4460 ί
2761 4411 2904 4465 uncti
2928 4411 3166 4477 fuerint;
3191 4427 3510 4481 persuasum

266 4478 766 4550 παραδοθησόμενοι
799 4483 891 4534 ἐπὶ
918 4485 1030 4546 τοῖς
1057 4484 1353 4556 ἀδικήμασι
1391 4488 1484 4544 καὶ
1513 4493 1633 4553 ταῖς
1677 4491 1836 4544 ἀσελ-

1957 4489 2200 4557 habeant,
2233 4493 2474 4561 inquam,
2503 4511 2595 4551 eos
2621 4499 2712 4567 qui
2747 4499 2885 4554 bene
2911 4503 3104 4556 morati
3147 4478 3400 4564 vixerint,
3442 4504 3510 4557 ad

265 4570 438 4636 γείαις
472 4573 562 4624 καὶ
603 4571 916 4637 ἀκολασίαις
942 4613 956 4638 ,
1000 4575 1080 4628 ἔτι
1124 4576 1180 4629 δὲ
1217 4578 1311 4631 ἐπὶ
1349 4582 1413 4650 τῇ
1463 4581 1719 4655 ἀνανδρίᾳ
1747 4585 1840 4641 καὶ

266 4659 436 4732 δειλίᾳ
468 4661 564 4734 (2),
596 4663 688 4717 καὶ
710 4663 802 4717 ἐπὶ
829 4665 975 4739 πάσῃ
1011 4670 1076 4739 τῇ
1098 4668 1397 4743 ἀφροσύνῃ.

345 4961 642 5047 (95)_Libh.
678 4972 1010 5047 anteaediti,
1049 4975 1453 5047 παραδέξασθαι
1498 4976 1724 5047 λέγοντα
1770 4979 1838 5032 τά

270 5033 398 5102 περὶ
423 5032 552 5096 τῶν,
591 5046 724 5098 etc.,
753 5040 844 5094 sed
871 5032 1008 5096 mss:
1031 5055 1088 5096 ut
1126 5032 1178 5098 in
1217 5032 1402 5101 nostro
1434 5032 1603 5102 texui.

343 5101 451 5172 (96)
492 5103 846 5177 Ἀκολούθως
877 5109 1068 5177 ἐαυτῷ
1097 5115 1324 5177 ποιεῖν,
1369 5101 1471 5170 καί
1516 5121 1568 5172 εί
1593 5101 1740 5173 οἷόν
1785 5119 1835 5172 τ’

266 5168 651 5251 maerentes»
677 5168 1060 5251 φαινόμενον.
1099 5184 1241 5249 Ηωο,
1269 5168 1397 5238 licet
1415 5168 1760 5251 ittec'ess'ari’a,
1780 5168 1833 5243 i‘n

266 5244 624 5366 ante-abeditis
659 5244 866 5302 omissa
911 5261 1057 5315 sunt,
1103 5255 1195 5307 sed
1227 5244 1578 5324 'supplentur
1626 5273 1658 5312 e
1702 5244 1833 5313 mss.

266 5326 410 5366 umm
455 5328 533 5366 us.

265 5326 533 5367 UIIIIIIDUS.

337 5379 451 5452 (97)
494 5383 585 5447 Ὡς
610 5384 786 5451 μηδέ,
839 5397 946 5442 etc.
975 5388 1155 5444 Mallet
1204 5393 1428 5446 Guietus
1462 5392 1604 5449 hunc
1641 5397 1836 5449 verbo-

266 5464 388 5530 [uin
419 5453 660 5530 ordinem
683 5473 706 5530 Ξ
831 5457 964 5527 μηδὲ
999 5461 1256 5530 παρέχειν
1277 5462 1342 5515 τὰ
1362 5454 1474 5513 ὦτα
1505 5465 1615 5527 τοῖς
1647 5465 1714 5518 τά
1739 5467 1832 5519 τοῦ

268 5519 415 5599 θείου
463 5520 636 5606 ιξόγου
679 5519 950 5606 διδάσκειν
1000 5519 1522 5606 ἐπαγγελλομένοις,
1565 5519 1834 5606 φαντασίᾳ

266 5587 821 5713 τοῢάμηδὲεύσεόεῖς
880 5593 1017 5652 εἶναι
1065 5587 1424 5670 Χρίστιανούς
1468 5587 1664 5668 ⁷τίνάς,
1720 5587 1835 5659 ὲκεῖῖ

269 5675 370 5713 κατ
411 5699 426 5714 .
454 5672 560 5714 etc-

269 5675 426 5723 κατα,
454 5675 560 5720 CIC.

346 5729 454 5802 (98)
487 5735 772 5804 ϐψω-οῦ.
830 5736 1165 5796 Ilmschclius
1212 5741 1262 5796 in
1310 5750 1460 5797 textu
1501 5742 1698 5808 habet,
1744 5745 1831 5797 οὐ-

1943 4581 2217 4636 meliorem
2247 4594 2447 4638 sortem
2477 4588 2802 4644 transituros
2827 4607 2842 4658 ;
2869 4593 3039 4647 malos
3069 4601 3250 4648 autem
3283 4608 3393 4647 sute
3430 4594 3510 4646 in-

1943 4674 2336 4740 temperantiae,
2380 4676 2810 4746 incontinentite,
2862 4683 3108 4752 ignaviae,
3142 4684 3506 4748 pusillanimi-

1943 4761 2088 4828 talis,
2113 4764 2460 4836 insipientiae,
2487 4785 2676 4840 punias
2702 4775 3068 4844 persoluturos
3087 4791 3228 4832 esse.

2008 5001 2100 5036 νω.

2168 5055 2732 5136 ᾉέρῳνκΒοιιθνεηηε
2771 5071 2942 5116 mutat
2973 5061 3025 5117 in
3063 5063 3244 5136 ὡρῶν,
3275 5080 3506 5134 sequens

1939 5136 2072 5195 vero
2100 5124 2190 5195 καί
2222 5126 2508 5181 delendum
2535 5139 2706 5195 putat.

2007 5191 2083 5263 (l)
2119 5194 2245 5263 Post
2268 5191 2676 5263 οίκονομοῦντος
2727 5200 2940 5253 additur
2979 5201 3030 5253 iu
3063 5214 3223 5255 antea
3258 5203 3417 5254 editis
3445 5203 3504 5254 li-

1938 5261 2086 5340 bris,
2126 5262 2314 5340 ἕπειτα
2343 5261 2605 5340 ἀνάλογον
2652 5261 2764 5332 τοῖς
2799 5269 3217 5340 κατορθωθεῖσιν
3249 5272 3280 5339 ἢ
3331 5271 3503 5337 καθη-

1936 5331 2136 5412 κόντως
2169 5334 2506 5416 ἀποδοθεῖσιν
2539 5331 2758 5416 ἕργοιςί
2783 5340 2874 5416 sed
2911 5331 3024 5416 haec
3071 5331 3334 5407 superﬂua
3383 5331 3501 5416 esse
3530 5376 3541 5406 _-

1935 5402 2053 5475 quis
2088 5419 2191 5456 non
2233 5406 2376 5475 videt
2431 5419 2482 5460 et
2521 5402 2952 5473 e'superioribus
3000 5402 3182 5475 inepte
3234 5407 3502 5474 repetita?

1935 5471 2009 5525 Ea
2037 5472 2217 5554 itaque
2251 5474 2474 5556 Guietus
2510 5487 2564 5529 et
2596 5471 2908 5530 Bultcrellus
2939 5471 3130 5556 merito
3161 5471 3496 5556 expungnnt,

1935 5551 1992 5613 ut
2056 5543 2259 5595 variam
2318 5544 2602 5599 lectionem
2655 5561 2774 5613 quae
2818 5560 2848 5598 e
2892 5546 3134 5612 margine
3191 5543 3246 5598 in
3293 5554 3495 5599 textum

1933 5613 2228 5666 irreuserit.

2003 5626 2228 5679 epsertt.

2003 5681 2081 5752 (2)
2111 5681 2262 5751 Mss,
2288 5681 2478 5752 δειλίᾳ.
2511 5681 2664 5738 Libb.
2705 5683 2859 5751 editi,
2889 5682 3094 5754 δηλείᾳ,
3125 5683 3280 5738 male.
